2044 3212
306 219 376 246 ΙΞΠ

661 219 793 248 EUSEBII
808 218 1046 248 CrESARlENSIS
1067 217 1086 245 0

1135 237 1142 245 .
1163 217 1254 246 PARS
1273 216 1315 244 111.
1341 232 1371 237 -
1402 217 1606 246 EXEGETICA.

1859 219 1927 248 ms

305 281 433 316 quatiatur
447 280 547 316 iniqua,
561 289 611 308 non
625 282 753 317 dirigebat
767 283 793 309 in
802 287 940 317 conspectu
954 282 1086 309 oculorum

1143 288 1200 315 μως
1216 280 1313 312 είπεῖν,
1332 280 1422 306 πᾶσαν
1441 279 1548 306 ἀδικίαν
1564 279 1784 314 ἀπεστρεφόμην,
1798 279 1859 306 οὐδὲ
1878 281 1929 316 τὴν

306 334 431 353 meorum.
449 326 484 354 Ut
493 327 654 362 compendio
669 327 758 355 dicam
770 347 778 360 ,
800 336 909 356 omnem
929 328 1090 362 injustitiam

305 372 462 403 aversabar,
472 379 560 406 neque
569 373 609 400 vel
622 373 766 401 verborum
780 378 860 401 tenus
872 381 932 401 eam
949 373 1066 402 ferebam
1083 383 1089 401 :

305 424 368 444 nam
384 417 430 452 qui
443 417 604 452 loquebatur
619 417 712 452 iniqua
725 418 793 446 nihil
806 419 992 453 promovebat,
1004 426 1091 453 neque

304 463 374 490 bene
387 471 443 490 rem
457 463 567 498 gerebat
584 464 611 490 in
628 468 775 499 conspectu
791 471 862 495 meo,
876 471 927 491 nec
942 472 973 491 ea
987 472 1047 499 quae
1062 465 1090 492 in

305 508 397 535 animo
411 508 524 536 haberet
540 509 708 543 perficiebat.

341 552 422 579 Vens.
441 552 467 580 8.
490 552 521 579 In
538 553 667 580 matutino
684 552 871 587 interﬁciebam
890 561 977 580 omnes
999 561 1090 587 pecca-

304 603 373 625 tores
390 602 476 629 tet-rw,
492 604 519 624 ut
534 598 709 632 disperderem
720 601 752 625 de
766 598 871 625 civitate
882 597 990 625 Domini
1001 606 1089 627 οιιιηθε

304 648 440 676 operante:
454 643 628 675 iniquitatem.
645 642 694 670 llic
711 647 844 676 exactam,
860 643 986 671 stabilem
1001 649 1027 671 et
1045 652 1090 671 su-

304 689 390 716 briam
411 688 524 723 justilite
541 689 674 716 rationem
691 688 840 716 describit;
856 696 918 715 nam
935 688 984 721 ait,
1001 696 1089 725 neque

305 735 345 762 ira
358 755 366 767 ,
391 743 480 770 neque
494 735 612 763 ebrietas
633 735 733 762 caedem
750 735 816 762 mihi
839 735 1023 770 suggerebat:
1049 736 1089 763 ira

303 781 402 816 quippe
417 781 523 808 etiamsi
547 781 673 808 hesterna
693 780 739 808 die
763 788 806 808 mc
829 780 1037 816 inflammabat;
1061 786 1089 811 at

304 827 481 853 diuturnitate
498 827 586 854 noctis
615 827 739 862 mitigata
755 826 860 860 fuerat;
878 827 997 856 ebrietas
1011 835 1086 861 vero,

304 872 366 899 licet
382 872 472 907 gravis
496 872 659 908 vespertinis
680 872 755 900 horis
779 873 922 906 adfuisset,
937 881 1035 901 somno
1050 878 1089 901 ta-

303 925 365 944 men
379 917 503 945 discussa
517 917 617 945 fuerat.
647 917 720 945 Pura
733 919 826 954 itaque
849 926 931 946 manu
948 922 976 946 et
997 923 1088 947 mente

303 966 399 990 contra
423 970 470 990 eos
484 963 530 998 qui
550 963 577 990 in
592 962 677 991 Deum
694 967 872 999 peccaverant
897 964 1046 992 instructus
1060 969 1087 993 et

302 1014 422 1037 armatus
434 1017 518 1041 eram.
531 1018 619 1046 neque
633 1019 664 1038 ex
682 1011 745 1038 vino
757 1019 845 1046 neque
855 1019 887 1040 ex
901 1012 939 1039 ira
951 1013 1042 1040 animo
1055 1020 1087 1040 ac

301 1054 435 1082 sententia
449 1054 615 1089 decipiebar.
639 1054 802 1084 Peccatores
820 1061 912 1084 autem
929 1065 983 1084 non
998 1058 1086 1085 solum

303 1106 351 1133 per
366 1099 519 1126 universam
536 1104 648 1131 terram.
660 1100 708 1128 sed
722 1108 771 1128 eos
783 1101 864 1128 etiam
879 1102 926 1137 qui
944 1102 972 1129 in
985 1102 1088 1130 ditione

301 1152 366 1172 mea
377 1149 455 1172 erant
480 1146 659 1174 occidebant:
676 1154 764 1181 neque
788 1148 869 1175 simul
893 1156 989 1177 omnes
1003 1169 1011 1182 ,
1038 1150 1087 1178 sed

302 1190 383 1218 modo
399 1191 483 1223 ir'i'nm.
501 1199 563 1219 mox
580 1191 673 1219 alium.
701 1191 800 1220 Verum
824 1193 926 1221 nemini
941 1198 1007 1230 puto
1031 1203 1086 1223 non

301 1237 474 1264 manifestqu
489 1246 551 1265 esse
565 1238 621 1266 haec
635 1238 805 1274 teuigmatice
819 1239 892 1267 dicta
908 1240 1011 1275 fuisse;
1036 1249 1084 1269 ne-

301 1291 354 1318 que
373 1283 444 1311 enim
461 1291 492 1311 ea
505 1289 547 1312 est
562 1284 628 1312 dicti
641 1286 786 1318 sententia,
802 1295 844 1314 me
858 1287 1015 1317 ineuntibus
1026 1289 1085 1316 sin-

300 1328 371 1363 gulis
401 1329 497 1356 diebus
525 1329 645 1358 humano
676 1331 808 1366 sanguine
835 1339 932 1360 manus
969 1332 1086 1362 foedasse

302 1381 377 1401 meas
391 1383 398 1401 :
415 1374 441 1401 id
460 1374 533 1401 enim
550 1379 732 1411 praeterquam
746 1376 819 1411 quod
837 1377 1026 1406 detestandum
1043 1387 1087 1407 es-

300 1425 352 1453 set.
366 1421 523 1450 nullatenus
540 1423 670 1451 credibile
692 1428 744 1451 est.
773 1425 918 1458 Quomodo
940 1429 1013 1454 enim
1028 1428 1086 1455 sin-

300 1468 371 1503 gulis
385 1469 528 1497 matutinis
543 1477 637 1502 omnes
651 1476 809 1505 peccatores
821 1476 901 1500 terrae
926 1481 1007 1500 manu
1021 1481 1086 1509 pro-

300 1512 359 1547 pria
378 1513 511 1541 conlicere
528 1514 681 1549 potuisset?
698 1515 790 1550 Neque
802 1517 875 1544 enim
898 1525 969 1546 unus
989 1525 1085 1547 omnes

296 1566 429 1593 superare
442 1560 582 1593 valuisset,
597 1568 659 1588 cum
669 1582 678 1595 ,
691 1565 720 1588 ut
739 1562 885 1590 verisimile
905 1568 963 1597 est,
987 1571 1084 1600 magna

300 1609 372 1632 esset
389 1610 561 1640 peccatorum
575 1607 720 1634 multitudo
733 1617 740 1634 :
755 1615 787 1634 ac
796 1608 818 1636 si
827 1616 875 1637 eos
883 1609 910 1636 in
921 1610 990 1637 bello
1002 1610 1079 1638 vicis-
1098 1628 1121 1659 c

300 1655 409 1682 set,uno
419 1651 444 1677 in
453 1652 586 1679 matutino
593 1659 686 1680 omnes
695 1653 887 1687 interfecisset,
896 1662 984 1690 neque
992 1656 1085 1692 singu-

301 1695 335 1723 lis
346 1697 487 1724 matutinis
498 1698 572 1732 ipsos
583 1698 692 1733 propria
707 1706 788 1726 manu
804 1701 996 1729 interemisset.
1012 1701 1083 1736 Quid

302 1742 392 1777 itaque
407 1743 540 1778 significet
550 1744 635 1771 illud?
647 1744 785 1773 Attentius
797 1751 824 1774 et
837 1747 999 1782 prudentius
1012 1748 1084 1776 dicta

301 1788 494 1824 intelligamus,
506 1797 540 1817 ne
555 1791 713 1826 prophetica
729 1793 841 1819 oracula
855 1785 990 1821 mendacii
1006 1802 1085 1822 accu-

299 1842 406 1866 seruus,
426 1835 498 1870 quod
523 1835 599 1864 nefas
618 1841 700 1866 esset.
721 1838 822 1865 Civitas
849 1838 955 1866 Domini
970 1844 1011 1868 est
1032 1841 1084 1868 bu-

301 1888 388 1908 mana:
401 1884 545 1909 structurae
559 1883 736 1918 compositio;
753 1889 911 1919 peccatores
922 1889 1013 1913 autem
1028 1890 1083 1914 ter-

301 1935 337 1955 re
352 1927 369 1954 ii
385 1932 449 1954 sunt
466 1927 500 1955 de
511 1928 814 1963 qubus‘Salvatoeait,
832 1931 869 1956 Ab
881 1932 952 1958 intus
965 1939 998 1958 ea:
1007 1932 1085 1960 corde

301 1977 393 1999 munt
406 1972 578 2008 cogitatione:
595 1974 683 2006 male,
697 1974 854 2008 homicidia,
872 1976 1013 2010 adulteria,
1031 1977 1085 2011 fm-

301 2018 460 2050 nicalionea,
492 2019 581 2052 furta.
610 2018 682 2053 falsa
710 2021 877 2052 testimonia.
905 2022 1082 2056 blasphemia

301 2061 366 2089 llwc
381 2068 452 2095 sunt,
465 2071 524 2097 qua:
536 2065 706 2100 coinquinant
729 2065 859 2094 hominem
874 2068 905 2095 “.
923 2067 978 2095 Hos
994 2073 1084 2096 autem

301 2113 459 2142 peccatores
474 2116 507 2136 ex
522 2114 593 2137 terra
612 2115 698 2143 ortos,
715 2111 743 2138 id
759 2115 811 2144 est,
829 2119 862 2140 ex
881 2116 989 2140 terrena
1003 2121 1086 2142 carne

301 2153 474 2188 prodeuntes,
490 2155 554 2182 dum
569 2155 682 2192 singula;
692 2157 726 2184 de
751 2156 805 2184 Deo
820 2158 999 2193 cogitationes
1019 2167 1085 2186 exo-

301 2199 462 2233 riuntur,ex
476 2201 584 2236 propria
598 2205 737 2230 structura
753 2203 824 2230 tollit
839 2204 885 2239 qui
902 2211 962 2232 sese
976 2210 1083 2240 purgat.

301 2245 463 2273 Matutinum
478 2250 568 2274 autem
590 2252 617 2275 ct
631 2248 782 2276 diluculum
799 2250 825 2276 in
844 2250 935 2278 anima
950 2256 1002 2284 est,
1016 2259 1084 2286 quo—

1142 325 1225 361 μέχρι
1245 325 1332 360 λόγων
1352 325 1511 360 ὑπομένων
1528 325 1542 350 ὁ
1562 325 1618 360 γὰρ
1640 324 1727 352 λαλῶν
1749 325 1830 352 ἄδικα
1851 327 1930 354 οὐδὲν

1140 371 1231 406 ἦνυεν,
1255 371 1304 397 οὐκ
1325 371 1456 398 εόωδοῦτο
1478 370 1592 398 ἐνώπιόν
1616 378 1677 405 μου,
1694 371 1724 398 οὺ
1747 371 1890 407 κατώρθου
1909 373 1929 400 ἃ

1140 417 1316 449 ἐσπούδαζεν.

1178 551 1230 584 Εἰς
1239 550 1293 584 τὰς
1301 552 1411 585 πρωτας
1426 551 1602 578 ἀπέκτεινον
1618 552 1733 585 πάντας
1749 552 1820 586 τοὺς
1836 552 1929 587 ἁμαρ-

1140 596 1254 629 τωλοὺς
1277 595 1332 630 τῆς
1356 596 1422 632 γῆς,
1446 597 1498 624 τοῦ
1516 597 1731 632 ἐξολοθρεῦσαι
1755 599 1790 625 ἐκ
1813 599 1929 631 πόλεως

1139 642 1249 675 Κυρίου
1263 641 1380 675 πάντας
1400 642 1470 676 τοὺς
1488 642 1700 678 ἐρπγιζομένους
1720 643 1777 677 τὴν
1796 643 1927 671 ἀδικίαν.

1139 688 1175 714 Τὸ
1187 689 1299 724 ἁχριῦὲς
1309 690 1355 715 καὶ
1367 689 1484 721 ἀπλανὲς
1497 690 1543 716 καὶ
1558 689 1686 724 νηφάλιον
1699 692 1748 726 τῆς
1768 690 1847 726 δίκης
1861 700 1930 726 παρ-

1141 733 1247 767 ίστησιν
1265 742 1272 749 ι
1296 734 1339 760 ὃτι
1371 733 1433 760 οὕτε
1457 734 1552 770 θυμὸς,
1581 736 1673 771 φησὶν,
1697 734 1758 762 οὔτε
1781 736 1852 771 μέθη
1878 737 1928 772 τὴν

1139 779 1278 814 ἀναίρεσιν
1293 780 1435 807 ὑπετίθετο
1444 789 1450 796 ·
1467 781 1481 807 ό
1493 781 1542 816 μὲν
1555 781 1610 817 γὰρ
1623 781 1706 817 θυμὺς
1715 783 1739 808 εί
1754 783 1801 808 καὶ
1819 784 1851 818 τῇ
1864 783 1928 818 χθὲς

1139 825 1231 860 ἡμέρᾳ
1247 825 1415 861 παρώξυνεν,
1431 826 1499 853 ἀλλά
1517 826 1561 853 διὰ
1579 827 1624 853 τοῦ
1646 828 1749 862 μήκους
1765 829 1813 863 τῆς
1831 829 1928 860 νυκτὸς

1139 871 1307 905 ἐμαλάσσετο
1318 880 1324 886 ·
1349 872 1365 907 ἠ
1382 872 1409 898 δὲ
1425 871 1505 908 μέθη,
1523 872 1574 899 κᾶν
1592 872 1670 907 ὀψίας
1689 872 1771 909 πολλὴ
1792 874 1924 908 προσεγέ-

1140 924 1209 948 νετο,
1225 915 1269 942 διὰ
1283 916 1329 943 τοῦ
1347 916 1430 943 ὕπνου
1447 917 1547 949 ἱκανῶς
1564 917 1732 944 ὲλεπτύνετο.
1749 918 1866 954 Καθαρᾷ
1878 917 1927 946 οὖν

1103 953 1124 982 Β
1139 962 1183 989 καὶ
1197 963 1268 998 χειρὶ
1281 963 1328 989 καὶ
1344 963 1440 999 γνώμῃ
1456 964 1526 990 κατά
1543 964 1597 991 τῶν
1613 965 1653 996 εἰς
1674 964 1739 991 Θεὸν
1754 953 1927 1000 ἁμαρτανόν-

1137 1016 1190 1035 των
1207 1009 1405 1045 ὲξωπλιζόμην,
1420 1010 1488 1045 μήτε
1505 1010 1555 1045 τῆς
1576 1010 1606 1042 ἐξ
1627 1010 1698 1037 οῐνου
1714 1011 1838 1046 γνώμης,
1855 1012 1925 1047 μήτε

1136 1054 1186 1090 τῆς
1207 1055 1241 1080 ἐκ
1264 1054 1351 1090 θυμοῦ
1377 1055 1547 1091 σφαλλούσης
1575 1056 1620 1082 τὸν
1642 1056 1780 1091 λογισμόν.
1806 1057 1876 1088 Τοὺς
1895 1057 1924 1084 δὲ

1137 1099 1315 1135 ἁμαρτωλοὺς
1330 1101 1489 1128 ἀπέκτεινον
1503 1101 1552 1137 οὐχ
1566 1101 1658 1133 ἁπλῶς
1669 1101 1779 1137 ἁπάσης
1797 1102 1846 1137 τῆς
1861 1103 1923 1138 γῆς,

1137 1148 1203 1175 ἀλλὰ
1222 1149 1272 1184 τῆς
1288 1149 1332 1176 ὑπ’
1347 1150 1413 1185 ὲμέ·
1426 1150 1472 1176 καὶ
1486 1150 1589 1182 πάντας
1602 1150 1630 1176 δὲ
1643 1150 1692 1185 οὐχ
1705 1150 1773 1186 ἅμα,
1789 1151 1859 1177 ἀλλά
1876 1151 1924 1178 νῦν

1138 1195 1187 1230 μὲν
1201 1195 1305 1228 τοῦτον,
1327 1196 1374 1223 νῦν
1391 1196 1418 1223 δὲ
1440 1197 1552 1224 ἐκεῖνον.
1572 1197 1680 1223 Μᾶλλον
1693 1197 1720 1224 δὲ
1740 1197 1821 1224 τοῦτο
1842 1198 1922 1225 παντί

1136 1249 1186 1268 που
1204 1241 1292 1276 δῆλον,
1306 1241 1346 1268 ὄτι
1362 1242 1390 1268 ὲν
1405 1242 1545 1276 αἰνίγματι
1566 1242 1778 1278 κεκαλυμμένως
1796 1244 1903 1278 εἴρηται
1915 1252 1921 1258 ·

1135 1287 1164 1313 οὒ
1179 1287 1233 1323 γὰρ
1249 1287 1290 1313 ὅτι
1309 1287 1368 1313 καθ’
1389 1287 1506 1322 ἑκάστην
1524 1287 1685 1323 ἀρχὴνδῆς-
1701 1289 1810 1324 ἡμέρας
1825 1289 1920 1324 αἵματι

1135 1333 1285 1370 ἀνθρώπων
1299 1342 1347 1366 τις
1363 1336 1456 1370 χεῖρας
1471 1335 1652 1370 ὲμολυνομην,
1665 1335 1694 1361 οὐ
1714 1334 1793 1361 τοῦτὸ
1810 1343 1891 1370 φησιν
1906 1336 1920 1362 6

1134 1379 1226 1413 λόγος·
1240 1378 1320 1405 τοῦτο
1335 1379 1388 1415 γὰρ
1405 1379 1472 1415 πρὸς
1486 1379 1525 1414 τῷ
1539 1379 1629 1413 ὲναγεῖ
1648 1379 1688 1405 ἔτι
1704 1378 1751 1405 καὶ
1774 1379 1804 1405 τὸ
1827 1378 1922 1405 ἀπίθα-

1135 1433 1178 1451 νον
1204 1425 1269 1460 ἔχει.
1295 1424 1354 1456 Πῶς
1377 1425 1430 1460 γὰρ
1453 1425 1561 1451 πάντων
1583 1424 1697 1459 ηδύνατο
1718 1424 1779 1451 καθ’
1803 1425 1922 1460 ἑκάστην

1135 1471 1240 1507 πρωῖιν
1256 1471 1382 1506 αὐτόχειρ
1395 1471 1516 1505 γίνεσθαι
1531 1471 1586 1503 τῶν
1603 1470 1772 1506 ἁμαρτωλῶν
1788 1470 1840 1505 τῆς
1854 1470 1920 1504 γῆςς

1134 1517 1171 1542 οὐ
1188 1515 1241 1551 γὰρ
1265 1515 1452 1552 περιγίνεσθαι
1475 1517 1584 1543 πάντων
1604 1516 1715 1543 δυνατὸν
1737 1515 1796 1546 ἕνα,
1819 1515 1922 1542 πολλῶν

1134 1559 1187 1586 τῶν
1201 1559 1441 1596 ἐξαμαρτανόντων
1457 1562 1497 1592 εἰς
1510 1561 1540 1587 τὸ
1552 1561 1626 1592 εἰκὸς
1644 1560 1743 1587 ὁντων·
1760 1561 1808 1587 καὶ
1828 1562 1853 1587 εί
1873 1569 1921 1587 που

1135 1605 1210 1640 λέμῳ
1235 1605 1324 1632 αὐτῶν
1348 1607 1560 1642 κατεκράτησεν,
1585 1610 1615 1633 εν
1642 1608 1692 1642 μιᾷ
1721 1607 1754 1634 ἂν
1779 1607 1921 1634 ἀπέκτεινε

1137 1652 1225 1687 πρωῖᾳ
1252 1653 1314 1684 τοὺς
1345 1652 1514 1688 σύμπαντας,
1543 1653 1601 1680 ἀλλ’
1630 1653 1690 1688 οὐχὶ
1715 1653 1776 1680 καθ’
1804 1654 1921 1689 ἑκάστην

1135 1699 1241 1734 πρωϊαν
1261 1699 1387 1735 αὐτόχειρ
1400 1699 1490 1725 αὐτῶν
1510 1699 1625 1733 ἐγίνετο.
1642 1700 1674 1726 Τί
1690 1697 1736 1726 οὖν
1748 1700 1828 1726 τοῦτό
1849 1701 1920 1733 ὲστι;

1135 1745 1318 1781 Συνετώτερον
1328 1745 1380 1772 τῶν
1395 1746 1547 1781 λεγομένων
1561 1746 1731 1781 ἀκούσωμεν,
1748 1747 1792 1773 ἵνα
1809 1747 1847 1782 μὴ
1860 1755 1922 1774 κατ-

1135 1791 1315 1826 ηγορήσωμεν
1344 1792 1391 1818 ἐπὶ
1407 1792 1499 1826 ψεύδει
1514 1791 1567 1818 τῶν
1589 1792 1763 1828 προφητικῶν
1780 1792 1889 1827 λογίων,
1907 1792 1922 1819 ὃ

1137 1836 1173 1872 μὴ
1187 1835 1275 1871 θέμις.
1294 1836 1375 1868 Πόλις
1386 1837 1433 1863 τοῦ
1446 1838 1548 1873 Κυρίου
1565 1839 1583 1873 ἡ
1601 1837 1728 1869 σύστασις
1743 1838 1803 1864 ἐστι
1814 1839 1863 1873 τῆς
1875 1838 1919 1864 ἀν-

1135 1881 1273 1917 ορωπίνης
1290 1883 1477 1918 κατασκευῆς·
1502 1883 1659 1919 ἁμαρτωλοὶ
1674 1883 1703 1909 δὲ
1717 1884 1779 1918 γῆς,
1802 1884 1868 1919 περὶ
1885 1881 1921 1910 ὧν

1135 1936 1216 1963 φησιν
1230 1928 1245 1954 ό
1259 1927 1364 1963 Σωτὴρ,
1381 1928 1421 1954 ὅτι
1434 1929 1562 1956 Ἐσωθεν
1578 1929 1613 1956 ἐκ
1628 1928 1683 1963 τῆς
1699 1929 1823 1962 καρδίας
1839 1929 1922 1962 ἐξέρο

1136 1982 1238 2007 χονται
1262 1975 1400 2009 λογισμοὶ
1423 1975 1557 2008 πονηροὶ.
1573 1975 1671 2010 φόνοι,
1687 1975 1827 2010 μοιχεῖαι,
1849 1983 1921 2010 πορ-

1136 2021 1209 2048 νεῖαι
1224 2042 1230 2052 ,
1259 2021 1368 2048 κλοπαὶ
1382 2040 1389 2053 ,
1420 2021 1688 2055 ψευδομαρτυριάι,
1716 2021 1920 2056 βλασφημίαι.

1137 2066 1232 2093 Ταῦτά
1242 2066 1307 2094 ἐστι
1328 2065 1363 2093 τὰ
1377 2065 1536 2093 κοινοῦντα
1554 2066 1608 2092 τὸν
1625 2066 1790 2099 ἄνθρωπον.
1805 2066 1922 2098 Τούτους

1133 2112 1165 2147 δὴ
1180 2113 1242 2144 τοὺς
1265 2114 1298 2140 ἐκ
1319 2113 1368 2148 τῆς
1392 2112 1443 2147 γῆς
1466 2112 1652 2148 ἁμαρτωλοὺς,
1671 2111 1794 2138 τουτέστι
1809 2112 1875 2143 τοὺς
1890 2113 1922 2139 ἐκ

1134 2159 1182 2194 τῆς
1197 2159 1292 2194 γηϊνης
1316 2158 1414 2194 σαρκὸς
1430 2158 1580 2194 προϊόντας,
1601 2157 1660 2184 καθ’
1681 2158 1798 2188 ἑκάστην
1817 2157 1921 2183 ἔννοιαν

1133 2203 1182 2238 τὴν
1201 2205 1266 2240 περὶ
1285 2204 1351 2230 8εοῦ
1365 2204 1520 2237 ὲξαφανίζει
1541 2204 1571 2230 ἐκ
1585 2203 1636 2238 τῆς
1658 2203 1725 2234 ἰδίας
1738 2203 1894 2234 συστάσεως
1907 2204 1921 2229 ὁ

1134 2249 1237 2276 ἑαυτῶν
1254 2249 1436 2284 ἐκκαθαίρων,
1460 2250 1555 2284 Πρωῖα
1573 2246 1618 2275 οὖν
1637 2250 1682 2275 καὶ
1695 2248 1792 2283 ὄρθρος
1807 2248 1836 2274 ὲν
1848 2247 1920 2282 «tuli;

300 2291 352 2320 ties
363 2292 492 2320 salutaris
511 2293 646 2328 dogmatis
671 2300 748 2323 ortus
774 2296 890 2329 accidit,
913 2305 968 2332 quo
988 2305 1084 2326 omnes

1136 2295 1194 2321 καθ’
1209 2295 1325 2330 ἑκάστην
1345 2295 1475 2330 ἀνατολὴν
1492 2294 1625 2330 σωτηρίου
1648 2290 1781 2329 δύ’γματος
1805 2294 1919 2328 γίνεται,

300 2338 489 2373 cogitationes,
503 2347 563 2374 qua:
581 2345 729 2375 operantur
744 2342 925 2377 iniquitatem,
942 2343 976 2371 de
995 2344 1084 2373 medio

300 2384 358 2411 tolli
372 2389 488 2419 oportet.
501 2384 559 2412 Nisi
573 2386 645 2412 enim
661 2386 740 2420 primi
754 2386 852 2414 animat
868 2391 959 2416 motus
974 2388 1008 2415 ad
1023 2396 1083 2416 ma-

300 2430 386 2457 litiam
406 2431 612 2464 exscindantur,
626 2433 811 2460 necessarium
832 2437 875 2461 est
893 2434 1034 2469 cupidines
1049 2435 1084 2463 ad

300 2482 369 2510 opus
382 2476 537 2510 procedere.
558 2475 679 2513 Exempli
693 2485 786 2510 causa,
802 2483 930 2514 peccator
946 2483 1026 2507 terra:
1039 2484 1084 2508 est

301 2521 429 2554 cogitatio
456 2522 662 2551 fornicationem
683 2531 846 2560 suggerens,
871 2523 938 2560 qua?
951 2525 1030 2553 cllicit
1054 2530 1084 2554 ut

301 2567 364 2601 quis
378 2567 518 2595 mulierem
540 2569 668 2604 respiciat
690 2569 723 2597 ad
741 2571 988 2606 concupiscendum
1003 2580 1082 2600 eam:

302 2611 359 2639 hmc
377 2619 457 2646 porro
473 2613 526 2640 nisi
541 2613 569 2641 in
581 2615 671 2642 anima
686 2615 827 2643 occidatur
839 2636 846 2649 ,
866 2624 898 2644 ac
915 2617 1021 2645 ratione
1033 2625 1083 2646 ceu

300 2657 390 2692 gladio
401 2657 540 2686 scindente
551 2665 577 2687 et
591 2660 704 2689 affectus
718 2662 829 2690 tollente
846 2662 964 2690 cantatur
975 2683 982 2695 ,
1002 2663 1084 2699 idque

305 2704 329 2730 in
348 2703 479 2730 matutino
490 2704 630 2738 efﬁciatur,
641 2707 746 2734 scilicet
763 2716 824 2735 cum
841 2709 957 2744 primum
975 2710 1020 2737 illa
1035 2717 1083 2745 pa-

305 2751 356 2778 lam
382 2750 594 2784 deprehenditur
616 2753 690 2787 (nam
714 2754 823 2788 quidvis
842 2755 1018 2791 conspicuum
1035 2756 1083 2784 lux

305 2801 365 2831 est),
384 2801 444 2832 post
460 2797 532 2824 illam
549 2797 575 2824 in
592 2798 674 2826 corde
696 2799 913 2836 fornicationem,
926 2801 959 2829 ad
973 2803 1084 2837 gravius

305 2842 382 2870 etiam
400 2846 539 2877 peccatum
563 2843 608 2871 illa
631 2844 766 2873 hominem
788 2846 917 2882 deducet;
933 2847 961 2875 id
975 2852 1027 2882 est,
1049 2849 1084 2877 ad

342 2920 359 2934 "
384 2917 474 2946 Matth.
494 2927 535 2950 xv,
556 2920 656 2952 19,20.

1135 2341 1163 2366 ἐν
1221 2340 1429 2374 ἐξαφανίζεσθαι
1450 2341 1491 2367 δεῖ
1513 2340 1615 2372 πάντας
1633 2341 1696 2371 τοὺς
1719 2339 1919 2375 ἐργαζομένους

1134 2386 1182 2421 τὴν
1198 2386 1312 2421 ἀνομίαν
1328 2384 1490 2420 λογισμούς.
1509 2387 1540 2412 Εἰ
1558 2389 1612 2420 γὰρ
1629 2390 1666 2421 μή
1684 2385 1717 2412 τὰ
1736 2385 1833 2421 πρῶτα
1852 2387 1923 2421 πρὸς.

1134 2433 1266 2467 πονηρίας
1276 2433 1413 2467 κινήματα
1425 2433 1474 2470 τῆς
1487 2432 1574 2467 ψυχῆς
1589 2432 1748 2467 ἐκτμηθείη,
1760 2432 1868 2467 ἀνάγκη
1882 2433 1920 2462 εἰς

1134 2478 1213 2514 ἔργον
1225 2479 1403 2514 προχωρῆσαι
1419 2478 1464 2510 τὰς
1475 2478 1650 2513 ἐνθυμήσεις·
1663 2475 1719 2504 οἷον
1733 2477 1783 2512 γῆς
1795 2478 1920 2513 ἁμαρτω-

1133 2524 1178 2556 λός
1194 2525 1267 2551 ἐστιν
1283 2526 1298 2550 ὁ
1312 2526 1362 2555 τὴν
1378 2523 1497 2560 μοιχείαν
1512 2524 1670 2550 ὑποϐάλλων
1684 2524 1814 2558 λογισμὸς
1824 2544 1831 2555 ,
1848 2525 1920 2555 ὅστις

1133 2571 1239 2606 ὲνεργεῖ
1252 2571 1282 2597 τὸ
1296 2570 1429 2605 ἐμϐλέψαι
1444 2571 1550 2604 γυναικὶ
1569 2570 1636 2606 πρὸς
1648 2570 1678 2596 τὸ
1691 2570 1860 2605 ἐπιθυμῆσαι
1873 2571 1919 2596 αὑ-

1133 2618 1181 2653 τῆς
1191 2626 1197 2632 ·
1211 2613 1288 2649 οὗτος
1298 2619 1346 2644 ὲάν
1359 2618 1396 2653 μὴ
1409 2617 1563 2652 ἀποκτανοῇ
1578 2617 1610 2642 ἐκ
1623 2617 1671 2650 τῆς
1681 2617 1778 2651 ψυχῆς,
1789 2617 1872 2643 οἱονεὶ
1884 2617 1919 2648 ξί-

1134 2673 1178 2698 φει
1188 2663 1240 2690 τινί
1252 2663 1290 2699 τῷ
1300 2673 1314 2690 ’t
1318 2663 1425 2698 μητικῴ
1435 2663 1505 2698 λόγῳ
1517 2664 1562 2689 καὶ
1572 2663 1741 2697 ἀφανιστικῷ
1748 2663 1803 2689 τῶν
1816 2662 1916 2693 παθῶν,

1134 2710 1180 2735 καὶ
1193 2708 1272 2735 τοῦτο
1286 2711 1397 2744 γένηται
1410 2710 1437 2735 ἐν
1449 2709 1549 2744 πρωϊᾳ,
1563 2709 1684 2734 τουτέστι
1696 2708 1765 2734 κατά
1776 2707 1825 2743 τὴν
1838 2709 1876 2738 εἰς
1889 2707 1917 2733 τὸ

1134 2755 1247 2790 φανερὸν
1266 2755 1436 2790 ἀποκάλυψιν
1459 2756 1522 2789 (πᾶν
1536 2754 1590 2789 γὰρ
1605 2754 1634 2780 τὸ
1650 2753 1850 2788 φανερούμενον
1863 2752 1917 2787 φῶς

1133 2801 1213 2837 ἐστι),
1225 2801 1294 2837 μετὰ
1302 2801 1350 2835 τὴν
1359 2803 1387 2828 ὲν
1395 2801 1491 2836 καρδίᾳ
1502 2800 1633 2835 μοιχείαν,
1644 2800 1688 2826 καὶ
1697 2799 1742 2826 ἐπὶ
1749 2800 1799 2835 τὴν
1809 2799 1914 2834 μίίζονα

1133 2847 1234 2883 ταύτης
1247 2847 1385 2883 ἁμαρτίαν
1396 2846 1507 2882 προάξει
1520 2846 1565 2873 τὸν.
1576 2845 1726 2881 ἄνθρωπον,
1739 2845 1808 2881 πρὸς
1819 2845 1865 2880 τὴν
1874 2843 1915 2870 διὰ
