2044 3212
116 158 188 188 1253

661 155 922 186 ϊοιιιιιιΝτΑκιΑ
940 156 976 185 ΙΝ
994 156 1166 186 μελικοῦ.

1258 160 1309 187 lat
1672 159 1744 188 425A

115 217 133 243 ὀ
143 214 260 250 λύχνος
274 215 350 250 ὑπὲρ
369 215 505 250 κεφαλῆς
523 223 582 251 μου
594 222 601 230 ·
628 214 678 242 ὅτε
691 214 773 250 ήμην
784 214 904 249 ὑλώδης

958 214 1057 242 terith
1068 215 1148 243 nimis
1160 215 1194 243 ".
1217 214 1337 243 Lucebat
1348 215 1400 252 ipsi
1413 215 1523 245 lucerna
1537 219 1603 245 tunc
1617 217 1645 245 in
1657 218 1744 245 abun-

115 262 196 289 .llar.
223 260 308 295 Ηῦγει
323 261 398 297 αὐτῷ
414 262 429 288 ὀ
446 261 541 297 λύχνος
559 261 619 288 τότε
642 262 671 288 ἐν
690 260 799 298 εὐθηνίᾳ
815 262 905 298 ὑπάρ-

114 315 191 342 χοντι
201 315 209 322 ·
233 308 276 333 ὂτε
289 307 318 333 δὲ
334 307 422 334 πάντα
439 307 514 343 αὐτῷ
532 307 567 334 τὰ
582 308 739 343 ὑπάρχοντα
751 307 906 334 διαπεπτώρ

115 361 170 384 κει,
187 350 265 380 εἶπεν
278 353 312 380 ἂν
326 354 372 380 καὶ
389 353 485 385 αὑτός·
505 354 564 380 ’Ότι
586 354 727 386 ἐξέλιπον
742 355 813 381 ὡσεὶ
830 362 905 381 καπ-

115 398 169 432 νὸς
191 400 221 426 al
235 400 342 438 ᾐμέραι
356 408 426 434 μου.
455 400 581 432 Τοιοῦτος
599 399 627 426 δέ
643 401 715 426 ἐστιν
729 401 743 427 ὁ
756 400 827 427 κατὰ
840 400 906 426 Θεὸν

115 444 224 480 πτωχδς
235 465 242 476 ,
259 444 360 478 ἀδόξως
378 445 426 472 καὶ
445 444 556 480 ἀφανῶς
570 444 619 477 τὰς
632 445 737 481 ἡμέρας
755 445 836 472 αὐτοῦ
856 445 906 480 τῆς

115 491 284 527 προσκαίρου
297 490 369 525 ζωῆς
391 491 533 525 διεξάγων.
547 489 614 518 Εἶτα
624 492 742 523 ἀσιτίαις
754 491 848 518 ἐαυτδν
860 491 907 517 καὶ

115 536 269 563 κακώσεσιν
287 537 457 568 ὑποδάλλων,
469 537 498 563 ἐν
514 537 585 572 λιμῷ
600 538 646 563 καὶ¹
660 537 728 572 δίψει
742 537 907 573 κατατρύχει

114 583 161 610 καὶ
177 582 356 618 καταφρύγει.
375 583 431 610 Καὶ
446 584 506 609 ἐπεὶ
520 582 603 610 πᾶσα
615 583 693 618 σὰρξ
707 583 814 618 χόρτος
826 604 833 615 ,
857 584 905 610 καί

114 626 200 655 πᾶσα
214 627 289 660 δόξα
303 627 395 661 αὐτῆς
408 628 448 662 ὡς
460 628 552 661 ἄνθος
565 630 683 663 χόρτου,
697 628 836 664 μαραίνων
847 629 908 655 ἐαυ-

113 673 160 701 τοῦ
174 674 224 709 τὴν
240 674 330 710 σάρκα
345 674 427 708 φησὶν
437 694 444 706 ,
465 673 619 709 Ἐπλήγην
632 674 703 701 ὡσεί
719 675 834 709 χόρτος.

155 729 184 755 '0
199 729 228 757 δὲ
238 729 341 765 ἀληθὴς
359 730 518 765 στεναγμὸς,
533 730 562 762 ὃς
577 731 623 757 καὶ
639 730 730 766 φωνὴν
745 730 800 766 ἔχει
814 731 907 758 ἀκουο-

116 775 200 811 μένην
215 775 291 811 παρὰ
306 775 390 807 Θεοῦ,
408 776 487 811 τήκει
507 775 537 802 τὸ
554 775 650 811 σῶμα,
673 776 722 803 καὶ
736 776 785 811 τῆς
807 777 907 812 σαρκὸς

114 821 260 858 ἐργάζεται
274 821 417 857 νέκρωσιν,
432 821 502 847 ὥστε
515 821 560 848 τὸν
572 821 626 848 ἔσω
640 822 851 849 ἀνακαινοῦσθαι
865 822 908 849 ἄν·

115 867 233 904 θρωπον.
257 868 411 900 Ἐπιὸαλεῐς
424 868 451 894 δὲ
463 868 509 894 καὶ
523 864 585 894 ὦδε·
596 868 732 894 Ἐκλείπει
743 869 846 900 καπνὸς
857 877 907 895 πυ-
923 888 944 917 Β

115 913 161 950 pb;
176 913 369 949 σϐεννυμένου·
389 913 549 948 ὑφεστηκὼς
564 914 604 945 είς
616 914 677 940 ὅσον
693 915 799 949 ἐνεργεῖ
808 914 839 940 τὸ
849 913 906 949 πῦρ

113 955 136 993 ᾧ
153 959 235 991 αὐτὸς
250 958 459 995 παρακολουθεῖ,
479 959 527 986 Ἷν“
544 957 600 990 οὖν,
615 959 691 995 φησὶ,
706 959 753 986 καὶ
765 960 792 986 αί
803 959 905 995 ἡμέραι

116 1004 154 1041 μὴ
161 1005 334 1031 ἐκλείπωσιν.
345 1004 382 1031 Οὐ
390 1005 444 1040 γάρ
455 1013 499 1040 μοι
509 1005 576 1040 πρὸς
586 1005 667 1031 καλοῦ
675 1004 751 1032 ἔσται
759 1004 789 1031 τὸ
796 1004 906 1040 σϐεσθῆ-

115 1059 158 1077 ναι
172 1050 204 1077 τδ
221 1050 277 1085 φῶς
293 1050 339 1077 ἀπ’
356 1050 422 1086 ἐμοῦ
439 1051 469 1076 τὸ
487 1051 625 1086 ποιητικὸν
639 1050 693 1077 τῶν
709 1050 822 1086 ἡμερῶν
838 1059 887 1086 μου
897 1059 903 1066 ·

115 1096 260 1132 παράγαγε
271 1097 304 1124 τὰ
320 1097 440 1133 θλιὸερά.
459 1097 490 1123 El
502 1097 556 1132 γὰρ
567 1097 730 1132 ἐπιμένοιεν,
743 1097 816 1124 αἴτια
827 1098 907 1132 γενή-

115 1151 208 1170 σονται
224 1144 274 1179 τῆς
290 1144 436 1179 ἐκλείψεως
452 1145 506 1171 τῶν
520 1143 630 1180 ἡμερῶν
647 1153 697 1179 μου
707 1164 713 1175 ,
729 1143 796 1171 ἀλλὰ
812 1145 858 1171 καὶ
872 1144 907 1171 τὰ

114 1188 182 1217 ὀστᾶ
195 1199 245 1226 μου
259 1190 299 1217 ἔτι
313 1190 411 1226 μᾶλλον
427 1190 609 1227 συμφρύξοιεν
623 1190 827 1225 παραμένοντα,
844 1199 906 1217 του-

115 1234 200 1267 τέστι,
217 1235 265 1267 τὰς
280 1236 403 1267 εὐτόνους
416 1236 463 1262 καὶ
479 1236 676 1272 στερῤοτάτους
692 1236 741 1271 τῆς
756 1235 846 1271 ψυχῆς
862 1236 906 1263 δυ-

116 1281 227 1316 νάμεις,
245 1282 272 1308 αἳ
292 1282 339 1309 καὶ
357 1282 562 1318 συμφρύγονται
579 1281 633 1308 ὑπὸ
647 1282 696 1317 τῆς
712 1282 766 1308 τῶν
783 1282 906 1318 ψυχικῶν

116 1327 211 1354 παθῶν
225 1327 383 1364 πυρώσεως.
409 1328 580 1363 Ξηρανθῆναι
600 1327 628 1353 δὲ
642 1327 716 1363 αὺτῴ
731 1327 780 1364 τὴν
794 1327 906 1364 καρδίαν

116 1371 214 1408 φησὶν,
230 1373 304 1399 οὐδὲν
323 1372 413 1408 ἱλαρὸν
426 1372 480 1398 οὐδ’
493 1372 535 1407 ἐφ’
551 1369 573 1406 ᾧ
596 1372 668 1398 ἐστιν
686 1371 756 1407 ἔχειν
774 1371 906 1407 θυμηδίαν

117 1419 299 1454 κεκτημένην.
324 1418 421 1452 Γέγονε
436 1417 490 1454 γὰρ
507 1419 536 1444 ἐν
553 1419 608 1450 τοῖς
624 1417 815 1453 προκειμένοις
830 1426 907 1453 περι-

117 1466 253 1496 στατικοῖς
263 1464 400 1496 τοσοῦτον,
412 1464 449 1496 ὡς
464 1464 561 1500 μηκέτι
574 1461 659 1490 οἷόντε
670 1462 738 1490 εἶναι
749 1463 795 1489 τὸν
808 1463 907 1491 κατάλ-

117 1510 198 1546 ληλον
214 1511 260 1537 καὶ
283 1511 410 1546 ἁρμόδιον
425 1512 458 1546 τῇ
483 1510 635 1546 τιμιωτέρᾳ
650 1509 718 1545 αὐτῇ
734 1509 812 1545 οὐσίᾳ
825 1510 908 1544 ἄρτον

116 1555 263 1591 τρέφεσθαι
273 1564 279 1571 ’
292 1556 387 1583 τούτου
398 1556 450 1592 γὰρ
458 1555 505 1582 τοῦ
518 1556 600 1592 ἄρτου
613 1555 828 1591 μεταλαμϐάνειν
837 1555 905 1585 ἔστι,

118 1602 156 1638 μὴ
179 1602 399 1637 περιελκόμενον,
420 1602 485 1638 μηδὲ
505 1601 664 1637 ϐολούμενον
684 1601 737 1628 ὑπὸ
750 1601 804 1628 τῶν
818 1601 906 1632 ἐκτός.

118 1647 162 1679 Εἰς
176 1647 303 1674 τοσοῦτον
317 1648 345 1674 δέ
359 1656 424 1683 φησι
440 1648 476 1683 μὴ
490 1647 640 1683 τεθράφθαι
653 1647 747 1674 τοῦτον
758 1647 804 1673 τὸν
816 1647 907 1683 ἄρτον,

116 1693 155 1725 ὡς
169 1693 217 1720 καὶ
233 1692 318 1729 λήθην
332 1693 403 1729 ἔχειν
417 1694 464 1720 τοῦ
481 1703 545 1720 ποτε
559 1693 641 1720 αὑτοῦ
659 1693 818 1728 γεγεῦσθαι.
835 1693 908 1719 Πάνυ

116 1739 144 1765 δέ
155 1738 290 1771 στενάζων
300 1739 344 1766 διὰ
355 1739 388 1766 τὰ
399 1740 520 1775 παρόντα
533 1740 658 1771 ἐπίπονα,
669 1739 797 1766 τοσοῦτον
809 1739 909 1774 ἀφίημι

118 1785 311 1821 ἐπιτεταμένον
327 1787 374 1813 καὶ
389 1786 488 1822 συνεχῆ
507 1786 671 1822 στεναγμὸν,
689 1786 726 1816 ὡς
743 1786 775 1812 ἐκ
791 1785 841 1820 τῆς
855 1794 910 1819 φω-

118 1832 168 1868 νῆς
180 1841 229 1867 μου
243 1833 311 1868 μετὰ
322 1832 451 1868 ὀλολυγῆς
464 1833 609 1867 γινομένης
619 1831 781 1867 κολληθῆναι
793 1831 839 1858 καὶ
848 1831 910 1866 τρό-

119 1887 169 1905 πον
183 1878 243 1906 τινὰ
261 1879 392 1914 ἐνωθῆναι
407 1879 437 1906 τὸ
452 1879 547 1905 ὀστοῦν
567 1887 617 1914 μου
633 1880 666 1914 τῇ
683 1878 764 1914 σαρκί
780 1887 849 1913 μου..
866 1877 909 1904 διὰ

117 1925 168 1962 τὴν
186 1925 285 1960 ποτὶ-ὴν
305 1925 437 1961 ξηρασίαν
458 1924 640 1960 ἀναποθείσης
659 1924 750 1959 πάσης
770 1924 820 1959 τῆς
841 1931 909 1958 παρ-

119 1971 295 2006 εσπαρμένης
314 1971 353 2006 τῷ
369 1970 475 2006 σώματί
493 1979 543 2006 μου
556 1971 704 2006 ὑγρότητος
723 1970 754 1996 ἐκ
767 1969 817 2004 τῆς
831 1967 909 1995 ἐπελ-

118 2018 218 2053 θούσης
227 2018 383 2053 κακώσεως.
397 2017 469 2053 Αὕτη
484 2018 538 2053 γὰρ
546 2018 563 2052 ἡ
572 2017 689 2052 ὑγρότης
697 2017 742 2043 ὅτε
751 2024 795 2051 μοι
808 2017 908 2051 παρῆν,

116 2063 263 2098 πιαίνουσα
272 2064 302 2090 τὸ
316 2063 420 2095 ὀστοῦν,
435 2063 521 2098 διῄρει
534 2063 600 2089 αὐτὸ
614 2062 667 2089 ἀπὸ
677 2062 726 2097 τῆς
739 2061 848 2096 σαρκὸς,
860 2060 909 2096 τὴν

120 2103 207 2145 μέσην
222 2110 310 2146 σάρκα
327 2110 373 2136 καὶ
390 2109 490 2135 ὀστέων
506 2109 603 2144 ἔχουσα
621 2107 722 2143 χώραν.

161 2155 322 2190 Ὧμοιώθην
344 2154 485 2181 nexem?”
501 2153 638 2188 ἐρημικῷ·
668 2152 777 2187 φεύγων
790 2151 908 2187 δηλονότι

119 2201 167 2233 τὰς
181 2202 209 2228 ἐν
224 2201 294 2237 ὀχλῳ
310 2200 450 2236 διατριϐὰς
468 2199 622 2235 ἐμονούμην
639 2199 686 2225 κα¹ι¹
698 2197 907 2234 ὲξηνθρώπιζον.

955 262 1047 289 dantia
1059 261 1204 290 exsistenti
1221 270 1228 288 :
1242 262 1353 297 quando
1366 270 1432 291 vero
1444 264 1553 292 cunctis
1569 263 1743 292 facultatibus

955 308 1104 341 exciderat,
1119 308 1220 336 dixerit
1238 308 1321 336 etiam
1337 309 1395 344 ipse
1409 319 1416 337 :
1433 310 1503 343 Quia
1522 310 1675 345 defecerunt
1687 311 1743 339 sic-

956 359 984 381 ut
1001 355 1090 388 fumus
1115 354 1172 382 diu
1195 355 1256 382 mei.
1281 354 1444 390 Hujusmodi
1468 360 1558 384 autem
1580 361 1622 385 est
1637 357 1681 385 ille
1701 364 1744 384 se-

956 399 1077 427 cundum
1095 398 1180 428 Deum
1195 393 1459 436 pauper,‘inglorius
1476 406 1503 429 et
1522 402 1655 431 obscurus
1675 405 1744 431 tern-

956 446 1058 482 poralis
1070 446 1133 474 vita:
1144 446 1203 474 dies
1215 447 1379 483 transigens.
1392 446 1494 475 Deinde
1504 455 1568 476 vero
1580 455 1640 476 sese
1656 447 1742 476 absti-

957 493 1059 521 nentiis
1078 496 1107 521 et
1133 493 1364 521 macerationibus
1387 494 1547 528 subjiciens,
1566 492 1636 522 fame
1650 498 1677 522 et
1696 494 1741 522 siti

957 540 1074 575 castigat
1091 543 1119 570 et
1139 539 1262 567 arefacit.
1286 539 1321 567 Et
1344 539 1409 575 quia
1431 541 1515 567 omnis
1530 549 1592 567 caro
1617 541 1702 575 fenum
1717 546 1742 568 et

957 587 1042 614 omnis
1054 587 1141 622 gloria
1152 586 1210 621 ejus
1223 587 1299 622 quasi
1311 586 1428 622 flosffem‘
1436 587 1469 619 ",
1479 595 1589 614 carnem
1601 588 1745 617 exsiccans

958 641 1035 661 suam
1049 633 1088 661 ait
1112 641 1119 659 :
1139 632 1284 660 Percussus
1300 641 1357 660 sum
1371 639 1398 660 ut
1417 633 1516 668 fenum.

993 732 1080 761 Verus
1100 738 1188 760 autem
1209 733 1336 769 gemitus.
1353 733 1399 769 qui
1414 741 1509 761 vocem
1533 733 1615 761 habet
1638 733 1672 761 ad
1698 733 1746 763 Dei

957 785 1039 806 aures
1054 779 1266 814 pervenientem,
1283 787 1383 814 corpus
1407 779 1540 811 exsiccat.
1557 783 1583 807 et
1598 780 1746 808 mortiﬁca-

958 825 1058 852 tionem
1074 825 1165 853 carnis
1189 826 1314 861 peragit;
1340 826 1377 853 ita
1392 829 1423 853 ut
1442 826 1556 854 interior
1571 826 1652 855 homo
1669 835 1747 855 reno-

957 876 1046 899 vetur.
1064 871 1113 899 Hic
1128 880 1211 907 porro
1227 873 1348 900 animum
1371 872 1502 900 adhibeas
1519 883 1526 901 :
1544 873 1638 901 Deﬁcit
1655 874 1746 902 fumus

958 918 1096 946 exstincto
1124 919 1203 954 igne,
1229 926 1291 946 cum
1313 919 1406 946 tandiu
1423 919 1539 946 exsistat
1564 919 1746 952 solummodo,

959 963 1080 999 quandiu
1096 964 1167 1000 ignis
1182 964 1248 1000 agit,
1268 972 1348 1000 quem
1375 964 1466 992 fumus
1490 965 1623 1000 sequitur.
1649 964 1684 992 Ut
1712 974 1747 994 ne

960 1010 1061 1045 itaque,
1081 1009 1130 1043 ait,
1146 1010 1204 1038 dies
1217 1010 1269 1037 mei
1284 1009 1413 1037 deﬁciant
1428 1020 1435 1041 ;
1454 1018 1507 1037 non
1522 1019 1564 1037 me
1577 1011 1655 1045 juvat
1673 1011 1746 1038 enin.

959 1057 981 1084 si
1010 1057 1056 1084 lux
1083 1064 1099 1084 a
1121 1064 1164 1084 me
1188 1056 1390 1091 exstinguatur,
1404 1064 1464 1091 qua
1473 1056 1531 1084 dies
1550 1064 1625 1084 meos
1644 1057 1747 1093 eﬂicit;

959 1110 1094 1130 mrumnas
1114 1110 1219 1130 amove.
1240 1101 1308 1129 Nam
1334 1102 1356 1130 si
1380 1103 1432 1130 illas
1457 1107 1595 1134 maneant,
1619 1103 1646 1131 in
1664 1111 1748 1132 causa

959 1153 1040 1178 erunt
1056 1149 1129 1185 quod
1141 1149 1202 1176 dies
1217 1148 1270 1177 mei
1285 1149 1430 1183 deficiant;
1443 1149 1498 1177 imo
1512 1150 1603 1184 etiam,
1619 1150 1641 1178 si
1655 1158 1748 1186 perse-

960 1195 1093 1227 verarint,
1103 1202 1166 1222 ossa
1176 1202 1235 1222 mea
1242 1195 1329 1230 magis
1341 1195 1480 1230 magisque
1487 1195 1645 1228 arefacient,
1656 1195 1683 1222 id
1694 1199 1750 1227 est,

960 1242 1089 1269 robustas
1101 1247 1127 1269 et
1141 1240 1313 1268 firmissimas
1327 1241 1411 1269 animi
1427 1242 1554 1274 virtutes,
1567 1249 1628 1276 quae
1638 1242 1673 1270 ab
1687 1242 1749 1277 igne

959 1288 1117 1323 passionum
1140 1286 1238 1314 animae
1260 1287 1444 1315 exsiccantur.
1474 1287 1631 1314 Arcfactum
1657 1293 1747 1315 autem

959 1342 1008 1361 cor
1020 1341 1099 1361 suum
1113 1340 1176 1361 esse
1191 1332 1267 1364 dicit,
1280 1333 1353 1368 quod
1368 1333 1435 1360 nihil
1452 1334 1552 1365 laetum,
1569 1332 1636 1359 nihil
1651 1333 1678 1360 in
1694 1340 1748 1367 quo

959 1379 1077 1414 gaudere
1089 1378 1188 1410 valeat,
1201 1378 1349 1413 possideat.
1363 1377 1401 1404 lta
1415 1378 1488 1405 enim
1504 1379 1531 1405 in
1545 1379 1748 1408 calamitatibus

959 1425 1102 1452 demersus
1115 1429 1168 1456 est.
1177 1429 1208 1451 ut
1219 1432 1272 1451 non
1285 1424 1356 1451 ultra
1369 1426 1456 1459 possit
1466 1424 1625 1460 congruenti
1638 1431 1670 1451 ac
1687 1431 1750 1459 pre-

960 1470 1037 1497 tiosa:
1048 1477 1104 1497 sua:
1115 1469 1276 1497 substantia:
1286 1469 1384 1497 idoneo
1395 1477 1464 1505 pane
1477 1470 1575 1497 nutriri
1588 1477 1596 1496 :
1608 1470 1661 1497 hoc
1674 1470 1748 1498 enim

959 1523 1029 1550 pane
1040 1520 1105 1543 tunc
1121 1515 1209 1542 solum
1224 1515 1263 1542 uti
1284 1515 1358 1548 licet,
1375 1523 1438 1543 cum
1452 1517 1535 1544 rebus
1549 1517 1677 1545 extrariis
1692 1524 1747 1544 non

921 1572 944 1599 ε
960 1561 1136 1596 abstrahitur,
1151 1569 1240 1596 neque
1255 1561 1382 1589 fedatur.
1397 1559 1502 1590 Tundiu
1528 1566 1617 1590 autem
1641 1571 1671 1591 se
1696 1564 1748 1592 hu-

956 1609 1077 1645 jusmodi
1089 1609 1168 1644 panis
1183 1609 1313 1636 alimento
1324 1608 1460 1644 privatum
1477 1609 1527 1642 ait,
1542 1613 1572 1636 ut
1586 1617 1621 1637 ne
1636 1610 1747 1645 quidem

959 1656 1115 1683 memi'ncrit
1132 1664 1166 1683 an
1186 1655 1335 1691 aliquando
1352 1656 1440 1691 ipsum
1462 1656 1659 1691 degustaverit.
1679 1656 1749 1684 Mul-

960 1707 1016 1730 tum
1033 1710 1114 1738 porro
1134 1702 1168 1730 de
1187 1702 1369 1737 praesentibus
1395 1702 1526 1730 arumnis
1551 1703 1748 1738 ingemiscens.

959 1753 1000 1776 tot
1015 1753 1125 1785 tamque
1141 1748 1294 1784 frequentia
1307 1748 1436 1784 suspiria,
1457 1753 1496 1776 tot
1512 1750 1629 1783 gemitus
1643 1749 1705 1782 edo,
1719 1754 1750 1778 ut

960 1803 974 1822 a
1000 1803 1062 1823 voce
1078 1803 1137 1823 mea
1154 1803 1216 1823 cum
1231 1796 1334 1831 ejulatu
1352 1795 1452 1823 emissa
1475 1803 1506 1823 os
1528 1804 1617 1824 meum
1637 1804 1687 1824 ceu
1702 1805 1751 1832 ag-

960 1841 1122 1877 glutinatum
1137 1845 1163 1868 et
1179 1841 1339 1876 adjunctum
1358 1840 1440 1867 fuerit
1450 1842 1526 1867 carni
1544 1849 1620 1874 meae,
1639 1849 1699 1868 eum
1713 1841 1750 1869 ob

960 1887 1072 1913 multam
1102 1886 1176 1914 illam
1192 1887 1356 1917 ariditatem.
1372 1886 1461 1914 omnis
1478 1886 1504 1913 in
1519 1894 1637 1921 corpore
1654 1894 1749 1922 sparsa

961 1932 1110 1959 humidilas
1126 1939 1158 1959 ex
1188 1932 1332 1967 ingruente
1361 1931 1508 1958 aﬂlictione
1535 1933 1636 1960 amissa
1664 1936 1747 1961 esset.

960 1976 1023 2005 Haec
1037 1977 1138 2012 quippe
1149 1977 1299 2004 humiditas
1312 1984 1374 2003 cum
1389 1977 1508 2008 adesset,
1522 1986 1553 2005 os
1564 1978 1749 2014 impinguans,

960 2022 1027 2050 illud
1044 2030 1059 2049 a
1077 2030 1162 2049 carne
1176 2021 1324 2054 dividebat,
1341 2030 1403 2049 cum
1420 2023 1538 2050 medium
1553 2024 1623 2050 inter
1637 2031 1748 2051 carnem
1795 2020 1799 2024 ’

959 2073 986 2096 et
1001 2076 1064 2097 ossa
1078 2068 1167 2096 locum
1183 2072 1296 2097 teneret.

997 2149 1078 2177 Vens.
1092 2150 1118 2176 7.
1134 2149 1237 2177 Similis
1252 2149 1340 2184 factus
1363 2158 1421 2177 sum
1439 2151 1569 2185 pellicuno
1585 2151 1748 2184 tolitudiuis,

961 2196 1094 2230 siquidem
1113 2203 1206 2223 moras
1227 2196 1253 2223 in
1273 2196 1353 2223 turba
1376 2196 1494 2232 fugiens.
1517 2197 1593 2224 solus
1612 2201 1639 2225 et
1654 2198 1749 2233 procul

124 2244 203 2274 Ἐπεὶ
227 2248 274 2274 καὶ
291 2247 321 2273 τὸ
338 2246 406 2278 ζῶον
427 2245 505 2272 τοῦτο
527 2246 675 2280 φιλέρημον
690 2243 757 2271 εἶναι
772 2244 881 2278 λέγεται
894 2244 908 2270 ὀ

962 2241 1117 2269 hominibus
1131 2241 1281 2276 degebam.-
1297 2241 1364 2269 Nam
1387 2243 1489 2269 animal
1511 2243 1577 2270 illud
1600 2244 1751 2278 pellicatus

119 2292 248 2319 πελεκάν.
263 2292 415 2328 Παρίστησι
433 2291 461 2317 δὲ
479 2290 525 2317 καὶ
545 2291 594 2325 τὴν
611 2290 727 2327 ἐρημίαν
748 2289 795 2316 τοῦ
807 2289 908 2321 ἔθνους,

119 2337 258 2365 καὶ-τοῦτό
277 2347 327 2364 που
343 2337 403 2363 καθ’
416 2338 447 2372 ἢν
464 2336 543 2372 μόνος
554 2336 666 2371 εὕρηται
679 2333 717 2367 εἷς
729 2344 779 2362 που
795 2335 841 2362 καὶ
851 2334 910 2361 δεύ-

119 2393 198 2421 τερος
213 2385 260 2411 καὶ
276 2384 386 2421 βραχεῖς
401 2392 487 2415 τινες·
504 2380 559 2410 οἷον
580 2383 714 2418 Ἱερεμίας
728 2382 744 2418 ἢ
756 2382 877 2418 Βαροὺχ.
893 2382 909 2417 ἢ

119 2432 213 2468 ἕτερος
229 2431 281 2457 τῶν
297 2431 357 2457 τότε
368 2429 594 2465 ἀπολειφθέντων,
610 2426 647 2456 ὧν
662 2431 693 2456 ὲκ
709 2429 853 2465 προσώπου
866 2429 910 2455 λέ-

119 2486 200 2510 γεται
216 2477 250 2504 τὰ
273 2477 453 2512 προκείμενα.
487 2476 641 2511 ὐμοιοῦται
666 2475 694 2502 δὲ
718 2475 765 2502 καὶ
780 2476 794 2501 ὀ
810 2475 911 2510 Κύριος

121 2523 248 2560 ἐρημικῷ
265 2523 392 2550 πελεκᾶνι
411 2522 481 2549 κατὰ
495 2523 545 2558 τὴν
566 2521 613 2548 τοῦ
627 2521 719 2558 ὀρνέου
733 2521 827 2547 τούτου
843 2521 911 2557 πρὸς

119 2569 155 2595 τὰ
171 2568 269 2603 ἔγγονα
286 2568 514 2604 θαυμασιωτάτην
527 2567 706 2603 συμπάθειαν.
719 2567 805 2594 Τοῦτο
817 2566 870 2602 γὰρ
881 2566 911 2594 τὸ

121 2614 192 2647 ζῶον
206 2614 256 2647 τὰς
272 2614 381 2647 νοσσιὰς
396 2614 471 2651 παρὰ
483 2614 595 2650 πέτραις
608 2613 754 2649 ἀποτόμοις
768 2613 910 2649 πηγνύμε-

121 2670 167 2689 νον
178 2663 235 2693 τοῖς
257 2662 393 2693 νεοσσοῖς,
406 2661 436 2688 τὸ
453 2661 490 2697 μὴ
506 2662 591 2697 ῥᾷστα
607 2660 683 2696 παρά
694 2668 765 2692 τινος
780 2659 834 2686 τῶν
851 2659 911 2687 ὲπι-

121 2706 225 2734 δούλων
236 2706 448 2742 διαφθείρεσθαι,
463 2705 669 2742 κατεργάζεται.
688 2705 755 2732 Ἀλλ’
768 2706 782 2733 ὅ
793 2714 824 2741 γε
840 2705 910 2740 ὀφις,

123 2753 293 2784 ἀποπτάντος
301 2751 388 2779 αὐτῶν
404 2751 451 2778 τοῦ
468 2752 587 2787 πατρὸς,
605 2751 697 2787 ἐπειδὴ
715 2751 762 2778 καὶ
776 2751 812 2787 μὴ
829 2759 913 2788 προσ-

122 2798 243 2834 ιγγίζειν
259 2800 292 2834 τῇ
308 2799 389 2834 καλιᾷ
400 2798 523 2830 δύναται,
543 2798 647 2833 ἐπιχέει
666 2798 757 2830 autalt;
771 2797 913 2834 πόρρωθεν

158 2890 179 2906 ³¹
201 2888 251 2917 Job
269 2897 332 2917 xxix
345 2909 352 2922 ,
371 2889 397 2916 5.
437 2887 459 2904 ’⁸
479 2887 530 2915 lia.
546 2893 579 2914 ιι
591 2906 599 2920 ,
617 2886 643 2913 6.

961 2291 1085 2320 vocatus,
1101 2287 1258 2315 solitudinis
1272 2291 1314 2315 est
1328 2295 1434 2316 amans.
1450 2288 1574 2316 Declarat
1589 2297 1671 2324 porro
1685 2297 1750 2324 gen-

961 2330 997 2358 tis
1020 2330 1177 2357 vastitatem
1193 2335 1220 2358 et
1237 2331 1434 2365 solitudinem;
1452 2332 1532 2359 talem
1559 2331 1694 2364 videlicet,
1720 2336 1750 2358 ut

962 2384 1033 2404 unus
1048 2380 1153 2404 tantum
1169 2377 1210 2404 vel
1226 2376 1291 2410 duo,
1309 2382 1355 2404 aut
1371 2379 1450 2412 pauci
1461 2377 1608 2404 admodum
1623 2385 1748 2404 remane-

961 2427 1022 2450 rent
1039 2432 1046 2451 :
1062 2423 1150 2458 qualis
1167 2426 1226 2449 erat
1238 2422 1371 2450 Jeremias
1387 2427 1434 2449 aut
1456 2422 1573 2454 Baruch,
1587 2426 1634 2449 aut
1651 2422 1673 2450 si
1687 2423 1750 2457 quis

961 2468 1032 2496 alius
1045 2477 1078 2496 ex
1093 2468 1128 2496 iis
1147 2469 1194 2503 qui
1215 2472 1281 2495 tunc
1303 2468 1391 2495 relicti
1411 2472 1486 2499 sunt,
1502 2476 1533 2495 ex
1551 2475 1668 2503 quorum
1688 2475 1751 2503 per-

961 2523 1030 2544 sona
1044 2516 1101 2543 haec
1117 2517 1258 2544 dicuntur.
1282 2515 1387 2543 Similis
1405 2516 1469 2543 item
1484 2515 1616 2543 Dominus
1627 2519 1669 2543 est
1682 2515 1750 2543 soli-

962 2561 1032 2589 tario
1052 2561 1198 2597 pellicano,
1221 2561 1372 2590 secundum
1399 2561 1496 2588 miram
1512 2561 1570 2589 avis
1586 2561 1670 2596 hujus
1685 2568 1750 2596 erga

963 2606 1047 2636 fetum
1062 2608 1244 2635 affectionem.
1269 2607 1337 2635 Illud
1361 2608 1462 2643 quippe
1481 2607 1583 2634 animal
1598 2607 1704 2639 nidum,
1721 2608 1749 2634 in

962 2655 1047 2690 petris
1058 2661 1090 2682 ac
1103 2655 1248 2689 praeruptis
1263 2654 1394 2684 deﬁxum.
1412 2653 1494 2688 pullis
1510 2653 1569 2681 suis
1586 2653 1622 2680 ita
1639 2653 1750 2680 concin-

963 2704 1020 2733 nat,
1033 2705 1062 2727 ut
1078 2708 1093 2727 a
1109 2701 1252 2736 quibusvis
1268 2700 1477 2727 insidiatoribus
1491 2699 1571 2727 facile
1590 2699 1749 2727 labefactari

962 2754 1017 2775 non
1025 2746 1123 2782 possit.
1136 2745 1268 2781 At,patre
1286 2746 1423 2778 avolante,
1440 2753 1562 2781 serpens.
1575 2746 1639 2780 quia
1654 2745 1749 2773 nidum

962 2793 1039 2822 adire
1053 2792 1158 2829 nequit,
1172 2793 1249 2821 virus
1265 2800 1345 2821 suum
1361 2792 1428 2828 ipsis
1445 2792 1540 2828 procul
1553 2791 1680 2820 infundit.
1696 2790 1751 2818 0b-
