2044 3212
153 188 166 215 1
171 187 221 215 237

718 186 965 215 ΟΟΜΜΕΝΤΑΜΑ
988 187 1019 214 ΙΝ
1040 186 1208 215 PSALMOS.

1271 164 1316 195 ’θ’
1702 186 1771 214 42:8

152 246 193 276 εἰς
208 244 279 280 μέγα
296 244 374 280 δόξης
390 244 506 281 ἀρθέντα
520 246 565 272 τὸν
577 245 650 278 λαδν,
666 245 704 278 ὡς
716 245 783 272 Θεοῦ
798 245 861 272 λαὸν
871 253 938 281 χρη-

991 245 1059 272 riam
1085 245 1202 273 levatum
1219 245 1359 280 populum,
1374 244 1410 273 ita
1427 251 1456 272 ut
1472 245 1589 280 populus
1602 243 1650 273 Dei
1661 251 1773 272 vocare-

154 289 276 325 ματίσαι,
293 290 365 317 τόνδε
381 290 426 317 τὸν
442 289 514 317 οἷκον
530 291 596 317 Θεοῦ
614 291 794 326 ὀνομασθῆναι
807 290 852 318 διὰ
864 291 894 317 τὸ
908 292 937 317 ὲν

152 334 226 369 αὐτῷ
238 335 370 371 ἁγίασμα.
394 336 514 372 Ἐπάρας
527 337 573 363 καὶ
587 337 705 372 τιμήσας
719 337 733 362 ὁ
744 336 810 368 Θεὸς
820 336 936 372 ἐφαμίλ-

152 380 205 412 λως
220 381 252 416 τῇ
272 382 311 412 είς
326 381 391 416 ὕψος
405 382 517 419 ἀρθείσῃ
533 383 622 409 αὐτῶν
635 383 709 419 δόξῃ,
726 384 766 415 είς
779 383 808 409 τὸ
819 384 937 410 ἐναντίον

152 426 330 461 παραγαγὼν,
345 428 493 464 κατέρῤαξε
503 437 509 443 ·
522 429 567 455 τὸν
581 429 630 464 μὲν
643 430 725 456 τόπον
737 429 878 465 πολιορκίᾳ
891 438 939 456 πα-

153 472 249 507 ραδοὺς
272 473 318 499 καὶ
345 474 469 500 παντελεῖ
494 475 613 510 ἐρημίᾳ,
636 476 681 503 τὸν
699 476 727 503 δὲ
747 476 810 503 λαὸν
838 478 938 512 αἰχμα-

151 517 247 553 λωσίᾳ.

182 563 216 589 Al
229 562 333 597 ἡμέραι
341 573 402 598 μου
411 566 482 593 ὡσεὶ
498 566 570 594 σκιὰ
582 567 756 601 ἐκλίθησαν,
772 567 853 602 κάγὼ
867 568 938 594 ὡσεὶ

151 607 256 641 χόρτος
272 609 450 645 ὲξηράνθην.
476 612 564 639 Πᾶσα
573 612 628 647 γὰρ
647 612 725 647 σὰρξ
739 614 864 648 χόρτος,
890 614 937 640 καὶ

150 653 234 681 πᾶσα
247 655 322 688 δόξα
332 657 428 692 αὐτῆς
440 658 479 691 ὡς
498 658 589 692 ἄνθος
602 660 720 693 χόρτου.
751 660 835 686 Πάλιν
851 668 938 686 κοινο-

151 700 312 736 ποιούμενος
333 702 378 729 τὸν
399 704 462 739 περὶ
475 704 521 730 τοῦ
536 704 600 731 λαοῦ
618 705 711 739 λόγον,
727 704 857 739 ἐπιλέγει·
883 706 938 733 Kal.

150 745 207 779 ἐγὼ
219 747 290 773 ὡσεὶ
300 749 407 782 χόρτος
416 750 594 784 ἐξηράνθην.
610 751 651 778 Σὺ
663 751 706 783 δὲ,
721 752 818 785 Κύριε,
831 752 875 785 εις
887 752 939 778 τὸν

150 791 241 818 αἰῶνα
251 792 351 827 μένεις
360 815 367 825 ,
384 796 431 822 καὶ
452 796 485 822 τὸ
494 797 693 832 μνημόσυνόν
703 805 761 825 σου
778 799 822 831 εις
833 797 939 833 τεν-εὰν

151 838 199 865 καὶ
211 840 327 873 γενεάν.
339 840 378 866 Τὰ
392 841 440 876 μὲν
455 842 549 878 θνητὰ,
565 843 640 877 φησὶ,
653 844 700 870 καὶ
714 844 872 879 ἀνθρώπινα
885 854 939 871 τοι-

151 884 234 917 αῦτα,
252 883 295 912 οἷα
311 887 357 913 καὶ
371 887 531 922 δεδήλωται,
547 889 674 924 τυγχάνει
685 910 692 921 ,
708 891 877 925 εὐμετάϐολα
893 891 938 918 καὶ

991 295 1045 323 tur,
1062 298 1093 318 ac
1107 291 1205 318 domus
1222 291 1322 318 Domus
1336 290 1383 318 Dei
1400 292 1434 318 ob
1447 291 1634 319 sanctuarium
1647 290 1684 318 ihi
1702 292 1773 325 posi-

990 340 1048 363 tum
1065 336 1211 365 diceretur.
1231 336 1299 364 Cum
1316 341 1407 364 autem
1421 345 1436 364 a
1453 337 1508 365 Deo
1521 343 1630 366 erectus
1641 341 1668 365 et
1684 337 1772 365 hono-

990 386 1067 410 ratus
1091 382 1199 415 fuisset,
1220 383 1343 411 vicissim
1363 386 1457 419 postea
1473 384 1533 411 loco
1556 383 1629 411 illius
1647 383 1773 412 sublimis

991 428 1091 463 gloria,
1108 429 1136 456 in
1151 429 1320 456 contrarium
1335 428 1470 464 dejectum
1479 437 1551 461 eum,
1567 430 1674 457 allisum
1690 436 1706 455 a
1719 428 1774 456 Deo

992 473 1077 501 fuisse
1095 473 1144 506 ait,
1158 473 1197 500 ita
1211 477 1241 501 ut
1257 474 1346 502 locum
1363 474 1499 502 obsidioni
1511 480 1538 502 et
1552 478 1679 503 extremae
1689 477 1773 503 vasti-

992 519 1050 552 tati,
1070 519 1199 554 populum
1212 526 1276 546 vero
1287 519 1440 554 captivitati
1455 520 1583 547 traderet.

1027 564 1110 593 Vens.
1125 564 1220 592 12-14.
1238 565 1301 592 Dies
1315 566 1366 592 mei
1377 567 1446 593 sicut
1465 567 1560 593 umbra
1568 566 1773 599 declinaverunt,

991 614 1016 637 ct
1027 617 1074 644 ego
1088 610 1156 637 sicut
1167 610 1255 644 fenum
1271 610 1340 637 arui.
1362 609 1454 638 Omnis
1468 611 1538 638 enim
1554 620 1617 639 caro
1634 612 1732 646 fenum,
1750 617 1775 639 et

993 656 1076 682 omnis
1092 656 1178 691 gloria
1197 656 1254 690 ejus
1271 657 1348 690 quasi
1360 657 1410 691 ﬂos
1429 656 1521 691 feni".
1538 656 1660 685 Rursum
1674 657 1708 685 de
1726 666 1775 693 po-

993 702 1056 736 pulo
1078 709 1231 730 sermonem
1253 702 1331 737 quasi
1351 702 1403 729 sibi
1420 703 1561 738 proprium
1582 703 1697 731 ederens
1710 704 1775 731 sub~

990 748 1090 783 jungit,
1111 747 1145 774 Et
1163 756 1209 783 ego
1226 748 1294 774 sicut
1314 747 1402 782 fenum
1418 749 1489 776 arui.
1511 748 1550 775 Tu
1565 753 1664 782 autem,
1683 748 1777 776 Banti-

993 803 1034 826 ne,
1052 794 1080 821 in
1092 799 1218 821 teternum
1230 802 1378 829 permanes,
1392 798 1416 821 et
1432 794 1586 821 memoriale
1600 800 1673 821 tuum
1689 795 1717 822 in
1733 803 1777 830 ge-

992 841 1153 867 nerationem
1175 845 1200 867 et
1219 840 1422 875 generationem.
1444 839 1509 872 Res,
1526 840 1576 873 ait,
1596 841 1728 871 mortales
1750 845 1778 869 ct

992 885 1117 912 humana:
1144 886 1212 914 tales
1228 890 1302 917 sunt,
1320 885 1414 921 quales
1436 893 1519 920 supra
1534 886 1703 914 declaratum
1722 892 1775 919 est,

151 929 292 965 ἀνώμαλα,
302 932 427 959 οὐδέποτε
439 934 483 959 ἐπὶ
494 935 551 966 τοῖς
559 936 649 967 αὐτοῖς
661 936 774 971 μένοντα
783 946 789 952 ·
802 937 858 964 ἀλλ’
866 939 938 964 ἐπαι-

991 933 1134 960 mutationi
1157 933 1263 961 scilicet
1286 937 1313 961 et
1335 933 1541 968 inaequabilitati
1560 933 1695 967 obnoxiae,
1716 943 1777 970 qua:

153 978 265 1013 ρόμενα,
275 979 321 1004 καὶ
331 980 587 1015 καταρρηγνὺμενα,
600 981 739 1017 ὑψούμενὰ
748 992 777 1010 τε
788 984 835 1010 καὶ
844 993 939 1011 ταπει-

150 1023 287 1059 νούμενα,
307 1025 353 1051 καὶ
369 1026 499 1058 παντοίας
515 1027 618 1062 τροπὰς
640 1029 687 1055 καὶ
705 1030 854 1064 μεταϐολὰς
871 1030 938 1057 ὑπο-

150 1069 265 1105 μένοντα
279 1071 322 1097 ὂιὰ
333 1072 382 1107 τὴν
395 1072 422 1098 ἐν
434 1072 588 1108 ἀνθρώποις
601 1074 810 1111 πολιτευομένην
824 1077 922 1103 κακίαν
931 1085 938 1092 ·

107 1139 110 1143 ,
151 1117 183 1143 σὺ
196 1116 235 1148 δὲ,
245 1117 339 1152 Κύριε,
352 1118 426 1144 οὐδὲν
437 1118 505 1153 ἔχων
517 1119 611 1154 θνητὸν
623 1121 683 1147 οὐδὲ
695 1121 835 1162 ἐπίκηρον,
846 1123 885 1154 εἰς
895 1123 939 1149 τὸν

150 1162 236 1189 αἰῶνα
254 1162 343 1198 μένεις
353 1184 359 1195 ,
375 1164 418 1190 ἀεὶ
435 1165 504 1192 κατὰ
519 1166 552 1193 τὰ
567 1166 637 1193 αὐτὰ
651 1167 698 1193 καὶ
713 1167 844 1200 ὡσαύτως
859 1169 938 1204 ἔχων,

149 1209 187 1241 ὡς
202 1209 285 1241 ἀΐδιος
300 1211 347 1236 καὶ
360 1211 536 1243 ἀναλλοίωτος
546 1232 553 1244 ,
570 1214 616 1239 καὶ
631 1214 664 1239 τὰ
679 1214 751 1247 ἆπαξ
764 1215 816 1241 ὑπὸ
833 1215 880 1242 σοῦ
901 1217 939 1251 (l)

150 1255 315 1282 σαλευθέντα
327 1277 334 1289 ,
349 1257 395 1283 καὶ
409 1258 437 1283 ὲν
450 1258 600 1295 ἐπαγγελίᾳ
617 1260 795 1288 θεσπισθέντα
810 1262 885 1297 μένει
901 1264 940 1294 εὶς

150 1303 323 1337 μνημόσυνον
334 1303 427 1335 ἀΐδιον,
440 1305 456 1340 ἢ
471 1305 522 1331 κᾶν
536 1306 572 1341 μὴ
586 1307 618 1341 τῇ
632 1307 753 1343 παρούσῃ
769 1309 859 1343 γενεᾷ,
872 1308 940 1335 ἀλλὰ

149 1349 181 1383 τῇ
197 1348 330 1384 ἐρχομένῃ
346 1350 415 1376 κατὰ
431 1350 479 1386 τὴν
491 1351 657 1387 ψαλμῳδίαν.
686 1353 741 1379 Καὶ
757 1353 835 1380 τοῦτο
847 1352 893 1381 οὖν
910 1363 940 1381 σε

150 1393 268 1429 μάλιστα
289 1395 444 1430 ἐπικάμψαι
465 1397 567 1431 ὀφείλει
579 1419 586 1430 ,
605 1398 744 1432 Δέσποτα,
761 1400 801 1426 ὅτι
814 1401 869 1434 ἐγὼ
892 1401 940 1436 μὲν

149 1440 195 1466 καὶ
203 1441 250 1476 τὴν
260 1440 339 1475 φύσιν
348 1442 473 1478 τοιαύτην
487 1443 540 1479 ἔχω
549 1444 680 1480 ἐπίκηρον
690 1446 736 1472 καὶ
747 1446 938 1483 ὀλιγοχρόνιον,

149 1486 196 1511 καὶ
215 1488 367 1522 συμφοραῖς
384 1487 534 1524 συνεζύγην
555 1490 714 1522 τοσαύταιςο
736 1491 768 1517 σὺ
785 1492 812 1518 δὲ
834 1492 941 1524 αἰώνιος

148 1530 196 1556 καὶ
219 1531 367 1564 ἀθάνατος,
385 1533 454 1560 ὥστε
478 1535 629 1571 μεταϐολήν
644 1545 706 1563 τινα
728 1536 783 1563 τῶν
800 1538 941 1573 παρόντων

148 1577 243 1603 κακῶν
255 1578 353 1614 ῥᾳδίως
368 1580 400 1605 ἄν
419 1589 463 1615 μοι
478 1581 611 1617 χαρίσαιο.
633 1582 718 1609 Τοῦτο
731 1584 785 1620 γὰρ
796 1584 936 1621 ἐπιφέρει·

148 1622 190 1648 Σὺ
203 1623 337 1657 ἀναστὰς
344 1625 539 1659 οἱκτειρήσεις
550 1630 607 1661 τὴν
618 1628 705 1662 Σιὼν,
718 1629 761 1655 ὅτι
771 1630 873 1664 καιρὸς
884 1631 937 1658 τοῦ

148 1667 328 1702 οὶκτειρῆσαι
348 1669 461 1704 αὐτὴν,
486 1671 531 1698 ὅτι
552 1672 617 1705 ἤχει
639 1674 750 1708 καιρός.
768 1674 828 1708 Δὸς,
845 1677 936 1712 φησὶν,

148 1714 252 1748 ἀμείνω
273 1716 422 1752 μεταϐολὴν
438 1717 486 1752 τῆς
507 1719 661 1754 συμφορᾶςο
678 1720 691 1745 ὁ
707 1719 760 1755 γὰρ
777 1721 872 1756 καιρὸς
891 1721 937 1748 τὸν

148 1759 222 1786 ἔλεον
239 1761 362 1788 ὰπαιτεῖ¹
382 1763 584 1790 συντετέλεσται
599 1764 654 1800 γὰρ
670 1766 742 1801 ὁτῆς
752 1767 938 1804 ταλαιπωρίας

147 1805 226 1840 ἡμῶν
249 1807 352 1842 χρόνος.
386 1809 537 1836 Αίνίττεται
553 1810 581 1836 δὲ
596 1810 641 1837 διὰ
655 1811 758 1838 τούτων
774 1813 823 1847 τῆς
841 1815 897 1845 τοῖς
911 1814 936 1840 ο¹

147 1851 220 1878 ἔτεσι
232 1854 452 1890 περιωρισμένης
462 1856 594 1891 τιμωρίας
603 1858 651 1884 καὶ
661 1859 846 1893 αίχμαλωσίας
855 1860 886 1886 τὸ
895 1860 937 1886 τέ-

146 1897 202 1929 λος.
229 1898 308 1925 Οὒτω
331 1900 378 1926 καὶ
392 1901 406 1927 ὁ
430 1901 580 1936 θαυμάσιος
603 1904 700 1940 Δανιὴλ
713 1905 869 1941 ἀριθμήσας
888 1907 937 1942 τῆς

146 1945 336 1980 αἰχμαλωσίας
358 1947 402 1973 τὸν
425 1949 519 1984 χρόνον
543 1950 691 1986 προσφέρει
713 1951 761 1987 τὴν
786 1952 935 1989 ἱκετηρίαν,

146 1991 194 2017 καὶ
220 1992 326 2026 συνᾴδει
347 1993 451 2025 τούτοις
468 1995 518 2029 τῆς
542 1997 731 2031 πνευματικῆς
751 1998 884 2033 μελῳδίας
902 1999 937 2025 τὰ

185 2044 268 2072 ματα.
293 2038 347 2063 Καὶ
370 2039 384 2065 ὀ
407 2040 545 2075 Ζαχαρίας
566 2041 594 2067 δὲ
611 2042 828 2078 προσευχόμενος
846 2043 934 2077 ἔλεγε·

210 2090 234 2108 ιε
249 2083 454 2117 παι-τόκρατορ
465 2104 472 2116 ,
498 2085 586 2119 μέχρι
603 2087 674 2112 πότε
695 2087 730 2113 οὐ
744 2086 786 2121 μὴ
803 2087 936 2121 ἐλεήσῃς

146 2125 205 2161 τὴν
219 2128 420 2164 Ἰερουσαλὴμ,
430 2130 540 2164 καὶτὰς
547 2132 650 2164 πόλεις
665 2132 766 2164 Ἰούδα,
776 2132 813 2166 ᾱς
819 2133 936 2168 ὑπερεῖ-

147 2173 213 2206 δες;
230 2174 315 2201 τοῦτο
334 2175 556 2210 ἑϐδομηκοστὸν
569 2177 646 2210 ἔτος.
671 2178 894 2213 Προφητεύεσθαι
907 2180 936 2206 δὲ

147 2219 262 2247 ἐνταῦθα
278 2219 354 2256 οἶμαι
368 2222 415 2247 καὶ
431 2223 479 2258 τὴν
494 2223 523 2249 ὲν
535 2223 687 2259 ἀνθρώποις
701 2224 935 2260 Χριστοῦὲπιφά-

147 2274 230 2299 νειαν,
242 2267 329 2293 αἰτίαν
342 2267 473 2303 ἐσομένην
483 2268 529 2295 τοῦ
542 2269 782 2306 ἀνοικοδομηθῆναι
794 2271 842 2307 τὴν
854 2271 932 2306 Σιὼν,
950 2292 973 2320 D

146 2313 267 2339 τουτέστι
284 2313 331 2340 τοῦ
345 2314 509 2350 ἀνεῳχθῆναι
521 2315 551 2341 τὸ
561 2316 611 2350 τῆς
622 2316 761 2348 εὐσεϐείας
773 2317 932 2353 πολίτευμα.

146 2359 194 2391 Τίς
204 2359 233 2386 δὲ
242 2361 256 2386 ό
268 2360 431 2393 πολύευκτος
445 2361 490 2388 καὶ
504 2363 664 2397 τριπόθητος
673 2363 777 2398 καιρὸς,
791 2364 820 2390 ἐν
831 2360 852 2397 ᾧ
866 2364 934 2400 πλη-

147 2406 266 2441 ρωθῆναι
282 2406 388 2441 λέγεται
405 2408 438 2434 τὰ
453 2408 528 2443 παρὰ
541 2409 589 2443 τῆς
605 2408 672 2435 Σιὼν
687 2410 878 2445 ἐπηγγελμένα
889 2411 934 2443 ;Ὀ

144 2453 195 2488 τῆς
206 2453 378 2486 ἁναστάσεώς
391 2463 449 2487 σου,
458 2454 554 2491 Κύριε.
564 2456 639 2482 Ἐπεὶ
646 2456 698 2492 γὰρ
709 2457 758 2492 τὴν
769 2457 816 2483 τοῦ
829 2457 931 2492 κόσμου

144 2499 283 2535 ἁμαρτίαν
299 2498 364 2535 ἆραι
380 2500 524 2536 ἐλήλυθας·
543 2502 592 2528 οὐκ
606 2502 658 2528 ἔδει
672 2502 700 2528 δὲ
714 2503 758 2529 τὸν
773 2503 931 2539 τηλικοῦτον

143 2545 214 2581 ὑπὲρ
224 2545 321 2580 ὀλίγων
327 2547 493 2581 ἁμαρτωλῶν
505 2548 590 2574 ἐλθεῖν
601 2549 647 2575 καὶ
658 2549 752 2575 παθεῖν
760 2557 766 2564 ’
779 2550 823 2576 ὅτε
837 2550 931 2585 ἐνέστη

142 2593 157 2618 ὀ
172 2592 281 2628 χρόνος,
299 2593 360 2619 καθ’
373 2594 403 2620 ὃν
419 2594 525 2630 εἴρηται
539 2595 593 2627 ὅτι,
607 2605 614 2621 ι
630 2595 731 2627 Πάντες
745 2596 868 2632 ἥμαρτον
885 2597 932 2623 καὶ

144 2639 321 2674 ὑστεροῦνται
341 2640 391 2675 τῆς
406 2640 484 2676 δόξης
501 2641 547 2668 τοῦ
562 2642 628 2668 Θεοῦ
639 2662 646 2673 ,
668 2642 727 2669 τότε
744 2642 813 2670 ὑπὲο
831 2642 930 2673 παντδς

142 2685 249 2719 ἐγεύσω
264 2685 390 2713 θανάτου.
410 2695 418 2711 ι

178 2851 203 2869 ³⁸
220 2851 273 2879 Isa.
292 2860 341 2883 ιιι,
359 2851 385 2878 6.
424 2853 446 2868 ’⁵
463 2852 578 2881 Zachar.
597 2860 624 2886 ι,
643 2855 684 2881 12.
723 2856 745 2871 ’⁸
766 2855 844 2883 Rom.
866 2863 911 2888 nl,
928 2855 977 2881 ‘23.

172 2913 218 2965 >(i)
234 2929 359 2957 Mcndum
376 2930 448 2957 haud
464 2930 555 2958 dubie.

260 2977 398 3007 PA'I‘ROL.
421 2977 479 3007 GR-
506 2977 623 3008 XXIII.

990 987 1129 1014 nunquam
1141 980 1235 1008 eodem
1248 981 1276 1007 in
1295 984 1369 1008 statu
1387 984 1528 1014 maneant;
1544 982 1592 1008 sed
1607 981 1688 1008 tnodo
1699 982 1776 1009 exal-

990 1030 1062 1057 tatae,
1090 1034 1152 1054 mox
1174 1026 1279 1060 allisae;
1303 1026 1384 1054 modo
1399 1030 1506 1060 erectae,
1525 1034 1588 1054 mox
1613 1026 1725 1061 dejectaa
1737 1027 1777 1054 vi-

989 1072 1117 1104 dcantur,
1135 1079 1166 1099 ac
1190 1072 1369 1100 mutationem
1384 1073 1647 1109 conversionemque
1660 1074 1777 1108 quamli-

991 1118 1035 1144 bet
1046 1117 1172 1149 subeant,
1188 1118 1223 1146 ob
1241 1118 1390 1153 nequitiam
1408 1127 1469 1154 qua:
1486 1119 1557 1146 inter
1575 1119 1700 1147 homines
1718 1128 1778 1147 ver-

990 1167 1077 1190 satur.
1093 1164 1132 1190 Tu
1148 1167 1251 1197 autem,
1267 1163 1379 1191 Domine
1390 1184 1399 1198 ,
1416 1164 1464 1199 qui
1484 1164 1552 1192 nihil
1563 1165 1688 1198 mortale,
1709 1165 1777 1193 nihil

990 1210 1092 1238 ﬂuxum
1119 1211 1214 1244 habes,
1241 1211 1269 1239 in
1290 1215 1421 1239 aeternum
1445 1219 1601 1247 permanes,
1624 1219 1656 1239 ac
1672 1219 1778 1247 semper

990 1257 1085 1285 eodem
1097 1257 1188 1289 modo,
1203 1257 1300 1284 eodem
1317 1257 1344 1284 in
1360 1261 1434 1285 statu
1448 1258 1579 1290 versaris,
1594 1261 1686 1292 utpote
1700 1264 1779 1286 aucr-

991 1311 1043 1330 nus
1062 1307 1091 1330 et
1105 1303 1285 1330 immutabilis
1302 1313 1308 1330 :
1326 1310 1358 1330 ac
1374 1311 1435 1338 quae
1455 1304 1539 1331 semel
1561 1304 1611 1331 abs
1628 1308 1655 1331 te
1675 1307 1777 1331 statuta

992 1353 1066 1382 sunt,
1081 1353 1109 1377 et
1127 1350 1154 1377 in
1171 1350 1310 1378 vaticiniis
1331 1350 1468 1385 promissa
1492 1349 1614 1382 fuerunt,
1628 1350 1656 1377 in
1675 1357 1780 1377 memo-

993 1396 1058 1424 riale
1073 1397 1269 1431 sempiternum
1282 1400 1408 1428 manent,
1423 1396 1532 1424 etiamsi
1544 1404 1598 1424 non
1611 1397 1636 1423 in
1649 1397 1778 1431 praesenti

991 1443 1179 1478 generatione,
1203 1446 1231 1469 at
1252 1443 1280 1470 in
1297 1442 1389 1470 futura
1414 1443 1563 1471 secundum
1587 1442 1777 1478 psalmodiam.

991 1488 1080 1523 Atque
1092 1487 1145 1515 hoc
1161 1491 1198 1520 te,
1210 1487 1335 1520 Domine,
1352 1487 1470 1515 maxime
1481 1486 1590 1515 flectere
1600 1487 1682 1515 debet
1693 1507 1701 1520 ,
1714 1487 1779 1523 quia

991 1540 1041 1567 ego
1053 1532 1163 1568 quidem
1179 1532 1260 1560 talem
1277 1532 1363 1560 habeo
1378 1536 1516 1566 naturam,
1534 1532 1647 1565 ﬂuxam,
1667 1533 1778 1560 brevem

991 1582 1018 1605 et
1035 1579 1070 1604 ita
1086 1578 1293 1610 calamitosam;
1311 1582 1338 1605 tu
1359 1586 1423 1606 vero
1442 1583 1561 1606 aeternus
1573 1582 1601 1606 et
1613 1578 1778 1606 immortalis

989 1623 1086 1656 es;ita
1102 1628 1132 1650 ut
1157 1624 1334 1659 praesentium
1349 1624 1484 1651 malorum
1508 1625 1688 1652 mutationem
1712 1625 1779 1652 mihi

988 1678 1119 1706 perquam
1145 1671 1225 1698 facile
1253 1671 1412 1706 praebueris.
1437 1671 1466 1699 ld
1490 1678 1609 1706 namque
1629 1670 1722 1703 infert,
1738 1671 1779 1698 Tu

988 1727 1129 1754 exsurgens
1146 1718 1308 1745 misereberis
1331 1717 1410 1750 Sion,
1433 1717 1496 1752 quia
1517 1722 1617 1751 tempus
1638 1717 1779 1744 miserendi

988 1764 1056 1799 ejus,
1069 1765 1132 1800 quia
1147 1765 1216 1792 venit
1230 1769 1340 1799 tempus.
1358 1764 1405 1796 Da,
1419 1764 1517 1799 inquit,
1538 1763 1703 1791 calamitatis
1718 1771 1779 1790 mu-

988 1812 1118 1838 tationem
1145 1811 1171 1837 in
1195 1811 1292 1838 melius
1315 1820 1320 1837 :
1342 1817 1404 1837 nam
1429 1813 1538 1845 tempus
1559 1809 1779 1837 misericordiam

990 1857 1123 1895 postulat;
1146 1857 1264 1883 miseria:
1283 1855 1384 1891 quippe
1409 1859 1510 1884 nostra:
1531 1856 1694 1890 completum
1714 1862 1778 1890 spa-

988 1902 1056 1928 tium
1072 1906 1123 1928 est.
1142 1900 1190 1928 His
1203 1909 1286 1937 porro
1301 1901 1458 1929 subindicat
1475 1902 1603 1936 supplicii
1627 1902 1707 1929 annis
1732 1908 1777 1928 se-

988 1948 1130 1984 ptuaginta
1155 1948 1356 1983 circumscripti
1380 1952 1408 1976 et
1435 1948 1600 1983 captivitatis
1624 1948 1715 1975 linem.
1731 1947 1778 1974 Sic

988 1995 1052 2022 item
1081 1993 1176 2022 Daniel
1201 1994 1247 2022 ille
1274 1994 1427 2026 mirabilis,
1449 1994 1585 2027 recensita
1609 1994 1777 2029 captivitatis

988 2047 1122 2076 tempore,
1137 2041 1363 2076 supplicationem
1381 2040 1460 2068 oll‘ert
1476 2047 1571 2069 suam:
1590 2040 1685 2075 hisque
1698 2040 1777 2075 spiri-

987 2089 1069 2116 tualis
1096 2088 1221 2115 melodiae
1244 2087 1327 2115 verba
1355 2087 1496 2114 accinunt.
1528 2086 1674 2114 Zacharias
1711 2086 1777 2113 item

987 2134 1091 2162 orando
1105 2134 1213 2162 dicebat
1231 2143 1237 2161 :
1256 2133 1365 2160 Domine
1387 2133 1558 2167 omnipotens,
1576 2141 1707 2168 aequeque
1724 2140 1775 2159 mm

988 2181 1149 2208 misereberis
1159 2180 1320 2212 Jerusalem,
1342 2184 1367 2207 et
1388 2180 1526 2206 ciuitatum
1544 2179 1627 2210 Juda,
1648 2187 1713 2214 quas
1728 2179 1775 2206 de-

987 2227 1118 2261 spexisti.’
1135 2226 1176 2253 hic
1199 2226 1405 2262 septuagesima:
1426 2234 1510 2252 annus
1527 2226 1608 2252 est“.
1624 2224 1675 2252 Hic
1693 2225 1775 2252 etiam

987 2271 1165 2306 prmnuntiari
1188 2275 1254 2305 puto
1278 2270 1383 2299 Christi
1407 2270 1441 2298 ad
1465 2270 1592 2298 homines
1617 2270 1773 2302 adventum,

988 2317 1033 2352 qui
1059 2317 1085 2344 in
1103 2325 1186 2345 causa
1211 2317 1320 2344 futurus
1341 2320 1393 2350 est,
1410 2320 1440 2344 ut
1463 2319 1633 2344 restauretur
1655 2315 1732 2348 Sion,
1747 2315 1774 2343 id

988 2365 1039 2394 est,
1055 2366 1085 2389 ut
1104 2363 1212 2397 pietatis
1240 2362 1395 2390 institutum
1414 2363 1564 2397 aperiatur.
1580 2361 1658 2395 Quod
1683 2366 1774 2390 autem

988 2408 1055 2436 illud
1069 2413 1111 2436 est
1124 2408 1326 2444 optatissimum
1338 2412 1366 2435 et
1374 2407 1639 2436 desideratissimum
1655 2411 1772 2444 tempus,

987 2463 1042 2490 quo
1069 2454 1206 2489 implenda
1232 2462 1294 2482 esse
1314 2454 1456 2486 dicuntur,
1469 2461 1531 2489 quae
1551 2453 1584 2481 de
1608 2453 1691 2482 Sione
1710 2462 1775 2489 pro-

986 2501 1072 2529 missa
1093 2501 1175 2529 sunt?
1194 2500 1263 2527 Illud
1282 2504 1324 2527 est
1347 2504 1453 2535 tempus
1475 2500 1689 2528 resurrectionis
1704 2504 1772 2533 tute,

987 2548 1112 2576 Domine.
1124 2547 1194 2581 Quia
1208 2547 1280 2575 enim
1302 2551 1444 2582 peccatum
1463 2546 1559 2575 mundi
1575 2546 1713 2574 sublatum
1726 2555 1774 2574 ve-

986 2594 1071 2621 nisti:
1087 2601 1138 2621 nec
1152 2593 1295 2628 oportebat
1315 2596 1421 2619 tantum
1443 2590 1706 2621 illumServatorem
1724 2600 1773 2627 pro

986 2639 1080 2674 paucis
1102 2639 1291 2674 peccatoribus
1315 2638 1409 2666 venire
1433 2642 1460 2665 et
1484 2637 1556 2672 pati;
1573 2645 1636 2665 cum
1658 2638 1773 2665 instaret

986 2689 1104 2719 tempus,
1118 2692 1173 2719 quo
1185 2684 1288 2711 dictum
1301 2687 1352 2716 est,
1373 2693 1382 2709 ‹
1395 2682 1498 2711 Omnes
1517 2687 1667 2719 peccarunt
1676 2688 1703 2711 et
1713 2683 1773 2718 glo-

985 2731 1026 2757 ria
1039 2730 1087 2758 Dei
1100 2731 1284 2766 privamur“,
1298 2734 1366 2758 tunc
1380 2738 1431 2766 pro
1447 2730 1576 2759 omnibus
1593 2735 1708 2758 mortem
1725 2730 1772 2758 de-

983 2777 1107 2812 gustasti.
1126 2787 1135 2804 ι

1607 2979 1646 3009 ιθ
