2044 3212
297 165 364 192 1259

332 225 414 252 Vsus.
425 225 483 252 l5-l
491 225 649 258 [Quoniam
657 225 812 260 placuerunt
824 226 905 252 servis
915 226 967 253 tuis
975 225 1074 260 lapides
1092 230 1112 258 Α

295 272 353 307 ejus
367 277 391 298 et
403 271 502 305 pulveri
517 271 573 305 ejus
588 271 787 298 miserebantur.
805 270 838 297 Et
854 271 980 298 timebunt
990 277 1078 307 gentes

296 325 390 345 nomen
406 323 490 348 tuum,
508 317 630 350 Domine,
642 322 667 344 et
679 325 767 344 omnes
785 325 855 352 reges
865 317 978 352 gloriam
994 322 1076 345 tuam.

295 362 392 390 Merito
406 368 548 397 postquam
574 362 680 389 dixerat
703 361 839 396 placuisse
860 361 963 397 lapides
978 362 1078 397 prioris

295 408 397 444 populi,
422 409 543 443 gentium
568 407 736 435 vocationem
763 406 873 442 adjicit,
896 411 976 442 atque
1000 416 1078 443 apor-

294 454 348 482 tius
362 454 492 486 declarat,
511 458 575 481 tunc
589 461 635 481 eas
651 453 798 480 salutarem
814 453 937 480 timorem
953 458 1077 489 acceptu-

292 508 338 528 ras
358 503 386 528 et
409 499 492 527 Deum
515 499 636 526 culturas
663 507 734 527 esse.
761 499 848 534 [leges
879 503 969 527 autem
994 500 1073 533 dixit,

291 553 341 582 pro
351 545 453 581 regnis.
465 545 558 580 Neque
573 545 644 573 enim
655 546 697 573 vel
713 553 779 581 gens
806 546 848 573 vel
871 554 984 582 regnum
1008 552 1048 575 est
1066 568 1073 579 ,

289 591 363 627 quod
378 592 419 618 vel
441 599 472 619 ex
487 595 543 619 toto
557 591 598 618 vel
613 593 648 618 cx'
671 595 748 626 parte
773 592 886 627 gloriam
902 592 1002 620 Christi
1018 601 1073 621 non

290 642 441 665 verteretur.
459 637 591 670 Quoniam
603 637 745 671 redi/icabit
757 637 885 665 Dominus
898 637 973 671 Sion,
989 645 1013 666 et
1036 640 1074 666 vi-

287 683 391 711 dabitur
404 684 430 710 in
449 684 534 719 gloria
549 692 608 711 sua.
627 684 688 711 Alio
702 683 794 716 modo,
811 685 957 712 ardilicabit
979 685 1072 714 Domi-

287 737 340 757 nus
351 728 417 757 Sion
427 748 434 761 ,
457 729 483 756 id
498 732 549 761 est,
567 729 715 757 Ecclesiam
730 739 737 757 :
757 729 962 758 aediﬁcationem
981 737 1070 760 autem

287 774 360 802 illam
374 773 418 800 hic
429 773 559 806 declarat,
572 781 624 808 qua
642 778 737 809 gentes
753 783 802 810 per
815 775 894 803 [idem
915 777 1071 805 constituta

286 824 350 848 sunt
365 829 371 847 :
386 823 413 848 et
426 823 490 846 tunc
503 819 589 853 gloria
606 820 737 848 aﬂicietur
751 821 780 848 in
797 821 875 856 ipsis.

322 919 403 948 Vens.
424 920 516 950 18-25.
535 920 656 956 Respexit
674 922 701 948 in
714 923 858 950 oralionem
877 923 1029 956 humilium,
1044 929 1069 952 et

283 976 335 995 non
353 969 446 1002 sprevit
461 975 562 1002 precem
576 977 675 996 eorum.
704 968 842 996 Scribalur
855 970 910 997 hwc
923 971 950 997 in
961 979 1068 1006 genera-

284 1015 379 1042 tionem
395 1015 525 1047 alteram,
547 1020 572 1043 et
596 1015 707 1050 populus
723 1016 769 1051 qui
791 1016 924 1044 creabitur
946 1017 1067 1045 laudabit

282 1061 446 1089 Dominum:
460 1064 523 1098 quia
547 1063 680 1098 prospexit
709 1063 741 1090 de
764 1063 867 1090 excelso
887 1069 978 1090 sancto
1002 1072 1066 1097 suo,

281 1107 410 1136 Dominus
425 1108 457 1136 de
475 1109 538 1136 uelo
556 1109 583 1135 in
603 1114 701 1136 terram
724 1110 836 1144 aspexit,
853 1114 881 1135 ut
902 1110 1006 1136 audiret
1024 1117 1067 1144 ge-

277 1154 360 1181 mitus
374 1154 589 1188 compeditorum,
600 1160 628 1182 ut
642 1156 751 1183 solveret
762 1157 832 1191 ﬁlios
842 1157 1064 1191 interemptorum,

278 1200 480 1226 utvannuntient
494 1199 521 1226 in
536 1199 601 1227 Sion
615 1208 707 1228 nomen
724 1201 842 1234 Domini,
854 1206 878 1229 et
893 1201 998 1229 laudem
1009 1203 1066 1237 ejus

278 1246 305 1272 in
320 1245 479 1274 Jerusalem.
499 1246 532 1274 In
557 1247 729 1274 conveniendo
746 1247 855 1282 populos
879 1248 906 1274 in
922 1256 1020 1280 unum,
1040 1253 1066 1276 et

277 1299 348 1326 reges
359 1296 387 1318 ut
401 1293 516 1320 serviant
528 1292 650 1321 Domino.
666 1292 808 1328 Respondit
820 1294 844 1320 ei
860 1293 887 1320 in
906 1295 947 1321 via
961 1295 1065 1321 virtutis

276 1345 332 1365 suis
345 1346 354 1364 :
369 1338 536 1366 Paucitatem
552 1339 655 1367 dierum
679 1347 795 1379 meorum
814 1340 907 1367 nuntia
927 1341 1002 1368 mihi.
1023 1340 1065 1368 Ne

276 1391 378 1411 reuoces
390 1392 431 1411 me
445 1385 471 1412 in
486 1385 596 1412 dimidio
620 1385 723 1412 dierum
737 1392 864 1412 meorum.
893 1384 942 1412 Hic
958 1385 1065 1424 videtur

276 1429 343 1457 mihi
361 1431 538 1466 propheticus
549 1431 650 1459 chorus
663 1431 809 1459 sublimius
829 1431 984 1466 signiﬁcare
998 1439 1065 1467 gen-

274 1475 343 1503 tium
357 1483 405 1511 per
417 1475 586 1504 Salvatorem
605 1481 730 1504 nostrum
748 1477 917 1504 vocationem
930 1497 937 1509 ,
959 1477 1064 1512 lugere-

274 1530 326 1557 que
335 1522 408 1558 quod
416 1530 476 1549 eam
490 1522 542 1557 ipsi
558 1529 613 1550 non
629 1522 684 1550 sint
695 1522 848 1550 consecuti.
861 1523 889 1549 ln
908 1522 1062 1550 futurorum

658 163 793 192 EUSEBH
807 164 1043 192 CESARIENSIS
1058 164 1133 192 Ol‘l‘.
1155 164 1245 193 PARS
1258 164 1303 193 lll.
1323 181 1352 188 α-
1368 164 1571 192 ΕΧῖἶϐΕΤΙΟᾹ.

1848 166 1856 192 l
1864 166 1908 192 260

1157 227 1219 253 ’Ὁτι
1228 226 1399 260 εὐδόκησαν
1406 227 1433 253 οἱ
1439 224 1472 252 δο
1477 225 1542 252 ῦλοί
1549 232 1606 252 σου
1617 224 1686 257 τοὺς
1693 224 1797 257 λίθους
1806 224 1908 258 ausim,

1129 272 1178 299 καὶ
1184 273 1237 299 τὸν
1243 272 1318 306 χοῦν
1325 271 1420 306 αὐτῆς
1427 271 1656 305 οἱκτειρήσουσι.
1665 270 1719 297 Καὶ
1727 269 1909 304 φοϐηθήσον-

1128 327 1174 345 ται
1183 319 1218 346 τὰ
1225 318 1296 352 ἔθνη
1304 318 1337 344 τὸ
1348 317 1441 352 ὄνομὰ
1453 325 1522 348 σου,
1534 317 1632 350 Κύριε,
1646 315 1695 342 καὶ
1704 315 1815 348 πάντες
1827 317 1854 342 ei
1862 316 1912 347 βαι

1127 364 1223 397 σιλεῐς
1234 363 1291 398 τὴν
1301 363 1396 393 δόξαν
1409 371 1476 390 σου.
1491 363 1609 393 Εἰκότως
1620 361 1646 388 δὲ
1659 361 1760 396 μεταξὺ
1776 361 1823 387 τοῦ
1837 361 1908 387 εὐδο-

1128 411 1232 438 κεῖσθαι
1243 411 1305 442 τοὺς
1320 410 1409 442 λίθους
1422 409 1468 436 τοῦ
1482 409 1612 445 προτέρου
1627 408 1691 434 λαοῦ
1703 408 1751 443 τὴν
1764 407 1818 434 τῶν
1828 407 1908 434 ἐθνῶν

1127 457 1304 484 ὲπισυνάπτει
1319 456 1429 491 κλῆσιν,
1445 455 1491 483 καὶ
1507 455 1663 490 λευκότερον
1679 454 1858 490 παρίστησιν,
1870 454 1909 480 ὅτι

1127 504 1170 530 τὸν
1184 504 1315 539 σωτήριον
1329 502 1511 538 ἁναλήψοπαί
1524 510 1588 528 ποτε
1603 500 1683 536 φόϐον
1693 521 1700 534 ,
1721 500 1767 527 καὶ
1782 500 1908 535 θεοσεῦή-

1127 558 1226 576 σουσιν.
1247 548 1422 581 Οἶβασιλεῖς
1436 548 1464 575 δὲ
1476 546 1550 574 εἶπεν
1565 546 1624 573 ἀντὶ
1638 546 1684 572 τοῦ
1693 566 1700 578 ,
1709 546 1906 579 αιβασιλεῐαι.

1124 595 1161 622 Οὐ
1167 595 1221 631 γάρ
1230 596 1313 627 ἐστιν,
1321 595 1369 622 οὐκ
1377 594 1461 625 ἔθνος,
1471 594 1502 620 οὐ
1511 593 1665 629 βασιλεια,ὴ
1677 592 1714 628 μὴ
1723 592 1909 627 προσκυνοῦσα

1123 641 1171 676 τὴν
1187 641 1265 673 δόξαν
1277 640 1395 676 Χριστοῦ
1407 660 1414 672 ,
1430 640 1447 676 ἢ
1464 639 1578 666 καθόλου
1602 640 1618 675 ἢ
1642 639 1696 666 ἀπὸ
1718 639 1828 674 μέρους.
1846 639 1909 665 ’Ὅτι

1122 687 1313 722 οἰκοδομήσει
1328 687 1435 720 Κύριος
1456 686 1513 720 τὴν
1528 686 1619 718 Σιὼν,
1634 685 1683 713 καὶ
1699 685 1863 719 ὀφθήσεται
1875 686 1909 711 ἐν

1122 731 1160 766 τῇ
1177 732 1251 767 δόξῃ
1266 732 1369 759 αὑτοῦ.
1392 731 1507 766 Ἑτέρως
1522 731 1551 757 δὲ
1564 731 1735 766 οἰκοδομήσει
1749 730 1799 766 τὴν
1817 729 1885 756 Σιὼν
1895 731 1908 755 ὁ

1121 777 1233 814 Κύριος,
1247 777 1369 804 τουτέστι
1384 776 1432 812 τὴν
1450 775 1625 812 Ἐκκλησίαν·
1641 775 1783 811 οἰκοδομὴν
1797 776 1826 802 δὲ
1839 784 1908 811 φημι

1121 823 1182 850 καθ’
1198 823 1230 858 ἦν
1245 822 1355 858 ἐκτίσθη
1375 821 1410 848 τὰ
1425 821 1489 857 ἔθνη
1505 820 1548 847 διὰ
1567 821 1617 856 τῆς
1630 821 1764 853 πίστεων
1785 821 1833 848 καὶ
1849 822 1907 848 τότε

1120 868 1312 905 δοξασθήσεται
1326 868 1355 894 ὲν
1371 868 1472 899 αὐτοῖς.

1161 925 1342 959 Ἐπέΰλεψεν
1354 925 1403 952 ἐπὶ
1417 925 1475 959 τὴν
1489 924 1666 960 προσευχὴν
1677 923 1736 951 τῶν
1747 924 1905 957 ταπεινῶν,

1119 973 1167 1000 καὶ
1178 973 1233 1000 οὐκ
1247 972 1433 1004 ἐξουδένωσε
1448 971 1505 1005 τὴν
1521 971 1627 1005 δέησιν
1637 970 1745 998 αὐτῶν.
1759 972 1785 998 Γ
1781 971 1907 1005 pagatim

1117 1019 1192 1053 αὕτη
1215 1019 1259 1052 εἰς
1275 1018 1381 1053 γενεὰν
1394 1017 1516 1052 ἑτέραν,
1539 1017 1588 1044 καὶ
1610 1017 1684 1050 λαὸς
1700 1019 1717 1044 ό
1738 1016 1906 1051 κτιζόμενος

1117 1064 1231 1092 αἰνέσει
1257 1064 1311 1091 τὸν
1341 1065 1450 1099 Κύριον
1467 1072 1474 1079 ·
1509 1063 1553 1090 ὅτι
1574 1063 1724 1097 ἐξέκυψεν
1746 1062 1782 1095 ἐξ
1808 1063 1906 1098 ὕψους

1116 1112 1202 1146 ἁγίου
1215 1111 1319 1143 αὑτοῦ,
1338 1111 1441 1145 Κύριος
1452 1111 1487 1143 ἐξ
1495 1109 1624 1144 οὐρανοῦ
1636 1109 1686 1136 ἐπὶ
1699 1109 1757 1143 τὴν
1769 1108 1829 1144 γῆν
1839 1109 1906 1135 ἐπὲ‹

1117 1159 1220 1192 ϐλεψε,
1242 1158 1296 1185 τοῦ
1318 1157 1446 1184 ἀκοῦσαι
1473 1157 1526 1184 τοῦ
1545 1155 1715 1191 στεναγμοῦ
1735 1155 1796 1182 τῶν
1815 1163 1905 1182 πεπεο

1116 1202 1263 1238 δημένων,
1292 1202 1344 1229 τοῦ
1359 1202 1452 1229 λῦσαι
1474 1201 1545 1234 τοὺς
1561 1201 1645 1234 υἱοὺς
1660 1200 1720 1227 τῶν
1742 1202 1904 1227 τεθανατω-

1112 1249 1222 1285 μένων,
1239 1249 1292 1276 τοῦ
1307 1248 1480 1283 ἀναγγεῖλαι
1493 1248 1529 1275 ἐνν
1541 1247 1618 1275 Σιὼν
1631 1247 1664 1274 τὸ
1676 1247 1769 1282 ὄνομα
1781 1248 1903 1281 Κυρίου,

1115 1294 1165 1322 καὶ
1181 1294 1238 1329 τὴν
1252 1294 1371 1321 αἴγεσιν
1387 1293 1482 1320 αὐτοῦ
1504 1293 1539 1320 ἐν
1559 1293 1767 1328 Ἰερουσαλήμ.
1801 1293 1852 1320 ‘Er
1866 1293 1905 1326 τῷ

1115 1340 1304 1375 συναχθῆναι
1321 1339 1415 1373 λαοὺς
1425 1340 1474 1366 ἐπὶ
1486 1339 1520 1366 τὸ
1535 1340 1619 1371 αὐτὸ,
1633 1339 1681 1367 καὶ
1695 1339 1838 1372 ,βασιλεῖς
1851 1339 1905 1366 τοῦ

1114 1385 1271 1412 δουλεύειν
1278 1384 1317 1417 τῷ
1324 1385 1430 1418 Κυρίῳ.
1444 1384 1600 1418 Ἀπεκρίθη
1605 1382 1788 1415 αὺτῴὲνὸδῷ
1797 1382 1904 1416 ἰσχύος

1114 1431 1217 1459 αὐτοῦ·
1229 1433 1250 1459 Τ
1251 1431 1288 1464 ὴν
1300 1431 1457 1464 ὀλιγότητα
1468 1428 1526 1456 τῶν
1533 1428 1650 1464 ἡμερῶν
1655 1437 1715 1463 μου
1723 1427 1905 1463 ἀνάπ-γεμλόι·

1111 1487 1172 1512 μοι.
1189 1478 1237 1511 Μὴ
1247 1476 1402 1511 ἀναγάγῃς
1405 1485 1444 1510 με
1451 1476 1486 1502 ἐν
1496 1475 1597 1510 ἡμίσει
1608 1474 1725 1510 ἡμερῶν
1731 1483 1802 1509 μου.
1819 1475 1905 1510 Ὑψη-

1114 1523 1222 1560 λότερον
1237 1523 1264 1550 δὲ
1278 1523 1352 1550 δοκεῖ
1369 1531 1413 1558 μοι
1429 1522 1473 1549 διὰ
1487 1521 1589 1548 τούτων
1606 1521 1620 1547 ὀ
1635 1521 1805 1558 προφητικὺς
1823 1521 1905 1557 χορὸς

272 1576 391 1603 namque
413 1569 546 1596 honorum
573 1568 701 1600 adventu,
719 1570 829 1603 quando
851 1572 945 1603 gentes
971 1572 998 1595 et
1015 1576 1062 1596 ea-

1115 1570 1257 1605 σημαινειν
1277 1569 1325 1604 τὴν
1350 1568 1395 1595 διὰ
1415 1567 1461 1594 τοῦ
1485 1567 1610 1603 Σωτῆρος
1629 1567 1708 1602 ἡμῶν
1730 1567 1826 1602 κλῆσιν
1849 1567 1906 1593 τῶν

272 1623 334 1642 rum
344 1621 423 1650 reges
435 1622 490 1642 non
499 1615 571 1642 ultra
582 1614 686 1650 patrios
697 1614 846 1647 daemones,
855 1614 903 1642 sed
915 1614 1059 1642 Dominum

273 1661 442 1694 adorabunt;
455 1661 513 1692 tali,
527 1660 626 1695 inquit,
640 1664 763 1695 tempore
776 1660 862 1687 robur
876 1668 967 1687 meum
978 1669 1059 1688 ener-

271 1707 346 1734 vavit
363 1706 511 1739 Dominus,
527 1711 556 1734 ut
567 1707 625 1734 dies
645 1714 721 1735 meos
743 1707 955 1742 pmscinderet,
972 1715 1007 1734 ne
1024 1707 1058 1734 ad

272 1753 339 1781 illud
354 1756 462 1788 tempus
477 1753 643 1780 devenirem.
656 1752 840 1788 Propheticus
852 1753 943 1789 itaque
958 1754 1060 1782 chorus

271 1805 313 1829 est
328 1800 374 1836 qui
398 1799 560 1835 respondet,
583 1799 640 1826 sive
660 1799 751 1834 potius
775 1800 823 1835 qui
839 1800 987 1836 interrogat
1001 1805 1029 1828 et
1045 1809 1061 1828 a

271 1848 328 1875 Deo
342 1846 498 1875 sciscitatur
512 1845 601 1881 qualis
618 1845 709 1873 futura
729 1845 764 1873 sit
783 1846 837 1873 vita
864 1851 968 1874 nostra.
995 1846 1060 1873 Edi-

270 1900 349 1921 scere
358 1892 459 1927 quippe
476 1891 646 1927 per-optabat,
660 1899 725 1918 num
741 1891 775 1919 ad
790 1891 849 1919 dies
866 1892 927 1920 illos
943 1900 1059 1927 perven-

269 1943 331 1967 tura
348 1939 403 1966 vita
420 1938 480 1972 ejus
494 1941 584 1970 esset,
609 1938 687 1973 queis
713 1937 870 1966 incarnatus
896 1937 1057 1974 Unigenitus

268 1985 297 2011 in
312 1987 385 2011 terra
403 1983 614 2018 conspicicndus
639 1986 706 2010 crat.
731 1982 808 2010 Viam
838 1987 929 2010 autem
946 1984 1057 2012 virtutis

268 2031 329 2065 ejus
344 2034 422 2057 vocat
436 2030 522 2064 ipsius
537 2030 565 2056 in
577 2035 678 2057 terram
696 2029 842 2056 adventum
861 2039 869 2057 :
883 2030 958 2057 venit
984 2031 1057 2058 enim

269 2080 298 2102 ut
314 2074 411 2102 fortem
429 2074 505 2101 illum
524 2075 664 2110 alligaret;
690 2074 835 2102 dimidium
859 2083 924 2102 vero
950 2076 1056 2104 dierum

268 2126 392 2152 suorum,
408 2127 455 2146 seu
469 2119 532 2146 vita
551 2127 616 2152 sum,
631 2119 698 2146 illud
714 2120 780 2146 dicit
806 2122 936 2155 spatium.
952 2129 1007 2156 quo
1031 2123 1057 2149 in

267 2167 496 2203 contemplatione
507 2167 567 2202 ejus
579 2168 733 2202 praesentiae
750 2167 860 2196 futurus
878 2173 947 2196 erat.
967 2169 1056 2205 lloga—

266 2213 314 2240 hat
328 2220 395 2248 ergo
409 2212 516 2247 impleri
530 2216 617 2239 totum
635 2213 696 2240 vita:
707 2220 764 2240 sua:
779 2218 886 2248 tempus
899 2234 907 2246 ,
928 2218 954 2241 et
977 2215 1057 2249 quasi

1113 1615 1215 1642 ἐθνῶν·
1233 1614 1432 1642 ἁποκλαίεσθαι
1446 1613 1493 1646 δὲ,
1521 1614 1562 1640 ὅτι
1589 1613 1627 1648 μὴ
1645 1613 1692 1640 καὶ
1712 1613 1790 1639 αὐτοὶ
1806 1612 1904 1648 ἔτυχον

1113 1659 1224 1694 ταύτης.
1246 1660 1289 1686 Ἐν
1308 1659 1363 1695 γὰρ
1376 1660 1409 1694 τῇ
1425 1659 1479 1686 τῶν
1494 1657 1643 1694 μελλόντων
1666 1657 1776 1692 ἀγαθῶν
1799 1667 1904 1694 napo-a-

1113 1707 1168 1742 σίᾳ,
1180 1706 1224 1732 ὅτε
1236 1705 1270 1732 τὰ
1283 1705 1346 1740 ἔθνη
1358 1705 1405 1731 καὶ
1416 1705 1441 1731 οἱ
1452 1704 1554 1731 τούτων
1567 1704 1686 1740 βασιλεῖς
1696 1704 1902 1740 λατρεύσουσιν,

1111 1751 1202 1778 οὐκέτι
1216 1753 1272 1783 τοῖς
1298 1744 1435 1786 πατρῴοις
1454 1751 1572 1786 δαίμοσι,
1597 1750 1666 1778 ἀλλὰ
1689 1750 1727 1786 τῷ
1741 1751 1854 1786 Κυρίῳ·
1873 1752 1904 1777 ἐν

1111 1797 1186 1833 αὐτῷ
1201 1797 1232 1833 δὴ
1246 1797 1285 1832 τῷ
1299 1797 1414 1833 τοιούτῳ
1425 1797 1522 1833 καιρῷ,
1543 1797 1592 1832 τὴν
1609 1796 1690 1832 ἐμὴν,
1708 1797 1802 1832 φησὶν,
1823 1797 1904 1831 ἰσχὺν

1111 1843 1251 1870 ἐκάκωσεν
1264 1845 1278 1870 ὁ
1292 1844 1403 1880 Κύριος,
1423 1843 1573 1870 κολοὸὦσαι
1597 1842 1646 1874 τὰς
1661 1843 1781 1878 ἡμέρας,
1809 1843 1848 1875 ὡς
1862 1843 1903 1878 μὴ

1111 1890 1212 1924 φθάσαι
1229 1889 1302 1924 κάμὲ
1320 1890 1360 1921 εἰς
1382 1891 1486 1916 ἐκεῖνον
1511 1889 1557 1916 τὸν
1574 1889 1680 1924 καιρόν.
1716 1889 1744 1915 '0
1761 1897 1902 1924 προςητιτ

1111 1934 1158 1967 κὸς
1175 1934 1224 1971 μὲν
1239 1932 1285 1961 οὖν
1303 1935 1362 1961 ἐστι
1383 1934 1462 1970 χορὸς
1479 1934 1494 1960 ὁ
1510 1933 1736 1968 ἀποκρινόμενος,
1754 1933 1814 1968 ἤτοι
1831 1934 1903 1968 ὲρωο

1109 1980 1163 2008 τῶν
1180 1980 1227 2008 καὶ
1241 1980 1329 2015 λέγων
1346 1980 1414 2016 πρὸς
1435 1981 1480 2007 τὸν
1497 1979 1564 2006 Θεὸν
1585 1980 1676 2011 ὁποῖος
1693 1979 1770 2006 ἔσται
1792 1981 1807 2006 ὀ
1828 1980 1902 2014 ὴμέ-

1108 2035 1187 2063 τερος
1201 2027 1268 2062 βίος.
1286 2026 1390 2062 Ιίὓχετο
1401 2026 1456 2062 γὰρ
1469 2025 1565 2061 μαθεῖν
1582 2026 1607 2051 εἰ
1627 2025 1755 2059 φθάσειεν
1769 2026 1810 2057 εἰς
1825 2026 1872 2060 ex;

1110 2035 1187 2063 τερος
1201 2027 1268 2062 βίος.
1286 2026 1390 2062 Ιίὓχετο
1401 2026 1456 2062 γὰρ
1469 2025 1565 2061 μαθεῖν
1582 2026 1607 2051 εἰ
1627 2025 1755 2059 φθάσειεν
1769 2026 1810 2057 εἰς
1825 2026 1839 2051 ὲ
1861 2033 1872 2045 ε

1110 2082 1157 2105 νας
1167 2073 1216 2105 τὰς
1228 2073 1336 2109 ἡμέρας
1350 2074 1366 2108 ἡ
1384 2072 1441 2107 ζωὴ
1453 2072 1547 2104 αὐτοῦ,
1573 2071 1633 2098 καθ’
1647 2071 1679 2103 ἃς
1695 2071 1808 2106 ἔμελλεν

1109 2120 1257 2155 θρωπήσας
1274 2120 1321 2146 ἐπὶ
1333 2119 1384 2154 γῆς
1400 2119 1544 2153 φαίνεσθαι
1556 2119 1570 2145 ὁ
1587 2119 1752 2154 Μονογενής.
1776 2119 1853 2145 Ὀδὺν
1866 2118 1900 2146 δὲ

1110 2165 1201 2200 ἰσχύος
1210 2165 1291 2192 αὑτοῦ
1307 2165 1355 2201 τὴν
1368 2165 1414 2192 ἐπὶ
1425 2165 1475 2201 γῆς
1485 2165 1636 2200 παρουσίαν
1653 2164 1730 2191 καλεῖ
1742 2173 1748 2179 ι
1764 2162 1829 2200 ἦ).οε
1842 2166 1901 2200 γὰρ

1108 2211 1152 2237 ἵνα
1166 2211 1234 2246 δήσῃ
1246 2211 1291 2237 τὸν
1305 2210 1424 2246 ἰσχυρόν.
1440 2211 1543 2245 ’Ἡμισυ
1555 2209 1582 2236 δὲ
1593 2210 1647 2236 τῶν
1658 2209 1754 2236 ἑαυτοῦ
1771 2211 1824 2244 ἡμε
1830 2210 1898 2245 ρῶν,

268 2259 380 2294 produci
397 2259 480 2286 vitam
492 2266 580 2291 suam,
596 2263 628 2286 ut
641 2258 727 2294 ipsius
749 2266 840 2286 rerum
861 2264 977 2290 eventus
991 2268 1057 2288 con-

1114 2258 1167 2293 ῆτοι
1181 2258 1232 2293 τῆς
1259 2258 1341 2293 ζωῆς,
1371 2257 1402 2283 τὸ
1425 2256 1493 2288 τέως
1522 2258 1550 2283 ὲν
1579 2256 1680 2292 θεωρίᾳ
1703 2255 1830 2290 γενέσθαι
1848 2255 1900 2290 τῆς

268 2310 362 2340 spectu
373 2305 548 2340 dignaretur;
568 2305 605 2331 ita
626 2305 698 2332 enim
721 2304 843 2332 futurum
862 2309 921 2332 erat
943 2310 973 2333 ut
998 2310 1055 2334 tota

267 2352 322 2379 vita
336 2351 395 2387 ej-us
416 2352 584 2387 impleretur.
599 2350 705 2378 Interea
717 2350 801 2382 enim,
821 2351 868 2384 ait,
882 2351 908 2378 in
926 2353 1055 2387 praesenti

267 2398 332 2425 dum
347 2398 404 2425 hazc
422 2398 586 2433 praenuntio,
604 2404 636 2424 ac
652 2396 742 2424 futura
754 2398 891 2433 prospicio
902 2417 910 2430 ,
938 2398 965 2425 in
978 2404 1055 2433 parte

267 2443 322 2471 diei
339 2443 385 2471 Dei
400 2444 566 2472 constitutus
591 2444 704 2471 videor:
731 2444 851 2478 reliquus
871 2449 962 2472 autem
987 2445 1054 2472 mihi

267 2493 309 2516 est
323 2489 382 2524 ipse
401 2498 493 2517 rerum
519 2490 761 2526 praanuntiatarum
780 2495 956 2525 conspectus,
972 2499 1054 2526 quem

267 2543 292 2562 ει
316 2543 485 2570 consequar,
502 2540 589 2564 totum
603 2537 665 2564 vita:
681 2543 747 2563 mea!
769 2543 884 2564 cursum
900 2537 1052 2572 accipiam;

266 2582 309 2609 sin
329 2589 441 2617 scopum
456 2583 588 2610 orationis
604 2591 672 2610 mea:
696 2591 750 2610 non
774 2583 926 2618 attingam,
954 2583 1055 2611 similis

267 2636 314 2656 cro
332 2628 365 2655 iis
379 2628 427 2662 qui
446 2628 474 2654 in
497 2628 610 2656 dimidio
630 2629 735 2656 dierum
753 2629 899 2656 immature
915 2633 941 2656 et
957 2629 1056 2656 intem-

266 2675 371 2710 pestive
386 2673 469 2700 vitam
480 2673 674 2708 deposuerunt.
690 2673 860 2709 Videturque
874 2674 939 2700 mihi
959 2673 1056 2700 Serva-

266 2726 354 2748 torem
382 2724 504 2747 nostrum
524 2721 560 2747 ob
579 2721 624 2747 illa
642 2721 836 2756 prophetarum
853 2727 915 2748 vom
931 2720 1052 2747 dixisse:

257 2767 347 2795 .Multi
363 2766 494 2802 propheta:
509 2771 532 2793 et
543 2767 612 2801 justi
632 2767 768 2794 voluerunt
782 2768 868 2794 videre
885 2775 943 2801 qum
956 2775 1000 2794 ros
1017 2767 1055 2793 vi-

266 2814 344 2845 detis,
358 2818 444 2839 etnon
463 2812 599 2844 viderunt;
614 2818 638 2839 et
654 2813 746 2839 audire
760 2821 818 2848 quia
832 2813 942 2845 auditis,
960 2817 984 2839 et
1002 2821 1054 2839 non

262 2860 454 2888 audierunt".
489 2859 645 2886 Secundum
675 2858 816 2886 historiam
841 2866 905 2886 vero
935 2858 1052 2886 dixerit:

303 2920 324 2935 ³⁷
345 2917 439 2946 Matth.
459 2925 519 2949 Mli,
539 2915 578 2942 Η.

1110 2304 1280 2339 ἐπιφανείας.
1297 2302 1401 2338 “lixa-ro
1414 2301 1461 2329 οὖν
1473 2302 1649 2338 πληρωθῆναι
1669 2302 1714 2328 τὶν
1731 2302 1791 2328 ὅλον
1811 2303 1898 2328 αὑτοῦ

1107 2351 1213 2386 χρόνον,
1232 2350 1278 2376 καὶ
1297 2346 1353 2376 οἷόν
1370 2357 1398 2375 τε
1417 2347 1622 2384 παρεκταθῆναι
1641 2348 1690 2383 τὴν
1711 2347 1783 2382 ζωὴν
1801 2348 1898 2379 αὐτοῦ,

1107 2397 1180 2428 ὅπως
1204 2395 1236 2422 ἂν
1260 2395 1308 2422 καὶ
1326 2395 1411 2430 αὐτῆς
1427 2395 1475 2429 τῆς
1491 2394 1544 2420 τῶν
1565 2393 1736 2429 πραγμάτων
1754 2394 1900 2424 ἐκϐάσεως

1108 2441 1328 2477 καταξιωθῆναν
1364 2441 1435 2467 οὕτω
1456 2440 1510 2476 γὰρ
1532 2440 1644 2476 ἔμελλεν
1672 2441 1688 2475 ἡ
1719 2440 1794 2466 πᾶσα
1813 2440 1899 2467 αὑτοῦ

1108 2488 1164 2524 ζωὴ
1182 2487 1361 2523 πληροῦσθαι.
1376 2486 1449 2517 Τέως
1463 2486 1512 2521 μὲν
1525 2486 1589 2521 γὰρ,
1606 2486 1698 2520 φησιν,
1708 2484 1755 2510 ἐπὶ
1763 2485 1810 2511 τοῦ
1826 2494 1899 2520 παρ-

1107 2536 1192 2567 όντος,
1209 2535 1253 2561 ὅτε
1269 2534 1356 2560 ταῦτα.
1369 2532 1547 2570 προφητεύω,
1567 2532 1614 2558 καὶ
1642 2531 1772 2566 μέλλοντα
1786 2532 1898 2557 ἔσεσθαι

1108 2580 1226 2617 προορῶ,
1244 2579 1321 2606 ἔοικα
1336 2580 1364 2606 ἐν
1382 2578 1459 2614 μέρει
1482 2578 1588 2613 ἡμέρας
1612 2576 1681 2604 εἶναι
1697 2577 1782 2603 Θεοῦ·
1806 2577 1897 2603 λείπει

1107 2627 1192 2662 δέμοι
1217 2628 1233 2662 ἡ
1256 2626 1374 2661 αὐτοψὶα
1390 2626 1440 2661 τῆς
1460 2624 1514 2652 τῶν
1537 2624 1787 2660 προφητευομένων
1813 2624 1897 2650 ἐκδά-

1107 2670 1222 2708 σεως,ἦς
1230 2672 1254 2698 εῐ
1262 2671 1382 2707 τύχοιμι,
1390 2671 1496 2697 τελείαν
1503 2670 1622 2705 λήψομαι
1629 2670 1678 2705 τὴν
1685 2668 1804 2704 ἐμαυτοῦ
1811 2668 1894 2703 ζωήν·

1107 2721 1130 2745 εἰ
1141 2718 1171 2746 δὲ
1184 2718 1327 2753 ἁστοχήσω
1338 2717 1386 2752 τῆς
1408 2716 1499 2751 εὐχῆς,
1514 2715 1590 2742 ἔοικα
1603 2717 1659 2747 τοῖς
1671 2716 1699 2742 ὲν
1711 2715 1807 2750 ἡμίσει
1824 2716 1897 2748 ἠμε-

1108 2764 1162 2801 ρῶν
1181 2764 1230 2799 τὴν
1247 2762 1320 2798 ζωὴν
1335 2762 1418 2797 ἀτελῆ
1431 2762 1478 2788 καὶ
1493 2761 1584 2796 ἄωρον
1600 2760 1818 2795 ἀποτιθεμένοις.
1837 2758 1891 2786 Καί

1108 2817 1153 2844 μοι
1174 2808 1248 2835 δοκεῖ
1263 2807 1307 2834 διὰ
1324 2807 1372 2839 τὰς
1398 2805 1523 2838 τοιαύτας
1551 2805 1605 2832 τῶν
1630 2804 1778 2840 προφητῶν
1809 2803 1891 2839 εὐχὰς

1106 2855 1119 2880 ὁ
1136 2853 1229 2889 Σωτὴρ
1251 2852 1329 2889 ἡμῶν
1351 2851 1513 2888 εἰρηκέναι·
1537 2850 1648 2878 Πολλοὶ
1668 2848 1817 2883 προφῆται
1839 2847 1890 2874 καὶ
