2044 3212
139 193 204 220 ιξει

693 188 943 217 ϐΟὶῙΜΕΝΤΑῐῖΙΑ
963 187 997 215 IN
1017 186 1186 215 PSALMOS.

1265 191 1302 221 ιο
1314 185 1345 205 ν
1685 185 1753 215 me

136 251 244 276 δίκαιοι
265 249 458 282 επεθύμηιίαι·
476 247 549 273 ἰδεῖν
566 247 583 273 ιῖ
604 246 686 280 ὑμεῖς
707 247 848 278 βλέπετε,
872 245 920 272 καὶ

981 244 1040 270 )um
1054 250 1096 271 me
1108 242 1244 270 inﬁrmum
1255 245 1280 268 et
1294 246 1435 277 gravatum
1447 249 1540 273 cerno,
1553 241 1679 276 suspicor
1687 240 1753 268 mihi

136 297 191 323 οὺχ
202 293 293 326 εἶδον,
313 294 360 320 καὶ
375 294 501 320 ἁλοῦσαι
517 293 535 319 ti
548 293 681 324 ἀκούετε,
697 293 744 318 καὶ
759 294 813 319 οὐκ
829 291 920 326 ἤκου-

136 346 205 364 σαν.
225 336 302 363 Κατὰ
317 337 344 363 δὲ
359 336 406 371 τὴν
425 336 544 372 ἱστορίαν
556 357 562 368 ,
577 336 697 367 Βλέπων,
715 337 806 371 φησὶν,
835 337 919 372 ἐμαυ-

135 382 180 407 τῖιν
197 380 342 407 ἀτονοῦντα
359 380 406 407 καὶ
424 380 615 416 βαρυνόμενον,
632 381 720 415 ὀλίγον
736 381 917 417 ὑπολαμϐάνω

135 427 230 462 καιρὸν
245 427 435 462 ὑπολελεῖφῡαὶ
451 436 495 462 μοι
515 427 595 462 ζωῆς.
611 427 655 462 Μὴ
668 426 715 454 οὖν
735 428 919 463 ὲκδημήσαιμι

133 472 181 499 τοῦ
206 473 330 508 σώματος
355 474 383 499 ἐν
406 473 444 508 τῷ
467 474 561 508 ἡμίσει
582 475 629 500 καὶ
656 474 746 500 ἀτελεῖ
769 474 823 500 τῶν
850 475 917 509 ἡμε-

137 518 200 555 ρῶν.
225 520 272 545 Ἐν
299 519 385 554 γενεᾷ
414 519 523 554 γενεῶν
537 520 571 546 τὰ
585 520 636 553 ἔτη
663 528 730 546 σου.
752 520 918 554 Ἀναγκαίως

135 564 292 600 προειπώνσ
318 565 364 599 Μὴ
385 565 537 600 ἀναγάγῃς
556 575 594 600 με
619 565 653 592 ἐν
678 567 779 601 ἡμίσει
803 566 919 600 ἡμερῶν

132 620 203 645 μου,
216 610 363 646 εὐξάμενός
386 620 415 637 τε
435 612 595 647 παραθεῖναι
618 612 667 648 τὴν
689 613 760 647 ζωὴν
776 612 854 647 μέχρι
869 612 918 646 τῆς

137 656 275 688 ὲκῦάσειυς
291 657 343 683 τῶν
356 658 611 693 προψητευομένων,
631 659 731 693 συνορᾷ
744 658 775 684 τὸ
791 658 919 684 ἀδύνατον

136 701 180 728 διὰ
195 702 224 728 τὺ
239 702 350 734 ἀσθενὲς
364 703 410 729 καὶ
424 703 604 738 ὀλιγοχρόνιον
619 704 666 738 τῆς
681 703 779 738 θνητῆς
795 703 901 737 φύσεως
912 712 918 719 ·

136 744 196 773 εἶτα
213 747 263 782 ἔφη
278 755 284 761 ·
304 747 353 773 Σοῦ
368 747 459 782 μόνον,
475 747 571 783 Κύριε,
589 748 622 774 τὰ
640 748 686 783 ἔτη
707 749 745 779 εἰς
762 748 856 782 γενεὰν
873 750 919 775 καὶ

137 791 233 825 γενεὰν
251 792 375 819 διατείνει
389 801 395 807 ·
415 793 461 819 καὶ
485 793 516 819 σὺ
533 793 607 828 ἥξεις
631 794 670 825 εἰς
692 794 798 830 ἐκείνην
816 795 863 831 τὴν
876 804 922 829 γε·

971 289 1101 324 perbreve
1113 293 1219 323 tempus
1235 288 1295 315 vita:
1314 287 1452 315 residuum
1469 295 1538 315 esse.
1560 287 1599 315 Ne
1613 287 1705 322 itaque
1727 288 1754 314 in

970 334 1085 361 dimidio
1105 334 1210 361 dierum
1239 336 1266 360 et
1293 333 1436 360 immature
1459 340 1474 359 a
1496 340 1610 367 corpore
1646 333 1756 368 prolici-

971 387 1042 407 scar.
1061 379 1094 406 In
1105 380 1270 414 generatione
1281 379 1478 414 generationum
1489 380 1552 405 anni
1565 380 1614 406 tui.
1628 380 1696 406 Cum
1713 379 1755 406 di-

972 427 1068 458 xisset,
1083 425 1124 452 Ne
1140 434 1242 453 reuoces
1257 434 1297 452 me
1314 426 1340 451 in
1349 424 1461 452 dimidio
1473 425 1573 452 dierum
1586 434 1714 458 mearum,
1724 433 1756 453 ac

971 478 1093 509 rogasset
1108 473 1192 500 vitam
1209 480 1286 501 suam
1304 481 1391 508 usque
1415 472 1449 500 ad
1475 481 1565 500 rerum
1590 474 1756 507 praenuntia-

972 524 1061 546 tarum
1074 523 1200 547 eventum
1216 520 1373 555 prorogari;
1390 518 1463 546 videt
1479 518 1529 545 hoc
1546 519 1580 546 ob
1595 519 1756 546 imbecillam

973 570 999 594 et
1013 567 1113 593 ﬂuxam
1137 566 1259 593 mortalis
1284 569 1389 592 naturae
1413 565 1598 592 conditionem
1621 565 1677 592 ﬁeri
1704 573 1759 592 non

974 621 1068 647 posse;
1082 612 1179 640 deinde
1197 612 1250 639 ait:
1267 611 1321 639 Tui
1344 604 1428 639 solius
1444 612 1519 642 anni,
1537 610 1660 643 Domine,
1677 611 1703 638 in
1718 619 1760 646 ge‘

974 658 1139 685 nerationem
1164 662 1190 684 et
1215 657 1414 692 generationem
1437 657 1650 691 producuntur:
1679 661 1761 691 tuque

974 704 1116 739 pervenies
1141 704 1175 731 ad
1201 704 1274 730 illam
1291 705 1492 738 generationem
1510 708 1537 730 et
1553 703 1683 739 populum
1701 723 1708 735 ,
1729 704 1762 730 de

974 750 1073 785 quibus
1086 751 1211 785 superius
1225 750 1383 778 dicebatur:
1398 750 1538 777 Scribatur
1557 750 1611 777 lucc
1638 750 1665 777 in
1684 757 1764 785 gene-

977 797 1105 823 rationem
1118 796 1240 827 alterum,
1259 800 1285 823 ct
1299 801 1407 823 caetera.

138 840 211 871 νεὰν,
232 841 356 867 κάκεῖνον
375 841 418 867 τὸν
432 841 505 872 λαὸν,
520 842 582 877 περὶ
596 839 632 868 ὧν
650 843 777 879 ἀνωτέρω
793 844 917 878 ἐλέγετο·
934 844 1079 878 Γραρήτω
1091 844 1166 877 αὕτη
1185 844 1228 876 εὶς
1241 843 1298 876 τὴν
1320 842 1424 878 γενεὰν
1447 841 1562 876 ἑτέραν,
1580 842 1672 868 καὶτὰ
1688 841 1761 877 ἑξῆς.

177 886 246 911 Κατ’
278 886 372 920 ἀρχὰς
391 886 447 919 τὴν
476 885 534 920 γῆν
551 887 608 918 σὺ,
644 888 740 921 Κύριε,
765 888 921 922 ἐθεμελίω-

1012 888 1094 918 Vnns.
1118 889 1211 917 26-29.
1239 888 1321 916 Initio
1350 894 1390 921 tu,
1423 888 1547 920 Domine,
1575 893 1673 915 terram
1706 888 1765 923 fun-

138 939 206 963 σας,
224 931 272 957 καὶ
286 931 356 965 ἔργα
376 931 433 958 τῶν
447 931 553 966 χειρῶν
572 932 628 959 σού
647 933 726 959 εἰσιν
744 935 770 959 οἱ
789 935 919 967 οἱερανοί.

139 976 228 1002 Αὐτοὶ
245 977 440 1008 ἀπολοῦνται,
467 978 506 1004 σὺ
523 977 556 1004 se
579 978 735 1012 διαμένεις.
755 980 785 1005 El
804 980 852 1015 μὲν
868 979 923 1015 γὰρ

140 1022 170 1048 οὺ
189 1022 318 1058 συνῆσθα,
336 1024 412 1058 φησὶ,
432 1023 491 1049 κατ’
508 1023 604 1058 ἀρχὰς,
621 1021 643 1050 ὦ
667 1024 762 1060 Κύριε,
788 1027 834 1053 καὶ
846 1026 870 1052 ει
887 1026 923 1061 μὴ

140 1068 208 1103 ἔργα
222 1067 275 1094 τῶν
293 1068 392 1104 χειρῶν
414 1077 459 1095 σου
478 1069 598 1105 ὑπῆρχον
613 1071 637 1096 οἱ
661 1070 780 1106 οὐρανοὶ,
801 1072 849 1107 οὐχ
870 1069 924 1098 οἶόν

142 1122 173 1140 τε
187 1111 220 1149 ἦν
233 1114 302 1140 αὐτὰ
316 1114 503 1149 μετατεθῆναι,
523 1115 583 1142 οὐδὲ
598 1116 637 1147 εἰς
656 1116 806 1152 μεταϐολὴν
821 1117 921 1144 ἐλθεῖν·

141 1161 166 1187 εἰ
181 1160 235 1196 γὰρ
252 1160 370 1197 ἀγένητα
383 1159 427 1197 ἦν,
441 1162 549 1197 ἔμειναν
566 1162 598 1189 ἂν
618 1162 663 1189 καὶ
680 1162 862 1198 ἀτελεύτηταο
878 1164 924 1191 νῦν

140 1206 179 1238 δὲ,
194 1206 255 1232 ἐπεὶ
264 1207 377 1242 ποιητὴς
387 1208 475 1233 αὐτῶν
493 1208 619 1242 γέγονας,
633 1208 744 1240 δυνατὸς
758 1207 783 1235 εἴ
796 1210 842 1235 καὶ
857 1218 926 1244 παρ-

143 1254 256 1287 αγαγεῖν
280 1254 349 1280 αὐτὰ
376 1253 491 1290 Θελήσεις
509 1263 515 1269 ⁸
547 1255 654 1289 φύσεως
678 1255 732 1291 γὰρ
774 1255 926 1291 ὑπάρχουσι

142 1299 264 1335 φθαρτῆς
291 1301 338 1326 καὶ
360 1300 548 1337 ἀπολλυμένης
561 1311 568 1317 ·
596 1303 650 1334 ὅτι,
669 1303 714 1329 καὶ
743 1302 779 1338 μὴ
796 1303 926 1338 πρότερον

144 1344 218 1377 ὅντα,
241 1347 273 1380 σῇ
291 1345 370 1381 βουλῇ
387 1346 434 1372 καὶ
450 1346 562 1382 δυνάμει
579 1347 700 1382 γέγονεν.
730 1348 777 1374 ’Ἑν
799 1348 853 1383 γάρ
869 1348 927 1374 ἐστι

147 1390 227 1425 μένον
247 1391 300 1419 ἀεὶ.
322 1392 368 1417 καὶ
384 1391 482 1417 οὔποτε
499 1393 647 1427 δυνάμενον
673 1394 709 1428 μὴ
732 1391 811 1424 εἶναι,
828 1393 927 1428 δηλαδὴ

146 1435 178 1461 σὺ
191 1436 271 1468 αὐτὸς
285 1437 299 1463 ὁ
315 1437 394 1472 μόνος
411 1437 464 1463 τῶν
476 1438 543 1464 ὅλων
557 1440 680 1474 ποιητής.
700 1439 753 1465 Kal
767 1438 877 1471 πάντες
890 1439 929 1471 ὼς

145 1482 260 1517 Ιμάτιον
283 1483 553 1517 παλαιωθήσονται,
580 1485 627 1510 καὶ
651 1484 720 1511 ὡσεὶ
743 1485 930 1518 περιϐόλαιον

144 1528 255 1561 ἑλίξεις
281 1529 401 1561 αὐτοὺς,
415 1530 463 1555 καὶ
480 1530 700 1564 ἐλιχθήσονται.
717 1530 771 1556 Καὶ
783 1531 806 1556 οἱ
823 1530 930 1564 οὐρανοὶ

972 937 1053 968 dasti,
1086 941 1109 963 et
1138 943 1217 970 opera
1245 943 1370 962 manuum
1397 939 1504 961 tuarum
1530 939 1590 961 sunt
1615 934 1682 961 curii.
1709 933 1766 967 Ipsi

972 982 1103 1016 peribunt,
1119 987 1146 1009 tu
1173 988 1262 1009 autem
1289 989 1450 1017 permanes.-
1467 980 1526 1009 Nisi
1543 980 1617 1008 enim
1641 988 1656 1007 a
1688 980 1765 1015 prin—

974 1027 1063 1062 cipio,
1091 1027 1220 1059 Domine,
1245 1026 1366 1060 fuisses,
1397 1031 1423 1054 et
1446 1027 1500 1054 nisi
1522 1026 1583 1053 coeli
1600 1032 1684 1060 opera
1709 1033 1767 1051 ma-

975 1081 1058 1101 nuum
1073 1078 1180 1100 tuarum
1208 1077 1317 1104 essent,
1335 1080 1390 1099 non
1419 1074 1530 1106 possent
1550 1070 1595 1097 illa
1609 1077 1690 1105 opera
1706 1077 1767 1096 mu-

975 1120 1048 1152 tari,
1071 1127 1120 1147 nec
1148 1119 1176 1146 in
1199 1119 1279 1146 aliam
1301 1117 1486 1145 conditionem
1510 1117 1603 1144 venire
1629 1126 1635 1143 :
1664 1123 1726 1143 nam
1743 1116 1765 1143 si

975 1172 1030 1191 non
1049 1164 1120 1191 facta
1146 1168 1249 1196 essent,
1267 1164 1327 1192 sine
1356 1164 1408 1191 line
1432 1166 1583 1190 manerent.
1613 1162 1672 1189 Jam
1703 1170 1768 1189 vero

976 1210 1039 1246 quia
1068 1218 1163 1238 eorum
1187 1209 1278 1244 opifex
1307 1209 1399 1242 fuisti,
1433 1214 1508 1244 pelea
1535 1209 1579 1235 illa
1609 1212 1716 1235 mutare
1745 1208 1768 1235 si

976 1257 1064 1285 velis:
1087 1264 1149 1283 nam
1175 1256 1254 1283 ﬂuxa:
1281 1260 1307 1283 et
1334 1254 1521 1290 corruptibilis
1546 1260 1651 1282 naturre
1680 1258 1767 1282 sunt:

977 1303 1040 1338 quia
1071 1310 1132 1329 cum
1164 1309 1219 1328 non
1248 1301 1324 1335 prius
1345 1301 1525 1333 exsisterent,
1552 1301 1692 1327 voluntate
1737 1306 1769 1325 ac

976 1349 1077 1374 virtute
1104 1351 1149 1374 tua
1175 1346 1284 1373 condita
1313 1349 1387 1373 sunt.
1411 1344 1502 1372 Unum
1531 1345 1630 1380 quippe
1645 1347 1687 1372 est
1697 1344 1770 1379 quod

978 1396 1080 1427 nanet,
1097 1396 1124 1420 et
1139 1400 1278 1427 nunquam
1294 1400 1348 1419 non
1359 1389 1433 1419 .esse
1453 1391 1551 1427 potuit,
1569 1399 1666 1426 nempe
1682 1395 1710 1417 tu
1726 1398 1770 1418 so-

979 1441 1021 1468 lus
1037 1439 1158 1467 omnium
1180 1439 1315 1466 conditor.
1339 1437 1369 1465 Et
1385 1446 1472 1465 omnes
1499 1438 1567 1465 sicut
1588 1438 1771 1465 vestimentum

979 1489 1147 1517 velerascent,
1161 1489 1185 1511 et
1200 1485 1268 1511 velut
1283 1484 1411 1511 amictum
1423 1483 1506 1511 volves
1517 1492 1572 1516 eos,
1585 1488 1609 1511 et
1624 1484 1768 1511 volventur.

980 1532 1168 1566 leiquoque
1183 1531 1290 1558 etiamsi
1312 1538 1438 1565 magnum
1457 1530 1774 1566 prestantissimumquc

145 1574 184 1604 δὲ,
201 1575 223 1600 εἰ
241 1574 286 1600 καὶ
303 1574 372 1609 μέγα
388 1575 434 1601 καὶ
448 1574 584 1610 ἐξαίρετόν
598 1584 624 1601 τι
640 1575 802 1610 τυγχάνουσι
815 1575 928 1610 κτίσμα,

981 1576 1036 1603 sint
1059 1575 1215 1610 opiﬁcium,
1245 1578 1366 1601 attamen
1387 1575 1438 1609 ipsi
1462 1581 1572 1609 quoque
1601 1574 1771 1609 corruptioni

147 1619 204 1645 ἀλλ’
223 1620 295 1654 ὅμως
312 1620 357 1646 καὶ
384 1620 461 1646 αὐτοὶ
489 1620 720 1656 ὑποϐληθήσονται
738 1621 838 1657 φθορᾷ·
863 1622 880 1657 ἡ
902 1622 930 1648 δὲ

147 1663 235 1699 φθορὰ
246 1664 313 1700 αὕτη
328 1666 470 1700 γενήσεται
483 1665 574 1697 αὐτοῖς
592 1667 631 1697 εἰς
654 1666 859 1702 ἀνακαινισμὺν,
884 1666 931 1692 καὶ

149 1710 285 1742 συστελεῖς
302 1712 398 1743 αὐτοὺς
417 1711 535 1746 εὐχερῶς
552 1711 637 1742 οὕτως
651 1712 688 1743 ὡς
702 1712 802 1738 ἑλίσσει
818 1721 859 1744 τις
883 1721 931 1738 πε-

149 1756 283 1791 ριϐόλαιον
293 1765 299 1771 ·
320 1757 504 1792 ἐλιχθήσονται
515 1758 568 1793 γὰρ
579 1759 618 1789 εἰς
632 1758 734 1793 βέλτιον
746 1758 838 1794 σχῆμα
855 1767 933 1794 μετα-

150 1802 319 1837 ϐαλλὲμενοι,
338 1804 384 1830 καὶ
399 1804 605 1840 ἀλλαγήσονται,
631 1805 677 1831 καὶ
699 1804 803 1840 τροπὴν
828 1804 933 1840 ἀγαθὴν

150 1847 316 1883 ὑπομενοῦσι
331 1848 380 1884 τὴν
395 1849 448 1875 ἀπὸ
468 1851 515 1884 τῆς
540 1850 718 1885 παλαιότητος
739 1851 785 1877 ἐπὶ
801 1851 850 1886 τὴν
867 1851 933 1878 ἀνα-

151 1894 268 1921 καίνισιν
282 1895 328 1921 καὶ
340 1895 389 1931 τὴν
407 1896 570 1931 ἀφθαρσίαν.
591 1896 633 1922 Σὺ
649 1896 683 1922 δὲ
699 1898 715 1922 ὀ
726 1897 816 1930 αὐτὸς
835 1895 870 1929 εἴ,
884 1898 934 1924 καὶ

149 1940 187 1968 τὰ
200 1940 252 1974 ἔτη
262 1948 319 1967 σου
336 1943 390 1968 οὐκ
407 1941 593 1976 ὲκλείψουσι.
620 1943 650 1968 Οἱ
673 1942 729 1968 υἱοὶ
748 1942 805 1968 τῶν
819 1942 936 1969 δούλων

151 1994 210 2014 σου
225 1988 506 2021 κατασκηνώσουοί,
528 1990 576 2014 καὶ
593 1988 626 2014 τὸ
645 1987 763 2022 σπέρμα
780 1987 878 2014 αὐτῶν
893 1990 936 2021 εις

212 2033 303 2059 αἰῶνα
318 2033 598 2066 κατευθυνθήσδται.
611 2035 720 2065 Καινοῖς
730 2034 766 2068 (‘2)
783 2034 936 2068 γενομένοις

212 2033 303 2059 αἰῶνα
318 2033 598 2066 κατευθυνθήσδται.
611 2035 720 2065 Καινοῖς
730 2034 766 2068 (‘2)
783 2034 936 2068 γενομένοις

108 2033 259 2121 ϐἷὲπὶ
275 2079 305 2106 τὸ
318 2081 440 2113 κρεῖττον
459 2080 678 2114 μεθαρμοσοεῖονι,
695 2080 743 2106 καὶ
764 2080 796 2105 τὸ
820 2079 937 2113 σπέρμα

986 1622 1184 1658 subjicientur:
1202 1621 1259 1648 lucc
1275 1625 1365 1648 autem
1382 1621 1521 1657 corruptio
1536 1621 1603 1656 ipsis
1614 1621 1641 1648 in
1657 1629 1771 1648 renova-

985 1670 1087 1698 tionem
1098 1673 1195 1700 vertet,
1214 1673 1295 1702 atque
1308 1667 1382 1703 ipsos
1397 1667 1433 1694 ita
1449 1667 1530 1694 facile
1542 1666 1690 1694 contrahes
1706 1686 1713 1699 ,
1740 1673 1773 1694 ac

985 1717 1008 1745 si
1027 1717 1089 1752 quis
1103 1716 1232 1742 amictum
1248 1715 1411 1741 convolvat:
1441 1722 1504 1741 nam
1519 1714 1660 1742 meliorem
1674 1714 1700 1741 in
1722 1713 1775 1741 for-

986 1771 1057 1790 mam
1067 1762 1220 1794 volventur,
1235 1769 1266 1788 ac
1278 1761 1457 1788 mutabuntur
1469 1764 1550 1796 atque
1563 1760 1773 1788 conversionem

986 1809 1116 1844 optimam
1134 1807 1282 1839 subibunt,
1307 1814 1321 1833 a
1340 1806 1476 1833 vetustate
1501 1814 1597 1841 nempe
1610 1805 1644 1832 ad
1659 1813 1775 1833 renova-

988 1854 1090 1881 tionem
1104 1859 1130 1881 et
1145 1852 1377 1887 incorruptionem
1397 1851 1533 1878 translati.
1553 1851 1593 1877 Tu
1608 1855 1695 1877 autem
1706 1849 1775 1877 idem

988 1902 1042 1936 ipse
1057 1909 1094 1932 es,
1110 1905 1134 1927 et
1151 1900 1214 1926 anni
1231 1899 1269 1925 tui
1302 1907 1354 1925 non
1380 1897 1510 1931 deﬁcient.
1546 1896 1611 1923 Filii
1641 1904 1775 1924 servorum

989 1952 1095 1973 tuorum
1115 1945 1284 1976 habitabant,
1299 1949 1324 1971 et
1341 1951 1428 1970 semen
1442 1951 1531 1969 eorum
1549 1943 1576 1969 in
1591 1942 1719 1969 steculum
1731 1942 1775 1968 di-

989 1993 1095 2027 rigetur.
1122 1990 1245 2018 lnnovati
1273 1990 1377 2017 scilicet
1387 1992 1467 2016 erunt
1477 1996 1507 2015 ac
1524 1989 1662 2016 meliorem
1675 1988 1702 2015 in
1719 1988 1775 2016 for-

989 2045 1060 2064 mam
1071 2038 1206 2067 translati,
1223 2041 1247 2063 et
1260 2043 1345 2063 semen
1360 2043 1449 2062 eorum
1467 2055 1474 2068 ,
1500 2034 1602 2063 scilicet
1635 2042 1776 2063 servorum

990 2087 1109 2115 tuorum,
1128 2084 1154 2110 in
1169 2083 1296 2110 saxulum
1312 2081 1448 2117 dirigetur.

153 2126 276 2159 ὖαυτῶν,
291 2127 390 2162 δηλαδὴ
408 2127 460 2153 τῶν
480 2127 578 2153 δούλων
590 2136 644 2159 σου,
657 2128 696 2159 εἰς
713 2128 757 2153 τὸν
770 2127 855 2153 αἰῶνα
871 2129 1123 2166 κατευθυνθήσεται.

419 2199 461 2234 To
478 2199 585 2225 eam.
602 2199 661 2224 PB’.

188 2256 322 2291 Εὐλόγει,
338 2256 357 2288 ἠ
370 2255 455 2290 ψυχή
472 2264 541 2290 μου,
558 2255 611 2282 τὸν
624 2256 742 2290 Κύριον.
756 2256 832 2292 Τάχα
843 2256 871 2283 δὲ
889 2256 937 2292 μέ-

155 2310 206 2337 σην
218 2301 426 2336 ἀπολειφθεῖσαν
440 2301 489 2336 τὴν
504 2301 592 2337 ψυχὴν
615 2300 662 2328 τοῦ
678 2301 803 2337 σώματος
823 2302 870 2328 καὶ
891 2302 938 2329 τοῦ

155 2347 320 2383 πνεύματος,
334 2348 364 2374 τὸ
382 2348 431 2383 μὲν
446 2348 524 2383 σῶμα
545 2348 590 2374 ἐπὶ
605 2348 654 2380 τὰς
676 2348 778 2380 οἰκείας
794 2348 939 2384 ἐπιθυμίας

155 2394 203 2421 καὶ
239 2393 451 2429 ἀνδραποδώδεις
484 2393 579 2429 ἡδονὰς
606 2394 746 2425 καθέλκει,
771 2394 864 2430 ὥσπερ
893 2395 939 2429 ἀφ’

157 2439 241 2474 ὕψους
255 2438 357 2466 ἄνωθέν
371 2439 452 2466 ποθεν
461 2439 627 2467 καταδάλλον
641 2440 736 2474 αὑτήψ
749 2440 779 2466 τὺ
790 2440 819 2466 δὲ
832 2440 940 2475 πνεῦμα

157 2486 239 2514 πάλιν
253 2486 320 2521 πρὸς
335 2486 415 2513 ἑαυτὸ
438 2486 544 2513 ἀνέλκει
562 2486 618 2513 ἄνω
635 2495 685 2515 που
709 2487 777 2522 πρὸς
797 2486 862 2513 Θεὸν
877 2487 941 2513 ἀνά-

157 2539 216 2566 γον,
241 2530 293 2558 καὶι
307 2530 354 2557 τοῦ
374 2531 476 2567 Κυρίου
493 2530 671 2567 μνημονεύειν
687 2531 851 2567 παρακαλεῖ,
869 2531 942 2558 εὐλο-

158 2578 218 2612 γεῖν
233 2585 263 2603 τε
278 2576 368 2608 αὐτὸν,
382 2577 429 2603 καὶ
442 2577 495 2613 πρὸ
509 2576 653 2612 ὀφθαλμῶν
667 2577 710 2603 διὰ
735 2577 835 2609 παντὸς
849 2576 921 2612 ἔχειν
932 2585 939 2592 ·

158 2623 175 2659 ἢ
192 2623 274 2655 αὐτὸς
289 2623 385 2650 ἑαυτὸν
401 2624 448 2650 ἐπὶ
471 2623 518 2651 τὸν
538 2624 622 2660 ὕμνον
637 2623 781 2659 διεγείρειν
801 2624 847 2650 καὶ
864 2624 942 2650 εὐλο-

158 2670 216 2701 γεῖν
240 2669 287 2695 τὸν
314 2668 381 2696 Θεὸν
396 2669 579 2704 ὲγκελεύεται,
594 2669 678 2697 καλὸν
697 2669 787 2704 ἐαυτῷ
803 2669 941 2705 σωτηρίας

159 2715 310 2751 φάρμακον,
317 2714 367 2751 τὴν
376 2716 417 2747 εἰς
429 2715 475 2743 τὸν
490 2715 556 2743 Θεὸν
572 2715 696 2750 εὐλογίαν
713 2715 941 2751 προὸαλλὸμενος.

158 2761 213 2788 Καὶ
226 2760 326 2789 πάντα
338 2761 375 2788 τὰ
387 2761 474 2795 ἐντός
481 2770 540 2797 μου
550 2761 582 2788 τὸ
594 2761 687 2797 ὄνομα
699 2762 733 2789 τὸ
740 2761 825 2796 ἄτιον
839 2761 942 2788 αὑτοῦ.

159 2805 223 2838 Τοῖς
239 2806 315 2839 ὲντδς
330 2805 412 2833 αὑτοῦ
427 2806 591 2841 προστάσσει
604 2806 724 2842 εὐλογεῖν
738 2806 768 2833 τὸ
785 2806 869 2842 ὄνομα
888 2807 945 2833 Κυ-

163 2853 234 2889 ρίου,
248 2852 369 2880 τουτέστι
381 2854 414 2889 τῇ
428 2852 506 2888 φύσει
516 2852 569 2880 τῶν
585 2853 685 2881 ὲσωθεν
696 2852 881 2889 ἐξερχομένων
892 2853 945 2879 δια-

200 2907 238 2943 (2)
250 2907 304 2936 Sic.

1241 2200 1304 2228 IPSI
1326 2199 1436 2227 DAVID.
1467 2198 1522 2227 Cll.

1024 2256 1106 2285 Vens.
1124 2258 1148 2284 Ι.
1168 2256 1297 2290 Benedic,
1311 2257 1401 2284 animo
1416 2264 1490 2288 mea,
1507 2255 1631 2283 Domino.
1650 2254 1779 2283 Fortasse

989 2305 1105 2334 mediam
1121 2304 1242 2332 relictam
1258 2304 1375 2331 animam
1390 2303 1460 2330 inter
1472 2309 1571 2337 corpus
1587 2304 1613 2328 et
1633 2300 1758 2336 spiritum
1768 2322 1776 2334 ,

989 2359 1089 2387 corpus
1102 2351 1211 2386 quidem
1223 2350 1257 2377 ad
1268 2350 1394 2385 proprias
1405 2347 1643 2383 concupiscentias
1653 2350 1681 2375 et
1693 2347 1779 2375 servi-

990 2398 1030 2426 les
1044 2398 1197 2432 voluptates
1208 2396 1341 2433 pertrabit
1351 2415 1358 2428 ,
1373 2395 1451 2430 quasi
1463 2401 1496 2422 ex
1512 2394 1621 2422 sublimi
1634 2397 1661 2421 et
1677 2394 1780 2422 altissi-

991 2451 1035 2471 mo
1050 2443 1111 2471 loco
1126 2442 1258 2478 dejiciens
1275 2442 1348 2469 illam
1362 2449 1369 2474 ;
1384 2440 1500 2476 spiritus
1512 2447 1577 2468 vero
1593 2444 1688 2467 contra
1702 2440 1735 2467 ad
1749 2449 1779 2469 se

992 2494 1101 2515 sursum
1118 2486 1219 2520 trahit,
1236 2489 1263 2514 et
1285 2485 1318 2513 ad
1338 2484 1423 2513 Deum
1449 2484 1577 2517 adducit,
1599 2485 1780 2520 hortaturque

993 2536 1022 2560 ut
1038 2533 1182 2560 Dominum
1197 2535 1345 2566 memoret,
1361 2532 1414 2567 ipsi
1429 2531 1589 2564 benedicat,
1612 2532 1701 2568 ipsum
1723 2541 1780 2569 prae

993 2579 1080 2607 oculis
1097 2584 1204 2613 semper
1217 2578 1317 2605 habeat
1329 2587 1337 2605 :
1353 2577 1396 2605 vel
1413 2577 1530 2605 fortasse
1544 2578 1693 2613 quemlibet
1706 2579 1779 2614 seip-

994 2632 1053 2652 sum
1067 2624 1186 2652 excitare
1200 2631 1232 2651 ac
1250 2623 1305 2651 Deo
1317 2623 1479 2651 benedicere
1492 2623 1584 2657 jubet,
1605 2624 1708 2651 bonum
1726 2624 1778 2651 sibi

994 2669 1027 2696 ad
1039 2670 1154 2698 salutem
1165 2676 1226 2697 esse
1234 2668 1289 2696 Deo
1297 2668 1459 2696 benedicere
1468 2676 1633 2704 proponens.
1644 2668 1679 2696 Et
1690 2670 1780 2697 omnia

994 2716 1122 2743 interiora
1142 2723 1200 2742 mea
1220 2714 1321 2742 nomini
1340 2719 1435 2742 sancto
1455 2715 1524 2750 ejus.
1544 2715 1653 2743 Nomini
1670 2715 1780 2743 Domini

994 2759 1155 2788 benedicere
1168 2759 1246 2795 jubet
1260 2758 1391 2787 interiora
1405 2766 1454 2787 sua
1460 2780 1472 2795 ,
1487 2759 1513 2787 id
1527 2763 1584 2793 est,
1599 2760 1781 2795 cogitationes

995 2813 1060 2834 suas
1076 2813 1137 2842 quae
1158 2805 1192 2833 ab
1213 2805 1289 2833 intus
1302 2804 1471 2841 procedunt,
1488 2814 1604 2841 quarum
1621 2806 1720 2842 duplex
1739 2812 1782 2833 est

996 2852 1083 2881 ordo:
1104 2852 1164 2880 aliae
1180 2852 1251 2880 enim
1267 2859 1359 2887 prava:
1375 2856 1457 2884 sunt,
1476 2860 1590 2887 nempe,
1608 2853 1713 2885 mdes,
1728 2854 1782 2880 to:-
