2044 3212
270 178 339 206 1265

620 174 756 203 EUSEBII
775 172 1013 202 CESABIENSIS
1030 172 1105 201 OPP.
1126 171 1219 200 PARS
1232 170 1278 200 ili.
1292 188 1324 194 —
1344 171 1550 200 EXEGETICA.

1819 170 1889 197 ιεδι

267 237 420 265 uicationes
439 239 466 263 et
490 234 561 262 furta
585 237 761 269 spectantes;
782 233 841 260 aliae
860 240 925 260 vero
941 232 1053 260 urbanae

1106 231 1251 266 λογισμῶν,
1260 227 1296 258 ὧν
1309 230 1418 258 διπλοῦν
1431 232 1490 258 ἐστι
1503 230 1535 257 τὸ
1549 229 1641 265 τάγμα
1651 237 1658 244 ·
1668 230 1693 256 ot
1702 228 1752 264 μὲν
1761 227 1817 264 γὰρ
1826 236 1891 263 μοχ-

267 288 296 311 et
318 282 452 310 salutares
466 301 474 313 ,
498 288 595 316 nempe
618 280 793 308 humanitas.
820 279 999 314 temperantia
1025 282 1053 306 et

267 327 461 356 communitas.
476 325 502 353 ls
519 325 611 361 itaque
625 324 706 359 cuius
722 323 815 351 omnia
833 323 963 351 interiora
978 327 1052 350 recta

268 377 333 403 sunt
356 378 383 401 et
408 376 503 408 parata
527 371 562 399 ad
586 370 803 399 benedicendum
828 370 930 397 nomini
956 373 1052 397 sancto

268 419 333 454 Dei,
355 419 478 447 interiori
499 426 549 447 suo
571 418 669 445 atrectu
689 422 764 444 recte
781 417 877 448 utitur,
895 415 929 443 ad
947 416 1051 451 gratia-

267 473 331 494 rum
348 465 470 494 actiones
489 465 542 492 Deo
556 463 691 499 agendas,
717 468 797 498 atque
814 462 904 490 omnia
921 462 1052 489 interiora

269 519 320 540 sua
336 515 495 543 consecrat,
521 518 670 545 omnesque
695 510 792 536 animae
817 509 932 536 virtutes
957 511 984 534 et
1004 515 1052 535 co—

268 557 415 593 gitationes
431 556 464 584 ad
481 555 603 583 divinum
626 556 756 591 hymnum
779 555 908 581 concitat.
930 554 954 581 ls
978 552 1050 581 enim

268 601 429 632 ratioeinia,
447 599 647 637 cogitationes,
671 607 821 634 omnesque
835 599 918 627 animi
938 602 1029 626 motus
1041 618 1049 630 ,

269 650 352 682 atque
374 646 466 675 varias
491 647 550 682 ejus
576 647 689 673 virtutes
713 645 829 672 advocat
846 665 853 677 ,
879 645 932 671 vim
954 651 1051 678 nempe

269 692 424 729 cogitandi,
439 692 629 723 discernendi.
650 691 814 726 respiciendi
825 710 832 723 ,
850 690 964 725 agendi,
981 689 1052 716 ima-

269 739 391 774 ginandi,
415 738 593 770 recordandi,
610 742 637 765 et
653 737 721 765 alias
738 747 745 765 :
761 744 825 764 nam
841 737 933 763 multae
950 735 978 763 in
994 735 1054 762 ani-

268 793 313 812 ma
337 785 453 813 virtutes
482 784 604 819 variique
631 787 722 810 motus
749 786 824 810 sunt.
855 781 945 815 Quare
971 780 1052 808 modo

269 834 411 858 strenuum
431 829 569 866 quidpiam
585 831 755 864 cogitamus,
778 827 859 855 modo
880 825 1054 861 concupisci-

268 884 348 908 mus,
370 883 432 903 mox
451 874 628 910 judicamus;
651 872 799 908 aliquando
823 872 957 907 quaepiam
980 871 1053 899 desi-

268 921 405 952 deramus,
423 919 571 955 aliquando
587 926 768 952 aversamur;
795 925 826 945 ac
844 925 953 945 rursum
973 917 1054 944 modo
1070 911 1091 938 Β

268 967 359 1002 aliquo
390 965 548 999 tendimus,
577 965 659 1005 modo
687 965 880 997 declinamus;
913 963 1053 991 interdum

267 1013 359 1041 mmsti
380 1021 490 1047 sumus,
516 1016 612 1048 postea
632 1018 698 1039 vero
722 1010 830 1046 pacati,
851 1010 905 1037 laeti
927 1015 954 1037 et
977 1014 1054 1036 tran-

267 1059 354 1095 quilli.
379 1058 481 1086 Omnes
500 1059 592 1093 itaque
611 1056 769 1093 hujusmodi
790 1056 887 1084 anima;
908 1055 1052 1083 facultates

267 1104 377 1131 divinus
399 1102 518 1139 Spiritus
539 1103 664 1130 hortatur
684 1105 714 1129 ut
738 1102 902 1129 henedicant
924 1101 1050 1128 Domino.

265 1151 345 1184 Quod
362 1151 384 1178 si
403 1150 446 1177 cui
469 1156 601 1185 corporeo
622 1156 698 1176 more
717 1148 822 1176 dictum
845 1148 971 1183 excipere
993 1147 1052 1174 ani-

266 1206 329 1225 mus
347 1198 399 1229 sit,
414 1196 506 1229 dicat,
527 1196 591 1231 quia
611 1195 707 1223 omnia
726 1195 850 1229 corporis
874 1194 961 1222 nostri
984 1194 1054 1221 inte-

267 1244 341 1271 riora
356 1247 383 1271 et
394 1243 503 1270 viscera
523 1241 740 1277 profundissima
760 1240 808 1268 Dei
830 1240 964 1275 sapientia
987 1247 1053 1266 con-

267 1290 378 1317 cinnata
390 1292 454 1317 sunt
467 1310 474 1321 ,
491 1288 528 1315 ita
543 1292 571 1315 ut
586 1287 683 1315 inutile
697 1287 766 1314 nihil
779 1286 806 1314 in
819 1286 898 1314 nobis
909 1285 961 1317 sit,
973 1290 1053 1319 atque

267 1336 314 1363 illa
331 1335 453 1363 omnium
470 1338 564 1362 mutua
582 1333 731 1361 concordia
745 1336 771 1360 et
786 1339 939 1360 consensus
957 1331 990 1358 ad
1006 1331 1053 1358 Dei

267 1382 378 1409 laudem
392 1385 419 1409 et
435 1380 654 1408 benedictionem
671 1378 815 1407 conferat:
831 1378 894 1413 jure
912 1379 964 1405 ista
985 1385 1054 1412 quo-

267 1435 321 1463 que
336 1427 370 1455 ad
386 1426 441 1455 Deo
456 1426 673 1455 benedicendum
688 1425 808 1453 evocari.
832 1423 862 1452 Si
883 1425 976 1460 itaque
991 1424 1052 1451 ani-

268 1480 341 1500 mam
356 1473 444 1508 ipsam
458 1478 591 1508 corporeo
605 1478 682 1499 more
700 1478 790 1498 sermo
808 1469 909 1505 etﬁngit
921 1490 928 1502 ,
944 1474 972 1497 et
993 1477 1055 1496 cor-

268 1526 367 1555 poreas
394 1525 484 1554 partes
514 1518 541 1545 in
569 1525 601 1545 ea
628 1517 753 1553 partibus
782 1520 893 1544 carente
923 1515 1052 1551 reponit;

268 1570 361 1600 partes
374 1565 519 1593 attributas
541 1565 655 1595 animae,
680 1571 741 1599 quae
766 1571 832 1591 sane
853 1563 881 1591 in
901 1566 993 1598 partes
1013 1562 1054 1589 di-

267 1611 384 1640 visibilis
399 1619 454 1638 non
469 1614 528 1642 est,
547 1610 600 1637 alio
622 1611 675 1636 ritu
698 1609 898 1644 cogitabimus;
917 1612 1055 1643 caputque

267 1657 391 1685 dicemus
403 1676 411 1688 ,
427 1662 543 1684 mentem
557 1665 564 1690 ;
580 1656 680 1683 collum
697 1655 868 1690 opinionem,
886 1658 979 1689 utpote
997 1660 1056 1688 quae

271 1711 322 1730 ceu
344 1702 504 1730 intermedia
520 1702 556 1729 sit
580 1702 650 1728 inter
673 1701 835 1728 rationabile
859 1704 885 1727 et
911 1699 1057 1727 irrationa-

272 1749 347 1782 bile;
373 1752 486 1783 pectus,
516 1748 660 1779 animum;
690 1752 830 1779 ventrem,
860 1746 1057 1781 concupiscen-

272 1797 337 1822 tiam
364 1804 371 1823 :
400 1795 495 1821 harum
524 1794 642 1829 partium
659 1792 816 1820 nominibus
845 1800 895 1820 ceu
924 1792 1055 1819 virtutum

270 1840 440 1876 singularum
459 1839 590 1876 symbolis
608 1839 662 1867 usi.

305 1972 389 2000 Vsus.
409 1972 475 1999 2-4.
496 1971 609 1999 Benedic
622 1991 629 2003 ,
654 1971 745 1998 anima
770 1979 846 2002 mea,
871 1969 985 1997 Domino
999 1990 1005 2002 ,
1031 1974 1056 1996 et

269 2017 324 2044 nol:
340 2017 458 2044 oblivisci
480 2025 569 2044 omnes
591 2017 775 2044 retributiones
797 2016 864 2051 ejus.
891 2016 943 2049 Qui
965 2016 1055 2050 propi-

271 2064 352 2090 tiatur
366 2063 486 2090 omnibus
501 2063 683 2098 iniquitatibus
695 2063 758 2096 tuis,
768 2063 813 2098 qui
825 2067 903 2089 sanat
915 2070 1002 2090 omnes
1015 2062 1057 2088 in-

271 2109 411 2143 ﬁrmitates
425 2113 484 2134 tuas
496 2116 505 2134 :
521 2109 566 2143 qui
577 2108 681 2135 redimit
697 2108 729 2134 de
744 2108 854 2134 interitu
867 2108 950 2135 vitam
966 2112 1038 2134 tuam
1048 2128 1055 2140 ,

270 2154 315 2188 qui
330 2158 438 2181 coronat
455 2158 477 2180 te
492 2154 520 2180 in
537 2153 718 2181 misericordia
732 2158 757 2180 et
772 2153 995 2180 miserationibus.
1011 2153 1057 2180 lla:

271 2203 335 2227 sunt
356 2200 550 2227 retributiones
576 2199 654 2227 nobis
677 2207 692 2226 a
716 2200 770 2226 Deo
789 2207 928 2226 concessa:
942 2208 948 2226 :
963 2199 1056 2226 Primo

1105 277 1182 313 θηροί
1193 277 1256 309 εἰσι,
1266 275 1350 311 φόνοι,
1367 277 1494 311 μοιχεῖαι,
1512 275 1610 301 κλοπαί
1620 283 1626 289 ·
1642 275 1666 301 οι
1683 273 1711 301 δέ
1726 274 1828 300 ἀστεῖοι
1843 273 1891 300 καὶ

1105 323 1249 358 σωτήριοι,
1274 322 1472 357 φιλανθρωπία,
1489 320 1659 356 σωφροσύνη,
1677 319 1708 346 τὸ
1722 319 1890 346 κοινωνικόν.

1103 366 1138 404 ᾯ
1150 369 1240 396 τοίνυν
1256 368 1343 395 πάντα
1354 368 1387 394 τά
1398 367 1472 398 ἐντὸς
1482 366 1660 402 κατώρθωται
1672 367 1712 397 εἰς
1726 365 1891 400 ἑτοιμότητα

1103 415 1149 442 τοῦ
1171 414 1290 449 εὐλογεῖν
1305 414 1336 440 τὸ
1354 414 1438 449 δνομα
1452 413 1499 440 τοῦ
1515 411 1630 448 Θεοῦτδ
1643 411 1730 446 ἅγιον,
1746 408 1824 442 οὗτος
1838 418 1891 437 θεας

1103 463 1156 494 λῶς
1183 461 1446 497 ωμπαραλαμὸἀνει
1470 460 1520 495 τὴν
1546 459 1619 486 ἐνδον
1639 458 1758 485 διάθεσιν
1781 458 1822 489 είς
1841 456 1892 492 τὴν

1103 507 1149 534 τοῦ
1165 507 1232 533 Θεοῦ
1251 506 1435 542 εὐχαριστίαν,
1452 505 1499 532 καὶ
1516 505 1608 532 πάντα
1627 503 1661 530 τά
1677 503 1752 535 ἐντὸς
1768 502 1893 538 καθιεροῖ

1103 554 1151 580 καὶ
1167 555 1256 585 πάσας
1276 553 1324 588 τῆς
1339 553 1427 588 ψυχῆς
1450 552 1499 583 τάς
1518 551 1658 587 δυνάμεις,
1680 549 1727 576 καὶ
1742 549 1835 576 πάντα
1848 547 1894 575 λο-

1103 600 1200 635 γισμὸν
1216 600 1256 632 είς
1268 599 1312 626 τὸν
1332 599 1402 626 θεῖον
1417 598 1500 633 ὕμνον
1516 597 1654 624 ἀνακινεῖ·
1672 595 1747 627 ἐντὸς
1758 594 1815 630 γὰρ
1828 594 1894 621 ἐκάρ-

1103 646 1164 673 λεσε
1179 646 1243 677 τοὺς
1253 645 1400 680 λογισμοὺς
1419 644 1465 670 καὶ
1478 643 1527 674 τὰς
1545 642 1719 677 ἐνθυμήσεις,
1741 640 1788 666 καλ¹
1803 639 1894 666 πάντα

1103 693 1153 728 τῆς
1171 692 1260 727 ψυχῆς
1275 691 1309 718 τὰ
1326 691 1462 726 κινήματα
1476 689 1524 717 καὶ
1534 688 1583 719 τὰς
1597 688 1741 723 διαφόρους
1760 686 1893 721 δυνάμεις

1103 739 1197 774 αὐτῆς,
1212 738 1261 774 τὴν
1271 737 1409 772 νοητικὴν,
1418 736 1467 772 τὴν
1474 734 1715 770 διανοητικὴν,τὴν
1730 731 1892 768 βλεπτικὴν,

1102 785 1152 821 τὴν
1163 783 1326 820 ὁρμητικὴν,
1337 782 1386 818 τὴν
1396 780 1590 816 φανταστικὴν,
1603 780 1651 816 τὴν
1661 777 1892 815 μνημονευτιιὴν,

1103 832 1153 864 τὰς
1173 830 1271 866 ἐτέρας
1280 838 1286 844 ·
1304 829 1399 855 πολλαὶ
1413 828 1467 862 γὰρ
1483 827 1610 862 δυνάμεις
1624 826 1672 853 καὶ
1684 825 1802 861 διάφορα
1816 823 1895 859 κινή-

1106 886 1179 913 ματα
1195 878 1224 903 ἐν
1231 877 1263 911 τῇ
1279 875 1351 910 ψυχῇ
1362 884 1369 890 ·
1385 874 1444 901 καθ’
1458 874 1476 901 ἃ
1492 874 1557 900 ποτέ
1571 872 1620 908 μὲν
1638 871 1780 898 σπουδαῖόν
1794 879 1822 897 τι
1835 869 1895 896 δια-

1106 922 1247 958 νοούμεθα,
1260 921 1325 948 ποτὲ
1341 921 1370 948 δὲ
1386 919 1585 955 ἐπιθυμοῦμεν,
1604 918 1669 944 ποτε
1690 917 1718 944 δέ
1741 915 1894 951 ἐπιθυμού-

1106 968 1178 1004 μεθα
1189 968 1238 1004 (1),
1255 967 1319 994 ποτὲ
1328 966 1357 993 δὲ
1369 967 1511 1002 κρίνομεν·
1527 965 1574 991 καὶ
1583 964 1677 991 ἄλλοτε
1693 962 1743 998 μὲν
1759 959 1896 997 ἐφιέμεθὰ

1104 1025 1194 1047 τινων,
1209 1015 1301 1043 ἄλλοτε
1323 1014 1351 1040 δὲ
1366 1010 1594 1048 ἀποστρεφόμεθα
1604 1019 1612 1026 ·
1633 1009 1682 1037 καὶ
1695 1008 1775 1036 πάλιν
1796 1008 1893 1036 ἄλλοτε

1106 1062 1157 1097 μὲν
1184 1060 1330 1096 ὁρμῶμεν,
1356 1058 1449 1086 ἄλλοτε
1478 1057 1506 1083 δὲ
1539 1055 1700 1090 ἐκκλίνομεν
1716 1074 1724 1088 ,
1753 1052 1802 1080 καὶ
1826 1052 1894 1080 ποτὲ

1105 1108 1154 1143 μὲν
1177 1105 1336 1141 διακείμεθα
1359 1102 1505 1139 λυπηρῶς,
1529 1101 1595 1128 ποτὲ
1616 1100 1645 1128 δὲ
1669 1100 1793 1136 εὐμενεῖς
1809 1099 1894 1134 ἐσμεν

1103 1155 1151 1181 καὶ
1176 1153 1283 1188 φαιδροὶ
1305 1151 1352 1179 καὶ
1377 1150 1522 1185 ἀνειμένοι.
1556 1148 1650 1180 Πάσας
1679 1144 1726 1174 οὖν
1749 1145 1820 1181 ὁμοῦ
1844 1144 1896 1176 τὰς

1104 1197 1230 1229 τοιαύτας
1256 1196 1304 1231 τῆς
1329 1195 1417 1230 ψυχῆς
1442 1194 1571 1228 δυνάμεις
1593 1191 1742 1228 προτρέπει
1765 1191 1797 1217 τὸ
1820 1190 1896 1217 θεῖον

1102 1244 1215 1279 Πνεῦμα
1251 1243 1370 1276 εὐλογεῖν
1410 1241 1455 1267 τὸν
1491 1240 1603 1276 Κύριον.
1644 1239 1675 1265 El
1705 1238 1734 1265 δὲ
1762 1237 1811 1264 καὶ
1842 1245 1896 1263 σω-

1105 1289 1289 1326 ματικώτερον
1303 1287 1444 1323 βουληθείη
1460 1295 1501 1318 τις
1523 1285 1648 1312 ἐκλαϐεῖν
1657 1284 1704 1311 τὸν
1718 1282 1896 1318 lorum-th

1105 1337 1148 1367 ἃν,
1166 1336 1259 1371 ἐπειδὴ
1279 1335 1326 1362 καὶ
1339 1334 1385 1361 τοῦ
1399 1333 1525 1369 σώματος
1540 1331 1587 1359 τοῦ
1602 1329 1844 1367 ἡμετέρου-πάντα
1859 1329 1895 1355 τὰ

1104 1382 1178 1412 me;
1191 1381 1294 1415 ἔγκατά
1310 1389 1340 1406 τε
1354 1380 1402 1407 καὶ⁹
1418 1379 1558 1414 σπλάγχνα
1572 1377 1710 1414 βαθυτάτῃ
1724 1375 1792 1404 Θεοῦ
1812 1375 1896 1411 σοφίᾳ

1105 1427 1338 1458 κατεσκεύασται,
1361 1426 1400 1457 ὡς
1425 1425 1508 1461 μηδὲν
1530 1425 1666 1460 ἄχρηστον
1691 1421 1760 1450 εἶναι
1780 1422 1836 1449 τῶν
1864 1422 1896 1448 ὲν

1105 1474 1180 1509 ἡμῖν,
1195 1472 1394 1508 συμϐάλλεσθαι
1408 1472 1436 1498 δὲ
1450 1473 1482 1506 τῇ
1497 1470 1543 1497 τοῦ
1559 1469 1626 1496 Θεοῦ
1642 1468 1781 1504 δοξολογίᾳ
1801 1476 1835 1494 τε.
1846 1467 1896 1494 καὶ

1105 1519 1214 1554 εὐλογίᾳ
1235 1519 1285 1554 τὴν
1309 1518 1376 1553 ὁμοῦ
1394 1518 1501 1544 πάντων
1522 1517 1590 1552 πρὸς
1609 1515 1710 1551 ἄλληλα
1734 1514 1896 1550 συμφωνίαν

1104 1573 1134 1591 τε
1151 1565 1197 1590 καὶ
1224 1563 1366 1599 ἁρμονίαν,
1391 1562 1502 1593 εἰκότως
1526 1562 1572 1588 καὶ
1595 1561 1682 1587 ταῦτα
1705 1559 1752 1587 ἐπὶ
1771 1560 1823 1594 τὴν
1846 1558 1895 1585 τοῦ

1107 1610 1173 1637 Θεοῦ
1187 1609 1310 1644 εὐλογίαν
1325 1609 1465 1644 κέκληται.
1483 1608 1514 1634 Εἰ
1529 1607 1620 1642 μέντοι
1637 1606 1686 1643 τὴν
1701 1605 1791 1641 ψυχὴν
1810 1604 1897 1640 αὐτὴν

1108 1655 1294 1692 σωματοειδῶς
1317 1656 1331 1682 ὁ
1349 1654 1426 1689 λόγος
1447 1654 1570 1686 πλάττει,
1586 1653 1633 1680 καὶ
1654 1653 1723 1689 μέρη
1746 1651 1894 1687 σωματικὰ

1106 1703 1138 1737 τῇ
1157 1702 1253 1736 ἀμερεί
1278 1699 1464 1735 περιπλάττει,
1489 1699 1591 1734 ἑτέρως
1611 1698 1744 1733 νοήσῡμεν
1764 1697 1809 1723 ἐπ’
1824 1697 1895 1732 αὐτῇ

1107 1748 1140 1774 τὰ
1155 1746 1349 1782 περιτιθέμενα
1370 1745 1440 1781 μέρη
1461 1746 1494 1781 τῇ
1511 1743 1629 1780 ἀμερείᾳ
1648 1745 1680 1778 τῇ
1700 1742 1772 1770 κατά
1793 1742 1896 1778 ψυχὴν,

1106 1791 1213 1822 οἰκείως
1235 1790 1355 1825 κεφαλὴν
1379 1790 1428 1825 μὲν
1441 1790 1486 1815 τὸν
1499 1789 1573 1821 νοῦν,
1594 1788 1696 1823 αὐχένα
1708 1788 1736 1814 δέ
1752 1787 1802 1823 τὴν
1816 1787 1899 1820 δόξαν

1107 1837 1144 1869 ὡς
1160 1838 1189 1863 ἐν
1206 1837 1282 1872 μέσῳ
1297 1835 1405 1870 λογικοῦ
1423 1836 1471 1862 καὶ
1487 1835 1584 1869 ἀλόγου
1596 1842 1604 1850 ·
1624 1834 1721 1870 στῆθος
1736 1834 1781 1862 τὸν
1798 1833 1898 1869 θυμὸν,

1106 1882 1226 1918 γαστέρα
1237 1882 1285 1917 τὴν
1308 1882 1470 1917 ἐπιθυμίαν,
1495 1882 1551 1912 τοῖς
1576 1880 1631 1907 τῶν
1660 1879 1751 1916 μερῶν
1781 1880 1899 1916 ὀνόμασι

1108 1929 1249 1965 συμϐόλοις
1266 1928 1318 1955 τῶν
1329 1928 1470 1963 δυνάμεων
1482 1927 1627 1964 χρώμενοι.

1140 1974 1276 2009 Εὺλότει,
1304 1974 1323 2008 ἠ
1345 1974 1429 2009 ψυχή
1455 1983 1525 2009 μου,
1551 1974 1604 2000 τὸν
1629 1973 1755 2007 Κύριον,
1783 1972 1835 1999 καὶ
1851 1971 1899 2007 μὴ

1107 2020 1308 2048 ὲπιλανθάνου
1324 2020 1377 2053 τὰς
1400 2019 1621 2052 ἀνταποδόσεις
1641 2019 1747 2047 αὐτοῦ.
1764 2017 1822 2046 Τὸν

1107 2020 1308 2048 ὲπιλανθάνου
1324 2020 1377 2053 τὰς
1400 2019 1621 2052 ἀνταποδόσεις
1641 2019 1747 2047 αὐτοῦ.
1764 2019 1822 2046 Τὸν

1107 2068 1272 2095 λατεύοντα
1290 2067 1402 2099 πάσαις
1420 2066 1485 2099 ταῖς
1503 2066 1640 2100 ἁνομίαις
1654 2073 1723 2097 σου,
1740 2063 1796 2091 τὸν
1812 2019 1932 2137 (αὖ

1107 2122 1162 2137 νην
1176 2112 1277 2137 πᾶσαν
1293 2114 1348 2137 τὰρ
1367 2113 1479 2137 ordimur
1489 2119 1557 2137 σου.
1576 2111 1628 2137 τὸν
1643 2111 1851 2137 λυτοούιιενον

1107 2122 1162 2141 νον
1176 2112 1277 2146 πάσας
1293 2114 1348 2146 τὰς
1367 2113 1479 2145 νόσους
1489 2119 1557 2144 σου,
1576 2111 1628 2138 τὸν
1643 2111 1851 2145 λυτρούμνον

1108 2157 1219 2192 φθορᾶς
1241 2157 1298 2192 τὴν
1320 2157 1396 2192 ζωήν
1413 2166 1482 2191 σου,
1495 2158 1550 2184 τὸν
1571 2155 1781 2192 στεφανοῦντὰ
1799 2164 1838 2184 σε
1861 2157 1900 2183 ἐν

1107 2203 1183 2231 ἐλέει
1200 2204 1249 2230 καὶ
1265 2204 1433 2239 οἱκτιρμοῖς.
1443 2201 1526 2231 Αὖταί
1537 2204 1605 2230 είσιν
1617 2204 1645 2230 αί
1666 2203 1730 2239 περὶ
1744 2203 1818 2238 ἡμᾶς
1834 2203 1901 2229 ἀντ-

271 2246 491 2282 propitiationem
506 2245 598 2281 posuit
613 2253 662 2281 pro
681 2245 802 2281 peccatis
817 2247 920 2274 nostris
930 2267 937 2278 ,
953 2254 1014 2281 quae
1028 2246 1055 2273 in

1109 2249 1252 2282 αποδόσεις
1277 2249 1324 2276 τοῦ
1344 2249 1430 2276 Θεοῦ’
1456 2249 1568 2286 Πρῶτον
1592 2248 1705 2285 ἱλασμὸν
1737 2248 1826 2275 ἐθεικε
1842 2247 1901 2275 τῶν

272 2299 364 2320 errore
387 2295 415 2320 et
440 2291 596 2319 idololatria
614 2291 798 2319 admisimus:
821 2291 992 2327 singulisque
1011 2298 1058 2318 eo-

272 2345 332 2364 rum
347 2336 482 2373 propitius
494 2337 538 2364 ille
551 2336 617 2369 fuit,
632 2336 857 2371 supplicationem
874 2341 1038 2372 prazvertens
1050 2355 1057 2368 ,

272 2383 433 2418 veniamque
446 2382 570 2410 tribuens
585 2390 632 2418 per
644 2382 864 2417 propitiationem
885 2390 962 2410 suam
973 2402 980 2414 ,
996 2390 1057 2417 qua).

273 2432 316 2457 est
329 2429 475 2462 Christus;
492 2428 628 2461 secundo,
644 2429 707 2463 quia
730 2428 813 2455 etiam
833 2432 895 2463 post
919 2429 1059 2456 remissio-

273 2479 336 2500 nem
352 2475 392 2505 te,
407 2480 424 2499 ο
439 2473 545 2505 anima,
569 2472 704 2500 inﬁrmari
723 2473 852 2508 contigit,
869 2473 896 2500 in
919 2473 1055 2501 humanos

274 2518 389 2546 atl'ectus
414 2519 574 2555 delapsam:
599 2523 627 2548 et
652 2519 701 2547 has
723 2520 899 2555 aegritudines
927 2520 1057 2548 Servator

274 2564 482 2593 rationabilibus
508 2570 538 2594 et
564 2566 755 2602 spiritualibus
779 2566 925 2600 remediis,
947 2575 1009 2602 quae
1030 2567 1057 2594 in

274 2612 376 2639 divinis
398 2612 459 2646 ejus
481 2612 630 2648 Scripturis
649 2612 762 2640 fundata
783 2618 864 2646 sunt,
882 2614 1008 2646 curavit;
1024 2613 1059 2641 ad

275 2656 333 2685 haec
358 2658 455 2690 tertio,
480 2660 563 2686 vitam
588 2662 663 2687 tuam
679 2679 686 2690 ,
713 2667 773 2695 quae
799 2659 827 2686 in
853 2660 1058 2694 corruptionem

275 2712 405 2737 cessura,
430 2709 457 2732 et
480 2714 495 2733 a
517 2710 605 2734 morte
627 2707 799 2735 absorbenda
823 2712 881 2739 est,
908 2706 1057 2734 secundum

277 2750 360 2783 illud,
376 2751 473 2778 Anima
490 2760 548 2787 quae
564 2754 705 2787 peccaverit
716 2773 723 2785 ,
741 2753 800 2787 ipsa
815 2753 943 2779 morietur
958 2753 990 2785 ’⁸,
1009 2752 1060 2779 mi-

277 2797 433 2825 sericordim
447 2805 504 2825 suae
520 2803 731 2826 consentaneum
747 2807 804 2827 rem
822 2807 904 2834 agens
916 2819 923 2832 ,
940 2807 972 2826 ac
990 2806 1060 2834 prm-

313 2854 335 2870 ⁸⁸
352 2853 452 2882 Ezech.
470 2862 552 2887 xvul,
568 2854 595 2881 ι.

1109 2296 1250 2332 ἡμετέρων
1265 2297 1416 2333 ἁμαρτιῶν,
1432 2297 1464 2328 ἃς
1477 2297 1506 2323 ἐν
1523 2296 1611 2332 πλάνῃ
1629 2296 1676 2323 καὶ
1689 2294 1901 2331 ειδωλολατρείᾳ

1108 2342 1329 2379 διεπραξάμεθαο
1355 2343 1402 2369 καὶ
1425 2342 1504 2374 ἵλεως
1527 2342 1628 2377 ἑκάστῃ
1652 2341 1756 2368 τούτων
1777 2341 1899 2376 ἐγένετο,

1110 2388 1253 2424 προλαὸὼν
1269 2390 1358 2416 πᾶσαν
1373 2388 1515 2424 ἱκετηρίαν
1532 2389 1580 2415 καὶ
1595 2388 1644 2424 τὴν
1657 2387 1755 2422 ἄφεσιν
1776 2386 1839 2420 δοὺς
1854 2386 1900 2414 διὰ

1110 2434 1156 2461 τοῦ
1174 2434 1287 2470 ἱλασμοῦ
1309 2434 1402 2468 αὐτοῦ,
1421 2435 1450 2467 ὃς
1474 2435 1532 2461 ἐστι
1555 2434 1688 2470 Χριστός·
1713 2433 1841 2469 δεύτερον
1859 2433 1898 2464 δὲ.

1110 2480 1203 2516 ἐπειδὴ
1225 2481 1271 2507 καὶ
1288 2480 1356 2516 μετά
1377 2480 1425 2515 τὴν
1451 2480 1549 2515 ἄφεσιν
1575 2479 1674 2514 συνέϐη
1701 2488 1731 2506 σε
1759 2481 1858 2512 νοσεῖν,
1875 2476 1900 2505 ὦ

1110 2527 1193 2562 ψυχὴ,
1211 2527 1428 2562 ὑπολισθήσασαν
1442 2529 1499 2559 τοῖς
1517 2527 1697 2562 ἀνθρωπίνοις
1718 2527 1829 2559 πάθεσι,
1852 2527 1900 2553 καὶ

1110 2574 1211 2605 ταύτας
1246 2574 1296 2606 τὰς
1330 2574 1424 2605 νόσους
1458 2574 1473 2600 ὁ
1505 2573 1600 2609 Σωτὴρ
1628 2574 1676 2600 καὶ
1706 2573 1825 2608 λογικοῖς
1853 2572 1900 2599 καὶ

1112 2618 1254 2654 σωτηρίοις
1270 2618 1436 2654 φαρμάκοις,
1450 2619 1507 2650 τοῖς
1519 2619 1548 2645 ἐν
1560 2620 1619 2650 ταῖς
1635 2618 1721 2650 θείαις
1733 2617 1816 2644 αὐτοῦ
1828 2617 1900 2652 Γρα-

1111 2664 1175 2697 φαῖς
1190 2663 1446 2699 καταδεῦλημένοις,
1462 2663 1628 2698 ἐθεράπευσε
1640 2671 1647 2678 ·
1661 2663 1753 2698 τρίτον
1775 2662 1822 2690 ἐπὶ
1837 2660 1900 2688 τού-

1113 2717 1170 2740 τοις
1192 2708 1240 2744 τὴν
1264 2708 1337 2744 ζωήν
1362 2718 1408 2736 σου
1436 2708 1584 2745 μέλλουσαν
1609 2709 1708 2744 χωρεῖν
1723 2708 1764 2740 είς
1782 2706 1897 2743 φθορὰν,

1114 2755 1161 2781 καὶ
1176 2755 1371 2782 καταπίνεσθαι
1383 2755 1435 2782 ὑπὸ
1458 2754 1505 2781 τοῦ
1522 2754 1648 2788 θανάτου,
1669 2755 1740 2783 κατά
1754 2755 1795 2787 τὸ,
1808 2752 1898 2788 Ψυχὴ

1114 2802 1133 2835 ἡ
1153 2801 1339 2836 ἁμαρτοῦσα,
1366 2801 1442 2836 αὑτὴ
1471 2801 1671 2836 ἀποθανεῖται,
1701 2800 1835 2829 ἀκόλουθα
1856 2798 1897 2835 τῷ

311 2901 350 2939 (l)
376 2903 624 2939 Ἐπιθυμοῦμεν..
636 2904 865 2939 ἐπιθυμουμεθα.
885 2904 1052 2932 Alterutrum

1106 2903 1219 2933 lundare
1237 2904 1351 2933 videtur.
1367 2903 1445 2932 Enn.
1466 2903 1587 2933 Pareat.
