2044 3212
156 196 226 224 1265

695 196 948 226 COMMENTARIA
966 197 999 225 ΙΝ
1018 196 1188 225 PSALMOS.

1292 217 1301 244 ι
1311 212 1329 239 υ
1339 204 1377 224 γ
1707 200 1776 229 i266

157 253 240 280 αὑτοῦ
256 251 384 288 πράττων
406 251 483 287 ἐλέῳ,
507 252 592 288 λύτρα
606 252 667 284 δοὺς
682 253 753 288 ὑπὲρ
770 252 817 279 σοῦ
837 253 876 289 τῷ
894 253 942 280 θα-

998 254 1078 280 mium
1094 261 1144 289 pro
1159 257 1186 280 te
1202 253 1283 280 marti
1301 254 1460 289 sanguinem
1473 254 1611 290 Unigeniti
1634 256 1775 291 tribuens.

155 299 228 334 νὰτῳ
241 299 271 325 τὸ
279 298 325 325 τοῦ
334 297 502 332 Μονογενοῦς
512 295 591 333 αἷμα,
606 298 668 324 ὲλυτ
673 298 777 334 ρώσατο
786 307 792 314 ·
802 298 941 335 τέταρτον,

153 344 242 379 οἰκείᾳ
260 343 449 379 φιλανθρωπίᾳ
471 343 516 369 καὶ
533 343 600 370 ὲλέει
614 343 662 370 καὶ
674 345 825 380 οίκτιρμοῖς
835 343 943 380 χρώμε-

153 398 207 421 νος,
225 389 286 415 ἐπεὶ
301 389 331 422 ἐξ
350 389 438 425 ἔργων
452 389 538 421 οὐδεὶς
555 389 717 422 δικαιοῦται,
730 390 900 425 ἐστεφάνωσέ
913 399 943 417 σε

152 435 191 471 τῷ
206 435 256 471 τῆς
272 434 408 466 υἱοθεσίας
428 434 586 471 χαρίσματι.
611 435 666 462 Καὶ
691 435 784 466 ἁπλῶς
805 433 882 468 οὗτός
901 445 942 463 σοι

154 482 302 518 δεδώρηται
324 482 378 508 τῶν
395 482 599 519 ἁμαρτημάτων
614 482 662 518 τὴν
678 482 786 517 ἄφεσιν,
802 478 879 515 οὗτός
902 491 943 510 σοι

154 529 302 564 δεδώρηται
324 528 378 555 τῶν
404 528 498 555 παθῶν
517 528 566 564 τὴν
590 528 672 561 ἴασιν,
696 528 746 564 τῆς
769 529 943 561 ἀναστάσεως

155 575 204 611 τὴν
217 574 324 606 ἐλπίδα,
345 574 391 601 τὸν
405 574 553 610 ἀρραϐῶνα
569 574 616 601 τοῦ
638 574 806 610 Πνεύματος,
829 576 875 602 καὶ
898 575 943 602 τὸν

155 621 205 656 τῆς
217 620 369 655 ἀφθαρσίας
391 619 491 655 χιτῶνα
505 620 622 652 ἐνέδυσε,
645 621 692 647 καὶ
715 621 805 656 χάριτι
828 621 942 650 σέσωκε.

155 667 272 700 Χάριτος
299 666 352 701 γὰρ
379 667 426 693 καὶ
449 665 654 702 φιλανθρωπίας
679 667 694 692 ὁ
720 666 861 701 στέφανος.
889 668 945 694 Καὶ

155 712 241 740 ταῦτα
259 713 346 740 πάντα
363 712 425 739 ἕδνα
440 712 486 739 τοῦ
500 713 616 748 νυμφίου
634 715 681 739 καὶ
692 713 779 749 δῶρα·
790 713 881 740 πίστιν
891 713 945 749 γὰρ

155 759 173 794 ἡ
188 758 282 794 νύμφη
296 759 478 793 προσενήνοχε
507 759 596 794 μόνον.
607 759 644 786 Οὐ
659 759 738 795 μόνον
755 759 794 791 δὲ,
812 759 880 786 ἀλλὰ
898 760 945 787 καὶ

156 803 348 839 πνευματικῶν
371 803 482 837 ἀγαθῶν
507 812 537 830 σε
558 804 716 839 ἐνέπλησεν,
732 805 749 839 ἢ
773 804 821 831 καὶ
844 804 893 840 τὴν
915 806 945 832 ἐν

156 849 268 884 ἀγαθοῖς
287 849 432 885 ἐπιθυμίαν
449 858 496 876 σου
512 849 679 886 ἐπλήρωσεν,
697 850 726 882 ὃς
737 851 785 886 τήν
797 859 828 885 γε
839 851 945 887 ψυκτὴν

156 895 246 930 ψυχὴν
259 894 436 930 ἀπαγορεύει,
448 894 539 921 δίδωσι
552 895 580 921 δὲ
595 895 685 929 ἀγαθὰ
697 896 753 928 τοῖς
767 896 886 923 αἰτοῦσιν
897 897 946 924 αὐ-

156 940 212 967 τόν.
229 939 260 966 Εἰ
276 939 304 966 δὲ
327 939 415 974 βούλει
432 939 501 966 κατὰ
517 940 615 967 ταύτὸν
634 940 696 966 ίδεῖν
722 940 871 977 παθήματα
898 942 946 968 καὶ

156 987 343 1022 ἁμαρτήματα
365 986 491 1021 λυόμενα,
507 985 579 1021 ἔχεις
597 986 643 1012 τὸν
657 987 809 1022 παράλυτον
836 987 886 1022 τῆς
907 988 946 1014 δι-

157 1032 227 1068 πλῆς
248 1031 350 1068 ταύτης
377 1032 569 1059 ἀπολαύσαντα
595 1033 706 1068 χάριτος
721 1042 728 1048 ·
757 1034 856 1069 ἢκουσε
880 1034 945 1070 γὰρ.

163 1078 320 1112 Ἀφέωνταί
335 1086 385 1105 σοι
400 1084 428 1105 at
452 1079 590 1113 ἁμαρτίαι
610 1087 678 1111 σου,
708 1080 764 1112 καὶ,
779 1078 868 1115 Ἆρον
893 1081 947 1108 τὸν

157 1124 324 1158 κρὰὄϐατόν
337 1133 395 1152 σου
406 1134 413 1140 ·
428 1125 515 1158 οὓτως
530 1128 546 1162 ἡ
561 1127 720 1163 ἁμαρτωλὸς
735 1126 803 1162 γυνὴ
814 1127 947 1163 τετύχηκε

157 1169 206 1205 τῆς
225 1170 359 1205 ἀφέσεως,
379 1171 393 1198 ὁ
408 1171 519 1208 λῃστὴς,
535 1170 560 1199 οἱ
571 1172 697 1205 τελῶναι,
715 1173 808 1205 ἁπλῶς
828 1174 946 1207 ἅπαντες

156 1215 182 1242 οἱ
197 1216 399 1249 πιστεύσαντες.

195 1261 251 1288 Τὸν
262 1261 476 1297 ἑμπιμπλῶντα
499 1263 534 1290 ἐν
561 1263 682 1298 ἀγαθοῖς
709 1265 767 1299 τὴν
789 1266 948 1301 ἐπιθυμίαν

157 1315 226 1340 σου,
243 1308 528 1341 ἀνακαινισθήσεται
549 1310 590 1343 ὡς
607 1311 695 1338 ἀετοῦ
714 1312 732 1345 ἠ
749 1314 855 1347 νεότης
871 1321 946 1339 σουν

157 1353 229 1380 ὥστε
242 1354 462 1386 ἀνακαινίζεσθαι
475 1355 562 1391 αὐτὴν
581 1355 628 1383 τὸν
644 1357 758 1384 παλαιὸν
776 1358 948 1394 ἀποθεμένην

158 1399 311 1435 ἄνθρωπον,
331 1400 377 1427 τὸν
393 1401 421 1427 δὲ
433 1401 501 1434 νέον,
516 1401 562 1428 τὸν
583 1402 810 1438 ἀνακαινούμενον
832 1405 871 1436 εἰς
889 1405 948 1431 ἐπί-

158 1454 260 1480 γνωσιν
275 1445 321 1473 τοῦ
335 1447 477 1479 κτίσαντος
491 1447 581 1480 αὐτὸν,
600 1448 800 1483 λαμὸάνουσαν.
819 1450 897 1477 υῦτω
909 1450 946 1484 δὲ,

159 1492 253 1527 φησὶν,
275 1493 292 1528 ἠ
312 1493 407 1528 νεότης
436 1494 767 1529 σου-ἀνακαινισθὴσεται,
784 1495 822 1527 ὡς
850 1496 948 1531 μηκέτι

159 1537 350 1570 παλαιοῦσθαι,
367 1538 434 1574 μηδὲ
455 1539 495 1570 είς
520 1538 624 1575 φθορὰν
639 1537 716 1572 αὖθις
735 1542 842 1576 χωρεῖν,
861 1541 948 1568 ἀεὶδὲ

160 1583 328 1620 παραμένειν
343 1584 372 1611 ὲν
384 1583 422 1619 τῷ
432 1584 538 1616 νεάζειν
559 1585 588 1612 ἐν
603 1587 636 1621 τῇ
652 1585 783 1622 ἀφθάρτῳ
796 1586 862 1623 ζωῇ.
872 1588 948 1614 Ἐπεὶ
962 1604 983 1633 c

159 1629 188 1655 δὲ
203 1630 218 1656 ὁ
232 1629 311 1661 ἀετὸς
327 1629 381 1656 τῶν
393 1629 493 1666 ὀρνέων
507 1630 565 1657 ἐπὶ
580 1630 800 1666 βασιλικώτατον,
817 1633 885 1659 ἀλλὰ
900 1633 947 1660 καὶ

161 1675 385 1710 ὺψιπετέστατος,
402 1676 481 1712 μόνος
495 1676 523 1703 δὲ
537 1676 614 1708 ζώων
632 1677 706 1713 ἡλίου
731 1679 820 1712 φωτὸς
841 1687 948 1715 μαρμα-

162 1722 258 1757 ρυγαῖς
274 1721 407 1748 ἀντωπεῖν
420 1722 540 1754 δυνατὸς,
557 1723 603 1750 καὶ
625 1724 717 1756 ἀτενὲς
739 1725 843 1760 ἀφορᾷν
861 1725 947 1761 αὐτῷ,

161 1767 273 1799 εἰκότως
288 1768 338 1803 τὴν
353 1768 501 1795 ἀνανέωσιν
519 1770 569 1805 τῆς
587 1770 686 1804 ψυχῆς,
702 1771 748 1797 καὶ
763 1771 812 1806 τὴν
825 1772 878 1798 ἀπὸ
898 1772 950 1808 γῆς

162 1814 202 1845 εἰς
213 1813 327 1849 οὐρανὸν
341 1814 448 1849 πτῆσιν,
467 1815 513 1841 καὶ
527 1815 572 1841 τὸν
587 1815 642 1850 βίον
659 1816 743 1851 αὐτῆς
764 1816 809 1843 τὸν
827 1818 856 1844 ὲν
872 1817 950 1854 ἄκρῳ

163 1858 233 1893 φωτὶ⁹
248 1857 445 1894 γενησόμενον,’
454 1859 533 1886 ἀετοῦ
550 1860 630 1894 φύσει
647 1861 795 1897 παρέϐαλε.

198 1903 294 1930 Ποιῶν
312 1904 518 1939 ἐλεημοσύνας
533 1907 549 1932 ὀ
563 1905 680 1939 Κύριος,
697 1906 747 1933 καὶ
766 1907 856 1942 κρίμα
875 1907 951 1936 πᾶσι

162 1949 225 1983 τοῖς
239 1950 456 1985 ἀδικουμένοις,
465 1951 609 1986 ἐγνώρισε
622 1951 675 1985 τὰς
689 1952 778 1986 ὁδοὺς
804 1954 897 1981 αὑτοῦ
910 1954 950 1987 τῷ

162 1995 267 2030 Μωσῆ,
293 1996 355 2030 τοῖς
376 1996 452 2030 υἱοῖς
479 1997 598 2033 Ἰσραὴλ
620 1999 656 2026 τὰ
681 1999 831 2034 θελήματα
846 1999 950 2027 αὐτοῦ.

163 2042 217 2082 ςΕκ
239 2042 288 2078 τῆς
309 2043 393 2078 αὐτῆς
416 2044 443 2070 δὲ
463 2044 583 2076 Μωσέως
606 2045 716 2081 Γραφῆς
742 2045 851 2082 μαθήσῃ
871 2046 951 2072 ὁποῖα

183 2087 286 2123 ρίματα
301 2088 422 2123 παρέσχε
444 2090 500 2120 τοῖς
520 2089 721 2125 ἀδικουμένοιςο
742 2090 830 2126 κρίσει
844 2090 898 2126 γὰρ
913 2091 952 2117 δι-

164 2132 229 2168 καίᾳ
257 2133 373 2168 μετῆλθε
394 2133 457 2164 τοὺς
479 2134 652 2168 Αἰγυπτίους,
677 2134 796 2170 πληγαῖς
812 2135 952 2171 θεηλάτοις

165 2179 282 2211 κολάσας
306 2179 404 2211 αὐτοὺς
428 2180 497 2215 ὑπὲρ
515 2180 569 2206 τῶν
590 2181 680 2207 αὐτῶν
695 2181 867 2217 ἠδικημένων
886 2183 952 2209 υίῶν

171 2224 288 2260 Ἰσραήλ.
322 2224 482 2258 Οίκτίρμων
502 2224 551 2251 καί
571 2224 705 2260 ἐλεήμων
720 2227 736 2252 ό
755 2227 872 2260 Κύριος,
894 2235 951 2262 μα-

995 299 1139 333 liberavit;
1154 302 1270 334 quarto,
1285 299 1394 334 propria
1409 300 1552 328 clementia
1563 321 1571 333 ,
1588 302 1777 330 misericordia

994 349 1022 373 et
1037 345 1259 373 miserationibus
1275 353 1352 378 usus,
1369 347 1434 381 quia
1450 355 1530 374 nemo
1545 355 1578 375 ex
1594 349 1783 384 operibusjut

994 391 1141 424 stiﬁcatur,
1157 391 1314 427 adoptionis
1327 396 1354 420 te
1368 392 1456 428 gratia
1472 394 1624 422 coronavit.
1651 394 1681 422 In
1703 403 1778 423 sum-

993 445 1049 469 ma,
1071 437 1116 464 hic
1138 442 1164 465 te
1188 441 1362 472 peccatorum
1375 437 1456 465 venia
1473 438 1597 473 donavit,
1620 441 1777 469 morborum

995 484 1078 511 animi
1094 484 1226 512 medelam
1242 484 1354 517 tribuit,
1372 492 1478 512 necnon
1500 494 1575 521 spem
1598 489 1779 516 resurrectio.

993 531 1054 563 nis,
1081 531 1179 566 pignus
1199 529 1337 566 Spiritus:
1361 538 1393 559 ac
1415 534 1443 560 te
1463 531 1677 568 incorruptionis
1703 539 1779 562 veste

994 576 1102 609 induit,
1118 576 1204 613 gratia
1219 583 1270 604 sua
1283 577 1389 604 salvum
1405 577 1481 605 fecit.
1498 577 1565 605 Nam
1583 580 1675 614 gratiae
1688 583 1714 607 et
1727 581 1780 608 cleo

995 623 1103 650 mentia:
1128 629 1230 650 corona
1258 626 1311 650 est.
1340 622 1429 658 Alqne
1457 624 1514 651 hzec
1541 625 1651 658 omnia,
1679 626 1780 653 dotalia

995 669 1088 704 sponsi
1103 676 1216 697 munera
1232 672 1261 697 et
1273 668 1345 696 dona
1360 673 1445 697 sunt:
1461 677 1563 705 sponsa
1579 671 1680 706 quippe
1694 672 1780 700 solam

997 715 1076 742 tidem
1096 715 1204 742 obtulit.
1227 714 1321 751 Neque
1338 715 1425 743 solum
1443 716 1500 744 illis
1512 736 1520 748 ,
1537 717 1586 745 sed
1601 717 1682 744 etiam
1699 718 1782 754 spiri-

995 761 1118 790 tualibus
1132 761 1211 789 bonis
1225 765 1252 789 te
1265 761 1381 797 replevit
1394 770 1402 795 ;
1421 762 1478 790 sive
1493 763 1576 790 etiam
1593 767 1642 791 tuo
1660 765 1688 792 in
1703 765 1782 793 bonis

972 807 1132 846 _desiderio
1159 807 1310 840 satisfecit,
1337 808 1385 843 qui
1412 807 1537 843 frigidam
1560 809 1678 837 animam
1701 819 1783 846 repu-

996 853 1069 885 diat,
1086 852 1158 880 bona
1172 859 1237 880 vero
1254 853 1412 888 petentibus
1426 860 1456 880 se
1471 853 1577 881 tribuit.
1597 853 1676 887 Quod
1694 856 1716 884 si
1733 864 1783 884 vo-

997 899 1082 927 lueris
1096 899 1208 927 morbos
1224 899 1306 927 simul
1322 903 1349 926 et
1365 903 1477 934 peccata
1495 899 1585 927 soluta
1603 900 1714 935 videre,
1733 903 1783 930 lia-

996 945 1044 973 bes
1056 939 1237 981 paralyticum
1254 945 1305 972 hac
1318 945 1420 980 duplici
1434 946 1521 980 gratia
1536 945 1666 974 donatum
1682 957 1689 981 ;
1706 949 1785 978 audi-

995 992 1035 1018 vit
1049 991 1140 1022 enim,
1161 990 1339 1017 Dimittuntur
1366 991 1414 1017 tibi
1437 996 1546 1025 peccata
1568 996 1631 1026 tua,
1655 997 1692 1026 et,
1710 993 1786 1022 Tolle

998 1037 1139 1072 grabatum
1154 1041 1228 1063 tuum
1241 1037 1285 1063 "z
1302 1037 1342 1064 sic
1365 1038 1504 1072 peccatrix
1524 1037 1622 1065 mulier
1644 1039 1784 1068 remissio-

997 1091 1058 1110 nem
1082 1086 1230 1110 consecuta
1252 1086 1311 1116 est;
1333 1083 1373 1110 sic
1393 1083 1480 1115 latro,
1501 1082 1660 1119 publicani,
1682 1091 1713 1112 ac
1736 1085 1785 1112 de-

997 1137 1071 1156 mum
1088 1136 1184 1157 omnes
1200 1129 1246 1164 qui
1262 1128 1446 1156 crediderunt.

1033 1261 1118 1289 Vens.
1139 1261 1165 1289 5.
1187 1261 1240 1295 Qui
1260 1262 1341 1297 replet
1361 1262 1390 1290 in
1412 1262 1487 1291 bonis
1509 1264 1669 1292 desiderium
1691 1269 1784 1299 tuum,

999 1307 1166 1334 renouabitur
1187 1312 1216 1334 ut
1235 1308 1332 1343 aquila:
1352 1308 1472 1342 iuventus
1498 1313 1565 1340 tua;
1590 1309 1626 1336 ita
1649 1313 1678 1337 ut
1699 1310 1796 1345 priori

998 1352 1123 1388 ἀειροείιο
1138 1353 1264 1386 homine,
1280 1361 1312 1381 ac
1323 1361 1394 1381 novo
1403 1374 1412 1388 ,
1426 1355 1473 1389 qui
1484 1358 1633 1382 renovatur
1643 1355 1677 1383 ad
1691 1356 1786 1391 cogni-
1798 1376 1802 1380 ι

999 1399 1100 1426 tionem
1117 1399 1256 1427 Creatoris
1272 1399 1333 1432 sui,
1349 1400 1495 1436 a‘djuncto,
1510 1404 1538 1429 et
1552 1400 1610 1435 ipsa
1627 1405 1784 1431 renovetur.

1000 1446 1045 1473 Sic
1054 1451 1155 1478 autem.
1163 1446 1210 1478 ait,
1216 1446 1347 1481 juventus
1355 1451 1401 1475 tua
1411 1448 1598 1480 renovabitur,
1606 1451 1636 1475 ut
1644 1455 1786 1484 nunquam
1798 1469 1801 1475 .

998 1495 1166 1524 veterascat,
1183 1500 1273 1528 neque
1295 1493 1328 1520 ad
1346 1493 1549 1528 corruptionem
1570 1501 1668 1522 rursus
1688 1494 1785 1528 abeat,

1000 1537 1048 1564 sed
1064 1544 1172 1572 semper
1187 1543 1280 1573 vegeta
1295 1541 1405 1566 maneat
1419 1538 1448 1565 in
1462 1538 1621 1574 incorrupta
1635 1540 1702 1567 vita.
1716 1539 1787 1567 Cum

1001 1586 1091 1610 autem
1104 1583 1197 1618 aquila
1210 1583 1246 1611 sit
1261 1583 1351 1610 avium
1364 1590 1412 1610 rex
1421 1602 1430 1616 ,
1447 1584 1633 1620 altissimeque
1647 1585 1737 1618 volet,
1753 1591 1787 1612 ac

1001 1628 1058 1655 sola
1074 1629 1147 1656 inter
1161 1628 1291 1656 animalia
1306 1628 1411 1656 salares
1434 1628 1527 1658 radios
1547 1630 1637 1658 valeat
1658 1630 1785 1663 obtueri,

998 1675 1144 1710 ipsumque
1165 1678 1267 1703 attente
1289 1676 1469 1711 conspicere;
1491 1675 1700 1704 renovationem
1727 1676 1788 1705 ani-

999 1728 1066 1750 mae.
1084 1725 1112 1748 et
1126 1728 1141 1748 e
1155 1724 1229 1748 terra
1246 1720 1280 1748 ad
1302 1721 1401 1749 omium
1424 1722 1561 1755 volatum,
1583 1721 1722 1757 vitamque
1740 1729 1787 1750 su-

998 1774 1094 1802 premo
1119 1767 1147 1795 in
1167 1767 1271 1795 lumine
1291 1771 1462 1796 versaturam
1489 1768 1587 1804 aquila;
1603 1772 1709 1796 natura;
1730 1775 1788 1797 me-

996 1814 1053 1841 rito
1066 1813 1243 1849 comparavit.

1036 1901 1119 1929 Vsus.
1140 1900 1216 1928 6-16.
1238 1900 1354 1929 Faciem
1377 1902 1575 1930 misericordias
1595 1902 1725 1931 Dominus
1737 1923 1744 1935 ,
1761 1908 1787 1931 et

997 1947 1128 1982 judicium
1144 1946 1265 1974 omnibus
1285 1946 1416 1981 injuriam
1430 1947 1589 1980 patientibus
1602 1969 1610 1981 ,
1626 1953 1703 1975 notas
1724 1948 1787 1983 fecit

1001 1993 1057 2020 vias
1077 2000 1140 2019 suas
1156 1992 1262 2027 Moysi,
1288 1992 1353 2027 ﬁliis
1374 1992 1461 2021 Israel
1481 1995 1629 2022 voluntates
1649 2002 1724 2023 suas.
1746 1994 1787 2022 Ex

1001 2038 1059 2072 ipsa
1074 2045 1139 2065 vero
1154 2038 1255 2074 Moysis
1272 2038 1414 2074 Scriptura
1428 2040 1551 2073 edisces,
1567 2041 1659 2077 qualia
1675 2048 1726 2076 pro
1741 2041 1788 2069 lae-

1001 2084 1040 2111 sis
1055 2083 1158 2118 judicia
1173 2083 1287 2111 tulerit:
1302 2084 1379 2118 justo
1393 2092 1511 2120 namque
1525 2085 1630 2120 judicio
1644 2085 1804 2122 Egyptios.

1002 2130 1116 2162 invasit,
1128 2130 1261 2159 divinitus
1273 2130 1385 2159 inﬂictis
1399 2131 1486 2167 plagis
1500 2133 1639 2167 castigans
1655 2132 1716 2160 illos
1729 2139 1790 2168 pro«

1003 2178 1062 2210 pter
1078 2174 1149 2203 ﬁlios
1165 2174 1247 2203 Israel
1265 2176 1300 2203 ab
1315 2175 1384 2211 ipsis
1400 2176 1518 2211 pessime
1534 2176 1654 2205 habitos.
1673 2176 1790 2204 Misera-

1004 2226 1045 2248 tar
1065 2226 1089 2248 et
1110 2222 1258 2249 misericors
1282 2221 1429 2255 Dominus,
1454 2222 1612 2258 longanimis
1631 2227 1654 2250 et
1677 2222 1803 2250 multum-.-

166 2270 311 2305 κρόθυμος
326 2270 374 2296 καὶ
391 2270 564 2303 πολυέλεος,
581 2272 636 2298 οὐκ
652 2272 695 2305 είς
716 2271 803 2306 τέλος
815 2273 949 2308 ὀργισθή-

1005 2267 1155 2295 misericors
1166 2287 1174 2300 ,
1189 2276 1239 2294 non
1256 2268 1283 2295 in
1297 2268 1377 2302 finem
1395 2268 1537 2300 irascetur,
1559 2275 1641 2303 neque
1662 2268 1689 2295 in
1712 2273 1791 2296 teter-

166 2323 260 2348 σεται,
287 2315 358 2342 οὐδὲ
381 2316 424 2348 εις
436 2316 490 2342 τὸν
503 2315 595 2343 αἰῶνα
616 2317 725 2352 μηνιεῖ.
747 2319 789 2345 Οὐ
806 2319 882 2345 κατὰ
900 2319 952 2353 τὰς

165 2361 308 2396 ἁμαρτίας
332 2360 417 2395 ἡμῶν
439 2361 583 2395 ἐποίησεν
600 2362 681 2397 ἡμῖν,
706 2363 776 2390 οὐδὲ
798 2363 873 2391 κατὰ
899 2365 957 2398 τὰς,

166 2407 292 2442 ἀνομίας
307 2407 391 2441 ἡμῶν
403 2407 611 2434 ἀνταπέδωκεν
633 2408 714 2442 ἡμῖν.
733 2409 795 2436 Ὀτι
813 2409 888 2436 κατὰ
918 2409 952 2436 τὸ

165 2454 245 2488 ὕψος
267 2454 319 2480 τοῦ
335 2454 463 2488 οἰφανοῦ
483 2454 541 2481 ἀπὸ
557 2454 611 2488 τῆς
627 2455 682 2489 γῆς
701 2455 881 2489 ἐκραταίωσε
896 2457 953 2483 Κύ-

162 2508 228 2534 ριος
255 2500 288 2527 τὸ
321 2501 406 2532 ἕλεος
438 2500 530 2527 αὑτοῦ
555 2501 603 2527 ἐπὶ
642 2501 713 2534 τοὺς
742 2501 951 2536 ,φοϐουμένους

166 2547 268 2573 αὐτόν.
316 2547 456 2574 Καθέσον
500 2546 668 2580 ἀπέχουσιν
715 2547 857 2574 ἀνατολαὶ
893 2548 952 2574 ἀπὸ

167 2591 307 2626 δυσμῶν,
345 2592 513 2626 ἐμάκρυνεν
547 2592 597 2626 ἀφ’
621 2593 705 2627 ἡμῶν
740 2593 792 2626 τὰς
827 2593 953 2628 ἀνομίας

167 2637 261 2673 ἡμῶν.
292 2637 394 2671 Καθὼς
419 2638 553 2672 οἰκτείροι
584 2637 682 2672 πατὴρ
712 2638 815 2671 υἱοὺς,
851 2638 952 2674 (purel-

162 2692 242 2718 ρησε
274 2684 383 2718 Κύριος
421 2684 491 2717 τοὺς
527 2684 732 2719 φοϐουμένους
761 2684 870 2718 αὑτὸν,
909 2684 954 2711 ὅτι

166 2727 258 2761 αὐτὸς
294 2728 370 2762 ἔγνω
392 2727 425 2754 τὸ
451 2728 576 2763 πλάσμα
604 2728 698 2763 ἡμῶν.
724 2728 880 2763 Μνήσθητι
910 2729 954 2756 ὅτι

167 2775 242 2809 χοῦς
267 2775 370 2809 ἐσμεν
398 2775 560 2810 ἅνθρωπος,
577 2776 647 2802 ὡσεὶ
673 2777 778 2811 χόρτος
804 2778 834 2803 ai
848 2776 954 2817 ἡμέραι

167 2822 271 2849 αὑτοῦ·
287 2822 358 2849 ὡσεὶ
372 2822 462 2855 ἄνθος
490 2821 543 2849 τοῦ
555 2822 768 2858 timeant”)er
783 2821 960 2856 ἐξανθήσει..

205 2912 228 2930 ’³
248 2911 331 2940 Marc.
350 2918 370 2939 ιι
381 2931 396 2945 ,_
405 2911 434 2939 9.

1005 2321 1067 2340 num
1082 2314 1252 2341 suecensebil.
1269 2314 1330 2341 Non
1343 2314 1487 2341 secundum
1499 2319 1606 2349 peccata
1622 2319 1714 2341 nostra
1728 2314 1790 2349 fecit

1005 2361 1095 2393 nobis,
1111 2369 1192 2396 neque
1206 2362 1348 2388 secundum
1363 2361 1517 2397 iniquitates
1537 2366 1644 2388 nostras
1666 2361 1789 2388 retribuit

1006 2406 1091 2433 nobis.
1112 2406 1244 2439 Quoniam
1260 2405 1402 2432 secundum
1419 2406 1586 2433 altitudinem
1604 2406 1663 2433 cali
1681 2414 1698 2433 α
1718 2411 1790 2434 terra

1005 2452 1185 2479 corroborauit
1203 2452 1332 2479 Dominus
1347 2452 1558 2479 misericordiam
1572 2461 1648 2479 suam
1661 2460 1740 2487 super
1757 2453 1792 2479 ti.

1005 2503 1103 2525 mentes
1119 2507 1155 2525 se.
1173 2498 1307 2531 Quantum
1322 2498 1404 2525 distat
1417 2503 1490 2525 ortus
1506 2498 1538 2525 ab
1553 2498 1700 2532 occidente,
1715 2499 1804 2535 longe

1004 2544 1065 2578 fecit
1080 2553 1096 2570 a
1111 2543 1184 2572 nobis
1198 2544 1349 2578 iniquitates
1367 2549 1483 2571 nostras.
1496 2544 1633 2578 Quomodo
1652 2545 1792 2572 miseretur

1004 2594 1079 2623 pater
1094 2589 1227 2622 ﬁliorum,
1241 2589 1364 2615 misertus
1379 2592 1417 2615 est
1432 2588 1562 2616 Dominus
1578 2589 1728 2616 timentibus
1744 2597 1771 2616 se
1782 2609 1790 2620 ,

1004 2635 1129 2671 quoniam
1141 2635 1196 2669 ipse
1208 2634 1326 2670 cognovit
1338 2635 1491 2670 ﬁgmentum
1501 2639 1631 2662 nostrum.
1644 2634 1805 2662 Recordare~~

1005 2681 1128 2716 quoniam
1144 2680 1229 2715 pulvis
1244 2687 1352 2712 sumus;
1369 2679 1456 2712 homo,
1472 2680 1540 2707 sicut
1553 2679 1702 2714 fenumdies
1715 2680 1771 2714 ejus
1781 2699 1789 2711 ,
1838 2674 1843 2677 Δ

1005 2733 1130 2763 tanquam
1148 2727 1198 2762 ﬂos
1218 2727 1286 2763 agri,
1309 2727 1347 2754 sic
1367 2726 1500 2763 eﬂiorebit.
1524 2726 1656 2760 Quoniam
1680 2727 1798 2762 spiritus.

1004 2772 1174 2807 pertransibit
1189 2772 1216 2799 in
1231 2772 1279 2800 illo
1291 2777 1316 2799 et
1331 2780 1383 2800 non
1397 2772 1536 2805 subsistet,
1551 2777 1577 2799 et
1590 2780 1641 2799 non
1655 2777 1802 2808 cognoscet;

1005 2820 1119 2855 amplius
1144 2820 1230 2847 locum
1252 2827 1340 2847 suum.
1368 2818 1602 2854 Quemadmodum
1628 2826 1643 2846 a
1670 2819 1792 2848 tenebris
