2044 3212
277 207 290 234 1
295 208 343 234 ΞίῖἹ

616 205 752 233 EUSEBll
771 204 1008 233 CAISABlENSIS
1028 205 1056 232 Ol

1123 201 1213 233 PARS
1230 205 1272 233 111.
1293 222 1327 226 -
1344 203 1545 233 ΕΧΕΟΕΤΙΟᾹ.

1822 202 1892 230 F268

276 267 435 303 ignorantiae
456 266 575 300 peccatis
597 265 714 292 inducta:
736 265 770 292 ad
792 265 880 292 lucem
896 264 1056 300 cognitionis

1111 266 1170 291 ’Ὁτι
1187 265 1303 300 πνεῦμα
1322 264 1445 299 διῆλθεν
1460 264 1494 291 ὲν
1516 262 1605 295 αὐτῷ,
1621 262 1668 289 καὶ
1686 263 1741 295 οὐχ
1757 261 1892 296 ὑπάρξει,

275 321 333 341 sua:
352 320 402 340 nos
423 312 561 339 transtulit
577 320 585 344 ;
606 311 719 346 haecque
740 310 804 338 fecit
823 314 852 337 ut
871 310 960 337 bonus
983 314 1060 345 pater

275 359 445 386 insanientes
470 357 540 386 ﬁlios
559 357 705 385 miseratus
718 378 725 389 ,
744 364 776 384 ac
790 364 855 392 erga
872 355 973 383 liberos
988 356 1059 384 male

275 404 387 432 aﬂ'ectos
403 404 533 439 majorem
549 403 814 431 commiserationem
831 410 993 430 assumens:
1010 409 1058 430 eo-

275 450 337 478 dem
353 450 397 477 ille
413 449 494 476 modo
509 457 559 477 nos
574 449 723 476 miseratus
739 451 781 475 est
792 468 800 480 ,
816 455 847 475 ac
862 455 895 475 ex
921 447 1009 475 atbeis
1031 451 1059 474 et

277 499 377 525 timore
392 497 548 524 carentibus
559 517 566 528 .
583 496 643 530 pios
658 503 689 523 ac
705 503 734 522 se
748 495 876 522 timentes
892 502 942 522 nos
957 494 1056 522 cil‘ecit.

1112 309 1162 338 καί
1172 311 1228 337 οὐκ
1242 310 1436 346 ἐπιγνώσεται
1451 310 1493 336 ἔτι
1505 308 1557 335 τὸν
1572 309 1665 334 τόπον
1678 307 1780 334 αὑτοῦ.
1791 307 1893 343 Ὠσπερ

1111 355 1166 382 ἀπὸ
1181 355 1290 388 σκότους
1309 356 1357 391 τῆς
1378 355 1432 382 τῶν
1457 354 1661 390 ἁμαρτημάτων
1675 354 1783 388 ἀγνοίας
1805 353 1850 379 ἐπὶ
1865 354 1894 380 τὸ

1112 401 1170 436 φῶς
1193 402 1243 436 τῆς
1266 401 1347 428 αὑτοῦ
1371 401 1497 435 γνώσεως
1525 400 1707 436 μετεστήσατο
1730 400 1819 434 ἡμᾶς·
1849 399 1894 425 καὶ

1111 446 1197 474 ταῦτα
1212 446 1328 484 ἔπραξεν
1338 447 1375 480 ὡς
1383 447 1483 482 ἀγαθὸς
1494 446 1584 481 πατὴρ
1592 446 1838 481 σπλαγχνιζόμενος
1851 446 1896 472 ἐπὶ

1113 496 1181 524 υἱοῖς
1199 494 1341 529 μεμηνόσι,
1367 494 1413 520 καὶ
1429 493 1475 520 ἐπὶ
1491 493 1584 524 κακῶς
1603 492 1781 527 διακειμένοις
1793 491 1896 523 τέκνοις

279 545 389 581 μείζονα
403 542 491 571 οἶκτον
507 542 665 570 ἀναλαϐών·
682 542 727 568 τὸν
759 542 838 568 αὐτὸν
855 541 953 578 τρόπον
985 542 1033 569 καὶ
1049 541 1129 574 αὐτὸς
1146 542 1312 578 ᾠκτείρησεν
1341 541 1425 576 ἡμᾶς,
1453 539 1482 573 ἐξ
1505 540 1591 567 ἀθέων
1617 539 1664 566 καὶ
1688 538 1797 573 ἀφόϐων
1822 538 1896 565 εὐσε-

275 593 333 625 ϐεῖς
348 593 394 620 καὶ
406 592 586 628 φοϐουμένους
597 592 676 618 αὑτὸν
688 591 922 627 ἀπεργασάμενος.

309 649 393 677 Vens.
416 649 450 676 l7
467 649 506 676 19.
529 648 712 676 Misericordia
720 654 807 676 autem
818 648 924 676 Domini
940 648 973 675 ab
984 654 1061 676 atter-

274 704 325 725 no.
340 700 364 722 et
381 704 462 729 usque
488 695 515 722 in
544 699 670 722 wternunt
698 703 775 729 super
793 696 912 723 timentes
938 703 1007 723 eum.
1027 695 1062 723 Ει

270 742 378 777 justitia
393 741 464 768 illius
480 742 505 767 in
520 741 591 774 ﬁlios
603 741 737 775 ﬁliorum,
752 741 792 768 his
804 742 849 775 qui
860 745 964 768 servant
979 745 1061 768 testa-

275 793 391 815 mentum
405 787 476 821 ejus,
490 792 514 814 et
529 795 654 814 memoras
667 793 728 814 sunt
739 787 925 815 mandatorum
937 787 1010 814 illius
1025 787 1060 814 ad

275 834 423 869 faciendum
438 842 478 861 ea.
493 833 561 861 Huic
577 833 665 861 simile
679 833 744 861 illud
761 843 767 861 :
784 833 897 861 Faciem
911 834 1060 862 misericor-

273 880 346 907 diam
362 879 531 914 diligentibus
550 887 600 906 me.
626 878 692 906 Nam
719 879 1058 912 misericordiatDomini,

273 931 301 954 et
326 934 438 961 compar
461 926 521 960 ejus
542 925 648 959 justitia
671 926 699 952 in
723 933 832 954 onmem
856 926 1058 961 generationem

1151 646 1189 674 Τὸ
1215 646 1301 679 ἕλεος
1325 645 1359 672 δὲ
1379 645 1432 673 τοῦ
1451 643 1560 678 Κυρίου
1587 642 1643 670 ἀπὸ
1660 641 1713 668 τοῦ
1727 640 1834 674 αἰῶνος
1849 641 1895 666 καὶ

1115 694 1166 726 ἕως
1185 693 1238 720 τοῦ
1254 692 1360 725 αἰῶνος
1367 690 1416 718 ἐπὶ
1425 690 1495 723 τοὺς
1509 689 1713 725 φοϐουμένους
1720 688 1814 714 αὐτόν
1825 695 1831 701 ·
1849 687 1896 713 καὶ

1114 740 1134 774 ὴ
1153 739 1328 773 δικαιοσύνη
1353 737 1446 764 αὑτοῦ
1467 736 1517 764 ἐπὶ
1537 735 1606 768 τοὺς
1624 734 1708 767 υΙοὺς
1731 733 1791 760 τῶν
1815 732 1897 765 υιῶν,

1115 786 1176 819 τοῖς
1191 785 1387 821 φυλάσσουσι
1407 783 1464 818 τὴν
1486 782 1632 816 διαθήκην
1650 780 1753 812 αὐτοῦ,
1776 780 1826 806 καί
1846 788 1897 814 με-

1112 831 1275 867 μνημένοις
1291 829 1350 857 τῶν
1363 828 1496 856 ἐντολῶν
1519 827 1623 860 αὑτοῦ,
1637 827 1691 854 τοῦ
1706 825 1831 860 ποιῆσαι
1846 826 1897 853 αὑ-

1113 876 1176 910 τάς.
1195 877 1305 912 Ὅμοιον
1322 875 1369 902 καὶ
1394 874 1435 907 τὸ,
1459 873 1556 901 Ποιῶν
1577 873 1663 905 ἔλεος
1685 871 1747 904 τοῖς
1762 870 1899 906 ἁγαπῶσί

1108 931 1156 957 με.
1173 920 1335 957 Παρατείνει
1348 919 1402 956 γὰρ
1419 919 1450 946 τὸ
1464 918 1538 951 ἔλεος
1557 917 1668 954 Κυρίου,
1682 917 1730 944 καὶ
1748 918 1766 952 ὴ
1785 916 1899 951 σύζυγος

273 971 430 999 extenditur
447 970 474 997 in
493 970 621 997 timentes
638 977 718 1000 eum.
737 974 764 997 et
779 971 807 998 in
823 971 893 999 ﬁlios
903 979 998 999 eorum
1011 992 1019 1004 ,
1035 970 1056 998 id

1113 967 1196 995 αὐτοῦ
1217 965 1384 1000 δικαιοσύνη,
1406 966 1445 997 είς
1460 966 1550 992 πᾶσαν
1577 965 1627 1001 τὴν
1650 963 1747 999 γενεὰν
1769 964 1816 990 ἐπὶ
1838 963 1899 996 τοὺς

272 1017 332 1045 est,
349 1016 377 1041 in
389 1013 564 1042 aemulatores
577 1016 716 1049 gestorum
733 1018 856 1049 Ipsorum
867 1033 874 1045 ,
892 1013 920 1040 in
937 1021 985 1041 eos
1003 1014 1058 1041 sci-

273 1058 335 1086 licet
345 1078 352 1090 ,
364 1058 410 1094 qui
423 1066 478 1086 non
492 1058 573 1086 modo
584 1062 780 1093 praeceptorum
791 1058 852 1094 ejus
862 1059 1040 1086 recordamur
1048 1079 1056 1091 .

273 1104 321 1130 sed
336 1104 510 1132 sermonibus
526 1111 609 1138 opera
622 1103 773 1138 adjiciunt,
795 1107 822 1131 et
846 1104 898 1132 hoc
922 1104 1003 1132 modo
1017 1105 1058 1132 vi-

273 1153 328 1176 tam
345 1149 511 1176 concinnant
525 1157 613 1177 suam.
631 1148 668 1176 Ea
692 1149 792 1185 quippe
812 1150 922 1182 dantur,
948 1158 1001 1178 non
1029 1155 1058 1178 ut

272 1195 395 1229 ipsorum
416 1195 517 1222 nudam
540 1195 700 1222 memoriam
715 1202 742 1222 et
757 1195 880 1223 notitiam
897 1204 1056 1230 servemus;

272 1242 320 1269 sed
337 1245 366 1268 ut
381 1242 510 1269 metuoria
533 1242 566 1269 ad
586 1241 755 1277 operandum
771 1245 889 1268 utamur.
907 1241 976 1269 lllud
990 1249 1057 1277 quo-

271 1295 325 1321 que
341 1286 470 1315 Servator
488 1287 609 1315 declarat
632 1286 674 1315 his
690 1287 800 1314 verbis:
818 1287 871 1320 Qui
887 1287 964 1314 habet
980 1296 1057 1314 man-

271 1331 337 1360 data
361 1341 433 1365 mea,
456 1339 480 1360 et
500 1337 586 1360 servat
607 1341 654 1365 ea,
675 1332 721 1360 ille
738 1336 777 1359 est
793 1333 838 1367 qui
857 1331 945 1368 diligit
960 1341 1000 1360 me
1016 1333 1056 1360 "z

272 1387 335 1407 nam
359 1380 542 1407 observationi
561 1384 666 1407 tantum
678 1390 698 1414 ,ί
707 1387 761 1406 non
781 1379 920 1407 memoria:
944 1387 1055 1412 eorum.

270 1432 376 1453 merces
391 1425 523 1459 debetur;
541 1434 629 1461 neque
643 1426 799 1459 auditores,
817 1425 864 1453 sed
881 1426 1001 1453 cultores
1019 1426 1057 1453 leo

270 1470 313 1506 gis
323 1471 556 1506 justiticabuntur.
567 1471 684 1500 Pulchre
693 1476 784 1499 autem
797 1472 839 1498 lex
851 1470 898 1499 Dei
910 1474 1057 1500 testamen-

271 1520 329 1544 tum
342 1521 439 1545 vocata
453 1521 512 1550 est,
536 1521 565 1545 ut
581 1518 628 1553 qui
642 1525 701 1545 eam
719 1518 898 1545 observamus
909 1537 918 1549 ,
943 1517 1058 1546 haeredi-

270 1567 353 1590 tatem
370 1563 432 1591 inde
453 1571 605 1599 speremus.
630 1563 709 1597 Quod
723 1568 812 1592 autem
832 1567 930 1591 natura
946 1563 1056 1599 quidem

270 1612 364 1637 nostra
375 1607 447 1636 ﬂuxa
460 1609 510 1641 sit,
525 1609 617 1636 divina
632 1617 696 1637 vero
708 1607 852 1637 clementia
863 1609 981 1637 debitam
993 1617 1057 1645 pro-

269 1654 440 1689 genitoribus
459 1654 573 1689 justitiae
595 1655 748 1683 mercedem
770 1663 857 1690 usque
887 1655 922 1683 ad
944 1659 1058 1690 nepotes
1071 1649 1092 1678 C

269 1704 430 1733 conservet,
455 1706 584 1736 sexcenta
599 1701 715 1737 hujusce
736 1700 776 1728 rei
798 1700 958 1728 testimonia
978 1709 1056 1736 repe-

268 1745 336 1774 rias.
352 1745 420 1772 Nam
434 1745 470 1774 ob
478 1746 641 1779 Abrahami,
657 1745 743 1774 lsaaci
756 1749 783 1773 et
794 1744 889 1773 Jacobi
901 1744 1055 1780 justitiam,

270 1791 400 1826 populum
416 1799 449 1819 ex
465 1792 500 1820 iis
514 1796 609 1827 postea
622 1795 747 1820 exortum
763 1791 908 1819 vocatione
930 1794 957 1820 et
976 1798 1057 1827 pecu-

270 1836 332 1864 liari
354 1837 525 1872 providentia
544 1838 674 1875 dignatus
693 1841 746 1865 est.
765 1837 835 1865 Jehu
854 1841 945 1865 autem
969 1844 1057 1872 usque

269 1881 305 1909 ad
331 1886 455 1917 quartam
480 1884 684 1918 generationem
714 1890 830 1919 regnum
859 1883 1055 1916 conservavit,

268 1926 378 1955 etiamsi
393 1935 446 1955 non
471 1927 585 1955 omnino
607 1928 707 1964 pietate
728 1928 860 1964 praeditus
879 1932 975 1962 esset;
992 1929 1055 1964 quia

267 1973 297 2002 in
313 1974 447 2010 principio
463 1975 538 2011 regni
556 1975 598 2003 sui
614 1975 734 2003 studium
749 1983 814 2011 erga
828 1974 914 2004 Deum
927 1975 1056 2004 exhibue-

267 2025 320 2048 rat.
332 2020 448 2048 Mirabili
459 2028 523 2048 vero
537 2021 631 2048 Davidi
644 2021 835 2049 inexstinctam
849 2021 998 2050 custodivit
1009 2030 1055 2058 ge-

267 2066 343 2093 neris
355 2067 499 2094 scintillam
509 2086 517 2100 ,
531 2067 582 2095 etsi
594 2067 670 2103 impii
682 2068 760 2095 multi
774 2068 846 2096 inter
858 2068 918 2103 ejus
930 2071 1055 2103 posteros

267 2112 356 2139 exorti
371 2113 435 2139 sint.
448 2112 577 2140 Dominus
592 2113 619 2143 in
634 2114 698 2141 creto
711 2114 814 2149 paravit
830 2114 952 2142 thronum
965 2123 1053 2145 suum.

266 2162 292 2183 et
320 2166 428 2192 regnum
453 2158 534 2192 ipsius
555 2159 676 2186 omnibus
700 2159 891 2187 dominabitur.
919 2161 1055 2189 Accurate

265 2202 370 2230 dictum
386 2207 443 2235 est.
460 2203 580 2231 omnibus
595 2204 795 2237 dominabitur;
811 2205 858 2233 sed
877 2212 932 2232 non
945 2225 952 2238 ,
969 2207 1054 2233 omni-

267 2248 314 2275 bus
329 2248 499 2281 dominatur,
515 2249 580 2284 quia
601 2257 656 2276 non
669 2257 764 2277 omnes
782 2249 858 2285 digni
883 2253 948 2278 sunt
969 2258 1053 2285 regno

267 2294 350 2322 illius.
375 2293 558 2327 Quamobrem
576 2295 611 2322 iis
625 2296 673 2330 qui
688 2295 873 2330 evangelicam
889 2296 972 2324 vitam
991 2295 1051 2324 exi-

265 2343 351 2374 gttnt,
382 2348 496 2374 regnum
522 2341 654 2369 cmlorum
681 2339 806 2367 Salvator
830 2340 971 2375 pollicitus
997 2344 1049 2367 est.

266 2386 326 2413 Alio
352 2386 415 2414 item
439 2385 609 2422 intelligendi
635 2393 710 2413 more
732 2385 861 2413 omnibus
882 2385 1050 2416 dominatur,

266 2430 348 2457 etiam
370 2431 404 2458 iis
423 2432 470 2466 qui
493 2439 576 2467 regno
599 2431 732 2459 caelorum
755 2431 859 2467 indigni
878 2434 943 2459 sunt
967 2431 1052 2466 impe-

267 2485 331 2504 rans
348 2486 355 2510 ;
371 2482 505 2513 quatenus
521 2485 621 2513 nempe
633 2477 754 2505 omnium
770 2476 901 2504 Dominus
916 2480 968 2504 est.

301 2564 384 2592 Vens.
406 2566 450 2594 20.
471 2567 620 2594 Benedicite
631 2566 754 2599 Domino,
772 2576 859 2594 onmes
874 2567 961 2602 angeli
974 2567 1032 2602 ejus
1042 2587 1049 2599 ,

264 2615 382 2645 potentes
396 2613 493 2640 virtute
504 2633 511 2645 ,
533 2614 658 2648 facientes
673 2615 780 2642 verbum
794 2614 869 2641 illius
883 2614 918 2640 ad
939 2614 1050 2642 audien-

264 2657 328 2684 dam
342 2666 429 2685 vocem
443 2667 593 2687 sermonum
605 2661 673 2695 ejus.
691 2660 824 2696 Superius
837 2660 945 2696 quidem
962 2659 1050 2696 Spiri—

265 2705 335 2732 ritus
350 2704 460 2732 divinus
478 2705 595 2734 hominis
611 2707 730 2734 animam
748 2707 781 2734 ad
799 2709 947 2743 gratiarum
965 2708 1051 2736 actio-

265 2759 327 2777 nem
344 2754 371 2778 et
388 2750 605 2779 benedictionem
622 2752 669 2780 Dei
688 2753 820 2781 invitabat
836 2754 948 2786 dicens,
967 2754 1050 2782 Bene-

264 2797 308 2824 dic
321 2817 328 2830 ,
344 2797 434 2824 anima
449 2806 517 2830 mea,
533 2797 661 2832 Domino;
676 2808 749 2828 nunc
763 2804 864 2831 autem.
879 2801 943 2836 quia
958 2801 1050 2828 throni

265 2841 314 2871 Dei
334 2846 362 2870 et
384 2843 536 2872 ccelestium
559 2846 750 2879 mansionum,
775 2855 843 2882 quas
865 2847 956 2883 dignis
975 2846 1048 2875 Deus

299 2920 321 2938 ⁸⁰
341 2919 418 2949 Joan.
438 2930 492 2954 χεν,
510 2923 554 2950 21.

1111 1010 1295 1046 φοϐουμένους
1311 1011 1392 1038 αὐτὸν
1415 1012 1462 1038 καὶ
1474 1012 1537 1044 τοὺς
1555 1015 1631 1044 utet);
1653 1011 1754 1044 αὐτῶν.
1777 1013 1898 1041 τουτέστι

1110 1058 1172 1089 τοὺς
1192 1057 1245 1084 τῶν
1267 1057 1355 1093 ἔργων
1378 1057 1460 1084 αὐτοῦ
1487 1057 1620 1094 ζηλωτὰς,
1644 1059 1706 1090 τοὺς
1731 1059 1780 1094 οὐχ
1806 1058 1898 1090 ἁπλῶς

1113 1103 1303 1139 μεμνημένους
1322 1103 1376 1131 τῶν
1402 1104 1517 1131 ἐντολῶν
1537 1104 1631 1136 αὑτοῦ,
1656 1105 1715 1131 ἀλλ’
1728 1105 1898 1137 ἐπιτιθέντας

1111 1150 1166 1181 τοῖς
1177 1148 1265 1183 λόγοις
1279 1149 1313 1176 τὰ
1327 1148 1406 1185 ἔργα,
1427 1150 1473 1177 καὶ
1488 1149 1557 1176 κατὰ
1570 1149 1652 1176 ταὺτὸ
1666 1150 1711 1176 τὸν
1727 1151 1827 1177 οἰκεῖον
1844 1151 1898 1186 βίον

1111 1194 1301 1231 ρυθμίζοντας.
1326 1195 1447 1222 Δίδονται
1460 1195 1514 1232 γὰρ
1537 1192 1618 1222 αὗται
1639 1196 1689 1223 οὐκ
1704 1197 1750 1223 ἐπὶ
1770 1197 1809 1232 τῷ
1830 1198 1897 1233 μνή-

1112 1249 1165 1277 μην
1181 1241 1270 1268 αῦτῶν
1286 1241 1367 1276 ψιλὴν
1379 1242 1427 1268 καὶ
1442 1241 1541 1276 γνῶσιν
1557 1241 1629 1277 ἔχειν
1645 1243 1728 1277 ἡμᾶς,
1746 1242 1816 1269 ἀλλὰ
1832 1243 1899 1278 μνή-

1112 1295 1165 1323 μην
1186 1287 1226 1318 είς
1247 1287 1277 1314 τὸ
1293 1286 1414 1322 ποιῆσαι.
1431 1287 1516 1314 Τοῦτο
1532 1288 1579 1314 καὶ
1597 1289 1612 1314 ὁ
1625 1288 1720 1324 Σωτὴρ
1735 1289 1900 1324 παρίστησιν

1110 1332 1239 1359 είπὼνιὈ
1254 1333 1332 1368 ἔχων
1344 1332 1397 1366 τὰς
1406 1333 1532 1367 ἐντολάς
1545 1342 1605 1368 μου
1620 1334 1669 1361 καὶ
1683 1333 1780 1368 τηρῶν
1794 1335 1898 1368 αὐτὰς,

1109 1378 1225 1412 ἐκεῖνός
1249 1379 1334 1407 ἐστιν
1353 1380 1369 1407 ὁ
1392 1378 1516 1414 ἀγαπῶν
1536 1388 1593 1414 με·
1616 1380 1667 1416 τῆς
1689 1379 1743 1415 γὰρ
1764 1381 1900 1415 ποιήσεως

1109 1424 1166 1451 ἀλλ’
1181 1425 1210 1452 οὐ
1226 1425 1276 1460 τῆς
1298 1425 1407 1462 μνήμης
1427 1425 1516 1453 αὐτῶν
1533 1425 1616 1462 μόνης
1629 1427 1644 1453 ὀ
1663 1426 1770 1461 μισθός·
1790 1427 1838 1454 καὶ
1852 1427 1901 1462 οὐχ

1109 1472 1133 1498 οἱ
1146 1471 1288 1508 ἀκροαταὶ,
1304 1471 1361 1499 ἀλλ’
1376 1473 1402 1499 οἱ
1423 1471 1530 1508 ποιηταὶ
1546 1471 1593 1498 τοῦ
1611 1472 1692 1507 νόμου
1707 1471 1900 1508 δικαιωθήσον-

1110 1526 1165 1544 ται.
1183 1516 1281 1550 Καλῶς
1301 1517 1330 1545 δὲ
1346 1517 1462 1553 διαθήκη
1486 1518 1501 1544 ὁ
1518 1517 1600 1553 νόμος
1614 1517 1661 1544 τοῦ
1678 1517 1745 1544 Θεοῦ
1762 1518 1901 1553 προσηγό-

1112 1572 1205 1600 ρευται
1219 1583 1227 1596 ,
1252 1563 1296 1591 ἴνα
1325 1563 1506 1600 κληρονομίαν
1532 1563 1687 1598 ὲλπίζωμεν
1715 1563 1744 1596 ἐξ
1765 1564 1852 1599 αὐτῆς
1874 1565 1900 1590 οἱ

1111 1609 1303 1645 φυλάσσοντες.
1319 1609 1331 1620 ”
1344 1610 1392 1637 Οτι
1412 1610 1441 1636 δὲ
1463 1610 1481 1645 ἡ
1498 1609 1546 1646 μὲν
1560 1609 1641 1645 φύσις
1657 1610 1733 1645 ἡμῶν
1754 1610 1900 1646 ὲπίκηρος,

1109 1656 1126 1691 ἡ
1136 1655 1165 1681 δὲ
1178 1655 1238 1683 θεία
1252 1655 1441 1691 φιλανθρωπία
1463 1656 1510 1682 καὶ
1529 1655 1624 1691 μέχρις
1643 1656 1762 1690 ἐγγόνων
1778 1655 1902 1690 διατηρεῖ

1108 1701 1158 1737 τὴν
1185 1701 1241 1733 τοῖς
1270 1701 1413 1737 προγόνοις
1437 1701 1615 1738 ὀφειλομένην
1647 1701 1696 1737 τῆς
1726 1701 1902 1736 δικαιοσύνης

1108 1747 1253 1780 ἀντίδοσιν,
1277 1747 1361 1784 μυρία
1377 1747 1411 1774 ἂν
1433 1748 1524 1784 εὕροις
1548 1748 1695 1784 μαρτύρια.
1711 1747 1761 1775 Διὰ
1775 1747 1830 1784 γὰρ
1851 1747 1901 1782 τὴν

1106 1791 1154 1820 τοῦ
1175 1792 1300 1829 ’Δϐραὰμ
1324 1792 1507 1829 δικαιοσύνην,
1532 1794 1579 1821 καὶ
1600 1793 1648 1830 τὴν
1668 1793 1715 1822 τοῦ
1732 1792 1829 1821 Ἰσαὰκ
1852 1793 1900 1822 καὶ

1113 1838 1220 1871 Ἰακὼϐ,
1236 1839 1284 1866 τὸν
1305 1839 1336 1872 ὲξ
1354 1839 1443 1866 αὐτῶν
1463 1839 1550 1875 φύντα
1574 1839 1644 1875 μετὰ
1658 1839 1745 1866 ταῦτα
1758 1839 1824 1866 λαὸν
1849 1840 1899 1876 τῆς

1106 1884 1228 1920 κλήσεως
1243 1883 1292 1912 καὶ
1309 1885 1360 1919 τῆς
1378 1885 1481 1917 οἰκείας
1497 1885 1649 1921 ἐπισκοπῆς
1665 1885 1818 1921 κατηξίωσε
1832 1893 1840 1900 ι
1858 1894 1899 1917 τῳ

1112 1930 1183 1966 Ἰηοῦ
1195 1930 1418 1967 μέχριτετάρτης
1429 1931 1525 1965 γενεᾶς
1539 1931 1588 1966 τὴν
1597 1930 1733 1966 βασιλείαν
1746 1932 1896 1967 τετήρηκε,

1106 1977 1195 2005 καίτοι
1209 1975 1276 2012 μηδὲ
1291 1975 1396 2003 τελείαν
1407 1976 1571 2012 κτησαμένῳ
1579 1971 1729 2008 εὐσέϐειαν,
1745 1976 1801 2005 ἀλλ’
1818 1976 1848 2001 ὲν
1861 1977 1896 2011 τῇ

1105 2022 1176 2058 ἀρχῇ
1200 2021 1249 2057 τῆς
1276 2020 1413 2056 βασιλείας
1440 2020 1636 2056 ὲπιδειξαμένῳ
1659 2021 1705 2047 τὸν
1732 2020 1830 2055 ξῆλοψ
1857 2020 1900 2055 τῷ

1106 2067 1240 2102 θεσπεσίῳ
1256 2066 1345 2099 Δαυῒδ,
1366 2066 1496 2093 ἄσϐεστον
1521 2066 1638 2102 ἐτήρησε
1659 2065 1705 2093 τὸν
1730 2065 1777 2092 τοῦ
1800 2067 1900 2098 γένους

1107 2113 1253 2149 σπινθῆρα,
1274 2112 1321 2139 καὶ
1337 2112 1423 2139 ταῦτα
1437 2111 1540 2138 πολλῶν
1561 2111 1699 2140 δυσσεϐῶν
1713 2113 1742 2138 ἐν
1762 2112 1839 2148 μέσῳ
1853 2112 1901 2146 βε-

1109 2158 1307 2194 ϐλαστηκότων.
1323 2159 1431 2192 Κύριος
1447 2158 1482 2184 ἐν
1501 2157 1540 2190 τῷ
1552 2157 1668 2192 οήρανῷ
1680 2158 1827 2193 ἡτοίμασε
1843 2160 1901 2185 τὸν

1105 2206 1214 2239 θρόνον
1238 2204 1342 2235 αὑτοῦ,
1369 2204 1418 2230 καὶ
1444 2204 1463 2238 ἠ
1486 2203 1632 2236 ,βασιλεία
1657 2204 1751 2231 αὐτοῦ
1774 2204 1901 2232 πάντων

1105 2250 1259 2278 δεσπόσει.
1287 2249 1420 2286 ’Δκριϐὢς
1431 2249 1459 2275 δὲ
1474 2249 1505 2275 τὺ
1517 2249 1638 2276 πάντων
1648 2248 1804 2280 δεσπόσει,
1817 2250 1893 2286 εἰρη-

1104 2304 1160 2330 ται,
1185 2295 1242 2323 ἀλλ’
1265 2296 1307 2328 οὺ,
1331 2295 1452 2322 πάντων
1474 2294 1626 2325 δεσπόζει·
1652 2296 1712 2322 ἐπεὶ
1735 2295 1772 2331 μὴ
1795 2296 1901 2328 πάντες

1106 2342 1176 2374 ἄξιοι
1190 2342 1352 2376 τυγχάνουσι
1368 2342 1418 2376 τῆς
1441 2341 1525 2368 αὐτοῦ
1548 2341 1694 2377 βασιλείας.
1718 2341 1763 2369 Διδ
1777 2344 1833 2374 τοῖς
1849 2342 1897 2369 τὸν

1105 2385 1280 2420 εὐαγγελικὸν
1296 2385 1457 2421 κατορθοῦσι
1478 2385 1535 2421 βίον
1548 2386 1597 2421 τὴν
1612 2386 1666 2413 τῶν
1679 2387 1803 2423 οὐρανῶν
1821 2387 1899 2422 βασι-

1105 2430 1179 2457 λείαν
1202 2431 1216 2457 ό
1242 2430 1336 2466 Σωτὴρ
1365 2431 1554 2467 ἐπηγγείλατο.
1580 2432 1710 2464 Δεστιὸζει
1732 2432 1761 2459 δὲ
1785 2433 1897 2460 πάντων

1104 2475 1165 2503 καθ’
1180 2475 1276 2513 ἑτέραν
1295 2477 1416 2504 ὲπίνοιαν
1432 2477 1480 2503 καὶ
1495 2476 1549 2503 τῶν
1563 2476 1678 2509 ἀναξίων
1692 2478 1742 2513 τῆς
1757 2477 1908 2513 βασιλείας,

1104 2522 1186 2550 αὑτοῦ
1205 2523 1323 2559 κρατῶν,
1337 2520 1381 2550 οἶα
1396 2523 1427 2558 δὴ
1442 2523 1550 2551 πάντων
1562 2523 1674 2559 Κύριος.

1137 2568 1296 2604 Εὐλογεῖτε
1318 2568 1371 2595 τὸν
1390 2568 1508 2602 Κύριον,
1529 2569 1640 2602 πάντες
1660 2571 1687 2597 οὶ
1709 2569 1829 2605 ἄγγελοι
1841 2572 1896 2597 αὐ-

1104 2609 1167 2646 τοῦ,
1183 2614 1306 2642 δυνατοὶ
1323 2615 1415 2650 Ζσχύϊ,
1432 2615 1588 2648 ποιοῦντες
1606 2616 1661 2642 τὸν
1680 2617 1775 2651 λόγον
1788 2617 1892 2648 αὐτοῦ,

1104 2661 1157 2688 τοῦ
1168 2661 1298 2688 ἀκοῦσαι
1312 2660 1368 2695 τῆς
1385 2660 1488 2697 φωνῆς
1500 2660 1559 2688 τῶν
1569 2663 1668 2696 λόγων
1681 2663 1786 2690 αὐτοῦ.
1810 2664 1894 2690 ’Δνω-

1104 2707 1176 2743 τέρω
1190 2707 1239 2743 μὲν
1253 2707 1283 2734 τὸ
1298 2707 1368 2734 Θεῖον
1383 2707 1494 2743 Πνεῦμα
1509 2707 1557 2744 τὴν
1579 2708 1625 2734 τοῦ
1641 2708 1784 2744 ἀνθρώπου
1804 2709 1893 2744 ψυχὴν

1103 2754 1195 2781 ἐκάλει
1216 2754 1261 2780 ἐπὶ
1283 2754 1333 2790 τὴν
1353 2754 1527 2790 εὐχαριστίαν
1551 2755 1597 2782 καὶ
1619 2755 1669 2790 τὴν
1695 2755 1821 2790 εὐλογίαν
1843 2755 1891 2782 τοῦ

1103 2800 1181 2832 θεοῦ,
1200 2800 1303 2835 φάσκον
1313 2807 1319 2813 ·
1338 2801 1473 2834 Εὺλότει,
1488 2800 1507 2834 ἠ
1521 2801 1605 2835 ψυχή
1615 2810 1686 2835 μου,
1697 2801 1750 2828 τὸν
1763 2803 1889 2836 Κύριον·

1103 2846 1150 2874 νῦν
1172 2847 1210 2880 δὲ,
1237 2847 1329 2883 ἐπειδὴ
1349 2846 1395 2874 τοῦ
1420 2846 1513 2882 θρόνου
1534 2847 1581 2874 τοῦ
1602 2846 1669 2874 Θεοῦ
1692 2847 1887 2884 ἐμνημόνευσε.
