2044 3212
177 187 247 216 1269

721 186 971 215 COMMENTARIA
989 187 1023 215 IN
1043 187 1209 217 PSALMOS.

1327 213 1333 244 ι
1346 199 1402 240 ον
1725 193 1793 220 12Ἱᾶ

178 247 225 275 καὶ
237 247 292 274 τῶν
307 247 439 284 οὐρανίων
461 247 615 284 διατριδῶν,
638 247 671 280 ἃς
689 249 745 280 τοῖς
758 249 844 282 ἀξίοις
864 249 878 275 ό
898 248 964 281 Θεὸς

1019 250 1196 284 praeparavit,
1210 250 1372 278 mentionem
1385 252 1465 286 fecit,
1480 253 1624 281 admodum
1639 260 1793 287 congruen-

176 293 318 331 ἡτοίμασε,
335 294 435 330 σφόδρα
449 294 601 327 ἀκολούθως
612 296 671 327 ταῖς
684 295 818 331 οὐρανίοις
831 295 961 330 δυνάμεσι

176 340 334 376 συγχαίρειν
354 342 387 375 τῇ
413 340 463 376 τῆς
489 340 577 376 ψυχῆς
598 341 717 376 σωτηρίᾳ
735 341 961 377 παρακελεύεται,

172 386 243 413 κατὰ
263 386 309 413 τὸν
326 388 458 422 σωτήριον
473 387 551 422 λόγον
568 387 694 423 φήσαντα
707 387 791 423 χαρὰν
806 387 915 415 ἔσεσθαι
933 389 963 415 ὲν

170 433 210 469 τῷ
233 432 342 469 οὐρανῷ
366 433 412 459 ἐπὶ
436 432 476 460 ἑνὶ
501 434 655 470 ἁμαρτωλῷ
683 433 873 469 μετανοοῦντι·
895 433 963 461 ἀλλὰ

172 480 219 507 καὶ
237 480 278 511 είς
305 478 380 511 τέλος
404 479 465 514 ἀγει
487 479 536 515 τὴν
565 479 708 516 ἀνθρώπου
731 480 820 516 ψυχὴν
843 480 890 508 καὶ
914 480 962 513 τάς

171 526 314 561 οὐρανίους
330 526 477 561 δυναμεις·
496 525 529 552 τὸ
546 526 601 561 γὰρ
615 526 680 553 αὐτὸ
702 527 752 562 τῆς
775 527 899 561 εὐλογίας
916 527 963 562 ἕρ-

172 580 219 606 γον
240 571 388 608 καὶταύτῃ
406 572 542 604 κάκείνοις
561 572 710 599 ἐπιτάττει.
733 572 962 607 Δυνατοὶὶσχύϊ,

172 617 330 650 ποιοῦντες
357 618 410 644 τὸν
433 618 525 652 λόγον
551 617 654 648 αὑτοῦ,
675 617 729 643 τοῦ
755 616 884 644 ἀκοῦσαι
909 615 963 650 τῆς

172 663 276 701 φωνῆς
293 663 351 690 τῶν
361 665 460 698 λόγων
470 663 573 691 αὑτοῦ.
587 663 628 690 Τὰ
638 663 688 698 μὲν
697 662 767 689 κατά
782 663 822 693 σὲ,
832 662 924 698 φησιν,
941 659 963 688 ὧ

172 709 264 746 ψυχὴ,
291 709 429 742 ἐξασθενεῖ
456 710 524 745 πρὸς
550 709 580 736 τὸ
606 710 665 736 κατ’
693 709 770 741 ἀξίαν
801 709 895 744 ὑμνεῖν
918 709 964 735 τὸν

172 756 254 783 Θεόν·
272 757 304 783 ὲκ
322 756 421 792 μέρους
436 756 464 782 δὲ
485 757 558 791 ὅμως
575 755 654 782 τοῦτο
671 756 752 782 ποίει.
780 755 848 782 Ἶσθι
864 754 904 787 δὲ,
924 755 964 781 ὅτι

173 803 198 831 οἱ
219 802 328 836 ἄγγελοι
342 802 435 835 αὐτοῦ,
450 802 556 829 δυνατοὶ
574 801 646 837 ισχύῖ
666 802 751 834 ὄντες,
768 801 816 828 καὶ
828 800 964 828 ἀδιαπτώ-

173 856 228 880 τως
239 847 285 874 τὸν
307 847 385 882 λόγον
402 847 483 874 αὐτοῦ
500 846 649 879 ποιοῦντες,
666 847 735 879 ἄξιοί
750 855 779 873 τε
792 846 901 874 ἀκούειν
914 846 964 881 τῆς

174 894 266 928 φωνῆς
286 893 368 919 αὐτοῦ
394 893 510 920 καὶτῶν
524 893 611 928 λόγων
633 892 726 925 αὐτοῦ,
744 893 904 928 πρεπόντως
917 892 963 919 καὶ

175 941 235 967 κατ’
244 940 322 973 ἀξίαν
340 939 495 973 εὐλογοῦσιν
513 939 603 966 αὐτόν.
616 939 646 965 Et
661 939 690 966 δὲ
703 939 750 965 καὶ
767 940 796 965 ὲν
809 937 963 974 ἀνθρώποις

174 984 229 1013 εἶέν
245 995 317 1017 τινες
329 986 374 1012 τὸν
392 986 532 1020 ίσάγγελον
549 985 604 1020 βίον
626 984 827 1021 μετερχόμενοι,
849 984 896 1011 ἆτε
916 984 963 1020 τὴν

174 1033 266 1061 εἰκόνα
290 1032 336 1059 τοῦ
359 1032 520 1068 ἐπουρανίου
543 1031 698 1068 φοροῦντες,
717 1031 854 1066 ἰσχύοντες
870 1031 897 1058 δὲ
919 1031 965 1058 καὶ

175 1080 252 1107 αὐτοὶ
269 1080 353 1105 ποιεῖν
369 1078 413 1105 τὸν
430 1078 507 1112 λόγον
521 1077 613 1110 αὐτοῦ,
629 1077 676 1104 καὶ
690 1077 797 1104 δυνατοὶ
811 1077 861 1112 τῆς
874 1077 965 1112 φωνῆς

175 1126 258 1153 αὐτοῦ
275 1125 433 1157 ὑπακούειν,
449 1124 519 1151 κατὰ
537 1124 582 1151 τὸν
597 1125 737 1159 φήσαντα·
752 1122 854 1150 Πάντα
872 1124 965 1157 ἰσχύω

174 1173 209 1198 ὲν
224 1170 263 1204 τῷ
278 1171 497 1206 ἐνδυναμοῦντί
510 1179 558 1204 με.
585 1171 639 1196 Καὶ
661 1167 745 1201 οὗτοι,
765 1169 903 1204 ἰσάγγελοι
924 1168 966 1196 ὗν-

174 1227 230 1251 τες,
255 1218 449 1253 εὐλογείτωσαν
472 1217 563 1245 αὐτὸν.
588 1217 692 1253 Μηδεὶς
714 1217 743 1244 δὲ
758 1216 811 1244 τῶν
827 1215 965 1252 παραϐαι-

174 1264 274 1291 νόντων
290 1265 335 1291 τὸν
357 1264 435 1298 λόγον
450 1263 532 1291 αὐτοῦ
547 1264 593 1293 καὶ
616 1263 825 1299 παρακουόντων
845 1263 894 1297 τῆς
909 1271 966 1297 φω-

175 1311 223 1346 νῆς
235 1310 328 1343 αὐτοῦ,
347 1309 564 1345 προπετέστερον
582 1309 708 1344 τολμάτω
722 1307 800 1334 τοῦτο
815 1308 910 1334 ποιεῖν.

210 1356 371 1391 Εὐλογεῑτε
391 1356 445 1382 τὸν
465 1356 583 1389 Κύριον,
600 1354 694 1382 πᾶσαι
712 1356 742 1381 αἱ
756 1353 898 1388 δυνάμεις
911 1354 965 1380 αὐ-

175 1402 240 1436 ·ιτοῦ,
265 1401 432 1437 λειτουργοὶ
454 1401 558 1434 αὐτοῦ,
575 1401 732 1433 ποιοῦντες
754 1400 789 1427 τὰ
816 1399 967 1434 θελήματα

175 1449 280 1477 αὐτοῦ.
289 1449 318 1475 '0
331 1449 379 1484 μὲν
390 1447 481 1480 Δαυῖδ,
495 1448 643 1483 ἐπειδήπερ
655 1446 708 1473 εἰσὶ
723 1447 771 1477 καὶ
781 1446 966 1480 ἀντικείμεναι

176 1495 315 1530 δυνάμεις,
333 1494 436 1530 σφόδρα
456 1493 613 1528 ἀναγκαίως
629 1492 754 1528 ἐπιφέρει
774 1492 817 1519 τόλ·
835 1493 968 1524 λειτουρ-

177 1541 223 1578 γοὶ
238 1539 343 1573 αὑτοῦ,
360 1540 516 1573 ποιοῦντες
532 1539 569 1567 τὰ
582 1539 735 1574 θελήματα
747 1537 850 1569 αὑτοῦ,
861 1538 968 1569 δεικνὺς

1017 299 1059 322 ter
1079 295 1207 324 caelestes
1229 296 1344 324 virtutes
1362 297 1440 332 jubet
1455 299 1551 326 anima!
1573 300 1655 327 saluti
1675 308 1794 335 congau-

1017 340 1100 373 dere,
1115 341 1265 369 secundum
1285 342 1337 369 hoc
1358 342 1509 372 Salvatoris
1532 345 1651 378 dictum,
1673 345 1793 377 scilicet,

1014 386 1144 421 gaudium
1161 386 1220 416 fore
1235 388 1263 415 in
1278 388 1349 415 coelo
1366 396 1447 424 super
1469 398 1524 417 uno
1544 395 1685 426 peccatore
1708 392 1796 427 pinni-

1014 434 1126 462 tentiam
1150 439 1247 470 agente
1273 435 1295 452 ³¹
1312 445 1318 462 :
1334 435 1383 463 sed
1406 437 1488 464 etiam
1510 445 1571 465 cum
1595 438 1713 466 hominis
1736 438 1795 466 ani-

1014 487 1086 507 mam
1097 499 1105 513 ,
1123 483 1181 507 tum
1199 481 1326 509 cmlestes
1340 482 1458 510 virtutes
1474 483 1502 510 in
1527 483 1606 510 finem
1627 485 1699 519 agit:
1724 484 1796 511 idem

1014 526 1087 553 enim
1102 526 1280 554 benedicendi
1295 535 1396 556 munus
1412 531 1468 555 tam
1485 529 1542 562 illi,
1558 537 1638 564 quam
1654 531 1714 558 istis
1729 539 1796 566 pra:-

1015 572 1120 599 scribit.
1137 572 1261 604 Potentes
1276 574 1386 606 uirtute,
1401 574 1526 608 facientes
1540 575 1643 602 verbum
1658 576 1747 609 illius,
1762 576 1796 603 ad

1017 618 1175 646 audienaam
1198 628 1283 646 vocem
1302 628 1452 648 sermonum
1467 622 1534 657 ejus.
1553 621 1630 655 Quod
1648 622 1680 649 ad
1696 627 1721 650 te
1736 631 1797 658 spe-

1016 668 1088 698 ctat,
1106 672 1123 691 ο
1136 666 1242 697 anima,
1268 667 1410 694 imbecilla.
1427 667 1590 702 inﬁrmaque
1609 675 1639 695 es
1660 668 1693 696 ad
1713 668 1796 695 Deum

1018 718 1067 745 pro
1082 710 1213 745 dignitate
1229 712 1440 740 celebrandum:
1474 717 1592 740 attamen
1613 713 1640 740 id
1661 721 1694 740 ex
1722 718 1798 749 parte

1015 757 1184 791 exsequaris.
1207 756 1283 785 Scito
1300 762 1391 785 autem
1407 759 1519 793 angelos
1533 759 1610 794 ejus,
1627 766 1689 786 cum
1705 764 1800 794 poten-

1017 806 1059 830 tes
1070 803 1172 831 virtute
1183 804 1238 831 sint
1248 823 1255 835 ,
1267 808 1294 832 et
1309 804 1494 832 indesinenter
1505 805 1617 832 ret-bum
1630 805 1676 832 Dei
1688 805 1800 839 faciant,

1015 849 1144 885 dignique
1159 850 1213 877 sint
1224 850 1271 885 qui
1284 857 1377 878 vocem
1392 855 1418 878 et
1431 859 1583 879 sermonem
1596 853 1656 887 ejus
1670 853 1781 880 audiant
1792 873 1799 883 .

1016 897 1144 924 decenter
1159 904 1191 924 ac
1203 897 1336 933 condigne
1352 897 1404 932 ipsi
1419 897 1591 926 benedicere.
1608 899 1686 931 Quod
1702 899 1726 926 si
1740 901 1801 934 qui—

1015 943 1076 970 dam
1096 943 1166 971 inter
1189 943 1314 972 homines
1330 943 1384 971 sint
1399 944 1446 979 qui
1464 944 1546 971 vitam
1564 945 1693 980 angelicae
1708 953 1798 980 parem
1829 971 1831 974 .

1016 988 1124 1020 ineunt,
1139 993 1232 1024 utpote
1241 990 1287 1025 qui
1301 990 1446 1026 imaginem
1458 990 1578 1018 cmlestis
1589 991 1799 1024 circumferant,

1016 1042 1047 1061 ac
1063 1035 1114 1069 ipsi
1132 1043 1242 1070 quoque
1264 1036 1377 1063 verbum
1391 1036 1452 1071 ejus
1469 1036 1581 1071 exsequi
1599 1040 1626 1064 et
1639 1044 1733 1064 vocem
1749 1045 1800 1063 au—

1015 1080 1073 1108 dire
1086 1080 1213 1114 valeant,
1225 1081 1378 1111 secundum
1395 1090 1456 1109 eum
1472 1083 1519 1117 qui
1533 1082 1616 1115 dicit,
1634 1082 1729 1110 Omnia
1743 1091 1801 1117 pos.

1015 1134 1074 1153 sum
1100 1127 1127 1153 in
1149 1135 1179 1154 eo
1197 1127 1242 1163 qui
1265 1135 1307 1154 me
1323 1127 1455 1162 confurtat
1471 1128 1517 1161 ³¹;ν
1534 1128 1560 1155 lii
1575 1136 1684 1164 quoque
1695 1128 1800 1163 angelis

1018 1180 1097 1207 pares
1112 1180 1173 1200 cum
1187 1174 1241 1201 sint
1251 1173 1429 1213 ,benedicant
1442 1174 1477 1200 ei.
1491 1174 1575 1201 Nemo
1589 1178 1680 1202 autem
1692 1182 1799 1207 eorum,

1017 1219 1063 1253 qui
1080 1219 1191 1247 verbum
1209 1220 1269 1254 ejus
1284 1220 1523 1255 transgrediuntur
1538 1228 1570 1248 ac
1590 1221 1651 1248 voci
1666 1221 1726 1256 ejus
1745 1229 1802 1249 non

1018 1265 1220 1300 obtemperant,
1233 1270 1335 1293 temere
1350 1266 1401 1293 hoc
1413 1273 1493 1302 agere
1506 1272 1663 1302 praesumat.

1054 1352 1135 1381 Vens.
1152 1354 1198 1386 21,
1211 1354 1257 1381 22.
1278 1354 1426 1381 Benedicite
1441 1354 1564 1388 Domino,
1585 1364 1672 1385 omnes
1692 1357 1801 1385 virtute;

1016 1400 1085 1434 ejus,
1102 1400 1219 1427 ministri
1237 1400 1305 1435 ejus,
1323 1402 1368 1436 qui
1383 1402 1471 1436 [acilia
1486 1401 1632 1430 voluntates
1645 1402 1711 1437 ejus.
1728 1402 1802 1436 Quo—

1017 1446 1090 1473 niam
1110 1446 1273 1475 adversaria:
1284 1454 1393 1482 quoque
1408 1448 1523 1475 virtutes
1541 1452 1615 1481 sunt,
1640 1448 1702 1476 ideo
1715 1448 1801 1478 David

1017 1493 1173 1521 necessario
1199 1493 1265 1521 illud
1280 1493 1386 1528 adjicit,
1414 1493 1530 1521 ministri
1551 1495 1619 1528 ejus,
1640 1495 1685 1529 qui
1711 1495 1801 1529 faciti:

1018 1537 1164 1565 voluntates
1180 1537 1237 1572 ejus
1248 1545 1258 1564 :
1273 1537 1417 1565 declarans
1438 1545 1507 1573 quas
1531 1541 1559 1565 et
1569 1537 1726 1572 .cujusmodi
1746 1539 1803 1565 vir.

177 1589 253 1621 τίνας
265 1588 388 1624 βούλεται
399 1587 445 1614 καὶ
458 1586 553 1618 ὁποίας
561 1585 690 1621 δυνάμεις
700 1585 820 1619 εὐλογεῖν
833 1584 879 1611 τὸν
889 1583 965 1610 Θεόν·

1019 1587 1091 1611 tutes
1113 1583 1168 1611 Deo
1187 1582 1348 1611 benedicere
1373 1583 1438 1611 velit
1455 1593 1462 1611 :
1478 1591 1533 1612 non
1571 1591 1666 1611 omnes
1690 1583 1801 1619 quippe,

177 1637 218 1663 ὅτι
237 1635 273 1672 μὴ
289 1635 389 1666 πάσας,
409 1634 475 1670 μηδὲ
498 1633 547 1665 τὰς
571 1632 704 1664 ἐναντίας,
718 1631 786 1658 ἀλλὰ
815 1631 893 1666 μόνος
916 1630 966 1662 τὰς

178 1681 257 1715 ἀξίας
281 1682 331 1713 τὰς
357 1682 385 1707 ὲν
406 1680 545 1715 διαφόροις
557 1678 649 1711 τάξεσι
660 1677 868 1714 λειτουργούσας
883 1676 965 1712 αὐτῷ,

178 1729 237 1764 ἤτοι
253 1727 383 1758 ποιούσας
396 1726 479 1753 αὐτοῦ
494 1725 524 1752 τὸ
544 1725 658 1760 Θέλημα.
675 1724 832 1760 Λειτουργοὶ
846 1724 900 1759 γάρ
915 1724 967 1750 είσι

178 1773 245 1800 Θεοῦ
257 1773 384 1808 δυνάμεις
395 1770 576 1806 ὑπερητοῦσαι
586 1769 661 1805 αὐτῷ
671 1771 711 1801 είς
721 1769 739 1796 ἃ.
751 1769 871 1805 βούλεται
883 1772 968 1796 ποιεῖν

178 1819 213 1845 δι’
227 1817 315 1845 αὐτῶν
331 1818 374 1843 ἐπ’
388 1816 533 1852 εὐεργεσίᾳ
549 1816 595 1842 καὶ
608 1815 726 1851 ὠφελείᾳ
742 1815 855 1846 παντός’
869 1815 909 1842 διδ
922 1815 968 1842 καὶ

180 1866 267 1892 ποιεῖν
287 1864 321 1891 τὰ
343 1863 483 1899 Θελήματα
496 1862 578 1889 αὐτοῦ
595 1861 728 1898 εἴρηνται.
742 1861 899 1896 Εὑλογεῖτε
916 1861 969 1888 τὸν

180 1911 299 1946 Κύριον,
314 1910 412 1937 πάντα
422 1909 457 1936 τὰ
472 1909 543 1944 ἔργα
556 1908 701 1941 αὐτοῦ,ἐν
716 1908 805 1935 παντὶ
819 1908 900 1940 τόπῳ
915 1907 969 1941 τῆς

181 1957 358 1989 δεσποτείας
370 1955 472 1983 αὑτοῦ.
486 1955 622 1990 Εὺλότει,
635 1954 655 1989 ἠ
670 1954 754 1989 ψυχή
768 1963 837 1989 μου,
852 1954 904 1980 τὸν
914 1954 970 1981 Κύ-

177 2003 296 2037 ριον-,Ἦ
312 2002 362 2037 τῆς
378 2001 539 2033 ἀκολουθίας
560 2000 664 2027 διάνοια
687 2000 781 2028 τοῦτον
802 1999 889 2026 ἔοικεν
905 2000 970 2025 ὐπο-

183 2047 289 2075 6ἀλλειν
309 2047 354 2073 τὸν
378 2046 439 2073 νοῦν
449 2054 456 2061 ο
471 2046 504 2072 Ei
520 2039 570 2082 μὲν
585 2042 765 2079 ἀγγέλωψῆν,
781 2044 857 2079 φησὶ,
880 2043 969 2079 μόνον,

183 2094 230 2126 καὶ
251 2094 330 2121 Θείων
355 2093 496 2128 δυνάμεων
514 2092 561 2118 καὶ
577 2091 709 2127 οὐρανίων
724 2089 887 2125 λειτουργῶν
903 2089 969 2116 Θεοῦ

183 2141 214 2167 τδ
227 2140 346 2174 εὐλογεῖν
361 2139 452 2170 αὐτὸν,
470 2137 559 2169 καλῶς
568 2137 600 2164 ἂν
613 2136 694 2172 εἶχες.
707 2133 729 2163 ὦ
744 2136 826 2171 ψυχὴ,
841 2136 970 2166 ὑποστέλ-

182 2187 276 2214 λεσθαι
294 2185 401 2220 ἑαυτὴν,
412 2186 467 2216 τοῖς
483 2184 618 2219 κρείττοσι
630 2182 830 2218 παραχωροῠσα
838 2181 886 2217 τὴν
897 2181 971 2208 εὐλο-

184 2232 260 2268 γίαν·
279 2230 410 2266 ἐπειδὴδὲ
423 2230 437 2257 ό
455 2229 526 2260 θεῖος
537 2229 616 2264 λόγος
631 2229 698 2255 πᾶσι
712 2229 769 2259 τοῖς
785 2227 875 2262 ἔργοις
887 2227 969 2254 αὐτοῦ

1020 1637 1109 1664 neque
1125 1629 1314 1663 adversarias;
1332 1629 1380 1658 sed
1392 1630 1480 1658 solum
1497 1637 1546 1658 eas
1556 1637 1620 1664 quae
1627 1630 1716 1665 dignae
1726 1634 1800 1661 sunt.

1018 1679 1045 1703 et
1057 1675 1140 1703 variis
1155 1675 1297 1703 ordinibus
1310 1675 1362 1711 ipsi
1378 1675 1543 1707 ministrant,
1559 1676 1616 1703 sive
1627 1683 1687 1711 quae
1699 1675 1803 1702 faciunt

1018 1722 1188 1750 voluntatem
1210 1721 1281 1757 ejus.
1303 1721 1371 1749 Nam
1394 1722 1514 1750 ministri
1534 1721 1582 1749 Dei
1606 1726 1671 1750 sunt
1688 1722 1803 1749 virtutes

1019 1768 1071 1804 ipsi
1087 1768 1122 1796 ad
1143 1768 1269 1804 quaelibet
1283 1776 1397 1795 munera
1418 1776 1469 1803 pro
1491 1768 1623 1796 beneﬁcio
1637 1771 1665 1795 et
1687 1768 1804 1795 utilitate

1020 1815 1141 1842 universi
1159 1814 1347 1841 ministrantes
1363 1823 1369 1841 :
1383 1821 1469 1848 quare
1481 1814 1635 1841 voluntates
1648 1814 1708 1849 ejus
1725 1822 1805 1841 exse-

1020 1860 1065 1895 qui
1084 1860 1223 1887 dicuntur.
1236 1859 1385 1887 Benedicite
1403 1859 1528 1892 Domino,
1539 1859 1629 1886 omnia
1644 1867 1722 1893 opera
1734 1858 1803 1894 ejus,

1020 1908 1048 1935 in
1058 1908 1129 1934 omni
1141 1907 1198 1933 loco
1214 1905 1405 1933 dominationis
1419 1905 1487 1939 ejus.
1499 1904 1623 1938 Benedic,
1634 1905 1724 1931 anima
1733 1912 1801 1937 mea,

1023 1952 1144 1980 Domina.
1161 1951 1224 1980 Haec
1238 1950 1320 1981 seriei
1332 1956 1408 1978 mens
1420 1953 1447 1977 et
1462 1950 1596 1976 sententia
1609 1949 1715 1976 videtur
1723 1956 1802 1977 esse:

1023 1998 1052 2025 Si
1067 1997 1236 2032 angelorum,
1252 1996 1353 2030 inquit,
1374 1994 1556 2026 solummodo,
1577 1994 1731 2023 divinarum
1747 1995 1804 2022 vir-

1022 2048 1121 2076 tutum,
1133 2043 1342 2076 caalestiumque
1358 2039 1407 2069 Dei
1420 2040 1610 2068 ministrorum
1626 2039 1743 2070 oﬂicium
1754 2047 1805 2069 ies-

1022 2094 1063 2117 set
1075 2089 1127 2125 ipsi
1142 2088 1313 2121 benedicere,
1332 2091 1407 2115 recte
1421 2093 1558 2121 possesLo
1576 2086 1678 2118 anima,
1695 2090 1722 2113 te
1735 2093 1803 2114 con-

1021 2136 1118 2167 tinere,
1132 2142 1163 2162 ac
1177 2137 1204 2161 te
1216 2133 1373 2161 melioribus
1384 2131 1602 2160 benedictionem
1615 2130 1727 2164 cedere;
1739 2131 1804 2165 quia

1023 2188 1087 2209 vero
1107 2180 1217 2208 divinus
1234 2186 1324 2207 sermo
1335 2178 1444 2206 cunctis
1460 2177 1526 2212 ejus
1536 2177 1665 2212 operibus
1679 2177 1803 2212 praecipit

1023 2231 1053 2255 ut
1069 2226 1184 2255 Domino
1202 2225 1382 2259 benedicant;
1400 2232 1449 2260 par
1461 2229 1501 2254 est
1517 2224 1589 2250 enim
1604 2229 1712 2249 omnem
1727 2229 1805 2248 crea-

185 2266 305 2314 εὐλογεῖν
315 2277 360 2304 τὸν
370 2276 471 2313 Κύριον
481 2276 644 2312 προστάττει
653 2283 660 2290 ’
674 2275 807 2310 προσήκει
819 2273 871 2309 γὰρ
880 2274 966 2300 πᾶσαν

1022 2277 1110 2301 turam
1136 2280 1187 2308 pro
1211 2271 1350 2302 facultate,
1377 2272 1572 2305 congruentem
1594 2267 1650 2294 Deo
1674 2266 1804 2301 hymnum

185 2325 233 2362 τὴν
255 2325 343 2352 κτίσιν
367 2323 436 2350 κατὰ
458 2322 507 2358 τὴν
530 2322 613 2357 αὐτῆς
635 2321 747 2356 δύναμιν
763 2320 808 2347 τὸν
832 2320 970 2355 πρέποντα

187 2372 270 2409 ὕμνον
283 2370 436 2398 ἀποδιδόναι
449 2368 487 2404 τῷ
503 2368 562 2403 Θεῴ
571 2376 577 2382 ·
595 2367 620 2394 τί
637 2367 753 2403 μέλλεις,
765 2363 787 2392 ὦ
799 2366 870 2401 ψυχή
882 2375 889 2399 ;
905 2366 970 2401 Οὐχὶ

187 2418 234 2445 καὶ
247 2417 326 2451 αὐτὴ,
343 2416 390 2442 iit-.5
416 2415 495 2449 ἔργον
519 2413 568 2439 οὐκ
591 2411 825 2447 εὐκαταφρόνητον
842 2409 907 2436 οὖσα
923 2409 969 2437 τοῦ

187 2464 266 2496 Θεοῦ,
280 2462 347 2490 ἀλλὰ
362 2461 421 2489 κατ’
436 2459 525 2488 εἰκόνα
538 2457 633 2485 ἑαυτοῦ
650 2458 832 2492 πεποιημένη,
842 2456 969 2492 ὰνεγείρῃ

189 2509 303 2545 σεαυτὴν
326 2509 372 2535 ἐπὶ
394 2508 442 2544 τὴν
465 2505 602 2539 θεολογίαν
621 2504 667 2531 καὶ
684 2503 804 2537 εὐλογίαν
822 2503 867 2529 τοῦ
883 2503 969 2534 Θεούς

194 2555 303 2590 Ἐπειδὴ
318 2556 334 2589 ὴ
347 2552 488 2580 δεσποτεία
502 2552 593 2584 αὐτοῦ,
612 2553 680 2579 κιτά
693 2550 723 2577 τὸ
734 2550 889 2585 εἰρημένον,
904 2549 971 2575 πάν-

187 2611 240 2629 των
250 2599 385 2632 δεσπόζει,
401 2598 543 2634 οὐρανίων,
553 2598 690 2630 ἐπιγείων,
704 2595 896 2631 καταχθονίων,
906 2595 970 2620 ἀκο-

187 2647 290 2678 λούθως
311 2645 399 2672 πάντα
412 2644 446 2670 τὰ
459 2644 526 2679 ἔργα
541 2642 634 2675 αὐτοῦ,
652 2642 688 2673 ὡς
706 2640 737 2667 ἂν
755 2641 806 2668 ὐπὸ
825 2640 873 2676 τὴν
890 2639 970 2666 αὐτοῦ

188 2691 344 2720 δεσποτείαν
356 2690 430 2721 ὄντα,
441 2689 476 2715 τὰ
497 2688 640 2723 σύμπαντα
654 2686 717 2722 γὰρ,
733 2686 809 2721 φησι,
824 2685 904 2712 δοῦλα
927 2684 970 2716 σὰ,

189 2738 226 2771 ὡς
243 2738 392 2772 ποιήματα,
407 2735 549 2769 εὐλογείτω
574 2734 664 2760 αὐτόν.
679 2733 734 2760 Καὶ
757 2732 814 2764 πῶς
834 2731 972 2766 εὐλογοῦσι

189 2784 225 2811 τὰ
236 2784 320 2817 ἄλογα
336 2783 382 2809 καὶ
396 2782 429 2808 τὰ
443 2781 550 2815 ﬁbula;
574 2780 617 2812 Ὠς
628 2780 736 2815 οὐρανοὶ
756 2779 910 2815 διηγοῦνται
932 2778 972 2803 δό-

192 2830 240 2869 ξαν
260 2829 326 2856 Θεοῦ
337 2849 344 2862 ,
360 2828 467 2859 πάντως
481 2827 541 2853 ἀντὶ
559 2826 650 2860 φωνῆς
669 2825 797 2861 χρώμενα
810 2827 842 2861 τῇ
860 2826 918 2860 ὕψει
934 2825 972 2856 εὶς

229 2918 250 2934 ³¹
270 2918 336 2945 Luc.
354 2925 398 2950 xv,
417 2917 442 2944 7.
481 2916 502 2932 ³³
522 2915 637 2951 Philipp.
657 2923 692 2948 tv,
712 2915 755 2943 l5.

1021 2319 1156 2350 emittere,
1171 2317 1237 2352 quid
1255 2315 1404 2347 cunctaris,
1415 2322 1432 2342 ο
1448 2314 1556 2341 anima?
1575 2311 1702 2347 Nunquid
1723 2314 1805 2339 etiam

1024 2365 1092 2399 ipsa,
1106 2366 1203 2398 utpote
1215 2369 1284 2396 opus
1296 2360 1343 2388 Dei
1356 2367 1411 2387 non
1426 2358 1620 2397 spernendum,
1638 2357 1685 2385 sed
1693 2357 1727 2385 ad
1737 2357 1806 2384 ima-

1024 2411 1113 2447 ginem
1130 2410 1190 2445 ejus
1207 2409 1319 2440 factum,
1336 2406 1508 2440 temetipsaru
1528 2405 1632 2433 excitus
1650 2404 1683 2431 ad
1697 2404 1805 2437 divinas

1022 2456 1117 2486 laudes
1128 2459 1155 2482 et
1171 2455 1205 2482 ad
1220 2452 1436 2481 benedicendum
1450 2450 1520 2478 Deo?
1535 2450 1668 2483 Quoniam
1684 2449 1806 2476 domina-

1023 2503 1061 2531 tio
1075 2501 1146 2536 ejus,
1168 2504 1198 2527 ut
1214 2499 1316 2527 dictum
1334 2502 1386 2529 est,
1404 2497 1530 2525 omnibus
1552 2496 1667 2531 imperat
1687 2495 1806 2523 caelesti-

1024 2549 1086 2580 bus,
1111 2546 1286 2575 terrestribus
1312 2548 1339 2572 et
1361 2544 1503 2576 infernis;_
1518 2543 1578 2569 ideo
1606 2542 1698 2569 omnia
1722 2549 1806 2576 opera

1023 2595 1094 2630 ejus,
1115 2596 1209 2628 utpote
1222 2592 1308 2626 ipsius
1324 2588 1504 2617 dominationi
1522 2586 1641 2620 subdita,
1656 2586 1708 2621 ipsi
1725 2587 1806 2613 bene-

1023 2642 1125 2669 dicant.
1139 2639 1209 2666 Nam
1220 2637 1322 2670 omnia,
1341 2635 1440 2671 inquit,
1457 2633 1504 2661 tibi
1519 2633 1734 2668 Subdita,utpole
1746 2632 1806 2666 opi-

1025 2687 1087 2714 licia
1101 2690 1158 2718 tua,
1173 2683 1335 2712 benedicere
1349 2681 1398 2710 tibi
1412 2681 1520 2708 debent.
1537 2678 1570 2706 Et
1581 2679 1717 2714 quomodo
1727 2678 1807 2706 bene-

1023 2733 1116 2760 dicant
1129 2729 1329 2758 irrationabilia
1343 2731 1370 2756 et
1386 2726 1556 2754 inanimata?
1576 2726 1635 2760 Quo
1650 2725 1730 2753 modo
1743 2723 1805 2751 coeli

1024 2783 1152 2807 enarrant
1166 2777 1281 2813 gloriam
1295 2775 1352 2807 Dei,
1373 2774 1418 2810 qui
1433 2781 1499 2801 sane
1521 2776 1669 2808 conspectu
1688 2779 1737 2799 suo
1754 2777 1805 2797 ceu

1025 2833 1100 2859 noce,
1126 2824 1159 2852 ad
1179 2814 1357 2852 exhibendam
1372 2820 1421 2850 Dci
1436 2821 1565 2848 virtutem
1587 2822 1702 2846 utuntur
1715 2827 1721 2846 :
1735 2817 1806 2845 unde
