2044 3212
262 187 327 214 19-7]

621 185 755 213 EUSEBII
773 183 1011 213 CESARIENSIS
1027 184 1101 212 OPI’.
1121 184 1209 212 PARS
1230 184 1273 212 Ill.
1292 200 1328 205 -—-
1347 185 1552 213 EXEGETiCA.

1810 184 1878 211 12ῖὲ

260 254 310 280 ego
323 246 451 273 laudandi
466 247 638 273 occasionem
659 245 776 281 accipio,
791 249 818 272 et
837 245 870 272 ad
885 245 1041 273 Creatorem

1103 244 1211 279 ἔμφασιν
1228 244 1276 279 τῆς
1291 244 1365 276 θείας
1380 245 1535 280 δυνάμεως·
1554 245 1618 280 παρ’
1633 239 1671 270 ὧν
1682 243 1736 278 ἐγὼ
1749 243 1879 278 λαμϐάνω

259 292 452 319 celebrandum
472 298 616 326 provocor.
638 290 671 318 Et
690 291 759 318 alias
780 291 869 319 solent
884 291 1043 326 plerumque

260 339 399 373 prophetae
409 338 491 365 etiam
505 337 719 365 irrationabilem
732 342 858 364 naturam
874 337 908 364 ad
921 337 967 365 Dei
985 337 1043 364 lau-

261 384 310 411 des
338 384 490 412 eﬂ'erendas
514 391 665 415 assumere,
693 384 773 419 quasi
797 384 966 411 rationabilis
988 391 1043 411 non

260 429 387 463 suiliciat,
407 430 445 457 uti
460 437 553 457 revera
568 430 644 465 pueri
665 430 692 457 in
713 430 821 457 camino
837 430 969 458 fecerunt.
985 429 1044 456 Cm-

260 480 348 504 tcrum
365 478 493 505 omnibus
508 477 536 504 in
553 477 620 505 locis
639 485 737 505 canere
751 476 851 504 Judaeis
873 485 926 504 non
946 483 1045 504 conve-

259 524 311 551 nit.
336 522 376 551 llli
397 524 497 559 quippe
523 524 556 550 ab
574 523 608 551 iis
621 524 667 559 qui
693 531 722 551 se
741 523 769 550 in
795 523 978 559 captivitatem
996 523 1045 549 ab-

260 570 407 602 duxerant,
432 569 461 596 in
483 569 621 605 Babylone
646 578 679 596 ex
701 569 818 597 canticis
846 568 912 596 Sion
934 572 1045 596 cantare

259 614 342 649 jussi.
362 615 500 647 dixerunt,
525 619 551 642 et
565 614 673 650 quidem
692 614 842 642 secundum
858 615 942 649 legem
964 622 1046 648 agen-

261 663 303 687 tes
319 659 475 692 :Quomodo
504 661 615 687 cantabo
641 661 776 687 canticum
788 660 895 687 Domini
918 660 946 686 in
975 664 1045 686 terra

261 705 402 733 aliena"?
416 706 500 734 Nobis
512 711 601 734 autem
632 707 741 734 divinus
760 707 906 742 Apostolus
925 706 1046 741 pmcipit

262 753 292 777 ut
315 751 342 778 in
368 752 441 779 omni
472 753 531 779 loco
556 756 668 780 orantes
695 752 834 779 elevemus
857 757 966 780 sanctas
987 759 1047 779 ma-

262 804 316 825 nus
337 797 369 824 ³⁸.
398 797 516 833 ldipsum
550 798 683 826 Dominus
711 798 837 827 Christus
869 798 1047 826 Samaritana:

263 841 342 874 dixit,
362 842 474 870 localem
497 843 686 871 adorationem
700 843 734 871 de
749 844 838 871 medio
860 843 970 875 tollens,
989 844 1048 870 cul-

263 892 375 923 tumque
385 888 486 916 docens
497 889 523 916 in
537 889 640 924 Spiritu
655 894 682 917 et
695 890 808 917 veritate
818 890 1000 917 exhibendum
1013 889 1045 916 ³⁸.

531 945 692 974 PSALMUS
710 946 776 974 CIII.

302 989 384 1018 Vens.
412 991 437 1023 Ι,
462 991 491 1018 '2.
514 991 636 1024 Benedic,
664 993 764 1024 anima,
793 991 1049 1019 Domino:Domine

255 1033 333 1062 'Deus
352 1044 435 1068 meus,
460 1038 645 1072 magniﬁcatus
667 1046 693 1065 es
713 1038 1049 1072 vehementer:confessio-

254 2965 271 2976 μ

261 1089 320 1109 nem
336 1086 361 1108 et
379 1081 497 1109 decorem
512 1082 635 1114 induisti,
649 1084 762 1110 amictus
783 1083 880 1110 lumine
893 1083 960 1110 sicut
975 1084 1050 1110 vesti-

262 1132 359 1155 mento.
373 1128 396 1154 Α
411 1132 600 1156 creaturarum
618 1129 818 1163 magnitudine,
835 1129 1007 1165 providentia
1023 1133 1050 1157 et

262 1174 395 1201 varietate
413 1173 528 1201 docetur
553 1174 644 1201 anima
665 1174 782 1210 gaudere
807 1183 839 1202 ac
860 1175 986 1202 ﬁduciam
1007 1183 1051 1202 su-

262 1227 356 1247 mere:
374 1219 412 1246 ita
429 1224 459 1246 ut
478 1220 505 1247 in
522 1228 555 1248 eo
577 1219 720 1256 glorietur,
738 1229 769 1248 ac
785 1221 929 1249 Dominum
951 1221 1051 1249 Deum-

264 1272 318 1299 que
331 1272 411 1293 suum
425 1273 553 1301 magnum
568 1270 707 1294 tantarum
721 1275 811 1295 rerum
824 1267 948 1302 opiﬁcem
964 1266 1051 1294 ascri-

263 1311 322 1344 hat,
341 1320 460 1348 eumque
485 1313 537 1340 sibi
562 1314 704 1349 proprium
727 1314 854 1349 praedicet
874 1322 937 1341 cum
951 1313 1050 1341 all'ectu

263 1358 370 1391 dicens,
389 1359 500 1386 Domine
516 1359 588 1387 Deus
610 1368 694 1388 meus.
716 1360 913 1394 Confessianem
929 1365 954 1387 et
974 1360 1051 1387 deco-

263 1412 320 1431 rem
334 1404 455 1438 induisti,
465 1406 578 1433 amictus
591 1406 687 1433 luntiné
697 1406 765 1432 sicut
777 1407 941 1433 vestimento.
954 1405 1052 1439 Quem-

265 1449 412 1478 admodum
428 1452 452 1479 is
469 1453 515 1487 qui
536 1453 659 1480 sensibili
677 1453 841 1481 vestimento
857 1451 991 1484 induitur,
1004 1460 1052 1479 un-

265 1497 349 1533 dique
371 1500 489 1534 tegitur;
505 1500 545 1527 sic
569 1500 642 1535 quod
668 1498 715 1527 Dei
731 1499 823 1526 lumen
850 1498 981 1526 sustineri
1003 1505 1052 1525 ne-

265 1548 357 1578 queat,
378 1545 679 1580 incomprehensibilem
700 1552 761 1573 esse
782 1545 856 1573 illius
871 1544 1050 1572 substantiam

1093 290 1140 317 τοῦ
1157 290 1250 325 ὑμνεῖν
1273 291 1322 322 τὰς
1348 291 1485 326 ἀφορμὰς,
1501 291 1548 317 καὶ
1571 290 1698 326 κινοῦμαι
1713 290 1781 326 πρὸς
1796 291 1881 325 εὐφη-

1095 337 1159 372 μίαν
1177 336 1223 363 τοῦ
1241 336 1498 368 κτίσαντος.Ἃλλως
1517 345 1545 362 τε
1560 336 1685 363 εἰώθασιν
1700 336 1725 362 ot
1743 336 1880 371 προῆται

1093 383 1141 410 καὶ
1163 382 1212 419 τὴν
1227 383 1323 418 ἄλογον
1343 383 1423 418 φύσιν
1447 383 1576 414 πολλάκις
1598 383 1821 418 παραλαμϐάνειν
1841 383 1882 414 είς

1094 429 1231 464 εὐφημίαν
1244 428 1292 455 τοῦ
1309 428 1388 461 Θεοῦ,
1401 429 1438 461 ὡς
1452 429 1502 456 οὐκ
1517 428 1679 465 ἀποχρώσης
1691 429 1740 464 τῆς
1758 429 1880 464 λογικῆς,

1095 476 1219 511 καθάπερ
1234 475 1330 510 ἀμέλει
1348 476 1395 502 καὶ
1415 476 1440 502 οἱ
1464 475 1557 506 παῖδες
1574 475 1603 501 ἐν
1623 476 1656 511 τῇ
1673 475 1790 510 καμίνῳ.
1809 475 1883 511 Πλὴν

1094 523 1125 549 τὸ
1139 523 1168 549 ἐν
1185 523 1265 549 παντὶ
1275 522 1350 557 τόπῳ
1363 521 1435 558 ᾄδειν
1453 522 1502 556 οὐχ
1519 521 1647 557 ἁρμόττει
1661 522 1715 552 τοῖς
1735 521 1881 552 Ἰουδαίοις.

1102 569 1214 596 Ἐκεῖνοι
1230 568 1293 604 γὰρ,
1312 568 1365 595 ὑπὸ
1379 568 1434 594 τῶν
1460 567 1711 603 ἀνδραπώισάντων
1725 565 1788 603 ᾄσαι
1801 575 1884 603 προσ-

1095 614 1239 649 ταχθέντες
1262 614 1294 640 sx
1313 613 1366 640 τῶν
1386 613 1462 649 ᾠδῶν
1484 613 1552 640 Σιὼν
1565 614 1593 639 ὲν
1607 612 1755 644 Βαϐυλῶνι,
1771 613 1884 647 ἔφασαν,

1095 661 1205 696 ἔννομον
1224 659 1358 695 δρῶντεςο
1374 660 1441 692 Πῶς
1461 659 1569 694 ᾄσομαι
1592 659 1650 692 τὴν
1673 658 1755 693 ᾠδὴν
1773 660 1885 693 Κιιοίου

1095 708 1144 734 ἐπὶ
1162 705 1216 742 γῆς
1224 707 1393 740 ἀλλοτρίας.
1403 707 1484 742 Ἡμῖν
1495 706 1523 732 δὲ
1533 707 1546 732 ὁ
1563 706 1635 738 θεῖος
1643 705 1804 737 Ἀπόστολος
1815 714 1887 742 παρ-

1097 754 1183 789 εγγυᾷ
1199 754 1228 779 ἐν
1247 753 1329 779 παντὶ
1350 753 1424 788 τόπῳ
1447 752 1676 788 προσευχομένοις
1691 752 1778 788 αἴρειν
1797 751 1887 782 ὁσίους

1097 802 1200 836 χεῖρας.
1217 800 1301 826 Τοῦτο
1316 800 1362 826 καὶ
1377 799 1391 825 ὁ
1412 799 1544 834 δεσπότης
1558 798 1675 835 Χριστὸς
1690 797 1759 834 πρὸς
1773 797 1824 834 τὴν
1839 797 1888 825 Σα-

1100 846 1223 881 μαρεῖτιν
1236 845 1298 880 ἔφη,
1310 845 1359 880 τὴν
1375 844 1489 880 τοπικὴν
1504 843 1622 879 ἀναιρῶν
1639 842 1887 879 προσκύνησιν,τὴν

1097 891 1126 918 δὲ
1142 892 1171 918 ὲν
1180 891 1317 926 Πνεὺματι
1331 891 1376 917 καὶ
1392 890 1646 926 ἀληθείᾳιδιδάσκων
1661 889 1798 924 λατρείαν.

1382 947 1527 974 ΨΛΔΜΟΣ
1540 947 1590 973 ΡΓ⁷

1137 997 1272 1029 Εὺλόγει,
1289 995 1308 1027 ὴ
1332 994 1417 1029 ψυχή
1437 1003 1508 1029 μου,
1530 994 1585 1021 τὸν
1609 994 1736 1026 Κύριον·
1764 994 1852 1028 Κύριε
1873 994 1889 1020 ὁ

1102 1044 1173 1075 Θεός
1188 1051 1265 1076 μου,
1278 1042 1481 1076 ἑμεγαλύνθης
1508 1041 1642 1076 σφόδριν
1671 1040 1890 1075 ἐξομολόγησιν

1101 1088 1150 1115 καί
1172 1087 1353 1121 εὐπρέπειαν
1374 1086 1507 1113 ἐνεδύσω
1521 1106 1528 1118 ,
1556 1086 1801 1119 ἀναϐαλλόμενος
1828 1084 1890 1119 φῶς

1100 1134 1141 1166 ὡς
1163 1132 1287 1167 ἱμάτιον.
1312 1131 1362 1158 Διὰ
1378 1132 1427 1166 τῆς
1439 1131 1492 1158 τῶν
1506 1132 1662 1166 κτισμάτων
1688 1131 1890 1167 μεγαλουργίας

1101 1180 1147 1207 καὶ
1162 1179 1290 1215 προνοίας
1314 1179 1361 1205 καὶ
1384 1178 1569 1214 ποικιλότητος
1586 1178 1691 1214 χαίρειν
1711 1177 1743 1213 δὴ
1757 1178 1786 1204 ὲν
1801 1177 1891 1212 ταύτῷ

1101 1226 1149 1253 καὶ
1162 1225 1261 1261 θάρσος
1274 1224 1473 1259 ἀναλαμϐάνειν
1487 1224 1641 1251 διδάσκεται
1654 1225 1671 1259 ἡ
1685 1223 1769 1259 ψυχὴ,
1785 1223 1831 1250 διὰ
1844 1222 1890 1250 τοῦ

1102 1271 1291 1307 σεμνύνεσθαι,
1305 1271 1351 1297 καὶ
1366 1270 1467 1306 Κύριον
1483 1271 1582 1306 ἑαυτῆς
1596 1271 1643 1297 καὶ
1652 1271 1718 1297 Θεὸν
1729 1270 1783 1297 τῶν
1795 1269 1890 1296 τοσού-

1100 1327 1155 1345 των
1166 1317 1351 1353 μεγαλουργὸν
1363 1316 1574 1352 ἐπιγράφεσθαι,
1587 1318 1634 1344 καὶ
1647 1317 1831 1344 ίδιοποιεῖσθαι
1841 1317 1889 1343 αὺ-

1101 1364 1146 1391 τὸν
1173 1365 1201 1390 ὲν
1224 1363 1263 1399 τῷ
1287 1364 1395 1398 λέγειν·
1417 1363 1444 1389 Ὁ
1465 1363 1537 1396 Θεός
1560 1372 1629 1398 μου,
1647 1363 1715 1399 μετὰ
1735 1363 1889 1394 διαθέσεως,

1101 1409 1320 1444 ἐξομολόγησιν
1340 1410 1388 1436 καὶ
1412 1409 1593 1443 εὐπρέπειαν
1605 1409 1748 1441 ἐνεδύσω,
1761 1410 1891 1436 ἀναϐαλ-

1102 1457 1230 1492 λόμενος
1259 1455 1321 1490 φῶς
1347 1456 1387 1488 ὡς
1412 1455 1537 1490 ἱμάτιον,
1559 1455 1602 1488 Ὠς
1633 1456 1647 1482 ὁ
1675 1455 1891 1490 ἀναϐαλλόμενος

1103 1501 1231 1537 αἰσθητὸν
1254 1500 1360 1536 ἱμάτιον
1377 1499 1509 1527 πάντοθεν
1525 1500 1702 1533 καλύπτεται,
1718 1500 1790 1526 οὕτω
1808 1499 1838 1526 τὸ
1855 1500 1892 1535 μὴ

1103 1547 1230 1574 δύνασθαι
1254 1547 1375 1582 διασχεῖν
1396 1546 1426 1572 τὸ
1450 1547 1513 1582 περὶ
1529 1546 1574 1572 τὸν
1589 1546 1655 1573 Θεὸν
1671 1546 1738 1580 φῶς,
1755 1545 1891 1581 ἀκατάλη-

265 1591 397 1619 declarat.
417 1591 471 1619 Sod
484 1592 550 1627 quid
572 1592 624 1624 ais,
647 1600 664 1619 ο
688 1591 792 1619 David?
807 1591 978 1626 Evangt-lista
993 1590 1051 1618 ait:

1106 1602 1173 1620 πτον
1185 1593 1269 1620 αὐτοῦ
1286 1593 1335 1628 τὴν
1350 1592 1444 1619 οὐσίαν
1467 1593 1641 1628 παρίστησιν.
1651 1592 1731 1618 Ἀλλά
1749 1592 1775 1619 τί
1792 1592 1854 1627 φῂς,
1870 1588 1892 1618 ὦ

268 1637 330 1672 Ipse
345 1642 383 1665 est
409 1638 456 1665 lux
480 1647 551 1670 vera,
570 1646 628 1674 quae
650 1638 783 1665 illuminat
803 1646 905 1664 onmem
923 1637 1053 1664 hominem

265 1684 411 1711 venientem
429 1683 457 1710 in
477 1683 545 1710 hunc
561 1683 689 1710 mundum
699 1684 731 1710 ".
756 1683 857 1710 Paulus
884 1691 949 1710 vero
974 1682 1053 1713 dicit,

266 1729 357 1764 ipsum
377 1730 464 1756 lucem
490 1729 644 1756 inhabitare
669 1729 898 1760 inaccessibilem,
920 1732 946 1756 et
963 1732 992 1755 tu
1014 1728 1054 1755 ais

267 1777 358 1811 ipsum
370 1776 473 1803 lumine
486 1775 562 1803 indui
578 1775 650 1803 sicut
662 1775 843 1803 vestimento?
857 1774 955 1802 Videu‘
967 1782 1056 1808 neque

267 1821 439 1857 prophetam,
457 1829 546 1857 neque
562 1821 769 1857 evangelistam,
796 1828 885 1856 neque
901 1820 1054 1856 apostolum

268 1875 351 1903 posse
364 1875 424 1896 eam
442 1869 594 1896 claritatem
618 1867 780 1902 complecti;
797 1867 843 1894 sed
860 1874 875 1893 a
899 1866 1055 1893 nominibus

269 1914 343 1949 apud
363 1921 415 1942 nos
430 1914 539 1942 usitatis
553 1913 684 1949 paulatim
700 1912 891 1944 ascendentes,
909 1913 1055 1939 obscuram

269 1960 415 1995 quamdam
435 1959 579 1988 ineﬂ'abilis
602 1959 676 1987 illius
700 1958 794 1994 gloriae
811 1957 996 1993 cognitionem
1017 1956 1056 1983 af-

270 2005 362 2033 ferre?
377 2005 446 2039 Quia
467 2006 540 2033 enim
559 2005 687 2040 ignorant
702 2011 764 2039 qua:
779 2003 815 2031 sit
830 2002 876 2030 illa
891 2002 1055 2032 substantia,

272 2061 288 2079 a
310 2052 394 2080 rebus
419 2052 490 2088 apud
518 2059 570 2079 nos
588 2051 747 2086 conspicuis
771 2057 821 2086 pro
832 2049 961 2077 facultate
982 2048 1057 2076 illam

272 2098 417 2133 complecti
433 2100 576 2125 conantur.

308 2188 392 2216 Vens.
417 2188 444 2220 ὅ,
461 2187 487 2215 4.
509 2186 659 2214 Επιεηιίεηδ
682 2187 776 2213 calum
797 2186 866 2212 sicut
887 2185 991 2220 pellem,
1014 2185 1059 2219 qui

273 2236 335 2272 tegit
349 2235 425 2270 aquis
443 2234 580 2269 superiora
591 2233 647 2268 ejus
662 2241 671 2260 :
686 2233 730 2268 qui
742 2233 814 2268 ponit
831 2231 911 2259 nubes
922 2239 1058 2259 ascensum

1104 1640 1201 1673 Δαυῒδ;
1233 1640 1261 1667 Ὀ
1285 1639 1479 1674 εὐαγγελιστής
1509 1647 1608 1674 φησιν’
1631 1639 1690 1666 Ὅτι
1714 1639 1806 1671 ιιὺτός
1829 1638 1893 1665 ἐστι

1105 1685 1167 1720 φῶς
1195 1684 1349 1718 ἀληθινὸν,
1375 1684 1390 1710 ὃ
1413 1684 1527 1718 φωτίζει
1549 1683 1648 1710 πάντα
1669 1683 1828 1718 ἄνθρωπον
1849 1683 1893 1717 ἐρ-

1105 1732 1235 1767 χόμενον
1250 1732 1293 1764 είς
1307 1731 1361 1757 τὸν
1377 1731 1502 1764 κόσμον.
1513 1731 1541 1756 Ὀ
1553 1730 1580 1757 δὲ
1596 1730 1711 1762 Παῦλος,
1731 1730 1773 1756 ὅτι
1786 1729 1844 1764 φῶς
1857 1730 1894 1755 οἰ-

1106 1776 1161 1803 κῶν
1178 1776 1335 1812 ἀπρόσιτον,
1354 1775 1385 1802 eis
1403 1775 1615 1811 περιϐεϐλῆσθαι
1631 1775 1661 1802 τὸ
1676 1775 1734 1810 φῶς
1747 1774 1829 1802 αὺτδν
1843 1774 1894 1809 φῂς

1106 1822 1143 1854 ὡς
1159 1821 1283 1857 ludum;
1306 1821 1396 1857 Ὁρᾷς,
1413 1822 1464 1853 ὃτι,
1482 1821 1534 1848 κᾶν
1547 1819 1716 1858 προφήτης
1727 1830 1779 1853 τις,
1789 1820 1840 1848 κᾶν
1850 1821 1892 1846 3'5-

1106 1866 1277 1902 αγγελιστὴς,
1299 1866 1351 1893 κᾶν
1374 1866 1533 1898 ἀπόστολος,
1547 1866 1578 1892 οὐ
1601 1866 1710 1893 δύναται
1730 1865 1893 1902 περιδράξα-

1108 1916 1169 1942 σθαι
1185 1915 1235 1949 τῆς
1253 1914 1409 1949 σαφηνείας,
1427 1913 1484 1940 ἀλλ’
1499 1914 1553 1940 ἀπὸ
1567 1913 1620 1939 τῶν
1641 1914 1705 1948 παρ’
1719 1914 1785 1948 ἡμῖν
1797 1913 1894 1948 ὀνομά‹

1107 1970 1160 1987 των
1184 1960 1373 1990 ἀναϐαίνοντες
1394 1959 1466 1985 κατά
1484 1959 1580 1994 μιχρὺν
1603 1958 1726 1993 ἀμυδρὰν
1744 1966 1804 1984 τινα
1827 1966 1894 1992 παρ-

1109 2007 1218 2034 ιστῶσιν
1228 2007 1330 2034 ἔννοιαν
1350 2005 1399 2040 τῆς
1420 2005 1539 2040 ἀρρήτου
1560 2005 1638 2040 δόξης
1661 2003 1894 2039 ἑκείνης.Ἑπιόὴ

1107 2054 1162 2089 γὰρ
1178 2053 1243 2080 αὐτὸ
1253 2053 1279 2079 τί
1293 2051 1358 2079 ποτέ
1373 2052 1430 2077 ἐστι
1443 2050 1491 2086 τὴν
1501 2051 1594 2077 οὐσίαν
1603 2050 1653 2076 οὐκ
1668 2048 1766 2082 ἴσασιν,
1775 2050 1829 2077 ἀπὸ
1842 2050 1894 2076 τῶν

1109 2100 1172 2135 παρ’
1181 2100 1246 2134 ἡμῖν
1260 2097 1394 2133 λαμπρῶν
1411 2095 1607 2131 φιλονεικοῦσιν
1620 2095 1796 2123 ἐπιλαϐέσθαι
1811 2095 1894 2131 αὐτῆς

1108 2146 1146 2177 ὡς
1160 2144 1215 2172 οἷόν
1230 2154 1270 2172 τε.

1151 2191 1305 2218 Ἐκτείνων
1318 2191 1373 2218 τὸν
1383 2189 1512 2225 οὐρανὸν
1521 2188 1591 2216 ὡσεὶ
1602 2189 1712 2223 δέῤῥιν,
1720 2190 1737 2215 ὀ
1749 2187 1895 2223 «renitun-

1110 2240 1145 2266 ἐν
1157 2238 1241 2265 ὕδατι
1251 2238 1288 2264 τὰ
1300 2236 1418 2271 ὑπερῷα
1428 2235 1532 2267 αὐτοῦ,
1543 2237 1559 2262 ὁ
1573 2235 1661 2268 τιθεὶς
1674 2234 1751 2269 νέφη
1764 2234 1822 2269 τὴν
1834 2235 1895 2262 ἐπί-

273 2291 361 2314 suum,
375 2282 420 2317 qui
435 2281 553 2308 ambulat
573 2288 651 2314 super
670 2287 768 2314 pennas
785 2283 931 2305 ventorum.
950 2277 1003 2311 Qui
1017 2277 1052 2312 fu-

1110 2287 1199 2312 ϐιισιν
1208 2284 1312 2316 αὑτοῦ,
1322 2285 1339 2311 ό
1354 2281 1523 2317 περιπατῶν
1536 2281 1583 2308 ἐπὶ
1600 2281 1752 2316 πτερύγιον
1767 2281 1894 2315 ἀνέμων,

273 2330 309 2355 rit
333 2327 439 2364 angelos
464 2334 526 2354 suo:
547 2326 666 2360 spiritus,
691 2329 716 2352 et
738 2325 873 2352 ministros
891 2333 953 2351 suos
975 2324 1059 2359 ignem

274 2379 400 2402 urentem.
422 2373 503 2405 Hinc,
526 2377 554 2399 ut
573 2379 620 2406 par
641 2375 692 2403 est,
709 2370 845 2405 seraphin)
865 2369 957 2397 Grazce
974 2369 1061 2404 expli-

274 2425 382 2453 cantur,
398 2419 574 2447 iucendcutes
591 2425 623 2445 ac
640 2417 843 2444 comburentes.
861 2416 893 2443 Et
913 2424 964 2443 vos
986 2423 1061 2443 sera-

275 2466 349 2501 pbim
375 2466 530 2493 incendium
549 2464 705 2499 signiﬁcare
730 2463 896 2490 declaratur.
919 2462 1009 2496 Quare
1028 2461 1062 2488 de

276 2511 398 2546 angelica
410 2511 510 2538 virtute
518 2510 619 2537 dicitur
631 2518 638 2535 ε
653 2508 705 2542 Qui
719 2508 783 2543 facit
798 2508 904 2543 angelos
915 2516 976 2535 suos
986 2508 1064 2543 spiri-

278 2562 329 2589 tus,
349 2560 374 2583 et
393 2557 529 2584 ministros
547 2564 608 2582 suos
619 2555 705 2590 ignem
717 2559 845 2582 urentem.

313 2694 398 2723 Vsus.
414 2695 490 2722 5-15.
514 2695 565 2729 Qui
580 2696 674 2730 fundat
688 2700 785 2723 terram
801 2704 879 2730 super
889 2695 1062 2723 stabilitatem

278 2750 365 2772 suam,
380 2749 431 2768 non
447 2741 618 2768 inclinabitur
632 2742 659 2768 in
680 2742 807 2769 swculum
830 2742 932 2769 swculi.
944 2742 1062 2777 Abyssus

278 2788 346 2814 sicut
369 2787 549 2814 vestimentum
569 2787 681 2815 amictus
701 2788 769 2822 ejus,
784 2796 862 2822 super
886 2793 985 2815 montes
1007 2793 1064 2815 sta-

279 2833 342 2861 bunt
356 2841 441 2868 aqua.
458 2833 497 2860 AD
513 2833 690 2868 increpatione
703 2839 749 2861 tua
769 2834 878 2869 fugient,
892 2843 908 2861 a
925 2842 985 2862 voce
1000 2834 1063 2861 toni-

1111 2333 1127 2358 ό
1139 2329 1230 2357 ποιῶν
1237 2330 1308 2363 τοὺς
1322 2329 1469 2364 ἀγγέλους
1482 2327 1573 2354 αὺτοῦ
1587 2327 1749 2361 πνεύματα,
1762 2326 1812 2353 καί
1829 2326 1895 2359 τοὺς

1111 2375 1301 2411 λειτοιψγοὺς
1315 2375 1408 2402 αὐτοῦ
1429 2374 1489 2408 πῦρ
1501 2373 1623 2409 φλέγον.
1632 2371 1770 2399 Ἐντεῦθεν
1786 2372 1895 2404 εἰκότως

1112 2422 1316 2458 ἑρμηνευόμενα
1337 2421 1372 2448 τὰ
1393 2420 1523 2456 σεραφὶμ,
1545 2420 1584 2451 είς
1609 2418 1657 2454 τὴν
1677 2417 1790 2445 Ἐλλάδα
1807 2418 1896 2453 φωνὴν

1113 2467 1305 2504 ἐμπιπρῶντες
1322 2467 1339 2503 ἢ
1362 2466 1518 2503 ὲμπρησταὶ
1539 2464 1710 2500 σημαίνουσι.
1726 2464 1782 2490 Καὶ
1796 2464 1837 2495 τὸ,
1854 2472 1896 2490 σε-

1113 2514 1201 2550 ραφὶμ
1224 2513 1270 2540 τὸν
1290 2512 1452 2548 ἐμπρησμὸν
1466 2511 1562 2546 δηλοῦν
1577 2510 1695 2544 λέγεται.
1711 2509 1756 2535 Διὸ
1769 2509 1833 2545 περὶ
1849 2509 1896 2543 τῆς

1113 2557 1259 2592 ἀγγελικῆς
1283 2557 1422 2592 δυνάμεως
1451 2556 1574 2592 εἴρηται·
1591 2555 1618 2580 ‘0
1639 2553 1732 2581 ποιῶν
1752 2554 1897 2589 ἀγγέλους

1114 2603 1205 2630 αὺτοῦ
1230 2599 1394 2638 πνεύματα,
1413 2601 1462 2628 atat
1491 2600 1561 2632 τοὺς
1586 2599 1778 2635 λειτουργοὺς
1805 2599 1896 2626 αὑτοῦ

1114 2650 1172 2684 πῦρ
1185 2649 1306 2684 φλέγον.

1155 2696 1181 2722 '0
1192 2694 1335 2730 θεμελιῶν
1347 2693 1404 2728 τὴν
1419 2693 1476 2729 γῆν
1488 2693 1536 2720 ἐπὶ
1554 2693 1610 2727 τὴν
1619 2691 1790 2726 ἀσφάλειαν
1803 2690 1894 2724 αὐτῆς

1115 2743 1150 2768 οὐ
1167 2740 1340 2773 κλιθήσεται
1354 2741 1397 2772 εὶς
1419 2739 1471 2766 τὸν
1488 2738 1580 2765 αἰῶνα
1600 2737 1652 2765 τοῦ
1673 2737 1895 2770 αἱῶνος.”Α5υσ-

1115 2798 1170 2822 σος
1186 2789 1226 2822 ὡς
1244 2787 1358 2823 ἱμάτιον
1380 2786 1414 2814 τὸ
1436 2787 1625 2821 περιϐόλαιον
1640 2786 1742 2818 αὑτοῦ,
1768 2785 1818 2812 ἐπὶ
1841 2785 1895 2811 τίὲν

1116 2833 1207 2867 ὀρέων
1235 2832 1399 2865 στήσονται
1422 2831 1600 2860 wantde
1624 2829 1820 2866 ἑπιτιμήσεώς
1839 2838 1893 2857 σου

319 2911 340 2927 ³³
357 2910 427 2938 Psal.
448 2918 545 2938 cxxxw
558 2929 566 2943 ,
584 2910 610 2937 ι.
650 2911 659 2926 ³
692 2912 700 2938 1
720 2910 789 2938 Tim.
808 2918 844 2942 ιι,
863 2911 879 2938 8
928 2911 950 2927 ³⁸
970 2910 1047 2938 Joan.

1120 2911 1165 2938 tu.
1204 2911 1225 2927 “
1246 2909 1322 2937 Joan.
1342 2918 1367 2942 ι,
1385 2911 1412 2938 9.
