2044 3212
186 163 257 191 £9.73

742 163 995 193 COMMENTABIA
1014 164 1047 193 IN
1066 164 1235 195 PSALMOS.

1331 158 1339 187 ι
1349 147 1391 180 σθ
1733 165 1802 194 mi

185 224 355 260 φεύξονται.
378 223 436 251 ἀπὸ
457 223 557 259 φάη-ἦς
580 222 714 258 ,βροντῆς
729 231 788 252 σου
804 223 962 251 dediderat)-

1023 226 1079 252 ιηιὶ
1099 225 1139 252 tui
1151 224 1340 260 formidabunt.
1359 225 1507 253 Attendunt
1523 228 1628 252 montes
1651 228 1676 251 et
1698 223 1804 252 descen-

185 270 480 298 σιν-,Ἀναϐαίνουσιν
497 270 561 305 ὄρη,
581 271 631 298 καί
650 270 863 298 καταϐαίνουσι
882 270 971 297 πεδία

185 317 228 348 είς
248 316 341 342 τόπον
355 315 391 342 ὃν
406 317 603 350 ἐθεμελίωσας
624 316 836 350 αὐτοῖς-,Ὅριον
857 317 937 346 ἔθου,
954 317 969 344 ὃ

185 363 220 389 οὺ
241 362 488 396 παρελεύσονται,
510 362 580 389 οὐδὲ
600 362 815 397 ἐπιστρέψουσι
835 363 969 397 καλῠψαι

185 408 241 443 τὴν
255 407 360 443 πτῆταῧο
382 407 614 440 ὲξαποστέλλων
632 408 729 443 πηγὰς
752 409 786 435 ὲν
810 407 968 443 φάραγξιν,

184 454 242 481 ἀνὰ
253 454 351 489 μέσον
366 453 425 480 τῶν
444 453 536 487 ὀρέων
560 453 765 480 διελεύσονται
790 453 894 480 ὕδατα.
912 455 970 480 Πο-

183 500 281 527 τιοῦσι
295 499 393 527 πάντα
407 500 442 527 τὰ
455 500 542 534 θηρία
558 499 610 526 τοῦ
625 500 726 533 ἀγροῦ,
752 499 969 533 προσδέξονται

183 547 302 583 ὄναπροι
322 548 366 579 είς
384 547 478 582 δίψαν
500 547 676 575 αὐτῶν.Ἔπ⁸
694 547 770 574 αὐτὰ
793 547 828 574 τὰ
850 550 970 574 πετεινὰ

182 593 235 620 τοῦ
256 593 387 628 οἰιοανοῦ
411 593 648 627 κατασκηνώσει,
668 592 702 619 ἐκ
721 592 819 628 μέσου
840 593 900 619 τῶν
922 601 969 619 πε-

182 639 258 674 τρῶν
288 640 420 668 δώσουσι
448 639 563 675 φωνήν.
592 640 721 670 Ποτίζων
751 639 804 674 ὄρη
839 640 875 666 ἐκ
909 638 969 666 τῶν

182 685 321 719 ὑπερῴων
343 686 446 713 αὑτοῦ.
464 686 541 712 Ἐπεὶ
563 686 612 712 καὶ
634 686 784 722 ἀρχόμενος
811 685 916 720 ἔλεγεν·
938 685 969 712 '0

180 732 328 767 στεγάζων
351 733 385 759 ὲν
410 732 494 759 ῦόατι
522 732 557 759 τὰ
581 732 701 767 ὑπερῷα
726 731 839 759 αὑτοῦ·
853 731 901 759 νῦν
918 740 969 767 φη-

181 786 223 804 σι·
250 778 378 808 Hos-[Cm
401 778 454 813 ὄρη
481 779 514 806 ἐκ
537 779 597 806 τῶν
619 779 759 813 ὑπερῴων
783 786 860 805 σου³
881 779 905 805 sl
929 779 966 814 μή

180 833 218 860 τῳ
246 824 321 859 φίλον
348 824 460 861 ὑπερῷα
487 825 534 852 τοῦ
562 825 629 852 Θεοῦ
659 826 697 857 ὡς
730 825 794 861 παρ’
811 824 893 851 αὐτοῦ
919 833 967 851 πε-

180 870 315 906 ποιημένα
338 871 383 897 τὸν
406 871 474 907 ἀέρα
495 872 575 904 νοεῖν,
589 873 645 902 τοῖς
659 871 752 906 νέφεσι
770 870 967 906 περιϐαλλόμε-

1022 271 1088 298 ιίιιηι
1107 272 1195 306 campi
1210 271 1237 298 in
1258 271 1343 298 locum
1356 278 1429 306 quem
1449 270 1567 306 fundasti
1580 271 1629 298 eis.
1653 270 1804 298 Terminat»

1021 317 1144 351 posuisti,
1163 324 1238 351 quem
1263 324 1314 343 non
1338 316 1573 351 transgredientur,
1595 324 1675 351 neque
1698 324 1804 343 conver-

1022 367 1110 389 tentur
1122 362 1222 395 operire
1239 366 1346 389 terram.
1363 361 1414 394 Qui
1428 362 1525 389 emittis
1537 363 1620 396 fontes
1634 363 1661 389 in
1677 362 1804 389 convalli-

1021 408 1078 439 bus,
1091 408 1159 435 inter
1173 408 1287 435 medium
1302 408 1429 434 montium
1440 409 1634 442 pertransibunt
1649 416 1734 444 aqum.
1749 407 1804 434 Γο-

1021 454 1115 480 tabunt
1141 462 1230 481 omnes
1254 453 1342 481 bestia:
1365 454 1434 489 agri.
1457 453 1640 486 saspcctabunt
1662 455 1755 490 onagri
1776 455 1803 481 in

1021 500 1066 526 siti
1093 507 1152 528 sua.
1171 498 1255 533 Super
1281 508 1313 527 ea
1343 500 1460 527 uolucres
1488 500 1544 526 ctuti
1567 499 1742 533 habitabant,
1772 500 1804 528 de

1020 545 1107 572 medio
1139 550 1273 579 petrarum
1311 545 1410 572 dabunt
1441 553 1538 573 vocem.
1573 545 1671 581 Rigans
1702 551 1803 573 mortles

1024 591 1056 618 de
1083 590 1262 626 superioribus
1296 592 1361 618 suis.
1395 591 1463 624 Quia
1493 592 1570 627 prius
1601 592 1725 625 dixerat,
1750 591 1804 625 Qui

1021 637 1084 671 tegis
1098 645 1166 672 aqua
1183 636 1319 670 superiora
1332 637 1407 668 eius;
1422 637 1467 664 hic
1482 637 1531 671 ait,
1548 637 1644 673 Riguus
1660 643 1759 665 montes
1772 638 1804 665 de

1019 681 1198 715 superioribus
1225 681 1287 708 tuis.
1302 680 1362 709 Nisi
1387 681 1466 709 malit
1487 683 1550 717 quis
1577 682 1720 718 superiora
1743 681 1802 714 Dei,

1018 728 1097 763 quasi
1112 727 1145 754 ab
1159 736 1192 755 eo
1207 731 1365 755 constructa
1377 735 1467 756 aerem
1480 728 1600 756 nubibus
1615 729 1745 757 amictum
1763 731 1806 757 in-

1019 774 1152 809 telligerc.
1170 773 1240 801 Deus
1261 774 1352 809 itaque
1368 778 1474 802 montes
1493 779 1521 802 et
1535 782 1647 810 campos
1660 776 1707 811 qui
1722 776 1749 803 in
1764 776 1805 804 eis

1019 825 1091 851 sunt,
1108 825 1135 848 et
1155 821 1309 847 universam
1327 820 1459 855 reliquam
1477 825 1576 848 terram
1598 821 1678 855 rigat,
1701 829 1754 849 non
1771 829 1806 849 ex

1020 866 1142 895 fontibus
1157 866 1331 897 convallium,
1351 873 1439 900 neque
1457 873 1491 893 ex
1507 865 1664 894 ﬂuminibus
1682 874 1742 902 qua:
1756 874 1805 902 per

179 901 356 949 νον.’ῘῙοτίςει
372 901 515 953 τοιγαροῦν
530 919 544 945 ό
557 901 623 950 Θεὸς
635 901 671 944 τὰ
684 901 735 954 ὅρη
749 918 796 945 καὶ
808 901 846 944 ¹’τὰ
862 918 891 944 ὲν
907 901 962 944 τού-

1019 917 1118 940 terram
1143 912 1277 944 deﬂuunt,
1293 912 1340 940 sed
1357 912 1391 940 de
1419 913 1607 947 superioribus
1624 913 1681 941 suis
1699 913 1804 948 pluvias

179 971 235 994 τοις
248 962 326 989 πεδία
340 963 390 998 τήν
406 971 435 989 τε
449 963 547 999 λοιπὴν
565 963 709 999 σύμπασαν
721 964 773 999 γῆν
789 963 838 990 οὑκ
850 963 904 989 ἀπὸ
914 963 968 989 τῶν

177 1009 191 1032 1
225 1009 283 1040 ταῖς
300 1008 418 1044 φάραγξι
431 1010 538 1045 πηγῶν,
553 1010 606 1036 οὐδ’
621 1010 674 1036 ἀπὸ
689 1010 743 1036 τῶν
752 1009 907 1045 φερομένων
917 1018 967 1035 κα-

183 1054 211 1081 τὰ
227 1055 280 1090 γῆς
298 1055 438 1090 ποταμῶν,
457 1055 513 1082 ἀλλ’
524 1056 577 1082 ἀπὸ
587 1055 640 1082 τῶν
653 1055 784 1091 ὑπερῴων
797 1055 879 1082 αὑτοῦ
899 1055 968 1082 ἄνω-

179 1100 223 1127 Θιν
234 1100 279 1135 ἀφ’
287 1100 369 1135 ὕψους
383 1102 445 1132 τοὺς
458 1102 603 1136 αὐτάρκεις
613 1102 659 1129 καὶ
673 1103 896 1138 μεμετρημένους
908 1104 967 1129 ἐπι-

177 1146 304 1182 χορηγῶν
319 1147 560 1183 ὐετούς.’Υπερῷα
582 1148 610 1174 δὲ
635 1147 702 1174 Θεοῦ
724 1148 768 1174 τὸν
791 1149 860 1184 ἀέρα
878 1148 965 1179 καλεῖ,

175 1192 302 1228 καθάπερ
329 1193 375 1219 ἐπὶ
399 1194 462 1228 μιᾶς
481 1194 568 1225 οἰκίας
585 1193 632 1220 τοῦ
657 1193 755 1225 παντὸς
779 1194 965 1229 κόσμου.”ορη

178 1238 228 1273 μέν
246 1238 314 1265 εἰσιν
327 1240 352 1265 οί
367 1240 583 1277 πνευματοφὸροι
599 1240 694 1277 ἄνδρες
706 1248 712 1255 ·
726 1239 880 1272 ποτίζονται
894 1240 922 1267 δὲ
934 1241 966 1267 ἐκ

176 1283 231 1310 τῶν
248 1284 380 1319 ὑπερῴων
398 1284 480 1311 αὑτοῦ
499 1285 546 1312 τοῦ
558 1285 635 1316 Θεοῦ,
651 1284 833 1320 πληρούμενοι
848 1284 902 1312 τῶν
918 1284 965 1311 τοῦ

177 1329 334 1365 Πνεύματος
359 1331 545 1367 χαρισμάτων,
560 1331 640 1365 λόγου
658 1332 754 1366 σοφίας
770 1331 818 1358 καὶ
832 1331 885 1358 τῶν
903 1331 965 1367 ἑξῆς

176 1377 558 1414 ἀπηριθμημένωνηΐπερῷα
580 1378 615 1413 δὲ,
635 1377 713 1410 Θεοῦ,
735 1378 781 1412 ἀφ’
798 1374 834 1404 ὧν
859 1377 893 1404 τὰ
914 1377 964 1412 δρη

177 1423 291 1455 ποτίζει,
305 1423 466 1459 ἀκραιφνεῖς
482 1425 529 1451 καὶ
546 1424 763 1460 ὑπερϐάλλουσαι
785 1423 895 1459 Θεωρίαι
915 1423 965 1458 τῆς

1019 967 1051 986 cx
1070 959 1126 986 allo
1148 958 1312 986 sufficientes
1341 966 1373 985 ac
1397 958 1553 987 moderatas
1579 959 1802 987 subministrans.

1020 1005 1168 1040 Superiora
1184 1010 1274 1032 autem
1294 1003 1342 1032 Dei
1359 1010 1438 1033 vocat
1454 1013 1557 1037 aerem,
1573 1005 1606 1033 de
1623 1009 1680 1032 toto
1701 1006 1805 1032 mundo

1017 1051 1096 1086 quasi
1111 1050 1145 1078 de
1158 1050 1240 1077 domo
1253 1050 1371 1085 quadam
1384 1051 1466 1078 verba
1487 1051 1601 1079 faciens.
1618 1050 1723 1078 Montes
1744 1051 1805 1085 qui-

1017 1100 1079 1127 dem
1100 1104 1165 1126 sunt
1187 1098 1345 1133 spirituales
1370 1097 1421 1125 viri
1439 1107 1446 1125 :
1461 1097 1489 1125 bi
1503 1101 1593 1124 autem
1609 1097 1758 1132 irrigantur
1772 1097 1806 1124 de

1017 1145 1207 1181 superioribus
1231 1145 1318 1180 ipsius
1343 1143 1402 1177 Dei,
1429 1143 1549 1179 Spiritus
1566 1143 1654 1170 sancti
1668 1142 1747 1170 donis
1762 1149 1805 1169 re-

1017 1193 1093 1228 pleti,
1108 1192 1235 1220 videlicet
1259 1198 1387 1218 sermone
1406 1190 1556 1225 sapientiae.
1582 1188 1740 1223 caeterisque
1761 1196 1805 1216 re-

1016 1239 1140 1267 censitis.
1162 1238 1309 1273 Superiora
1324 1244 1388 1265 vero
1403 1236 1461 1267 Dei.
1479 1236 1512 1264 de
1530 1235 1630 1271 quibus
1649 1240 1754 1263 montes
1767 1235 1805 1262 ir-

1016 1286 1097 1321 rigat,
1127 1290 1191 1313 sunt
1214 1284 1345 1313 sublimes
1367 1290 1399 1311 ac
1422 1282 1527 1310 eximiae
1543 1282 1666 1310 veritatis
1682 1285 1804 1309 contem-

1015 1331 1160 1366 plationes,
1174 1337 1235 1365 qua
1252 1328 1394 1364 superiora
1411 1331 1555 1359 vacantur.
1570 1326 1644 1362 quod
1659 1326 1728 1354 nihil
1742 1326 1804 1354 illas

1016 1374 1202 1403 transcendat.
1230 1374 1267 1402 De
1297 1375 1385 1409 {ructu
1405 1381 1512 1408 operum
1534 1378 1639 1400 tuorum
1661 1371 1804 1399 satiabitu-

1016 1426 1096 1449 terra.
1126 1421 1187 1455 Ipse
1209 1428 1328 1455 namque
1350 1419 1429 1451 dixit,
1456 1418 1589 1446 Germinet
1605 1423 1676 1445 terra
1694 1417 1802 1444 herbam

175 1468 304 1504 ἀληθείας
318 1470 491 1504 τυγχάνουσι,
508 1469 620 1505 ὑπερῷα
637 1469 811 1504 καλούμεναι,
828 1468 867 1503 τῷ
882 1461 962 1504 μηδὲν

1014 1468 1067 1502 feni
1083 1473 1108 1495 et
1121 1467 1221 1502 lignum
1235 1467 1401 1501 fructiferum
1413 1466 1512 1501 faciens
1528 1465 1645 1500 fructum
1655 1465 1687 1497 ³⁷,
1702 1469 1728 1492 et
1741 1465 1804 1492 reli-

176 1515 261 1547 αὑτὰς
284 1515 640 1550 ὑπεραναϐεὸηκέναι.Ἆπὸ
662 1515 777 1549 καρποῦ
798 1515 857 1541 τῶν
870 1515 962 1550 ἔργων

1013 1521 1077 1549 qua.
1098 1512 1138 1540 Ex
1153 1512 1219 1541 Jesu
1236 1512 1366 1547 operibus
1377 1519 1426 1547 per
1439 1511 1618 1539 mconomiam
1633 1510 1725 1543 editis,
1742 1519 1803 1546 qua:

175 1569 233 1588 σου
259 1561 497 1595 χορτασθήσεται
515 1562 534 1595 ’ἡ
553 1561 602 1596 γῆ.
619 1561 704 1593 Αὐτὸς
718 1561 772 1597 γὰρ
788 1559 848 1587 εἷπε
859 1569 865 1576 ·
887 1563 962 1588 Βλα-

1015 1560 1108 1587 multis
1134 1559 1271 1587 fructibus
1304 1559 1439 1586 instructa
1466 1562 1541 1591 sunt.
1573 1558 1701 1586 universa
1729 1562 1802 1586 terra

174 1606 315 1640 στησάτω
328 1607 347 1640 ἡ
362 1606 397 1641 γῆ
408 1606 544 1640 βοτάνην
556 1607 674 1641 χόρτου,
684 1607 733 1633 καὶ
748 1607 844 1639 ξύλον
859 1606 962 1641 κάρπι-

1015 1607 1142 1637 satiatur,
1159 1605 1296 1640 particeps
1310 1612 1404 1632 eorum
1425 1612 1486 1640 qua:
1499 1611 1514 1631 a
1529 1603 1594 1632 Jesu
1608 1604 1677 1632 adeo
1690 1603 1803 1632 mirabi-

172 1661 232 1687 μον
245 1652 352 1680 ποιοῦν
362 1653 486 1687 καρπὸν,
496 1653 542 1680 καὶ
555 1653 587 1679 τὰ
597 1653 670 1688 ἑξῆς.
679 1654 725 1679 Ἐκ
734 1653 787 1679 τῶν
796 1653 881 1688 Ἰησοῦ
893 1653 962 1680 κατὰ

1015 1653 1077 1680 liter
1096 1655 1250 1687 perpetrata
1278 1654 1341 1678 sunt
1358 1660 1365 1677 :
1382 1650 1426 1678 hic
1455 1650 1527 1678 enim
1559 1650 1665 1677 fructus
1689 1657 1801 1684 operum

174 1698 223 1734 τὴν
239 1699 392 1734 οἰκονομίαν
404 1700 593 1735 Εργων,πολὺν
609 1700 715 1735 καρπὸν
727 1700 853 1735 ἐχόντων,
870 1700 962 1727 ἅπασα

1014 1698 1074 1732 ejus
1085 1701 1136 1725 est.
1154 1697 1186 1724 Et
1199 1697 1307 1733 quidem
1319 1704 1409 1724 Sermo
1424 1696 1457 1724 de
1469 1697 1598 1732 operibus
1611 1695 1759 1724 creationis
1774 1699 1802 1722 et

174 1747 190 1780 ὴ
204 1746 240 1781 γῆ
256 1747 426 1782 χορτάζεται,
438 1748 681 1783 μεταλαμϐάνουσα
694 1747 747 1773 τῶν
761 1746 832 1773 οὓτω
847 1746 962 1781 παραδό-

1015 1743 1191 1779 providentia}
1218 1743 1316 1778 ipsius,
1331 1750 1381 1770 ceu
1411 1742 1517 1770 fructus
1542 1749 1655 1777 operum
1671 1741 1720 1769 Dei
1740 1749 1801 1769 esse

175 1791 227 1824 ξως
243 1792 294 1818 ὑπὸ
307 1793 393 1828 Ἰησοῦ
410 1794 599 1829 γεγενημένων
609 1802 616 1809 ο
634 1790 711 1825 οὗτος
724 1793 778 1829 γὰρ
791 1793 896 1828 καρπὸς
909 1792 962 1819 τῶν

1014 1790 1179 1819 intellectus.
1211 1791 1312 1815 terram
1343 1787 1470 1820 satiabit;
1502 1794 1598 1821 nempe
1625 1786 1750 1814 homines
1774 1787 1801 1814 in

174 1837 262 1873 ἔργων
275 1838 356 1864 αὑτοῦ
367 1839 504 1874 τυγχάνει.
515 1838 569 1866 Καὶ
583 1840 597 1865 ὁ
609 1839 687 1873 λόγος
702 1839 731 1866 δὲ
747 1840 760 1866 ὁ
775 1839 838 1875 περὶ
852 1838 906 1865 τῶν
919 1838 962 1873 ἐρ-

1015 1841 1087 1864 tcrra
1103 1838 1253 1863 versantes.

173 1891 229 1917 γων
241 1884 289 1919 τῆς
305 1884 484 1920 δημιουργίας
496 1886 541 1911 καὶ
557 1886 682 1921 προνοίας
699 1885 780 1912 αὑτοῦ
807 1885 923 1920 νοηθεὶς,
941 1881 985 1910 οἶα
1012 1882 1117 1918 καρπὸς
1141 1882 1229 1917 ἔργων
1252 1880 1320 1908 Θεοῦ
1341 1880 1493 1915 τυγχάνων,
1511 1880 1637 1916 χορτάςει
1657 1878 1704 1914 τὴν
1728 1878 1778 1912 γῆν
1791 1886 1798 1893 ·

174 1931 245 1966 φημὶ
256 1930 288 1966 δὴ
299 1931 362 1963 τοὺς
377 1932 424 1958 ἐπὶ
437 1932 486 1967 τῆς
501 1932 553 1968 γῆς
566 1933 751 1969 διατρίὸοντας
765 1932 933 1969 ἀνθρώπους.

223 1989 245 2014 ο
255 1988 465 2020 ἐξανατέλλων
472 1991 580 2025 χόρτον
586 1991 647 2024 τοῖς
658 1991 791 2025 κτήνεσι,
801 1991 850 2018 καὶ
861 1991 957 2026 χλόην

172 2033 209 2068 τῇ
221 2033 344 2068 δουλείᾳ
356 2034 415 2061 τῶν
434 2036 605 2070 ἀνθρώπων,
621 2038 674 2064 τοῦ
696 2037 852 2072 ἐξαγαγεῖν
870 2037 961 2071 ἄρτον

171 2083 205 2109 ἐκ
214 2080 269 2115 τῆς
278 2080 343 2115 γῆς·
354 2081 403 2108 καί
412 2079 650 2117 οἶνοςεῠφραίνει
657 2084 783 2118 καρδίαν
791 2083 958 2118 ἀνθρώπου,

171 2128 218 2155 καὶ
235 2128 270 2155 τὰ
285 2127 357 2162 ἑξῆς.
376 2127 469 2162 Εἶπεν,
485 2129 525 2155 ὅτι
547 2130 600 2156 ἀπὸ
619 2129 665 2155 τοῦ
682 2129 760 2156 ὑετοῦ
777 2130 873 2156 κτᾶται
891 2129 959 2166 πλη-

1048 1986 1132 2014 Vens.
1156 1985 1200 2017 Η,
1227 1985 1270 2013 15.
1294 1982 1445 2011 Praducens
1456 1983 1545 2018 fenum
1555 1983 1684 2015 jumentis
1700 1988 1724 2009 et
1737 1982 1799 2010 her-

1011 2033 1070 2060 bant
1083 2031 1203 2059 servituti
1224 2031 1370 2062 hominum,
1393 2036 1421 2056 ut
1443 2029 1539 2057 educas
1557 2036 1649 2063 panem
1664 2029 1697 2055 de
1712 2035 1797 2061 terra;

1008 2085 1033 2107 et
1047 2080 1135 2107 vinum
1152 2078 1271 2109 laetiﬁcat
1290 2085 1335 2104 cor
1347 2077 1470 2108 hominis,
1486 2080 1513 2104 et
1526 2079 1634 2103 caetera.
1651 2075 1696 2102 Ait
1710 2083 1725 2102 a
1739 2076 1798 2111 plu-

1007 2126 1051 2154 via
1069 2125 1221 2154 satietatem
1242 2129 1321 2152 teme
1336 2123 1437 2159 parari,
1453 2122 1509 2151 Deo
1526 2130 1611 2158 aquas
1626 2130 1659 2150 ex
1673 2122 1742 2149 mari
1755 2130 1798 2150 re-

172 2174 272 2210 σμονὴν
287 2174 303 2208 ἡ
317 2173 362 2209 γῆ,
374 2174 420 2200 τοῦ
433 2174 500 2201 Θεοῦ
514 2175 695 2211 ἐργαζομένου
710 2176 758 2211 τὴν
774 2177 805 2202 ἐκ
821 2175 957 2212 θαλάσσης

1013 2173 1135 2200 ducente.
1151 2171 1254 2199 Deinde
1269 2170 1371 2198 indicat
1391 2169 1534 2197 utilitatem
1553 2169 1616 2196 hinc
1629 2175 1796 2204 promanan-

171 2219 224 2245 τῶν
239 2218 343 2245 ὑδάτων
356 2219 509 2255 ἀναγωγήν.
526 2217 591 2247 Εἶτα
605 2220 653 2256 τὴν
668 2221 792 2248 ἐντεῦθεν
801 2222 956 2250 ὑποδείκνυ-

1013 2224 1074 2251 tem,
1086 2218 1150 2254 quia
1169 2225 1301 2253 aquarum
1323 2216 1482 2252 irrigatione
1497 2215 1674 2250 impinguata,
1689 2215 1796 2241 cunctis

172 2273 214 2291 σιν
227 2265 368 2299 ὠφέλειαν,
386 2265 427 2291 ὅτι
449 2265 591 2292 πιανθεῖσα
607 2268 637 2292 ἐκ
653 2267 703 2302 τῆς
717 2267 770 2293 τῶν
791 2269 893 2295 ὑδάτων
909 2277 954 2304 χο-

172 2311 270 2346 ρηγίας
294 2312 310 2346 ὴ
338 2313 383 2347 γῆ,
397 2310 564 2343 ὲξανατέλλει
579 2314 635 2344 τοῖς
649 2313 695 2339 ἀπ’
710 2314 793 2349 αὐτῆς
808 2315 892 2341 ἅπασι
907 2315 955 2347 τὰς

170 2357 340 2393 προσφόρους
356 2357 474 2392 τροφάς·
494 2358 628 2394 ἀνθρώπῳ
645 2360 693 2394 μὲν
708 2360 811 2394 εὐγενεῖ
823 2360 894 2395 ζώῳ,
908 2362 955 2387 καὶ

170 2402 223 2429 ὑπὸ
234 2402 280 2428 τοῦ
295 2403 363 2430 Θεοῦ
375 2404 556 2440 τετιμημένῳ,
571 2405 707 2440 ἐξαίρετον
729 2407 776 2433 καὶ
797 2407 955 2442 ἀφωρισμέ-

169 2458 218 2483 νην
239 2449 350 2484 τροφὴν,
369 2450 460 2486 ἄρτον,
473 2451 519 2476 καὶ
535 2449 604 2477 οἶνον
622 2451 668 2478 καὶ
682 2451 786 2478 ἔλαιον·
803 2452 883 2488 ἄρτον
906 2454 953 2488 μὲν

169 2495 216 2521 ἐπὶ
237 2494 276 2529 τῷ
300 2495 473 2530 στηρίζεσθαι
496 2497 542 2523 καὶ
564 2497 746 2532 δυναμοῦσθαι
763 2498 810 2534 τὴν
829 2499 952 2535 καρδίαν,

168 2538 238 2567 οἶνον
260 2541 288 2567 δὲ
305 2542 350 2567 ἐπὶ
371 2542 411 2577 τῷ
427 2543 669 2578 κατευρραίνεσοαι
685 2544 734 2580 τὴν
747 2545 844 2581 ψυχὴν,
867 2545 954 2572 ἔλαιον

167 2587 195 2613 δὲ
208 2588 254 2614 ἐπὶ
264 2588 303 2623 τῷ
316 2589 508 2625 φαιδρύνεσθαι
521 2591 551 2617 τὸ
565 2591 654 2626 σῶμα,
664 2592 709 2618 καὶ
721 2592 903 2619 ἁπαλύνεσοαι
916 2593 954 2619 οε-

168 2634 354 2669 ρειπευόμενον
374 2636 406 2661 ἐκ
418 2636 467 2671 τῆς
480 2637 609 2664 ἐπιπόνου
628 2637 844 2674 σκληραγωγίας.
860 2638 952 2671 Οὕτως

166 2678 240 2713 αὖτῷ
255 2679 383 2707 πλουσίαν
406 2682 453 2707 καὶ
475 2683 507 2708 ἐκ
527 2683 657 2711 πλειόνων
678 2684 815 2720 τράπεζαν
830 2685 870 2716 είς
886 2685 952 2711 ἀπό-

166 2724 260 2751 ).;ιυσιν
271 2722 315 2751 οἷα
328 2726 419 2761 πατὴρ
435 2727 448 2752 ὁ
462 2727 527 2759 Θεὸς
542 2729 704 2764 ἐδωρήσατο.
721 2729 758 2756 Οὐ
774 2729 825 2765 μὴν
842 2730 888 2756 καὶ
902 2730 952 2765 τῆς

165 2770 220 2796 τῶν
235 2771 336 2798 λοιπῶν
356 2771 432 2803 ζώων
446 2774 671 2811 κατωλιγώρησεν
688 2776 856 2811 ἐπιμελείας-
872 2785 952 2812 φρον-

167 2816 245 2849 τίζων
266 2818 293 2844 δὲ
318 2819 363 2845 καὶ
385 2819 434 2853 τῆς
455 2819 555 2847 τούτων
577 2821 705 2857 διαμονῆς
718 2823 766 2858 τὴν
780 2822 951 2858 ἁρμόζουσαν

212 2897 221 2910 ⁷
241 2895 307 2923 Gen.
327 2904 351 2930 ι,
370 2897 411 2924 ii.

1009 2265 1106 2293 incolis
1118 2265 1174 2292 suis
1180 2268 1374 2299 congruentem
1383 2263 1473 2290 cibum
1481 2261 1583 2298 profert
1590 2271 1604 2295 -;
1614 2261 1718 2288 homini
1730 2264 1794 2295 qui-

1007 2311 1067 2339 dem
1083 2310 1296 2343 nobilianimali,
1309 2314 1335 2337 et
1346 2309 1416 2344 apud
1430 2308 1513 2336 Deum
1530 2308 1558 2335 in
1571 2308 1674 2335 honore
1690 2308 1793 2339 habito,

1008 2358 1137 2385 eximium
1153 2364 1184 2384 ac
1197 2357 1326 2384 sclectum
1342 2356 1444 2387 cibum,
1456 2362 1564 2390 panem,
1575 2354 1679 2386 vinum,
1694 2358 1721 2381 ct
1737 2354 1794 2381 olc-

1006 2412 1062 2437 um;
1078 2411 1174 2439 panem
1189 2403 1297 2438 quidem
1313 2409 1367 2437 quo
1383 2403 1431 2429 cdr
1446 2401 1574 2428 fulciatnr
1595 2405 1621 2428 et
1637 2400 1791 2433 roboretnr,

1002 2451 1094 2478 vinum
1109 2457 1164 2485 quo
1179 2450 1269 2477 anima
1283 2449 1444 2481 laetiﬁcetur,
1458 2448 1546 2475 oleum
1567 2455 1622 2482 quo
1633 2454 1733 2482 corpus
1747 2455 1794 2474 ex-

1004 2497 1137 2524 hilaretur
1159 2501 1269 2531 atquea
1297 2495 1432 2523 laboriosa
1449 2493 1643 2529 defatigatione
1669 2499 1790 2521 curetur.

1004 2543 1046 2570 Sic:
1074 2548 1163 2571 autem
1180 2543 1217 2570 illi
1236 2542 1353 2577 opimam
1374 2546 1400 2570 et
1411 2540 1659 2569 variisinstrnctam
1671 2547 1790 2567 mensam

1003 2589 1037 2615 ad
1053 2597 1133 2616 usum
1148 2596 1198 2616 ceu
1214 2592 1290 2624 pater
1301 2587 1407 2624 paravit
1430 2586 1512 2615 Deus.
1529 2585 1622 2621 Neque
1634 2591 1722 2615 tamen
1737 2595 1789 2614 cte-

1005 2641 1126 2663 terorum
1142 2635 1301 2663 animalium
1319 2642 1412 2661 curam
1430 2634 1564 2669 neglexit;
1582 2635 1628 2663 sed
1645 2634 1679 2662 de
1696 2641 1738 2662 eor
1746 2642 1789 2660 um

1003 2690 1112 2718 quoque
1126 2682 1333 2710 conservatione
1354 2682 1497 2715 sollicitus,
1516 2686 1709 2717 congruentem
1723 2681 1789 2716 ipsis

1003 2737 1094 2757 escam
1124 2728 1354 2761 subministravit,
1385 2728 1475 2756 fenum
1504 2728 1613 2764 quidem
1639 2727 1786 2763 iumentis,

1003 2775 1127 2803 servituti
1144 2780 1233 2802 autem
1256 2775 1407 2807 hominum,
1429 2775 1539 2802 herbam
1555 2774 1718 2809 producens.
1735 2775 1787 2799 Ac-

1002 2823 1173 2851 suratissime
1190 2830 1254 2850 vero
1268 2822 1398 2857 propheta
1417 2821 1572 2849 animalium
1585 2821 1784 2849 distinctionem
