2044 3212
270 182 343 210 1275

611 179 743 210 EUSEBH
761 180 1000 209 CIESARlENSIS
1017 181 1058 209 0P

1111 179 1201 208 PARS
1221 179 1264 208 Ill.
1284 196 1319 204 υ-
1340 180 1540 208 ΕΧΕΟΕΤΙΕΔ.

1827 178 1896 206 1276

271 238 352 271 fecit;
377 239 498 274 jumenta
525 239 634 275 quidem
651 240 802 276 generatim
817 240 958 275 appellans
978 248 1058 268 omne

1109 240 1155 267 καὶ
1171 240 1275 272 τούτοις
1289 240 1419 276 ἀπένειμε
1433 240 1536 275 τροφήν
1546 247 1552 253 ·
1571 238 1666 275 χόρτον
1688 238 1735 274 μὲν
1756 240 1812 269 τοῖς
1827 239 1896 274 κτή-

271 285 373 314 animal
398 285 480 313 herba
504 294 631 319 vescens;
653 286 811 314 servitutem
828 295 892 314 vero
905 287 1056 319 hominum,

272 335 415 359 mansueta
429 335 456 358 et
471 331 670 366 quodammodo
695 331 785 358 civilia
805 332 933 358 animalia
955 332 987 358 ad
1009 332 1058 359 ho-

273 377 377 404 minum
391 385 470 404 usum
485 377 622 412 deputata,
633 384 749 412 quorum
765 377 818 404 alia
833 377 941 412 quidem
957 381 1057 405 terram

273 427 353 450 arant
382 423 539 458 hominique
565 431 644 458 opem
667 423 768 456 ferunt,
793 426 821 450 ut
846 423 913 455 hos;
929 423 981 450 alia
1011 431 1057 458 ge-

272 473 346 497 stant
371 477 464 501 onera,
480 473 509 496 ut
533 469 644 500 asinus;
660 469 712 496 alia
730 469 837 496 demum
860 468 933 495 aliud
950 469 1057 496 mortali

272 515 364 551 generi
388 515 569 543 ministerium
591 519 721 549 praestant
737 525 742 541 :
758 522 818 549 qua:
838 515 947 550 proprie
968 519 994 542 et
1009 523 1056 550 op-

271 564 388 595 portune
410 561 567 588 servitutem
585 561 725 588 hominum
747 561 863 592 vocavit,
878 561 978 595 quibus
993 561 1056 588 her~

270 605 332 633 ham
347 606 437 634 datam
450 614 511 633 esse
529 606 578 638 ait,
596 606 700 634 scilicet
715 606 749 633 ab
765 606 920 633 hominibus
936 607 1055 634 semina-

270 653 324 675 tam
337 653 365 676 et
378 649 478 675 cultam
490 659 497 682 ;
513 650 618 677 caeteris
634 657 699 677 vero
709 650 842 684 jumentis
854 656 951 686 sponte
962 655 1054 678 natum

271 693 373 721 fenum.
395 694 512 722 Possunt
526 700 615 723 autem
633 701 748 732 utraque
769 697 861 728 simul,
881 697 964 724 herba
982 696 1055 724 vide-

271 741 334 768 licet
360 745 386 768 et
398 741 499 773 fenum,
523 746 548 768 et
569 742 702 776 jumentis
719 747 746 770 et
768 744 891 770 servituti
914 743 1053 770 hominum

269 786 332 813 data
350 786 444 814 fuisse.
456 787 548 822 Neque
564 787 636 815 feras
660 788 704 815 hic
729 796 817 823 neque
830 789 936 824 reptilia
952 796 1055 816 memo-

270 832 351 864 ravit,
365 832 428 866 quia
458 833 514 859 hate
534 833 587 860 alio
614 838 728 860 utuntur
742 835 820 867 cibo;
837 834 889 861 alia
906 834 979 861 enim
994 841 1055 861 caro

269 877 365 905 nivora
380 883 459 912 sunt;
477 879 582 914 reptilia
594 883 684 907 autem
701 880 759 914 ipsa
775 885 846 907 terra
859 884 1017 907 vescuntur.

1109 295 1177 318 νεσι,
1189 287 1221 322 τῇ
1235 286 1264 312 δὲ
1277 285 1382 322 δουλείᾳ
1393 285 1447 312 τῶν
1455 285 1606 321 ἀνθρώπων
1617 285 1697 321 χλόην
1711 284 1896 318 ὲξανατείλας.

1109 333 1215 368 Σφόδρα
1236 332 1264 358 δὲ
1288 331 1410 367 ἀκριϐῶς
1425 333 1438 359 6
1455 332 1596 367 προφήτης
1619 331 1667 367 τὴν
1686 331 1739 357 τῶν
1754 330 1831 363 ζώων
1848 339 1899 356 πε-

1109 379 1218 414 ποίηται
1232 378 1364 414 διαίρεσιν
1374 385 1380 391 ”
1395 379 1480 413 κτήνη
1493 378 1541 412 μὲν
1552 377 1668 412 γενικῶς
1681 378 1734 403 πᾶν
1744 376 1774 402 τὸ
1789 376 1898 411 ποηφὰ-

1108 433 1155 457 γον
1171 424 1376 456 ξῶον,δουλείαν
1385 423 1414 450 δὲ
1427 423 1578 459 ἀνθρώπων
1592 423 1625 449 τὰ
1638 423 1729 458 ἥμερα
1741 422 1788 449 καὶ
1801 421 1898 456 ὥσπερ

1109 469 1234 497 πολιτικὰ
1249 469 1304 502 ζῶα
1326 470 1359 496 τὰ
1376 471 1415 502 εἰς
1439 469 1592 505 ὑπηρεσίαν
1615 467 1766 504 ἀνθρώπων
1790 467 1897 502 ἀφωρι-

1108 516 1203 552 σμένα,
1218 512 1256 542 ὧν
1271 516 1305 542 τὰ.
1320 516 1368 551 μὲν
1383 516 1444 549 ἀροῖ
1457 515 1506 550 τὴν
1520 515 1572 550 γῆν
1588 514 1769 550 συνεργοῦντα
1792 512 1899 548 ἀνθρώ-

1107 570 1161 596 mp,
1177 561 1215 592 ὡς
1233 560 1295 596 βοῦς
1305 570 1312 577 σ
1328 560 1362 587 τὰ
1376 560 1405 587 δὲ
1421 559 1578 595 ἀχθοφορεί,
1591 559 1628 591 ὡς
1639 559 1698 590 ὄνος
1707 567 1713 573 ·
1724 559 1760 584 τὰ
1771 557 1801 584 δὲ
1815 557 1899 592 ἄλλην

1106 606 1167 633 τινὰ
1176 606 1275 642 χρῆσιν
1286 604 1325 641 τῷ
1335 604 1424 640 θνητῷ
1435 604 1508 638 γένει
1522 603 1671 640 παρέχεται
1680 612 1687 619 ’
1703 603 1720 630 ἃ.
1732 603 1840 633 οἰκείως
1851 603 1898 628 καὶ

1107 652 1253 688 προσφυῶς
1277 651 1396 679 δουλείαν
1427 649 1577 686 ἀνθρώπων
1603 649 1760 683 ὠνόμασεν,
1787 644 1827 680 οἷς
1849 647 1898 682 τὴι

1107 698 1187 733 χλόην
1213 697 1334 724 δεδόσθαι
1356 697 1439 733 φησὶ,
1457 696 1581 723 τουτέστι
1604 695 1652 730 τὴν
1679 695 1723 722 ὑπ’
1746 692 1899 728 ἀνθρώπων

1108 745 1259 779 σπαρεῖσαν
1275 744 1322 771 καὶ
1337 743 1542 778 γεωργηθεῖσαν
1552 749 1558 756 ·
1575 741 1632 772 τοῖς
1646 740 1675 766 δὲ
1688 739 1778 770 ἄλλοις
1800 739 1899 773 κτήνε-

1107 798 1143 822 σι,
1161 790 1206 816 τὸν
1220 790 1379 825 αὐτομάτως
1398 789 1554 824 βλαστῶντα
1570 787 1676 822 χόρτον.
1685 785 1801 813 Δύναται
1812 785 1841 811 δὲ
1852 784 1899 810 καὶ

1105 835 1248 871 ἀμφότερα
1261 836 1278 870 ἦ
1290 844 1320 861 τε
1335 835 1399 870 χλόη
1416 835 1464 862 καὶ
1476 836 1490 862 6
1506 835 1611 870 χόρτος,
1624 831 1691 866 ὁμοῦ
1704 831 1750 858 καὶ
1764 831 1822 862 τοῖς
1835 830 1900 864 κτή-

1106 890 1164 907 νεσι
1181 881 1229 908 καὶ
1245 883 1278 916 τῇ
1292 881 1398 917 δουλεία
1409 880 1462 907 τῶν
1477 879 1628 915 ἀνθρώπων
1638 877 1771 905 δεδόσθαι.
1785 875 1854 903 Οὔτε
1870 875 1900 902 δὲ

269 925 370 960 θηρίων
385 927 413 953 ἐν
425 927 539 958 τούτοις,
552 926 614 954 οὔτε
631 928 752 963 ἑρπετῶν
769 928 966 964 ἐμνημόνευσε,
981 928 1064 955 διὰτὸ
1078 929 1158 965 ἑτέρᾳ.
1175 929 1322 965 κεχρῆσθαι
1337 928 1422 956 ταῦτα
1436 929 1538 964 τροφῇ·
1556 927 1590 954 τὰ
1607 927 1655 963 μὲν
1669 927 1722 962 γάρ
1744 927 1803 953 ἔστι
1830 933 1899 960 σειρ-

269 971 381 1006 κοόόρα·
398 971 432 998 τὰ
448 972 476 999 δὲ
495 973 607 1008 ἑρπετὰ,
623 974 691 1009 αὐτῇ
709 975 741 1009 τῇ
756 975 791 1010 γῇ
806 974 938 1010 κέχρηται
956 975 1044 1010 τροφῇ

303 1027 496 1056 Animadverte
520 1037 600 1064 porro
626 1038 779 1059 sermonem
796 1031 868 1059 hunc
893 1032 1056 1059 circuitione
1072 1035 1092 1062 B

267 1073 317 1105 uti,
333 1081 365 1100 ac
379 1074 569 1102 manifestiora
581 1076 690 1111 quidem
705 1077 800 1104 leviter
814 1081 937 1113 tangere,
949 1078 983 1105 iis
995 1086 1058 1105 vero

267 1119 395 1147 insistere
423 1121 524 1155 quibus
550 1121 628 1149 multi
648 1123 853 1155 contradicunt,
869 1131 957 1158 neque
974 1123 1059 1150 absti-

267 1172 333 1192 nere
356 1166 390 1193 ab
408 1166 652 1198 irrationabilibus.
665 1176 715 1196 nec
732 1169 767 1196 ab
787 1177 837 1196 usu
853 1170 1060 1205 ministerioque

267 1218 373 1239 eorum.
399 1211 429 1239 ld
460 1220 525 1239 vero
553 1213 654 1248 duplici
682 1214 716 1242 de
740 1222 824 1242 causa
847 1215 983 1250 agit;alia
1005 1219 1057 1248 est,

267 1260 299 1284 ut
317 1265 350 1285 ex
365 1257 516 1286 abundanti
533 1259 729 1294 impudentiam
749 1261 858 1288 illorum
871 1261 999 1293 refrenet,
1012 1261 1058 1296 qui

267 1302 363 1330 dicunt
377 1303 481 1339 aliquid
499 1305 527 1332 in
543 1305 645 1332 mundo
660 1314 892 1340 supervacaneum
911 1311 938 1335 et
963 1308 1059 1335 inutile

267 1349 418 1383 exsistere;
434 1351 487 1378 alia
502 1359 576 1383 vero,
592 1356 622 1378 ut
634 1352 760 1379 ostendat
777 1356 880 1387 quanta
895 1352 933 1381 sit
949 1352 1005 1382 Deo
1024 1354 1059 1382 de

266 1395 427 1424 hominibus
449 1397 615 1430 sollicitudo,
640 1398 749 1433 quando
771 1399 806 1427 de
829 1399 864 1427 iis
880 1407 941 1434 quae
963 1408 1058 1427 eorum

267 1450 351 1470 causa
377 1443 489 1470 condita
517 1449 581 1471 sunt
606 1448 710 1472 tantam
727 1445 809 1473 habet
825 1445 969 1474 rationem.
987 1445 1058 1479 Quid

268 1487 333 1516 huic
357 1496 431 1516 curae
447 1497 496 1524 par
513 1497 575 1518 esse
591 1491 687 1525 possit,
702 1491 924 1527 quandoquidem
944 1499 976 1520 ea
997 1500 1059 1527 quae

268 1532 349 1560 nobis
364 1533 487 1561 serviunt
501 1534 538 1561 ita
554 1536 650 1567 nutrit,
665 1543 714 1563 nec
732 1537 833 1571 patitur
849 1537 918 1564 utin
930 1537 1058 1566 omnibus

268 1578 431 1613 gravemur?
446 1578 540 1615 Neque
553 1581 625 1608 enim
645 1581 782 1610 hominem
800 1582 930 1617 deservit,
951 1590 1001 1612 nec
1017 1584 1058 1611 la-

267 1623 383 1652 boribus
410 1625 499 1660 ipsum
523 1631 629 1662 gravat,
647 1627 725 1655 vario
748 1629 824 1656 illum
843 1630 940 1657 salutis
959 1638 1058 1664 genere

269 1669 386 1697 donans.
399 1669 449 1697 Hic
457 1670 535 1705 juvat
547 1679 620 1704 eum.
639 1673 685 1707 qui
701 1680 868 1707 congeneres
879 1678 990 1701 nostros
1003 1682 1058 1702 ser-

269 1715 356 1743 vitute
370 1717 508 1751 opprimit,
524 1717 564 1744 sic
579 1717 680 1752 alloqui
693 1727 700 1745 :
717 1726 771 1745 una
785 1719 926 1746 hominum
939 1721 1057 1748 servitus

270 1765 334 1789 sunt
359 1762 565 1795 irrationabilia,
583 1766 613 1790 tu
633 1771 698 1790 vero
716 1763 773 1791 haec
795 1764 914 1800 despicis
937 1775 944 1793 :
973 1774 1059 1801 quare

270 1810 396 1834 naturam
425 1815 442 1834 a
467 1807 598 1835 servitute
620 1812 647 1835 et
671 1808 858 1837 dominatione
876 1810 1015 1844 scindens,
1031 1811 1058 1838 id

270 1851 397 1885 effecisti,
411 1857 440 1879 ut
457 1852 510 1880 sibi
525 1853 583 1889 ipsa
602 1854 717 1881 serviret
733 1858 761 1881 et
777 1854 974 1883 dominaretur.
991 1856 1058 1883 Eum

270 1898 317 1932 qui
335 1897 369 1925 ad
386 1897 593 1926 similitudinem
609 1899 656 1927 Dei
672 1899 760 1928 factus
777 1904 830 1933 est,
848 1901 911 1936 quis
925 1902 1057 1934 vendidit,

271 1944 333 1979 quis
359 1944 435 1978 emit,
455 1952 518 1972 cum
541 1945 568 1972 id
589 1945 664 1973 solus
677 1945 749 1973 Deus
766 1947 853 1980 possit
870 1948 990 1981 ellicere;
1004 1947 1058 1975 imo

271 1997 337 2017 vero
353 1997 404 2017 nec
423 1990 481 2025 ipse
501 1989 582 2022 Deus,
597 1998 660 2017 nam
685 1990 756 2018 dona
772 1990 831 2026 ejus
846 1997 910 2020 sunt
927 1993 986 2021 sine
999 2000 1058 2027 pte-

272 2036 407 2063 nitentia‘!
425 2036 504 2070 Quod
529 2036 554 2064 si
576 2036 648 2064 Deus
668 2036 695 2064 id
724 2037 799 2072 quod
818 2037 934 2066 liberum
948 2043 989 2067 est
1004 2047 1059 2066 non

273 2082 371 2117 redigit
392 2082 418 2109 in
436 2081 606 2114 servitutem,
621 2083 684 2117 quis
699 2085 848 2119 potentiam
861 2092 939 2112 suam
963 2090 1060 2121 poten-

273 2128 319 2155 tiae
343 2127 389 2156 Dei
414 2129 568 2163 praeponat?
584 2130 715 2157 Cancrum
740 2135 782 2159 sat
795 2131 887 2159 oneris
911 2132 1060 2167 imponitur

274 2174 318 2207 iis,
331 2175 377 2209 qui
393 2173 470 2201 liberi
485 2179 559 2207 sunt,
571 2176 644 2210 quod
661 2177 792 2209 serviant,
813 2181 942 2212 tantaque
956 2178 984 2205 in
997 2179 1058 2213 pul-

274 2227 336 2248 vere
357 2221 392 2248 sit
415 2220 577 2254 diﬂ'erentia,
596 2226 626 2248 ut
651 2222 721 2250 alius
735 2224 859 2257 imperet,
872 2223 933 2251 aliis
948 2225 1060 2258 impere-

273 2272 327 2294 tur.
342 2267 375 2294 At
390 2274 478 2302 neque
489 2267 596 2302 jugum,
611 2275 700 2302 neque
716 2268 879 2303 supplicium
892 2270 978 2304 primo
994 2277 1059 2305 pec.

272 2318 334 2340 cato
350 2317 444 2340 nostro
464 2313 640 2345 destinatum,
657 2314 860 2350 aggravandum
881 2319 933 2343 est.
952 2314 1058 2343 Produ-

272 2360 309 2387 cit
333 2365 423 2388 autem
448 2359 476 2388 in
506 2361 549 2388 his
581 2361 837 2396 supernaturalibus
861 2362 1058 2398 altissimisque

273 2407 445 2434 sermonibus
473 2407 541 2439 suis,
562 2408 608 2442 qui
623 2412 731 2436 montes
751 2413 825 2441 sunt,
842 2408 933 2436 fenum
951 2418 957 2435 :
977 2417 1057 2444 quem

272 2451 363 2479 cibum
388 2453 634 2482 irrationabiliores
663 2454 735 2483 ferre
757 2455 874 2483 valeant.
896 2455 944 2483 Est
965 2461 1056 2484 autem

221 2510 224 2515 -
273 2497 364 2525 fenum
388 2499 414 2526 in
429 2499 504 2527 hisce
520 2501 658 2529 montibus
673 2501 803 2537 positum,
821 2510 911 2529 sermo
926 2502 958 2529 de
971 2503 1058 2530 sensi-

273 2544 373 2571 bilibus
387 2548 414 2572 et
430 2545 518 2572 littera
536 2546 702 2582 Scriptum;
724 2547 779 2575 imo
792 2547 874 2575 etiam
889 2556 979 2576 sermo
1000 2556 1057 2575 mo-

273 2589 350 2621 ralis,
371 2598 450 2624 quem
478 2592 624 2620 multitudo
648 2601 757 2628 quoque
782 2595 921 2629 percipere
946 2594 1056 2623 valebit.

272 2634 428 2662 dicentibus
457 2635 583 2671 singulis,
610 2638 739 2666 Dominus
762 2639 847 2673 pascit
871 2648 921 2672 me,
942 2645 967 2666 et
991 2639 1058 2666 nihil

272 2681 337 2708 milli
352 2681 433 2708 deerit
448 2689 457 2708 :
473 2682 500 2708 in
515 2683 572 2710 loco
589 2692 694 2718 parcum
715 2685 751 2712 ibi
766 2694 805 2714 me
820 2686 967 2718 collocavit,
984 2694 1062 2720 super

273 2737 368 2763 aI/uam
376 2727 522 2762 refectioni;
530 2729 648 2757 educavit
658 2740 696 2758 me
703 2731 735 2758 ³⁵.
746 2732 797 2765 Qui
805 2737 895 2760 autem
907 2733 1060 2768 bujusmodi

274 2777 374 2801 statum
396 2774 624 2803 transcenderunt
641 2783 702 2803 cum
715 2785 769 2804 non
787 2778 813 2805 in
830 2779 961 2806 servitute
976 2779 1062 2806 homi-

274 2827 339 2847 num
362 2824 514 2852 versentur,
529 2821 575 2849 sed
598 2821 722 2850 homines
740 2824 803 2852 facti
819 2825 884 2858 sint,
899 2825 998 2861 singuli
1010 2825 1061 2853 ite-

312 2897 333 2913 "
353 2897 424 2925 Psal.
445 2906 517 2932 xxn,
539 2899 571 2933 1,
588 2899 615 2926 ‘2.

1144 1031 1214 1066 Ὂρα
1231 1029 1259 1056 δὲ
1279 1029 1372 1065 κύκλῳ
1386 1029 1527 1065 περιϊόντα
1541 1029 1586 1057 τὸν
1600 1029 1678 1063 λόγον
1700 1028 1746 1056 καὶ
1765 1028 1800 1055 τὰ
1817 1029 1901 1063 σαφέ-

1110 1086 1193 1113 στερα
1207 1077 1425 1113 παρατρέχοντα,
1446 1075 1685 1111 ἐμφιλοχωροῧντα
1703 1074 1731 1100 δὲ
1747 1076 1803 1106 τοῖς
1820 1075 1899 1111 παρὰ

1108 1122 1162 1148 τῶν
1177 1121 1283 1149 πολλῶν
1294 1121 1522 1156 ἁντιλεγομένοις,
1531 1121 1577 1147 καὶ
1587 1119 1641 1147 τῶν
1652 1119 1757 1154 ἀλόγων
1773 1120 1824 1146 οὒκ
1836 1121 1900 1154 ἀφι-

1110 1167 1252 1202 στάμενον,
1266 1167 1314 1194 καὶ
1327 1167 1376 1202 τῆς
1391 1167 1485 1202 χρείας
1500 1165 1590 1192 αὐτῶν
1606 1165 1652 1192 καὶ
1671 1165 1721 1201 τῆς
1734 1165 1898 1202 ὑπηρεσίας,

1109 1214 1184 1240 Ποιεῖ
1199 1213 1227 1240 δὲ
1239 1212 1318 1239 τοῦτο
1334 1213 1378 1240 διὰ
1393 1213 1440 1240 δύο
1454 1212 1555 1239 ταῦτα·
1569 1212 1602 1238 δι’
1616 1211 1645 1238 ἓν
1663 1211 1724 1247 μὲν,
1743 1211 1787 1239 ἵνα
1802 1212 1836 1239 ἐκ
1851 1221 1901 1238 πε-

1110 1261 1231 1296 ριουσίας
1247 1261 1410 1296 ἐπιστομίσῃ
1427 1260 1476 1296 τὴν
1493 1259 1685 1295 ἀναισχυντίαν
1697 1259 1751 1286 τῶν
1765 1260 1901 1294 λεγόντων

1108 1305 1177 1334 εἷναί
1187 1316 1214 1334 τι
1228 1308 1354 1343 περιττὸν
1367 1307 1396 1333 ὲν
1410 1306 1455 1342 τῷ
1464 1307 1559 1342 κόσμῳ
1573 1307 1619 1333 καὶ
1634 1306 1770 1342 ἄχρηστον
1779 1314 1786 1321 ·
1800 1306 1833 1333 δι’
1845 1307 1903 1332 ἓτε-

1110 1362 1156 1389 ρον
1169 1353 1208 1386 δὲ,
1225 1353 1269 1380 ἴνα
1283 1352 1358 1390 δείξῃ
1370 1353 1420 1389 ὅση
1434 1353 1473 1388 τῷ
1489 1353 1548 1388 Θεῴ
1564 1353 1619 1380 τῶν
1635 1352 1787 1389 ἀνθρώπων
1807 1354 1824 1388 ἡ
1847 1361 1900 1389 κη-

1107 1399 1228 1436 δεμονία,
1242 1399 1310 1426 ὅπου
1327 1408 1359 1433 γε
1373 1399 1428 1425 τῶν
1445 1399 1479 1426 δι’
1492 1399 1612 1431 ἐκείνους
1630 1398 1785 1434 γενομένων
1805 1399 1901 1426 τοσοῦ-

1107 1454 1153 1472 τον
1170 1447 1286 1472 ποιεῖται
1302 1446 1390 1480 λόγον.
1401 1445 1433 1472 Τί
1445 1445 1547 1480 ταύτης
1558 1442 1616 1471 ἴσον
1629 1444 1728 1478 γένοιτ’
1737 1444 1771 1472 ἂν
1786 1445 1836 1480 τῆς
1850 1454 1902 1481 κη-

1107 1491 1244 1527 δεμονίας,
1255 1492 1319 1519 ὅταν
1334 1492 1381 1518 καὶ⁵
1395 1491 1430 1518 τὰ
1442 1490 1601 1518 δουλεύοντα
1620 1492 1685 1526 ἡμῖν
1706 1490 1777 1518 οὕτω
1799 1491 1900 1527 τρέφῃ,

1108 1538 1155 1565 καὶ
1184 1537 1221 1573 μὴ
1248 1539 1374 1573 συγχωρῇ
1397 1537 1534 1564 πονεῖσθαι
1551 1537 1613 1572 περὶ¹
1633 1537 1737 1569 πάντα;
1755 1537 1825 1563 Οὔτε
1845 1537 1900 1572 γὰρ

1108 1583 1184 1610 εἴασε
1198 1584 1244 1610 τὸν
1258 1583 1410 1619 ἄνθρωπον,
1423 1583 1485 1610 οὔτε
1501 1583 1612 1619 βαρύνει
1622 1584 1679 1614 τοῖς
1698 1583 1790 1614 πόνοις
1805 1583 1898 1615 αὑτὸν,

1108 1629 1253 1656 ποικίλλων
1261 1629 1343 1656 αὑτοῦ
1353 1629 1401 1665 τὴν
1415 1629 1561 1664 σωτηρίαν.
1570 1629 1703 1656 Ἐνταῦθα
1716 1628 1799 1655 καλὸν
1811 1630 1900 1655 εἰπεῖν

1109 1675 1177 1711 πρὸς
1199 1675 1245 1701 τὸν
1265 1675 1327 1706 τοὺς
1343 1675 1483 1710 ὁμογενεῖς
1497 1673 1743 1708 καταδουλούμενον
1753 1682 1759 1688 ·
1778 1673 1828 1708 μία
1841 1673 1901 1699 δου-

1071 1707 1092 1736 C
1108 1707 1168 1748 λεία
1177 1720 1230 1747 τῶν
1241 1707 1390 1757 ἀνθρώπιον
1401 1707 1435 1747 τὰ
1447 1720 1531 1754 ἄλογα
1539 1729 1546 1735 ·
1559 1721 1591 1747 σὺ
1602 1720 1631 1746 δὲ
1643 1707 1731 1746 ταῦτα
1745 1707 1898 1754 ὀλιγωρεῖς·

1107 1767 1148 1793 διὺ
1168 1766 1217 1802 τὴν
1242 1766 1323 1801 φύσιν
1337 1766 1459 1798 δουλείας
1474 1767 1521 1793 καὶ
1533 1765 1693 1802 κυριότητος
1707 1765 1803 1800 σχίσας
1816 1765 1901 1800 αὐτὴν

1108 1813 1190 1848 ἑαυτῇ
1215 1813 1349 1840 δουλεύειν
1372 1813 1419 1839 καὶ
1438 1814 1521 1848 ἑαυτῇ
1538 1812 1675 1848 κυριεύειν
1689 1812 1833 1848 ἐποίησας.
1849 1812 1901 1838 Τὸν

1109 1859 1169 1886 καθ’
1185 1859 1329 1894 ὁμοιότητα
1340 1858 1408 1885 Θεοῦ
1422 1859 1486 1886 ὂντα
1501 1859 1547 1885 καὶ
1560 1859 1651 1894 πάσης
1662 1858 1714 1893 γῆς
1726 1859 1845 1894 ἄρχοντα
1858 1858 1900 1890 τίς

1108 1905 1122 1931 6
1136 1904 1316 1939 ἀπεμπολῶνς
1327 1904 1370 1937 τίς
1382 1906 1397 1931 6
1409 1904 1579 1939 ὼνούμενος;
1600 1905 1679 1940 μόνου
1695 1903 1763 1931 Θεοῦ
1776 1904 1807 1930 τὸ
1818 1904 1883 1939 δυνη
1897 1919 1901 1924 ~

1109 1950 1188 1986 θῆναι
1202 1950 1291 1982 τοῦτο,
1315 1950 1414 1986 μᾶλλον
1434 1950 1462 1978 δὲ
1488 1951 1548 1977 οὐδὲ
1564 1949 1645 1977 αὑτοῦ
1662 1949 1709 1976 τοῦ
1725 1949 1793 1976 Θεοῦ
1804 1959 1810 1965 ·
1831 1950 1902 1984 ἀμε-

1107 1995 1248 2031 ταμέλητα
1263 1995 1317 2031 γὰρ
1331 1995 1413 2022 αὐτοῦ
1429 1994 1464 2021 τὰ
1479 1995 1646 2030 χαρίσματα.
1664 1994 1695 2021 Et
1710 1994 1738 2020 δὲ
1757 1995 1772 2020 6
1786 1994 1852 2025 Θεὸς
1866 1994 1899 2020 οὐ

1108 2040 1194 2067 δουλοῖ
1213 2041 1243 2067 τὸ
1268 2041 1419 2076 ἐλεύθερον,
1434 2041 1475 2072 τίς
1489 2041 1503 2067 6
1518 2040 1672 2076 ὑπερτιθεὶς
1695 2040 1741 2068 τοῦ
1766 2041 1833 2068 Θεοῦ
1848 2041 1899 2076 τὴν

1108 2086 1205 2114 ἑαυτοῦ
1218 2086 1394 2120 δυναστείαν;
1412 2086 1486 2122 Πλὴν
1502 2087 1581 2122 ἀρκεῖ
1600 2086 1735 2113 δουλεύειν
1752 2087 1808 2118 τοῖς
1825 2087 1900 2113 ἐλευ-

1109 2132 1207 2168 θέροις,
1221 2133 1267 2159 καὶ
1279 2133 1405 2159 τοσοῦτον
1421 2130 1489 2158 εἶναι
1502 2132 1532 2158 τὸ
1547 2131 1684 2168 διάφορον,
1702 2131 1772 2159 ὥστε
1786 2131 1834 2158 τοῦ
1849 2133 1898 2158 αὖ-

1109 2178 1155 2204 τοῦ
1174 2178 1234 2213 χοὸς
1251 2177 1280 2205 τὸ
1299 2179 1347 2214 μὲν
1364 2180 1484 2214 κρατεῖν,
1501 2178 1532 2205 τὸ
1549 2178 1577 2205 δὲ
1593 2177 1735 2214 ἄρχεσθαι.
1757 2177 1800 2213 Μὴ
1815 2178 1899 2214 βαρυ-

1108 2224 1195 2251 νὲσθω
1217 2224 1245 2251 δὲ
1257 2225 1271 2251 6
1287 2224 1378 2259 ζυγὸς,
1399 2224 1466 2260 μηδὲ
1480 2224 1530 2259 τῆς
1543 2223 1653 2260 πρώτης
1667 2224 1745 2260 ἡμῶν
1762 2224 1899 2260 ἁμαρτίας

1108 2270 1138 2296 τὺ
1161 2270 1499 2306 ὲπιτίμιον.“Εξανατέλλει
1520 2270 1548 2297 δὲ
1573 2271 1601 2296 ὲν
1626 2269 1732 2302 τούτοις
1748 2270 1899 2306 ὑπερφυέσι

1109 2316 1155 2345 καὶ
1173 2316 1349 2352 ὑψηλοτάτοις
1363 2316 1452 2351 λόγοις
1463 2315 1545 2343 αὑτοῦ
1563 2316 1654 2351 ὄρεσιν
1668 2314 1728 2343 οὖσι
1742 2317 1852 2352 χόρτον·
1870 2317 1898 2342 ὃν

1110 2363 1240 2399 φέρεσθαι
1255 2363 1357 2399 τροφὴν
1372 2360 1422 2389 οἷοί
1435 2363 1465 2389 τέ
1480 2363 1548 2389 εἰσιν
1561 2363 1586 2390 οἱ
1603 2362 1861 2398 ἀλογώτεροι.Ἐστι
1871 2362 1898 2389 δὲ

1111 2411 1125 2436 ὁ
1141 2411 1168 2436 ὲν
1183 2409 1286 2442 τούτοις
1307 2411 1362 2441 τοῖς
1383 2409 1459 2445 ὄρεσι
1481 2409 1575 2444 χόρτος
1588 2409 1602 2435 6
1615 2408 1679 2444 περὶ
1696 2409 1750 2435 τῶν
1765 2408 1898 2443 αἰσθητῶν

1111 2456 1189 2490 λόγος
1203 2456 1248 2482 καὶ
1261 2455 1291 2482 τὸ
1305 2455 1421 2491 γράμμα
1440 2455 1488 2489 τῆς
1500 2454 1610 2490 Γραφῆς
1619 2462 1626 2469 ο
1640 2454 1707 2481 ἀλλὰ
1721 2454 1769 2481 καὶ⁸
1778 2456 1792 2481 6
1803 2453 1900 2489 ἠθικώ-

1111 2511 1199 2538 τερος,
1215 2499 1244 2528 οὗ
1264 2501 1424 2538 μεταλαϐεῖν
1439 2501 1484 2527 καὶ
1499 2502 1523 2526 οἱ
1538 2500 1629 2526 πολλοὶ
1648 2500 1816 2536 δυνήσονται,
1835 2501 1898 2527 ἐκα-

1112 2557 1175 2574 στου
1192 2547 1244 2574 τῶν
1260 2547 1387 2574 τοιούτων
1403 2545 1541 2580 λέγοντος⁸
1560 2546 1667 2579 Κύριος
1682 2546 1829 2580 ποιμαίνει
1850 2554 1898 2579 με,

1111 2593 1160 2621 καὶ
1184 2592 1274 2620 οὐδέν
1293 2601 1331 2626 με
1354 2591 1513 2625 ὑστερπήσει
1525 2598 1533 2607 ’
1553 2591 1595 2623 εἰς
1615 2591 1708 2616 τόπον
1723 2592 1819 2625 χλόης
1839 2589 1902 2617 ἐκεῖ

1108 2648 1145 2675 με
1167 2639 1414 2674 κατεσκήνωσεν·
1433 2638 1482 2664 ἐπὶ
1497 2637 1606 2670 ὕδατος
1619 2637 1819 2670 ἀναπαύσεως
1834 2637 1898 2669 ἑξέ-

1113 2685 1204 2719 (Ιρεψέ
1223 2684 1464 2721 με.”Υπερ6άντες
1478 2683 1506 2710 δέ
1529 2692 1594 2709 ποτε
1610 2683 1659 2718 τὴν
1671 2682 1798 2717 τοιαύτην
1814 2682 1898 2710 κατά-

1115 2739 1218 2763 στασιν,
1233 2731 1324 2757 οὐκέτι
1341 2731 1370 2757 ὲν
1385 2729 1489 2765 δουλείᾳ
1505 2729 1559 2756 τῶν
1573 2728 1725 2764 ἀνθρώπων
1739 2728 1825 2760 ὄντες,
1844 2728 1897 2755 dif

1113 2777 1250 2814 ἄνθρωποι
1265 2776 1451 2812 γεγενημένοι,
1463 2774 1554 2810 ὲροῦσι
1569 2775 1649 2801 πάλιν
1661 2775 1790 2806 ἕκαστος·
1813 2774 1897 2801 Ἠτοί-

1111 2832 1212 2859 μασας
1223 2823 1350 2851 ἑνώπιίν
1363 2832 1422 2858 μου
1436 2821 1580 2856 τράπεζὰν
1590 2821 1765 2854 ἐξεναντίας
1778 2820 1834 2848 τῶν
1843 2821 1897 2847 θλι-
