  <div class='ocr_page' id='page_1' title='image "/cluster/home/n/w/nwhite01/storage/ocr_20150623/23/njp.32101077772505/646.png"; bbox 0 0 2044 3212; ppageno 0'>
   <div class='ocr_carea' id='block_1_1' title="bbox 168 199 237 227">
    <p class='ocr_par' dir='ltr' id='par_1_1' title="bbox 168 199 237 227">
     <span class='ocr_line' id='line_1_1' title="bbox 168 199 237 227; baseline 0 -3"><span class='ocrx_word' id='word_1_1' title='bbox 168 199 237 227; x_wconf 70' lang='lat'><strong>1277</strong></span> 
     </span>
    </p>
   </div>
   <div class='ocr_carea' id='block_1_2' title="bbox 730 197 1226 226">
    <p class='ocr_par' dir='ltr' id='par_1_2' title="bbox 730 197 1226 226">
     <span class='ocr_line' id='line_1_2' title="bbox 730 197 1226 226; baseline 0.004 -3"><span class='ocrx_word' id='word_1_2' title='bbox 730 197 985 226; x_wconf 67' lang='lat' dir='ltr'><strong>(OMMENTARIA</strong></span> <span class='ocrx_word' id='word_1_3' title='bbox 1006 198 1038 225; x_wconf 63' lang='grc' dir='ltr'><strong>ΙΝ</strong></span> <span class='ocrx_word' id='word_1_4' title='bbox 1057 198 1226 226; x_wconf 69' lang='lat' dir='ltr'><strong>PSALMOS.</strong></span> 
     </span>
    </p>
   </div>
   <div class='ocr_carea' id='block_1_3' title="bbox 1315 199 1787 240">
    <p class='ocr_par' dir='ltr' id='par_1_3' title="bbox 1315 199 1787 240">
     <span class='ocr_line' id='line_1_3' title="bbox 1315 199 1787 240; baseline -0.006 -9"><span class='ocrx_word' id='word_1_5' title='bbox 1315 199 1379 240; x_wconf 53' lang='lat' dir='ltr'><strong>po&quot;)</strong></span> <span class='ocrx_word' id='word_1_6' title='bbox 1718 200 1787 228; x_wconf 65' lang='lat'><strong>1278</strong></span> 
     </span>
    </p>
   </div>
   <div class='ocr_carea' id='block_1_4' title="bbox 167 256 964 293">
    <p class='ocr_par' dir='ltr' id='par_1_4' title="bbox 167 256 952 292">
     <span class='ocr_line' id='line_1_4' title="bbox 167 256 952 292; baseline -0.003 -7"><span class='ocrx_word' id='word_1_7' title='bbox 167 259 278 285; x_wconf 70' lang='grc' dir='ltr'>δόντων</span> <span class='ocrx_word' id='word_1_8' title='bbox 290 266 327 292; x_wconf 80' lang='grc' dir='ltr'><strong>με</strong></span> <span class='ocrx_word' id='word_1_9' title='bbox 337 266 343 272; x_wconf 90' lang='grc'><strong>·</strong></span> <span class='ocrx_word' id='word_1_10' title='bbox 359 257 504 290; x_wconf 74' lang='grc' dir='ltr'><em>ἑλίπανας</em></span> <span class='ocrx_word' id='word_1_11' title='bbox 515 258 550 284; x_wconf 80' lang='grc' dir='ltr'>ἐν</span> <span class='ocrx_word' id='word_1_12' title='bbox 564 257 653 290; x_wconf 77' lang='grc' dir='ltr'><em>ἐλαίῳ</em></span> <span class='ocrx_word' id='word_1_13' title='bbox 666 257 721 291; x_wconf 76' lang='grc' dir='ltr'><strong>τὴν</strong></span> <span class='ocrx_word' id='word_1_14' title='bbox 735 256 871 291; x_wconf 61' lang='grc' dir='ltr'><strong>κεφαλήν</strong></span> <span class='ocrx_word' id='word_1_15' title='bbox 881 266 952 292; x_wconf 81' lang='grc' dir='ltr'><strong>μου,</strong></span> 
     </span>
    </p>
   </div>
   <div class='ocr_carea' id='block_1_5' title="bbox 1013 256 1790 293">
    <p class='ocr_par' dir='ltr' id='par_1_5' title="bbox 1013 257 1790 293">
     <span class='ocr_line' id='line_1_5' title="bbox 1013 257 1790 293; baseline 0.003 -9"><span class='ocrx_word' id='word_1_16' title='bbox 1013 266 1064 284; x_wconf 80' lang='grc' dir='ltr'>-ιηη</span> <span class='ocrx_word' id='word_1_17' title='bbox 1079 257 1170 285; x_wconf 85' lang='lat' dir='ltr'><strong>dicent</strong></span> <span class='ocrx_word' id='word_1_18' title='bbox 1195 267 1201 284; x_wconf 75' lang='grc' dir='ltr'><strong><em>τ</em></strong></span> <span class='ocrx_word' id='word_1_19' title='bbox 1222 257 1330 284; x_wconf 75' lang='lat' dir='ltr'><strong>Parasti</strong></span> <span class='ocrx_word' id='word_1_20' title='bbox 1343 258 1369 284; x_wconf 89' lang='lat' dir='ltr'><strong>in</strong></span> <span class='ocrx_word' id='word_1_21' title='bbox 1387 262 1522 293; x_wconf 76' lang='lat' dir='ltr'><strong>conspectu</strong></span> <span class='ocrx_word' id='word_1_22' title='bbox 1540 266 1596 285; x_wconf 75' lang='lat' dir='ltr'><strong>meo</strong></span> <span class='ocrx_word' id='word_1_23' title='bbox 1616 267 1730 285; x_wconf 83' lang='lat' dir='ltr'><strong><em>mensam</em></strong></span> <span class='ocrx_word' id='word_1_24' title='bbox 1743 259 1790 286; x_wconf 81' lang='lat' dir='ltr'><strong>ad-</strong></span> 
     </span>
    </p>
   </div>
   <div class='ocr_carea' id='block_1_6' title="bbox 166 302 951 338">
    <p class='ocr_par' dir='ltr' id='par_1_6' title="bbox 166 302 951 338">
     <span class='ocr_line' id='line_1_6' title="bbox 166 302 951 338; baseline -0.001 -8"><span class='ocrx_word' id='word_1_25' title='bbox 166 304 215 330; x_wconf 77' lang='grc' dir='ltr'><strong>καὶ</strong></span> <span class='ocrx_word' id='word_1_26' title='bbox 232 303 265 330; x_wconf 82' lang='grc' dir='ltr'><strong>τὸ</strong></span> <span class='ocrx_word' id='word_1_27' title='bbox 278 303 419 337; x_wconf 73' lang='grc' dir='ltr'><strong>ποτήριόν</strong></span> <span class='ocrx_word' id='word_1_28' title='bbox 428 312 487 338; x_wconf 81' lang='grc' dir='ltr'><strong>μου</strong></span> <span class='ocrx_word' id='word_1_29' title='bbox 500 304 654 338; x_wconf 78' lang='grc' dir='ltr'><strong>μεθύσκον</strong></span> <span class='ocrx_word' id='word_1_30' title='bbox 662 303 702 336; x_wconf 88' lang='grc' dir='ltr'><strong>ὠς</strong></span> <span class='ocrx_word' id='word_1_31' title='bbox 717 302 889 337; x_wconf 80' lang='grc' dir='ltr'><em>κράτιστον.</em></span> <span class='ocrx_word' id='word_1_32' title='bbox 897 303 951 329; x_wconf 84' lang='lat' dir='ltr'><strong>Kal</strong></span> 
     </span>
    </p>
   </div>
   <div class='ocr_carea' id='block_1_7' title="bbox 167 348 953 382">
    <p class='ocr_par' dir='ltr' id='par_1_7' title="bbox 167 348 953 382">
     <span class='ocr_line' id='line_1_7' title="bbox 167 348 953 382; baseline -0.004 -5"><span class='ocrx_word' id='word_1_33' title='bbox 167 351 200 378; x_wconf 80' lang='grc' dir='ltr'><em>τὸ</em></span> <span class='ocrx_word' id='word_1_34' title='bbox 216 350 303 382; x_wconf 79' lang='grc' dir='ltr'><strong>ἔλεός</strong></span> <span class='ocrx_word' id='word_1_35' title='bbox 314 357 373 376; x_wconf 81' lang='grc' dir='ltr'><strong>σου</strong></span> <span class='ocrx_word' id='word_1_36' title='bbox 387 349 600 381; x_wconf 81' lang='grc' dir='ltr'><strong>καταδιώξεταί</strong></span> <span class='ocrx_word' id='word_1_37' title='bbox 612 357 650 382; x_wconf 84' lang='grc' dir='ltr'>με</span> <span class='ocrx_word' id='word_1_38' title='bbox 662 348 763 381; x_wconf 81' lang='grc' dir='ltr'><em>πάσας</em></span> <span class='ocrx_word' id='word_1_39' title='bbox 774 348 827 381; x_wconf 83' lang='grc' dir='ltr'><strong>τὰς</strong></span> <span class='ocrx_word' id='word_1_40' title='bbox 843 348 953 382; x_wconf 76' lang='grc' dir='ltr'><strong>ἡμέρας</strong></span> 
     </span>
    </p>
   </div>
   <div class='ocr_carea' id='block_1_8' title="bbox 167 393 954 428">
    <p class='ocr_par' dir='ltr' id='par_1_8' title="bbox 167 393 954 428">
     <span class='ocr_line' id='line_1_8' title="bbox 167 393 954 428; baseline 0 -8"><span class='ocrx_word' id='word_1_41' title='bbox 167 395 223 428; x_wconf 79' lang='grc' dir='ltr'><strong>τῆς</strong></span> <span class='ocrx_word' id='word_1_42' title='bbox 235 393 309 428; x_wconf 81' lang='grc' dir='ltr'><strong>ζωῆς</strong></span> <span class='ocrx_word' id='word_1_43' title='bbox 317 403 387 428; x_wconf 83' lang='grc' dir='ltr'><em>μου,</em></span> <span class='ocrx_word' id='word_1_44' title='bbox 398 394 446 420; x_wconf 74' lang='grc' dir='ltr'><strong>καὶ</strong></span> <span class='ocrx_word' id='word_1_45' title='bbox 459 393 492 420; x_wconf 83' lang='grc' dir='ltr'><strong>τὸ</strong></span> <span class='ocrx_word' id='word_1_46' title='bbox 506 393 654 420; x_wconf 76' lang='grc' dir='ltr'><strong>κατοικεῖν</strong></span> <span class='ocrx_word' id='word_1_47' title='bbox 666 402 704 428; x_wconf 82' lang='grc' dir='ltr'><strong>με</strong></span> <span class='ocrx_word' id='word_1_48' title='bbox 715 394 750 420; x_wconf 71' lang='grc' dir='ltr'>ἐν</span> <span class='ocrx_word' id='word_1_49' title='bbox 762 393 832 426; x_wconf 78' lang='grc' dir='ltr'><em>οἴκῳ</em></span> <span class='ocrx_word' id='word_1_50' title='bbox 844 393 954 428; x_wconf 77' lang='grc' dir='ltr'><strong>Κυρίου</strong></span> 
     </span>
    </p>
   </div>
   <div class='ocr_carea' id='block_1_9' title="bbox 168 438 533 474">
    <p class='ocr_par' dir='ltr' id='par_1_9' title="bbox 168 438 533 474">
     <span class='ocr_line' id='line_1_9' title="bbox 168 438 533 474; baseline -0.005 -7"><span class='ocrx_word' id='word_1_51' title='bbox 168 442 210 473; x_wconf 74' lang='grc' dir='ltr'><strong>εἰς</strong></span> <span class='ocrx_word' id='word_1_52' title='bbox 221 440 392 474; x_wconf 78' lang='grc' dir='ltr'><strong>μακρότητα</strong></span> <span class='ocrx_word' id='word_1_53' title='bbox 407 438 533 473; x_wconf 74' lang='grc' dir='ltr'><strong>ἡμερῶν.</strong></span> 
     </span>
    </p>
   </div>
   <div class='ocr_carea' id='block_1_10' title="bbox 207 525 955 562">
    <p class='ocr_par' dir='ltr' id='par_1_10' title="bbox 207 525 955 562">
     <span class='ocr_line' id='line_1_10' title="bbox 207 525 955 562; baseline -0.001 -8"><span class='ocrx_word' id='word_1_54' title='bbox 207 528 261 554; x_wconf 85' lang='grc' dir='ltr'><em>Τοῦ</em></span> <span class='ocrx_word' id='word_1_55' title='bbox 291 527 449 562; x_wconf 75' lang='grc' dir='ltr'><strong>ἐξαγαγεῖν</strong></span> <span class='ocrx_word' id='word_1_56' title='bbox 480 528 568 561; x_wconf 76' lang='grc' dir='ltr'><em>ἄρτον</em></span> <span class='ocrx_word' id='word_1_57' title='bbox 588 528 621 554; x_wconf 77' lang='grc' dir='ltr'><strong>ἐκ</strong></span> <span class='ocrx_word' id='word_1_58' title='bbox 641 527 696 560; x_wconf 85' lang='grc' dir='ltr'><strong>τῆς</strong></span> <span class='ocrx_word' id='word_1_59' title='bbox 718 527 782 562; x_wconf 76' lang='grc' dir='ltr'><strong>τῆς,</strong></span> <span class='ocrx_word' id='word_1_60' title='bbox 807 528 855 554; x_wconf 75' lang='grc' dir='ltr'><strong>καὶ</strong></span> <span class='ocrx_word' id='word_1_61' title='bbox 874 525 955 559; x_wconf 70' lang='grc' dir='ltr'><em>οἶνος</em></span> 
     </span>
    </p>
   </div>
   <div class='ocr_carea' id='block_1_11' title="bbox 169 574 955 608">
    <p class='ocr_par' dir='ltr' id='par_1_11' title="bbox 169 574 955 608">
     <span class='ocr_line' id='line_1_11' title="bbox 169 574 955 608; baseline -0.004 -6"><span class='ocrx_word' id='word_1_62' title='bbox 169 574 320 608; x_wconf 60' lang='grc' dir='ltr'><strong>εὐφραίνει</strong></span> <span class='ocrx_word' id='word_1_63' title='bbox 339 574 463 608; x_wconf 78' lang='grc' dir='ltr'><strong>καρδίαν</strong></span> <span class='ocrx_word' id='word_1_64' title='bbox 481 574 636 608; x_wconf 77' lang='grc' dir='ltr'><strong>ἀνθρώπου</strong></span> <span class='ocrx_word' id='word_1_65' title='bbox 647 583 652 589; x_wconf 94' lang='grc'>·</span> <span class='ocrx_word' id='word_1_66' title='bbox 664 575 716 601; x_wconf 85' lang='grc' dir='ltr'><strong>τοῦ</strong></span> <span class='ocrx_word' id='word_1_67' title='bbox 733 574 869 607; x_wconf 80' lang='grc' dir='ltr'>ίλαρῦναι</span> <span class='ocrx_word' id='word_1_68' title='bbox 885 574 955 606; x_wconf 73' lang='grc' dir='ltr'><strong>πρί-</strong></span> 
     </span>
    </p>
   </div>
   <div class='ocr_carea' id='block_1_12' title="bbox 170 620 955 654">
    <p class='ocr_par' dir='ltr' id='par_1_12' title="bbox 170 620 955 654">
     <span class='ocr_line' id='line_1_12' title="bbox 170 620 955 654; baseline 0 -8"><span class='ocrx_word' id='word_1_69' title='bbox 170 628 273 647; x_wconf 77' lang='grc' dir='ltr'><em>σωπον</em></span> <span class='ocrx_word' id='word_1_70' title='bbox 297 620 332 646; x_wconf 81' lang='grc' dir='ltr'>ἐν</span> <span class='ocrx_word' id='word_1_71' title='bbox 355 620 455 653; x_wconf 71' lang='grc' dir='ltr'><strong>ἐλαίῳ,</strong></span> <span class='ocrx_word' id='word_1_72' title='bbox 478 621 526 647; x_wconf 79' lang='grc' dir='ltr'><em>καὶ</em></span> <span class='ocrx_word' id='word_1_73' title='bbox 542 620 631 654; x_wconf 77' lang='grc' dir='ltr'><em>ἄρτος</em></span> <span class='ocrx_word' id='word_1_74' title='bbox 654 620 777 654; x_wconf 77' lang='grc' dir='ltr'><strong>καρδίαν</strong></span> <span class='ocrx_word' id='word_1_75' title='bbox 800 620 955 654; x_wconf 76' lang='grc' dir='ltr'><strong>ἀνθρώπου</strong></span> 
     </span>
    </p>
   </div>
   <div class='ocr_carea' id='block_1_13' title="bbox 171 665 957 702">
    <p class='ocr_par' dir='ltr' id='par_1_13' title="bbox 171 665 957 702">
     <span class='ocr_line' id='line_1_13' title="bbox 171 665 957 702; baseline -0.001 -9"><span class='ocrx_word' id='word_1_76' title='bbox 171 665 307 700; x_wconf 70' lang='grc' dir='ltr'><strong>στηρίξει.</strong></span> <span class='ocrx_word' id='word_1_77' title='bbox 324 666 414 699; x_wconf 80' lang='grc' dir='ltr'><strong>Ἀξιον</strong></span> <span class='ocrx_word' id='word_1_78' title='bbox 434 666 550 693; x_wconf 82' lang='grc' dir='ltr'><strong>ἐνταῦθα</strong></span> <span class='ocrx_word' id='word_1_79' title='bbox 567 666 682 702; x_wconf 80' lang='grc' dir='ltr'><strong>ζητῆσαι</strong></span> <span class='ocrx_word' id='word_1_80' title='bbox 699 667 770 698; x_wconf 85' lang='grc' dir='ltr'>τίνος</span> <span class='ocrx_word' id='word_1_81' title='bbox 781 667 858 702; x_wconf 81' lang='grc' dir='ltr'>χάριν</span> <span class='ocrx_word' id='word_1_82' title='bbox 873 665 957 693; x_wconf 75' lang='grc' dir='ltr'>εἰπὼν</span> 
     </span>
    </p>
   </div>
   <div class='ocr_carea' id='block_1_14' title="bbox 171 711 958 748">
    <p class='ocr_par' dir='ltr' id='par_1_14' title="bbox 171 711 958 748">
     <span class='ocr_line' id='line_1_14' title="bbox 171 711 958 748; baseline 0 -10"><span class='ocrx_word' id='word_1_83' title='bbox 171 713 184 737; x_wconf 84' lang='grc' dir='ltr'>ὀ</span> <span class='ocrx_word' id='word_1_84' title='bbox 199 711 288 743; x_wconf 74' lang='grc' dir='ltr'>Δαυῖδ,</span> <span class='ocrx_word' id='word_1_85' title='bbox 301 713 315 739; x_wconf 88' lang='grc' dir='ltr'><strong>ό</strong></span> <span class='ocrx_word' id='word_1_86' title='bbox 330 712 512 745; x_wconf 77' lang='grc' dir='ltr'>ὲξανατὲλλων</span> <span class='ocrx_word' id='word_1_87' title='bbox 542 712 638 748; x_wconf 82' lang='grc' dir='ltr'>χόρτον</span> <span class='ocrx_word' id='word_1_88' title='bbox 661 713 717 743; x_wconf 86' lang='grc' dir='ltr'>τοῖς</span> <span class='ocrx_word' id='word_1_89' title='bbox 733 713 870 747; x_wconf 82' lang='grc' dir='ltr'><strong>κτήνεσιν,</strong></span> <span class='ocrx_word' id='word_1_90' title='bbox 890 712 958 747; x_wconf 86' lang='grc' dir='ltr'><strong>ὲπὴ-</strong></span> 
     </span>
    </p>
   </div>
   <div class='ocr_carea' id='block_1_15' title="bbox 171 759 957 794">
    <p class='ocr_par' dir='ltr' id='par_1_15' title="bbox 171 759 957 794">
     <span class='ocr_line' id='line_1_15' title="bbox 171 759 957 794; baseline -0.003 -7"><span class='ocrx_word' id='word_1_91' title='bbox 171 769 254 794; x_wconf 88' lang='grc' dir='ltr'>γαγε·</span> <span class='ocrx_word' id='word_1_92' title='bbox 275 760 328 787; x_wconf 84' lang='grc' dir='ltr'><em>Τοῦ</em></span> <span class='ocrx_word' id='word_1_93' title='bbox 351 760 507 794; x_wconf 71' lang='grc' dir='ltr'><strong>ἐξαγαγεῖν</strong></span> <span class='ocrx_word' id='word_1_94' title='bbox 520 760 611 793; x_wconf 78' lang='grc' dir='ltr'><em>ἄρτον</em></span> <span class='ocrx_word' id='word_1_95' title='bbox 624 760 658 787; x_wconf 73' lang='grc' dir='ltr'><strong>ἐκ</strong></span> <span class='ocrx_word' id='word_1_96' title='bbox 681 759 735 793; x_wconf 81' lang='grc' dir='ltr'><strong>τῆς</strong></span> <span class='ocrx_word' id='word_1_97' title='bbox 755 759 821 794; x_wconf 67' lang='grc' dir='ltr'>γῆς,</span> <span class='ocrx_word' id='word_1_98' title='bbox 843 759 897 786; x_wconf 75' lang='grc' dir='ltr'><strong>ἀπὸ</strong></span> <span class='ocrx_word' id='word_1_99' title='bbox 911 759 957 785; x_wconf 80' lang='grc' dir='ltr'><strong>τοῦ</strong></span> 
     </span>
    </p>
   </div>
   <div class='ocr_carea' id='block_1_16' title="bbox 173 805 959 841">
    <p class='ocr_par' dir='ltr' id='par_1_16' title="bbox 173 805 959 841">
     <span class='ocr_line' id='line_1_16' title="bbox 173 805 959 841; baseline -0.003 -9"><span class='ocrx_word' id='word_1_100' title='bbox 173 806 245 832; x_wconf 80' lang='grc' dir='ltr'><strong>σίτου</strong></span> <span class='ocrx_word' id='word_1_101' title='bbox 265 806 364 841; x_wconf 80' lang='grc' dir='ltr'>δηλαδὴ</span> <span class='ocrx_word' id='word_1_102' title='bbox 380 806 660 840; x_wconf 76' lang='grc' dir='ltr'>κατασκευαζόμενον.</span> <span class='ocrx_word' id='word_1_103' title='bbox 677 806 709 831; x_wconf 89' lang='grc' dir='ltr'><strong>Τί</strong></span> <span class='ocrx_word' id='word_1_104' title='bbox 723 805 788 831; x_wconf 78' lang='grc' dir='ltr'><strong>ποτέ</strong></span> <span class='ocrx_word' id='word_1_105' title='bbox 801 806 877 831; x_wconf 76' lang='grc' dir='ltr'>ἐστιν</span> <span class='ocrx_word' id='word_1_106' title='bbox 891 805 959 839; x_wconf 80' lang='grc' dir='ltr'>ὅπερ</span> 
     </span>
    </p>
   </div>
   <div class='ocr_carea' id='block_1_17' title="bbox 172 851 958 888">
    <p class='ocr_par' dir='ltr' id='par_1_17' title="bbox 172 851 958 888">
     <span class='ocr_line' id='line_1_17' title="bbox 172 851 958 888; baseline -0.004 -9"><span class='ocrx_word' id='word_1_107' title='bbox 172 853 323 885; x_wconf 73' lang='grc' dir='ltr'><strong>αἰνίξασθαι</strong></span> <span class='ocrx_word' id='word_1_108' title='bbox 347 852 485 888; x_wconf 82' lang='grc' dir='ltr'>βούλεται;</span> <span class='ocrx_word' id='word_1_109' title='bbox 512 853 573 879; x_wconf 82' lang='grc' dir='ltr'><strong>’Ότι</strong></span> <span class='ocrx_word' id='word_1_110' title='bbox 598 853 629 878; x_wconf 75' lang='grc' dir='ltr'><strong>τὸ</strong></span> <span class='ocrx_word' id='word_1_111' title='bbox 655 851 721 878; x_wconf 80' lang='grc' dir='ltr'><strong>αὐτὸ</strong></span> <span class='ocrx_word' id='word_1_112' title='bbox 749 851 859 886; x_wconf 81' lang='grc' dir='ltr'><strong>σπέρμα</strong></span> <span class='ocrx_word' id='word_1_113' title='bbox 882 852 958 884; x_wconf 85' lang='grc' dir='ltr'>κοινὴ</span> 
     </span>
    </p>
   </div>
   <div class='ocr_carea' id='block_1_18' title="bbox 172 896 959 934">
    <p class='ocr_par' dir='ltr' id='par_1_18' title="bbox 172 896 959 934">
     <span class='ocr_line' id='line_1_18' title="bbox 172 896 959 934; baseline 0 -10"><span class='ocrx_word' id='word_1_114' title='bbox 172 899 276 932; x_wconf 86' lang='grc' dir='ltr'>γίνεται</span> <span class='ocrx_word' id='word_1_115' title='bbox 292 899 375 934; x_wconf 80' lang='grc' dir='ltr'><strong>ἐδωδὴ</strong></span> <span class='ocrx_word' id='word_1_116' title='bbox 401 899 448 925; x_wconf 74' lang='grc' dir='ltr'><strong>καὶ</strong></span> <span class='ocrx_word' id='word_1_117' title='bbox 463 899 570 933; x_wconf 81' lang='grc' dir='ltr'><strong>ἀλόγοις</strong></span> <span class='ocrx_word' id='word_1_118' title='bbox 585 898 632 925; x_wconf 77' lang='grc' dir='ltr'><strong>καὶ</strong></span> <span class='ocrx_word' id='word_1_119' title='bbox 651 897 813 934; x_wconf 82' lang='grc' dir='ltr'>ἀνθρώποις,</span> <span class='ocrx_word' id='word_1_120' title='bbox 834 897 866 923; x_wconf 79' lang='grc' dir='ltr'>οὺ</span> <span class='ocrx_word' id='word_1_121' title='bbox 888 896 959 924; x_wconf 74' lang='grc' dir='ltr'><strong>κατὰ</strong></span> 
     </span>
    </p>
   </div>
   <div class='ocr_carea' id='block_1_19' title="bbox 172 936 999 979">
    <p class='ocr_par' dir='ltr' id='par_1_19' title="bbox 172 936 999 979">
     <span class='ocr_line' id='line_1_19' title="bbox 172 936 999 979; baseline -0.004 -8"><span class='ocrx_word' id='word_1_122' title='bbox 172 945 203 971; x_wconf 84' lang='grc' dir='ltr'>τδ</span> <span class='ocrx_word' id='word_1_123' title='bbox 218 945 292 971; x_wconf 78' lang='grc' dir='ltr'>αὑτό.</span> <span class='ocrx_word' id='word_1_124' title='bbox 315 945 369 971; x_wconf 80' lang='grc' dir='ltr'><strong>Καὶ</strong></span> <span class='ocrx_word' id='word_1_125' title='bbox 383 945 461 971; x_wconf 81' lang='grc' dir='ltr'>τοῦτο</span> <span class='ocrx_word' id='word_1_126' title='bbox 477 945 504 971; x_wconf 83' lang='grc' dir='ltr'>δὲ</span> <span class='ocrx_word' id='word_1_127' title='bbox 520 945 570 979; x_wconf 85' lang='grc' dir='ltr'><strong>τῆς</strong></span> <span class='ocrx_word' id='word_1_128' title='bbox 586 944 633 971; x_wconf 83' lang='grc' dir='ltr'><strong>τοῦ</strong></span> <span class='ocrx_word' id='word_1_129' title='bbox 651 944 718 971; x_wconf 81' lang='grc' dir='ltr'><strong>Θεοῦ</strong></span> <span class='ocrx_word' id='word_1_130' title='bbox 735 944 839 978; x_wconf 83' lang='grc' dir='ltr'>σοφίας.</span> <span class='ocrx_word' id='word_1_131' title='bbox 858 943 957 969; x_wconf 81' lang='grc' dir='ltr'>Σκόπει</span> <span class='ocrx_word' id='word_1_132' title='bbox 975 936 999 964; x_wconf 77' lang='grc' dir='ltr'><strong>Β</strong></span> 
     </span>
    </p>
   </div>
   <div class='ocr_carea' id='block_1_20' title="bbox 172 990 960 1026">
    <p class='ocr_par' dir='ltr' id='par_1_20' title="bbox 172 990 960 1026">
     <span class='ocr_line' id='line_1_20' title="bbox 172 990 960 1026; baseline 0.001 -10"><span class='ocrx_word' id='word_1_133' title='bbox 172 991 216 1016; x_wconf 77' lang='grc' dir='ltr'><strong>δὲ’</strong></span> <span class='ocrx_word' id='word_1_134' title='bbox 239 990 444 1017; x_wconf 77' lang='grc' dir='ltr'>Καταὸάλλεται</span> <span class='ocrx_word' id='word_1_135' title='bbox 467 992 550 1022; x_wconf 77' lang='grc' dir='ltr'>σῖτος,</span> <span class='ocrx_word' id='word_1_136' title='bbox 577 991 645 1022; x_wconf 80' lang='grc' dir='ltr'>τέως</span> <span class='ocrx_word' id='word_1_137' title='bbox 663 991 711 1025; x_wconf 76' lang='grc' dir='ltr'><strong>μὲν</strong></span> <span class='ocrx_word' id='word_1_138' title='bbox 736 990 886 1026; x_wconf 78' lang='grc' dir='ltr'>ἀνθρώπων</span> <span class='ocrx_word' id='word_1_139' title='bbox 902 991 960 1017; x_wconf 74' lang='grc' dir='ltr'><strong>ἐστὶ</strong></span> 
     </span>
    </p>
   </div>
   <div class='ocr_carea' id='block_1_21' title="bbox 172 1034 960 1072">
    <p class='ocr_par' dir='ltr' id='par_1_21' title="bbox 172 1034 960 1072">
     <span class='ocr_line' id='line_1_21' title="bbox 172 1034 960 1072; baseline 0.001 -10"><span class='ocrx_word' id='word_1_140' title='bbox 172 1036 259 1071; x_wconf 78' lang='grc' dir='ltr'>τροφὴ</span> <span class='ocrx_word' id='word_1_141' title='bbox 282 1036 376 1071; x_wconf 84' lang='grc' dir='ltr'>μόνον·</span> <span class='ocrx_word' id='word_1_142' title='bbox 397 1036 506 1062; x_wconf 71' lang='grc' dir='ltr'>ἐπειδὰν</span> <span class='ocrx_word' id='word_1_143' title='bbox 527 1037 555 1062; x_wconf 82' lang='grc' dir='ltr'>δὲ</span> <span class='ocrx_word' id='word_1_144' title='bbox 573 1036 719 1072; x_wconf 77' lang='grc' dir='ltr'>βλαστάνῃ,</span> <span class='ocrx_word' id='word_1_145' title='bbox 736 1034 890 1063; x_wconf 67' lang='grc' dir='ltr'><strong>ἄνεισι’καὶ</strong></span> <span class='ocrx_word' id='word_1_146' title='bbox 911 1036 960 1072; x_wconf 73' lang='grc' dir='ltr'><strong>τὴν</strong></span> 
     </span>
    </p>
   </div>
   <div class='ocr_carea' id='block_1_22' title="bbox 172 1081 960 1118">
    <p class='ocr_par' dir='ltr' id='par_1_22' title="bbox 172 1081 960 1118">
     <span class='ocr_line' id='line_1_22' title="bbox 172 1081 960 1118; baseline 0.003 -10"><span class='ocrx_word' id='word_1_147' title='bbox 172 1083 227 1109; x_wconf 82' lang='grc' dir='ltr'><strong>τῶν</strong></span> <span class='ocrx_word' id='word_1_148' title='bbox 239 1082 343 1116; x_wconf 82' lang='grc' dir='ltr'>ἀλόγων</span> <span class='ocrx_word' id='word_1_149' title='bbox 358 1082 426 1117; x_wconf 77' lang='grc' dir='ltr'>ἔχων</span> <span class='ocrx_word' id='word_1_150' title='bbox 443 1084 556 1118; x_wconf 77' lang='grc' dir='ltr'><strong>τροφήν.</strong></span> <span class='ocrx_word' id='word_1_151' title='bbox 575 1083 679 1118; x_wconf 81' lang='grc' dir='ltr'><strong>Ὥσπερ</strong></span> <span class='ocrx_word' id='word_1_152' title='bbox 695 1083 749 1118; x_wconf 81' lang='grc' dir='ltr'>γὰρ</span> <span class='ocrx_word' id='word_1_153' title='bbox 766 1083 832 1110; x_wconf 79' lang='grc' dir='ltr'>αὐτὸ</span> <span class='ocrx_word' id='word_1_154' title='bbox 847 1083 877 1110; x_wconf 83' lang='grc' dir='ltr'><strong>τὸ</strong></span> <span class='ocrx_word' id='word_1_155' title='bbox 892 1081 960 1110; x_wconf 77' lang='grc' dir='ltr'>εἷναι</span> 
     </span>
    </p>
   </div>
   <div class='ocr_carea' id='block_1_23' title="bbox 173 1127 961 1165">
    <p class='ocr_par' dir='ltr' id='par_1_23' title="bbox 173 1127 961 1165">
     <span class='ocr_line' id='line_1_23' title="bbox 173 1127 961 1165; baseline 0.003 -11"><span class='ocrx_word' id='word_1_156' title='bbox 173 1128 204 1154; x_wconf 82' lang='grc' dir='ltr'><strong>δι’</strong></span> <span class='ocrx_word' id='word_1_157' title='bbox 221 1129 293 1164; x_wconf 77' lang='grc' dir='ltr'><strong>ἡμᾶς</strong></span> <span class='ocrx_word' id='word_1_158' title='bbox 308 1127 386 1155; x_wconf 77' lang='grc' dir='ltr'>ἕλαῦε</span> <span class='ocrx_word' id='word_1_159' title='bbox 403 1128 437 1155; x_wconf 85' lang='grc' dir='ltr'><strong>τὰ</strong></span> <span class='ocrx_word' id='word_1_160' title='bbox 454 1128 520 1161; x_wconf 79' lang='grc' dir='ltr'><strong>ζῶα.</strong></span> <span class='ocrx_word' id='word_1_161' title='bbox 536 1128 606 1155; x_wconf 70' lang='grc' dir='ltr'>οὕτω</span> <span class='ocrx_word' id='word_1_162' title='bbox 624 1129 670 1155; x_wconf 79' lang='grc' dir='ltr'><strong>καὶ</strong></span> <span class='ocrx_word' id='word_1_163' title='bbox 685 1129 701 1164; x_wconf 83' lang='grc' dir='ltr'>ἡ</span> <span class='ocrx_word' id='word_1_164' title='bbox 717 1129 803 1165; x_wconf 71' lang='grc' dir='ltr'>τροφὴ</span> <span class='ocrx_word' id='word_1_165' title='bbox 826 1129 916 1156; x_wconf 79' lang='grc' dir='ltr'><strong>αὐτῶν</strong></span> <span class='ocrx_word' id='word_1_166' title='bbox 929 1130 961 1156; x_wconf 79' lang='grc' dir='ltr'>ἐκ</span> 
     </span>
    </p>
   </div>
   <div class='ocr_carea' id='block_1_24' title="bbox 174 1175 961 1212">
    <p class='ocr_par' dir='ltr' id='par_1_24' title="bbox 174 1175 961 1212">
     <span class='ocr_line' id='line_1_24' title="bbox 174 1175 961 1212; baseline 0 -10"><span class='ocrx_word' id='word_1_167' title='bbox 174 1176 223 1211; x_wconf 74' lang='grc' dir='ltr'><strong>τῆς</strong></span> <span class='ocrx_word' id='word_1_168' title='bbox 237 1175 373 1211; x_wconf 80' lang='grc' dir='ltr'><strong>ἡμετέρας</strong></span> <span class='ocrx_word' id='word_1_169' title='bbox 394 1176 496 1211; x_wconf 81' lang='grc' dir='ltr'><strong>τροφῆς</strong></span> <span class='ocrx_word' id='word_1_170' title='bbox 511 1176 566 1211; x_wconf 78' lang='grc' dir='ltr'>ἔχει</span> <span class='ocrx_word' id='word_1_171' title='bbox 582 1175 630 1211; x_wconf 83' lang='grc' dir='ltr'><strong>τὴν</strong></span> <span class='ocrx_word' id='word_1_172' title='bbox 652 1176 749 1212; x_wconf 86' lang='grc' dir='ltr'>ἀρχήν.</span> <span class='ocrx_word' id='word_1_173' title='bbox 772 1176 803 1202; x_wconf 84' lang='grc' dir='ltr'><strong><em>Ἥ</em></strong></span> <span class='ocrx_word' id='word_1_174' title='bbox 820 1176 874 1212; x_wconf 76' lang='grc' dir='ltr'>γὰρ</span> <span class='ocrx_word' id='word_1_175' title='bbox 896 1175 961 1211; x_wconf 85' lang='grc' dir='ltr'>χλόη</span> 
     </span>
    </p>
   </div>
   <div class='ocr_carea' id='block_1_25' title="bbox 173 1220 961 1256">
    <p class='ocr_par' dir='ltr' id='par_1_25' title="bbox 173 1220 961 1256">
     <span class='ocr_line' id='line_1_25' title="bbox 173 1220 961 1256; baseline 0.001 -10"><span class='ocrx_word' id='word_1_176' title='bbox 173 1220 218 1247; x_wconf 80' lang='grc' dir='ltr'>διὰ</span> <span class='ocrx_word' id='word_1_177' title='bbox 234 1220 312 1247; x_wconf 81' lang='grc' dir='ltr'>τοῦτο</span> <span class='ocrx_word' id='word_1_178' title='bbox 327 1221 540 1256; x_wconf 81' lang='grc' dir='ltr'><strong>προηγουμένως</strong></span> <span class='ocrx_word' id='word_1_179' title='bbox 554 1220 675 1255; x_wconf 80' lang='grc' dir='ltr'>γέγονεν,</span> <span class='ocrx_word' id='word_1_180' title='bbox 695 1221 737 1247; x_wconf 81' lang='grc' dir='ltr'><strong>ἵνα</strong></span> <span class='ocrx_word' id='word_1_181' title='bbox 760 1221 805 1247; x_wconf 84' lang='grc' dir='ltr'><strong>τὸν</strong></span> <span class='ocrx_word' id='word_1_182' title='bbox 818 1222 890 1248; x_wconf 80' lang='grc' dir='ltr'>σῖτον</span> <span class='ocrx_word' id='word_1_183' title='bbox 903 1221 961 1247; x_wconf 80' lang='grc' dir='ltr'>δια-</span> 
     </span>
    </p>
   </div>
   <div class='ocr_carea' id='block_1_26' title="bbox 173 1263 960 1302">
    <p class='ocr_par' dir='ltr' id='par_1_26' title="bbox 173 1263 960 1302">
     <span class='ocr_line' id='line_1_26' title="bbox 173 1263 960 1302; baseline 0.001 -10"><span class='ocrx_word' id='word_1_184' title='bbox 173 1268 255 1302; x_wconf 80' lang='grc' dir='ltr'>τηρῇ.</span> <span class='ocrx_word' id='word_1_185' title='bbox 271 1264 347 1297; x_wconf 82' lang='grc' dir='ltr'><strong>Εἶδες</strong></span> <span class='ocrx_word' id='word_1_186' title='bbox 362 1263 408 1292; x_wconf 79' lang='grc' dir='ltr'>οὖν</span> <span class='ocrx_word' id='word_1_187' title='bbox 422 1266 457 1292; x_wconf 80' lang='grc' dir='ltr'><strong>τὰ</strong></span> <span class='ocrx_word' id='word_1_188' title='bbox 471 1266 556 1299; x_wconf 71' lang='grc' dir='ltr'>ἄλογα</span> <span class='ocrx_word' id='word_1_189' title='bbox 570 1266 600 1293; x_wconf 78' lang='grc' dir='ltr'>οὺ</span> <span class='ocrx_word' id='word_1_190' title='bbox 619 1266 698 1301; x_wconf 83' lang='grc' dir='ltr'>μόνον</span> <span class='ocrx_word' id='word_1_191' title='bbox 710 1267 775 1301; x_wconf 85' lang='grc' dir='ltr'><strong>ἡμῖν</strong></span> <span class='ocrx_word' id='word_1_192' title='bbox 792 1266 960 1297; x_wconf 78' lang='grc' dir='ltr'>δουλεύοντα,</span> 
     </span>
    </p>
   </div>
   <div class='ocr_carea' id='block_1_27' title="bbox 175 1311 960 1348">
    <p class='ocr_par' dir='ltr' id='par_1_27' title="bbox 175 1311 960 1348">
     <span class='ocr_line' id='line_1_27' title="bbox 175 1311 960 1348; baseline -0.001 -10"><span class='ocrx_word' id='word_1_193' title='bbox 175 1312 242 1338; x_wconf 75' lang='grc' dir='ltr'>ἀλλὰ</span> <span class='ocrx_word' id='word_1_194' title='bbox 255 1311 301 1338; x_wconf 73' lang='grc' dir='ltr'><strong>καὶ</strong></span> <span class='ocrx_word' id='word_1_195' title='bbox 313 1311 362 1346; x_wconf 84' lang='grc' dir='ltr'><strong>τὴν</strong></span> <span class='ocrx_word' id='word_1_196' title='bbox 378 1311 480 1347; x_wconf 75' lang='grc' dir='ltr'><strong>τροφὴν</strong></span> <span class='ocrx_word' id='word_1_197' title='bbox 497 1312 550 1339; x_wconf 86' lang='grc' dir='ltr'><strong>τῶν</strong></span> <span class='ocrx_word' id='word_1_198' title='bbox 565 1311 668 1346; x_wconf 77' lang='grc' dir='ltr'>ἀλόγων</span> <span class='ocrx_word' id='word_1_199' title='bbox 684 1313 717 1347; x_wconf 84' lang='grc' dir='ltr'><strong>τῇ</strong></span> <span class='ocrx_word' id='word_1_200' title='bbox 735 1312 859 1347; x_wconf 70' lang='grc' dir='ltr'><strong>ἡμετέρᾳ.</strong></span> <span class='ocrx_word' id='word_1_201' title='bbox 875 1314 960 1348; x_wconf 75' lang='grc' dir='ltr'>τροφῇ</span> 
     </span>
    </p>
   </div>
   <div class='ocr_carea' id='block_1_28' title="bbox 175 1355 963 1393">
    <p class='ocr_par' dir='ltr' id='par_1_28' title="bbox 175 1355 963 1393">
     <span class='ocr_line' id='line_1_28' title="bbox 175 1355 963 1393; baseline 0 -9"><span class='ocrx_word' id='word_1_202' title='bbox 175 1357 409 1393; x_wconf 84' lang='grc' dir='ltr'>ὑπηρετουμένην,</span> <span class='ocrx_word' id='word_1_203' title='bbox 430 1358 477 1384; x_wconf 69' lang='grc' dir='ltr'><strong>καὶ</strong></span> <span class='ocrx_word' id='word_1_204' title='bbox 492 1359 525 1392; x_wconf 79' lang='grc' dir='ltr'><strong>τῇ</strong></span> <span class='ocrx_word' id='word_1_205' title='bbox 543 1358 618 1390; x_wconf 79' lang='grc' dir='ltr'><strong>τάξει</strong></span> <span class='ocrx_word' id='word_1_206' title='bbox 645 1357 725 1385; x_wconf 79' lang='grc' dir='ltr'>πάλιν</span> <span class='ocrx_word' id='word_1_207' title='bbox 748 1358 779 1384; x_wconf 81' lang='grc' dir='ltr'><strong>τὸ</strong></span> <span class='ocrx_word' id='word_1_208' title='bbox 802 1355 866 1384; x_wconf 76' lang='grc' dir='ltr'><strong>αὐτὸ</strong></span> <span class='ocrx_word' id='word_1_209' title='bbox 885 1358 963 1385; x_wconf 78' lang='grc' dir='ltr'>τοῦτο</span> 
     </span>
    </p>
   </div>
   <div class='ocr_carea' id='block_1_29' title="bbox 177 1402 962 1439">
    <p class='ocr_par' dir='ltr' id='par_1_29' title="bbox 177 1402 962 1439">
     <span class='ocr_line' id='line_1_29' title="bbox 177 1402 962 1439; baseline 0.001 -11"><span class='ocrx_word' id='word_1_210' title='bbox 177 1402 357 1438; x_wconf 80' lang='grc' dir='ltr'><strong>μιμουμένην.</strong></span> <span class='ocrx_word' id='word_1_211' title='bbox 376 1403 481 1437; x_wconf 80' lang='grc' dir='ltr'><strong>’Ὠσπερ</strong></span> <span class='ocrx_word' id='word_1_212' title='bbox 496 1403 548 1437; x_wconf 86' lang='grc' dir='ltr'>γὰρ</span> <span class='ocrx_word' id='word_1_213' title='bbox 571 1402 702 1439; x_wconf 81' lang='grc' dir='ltr'>πρότερον</span> <span class='ocrx_word' id='word_1_214' title='bbox 722 1403 817 1437; x_wconf 75' lang='grc' dir='ltr'>ἄλογα,</span> <span class='ocrx_word' id='word_1_215' title='bbox 835 1403 882 1430; x_wconf 74' lang='grc' dir='ltr'><strong>καὶ</strong></span> <span class='ocrx_word' id='word_1_216' title='bbox 901 1404 962 1430; x_wconf 78' lang='grc' dir='ltr'>τότε</span> 
     </span>
    </p>
   </div>
   <div class='ocr_carea' id='block_1_30' title="bbox 174 1448 963 1484">
    <p class='ocr_par' dir='ltr' id='par_1_30' title="bbox 174 1448 963 1484">
     <span class='ocr_line' id='line_1_30' title="bbox 174 1448 963 1484; baseline 0.001 -10"><span class='ocrx_word' id='word_1_217' title='bbox 174 1448 327 1483; x_wconf 84' lang='grc' dir='ltr'>ἄνθρωπος,</span> <span class='ocrx_word' id='word_1_218' title='bbox 345 1448 438 1484; x_wconf 79' lang='grc' dir='ltr'>ἐπειδὴ</span> <span class='ocrx_word' id='word_1_219' title='bbox 454 1448 498 1477; x_wconf 78' lang='grc' dir='ltr'>διὰ</span> <span class='ocrx_word' id='word_1_220' title='bbox 513 1449 557 1474; x_wconf 79' lang='grc' dir='ltr'><strong>τὸν</strong></span> <span class='ocrx_word' id='word_1_221' title='bbox 571 1448 713 1484; x_wconf 78' lang='grc' dir='ltr'>ἄνθρωπον</span> <span class='ocrx_word' id='word_1_222' title='bbox 728 1448 762 1474; x_wconf 84' lang='grc' dir='ltr'><strong>τὰ</strong></span> <span class='ocrx_word' id='word_1_223' title='bbox 775 1449 875 1483; x_wconf 85' lang='grc' dir='ltr'><strong>ἄλογα·</strong></span> <span class='ocrx_word' id='word_1_224' title='bbox 893 1449 963 1476; x_wconf 77' lang='grc' dir='ltr'>οὕτω</span> 
     </span>
    </p>
   </div>
   <div class='ocr_carea' id='block_1_31' title="bbox 176 1494 962 1531">
    <p class='ocr_par' dir='ltr' id='par_1_31' title="bbox 176 1494 962 1531">
     <span class='ocr_line' id='line_1_31' title="bbox 176 1494 962 1531; baseline 0 -11"><span class='ocrx_word' id='word_1_225' title='bbox 176 1495 221 1520; x_wconf 76' lang='grc' dir='ltr'><strong>καὶ</strong></span> <span class='ocrx_word' id='word_1_226' title='bbox 232 1494 339 1529; x_wconf 86' lang='grc' dir='ltr'><strong>πρῶτον</strong></span> <span class='ocrx_word' id='word_1_227' title='bbox 350 1494 426 1529; x_wconf 81' lang='grc' dir='ltr'>χλόη,</span> <span class='ocrx_word' id='word_1_228' title='bbox 437 1494 484 1520; x_wconf 77' lang='grc' dir='ltr'><strong>καὶ</strong></span> <span class='ocrx_word' id='word_1_229' title='bbox 495 1494 554 1520; x_wconf 86' lang='grc' dir='ltr'>τότε</span> <span class='ocrx_word' id='word_1_230' title='bbox 568 1495 638 1526; x_wconf 82' lang='grc' dir='ltr'>σῖτος</span> <span class='ocrx_word' id='word_1_231' title='bbox 653 1495 681 1520; x_wconf 75' lang='grc' dir='ltr'>ἐν</span> <span class='ocrx_word' id='word_1_232' title='bbox 695 1495 727 1529; x_wconf 77' lang='grc' dir='ltr'><strong>τῇ</strong></span> <span class='ocrx_word' id='word_1_233' title='bbox 743 1494 855 1531; x_wconf 82' lang='grc' dir='ltr'><strong>βλάστῃ,</strong></span> <span class='ocrx_word' id='word_1_234' title='bbox 869 1494 962 1529; x_wconf 72' lang='grc' dir='ltr'>ἐπειδὴ</span> 
     </span>
    </p>
   </div>
   <div class='ocr_carea' id='block_1_32' title="bbox 175 1539 964 1576">
    <p class='ocr_par' dir='ltr' id='par_1_32' title="bbox 175 1539 964 1576">
     <span class='ocr_line' id='line_1_32' title="bbox 175 1539 964 1576; baseline 0 -10"><span class='ocrx_word' id='word_1_235' title='bbox 175 1540 220 1567; x_wconf 68' lang='grc' dir='ltr'><strong>διὰ</strong></span> <span class='ocrx_word' id='word_1_236' title='bbox 233 1540 278 1566; x_wconf 71' lang='grc' dir='ltr'><strong>τὸν</strong></span> <span class='ocrx_word' id='word_1_237' title='bbox 295 1541 365 1567; x_wconf 82' lang='grc' dir='ltr'><strong>σῖτον</strong></span> <span class='ocrx_word' id='word_1_238' title='bbox 381 1541 398 1575; x_wconf 85' lang='grc' dir='ltr'>ἡ</span> <span class='ocrx_word' id='word_1_239' title='bbox 413 1541 487 1576; x_wconf 86' lang='grc' dir='ltr'><strong>χλόη.</strong></span> <span class='ocrx_word' id='word_1_240' title='bbox 504 1540 559 1567; x_wconf 85' lang='lat' dir='ltr'><strong>Kal</strong></span> <span class='ocrx_word' id='word_1_241' title='bbox 574 1539 655 1573; x_wconf 81' lang='grc' dir='ltr'><em>οἶνος</em></span> <span class='ocrx_word' id='word_1_242' title='bbox 671 1541 823 1574; x_wconf 60' lang='grc' dir='ltr'><strong>εὐφραίνει</strong></span> <span class='ocrx_word' id='word_1_243' title='bbox 838 1541 964 1574; x_wconf 74' lang='grc' dir='ltr'><em>καρδίαν</em></span> 
     </span>
    </p>
   </div>
   <div class='ocr_carea' id='block_1_33' title="bbox 176 1585 965 1622">
    <p class='ocr_par' dir='ltr' id='par_1_33' title="bbox 176 1585 965 1622">
     <span class='ocr_line' id='line_1_33' title="bbox 176 1585 965 1622; baseline 0 -10"><span class='ocrx_word' id='word_1_244' title='bbox 176 1585 342 1620; x_wconf 65' lang='grc' dir='ltr'><strong>ἀνθρώπου,</strong></span> <span class='ocrx_word' id='word_1_245' title='bbox 358 1586 397 1614; x_wconf 84' lang='grc' dir='ltr'><strong>Οὺ</strong></span> <span class='ocrx_word' id='word_1_246' title='bbox 419 1587 484 1618; x_wconf 83' lang='grc' dir='ltr'>πᾶς,</span> <span class='ocrx_word' id='word_1_247' title='bbox 498 1586 514 1622; x_wconf 89' lang='grc' dir='ltr'>ἢ</span> <span class='ocrx_word' id='word_1_248' title='bbox 533 1586 612 1622; x_wconf 83' lang='grc' dir='ltr'>μόνος</span> <span class='ocrx_word' id='word_1_249' title='bbox 632 1587 646 1613; x_wconf 81' lang='grc' dir='ltr'>ὁ</span> <span class='ocrx_word' id='word_1_250' title='bbox 661 1586 710 1621; x_wconf 79' lang='grc' dir='ltr'><strong>τὴν</strong></span> <span class='ocrx_word' id='word_1_251' title='bbox 730 1586 835 1620; x_wconf 77' lang='grc' dir='ltr'>γένεσιν</span> <span class='ocrx_word' id='word_1_252' title='bbox 850 1586 918 1621; x_wconf 77' lang='grc' dir='ltr'>ἔχων</span> <span class='ocrx_word' id='word_1_253' title='bbox 932 1587 965 1612; x_wconf 81' lang='grc' dir='ltr'><strong>ἐκ</strong></span> 
     </span>
    </p>
   </div>
   <div class='ocr_carea' id='block_1_34' title="bbox 176 1631 962 1667">
    <p class='ocr_par' dir='ltr' id='par_1_34' title="bbox 176 1631 962 1667">
     <span class='ocr_line' id='line_1_34' title="bbox 176 1631 962 1667; baseline 0.001 -10"><span class='ocrx_word' id='word_1_254' title='bbox 176 1631 223 1657; x_wconf 74' lang='grc' dir='ltr'>τοῦ</span> <span class='ocrx_word' id='word_1_255' title='bbox 246 1632 383 1664; x_wconf 70' lang='grc' dir='ltr'>εἰπόντος’</span> <span class='ocrx_word' id='word_1_256' title='bbox 415 1632 487 1667; x_wconf 77' lang='grc' dir='ltr'><strong>Ἐγώ</strong></span> <span class='ocrx_word' id='word_1_257' title='bbox 502 1633 561 1667; x_wconf 72' lang='grc' dir='ltr'><strong>ειμι</strong></span> <span class='ocrx_word' id='word_1_258' title='bbox 584 1633 604 1666; x_wconf 71' lang='grc' dir='ltr'><strong>ἡ</strong></span> <span class='ocrx_word' id='word_1_259' title='bbox 627 1631 761 1666; x_wconf 79' lang='grc' dir='ltr'><em>ἄμπελος</em></span> <span class='ocrx_word' id='word_1_260' title='bbox 781 1633 801 1666; x_wconf 80' lang='grc' dir='ltr'><strong><em>ἡ</em></strong></span> <span class='ocrx_word' id='word_1_261' title='bbox 824 1631 962 1666; x_wconf 78' lang='grc' dir='ltr'><strong>ἀληθινή.</strong></span> 
     </span>
    </p>
   </div>
   <div class='ocr_carea' id='block_1_35' title="bbox 183 1678 964 1714">
    <p class='ocr_par' dir='ltr' id='par_1_35' title="bbox 183 1678 964 1714">
     <span class='ocr_line' id='line_1_35' title="bbox 183 1678 964 1714; baseline 0.001 -10"><span class='ocrx_word' id='word_1_262' title='bbox 183 1678 252 1705; x_wconf 80' lang='grc' dir='ltr'>Ἀλλ’</span> <span class='ocrx_word' id='word_1_263' title='bbox 272 1679 333 1705; x_wconf 74' lang='grc' dir='ltr'><strong>ἐπεὶ</strong></span> <span class='ocrx_word' id='word_1_264' title='bbox 348 1679 383 1708; x_wconf 79' lang='grc' dir='ltr'><strong>τὰ</strong></span> <span class='ocrx_word' id='word_1_265' title='bbox 405 1679 522 1714; x_wconf 80' lang='grc' dir='ltr'><strong>αἰσθητὰ</strong></span> <span class='ocrx_word' id='word_1_266' title='bbox 536 1679 626 1706; x_wconf 84' lang='grc' dir='ltr'><strong>πάντα</strong></span> <span class='ocrx_word' id='word_1_267' title='bbox 639 1679 676 1713; x_wconf 80' lang='grc' dir='ltr'>γῆ</span> <span class='ocrx_word' id='word_1_268' title='bbox 689 1679 733 1705; x_wconf 87' lang='grc' dir='ltr'><strong>διὰ</strong></span> <span class='ocrx_word' id='word_1_269' title='bbox 748 1679 778 1705; x_wconf 81' lang='grc' dir='ltr'><strong>τὸ</strong></span> <span class='ocrx_word' id='word_1_270' title='bbox 796 1679 886 1705; x_wconf 78' lang='grc' dir='ltr'>ὑλικὸν</span> <span class='ocrx_word' id='word_1_271' title='bbox 906 1679 964 1705; x_wconf 82' lang='grc' dir='ltr'><strong>ὀνο-</strong></span> 
     </span>
    </p>
   </div>
   <div class='ocr_carea' id='block_1_36' title="bbox 179 1725 965 1761">
    <p class='ocr_par' dir='ltr' id='par_1_36' title="bbox 179 1725 965 1761">
     <span class='ocr_line' id='line_1_36' title="bbox 179 1725 965 1761; baseline 0.001 -10"><span class='ocrx_word' id='word_1_272' title='bbox 179 1725 301 1761; x_wconf 74' lang='grc' dir='ltr'>μάζεται,</span> <span class='ocrx_word' id='word_1_273' title='bbox 315 1727 354 1758; x_wconf 83' lang='grc' dir='ltr'><strong>είς</strong></span> <span class='ocrx_word' id='word_1_274' title='bbox 366 1725 459 1754; x_wconf 80' lang='grc' dir='ltr'>τοῦτον</span> <span class='ocrx_word' id='word_1_275' title='bbox 469 1726 497 1752; x_wconf 82' lang='grc' dir='ltr'>δὲ</span> <span class='ocrx_word' id='word_1_276' title='bbox 508 1725 599 1752; x_wconf 81' lang='grc' dir='ltr'>λαϐεῖν</span> <span class='ocrx_word' id='word_1_277' title='bbox 610 1726 668 1752; x_wconf 76' lang='grc' dir='ltr'><strong>ἐστι</strong></span> <span class='ocrx_word' id='word_1_278' title='bbox 680 1725 757 1759; x_wconf 89' lang='grc' dir='ltr'>λόγον</span> <span class='ocrx_word' id='word_1_279' title='bbox 769 1726 965 1758; x_wconf 76' lang='grc' dir='ltr'><strong>ὰναῦιὸὰζοντα</strong></span> 
     </span>
    </p>
   </div>
   <div class='ocr_carea' id='block_1_37' title="bbox 175 1769 966 1809">
    <p class='ocr_par' dir='ltr' id='par_1_37' title="bbox 175 1769 966 1809">
     <span class='ocr_line' id='line_1_37' title="bbox 175 1769 966 1809; baseline 0 -11"><span class='ocrx_word' id='word_1_280' title='bbox 175 1772 221 1798; x_wconf 83' lang='grc' dir='ltr'>διά</span> <span class='ocrx_word' id='word_1_281' title='bbox 233 1781 303 1804; x_wconf 83' lang='grc' dir='ltr'>τινος</span> <span class='ocrx_word' id='word_1_282' title='bbox 320 1772 464 1806; x_wconf 76' lang='grc' dir='ltr'>ἀναλογίας</span> <span class='ocrx_word' id='word_1_283' title='bbox 477 1773 523 1799; x_wconf 68' lang='grc' dir='ltr'><strong>ἐπὶ</strong></span> <span class='ocrx_word' id='word_1_284' title='bbox 538 1773 572 1800; x_wconf 77' lang='grc' dir='ltr'><strong>τὰ</strong></span> <span class='ocrx_word' id='word_1_285' title='bbox 589 1772 687 1809; x_wconf 84' lang='grc' dir='ltr'>νοητά·</span> <span class='ocrx_word' id='word_1_286' title='bbox 706 1772 754 1802; x_wconf 62' lang='grc' dir='ltr'><strong>καὶ</strong></span> <span class='ocrx_word' id='word_1_287' title='bbox 768 1769 843 1803; x_wconf 77' lang='grc' dir='ltr'>οὗτος</span> <span class='ocrx_word' id='word_1_288' title='bbox 860 1772 874 1798; x_wconf 85' lang='grc' dir='ltr'>ὁ</span> <span class='ocrx_word' id='word_1_289' title='bbox 888 1772 966 1806; x_wconf 83' lang='grc' dir='ltr'>λόγος</span> 
     </span>
    </p>
   </div>
   <div class='ocr_carea' id='block_1_38' title="bbox 177 1817 966 1854">
    <p class='ocr_par' dir='ltr' id='par_1_38' title="bbox 177 1817 966 1854">
     <span class='ocr_line' id='line_1_38' title="bbox 177 1817 966 1854; baseline -0.003 -9"><span class='ocrx_word' id='word_1_290' title='bbox 177 1819 259 1854; x_wconf 82' lang='grc' dir='ltr'><strong>ἄρτος</strong></span> <span class='ocrx_word' id='word_1_291' title='bbox 274 1817 347 1845; x_wconf 75' lang='grc' dir='ltr'>ἐστὶν</span> <span class='ocrx_word' id='word_1_292' title='bbox 361 1818 394 1845; x_wconf 83' lang='grc' dir='ltr'><strong>ὲκ</strong></span> <span class='ocrx_word' id='word_1_293' title='bbox 416 1818 464 1853; x_wconf 76' lang='grc' dir='ltr'><strong>τῆς</strong></span> <span class='ocrx_word' id='word_1_294' title='bbox 481 1819 532 1853; x_wconf 85' lang='grc' dir='ltr'>γῆς</span> <span class='ocrx_word' id='word_1_295' title='bbox 554 1818 728 1853; x_wconf 75' lang='grc' dir='ltr'>ἐξαγόμενος,</span> <span class='ocrx_word' id='word_1_296' title='bbox 745 1819 791 1844; x_wconf 71' lang='grc' dir='ltr'><strong>ἐπὶ</strong></span> <span class='ocrx_word' id='word_1_297' title='bbox 807 1818 838 1844; x_wconf 83' lang='grc' dir='ltr'>τὸ</span> <span class='ocrx_word' id='word_1_298' title='bbox 857 1818 966 1853; x_wconf 79' lang='grc' dir='ltr'><strong>τρέφειν</strong></span> 
     </span>
    </p>
   </div>
   <div class='ocr_carea' id='block_1_39' title="bbox 177 1863 966 1900">
    <p class='ocr_par' dir='ltr' id='par_1_39' title="bbox 177 1863 966 1900">
     <span class='ocr_line' id='line_1_39' title="bbox 177 1863 966 1900; baseline 0 -10"><span class='ocrx_word' id='word_1_299' title='bbox 177 1863 224 1890; x_wconf 59' lang='grc' dir='ltr'><strong>τὶν</strong></span> <span class='ocrx_word' id='word_1_300' title='bbox 241 1863 313 1890; x_wconf 74' lang='grc' dir='ltr'>ἔνδον</span> <span class='ocrx_word' id='word_1_301' title='bbox 332 1864 379 1890; x_wconf 75' lang='grc' dir='ltr'><strong>καὶ</strong></span> <span class='ocrx_word' id='word_1_302' title='bbox 401 1864 430 1891; x_wconf 84' lang='grc' dir='ltr'>ὲν</span> <span class='ocrx_word' id='word_1_303' title='bbox 453 1863 568 1899; x_wconf 80' lang='grc' dir='ltr'>κρυπτῷ</span> <span class='ocrx_word' id='word_1_304' title='bbox 589 1864 742 1900; x_wconf 74' lang='grc' dir='ltr'>ἄνθρωπον,</span> <span class='ocrx_word' id='word_1_305' title='bbox 764 1864 811 1893; x_wconf 77' lang='grc' dir='ltr'><strong>καὶ</strong></span> <span class='ocrx_word' id='word_1_306' title='bbox 834 1864 887 1890; x_wconf 83' lang='grc' dir='ltr'>ἀπὸ</span> <span class='ocrx_word' id='word_1_307' title='bbox 911 1864 966 1890; x_wconf 86' lang='grc' dir='ltr'><strong>τῶν</strong></span> 
     </span>
    </p>
   </div>
   <div class='ocr_carea' id='block_1_40' title="bbox 180 1909 965 1945">
    <p class='ocr_par' dir='ltr' id='par_1_40' title="bbox 180 1909 965 1945">
     <span class='ocr_line' id='line_1_40' title="bbox 180 1909 965 1945; baseline 0.003 -11"><span class='ocrx_word' id='word_1_308' title='bbox 180 1909 344 1943; x_wconf 68' lang='grc' dir='ltr'>σωματικῶν</span> <span class='ocrx_word' id='word_1_309' title='bbox 359 1909 387 1936; x_wconf 87' lang='grc' dir='ltr'>δὲ</span> <span class='ocrx_word' id='word_1_310' title='bbox 400 1910 449 1944; x_wconf 78' lang='grc' dir='ltr'><strong>τῆς</strong></span> <span class='ocrx_word' id='word_1_311' title='bbox 466 1909 574 1945; x_wconf 77' lang='grc' dir='ltr'><strong>γραφῆς</strong></span> <span class='ocrx_word' id='word_1_312' title='bbox 593 1909 769 1945; x_wconf 85' lang='grc' dir='ltr'><strong>διηγημάτων</strong></span> <span class='ocrx_word' id='word_1_313' title='bbox 783 1909 827 1936; x_wconf 84' lang='grc' dir='ltr'>διὰ</span> <span class='ocrx_word' id='word_1_314' title='bbox 844 1910 874 1936; x_wconf 85' lang='grc' dir='ltr'><strong>τὺ</strong></span> <span class='ocrx_word' id='word_1_315' title='bbox 894 1911 965 1936; x_wconf 71' lang='grc' dir='ltr'><strong>ἱστο-</strong></span> 
     </span>
    </p>
   </div>
   <div class='ocr_carea' id='block_1_41' title="bbox 179 1955 967 1991">
    <p class='ocr_par' dir='ltr' id='par_1_41' title="bbox 179 1955 967 1991">
     <span class='ocr_line' id='line_1_41' title="bbox 179 1955 967 1991; baseline 0.001 -10"><span class='ocrx_word' id='word_1_316' title='bbox 179 1955 254 1990; x_wconf 70' lang='grc' dir='ltr'>ρικέιν</span> <span class='ocrx_word' id='word_1_317' title='bbox 272 1955 307 1990; x_wconf 86' lang='grc' dir='ltr'>γῆ</span> <span class='ocrx_word' id='word_1_318' title='bbox 331 1957 483 1991; x_wconf 77' lang='grc' dir='ltr'>εἰρημένον.</span> <span class='ocrx_word' id='word_1_319' title='bbox 502 1956 600 1991; x_wconf 69' lang='lat' dir='ltr'><strong>&quot;Apro;</strong></span> <span class='ocrx_word' id='word_1_320' title='bbox 619 1956 781 1991; x_wconf 77' lang='grc' dir='ltr'>ἐξαγόμενος</span> <span class='ocrx_word' id='word_1_321' title='bbox 804 1956 818 1982; x_wconf 75' lang='grc' dir='ltr'><strong>ό</strong></span> <span class='ocrx_word' id='word_1_322' title='bbox 837 1955 967 1991; x_wconf 74' lang='grc' dir='ltr'><strong>μυστικάς</strong></span> 
     </span>
    </p>
   </div>
   <div class='ocr_carea' id='block_1_42' title="bbox 178 2000 965 2035">
    <p class='ocr_par' dir='ltr' id='par_1_42' title="bbox 178 2000 965 2035">
     <span class='ocr_line' id='line_1_42' title="bbox 178 2000 965 2035; baseline -0.003 -6"><span class='ocrx_word' id='word_1_323' title='bbox 178 2002 236 2029; x_wconf 73' lang='grc' dir='ltr'><strong>ἐστι</strong></span> <span class='ocrx_word' id='word_1_324' title='bbox 251 2000 338 2035; x_wconf 79' lang='grc' dir='ltr'>λόγος.</span> <span class='ocrx_word' id='word_1_325' title='bbox 365 2001 419 2028; x_wconf 84' lang='grc' dir='ltr'><strong>Τοῦ</strong></span> <span class='ocrx_word' id='word_1_326' title='bbox 434 2001 607 2035; x_wconf 75' lang='grc' dir='ltr'>ὲξιλαρῦναι</span> <span class='ocrx_word' id='word_1_327' title='bbox 629 2002 792 2035; x_wconf 75' lang='grc' dir='ltr'><strong>πρόσωπον</strong></span> <span class='ocrx_word' id='word_1_328' title='bbox 808 2001 842 2027; x_wconf 77' lang='grc' dir='ltr'>ἐν</span> <span class='ocrx_word' id='word_1_329' title='bbox 864 2001 965 2032; x_wconf 83' lang='grc' dir='ltr'>ἐλαίῳ,</span> 
     </span>
    </p>
   </div>
   <div class='ocr_carea' id='block_1_43' title="bbox 179 2047 966 2083">
    <p class='ocr_par' dir='ltr' id='par_1_43' title="bbox 179 2047 966 2083">
     <span class='ocr_line' id='line_1_43' title="bbox 179 2047 966 2083; baseline 0 -10"><span class='ocrx_word' id='word_1_330' title='bbox 179 2047 228 2074; x_wconf 75' lang='grc' dir='ltr'><strong>καὶ</strong></span> <span class='ocrx_word' id='word_1_331' title='bbox 249 2047 337 2082; x_wconf 81' lang='grc' dir='ltr'><em>ἄρτος</em></span> <span class='ocrx_word' id='word_1_332' title='bbox 357 2047 483 2081; x_wconf 79' lang='grc' dir='ltr'><strong>καρδίαν</strong></span> <span class='ocrx_word' id='word_1_333' title='bbox 496 2048 653 2082; x_wconf 80' lang='grc' dir='ltr'><strong>ἀνθρώπου</strong></span> <span class='ocrx_word' id='word_1_334' title='bbox 669 2047 807 2081; x_wconf 76' lang='grc' dir='ltr'><strong>στηρίξει.</strong></span> <span class='ocrx_word' id='word_1_335' title='bbox 830 2047 966 2083; x_wconf 81' lang='grc' dir='ltr'>Ἱλαρύνε-</span> 
     </span>
    </p>
   </div>
   <div class='ocr_carea' id='block_1_44' title="bbox 178 2092 968 2131">
    <p class='ocr_par' dir='ltr' id='par_1_44' title="bbox 178 2092 968 2131">
     <span class='ocr_line' id='line_1_44' title="bbox 178 2092 968 2131; baseline -0.001 -11"><span class='ocrx_word' id='word_1_336' title='bbox 178 2103 223 2120; x_wconf 69' lang='grc' dir='ltr'><strong>ται</strong></span> <span class='ocrx_word' id='word_1_337' title='bbox 237 2094 264 2120; x_wconf 77' lang='grc' dir='ltr'>δὲ</span> <span class='ocrx_word' id='word_1_338' title='bbox 281 2094 327 2121; x_wconf 76' lang='grc' dir='ltr'><strong>καὶ</strong></span> <span class='ocrx_word' id='word_1_339' title='bbox 343 2094 516 2131; x_wconf 80' lang='grc' dir='ltr'><strong>φαιδρύνεται</strong></span> <span class='ocrx_word' id='word_1_340' title='bbox 530 2094 560 2121; x_wconf 84' lang='grc' dir='ltr'><strong>τὸ</strong></span> <span class='ocrx_word' id='word_1_341' title='bbox 577 2094 720 2129; x_wconf 79' lang='grc' dir='ltr'>πρόσωπον</span> <span class='ocrx_word' id='word_1_342' title='bbox 735 2093 782 2122; x_wconf 71' lang='grc' dir='ltr'><strong>τοῦ</strong></span> <span class='ocrx_word' id='word_1_343' title='bbox 798 2093 851 2120; x_wconf 68' lang='grc' dir='ltr'>ἔσω</span> <span class='ocrx_word' id='word_1_344' title='bbox 864 2092 968 2129; x_wconf 82' lang='grc' dir='ltr'>ἀνθρώ-</span> 
     </span>
    </p>
   </div>
   <div class='ocr_carea' id='block_1_45' title="bbox 179 2137 967 2175">
    <p class='ocr_par' dir='ltr' id='par_1_45' title="bbox 179 2137 967 2175">
     <span class='ocr_line' id='line_1_45' title="bbox 179 2137 967 2175; baseline -0.003 -9"><span class='ocrx_word' id='word_1_345' title='bbox 179 2149 230 2166; x_wconf 78' lang='grc' dir='ltr'><strong>που</strong></span> <span class='ocrx_word' id='word_1_346' title='bbox 247 2140 329 2175; x_wconf 80' lang='grc' dir='ltr'><strong>ἐλαίῳ</strong></span> <span class='ocrx_word' id='word_1_347' title='bbox 344 2139 385 2175; x_wconf 82' lang='grc' dir='ltr'><strong>τῷ</strong></span> <span class='ocrx_word' id='word_1_348' title='bbox 402 2139 540 2175; x_wconf 79' lang='grc' dir='ltr'><strong>θρεπτικῴ</strong></span> <span class='ocrx_word' id='word_1_349' title='bbox 555 2139 601 2166; x_wconf 79' lang='grc' dir='ltr'><strong>τοῦ</strong></span> <span class='ocrx_word' id='word_1_350' title='bbox 620 2139 691 2166; x_wconf 79' lang='grc' dir='ltr'>θείου</span> <span class='ocrx_word' id='word_1_351' title='bbox 705 2139 803 2172; x_wconf 82' lang='grc' dir='ltr'>φωτὸς,</span> <span class='ocrx_word' id='word_1_352' title='bbox 819 2138 866 2165; x_wconf 83' lang='grc' dir='ltr'><strong>καὶ</strong></span> <span class='ocrx_word' id='word_1_353' title='bbox 878 2137 967 2165; x_wconf 83' lang='grc' dir='ltr'>λύοντι</span> 
     </span>
    </p>
   </div>
   <div class='ocr_carea' id='block_1_46' title="bbox 178 2185 966 2221">
    <p class='ocr_par' dir='ltr' id='par_1_46' title="bbox 178 2185 966 2221">
     <span class='ocr_line' id='line_1_46' title="bbox 178 2185 966 2221; baseline -0.001 -9"><span class='ocrx_word' id='word_1_354' title='bbox 178 2187 227 2219; x_wconf 75' lang='grc' dir='ltr'><strong>τὰς</strong></span> <span class='ocrx_word' id='word_1_355' title='bbox 242 2186 335 2218; x_wconf 74' lang='grc' dir='ltr'>νόσους</span> <span class='ocrx_word' id='word_1_356' title='bbox 349 2185 396 2213; x_wconf 75' lang='grc' dir='ltr'><strong>καὶ</strong></span> <span class='ocrx_word' id='word_1_357' title='bbox 409 2186 472 2217; x_wconf 78' lang='grc' dir='ltr'>τοὺς</span> <span class='ocrx_word' id='word_1_358' title='bbox 487 2186 583 2217; x_wconf 86' lang='grc' dir='ltr'><strong>πόνους</strong></span> <span class='ocrx_word' id='word_1_359' title='bbox 597 2186 646 2221; x_wconf 84' lang='grc' dir='ltr'><strong>τῆς</strong></span> <span class='ocrx_word' id='word_1_360' title='bbox 660 2185 759 2220; x_wconf 73' lang='grc' dir='ltr'><strong>ψυχῆς,</strong></span> <span class='ocrx_word' id='word_1_361' title='bbox 777 2185 882 2221; x_wconf 77' lang='grc' dir='ltr'><strong>ἐπινοίᾳ</strong></span> <span class='ocrx_word' id='word_1_362' title='bbox 900 2185 966 2220; x_wconf 78' lang='grc' dir='ltr'>μόνῃ</span> 
     </span>
    </p>
   </div>
   <div class='ocr_carea' id='block_1_47' title="bbox 181 2230 966 2269">
    <p class='ocr_par' dir='ltr' id='par_1_47' title="bbox 181 2230 966 2269">
     <span class='ocr_line' id='line_1_47' title="bbox 181 2230 966 2269; baseline -0.005 -9"><span class='ocrx_word' id='word_1_363' title='bbox 181 2233 307 2269; x_wconf 75' lang='grc' dir='ltr'><strong>διαφέρον</strong></span> <span class='ocrx_word' id='word_1_364' title='bbox 333 2231 380 2258; x_wconf 81' lang='grc' dir='ltr'><strong>τοῦ</strong></span> <span class='ocrx_word' id='word_1_365' title='bbox 407 2231 583 2263; x_wconf 78' lang='grc' dir='ltr'>ἀποδοθέντος</span> <span class='ocrx_word' id='word_1_366' title='bbox 603 2231 686 2259; x_wconf 84' lang='grc' dir='ltr'>οἴνου.</span> <span class='ocrx_word' id='word_1_367' title='bbox 713 2232 742 2258; x_wconf 82' lang='grc'><strong>’0</strong></span> <span class='ocrx_word' id='word_1_368' title='bbox 765 2231 818 2266; x_wconf 83' lang='grc' dir='ltr'><strong>γὰρ</strong></span> <span class='ocrx_word' id='word_1_369' title='bbox 834 2230 881 2257; x_wconf 81' lang='grc' dir='ltr'><strong>τοῦ</strong></span> <span class='ocrx_word' id='word_1_370' title='bbox 899 2230 966 2257; x_wconf 78' lang='grc' dir='ltr'>Θεοῦ</span> 
     </span>
    </p>
   </div>
   <div class='ocr_carea' id='block_1_48' title="bbox 179 2277 966 2314">
    <p class='ocr_par' dir='ltr' id='par_1_48' title="bbox 179 2277 966 2314">
     <span class='ocr_line' id='line_1_48' title="bbox 179 2277 966 2314; baseline -0.005 -8"><span class='ocrx_word' id='word_1_371' title='bbox 179 2279 258 2314; x_wconf 76' lang='grc' dir='ltr'>λόγος</span> <span class='ocrx_word' id='word_1_372' title='bbox 272 2279 365 2314; x_wconf 76' lang='grc' dir='ltr'>ὥσπερ</span> <span class='ocrx_word' id='word_1_373' title='bbox 379 2278 510 2314; x_wconf 74' lang='grc' dir='ltr'>ἄμπελος,</span> <span class='ocrx_word' id='word_1_374' title='bbox 527 2277 598 2304; x_wconf 77' lang='grc' dir='ltr'>οὕτω</span> <span class='ocrx_word' id='word_1_375' title='bbox 619 2278 666 2304; x_wconf 83' lang='grc' dir='ltr'><strong>καὶ</strong></span> <span class='ocrx_word' id='word_1_376' title='bbox 680 2277 758 2304; x_wconf 81' lang='grc' dir='ltr'>ἐλαία</span> <span class='ocrx_word' id='word_1_377' title='bbox 772 2277 860 2304; x_wconf 75' lang='grc' dir='ltr'><strong>ἐστίν·</strong></span> <span class='ocrx_word' id='word_1_378' title='bbox 883 2277 966 2312; x_wconf 52' lang='grc' dir='ltr'>Ἐγὼ,</span> 
     </span>
    </p>
   </div>
   <div class='ocr_carea' id='block_1_49' title="bbox 181 2322 966 2360">
    <p class='ocr_par' dir='ltr' id='par_1_49' title="bbox 181 2322 966 2360">
     <span class='ocr_line' id='line_1_49' title="bbox 181 2322 966 2360; baseline -0.005 -8"><span class='ocrx_word' id='word_1_379' title='bbox 181 2326 279 2360; x_wconf 72' lang='grc' dir='ltr'>φησὶν,</span> <span class='ocrx_word' id='word_1_380' title='bbox 302 2324 373 2351; x_wconf 80' lang='grc' dir='ltr'><strong>ὡσεὶ</strong></span> <span class='ocrx_word' id='word_1_381' title='bbox 399 2324 486 2351; x_wconf 78' lang='grc' dir='ltr'><em>ἐλαία</em></span> <span class='ocrx_word' id='word_1_382' title='bbox 509 2323 699 2357; x_wconf 79' lang='grc' dir='ltr'><em>κατάκαρπος</em></span> <span class='ocrx_word' id='word_1_383' title='bbox 712 2323 746 2349; x_wconf 84' lang='grc' dir='ltr'><strong>ὲν</strong></span> <span class='ocrx_word' id='word_1_384' title='bbox 768 2322 808 2355; x_wconf 85' lang='grc' dir='ltr'><strong>τῷ</strong></span> <span class='ocrx_word' id='word_1_385' title='bbox 825 2322 896 2357; x_wconf 78' lang='grc' dir='ltr'><em>οἴκῳ</em></span> <span class='ocrx_word' id='word_1_386' title='bbox 912 2322 966 2349; x_wconf 83' lang='grc' dir='ltr'><em>τοῦ</em></span> 
     </span>
    </p>
   </div>
   <div class='ocr_carea' id='block_1_50' title="bbox 182 2367 966 2405">
    <p class='ocr_par' dir='ltr' id='par_1_50' title="bbox 182 2367 966 2405">
     <span class='ocr_line' id='line_1_50' title="bbox 182 2367 966 2405; baseline -0.005 -8"><span class='ocrx_word' id='word_1_387' title='bbox 182 2370 266 2397; x_wconf 80' lang='grc' dir='ltr'><strong>θεοῦ.</strong></span> <span class='ocrx_word' id='word_1_388' title='bbox 290 2368 320 2396; x_wconf 86' lang='grc' dir='ltr'>Ἢ</span> <span class='ocrx_word' id='word_1_389' title='bbox 336 2369 389 2405; x_wconf 74' lang='grc' dir='ltr'>γὰρ</span> <span class='ocrx_word' id='word_1_390' title='bbox 403 2368 485 2395; x_wconf 79' lang='grc' dir='ltr'>αὑτοῦ</span> <span class='ocrx_word' id='word_1_391' title='bbox 501 2368 658 2394; x_wconf 70' lang='grc' dir='ltr'>διδαοκαλία</span> <span class='ocrx_word' id='word_1_392' title='bbox 671 2367 741 2394; x_wconf 77' lang='grc' dir='ltr'><strong>κατὰ</strong></span> <span class='ocrx_word' id='word_1_393' title='bbox 757 2367 883 2402; x_wconf 79' lang='grc' dir='ltr'>διάφορον</span> <span class='ocrx_word' id='word_1_394' title='bbox 905 2367 966 2402; x_wconf 77' lang='grc' dir='ltr'><strong>σχέ-</strong></span> 
     </span>
    </p>
   </div>
   <div class='ocr_carea' id='block_1_51' title="bbox 182 2414 753 2450">
    <p class='ocr_par' dir='ltr' id='par_1_51' title="bbox 182 2414 753 2450">
     <span class='ocr_line' id='line_1_51' title="bbox 182 2414 753 2450; baseline -0.005 -7"><span class='ocrx_word' id='word_1_395' title='bbox 182 2425 222 2443; x_wconf 80' lang='grc' dir='ltr'>σιν</span> <span class='ocrx_word' id='word_1_396' title='bbox 235 2414 305 2448; x_wconf 71' lang='grc' dir='ltr'>οἶνός</span> <span class='ocrx_word' id='word_1_397' title='bbox 321 2425 350 2443; x_wconf 82' lang='grc' dir='ltr'>τε</span> <span class='ocrx_word' id='word_1_398' title='bbox 367 2416 414 2443; x_wconf 77' lang='grc' dir='ltr'><strong>καὶ</strong></span> <span class='ocrx_word' id='word_1_399' title='bbox 429 2415 515 2442; x_wconf 75' lang='grc' dir='ltr'>ἔλαιόν</span> <span class='ocrx_word' id='word_1_400' title='bbox 529 2416 586 2441; x_wconf 75' lang='grc' dir='ltr'>ἐστι</span> <span class='ocrx_word' id='word_1_401' title='bbox 599 2414 645 2441; x_wconf 75' lang='grc' dir='ltr'><strong>καὶ</strong></span> <span class='ocrx_word' id='word_1_402' title='bbox 662 2414 753 2450; x_wconf 76' lang='grc' dir='ltr'>ἄρτος.</span> 
     </span>
    </p>
   </div>
   <div class='ocr_carea' id='block_1_52' title="bbox 215 2459 964 2498">
    <p class='ocr_par' dir='ltr' id='par_1_52' title="bbox 215 2459 964 2498">
     <span class='ocr_line' id='line_1_52' title="bbox 215 2459 964 2498; baseline -0.005 -8"><span class='ocrx_word' id='word_1_403' title='bbox 215 2463 456 2498; x_wconf 73' lang='grc' dir='ltr'><strong>Χορτασοιὶσεται</strong></span> <span class='ocrx_word' id='word_1_404' title='bbox 470 2462 507 2489; x_wconf 87' lang='grc' dir='ltr'><strong>τὰ</strong></span> <span class='ocrx_word' id='word_1_405' title='bbox 523 2462 601 2494; x_wconf 74' lang='grc' dir='ltr'><strong>ξύλα</strong></span> <span class='ocrx_word' id='word_1_406' title='bbox 618 2461 671 2488; x_wconf 84' lang='grc' dir='ltr'><em>τοῦ</em></span> <span class='ocrx_word' id='word_1_407' title='bbox 686 2461 801 2492; x_wconf 84' lang='grc' dir='ltr'><strong>πεδίου,</strong></span> <span class='ocrx_word' id='word_1_408' title='bbox 820 2462 850 2487; x_wconf 82' lang='grc' dir='ltr'><strong>αἱ</strong></span> <span class='ocrx_word' id='word_1_409' title='bbox 867 2459 964 2494; x_wconf 79' lang='grc' dir='ltr'><strong>κέδροι</strong></span> 
     </span>
    </p>
   </div>
   <div class='ocr_carea' id='block_1_53' title="bbox 180 2507 966 2543">
    <p class='ocr_par' dir='ltr' id='par_1_53' title="bbox 180 2507 966 2543">
     <span class='ocr_line' id='line_1_53' title="bbox 180 2507 966 2543; baseline -0.005 -5"><span class='ocrx_word' id='word_1_410' title='bbox 180 2511 234 2539; x_wconf 84' lang='grc' dir='ltr'><strong>τοῦ</strong></span> <span class='ocrx_word' id='word_1_411' title='bbox 247 2510 374 2538; x_wconf 76' lang='grc' dir='ltr'><strong>Λιὸάνου</strong></span> <span class='ocrx_word' id='word_1_412' title='bbox 388 2508 424 2542; x_wconf 76' lang='grc' dir='ltr'><strong>ἃς</strong></span> <span class='ocrx_word' id='word_1_413' title='bbox 436 2509 606 2543; x_wconf 65' lang='grc' dir='ltr'><strong>ἐφύτευσας</strong></span> <span class='ocrx_word' id='word_1_414' title='bbox 615 2516 621 2525; x_wconf 67' lang='grc' dir='ltr'><strong>η</strong></span> <span class='ocrx_word' id='word_1_415' title='bbox 638 2507 702 2534; x_wconf 77' lang='grc' dir='ltr'><strong>ἐκεῖ</strong></span> <span class='ocrx_word' id='word_1_416' title='bbox 709 2508 851 2541; x_wconf 80' lang='grc' dir='ltr'><em>στρουθία</em></span> <span class='ocrx_word' id='word_1_417' title='bbox 861 2507 966 2534; x_wconf 74' lang='grc' dir='ltr'><strong>ἐννοσ-</strong></span> 
     </span>
    </p>
   </div>
   <div class='ocr_carea' id='block_1_54' title="bbox 181 2553 964 2589">
    <p class='ocr_par' dir='ltr' id='par_1_54' title="bbox 181 2553 964 2589">
     <span class='ocr_line' id='line_1_54' title="bbox 181 2553 964 2589; baseline -0.008 -4"><span class='ocrx_word' id='word_1_418' title='bbox 181 2558 339 2585; x_wconf 78' lang='grc' dir='ltr'><strong>σεύσουσι.</strong></span> <span class='ocrx_word' id='word_1_419' title='bbox 360 2556 414 2583; x_wconf 85' lang='grc' dir='ltr'><strong>Τοῦ</strong></span> <span class='ocrx_word' id='word_1_420' title='bbox 430 2554 552 2589; x_wconf 81' lang='grc' dir='ltr'><strong>ἑρωδιοῦ</strong></span> <span class='ocrx_word' id='word_1_421' title='bbox 577 2555 596 2588; x_wconf 78' lang='grc' dir='ltr'>ἡ</span> <span class='ocrx_word' id='word_1_422' title='bbox 622 2554 700 2581; x_wconf 70' lang='grc' dir='ltr'><em>οὶκία</em></span> <span class='ocrx_word' id='word_1_423' title='bbox 716 2553 828 2589; x_wconf 74' lang='grc' dir='ltr'>ἡγεῖται</span> <span class='ocrx_word' id='word_1_424' title='bbox 852 2553 964 2580; x_wconf 73' lang='grc' dir='ltr'><strong>αὐτῶν·</strong></span> 
     </span>
    </p>
   </div>
   <div class='ocr_carea' id='block_1_55' title="bbox 183 2598 966 2639">
    <p class='ocr_par' dir='ltr' id='par_1_55' title="bbox 183 2598 966 2639">
     <span class='ocr_line' id='line_1_55' title="bbox 183 2598 966 2639; baseline -0.008 -8"><span class='ocrx_word' id='word_1_425' title='bbox 183 2605 235 2639; x_wconf 79' lang='grc' dir='ltr'><strong>ὅρη</strong></span> <span class='ocrx_word' id='word_1_426' title='bbox 249 2603 285 2631; x_wconf 85' lang='grc' dir='ltr'><strong>τὰ</strong></span> <span class='ocrx_word' id='word_1_427' title='bbox 301 2602 405 2637; x_wconf 69' lang='grc' dir='ltr'>ὑψηλὰ</span> <span class='ocrx_word' id='word_1_428' title='bbox 417 2603 481 2635; x_wconf 76' lang='grc' dir='ltr'><em>ταῖς</em></span> <span class='ocrx_word' id='word_1_429' title='bbox 491 2601 624 2636; x_wconf 61' lang='grc' dir='ltr'><em>ἐλάφοις,</em></span> <span class='ocrx_word' id='word_1_430' title='bbox 637 2600 729 2634; x_wconf 76' lang='grc' dir='ltr'><em>πέτρα</em></span> <span class='ocrx_word' id='word_1_431' title='bbox 739 2599 893 2634; x_wconf 64' lang='grc' dir='ltr'><strong>καταφυγὴ</strong></span> <span class='ocrx_word' id='word_1_432' title='bbox 906 2598 966 2632; x_wconf 86' lang='grc' dir='ltr'><em>τοῖς</em></span> 
     </span>
    </p>
   </div>
   <div class='ocr_carea' id='block_1_56' title="bbox 184 2645 968 2686">
    <p class='ocr_par' dir='ltr' id='par_1_56' title="bbox 184 2645 968 2686">
     <span class='ocr_line' id='line_1_56' title="bbox 184 2645 968 2686; baseline -0.008 -9"><span class='ocrx_word' id='word_1_433' title='bbox 184 2649 430 2686; x_wconf 73' lang='grc' dir='ltr'><strong>χοιρογρυλλιόις.</strong></span> <span class='ocrx_word' id='word_1_434' title='bbox 456 2648 485 2675; x_wconf 81' lang='lat'><strong>&#39;0</strong></span> <span class='ocrx_word' id='word_1_435' title='bbox 506 2648 630 2683; x_wconf 65' lang='grc' dir='ltr'>Ἐϐραῖος</span> <span class='ocrx_word' id='word_1_436' title='bbox 659 2647 706 2673; x_wconf 80' lang='grc' dir='ltr'><strong>καὶ</strong></span> <span class='ocrx_word' id='word_1_437' title='bbox 730 2647 754 2672; x_wconf 74' lang='grc' dir='ltr'>οἱ</span> <span class='ocrx_word' id='word_1_438' title='bbox 775 2645 873 2679; x_wconf 76' lang='grc' dir='ltr'>λοιποὶ,</span> <span class='ocrx_word' id='word_1_439' title='bbox 891 2645 968 2677; x_wconf 78' lang='grc' dir='ltr'><strong>ξύλα</strong></span> 
     </span>
    </p>
   </div>
   <div class='ocr_carea' id='block_1_57' title="bbox 184 2691 967 2729">
    <p class='ocr_par' dir='ltr' id='par_1_57' title="bbox 184 2691 967 2729">
     <span class='ocr_line' id='line_1_57' title="bbox 184 2691 967 2729; baseline -0.008 -6"><span class='ocrx_word' id='word_1_440' title='bbox 184 2697 237 2724; x_wconf 78' lang='grc' dir='ltr'><strong>τοῦ</strong></span> <span class='ocrx_word' id='word_1_441' title='bbox 263 2696 389 2729; x_wconf 84' lang='grc' dir='ltr'><strong>Κυρίου,</strong></span> <span class='ocrx_word' id='word_1_442' title='bbox 415 2693 564 2721; x_wconf 82' lang='grc' dir='ltr'>τεθείκασι.</span> <span class='ocrx_word' id='word_1_443' title='bbox 588 2691 734 2725; x_wconf 80' lang='grc' dir='ltr'>Διεξελοὼν</span> <span class='ocrx_word' id='word_1_444' title='bbox 759 2691 794 2718; x_wconf 78' lang='grc' dir='ltr'><strong>τὰ</strong></span> <span class='ocrx_word' id='word_1_445' title='bbox 820 2691 967 2727; x_wconf 78' lang='grc' dir='ltr'><strong>κάρπιμα,</strong></span> 
     </span>
    </p>
   </div>
   <div class='ocr_carea' id='block_1_58' title="bbox 185 2737 970 2776">
    <p class='ocr_par' dir='ltr' id='par_1_58' title="bbox 185 2737 970 2776">
     <span class='ocr_line' id='line_1_58' title="bbox 185 2737 970 2776; baseline -0.005 -8"><span class='ocrx_word' id='word_1_446' title='bbox 185 2741 340 2776; x_wconf 79' lang='grc' dir='ltr'>ἀναγκαίως</span> <span class='ocrx_word' id='word_1_447' title='bbox 357 2739 517 2776; x_wconf 80' lang='grc' dir='ltr'>μνημονεύει</span> <span class='ocrx_word' id='word_1_448' title='bbox 541 2739 588 2766; x_wconf 72' lang='grc' dir='ltr'><strong>καὶ</strong></span> <span class='ocrx_word' id='word_1_449' title='bbox 603 2739 657 2765; x_wconf 82' lang='grc' dir='ltr'><strong>τῶν</strong></span> <span class='ocrx_word' id='word_1_450' title='bbox 671 2738 812 2774; x_wconf 80' lang='grc' dir='ltr'><strong>ἀκάρπων,</strong></span> <span class='ocrx_word' id='word_1_451' title='bbox 828 2738 865 2769; x_wconf 84' lang='grc' dir='ltr'>ὡς</span> <span class='ocrx_word' id='word_1_452' title='bbox 888 2737 970 2771; x_wconf 86' lang='grc' dir='ltr'>ἀναγ-</span> 
     </span>
    </p>
   </div>
   <div class='ocr_carea' id='block_1_59' title="bbox 186 2783 968 2822">
    <p class='ocr_par' dir='ltr' id='par_1_59' title="bbox 186 2783 968 2822">
     <span class='ocr_line' id='line_1_59' title="bbox 186 2783 968 2822; baseline -0.006 -8"><span class='ocrx_word' id='word_1_453' title='bbox 186 2787 265 2814; x_wconf 76' lang='grc' dir='ltr'>καίαν</span> <span class='ocrx_word' id='word_1_454' title='bbox 290 2786 444 2822; x_wconf 82' lang='grc' dir='ltr'>ἀνθρώποις</span> <span class='ocrx_word' id='word_1_455' title='bbox 470 2785 517 2811; x_wconf 77' lang='grc' dir='ltr'><strong>καὶ</strong></span> <span class='ocrx_word' id='word_1_456' title='bbox 544 2784 632 2811; x_wconf 80' lang='grc' dir='ltr'><strong>αὐτῶν</strong></span> <span class='ocrx_word' id='word_1_457' title='bbox 661 2784 834 2820; x_wconf 76' lang='grc' dir='ltr'>παρεχόντων</span> <span class='ocrx_word' id='word_1_458' title='bbox 864 2783 968 2818; x_wconf 79' lang='grc' dir='ltr'>χρείαν.</span> 
     </span>
    </p>
   </div>
   <div class='ocr_carea' id='block_1_60' title="bbox 186 2829 970 2867">
    <p class='ocr_par' dir='ltr' id='par_1_60' title="bbox 186 2829 970 2867">
     <span class='ocr_line' id='line_1_60' title="bbox 186 2829 970 2867; baseline -0.008 -6"><span class='ocrx_word' id='word_1_459' title='bbox 186 2835 234 2862; x_wconf 67' lang='lat' dir='ltr'><strong>dri</strong></span> <span class='ocrx_word' id='word_1_460' title='bbox 247 2833 324 2861; x_wconf 77' lang='grc' dir='ltr'>τοῦτο</span> <span class='ocrx_word' id='word_1_461' title='bbox 339 2833 384 2859; x_wconf 75' lang='grc' dir='ltr'><strong>καὶ</strong></span> <span class='ocrx_word' id='word_1_462' title='bbox 398 2831 499 2867; x_wconf 81' lang='grc' dir='ltr'>Κυρίου</span> <span class='ocrx_word' id='word_1_463' title='bbox 521 2831 591 2858; x_wconf 77' lang='grc' dir='ltr'><strong>αὐτὰ</strong></span> <span class='ocrx_word' id='word_1_464' title='bbox 607 2831 832 2866; x_wconf 74' lang='grc' dir='ltr'>προσηγόρευσεν,</span> <span class='ocrx_word' id='word_1_465' title='bbox 845 2829 882 2861; x_wconf 81' lang='grc' dir='ltr'><strong>ὡς</strong></span> <span class='ocrx_word' id='word_1_466' title='bbox 893 2829 970 2855; x_wconf 83' lang='grc' dir='ltr'>αὺτο-</span> 
     </span>
    </p>
   </div>
   <div class='ocr_carea' id='block_1_61' title="bbox 220 2907 1013 2944">
    <p class='ocr_par' dir='ltr' id='par_1_61' title="bbox 220 2907 1013 2944">
     <span class='ocr_line' id='line_1_61' title="bbox 220 2907 1013 2944; baseline -0.008 -3"><span class='ocrx_word' id='word_1_467' title='bbox 220 2913 243 2929; x_wconf 81' lang='lat'><strong><em>“</em></strong></span> <span class='ocrx_word' id='word_1_468' title='bbox 258 2911 328 2941; x_wconf 82' lang='lat' dir='ltr'><strong>Psal.</strong></span> <span class='ocrx_word' id='word_1_469' title='bbox 345 2919 411 2944; x_wconf 76' lang='lat' dir='ltr'><strong>xx”,</strong></span> <span class='ocrx_word' id='word_1_470' title='bbox 428 2911 484 2937; x_wconf 81' lang='lat'><strong>5-7.</strong></span> <span class='ocrx_word' id='word_1_471' title='bbox 523 2912 544 2926; x_wconf 77' lang='grc' dir='ltr'><strong>⁸ο</strong></span> <span class='ocrx_word' id='word_1_472' title='bbox 564 2909 641 2936; x_wconf 82' lang='lat' dir='ltr'><strong>Joan.</strong></span> <span class='ocrx_word' id='word_1_473' title='bbox 662 2917 704 2942; x_wconf 62' lang='lat' dir='ltr'><strong>av,</strong></span> <span class='ocrx_word' id='word_1_474' title='bbox 724 2910 747 2936; x_wconf 83' lang='grc' dir='ltr'><strong>Ι.</strong></span> <span class='ocrx_word' id='word_1_475' title='bbox 787 2909 807 2925; x_wconf 86' lang='lat'>&quot;</span> <span class='ocrx_word' id='word_1_476' title='bbox 828 2908 898 2936; x_wconf 86' lang='lat' dir='ltr'><strong>Psal.</strong></span> <span class='ocrx_word' id='word_1_477' title='bbox 918 2915 954 2940; x_wconf 83' lang='lat' dir='ltr'><strong>LI,</strong></span> <span class='ocrx_word' id='word_1_478' title='bbox 971 2907 1013 2935; x_wconf 75' lang='lat'><strong>{0.</strong></span> 
     </span>
    </p>
   </div>
   <div class='ocr_carea' id='block_1_62' title="bbox 1004 302 1789 339">
    <p class='ocr_par' dir='ltr' id='par_1_62' title="bbox 1004 302 1789 339">
     <span class='ocr_line' id='line_1_62' title="bbox 1004 302 1789 339; baseline 0.001 -9"><span class='ocrx_word' id='word_1_479' title='bbox 1004 311 1093 330; x_wconf 63' lang='lat' dir='ltr'><strong>versus</strong></span> <span class='ocrx_word' id='word_1_480' title='bbox 1110 311 1152 330; x_wconf 77' lang='lat' dir='ltr'><strong>eos</strong></span> <span class='ocrx_word' id='word_1_481' title='bbox 1166 303 1211 338; x_wconf 88' lang='lat' dir='ltr'><strong>qui</strong></span> <span class='ocrx_word' id='word_1_482' title='bbox 1226 302 1355 329; x_wconf 79' lang='lat' dir='ltr'><strong>tribulam</strong></span> <span class='ocrx_word' id='word_1_483' title='bbox 1373 311 1430 336; x_wconf 85' lang='lat' dir='ltr'><strong>me;</strong></span> <span class='ocrx_word' id='word_1_484' title='bbox 1449 304 1620 339; x_wconf 80' lang='lat' dir='ltr'><strong>impinguasti</strong></span> <span class='ocrx_word' id='word_1_485' title='bbox 1637 304 1664 331; x_wconf 87' lang='lat' dir='ltr'><strong>in</strong></span> <span class='ocrx_word' id='word_1_486' title='bbox 1679 305 1735 331; x_wconf 83' lang='lat' dir='ltr'><strong>oleo</strong></span> <span class='ocrx_word' id='word_1_487' title='bbox 1746 312 1789 332; x_wconf 79' lang='lat' dir='ltr'><strong>ca—</strong></span> 
     </span>
    </p>
   </div>
   <div class='ocr_carea' id='block_1_63' title="bbox 1004 349 1788 385">
    <p class='ocr_par' dir='ltr' id='par_1_63' title="bbox 1004 349 1788 385">
     <span class='ocr_line' id='line_1_63' title="bbox 1004 349 1788 385; baseline 0.004 -11"><span class='ocrx_word' id='word_1_488' title='bbox 1004 354 1051 383; x_wconf 72' lang='lat' dir='ltr'><strong>put</strong></span> <span class='ocrx_word' id='word_1_489' title='bbox 1067 357 1162 380; x_wconf 80' lang='lat' dir='ltr'><strong>meum.</strong></span> <span class='ocrx_word' id='word_1_490' title='bbox 1180 353 1205 375; x_wconf 83' lang='lat' dir='ltr'><strong>et</strong></span> <span class='ocrx_word' id='word_1_491' title='bbox 1222 349 1293 375; x_wconf 71' lang='lat' dir='ltr'><strong>calix</strong></span> <span class='ocrx_word' id='word_1_492' title='bbox 1308 357 1379 376; x_wconf 80' lang='lat' dir='ltr'><strong>meus</strong></span> <span class='ocrx_word' id='word_1_493' title='bbox 1391 350 1534 382; x_wconf 78' lang='lat' dir='ltr'><strong>inebrians,</strong></span> <span class='ocrx_word' id='word_1_494' title='bbox 1552 359 1632 385; x_wconf 84' lang='lat' dir='ltr'><strong>quam</strong></span> <span class='ocrx_word' id='word_1_495' title='bbox 1644 351 1788 384; x_wconf 67' lang='lat' dir='ltr'><strong>prmtlarus</strong></span> 
     </span>
    </p>
   </div>
   <div class='ocr_carea' id='block_1_64' title="bbox 1004 393 1790 430">
    <p class='ocr_par' dir='ltr' id='par_1_64' title="bbox 1004 393 1790 430">
     <span class='ocr_line' id='line_1_64' title="bbox 1004 393 1790 430; baseline 0.003 -10"><span class='ocrx_word' id='word_1_496' title='bbox 1004 398 1054 420; x_wconf 78' lang='lat' dir='ltr'><strong>est.</strong></span> <span class='ocrx_word' id='word_1_497' title='bbox 1077 393 1112 421; x_wconf 82' lang='lat' dir='ltr'><strong>Et</strong></span> <span class='ocrx_word' id='word_1_498' title='bbox 1133 393 1315 421; x_wconf 78' lang='lat' dir='ltr'><strong>misericordia</strong></span> <span class='ocrx_word' id='word_1_499' title='bbox 1345 399 1391 420; x_wconf 77' lang='lat' dir='ltr'><strong>tua</strong></span> <span class='ocrx_word' id='word_1_500' title='bbox 1420 395 1589 430; x_wconf 81' lang='lat' dir='ltr'><strong>subsequetur</strong></span> <span class='ocrx_word' id='word_1_501' title='bbox 1605 403 1645 422; x_wconf 83' lang='lat' dir='ltr'><strong>me</strong></span> <span class='ocrx_word' id='word_1_502' title='bbox 1669 395 1790 422; x_wconf 82' lang='lat' dir='ltr'><strong>omnibus</strong></span> 
     </span>
    </p>
   </div>
   <div class='ocr_carea' id='block_1_65' title="bbox 1007 439 1790 471">
    <p class='ocr_par' dir='ltr' id='par_1_65' title="bbox 1007 439 1790 471">
     <span class='ocr_line' id='line_1_65' title="bbox 1007 439 1790 471; baseline 0.003 -5"><span class='ocrx_word' id='word_1_503' title='bbox 1007 439 1098 467; x_wconf 85' lang='lat' dir='ltr'><strong>diebus</strong></span> <span class='ocrx_word' id='word_1_504' title='bbox 1118 441 1177 467; x_wconf 63' lang='lat' dir='ltr'><strong>vim:</strong></span> <span class='ocrx_word' id='word_1_505' title='bbox 1192 449 1266 471; x_wconf 69' lang='lat' dir='ltr'><strong>mete,</strong></span> <span class='ocrx_word' id='word_1_506' title='bbox 1280 445 1304 466; x_wconf 88' lang='lat' dir='ltr'><strong>et</strong></span> <span class='ocrx_word' id='word_1_507' title='bbox 1319 445 1347 466; x_wconf 80' lang='lat' dir='ltr'><strong>ut</strong></span> <span class='ocrx_word' id='word_1_508' title='bbox 1359 440 1500 468; x_wconf 79' lang='lat' dir='ltr'><strong>inhabilem</strong></span> <span class='ocrx_word' id='word_1_509' title='bbox 1511 442 1537 468; x_wconf 82' lang='lat' dir='ltr'><strong>in</strong></span> <span class='ocrx_word' id='word_1_510' title='bbox 1551 442 1627 469; x_wconf 83' lang='lat' dir='ltr'><strong>domo</strong></span> <span class='ocrx_word' id='word_1_511' title='bbox 1642 442 1749 470; x_wconf 82' lang='lat' dir='ltr'><strong><em>Domini</em></strong></span> <span class='ocrx_word' id='word_1_512' title='bbox 1762 442 1790 468; x_wconf 84' lang='lat' dir='ltr'><strong>in</strong></span> 
     </span>
    </p>
   </div>
   <div class='ocr_carea' id='block_1_66' title="bbox 1006 485 1352 520">
    <p class='ocr_par' dir='ltr' id='par_1_66' title="bbox 1006 485 1352 520">
     <span class='ocr_line' id='line_1_66' title="bbox 1006 485 1352 520; baseline 0.003 -8"><span class='ocrx_word' id='word_1_513' title='bbox 1006 485 1194 520; x_wconf 75' lang='lat' dir='ltr'><strong>longitudinem</strong></span> <span class='ocrx_word' id='word_1_514' title='bbox 1211 486 1352 514; x_wconf 76' lang='lat' dir='ltr'><strong>dierum&quot;.</strong></span> 
     </span>
    </p>
   </div>
   <div class='ocr_carea' id='block_1_67' title="bbox 1045 531 1791 570">
    <p class='ocr_par' dir='ltr' id='par_1_67' title="bbox 1045 531 1791 570">
     <span class='ocr_line' id='line_1_67' title="bbox 1045 531 1791 570; baseline 0.008 -12"><span class='ocrx_word' id='word_1_515' title='bbox 1045 531 1079 558; x_wconf 89' lang='lat' dir='ltr'><strong>Ut</strong></span> <span class='ocrx_word' id='word_1_516' title='bbox 1096 531 1192 559; x_wconf 79' lang='lat' dir='ltr'><strong>educas</strong></span> <span class='ocrx_word' id='word_1_517' title='bbox 1206 540 1300 566; x_wconf 83' lang='lat' dir='ltr'><strong>panem</strong></span> <span class='ocrx_word' id='word_1_518' title='bbox 1315 532 1347 559; x_wconf 85' lang='lat' dir='ltr'><strong>de</strong></span> <span class='ocrx_word' id='word_1_519' title='bbox 1367 537 1449 564; x_wconf 83' lang='lat' dir='ltr'><strong>terra,</strong></span> <span class='ocrx_word' id='word_1_520' title='bbox 1466 537 1490 560; x_wconf 87' lang='lat' dir='ltr'><strong>et</strong></span> <span class='ocrx_word' id='word_1_521' title='bbox 1509 534 1596 560; x_wconf 83' lang='lat' dir='ltr'><strong>vinum</strong></span> <span class='ocrx_word' id='word_1_522' title='bbox 1615 535 1732 570; x_wconf 73' lang='lat' dir='ltr'><strong>iwtiﬁcat</strong></span> <span class='ocrx_word' id='word_1_523' title='bbox 1745 545 1791 564; x_wconf 89' lang='lat' dir='ltr'><strong>cor</strong></span> 
     </span>
    </p>
   </div>
   <div class='ocr_carea' id='block_1_68' title="bbox 1009 576 1792 614">
    <p class='ocr_par' dir='ltr' id='par_1_68' title="bbox 1009 576 1792 614">
     <span class='ocr_line' id='line_1_68' title="bbox 1009 576 1792 614; baseline 0.008 -12"><span class='ocrx_word' id='word_1_524' title='bbox 1009 576 1141 608; x_wconf 78' lang='lat' dir='ltr'><strong>hominis;</strong></span> <span class='ocrx_word' id='word_1_525' title='bbox 1154 581 1182 602; x_wconf 89' lang='lat' dir='ltr'><strong>ut</strong></span> <span class='ocrx_word' id='word_1_526' title='bbox 1197 577 1326 603; x_wconf 74' lang='lat' dir='ltr'><strong>exhilaret</strong></span> <span class='ocrx_word' id='word_1_527' title='bbox 1341 576 1436 611; x_wconf 80' lang='lat' dir='ltr'><strong>faciem</strong></span> <span class='ocrx_word' id='word_1_528' title='bbox 1452 578 1479 604; x_wconf 83' lang='lat' dir='ltr'><strong>in</strong></span> <span class='ocrx_word' id='word_1_529' title='bbox 1493 578 1559 610; x_wconf 81' lang='lat' dir='ltr'><strong>aleo,</strong></span> <span class='ocrx_word' id='word_1_530' title='bbox 1572 584 1595 605; x_wconf 86' lang='lat' dir='ltr'><strong>et</strong></span> <span class='ocrx_word' id='word_1_531' title='bbox 1607 581 1681 614; x_wconf 78' lang='lat' dir='ltr'><strong>panis</strong></span> <span class='ocrx_word' id='word_1_532' title='bbox 1692 590 1737 607; x_wconf 89' lang='lat' dir='ltr'><strong>cor</strong></span> <span class='ocrx_word' id='word_1_533' title='bbox 1749 582 1792 608; x_wconf 83' lang='grc' dir='ltr'><strong>Ιιο-</strong></span> 
     </span>
    </p>
   </div>
   <div class='ocr_carea' id='block_1_69' title="bbox 1007 622 1789 661">
    <p class='ocr_par' dir='ltr' id='par_1_69' title="bbox 1007 622 1789 661">
     <span class='ocr_line' id='line_1_69' title="bbox 1007 622 1789 661; baseline 0.008 -13"><span class='ocrx_word' id='word_1_534' title='bbox 1007 622 1090 648; x_wconf 80' lang='lat' dir='ltr'><strong>minis</strong></span> <span class='ocrx_word' id='word_1_535' title='bbox 1106 623 1256 657; x_wconf 85' lang='lat' dir='ltr'><strong>conﬁrmat.</strong></span> <span class='ocrx_word' id='word_1_536' title='bbox 1273 622 1323 650; x_wconf 90' lang='lat' dir='ltr'><strong>Hic</strong></span> <span class='ocrx_word' id='word_1_537' title='bbox 1341 627 1494 658; x_wconf 74' lang='lat' dir='ltr'><strong>opportune</strong></span> <span class='ocrx_word' id='word_1_538' title='bbox 1516 630 1664 659; x_wconf 68' lang='lat' dir='ltr'><strong>quaeratur,</strong></span> <span class='ocrx_word' id='word_1_539' title='bbox 1682 634 1734 661; x_wconf 83' lang='lat' dir='ltr'><strong>qua</strong></span> <span class='ocrx_word' id='word_1_540' title='bbox 1755 627 1789 654; x_wconf 85' lang='lat' dir='ltr'><strong>de</strong></span> 
     </span>
    </p>
   </div>
   <div class='ocr_carea' id='block_1_70' title="bbox 1008 669 1793 705">
    <p class='ocr_par' dir='ltr' id='par_1_70' title="bbox 1008 669 1793 705">
     <span class='ocr_line' id='line_1_70' title="bbox 1008 669 1793 705; baseline 0.005 -11"><span class='ocrx_word' id='word_1_541' title='bbox 1008 675 1092 694; x_wconf 88' lang='lat' dir='ltr'><strong>causa</strong></span> <span class='ocrx_word' id='word_1_542' title='bbox 1109 675 1172 695; x_wconf 87' lang='lat' dir='ltr'><strong>cum</strong></span> <span class='ocrx_word' id='word_1_543' title='bbox 1188 669 1303 696; x_wconf 76' lang='lat' dir='ltr'><strong>dixisset</strong></span> <span class='ocrx_word' id='word_1_544' title='bbox 1333 669 1417 696; x_wconf 85' lang='lat' dir='ltr'><strong>David</strong></span> <span class='ocrx_word' id='word_1_545' title='bbox 1435 681 1440 697; x_wconf 85' lang='lat'><strong>:</strong></span> <span class='ocrx_word' id='word_1_546' title='bbox 1459 670 1611 697; x_wconf 81' lang='lat' dir='ltr'><strong>Praducens</strong></span> <span class='ocrx_word' id='word_1_547' title='bbox 1638 672 1725 705; x_wconf 85' lang='lat' dir='ltr'><strong>fenum</strong></span> <span class='ocrx_word' id='word_1_548' title='bbox 1749 672 1793 704; x_wconf 82' lang='lat' dir='ltr'><strong>iu-</strong></span> 
     </span>
    </p>
   </div>
   <div class='ocr_carea' id='block_1_71' title="bbox 1010 714 1795 750">
    <p class='ocr_par' dir='ltr' id='par_1_71' title="bbox 1010 714 1795 750">
     <span class='ocr_line' id='line_1_71' title="bbox 1010 714 1795 750; baseline 0.006 -9"><span class='ocrx_word' id='word_1_549' title='bbox 1010 715 1104 741; x_wconf 75' lang='lat' dir='ltr'><strong>mentis</strong></span> <span class='ocrx_word' id='word_1_550' title='bbox 1117 721 1127 745; x_wconf 88' lang='lat'><strong><em>;</em></strong></span> <span class='ocrx_word' id='word_1_551' title='bbox 1142 715 1325 749; x_wconf 84' lang='lat' dir='ltr'><strong>subjunxerit,</strong></span> <span class='ocrx_word' id='word_1_552' title='bbox 1341 714 1375 742; x_wconf 81' lang='lat' dir='ltr'><strong>Ut</strong></span> <span class='ocrx_word' id='word_1_553' title='bbox 1394 715 1490 742; x_wconf 74' lang='lat' dir='ltr'><strong>educas</strong></span> <span class='ocrx_word' id='word_1_554' title='bbox 1506 725 1600 748; x_wconf 78' lang='lat' dir='ltr'><strong>panem</strong></span> <span class='ocrx_word' id='word_1_555' title='bbox 1612 716 1643 744; x_wconf 86' lang='lat' dir='ltr'><strong>de</strong></span> <span class='ocrx_word' id='word_1_556' title='bbox 1666 722 1745 750; x_wconf 87' lang='lat' dir='ltr'><strong>terra,</strong></span> <span class='ocrx_word' id='word_1_557' title='bbox 1761 725 1795 746; x_wconf 79' lang='lat' dir='ltr'><strong>ex</strong></span> 
     </span>
    </p>
   </div>
   <div class='ocr_carea' id='block_1_72' title="bbox 1010 761 1796 800">
    <p class='ocr_par' dir='ltr' id='par_1_72' title="bbox 1010 761 1796 800">
     <span class='ocr_line' id='line_1_72' title="bbox 1010 761 1796 800; baseline 0.005 -11"><span class='ocrx_word' id='word_1_558' title='bbox 1010 761 1147 790; x_wconf 87' lang='lat' dir='ltr'><strong>frumento</strong></span> <span class='ocrx_word' id='word_1_559' title='bbox 1164 770 1261 798; x_wconf 85' lang='lat' dir='ltr'><strong>nempe</strong></span> <span class='ocrx_word' id='word_1_560' title='bbox 1276 763 1442 790; x_wconf 81' lang='lat' dir='ltr'><strong>confectum.</strong></span> <span class='ocrx_word' id='word_1_561' title='bbox 1460 763 1529 797; x_wconf 86' lang='lat' dir='ltr'><strong>Quid</strong></span> <span class='ocrx_word' id='word_1_562' title='bbox 1547 769 1636 792; x_wconf 82' lang='lat' dir='ltr'><strong>autem</strong></span> <span class='ocrx_word' id='word_1_563' title='bbox 1654 770 1698 793; x_wconf 86' lang='lat' dir='ltr'><strong>est</strong></span> <span class='ocrx_word' id='word_1_564' title='bbox 1723 767 1796 800; x_wconf 87' lang='lat' dir='ltr'><strong>quod</strong></span> 
     </span>
    </p>
   </div>
   <div class='ocr_carea' id='block_1_73' title="bbox 1010 807 1795 839">
    <p class='ocr_par' dir='ltr' id='par_1_73' title="bbox 1010 807 1795 839">
     <span class='ocr_line' id='line_1_73' title="bbox 1010 807 1795 839; baseline 0.006 -5"><span class='ocrx_word' id='word_1_565' title='bbox 1010 808 1155 835; x_wconf 83' lang='lat' dir='ltr'><strong>insinuare</strong></span> <span class='ocrx_word' id='word_1_566' title='bbox 1180 808 1257 834; x_wconf 85' lang='lat' dir='ltr'><strong>vult?</strong></span> <span class='ocrx_word' id='word_1_567' title='bbox 1274 807 1347 835; x_wconf 90' lang='lat' dir='ltr'><strong>Idem</strong></span> <span class='ocrx_word' id='word_1_568' title='bbox 1375 809 1482 837; x_wconf 90' lang='lat' dir='ltr'><strong>scilicet</strong></span> <span class='ocrx_word' id='word_1_569' title='bbox 1507 817 1599 838; x_wconf 81' lang='lat' dir='ltr'><strong>semen</strong></span> <span class='ocrx_word' id='word_1_570' title='bbox 1624 819 1795 839; x_wconf 88' lang='lat' dir='ltr'><strong>communem</strong></span> 
     </span>
    </p>
   </div>
   <div class='ocr_carea' id='block_1_74' title="bbox 1010 853 1796 890">
    <p class='ocr_par' dir='ltr' id='par_1_74' title="bbox 1010 853 1796 890">
     <span class='ocr_line' id='line_1_74' title="bbox 1010 853 1796 890; baseline 0.008 -10"><span class='ocrx_word' id='word_1_571' title='bbox 1010 861 1100 881; x_wconf 87' lang='lat' dir='ltr'><strong>escam</strong></span> <span class='ocrx_word' id='word_1_572' title='bbox 1116 861 1177 881; x_wconf 86' lang='lat' dir='ltr'><strong>esse</strong></span> <span class='ocrx_word' id='word_1_573' title='bbox 1192 857 1246 880; x_wconf 89' lang='lat' dir='ltr'><strong>tam</strong></span> <span class='ocrx_word' id='word_1_574' title='bbox 1267 853 1356 881; x_wconf 82' lang='lat' dir='ltr'><strong>brutis</strong></span> <span class='ocrx_word' id='word_1_575' title='bbox 1382 862 1463 889; x_wconf 86' lang='lat' dir='ltr'><strong>quam</strong></span> <span class='ocrx_word' id='word_1_576' title='bbox 1481 855 1648 890; x_wconf 88' lang='lat' dir='ltr'><strong>hominibus,</strong></span> <span class='ocrx_word' id='word_1_577' title='bbox 1665 857 1713 885; x_wconf 83' lang='lat' dir='ltr'><strong>sed</strong></span> <span class='ocrx_word' id='word_1_578' title='bbox 1741 865 1796 886; x_wconf 81' lang='lat' dir='ltr'><strong>non</strong></span> 
     </span>
    </p>
   </div>
   <div class='ocr_carea' id='block_1_75' title="bbox 1012 900 1845 936">
    <p class='ocr_par' dir='ltr' id='par_1_75' title="bbox 1012 900 1845 936">
     <span class='ocr_line' id='line_1_75' title="bbox 1012 900 1845 936; baseline 0.004 -9"><span class='ocrx_word' id='word_1_579' title='bbox 1012 900 1105 928; x_wconf 87' lang='lat' dir='ltr'><strong>eadem</strong></span> <span class='ocrx_word' id='word_1_580' title='bbox 1121 900 1236 928; x_wconf 80' lang='lat' dir='ltr'><strong>ratione.</strong></span> <span class='ocrx_word' id='word_1_581' title='bbox 1255 900 1343 935; x_wconf 86' lang='lat' dir='ltr'><strong>Atque</strong></span> <span class='ocrx_word' id='word_1_582' title='bbox 1362 901 1429 928; x_wconf 87' lang='lat' dir='ltr'><strong>illud</strong></span> <span class='ocrx_word' id='word_1_583' title='bbox 1454 901 1500 928; x_wconf 87' lang='lat' dir='ltr'><strong>Dei</strong></span> <span class='ocrx_word' id='word_1_584' title='bbox 1517 902 1657 936; x_wconf 70' lang='lat' dir='ltr'><strong>sapientia:</strong></span> <span class='ocrx_word' id='word_1_585' title='bbox 1680 902 1742 929; x_wconf 89' lang='lat' dir='ltr'><strong>fuit.</strong></span> <span class='ocrx_word' id='word_1_586' title='bbox 1764 903 1797 930; x_wconf 77' lang='lat' dir='ltr'><strong>Et</strong></span> <span class='ocrx_word' id='word_1_587' title='bbox 1840 900 1845 906; x_wconf 80' lang='grc'><em>’</em></span> 
     </span>
    </p>
   </div>
   <div class='ocr_carea' id='block_1_76' title="bbox 1014 945 1796 981">
    <p class='ocr_par' dir='ltr' id='par_1_76' title="bbox 1014 945 1796 981">
     <span class='ocr_line' id='line_1_76' title="bbox 1014 945 1796 981; baseline 0.004 -9"><span class='ocrx_word' id='word_1_588' title='bbox 1014 953 1079 973; x_wconf 91' lang='lat' dir='ltr'><strong>vero</strong></span> <span class='ocrx_word' id='word_1_589' title='bbox 1091 946 1116 973; x_wconf 87' lang='lat' dir='ltr'><strong>id</strong></span> <span class='ocrx_word' id='word_1_590' title='bbox 1133 945 1336 973; x_wconf 78' lang='lat' dir='ltr'><strong>animadvertas</strong></span> <span class='ocrx_word' id='word_1_591' title='bbox 1350 946 1449 973; x_wconf 79' lang='lat' dir='ltr'><strong>velim:</strong></span> <span class='ocrx_word' id='word_1_592' title='bbox 1465 946 1603 981; x_wconf 81' lang='lat' dir='ltr'><strong>spargitur</strong></span> <span class='ocrx_word' id='word_1_593' title='bbox 1617 946 1796 980; x_wconf 81' lang='lat' dir='ltr'><strong>frumentum,</strong></span> 
     </span>
    </p>
   </div>
   <div class='ocr_carea' id='block_1_77' title="bbox 1012 992 1797 1028">
    <p class='ocr_par' dir='ltr' id='par_1_77' title="bbox 1012 992 1797 1028">
     <span class='ocr_line' id='line_1_77' title="bbox 1012 992 1797 1028; baseline 0.001 -8"><span class='ocrx_word' id='word_1_594' title='bbox 1012 997 1094 1028; x_wconf 86' lang='lat' dir='ltr'><strong>atque</strong></span> <span class='ocrx_word' id='word_1_595' title='bbox 1107 993 1241 1020; x_wconf 86' lang='lat' dir='ltr'><strong>hactenus</strong></span> <span class='ocrx_word' id='word_1_596' title='bbox 1263 992 1373 1028; x_wconf 85' lang='lat' dir='ltr'><strong>quidem</strong></span> <span class='ocrx_word' id='word_1_597' title='bbox 1396 992 1536 1020; x_wconf 84' lang='lat' dir='ltr'><strong>hominum</strong></span> <span class='ocrx_word' id='word_1_598' title='bbox 1563 996 1605 1020; x_wconf 90' lang='lat' dir='ltr'><strong>est</strong></span> <span class='ocrx_word' id='word_1_599' title='bbox 1626 993 1797 1026; x_wconf 67' lang='lat' dir='ltr'><strong>cibus-,cum</strong></span> 
     </span>
    </p>
   </div>
   <div class='ocr_carea' id='block_1_78' title="bbox 1013 1039 1797 1075">
    <p class='ocr_par' dir='ltr' id='par_1_78' title="bbox 1013 1039 1797 1075">
     <span class='ocr_line' id='line_1_78' title="bbox 1013 1039 1797 1075; baseline 0.003 -9"><span class='ocrx_word' id='word_1_600' title='bbox 1013 1044 1106 1067; x_wconf 86' lang='lat' dir='ltr'><strong>autem</strong></span> <span class='ocrx_word' id='word_1_601' title='bbox 1122 1040 1324 1074; x_wconf 79' lang='lat' dir='ltr'><strong>germinaverit,</strong></span> <span class='ocrx_word' id='word_1_602' title='bbox 1357 1040 1490 1074; x_wconf 78' lang='lat' dir='ltr'><strong>exsurgit,</strong></span> <span class='ocrx_word' id='word_1_603' title='bbox 1513 1039 1656 1066; x_wconf 91' lang='lat' dir='ltr'><strong>brulorum</strong></span> <span class='ocrx_word' id='word_1_604' title='bbox 1688 1047 1797 1075; x_wconf 85' lang='lat' dir='ltr'><strong>quoque</strong></span> 
     </span>
    </p>
   </div>
   <div class='ocr_carea' id='block_1_79' title="bbox 1012 1084 1798 1120">
    <p class='ocr_par' dir='ltr' id='par_1_79' title="bbox 1012 1084 1798 1120">
     <span class='ocr_line' id='line_1_79' title="bbox 1012 1084 1798 1120; baseline 0 -8"><span class='ocrx_word' id='word_1_605' title='bbox 1012 1086 1172 1112; x_wconf 85' lang='lat' dir='ltr'><strong>alimentum</strong></span> <span class='ocrx_word' id='word_1_606' title='bbox 1188 1085 1343 1120; x_wconf 84' lang='lat' dir='ltr'><strong>proferens.</strong></span> <span class='ocrx_word' id='word_1_607' title='bbox 1361 1084 1593 1117; x_wconf 83' lang='lat' dir='ltr'><strong>Quemadmodum</strong></span> <span class='ocrx_word' id='word_1_608' title='bbox 1608 1086 1680 1113; x_wconf 89' lang='lat' dir='ltr'><strong>enim</strong></span> <span class='ocrx_word' id='word_1_609' title='bbox 1694 1086 1798 1112; x_wconf 85' lang='lat' dir='ltr'><strong>anima-</strong></span> 
     </span>
    </p>
   </div>
   <div class='ocr_carea' id='block_1_80' title="bbox 1011 1130 1797 1165">
    <p class='ocr_par' dir='ltr' id='par_1_80' title="bbox 1011 1130 1797 1165">
     <span class='ocr_line' id='line_1_80' title="bbox 1011 1130 1797 1165; baseline 0 -8"><span class='ocrx_word' id='word_1_610' title='bbox 1011 1131 1049 1158; x_wconf 85' lang='lat' dir='ltr'><strong>lia</strong></span> <span class='ocrx_word' id='word_1_611' title='bbox 1064 1131 1089 1157; x_wconf 93' lang='lat' dir='ltr'><strong>id</strong></span> <span class='ocrx_word' id='word_1_612' title='bbox 1105 1131 1190 1157; x_wconf 86' lang='lat' dir='ltr'><strong>nostri</strong></span> <span class='ocrx_word' id='word_1_613' title='bbox 1216 1137 1299 1157; x_wconf 87' lang='lat' dir='ltr'><strong>causa</strong></span> <span class='ocrx_word' id='word_1_614' title='bbox 1326 1133 1492 1165; x_wconf 80' lang='lat' dir='ltr'><strong>acceperunt</strong></span> <span class='ocrx_word' id='word_1_615' title='bbox 1507 1130 1579 1165; x_wconf 89' lang='lat' dir='ltr'><strong>quod</strong></span> <span class='ocrx_word' id='word_1_616' title='bbox 1601 1131 1744 1163; x_wconf 76' lang='lat' dir='ltr'><strong>exsistant,</strong></span> <span class='ocrx_word' id='word_1_617' title='bbox 1760 1130 1797 1157; x_wconf 88' lang='lat' dir='ltr'><strong>ita</strong></span> 
     </span>
    </p>
   </div>
   <div class='ocr_carea' id='block_1_81' title="bbox 1013 1175 1797 1204">
    <p class='ocr_par' dir='ltr' id='par_1_81' title="bbox 1013 1175 1797 1204">
     <span class='ocr_line' id='line_1_81' title="bbox 1013 1175 1797 1204; baseline -0.001 -1"><span class='ocrx_word' id='word_1_618' title='bbox 1013 1181 1040 1204; x_wconf 87' lang='lat' dir='ltr'><strong>et</strong></span> <span class='ocrx_word' id='word_1_619' title='bbox 1054 1183 1118 1203; x_wconf 86' lang='lat' dir='ltr'><strong>esca</strong></span> <span class='ocrx_word' id='word_1_620' title='bbox 1135 1176 1242 1203; x_wconf 90' lang='lat' dir='ltr'><strong>illorum</strong></span> <span class='ocrx_word' id='word_1_621' title='bbox 1255 1184 1270 1202; x_wconf 91' lang='lat' dir='ltr'><strong>a</strong></span> <span class='ocrx_word' id='word_1_622' title='bbox 1286 1180 1382 1203; x_wconf 85' lang='lat' dir='ltr'><strong>nostra</strong></span> <span class='ocrx_word' id='word_1_623' title='bbox 1398 1176 1505 1203; x_wconf 91' lang='lat' dir='ltr'><strong>initium</strong></span> <span class='ocrx_word' id='word_1_624' title='bbox 1522 1177 1613 1204; x_wconf 84' lang='lat' dir='ltr'><strong>habet.</strong></span> <span class='ocrx_word' id='word_1_625' title='bbox 1631 1175 1697 1203; x_wconf 87' lang='lat' dir='ltr'><strong>Nam</strong></span> <span class='ocrx_word' id='word_1_626' title='bbox 1713 1175 1797 1203; x_wconf 88' lang='lat' dir='ltr'><strong>herba</strong></span> 
     </span>
    </p>
   </div>
   <div class='ocr_carea' id='block_1_82' title="bbox 1014 1223 1795 1258">
    <p class='ocr_par' dir='ltr' id='par_1_82' title="bbox 1014 1223 1795 1258">
     <span class='ocr_line' id='line_1_82' title="bbox 1014 1223 1795 1258; baseline 0.003 -8"><span class='ocrx_word' id='word_1_627' title='bbox 1014 1223 1075 1251; x_wconf 88' lang='lat' dir='ltr'><strong>ideo</strong></span> <span class='ocrx_word' id='word_1_628' title='bbox 1092 1225 1210 1251; x_wconf 73' lang='lat' dir='ltr'><strong>maxime</strong></span> <span class='ocrx_word' id='word_1_629' title='bbox 1224 1223 1394 1258; x_wconf 82' lang='lat' dir='ltr'><strong>producitur,</strong></span> <span class='ocrx_word' id='word_1_630' title='bbox 1413 1228 1444 1251; x_wconf 91' lang='lat' dir='ltr'><strong>ut</strong></span> <span class='ocrx_word' id='word_1_631' title='bbox 1459 1223 1626 1251; x_wconf 74' lang='lat' dir='ltr'><strong>frumentum</strong></span> <span class='ocrx_word' id='word_1_632' title='bbox 1642 1227 1795 1252; x_wconf 84' lang='lat' dir='ltr'><strong>conservet.</strong></span> 
     </span>
    </p>
   </div>
   <div class='ocr_carea' id='block_1_83' title="bbox 1013 1269 1799 1304">
    <p class='ocr_par' dir='ltr' id='par_1_83' title="bbox 1013 1269 1799 1304">
     <span class='ocr_line' id='line_1_83' title="bbox 1013 1269 1799 1304; baseline 0.001 -7"><span class='ocrx_word' id='word_1_633' title='bbox 1013 1269 1098 1298; x_wconf 77' lang='lat' dir='ltr'><strong>Vides</strong></span> <span class='ocrx_word' id='word_1_634' title='bbox 1110 1270 1193 1304; x_wconf 80' lang='lat' dir='ltr'><strong>igitur</strong></span> <span class='ocrx_word' id='word_1_635' title='bbox 1213 1277 1268 1297; x_wconf 89' lang='lat' dir='ltr'><strong>non</strong></span> <span class='ocrx_word' id='word_1_636' title='bbox 1284 1270 1373 1297; x_wconf 90' lang='lat' dir='ltr'><strong>solum</strong></span> <span class='ocrx_word' id='word_1_637' title='bbox 1390 1270 1470 1297; x_wconf 89' lang='lat' dir='ltr'><strong>bruta</strong></span> <span class='ocrx_word' id='word_1_638' title='bbox 1494 1270 1573 1298; x_wconf 89' lang='lat' dir='ltr'><strong>nobis</strong></span> <span class='ocrx_word' id='word_1_639' title='bbox 1596 1270 1734 1303; x_wconf 75' lang='lat' dir='ltr'><strong>famulari,</strong></span> <span class='ocrx_word' id='word_1_640' title='bbox 1751 1278 1799 1298; x_wconf 83' lang='lat' dir='ltr'><strong>ve—</strong></span> 
     </span>
    </p>
   </div>
   <div class='ocr_carea' id='block_1_84' title="bbox 1014 1316 1799 1347">
    <p class='ocr_par' dir='ltr' id='par_1_84' title="bbox 1014 1316 1799 1347">
     <span class='ocr_line' id='line_1_84' title="bbox 1014 1316 1799 1347; baseline -0.001 -4"><span class='ocrx_word' id='word_1_641' title='bbox 1014 1323 1074 1343; x_wconf 88' lang='lat' dir='ltr'><strong>rum</strong></span> <span class='ocrx_word' id='word_1_642' title='bbox 1089 1316 1170 1343; x_wconf 79' lang='lat' dir='ltr'><strong>etiam</strong></span> <span class='ocrx_word' id='word_1_643' title='bbox 1189 1316 1280 1343; x_wconf 88' lang='lat' dir='ltr'><strong>cibum</strong></span> <span class='ocrx_word' id='word_1_644' title='bbox 1305 1323 1401 1343; x_wconf 89' lang='lat' dir='ltr'><strong>eorum</strong></span> <span class='ocrx_word' id='word_1_645' title='bbox 1416 1316 1478 1343; x_wconf 88' lang='lat' dir='ltr'><strong>cibo</strong></span> <span class='ocrx_word' id='word_1_646' title='bbox 1502 1321 1596 1344; x_wconf 88' lang='lat' dir='ltr'><strong>nostro</strong></span> <span class='ocrx_word' id='word_1_647' title='bbox 1623 1317 1742 1347; x_wconf 85' lang='lat' dir='ltr'><strong>servire,</strong></span> <span class='ocrx_word' id='word_1_648' title='bbox 1757 1320 1799 1343; x_wconf 88' lang='lat' dir='ltr'><strong>at-</strong></span> 
     </span>
    </p>
   </div>
   <div class='ocr_carea' id='block_1_85' title="bbox 1014 1362 1800 1398">
    <p class='ocr_par' dir='ltr' id='par_1_85' title="bbox 1014 1362 1800 1398">
     <span class='ocr_line' id='line_1_85' title="bbox 1014 1362 1800 1398; baseline 0 -8"><span class='ocrx_word' id='word_1_649' title='bbox 1014 1370 1067 1397; x_wconf 85' lang='lat' dir='ltr'><strong>que</strong></span> <span class='ocrx_word' id='word_1_650' title='bbox 1079 1362 1174 1390; x_wconf 88' lang='lat' dir='ltr'><strong>eodem</strong></span> <span class='ocrx_word' id='word_1_651' title='bbox 1189 1362 1286 1389; x_wconf 87' lang='lat' dir='ltr'><strong>ordine</strong></span> <span class='ocrx_word' id='word_1_652' title='bbox 1298 1365 1324 1389; x_wconf 87' lang='lat' dir='ltr'><strong>et</strong></span> <span class='ocrx_word' id='word_1_653' title='bbox 1335 1362 1441 1389; x_wconf 84' lang='lat' dir='ltr'><strong>ratione</strong></span> <span class='ocrx_word' id='word_1_654' title='bbox 1451 1362 1478 1389; x_wconf 93' lang='lat' dir='ltr'><strong>id</strong></span> <span class='ocrx_word' id='word_1_655' title='bbox 1494 1362 1583 1398; x_wconf 88' lang='lat' dir='ltr'><strong>ipsum</strong></span> <span class='ocrx_word' id='word_1_656' title='bbox 1598 1370 1687 1398; x_wconf 83' lang='lat' dir='ltr'><strong>agere.</strong></span> <span class='ocrx_word' id='word_1_657' title='bbox 1701 1362 1800 1396; x_wconf 86' lang='lat' dir='ltr'><strong>Quem-</strong></span> 
     </span>
    </p>
   </div>
   <div class='ocr_carea' id='block_1_86' title="bbox 1013 1406 1797 1444">
    <p class='ocr_par' dir='ltr' id='par_1_86' title="bbox 1013 1406 1797 1444">
     <span class='ocr_line' id='line_1_86' title="bbox 1013 1406 1797 1444; baseline 0 -10"><span class='ocrx_word' id='word_1_658' title='bbox 1013 1407 1160 1434; x_wconf 90' lang='lat' dir='ltr'><strong>admodum</strong></span> <span class='ocrx_word' id='word_1_659' title='bbox 1183 1407 1256 1434; x_wconf 85' lang='lat' dir='ltr'><strong>enim</strong></span> <span class='ocrx_word' id='word_1_660' title='bbox 1274 1407 1351 1443; x_wconf 90' lang='lat' dir='ltr'><strong>prius</strong></span> <span class='ocrx_word' id='word_1_661' title='bbox 1375 1406 1467 1440; x_wconf 83' lang='lat' dir='ltr'><strong>bruta,</strong></span> <span class='ocrx_word' id='word_1_662' title='bbox 1492 1407 1590 1435; x_wconf 88' lang='lat' dir='ltr'><strong>deinde</strong></span> <span class='ocrx_word' id='word_1_663' title='bbox 1614 1408 1706 1440; x_wconf 89' lang='lat' dir='ltr'><strong>homo,</strong></span> <span class='ocrx_word' id='word_1_664' title='bbox 1733 1407 1797 1444; x_wconf 83' lang='lat' dir='ltr'><strong>quia</strong></span> 
     </span>
    </p>
   </div>
   <div class='ocr_carea' id='block_1_87' title="bbox 1014 1452 1795 1487">
    <p class='ocr_par' dir='ltr' id='par_1_87' title="bbox 1014 1452 1795 1487">
     <span class='ocr_line' id='line_1_87' title="bbox 1014 1452 1795 1487; baseline 0.001 -8"><span class='ocrx_word' id='word_1_665' title='bbox 1014 1456 1127 1487; x_wconf 86' lang='lat' dir='ltr'><strong>propter</strong></span> <span class='ocrx_word' id='word_1_666' title='bbox 1143 1453 1281 1480; x_wconf 88' lang='lat' dir='ltr'><strong>hominem</strong></span> <span class='ocrx_word' id='word_1_667' title='bbox 1310 1453 1408 1487; x_wconf 87' lang='lat' dir='ltr'><strong>bruta;</strong></span> <span class='ocrx_word' id='word_1_668' title='bbox 1435 1452 1476 1480; x_wconf 84' lang='lat' dir='ltr'><strong>sic</strong></span> <span class='ocrx_word' id='word_1_669' title='bbox 1507 1453 1597 1487; x_wconf 89' lang='lat' dir='ltr'><strong>primo</strong></span> <span class='ocrx_word' id='word_1_670' title='bbox 1620 1453 1716 1486; x_wconf 84' lang='lat' dir='ltr'><strong>herba,</strong></span> <span class='ocrx_word' id='word_1_671' title='bbox 1735 1460 1795 1480; x_wconf 84' lang='lat' dir='ltr'><strong>mox</strong></span> 
     </span>
    </p>
   </div>
   <div class='ocr_carea' id='block_1_88' title="bbox 1015 1497 1797 1533">
    <p class='ocr_par' dir='ltr' id='par_1_88' title="bbox 1015 1497 1797 1533">
     <span class='ocr_line' id='line_1_88' title="bbox 1015 1497 1797 1533; baseline -0.001 -9"><span class='ocrx_word' id='word_1_672' title='bbox 1015 1497 1182 1524; x_wconf 83' lang='lat' dir='ltr'><strong>frumentum</strong></span> <span class='ocrx_word' id='word_1_673' title='bbox 1199 1497 1227 1524; x_wconf 93' lang='lat' dir='ltr'><strong>in</strong></span> <span class='ocrx_word' id='word_1_674' title='bbox 1255 1498 1386 1532; x_wconf 77' lang='lat' dir='ltr'><strong>genuine.</strong></span> <span class='ocrx_word' id='word_1_675' title='bbox 1401 1498 1466 1533; x_wconf 88' lang='lat' dir='ltr'><strong>quia</strong></span> <span class='ocrx_word' id='word_1_676' title='bbox 1493 1502 1606 1533; x_wconf 85' lang='lat' dir='ltr'><strong>propter</strong></span> <span class='ocrx_word' id='word_1_677' title='bbox 1631 1498 1797 1526; x_wconf 82' lang='lat' dir='ltr'><strong>frumentum</strong></span> 
     </span>
    </p>
   </div>
   <div class='ocr_carea' id='block_1_89' title="bbox 1015 1543 1800 1578">
    <p class='ocr_par' dir='ltr' id='par_1_89' title="bbox 1015 1543 1800 1578">
     <span class='ocr_line' id='line_1_89' title="bbox 1015 1543 1800 1578; baseline 0 -9"><span class='ocrx_word' id='word_1_678' title='bbox 1015 1543 1110 1572; x_wconf 83' lang='lat' dir='ltr'><strong>herba.</strong></span> <span class='ocrx_word' id='word_1_679' title='bbox 1128 1543 1163 1569; x_wconf 80' lang='lat' dir='ltr'><strong>Et</strong></span> <span class='ocrx_word' id='word_1_680' title='bbox 1181 1543 1270 1570; x_wconf 75' lang='lat' dir='ltr'><strong>uinum</strong></span> <span class='ocrx_word' id='word_1_681' title='bbox 1288 1543 1406 1578; x_wconf 65' lang='lat' dir='ltr'><strong>laetiﬁcat</strong></span> <span class='ocrx_word' id='word_1_682' title='bbox 1431 1551 1476 1570; x_wconf 84' lang='lat' dir='ltr'><strong>cor</strong></span> <span class='ocrx_word' id='word_1_683' title='bbox 1496 1544 1608 1571; x_wconf 74' lang='lat' dir='ltr'><strong>hominis</strong></span> <span class='ocrx_word' id='word_1_684' title='bbox 1626 1551 1635 1570; x_wconf 93' lang='lat'><em>:</em></span> <span class='ocrx_word' id='word_1_685' title='bbox 1650 1551 1704 1571; x_wconf 92' lang='lat' dir='ltr'><strong>non</strong></span> <span class='ocrx_word' id='word_1_686' title='bbox 1721 1551 1800 1572; x_wconf 88' lang='lat' dir='ltr'><strong>omne</strong></span> 
     </span>
    </p>
   </div>
   <div class='ocr_carea' id='block_1_90' title="bbox 1014 1580 1797 1625">
    <p class='ocr_par' dir='ltr' id='par_1_90' title="bbox 1014 1580 1797 1625">
     <span class='ocr_line' id='line_1_90' title="bbox 1014 1580 1797 1625; baseline 0 -10"><span class='ocrx_word' id='word_1_687' title='bbox 1014 1580 1118 1622; x_wconf 75' lang='lat' dir='ltr'><strong>virium,</strong></span> <span class='ocrx_word' id='word_1_688' title='bbox 1132 1588 1180 1616; x_wconf 89' lang='lat' dir='ltr'><strong>sed</strong></span> <span class='ocrx_word' id='word_1_689' title='bbox 1195 1588 1261 1615; x_wconf 89' lang='lat' dir='ltr'><strong>illud</strong></span> <span class='ocrx_word' id='word_1_690' title='bbox 1272 1588 1360 1615; x_wconf 85' lang='lat' dir='ltr'><strong>solum</strong></span> <span class='ocrx_word' id='word_1_691' title='bbox 1373 1589 1446 1623; x_wconf 92' lang='lat' dir='ltr'><strong>quod</strong></span> <span class='ocrx_word' id='word_1_692' title='bbox 1460 1593 1550 1616; x_wconf 90' lang='lat' dir='ltr'><strong>ortum</strong></span> <span class='ocrx_word' id='word_1_693' title='bbox 1561 1589 1644 1617; x_wconf 86' lang='lat' dir='ltr'><strong>habet</strong></span> <span class='ocrx_word' id='word_1_694' title='bbox 1659 1589 1693 1616; x_wconf 89' lang='lat' dir='ltr'><strong>ab</strong></span> <span class='ocrx_word' id='word_1_695' title='bbox 1703 1597 1735 1617; x_wconf 91' lang='lat' dir='ltr'><strong>eo</strong></span> <span class='ocrx_word' id='word_1_696' title='bbox 1750 1589 1797 1625; x_wconf 90' lang='lat' dir='ltr'><strong>qui</strong></span> 
     </span>
    </p>
   </div>
   <div class='ocr_carea' id='block_1_91' title="bbox 1015 1633 1801 1670">
    <p class='ocr_par' dir='ltr' id='par_1_91' title="bbox 1015 1633 1801 1670">
     <span class='ocr_line' id='line_1_91' title="bbox 1015 1633 1801 1670; baseline 0.003 -10"><span class='ocrx_word' id='word_1_697' title='bbox 1015 1633 1081 1661; x_wconf 90' lang='lat' dir='ltr'><strong>dicit</strong></span> <span class='ocrx_word' id='word_1_698' title='bbox 1093 1642 1099 1660; x_wconf 93' lang='lat'><strong>:</strong></span> <span class='ocrx_word' id='word_1_699' title='bbox 1113 1633 1169 1669; x_wconf 86' lang='lat' dir='ltr'><strong>Ego</strong></span> <span class='ocrx_word' id='word_1_700' title='bbox 1185 1643 1243 1661; x_wconf 79' lang='lat' dir='ltr'><strong>sum</strong></span> <span class='ocrx_word' id='word_1_701' title='bbox 1258 1634 1319 1662; x_wconf 77' lang='lat' dir='ltr'><strong>uitis</strong></span> <span class='ocrx_word' id='word_1_702' title='bbox 1332 1634 1434 1662; x_wconf 73' lang='lat' dir='ltr'><strong>vero&quot;.</strong></span> <span class='ocrx_word' id='word_1_703' title='bbox 1445 1635 1498 1663; x_wconf 92' lang='lat' dir='ltr'><strong>Sed</strong></span> <span class='ocrx_word' id='word_1_704' title='bbox 1512 1636 1575 1670; x_wconf 84' lang='lat' dir='ltr'><strong>quia</strong></span> <span class='ocrx_word' id='word_1_705' title='bbox 1587 1636 1698 1663; x_wconf 87' lang='lat' dir='ltr'><strong>sensilia</strong></span> <span class='ocrx_word' id='word_1_706' title='bbox 1709 1636 1801 1663; x_wconf 84' lang='lat' dir='ltr'><strong>omnia</strong></span> 
     </span>
    </p>
   </div>
   <div class='ocr_carea' id='block_1_92' title="bbox 1016 1681 1802 1717">
    <p class='ocr_par' dir='ltr' id='par_1_92' title="bbox 1016 1681 1802 1717">
     <span class='ocr_line' id='line_1_92' title="bbox 1016 1681 1802 1717; baseline 0 -8"><span class='ocrx_word' id='word_1_707' title='bbox 1016 1681 1051 1709; x_wconf 90' lang='lat' dir='ltr'><strong>ob</strong></span> <span class='ocrx_word' id='word_1_708' title='bbox 1066 1681 1210 1709; x_wconf 85' lang='lat' dir='ltr'><strong>materiam</strong></span> <span class='ocrx_word' id='word_1_709' title='bbox 1236 1686 1308 1709; x_wconf 88' lang='lat' dir='ltr'><strong>terra</strong></span> <span class='ocrx_word' id='word_1_710' title='bbox 1324 1686 1468 1714; x_wconf 89' lang='lat' dir='ltr'><strong>vocantur,</strong></span> <span class='ocrx_word' id='word_1_711' title='bbox 1495 1686 1576 1717; x_wconf 88' lang='lat' dir='ltr'><strong>atque</strong></span> <span class='ocrx_word' id='word_1_712' title='bbox 1602 1682 1636 1710; x_wconf 86' lang='lat' dir='ltr'><strong>de</strong></span> <span class='ocrx_word' id='word_1_713' title='bbox 1658 1682 1705 1710; x_wconf 89' lang='lat' dir='ltr'><strong>illo</strong></span> <span class='ocrx_word' id='word_1_714' title='bbox 1730 1682 1802 1709; x_wconf 90' lang='lat' dir='ltr'><strong>acci-</strong></span> 
     </span>
    </p>
   </div>
   <div class='ocr_carea' id='block_1_93' title="bbox 1017 1727 1801 1765">
    <p class='ocr_par' dir='ltr' id='par_1_93' title="bbox 1017 1727 1801 1765">
     <span class='ocr_line' id='line_1_93' title="bbox 1017 1727 1801 1765; baseline 0.003 -11"><span class='ocrx_word' id='word_1_715' title='bbox 1017 1727 1132 1762; x_wconf 88' lang='lat' dir='ltr'><strong>piendus</strong></span> <span class='ocrx_word' id='word_1_716' title='bbox 1145 1735 1235 1756; x_wconf 90' lang='lat' dir='ltr'><strong>sermo</strong></span> <span class='ocrx_word' id='word_1_717' title='bbox 1248 1733 1300 1762; x_wconf 87' lang='lat' dir='ltr'><strong>est,</strong></span> <span class='ocrx_word' id='word_1_718' title='bbox 1316 1729 1362 1764; x_wconf 88' lang='lat' dir='ltr'><strong>qui</strong></span> <span class='ocrx_word' id='word_1_719' title='bbox 1376 1729 1492 1764; x_wconf 83' lang='lat' dir='ltr'><strong>quadam</strong></span> <span class='ocrx_word' id='word_1_720' title='bbox 1513 1729 1619 1756; x_wconf 88' lang='lat' dir='ltr'><strong>ratione</strong></span> <span class='ocrx_word' id='word_1_721' title='bbox 1639 1732 1665 1757; x_wconf 87' lang='lat' dir='ltr'><strong>et</strong></span> <span class='ocrx_word' id='word_1_722' title='bbox 1685 1736 1801 1765; x_wconf 85' lang='lat' dir='ltr'><strong>propor-</strong></span> 
     </span>
    </p>
   </div>
   <div class='ocr_carea' id='block_1_94' title="bbox 1018 1769 1803 1810">
    <p class='ocr_par' dir='ltr' id='par_1_94' title="bbox 1018 1769 1803 1810">
     <span class='ocr_line' id='line_1_94' title="bbox 1018 1769 1803 1810; baseline 0.004 -10"><span class='ocrx_word' id='word_1_723' title='bbox 1018 1769 1091 1801; x_wconf 81' lang='lat' dir='ltr'><strong>tione</strong></span> <span class='ocrx_word' id='word_1_724' title='bbox 1105 1774 1137 1801; x_wconf 85' lang='lat' dir='ltr'><strong>ad</strong></span> <span class='ocrx_word' id='word_1_725' title='bbox 1153 1773 1307 1809; x_wconf 88' lang='lat' dir='ltr'><strong>spiritualia</strong></span> <span class='ocrx_word' id='word_1_726' title='bbox 1319 1775 1417 1802; x_wconf 83' lang='lat' dir='ltr'><strong>deinde</strong></span> <span class='ocrx_word' id='word_1_727' title='bbox 1427 1775 1524 1810; x_wconf 78' lang='lat' dir='ltr'><strong>erigit;</strong></span> <span class='ocrx_word' id='word_1_728' title='bbox 1540 1775 1583 1802; x_wconf 84' lang='lat' dir='ltr'><strong>hic</strong></span> <span class='ocrx_word' id='word_1_729' title='bbox 1597 1783 1705 1810; x_wconf 85' lang='lat' dir='ltr'><strong>quoque</strong></span> <span class='ocrx_word' id='word_1_730' title='bbox 1713 1783 1803 1803; x_wconf 88' lang='lat' dir='ltr'><strong>sermo</strong></span> 
     </span>
    </p>
   </div>
   <div class='ocr_carea' id='block_1_95' title="bbox 1017 1819 1802 1853">
    <p class='ocr_par' dir='ltr' id='par_1_95' title="bbox 1017 1819 1802 1853">
     <span class='ocr_line' id='line_1_95' title="bbox 1017 1819 1802 1853; baseline 0.001 -7"><span class='ocrx_word' id='word_1_731' title='bbox 1017 1819 1097 1853; x_wconf 88' lang='lat' dir='ltr'><strong>panis</strong></span> <span class='ocrx_word' id='word_1_732' title='bbox 1111 1823 1154 1846; x_wconf 86' lang='lat' dir='ltr'><strong>est</strong></span> <span class='ocrx_word' id='word_1_733' title='bbox 1167 1819 1201 1847; x_wconf 87' lang='lat' dir='ltr'><strong>de</strong></span> <span class='ocrx_word' id='word_1_734' title='bbox 1212 1823 1285 1847; x_wconf 87' lang='lat' dir='ltr'><strong>terra</strong></span> <span class='ocrx_word' id='word_1_735' title='bbox 1300 1819 1427 1851; x_wconf 85' lang='lat' dir='ltr'><strong>eductus,</strong></span> <span class='ocrx_word' id='word_1_736' title='bbox 1445 1824 1476 1846; x_wconf 93' lang='lat' dir='ltr'><strong>ut</strong></span> <span class='ocrx_word' id='word_1_737' title='bbox 1487 1819 1644 1847; x_wconf 88' lang='lat' dir='ltr'><strong>interiorem</strong></span> <span class='ocrx_word' id='word_1_738' title='bbox 1658 1824 1685 1848; x_wconf 89' lang='lat' dir='ltr'><strong>et</strong></span> <span class='ocrx_word' id='word_1_739' title='bbox 1710 1820 1802 1848; x_wconf 90' lang='lat' dir='ltr'><strong>occul-</strong></span> 
     </span>
    </p>
   </div>
   <div class='ocr_carea' id='block_1_96' title="bbox 1017 1865 1802 1902">
    <p class='ocr_par' dir='ltr' id='par_1_96' title="bbox 1017 1865 1802 1902">
     <span class='ocr_line' id='line_1_96' title="bbox 1017 1865 1802 1902; baseline 0.003 -10"><span class='ocrx_word' id='word_1_740' title='bbox 1017 1869 1076 1892; x_wconf 78' lang='lat' dir='ltr'><strong>tum</strong></span> <span class='ocrx_word' id='word_1_741' title='bbox 1091 1865 1229 1893; x_wconf 91' lang='lat' dir='ltr'><strong>hominem</strong></span> <span class='ocrx_word' id='word_1_742' title='bbox 1244 1866 1348 1893; x_wconf 81' lang='lat' dir='ltr'><strong>nutriat</strong></span> <span class='ocrx_word' id='word_1_743' title='bbox 1364 1874 1370 1892; x_wconf 93' lang='lat'>:</span> <span class='ocrx_word' id='word_1_744' title='bbox 1389 1869 1470 1901; x_wconf 89' lang='lat' dir='ltr'><strong>atque</strong></span> <span class='ocrx_word' id='word_1_745' title='bbox 1487 1867 1652 1902; x_wconf 86' lang='lat' dir='ltr'><strong>acorporeis</strong></span> <span class='ocrx_word' id='word_1_746' title='bbox 1678 1867 1802 1902; x_wconf 88' lang='lat' dir='ltr'><strong>Scriptu-</strong></span> 
     </span>
    </p>
   </div>
   <div class='ocr_carea' id='block_1_97' title="bbox 1017 1911 1800 1944">
    <p class='ocr_par' dir='ltr' id='par_1_97' title="bbox 1017 1911 1800 1944">
     <span class='ocr_line' id='line_1_97' title="bbox 1017 1911 1800 1944; baseline 0.001 -6"><span class='ocrx_word' id='word_1_747' title='bbox 1017 1919 1055 1938; x_wconf 68' lang='lat' dir='ltr'><strong>rae</strong></span> <span class='ocrx_word' id='word_1_748' title='bbox 1072 1911 1290 1944; x_wconf 85' lang='lat' dir='ltr'><strong>narrationibus,</strong></span> <span class='ocrx_word' id='word_1_749' title='bbox 1307 1912 1343 1939; x_wconf 94' lang='lat' dir='ltr'><strong>ob</strong></span> <span class='ocrx_word' id='word_1_750' title='bbox 1359 1912 1512 1939; x_wconf 85' lang='lat' dir='ltr'><strong>naturalem</strong></span> <span class='ocrx_word' id='word_1_751' title='bbox 1525 1913 1644 1939; x_wconf 74' lang='lat' dir='ltr'><strong>historia:</strong></span> <span class='ocrx_word' id='word_1_752' title='bbox 1654 1912 1800 1944; x_wconf 87' lang='lat' dir='ltr'><strong>rationem,</strong></span> 
     </span>
    </p>
   </div>
   <div class='ocr_carea' id='block_1_98' title="bbox 1016 1957 1801 1993">
    <p class='ocr_par' dir='ltr' id='par_1_98' title="bbox 1016 1957 1801 1993">
     <span class='ocr_line' id='line_1_98' title="bbox 1016 1957 1801 1993; baseline 0 -8"><span class='ocrx_word' id='word_1_753' title='bbox 1016 1961 1090 1985; x_wconf 85' lang='lat' dir='ltr'><strong>terra</strong></span> <span class='ocrx_word' id='word_1_754' title='bbox 1108 1957 1220 1985; x_wconf 88' lang='lat' dir='ltr'><strong>dicitur.</strong></span> <span class='ocrx_word' id='word_1_755' title='bbox 1245 1957 1328 1984; x_wconf 86' lang='lat' dir='ltr'><strong>Panis</strong></span> <span class='ocrx_word' id='word_1_756' title='bbox 1345 1958 1445 1993; x_wconf 86' lang='lat' dir='ltr'><strong>quippe</strong></span> <span class='ocrx_word' id='word_1_757' title='bbox 1465 1958 1592 1990; x_wconf 85' lang='lat' dir='ltr'><strong>eductus,</strong></span> <span class='ocrx_word' id='word_1_758' title='bbox 1612 1961 1655 1985; x_wconf 87' lang='lat' dir='ltr'><strong>est</strong></span> <span class='ocrx_word' id='word_1_759' title='bbox 1668 1958 1801 1993; x_wconf 80' lang='lat' dir='ltr'><strong>mysticus</strong></span> 
     </span>
    </p>
   </div>
   <div class='ocr_carea' id='block_1_99' title="bbox 1017 2002 1802 2037">
    <p class='ocr_par' dir='ltr' id='par_1_99' title="bbox 1017 2002 1802 2037">
     <span class='ocr_line' id='line_1_99' title="bbox 1017 2002 1802 2037; baseline -0.001 -7"><span class='ocrx_word' id='word_1_760' title='bbox 1017 2010 1119 2030; x_wconf 88' lang='lat' dir='ltr'><strong>sermo.</strong></span> <span class='ocrx_word' id='word_1_761' title='bbox 1137 2002 1170 2029; x_wconf 82' lang='lat' dir='ltr'><strong>Ut</strong></span> <span class='ocrx_word' id='word_1_762' title='bbox 1184 2003 1312 2030; x_wconf 73' lang='lat' dir='ltr'><strong>exhilaret</strong></span> <span class='ocrx_word' id='word_1_763' title='bbox 1329 2003 1424 2037; x_wconf 83' lang='lat' dir='ltr'><strong>faciem</strong></span> <span class='ocrx_word' id='word_1_764' title='bbox 1445 2003 1471 2030; x_wconf 88' lang='lat' dir='ltr'><strong>in</strong></span> <span class='ocrx_word' id='word_1_765' title='bbox 1488 2003 1555 2035; x_wconf 81' lang='lat' dir='ltr'><strong>oleo,</strong></span> <span class='ocrx_word' id='word_1_766' title='bbox 1570 2007 1595 2030; x_wconf 83' lang='lat' dir='ltr'><strong>et</strong></span> <span class='ocrx_word' id='word_1_767' title='bbox 1607 2004 1683 2037; x_wconf 78' lang='lat' dir='ltr'><strong>panis</strong></span> <span class='ocrx_word' id='word_1_768' title='bbox 1699 2011 1744 2030; x_wconf 80' lang='lat' dir='ltr'><strong>cor</strong></span> <span class='ocrx_word' id='word_1_769' title='bbox 1755 2004 1802 2029; x_wconf 85' lang='lat' dir='ltr'><strong>ho-</strong></span> 
     </span>
    </p>
   </div>
   <div class='ocr_carea' id='block_1_100' title="bbox 1017 2048 1802 2084">
    <p class='ocr_par' dir='ltr' id='par_1_100' title="bbox 1017 2048 1802 2084">
     <span class='ocr_line' id='line_1_100' title="bbox 1017 2048 1802 2084; baseline 0.003 -10"><span class='ocrx_word' id='word_1_770' title='bbox 1017 2048 1095 2075; x_wconf 66' lang='lat' dir='ltr'><strong>minis</strong></span> <span class='ocrx_word' id='word_1_771' title='bbox 1107 2049 1258 2083; x_wconf 82' lang='lat' dir='ltr'><strong>conﬁrmat.</strong></span> <span class='ocrx_word' id='word_1_772' title='bbox 1270 2048 1444 2075; x_wconf 85' lang='lat' dir='ltr'><strong>Exhilaratur</strong></span> <span class='ocrx_word' id='word_1_773' title='bbox 1453 2056 1536 2084; x_wconf 89' lang='lat' dir='ltr'><strong>porro</strong></span> <span class='ocrx_word' id='word_1_774' title='bbox 1547 2056 1578 2076; x_wconf 87' lang='lat' dir='ltr'><strong>ac</strong></span> <span class='ocrx_word' id='word_1_775' title='bbox 1591 2049 1744 2076; x_wconf 87' lang='lat' dir='ltr'><strong>illustratur</strong></span> <span class='ocrx_word' id='word_1_776' title='bbox 1760 2050 1802 2076; x_wconf 88' lang='lat' dir='ltr'><strong>in-</strong></span> 
     </span>
    </p>
   </div>
   <div class='ocr_carea' id='block_1_101' title="bbox 1018 2093 1799 2130">
    <p class='ocr_par' dir='ltr' id='par_1_101' title="bbox 1018 2093 1799 2130">
     <span class='ocr_line' id='line_1_101' title="bbox 1018 2093 1799 2130; baseline 0.003 -10"><span class='ocrx_word' id='word_1_777' title='bbox 1018 2093 1127 2122; x_wconf 85' lang='lat' dir='ltr'><strong>terioris</strong></span> <span class='ocrx_word' id='word_1_778' title='bbox 1144 2094 1264 2122; x_wconf 91' lang='lat' dir='ltr'><strong>hominis</strong></span> <span class='ocrx_word' id='word_1_779' title='bbox 1279 2094 1363 2122; x_wconf 86' lang='lat' dir='ltr'><strong>facies</strong></span> <span class='ocrx_word' id='word_1_780' title='bbox 1380 2095 1451 2127; x_wconf 87' lang='lat' dir='ltr'><strong>oleo,</strong></span> <span class='ocrx_word' id='word_1_781' title='bbox 1468 2095 1540 2130; x_wconf 91' lang='lat' dir='ltr'><strong>quod</strong></span> <span class='ocrx_word' id='word_1_782' title='bbox 1553 2095 1673 2122; x_wconf 88' lang='lat' dir='ltr'><strong>divinam</strong></span> <span class='ocrx_word' id='word_1_783' title='bbox 1693 2096 1742 2122; x_wconf 88' lang='lat' dir='ltr'><strong>alit</strong></span> <span class='ocrx_word' id='word_1_784' title='bbox 1761 2095 1799 2122; x_wconf 83' lang='lat' dir='ltr'><strong>lu-</strong></span> 
     </span>
    </p>
   </div>
   <div class='ocr_carea' id='block_1_102' title="bbox 1017 2141 1803 2177">
    <p class='ocr_par' dir='ltr' id='par_1_102' title="bbox 1017 2141 1803 2177">
     <span class='ocr_line' id='line_1_102' title="bbox 1017 2141 1803 2177; baseline 0.003 -9"><span class='ocrx_word' id='word_1_785' title='bbox 1017 2148 1089 2173; x_wconf 87' lang='lat' dir='ltr'><strong>cem,</strong></span> <span class='ocrx_word' id='word_1_786' title='bbox 1103 2148 1134 2168; x_wconf 92' lang='lat' dir='ltr'><strong>ac</strong></span> <span class='ocrx_word' id='word_1_787' title='bbox 1151 2141 1264 2168; x_wconf 87' lang='lat' dir='ltr'><strong>morbos</strong></span> <span class='ocrx_word' id='word_1_788' title='bbox 1279 2141 1443 2176; x_wconf 88' lang='lat' dir='ltr'><strong>laboresque</strong></span> <span class='ocrx_word' id='word_1_789' title='bbox 1460 2142 1559 2169; x_wconf 63' lang='lat' dir='ltr'><strong>anima:</strong></span> <span class='ocrx_word' id='word_1_790' title='bbox 1577 2142 1668 2174; x_wconf 84' lang='lat' dir='ltr'><strong>solvit,</strong></span> <span class='ocrx_word' id='word_1_791' title='bbox 1691 2143 1803 2177; x_wconf 86' lang='lat' dir='ltr'><strong>solaque</strong></span> 
     </span>
    </p>
   </div>
   <div class='ocr_carea' id='block_1_103' title="bbox 1021 2187 1801 2221">
    <p class='ocr_par' dir='ltr' id='par_1_103' title="bbox 1021 2187 1801 2221">
     <span class='ocr_line' id='line_1_103' title="bbox 1021 2187 1801 2221; baseline 0.001 -7"><span class='ocrx_word' id='word_1_792' title='bbox 1021 2187 1189 2221; x_wconf 84' lang='lat' dir='ltr'><strong>intelligendi</strong></span> <span class='ocrx_word' id='word_1_793' title='bbox 1217 2188 1323 2215; x_wconf 89' lang='lat' dir='ltr'><strong>ratione</strong></span> <span class='ocrx_word' id='word_1_794' title='bbox 1337 2194 1353 2214; x_wconf 89' lang='lat' dir='ltr'><strong>a</strong></span> <span class='ocrx_word' id='word_1_795' title='bbox 1369 2191 1522 2215; x_wconf 88' lang='lat' dir='ltr'><strong>memorato</strong></span> <span class='ocrx_word' id='word_1_796' title='bbox 1544 2189 1609 2215; x_wconf 80' lang='lat' dir='ltr'><strong>vino</strong></span> <span class='ocrx_word' id='word_1_797' title='bbox 1629 2188 1729 2215; x_wconf 77' lang='lat' dir='ltr'><strong>differt.</strong></span> <span class='ocrx_word' id='word_1_798' title='bbox 1755 2188 1801 2215; x_wconf 80' lang='lat' dir='ltr'><strong>Dei</strong></span> 
     </span>
    </p>
   </div>
   <div class='ocr_carea' id='block_1_104' title="bbox 1019 2231 1802 2267">
    <p class='ocr_par' dir='ltr' id='par_1_104' title="bbox 1019 2231 1802 2267">
     <span class='ocr_line' id='line_1_104' title="bbox 1019 2231 1802 2267; baseline -0.001 -9"><span class='ocrx_word' id='word_1_799' title='bbox 1019 2232 1119 2267; x_wconf 90' lang='lat' dir='ltr'><strong>quippe</strong></span> <span class='ocrx_word' id='word_1_800' title='bbox 1130 2232 1254 2264; x_wconf 89' lang='lat' dir='ltr'><strong>verbum,</strong></span> <span class='ocrx_word' id='word_1_801' title='bbox 1272 2236 1301 2258; x_wconf 91' lang='lat' dir='ltr'><strong>ut</strong></span> <span class='ocrx_word' id='word_1_802' title='bbox 1313 2231 1389 2263; x_wconf 87' lang='lat' dir='ltr'><strong>vitis,</strong></span> <span class='ocrx_word' id='word_1_803' title='bbox 1406 2232 1445 2258; x_wconf 85' lang='lat' dir='ltr'><strong>ita</strong></span> <span class='ocrx_word' id='word_1_804' title='bbox 1461 2236 1488 2259; x_wconf 91' lang='lat' dir='ltr'><strong>et</strong></span> <span class='ocrx_word' id='word_1_805' title='bbox 1511 2231 1582 2258; x_wconf 82' lang='lat' dir='ltr'><strong>oliva</strong></span> <span class='ocrx_word' id='word_1_806' title='bbox 1603 2236 1654 2259; x_wconf 88' lang='lat' dir='ltr'><strong>est.</strong></span> <span class='ocrx_word' id='word_1_807' title='bbox 1673 2231 1739 2266; x_wconf 80' lang='lat' dir='ltr'><strong>Ego,</strong></span> <span class='ocrx_word' id='word_1_808' title='bbox 1760 2231 1802 2257; x_wconf 91' lang='lat' dir='ltr'><strong>in-</strong></span> 
     </span>
    </p>
   </div>
   <div class='ocr_carea' id='block_1_105' title="bbox 984 2276 1800 2313">
    <p class='ocr_par' dir='ltr' id='par_1_105' title="bbox 984 2276 1800 2313">
     <span class='ocr_line' id='line_1_105' title="bbox 984 2276 1800 2313; baseline -0.001 -9"><span class='ocrx_word' id='word_1_809' title='bbox 984 2280 1005 2307; x_wconf 91' lang='lat' dir='ltr'><strong>D</strong></span> <span class='ocrx_word' id='word_1_810' title='bbox 1020 2279 1090 2313; x_wconf 90' lang='lat' dir='ltr'><strong>quit,</strong></span> <span class='ocrx_word' id='word_1_811' title='bbox 1108 2278 1175 2304; x_wconf 74' lang='lat' dir='ltr'><strong>sicut</strong></span> <span class='ocrx_word' id='word_1_812' title='bbox 1200 2277 1270 2304; x_wconf 78' lang='lat' dir='ltr'><strong>oliva</strong></span> <span class='ocrx_word' id='word_1_813' title='bbox 1294 2277 1435 2313; x_wconf 80' lang='lat' dir='ltr'><strong>fructifera</strong></span> <span class='ocrx_word' id='word_1_814' title='bbox 1460 2278 1487 2304; x_wconf 84' lang='lat' dir='ltr'><strong>in</strong></span> <span class='ocrx_word' id='word_1_815' title='bbox 1519 2277 1596 2304; x_wconf 85' lang='lat' dir='ltr'><strong>domo</strong></span> <span class='ocrx_word' id='word_1_816' title='bbox 1625 2277 1717 2304; x_wconf 77' lang='lat' dir='ltr'><strong>Dei“.</strong></span> <span class='ocrx_word' id='word_1_817' title='bbox 1734 2276 1800 2304; x_wconf 82' lang='lat' dir='ltr'><strong>Nam</strong></span> 
     </span>
    </p>
   </div>
   <div class='ocr_carea' id='block_1_106' title="bbox 1021 2321 1797 2359">
    <p class='ocr_par' dir='ltr' id='par_1_106' title="bbox 1021 2321 1797 2359">
     <span class='ocr_line' id='line_1_106' title="bbox 1021 2321 1797 2359; baseline -0.004 -7"><span class='ocrx_word' id='word_1_818' title='bbox 1021 2324 1082 2359; x_wconf 88' lang='lat' dir='ltr'><strong>ejus</strong></span> <span class='ocrx_word' id='word_1_819' title='bbox 1097 2323 1221 2351; x_wconf 86' lang='lat' dir='ltr'><strong>doctrina</strong></span> <span class='ocrx_word' id='word_1_820' title='bbox 1235 2324 1386 2351; x_wconf 87' lang='lat' dir='ltr'><strong>secundum</strong></span> <span class='ocrx_word' id='word_1_821' title='bbox 1402 2324 1537 2350; x_wconf 90' lang='lat' dir='ltr'><strong>diversam</strong></span> <span class='ocrx_word' id='word_1_822' title='bbox 1558 2323 1701 2355; x_wconf 88' lang='lat' dir='ltr'><strong>rationem,</strong></span> <span class='ocrx_word' id='word_1_823' title='bbox 1716 2326 1743 2349; x_wconf 88' lang='lat' dir='ltr'><strong>et</strong></span> <span class='ocrx_word' id='word_1_824' title='bbox 1760 2321 1797 2349; x_wconf 75' lang='lat' dir='ltr'><strong>vi-</strong></span> 
     </span>
    </p>
   </div>
   <div class='ocr_carea' id='block_1_107' title="bbox 1019 2370 1437 2405">
    <p class='ocr_par' dir='ltr' id='par_1_107' title="bbox 1019 2370 1437 2405">
     <span class='ocr_line' id='line_1_107' title="bbox 1019 2370 1437 2405; baseline 0 -9"><span class='ocrx_word' id='word_1_825' title='bbox 1019 2377 1083 2396; x_wconf 90' lang='lat' dir='ltr'><strong>num</strong></span> <span class='ocrx_word' id='word_1_826' title='bbox 1099 2374 1126 2397; x_wconf 89' lang='lat' dir='ltr'><strong>et</strong></span> <span class='ocrx_word' id='word_1_827' title='bbox 1144 2370 1233 2397; x_wconf 83' lang='lat' dir='ltr'><strong>oleum</strong></span> <span class='ocrx_word' id='word_1_828' title='bbox 1247 2373 1274 2397; x_wconf 87' lang='lat' dir='ltr'><strong>et</strong></span> <span class='ocrx_word' id='word_1_829' title='bbox 1291 2370 1370 2405; x_wconf 88' lang='lat' dir='ltr'><strong>panis</strong></span> <span class='ocrx_word' id='word_1_830' title='bbox 1383 2373 1437 2398; x_wconf 87' lang='lat' dir='ltr'><strong>est.</strong></span> 
     </span>
    </p>
   </div>
   <div class='ocr_carea' id='block_1_108' title="bbox 1055 2457 1800 2494">
    <p class='ocr_par' dir='ltr' id='par_1_108' title="bbox 1055 2457 1800 2494">
     <span class='ocr_line' id='line_1_108' title="bbox 1055 2457 1800 2494; baseline -0.003 -8"><span class='ocrx_word' id='word_1_831' title='bbox 1055 2459 1138 2487; x_wconf 75' lang='lat' dir='ltr'><strong>Vens.</strong></span> <span class='ocrx_word' id='word_1_832' title='bbox 1156 2459 1248 2487; x_wconf 69' lang='lat'><strong>16-18.</strong></span> <span class='ocrx_word' id='word_1_833' title='bbox 1265 2458 1463 2486; x_wconf 83' lang='lat' dir='ltr'><strong>Saturabuntur</strong></span> <span class='ocrx_word' id='word_1_834' title='bbox 1481 2458 1551 2494; x_wconf 87' lang='lat' dir='ltr'><strong>ligna</strong></span> <span class='ocrx_word' id='word_1_835' title='bbox 1563 2458 1658 2492; x_wconf 85' lang='lat' dir='ltr'><strong>campi,</strong></span> <span class='ocrx_word' id='word_1_836' title='bbox 1672 2457 1742 2485; x_wconf 85' lang='lat' dir='ltr'><strong>cedri</strong></span> <span class='ocrx_word' id='word_1_837' title='bbox 1756 2457 1800 2485; x_wconf 83' lang='lat' dir='ltr'><strong>Li-</strong></span> 
     </span>
    </p>
   </div>
   <div class='ocr_carea' id='block_1_109' title="bbox 1020 2503 1796 2540">
    <p class='ocr_par' dir='ltr' id='par_1_109' title="bbox 1020 2503 1796 2540">
     <span class='ocr_line' id='line_1_109' title="bbox 1020 2503 1796 2540; baseline -0.004 -8"><span class='ocrx_word' id='word_1_838' title='bbox 1020 2505 1092 2537; x_wconf 85' lang='lat' dir='ltr'><strong>bani,</strong></span> <span class='ocrx_word' id='word_1_839' title='bbox 1104 2514 1169 2540; x_wconf 81' lang='lat' dir='ltr'><strong>quas</strong></span> <span class='ocrx_word' id='word_1_840' title='bbox 1184 2505 1323 2540; x_wconf 74' lang='lat' dir='ltr'><strong>pluntasti,</strong></span> <span class='ocrx_word' id='word_1_841' title='bbox 1339 2505 1394 2531; x_wconf 79' lang='lat' dir='ltr'><strong>illic</strong></span> <span class='ocrx_word' id='word_1_842' title='bbox 1407 2512 1525 2538; x_wconf 79' lang='lat' dir='ltr'><strong>passeres</strong></span> <span class='ocrx_word' id='word_1_843' title='bbox 1541 2503 1721 2538; x_wconf 74' lang='lat' dir='ltr'><strong>nidiﬁco/mm.</strong></span> <span class='ocrx_word' id='word_1_844' title='bbox 1733 2503 1796 2530; x_wconf 74' lang='lat' dir='ltr'><strong>Ero-</strong></span> 
     </span>
    </p>
   </div>
   <div class='ocr_carea' id='block_1_110' title="bbox 1021 2549 1800 2582">
    <p class='ocr_par' dir='ltr' id='par_1_110' title="bbox 1021 2549 1800 2582">
     <span class='ocr_line' id='line_1_110' title="bbox 1021 2549 1800 2582; baseline -0.003 -5"><span class='ocrx_word' id='word_1_845' title='bbox 1021 2550 1059 2577; x_wconf 90' lang='lat' dir='ltr'><strong>dii</strong></span> <span class='ocrx_word' id='word_1_846' title='bbox 1074 2551 1168 2577; x_wconf 77' lang='lat' dir='ltr'><strong>domus</strong></span> <span class='ocrx_word' id='word_1_847' title='bbox 1192 2551 1246 2577; x_wconf 76' lang='lat' dir='ltr'><strong>dua:</strong></span> <span class='ocrx_word' id='word_1_848' title='bbox 1269 2558 1307 2577; x_wconf 78' lang='lat' dir='ltr'><strong>est</strong></span> <span class='ocrx_word' id='word_1_849' title='bbox 1332 2557 1422 2577; x_wconf 82' lang='lat' dir='ltr'><strong>eorum</strong></span> <span class='ocrx_word' id='word_1_850' title='bbox 1438 2558 1446 2576; x_wconf 94' lang='lat'><strong><em>:</em></strong></span> <span class='ocrx_word' id='word_1_851' title='bbox 1463 2554 1561 2576; x_wconf 74' lang='lat' dir='ltr'><strong>montes</strong></span> <span class='ocrx_word' id='word_1_852' title='bbox 1587 2549 1682 2576; x_wconf 67' lang='lat' dir='ltr'><strong>excelsi</strong></span> <span class='ocrx_word' id='word_1_853' title='bbox 1708 2550 1800 2582; x_wconf 75' lang='lat' dir='ltr'><strong>cervis,</strong></span> 
     </span>
    </p>
   </div>
   <div class='ocr_carea' id='block_1_111' title="bbox 1019 2595 1801 2632">
    <p class='ocr_par' dir='ltr' id='par_1_111' title="bbox 1019 2595 1801 2632">
     <span class='ocr_line' id='line_1_111' title="bbox 1019 2595 1801 2632; baseline -0.001 -9"><span class='ocrx_word' id='word_1_854' title='bbox 1019 2601 1094 2632; x_wconf 77' lang='lat' dir='ltr'><strong>petra</strong></span> <span class='ocrx_word' id='word_1_855' title='bbox 1116 2597 1246 2632; x_wconf 78' lang='lat' dir='ltr'><strong>refugium</strong></span> <span class='ocrx_word' id='word_1_856' title='bbox 1267 2596 1418 2624; x_wconf 79' lang='lat' dir='ltr'><strong>lteriuaciis.</strong></span> <span class='ocrx_word' id='word_1_857' title='bbox 1448 2595 1610 2623; x_wconf 86' lang='lat' dir='ltr'><strong>Hebraicum</strong></span> <span class='ocrx_word' id='word_1_858' title='bbox 1625 2596 1763 2631; x_wconf 82' lang='lat' dir='ltr'><strong>exemplar</strong></span> <span class='ocrx_word' id='word_1_859' title='bbox 1774 2599 1801 2623; x_wconf 87' lang='lat' dir='ltr'><strong>et</strong></span> 
     </span>
    </p>
   </div>
   <div class='ocr_carea' id='block_1_112' title="bbox 1019 2641 1800 2678">
    <p class='ocr_par' dir='ltr' id='par_1_112' title="bbox 1019 2641 1800 2678">
     <span class='ocr_line' id='line_1_112' title="bbox 1019 2641 1800 2678; baseline -0.003 -8"><span class='ocrx_word' id='word_1_860' title='bbox 1019 2643 1118 2678; x_wconf 87' lang='lat' dir='ltr'><strong>reliqui</strong></span> <span class='ocrx_word' id='word_1_861' title='bbox 1150 2643 1326 2678; x_wconf 85' lang='lat' dir='ltr'><strong>interpretes,</strong></span> <span class='ocrx_word' id='word_1_862' title='bbox 1359 2642 1431 2678; x_wconf 85' lang='lat' dir='ltr'><strong>ligna</strong></span> <span class='ocrx_word' id='word_1_863' title='bbox 1461 2641 1579 2675; x_wconf 82' lang='lat' dir='ltr'><strong>Domini,</strong></span> <span class='ocrx_word' id='word_1_864' title='bbox 1599 2641 1709 2670; x_wconf 83' lang='lat' dir='ltr'><strong>habent.</strong></span> <span class='ocrx_word' id='word_1_865' title='bbox 1732 2641 1800 2668; x_wconf 87' lang='lat' dir='ltr'><strong>Cum</strong></span> 
     </span>
    </p>
   </div>
   <div class='ocr_carea' id='block_1_113' title="bbox 1017 2683 1800 2723">
    <p class='ocr_par' dir='ltr' id='par_1_113' title="bbox 1017 2683 1800 2723">
     <span class='ocr_line' id='line_1_113' title="bbox 1017 2683 1800 2723; baseline -0.004 -7"><span class='ocrx_word' id='word_1_866' title='bbox 1017 2689 1163 2718; x_wconf 84' lang='lat' dir='ltr'><strong>fructifera</strong></span> <span class='ocrx_word' id='word_1_867' title='bbox 1190 2690 1389 2723; x_wconf 82' lang='lat' dir='ltr'><strong>recensuisset,</strong></span> <span class='ocrx_word' id='word_1_868' title='bbox 1415 2683 1569 2717; x_wconf 81' lang='lat' dir='ltr'><strong>necessario</strong></span> <span class='ocrx_word' id='word_1_869' title='bbox 1604 2689 1685 2716; x_wconf 88' lang='lat' dir='ltr'><strong>etiam</strong></span> <span class='ocrx_word' id='word_1_870' title='bbox 1711 2687 1800 2714; x_wconf 90' lang='lat' dir='ltr'><strong>fructu</strong></span> 
     </span>
    </p>
   </div>
   <div class='ocr_carea' id='block_1_114' title="bbox 1018 2734 1799 2771">
    <p class='ocr_par' dir='ltr' id='par_1_114' title="bbox 1018 2734 1799 2771">
     <span class='ocr_line' id='line_1_114' title="bbox 1018 2734 1799 2771; baseline -0.006 -7"><span class='ocrx_word' id='word_1_871' title='bbox 1018 2737 1139 2764; x_wconf 86' lang='lat' dir='ltr'><strong>carentia</strong></span> <span class='ocrx_word' id='word_1_872' title='bbox 1155 2741 1298 2770; x_wconf 87' lang='lat' dir='ltr'><strong>memorat,</strong></span> <span class='ocrx_word' id='word_1_873' title='bbox 1315 2740 1410 2771; x_wconf 89' lang='lat' dir='ltr'><strong>utpote</strong></span> <span class='ocrx_word' id='word_1_874' title='bbox 1421 2743 1481 2771; x_wconf 72' lang='lat' dir='ltr'><strong>qua:</strong></span> <span class='ocrx_word' id='word_1_875' title='bbox 1498 2735 1654 2763; x_wconf 88' lang='lat' dir='ltr'><strong>hominibus</strong></span> <span class='ocrx_word' id='word_1_876' title='bbox 1669 2734 1702 2762; x_wconf 91' lang='lat' dir='ltr'><strong>ad</strong></span> <span class='ocrx_word' id='word_1_877' title='bbox 1719 2741 1799 2762; x_wconf 91' lang='lat' dir='ltr'><strong>usum</strong></span> 
     </span>
    </p>
   </div>
   <div class='ocr_carea' id='block_1_115' title="bbox 1020 2779 1799 2818">
    <p class='ocr_par' dir='ltr' id='par_1_115' title="bbox 1020 2779 1799 2818">
     <span class='ocr_line' id='line_1_115' title="bbox 1020 2779 1799 2818; baseline 0.001 -9"><span class='ocrx_word' id='word_1_878' title='bbox 1020 2783 1177 2810; x_wconf 79' lang='lat' dir='ltr'><strong>necessaria</strong></span> <span class='ocrx_word' id='word_1_879' title='bbox 1191 2783 1255 2810; x_wconf 88' lang='lat' dir='ltr'><strong>sint.</strong></span> <span class='ocrx_word' id='word_1_880' title='bbox 1271 2782 1388 2818; x_wconf 83' lang='lat' dir='ltr'><strong>Ideoque</strong></span> <span class='ocrx_word' id='word_1_881' title='bbox 1407 2783 1465 2817; x_wconf 86' lang='lat' dir='ltr'><strong>ipsa</strong></span> <span class='ocrx_word' id='word_1_882' title='bbox 1493 2782 1600 2810; x_wconf 91' lang='lat' dir='ltr'><strong>Domini</strong></span> <span class='ocrx_word' id='word_1_883' title='bbox 1621 2779 1799 2815; x_wconf 77' lang='lat' dir='ltr'><strong>nuncupavit.</strong></span> 
     </span>
    </p>
   </div>
   <div class='ocr_carea' id='block_1_116' title="bbox 1021 2827 1798 2864">
    <p class='ocr_par' dir='ltr' id='par_1_116' title="bbox 1021 2827 1798 2864">
     <span class='ocr_line' id='line_1_116' title="bbox 1021 2827 1798 2864; baseline -0.003 -9"><span class='ocrx_word' id='word_1_884' title='bbox 1021 2832 1051 2855; x_wconf 90' lang='lat' dir='ltr'><strong>ut</strong></span> <span class='ocrx_word' id='word_1_885' title='bbox 1068 2832 1164 2864; x_wconf 85' lang='lat' dir='ltr'><strong>sponte</strong></span> <span class='ocrx_word' id='word_1_886' title='bbox 1175 2829 1327 2862; x_wconf 79' lang='lat' dir='ltr'><strong>nascentia,</strong></span> <span class='ocrx_word' id='word_1_887' title='bbox 1340 2837 1429 2864; x_wconf 87' lang='lat' dir='ltr'><strong>neque</strong></span> <span class='ocrx_word' id='word_1_888' title='bbox 1449 2837 1530 2857; x_wconf 83' lang='lat' dir='ltr'><strong>manu</strong></span> <span class='ocrx_word' id='word_1_889' title='bbox 1544 2829 1616 2857; x_wconf 89' lang='lat' dir='ltr'><strong>culta</strong></span> <span class='ocrx_word' id='word_1_890' title='bbox 1627 2837 1634 2861; x_wconf 87' lang='lat'>;</span> <span class='ocrx_word' id='word_1_891' title='bbox 1646 2827 1693 2855; x_wconf 84' lang='lat' dir='ltr'><strong>scd</strong></span> <span class='ocrx_word' id='word_1_892' title='bbox 1706 2827 1798 2855; x_wconf 87' lang='lat' dir='ltr'><strong>divino</strong></span> 
     </span>
    </p>
   </div>
  </div>
