2044 3212
253 167 266 194 1
271 167 323 195 279

586 164 720 193 EUSEBII
738 160 975 191 C/ESARlENSlS
994 159 1068 188 OPP.
1089 158 1178 186 PARS
1193 157 1235 185 111.
1247 173 1282 178 —-
1302 155 1505 184 EXEGETICA.

1811 153 1882 181 1280

253 223 339 250 verbo
364 219 557 256 germinantia.
587 218 665 247 Cedri
692 218 869 253 Libaniquas
899 216 1038 252 plantam.

1095 215 1146 249 pud
1160 213 1207 240 καὶ
1219 213 1249 239 οὺ
1265 212 1444 248 χειρόκμητα,
1459 210 1527 237 ἀλλὰ
1599 209 1663 245 θείῳ
1677 209 1749 246 λόγῳ
1763 209 1790 245 β)
1796 211 1882 246 αστή-

255 267 373 295 Pulcbrc
402 265 548 294 cedrorum
577 265 774 300 plantationem
808 262 864 290 Deo
899 261 1038 297 ascripsit,

255 314 320 349 quia
332 313 391 341 sine
404 311 460 340 ulla
491 311 611 339 humana
634 318 700 339 cura
723 309 751 337 in
770 313 873 337 tantam
900 307 1041 336 celsitudi-

256 368 317 387 nem
333 362 526 387 excreverunt.
548 356 608 385 Non
631 356 705 384 enim
730 355 864 391 lignarius
878 354 977 389 aliquis
995 361 1043 381 ea-

256 413 317 432 rum
332 405 421 431 cultor
439 403 491 430 fuit
502 412 510 436 ;
522 402 570 430 sed
583 401 706 430 divinum
719 401 832 429 verbum
847 400 980 427 montium
995 406 1042 426 ca-

257 451 366 478 cumina
382 450 425 478 his
439 456 526 484 opaca
543 448 617 476 fecit.
636 447 713 481 Quod
740 446 763 474 si
786 446 845 481 ipse
866 444 1041 481 plantaverit,

256 505 322 525 sane
335 496 416 524 utiles
433 499 517 523 sunt:
536 494 640 529 optima
664 493 765 528 quippe
785 495 851 520 sunt
873 497 1042 527 quaecunque

257 543 328 571 Deus
340 542 438 570 ell'ecit.
451 541 518 568 Cum
528 547 610 575 porro
617 539 715 567 Libani
727 543 858 574 tanquam
869 536 1041 565 celeberrimi

257 589 423 617 mentionem
455 588 529 620 fecit,
558 594 664 615 necnon
697 586 843 614 cedrorum
873 584 945 619 ejus,
973 583 1042 611 alios

255 636 337 663 etiam
350 639 457 662 montes
472 638 498 661 et
513 634 625 661 arbores
643 633 685 660 his
702 632 878 667 signiﬁcavit.
897 630 961 658 Illic
978 637 1041 664 pas-

256 689 324 708 seres
347 680 531 716 nidiﬁcabunt.
554 678 649 706 Erodii
676 678 770 706 domus
791 678 847 705 dua:
879 683 918 705 est
939 686 1040 705 eorum.

256 727 353 762 Aquila
376 727 416 754 sic
435 726 517 754 habet
537 734 544 752 :
561 725 623 752 Illic
653 734 711 752 aves
738 725 924 760 nidiﬁcabunt.
942 723 1042 751 Erodio

256 773 354 800 abiete:
368 772 460 800 domus
479 772 540 807 ipsi.
563 771 631 799 Nam
660 772 702 799 hae
727 771 793 807 ipsa:
820 771 933 799 arbores
959 771 1042 798 alium

256 818 367 852 quidem
390 818 557 851 hominibus,
573 819 656 846 alium
672 825 737 846 vero
754 817 851 846 avibus
872 824 952 845 usum
973 824 1043 852 pne-

256 863 331 891 bent.

292 951 376 980 VEns.
401 952 445 980 19.
465 951 541 980 Fecit
558 952 648 980 lunam
663 953 690 980 in
701 958 819 988 tempora
835 962 844 981 :
861 953 902 981 sal
923 954 1040 989 cognovit

257 1005 378 1025 occasum
393 1007 480 1026 auuol.
494 999 563 1026 Cum
594 1003 702 1027 terrena
730 999 821 1027 omnia
844 999 1041 1033 recensuisset,

257 1043 488 1080 invisibiliumque
503 1049 662 1073 naturarum
686 1045 850 1073 creationem
862 1045 1042 1078 exhibuisset,

256 1089 390 1117 caelorum
407 1090 472 1117 item
487 1090 626 1126 opilicium
648 1089 862 1123 subindicasset,
876 1098 950 1118 nunc
962 1091 1044 1118 lumi-

257 1135 365 1162 narium
381 1135 547 1163 mentionem
563 1135 638 1168 facit,
654 1143 714 1171 qua:
737 1140 835 1171 quarto
863 1135 908 1164 die
931 1135 1043 1163 condita

257 1184 332 1208 sunt.
348 1180 404 1208 Nec
421 1181 481 1209 sine
495 1181 612 1209 consilio
632 1181 751 1208 arbitror
770 1189 802 1209 ea
828 1189 888 1217 qua:
916 1182 1043 1217 superius

257 1226 439 1261 praetermissa
449 1225 622 1258 videbantur,
639 1225 749 1261 quando
767 1225 801 1254 de
817 1226 898 1254 rebus
923 1226 1043 1254 coelesti-

257 1272 319 1304 bus,
335 1271 369 1299 de
385 1271 505 1299 nubibus
517 1275 544 1299 et
556 1272 644 1300 ventis
652 1272 734 1299 verba
744 1271 856 1305 fecerat,
866 1280 939 1300 nunc
953 1280 1043 1300 sermo

257 1317 389 1350 resumit,
418 1325 450 1345 ea
474 1321 536 1353 post
564 1321 604 1345 tot
627 1318 681 1345 alia
702 1318 839 1346 recensita
873 1325 1042 1353 memorans;

257 1370 351 1391 verum
362 1367 392 1390 ut
401 1362 498 1391 doceat
518 1363 575 1391 haec
588 1372 698 1400 quoque
713 1364 748 1392 ad
764 1364 911 1392 utilitatem
933 1365 1043 1393 condita

257 1407 354 1436 fuisse.
368 1407 494 1436 Forsitan
522 1409 594 1436 enim
607 1409 629 1437 si
650 1410 706 1437 haec
727 1409 816 1444 primo
842 1410 903 1437 loco
923 1416 1043 1438 comme-

257 1458 402 1488 morasset,
419 1455 529 1483 occasio
544 1456 669 1490 quaedam
700 1457 796 1484 relicta
821 1456 855 1484 iis
870 1455 979 1487 fuisset,
996 1456 1043 1491 qui

258 1499 338 1535 quasi
353 1499 445 1527 divina
460 1504 487 1528 et
501 1504 630 1536 tanquam
645 1508 757 1530 causam
774 1502 964 1538 productionis
984 1501 1044 1528 ani-

1092 268 1185 286 σαντα,
1201 260 1235 286 Ai
1250 258 1348 292 κέδροι
1367 257 1420 284 τοῦ
1436 257 1566 285 Λιϐάνου
1579 256 1617 290 ἀς
1631 257 1810 291 ἐφύτευσας.
1824 256 1883 283 Κα-

1091 305 1144 337 λῶς
1162 305 1201 340 τῷ
1219 304 1279 340 Θεῷ
1301 304 1475 340 προσέγραψε
1497 303 1551 329 τῶν
1568 302 1670 338 κέδρων
1686 302 1735 338 τὴν
1749 302 1881 335 φυτείανσ

1090 352 1131 378 ὅτι
1144 351 1221 383 ἐκτὸς
1236 350 1407 386 ἀνθρωπίνης
1419 348 1576 385 ἐπιμελείας
1599 348 1645 375 ἐπὶ
1658 349 1784 375 τοσοῦτον
1797 347 1883 384 ηὐξή-

1092 397 1186 433 θησαν.
1202 397 1240 424 υὺ
1254 397 1308 432 γὰρ
1321 397 1472 432 ἀλσοκόμος
1483 404 1526 427 τις
1540 395 1642 422 τούτων
1653 394 1749 429 γέγονε
1763 403 1882 431 φυτουρ-

1091 443 1154 477 γός·
1169 443 1225 470 ἀλλ’
1238 444 1252 469 ό
1267 442 1338 474 θεῖος
1361 442 1456 476 Λόγος,
1477 441 1643 477 ἀμφιλαφεῖς
1661 441 1710 473 τὰς
1732 441 1788 467 τῶν
1811 441 1883 477 ὀρῶν

1092 490 1239 525 εἰργάσατο
1261 490 1393 525 κορυφάς.
1418 489 1450 515 Et
1464 488 1493 515 δὲ
1510 487 1590 519 αὐτὸς
1612 487 1754 522 ἐφύτευσε,
1773 487 1884 519 πάντως

1092 536 1132 563 δτι
1150 537 1271 572 χρήσιμα
1282 544 1288 550 ·
1307 535 1395 562 πάντα
1413 535 1468 571 γὰρ
1483 535 1533 562 ὅσα
1551 534 1677 570 ἐποίησεν
1692 535 1706 560 ὁ
1719 533 1796 566 Θεὸς,
1813 534 1884 560 καλά

1092 582 1161 609 λίαν.
1178 582 1232 608 Τοῦ
1253 581 1304 618 μὲν
1326 581 1441 609 Λιϐάνου
1463 581 1501 613 ὡς
1522 580 1659 616 ἐπισήμου
1682 579 1884 616 μνημονεύσας,

1092 627 1140 654 καὶ
1153 627 1207 654 τῶν
1222 627 1251 654 ὲν
1271 627 1346 663 αύτῷ
1360 626 1474 663 κέδρων,
1491 626 1539 653 καὶ
1553 626 1587 653 τὰ
1601 626 1668 653 ἄλλα
1681 626 1733 661 ὅρη
1756 626 1803 652 καὶ
1823 625 1883 652 δέν-

1093 674 1144 709 δρα
1165 674 1210 701 διὰ
1233 673 1336 700 τούτων
1357 673 1501 709 ἐδήλωσεν.
1521 672 1603 700 Ἐκεῖ
1613 672 1758 706 στρουθία
1774 672 1885 699 ἐννοσ-

1092 721 1251 747 σεύσουσι.
1266 719 1321 747 Τοῦ
1334 719 1455 754 ὲρωδιοῦ
1470 719 1489 753 ἡ
1505 719 1584 746 οἰκία
1598 718 1710 754 ἡγεῖται
1724 717 1836 746 αὐτῶν.
1855 719 1885 744 '0

1099 766 1214 799 Ἀκύλας
1227 765 1312 798 οὕτως
1331 765 1405 801 ἔχει·
1433 765 1514 793 Ἐκεῖ
1533 765 1621 800 ὄρνεα
1640 765 1883 792 νοσσεύσουσιν.

1099 811 1226 846 Ἐρωδιῷ
1241 811 1344 839 ἐλάται
1360 809 1441 844 οἶκος
1458 809 1546 843 αὐτῷ.
1563 811 1603 837 Τά
1619 810 1673 846 γὰρ
1697 809 1767 837 αὐτὰ
1788 809 1886 846 δένδρα

1094 858 1176 893 ἄλλην
1202 857 1252 893 μὲν
1273 856 1427 893 ἀνθρώποις
1446 856 1551 893 χρείαν,
1567 855 1649 892 ἄλλην
1663 855 1691 882 δὲ
1711 856 1767 887 τοῖς
1780 855 1886 891 ὀρνέοις

1095 904 1218 940 παρέχει.

1136 950 1276 985 Ἐποίησε
1290 949 1428 984 σελήνην
1445 951 1489 983 εις
1510 949 1642 984 καιρούς·
1666 949 1683 976 ὀ
1700 948 1788 982 ἥλιος
1807 949 1885 984 ἕτγω

1093 996 1151 1031 τὴν
1165 996 1255 1024 δύσιν
1270 995 1374 1023 αὑτοῦ.
1387 996 1427 1023 Τὰ
1449 995 1519 1023 κατὰ
1537 996 1589 1031 γῆν
1604 995 1711 1023 ᾶπαντα
1729 994 1884 1028 διεξελθὼν,

1094 1043 1141 1070 καὶ
1160 1042 1214 1070 τῶν
1236 1042 1360 1079 ἀοράτων
1380 1042 1487 1078 φύσεων
1506 1042 1557 1078 τὴν
1575 1040 1756 1078 δημιουργίαν
1777 1041 1884 1073 δείξας,

1093 1089 1141 1116 καὶ
1153 1087 1207 1115 τῶν
1219 1087 1340 1124 οὐρανῶν
1353 1087 1496 1121 ὑποδείξας
1510 1087 1559 1122 τὴν
1573 1086 1691 1122 ποίησιν,
1708 1085 1755 1113 νῦν
1768 1086 1817 1113 καὶ
1831 1086 1886 1112 τῶν

1094 1135 1245 1171 φωστήρων
1262 1135 1379 1161 ποιεῖται
1391 1134 1442 1170 τὴν
1459 1135 1579 1170 μνήμην,
1594 1133 1618 1159 οἳ
1637 1132 1708 1160 κατά
1719 1132 1769 1168 τὴν
1787 1132 1888 1168 τετάρ-

1093 1190 1142 1218 την
1155 1180 1261 1217 ἡμέραν
1278 1180 1411 1215 ἐγένοντο.
1427 1179 1484 1208 Οὐκ
1497 1180 1626 1211 ἀσκόπως
1637 1179 1675 1211 δὲ,
1692 1176 1769 1214 οἴμαι
1791 1178 1827 1205 τὰ
1844 1178 1888 1205 δό-

1095 1227 1176 1260 ξαντα
1191 1227 1219 1253 ὲν
1234 1227 1291 1258 τοῖς
1306 1227 1362 1254 ἄνω
1384 1225 1608 1262 παραλελεῖφθαι,
1624 1225 1668 1252 ὅτε
1682 1225 1716 1252 τά
1728 1226 1788 1252 κατ’
1803 1224 1888 1260 ούρα-

1094 1273 1139 1299 νὸν
1152 1273 1200 1299 καὶ
1224 1271 1258 1298 τὰ
1277 1272 1341 1307 περὶ
1360 1271 1449 1307 νεφῶν
1471 1271 1518 1298 καὶ
1536 1271 1645 1306 ἀνέμων
1666 1270 1786 1305 ἐλέγετο,
1807 1269 1855 1296 νῦν
1872 1270 1888 1296 ὁ

1093 1318 1172 1352 λόγος
1201 1317 1421 1354 ἐπαναλαμὸἁνει
1434 1338 1441 1350 ,
1465 1316 1533 1353 μετά
1557 1316 1674 1344 τοσαῦτα
1695 1315 1888 1352 μνημονεύσας

1094 1363 1194 1396 αὐτῶν,
1213 1363 1272 1390 ἀλλ’
1288 1363 1358 1400 ὑπὲρ
1374 1363 1420 1390 τοῦ
1439 1363 1556 1396 διδάξαι,
1571 1363 1611 1389 δτι
1628 1362 1676 1390 καὶ
1692 1361 1779 1389 ταῦτα
1791 1361 1888 1398 χρείας

1094 1409 1186 1436 ἕνεκεν
1199 1409 1313 1443 ὑπέστη.
1328 1409 1404 1444 Τάχα
1418 1408 1482 1444 γὰρ,
1498 1410 1522 1435 εἰ
1539 1408 1646 1444 πρῶτον
1662 1408 1752 1435 αὐτῶν
1765 1407 1889 1443 ἐμνημό-

1094 1455 1313 1490 νευσεν,ἀφορμή
1325 1463 1368 1486 τις
1381 1455 1556 1482 κατελείπετο
1564 1455 1620 1486 τοῖς
1632 1454 1670 1486 ὡς
1683 1453 1742 1481 θεῖα
1753 1454 1809 1480 δεῖν
1817 1453 1888 1480 αὑτά

1096 1503 1184 1530 σέϐειν
1206 1503 1378 1539 ἡγουμένοις,
1403 1502 1451 1529 καὶ
1472 1503 1510 1535 ὡς
1536 1503 1610 1529 αἴτια
1633 1502 1683 1537 τῆς
1698 1501 1752 1528 τῶν
1767 1502 1815 1528 ἐπὶ
1834 1501 1888 1536 γῆς

258 1545 371 1572 malium
403 1549 429 1573 et
461 1545 600 1574 fructuum
625 1551 714 1580 terrm,
744 1548 805 1583 ipsa
838 1547 952 1576 colenda
983 1553 1044 1574 esse

1096 1549 1172 1581 ζώων
1190 1558 1221 1575 τε
1243 1549 1290 1576 καὶ
1306 1548 1420 1584 καρπῶν
1437 1548 1601 1580 συστάσεως.
1620 1548 1706 1575 Τοῦτο
1721 1548 1788 1583 γοῦν
1800 1548 1825 1574 οἱ
1838 1548 1888 1583 τῆς

258 1589 405 1618 duxerunt.
418 1590 476 1619 Hoc
497 1600 594 1628 nempe
605 1600 667 1622 cum
685 1593 723 1621 illi
737 1593 784 1629 qui
800 1601 815 1620 a
839 1593 939 1629 pietate
962 1593 1044 1620 alieni

258 1639 337 1663 erant
359 1637 567 1672 existimarent;
583 1639 704 1666 animum
720 1639 884 1675 appulerunt
902 1643 933 1667 ut
959 1639 1044 1667 solem

258 1683 286 1707 et
305 1680 408 1715 lunam,
422 1685 552 1717 tanquam
569 1682 636 1711 deos
664 1684 861 1718 generationis,
879 1684 1002 1712 alimenti
1018 1687 1046 1711 et

260 1726 420 1754 incrementi
442 1729 529 1756 nostri
545 1733 683 1763 auctores,
703 1730 833 1757 colerent.
854 1729 906 1758 Sed
936 1730 1046 1758 divinus

259 1781 350 1801 sermo
364 1773 391 1801 id
406 1774 518 1803 minime
533 1776 631 1811 probat
648 1786 655 1803 :
671 1776 812 1804 enimvero
827 1776 952 1808 allirmat,
963 1777 1045 1804 etiam

260 1820 328 1848 citra
342 1819 446 1853 isthmc.
461 1821 644 1850 universalem
668 1822 742 1849 illam
763 1821 811 1850 Dei
835 1822 1046 1858 providentiam,

260 1873 315 1893 non
329 1866 418 1894 solum
432 1874 493 1902 quas
507 1867 535 1895 in
552 1868 641 1900 ccelis,
657 1868 705 1896 sed
721 1868 803 1896 etiam
823 1876 885 1904 quae
912 1869 940 1896 in
962 1873 1046 1902 terra,

260 1912 388 1940 animalia
403 1920 500 1948 nempe
508 1914 680 1949 plantasque,
697 1914 872 1949 produxisse.
897 1914 960 1942 Haec
982 1915 1046 1942 item

260 1956 368 1993 Moyses
379 1961 409 1986 ut
419 1959 539 1992 doceret,
548 1960 638 1995 primo
651 1962 807 1996 plantarum
819 1962 989 1990 terrestrium
1002 1969 1048 1988 or-

260 2006 330 2036 tum,
339 2004 437 2032 deinde
444 2005 618 2032 luminarium
628 2005 835 2041 productionem
843 2005 960 2033 induxit.
969 2005 1047 2033 Nunc

261 2048 325 2076 item
341 2049 425 2078 David
436 2050 526 2079 denuo
536 2052 654 2080 recurrit
663 2051 696 2079 ad
708 2052 861 2080 ccelestium
872 2052 945 2079 illam
956 2052 1047 2087 provi-

261 2095 393 2131 dentiam,
410 2105 443 2125 ac
455 2099 530 2126 nulla
554 2099 608 2126 alia
635 2099 670 2127 de
690 2107 774 2127 causa
798 2099 937 2127 conditam
953 2100 1047 2127 lunam

262 2141 347 2171 fuisse
360 2143 496 2179 ait,quam
507 2144 541 2171 ad
552 2146 784 2173 enumerationem
798 2149 825 2172 et
835 2144 960 2172 notitiam
970 2153 1047 2173 meu-

263 2189 334 2217 sium
346 2193 373 2217 ct
381 2189 486 2217 dierum
496 2197 503 2215 :
511 2197 573 2217 nam
582 2190 659 2224 illud,
668 2192 695 2218 in
703 2195 828 2225 tempore,
837 2190 954 2226 idipsum
961 2191 1047 2227 signi-

1096 1594 1237 1627 εὒσεὸείας
1247 1594 1381 1630 ἀλλότριοι
1394 1595 1554 1630 νομίσαντες
1565 1594 1733 1630 ὡρμήθησαν
1746 1594 1836 1621 σέὸειν
1849 1593 1886 1625 th;

1096 1641 1174 1674 θεοὺς
1188 1642 1262 1677 ήλιον
1276 1642 1323 1668 καὶ
1345 1641 1470 1677 σελήνην,
1486 1641 1523 1673 ὼς
1537 1641 1570 1668 ἂν
1592 1641 1642 1676 τῆς
1659 1641 1797 1677 ἡμετέρας
1811 1641 1888 1675 γενέ-

1098 1687 1166 1720 σεώς
1189 1696 1219 1714 τε
1245 1687 1291 1714 καὶ
1313 1687 1416 1724 τροφῆς
1439 1688 1486 1714 καὶ
1507 1687 1646 1723 αὐξήσεως
1669 1686 1782 1718 αίτίους,
1815 1686 1886 1712 Ἀλλ’

1096 1733 1187 1759 οὐκέτι
1200 1732 1214 1758 ὁ
1227 1733 1299 1764 θεῖος
1318 1733 1396 1768 λόγος
1413 1733 1492 1760 τοῦτο
1513 1734 1687 1770 παρίστησιν,
1703 1732 1760 1760 ἀλλ’
1779 1733 1822 1760 ὃτι
1840 1733 1888 1760 καὶ

1096 1777 1198 1805 τούτων
1225 1779 1304 1811 ἐκτὸς
1316 1780 1333 1814 ή
1348 1778 1463 1806 καθόλου
1481 1779 1592 1814 πρόνοια
1608 1777 1655 1805 τοῦ
1673 1779 1741 1806 Θεοῦ
1761 1780 1793 1806 οὐ
1808 1780 1888 1814 μόνον

1096 1822 1131 1850 τὰ
1151 1824 1210 1851 κατ’
1231 1825 1355 1860 οὐρανὸν,
1378 1824 1446 1851 ἀλλὰ
1466 1825 1513 1851 καὶ
1527 1825 1561 1851 τὰ
1574 1825 1620 1851 ἐπὶ
1633 1824 1685 1860 γῆς
1703 1826 1888 1861 συνεστήσατο

1097 1870 1155 1903 ζῶά
1165 1879 1194 1897 τε
1206 1871 1252 1898 καὶ
1261 1871 1341 1905 φυτά.
1351 1871 1437 1898 Τοῦτο
1449 1872 1496 1899 καὶ
1507 1872 1608 1906 Μωσῆς
1619 1871 1723 1905 διδάξαι
1735 1871 1886 1907 βουληθεὶς,

1097 1915 1206 1952 πρῶτον
1224 1917 1356 1953 εἰσήγαγε
1373 1918 1423 1953 τὴν
1440 1917 1494 1944 τῶν
1516 1916 1571 1944 ἀπὸ
1587 1917 1639 1953 γῆς
1660 1917 1752 1952 φυτῶν
1768 1918 1886 1952 γένεσιν,

1097 1962 1147 1990 εἶθ’
1160 1964 1245 1996 οὕτως
1258 1964 1307 2000 τὴν
1319 1963 1374 1991 τῶν
1387 1965 1479 1999 φωστή
1484 1972 1538 1999 ρων
1552 1963 1690 1990 σύστασιν.
1711 1964 1767 1990 Καὶ
1789 1964 1837 1991 νῦν
1858 1964 1888 1991 δὲ

1096 2012 1110 2037 ὁ
1121 2010 1201 2037 Δαυῒδ
1215 2010 1358 2046 ἀνατρέχει
1370 2010 1506 2037 πάλινὲπὶ
1516 2009 1565 2044 τὴν
1576 2009 1604 2036 ὲν
1615 2009 1738 2045 οὐρανοῖς
1749 2011 1888 2046 πρόνοιαν,

1095 2056 1129 2083 δι’
1150 2056 1226 2083 οὐδὲν
1249 2056 1342 2091 ἕτερον
1365 2056 1414 2092 τὴν
1437 2056 1551 2092 σελήνην
1576 2056 1739 2092 γεγενῆσθαι
1752 2057 1850 2091 λέγων,
1868 2057 1886 2093 ἢ

1096 2103 1165 2139 πρὸς
1179 2102 1295 2139 ἀριθμὸν
1316 2103 1362 2129 καὶ
1384 2102 1528 2137 διάγνωσιν
1551 2103 1643 2138 μηνῶν
1656 2111 1685 2130 τε
1699 2105 1745 2130 καὶ
1759 2103 1869 2140 ἡμερῶν
1878 2112 1886 2118 ·

1096 2147 1127 2174 τὺ
1145 2148 1210 2184 γὰρ,
1219 2149 1263 2181 εἰς
1274 2147 1408 2182 καιροὺς.
1424 2148 1503 2175 τοῦτο
1520 2149 1611 2185 δηλοῖ·
1632 2149 1780 2181 τουτέστιν,
1795 2149 1835 2180 εἰς
1857 2149 1891 2175 τὺί

1097 2191 1285 2227 διαγινώσκειν
1297 2193 1341 2220 διὰ
1352 2193 1406 2220 τῶν
1418 2194 1446 2220 ὲν
1458 2194 1525 2230 αὐτῇ
1537 2194 1645 2230 τροπῶν
1657 2193 1706 2226 τὰς
1718 2194 1772 2221 τῶν
1785 2194 1888 2230 καιρῶν

263 2236 343 2270 ﬁcat;
360 2236 386 2263 id
403 2240 455 2269 est,
473 2240 502 2264 ut
510 2237 737 2265 conversionibus
749 2237 808 2271 ejus
827 2241 978 2271 temporum
990 2244 1045 2264 mu-

1100 2238 1260 2274 μεταϐολὰς,
1277 2240 1317 2270 είς
1330 2239 1361 2266 τὸ
1383 2240 1471 2274 μῆνας
1483 2240 1609 2275 ἀριθμεῖν
1624 2240 1671 2267 καὶ
1688 2240 1837 2272 ἐνιαυτούς.
1855 2240 1887 2267 Δί

262 2282 382 2309 tationes
403 2281 614 2317 dignoscantur,
637 2290 669 2310 ac
692 2290 799 2310 menses
820 2287 999 2310 numerentur
1019 2286 1048 2310 et

263 2327 417 2356 anni.Nam
442 2329 513 2357 lunae
537 2330 703 2358 variationes
717 2328 745 2356 id
764 2332 904 2364 praestant,
921 2332 951 2356 ut
962 2329 1049 2364 possit

262 2378 370 2411 tempus
397 2376 537 2404 numerari
553 2376 675 2404 :mensis
700 2375 800 2412 quippe
819 2384 978 2404 mensuram
1002 2377 1049 2404 illa

262 2421 432 2451 incremento
442 2422 686 2458 imminutioneque
703 2429 753 2451 sua
769 2422 868 2456 efficit;
885 2423 922 2450 ita
936 2426 966 2450 ut
977 2423 1048 2450 lunae

263 2468 366 2496 crcatio
390 2469 423 2496 ad
452 2473 605 2504 temporum
632 2469 785 2496 doctrinam
801 2468 872 2496 facta
888 2469 934 2496 sit.
955 2468 1049 2504 Neque

264 2512 370 2541 modica
383 2513 447 2541 hinc
461 2515 564 2543 utilitas
578 2515 679 2547 evenit,
691 2513 765 2550 quod
785 2515 890 2542 scilicet
903 2519 1048 2550 tempesta-

264 2564 306 2588 tes
335 2559 548 2595 dignoscantur,
577 2566 605 2589 et
635 2561 669 2590 ad
690 2562 782 2589 omnia
812 2561 961 2597 quemlibet
988 2568 1048 2588 sese

265 2605 398 2633 adornare
426 2605 543 2635 facultas
562 2608 608 2636 sit.
630 2607 659 2635 Si
676 2607 749 2635 enim
765 2615 819 2635 non
838 2608 875 2635 ita
892 2615 922 2635 se
940 2614 985 2634 res
999 2607 1049 2633 lia-

265 2652 352 2685 beret,
367 2652 460 2680 omnia
470 2658 582 2682 ruerent
597 2654 623 2681 in
646 2654 759 2682 exitium
772 2663 780 2688 ;
796 2661 858 2681 cum
874 2661 962 2688 neque
977 2653 1050 2689 agri-

264 2699 334 2732 cola,
356 2707 444 2734 neque
467 2704 561 2732 nauta,
578 2702 619 2728 vel
645 2704 746 2729 terram
763 2701 806 2729 vel
831 2708 905 2728 mare
926 2699 1049 2727 sulcandi

266 2750 451 2781 opportunum
479 2740 587 2783 témpus
611 2748 796 2776 internoscere
825 2747 955 2774 valerent.
988 2746 1050 2774 llam

268 2798 349 2826 porro
362 2796 514 2827 temporum
532 2792 638 2824 notitia,
659 2801 714 2821 non
728 2793 885 2821 hominibus
898 2792 990 2825 modo.
1002 2792 1050 2820 sed

266 2837 348 2864 etiam
365 2836 454 2866 brutis
475 2838 573 2866 idonea
594 2838 792 2874 utilissimaque
806 2842 858 2866 est.
879 2838 916 2866 De
935 2838 1051 2865 lumina-

268 2883 342 2912 ribus
365 2882 445 2912 etiam
471 2884 499 2912 in
518 2883 617 2912 Genesi
639 2884 756 2913 dicitur:
772 2885 831 2913 Sin!
850 2885 875 2911 in
887 2885 961 2919 signa
982 2888 1006 2911 cl
1024 2885 1050 2911 in

1099 2285 1153 2320 γὰρ
1174 2285 1223 2321 τῆς
1243 2286 1357 2322 σελήνης
1380 2285 1535 2317 ἀλλοιώσεις
1549 2286 1706 2322 μετρεῖσθαι
1724 2286 1771 2313 τὸν
1793 2288 1889 2323 χρόνον

1100 2331 1336 2367 παρασκευάζουσι
1345 2340 1351 2346 ·
1365 2331 1412 2359 τοῦ
1422 2331 1476 2368 γὰρ
1489 2332 1572 2368 μηνὸς
1581 2332 1612 2359 τὺ
1623 2333 1722 2369 μέτρον
1733 2332 1803 2368 αὓτη
1817 2334 1890 2361 ποιεῖ

1099 2378 1128 2404 ὲν
1145 2377 1290 2410 τοσαύταις
1311 2377 1429 2414 ἡμέραις
1451 2378 1605 2411 αὐξάνουσά
1624 2387 1654 2405 τε
1672 2379 1721 2406 καὶ
1738 2379 1867 2414 φθίνουσα
1879 2389 1886 2395 ·

1098 2422 1169 2449 ὥστε
1182 2423 1198 2458 ἡ
1218 2422 1268 2458 τῆς
1290 2422 1404 2458 σελήνης
1418 2423 1582 2458 δημιουργία
1596 2423 1640 2450 διὰ
1652 2423 1702 2459 τὴν
1715 2424 1769 2451 τῶν
1784 2425 1888 2461 καιρῶν

1098 2468 1271 2495 διδασκαλίαν
1286 2468 1405 2502 γέγονεν·
1421 2469 1477 2504 Οὐχ
1493 2469 1510 2504 ἡ
1527 2468 1644 2504 τυχοῦσα
1660 2469 1689 2496 δὲ
1704 2470 1784 2505 χρεία
1797 2470 1888 2497 ἐντεῦ‹

1099 2516 1143 2542 θεν
1156 2515 1266 2542 ἀνύεται
1283 2516 1315 2542 ὲκ
1329 2515 1376 2542 τοῦ
1393 2516 1505 2551 καιροὺς
1525 2516 1624 2542 εἰδέναι
1647 2516 1695 2542 καὶ
1710 2517 1887 2551 παρασκευά-

1099 2561 1192 2593 ζεσθαι
1207 2561 1275 2598 πρὸς
1291 2561 1411 2588 ἅπαντα·
1432 2561 1481 2594 ὡς,
1496 2562 1519 2588 εἰ
1534 2562 1570 2597 μή
1591 2561 1670 2588 τοῦτο
1683 2559 1728 2597 ἦν,
1750 2562 1839 2590 πάντα
1856 2562 1888 2589 ἂν

1099 2607 1243 2637 ἀπολώλει,
1257 2606 1319 2634 οὔτε
1337 2607 1472 2643 γεωργοῦ.
1492 2606 1554 2633 οὔτε
1570 2607 1680 2639 ναύτου,
1696 2607 1744 2634 τοῦ
1770 2608 1820 2643 μὲν
1839 2609 1890 2645 τὴν

1099 2653 1150 2687 γῆν
1162 2652 1332 2688 ἀνατέμνειν,
1343 2652 1390 2679 τοῦ
1403 2652 1431 2679 δὲ
1442 2652 1492 2688 τὴν
1503 2651 1640 2679 θάλασσαν
1651 2652 1750 2684 εἰδότος
1761 2654 1790 2680 ὲν
1801 2653 1888 2689 καιρῷ

1099 2697 1137 2732 τῷ
1155 2697 1328 2733 προσήκοντι.
1345 2697 1418 2733 Αὒτη
1436 2698 1453 2734 ή
1469 2698 1502 2724 ὲκ
1515 2698 1568 2725 τῶν
1583 2698 1688 2735 καιρῶν
1698 2699 1802 2726 τούτων
1818 2700 1887 2735 γνῶ·

1101 2753 1143 2776 σις
1156 2744 1206 2771 οὐκ
1219 2743 1374 2779 ἀνθρώποις
1391 2744 1480 2780 μόνον,
1493 2744 1561 2772 ἀλλὰ
1575 2746 1622 2772 καὶ
1631 2745 1738 2780 ἀλόγοις
1749 2746 1887 2781 ἐπιτηδεία

1101 2793 1149 2819 καὶ
1175 2792 1384 2828 χρησιμωτάτη,
1402 2791 1470 2827 Περὶ
1490 2791 1545 2818 τῶν
1565 2792 1717 2827 φωστήρων
1738 2791 1786 2819 καὶ
1805 2793 1834 2819 ἐν
1854 2794 1884 2827 τῇ

1101 2839 1206 2865 Γενέσει
1224 2839 1340 2874 εἴρηται⁸
1363 2837 1518 2864 Ἔστωσαν
1529 2837 1573 2869 εὶς
1586 2836 1695 2871 σημεῖα
1709 2837 1758 2862 καὶ
1769 2837 1814 2869 εὶς
1827 2844 1886 2863 και-

1097 2884 1181 2919 ροὺς,
1205 2884 1253 2911 καὶ
1274 2886 1317 2918 εἰς
1334 2884 1444 2918 ἡμέρας
1461 2883 1509 2910 καὶ
1527 2884 1571 2916 εἰς
1591 2883 1762 2915 ἑνιαυτούς”
1778 2883 1817 2914 εἰς
1837 2890 1882 2916 ση-
