2044 3212
105 2877 108 2880 ”
123 2893 130 2910 ι

169 175 236 203 1281

694 176 944 205 (ΖΘΜΜΕΝΤΛΒΙΑ
963 175 996 203 ΙΝ
1015 175 1182 204 PSALMOS.

1328 154 1396 191 ποθ
1713 175 1783 202 ηδε

168 233 232 267 μετα
248 232 298 267 μιν
310 231 472 269 ἐπομϐρίας,
489 233 611 269 αὐχμῶν,
624 234 786 270 πνευμάτων
801 235 948 270 κινήσεως·

1001 238 1129 267 tempore,
1145 232 1173 260 in
1191 232 1246 260 diu
1262 236 1286 260 et
1308 240 1390 260 annos
1412 232 1450 266 ";
1468 232 1496 260 in
1512 232 1591 268 signa
1601 231 1714 267 quidem
1734 232 1784 259 im-

167 278 207 308 ε’ἰς
220 278 332 313 καιροὺς
347 278 386 310 δὲ,
403 278 451 310 τὰς
464 278 518 305 τῶν
529 278 618 314 ἀέρων
633 278 792 313 mnam,
806 278 949 314 χειμῶνος,

167 322 256 358 ἔαρος,
275 323 379 358 θέρους,
405 324 581 360 μετοπώρου·
599 325 632 356 ἃς
648 325 785 357 εὐτάκτως
808 326 880 360 ἡμᾶς
904 334 951 351 πε-

168 369 297 403 ριοδεύειν
310 369 341 395 τὸ
355 369 517 404 τεταγμένον
531 371 579 405 τῆς
589 371 721 406 κινήσεως
732 371 785 398 τῶν
800 372 892 407 φιυρτή
897 381 950 407 ρων

167 414 298 449 παρέχει·
316 415 355 446 εἰς
370 415 475 450 ἡμέρας
490 416 528 447 δὲ,
553 417 601 451 οὑχ
625 416 695 443 ὥστε
719 417 825 452 ἡμέρας
848 419 948 444 ποιεῖν’

166 460 257 496 ἡμέρα
273 460 327 495 γὰρ
350 461 397 487 καὶ
410 461 463 496 Ινὶιξ
481 461 653 498 πρεσϐύτερα
665 463 715 498 τῆς
730 463 783 490 τῶν
800 464 950 500 φωστήρων

166 504 313 538 γενέσεως·
338 505 395 532 ἀλλ’
419 506 489 532 ὥστε
513 507 658 543 κατάρχειν
683 508 738 534 τῶν
761 508 872 543 ἡμερῶν
886 517 892 524 ’
911 510 950 540 εἰς

166 549 304 580 ἐνιαυτοὺς
318 549 355 582 δὲ,
373 550 414 576 ὅτι
429 551 525 586 σελήνη
544 551 602 586 μὲν,
623 552 731 578 ἐπειδὰν
746 552 892 584 δωδεκάκις
907 554 950 580 τὸν

167 595 264 630 ἑαυτῆς
289 595 417 632 ἐκτελέσῃ
443 596 551 632 δρόμον,
572 598 694 624 ἐνιαυτοῦ
719 599 777 624 ἐστι
803 600 948 634 ποιητική·

165 640 275 675 ἡλιακὺς
291 641 319 667 δέ
340 642 413 667 ἐστιν
432 642 553 674 ἐνιαυτὸς
571 644 586 679 ἡ
606 643 660 670 ἀπὸ
676 644 722 670 τοῦ
739 644 820 670 αὑτοῦ
837 645 950 681 σημείου

165 686 212 712 ἐπὶ
226 686 256 712 τὸ
268 687 332 713 αὐτὸ
347 690 457 722 σημεῖον
470 689 516 715 τοῦ
532 689 606 724 ἡλίου
621 690 851 722 ἀποκατάστασις.

207 733 237 759 '0
253 733 338 766 ἥλιος
347 735 422 769 ἔγνω
433 734 489 769 τὴν
503 735 592 762 δύσιν
605 736 708 763 αὑτοῦ.
724 737 810 764 ’Ἐοου
828 738 948 770 σκότος,

165 776 214 802 καί
232 777 348 811 ἐγένετο
363 779 420 810 νύξ
431 787 437 793 ·
453 779 487 805 ἐν
498 779 575 813 αὐτῇ
588 779 793 807 διε.1εύσονται
806 781 904 808 πάντα
915 782 951 808 τὰ

165 822 252 856 θηρία
269 823 321 850 τοῦ
345 823 467 858 δρυμοῦ.
481 825 610 860 Σκύμνοι
623 825 785 861 ὠρυόμενοι
806 827 948 862 ἁρπάσαι,

165 869 214 896 καί
237 869 360 904 ζητῆσαι
387 871 467 904 παρὰ
497 871 549 897 τοῦ
577 872 651 899 Θεοῦ
687 872 804 907 ,βρῶσιν
836 874 947 907 αὐτοῖς.

172 914 335 941 Ἀνέτειλεν
350 916 366 941 ό
384 915 468 949 ἣλιος
478 937 485 948 ,
510 916 558 942 καὶ
576 916 820 951 συναχθήσονται
830 937 837 949 ,
852 917 901 944 καὶ
914 918 950 944 ἐν

165 959 228 992 ταῖς
245 959 391 995 μάνδραις
410 961 509 988 αὐτῶν
534 962 792 995 κοιτωθήσονται.
815 963 948 996 Ἐξελεύ-

164 1014 249 1032 σεται
262 1006 415 1040 ἄνθρωπος
429 1007 478 1034 ἐπὶ
494 1008 524 1034 τὸ
538 1008 626 1042 ἔργον
644 1009 747 1039 αὑτοῦ,
766 1010 814 1036 καὶ
827 1010 876 1037 ἐπὶ
892 1011 949 1045 τὴν

164 1052 309 1086 ἐργασίαν
323 1053 415 1081 αὑτοῦ
428 1053 482 1086 ἕως
494 1053 633 1088 ἑσπέρας.
654 1054 701 1087 Ὠς
714 1054 900 1089 ἐμεγαλύνθη
913 1056 949 1082 τὰ

165 1097 237 1132 ἔργα
262 1106 329 1132 σου,
360 1100 463 1133 Κύριε]
489 1099 586 1126 πάντα
604 1101 638 1127 ἐν
661 1102 753 1134 σοφίᾳ
784 1102 946 1135 ἐποίησας·

164 1145 321 1179 ἐπληρώθη
335 1146 353 1179 ἡ
365 1145 401 1180 τῆ
420 1147 474 1180 τῆς
500 1145 623 1179 κτίσεώς
641 1155 709 1173 σου.
734 1147 762 1174 '0
783 1147 856 1182 ἥλιος
880 1148 949 1182 ἑγνω

165 1191 213 1225 τὴν
236 1191 310 1218 δύσιν
333 1191 426 1223 αὑτοῦ,
447 1192 567 1219 τουτέστι
587 1194 635 1228 τὴν
655 1193 706 1219 ὑπὸ
727 1193 774 1219 τοῦ
798 1194 949 1229 κρείττονος

164 1237 239 1272 αὑτῷ
259 1238 481 1273 διατεταγμένην.
505 1239 591 1266 Μόνον
614 1240 668 1275 γὰρ
698 1240 824 1275 φωτίζειν
849 1241 949 1276 ἔμαθεν

165 1283 258 1318 ἥλιος·
285 1284 345 1310 Οὐδ’
371 1285 414 1311 ἀεὶ
448 1285 495 1311 καὶ
523 1285 684 1318 διαπαντὸς,
707 1286 756 1321 τῆς
788 1286 817 1313 δὲ
844 1287 949 1322 ἡμέρας

166 1330 262 1364 ἀρχὴν,
277 1330 343 1356 ἀλλὰ
357 1331 402 1356 καὶ
420 1331 448 1357 ὲν
464 1332 541 1358 νυκτὶ
565 1333 621 1363 τοῖς
648 1333 677 1358 ἐν
701 1332 786 1368 ταύτῃ
811 1333 949 1367 φαίνουσιν

165 1374 276 1409 ἄστροις
298 1378 470 1410 παραχωρεῖν
486 1377 530 1403 τὸν
553 1377 651 1404 οἰκεῖον
667 1377 805 1404 ἀποτελεῖν
828 1378 926 1414 δρόμον
940 1387 947 1394 ·

164 1420 239 1452 ὅπως
257 1421 351 1453 νυκτὸς
368 1422 524 1457 γενομένης,
536 1423 582 1450 καὶ
596 1423 810 1456 ἐπιπολάσαντος
824 1424 871 1450 τοῦ
887 1424 949 1451 σκό-

165 1474 226 1498 τους
245 1468 277 1502 τῇ
297 1468 343 1502 γῇ,
369 1468 551 1503 ὑποσταλῆναι
573 1469 622 1504 μὲν
646 1470 694 1497 καὶ
719 1470 894 1505 ἀναχωρῆσαι
915 1470 950 1497 τὰ

165 1512 256 1548 ἣμερα
271 1512 325 1539 τῶν
339 1512 425 1547 ζώων,
449 1515 500 1540 ὅσα
515 1514 543 1541 δέ
559 1515 632 1541 ἐστιν
655 1515 738 1551 ἄγρια
752 1516 846 1551 Θηρία,
863 1517 949 1544 ταῦτα

166 1558 308 1593 προσέλθοι
329 1560 375 1585 ἐπὶ
392 1560 442 1594 τὴν
464 1560 565 1587 οἰκείαν
587 1562 709 1597 τροφήνο
737 1563 765 1588 ἐν
781 1563 871 1598 οἰκείῳ
896 1563 949 1598 γὰρ
964 1570 984 1598 C

166 1604 312 1640 ἁρμόζοντι
326 1606 416 1638 αὐτοῖς
430 1607 526 1642 χρόνῳ,
544 1607 582 1643 τῷ
599 1608 647 1643 τῆς
666 1609 761 1640 νυκτὸς
777 1609 948 1645 διαστήματι.

165 1652 295 1685 Σκύμνοι
313 1652 472 1687 ὠρυόμενοι
496 1653 638 1687 ἁρπάσαι,
664 1655 712 1681 καὶ
729 1655 852 1689 ζητῆσαι
871 1658 950 1690 παρὰ

165 1695 219 1722 τοῦ
234 1695 307 1723 Θεοῦ
319 1696 435 1730 βρῶσιν
450 1698 552 1731 αὐτοῖς
564 1706 570 1713 ·
584 1699 624 1725 ὃτι
637 1699 674 1734 μὴ
692 1701 738 1728 καὶ
750 1701 841 1732 αὐτοῖς
856 1701 950 1733 ἐξανέ-

165 1741 253 1768 τειλεν
267 1743 283 1777 ἡ
299 1742 335 1777 γῆ
353 1743 447 1777 χόρτον
465 1743 558 1779 ὥσπερ
574 1746 629 1777 τοίς
651 1746 779 1780 κτήνεσι,
800 1747 845 1772 καὶ
869 1747 950 1783 χλόην

165 1789 198 1823 τῇ
215 1788 322 1824 δουλείᾳ
335 1788 387 1815 τῶν
400 1789 447 1815 ἀνθ
453 1789 558 1824 ρώπων.
581 1790 609 1816 Ὀ
623 1790 688 1823 Θεὸς
700 1791 738 1823 ὡς
753 1792 806 1818 τῶν
823 1793 950 1820 ἁπάντων

167 1834 302 1870 κηδεμὼν,
318 1836 364 1862 καὶ
377 1836 425 1870 τῆς
438 1835 491 1862 τῶν
510 1837 616 1863 πάντων
631 1837 759 1873 διαμονῆς
770 1847 798 1864 τε
817 1839 863 1866 καὶ
879 1839 949 1874 ζωῆς

167 1881 294 1915 πρόνοιαν
310 1881 441 1916 εἰσφέρων
452 1902 458 1913 ,
474 1882 506 1908 τὰ
522 1882 570 1917 μὲν
594 1883 751 1910 ἐλαύνεσθαι
763 1885 814 1911 ὑπὸ
835 1885 888 1911 τῶν
903 1885 949 1912 τοῦ

165 1925 242 1961 ἡλίου
261 1926 445 1962 μαρμαρυγῶν
458 1947 464 1958 ,
488 1927 535 1954 καὶ
557 1927 650 1964 ὥσπερ
674 1928 768 1964 ἐχθρὸν
796 1929 904 1964 φεύγειν
921 1930 950 1956 τὸ

167 1972 224 2007 φῶς
239 1972 431 2008 ᾠκονομήσατο
443 1983 449 1988 ·
470 1973 503 2001 τὰ
516 1974 544 2000 δέ
565 1974 603 2006 ὡς
618 1974 665 2001 τοῦ
686 1975 773 2010 φωτὸς
790 1976 906 2010 συγγενῆ
921 1977 949 2002 ἐν

167 2016 257 2053 ἡμέρᾳ
272 2018 403 2052 προῖέναι,
416 2018 463 2044 καὶ
476 2019 521 2045 τὸν
541 2019 597 2054 βίον
613 2019 701 2045 αὐτῶν
714 2020 743 2046 ἐν
756 2020 794 2054 τῷ
806 2021 874 2054 φωτὶ
890 2021 949 2047 διάη

166 2069 224 2094 γειν
240 2061 408 2097 συνεχώρησε
419 2071 425 2077 ”
449 2063 501 2089 τῶν
519 2064 566 2098 μὲν
589 2063 690 2099 θηρίων
706 2064 745 2096 εἰς
768 2064 816 2095 τὰς
831 2064 949 2099 μάνδραις

167 2107 255 2134 αὐτῶν
268 2108 474 2143 κοιταζομένων,
492 2109 538 2135 τοῦ
560 2110 588 2136 δὲ
604 2109 712 2144 λογικοῦ
728 2110 796 2143 ζώου
811 2112 840 2137 ἐν
859 2112 949 2148 ἡμέρᾳ

167 2153 212 2179 καὶ
223 2154 291 2187 φωτὶ
305 2154 443 2188 προϊόντος
460 2155 505 2181 ἐπὶ
520 2155 550 2181 τὸ
561 2155 641 2191 ἔργον
660 2156 741 2183 αὑτοῦ
761 2158 806 2183 καὶ
829 2158 876 2184 ἐπὶ
899 2157 948 2194 τὴν

167 2198 296 2234 ἐργασίαν
311 2199 392 2225 αὑτοῦ
405 2199 456 2231 ἓως
470 2200 599 2235 ἑσπέρας.

200 2246 280 2279 Αὕτη
295 2246 314 2278 ἠ
326 2244 466 2272 θάλασσα
480 2247 498 2279 ἠ
509 2246 625 2281 μεγάλη
638 2247 687 2274 καὶ
701 2248 877 2283 εὐρύχωρος,
888 2249 950 2276 ἐκεῖ

165 2291 273 2325 ἑρπετὰ
291 2288 334 2318 ὧν
356 2292 411 2318 οὐκ
429 2291 514 2318 ἔστιν
529 2292 666 2327 ἀριθμός·
690 2293 745 2324 ζῶα
762 2296 853 2330 μικρὰ
873 2298 949 2331 μετὰ

163 2336 310 2371 μεγάλων.
338 2338 382 2363 Ἐν
402 2337 506 2369 τούτοις
526 2339 705 2374 παρίστησιν,
725 2341 781 2374 ὅτι,
803 2341 896 2378 ὥσπερ
919 2343 949 2370 τὸ

165 2383 214 2417 τῆς
231 2383 281 2418 γῆς
297 2384 425 2418 στοιχεῖον
441 2383 544 2410 πολλῶν
560 2385 617 2410 ἐστι
632 2385 708 2417 ζώων
729 2388 885 2422 γεννητικὸν
897 2390 944 2416 καὶ

166 2426 320 2461 θρεπτικὸν,
338 2428 382 2454 τὸν
394 2428 474 2455 αὐτὸν
491 2429 590 2464 τρόπον
606 2431 652 2456 καὶ
667 2432 682 2466 ή
696 2432 766 2467 ὑγρὰ
778 2433 855 2460 οὐσία
872 2443 947 2470 παμ-

165 2471 253 2507 πληθῆ
265 2472 329 2507 γένη
343 2472 419 2504 ζώων
431 2473 533 2508 τρέφει.
546 2474 583 2499 Οὐ
597 2474 650 2510 γὰρ
663 2476 756 2508 κενοὺς
768 2477 830 2508 τοὺς
844 2477 948 2513 χώρους

166 2520 181 2545 ὁ
201 2518 265 2550 Θεὸς
281 2519 422 2554 ἐποίησεν,
446 2519 512 2547 ἀλλὰ
535 2519 610 2552 ζώων
635 2521 721 2548 πάντα
746 2522 877 2559 ἐνέπλησε
903 2524 948 2552 τὸν

166 2565 245 2600 ἀέρα,
259 2565 306 2599 τὴν
317 2565 377 2600 γῆν,
389 2565 437 2601 τὴν
450 2566 585 2593 Θάλασσαν
595 2575 601 2581 '
614 2567 659 2593 τὸν
674 2568 723 2603 μὲν
734 2569 845 2604 ὀρνίθων
856 2570 946 2605 μόνον,

164 2610 214 2646 τὴν
228 2610 256 2636 δὲ
270 2611 440 2645 τετραπόδων
468 2613 515 2638 καὶ
539 2613 693 2648 πτερωτῶν,
709 2614 758 2650 τὴν
773 2615 802 2641 δὲ
827 2616 947 2652 ἀπείρων

166 2655 281 2690 ἰχθύων-
312 2652 348 2682 ὧν
375 2656 399 2682 οἰ
419 2657 467 2691 μὲν
487 2657 610 2692 μείζους,
636 2658 661 2684 οἱ
684 2658 711 2685 δὲ
732 2659 876 2692 ἐλάττους,
901 2660 948 2686 καὶ

164 2701 251 2737 τροφὴ
278 2703 333 2733 τοῖς
353 2701 472 2736 μείζοσιν
490 2703 514 2729 οἰ
538 2703 686 2737 ἐλάττονες,
711 2705 799 2731 καὶτὸ
821 2706 898 2740 γένος
916 2706 946 2732 οὐ

164 2747 324 2773 δαπανᾶται.
339 2747 393 2773 Καὶ
411 2746 488 2773 τοῦτο
500 2748 528 2774 δὲ
544 2749 592 2784 τῆς
609 2749 683 2781 θείας
703 2750 862 2786 κηδεμονίας
885 2760 946 2777 τεκ-

167 2793 276 2829 μήριον,
288 2793 317 2818 τὺ
332 2793 365 2818 τὰ
380 2793 482 2828 σμικρὰ
497 2793 561 2830 γένη
574 2797 633 2830 ,τοῖς
645 2796 771 2832 μεγάλοις
791 2797 942 2824 συνδιαιτᾶ-
958 2832 979 2838 ε

201 2883 225 2900 ⁸·
243 2883 310 2911 Gen.
330 2891 354 2918 I,
371 2883 414 2912 it.

999 278 1100 313 brium,
1113 282 1229 307 aestuum
1242 285 1274 306 ac
1283 283 1424 308 ventorum
1436 278 1596 307 mutationis
1605 286 1613 312 ;
1622 278 1649 307 in
1660 281 1785 313 tempora
1831 275 1835 278 ”

1000 332 1065 352 vero
1089 324 1161 352 aeris
1183 324 1364 352 mutationum
1377 345 1386 358 ,
1405 325 1512 357 hiemis,
1532 324 1616 358 veris,
1635 324 1739 352 aestatis
1757 328 1785 351 et

1001 370 1140 404 autumni;
1156 378 1216 405 qua:
1227 374 1256 398 ut
1266 370 1361 398 ordine
1372 371 1497 405 periodos
1516 375 1597 406 agant
1612 374 1731 399 statutus
1745 372 1785 398 lu-

1000 415 1145 443 minarium
1167 420 1258 444 motus
1279 416 1357 444 nobis
1375 416 1510 444 elﬁcitzin
1531 418 1590 445 dies
1604 423 1709 450 autem,
1727 427 1783 445 non

1001 462 1038 489 ita
1048 465 1079 489 ut
1096 462 1155 490 dies
1182 462 1309 493 eﬂiciant,
1323 462 1381 490 dics
1403 463 1474 490 enim
1492 469 1518 491 et
1534 471 1587 491 nox
1606 464 1783 492 luminarium

1001 507 1109 535 conditu
1126 508 1293 543 antiquiores
1308 512 1391 542 sunt;
1415 508 1464 536 sed
1478 513 1508 536 ut
1517 509 1571 537 diei
1591 509 1782 538 dominentur:

1000 552 1028 580 in
1043 560 1129 581 annos
1144 553 1264 586 demum,
1278 553 1342 589 quia
1358 554 1422 581 luna
1436 554 1545 590 quidem
1560 562 1623 582 cum
1638 555 1784 584 duodecies

1000 605 1111 626 cursum
1135 606 1214 626 suum
1237 599 1369 634 perﬁciat,
1396 600 1461 627 anni
1485 604 1527 627 est
1550 604 1668 628 auctor:
1685 601 1783 629 solaris

1001 645 1064 672 item
1083 648 1126 672 est
1155 652 1253 676 annus,
1271 652 1369 680 nempe
1383 646 1417 672 ab
1433 645 1529 673 eodem
1553 646 1634 681 signo
1657 646 1690 674 ad
1711 647 1784 674 idem

1001 690 1089 725 ipsum
1109 690 1216 725 signum
1236 690 1304 718 solis
1324 690 1467 718 revolutio.

1036 734 1219 763 Vens.‘20-2A.
1231 735 1278 763 Sol
1292 736 1409 770 cognovit
1425 744 1548 763 occasum
1559 745 1647 764 suum.
1665 736 1784 765 Posuisti

1001 780 1131 814 tenebras,
1159 785 1183 808 et
1204 781 1275 815 facta
1301 785 1339 808 est
1365 789 1429 812 nox.
1456 782 1482 810 in
1509 783 1567 816 ipsa
1588 783 1784 818 pertransibunt

1000 834 1088 853 omnes
1105 826 1194 853 bcsliw
1213 826 1296 853 silvia.
1317 825 1406 853 Catuli
1427 826 1529 854 leonum
1551 827 1680 862 rugientes
1695 832 1724 854 ut
1739 836 1785 854 ra-

999 870 1082 903 piant,
1099 875 1124 897 et
1153 876 1273 905 quierant
1287 879 1302 897 a
1320 870 1374 898 Deo
1388 879 1474 898 escam
1496 872 1556 898 sibi.
1579 871 1661 899 Ortus
1675 877 1713 899 est
1732 873 1783 906 sol,

999 920 1022 942 et
1043 917 1279 951 congregabantur,
1302 921 1326 943 et
1342 917 1369 943 in
1391 916 1521 943 cubilibus
1541 918 1596 944 suis
1616 918 1784 946 collocaban-

1000 966 1052 988 tur.
1072 962 1161 988 Exibit
1177 962 1253 989 homo
1267 962 1302 989 ad
1318 970 1382 998 opus
1407 971 1495 995 suum,
1512 968 1537 990 et
1555 963 1589 990 ad
1607 969 1785 998 operationem

999 1017 1075 1035 suam
1095 1017 1174 1043 usque
1201 1009 1234 1035 ad
1260 1017 1402 1044 vesperum.
1427 1010 1513 1043 Quam
1535 1011 1707 1045 magniﬁcam
1723 1016 1785 1038 sunt

1000 1061 1077 1087 opera
1096 1059 1150 1086 tua,
1174 1054 1301 1082 Domine!
1317 1055 1405 1081 omnia
1419 1055 1445 1082 in
1461 1056 1591 1089 sapientia
1614 1056 1716 1089 fecisti,
1735 1057 1786 1082 im-

999 1100 1068 1134 pleta
1083 1105 1120 1127 est
1136 1105 1206 1127 terra
1229 1101 1359 1128 creatione
1382 1107 1437 1127 tua.
1457 1100 1503 1128 Sol
1520 1101 1646 1136 cognovit
1657 1108 1785 1129 occasum

1000 1154 1091 1180 suum,
1112 1147 1216 1175 scilicet
1227 1155 1289 1174 eum
1305 1147 1351 1182 qui
1372 1148 1424 1175 sibi
1441 1155 1456 1174 a
1472 1147 1526 1175 Deo
1541 1148 1717 1183 praescriptus
1731 1152 1783 1175 est.

1001 1191 1047 1218 Sol
1066 1192 1166 1227 quippe
1181 1192 1271 1219 lucere
1290 1196 1395 1220 tantum
1418 1193 1509 1226 novit;
1525 1201 1612 1229 neque
1634 1193 1662 1221 id
1678 1202 1786 1229 semper

1000 1244 1032 1264 ac
1049 1242 1197 1273 perpetuo;
1221 1238 1268 1266 sed
1294 1239 1339 1265 uni
1360 1246 1477 1274 praeesse
1500 1239 1566 1272 diei,
1581 1240 1609 1267 in
1627 1244 1707 1268 nocte
1721 1249 1786 1268 vero

1000 1283 1087 1311 stellis
1099 1288 1164 1311 tunc
1181 1284 1376 1319 apparentibus
1392 1285 1543 1313 concedere
1555 1286 1645 1313 locum
1659 1287 1727 1314 solet
1738 1306 1745 1319 ,
1756 1292 1787 1314 ut

1000 1330 1140 1363 proprium
1167 1328 1219 1356 sibi
1242 1336 1354 1357 cursum
1384 1329 1542 1363 conﬁciant,
1569 1335 1598 1358 ut
1625 1331 1787 1360 adveniente

1000 1377 1080 1400 nocte
1099 1380 1131 1400 ac
1149 1373 1269 1401 tenebris
1292 1378 1371 1401 terrae
1390 1374 1543 1409 superﬁciei
1563 1374 1786 1409 imminentibus,

1000 1418 1109 1445 mitiora
1124 1419 1232 1454 quidem
1257 1424 1284 1447 ct
1302 1421 1489 1448 mansuetiora
1504 1421 1631 1448 animalia
1646 1425 1787 1456 receptum

1001 1463 1118 1491 habeant
1139 1468 1166 1492 et
1191 1464 1339 1499 secedant;
1362 1465 1426 1493 ferae
1446 1474 1511 1494 vero
1526 1467 1653 1501 quaelibet
1673 1467 1707 1494 ad
1723 1475 1787 1502 pro-

1002 1510 1091 1545 prium
1107 1510 1288 1545 quaerendum
1304 1511 1396 1539 cibum
1418 1516 1525 1545 exeant,
1542 1513 1569 1540 in
1585 1513 1696 1548 proprio
1711 1514 1787 1541 scili-

1002 1558 1045 1582 cet
1062 1563 1093 1582 ac
1110 1556 1272 1591 congruenti
1286 1556 1339 1583 sibi
1351 1562 1471 1592 tempore
1480 1566 1511 1585 ac
1526 1559 1616 1586 noctis
1632 1559 1786 1587 intervallo.

1003 1601 1092 1628 Catuli
1108 1602 1211 1629 leonum
1225 1603 1355 1638 rugientes
1369 1607 1397 1629 ut
1406 1604 1522 1638 rapiant,
1534 1608 1559 1631 et
1568 1610 1688 1639 quierant
1703 1614 1720 1632 a
1733 1606 1787 1632 Deo

1000 1655 1087 1674 escam
1115 1647 1181 1680 sibi,
1205 1648 1269 1684 quia
1295 1656 1391 1683 nempe
1420 1654 1492 1676 terra
1515 1658 1571 1678 non
1588 1651 1655 1685 ipsis
1675 1651 1788 1686 perinde

1001 1698 1083 1730 atque
1093 1694 1223 1729 jumentis
1239 1694 1330 1722 fenum
1346 1695 1484 1730 produxit,
1494 1701 1521 1723 et
1534 1696 1646 1724 herbam
1661 1698 1787 1725 servituti

1002 1739 1151 1768 hominum.
1172 1740 1244 1768 Deus
1268 1744 1360 1776 utpote
1381 1742 1502 1770 omnium
1526 1749 1620 1770 curam
1637 1750 1739 1779 agens,
1755 1751 1788 1771 ac

1000 1784 1120 1812 omnium
1133 1786 1334 1813 conservationi
1352 1794 1384 1814 ac
1396 1787 1458 1815 vita:
1473 1789 1653 1823 prospiciens,
1668 1790 1705 1816 ita
1721 1797 1787 1825 pro-

1001 1831 1078 1863 vidit,
1095 1835 1125 1858 ut
1142 1832 1194 1858 alia
1218 1832 1329 1867 quidem
1344 1840 1359 1859 a
1373 1834 1439 1862 solis
1458 1834 1544 1862 radiis
1559 1835 1736 1870 pellerentur,
1756 1844 1788 1863 ac

1001 1877 1087 1904 lucem
1114 1881 1143 1904 ut
1167 1877 1305 1905 inimicam
1332 1878 1383 1906 sibi
1405 1879 1545 1914 fugerent;
1562 1880 1615 1907 alia
1633 1888 1706 1913 vero,
1725 1886 1788 1908 tau-

1000 1929 1080 1957 quam
1113 1922 1167 1950 luci
1197 1922 1305 1955 aliinia,
1329 1923 1356 1950 in
1377 1925 1421 1952 die
1444 1925 1645 1959 procederent:
1663 1926 1786 1961 ipsisque

999 1969 1137 1996 concessit
1152 1975 1180 1995 ut
1198 1969 1226 1996 in
1248 1969 1308 1996 luce
1327 1970 1410 1997 vitam
1427 1970 1565 2006 degerent,
1586 1971 1653 1999 feris
1675 1972 1786 2008 quidem

1000 2015 1026 2042 in
1043 2015 1138 2042 lustris
1158 2016 1215 2043 suis
1231 2016 1407 2048 cubantibus,
1425 2018 1579 2045 rationabili
1595 2026 1661 2046 vero
1674 2019 1786 2047 animali

1001 2061 1027 2087 in
1043 2060 1085 2088 die
1099 2068 1130 2088 ac
1147 2060 1206 2088 luce
1225 2061 1376 2096 prodeunte
1394 2062 1428 2090 ad
1440 2070 1509 2097 opus
1525 2071 1617 2097 suum,
1631 2068 1658 2092 et
1673 2064 1707 2092 ad
1720 2072 1786 2100 ope-

1000 2106 1132 2134 rationem
1147 2114 1225 2134 suam
1244 2115 1330 2142 usque
1344 2107 1379 2135 ad
1392 2116 1546 2143 vesperum.

963 2246 985 2274 D
1034 2249 1115 2277 Vens.
1132 2248 1232 2282 25,26.
1245 2249 1302 2277 Hoc
1313 2258 1385 2277 mare
1402 2258 1526 2285 magnum
1541 2255 1566 2277 et
1581 2251 1738 2285 spatiosum,
1750 2251 1784 2277 il-

1003 2296 1036 2324 lic
1052 2297 1168 2331 replilia,
1179 2305 1289 2332 quorum
1305 2305 1357 2324 non
1376 2302 1415 2324 est
1433 2305 1557 2324 numerus
1569 2305 1578 2324 .'
1592 2298 1722 2324 animalia
1735 2306 1786 2332 pu-

1002 2342 1064 2370 silla
1080 2351 1139 2370 cum
1163 2343 1276 2378 magnis.
1303 2342 1351 2370 His
1373 2342 1503 2374 declarat,
1530 2342 1601 2370 sicut
1624 2347 1703 2370 terra:
1728 2343 1784 2370 ele-

1002 2392 1122 2415 mentum
1139 2388 1224 2415 multa
1241 2387 1420 2415 animantium
1435 2395 1534 2422 genera
1547 2388 1674 2422 producit
1684 2392 1711 2416 et
1721 2387 1784 2421 alit;

1002 2434 1038 2460 ita
1059 2433 1195 2460 humidam
1213 2434 1406 2465 substantiam,
1422 2434 1554 2468 permulta
1566 2433 1722 2460 animalium
1739 2441 1786 2469 ge-

1002 2486 1068 2506 nera
1082 2478 1213 2506 enutrirc.
1231 2478 1324 2514 Neque
1338 2480 1411 2506 enim
1434 2478 1506 2507 Deus
1529 2486 1614 2506 vacua
1634 2479 1693 2506 loca
1708 2479 1783 2512 fecit,

1002 2523 1049 2552 sed
1065 2524 1228 2551 animalibus
1256 2525 1348 2552 omnia
1371 2525 1494 2559 replevit,
1511 2532 1614 2557 aerem,
1632 2529 1742 2559 terram,
1758 2531 1785 2552 et

1001 2577 1093 2601 mare;
1108 2577 1198 2597 aerem
1217 2571 1325 2605 quidem
1342 2571 1438 2599 avibus
1455 2575 1578 2605 tantum;
1601 2575 1701 2599 terram
1721 2579 1786 2606 qua_-

1002 2615 1167 2651 drupedibus
1178 2620 1205 2643 et
1215 2616 1339 2652 aligeris;
1358 2623 1433 2644 mare
1441 2616 1554 2644 inﬁnitis
1563 2617 1684 2653 piscibus
1699 2627 1705 2645 :
1717 2625 1786 2653 quo-

1001 2669 1062 2689 rum
1078 2662 1131 2689 alia
1142 2662 1257 2696 majora,
1271 2662 1376 2689 minora
1389 2662 1441 2690 alia
1460 2666 1539 2697 sunt;
1554 2671 1587 2691 ac
1603 2664 1709 2691 minora
1726 2671 1786 2691 ma-

999 2708 1106 2743 joribus
1116 2708 1143 2735 in
1154 2716 1245 2736 escam
1260 2709 1370 2740 dantur,
1388 2712 1416 2736 et
1433 2712 1524 2737 tamen
1539 2717 1625 2745 genus
1636 2718 1691 2737 non
1705 2708 1785 2736 absu-

1002 2755 1094 2780 mitur.
1113 2753 1201 2789 Atque
1212 2753 1277 2781 illud
1288 2753 1387 2781 divina:
1400 2755 1578 2789 providentia:
1589 2755 1718 2783 indicium
1729 2759 1781 2785 est,

1001 2799 1073 2835 quod
1098 2807 1159 2828 cum
1187 2807 1270 2836 parva
1298 2801 1456 2830 animalium
1480 2809 1581 2838 genera
1601 2810 1663 2830 cum
1679 2801 1783 2836 magnis
