2044 3212
249 178 317 206 Ιῗὸδ

588 180 722 209 EUSEBll
739 179 974 208 CAESARIENSIS
992 180 1066 208 OPl'.
1088 181 1178 209 PARS
1196 181 1283 208 lll.——
1303 181 1503 209 EXEGETIFA.

1797 181 1865 208 HM

247 241 393 264 versentur
408 259 414 270 ,
431 245 483 265 non
497 237 618 266 funditus
635 239 669 266 ab
682 239 736 267 illis
759 239 954 272 absumantur;
968 246 1030 266 nam

1093 239 1153 271 ιθαι,
1165 239 1213 266 καὶ
1227 239 1264 275 μὴ
1277 239 1414 271 παντελῶς
1427 238 1471 266 ὑπ⁴
1485 238 1595 266 ἐκείνων
1607 238 1864 265 καταναλίσκεσθαι·

249 282 381 309 validiora
392 283 500 310 inﬁrma
517 284 657 317 devorant,
674 292 724 312 nec
738 285 847 319 penitus
862 285 1007 312 destruunt
1024 295 1030 312 :

250 327 315 363 quia
329 333 477 363 proventus
491 338 636 365 expensam
649 335 768 366 superat.
784 331 833 358 His
845 331 949 358 similes
971 336 1034 358 sunt

249 377 385 409 quotquot
401 374 472 403 inter
488 376 612 404 homines
626 384 674 404 eos
688 378 733 411 qui
749 376 892 404 inferiores
903 376 954 404 sibi
971 381 1034 404 sunt

251 419 391 448 devorant.
417 420 517 449 Verum
544 423 588 450 illa
606 423 716 458 quidem
740 424 819 458 culpa
838 423 1034 451 vacantzillud

250 466 323 494 enim
349 475 383 495 ex
405 471 504 495 natura
529 469 672 504 contingit,
695 473 725 496 tu
746 477 810 497 vero
837 477 871 497 ne
892 471 1034 497 minimam

250 513 361 548 quidem
374 515 413 542 tui
429 515 561 550 purgandi
582 516 653 542 viam
665 517 794 551 reperias.
811 517 858 551 qui
875 524 938 554 cum
950 521 977 544 et
989 524 1035 543 ra-

251 558 326 586 tione
336 563 363 587 et
378 560 437 595 lege
451 560 600 589 honoratus
615 561 663 594 sis,
675 562 709 589 ad
725 562 797 589 illam
809 562 951 590 brutorum
966 569 1034 590 con-

251 604 389 634 fusionem
402 606 507 634 ordinis
519 607 651 635 declinas.
667 608 799 636 Caeterum
815 609 920 644 reptilia
946 608 1036 644 pisces

251 653 331 677 vocat
344 658 350 675 :
361 650 426 685 quia
440 651 554 686 pedibus
567 657 661 679 carent
669 653 781 687 etquasi
797 653 824 680 in
834 654 902 680 mari
916 658 1034 688 reptant,

252 699 283 723 ιιι
296 697 404 731 reptilia
419 696 446 723 in
460 700 542 724 terra.

287 741 351 769 Illic
365 750 442 769 naves
465 747 659 777 pertranseunt,
677 743 705 771 in
722 743 791 771 mari
807 744 943 772 videlicet.
966 744 1035 772 Cum

251 787 418 816 declarasset
442 793 570 824 quantam
598 789 754 824 progeniem
780 797 855 817 mare
873 790 1037 823 nutriat,et

251 834 324 869 quod
334 841 422 869 neque
429 835 556 862 animalia
565 836 623 870 ejus
632 843 756 869 numero,
767 844 854 871 neque
863 836 952 872 ipsum
961 844 1038 864 men-

252 886 317 906 sura
330 879 458 906 aestimari
473 880 578 910 valeat;
592 880 648 915 jam
667 885 778 908 enarrat
795 889 876 916 quam
895 881 930 909 sit
947 882 1035 917 ipsum

1085 284 1225 319 βόσκονται
1240 284 1294 321 γὰρ
1311 286 1336 311 οἱ
1357 284 1533 321 δυνατώτεροι
1551 285 1614 316 τοὺς
1630 283 1866 319 καταδεεστέρους,

1085 331 1131 357 καὶ
1142 331 1192 358 οὐκ
1208 331 1389 367 ἀνηλώκασιν,
1404 330 1470 357 ἀλλὰ
1483 331 1544 365 νικᾷ
1556 330 1604 365 τὴν
1616 330 1738 365 δαπάνην
1754 330 1771 364 ἡ
1786 329 1868 364 πρόσ-

1085 377 1152 409 οδος.
1186 377 1297 409 Τούτοις
1322 377 1440 404 ἐοίκασιν
1463 377 1521 403 ὅσοι
1549 376 1603 402 τῶν
1631 375 1783 412 ἀνθρώπων
1808 377 1868 406 τοὺς

1085 423 1310 459 καταδεεστέρους
1337 423 1540 450 καταπίνουσιν.
1566 421 1634 448 Ἀλλ’
1660 422 1718 448 ἐκεῖ
1745 421 1795 456 μὲν
1820 421 1869 447 οὐκ

1085 468 1210 504 ἔγκλημα
1228 468 1260 494 τὸ
1287 468 1444 503 γινόμενον·
1472 467 1578 502 φύσεως
1598 467 1651 502 γάρ
1673 468 1730 493 ἐστι
1753 466 1783 493 τὸ
1800 475 1864 501 συμ-

1086 515 1175 541 6αῖνον
1185 523 1191 528 ·
1212 514 1243 540 σὺ
1256 513 1285 540 δὲ
1303 513 1363 540 οὐδὲ
1377 513 1441 548 μίαν
1455 512 1525 545 ἕξεις
1538 511 1696 546 ἀπολογίαν,
1710 512 1725 537 ὁ
1738 511 1810 545 λόγῳ
1825 511 1870 537 καὶ

1086 561 1160 596 νόμῳ
1171 559 1350 595 τετιμημένος
1364 559 1409 585 καὶ
1420 558 1486 593 πρὸς
1497 558 1546 593 τὴν
1558 557 1610 584 τῶν
1623 557 1727 591 ἀλόγων
1741 556 1870 592 σύγχυσιν

1087 606 1180 632 ἑαυτὸν
1193 605 1308 639 ἐξάγων.
1326 604 1446 640 Ἑρπετά
1461 612 1492 637 γε
1513 603 1566 638 μὴν
1584 603 1646 634 τοὺς
1660 602 1754 637 ἰχθύας
1772 602 1871 637 ὀνομά-

1087 652 1137 684 ζει,
1161 651 1204 677 διὰ
1228 652 1258 677 τὸ
1282 651 1384 681 ἄποδας
1408 650 1505 681 αὐτοὺς
1535 649 1615 676 οἱονεὶ
1636 648 1813 683 ἐπισύρεσθαι
1834 647 1872 683 τῷ

1087 698 1173 729 ὕδατι,
1188 697 1225 728 ὡς
1239 696 1273 724 τὰ
1286 695 1438 732 ἐρπυστικὰ
1452 697 1485 731 τῇ
1501 696 1546 730 γῇ.

1127 743 1205 770 Ἐκεῖ
1228 742 1319 769 πλοῖα
1345 742 1587 776 διαπορεύονται·
1619 741 1662 768 Ἐν
1693 742 1725 776 τῇ
1751 739 1873 775 θαλάσσῃ

1086 790 1196 825 δηλαδή.
1218 788 1308 816 Εἰπὼν
1321 789 1414 824 δσηνὴ
1435 788 1556 814 θάλασσα
1570 787 1699 823 ἐκτρέφει
1713 786 1808 821 γονὴν,
1827 786 1874 812 καὶ

1087 836 1127 862 ὅτι
1140 835 1200 862 οὔτε
1217 835 1251 861 τὰ
1273 834 1331 866 ζῶα
1355 834 1529 870 ἀριθμεῖται,
1553 832 1614 860 οὔτε
1634 833 1702 866 αὺτὴ
1722 834 1871 868 μετρείτιι.

1088 881 1161 915 λέγει
1181 882 1227 908 καὶ
1240 882 1300 907 ὅσον
1317 880 1399 914 αὐτῆς
1424 880 1556 915 χρήσιμον
1577 879 1618 910 είς
1637 878 1808 914 ἀνθρώπους.
1824 877 1872 904 Διὶ

257 923 413 951 hominibus
437 924 513 951 utile.
536 923 588 951 Per
611 925 749 952 nauticam
774 926 873 960 quippe
903 930 989 953 artem
1012 930 1038 953 ει

1093 926 1261 962 ναυπηγικῆς
1274 926 1328 962 γὰρ
1339 924 1434 961 τέχνης
1449 926 1496 951 καὶ
1507 925 1705 961 κυϐερνητικῆς
1719 924 1873 958 ἐπιστήμης

252 970 421 1005 gubernandi
444 971 582 1006 peritiam,
615 972 770 999 necessaria
791 976 886 999 mutuo
914 980 1037 999 commu-

251 1016 386 1048 nicamus,
404 1015 565 1051 fructusque
585 1016 612 1043 in
627 1020 700 1043 terra
714 1021 807 1044 nostra
818 1022 962 1046 nascentes
977 1019 1037 1046 aliis

252 1061 507 1094 subministramus.
522 1063 556 1090 ab
572 1062 661 1098 iisque
672 1063 822 1098 accipimus
833 1071 898 1092 suos
908 1073 916 1098 ;
927 1065 965 1092 ita
972 1068 1002 1092 ut
1011 1070 1038 1092 et

251 1107 324 1142 quod
345 1106 510 1142 superﬂuum
533 1111 575 1135 est
594 1115 648 1135 non
662 1108 758 1135 inutile
769 1109 814 1141 sit,
826 1109 935 1144 etquod
951 1109 1037 1141 deest.

252 1153 349 1180 advehi
358 1152 454 1188 possit.
468 1152 626 1180 Sublimiori
643 1158 732 1181 autem
748 1154 853 1181 ratione
868 1155 931 1182 navi
945 1154 1039 1182 Eccle-

251 1199 322 1227 siam
335 1199 457 1232 confert;
476 1199 544 1226 mari
560 1207 624 1227 vero
635 1199 782 1227 humanam
795 1201 889 1233 vitam,
904 1200 978 1236 quod
995 1208 1038 1228 res

252 1244 312 1280 ejus
327 1244 471 1273 instabiles
485 1252 519 1272 ac
538 1253 646 1280 semper
667 1246 695 1272 in
711 1251 785 1273 motu
803 1246 868 1273 sint.
884 1246 1040 1274 Innumera-

252 1290 308 1318 bile
320 1298 403 1325 porro
418 1291 555 1326 reptilium
570 1299 668 1326 genus,
681 1292 881 1320 multitudinem
897 1293 1038 1320 hominum

252 1342 344 1371 vocat,
359 1342 388 1366 et
403 1337 490 1365 forma
501 1342 528 1365 et
542 1346 658 1373 persona
670 1339 749 1374 quasi
769 1339 969 1375 discrepanlem
982 1347 989 1371 ς
1003 1339 1039 1367 ita

253 1388 284 1412 ut
295 1384 446 1413 dili‘erentia
459 1393 493 1413 ex
506 1385 640 1412 varietate
648 1384 792 1412 affectuum
799 1386 958 1413 aestimetur.
972 1385 1039 1413 Nam

253 1435 352 1458 natura
373 1430 482 1466 quidem
497 1430 624 1458 omnibus
640 1433 683 1457 est
694 1437 758 1464 una,
777 1437 826 1458 nec
841 1430 947 1458 diversa
963 1434 1040 1458 ortus

253 1477 345 1505 ratio:
359 1485 438 1505 mens
455 1481 545 1505 autem
572 1478 646 1505 varie
657 1477 846 1512 distinguitur,
865 1484 967 1512 corque
988 1484 1040 1505 no-

252 1527 345 1551 strum
371 1522 557 1550 diversitatem
585 1523 782 1550 sententiarum
810 1522 936 1550 admittit.
962 1521 1041 1556 Quod

253 1576 317 1596 cum
331 1572 425 1597 nosset
441 1569 590 1604 quispiam,
605 1568 673 1596 dixit
686 1577 692 1595 :
707 1567 941 1601 Quemadmodum
958 1567 1041 1595 facies

255 1614 377 1644 faciehus
393 1615 496 1644 similes
507 1622 561 1642 non
568 1619 649 1648 sunt;
661 1614 759 1642 sic'ncc
769 1617 874 1641 mentes
889 1613 1040 1641 hominum.
1055 1605 1078 1635 (ἶ

255 1661 345 1689 Nares
359 1665 449 1689 autem
463 1661 580 1688 dicimus
594 1669 656 1689 esse
669 1669 717 1688 cas
733 1668 792 1696 qua:
802 1660 828 1687 in
839 1660 890 1687 hoc
905 1659 1043 1695 spirituali

255 1707 324 1735 mari
339 1711 541 1741 pertranseunt,
551 1712 580 1734 ut
595 1707 726 1741 scriptum
740 1711 781 1733 est
789 1706 823 1738 ",
837 1706 962 1733 videlicet
977 1713 1042 1733 san—

255 1757 315 1781 ctas
341 1752 494 1780 Servatoris
514 1753 600 1780 nostri
624 1751 771 1783 Ecclesias,
796 1759 857 1787 quae
881 1751 991 1787 quidem
1016 1751 1043 1778 in

256 1799 370 1831 mundo,
395 1799 442 1826 sed
463 1798 620 1834 superiores
642 1797 744 1825 mundo
767 1801 846 1831 sunt;
865 1797 937 1825 sicut
950 1804 1044 1825 revera

255 1846 398 1874 onerarias
412 1845 505 1874 videre
519 1850 571 1878 est,
590 1846 617 1872 in
642 1852 712 1880 aqua
727 1852 805 1877 sane,
821 1844 867 1872 sed
889 1843 1044 1879 superiores

257 1892 348 1927 aquis.
370 1891 499 1920 Ecclesia:
522 1891 604 1927 igitur
624 1891 741 1919 navibus
759 1890 881 1924 similes,
905 1890 1044 1925 spirituale

256 1945 332 1965 mare
346 1937 524 1973 trajicientcs,
535 1937 627 1965 ﬁdeles
635 1937 760 1964 homines
771 1937 916 1972 recipiunt;
928 1941 955 1964 et
964 1936 1045 1972 quasi

256 1983 286 2011 in
301 1984 382 2011 aliam
399 1988 500 2011 terram
521 1988 567 2011 aut
581 1984 720 2019 regionem
740 1982 919 2013 transferunt.
942 1982 1046 2010 scilicet

257 2029 292 2057 ad
309 2037 422 2066 regnum
435 2031 579 2063 caelorum,
595 2030 628 2057 ad
642 2037 718 2065 spem
729 2030 755 2056 in
768 2029 878 2057 Christo
893 2029 1043 2061 fundatam,

258 2076 293 2103 ad
310 2075 553 2104 sanetilieationem
581 2077 703 2112 spiritus,
727 2081 753 2103 et
777 2076 811 2103 ad
829 2076 966 2109 virtutem,
986 2084 1046 2111 qua:

259 2126 418 2150 sanctorum
442 2123 529 2158 patria
551 2127 604 2151 est.
626 2122 693 2149 Nam
721 2130 794 2155 cum,
819 2123 892 2150 sicut
914 2122 1046 2158 scriptum

258 2172 312 2201 est,
329 2168 440 2196 advenae
463 2173 491 2196 et
516 2169 650 2204 peregrini
677 2170 732 2197 sint
754 2177 837 2205 super
861 2173 972 2201 terram,
992 2177 1047 2196 non

259 2214 360 2242 habent
387 2214 431 2242 hic
456 2219 610 2242 manentem
632 2215 768 2243 civitatem
778 2216 801 2231 "
824 2225 830 2242 :
853 2215 901 2244 sed
917 2215 952 2242 ad
972 2215 1046 2242 illam

260 2260 401 2293 festinant,
417 2260 496 2296 cujus
511 2260 609 2288 artifex
623 2265 650 2288 et
670 2265 778 2288 creator
792 2264 834 2289 est
851 2261 922 2288 Deus
930 2261 963 2288 “.
977 2261 1046 2288 Cum

259 2315 324 2343 ergo
340 2307 458 2335 mundus
472 2307 516 2335 hic
534 2311 625 2335 noster
636 2307 759 2342 exemplo
774 2307 858 2334 maris
870 2306 1044 2342 intelligatur,

261 2362 311 2389 pro
327 2354 422 2390 cymba
443 2359 469 2381 et
487 2354 612 2381 navicula
632 2353 755 2382 Ecclesia
777 2353 975 2384 mslimabitur,
996 2359 1046 2387 pro

260 2399 352 2426 nautis
369 2398 473 2426 habens
486 2399 678 2430 sanetiiicatos,
694 2399 753 2433 qui,
771 2398 844 2433 quod
857 2397 936 2425 ﬁdem
952 2405 1048 2425 susce-

261 2446 362 2481 perint,
379 2444 520 2473 Christum
534 2453 628 2473 secum
643 2448 796 2472 versantem
813 2452 920 2479 semper
934 2443 1046 2475 habent,

261 2493 469 2528 tranquillitatis
495 2496 644 2520 auctorcm.
670 2491 729 2519 Alia
753 2492 816 2519 item
843 2491 949 2518 ratione
965 2498 1048 2517 naves

262 2542 401 2574 nuncupat
421 2547 480 2571 eos,
502 2539 549 2574 qui
573 2539 600 2566 in
621 2545 735 2573 corpore
760 2545 828 2570 suo,
851 2537 963 2572 hujusce
984 2537 1047 2564 vita:

263 2585 344 2612 salsis
359 2588 385 2612 et
400 2585 559 2612 decumanis
576 2584 703 2612 fluctibus
719 2584 865 2619 agitantur.
890 2583 1047 2610 Laudantur

263 2638 345 2666 porro
359 2638 443 2658 naves
456 2638 516 2665 qua:
535 2639 609 2658 mare
624 2634 827 2666 pertranseunt,
843 2638 897 2657 non
914 2637 978 2657 vero
987 2636 1048 2664 qua:

263 2676 300 2704 ibi
317 2680 486 2711 permanent,
500 2677 541 2703 vel
551 2684 611 2712 quze
623 2676 749 2704 fluctibus
763 2676 968 2710 demerguntur.
980 2674 1049 2701 Nam

263 2721 312 2756 qui
330 2721 356 2748 in
370 2728 452 2749 carne
462 2727 537 2753 sunt,
552 2729 602 2749 nec
621 2722 770 2750 secundum
787 2728 896 2749 carnem
920 2720 1050 2752 militant,

264 2766 326 2793 vitae
340 2766 451 2793 ﬂuctum
476 2766 626 2798 calcantes.
645 2774 732 2802 eoque
753 2766 922 2801 superiores,
944 2764 1048 2792 faciunt

264 2812 449 2846 operationem
465 2812 491 2839 in
506 2811 585 2846 aquis
601 2811 703 2844 multis,
719 2819 751 2839 ac
774 2810 954 2843 descendunt,
969 2814 998 2837 ut
1013 2817 1047 2837 ex

299 2861 323 2877 ⁸³
342 2859 350 2887 l
367 2859 432 2889 Cor.
448 2869 479 2895 ι,
495 2861 520 2888 1.

301 2906 339 2943 (5)
356 2906 399 2935 Sic

1090 971 1155 1007 παρ’
1185 971 1305 1007 ἀλλήλων
1332 969 1501 1005 κομιζόμεθα
1528 969 1563 996 τὰ
1591 969 1730 1001 ἐνδέοντα,
1761 969 1812 1000 καὶι
1830 968 1876 995 τὸν

1090 1017 1153 1053 παρ’
1165 1017 1230 1052 ἡμῖν
1245 1016 1378 1051 φυόμενον
1393 1015 1499 1051 καρπὸν
1512 1014 1682 1051 χορηγοῦμεν
1700 1014 1815 1049 ἑτέροις.
1828 1015 1874 1041 καὶ

1088 1063 1221 1098 δεχόμεθα
1238 1062 1268 1088 τὸ
1295 1063 1360 1098 παρ’
1380 1061 1493 1092 ἐκεινοις
1521 1060 1677 1096 γινόμενον·
1695 1059 1766 1086 ὥστε
1791 1060 1828 1095 μὴ
1845 1060 1875 1086 τὸ

1089 1109 1246 1145 περιττεῦον
1266 1106 1336 1135 εἷναι
1354 1108 1497 1143 ἀνόνητον,
1516 1107 1584 1142 μήτε
1601 1106 1631 1133 τὸ
1644 1105 1732 1133 ὲνδέον
1751 1106 1876 1133 ἀνεπινό-

1089 1164 1177 1191 νητον.
1206 1155 1384 1190 ’Υψηλότερον
1404 1154 1432 1180 δὲ
1455 1153 1538 1188 πλοίῳ
1561 1151 1724 1188 παρεικάζει
1742 1153 1792 1188 τὴν
1814 1153 1875 1179 Ἐκ-

1089 1202 1219 1237 κλησίαν,
1241 1201 1360 1236 Θαλάττῃ
1374 1201 1402 1227 δὲ
1423 1200 1469 1227 τὸν
1491 1199 1660 1235 ἀνθρώπινον
1683 1199 1759 1234 βίον,
1781 1199 1826 1226 διὰ
1845 1200 1875 1226 τι)

1089 1250 1262 1284 ἀστάθμητον
1277 1249 1323 1275 καὶ
1335 1248 1487 1283 ἀεικίνητον
1497 1247 1551 1274 τῶν
1564 1248 1593 1273 ὲν
1608 1246 1683 1282 αὐτῷ
1695 1247 1875 1282 πραγμάτων.

1096 1295 1233 1331 Ἐρπετῶν
1246 1295 1275 1321 δὲ
1289 1294 1320 1321 τὸ
1334 1295 1411 1328 γένος
1428 1294 1458 1320 τὸ
1477 1293 1661 1329 ἀναρίθμητον
1678 1292 1729 1328 τὴν
1750 1292 1875 1328 πολυειδῆ

1091 1342 1137 1368 καὶ
1147 1341 1229 1367 οἱονεὶ
1247 1340 1460 1375 πολυπρόσωπον
1476 1338 1529 1365 τῶν
1545 1338 1696 1375 ἀνθρώπων
1711 1337 1785 1372 λέγει
1809 1337 1877 1374 πλη-

1091 1389 1138 1415 θὺν
1151 1408 1158 1420 ,
1186 1389 1225 1420 εἰς
1246 1387 1296 1422 τὴν
1315 1388 1365 1422 τῆς
1387 1386 1471 1418 ἕξεως
1497 1385 1633 1412 ποικιλίαν
1659 1385 1808 1420 νοουμένης
1829 1384 1877 1419 τῆς

1091 1434 1249 1468 ἐξαλλαγῆς.
1269 1433 1351 1463 Φύσις
1369 1432 1418 1468 μὲν
1432 1431 1486 1467 γὰρ
1508 1432 1589 1459 πᾶσιν
1604 1432 1621 1468 ἡ
1642 1431 1721 1466 αὐτὴ,
1739 1431 1786 1457 καὶ
1799 1431 1813 1456 ὁ
1828 1430 1877 1465 τῆς

1091 1480 1223 1514 γενέσεως
1244 1479 1343 1514 τρόπος
1362 1479 1410 1514 οὺχ
1426 1479 1556 1514 ἑτεροῖος,
1576 1476 1736 1512 ιιιῑολυσχιδὴς
1750 1476 1780 1502 δὲ
1803 1476 1877 1507 νοῦς,

1093 1527 1139 1553 καὶ
1161 1524 1346 1560 πολυγνώμων
1368 1525 1397 1550 ἐν
1418 1525 1484 1560 ἡμῖν
1501 1523 1608 1560 καρδία,
1625 1523 1680 1550 Καὶ
1699 1523 1779 1549 τοῦτο
1801 1522 1878 1554 εἰδὼς

1091 1581 1134 1604 τις
1149 1572 1267 1606 ἔφασκεν
1276 1580 1282 1586 ·
1294 1571 1400 1606 Ὥσπερ
1411 1571 1459 1605 οὺχ
1472 1570 1552 1606 ὅμοια
1563 1569 1697 1605 πρόσωπα
1711 1569 1876 1605 προσώποις,

1093 1619 1178 1650 οὕτως
1199 1618 1258 1645 οὐδὲ
1285 1618 1313 1644 αἱ
1339 1617 1452 1644 διάνοιαι
1479 1617 1532 1643 τῶν
1555 1615 1717 1652 ἀνθρώπων.
1743 1616 1828 1643 Πλοὶα
1849 1616 1879 1642 δὲ

1093 1662 1162 1691 εἶναί
1177 1672 1276 1698 φαμεν,
1301 1663 1319 1690 ἂ
1336 1663 1382 1689 καὶ
1403 1663 1430 1688 ὲν
1444 1661 1505 1697 τῇδε
1518 1662 1551 1697 τῇ
1573 1662 1655 1697 νοητῇ
1678 1660 1800 1696 θαλάσσῃ
1820 1660 1879 1687 δια-

1094 1711 1256 1746 πορεύεται,
1277 1710 1349 1736 κατὰ
1364 1709 1395 1736 τὸ
1419 1708 1629 1744 γεγραμμένον,
1654 1707 1704 1739 τὰς
1727 1707 1808 1742 ἁγίας
1833 1707 1880 1733 τοῦ

1094 1757 1218 1792 Σωτῆρος
1228 1757 1244 1791 ἡ
1249 1756 1305 1791 μῶν
1319 1755 1480 1790 Ἐκκλησίας
1490 1754 1571 1786 οὔσας
1582 1754 1631 1790 μὲν
1647 1754 1676 1781 ὲν
1690 1753 1796 1788 κόσμῳ,
1811 1753 1881 1788 πλὴν

1094 1803 1222 1838 ἀνωτέρω
1246 1802 1293 1828 τοῦ
1317 1801 1439 1837 κόσμου,
1468 1801 1593 1836 καθάπερ
1622 1800 1718 1836 ἀμέλει
1748 1801 1796 1827 καὶ
1832 1800 1881 1832 τὰς

1094 1848 1209 1880 ὁλκάδας
1223 1848 1296 1874 ἐστὶν
1311 1849 1384 1883 όρᾷν,
1395 1846 1476 1878 οὔσας
1492 1847 1540 1882 μὲν
1556 1848 1585 1873 ὲν
1598 1846 1684 1878 ὕδατι,
1698 1846 1767 1882 πλὴν
1778 1846 1883 1874 ὑδάτων

1095 1893 1241 1927 ἁνωτέρας.
1251 1893 1282 1918 Αἰ
1290 1892 1378 1918 τοίνυν
1387 1891 1488 1918 ὑδάτων
1498 1891 1535 1927 (3)
1545 1891 1644 1918 πλοίων
1658 1891 1818 1926 ἐκκλησίαι,
1833 1890 1883 1926 τὴν

1095 1938 1191 1973 νοητὴν
1217 1937 1408 1972 διανηχόμεναι
1430 1936 1564 1963 θάλασσαν
1577 1956 1584 1967 ,
1604 1936 1724 1971 δέχονται
1749 1936 1800 1971 μὲν
1819 1935 1884 1966 τοὺς

1097 1983 1288 2014 πιστεύοντας,
1313 1981 1510 2017 ἀποκομίζουσι
1531 1981 1559 2007 δὲ
1582 1980 1707 2016 καθάπερ
1723 1981 1763 2012 είς
1785 1980 1884 2016 ἑτέραν

1096 2029 1156 2055 τινὰ
1174 2030 1225 2064 γῆν
1240 2029 1256 2063 ἢ
1270 2027 1361 2063 χώραν
1378 2027 1426 2062 τὴν
1449 2026 1502 2052 τῶν
1517 2025 1640 2062 οὐρανῶν
1658 2025 1814 2061 βασιλείαν,
1837 2025 1884 2051 καὶ

1097 2074 1190 2101 ἐλπίδα
1202 2073 1251 2109 τὴν
1266 2074 1293 2100 ἐν
1317 2072 1426 2108 Χριστῷ
1445 2073 1491 2099 καὶ
1507 2073 1546 2104 εἰς
1559 2072 1694 2106 ἁγιασμδν
1706 2071 1751 2097 τὸν
1767 2070 1811 2096 διὰ
1835 2070 1882 2096 τοῦ

1098 2121 1255 2156 Πνεύματος
1269 2141 1276 2152 ,
1304 2120 1350 2145 καὶ
1377 2120 1416 2150 είς
1442 2119 1490 2152 τὴν
1512 2118 1566 2144 τῶν
1589 2118 1674 2152 ἁγίων
1696 2117 1812 2153 πατρίδα
1833 2117 1885 2152 τὴν

1097 2167 1208 2202 ἀρετήν.
1227 2165 1358 2200 Πάροικοι
1375 2164 1429 2199 γὰρ
1443 2164 1518 2194 ³ἔντες
1536 2163 1581 2190 καὶ
1594 2161 1789 2198 παρεπίδημοι,
1813 2161 1884 2187 κατὰ

1098 2213 1127 2239 τὸ
1141 2212 1344 2247 γεγραμμένον,
1357 2211 1403 2238 ἐπὶ
1418 2211 1467 2245 τῆς
1485 2210 1546 2244 γῆς,
1572 2209 1622 2236 οὐκ
1640 2208 1745 2244 ἔχουσιν
1765 2204 1815 2234 ὦδε
1834 2207 1884 2242 μέ-

1098 2267 1194 2285 νουσαν
1202 2258 1280 2284 πόλιν
1289 2265 1296 2271 '
1308 2256 1462 2290 ἐπείγονται
1473 2255 1501 2281 δὲ.
1512 2255 1579 2290 πρὸς
1589 2254 1707 2290 ἐκείνην,
1716 2251 1749 2289 ἧς
1760 2253 1885 2288 τεχνίτης

1099 2306 1145 2332 καὶ
1163 2304 1327 2340 δημιουργὸς
1346 2304 1361 2329 ὁ
1384 2302 1458 2333 Θεὸς.
1481 2301 1525 2328 Ἐν
1547 2301 1667 2336 σχήματι
1683 2298 1730 2327 οὖν
1748 2299 1885 2334 θαλάσσης

1098 2349 1173 2376 τοῦδε
1194 2348 1240 2375 τοῦ
1264 2348 1323 2374 καθ’
1339 2347 1412 2382 ἡμᾶς
1434 2346 1577 2381 νοουμένου
1594 2345 1710 2380 κόσμου,
1739 2345 1843 2378 σκάφος
1867 2343 1884 2378 ἢ

1100 2395 1190 2421 πλοῖον
1207 2395 1224 2429 ἡ
1251 2393 1398 2428 Ἐκκλησία
1413 2392 1593 2427 νοηθήσεται,
1618 2390 1764 2425 πλωτῆρας
1787 2390 1886 2424 ἔχουσα

1099 2442 1161 2472 τοὺς
1173 2440 1365 2476 ἡγιασμένους,
1383 2439 1407 2465 οἳ
1433 2439 1478 2465 καὶ
1492 2438 1536 2465 διὰ
1558 2437 1604 2464 τοῦ
1622 2434 1820 2468 καταδέξασθαι
1837 2436 1887 2471 τὴν

1100 2487 1190 2513 πίστιν
1206 2486 1317 2513 συνόντα
1332 2485 1376 2511 διὰ
1394 2484 1492 2516 παντὸς
1507 2483 1598 2518 ἔχουσι
1607 2483 1652 2509 τὸν
1668 2481 1783 2518 Χριστὸν
1798 2481 1887 2508 εὐδίαν

1100 2533 1237 2559 ἁπλοῦντα
1257 2531 1306 2567 τὴν
1327 2531 1444 2566 ἁπαλήν.
1469 2529 1585 2564 Ἑτέρως
1603 2529 1631 2555 δὲ
1657 2528 1736 2555 πλοῖα
1758 2528 1886 2563 ὀνομάζει

1099 2580 1162 2611 τοὺς
1176 2579 1220 2605 διὰ
1238 2578 1291 2604 τῶν
1313 2576 1445 2612 σωμάτων
1461 2577 1489 2603 ἐν
1506 2575 1544 2610 τῷ
1568 2574 1681 2611 ἁλμυρῷ
1702 2574 1816 2601 κλύδωνι
1839 2573 1885 2600 τοῦ

1103 2625 1159 2660 βίου
1182 2624 1276 2651 τούτου
1305 2623 1510 2659 σαλευομένους.
1534 2622 1588 2648 Καὶ
1607 2621 1679 2648 ἔστιν
1703 2620 1886 2656 ἐπαινούμενα

1102 2672 1181 2697 πλοῖα
1194 2670 1228 2697 τὰ
1250 2669 1419 2696 διαϐαίνοντα
1434 2668 1482 2704 τὴν
1502 2668 1657 2699 θάλασσαν,
1678 2666 1746 2693 ἀλλὰ
1765 2667 1803 2702 μὴ
1826 2668 1888 2693 ἐνα-

1102 2717 1252 2743 ποιιένοντα
1266 2716 1347 2750 αὐτῇ,
1364 2715 1430 2751 μηδὲ
1448 2713 1703 2749 καταῦαπτιζόμενα
1724 2714 1780 2744 τοῖς
1799 2711 1888 2748 κύμα-

1104 2772 1154 2790 σιν.
1172 2764 1203 2790 Οἱ
1219 2762 1274 2798 γὰρ
1294 2764 1322 2789 ἐν
1346 2762 1428 2797 σαρκὶ
1450 2761 1542 2793 ὄντες,
1570 2761 1618 2787 καὶ
1640 2759 1678 2796 μὴ
1703 2759 1774 2786 κατὰ
1798 2759 1886 2794 σάρκα

1103 2809 1322 2846 στρατευόμενοι,
1336 2807 1555 2840 καταπατοῦντες
1565 2806 1611 2834 τδν
1623 2805 1744 2833 κλύδωνα
1759 2804 1806 2832 τοῦ
1817 2805 1884 2841 βίου,

560 2859 582 2876 ⁸⁵
602 2859 684 2889 llebr.
703 2867 769 2893 xm,
788 2860 832 2888 M.
871 2860 892 2875 "
913 2858 994 2886 llebr.
1012 2867 1051 2892 xu,
1068 2857 1112 2885 10.
