2044 3212
177 136 189 163 1
195 134 247 164 285

705 134 958 163 COMMENTARIA
978 137 1011 164 IN
1031 137 1199 169 PSALMOS.

1283 102 1354 140 ω’)

1732 150 1742 176 l
1747 150 1800 178 286

173 195 222 222 καὶ
238 194 397 230 ὑψηλότεροι
423 192 504 221 αὖτοῦ
528 192 613 225 ὄντες,
634 193 755 220 ποιοῦσιν
776 186 906 230 ἐργασίαν
933 195 950 222 ἐν

1013 196 1146 225 demersis
1160 197 1267 233 aliquos
1285 199 1435 231 lucrentur.
1453 203 1621 242 lnsuperque
1640 206 1722 242 hujus
1739 209 1801 238 vim

173 239 250 268 ῦεασι
272 240 390 272 πολλοῖς,
414 238 675 274 συγκαταϐαίνοντες
697 239 744 266 ἐπὶ
768 239 808 275 τῷ
831 240 962 275 κερδῆσαί

172 295 250 318 τινας
278 286 333 312 τῶν
366 285 579 321 βεὸυθισμένων.
603 286 663 311 Ἔτι
687 285 733 311 τὸν
751 285 814 321 τῇδε
836 285 883 312 τοῦ
905 286 961 321 βίον

172 332 375 370 περισπασμὸν,
390 332 437 359 καὶ
451 332 500 368 τὴν
517 332 545 357 ἐν
565 330 638 366 αὐτῷ
653 330 707 357 τῶν
728 331 897 367 πραγμάτων
917 341 961 358 πι-

173 379 242 414 κρὰν
258 379 389 414 ἀνάχυσιν
419 378 466 405 καὶ
482 378 527 404 τὸν
550 378 720 413 ἁναφυρμὸν,
738 378 877 414 σημαίνων
896 379 961 413 ἡμῖν

171 425 286 457 ἀστείως
303 425 316 450 ὁ
335 423 460 460 μελῳδὸς,
484 423 564 458 Αὕτη
581 424 599 457 ἡ
617 423 768 457 θάλασσα,
786 425 866 459 φησὶν
877 445 884 456 ,
901 425 966 452 ἐκεῖ

171 471 290 506 ἑρπετὰ,
309 468 352 498 ὧν
366 472 422 497 οὐκ
447 470 532 497 ἔστιν
548 470 679 506 ἀριθμὸς,
696 470 751 501 ζῶα
772 471 864 505 μικρὰ
887 473 963 506 μετὰ

169 517 317 552 μεγάλων.
343 517 444 552 Ἰχθύσι
468 517 522 553 γάρ
542 517 741 553 παρεικαστέον
758 515 788 544 εὖ
807 518 879 553 μάλα
898 518 961 550 τοὺς

170 564 215 590 ἐπ’
238 563 327 590 οὐδενὶ
350 564 400 599 μὲν
417 563 472 590 ἔσθ’
487 564 530 590 ὅτε
556 564 611 591 τῶν
633 564 787 599 ἀναγκαίων
809 566 848 597 εἰς
869 564 961 600 ὄνησιν

169 610 233 646 τῇδε
249 610 360 637 κάκεῖσε
379 610 549 645 διᾴττοντας,
571 610 618 637 καὶ
640 611 708 646 μόνα
734 610 910 645 συλλέγοντας
927 611 960 637 τά

169 657 275 691 ὅσαπερ
289 656 321 683 ἂν
337 657 474 692 ἀποφῆναι
501 657 647 693 σαρκικοὺς
658 677 666 690 ,
691 657 738 684 καὶ
754 657 873 689 εἰκαίους
896 658 961 684 ἁνα-

170 702 265 736 τλῆναι
282 701 488 736 παρασκευάζει
506 702 612 734 πόνους.
635 702 739 729 οὐκοῦν
757 702 855 738 ἰχθύων
870 702 961 739 διανη-

1012 243 1232 277 distractionem,
1248 249 1275 273 et
1288 253 1408 275 amaram
1424 249 1498 277 illam
1519 259 1611 279 rerum
1625 252 1686 288 ejus
1700 254 1799 281 confu-

1012 289 1115 316 sionem
1138 291 1413 330 commistionemque
1432 297 1537 325 urbane
1569 298 1649 327 nobis
1674 299 1800 330 indicans

1013 336 1173 371 Psalmista,
1193 337 1250 365 Hoc
1268 347 1351 374 mare,
1368 341 1466 376 inquit,
1484 343 1539 370 illic
1550 345 1667 378 reptilia,
1687 355 1800 381 quorum

1014 390 1065 408 non
1083 386 1121 408 est
1137 390 1273 416 numerus,
1290 388 1342 413 etc.
1360 385 1428 413 Nam
1449 388 1569 422 piscibus
1593 391 1715 426 apposite
1733 401 1800 420 con-

1014 426 1147 461 ferantur,
1162 428 1209 463 qui
1225 428 1258 455 ad
1274 431 1471 464 comparandas
1483 434 1531 461 sibi
1544 442 1588 462 res
1601 444 1688 473 neque
1703 446 1800 466 neces-

1014 473 1112 505 sarias,
1134 481 1223 509 neque
1246 475 1338 506 utiles.
1363 477 1416 505 huc
1437 478 1502 506 illuc
1520 481 1688 517 transiliunt,
1706 487 1733 511 et
1752 484 1798 512 illa

1012 518 1070 545 sola
1084 518 1226 554 colligunt,
1244 527 1304 554 quae
1315 520 1375 548 illos
1391 522 1516 550 carnales
1528 531 1589 552 esse
1600 524 1749 559 declarent,
1766 534 1799 554 ac

1013 564 1122 592 labores
1145 571 1240 592 eorum
1259 573 1345 594 vanus
1361 567 1511 603 irritosque
1526 569 1638 597 faciant.
1650 569 1734 606 Igitur
1758 572 1799 606 pi-

1014 610 1101 638 scium
1115 610 1201 638 instar
1213 611 1266 638 hoc
1274 619 1348 639 mare
1362 620 1489 649 magnum
1501 617 1528 641 et
1542 616 1690 650 spatiosum
1706 621 1799 644 trana-

1014 664 1087 687 mns,
1105 656 1232 683 videlicet
1254 657 1386 686 mundum
1402 667 1410 686 :
1426 666 1490 686 nam
1504 660 1638 696 cujusque
1651 662 1706 689 vita
1722 663 1799 691 varia

1014 701 1198 737 differenstu
1212 706 1264 730 est.

169 748 273 784 χύμεθα
293 748 371 783 δίκην
386 748 435 784 τὴν
460 748 589 776 πλατεῖαν
609 749 710 785 ταύτην
735 750 782 776 καὶ
804 750 961 785 εὐρύχωρον
990 748 1138 782 θάλασσαν,
1169 749 1292 776 τουτέστι
1309 749 1355 777 τὸν
1373 750 1490 786 κόσμον·
1516 752 1643 789 διάφορος
1666 754 1720 789 γάρ
1740 762 1799 785 πως

167 796 183 822 ὸ
195 795 310 822 ἑκάστου
324 793 390 829 βίος.

203 875 322 911 Δράκων
349 872 448 908 οὗτος,
474 875 510 902 ὃν
532 874 671 909 ἔπλασας
689 874 841 910 ἐμπαίζειν
866 875 946 908 αὐτῷ

1047 870 1128 898 Vens.
1141 870 1237 898 27-29.
1260 870 1348 898 Draco
1363 871 1422 905 iste,
1449 881 1522 908 quem
1542 873 1665 909 formasti
1681 877 1715 903 ad
1735 878 1798 905 illu-

168 921 270 949 Πάντα
280 921 356 957 πρὸς
371 921 409 949 σὲ
427 920 627 956 προσδοκῶσι,
642 921 746 949 δοῦναι
766 921 823 956 τὴν
842 921 957 956 τροφὴν

167 967 270 1001 αὐτοῖς
291 968 439 1003 εὔκαιρον.
469 968 579 1000 Δόντος
604 975 662 994 σου
690 968 813 1001 αὐτοῖς,
844 967 962 994 euut--

167 1013 272 1045 ξουσι·
295 1013 473 1045 ἀνοίξαντος
495 1011 528 1039 δέ
550 1020 608 1039 σου
629 1011 687 1047 τὴν
712 1012 807 1048 χεῖρα,
827 1012 863 1039 τὰ
877 1013 956 1047 σύμ-

165 1065 264 1085 παντα
276 1057 505 1093 πλατο-θήσονται
516 1059 729 1093 χρηστότητος.
740 1058 811 1094 Ὅρα
819 1059 843 1085 ιί
853 1058 956 1094 δυνήσῃ

166 1103 309 1131 καθολικὺν
321 1104 375 1130 ἀπὸ
382 1104 476 1130 τούτου
491 1104 614 1131 ἐκλαϐεῖν
625 1104 724 1140 δόγμα,
733 1105 770 1136 ὼς
784 1104 892 1131 πάντων
902 1103 958 1130 τῶν

165 1149 287 1185 γενητῶν
298 1149 467 1185 πενομένων,
478 1149 646 1185 λειπομένων
660 1159 689 1176 τε
705 1150 752 1177 καὶ
763 1149 896 1186 δεομένων
908 1151 956 1186 τῆς

165 1195 241 1232 παρὰ
255 1195 302 1223 τοῦ
319 1195 386 1223 Θεοῦ
401 1196 543 1232 χορηγίας,
558 1194 592 1232 ἧς
615 1196 799 1232 μεταλαϐόντα
821 1196 955 1231 δυναμοῦ-

164 1251 210 1269 ται
228 1242 275 1269 καὶ
291 1242 387 1278 ἰσχύει,
403 1242 498 1278 ὥσπερ
510 1242 553 1269 διὰ
568 1243 671 1278 τροφῆς
689 1242 840 1278 ζωούμενα.
855 1242 955 1269 Πάντα

163 1287 239 1322 πρὸς
255 1288 293 1314 σὲ
309 1287 529 1322 προσδοκῶσιν,
539 1287 645 1314 δοῦναι
663 1288 720 1322 τὴν
729 1289 844 1323 τροφὴν
853 1288 955 1321 αὐτοῖς

163 1333 312 1368 εὔκαιρον.
335 1333 375 1360 Τὰ
391 1333 480 1360 πάντα
498 1333 526 1359 δὲ
543 1334 633 1369 φήσας
648 1335 662 1360 ὁ
684 1334 761 1368 λόγος
778 1335 953 1370 περιείληφεν

162 1380 230 1416 ὁμοῦ
246 1380 296 1412 τὰς
311 1379 409 1416 νοητὰς
424 1380 472 1406 καὶ
489 1380 568 1414 ἁγίας
584 1379 723 1415 δυνάμεις,
744 1379 794 1410 τάς
811 1388 840 1406 τε
859 1379 953 1414 αἰσθη-

162 1425 212 1458 τὰς
224 1427 272 1454 καὶ
287 1426 337 1458 τὰς
352 1427 381 1453 ὲν
398 1425 504 1462 θνητοῖς
525 1425 657 1462 σώμασιν.
682 1425 759 1453 Οὕτω
778 1426 832 1462 γάρ
850 1425 949 1461 μᾶλλον

1009 915 1124 944 dendum
1139 917 1173 944 ei.
1188 915 1285 944 Omnia
1306 926 1321 944 a
1337 922 1360 944 te
1374 924 1525 952 exspectant
1539 925 1567 946 ut
1584 919 1629 947 des
1644 921 1698 948 illis
1710 931 1798 950 escam

1009 963 1037 990 in
1054 967 1175 997 tempore.
1191 962 1279 990 Dante
1295 968 1319 990 te
1334 963 1389 990 illis
1403 964 1537 1000 colligent,
1554 968 1683 1000 aperiente
1695 973 1719 995 te
1738 978 1796 996 ma-

1008 1017 1072 1036 num
1092 1009 1182 1036 omnia
1208 1009 1388 1044 implebantur
1414 1011 1537 1038 bonitate.
1559 1011 1627 1041 Vide
1650 1021 1684 1041 an
1708 1017 1798 1050 possis

1010 1055 1074 1082 hinc
1091 1055 1188 1090 dogma
1210 1055 1376 1083 catholicum
1398 1057 1534 1091 excipere,
1550 1058 1622 1094 quod
1642 1067 1738 1088 omnes
1751 1069 1798 1089 res

1009 1105 1108 1129 creatae
1130 1101 1226 1136 inopes
1252 1101 1308 1129 sint
1338 1109 1370 1129 ac
1390 1101 1438 1130 Dei
1452 1103 1595 1139 largitione
1620 1110 1726 1140 egeant,
1742 1115 1797 1142 qua

1008 1151 1121 1182 accepta
1133 1148 1300 1176 roborantur
1314 1155 1346 1175 ac
1363 1149 1463 1184 vigent,
1474 1155 1568 1186 utpote
1576 1159 1638 1179 esca
1654 1152 1736 1180 vitam
1753 1161 1797 1181 ac-

1007 1194 1151 1229 cipientes.
1170 1193 1267 1236 omnia
1285 1199 1337 1221 ate
1353 1200 1516 1230 exspectant,
1532 1202 1560 1223 ut
1575 1197 1620 1225 de:
1634 1198 1689 1225 illis
1708 1207 1797 1227 escam

1006 1241 1035 1268 in
1050 1246 1174 1275 tempore.
1199 1240 1267 1269 Cum
1291 1249 1374 1276 porro
1394 1243 1485 1270 omnia
1508 1243 1617 1277 dixerit,
1640 1246 1796 1281 spirituales

1005 1290 1033 1315 et
1044 1291 1155 1315 sanctas
1166 1286 1295 1319 virtutes,
1312 1295 1420 1316 necnon
1435 1289 1590 1322 sensibiles,
1608 1299 1668 1326 quae
1680 1292 1706 1318 in
1722 1301 1796 1320 mor-

1007 1332 1105 1361 talibus
1134 1332 1297 1367 corporibus
1321 1338 1395 1365 sunt,
1411 1342 1464 1361 una
1485 1335 1644 1370 complexus
1658 1341 1709 1364 est.
1726 1337 1796 1366 Nam

1004 1380 1042 1406 ita
1063 1378 1111 1406 Dei
1131 1379 1240 1406 bonitas
1263 1379 1349 1414 magis
1366 1380 1504 1412 eluceseit,
1530 1381 1603 1416 quod
1617 1386 1672 1410 tam
1695 1383 1794 1420 dignis,

1003 1432 1083 1460 quam
1096 1425 1228 1460 indignis,
1245 1432 1322 1453 suam
1344 1425 1483 1460 impertiat
1498 1427 1704 1463 benignitatem.

163 1472 322 1509 μειζόνως-ί)
339 1472 474 1508 ἁναθότης
487 1471 643 1508 διαλάμπει,
658 1472 697 1508 τῷ
711 1473 758 1500 καὶ¹
774 1473 859 1506 ἀξίοις
872 1474 918 1500 καὶ
933 1472 969 1509 μὴ
987 1472 1072 1505 ἀξίοις
1089 1472 1139 1508 τῆς
1154 1472 1219 1508 παρ’
1233 1472 1315 1499 αὑτοῦ
1332 1474 1514 1510 χρηστότητος
1531 1475 1701 1510 μεταδοῦναι.

203 1553 385 1587 Ἀντανελεῖς
396 1553 429 1580 τὸ
444 1554 561 1589 πνεῦμα
575 1552 674 1580 αὐτῶν
690 1553 739 1580 καὶ
757 1553 946 1587 exulem-cvm.

1034 1552 1118 1580 Vens.
1133 1551 1178 1580 30.
1194 1553 1303 1586 Auferes
1319 1552 1439 1586 spiritum
1457 1560 1559 1585 eorum,
1573 1558 1598 1580 et
1613 1554 1745 1590 deﬁcient,
1768 1562 1794 1585 et

160 1600 210 1627 καὶ
217 1601 261 1632 εἰς
271 1599 326 1626 τὸν
340 1600 416 1634 χοῦν
428 1599 527 1627 αὐτῶν
534 1599 762 1634 ἐπιστρέψουσι.
772 1599 949 1631 Ἐξαποστε-

160 1645 224 1679 ,ιεῖς
233 1646 266 1673 τὸ
275 1645 470 1681 πνεῦμάρου,
480 1646 528 1673 καὶ
538 1646 762 1680 κτισθήσοντιιι,
775 1646 824 1672 καὶ
832 1646 951 1672 ἀνακαι-

160 1691 234 1725 νιεῖς
247 1691 280 1718 τὸ
297 1692 461 1726 πρόσωπον
476 1691 531 1726 τῆς
547 1691 613 1727 γῆς.
632 1691 700 1728 Περὶ
716 1691 867 1727 ἀνθρώπων
892 1691 920 1718 δὲ
935 1691 950 1717 ὁ

160 1735 249 1770 λόγος,
267 1737 314 1763 καὶ
337 1734 411 1771 οἶμαι
432 1745 464 1771 γε
489 1737 532 1763 διὰ
551 1736 654 1764 τούτων
667 1737 720 1773 τὴν
746 1736 791 1763 τοῦ
816 1737 950 1772 παρόντος

160 1782 258 1814 αἰῶνος
269 1782 412 1818 δηλοῦσθαι
430 1783 584 1810 συντέλειαν
597 1803 604 1815 ,
620 1783 668 1810 καὶ
682 1783 731 1818 τὴν
744 1783 788 1810 τοῦ
806 1783 949 1819 μέλλοντος

159 1827 316 1854 ἀνανέωσιν*
330 1828 367 1859 ὡς
382 1828 414 1855 ἂν
430 1829 465 1864 μή
475 1837 517 1861 τις
534 1829 670 1865 ὑπονοήσῃ
682 1830 722 1861 εἰς
736 1829 847 1864 ἄπειρον
863 1837 948 1855 κατα-

159 1874 256 1900 τείνειν
267 1874 315 1909 τὴν
329 1874 470 1910 παροῦσαν
480 1874 527 1901 τοῦ
540 1875 643 1910 κόσμου
659 1875 796 1907 σύστασιν,
809 1875 866 1902 ἀλλ’
877 1874 948 1910 ἔχοι-

161 1926 211 1952 μεν
224 1918 332 1950 ἐλπίδας
346 1920 386 1950 εἰς
403 1919 506 1945 ἐκεῖνον
519 1920 563 1946 τὸν
579 1919 638 1946 νέον
657 1920 743 1947 αἰῶνα
757 1920 803 1946 καὶ
819 1920 868 1955 τὴν
881 1919 947 1946 ἀνά-

160 1970 264 1994 στασιν,
277 1964 310 1999 ῆν
324 1965 338 1990 ὁ
352 1963 429 1998 λόγος
445 1964 594 2000 παῴστησι
610 1964 678 2001 μετὰ
688 1965 718 1991 τὺ
729 1965 820 1999 φάναι,
832 1966 883 1997 Εἰς
894 1966 948 1991 τὸν

159 2008 235 2042 χοῦν
248 2009 348 2036 αὐτῶν
371 2010 607 2045 ἐπιστρέφουσιν
617 2031 624 2043 ,
642 2010 788 2045 ἐπαγαγών
798 2020 804 2026 -
827 2011 947 2043 Ἐξαπο-

158 2055 277 2087 στελεῖς
294 2055 328 2082 τὸ
346 2056 463 2092 πνεῦμά
478 2064 535 2084 σου
554 2057 584 2083 τὸ
601 2057 742 2089 ζωοποιὸν,
759 2056 808 2083 καὶ
826 2055 947 2090 κτισθή-

159 2108 274 2133 σονται,
291 2094 322 2127 ὲκ
349 2102 401 2136 γῆς
428 2102 620 2138 ἀνιστάμενοι,
644 2102 694 2129 καὶ
715 2102 898 2135 ἀνακαινιεῖς
912 2102 946 2129 τὸ

158 2148 321 2181 πρόσωπον
333 2147 388 2182 τῆς
403 2148 468 2183 γῆς,
481 2149 510 2175 τὸ
524 2148 620 2180 κάλλος
636 2149 686 2184 τῆς
699 2149 760 2183 γῆς,
773 2149 872 2185 δηλαδὴ
884 2149 946 2180 τοὺς

158 2195 212 2221 ἀπὸ
249 2195 301 2230 γῆς
324 2194 492 2226 πλασθέντας
525 2195 694 2230 ἀνθρώπους.
736 2195 867 2222 Ἐνταῦθα
898 2204 946 2222 σα-

158 2241 215 2276 φῶς
240 2242 305 2277 ἡμῖν
321 2241 367 2267 καὶ
384 2240 431 2276 τὴν
450 2241 596 2267 ἀνάστασιν
618 2241 804 2277 προεκήρυξε,
824 2241 872 2267 καὶ
896 2241 945 2276 τὴν

156 2287 202 2314 διὰ
216 2287 264 2314 τοῦ
287 2287 418 2322 παναγίοιι
440 2287 598 2322 Πνεύματος
615 2287 775 2319 ἀναῧίωσιν,
791 2288 837 2315 καὶ
853 2287 898 2314 τὸν
916 2289 945 2314 ὲν

156 2333 282 2370 ἐσχάτοις
299 2333 345 2360 τοῦ
360 2333 456 2366 αἰῶνος
471 2335 576 2370 καιροῖς
587 2334 641 2360 τῶν
658 2334 835 2370 ἀνθρωπίνων
852 2333 945 2369 σωμά-

156 2389 221 2412 των,
239 2380 432 2416 ἀναπλασμόν·
449 2381 497 2416 τήν
513 2389 542 2406 τε
557 2382 596 2412 εις
617 2381 648 2407 τὸ
668 2379 745 2413 αὖθις
761 2378 829 2407 εἶναι
856 2388 945 2415 παρα-

156 2427 260 2462 γωγήν.
273 2427 326 2453 Καὶ
343 2427 488 2459 δείκνυσιν,
503 2427 540 2458 ὼς
552 2427 631 2459 αὑτός
645 2428 717 2454 ἐστιν
732 2429 746 2453 ὁ
764 2428 812 2454 καὶ
827 2427 942 2454 θανάτου

156 2472 204 2499 καὶ
214 2472 287 2507 ζωῆς
299 2472 483 2508 δεσπότης.οὺ
498 2472 552 2508 γὰρ
568 2472 690 2508 βούλεται
706 2474 761 2504 τοῖς
773 2472 942 2508 σκυθρωποῖς

155 2518 342 2554 ἐνδιατρίϐειν,
352 2519 420 2546 ἀλλὰ
435 2519 562 2546 τοσοῦτον
576 2518 659 2545 εἰπὼν
672 2520 734 2545 ὅσον
749 2518 877 2554 φοϐῆσαι,
890 2517 938 2545 πάι

155 2562 197 2591 λιν
211 2564 256 2590 ἐπὶ
268 2563 302 2590 τὰ
310 2563 415 2599 χρηστὰ
428 2564 559 2598 ἐπανάγει
567 2563 612 2590 τὸν
621 2563 709 2598 λόγον,
719 2564 766 2590 καὶ
780 2563 848 2598 ὅπερ
859 2562 942 2589 ἀλλα-

155 2609 204 2645 χοῦ
215 2609 331 2646 είρηται,
343 2610 383 2636 ὅτι
398 2610 444 2636 καὶ
452 2610 567 2636 θανάτου
583 2610 629 2637 καὶ
641 2609 714 2645 ζωῆς
728 2610 809 2641 αὐτός
824 2610 882 2636 ἐστι
891 2608 943 2636 Κύ-

156 2654 310 2691 ριος,τοῦτο
319 2654 435 2681 ἐνταῦθα
447 2655 530 2691 δηλοῖ,
547 2655 593 2682 καί
608 2663 674 2691 φησι
688 2655 751 2686 τοὺς
765 2655 805 2686 εἰς
820 2655 865 2682 τὸν
877 2654 942 2690 χοῦν

154 2700 372 2737 ἐπιστρέψαντας
379 2700 431 2727 ὑπὸ
438 2701 484 2727 τοῦ
492 2701 651 2736 Πνεύματος
666 2701 816 2733 κτίζεσθαι,
825 2702 872 2728 καὶ
881 2703 942 2728 ἁνα-

154 2746 324 2779 καινίζεσθαι
340 2747 392 2773 τῶν
405 2746 555 2782 ἀνθρώπων
570 2747 600 2773 τὸ
616 2748 692 2782 γένος
705 2756 711 2762 “
727 2748 744 2783 ἡ
760 2747 812 2782 γὰρ
826 2748 942 2774 ἀνάστα-

155 2800 198 2825 σις
208 2793 248 2824 εἰς
258 2793 288 2818 τὺ
305 2792 417 2828 ἀρχαῖόν
433 2794 507 2818 ἐστιν
527 2793 756 2824 ἀποκατάστασις.
779 2793 941 2828 Ἀποστολὴν

154 2837 183 2865 δὲ
202 2838 280 2865 καλεῖ
293 2838 339 2865 τοῦ
357 2837 514 2874 Πνεύματος
530 2838 579 2874 τὴν
597 2839 664 2874 πρὸς
677 2839 707 2865 τὸ
721 2839 842 2874 ἐνεργεῖν
860 2838 941 2865 αὐτοῦ

154 2885 364 2920 σ’δῖκατάὸασιν,
378 2884 407 2912 οὐ
422 2885 470 2921 τὴν
484 2886 515 2912 ἐκ
529 2885 612 2912 τόπον
627 2886 664 2917 εἰς
680 2886 761 2912 τόπον
775 2885 923 2921 μετάϐασιν
933 2895 940 2902 ·

1001 1599 1028 1625 iu
1054 1599 1186 1633 pulverem
1219 1606 1297 1625 suum
1323 1603 1494 1625 revertentur.
1520 1598 1632 1627 Emittes
1669 1602 1794 1636 spiritum

1003 1648 1119 1676 tuum,et
1130 1643 1300 1676 creabantur,
1316 1647 1340 1670 et
1355 1644 1492 1671 renovabis
1508 1644 1603 1679 faciem
1616 1646 1793 1676 terrmdﬂsti-

1001 1697 1046 1717 mo
1056 1689 1090 1718 de
1103 1690 1261 1717 hominibus
1278 1689 1323 1717 hic
1336 1697 1490 1718 sermonem
1503 1690 1609 1723 haberi,
1627 1699 1659 1719 ac
1671 1700 1793 1728 praesen-

1000 1736 1036 1763 tis
1047 1735 1140 1764 saeculi
1156 1736 1419 1764 consummationem
1435 1736 1575 1772 futurique
1586 1739 1791 1768 renovationem

1000 1780 1043 1808 his
1057 1780 1223 1816 signiﬁcari;
1239 1784 1270 1807 ut
1287 1788 1321 1808 ne
1333 1782 1394 1815 quis
1403 1781 1592 1816 suspicaretur
1601 1782 1683 1818 hujus
1696 1784 1791 1811 mundi

1000 1830 1102 1854 statum
1122 1827 1149 1854 in
1165 1830 1298 1854 aeternum
1312 1834 1473 1854 mansurum
1490 1835 1567 1862 esse;
1586 1829 1635 1856 sed
1652 1837 1727 1864 spem
1740 1831 1789 1858 ha—

999 1872 1127 1900 heremus
1142 1872 1169 1899 in
1187 1872 1254 1899 illud
1271 1879 1372 1899 novum
1396 1873 1537 1904 saeculum,
1555 1881 1587 1900 ac
1610 1876 1790 1903 resurrectio-

999 1926 1062 1946 nem
1077 1926 1158 1953 quam
1174 1926 1264 1946 sermo
1277 1919 1408 1950 declarat,
1426 1927 1487 1946 cum
1505 1923 1682 1955 posteaquam
1707 1921 1787 1954 dixit,

1000 1964 1032 1992 In
1042 1964 1172 1998 pulverem
1188 1972 1265 1991 suum
1279 1969 1448 1996 revertentur,
1461 1965 1583 1999 subjicit,
1598 1965 1709 1992 Emittes
1725 1967 1783 2000 spi-

998 2011 1078 2038 ritum
1091 2016 1164 2037 tuum
1180 2011 1328 2042 viviﬁcum,
1342 2015 1367 2037 et
1380 2010 1550 2043 creabantur,
1567 2019 1600 2038 ex
1614 2015 1685 2038 terra
1699 2020 1789 2040 resur-

998 2061 1104 2093 gentes,
1123 2062 1147 2085 et
1169 2056 1305 2084 renouabis
1328 2056 1423 2091 faciem
1446 2062 1533 2088 terrai,
1556 2057 1786 2092 pulchritudinem

997 2103 1122 2130 videlicet
1136 2107 1224 2134 terrm,
1238 2102 1265 2129 id
1279 2106 1331 2134 est,
1342 2102 1468 2130 homines
1481 2111 1514 2130 ex
1532 2107 1603 2130 terra
1618 2105 1785 2132 elIormatos.

998 2147 1048 2176 Hic
1071 2148 1146 2177 clare
1167 2148 1247 2175 nobis
1267 2148 1511 2181 resurrectionem,
1533 2156 1632 2176 novam
1657 2157 1706 2184 per
1722 2157 1786 2176 san-

997 2194 1151 2222 ctissimum
1168 2193 1300 2229 Spiritum
1318 2194 1413 2226 vitam,
1432 2201 1463 2220 ac
1478 2194 1660 2221 humanorum
1686 2202 1785 2229 corpo-

961 2234 983 2261 Ῑ)
998 2249 1059 2268 rum
1073 2241 1102 2268 in
1114 2240 1266 2267 novissimo
1281 2240 1374 2267 saeculi
1390 2243 1512 2275 tempore
1525 2242 1552 2267 in
1566 2240 1712 2275 pristinam
1730 2240 1785 2268 for-
1824 2273 1828 2276 _

995 2294 1068 2314 mam
1097 2286 1311 2318 restitutionem,
1335 2287 1500 2321 praenuntiat
1518 2295 1524 2312 :
1544 2286 1664 2320 itemque
1682 2287 1784 2322 produ-

995 2331 1113 2359 ctionem
1129 2331 1203 2358 illam
1226 2335 1256 2358 ut
1278 2339 1388 2359 rursum
1407 2331 1580 2358 exsistamus.
1604 2330 1785 2366 Ostenditque

995 2377 1086 2412 ipsum
1102 2384 1164 2404 esse
1184 2380 1212 2404 et
1228 2377 1324 2404 mortis
1338 2382 1364 2404 et
1385 2377 1446 2403 vita:
1466 2375 1622 2405 Dominum.
1644 2376 1704 2403 Non
1726 2379 1784 2405 vult

995 2423 1067 2451 enim
1092 2430 1143 2450 nos
1161 2423 1190 2449 in
1212 2422 1339 2450 tristibus
1363 2430 1540 2457 permanere;
1565 2423 1613 2450 sed
1637 2427 1783 2458 postquam

994 2473 1108 2497 eatenus
1120 2469 1166 2496 illa
1179 2469 1258 2502 dixit,
1275 2473 1413 2504 quatenus
1426 2476 1477 2496 nos
1492 2467 1734 2504 perterrefaceret;
1750 2471 1782 2497 ad

987 2514 1103 2542 'mitiora
1122 2521 1232 2542 rursum
1250 2522 1406 2542 sermonem
1430 2515 1555 2542 reducit:
1571 2519 1598 2542 et
1621 2516 1695 2550 quod
1717 2516 1781 2544 alibi

994 2559 1098 2588 dictum
1112 2563 1164 2593 est,
1179 2561 1309 2596 quoniam
1333 2562 1396 2588 vita:
1417 2564 1444 2588 et
1465 2561 1562 2589 mortis
1578 2562 1636 2597 ipse
1649 2561 1782 2590 Dominus

993 2610 1046 2640 est,
1061 2607 1180 2642 idipsum
1193 2607 1250 2642 jam
1265 2607 1369 2634 indicat
1383 2611 1410 2635 et
1425 2608 1473 2640 ait,
1483 2615 1530 2635 eos
1542 2608 1588 2643 qui
1601 2609 1628 2635 in
1641 2608 1782 2643 pulverem

994 2653 1095 2681 reversi
1104 2657 1168 2681 sunt
1180 2661 1194 2680 a
1209 2652 1311 2689 Spiritu
1321 2653 1503 2685 ereandos,ac
1519 2655 1705 2682 renovandum
1720 2662 1781 2682 esse

994 2707 1079 2734 genus
1095 2700 1244 2727 humanum
1260 2707 1339 2726 :nam
1355 2701 1519 2728 resurrectio
1540 2705 1582 2729 est
1596 2702 1623 2729 in
1634 2701 1781 2737 pristinum

993 2746 1142 2773 restitutio.
1165 2745 1346 2773 Emissionem
1372 2751 1464 2774 autem
1493 2747 1612 2782 Spiritus
1641 2751 1781 2783 nuncupat

993 2791 1054 2827 ejus
1069 2792 1102 2819 ad
1120 2792 1287 2826 operandum
1299 2791 1473 2825 descensum,
1488 2801 1544 2820 non
1563 2801 1627 2821 vero
1651 2794 1781 2821 mutatio-

993 2847 1055 2867 nem
1071 2847 1087 2866 a
1104 2838 1164 2866 loco
1185 2839 1213 2866 in
1229 2838 1330 2871 locum,
1347 2838 1411 2874 quia
1426 2838 1542 2874 Spiritus
1558 2839 1663 2866 Domini
1673 2839 1780 2874 replevit

997 2885 1240 2925 orbem_terrarum,
1259 2895 1272 2914 a
1288 2894 1342 2922 quo
1355 2886 1439 2915 facies
1453 2891 1532 2916 terra:
1562 2891 1719 2917 renOvatur.
1733 2885 1780 2914 Et-
