  <div class='ocr_page' id='page_1' title='image "/cluster/home/n/w/nwhite01/storage/ocr_20150623/23/njp.32101077772505/651.png"; bbox 0 0 2044 3212; ppageno 0'>
   <div class='ocr_carea' id='block_1_1' title="bbox 266 170 334 198">
    <p class='ocr_par' dir='ltr' id='par_1_1' title="bbox 266 170 334 198">
     <span class='ocr_line' id='line_1_1' title="bbox 266 170 334 198; baseline -0.015 0"><span class='ocrx_word' id='word_1_1' title='bbox 266 170 334 198; x_wconf 70' lang='grc'><strong>1287</strong></span> 
     </span>
    </p>
   </div>
   <div class='ocr_carea' id='block_1_2' title="bbox 581 164 1522 195">
    <p class='ocr_par' dir='ltr' id='par_1_2' title="bbox 581 164 1522 195">
     <span class='ocr_line' id='line_1_2' title="bbox 581 164 1522 195; baseline -0.002 0"><span class='ocrx_word' id='word_1_2' title='bbox 581 167 713 195; x_wconf 82' lang='lat' dir='ltr'><strong>EUSEBII</strong></span> <span class='ocrx_word' id='word_1_3' title='bbox 733 165 970 194; x_wconf 64' lang='lat' dir='ltr'><strong>CJESARIENSIS</strong></span> <span class='ocrx_word' id='word_1_4' title='bbox 989 165 1064 194; x_wconf 84' lang='lat' dir='ltr'><strong>OPP.</strong></span> <span class='ocrx_word' id='word_1_5' title='bbox 1092 165 1182 193; x_wconf 79' lang='lat' dir='ltr'><strong>PARS</strong></span> <span class='ocrx_word' id='word_1_6' title='bbox 1202 165 1245 193; x_wconf 86' lang='lat' dir='ltr'><strong>III.</strong></span> <span class='ocrx_word' id='word_1_7' title='bbox 1266 180 1300 185; x_wconf 94' lang='lat'><strong>—</strong></span> <span class='ocrx_word' id='word_1_8' title='bbox 1321 164 1522 194; x_wconf 63' lang='lat' dir='ltr'><strong>EXEGETICA&#39;.</strong></span> 
     </span>
    </p>
   </div>
   <div class='ocr_carea' id='block_1_3' title="bbox 1811 166 1879 194">
    <p class='ocr_par' dir='ltr' id='par_1_3' title="bbox 1811 166 1879 194">
     <span class='ocr_line' id='line_1_3' title="bbox 1811 166 1879 194; baseline 0.029 -2"><span class='ocrx_word' id='word_1_9' title='bbox 1811 166 1879 194; x_wconf 67' lang='grc'><strong>1288</strong></span> 
     </span>
    </p>
   </div>
   <div class='ocr_carea' id='block_1_4' title="bbox 264 223 1045 261">
    <p class='ocr_par' dir='ltr' id='par_1_4' title="bbox 264 225 1045 261">
     <span class='ocr_line' id='line_1_4' title="bbox 264 225 1045 261; baseline -0.006 -5"><span class='ocrx_word' id='word_1_10' title='bbox 264 230 336 257; x_wconf 89' lang='lat' dir='ltr'><strong>enim</strong></span> <span class='ocrx_word' id='word_1_11' title='bbox 346 228 402 255; x_wconf 72' lang='lat' dir='ltr'><strong>luec</strong></span> <span class='ocrx_word' id='word_1_12' title='bbox 410 230 451 254; x_wconf 86' lang='lat' dir='ltr'><strong>est</strong></span> <span class='ocrx_word' id='word_1_13' title='bbox 463 231 541 254; x_wconf 66' lang='lat' dir='ltr'><strong>terra</strong></span> <span class='ocrx_word' id='word_1_14' title='bbox 557 226 741 261; x_wconf 85' lang='lat' dir='ltr'><strong>puichritudo,</strong></span> <span class='ocrx_word' id='word_1_15' title='bbox 755 225 884 252; x_wconf 79' lang='lat' dir='ltr'><strong>animalia</strong></span> <span class='ocrx_word' id='word_1_16' title='bbox 899 232 959 260; x_wconf 68' lang='lat' dir='ltr'><strong>quae</strong></span> <span class='ocrx_word' id='word_1_17' title='bbox 974 225 1001 252; x_wconf 89' lang='lat' dir='ltr'><strong>in</strong></span> <span class='ocrx_word' id='word_1_18' title='bbox 1014 232 1045 251; x_wconf 83' lang='lat' dir='ltr'><strong>ea</strong></span> 
     </span>
    </p>
   </div>
   <div class='ocr_carea' id='block_1_5' title="bbox 1097 223 1879 261">
    <p class='ocr_par' dir='ltr' id='par_1_5' title="bbox 1097 223 1879 259">
     <span class='ocr_line' id='line_1_5' title="bbox 1097 223 1879 259; baseline 0 -9"><span class='ocrx_word' id='word_1_19' title='bbox 1097 224 1137 250; x_wconf 84' lang='grc' dir='ltr'><strong>ὅτι</strong></span> <span class='ocrx_word' id='word_1_20' title='bbox 1156 224 1277 259; x_wconf 79' lang='grc' dir='ltr'><strong>Πνεῦμα</strong></span> <span class='ocrx_word' id='word_1_21' title='bbox 1293 224 1404 259; x_wconf 80' lang='grc' dir='ltr'><strong>Κυρίου</strong></span> <span class='ocrx_word' id='word_1_22' title='bbox 1426 223 1602 258; x_wconf 73' lang='grc' dir='ltr'><strong>πεπλήρωκε</strong></span> <span class='ocrx_word' id='word_1_23' title='bbox 1619 223 1675 258; x_wconf 78' lang='grc' dir='ltr'><strong>τὴν</strong></span> <span class='ocrx_word' id='word_1_24' title='bbox 1690 223 1879 258; x_wconf 76' lang='grc' dir='ltr'><strong>οιιιουμένην,</strong></span> 
     </span>
    </p>
   </div>
   <div class='ocr_carea' id='block_1_6' title="bbox 266 269 1044 308">
    <p class='ocr_par' dir='ltr' id='par_1_6' title="bbox 266 269 1044 308">
     <span class='ocr_line' id='line_1_6' title="bbox 266 269 1044 308; baseline -0.008 -6"><span class='ocrx_word' id='word_1_25' title='bbox 266 279 339 306; x_wconf 86' lang='lat' dir='ltr'><strong>sunt,</strong></span> <span class='ocrx_word' id='word_1_26' title='bbox 362 274 471 308; x_wconf 69' lang='lat' dir='ltr'><strong>plantre.</strong></span> <span class='ocrx_word' id='word_1_27' title='bbox 496 276 523 299; x_wconf 87' lang='lat' dir='ltr'><strong>et</strong></span> <span class='ocrx_word' id='word_1_28' title='bbox 548 272 688 300; x_wconf 87' lang='lat' dir='ltr'><strong>hominum</strong></span> <span class='ocrx_word' id='word_1_29' title='bbox 709 279 804 306; x_wconf 87' lang='lat' dir='ltr'><strong>genus.</strong></span> <span class='ocrx_word' id='word_1_30' title='bbox 828 269 863 298; x_wconf 88' lang='lat' dir='ltr'><strong>Ut</strong></span> <span class='ocrx_word' id='word_1_31' title='bbox 884 276 973 297; x_wconf 79' lang='lat' dir='ltr'><strong>autem</strong></span> <span class='ocrx_word' id='word_1_32' title='bbox 1001 271 1044 296; x_wconf 89' lang='lat' dir='ltr'><strong>illa</strong></span> 
     </span>
    </p>
   </div>
   <div class='ocr_carea' id='block_1_7' title="bbox 265 316 1045 351">
    <p class='ocr_par' dir='ltr' id='par_1_7' title="bbox 265 316 1045 351">
     <span class='ocr_line' id='line_1_7' title="bbox 265 316 1045 351; baseline -0.008 -4"><span class='ocrx_word' id='word_1_33' title='bbox 265 321 477 349; x_wconf 84' lang='lat' dir='ltr'><strong>constituantur.</strong></span> <span class='ocrx_word' id='word_1_34' title='bbox 495 318 648 345; x_wconf 85' lang='lat' dir='ltr'><strong>necessaria</strong></span> <span class='ocrx_word' id='word_1_35' title='bbox 666 322 707 344; x_wconf 85' lang='lat' dir='ltr'><strong>est</strong></span> <span class='ocrx_word' id='word_1_36' title='bbox 721 316 833 351; x_wconf 85' lang='lat' dir='ltr'><strong>spiralio</strong></span> <span class='ocrx_word' id='word_1_37' title='bbox 844 320 870 343; x_wconf 89' lang='lat' dir='ltr'><strong>et</strong></span> <span class='ocrx_word' id='word_1_38' title='bbox 883 317 935 342; x_wconf 73' lang='lat' dir='ltr'><strong>vita</strong></span> <span class='ocrx_word' id='word_1_39' title='bbox 952 317 985 343; x_wconf 80' lang='lat' dir='ltr'><strong>ab</strong></span> <span class='ocrx_word' id='word_1_40' title='bbox 1001 316 1045 342; x_wconf 82' lang='lat' dir='ltr'><strong>illa</strong></span> 
     </span>
    </p>
   </div>
   <div class='ocr_carea' id='block_1_8' title="bbox 265 361 1045 400">
    <p class='ocr_par' dir='ltr' id='par_1_8' title="bbox 265 361 1045 400">
     <span class='ocr_line' id='line_1_8' title="bbox 265 361 1045 400; baseline -0.008 -7"><span class='ocrx_word' id='word_1_41' title='bbox 265 367 337 397; x_wconf 80' lang='lat' dir='ltr'><strong>data,</strong></span> <span class='ocrx_word' id='word_1_42' title='bbox 361 374 442 400; x_wconf 88' lang='lat' dir='ltr'><strong>quam</strong></span> <span class='ocrx_word' id='word_1_43' title='bbox 457 370 483 392; x_wconf 87' lang='lat' dir='ltr'><strong>et</strong></span> <span class='ocrx_word' id='word_1_44' title='bbox 500 365 565 391; x_wconf 84' lang='lat' dir='ltr'><strong>dare</strong></span> <span class='ocrx_word' id='word_1_45' title='bbox 587 368 613 390; x_wconf 89' lang='lat' dir='ltr'><strong>et</strong></span> <span class='ocrx_word' id='word_1_46' title='bbox 628 363 750 397; x_wconf 85' lang='lat' dir='ltr'><strong>accipere</strong></span> <span class='ocrx_word' id='word_1_47' title='bbox 773 362 822 397; x_wconf 87' lang='lat' dir='ltr'><strong>ipsi</strong></span> <span class='ocrx_word' id='word_1_48' title='bbox 848 361 977 396; x_wconf 79' lang='lat' dir='ltr'><strong>perfacile</strong></span> <span class='ocrx_word' id='word_1_49' title='bbox 993 366 1045 394; x_wconf 76' lang='lat' dir='ltr'><strong>est,</strong></span> 
     </span>
    </p>
   </div>
   <div class='ocr_carea' id='block_1_9' title="bbox 266 407 1043 446">
    <p class='ocr_par' dir='ltr' id='par_1_9' title="bbox 266 407 1043 446">
     <span class='ocr_line' id='line_1_9' title="bbox 266 407 1043 446; baseline -0.008 -8"><span class='ocrx_word' id='word_1_50' title='bbox 266 417 344 446; x_wconf 75' lang='lat' dir='ltr'><strong>atque</strong></span> <span class='ocrx_word' id='word_1_51' title='bbox 359 412 415 437; x_wconf 72' lang='lat' dir='ltr'><strong>lucc</strong></span> <span class='ocrx_word' id='word_1_52' title='bbox 430 410 520 437; x_wconf 86' lang='lat' dir='ltr'><strong>omnia</strong></span> <span class='ocrx_word' id='word_1_53' title='bbox 535 412 647 444; x_wconf 85' lang='lat' dir='ltr'><strong>rcpcntc</strong></span> <span class='ocrx_word' id='word_1_54' title='bbox 659 416 689 434; x_wconf 87' lang='lat' dir='ltr'><strong>ac</strong></span> <span class='ocrx_word' id='word_1_55' title='bbox 705 408 780 434; x_wconf 87' lang='lat' dir='ltr'><strong>nullo</strong></span> <span class='ocrx_word' id='word_1_56' title='bbox 796 407 903 442; x_wconf 74' lang='lat' dir='ltr'><strong>negotio</strong></span> <span class='ocrx_word' id='word_1_57' title='bbox 921 407 1024 441; x_wconf 76' lang='lat' dir='ltr'><strong>peragit</strong></span> <span class='ocrx_word' id='word_1_58' title='bbox 1039 416 1043 432; x_wconf 90' lang='lat'><strong>:</strong></span> 
     </span>
    </p>
   </div>
   <div class='ocr_carea' id='block_1_10' title="bbox 266 454 1045 487">
    <p class='ocr_par' dir='ltr' id='par_1_10' title="bbox 266 454 1045 487">
     <span class='ocr_line' id='line_1_10' title="bbox 266 454 1045 487; baseline -0.008 -4"><span class='ocrx_word' id='word_1_59' title='bbox 266 459 290 483; x_wconf 86' lang='lat' dir='ltr'><strong>id</strong></span> <span class='ocrx_word' id='word_1_60' title='bbox 306 458 377 483; x_wconf 71' lang='lat' dir='ltr'><strong>enim</strong></span> <span class='ocrx_word' id='word_1_61' title='bbox 403 457 444 483; x_wconf 80' lang='lat' dir='ltr'><strong>vel</strong></span> <span class='ocrx_word' id='word_1_62' title='bbox 470 456 617 482; x_wconf 80' lang='lat' dir='ltr'><strong>maxinuun</strong></span> <span class='ocrx_word' id='word_1_63' title='bbox 643 459 683 481; x_wconf 76' lang='lat' dir='ltr'><strong>est</strong></span> <span class='ocrx_word' id='word_1_64' title='bbox 701 454 808 480; x_wconf 73' lang='lat' dir='ltr'><strong>virtutis</strong></span> <span class='ocrx_word' id='word_1_65' title='bbox 825 454 884 487; x_wconf 74' lang='lat' dir='ltr'><strong>ejus</strong></span> <span class='ocrx_word' id='word_1_66' title='bbox 904 460 1045 487; x_wconf 75' lang='lat' dir='ltr'><strong>argumen-</strong></span> 
     </span>
    </p>
   </div>
   <div class='ocr_carea' id='block_1_11' title="bbox 266 497 1044 533">
    <p class='ocr_par' dir='ltr' id='par_1_11' title="bbox 266 497 1044 533">
     <span class='ocr_line' id='line_1_11' title="bbox 266 497 1044 533; baseline -0.005 -7"><span class='ocrx_word' id='word_1_67' title='bbox 266 506 332 527; x_wconf 73' lang='lat' dir='ltr'><strong>tum.</strong></span> <span class='ocrx_word' id='word_1_68' title='bbox 354 500 436 526; x_wconf 78' lang='lat' dir='ltr'><strong>Vides</strong></span> <span class='ocrx_word' id='word_1_69' title='bbox 457 499 538 526; x_wconf 87' lang='lat' dir='ltr'><strong>etiam</strong></span> <span class='ocrx_word' id='word_1_70' title='bbox 553 500 579 525; x_wconf 88' lang='lat' dir='ltr'><strong>in</strong></span> <span class='ocrx_word' id='word_1_71' title='bbox 598 498 721 533; x_wconf 73' lang='lat' dir='ltr'><strong>praesenti</strong></span> <span class='ocrx_word' id='word_1_72' title='bbox 739 498 791 523; x_wconf 76' lang='lat' dir='ltr'><strong>vita</strong></span> <span class='ocrx_word' id='word_1_73' title='bbox 808 497 1044 528; x_wconf 77' lang='lat' dir='ltr'><strong>resurrectionem,</strong></span> 
     </span>
    </p>
   </div>
   <div class='ocr_carea' id='block_1_12' title="bbox 266 543 1045 579">
    <p class='ocr_par' dir='ltr' id='par_1_12' title="bbox 266 543 1045 579">
     <span class='ocr_line' id='line_1_12' title="bbox 266 543 1045 579; baseline -0.005 -7"><span class='ocrx_word' id='word_1_74' title='bbox 266 547 291 572; x_wconf 90' lang='lat' dir='ltr'><strong>in</strong></span> <span class='ocrx_word' id='word_1_75' title='bbox 311 546 475 576; x_wconf 79' lang='lat' dir='ltr'><strong>seminibus,</strong></span> <span class='ocrx_word' id='word_1_76' title='bbox 498 544 524 571; x_wconf 93' lang='lat' dir='ltr'><strong>in</strong></span> <span class='ocrx_word' id='word_1_77' title='bbox 545 544 654 579; x_wconf 81' lang='lat' dir='ltr'><strong>plantis,</strong></span> <span class='ocrx_word' id='word_1_78' title='bbox 675 548 754 577; x_wconf 84' lang='lat' dir='ltr'><strong>atque</strong></span> <span class='ocrx_word' id='word_1_79' title='bbox 774 544 799 569; x_wconf 91' lang='lat' dir='ltr'><strong>in</strong></span> <span class='ocrx_word' id='word_1_80' title='bbox 825 544 883 577; x_wconf 83' lang='lat' dir='ltr'><strong>ipso</strong></span> <span class='ocrx_word' id='word_1_81' title='bbox 907 543 1045 569; x_wconf 84' lang='lat' dir='ltr'><strong>hominum</strong></span> 
     </span>
    </p>
   </div>
   <div class='ocr_carea' id='block_1_13' title="bbox 267 589 1046 628">
    <p class='ocr_par' dir='ltr' id='par_1_13' title="bbox 267 589 1046 628">
     <span class='ocr_line' id='line_1_13' title="bbox 267 589 1046 628; baseline -0.006 -8"><span class='ocrx_word' id='word_1_82' title='bbox 267 601 364 628; x_wconf 74' lang='lat' dir='ltr'><strong>genere</strong></span> <span class='ocrx_word' id='word_1_83' title='bbox 382 599 537 627; x_wconf 82' lang='lat' dir='ltr'><strong>expressam</strong></span> <span class='ocrx_word' id='word_1_84' title='bbox 559 591 591 616; x_wconf 91' lang='lat' dir='ltr'><strong>ad</strong></span> <span class='ocrx_word' id='word_1_85' title='bbox 612 590 803 617; x_wconf 72' lang='lat' dir='ltr'><strong>meditandum.</strong></span> <span class='ocrx_word' id='word_1_86' title='bbox 829 590 966 624; x_wconf 73' lang='lat' dir='ltr'><strong>Siquidem</strong></span> <span class='ocrx_word' id='word_1_87' title='bbox 988 589 1046 616; x_wconf 82' lang='lat' dir='ltr'><strong>ani—</strong></span> 
     </span>
    </p>
   </div>
   <div class='ocr_carea' id='block_1_14' title="bbox 267 637 1044 673">
    <p class='ocr_par' dir='ltr' id='par_1_14' title="bbox 267 637 1044 673">
     <span class='ocr_line' id='line_1_14' title="bbox 267 637 1044 673; baseline -0.005 -7"><span class='ocrx_word' id='word_1_88' title='bbox 267 640 347 666; x_wconf 86' lang='lat' dir='ltr'><strong>malia</strong></span> <span class='ocrx_word' id='word_1_89' title='bbox 364 643 389 666; x_wconf 84' lang='lat' dir='ltr'><strong>et</strong></span> <span class='ocrx_word' id='word_1_90' title='bbox 407 639 503 673; x_wconf 62' lang='lat' dir='ltr'><strong>plantae</strong></span> <span class='ocrx_word' id='word_1_91' title='bbox 519 642 665 664; x_wconf 79' lang='lat' dir='ltr'><strong>extremam</strong></span> <span class='ocrx_word' id='word_1_92' title='bbox 686 637 746 663; x_wconf 67' lang='lat' dir='ltr'><strong>vita:</strong></span> <span class='ocrx_word' id='word_1_93' title='bbox 762 638 893 663; x_wconf 87' lang='lat' dir='ltr'><strong>rationem</strong></span> <span class='ocrx_word' id='word_1_94' title='bbox 911 637 1044 667; x_wconf 85' lang='lat' dir='ltr'><strong>obtinent,</strong></span> 
     </span>
    </p>
   </div>
   <div class='ocr_carea' id='block_1_15' title="bbox 266 683 1046 720">
    <p class='ocr_par' dir='ltr' id='par_1_15' title="bbox 266 683 1046 720">
     <span class='ocr_line' id='line_1_15' title="bbox 266 683 1046 720; baseline -0.004 -9"><span class='ocrx_word' id='word_1_95' title='bbox 266 693 317 720; x_wconf 89' lang='lat' dir='ltr'><strong>qua</strong></span> <span class='ocrx_word' id='word_1_96' title='bbox 334 685 450 716; x_wconf 80' lang='lat' dir='ltr'><strong>sublata,</strong></span> <span class='ocrx_word' id='word_1_97' title='bbox 465 688 494 710; x_wconf 92' lang='lat' dir='ltr'><strong>ut</strong></span> <span class='ocrx_word' id='word_1_98' title='bbox 508 683 608 710; x_wconf 80' lang='lat' dir='ltr'><strong>dictum</strong></span> <span class='ocrx_word' id='word_1_99' title='bbox 624 686 675 713; x_wconf 79' lang='lat' dir='ltr'><strong>cst,</strong></span> <span class='ocrx_word' id='word_1_100' title='bbox 690 686 744 709; x_wconf 90' lang='lat' dir='ltr'><strong>tota</strong></span> <span class='ocrx_word' id='word_1_101' title='bbox 763 684 814 709; x_wconf 83' lang='lat' dir='ltr'><strong>vita</strong></span> <span class='ocrx_word' id='word_1_102' title='bbox 830 683 919 709; x_wconf 79' lang='lat' dir='ltr'><strong>deficit</strong></span> <span class='ocrx_word' id='word_1_103' title='bbox 934 692 939 709; x_wconf 87' lang='lat'>:</span> <span class='ocrx_word' id='word_1_104' title='bbox 952 686 1046 717; x_wconf 68' lang='lat' dir='ltr'><strong>etqua:</strong></span> 
     </span>
    </p>
   </div>
   <div class='ocr_carea' id='block_1_16' title="bbox 265 729 1045 764">
    <p class='ocr_par' dir='ltr' id='par_1_16' title="bbox 265 729 1045 764">
     <span class='ocr_line' id='line_1_16' title="bbox 265 729 1045 764; baseline -0.005 -6"><span class='ocrx_word' id='word_1_105' title='bbox 265 731 372 758; x_wconf 85' lang='lat' dir='ltr'><strong>residua</strong></span> <span class='ocrx_word' id='word_1_106' title='bbox 388 734 461 761; x_wconf 90' lang='lat' dir='ltr'><strong>sunt,</strong></span> <span class='ocrx_word' id='word_1_107' title='bbox 480 730 549 764; x_wconf 81' lang='lat' dir='ltr'><strong>quod</strong></span> <span class='ocrx_word' id='word_1_108' title='bbox 569 738 622 763; x_wconf 73' lang='lat' dir='ltr'><strong>pra:</strong></span> <span class='ocrx_word' id='word_1_109' title='bbox 647 729 802 756; x_wconf 82' lang='lat' dir='ltr'><strong>inﬁrmitate</strong></span> <span class='ocrx_word' id='word_1_110' title='bbox 826 729 906 755; x_wconf 82' lang='lat' dir='ltr'><strong>vitam</strong></span> <span class='ocrx_word' id='word_1_111' title='bbox 933 736 1045 755; x_wconf 86' lang='lat' dir='ltr'><strong>conser-</strong></span> 
     </span>
    </p>
   </div>
   <div class='ocr_carea' id='block_1_17' title="bbox 264 775 1044 811">
    <p class='ocr_par' dir='ltr' id='par_1_17' title="bbox 264 775 1044 811">
     <span class='ocr_line' id='line_1_17' title="bbox 264 775 1044 811; baseline -0.005 -7"><span class='ocrx_word' id='word_1_112' title='bbox 264 785 328 804; x_wconf 78' lang='lat' dir='ltr'><strong>vare</strong></span> <span class='ocrx_word' id='word_1_113' title='bbox 343 785 396 804; x_wconf 91' lang='lat' dir='ltr'><strong>non</strong></span> <span class='ocrx_word' id='word_1_114' title='bbox 422 777 535 811; x_wconf 82' lang='lat' dir='ltr'><strong>possint,</strong></span> <span class='ocrx_word' id='word_1_115' title='bbox 553 776 585 802; x_wconf 91' lang='lat' dir='ltr'><strong>ad</strong></span> <span class='ocrx_word' id='word_1_116' title='bbox 609 783 691 802; x_wconf 92' lang='lat' dir='ltr'><strong>unum</strong></span> <span class='ocrx_word' id='word_1_117' title='bbox 711 780 738 802; x_wconf 88' lang='lat' dir='ltr'><strong>et</strong></span> <span class='ocrx_word' id='word_1_118' title='bbox 764 775 833 801; x_wconf 85' lang='lat' dir='ltr'><strong>idem</strong></span> <span class='ocrx_word' id='word_1_119' title='bbox 855 778 1044 806; x_wconf 80' lang='lat' dir='ltr'><strong>revertuntur;</strong></span> 
     </span>
    </p>
   </div>
   <div class='ocr_carea' id='block_1_18' title="bbox 264 820 1044 855">
    <p class='ocr_par' dir='ltr' id='par_1_18' title="bbox 264 820 1044 855">
     <span class='ocr_line' id='line_1_18' title="bbox 264 820 1044 855; baseline -0.006 -5"><span class='ocrx_word' id='word_1_120' title='bbox 264 831 295 850; x_wconf 88' lang='lat' dir='ltr'><strong>ac</strong></span> <span class='ocrx_word' id='word_1_121' title='bbox 319 830 415 849; x_wconf 86' lang='lat' dir='ltr'><strong>rursus</strong></span> <span class='ocrx_word' id='word_1_122' title='bbox 436 822 562 848; x_wconf 85' lang='lat' dir='ltr'><strong>animalia</strong></span> <span class='ocrx_word' id='word_1_123' title='bbox 589 821 665 847; x_wconf 83' lang='lat' dir='ltr'><strong>liunt.</strong></span> <span class='ocrx_word' id='word_1_124' title='bbox 687 820 818 855; x_wconf 80' lang='lat' dir='ltr'><strong>Quodque</strong></span> <span class='ocrx_word' id='word_1_125' title='bbox 845 820 1044 846; x_wconf 86' lang='lat' dir='ltr'><strong>divinissimum</strong></span> 
     </span>
    </p>
   </div>
   <div class='ocr_carea' id='block_1_19' title="bbox 265 865 1046 901">
    <p class='ocr_par' dir='ltr' id='par_1_19' title="bbox 265 865 1046 901">
     <span class='ocr_line' id='line_1_19' title="bbox 265 865 1046 901; baseline -0.008 -4"><span class='ocrx_word' id='word_1_126' title='bbox 265 875 316 901; x_wconf 89' lang='lat' dir='ltr'><strong>est,</strong></span> <span class='ocrx_word' id='word_1_127' title='bbox 332 877 382 896; x_wconf 87' lang='lat' dir='ltr'><strong>nos</strong></span> <span class='ocrx_word' id='word_1_128' title='bbox 404 877 435 895; x_wconf 84' lang='lat' dir='ltr'><strong>ex</strong></span> <span class='ocrx_word' id='word_1_129' title='bbox 452 872 520 899; x_wconf 88' lang='lat' dir='ltr'><strong>toto,</strong></span> <span class='ocrx_word' id='word_1_130' title='bbox 536 867 661 894; x_wconf 84' lang='lat' dir='ltr'><strong>videlicet</strong></span> <span class='ocrx_word' id='word_1_131' title='bbox 679 867 784 893; x_wconf 84' lang='lat' dir='ltr'><strong>animas</strong></span> <span class='ocrx_word' id='word_1_132' title='bbox 799 870 824 893; x_wconf 85' lang='lat' dir='ltr'><strong>et</strong></span> <span class='ocrx_word' id='word_1_133' title='bbox 847 866 912 901; x_wconf 82' lang='lat' dir='ltr'><strong>ipsis</strong></span> <span class='ocrx_word' id='word_1_134' title='bbox 930 865 1046 899; x_wconf 82' lang='lat' dir='ltr'><strong>conjun-</strong></span> 
     </span>
    </p>
   </div>
   <div class='ocr_carea' id='block_1_20' title="bbox 265 912 1048 948">
    <p class='ocr_par' dir='ltr' id='par_1_20' title="bbox 265 912 1048 948">
     <span class='ocr_line' id='line_1_20' title="bbox 265 912 1048 948; baseline -0.005 -7"><span class='ocrx_word' id='word_1_135' title='bbox 265 920 307 942; x_wconf 82' lang='lat' dir='ltr'><strong>cta</strong></span> <span class='ocrx_word' id='word_1_136' title='bbox 324 921 447 948; x_wconf 78' lang='lat' dir='ltr'><strong>corpora,</strong></span> <span class='ocrx_word' id='word_1_137' title='bbox 463 913 495 939; x_wconf 90' lang='lat' dir='ltr'><strong>ad</strong></span> <span class='ocrx_word' id='word_1_138' title='bbox 514 912 695 939; x_wconf 92' lang='lat' dir='ltr'><strong>omnimodam</strong></span> <span class='ocrx_word' id='word_1_139' title='bbox 719 912 799 938; x_wconf 69' lang='lat' dir='ltr'><strong>vitam</strong></span> <span class='ocrx_word' id='word_1_140' title='bbox 816 916 842 939; x_wconf 90' lang='lat' dir='ltr'><strong>et</strong></span> <span class='ocrx_word' id='word_1_141' title='bbox 860 912 1048 938; x_wconf 75' lang='lat' dir='ltr'><strong>immortalita-</strong></span> 
     </span>
    </p>
   </div>
   <div class='ocr_carea' id='block_1_21' title="bbox 265 958 1045 992">
    <p class='ocr_par' dir='ltr' id='par_1_21' title="bbox 265 958 1045 992">
     <span class='ocr_line' id='line_1_21' title="bbox 265 958 1045 992; baseline -0.005 -5"><span class='ocrx_word' id='word_1_142' title='bbox 265 966 318 988; x_wconf 90' lang='lat' dir='ltr'><strong>tem</strong></span> <span class='ocrx_word' id='word_1_143' title='bbox 334 959 539 987; x_wconf 81' lang='lat' dir='ltr'><strong>transferendos</strong></span> <span class='ocrx_word' id='word_1_144' title='bbox 551 966 610 985; x_wconf 88' lang='lat' dir='ltr'><strong>esse</strong></span> <span class='ocrx_word' id='word_1_145' title='bbox 626 958 651 984; x_wconf 91' lang='lat' dir='ltr'><strong>in</strong></span> <span class='ocrx_word' id='word_1_146' title='bbox 670 958 812 992; x_wconf 89' lang='lat' dir='ltr'><strong>promissis</strong></span> <span class='ocrx_word' id='word_1_147' title='bbox 823 958 970 985; x_wconf 78' lang='lat' dir='ltr'><strong>habemus:</strong></span> <span class='ocrx_word' id='word_1_148' title='bbox 986 965 1045 991; x_wconf 73' lang='lat' dir='ltr'><strong>qure</strong></span> 
     </span>
    </p>
   </div>
   <div class='ocr_carea' id='block_1_22' title="bbox 264 1003 1045 1039">
    <p class='ocr_par' dir='ltr' id='par_1_22' title="bbox 264 1003 1045 1039">
     <span class='ocr_line' id='line_1_22' title="bbox 264 1003 1045 1039; baseline -0.006 -5"><span class='ocrx_word' id='word_1_149' title='bbox 264 1015 308 1034; x_wconf 85' lang='lat' dir='ltr'><strong>res</strong></span> <span class='ocrx_word' id='word_1_150' title='bbox 331 1014 395 1033; x_wconf 88' lang='lat' dir='ltr'><strong>sane</strong></span> <span class='ocrx_word' id='word_1_151' title='bbox 418 1005 539 1039; x_wconf 85' lang='lat' dir='ltr'><strong>antiquis</strong></span> <span class='ocrx_word' id='word_1_152' title='bbox 563 1008 658 1039; x_wconf 68' lang='lat' dir='ltr'><strong>praeter</strong></span> <span class='ocrx_word' id='word_1_153' title='bbox 675 1009 799 1030; x_wconf 82' lang='lat' dir='ltr'><strong>naturam</strong></span> <span class='ocrx_word' id='word_1_154' title='bbox 821 1012 881 1031; x_wconf 88' lang='lat' dir='ltr'><strong>esse</strong></span> <span class='ocrx_word' id='word_1_155' title='bbox 900 1003 969 1030; x_wconf 82' lang='lat' dir='ltr'><strong>forte</strong></span> <span class='ocrx_word' id='word_1_156' title='bbox 987 1004 1045 1030; x_wconf 83' lang='lat' dir='ltr'><strong>visa</strong></span> 
     </span>
    </p>
   </div>
   <div class='ocr_carea' id='block_1_23' title="bbox 264 1049 1044 1083">
    <p class='ocr_par' dir='ltr' id='par_1_23' title="bbox 264 1049 1044 1083">
     <span class='ocr_line' id='line_1_23' title="bbox 264 1049 1044 1083; baseline -0.005 -5"><span class='ocrx_word' id='word_1_157' title='bbox 264 1051 345 1078; x_wconf 71' lang='lat' dir='ltr'><strong>ﬁxerit</strong></span> <span class='ocrx_word' id='word_1_158' title='bbox 360 1058 367 1076; x_wconf 88' lang='lat'><strong>:</strong></span> <span class='ocrx_word' id='word_1_159' title='bbox 383 1058 414 1077; x_wconf 89' lang='lat' dir='ltr'><strong>ac</strong></span> <span class='ocrx_word' id='word_1_160' title='bbox 436 1057 529 1076; x_wconf 76' lang='lat' dir='ltr'><strong>revera</strong></span> <span class='ocrx_word' id='word_1_161' title='bbox 547 1052 572 1074; x_wconf 89' lang='lat' dir='ltr'><strong>et</strong></span> <span class='ocrx_word' id='word_1_162' title='bbox 586 1049 705 1075; x_wconf 83' lang='lat' dir='ltr'><strong>divinum</strong></span> <span class='ocrx_word' id='word_1_163' title='bbox 718 1056 786 1083; x_wconf 88' lang='lat' dir='ltr'><strong>opus</strong></span> <span class='ocrx_word' id='word_1_164' title='bbox 801 1053 843 1075; x_wconf 87' lang='lat' dir='ltr'><strong>est</strong></span> <span class='ocrx_word' id='word_1_165' title='bbox 859 1052 884 1075; x_wconf 86' lang='lat' dir='ltr'><strong>et</strong></span> <span class='ocrx_word' id='word_1_166' title='bbox 898 1056 979 1083; x_wconf 88' lang='lat' dir='ltr'><strong>supra</strong></span> <span class='ocrx_word' id='word_1_167' title='bbox 997 1056 1044 1074; x_wconf 88' lang='lat' dir='ltr'><strong>na-</strong></span> 
     </span>
    </p>
   </div>
   <div class='ocr_carea' id='block_1_24' title="bbox 263 1094 1046 1129">
    <p class='ocr_par' dir='ltr' id='par_1_24' title="bbox 263 1094 1046 1129">
     <span class='ocr_line' id='line_1_24' title="bbox 263 1094 1046 1129; baseline -0.005 -6"><span class='ocrx_word' id='word_1_168' title='bbox 263 1101 368 1129; x_wconf 86' lang='lat' dir='ltr'><strong>turam;</strong></span> <span class='ocrx_word' id='word_1_169' title='bbox 384 1100 518 1125; x_wconf 83' lang='lat' dir='ltr'><strong>naturam,</strong></span> <span class='ocrx_word' id='word_1_170' title='bbox 539 1094 659 1128; x_wconf 86' lang='lat' dir='ltr'><strong>inquam,</strong></span> <span class='ocrx_word' id='word_1_171' title='bbox 677 1099 808 1125; x_wconf 86' lang='lat' dir='ltr'><strong>nostram,</strong></span> <span class='ocrx_word' id='word_1_172' title='bbox 825 1102 877 1120; x_wconf 93' lang='lat' dir='ltr'><strong>non</strong></span> <span class='ocrx_word' id='word_1_173' title='bbox 893 1102 957 1120; x_wconf 75' lang='lat' dir='ltr'><strong>vero</strong></span> <span class='ocrx_word' id='word_1_174' title='bbox 974 1094 1046 1120; x_wconf 81' lang='lat' dir='ltr'><strong>illam</strong></span> 
     </span>
    </p>
   </div>
   <div class='ocr_carea' id='block_1_25' title="bbox 263 1139 1047 1175">
    <p class='ocr_par' dir='ltr' id='par_1_25' title="bbox 263 1139 1047 1175">
     <span class='ocr_line' id='line_1_25' title="bbox 263 1139 1047 1175; baseline -0.006 -5"><span class='ocrx_word' id='word_1_175' title='bbox 263 1144 337 1171; x_wconf 92' lang='lat' dir='ltr'><strong>omni</strong></span> <span class='ocrx_word' id='word_1_176' title='bbox 351 1143 451 1168; x_wconf 79' lang='lat' dir='ltr'><strong>virtute</strong></span> <span class='ocrx_word' id='word_1_177' title='bbox 471 1141 595 1175; x_wconf 84' lang='lat' dir='ltr'><strong>plenam:</strong></span> <span class='ocrx_word' id='word_1_178' title='bbox 615 1139 677 1166; x_wconf 87' lang='lat' dir='ltr'><strong>huic</strong></span> <span class='ocrx_word' id='word_1_179' title='bbox 695 1140 765 1166; x_wconf 85' lang='lat' dir='ltr'><strong>enim</strong></span> <span class='ocrx_word' id='word_1_180' title='bbox 791 1139 864 1166; x_wconf 86' lang='lat' dir='ltr'><strong>nulla</strong></span> <span class='ocrx_word' id='word_1_181' title='bbox 882 1139 935 1165; x_wconf 79' lang='lat' dir='ltr'><strong>vita</strong></span> <span class='ocrx_word' id='word_1_182' title='bbox 951 1144 1047 1173; x_wconf 70' lang='lat' dir='ltr'><strong>prretcr</strong></span> 
     </span>
    </p>
   </div>
   <div class='ocr_carea' id='block_1_26' title="bbox 264 1185 1047 1221">
    <p class='ocr_par' dir='ltr' id='par_1_26' title="bbox 264 1185 1047 1221">
     <span class='ocr_line' id='line_1_26' title="bbox 264 1185 1047 1221; baseline -0.006 -5"><span class='ocrx_word' id='word_1_183' title='bbox 264 1194 388 1217; x_wconf 87' lang='lat' dir='ltr'><strong>naturam</strong></span> <span class='ocrx_word' id='word_1_184' title='bbox 413 1192 459 1214; x_wconf 87' lang='lat' dir='ltr'><strong>aut</strong></span> <span class='ocrx_word' id='word_1_185' title='bbox 476 1194 557 1221; x_wconf 81' lang='lat' dir='ltr'><strong>supra</strong></span> <span class='ocrx_word' id='word_1_186' title='bbox 580 1191 702 1212; x_wconf 84' lang='lat' dir='ltr'><strong>naturam</strong></span> <span class='ocrx_word' id='word_1_187' title='bbox 725 1190 780 1217; x_wconf 88' lang='lat' dir='ltr'><strong>est;</strong></span> <span class='ocrx_word' id='word_1_188' title='bbox 796 1186 886 1220; x_wconf 79' lang='lat' dir='ltr'><strong>itaque</strong></span> <span class='ocrx_word' id='word_1_189' title='bbox 910 1185 973 1212; x_wconf 91' lang='lat' dir='ltr'><strong>hinc</strong></span> <span class='ocrx_word' id='word_1_190' title='bbox 990 1192 1047 1211; x_wconf 86' lang='lat' dir='ltr'><strong>ser-</strong></span> 
     </span>
    </p>
   </div>
   <div class='ocr_carea' id='block_1_27' title="bbox 263 1228 1047 1265">
    <p class='ocr_par' dir='ltr' id='par_1_27' title="bbox 263 1228 1047 1265">
     <span class='ocr_line' id='line_1_27' title="bbox 263 1228 1047 1265; baseline -0.011 -3"><span class='ocrx_word' id='word_1_191' title='bbox 263 1242 371 1265; x_wconf 80' lang='lat' dir='ltr'><strong>mones,</strong></span> <span class='ocrx_word' id='word_1_192' title='bbox 386 1232 536 1260; x_wconf 89' lang='lat' dir='ltr'><strong>secundum</strong></span> <span class='ocrx_word' id='word_1_193' title='bbox 548 1229 667 1256; x_wconf 84' lang='lat' dir='ltr'><strong>Simonis</strong></span> <span class='ocrx_word' id='word_1_194' title='bbox 680 1229 812 1256; x_wconf 83' lang='lat' dir='ltr'><strong>insaniam</strong></span> <span class='ocrx_word' id='word_1_195' title='bbox 827 1228 967 1255; x_wconf 79' lang='lat' dir='ltr'><strong>adversum</strong></span> <span class='ocrx_word' id='word_1_196' title='bbox 985 1236 1047 1262; x_wconf 85' lang='lat' dir='ltr'><strong>pro-</strong></span> 
     </span>
    </p>
   </div>
   <div class='ocr_carea' id='block_1_28' title="bbox 263 1274 1047 1313">
    <p class='ocr_par' dir='ltr' id='par_1_28' title="bbox 263 1274 1047 1313">
     <span class='ocr_line' id='line_1_28' title="bbox 263 1274 1047 1313; baseline -0.011 -6"><span class='ocrx_word' id='word_1_197' title='bbox 263 1281 323 1311; x_wconf 86' lang='lat' dir='ltr'><strong>lati,</strong></span> <span class='ocrx_word' id='word_1_198' title='bbox 346 1278 532 1313; x_wconf 83' lang='lat' dir='ltr'><strong>repudientur.</strong></span> <span class='ocrx_word' id='word_1_199' title='bbox 551 1275 666 1308; x_wconf 85' lang='lat' dir='ltr'><strong>Quidam</strong></span> <span class='ocrx_word' id='word_1_200' title='bbox 684 1283 749 1302; x_wconf 74' lang='lat' dir='ltr'><strong>vero</strong></span> <span class='ocrx_word' id='word_1_201' title='bbox 764 1276 802 1302; x_wconf 90' lang='lat' dir='ltr'><strong>sic</strong></span> <span class='ocrx_word' id='word_1_202' title='bbox 823 1275 905 1301; x_wconf 83' lang='lat' dir='ltr'><strong>hosce</strong></span> <span class='ocrx_word' id='word_1_203' title='bbox 926 1274 1047 1301; x_wconf 81' lang='lat' dir='ltr'><strong>versicu-</strong></span> 
     </span>
    </p>
   </div>
   <div class='ocr_carea' id='block_1_29' title="bbox 264 1319 1046 1360">
    <p class='ocr_par' dir='ltr' id='par_1_29' title="bbox 264 1319 1046 1360">
     <span class='ocr_line' id='line_1_29' title="bbox 264 1319 1046 1360; baseline -0.013 -6"><span class='ocrx_word' id='word_1_204' title='bbox 264 1327 304 1354; x_wconf 88' lang='lat' dir='ltr'><strong>los</strong></span> <span class='ocrx_word' id='word_1_205' title='bbox 320 1326 478 1360; x_wconf 74' lang='lat' dir='ltr'><strong>explicant:</strong></span> <span class='ocrx_word' id='word_1_206' title='bbox 496 1322 606 1349; x_wconf 81' lang='lat' dir='ltr'><strong>Emittes</strong></span> <span class='ocrx_word' id='word_1_207' title='bbox 619 1321 747 1356; x_wconf 80' lang='lat' dir='ltr'><strong>Spiritum</strong></span> <span class='ocrx_word' id='word_1_208' title='bbox 764 1326 846 1352; x_wconf 85' lang='lat' dir='ltr'><strong>tuum,</strong></span> <span class='ocrx_word' id='word_1_209' title='bbox 864 1320 909 1354; x_wconf 88' lang='lat' dir='ltr'><strong>qui</strong></span> <span class='ocrx_word' id='word_1_210' title='bbox 931 1327 978 1353; x_wconf 87' lang='lat' dir='ltr'><strong>per</strong></span> <span class='ocrx_word' id='word_1_211' title='bbox 999 1319 1046 1345; x_wconf 89' lang='lat' dir='ltr'><strong>ba—</strong></span> 
     </span>
    </p>
   </div>
   <div class='ocr_carea' id='block_1_30' title="bbox 263 1367 1048 1407">
    <p class='ocr_par' dir='ltr' id='par_1_30' title="bbox 263 1367 1048 1407">
     <span class='ocr_line' id='line_1_30' title="bbox 263 1367 1048 1407; baseline -0.01 -8"><span class='ocrx_word' id='word_1_212' title='bbox 263 1373 393 1407; x_wconf 87' lang='lat' dir='ltr'><strong>plismum</strong></span> <span class='ocrx_word' id='word_1_213' title='bbox 410 1368 525 1401; x_wconf 83' lang='lat' dir='ltr'><strong>accedit,</strong></span> <span class='ocrx_word' id='word_1_214' title='bbox 539 1373 565 1395; x_wconf 87' lang='lat' dir='ltr'><strong>et</strong></span> <span class='ocrx_word' id='word_1_215' title='bbox 587 1368 752 1395; x_wconf 85' lang='lat' dir='ltr'><strong>creabuntur</strong></span> <span class='ocrx_word' id='word_1_216' title='bbox 775 1367 801 1393; x_wconf 91' lang='lat' dir='ltr'><strong>in</strong></span> <span class='ocrx_word' id='word_1_217' title='bbox 817 1374 913 1393; x_wconf 83' lang='lat' dir='ltr'><strong>novam</strong></span> <span class='ocrx_word' id='word_1_218' title='bbox 940 1368 1048 1392; x_wconf 86' lang='lat' dir='ltr'><strong>creatu-</strong></span> 
     </span>
    </p>
   </div>
   <div class='ocr_carea' id='block_1_31' title="bbox 262 1411 1048 1450">
    <p class='ocr_par' dir='ltr' id='par_1_31' title="bbox 262 1411 1048 1450">
     <span class='ocr_line' id='line_1_31' title="bbox 262 1411 1048 1450; baseline -0.01 -4"><span class='ocrx_word' id='word_1_219' title='bbox 262 1426 333 1449; x_wconf 85' lang='lat' dir='ltr'><strong>ram,</strong></span> <span class='ocrx_word' id='word_1_220' title='bbox 350 1418 377 1444; x_wconf 91' lang='lat' dir='ltr'><strong>in</strong></span> <span class='ocrx_word' id='word_1_221' title='bbox 389 1424 487 1444; x_wconf 90' lang='lat' dir='ltr'><strong>novum</strong></span> <span class='ocrx_word' id='word_1_222' title='bbox 500 1415 646 1450; x_wconf 89' lang='lat' dir='ltr'><strong>populum;</strong></span> <span class='ocrx_word' id='word_1_223' title='bbox 664 1414 699 1441; x_wconf 87' lang='lat' dir='ltr'><strong>ita</strong></span> <span class='ocrx_word' id='word_1_224' title='bbox 716 1413 827 1448; x_wconf 92' lang='lat' dir='ltr'><strong>utprior</strong></span> <span class='ocrx_word' id='word_1_225' title='bbox 840 1413 947 1448; x_wconf 87' lang='lat' dir='ltr'><strong>quidem</strong></span> <span class='ocrx_word' id='word_1_226' title='bbox 964 1411 1048 1438; x_wconf 89' lang='lat' dir='ltr'><strong>inter-</strong></span> 
     </span>
    </p>
   </div>
   <div class='ocr_carea' id='block_1_32' title="bbox 264 1458 1046 1499">
    <p class='ocr_par' dir='ltr' id='par_1_32' title="bbox 264 1458 1046 1499">
     <span class='ocr_line' id='line_1_32' title="bbox 264 1458 1046 1499; baseline -0.01 -8"><span class='ocrx_word' id='word_1_227' title='bbox 264 1465 380 1499; x_wconf 86' lang='lat' dir='ltr'><strong>pretatio</strong></span> <span class='ocrx_word' id='word_1_228' title='bbox 405 1462 572 1497; x_wconf 78' lang='lat' dir='ltr'><strong>intelligatur</strong></span> <span class='ocrx_word' id='word_1_229' title='bbox 594 1461 627 1488; x_wconf 88' lang='lat' dir='ltr'><strong>de</strong></span> <span class='ocrx_word' id='word_1_230' title='bbox 649 1460 849 1488; x_wconf 83' lang='lat' dir='ltr'><strong>resurrectione</strong></span> <span class='ocrx_word' id='word_1_231' title='bbox 865 1467 897 1486; x_wconf 81' lang='lat' dir='ltr'><strong>ex</strong></span> <span class='ocrx_word' id='word_1_232' title='bbox 921 1458 1046 1488; x_wconf 89' lang='lat' dir='ltr'><strong>mortuis,</strong></span> 
     </span>
    </p>
   </div>
   <div class='ocr_carea' id='block_1_33' title="bbox 264 1506 1047 1545">
    <p class='ocr_par' dir='ltr' id='par_1_33' title="bbox 264 1506 1047 1545">
     <span class='ocr_line' id='line_1_33' title="bbox 264 1506 1047 1545; baseline -0.009 -8"><span class='ocrx_word' id='word_1_233' title='bbox 264 1510 374 1545; x_wconf 86' lang='lat' dir='ltr'><strong>quando</strong></span> <span class='ocrx_word' id='word_1_234' title='bbox 393 1514 465 1536; x_wconf 86' lang='lat' dir='ltr'><strong>terra</strong></span> <span class='ocrx_word' id='word_1_235' title='bbox 484 1509 668 1539; x_wconf 86' lang='lat' dir='ltr'><strong>renovabitur,</strong></span> <span class='ocrx_word' id='word_1_236' title='bbox 701 1511 728 1533; x_wconf 88' lang='lat' dir='ltr'><strong>et</strong></span> <span class='ocrx_word' id='word_1_237' title='bbox 747 1506 904 1532; x_wconf 84' lang='lat' dir='ltr'><strong>liberabitur</strong></span> <span class='ocrx_word' id='word_1_238' title='bbox 922 1512 936 1531; x_wconf 89' lang='lat' dir='ltr'><strong>a</strong></span> <span class='ocrx_word' id='word_1_239' title='bbox 952 1512 1047 1531; x_wconf 88' lang='lat' dir='ltr'><strong>corru—</strong></span> 
     </span>
    </p>
   </div>
   <div class='ocr_carea' id='block_1_34' title="bbox 266 1550 1047 1593">
    <p class='ocr_par' dir='ltr' id='par_1_34' title="bbox 266 1550 1047 1593">
     <span class='ocr_line' id='line_1_34' title="bbox 266 1550 1047 1593; baseline -0.01 -9"><span class='ocrx_word' id='word_1_240' title='bbox 266 1557 378 1593; x_wconf 86' lang='lat' dir='ltr'><strong>ptione;</strong></span> <span class='ocrx_word' id='word_1_241' title='bbox 397 1555 518 1583; x_wconf 86' lang='lat' dir='ltr'><strong>secunda</strong></span> <span class='ocrx_word' id='word_1_242' title='bbox 532 1563 608 1587; x_wconf 79' lang='lat' dir='ltr'><strong>vero,</strong></span> <span class='ocrx_word' id='word_1_243' title='bbox 626 1554 659 1582; x_wconf 89' lang='lat' dir='ltr'><strong>de</strong></span> <span class='ocrx_word' id='word_1_244' title='bbox 679 1552 882 1588; x_wconf 85' lang='lat' dir='ltr'><strong>regeneratione</strong></span> <span class='ocrx_word' id='word_1_245' title='bbox 897 1559 945 1586; x_wconf 90' lang='lat' dir='ltr'><strong>per</strong></span> <span class='ocrx_word' id='word_1_246' title='bbox 959 1550 1047 1585; x_wconf 80' lang='lat' dir='ltr'><strong>bapti-</strong></span> 
     </span>
    </p>
   </div>
   <div class='ocr_carea' id='block_1_35' title="bbox 264 1611 363 1631">
    <p class='ocr_par' dir='ltr' id='par_1_35' title="bbox 264 1611 363 1631">
     <span class='ocr_line' id='line_1_35' title="bbox 264 1611 363 1631; baseline -0.01 0"><span class='ocrx_word' id='word_1_247' title='bbox 264 1611 363 1631; x_wconf 89' lang='lat' dir='ltr'><strong>smum.</strong></span> 
     </span>
    </p>
   </div>
   <div class='ocr_carea' id='block_1_36' title="bbox 301 1655 1049 1693">
    <p class='ocr_par' dir='ltr' id='par_1_36' title="bbox 301 1655 1049 1693">
     <span class='ocr_line' id='line_1_36' title="bbox 301 1655 1049 1693; baseline -0.011 -5"><span class='ocrx_word' id='word_1_248' title='bbox 301 1660 382 1688; x_wconf 70' lang='lat' dir='ltr'><strong>Vens.</strong></span> <span class='ocrx_word' id='word_1_249' title='bbox 395 1660 491 1688; x_wconf 73' lang='lat'><strong>31-33.</strong></span> <span class='ocrx_word' id='word_1_250' title='bbox 507 1659 548 1686; x_wconf 90' lang='lat' dir='ltr'><strong>Sit</strong></span> <span class='ocrx_word' id='word_1_251' title='bbox 560 1658 646 1693; x_wconf 78' lang='lat' dir='ltr'><strong>gloria</strong></span> <span class='ocrx_word' id='word_1_252' title='bbox 657 1656 765 1685; x_wconf 79' lang='lat' dir='ltr'><strong>Domini</strong></span> <span class='ocrx_word' id='word_1_253' title='bbox 777 1656 805 1683; x_wconf 84' lang='lat' dir='ltr'><strong>in</strong></span> <span class='ocrx_word' id='word_1_254' title='bbox 819 1655 956 1687; x_wconf 69' lang='lat' dir='ltr'><strong>awculum,</strong></span> <span class='ocrx_word' id='word_1_255' title='bbox 973 1655 1049 1682; x_wconf 67' lang='lat' dir='ltr'><strong>Irela-</strong></span> 
     </span>
    </p>
   </div>
   <div class='ocr_carea' id='block_1_37' title="bbox 265 1702 1047 1739">
    <p class='ocr_par' dir='ltr' id='par_1_37' title="bbox 265 1702 1047 1739">
     <span class='ocr_line' id='line_1_37' title="bbox 265 1702 1047 1739; baseline -0.008 -6"><span class='ocrx_word' id='word_1_256' title='bbox 265 1707 335 1733; x_wconf 82' lang='lat' dir='ltr'><strong>bitur</strong></span> <span class='ocrx_word' id='word_1_257' title='bbox 350 1706 479 1733; x_wconf 68' lang='lat' dir='ltr'><strong>Dominus</strong></span> <span class='ocrx_word' id='word_1_258' title='bbox 494 1706 520 1732; x_wconf 85' lang='lat' dir='ltr'><strong>in</strong></span> <span class='ocrx_word' id='word_1_259' title='bbox 535 1704 654 1739; x_wconf 73' lang='lat' dir='ltr'><strong>operibus</strong></span> <span class='ocrx_word' id='word_1_260' title='bbox 667 1704 733 1731; x_wconf 75' lang='lat' dir='ltr'><strong>suis.</strong></span> <span class='ocrx_word' id='word_1_261' title='bbox 746 1702 800 1737; x_wconf 78' lang='lat' dir='ltr'><strong>Qui</strong></span> <span class='ocrx_word' id='word_1_262' title='bbox 816 1702 920 1737; x_wconf 76' lang='lat' dir='ltr'><strong>respicit</strong></span> <span class='ocrx_word' id='word_1_263' title='bbox 937 1706 1047 1733; x_wconf 82' lang='lat' dir='ltr'><strong>terram,</strong></span> 
     </span>
    </p>
   </div>
   <div class='ocr_carea' id='block_1_38' title="bbox 263 1746 1046 1785">
    <p class='ocr_par' dir='ltr' id='par_1_38' title="bbox 263 1746 1046 1785">
     <span class='ocr_line' id='line_1_38' title="bbox 263 1746 1046 1785; baseline -0.008 -7"><span class='ocrx_word' id='word_1_264' title='bbox 263 1756 289 1779; x_wconf 78' lang='lat' dir='ltr'><strong>et</strong></span> <span class='ocrx_word' id='word_1_265' title='bbox 301 1751 367 1785; x_wconf 83' lang='lat' dir='ltr'><strong>facit</strong></span> <span class='ocrx_word' id='word_1_266' title='bbox 384 1758 442 1777; x_wconf 82' lang='lat' dir='ltr'><strong>eam</strong></span> <span class='ocrx_word' id='word_1_267' title='bbox 457 1754 576 1781; x_wconf 76' lang='lat' dir='ltr'><strong>tremere,</strong></span> <span class='ocrx_word' id='word_1_268' title='bbox 590 1748 635 1784; x_wconf 81' lang='lat' dir='ltr'><strong>qui</strong></span> <span class='ocrx_word' id='word_1_269' title='bbox 649 1749 733 1783; x_wconf 79' lang='lat' dir='ltr'><strong>tangit</strong></span> <span class='ocrx_word' id='word_1_270' title='bbox 749 1751 848 1774; x_wconf 74' lang='lat' dir='ltr'><strong>montes</strong></span> <span class='ocrx_word' id='word_1_271' title='bbox 865 1752 889 1774; x_wconf 82' lang='lat' dir='ltr'><strong>et</strong></span> <span class='ocrx_word' id='word_1_272' title='bbox 905 1746 1046 1781; x_wconf 79' lang='lat' dir='ltr'><strong>fumigant.</strong></span> 
     </span>
    </p>
   </div>
   <div class='ocr_carea' id='block_1_39' title="bbox 264 1791 1048 1827">
    <p class='ocr_par' dir='ltr' id='par_1_39' title="bbox 264 1791 1048 1827">
     <span class='ocr_line' id='line_1_39' title="bbox 264 1791 1048 1827; baseline -0.006 -4"><span class='ocrx_word' id='word_1_273' title='bbox 264 1796 385 1824; x_wconf 83' lang='lat' dir='ltr'><strong>Cantabo</strong></span> <span class='ocrx_word' id='word_1_274' title='bbox 412 1795 527 1822; x_wconf 84' lang='lat' dir='ltr'><strong>Domino</strong></span> <span class='ocrx_word' id='word_1_275' title='bbox 551 1794 579 1821; x_wconf 85' lang='lat' dir='ltr'><strong>in</strong></span> <span class='ocrx_word' id='word_1_276' title='bbox 601 1794 655 1821; x_wconf 72' lang='lat' dir='ltr'><strong>vita</strong></span> <span class='ocrx_word' id='word_1_277' title='bbox 678 1801 747 1826; x_wconf 84' lang='lat' dir='ltr'><strong>mea,</strong></span> <span class='ocrx_word' id='word_1_278' title='bbox 773 1792 889 1827; x_wconf 77' lang='lat' dir='ltr'><strong>psallam</strong></span> <span class='ocrx_word' id='word_1_279' title='bbox 913 1791 968 1819; x_wconf 89' lang='lat' dir='ltr'><strong>Deo</strong></span> <span class='ocrx_word' id='word_1_280' title='bbox 991 1799 1048 1818; x_wconf 79' lang='lat' dir='ltr'><strong>meo</strong></span> 
     </span>
    </p>
   </div>
   <div class='ocr_carea' id='block_1_40' title="bbox 263 1837 1048 1878">
    <p class='ocr_par' dir='ltr' id='par_1_40' title="bbox 263 1837 1048 1878">
     <span class='ocr_line' id='line_1_40' title="bbox 263 1837 1048 1878; baseline -0.006 -9"><span class='ocrx_word' id='word_1_281' title='bbox 263 1842 381 1878; x_wconf 82' lang='lat' dir='ltr'><strong>quandia</strong></span> <span class='ocrx_word' id='word_1_282' title='bbox 393 1849 462 1869; x_wconf 75' lang='lat' dir='ltr'><strong>sum.</strong></span> <span class='ocrx_word' id='word_1_283' title='bbox 474 1839 710 1875; x_wconf 84' lang='lat' dir='ltr'><strong>Quandoquidem,</strong></span> <span class='ocrx_word' id='word_1_284' title='bbox 722 1838 771 1871; x_wconf 86' lang='lat' dir='ltr'><strong>ait,</strong></span> <span class='ocrx_word' id='word_1_285' title='bbox 792 1838 849 1866; x_wconf 70' lang='grc' dir='ltr'><strong>ιηεο</strong></span> <span class='ocrx_word' id='word_1_286' title='bbox 861 1837 971 1869; x_wconf 83' lang='lat' dir='ltr'><strong>edidici,</strong></span> <span class='ocrx_word' id='word_1_287' title='bbox 986 1837 1048 1865; x_wconf 89' lang='lat' dir='ltr'><strong>ideo</strong></span> 
     </span>
    </p>
   </div>
   <div class='ocr_carea' id='block_1_41' title="bbox 263 1883 1048 1920">
    <p class='ocr_par' dir='ltr' id='par_1_41' title="bbox 263 1883 1048 1920">
     <span class='ocr_line' id='line_1_41' title="bbox 263 1883 1048 1920; baseline -0.006 -5"><span class='ocrx_word' id='word_1_288' title='bbox 263 1892 348 1916; x_wconf 88' lang='lat' dir='ltr'><strong>totam</strong></span> <span class='ocrx_word' id='word_1_289' title='bbox 368 1888 449 1914; x_wconf 88' lang='lat' dir='ltr'><strong>vitam</strong></span> <span class='ocrx_word' id='word_1_290' title='bbox 466 1893 554 1914; x_wconf 88' lang='lat' dir='ltr'><strong>meam</strong></span> <span class='ocrx_word' id='word_1_291' title='bbox 570 1885 599 1913; x_wconf 91' lang='lat' dir='ltr'><strong>in</strong></span> <span class='ocrx_word' id='word_1_292' title='bbox 614 1885 729 1920; x_wconf 87' lang='lat' dir='ltr'><strong>hymnos</strong></span> <span class='ocrx_word' id='word_1_293' title='bbox 739 1887 766 1912; x_wconf 88' lang='lat' dir='ltr'><strong>et</strong></span> <span class='ocrx_word' id='word_1_294' title='bbox 781 1883 889 1911; x_wconf 89' lang='lat' dir='ltr'><strong>laudem</strong></span> <span class='ocrx_word' id='word_1_295' title='bbox 909 1883 1048 1911; x_wconf 86' lang='lat' dir='ltr'><strong>Creatoris</strong></span> 
     </span>
    </p>
   </div>
   <div class='ocr_carea' id='block_1_42' title="bbox 263 1928 1046 1966">
    <p class='ocr_par' dir='ltr' id='par_1_42' title="bbox 263 1928 1046 1966">
     <span class='ocr_line' id='line_1_42' title="bbox 263 1928 1046 1966; baseline -0.008 -5"><span class='ocrx_word' id='word_1_296' title='bbox 263 1933 401 1962; x_wconf 89' lang='lat' dir='ltr'><strong>insumam</strong></span> <span class='ocrx_word' id='word_1_297' title='bbox 415 1940 422 1960; x_wconf 91' lang='lat'><strong>:</strong></span> <span class='ocrx_word' id='word_1_298' title='bbox 440 1935 467 1960; x_wconf 90' lang='lat' dir='ltr'><strong>et</strong></span> <span class='ocrx_word' id='word_1_299' title='bbox 480 1930 600 1966; x_wconf 84' lang='lat' dir='ltr'><strong>quandiu</strong></span> <span class='ocrx_word' id='word_1_300' title='bbox 612 1930 741 1957; x_wconf 59' lang='lat' dir='ltr'><strong>vivamuet</strong></span> <span class='ocrx_word' id='word_1_301' title='bbox 756 1928 784 1956; x_wconf 94' lang='lat' dir='ltr'><strong>in</strong></span> <span class='ocrx_word' id='word_1_302' title='bbox 803 1929 854 1956; x_wconf 86' lang='lat' dir='ltr'><strong>hac</strong></span> <span class='ocrx_word' id='word_1_303' title='bbox 870 1928 925 1956; x_wconf 87' lang='lat' dir='ltr'><strong>vita</strong></span> <span class='ocrx_word' id='word_1_304' title='bbox 938 1928 1046 1964; x_wconf 83' lang='lat' dir='ltr'><strong>degam,</strong></span> 
     </span>
    </p>
   </div>
   <div class='ocr_carea' id='block_1_43' title="bbox 263 1973 1047 2013">
    <p class='ocr_par' dir='ltr' id='par_1_43' title="bbox 263 1973 1047 2013">
     <span class='ocr_line' id='line_1_43' title="bbox 263 1973 1047 2013; baseline -0.01 -6"><span class='ocrx_word' id='word_1_305' title='bbox 263 1979 385 2007; x_wconf 89' lang='lat' dir='ltr'><strong>debitum</strong></span> <span class='ocrx_word' id='word_1_306' title='bbox 399 1978 533 2013; x_wconf 78' lang='lat' dir='ltr'><strong>psalmum</strong></span> <span class='ocrx_word' id='word_1_307' title='bbox 546 1975 657 2004; x_wconf 85' lang='lat' dir='ltr'><strong>reddam</strong></span> <span class='ocrx_word' id='word_1_308' title='bbox 675 1974 731 2002; x_wconf 86' lang='lat' dir='ltr'><strong>Deo</strong></span> <span class='ocrx_word' id='word_1_309' title='bbox 745 1982 816 2002; x_wconf 90' lang='lat' dir='ltr'><strong>meo.</strong></span> <span class='ocrx_word' id='word_1_310' title='bbox 830 1973 887 2001; x_wconf 82' lang='lat' dir='ltr'><strong>Hoc</strong></span> <span class='ocrx_word' id='word_1_311' title='bbox 901 1981 983 2010; x_wconf 88' lang='lat' dir='ltr'><strong>porro</strong></span> <span class='ocrx_word' id='word_1_312' title='bbox 999 1973 1047 2000; x_wconf 90' lang='lat' dir='ltr'><strong>ad-</strong></span> 
     </span>
    </p>
   </div>
   <div class='ocr_carea' id='block_1_44' title="bbox 263 2019 1046 2058">
    <p class='ocr_par' dir='ltr' id='par_1_44' title="bbox 263 2019 1046 2058">
     <span class='ocr_line' id='line_1_44' title="bbox 263 2019 1046 2058; baseline -0.008 -6"><span class='ocrx_word' id='word_1_313' title='bbox 263 2025 441 2052; x_wconf 86' lang='lat' dir='ltr'><strong>ditamentum</strong></span> <span class='ocrx_word' id='word_1_314' title='bbox 458 2030 584 2058; x_wconf 89' lang='lat' dir='ltr'><strong>magnum</strong></span> <span class='ocrx_word' id='word_1_315' title='bbox 600 2021 709 2049; x_wconf 83' lang='lat' dir='ltr'><strong>exhibet</strong></span> <span class='ocrx_word' id='word_1_316' title='bbox 722 2020 848 2049; x_wconf 75' lang='lat' dir='ltr'><strong>affectum</strong></span> <span class='ocrx_word' id='word_1_317' title='bbox 862 2024 889 2048; x_wconf 91' lang='lat' dir='ltr'><strong>et</strong></span> <span class='ocrx_word' id='word_1_318' title='bbox 905 2019 1046 2046; x_wconf 79' lang='lat' dir='ltr'><strong>familiari-</strong></span> 
     </span>
    </p>
   </div>
   <div class='ocr_carea' id='block_1_45' title="bbox 263 2065 1048 2102">
    <p class='ocr_par' dir='ltr' id='par_1_45' title="bbox 263 2065 1048 2102">
     <span class='ocr_line' id='line_1_45' title="bbox 263 2065 1048 2102; baseline -0.006 -5"><span class='ocrx_word' id='word_1_319' title='bbox 263 2073 347 2097; x_wconf 78' lang='lat' dir='ltr'><strong>tatem</strong></span> <span class='ocrx_word' id='word_1_320' title='bbox 360 2076 423 2096; x_wconf 88' lang='lat' dir='ltr'><strong>cum</strong></span> <span class='ocrx_word' id='word_1_321' title='bbox 437 2068 503 2096; x_wconf 88' lang='lat' dir='ltr'><strong>Deo.</strong></span> <span class='ocrx_word' id='word_1_322' title='bbox 516 2067 576 2095; x_wconf 88' lang='lat' dir='ltr'><strong>Non</strong></span> <span class='ocrx_word' id='word_1_323' title='bbox 591 2067 660 2095; x_wconf 80' lang='lat' dir='ltr'><strong>dixit</strong></span> <span class='ocrx_word' id='word_1_324' title='bbox 675 2067 758 2098; x_wconf 86' lang='lat' dir='ltr'><strong>enim,</strong></span> <span class='ocrx_word' id='word_1_325' title='bbox 770 2066 884 2102; x_wconf 74' lang='lat' dir='ltr'><strong>psallam</strong></span> <span class='ocrx_word' id='word_1_326' title='bbox 902 2065 969 2099; x_wconf 76' lang='lat' dir='ltr'><strong>Deo,</strong></span> <span class='ocrx_word' id='word_1_327' title='bbox 984 2069 1048 2092; x_wconf 89' lang='lat' dir='ltr'><strong>tan-</strong></span> 
     </span>
    </p>
   </div>
   <div class='ocr_carea' id='block_1_46' title="bbox 264 2111 1046 2147">
    <p class='ocr_par' dir='ltr' id='par_1_46' title="bbox 264 2111 1046 2147">
     <span class='ocr_line' id='line_1_46' title="bbox 264 2111 1046 2147; baseline -0.005 -5"><span class='ocrx_word' id='word_1_328' title='bbox 264 2119 333 2147; x_wconf 89' lang='lat' dir='ltr'><strong>tum,</strong></span> <span class='ocrx_word' id='word_1_329' title='bbox 351 2114 410 2146; x_wconf 85' lang='lat' dir='ltr'><strong>sed,</strong></span> <span class='ocrx_word' id='word_1_330' title='bbox 429 2113 483 2141; x_wconf 86' lang='lat' dir='ltr'><strong>Deo</strong></span> <span class='ocrx_word' id='word_1_331' title='bbox 497 2122 563 2141; x_wconf 85' lang='lat' dir='ltr'><strong>meo.</strong></span> <span class='ocrx_word' id='word_1_332' title='bbox 580 2113 693 2140; x_wconf 79' lang='lat' dir='ltr'><strong>Videtur</strong></span> <span class='ocrx_word' id='word_1_333' title='bbox 712 2120 829 2147; x_wconf 90' lang='lat' dir='ltr'><strong>namque</strong></span> <span class='ocrx_word' id='word_1_334' title='bbox 842 2111 942 2144; x_wconf 86' lang='lat' dir='ltr'><strong>dicere,</strong></span> <span class='ocrx_word' id='word_1_335' title='bbox 959 2111 984 2139; x_wconf 88' lang='lat' dir='ltr'><strong>ei</strong></span> <span class='ocrx_word' id='word_1_336' title='bbox 997 2111 1046 2146; x_wconf 88' lang='lat' dir='ltr'><strong>qui</strong></span> 
     </span>
    </p>
   </div>
   <div class='ocr_carea' id='block_1_47' title="bbox 264 2157 1045 2192">
    <p class='ocr_par' dir='ltr' id='par_1_47' title="bbox 264 2157 1045 2192">
     <span class='ocr_line' id='line_1_47' title="bbox 264 2157 1045 2192; baseline -0.005 -4"><span class='ocrx_word' id='word_1_337' title='bbox 264 2168 308 2188; x_wconf 85' lang='lat' dir='ltr'><strong>me</strong></span> <span class='ocrx_word' id='word_1_338' title='bbox 318 2160 431 2190; x_wconf 81' lang='lat' dir='ltr'><strong>ereavit,</strong></span> <span class='ocrx_word' id='word_1_339' title='bbox 448 2166 481 2186; x_wconf 87' lang='lat' dir='ltr'><strong>ac</strong></span> <span class='ocrx_word' id='word_1_340' title='bbox 495 2158 636 2191; x_wconf 85' lang='lat' dir='ltr'><strong>enutrivit,</strong></span> <span class='ocrx_word' id='word_1_341' title='bbox 649 2158 826 2192; x_wconf 82' lang='lat' dir='ltr'><strong>omniumque</strong></span> <span class='ocrx_word' id='word_1_342' title='bbox 843 2157 975 2185; x_wconf 90' lang='lat' dir='ltr'><strong>bonorum</strong></span> <span class='ocrx_word' id='word_1_343' title='bbox 995 2165 1045 2184; x_wconf 91' lang='lat' dir='ltr'><strong>au-</strong></span> 
     </span>
    </p>
   </div>
   <div class='ocr_carea' id='block_1_48' title="bbox 263 2202 1047 2235">
    <p class='ocr_par' dir='ltr' id='par_1_48' title="bbox 263 2202 1047 2235">
     <span class='ocr_line' id='line_1_48' title="bbox 263 2202 1047 2235; baseline -0.004 -2"><span class='ocrx_word' id='word_1_344' title='bbox 263 2209 323 2233; x_wconf 81' lang='lat' dir='ltr'><strong>ctor</strong></span> <span class='ocrx_word' id='word_1_345' title='bbox 337 2205 404 2233; x_wconf 89' lang='lat' dir='ltr'><strong>mihi</strong></span> <span class='ocrx_word' id='word_1_346' title='bbox 422 2204 482 2232; x_wconf 84' lang='lat' dir='ltr'><strong>fuit.</strong></span> <span class='ocrx_word' id='word_1_347' title='bbox 503 2203 552 2231; x_wconf 83' lang='lat' dir='ltr'><strong>llic</strong></span> <span class='ocrx_word' id='word_1_348' title='bbox 565 2208 655 2231; x_wconf 87' lang='lat' dir='ltr'><strong>autem</strong></span> <span class='ocrx_word' id='word_1_349' title='bbox 672 2203 808 2231; x_wconf 86' lang='lat' dir='ltr'><strong>canticum</strong></span> <span class='ocrx_word' id='word_1_350' title='bbox 826 2202 901 2235; x_wconf 86' lang='lat' dir='ltr'><strong>dicit,</strong></span> <span class='ocrx_word' id='word_1_351' title='bbox 916 2210 971 2231; x_wconf 91' lang='lat' dir='ltr'><strong>non</strong></span> <span class='ocrx_word' id='word_1_352' title='bbox 986 2211 1047 2230; x_wconf 83' lang='lat' dir='ltr'><strong>ver-</strong></span> 
     </span>
    </p>
   </div>
   <div class='ocr_carea' id='block_1_49' title="bbox 216 2248 1083 2294">
    <p class='ocr_par' dir='ltr' id='par_1_49' title="bbox 216 2248 1083 2294">
     <span class='ocr_line' id='line_1_49' title="bbox 216 2248 1083 2294; baseline -0.002 -15"><span class='ocrx_word' id='word_1_353' title='bbox 216 2288 221 2294; x_wconf 80' lang='lat'><strong>_</strong></span> <span class='ocrx_word' id='word_1_354' title='bbox 263 2251 308 2279; x_wconf 87' lang='lat' dir='ltr'><strong>his</strong></span> <span class='ocrx_word' id='word_1_355' title='bbox 335 2250 426 2283; x_wconf 88' lang='lat' dir='ltr'><strong>modo,</strong></span> <span class='ocrx_word' id='word_1_356' title='bbox 450 2249 497 2278; x_wconf 88' lang='lat' dir='ltr'><strong>sed</strong></span> <span class='ocrx_word' id='word_1_357' title='bbox 520 2254 547 2278; x_wconf 88' lang='lat' dir='ltr'><strong>et</strong></span> <span class='ocrx_word' id='word_1_358' title='bbox 572 2249 700 2285; x_wconf 89' lang='lat' dir='ltr'><strong>operibus</strong></span> <span class='ocrx_word' id='word_1_359' title='bbox 725 2249 942 2284; x_wconf 82' lang='lat' dir='ltr'><strong>persolvendum.</strong></span> <span class='ocrx_word' id='word_1_360' title='bbox 966 2248 1045 2283; x_wconf 88' lang='lat' dir='ltr'><strong>Quod</strong></span> <span class='ocrx_word' id='word_1_361' title='bbox 1061 2257 1083 2285; x_wconf 83' lang='grc' dir='ltr'><strong>ι)</strong></span> 
     </span>
    </p>
   </div>
   <div class='ocr_carea' id='block_1_50' title="bbox 262 2295 1043 2330">
    <p class='ocr_par' dir='ltr' id='par_1_50' title="bbox 262 2295 1043 2330">
     <span class='ocr_line' id='line_1_50' title="bbox 262 2295 1043 2330; baseline -0.001 -6"><span class='ocrx_word' id='word_1_362' title='bbox 262 2298 335 2325; x_wconf 88' lang='lat' dir='ltr'><strong>enim</strong></span> <span class='ocrx_word' id='word_1_363' title='bbox 347 2304 408 2325; x_wconf 84' lang='lat' dir='ltr'><strong>sese</strong></span> <span class='ocrx_word' id='word_1_364' title='bbox 421 2296 476 2324; x_wconf 86' lang='lat' dir='ltr'><strong>Deo</strong></span> <span class='ocrx_word' id='word_1_365' title='bbox 489 2295 636 2324; x_wconf 89' lang='lat' dir='ltr'><strong>multorum</strong></span> <span class='ocrx_word' id='word_1_366' title='bbox 649 2295 798 2323; x_wconf 86' lang='lat' dir='ltr'><strong>debitorem</strong></span> <span class='ocrx_word' id='word_1_367' title='bbox 809 2300 981 2330; x_wconf 75' lang='lat' dir='ltr'><strong>agnosceret,</strong></span> <span class='ocrx_word' id='word_1_368' title='bbox 993 2303 1043 2323; x_wconf 89' lang='lat' dir='ltr'><strong>ne-</strong></span> 
     </span>
    </p>
   </div>
   <div class='ocr_carea' id='block_1_51' title="bbox 262 2341 1043 2378">
    <p class='ocr_par' dir='ltr' id='par_1_51' title="bbox 262 2341 1043 2378">
     <span class='ocr_line' id='line_1_51' title="bbox 262 2341 1043 2378; baseline -0.001 -8"><span class='ocrx_word' id='word_1_369' title='bbox 262 2348 316 2378; x_wconf 87' lang='lat' dir='ltr'><strong>que</strong></span> <span class='ocrx_word' id='word_1_370' title='bbox 329 2342 437 2378; x_wconf 83' lang='lat' dir='ltr'><strong>dignam</strong></span> <span class='ocrx_word' id='word_1_371' title='bbox 448 2341 566 2377; x_wconf 85' lang='lat' dir='ltr'><strong>aliquam</strong></span> <span class='ocrx_word' id='word_1_372' title='bbox 577 2341 783 2369; x_wconf 87' lang='lat' dir='ltr'><strong>retributionem</strong></span> <span class='ocrx_word' id='word_1_373' title='bbox 797 2341 919 2377; x_wconf 79' lang='lat' dir='ltr'><strong>proferre</strong></span> <span class='ocrx_word' id='word_1_374' title='bbox 931 2341 1043 2374; x_wconf 83' lang='lat' dir='ltr'><strong>valeret,</strong></span> 
     </span>
    </p>
   </div>
   <div class='ocr_carea' id='block_1_52' title="bbox 263 2387 1045 2424">
    <p class='ocr_par' dir='ltr' id='par_1_52' title="bbox 263 2387 1045 2424">
     <span class='ocr_line' id='line_1_52' title="bbox 263 2387 1045 2424; baseline -0.001 -9"><span class='ocrx_word' id='word_1_375' title='bbox 263 2396 344 2424; x_wconf 84' lang='lat' dir='ltr'><strong>quam</strong></span> <span class='ocrx_word' id='word_1_376' title='bbox 367 2388 458 2420; x_wconf 83' lang='lat' dir='ltr'><strong>habet,</strong></span> <span class='ocrx_word' id='word_1_377' title='bbox 473 2387 545 2415; x_wconf 87' lang='lat' dir='ltr'><strong>hanc</strong></span> <span class='ocrx_word' id='word_1_378' title='bbox 560 2387 681 2422; x_wconf 87' lang='lat' dir='ltr'><strong>deponit,</strong></span> <span class='ocrx_word' id='word_1_379' title='bbox 699 2390 728 2414; x_wconf 92' lang='lat' dir='ltr'><strong>ut</strong></span> <span class='ocrx_word' id='word_1_380' title='bbox 744 2387 850 2415; x_wconf 86' lang='lat' dir='ltr'><strong>scilicet</strong></span> <span class='ocrx_word' id='word_1_381' title='bbox 865 2394 927 2414; x_wconf 92' lang='lat' dir='ltr'><strong>eum</strong></span> <span class='ocrx_word' id='word_1_382' title='bbox 948 2394 1045 2422; x_wconf 88' lang='lat' dir='ltr'><strong>perpe-</strong></span> 
     </span>
    </p>
   </div>
   <div class='ocr_carea' id='block_1_53' title="bbox 264 2432 1046 2469">
    <p class='ocr_par' dir='ltr' id='par_1_53' title="bbox 264 2432 1046 2469">
     <span class='ocr_line' id='line_1_53' title="bbox 264 2432 1046 2469; baseline -0.001 -8"><span class='ocrx_word' id='word_1_383' title='bbox 264 2438 311 2461; x_wconf 91' lang='lat' dir='ltr'><strong>tuo</strong></span> <span class='ocrx_word' id='word_1_384' title='bbox 326 2434 432 2469; x_wconf 87' lang='lat' dir='ltr'><strong>hymnis</strong></span> <span class='ocrx_word' id='word_1_385' title='bbox 443 2433 571 2464; x_wconf 86' lang='lat' dir='ltr'><strong>celebret,</strong></span> <span class='ocrx_word' id='word_1_386' title='bbox 584 2440 616 2460; x_wconf 89' lang='lat' dir='ltr'><strong>ac</strong></span> <span class='ocrx_word' id='word_1_387' title='bbox 626 2440 658 2460; x_wconf 90' lang='lat' dir='ltr'><strong>ea</strong></span> <span class='ocrx_word' id='word_1_388' title='bbox 668 2432 696 2459; x_wconf 92' lang='lat' dir='ltr'><strong>in</strong></span> <span class='ocrx_word' id='word_1_389' title='bbox 707 2439 737 2460; x_wconf 88' lang='lat' dir='ltr'><strong>re</strong></span> <span class='ocrx_word' id='word_1_390' title='bbox 752 2436 835 2460; x_wconf 85' lang='lat' dir='ltr'><strong>totam</strong></span> <span class='ocrx_word' id='word_1_391' title='bbox 848 2433 932 2461; x_wconf 82' lang='lat' dir='ltr'><strong>vitam</strong></span> <span class='ocrx_word' id='word_1_392' title='bbox 944 2434 1046 2461; x_wconf 88' lang='lat' dir='ltr'><strong>transi-</strong></span> 
     </span>
    </p>
   </div>
   <div class='ocr_carea' id='block_1_54' title="bbox 263 2478 1044 2514">
    <p class='ocr_par' dir='ltr' id='par_1_54' title="bbox 263 2478 1044 2514">
     <span class='ocr_line' id='line_1_54' title="bbox 263 2478 1044 2514; baseline 0.001 -9"><span class='ocrx_word' id='word_1_393' title='bbox 263 2482 318 2514; x_wconf 82' lang='lat' dir='ltr'><strong>gat.</strong></span> <span class='ocrx_word' id='word_1_394' title='bbox 334 2479 453 2507; x_wconf 84' lang='lat' dir='ltr'><strong>Audiant</strong></span> <span class='ocrx_word' id='word_1_395' title='bbox 468 2479 513 2514; x_wconf 93' lang='lat' dir='ltr'><strong>qui</strong></span> <span class='ocrx_word' id='word_1_396' title='bbox 530 2482 586 2506; x_wconf 89' lang='lat' dir='ltr'><strong>tota</strong></span> <span class='ocrx_word' id='word_1_397' title='bbox 597 2478 642 2506; x_wconf 90' lang='lat' dir='ltr'><strong>die</strong></span> <span class='ocrx_word' id='word_1_398' title='bbox 654 2478 681 2505; x_wconf 93' lang='lat' dir='ltr'><strong>in</strong></span> <span class='ocrx_word' id='word_1_399' title='bbox 693 2479 925 2514; x_wconf 73' lang='lat' dir='ltr'><strong>negotiationibus</strong></span> <span class='ocrx_word' id='word_1_400' title='bbox 940 2483 967 2507; x_wconf 90' lang='lat' dir='ltr'><strong>et</strong></span> <span class='ocrx_word' id='word_1_401' title='bbox 977 2486 1044 2506; x_wconf 85' lang='lat' dir='ltr'><strong>cau-</strong></span> 
     </span>
    </p>
   </div>
   <div class='ocr_carea' id='block_1_55' title="bbox 264 2523 1045 2559">
    <p class='ocr_par' dir='ltr' id='par_1_55' title="bbox 264 2523 1045 2559">
     <span class='ocr_line' id='line_1_55' title="bbox 264 2523 1045 2559; baseline 0 -8"><span class='ocrx_word' id='word_1_402' title='bbox 264 2524 343 2559; x_wconf 87' lang='lat' dir='ltr'><strong>ponis</strong></span> <span class='ocrx_word' id='word_1_403' title='bbox 360 2529 564 2552; x_wconf 86' lang='lat' dir='ltr'><strong>versantur:ac</strong></span> <span class='ocrx_word' id='word_1_404' title='bbox 586 2531 621 2551; x_wconf 90' lang='lat' dir='ltr'><strong>ne</strong></span> <span class='ocrx_word' id='word_1_405' title='bbox 641 2523 683 2551; x_wconf 83' lang='lat' dir='ltr'><strong>vel</strong></span> <span class='ocrx_word' id='word_1_406' title='bbox 705 2523 789 2551; x_wconf 90' lang='lat' dir='ltr'><strong>semel</strong></span> <span class='ocrx_word' id='word_1_407' title='bbox 811 2523 844 2550; x_wconf 90' lang='lat' dir='ltr'><strong>ad</strong></span> <span class='ocrx_word' id='word_1_408' title='bbox 866 2531 962 2559; x_wconf 85' lang='lat' dir='ltr'><strong>preces</strong></span> <span class='ocrx_word' id='word_1_409' title='bbox 984 2531 1045 2551; x_wconf 87' lang='lat' dir='ltr'><strong>sese</strong></span> 
     </span>
    </p>
   </div>
   <div class='ocr_carea' id='block_1_56' title="bbox 264 2567 1045 2604">
    <p class='ocr_par' dir='ltr' id='par_1_56' title="bbox 264 2567 1045 2604">
     <span class='ocr_line' id='line_1_56' title="bbox 264 2567 1045 2604; baseline -0.001 -7"><span class='ocrx_word' id='word_1_410' title='bbox 264 2572 435 2601; x_wconf 83' lang='lat' dir='ltr'><strong>convertunt,</strong></span> <span class='ocrx_word' id='word_1_411' title='bbox 459 2573 623 2604; x_wconf 89' lang='lat' dir='ltr'><strong>quantorum</strong></span> <span class='ocrx_word' id='word_1_412' title='bbox 650 2575 797 2596; x_wconf 88' lang='lat' dir='ltr'><strong>munerum</strong></span> <span class='ocrx_word' id='word_1_413' title='bbox 823 2568 961 2596; x_wconf 85' lang='lat' dir='ltr'><strong>debitores</strong></span> <span class='ocrx_word' id='word_1_414' title='bbox 989 2567 1045 2596; x_wconf 86' lang='lat' dir='ltr'><strong>Deo</strong></span> 
     </span>
    </p>
   </div>
   <div class='ocr_carea' id='block_1_57' title="bbox 265 2611 1045 2649">
    <p class='ocr_par' dir='ltr' id='par_1_57' title="bbox 265 2611 1045 2649">
     <span class='ocr_line' id='line_1_57' title="bbox 265 2611 1045 2649; baseline -0.003 -6"><span class='ocrx_word' id='word_1_415' title='bbox 265 2615 330 2644; x_wconf 90' lang='lat' dir='ltr'><strong>sint.</strong></span> <span class='ocrx_word' id='word_1_416' title='bbox 347 2613 404 2641; x_wconf 84' lang='lat' dir='ltr'><strong>Hoc</strong></span> <span class='ocrx_word' id='word_1_417' title='bbox 422 2614 483 2642; x_wconf 61' lang='lat' dir='ltr'><strong>vitae</strong></span> <span class='ocrx_word' id='word_1_418' title='bbox 498 2615 603 2642; x_wconf 88' lang='lat' dir='ltr'><strong>lucrum</strong></span> <span class='ocrx_word' id='word_1_419' title='bbox 618 2619 670 2646; x_wconf 85' lang='lat' dir='ltr'><strong>est.</strong></span> <span class='ocrx_word' id='word_1_420' title='bbox 693 2613 748 2641; x_wconf 90' lang='lat' dir='ltr'><strong>Deo</strong></span> <span class='ocrx_word' id='word_1_421' title='bbox 769 2611 943 2645; x_wconf 80' lang='lat' dir='ltr'><strong>benedicere.</strong></span> <span class='ocrx_word' id='word_1_422' title='bbox 962 2617 1045 2649; x_wconf 89' lang='lat' dir='ltr'><strong>atque</strong></span> 
     </span>
    </p>
   </div>
   <div class='ocr_carea' id='block_1_58' title="bbox 266 2658 1045 2695">
    <p class='ocr_par' dir='ltr' id='par_1_58' title="bbox 266 2658 1045 2695">
     <span class='ocr_line' id='line_1_58' title="bbox 266 2658 1045 2695; baseline -0.003 -8"><span class='ocrx_word' id='word_1_423' title='bbox 266 2660 317 2688; x_wconf 89' lang='lat' dir='ltr'><strong>hac</strong></span> <span class='ocrx_word' id='word_1_424' title='bbox 331 2659 359 2687; x_wconf 92' lang='lat' dir='ltr'><strong>in</strong></span> <span class='ocrx_word' id='word_1_425' title='bbox 379 2666 408 2686; x_wconf 88' lang='lat' dir='ltr'><strong>re</strong></span> <span class='ocrx_word' id='word_1_426' title='bbox 423 2659 504 2686; x_wconf 80' lang='lat' dir='ltr'><strong>vitam</strong></span> <span class='ocrx_word' id='word_1_427' title='bbox 523 2666 602 2694; x_wconf 83' lang='lat' dir='ltr'><strong>agere</strong></span> <span class='ocrx_word' id='word_1_428' title='bbox 616 2659 727 2695; x_wconf 85' lang='lat' dir='ltr'><strong>dignum</strong></span> <span class='ocrx_word' id='word_1_429' title='bbox 741 2663 793 2687; x_wconf 87' lang='lat' dir='ltr'><strong>est.</strong></span> <span class='ocrx_word' id='word_1_430' title='bbox 806 2658 871 2687; x_wconf 81' lang='lat' dir='ltr'><strong>Jure</strong></span> <span class='ocrx_word' id='word_1_431' title='bbox 886 2662 977 2686; x_wconf 88' lang='lat' dir='ltr'><strong>autem</strong></span> <span class='ocrx_word' id='word_1_432' title='bbox 997 2659 1045 2686; x_wconf 92' lang='lat' dir='ltr'><strong>ad-</strong></span> 
     </span>
    </p>
   </div>
   <div class='ocr_carea' id='block_1_59' title="bbox 262 2702 1044 2741">
    <p class='ocr_par' dir='ltr' id='par_1_59' title="bbox 262 2702 1044 2741">
     <span class='ocr_line' id='line_1_59' title="bbox 262 2702 1044 2741; baseline -0.003 -8"><span class='ocrx_word' id='word_1_433' title='bbox 262 2705 329 2741; x_wconf 85' lang='lat' dir='ltr'><strong>jecit</strong></span> <span class='ocrx_word' id='word_1_434' title='bbox 349 2703 426 2736; x_wconf 89' lang='lat' dir='ltr'><strong>illud,</strong></span> <span class='ocrx_word' id='word_1_435' title='bbox 453 2702 487 2731; x_wconf 78' lang='lat' dir='ltr'><strong><em>In</em></strong></span> <span class='ocrx_word' id='word_1_436' title='bbox 510 2704 563 2731; x_wconf 79' lang='lat' dir='ltr'><strong>vita</strong></span> <span class='ocrx_word' id='word_1_437' title='bbox 586 2712 661 2737; x_wconf 83' lang='lat' dir='ltr'><strong>mea;</strong></span> <span class='ocrx_word' id='word_1_438' title='bbox 685 2709 713 2732; x_wconf 89' lang='lat' dir='ltr'><strong>et</strong></span> <span class='ocrx_word' id='word_1_439' title='bbox 736 2704 814 2737; x_wconf 90' lang='lat' dir='ltr'><strong>illud,</strong></span> <span class='ocrx_word' id='word_1_440' title='bbox 834 2704 962 2738; x_wconf 71' lang='lat' dir='ltr'><strong>Quamdiu</strong></span> <span class='ocrx_word' id='word_1_441' title='bbox 985 2712 1044 2731; x_wconf 78' lang='lat' dir='ltr'><strong>sum</strong></span> 
     </span>
    </p>
   </div>
   <div class='ocr_carea' id='block_1_60' title="bbox 262 2748 1043 2786">
    <p class='ocr_par' dir='ltr' id='par_1_60' title="bbox 262 2748 1043 2786">
     <span class='ocr_line' id='line_1_60' title="bbox 262 2748 1043 2786; baseline -0.001 -9"><span class='ocrx_word' id='word_1_442' title='bbox 262 2750 377 2786; x_wconf 75' lang='lat' dir='ltr'><strong>psallam</strong></span> <span class='ocrx_word' id='word_1_443' title='bbox 395 2749 459 2776; x_wconf 84' lang='lat' dir='ltr'><strong>Deo.</strong></span> <span class='ocrx_word' id='word_1_444' title='bbox 473 2748 566 2783; x_wconf 86' lang='lat' dir='ltr'><strong>Neque</strong></span> <span class='ocrx_word' id='word_1_445' title='bbox 586 2750 659 2776; x_wconf 89' lang='lat' dir='ltr'><strong>enim</strong></span> <span class='ocrx_word' id='word_1_446' title='bbox 679 2754 722 2777; x_wconf 88' lang='lat' dir='ltr'><strong>est</strong></span> <span class='ocrx_word' id='word_1_447' title='bbox 739 2750 876 2785; x_wconf 89' lang='lat' dir='ltr'><strong>quispiam</strong></span> <span class='ocrx_word' id='word_1_448' title='bbox 900 2750 928 2776; x_wconf 94' lang='lat' dir='ltr'><strong>in</strong></span> <span class='ocrx_word' id='word_1_449' title='bbox 946 2754 1043 2781; x_wconf 84' lang='lat' dir='ltr'><strong>morte,</strong></span> 
     </span>
    </p>
   </div>
   <div class='ocr_carea' id='block_1_61' title="bbox 262 2794 1043 2830">
    <p class='ocr_par' dir='ltr' id='par_1_61' title="bbox 262 2794 1043 2830">
     <span class='ocr_line' id='line_1_61' title="bbox 262 2794 1043 2830; baseline -0.001 -8"><span class='ocrx_word' id='word_1_450' title='bbox 262 2794 310 2830; x_wconf 90' lang='lat' dir='ltr'><strong>qui</strong></span> <span class='ocrx_word' id='word_1_451' title='bbox 322 2802 426 2822; x_wconf 89' lang='lat' dir='ltr'><strong>memor</strong></span> <span class='ocrx_word' id='word_1_452' title='bbox 445 2794 481 2823; x_wconf 89' lang='lat' dir='ltr'><strong>sit</strong></span> <span class='ocrx_word' id='word_1_453' title='bbox 494 2794 565 2830; x_wconf 84' lang='lat' dir='ltr'><strong>ejus,</strong></span> <span class='ocrx_word' id='word_1_454' title='bbox 583 2794 610 2821; x_wconf 90' lang='lat' dir='ltr'><strong>in</strong></span> <span class='ocrx_word' id='word_1_455' title='bbox 623 2794 729 2822; x_wconf 82' lang='lat' dir='ltr'><strong>inferno</strong></span> <span class='ocrx_word' id='word_1_456' title='bbox 746 2800 837 2822; x_wconf 82' lang='lat' dir='ltr'><strong>autem</strong></span> <span class='ocrx_word' id='word_1_457' title='bbox 852 2795 914 2830; x_wconf 87' lang='lat' dir='ltr'><strong>quis</strong></span> <span class='ocrx_word' id='word_1_458' title='bbox 927 2794 1043 2822; x_wconf 86' lang='lat' dir='ltr'><strong>conﬁte-</strong></span> 
     </span>
    </p>
   </div>
   <div class='ocr_carea' id='block_1_62' title="bbox 263 2839 1043 2875">
    <p class='ocr_par' dir='ltr' id='par_1_62' title="bbox 263 2839 1043 2875">
     <span class='ocr_line' id='line_1_62' title="bbox 263 2839 1043 2875; baseline 0 -8"><span class='ocrx_word' id='word_1_459' title='bbox 263 2839 356 2868; x_wconf 78' lang='lat' dir='ltr'><strong>bitur?</strong></span> <span class='ocrx_word' id='word_1_460' title='bbox 370 2839 416 2867; x_wconf 88' lang='lat' dir='ltr'><strong>Sic</strong></span> <span class='ocrx_word' id='word_1_461' title='bbox 430 2839 514 2867; x_wconf 80' lang='lat' dir='ltr'><strong>fatuis</strong></span> <span class='ocrx_word' id='word_1_462' title='bbox 530 2839 678 2874; x_wconf 80' lang='lat' dir='ltr'><strong>virginibus</strong></span> <span class='ocrx_word' id='word_1_463' title='bbox 689 2840 819 2875; x_wconf 89' lang='lat' dir='ltr'><strong>nuptialis</strong></span> <span class='ocrx_word' id='word_1_464' title='bbox 829 2839 947 2867; x_wconf 90' lang='lat' dir='ltr'><strong>cubiculi</strong></span> <span class='ocrx_word' id='word_1_465' title='bbox 959 2840 1043 2875; x_wconf 84' lang='lat' dir='ltr'><strong>janua</strong></span> 
     </span>
    </p>
   </div>
   <div class='ocr_carea' id='block_1_63' title="bbox 263 2885 1059 2922">
    <p class='ocr_par' dir='ltr' id='par_1_63' title="bbox 263 2885 1059 2922">
     <span class='ocr_line' id='line_1_63' title="bbox 263 2885 1059 2922; baseline 0 -8"><span class='ocrx_word' id='word_1_466' title='bbox 263 2887 356 2914; x_wconf 70' lang='lat' dir='ltr'><strong>clausa</strong></span> <span class='ocrx_word' id='word_1_467' title='bbox 369 2890 422 2918; x_wconf 84' lang='lat' dir='ltr'><strong>est.</strong></span> <span class='ocrx_word' id='word_1_468' title='bbox 438 2885 502 2922; x_wconf 85' lang='lat' dir='ltr'><strong>quia</strong></span> <span class='ocrx_word' id='word_1_469' title='bbox 518 2892 623 2921; x_wconf 78' lang='lat' dir='ltr'><strong>tempus</strong></span> <span class='ocrx_word' id='word_1_470' title='bbox 647 2886 719 2916; x_wconf 81' lang='lat' dir='ltr'><strong>quod</strong></span> <span class='ocrx_word' id='word_1_471' title='bbox 737 2886 764 2914; x_wconf 91' lang='lat' dir='ltr'><strong>in</strong></span> <span class='ocrx_word' id='word_1_472' title='bbox 783 2885 902 2914; x_wconf 85' lang='lat' dir='ltr'><strong>ferendis</strong></span> <span class='ocrx_word' id='word_1_473' title='bbox 916 2886 1059 2922; x_wconf 58' lang='grc' dir='ltr'><strong>ιιιιηρίιιιὶ-Δ</strong></span> 
     </span>
    </p>
   </div>
   <div class='ocr_carea' id='block_1_64' title="bbox 1100 268 1882 306">
    <p class='ocr_par' dir='ltr' id='par_1_64' title="bbox 1100 268 1882 306">
     <span class='ocr_line' id='line_1_64' title="bbox 1100 268 1882 306; baseline 0 -10"><span class='ocrx_word' id='word_1_474' title='bbox 1100 271 1143 304; x_wconf 68' lang='grc' dir='ltr'><strong>ὑφ’</strong></span> <span class='ocrx_word' id='word_1_475' title='bbox 1163 268 1193 297; x_wconf 70' lang='grc' dir='ltr'>οὗ</span> <span class='ocrx_word' id='word_1_476' title='bbox 1206 271 1235 296; x_wconf 84' lang='grc' dir='ltr'><strong>τὸ</strong></span> <span class='ocrx_word' id='word_1_477' title='bbox 1261 271 1404 306; x_wconf 75' lang='grc' dir='ltr'><strong>πρόσωπον</strong></span> <span class='ocrx_word' id='word_1_478' title='bbox 1422 271 1469 305; x_wconf 74' lang='grc' dir='ltr'><strong>τῆς</strong></span> <span class='ocrx_word' id='word_1_479' title='bbox 1484 270 1534 305; x_wconf 81' lang='grc' dir='ltr'><strong>γῆς</strong></span> <span class='ocrx_word' id='word_1_480' title='bbox 1562 269 1773 301; x_wconf 78' lang='grc' dir='ltr'>ἀνακαινίζεται.</span> <span class='ocrx_word' id='word_1_481' title='bbox 1797 270 1882 296; x_wconf 78' lang='grc' dir='ltr'><strong>Τοῦτο</strong></span> 
     </span>
    </p>
   </div>
   <div class='ocr_carea' id='block_1_65' title="bbox 1099 316 1881 354">
    <p class='ocr_par' dir='ltr' id='par_1_65' title="bbox 1099 316 1881 354">
     <span class='ocr_line' id='line_1_65' title="bbox 1099 316 1881 354; baseline -0.003 -10"><span class='ocrx_word' id='word_1_482' title='bbox 1099 318 1152 354; x_wconf 76' lang='grc' dir='ltr'><strong>γὰρ</strong></span> <span class='ocrx_word' id='word_1_483' title='bbox 1170 318 1265 349; x_wconf 74' lang='grc' dir='ltr'>κάλλος</span> <span class='ocrx_word' id='word_1_484' title='bbox 1277 338 1283 349; x_wconf 86' lang='grc'><strong>,</strong></span> <span class='ocrx_word' id='word_1_485' title='bbox 1312 317 1360 351; x_wconf 75' lang='grc' dir='ltr'>τῆς</span> <span class='ocrx_word' id='word_1_486' title='bbox 1377 316 1537 352; x_wconf 78' lang='grc' dir='ltr'><strong>οἰκουμένης</strong></span> <span class='ocrx_word' id='word_1_487' title='bbox 1562 316 1595 342; x_wconf 82' lang='grc' dir='ltr'><strong>τὰ</strong></span> <span class='ocrx_word' id='word_1_488' title='bbox 1622 316 1679 348; x_wconf 73' lang='grc' dir='ltr'>ζῶα</span> <span class='ocrx_word' id='word_1_489' title='bbox 1695 317 1729 342; x_wconf 75' lang='grc' dir='ltr'>τὰ</span> <span class='ocrx_word' id='word_1_490' title='bbox 1748 317 1776 341; x_wconf 79' lang='grc' dir='ltr'>ἐν</span> <span class='ocrx_word' id='word_1_491' title='bbox 1795 317 1881 351; x_wconf 66' lang='grc' dir='ltr'>αὐτῇ,</span> 
     </span>
    </p>
   </div>
   <div class='ocr_carea' id='block_1_66' title="bbox 1099 363 1883 399">
    <p class='ocr_par' dir='ltr' id='par_1_66' title="bbox 1099 363 1883 399">
     <span class='ocr_line' id='line_1_66' title="bbox 1099 363 1883 399; baseline 0.005 -10"><span class='ocrx_word' id='word_1_492' title='bbox 1099 365 1132 391; x_wconf 73' lang='grc' dir='ltr'><strong>τὰ</strong></span> <span class='ocrx_word' id='word_1_493' title='bbox 1148 365 1227 399; x_wconf 65' lang='grc' dir='ltr'>φυτὰ,</span> <span class='ocrx_word' id='word_1_494' title='bbox 1250 365 1302 390; x_wconf 80' lang='grc' dir='ltr'><strong>τῶν</strong></span> <span class='ocrx_word' id='word_1_495' title='bbox 1323 363 1472 399; x_wconf 78' lang='grc' dir='ltr'>ἁνῦρὼπων</span> <span class='ocrx_word' id='word_1_496' title='bbox 1492 363 1523 390; x_wconf 76' lang='grc' dir='ltr'><strong>τὸ</strong></span> <span class='ocrx_word' id='word_1_497' title='bbox 1549 363 1639 396; x_wconf 78' lang='grc' dir='ltr'><strong>γένος’</strong></span> <span class='ocrx_word' id='word_1_498' title='bbox 1657 363 1726 389; x_wconf 77' lang='grc' dir='ltr'><strong>ὥστε</strong></span> <span class='ocrx_word' id='word_1_499' title='bbox 1746 363 1774 389; x_wconf 74' lang='grc' dir='ltr'><strong>δὲ</strong></span> <span class='ocrx_word' id='word_1_500' title='bbox 1796 363 1883 389; x_wconf 71' lang='grc' dir='ltr'>ταῦτα</span> 
     </span>
    </p>
   </div>
   <div class='ocr_carea' id='block_1_67' title="bbox 1101 408 1882 445">
    <p class='ocr_par' dir='ltr' id='par_1_67' title="bbox 1101 408 1882 445">
     <span class='ocr_line' id='line_1_67' title="bbox 1101 408 1882 445; baseline -0.003 -9"><span class='ocrx_word' id='word_1_501' title='bbox 1101 411 1244 445; x_wconf 73' lang='grc' dir='ltr'><strong>συστῆναι,</strong></span> <span class='ocrx_word' id='word_1_502' title='bbox 1274 412 1322 444; x_wconf 81' lang='grc' dir='ltr'><strong>τῆς</strong></span> <span class='ocrx_word' id='word_1_503' title='bbox 1347 410 1410 444; x_wconf 84' lang='grc' dir='ltr'>παρ’</span> <span class='ocrx_word' id='word_1_504' title='bbox 1435 409 1516 435; x_wconf 78' lang='grc' dir='ltr'><strong>αὑτοῦ</strong></span> <span class='ocrx_word' id='word_1_505' title='bbox 1535 409 1675 444; x_wconf 77' lang='grc' dir='ltr'><strong>διδομένης</strong></span> <span class='ocrx_word' id='word_1_506' title='bbox 1700 408 1779 444; x_wconf 81' lang='grc' dir='ltr'>χρεία</span> <span class='ocrx_word' id='word_1_507' title='bbox 1800 408 1882 443; x_wconf 76' lang='grc' dir='ltr'><strong>πνοῆς</strong></span> 
     </span>
    </p>
   </div>
   <div class='ocr_carea' id='block_1_68' title="bbox 1100 455 1881 491">
    <p class='ocr_par' dir='ltr' id='par_1_68' title="bbox 1100 455 1881 491">
     <span class='ocr_line' id='line_1_68' title="bbox 1100 455 1881 491; baseline -0.003 -9"><span class='ocrx_word' id='word_1_508' title='bbox 1100 457 1145 482; x_wconf 67' lang='grc' dir='ltr'>καὶ</span> <span class='ocrx_word' id='word_1_509' title='bbox 1163 456 1234 491; x_wconf 72' lang='grc' dir='ltr'>ζωῆς</span> <span class='ocrx_word' id='word_1_510' title='bbox 1247 464 1252 470; x_wconf 80' lang='grc'><strong><em>⁸</em></strong></span> <span class='ocrx_word' id='word_1_511' title='bbox 1268 456 1301 491; x_wconf 78' lang='grc' dir='ltr'><strong>ἣν</strong></span> <span class='ocrx_word' id='word_1_512' title='bbox 1328 457 1373 482; x_wconf 70' lang='grc' dir='ltr'>καὶ</span> <span class='ocrx_word' id='word_1_513' title='bbox 1388 455 1476 482; x_wconf 71' lang='grc' dir='ltr'><strong>δοῦναι</strong></span> <span class='ocrx_word' id='word_1_514' title='bbox 1498 456 1543 481; x_wconf 74' lang='grc' dir='ltr'><strong>καὶ</strong></span> <span class='ocrx_word' id='word_1_515' title='bbox 1561 455 1650 481; x_wconf 71' lang='grc' dir='ltr'>λαϐεῖν</span> <span class='ocrx_word' id='word_1_516' title='bbox 1676 455 1750 490; x_wconf 73' lang='grc' dir='ltr'>αὐτῷ</span> <span class='ocrx_word' id='word_1_517' title='bbox 1774 455 1881 490; x_wconf 72' lang='grc' dir='ltr'><strong>ῥᾴδιον,</strong></span> 
     </span>
    </p>
   </div>
   <div class='ocr_carea' id='block_1_69' title="bbox 1099 500 1884 537">
    <p class='ocr_par' dir='ltr' id='par_1_69' title="bbox 1099 500 1884 537">
     <span class='ocr_line' id='line_1_69' title="bbox 1099 500 1884 537; baseline -0.003 -9"><span class='ocrx_word' id='word_1_518' title='bbox 1099 503 1146 529; x_wconf 68' lang='grc' dir='ltr'>καὶ</span> <span class='ocrx_word' id='word_1_519' title='bbox 1170 503 1257 528; x_wconf 76' lang='grc' dir='ltr'>πάντα</span> <span class='ocrx_word' id='word_1_520' title='bbox 1287 502 1355 537; x_wconf 77' lang='grc' dir='ltr'>μετὰ</span> <span class='ocrx_word' id='word_1_521' title='bbox 1374 503 1470 536; x_wconf 72' lang='grc' dir='ltr'><strong>τάχους</strong></span> <span class='ocrx_word' id='word_1_522' title='bbox 1494 501 1540 527; x_wconf 70' lang='grc' dir='ltr'><strong>καὶ</strong></span> <span class='ocrx_word' id='word_1_523' title='bbox 1567 501 1699 532; x_wconf 77' lang='grc' dir='ltr'>εὐκολίας.</span> <span class='ocrx_word' id='word_1_524' title='bbox 1726 501 1781 527; x_wconf 72' lang='grc' dir='ltr'><strong>Καὶ</strong></span> <span class='ocrx_word' id='word_1_525' title='bbox 1806 500 1884 527; x_wconf 75' lang='grc' dir='ltr'><strong>τοῦτο</strong></span> 
     </span>
    </p>
   </div>
   <div class='ocr_carea' id='block_1_70' title="bbox 1101 546 1884 582">
    <p class='ocr_par' dir='ltr' id='par_1_70' title="bbox 1101 546 1884 582">
     <span class='ocr_line' id='line_1_70' title="bbox 1101 546 1884 582; baseline -0.003 -9"><span class='ocrx_word' id='word_1_526' title='bbox 1101 548 1217 582; x_wconf 69' lang='grc' dir='ltr'><strong>μάλιστα</strong></span> <span class='ocrx_word' id='word_1_527' title='bbox 1234 547 1368 573; x_wconf 71' lang='grc' dir='ltr'><strong>δεεκνυσιν</strong></span> <span class='ocrx_word' id='word_1_528' title='bbox 1381 547 1461 573; x_wconf 73' lang='grc' dir='ltr'>αὐτοῦ</span> <span class='ocrx_word' id='word_1_529' title='bbox 1476 547 1523 582; x_wconf 80' lang='grc' dir='ltr'><strong>τὴν</strong></span> <span class='ocrx_word' id='word_1_530' title='bbox 1540 547 1625 581; x_wconf 66' lang='grc' dir='ltr'><strong>ἱσκύν.</strong></span> <span class='ocrx_word' id='word_1_531' title='bbox 1648 547 1728 581; x_wconf 78' lang='grc' dir='ltr'><strong>Ὁρᾷς</strong></span> <span class='ocrx_word' id='word_1_532' title='bbox 1745 546 1791 572; x_wconf 66' lang='grc' dir='ltr'><strong>καὶ</strong></span> <span class='ocrx_word' id='word_1_533' title='bbox 1803 547 1832 572; x_wconf 82' lang='grc' dir='ltr'><strong>ὲν</strong></span> <span class='ocrx_word' id='word_1_534' title='bbox 1845 546 1884 580; x_wconf 77' lang='grc' dir='ltr'><strong>τῷ</strong></span> 
     </span>
    </p>
   </div>
   <div class='ocr_carea' id='block_1_71' title="bbox 1100 593 1884 629">
    <p class='ocr_par' dir='ltr' id='par_1_71' title="bbox 1100 593 1884 629">
     <span class='ocr_line' id='line_1_71' title="bbox 1100 593 1884 629; baseline -0.001 -10"><span class='ocrx_word' id='word_1_535' title='bbox 1100 594 1213 629; x_wconf 74' lang='grc' dir='ltr'>παρόντι</span> <span class='ocrx_word' id='word_1_536' title='bbox 1246 593 1296 627; x_wconf 75' lang='grc' dir='ltr'><strong>βίῳ</strong></span> <span class='ocrx_word' id='word_1_537' title='bbox 1324 594 1511 628; x_wconf 72' lang='grc' dir='ltr'>μελετωμένην</span> <span class='ocrx_word' id='word_1_538' title='bbox 1528 593 1576 627; x_wconf 79' lang='grc' dir='ltr'><strong>τὴν</strong></span> <span class='ocrx_word' id='word_1_539' title='bbox 1607 593 1754 619; x_wconf 75' lang='grc' dir='ltr'><strong>ἀνάστασιν</strong></span> <span class='ocrx_word' id='word_1_540' title='bbox 1777 594 1807 618; x_wconf 78' lang='grc' dir='ltr'><strong>ὲν</strong></span> <span class='ocrx_word' id='word_1_541' title='bbox 1829 593 1884 623; x_wconf 78' lang='grc' dir='ltr'><strong>τοῖς</strong></span> 
     </span>
    </p>
   </div>
   <div class='ocr_carea' id='block_1_72' title="bbox 1100 638 1884 674">
    <p class='ocr_par' dir='ltr' id='par_1_72' title="bbox 1100 638 1884 674">
     <span class='ocr_line' id='line_1_72' title="bbox 1100 638 1884 674; baseline -0.001 -9"><span class='ocrx_word' id='word_1_542' title='bbox 1100 640 1252 674; x_wconf 79' lang='grc' dir='ltr'><strong>σπέρμασιν</strong></span> <span class='ocrx_word' id='word_1_543' title='bbox 1263 659 1269 671; x_wconf 77' lang='lat'><strong>,</strong></span> <span class='ocrx_word' id='word_1_544' title='bbox 1297 640 1324 665; x_wconf 77' lang='grc' dir='ltr'>ἐν</span> <span class='ocrx_word' id='word_1_545' title='bbox 1339 642 1394 670; x_wconf 79' lang='grc' dir='ltr'>τοῖς</span> <span class='ocrx_word' id='word_1_546' title='bbox 1415 641 1506 674; x_wconf 71' lang='grc' dir='ltr'><strong>φυτοῖς</strong></span> <span class='ocrx_word' id='word_1_547' title='bbox 1519 661 1525 671; x_wconf 87' lang='grc'><strong>,</strong></span> <span class='ocrx_word' id='word_1_548' title='bbox 1542 639 1587 665; x_wconf 81' lang='grc' dir='ltr'>καὶ</span> <span class='ocrx_word' id='word_1_549' title='bbox 1613 640 1641 665; x_wconf 76' lang='grc' dir='ltr'><strong>ὲν</strong></span> <span class='ocrx_word' id='word_1_550' title='bbox 1664 638 1738 673; x_wconf 85' lang='grc' dir='ltr'><strong>αὐτῷ</strong></span> <span class='ocrx_word' id='word_1_551' title='bbox 1753 638 1792 673; x_wconf 84' lang='grc' dir='ltr'><strong>τῷ</strong></span> <span class='ocrx_word' id='word_1_552' title='bbox 1811 638 1884 672; x_wconf 78' lang='grc' dir='ltr'><strong>γένει</strong></span> 
     </span>
    </p>
   </div>
   <div class='ocr_carea' id='block_1_73' title="bbox 1099 684 1885 721">
    <p class='ocr_par' dir='ltr' id='par_1_73' title="bbox 1099 684 1885 721">
     <span class='ocr_line' id='line_1_73' title="bbox 1099 684 1885 721; baseline -0.001 -11"><span class='ocrx_word' id='word_1_553' title='bbox 1099 685 1151 711; x_wconf 85' lang='grc' dir='ltr'><strong>τῶν</strong></span> <span class='ocrx_word' id='word_1_554' title='bbox 1165 684 1324 721; x_wconf 75' lang='grc' dir='ltr'><strong>ἀνθρώπων.</strong></span> <span class='ocrx_word' id='word_1_555' title='bbox 1339 686 1392 712; x_wconf 69' lang='grc' dir='ltr'><strong>Καὶ</strong></span> <span class='ocrx_word' id='word_1_556' title='bbox 1412 684 1467 716; x_wconf 78' lang='grc' dir='ltr'><strong>ζῶα</strong></span> <span class='ocrx_word' id='word_1_557' title='bbox 1480 685 1534 720; x_wconf 76' lang='grc' dir='ltr'><strong>γὰρ</strong></span> <span class='ocrx_word' id='word_1_558' title='bbox 1547 686 1593 711; x_wconf 77' lang='grc' dir='ltr'>καὶ</span> <span class='ocrx_word' id='word_1_559' title='bbox 1611 684 1681 718; x_wconf 78' lang='grc' dir='ltr'><strong>φυτὰ</strong></span> <span class='ocrx_word' id='word_1_560' title='bbox 1698 685 1757 710; x_wconf 78' lang='grc' dir='ltr'>κατ’</span> <span class='ocrx_word' id='word_1_561' title='bbox 1771 684 1885 718; x_wconf 75' lang='grc' dir='ltr'>ἔσχατον</span> 
     </span>
    </p>
   </div>
   <div class='ocr_carea' id='block_1_74' title="bbox 1099 728 1885 767">
    <p class='ocr_par' dir='ltr' id='par_1_74' title="bbox 1099 728 1885 767">
     <span class='ocr_line' id='line_1_74' title="bbox 1099 728 1885 767; baseline -0.003 -10"><span class='ocrx_word' id='word_1_562' title='bbox 1099 732 1232 767; x_wconf 81' lang='grc' dir='ltr'>ἁπήχημα</span> <span class='ocrx_word' id='word_1_563' title='bbox 1247 731 1296 766; x_wconf 75' lang='grc' dir='ltr'><strong>τῆς</strong></span> <span class='ocrx_word' id='word_1_564' title='bbox 1316 731 1387 766; x_wconf 80' lang='grc' dir='ltr'><strong>ζωῆς</strong></span> <span class='ocrx_word' id='word_1_565' title='bbox 1400 731 1489 765; x_wconf 70' lang='grc' dir='ltr'><strong>ἔχουσι</strong></span> <span class='ocrx_word' id='word_1_566' title='bbox 1510 731 1540 756; x_wconf 86' lang='grc' dir='ltr'><strong>τὸ</strong></span> <span class='ocrx_word' id='word_1_567' title='bbox 1556 729 1632 759; x_wconf 71' lang='grc' dir='ltr'><strong>εἶναι,</strong></span> <span class='ocrx_word' id='word_1_568' title='bbox 1653 728 1686 765; x_wconf 75' lang='grc' dir='ltr'>ἧς</span> <span class='ocrx_word' id='word_1_569' title='bbox 1708 731 1885 765; x_wconf 77' lang='grc' dir='ltr'><strong>ἀνταναιρου-</strong></span> 
     </span>
    </p>
   </div>
   <div class='ocr_carea' id='block_1_75' title="bbox 1101 774 1885 810">
    <p class='ocr_par' dir='ltr' id='par_1_75' title="bbox 1101 774 1885 810">
     <span class='ocr_line' id='line_1_75' title="bbox 1101 774 1885 810; baseline -0.003 -8"><span class='ocrx_word' id='word_1_570' title='bbox 1101 776 1183 810; x_wconf 78' lang='grc' dir='ltr'>μένης</span> <span class='ocrx_word' id='word_1_571' title='bbox 1201 776 1270 802; x_wconf 78' lang='grc' dir='ltr'>κατὰ</span> <span class='ocrx_word' id='word_1_572' title='bbox 1285 776 1314 802; x_wconf 74' lang='grc' dir='ltr'>τὸ</span> <span class='ocrx_word' id='word_1_573' title='bbox 1327 776 1426 810; x_wconf 81' lang='grc' dir='ltr'><strong>λόγιον,</strong></span> <span class='ocrx_word' id='word_1_574' title='bbox 1450 775 1568 802; x_wconf 74' lang='grc' dir='ltr'><strong>ἐκλείπει</strong></span> <span class='ocrx_word' id='word_1_575' title='bbox 1584 776 1657 801; x_wconf 72' lang='grc' dir='ltr'>πᾶσα</span> <span class='ocrx_word' id='word_1_576' title='bbox 1671 775 1736 810; x_wconf 74' lang='grc' dir='ltr'>ζωὴ,</span> <span class='ocrx_word' id='word_1_577' title='bbox 1751 774 1800 801; x_wconf 69' lang='grc' dir='ltr'><strong>καὶ</strong></span> <span class='ocrx_word' id='word_1_578' title='bbox 1816 774 1885 809; x_wconf 71' lang='grc' dir='ltr'>πρὸς</span> 
     </span>
    </p>
   </div>
   <div class='ocr_carea' id='block_1_76' title="bbox 1100 820 1885 857">
    <p class='ocr_par' dir='ltr' id='par_1_76' title="bbox 1100 820 1885 857">
     <span class='ocr_line' id='line_1_76' title="bbox 1100 820 1885 857; baseline -0.001 -10"><span class='ocrx_word' id='word_1_579' title='bbox 1100 822 1127 847; x_wconf 81' lang='grc' dir='ltr'><strong>ἓν</strong></span> <span class='ocrx_word' id='word_1_580' title='bbox 1142 822 1175 847; x_wconf 74' lang='grc' dir='ltr'>τὰ</span> <span class='ocrx_word' id='word_1_581' title='bbox 1188 822 1363 848; x_wconf 77' lang='grc' dir='ltr'><strong>ἐκλελοιπότα</strong></span> <span class='ocrx_word' id='word_1_582' title='bbox 1378 823 1409 857; x_wconf 81' lang='grc' dir='ltr'><strong>τῇ</strong></span> <span class='ocrx_word' id='word_1_583' title='bbox 1429 822 1495 856; x_wconf 73' lang='grc' dir='ltr'><strong>πρὸς</strong></span> <span class='ocrx_word' id='word_1_584' title='bbox 1507 822 1536 848; x_wconf 76' lang='grc' dir='ltr'><strong>τὸ</strong></span> <span class='ocrx_word' id='word_1_585' title='bbox 1561 822 1683 856; x_wconf 76' lang='grc' dir='ltr'><strong>μετέχειν</strong></span> <span class='ocrx_word' id='word_1_586' title='bbox 1700 821 1784 856; x_wconf 80' lang='grc' dir='ltr'>αὐτῆς</span> <span class='ocrx_word' id='word_1_587' title='bbox 1805 820 1885 847; x_wconf 76' lang='grc' dir='ltr'>ἀσθε-</span> 
     </span>
    </p>
   </div>
   <div class='ocr_carea' id='block_1_77' title="bbox 1099 866 1885 904">
    <p class='ocr_par' dir='ltr' id='par_1_77' title="bbox 1099 866 1885 904">
     <span class='ocr_line' id='line_1_77' title="bbox 1099 866 1885 904; baseline -0.003 -10"><span class='ocrx_word' id='word_1_588' title='bbox 1099 868 1157 904; x_wconf 75' lang='grc' dir='ltr'>νείᾳ</span> <span class='ocrx_word' id='word_1_589' title='bbox 1179 869 1258 894; x_wconf 79' lang='grc' dir='ltr'>πάλιν</span> <span class='ocrx_word' id='word_1_590' title='bbox 1287 868 1503 904; x_wconf 65' lang='grc' dir='ltr'>ἐπιστρεφόμενα</span> <span class='ocrx_word' id='word_1_591' title='bbox 1516 888 1522 899; x_wconf 83' lang='lat'><strong>,</strong></span> <span class='ocrx_word' id='word_1_592' title='bbox 1539 867 1619 894; x_wconf 81' lang='grc' dir='ltr'><strong>πάλιν</strong></span> <span class='ocrx_word' id='word_1_593' title='bbox 1635 867 1691 899; x_wconf 79' lang='grc' dir='ltr'><strong>ζῶα</strong></span> <span class='ocrx_word' id='word_1_594' title='bbox 1708 866 1822 901; x_wconf 86' lang='grc' dir='ltr'><strong>γίνεται.</strong></span> <span class='ocrx_word' id='word_1_595' title='bbox 1848 867 1885 892; x_wconf 70' lang='lat' dir='ltr'><strong>To</strong></span> 
     </span>
    </p>
   </div>
   <div class='ocr_carea' id='block_1_78' title="bbox 1065 912 1885 948">
    <p class='ocr_par' dir='ltr' id='par_1_78' title="bbox 1065 912 1885 948">
     <span class='ocr_line' id='line_1_78' title="bbox 1065 912 1885 948; baseline 0 -9"><span class='ocrx_word' id='word_1_596' title='bbox 1065 912 1084 938; x_wconf 85' lang='grc' dir='ltr'><strong>Β</strong></span> <span class='ocrx_word' id='word_1_597' title='bbox 1099 913 1126 939; x_wconf 79' lang='grc' dir='ltr'><strong>δὲ</strong></span> <span class='ocrx_word' id='word_1_598' title='bbox 1153 913 1299 944; x_wconf 76' lang='grc' dir='ltr'>Θειὸτατον,</span> <span class='ocrx_word' id='word_1_599' title='bbox 1316 914 1356 939; x_wconf 83' lang='grc' dir='ltr'><strong>ὅτι</strong></span> <span class='ocrx_word' id='word_1_600' title='bbox 1376 914 1422 939; x_wconf 76' lang='grc' dir='ltr'>καὶ</span> <span class='ocrx_word' id='word_1_601' title='bbox 1445 914 1511 944; x_wconf 77' lang='grc' dir='ltr'><strong>ὅλως</strong></span> <span class='ocrx_word' id='word_1_602' title='bbox 1529 914 1611 948; x_wconf 80' lang='grc' dir='ltr'>ἡμᾶς,</span> <span class='ocrx_word' id='word_1_603' title='bbox 1640 912 1727 947; x_wconf 71' lang='grc' dir='ltr'><strong>ψυχάς</strong></span> <span class='ocrx_word' id='word_1_604' title='bbox 1745 921 1815 947; x_wconf 78' lang='grc' dir='ltr'><strong>φημι</strong></span> <span class='ocrx_word' id='word_1_605' title='bbox 1837 914 1885 939; x_wconf 76' lang='grc' dir='ltr'><strong>καὶ</strong></span> 
     </span>
    </p>
   </div>
   <div class='ocr_carea' id='block_1_79' title="bbox 1099 958 1884 994">
    <p class='ocr_par' dir='ltr' id='par_1_79' title="bbox 1099 958 1884 994">
     <span class='ocr_line' id='line_1_79' title="bbox 1099 958 1884 994; baseline 0.001 -10"><span class='ocrx_word' id='word_1_606' title='bbox 1099 959 1132 985; x_wconf 75' lang='grc' dir='ltr'><strong>τὰ</strong></span> <span class='ocrx_word' id='word_1_607' title='bbox 1148 959 1249 994; x_wconf 76' lang='grc' dir='ltr'><strong>συζυγῆ</strong></span> <span class='ocrx_word' id='word_1_608' title='bbox 1265 958 1387 994; x_wconf 81' lang='grc' dir='ltr'><strong>σώματα,</strong></span> <span class='ocrx_word' id='word_1_609' title='bbox 1406 959 1473 994; x_wconf 76' lang='grc' dir='ltr'><strong>πρὸς</strong></span> <span class='ocrx_word' id='word_1_610' title='bbox 1489 959 1605 993; x_wconf 82' lang='grc' dir='ltr'>παντελῆ</span> <span class='ocrx_word' id='word_1_611' title='bbox 1621 958 1693 994; x_wconf 76' lang='grc' dir='ltr'><strong>ζωὴν</strong></span> <span class='ocrx_word' id='word_1_612' title='bbox 1715 959 1761 985; x_wconf 81' lang='grc' dir='ltr'><strong>καὶ</strong></span> <span class='ocrx_word' id='word_1_613' title='bbox 1782 959 1884 985; x_wconf 68' lang='grc' dir='ltr'>ἀθαναν</span> 
     </span>
    </p>
   </div>
   <div class='ocr_carea' id='block_1_80' title="bbox 1101 1004 1885 1040">
    <p class='ocr_par' dir='ltr' id='par_1_80' title="bbox 1101 1004 1885 1040">
     <span class='ocr_line' id='line_1_80' title="bbox 1101 1004 1885 1040; baseline 0.001 -10"><span class='ocrx_word' id='word_1_614' title='bbox 1101 1004 1160 1030; x_wconf 80' lang='grc' dir='ltr'><strong>σίαν</strong></span> <span class='ocrx_word' id='word_1_615' title='bbox 1173 1005 1336 1040; x_wconf 72' lang='grc' dir='ltr'><strong>ἐπήγγελται</strong></span> <span class='ocrx_word' id='word_1_616' title='bbox 1352 1006 1527 1040; x_wconf 75' lang='grc' dir='ltr'>μεταθήσειν·</span> <span class='ocrx_word' id='word_1_617' title='bbox 1545 1007 1659 1040; x_wconf 78' lang='grc' dir='ltr'><strong>πρᾶγμα</strong></span> <span class='ocrx_word' id='word_1_618' title='bbox 1670 1006 1703 1040; x_wconf 82' lang='grc' dir='ltr'><strong>τῇ</strong></span> <span class='ocrx_word' id='word_1_619' title='bbox 1723 1004 1885 1039; x_wconf 78' lang='grc' dir='ltr'><strong>παλαιότητι</strong></span> 
     </span>
    </p>
   </div>
   <div class='ocr_carea' id='block_1_81' title="bbox 1101 1051 1884 1087">
    <p class='ocr_par' dir='ltr' id='par_1_81' title="bbox 1101 1051 1884 1087">
     <span class='ocr_line' id='line_1_81' title="bbox 1101 1051 1884 1087; baseline 0.001 -11"><span class='ocrx_word' id='word_1_620' title='bbox 1101 1051 1149 1085; x_wconf 82' lang='grc' dir='ltr'>μὲν</span> <span class='ocrx_word' id='word_1_621' title='bbox 1163 1051 1226 1081; x_wconf 75' lang='grc' dir='ltr'><strong>ἴσως</strong></span> <span class='ocrx_word' id='word_1_622' title='bbox 1239 1051 1312 1086; x_wconf 68' lang='grc' dir='ltr'><strong>παρὰ</strong></span> <span class='ocrx_word' id='word_1_623' title='bbox 1328 1051 1406 1085; x_wconf 73' lang='grc' dir='ltr'><strong>φύσιν</strong></span> <span class='ocrx_word' id='word_1_624' title='bbox 1423 1051 1526 1082; x_wconf 74' lang='grc' dir='ltr'><strong>δοκοῦν,</strong></span> <span class='ocrx_word' id='word_1_625' title='bbox 1544 1053 1576 1087; x_wconf 84' lang='grc' dir='ltr'>τῇ</span> <span class='ocrx_word' id='word_1_626' title='bbox 1588 1051 1742 1087; x_wconf 73' lang='grc' dir='ltr'><strong>ὁὲ”ἀληοείᾳ</strong></span> <span class='ocrx_word' id='word_1_627' title='bbox 1754 1052 1802 1077; x_wconf 75' lang='grc' dir='ltr'><strong>καὶ</strong></span> <span class='ocrx_word' id='word_1_628' title='bbox 1813 1051 1884 1078; x_wconf 77' lang='grc' dir='ltr'>θεῖον</span> 
     </span>
    </p>
   </div>
   <div class='ocr_carea' id='block_1_82' title="bbox 1100 1096 1883 1132">
    <p class='ocr_par' dir='ltr' id='par_1_82' title="bbox 1100 1096 1883 1132">
     <span class='ocr_line' id='line_1_82' title="bbox 1100 1096 1883 1132; baseline 0 -10"><span class='ocrx_word' id='word_1_629' title='bbox 1100 1097 1146 1122; x_wconf 69' lang='grc' dir='ltr'>καὶ</span> <span class='ocrx_word' id='word_1_630' title='bbox 1166 1097 1235 1132; x_wconf 73' lang='grc' dir='ltr'>ὑπὲρ</span> <span class='ocrx_word' id='word_1_631' title='bbox 1251 1097 1330 1130; x_wconf 51' lang='lat' dir='ltr'><strong>quem</strong></span> <span class='ocrx_word' id='word_1_632' title='bbox 1344 1098 1391 1131; x_wconf 79' lang='grc' dir='ltr'>τὴν</span> <span class='ocrx_word' id='word_1_633' title='bbox 1412 1097 1471 1122; x_wconf 81' lang='grc' dir='ltr'>καθ’</span> <span class='ocrx_word' id='word_1_634' title='bbox 1493 1097 1575 1131; x_wconf 78' lang='grc' dir='ltr'>ἡμᾶς,</span> <span class='ocrx_word' id='word_1_635' title='bbox 1598 1097 1627 1123; x_wconf 79' lang='grc' dir='ltr'><strong>οὑ</strong></span> <span class='ocrx_word' id='word_1_636' title='bbox 1654 1096 1702 1131; x_wconf 81' lang='grc' dir='ltr'><strong>τὴν</strong></span> <span class='ocrx_word' id='word_1_637' title='bbox 1729 1096 1883 1131; x_wconf 83' lang='grc' dir='ltr'>πανσθενῆ·</span> 
     </span>
    </p>
   </div>
   <div class='ocr_carea' id='block_1_83' title="bbox 1100 1141 1883 1177">
    <p class='ocr_par' dir='ltr' id='par_1_83' title="bbox 1100 1141 1883 1177">
     <span class='ocr_line' id='line_1_83' title="bbox 1100 1141 1883 1177; baseline 0.001 -10"><span class='ocrx_word' id='word_1_638' title='bbox 1100 1142 1166 1176; x_wconf 72' lang='grc' dir='ltr'>αὐτῇ</span> <span class='ocrx_word' id='word_1_639' title='bbox 1183 1142 1236 1177; x_wconf 72' lang='grc' dir='ltr'><strong>γὰρ</strong></span> <span class='ocrx_word' id='word_1_640' title='bbox 1251 1142 1310 1168; x_wconf 65' lang='grc' dir='ltr'><strong>οὐδὲ</strong></span> <span class='ocrx_word' id='word_1_641' title='bbox 1329 1142 1376 1176; x_wconf 81' lang='grc' dir='ltr'>μία</span> <span class='ocrx_word' id='word_1_642' title='bbox 1394 1142 1449 1177; x_wconf 73' lang='grc' dir='ltr'><strong>ζωὴ</strong></span> <span class='ocrx_word' id='word_1_643' title='bbox 1470 1142 1543 1177; x_wconf 68' lang='grc' dir='ltr'>παρὰ</span> <span class='ocrx_word' id='word_1_644' title='bbox 1562 1141 1679 1176; x_wconf 71' lang='grc' dir='ltr'><strong>φύσιν,ἢ</strong></span> <span class='ocrx_word' id='word_1_645' title='bbox 1699 1142 1769 1177; x_wconf 79' lang='grc' dir='ltr'><strong>ὑπὲρ</strong></span> <span class='ocrx_word' id='word_1_646' title='bbox 1792 1141 1883 1176; x_wconf 79' lang='grc' dir='ltr'><strong>φύσιν,</strong></span> 
     </span>
    </p>
   </div>
   <div class='ocr_carea' id='block_1_84' title="bbox 1100 1187 1885 1222">
    <p class='ocr_par' dir='ltr' id='par_1_84' title="bbox 1100 1187 1885 1222">
     <span class='ocr_line' id='line_1_84' title="bbox 1100 1187 1885 1222; baseline 0 -10"><span class='ocrx_word' id='word_1_647' title='bbox 1100 1187 1168 1213; x_wconf 72' lang='grc' dir='ltr'><strong>ὥστε</strong></span> <span class='ocrx_word' id='word_1_648' title='bbox 1184 1188 1207 1213; x_wconf 79' lang='grc' dir='ltr'><strong>οἱ</strong></span> <span class='ocrx_word' id='word_1_649' title='bbox 1232 1187 1295 1222; x_wconf 66' lang='grc' dir='ltr'>περὶ</span> <span class='ocrx_word' id='word_1_650' title='bbox 1312 1187 1412 1212; x_wconf 79' lang='grc' dir='ltr'><strong>τούτων</strong></span> <span class='ocrx_word' id='word_1_651' title='bbox 1430 1187 1479 1221; x_wconf 76' lang='grc' dir='ltr'><strong>τῆς</strong></span> <span class='ocrx_word' id='word_1_652' title='bbox 1496 1187 1638 1222; x_wconf 80' lang='grc' dir='ltr'>παροινίας</span> <span class='ocrx_word' id='word_1_653' title='bbox 1654 1187 1774 1221; x_wconf 75' lang='grc' dir='ltr'><strong>Σίμωνος</strong></span> <span class='ocrx_word' id='word_1_654' title='bbox 1791 1187 1885 1222; x_wconf 82' lang='grc' dir='ltr'><strong>ἀντιρ-</strong></span> 
     </span>
    </p>
   </div>
   <div class='ocr_carea' id='block_1_85' title="bbox 1101 1233 1885 1269">
    <p class='ocr_par' dir='ltr' id='par_1_85' title="bbox 1101 1233 1885 1269">
     <span class='ocr_line' id='line_1_85' title="bbox 1101 1233 1885 1269; baseline 0.001 -10"><span class='ocrx_word' id='word_1_655' title='bbox 1101 1234 1205 1268; x_wconf 73' lang='grc' dir='ltr'>ρητικοὶ</span> <span class='ocrx_word' id='word_1_656' title='bbox 1219 1234 1291 1267; x_wconf 73' lang='grc' dir='ltr'><strong>λόγοι</strong></span> <span class='ocrx_word' id='word_1_657' title='bbox 1312 1234 1549 1269; x_wconf 78' lang='grc' dir='ltr'>ἀπεληλάσοωσαν.</span> <span class='ocrx_word' id='word_1_658' title='bbox 1574 1234 1651 1265; x_wconf 78' lang='grc' dir='ltr'>Τινὲς</span> <span class='ocrx_word' id='word_1_659' title='bbox 1665 1234 1692 1260; x_wconf 81' lang='grc' dir='ltr'><strong>δὲ</strong></span> <span class='ocrx_word' id='word_1_660' title='bbox 1708 1233 1779 1260; x_wconf 79' lang='grc' dir='ltr'><strong>οὕτω</strong></span> <span class='ocrx_word' id='word_1_661' title='bbox 1794 1233 1885 1260; x_wconf 76' lang='grc' dir='ltr'><strong>νοοῦσι</strong></span> 
     </span>
    </p>
   </div>
   <div class='ocr_carea' id='block_1_86' title="bbox 1100 1279 1885 1315">
    <p class='ocr_par' dir='ltr' id='par_1_86' title="bbox 1100 1279 1885 1315">
     <span class='ocr_line' id='line_1_86' title="bbox 1100 1279 1885 1315; baseline 0.001 -10"><span class='ocrx_word' id='word_1_662' title='bbox 1100 1281 1161 1311; x_wconf 73' lang='grc' dir='ltr'><strong>τοὺς</strong></span> <span class='ocrx_word' id='word_1_663' title='bbox 1176 1280 1296 1315; x_wconf 77' lang='grc' dir='ltr'><strong>οτὶχους”</strong></span> <span class='ocrx_word' id='word_1_664' title='bbox 1319 1280 1488 1311; x_wconf 72' lang='grc' dir='ltr'>Ἀποστελεῖς</span> <span class='ocrx_word' id='word_1_665' title='bbox 1506 1280 1534 1306; x_wconf 75' lang='grc' dir='ltr'><strong>τὸ</strong></span> <span class='ocrx_word' id='word_1_666' title='bbox 1548 1280 1657 1314; x_wconf 79' lang='grc' dir='ltr'>Πνεῦμα</span> <span class='ocrx_word' id='word_1_667' title='bbox 1671 1289 1727 1312; x_wconf 86' lang='grc' dir='ltr'><strong>σου,</strong></span> <span class='ocrx_word' id='word_1_668' title='bbox 1740 1280 1769 1306; x_wconf 80' lang='grc' dir='ltr'><strong>τὸ</strong></span> <span class='ocrx_word' id='word_1_669' title='bbox 1780 1280 1824 1306; x_wconf 81' lang='grc' dir='ltr'><strong>διὰ</strong></span> <span class='ocrx_word' id='word_1_670' title='bbox 1837 1279 1885 1306; x_wconf 73' lang='grc' dir='ltr'><strong>τοῦ</strong></span> 
     </span>
    </p>
   </div>
   <div class='ocr_carea' id='block_1_87' title="bbox 1101 1327 1886 1361">
    <p class='ocr_par' dir='ltr' id='par_1_87' title="bbox 1101 1327 1886 1361">
     <span class='ocr_line' id='line_1_87' title="bbox 1101 1327 1886 1361; baseline -0.001 -8"><span class='ocrx_word' id='word_1_671' title='bbox 1101 1327 1176 1360; x_wconf 73' lang='grc' dir='ltr'>ἁγίου</span> <span class='ocrx_word' id='word_1_672' title='bbox 1193 1327 1377 1361; x_wconf 73' lang='grc' dir='ltr'><strong>βαπτίσματος</strong></span> <span class='ocrx_word' id='word_1_673' title='bbox 1392 1327 1551 1360; x_wconf 69' lang='grc' dir='ltr'><strong>ἐπιφοιτῶν,</strong></span> <span class='ocrx_word' id='word_1_674' title='bbox 1566 1327 1613 1352; x_wconf 71' lang='grc' dir='ltr'>καὶ</span> <span class='ocrx_word' id='word_1_675' title='bbox 1633 1327 1822 1361; x_wconf 80' lang='grc' dir='ltr'><strong>κτισθήσονται</strong></span> <span class='ocrx_word' id='word_1_676' title='bbox 1845 1327 1886 1358; x_wconf 80' lang='grc' dir='ltr'>είς</span> 
     </span>
    </p>
   </div>
   <div class='ocr_carea' id='block_1_88' title="bbox 1101 1372 1885 1408">
    <p class='ocr_par' dir='ltr' id='par_1_88' title="bbox 1101 1372 1885 1408">
     <span class='ocr_line' id='line_1_88' title="bbox 1101 1372 1885 1408; baseline -0.001 -10"><span class='ocrx_word' id='word_1_677' title='bbox 1101 1372 1196 1407; x_wconf 83' lang='grc' dir='ltr'><strong>καινὴν</strong></span> <span class='ocrx_word' id='word_1_678' title='bbox 1216 1372 1313 1405; x_wconf 86' lang='grc' dir='ltr'><strong>κτίσιν,</strong></span> <span class='ocrx_word' id='word_1_679' title='bbox 1333 1373 1372 1403; x_wconf 81' lang='grc' dir='ltr'><strong>εἰς</strong></span> <span class='ocrx_word' id='word_1_680' title='bbox 1390 1372 1448 1398; x_wconf 77' lang='grc' dir='ltr'><strong>νέον</strong></span> <span class='ocrx_word' id='word_1_681' title='bbox 1474 1372 1553 1398; x_wconf 67' lang='grc' dir='ltr'>λαόιν</span> <span class='ocrx_word' id='word_1_682' title='bbox 1572 1372 1609 1403; x_wconf 78' lang='grc' dir='ltr'><strong>ὡς</strong></span> <span class='ocrx_word' id='word_1_683' title='bbox 1628 1372 1745 1398; x_wconf 74' lang='grc' dir='ltr'><strong>νοεῖσθαι</strong></span> <span class='ocrx_word' id='word_1_684' title='bbox 1761 1372 1810 1408; x_wconf 80' lang='grc' dir='ltr'>τὴν</span> <span class='ocrx_word' id='word_1_685' title='bbox 1836 1373 1885 1406; x_wconf 81' lang='grc' dir='ltr'><strong>μὲν</strong></span> 
     </span>
    </p>
   </div>
   <div class='ocr_carea' id='block_1_89' title="bbox 1101 1418 1883 1454">
    <p class='ocr_par' dir='ltr' id='par_1_89' title="bbox 1101 1418 1883 1454">
     <span class='ocr_line' id='line_1_89' title="bbox 1101 1418 1883 1454; baseline 0 -10"><span class='ocrx_word' id='word_1_686' title='bbox 1101 1418 1234 1453; x_wconf 80' lang='grc' dir='ltr'><strong>προτέραν</strong></span> <span class='ocrx_word' id='word_1_687' title='bbox 1251 1419 1396 1453; x_wconf 76' lang='grc' dir='ltr'><strong>ἑρμηνείαν</strong></span> <span class='ocrx_word' id='word_1_688' title='bbox 1420 1419 1483 1454; x_wconf 80' lang='grc' dir='ltr'><strong>περὶ</strong></span> <span class='ocrx_word' id='word_1_689' title='bbox 1508 1420 1556 1453; x_wconf 82' lang='grc' dir='ltr'><strong>τῆς</strong></span> <span class='ocrx_word' id='word_1_690' title='bbox 1574 1419 1607 1444; x_wconf 81' lang='grc' dir='ltr'><strong>ὲκ</strong></span> <span class='ocrx_word' id='word_1_691' title='bbox 1632 1418 1736 1453; x_wconf 83' lang='grc' dir='ltr'><strong>νεκρῶν</strong></span> <span class='ocrx_word' id='word_1_692' title='bbox 1765 1419 1883 1444; x_wconf 65' lang='grc' dir='ltr'>ἀνασταη</span> 
     </span>
    </p>
   </div>
   <div class='ocr_carea' id='block_1_90' title="bbox 1102 1463 1886 1499">
    <p class='ocr_par' dir='ltr' id='par_1_90' title="bbox 1102 1463 1886 1499">
     <span class='ocr_line' id='line_1_90' title="bbox 1102 1463 1886 1499; baseline 0 -10"><span class='ocrx_word' id='word_1_693' title='bbox 1102 1472 1178 1495; x_wconf 79' lang='grc' dir='ltr'><strong>σεως,</strong></span> <span class='ocrx_word' id='word_1_694' title='bbox 1194 1464 1237 1489; x_wconf 74' lang='grc' dir='ltr'>ὅτε</span> <span class='ocrx_word' id='word_1_695' title='bbox 1262 1464 1338 1498; x_wconf 80' lang='grc' dir='ltr'>καὶὴ</span> <span class='ocrx_word' id='word_1_696' title='bbox 1362 1464 1396 1498; x_wconf 84' lang='grc' dir='ltr'>γῆ</span> <span class='ocrx_word' id='word_1_697' title='bbox 1424 1464 1677 1499; x_wconf 81' lang='grc' dir='ltr'><strong>ἀνακαινισθήσεται</strong></span> <span class='ocrx_word' id='word_1_698' title='bbox 1693 1464 1740 1491; x_wconf 70' lang='grc' dir='ltr'>καὶ</span> <span class='ocrx_word' id='word_1_699' title='bbox 1763 1463 1886 1491; x_wconf 75' lang='grc' dir='ltr'><strong>ἀπαλλα-</strong></span> 
     </span>
    </p>
   </div>
   <div class='ocr_carea' id='block_1_91' title="bbox 1101 1510 1885 1546">
    <p class='ocr_par' dir='ltr' id='par_1_91' title="bbox 1101 1510 1885 1546">
     <span class='ocr_line' id='line_1_91' title="bbox 1101 1510 1885 1546; baseline 0.001 -11"><span class='ocrx_word' id='word_1_700' title='bbox 1101 1510 1212 1544; x_wconf 79' lang='grc' dir='ltr'><strong>γήσεται</strong></span> <span class='ocrx_word' id='word_1_701' title='bbox 1227 1510 1275 1545; x_wconf 80' lang='grc' dir='ltr'><strong>τῆς</strong></span> <span class='ocrx_word' id='word_1_702' title='bbox 1295 1510 1413 1544; x_wconf 75' lang='grc' dir='ltr'><strong>φθορᾶς,</strong></span> <span class='ocrx_word' id='word_1_703' title='bbox 1438 1510 1485 1545; x_wconf 77' lang='grc' dir='ltr'><strong>τὴν</strong></span> <span class='ocrx_word' id='word_1_704' title='bbox 1502 1510 1529 1536; x_wconf 82' lang='grc' dir='ltr'><strong>δὲ</strong></span> <span class='ocrx_word' id='word_1_705' title='bbox 1550 1510 1678 1546; x_wconf 78' lang='grc' dir='ltr'><strong>δευτέραν</strong></span> <span class='ocrx_word' id='word_1_706' title='bbox 1696 1510 1759 1545; x_wconf 73' lang='grc' dir='ltr'>περὶ</span> <span class='ocrx_word' id='word_1_707' title='bbox 1784 1511 1833 1546; x_wconf 82' lang='grc' dir='ltr'>τῆς</span> <span class='ocrx_word' id='word_1_708' title='bbox 1853 1511 1885 1536; x_wconf 77' lang='grc' dir='ltr'>ἐκ</span> 
     </span>
    </p>
   </div>
   <div class='ocr_carea' id='block_1_92' title="bbox 1103 1555 1527 1590">
    <p class='ocr_par' dir='ltr' id='par_1_92' title="bbox 1103 1555 1527 1590">
     <span class='ocr_line' id='line_1_92' title="bbox 1103 1555 1527 1590; baseline 0.002 -9"><span class='ocrx_word' id='word_1_709' title='bbox 1103 1555 1290 1590; x_wconf 80' lang='grc' dir='ltr'>βαπτίσματος</span> <span class='ocrx_word' id='word_1_710' title='bbox 1310 1555 1527 1589; x_wconf 79' lang='grc' dir='ltr'><strong>παλιγγενεσίας.</strong></span> 
     </span>
    </p>
   </div>
   <div class='ocr_carea' id='block_1_93' title="bbox 1136 1646 1887 1682">
    <p class='ocr_par' dir='ltr' id='par_1_93' title="bbox 1136 1646 1887 1682">
     <span class='ocr_line' id='line_1_93' title="bbox 1136 1646 1887 1682; baseline 0.001 -8"><span class='ocrx_word' id='word_1_711' title='bbox 1136 1647 1213 1674; x_wconf 89' lang='grc' dir='ltr'><strong>Ἦτω</strong></span> <span class='ocrx_word' id='word_1_712' title='bbox 1228 1647 1247 1681; x_wconf 77' lang='grc' dir='ltr'><strong><em>ἡ</em></strong></span> <span class='ocrx_word' id='word_1_713' title='bbox 1266 1646 1340 1678; x_wconf 80' lang='grc' dir='ltr'><strong>δόξα</strong></span> <span class='ocrx_word' id='word_1_714' title='bbox 1356 1647 1466 1680; x_wconf 85' lang='grc' dir='ltr'><strong>Κυρίου</strong></span> <span class='ocrx_word' id='word_1_715' title='bbox 1484 1648 1527 1679; x_wconf 84' lang='grc' dir='ltr'><strong>εὶς</strong></span> <span class='ocrx_word' id='word_1_716' title='bbox 1550 1646 1603 1673; x_wconf 82' lang='grc' dir='ltr'>τὸν</span> <span class='ocrx_word' id='word_1_717' title='bbox 1627 1646 1735 1674; x_wconf 79' lang='grc' dir='ltr'><strong>αἰῶνα·</strong></span> <span class='ocrx_word' id='word_1_718' title='bbox 1757 1648 1887 1682; x_wconf 65' lang='grc' dir='ltr'><strong>εὐφραν-</strong></span> 
     </span>
    </p>
   </div>
   <div class='ocr_carea' id='block_1_94' title="bbox 1099 1692 1887 1727">
    <p class='ocr_par' dir='ltr' id='par_1_94' title="bbox 1099 1692 1887 1727">
     <span class='ocr_line' id='line_1_94' title="bbox 1099 1692 1887 1727; baseline 0.003 -8"><span class='ocrx_word' id='word_1_719' title='bbox 1099 1692 1223 1726; x_wconf 82' lang='grc' dir='ltr'><strong>θήσεται</strong></span> <span class='ocrx_word' id='word_1_720' title='bbox 1242 1692 1348 1727; x_wconf 81' lang='grc' dir='ltr'><strong>Κύριος</strong></span> <span class='ocrx_word' id='word_1_721' title='bbox 1370 1692 1420 1719; x_wconf 74' lang='grc' dir='ltr'><strong>ἐπὶ</strong></span> <span class='ocrx_word' id='word_1_722' title='bbox 1447 1692 1509 1725; x_wconf 84' lang='grc' dir='ltr'><strong>τοῖς</strong></span> <span class='ocrx_word' id='word_1_723' title='bbox 1531 1692 1629 1727; x_wconf 71' lang='grc' dir='ltr'><strong>ἔργοις</strong></span> <span class='ocrx_word' id='word_1_724' title='bbox 1647 1693 1750 1720; x_wconf 81' lang='grc' dir='ltr'><strong>αὑτοῦ.</strong></span> <span class='ocrx_word' id='word_1_725' title='bbox 1773 1694 1804 1720; x_wconf 92' lang='lat' dir='ltr'><strong>&#39;O</strong></span> <span class='ocrx_word' id='word_1_726' title='bbox 1822 1694 1887 1721; x_wconf 70' lang='grc' dir='ltr'><strong>ἐπι-</strong></span> 
     </span>
    </p>
   </div>
   <div class='ocr_carea' id='block_1_95' title="bbox 1098 1727 1911 1774">
    <p class='ocr_par' dir='ltr' id='par_1_95' title="bbox 1098 1727 1911 1774">
     <span class='ocr_line' id='line_1_95' title="bbox 1098 1727 1911 1774; baseline 0.002 -9"><span class='ocrx_word' id='word_1_727' title='bbox 1098 1737 1217 1765; x_wconf 75' lang='grc' dir='ltr'><strong>ϐλέπων</strong></span> <span class='ocrx_word' id='word_1_728' title='bbox 1227 1738 1276 1765; x_wconf 75' lang='grc' dir='ltr'><strong>ἐπὶ</strong></span> <span class='ocrx_word' id='word_1_729' title='bbox 1291 1727 1422 1773; x_wconf 81' lang='grc' dir='ltr'>τὴν’τῆν</span> <span class='ocrx_word' id='word_1_730' title='bbox 1436 1737 1486 1765; x_wconf 77' lang='grc' dir='ltr'><strong>καὶ</strong></span> <span class='ocrx_word' id='word_1_731' title='bbox 1500 1738 1594 1765; x_wconf 83' lang='grc' dir='ltr'>ποιῶν</span> <span class='ocrx_word' id='word_1_732' title='bbox 1613 1738 1710 1772; x_wconf 77' lang='grc' dir='ltr'>αὐτὴν</span> <span class='ocrx_word' id='word_1_733' title='bbox 1724 1739 1851 1774; x_wconf 77' lang='grc' dir='ltr'>τρέμειν,</span> <span class='ocrx_word' id='word_1_734' title='bbox 1868 1742 1886 1768; x_wconf 83' lang='grc' dir='ltr'><strong><em>ό</em></strong></span> <span class='ocrx_word' id='word_1_735' title='bbox 1908 1732 1911 1734; x_wconf 52' lang='grc'><em>’</em></span> 
     </span>
    </p>
   </div>
   <div class='ocr_carea' id='block_1_96' title="bbox 1098 1784 1887 1821">
    <p class='ocr_par' dir='ltr' id='par_1_96' title="bbox 1098 1784 1887 1821">
     <span class='ocr_line' id='line_1_96' title="bbox 1098 1784 1887 1821; baseline 0.003 -10"><span class='ocrx_word' id='word_1_736' title='bbox 1098 1785 1263 1819; x_wconf 82' lang='grc' dir='ltr'><strong>ἁπτόμενος</strong></span> <span class='ocrx_word' id='word_1_737' title='bbox 1278 1785 1338 1812; x_wconf 77' lang='grc' dir='ltr'><strong>τῶν</strong></span> <span class='ocrx_word' id='word_1_738' title='bbox 1357 1784 1449 1820; x_wconf 78' lang='grc' dir='ltr'><strong>ὀρέων</strong></span> <span class='ocrx_word' id='word_1_739' title='bbox 1463 1786 1512 1812; x_wconf 77' lang='grc' dir='ltr'><strong>καὶ</strong></span> <span class='ocrx_word' id='word_1_740' title='bbox 1528 1784 1726 1815; x_wconf 58' lang='lat' dir='ltr'><strong>xum-[fortun</strong></span> <span class='ocrx_word' id='word_1_741' title='bbox 1744 1787 1827 1821; x_wconf 77' lang='grc' dir='ltr'><strong>’ᾼσω</strong></span> <span class='ocrx_word' id='word_1_742' title='bbox 1845 1786 1887 1819; x_wconf 78' lang='grc' dir='ltr'>τῷ</span> 
     </span>
    </p>
   </div>
   <div class='ocr_carea' id='block_1_97' title="bbox 1098 1829 1887 1866">
    <p class='ocr_par' dir='ltr' id='par_1_97' title="bbox 1098 1829 1887 1866">
     <span class='ocr_line' id='line_1_97' title="bbox 1098 1829 1887 1866; baseline 0.004 -10"><span class='ocrx_word' id='word_1_743' title='bbox 1098 1830 1195 1864; x_wconf 84' lang='grc' dir='ltr'><strong>Κυρίῳ</strong></span> <span class='ocrx_word' id='word_1_744' title='bbox 1214 1830 1250 1857; x_wconf 85' lang='grc' dir='ltr'><strong>ἐν</strong></span> <span class='ocrx_word' id='word_1_745' title='bbox 1270 1829 1308 1864; x_wconf 77' lang='grc' dir='ltr'>τῇ</span> <span class='ocrx_word' id='word_1_746' title='bbox 1330 1829 1384 1865; x_wconf 80' lang='grc' dir='ltr'><strong>ζωῇ</strong></span> <span class='ocrx_word' id='word_1_747' title='bbox 1405 1840 1474 1865; x_wconf 83' lang='grc' dir='ltr'><strong>μου,</strong></span> <span class='ocrx_word' id='word_1_748' title='bbox 1494 1831 1582 1865; x_wconf 70' lang='grc' dir='ltr'><strong>ψαλῶ</strong></span> <span class='ocrx_word' id='word_1_749' title='bbox 1602 1831 1641 1863; x_wconf 86' lang='grc' dir='ltr'><strong>τῷ</strong></span> <span class='ocrx_word' id='word_1_750' title='bbox 1661 1831 1721 1864; x_wconf 84' lang='grc' dir='ltr'><strong>Θεῷ</strong></span> <span class='ocrx_word' id='word_1_751' title='bbox 1742 1841 1804 1866; x_wconf 82' lang='grc' dir='ltr'><strong>μου</strong></span> <span class='ocrx_word' id='word_1_752' title='bbox 1829 1832 1887 1866; x_wconf 79' lang='grc' dir='ltr'><strong>ἕως</strong></span> 
     </span>
    </p>
   </div>
   <div class='ocr_carea' id='block_1_98' title="bbox 1097 1874 1886 1913">
    <p class='ocr_par' dir='ltr' id='par_1_98' title="bbox 1097 1874 1886 1913">
     <span class='ocr_line' id='line_1_98' title="bbox 1097 1874 1886 1913; baseline 0.004 -12"><span class='ocrx_word' id='word_1_753' title='bbox 1097 1874 1230 1910; x_wconf 79' lang='grc' dir='ltr'><strong>ὑπάρχω.</strong></span> <span class='ocrx_word' id='word_1_754' title='bbox 1251 1875 1358 1911; x_wconf 85' lang='grc' dir='ltr'><strong>Ἐπειδὴ</strong></span> <span class='ocrx_word' id='word_1_755' title='bbox 1374 1876 1461 1903; x_wconf 75' lang='grc' dir='ltr'>ταῦτα.</span> <span class='ocrx_word' id='word_1_756' title='bbox 1483 1877 1655 1912; x_wconf 86' lang='grc' dir='ltr'>δεδίδαγμαι,</span> <span class='ocrx_word' id='word_1_757' title='bbox 1681 1877 1761 1913; x_wconf 84' lang='grc' dir='ltr'>φησὶ,</span> <span class='ocrx_word' id='word_1_758' title='bbox 1788 1878 1886 1905; x_wconf 80' lang='grc' dir='ltr'><strong>τούτου</strong></span> 
     </span>
    </p>
   </div>
   <div class='ocr_carea' id='block_1_99' title="bbox 1098 1921 1887 1959">
    <p class='ocr_par' dir='ltr' id='par_1_99' title="bbox 1098 1921 1887 1959">
     <span class='ocr_line' id='line_1_99' title="bbox 1098 1921 1887 1959; baseline 0.001 -10"><span class='ocrx_word' id='word_1_759' title='bbox 1098 1923 1176 1959; x_wconf 86' lang='grc' dir='ltr'>χάριν</span> <span class='ocrx_word' id='word_1_760' title='bbox 1192 1923 1282 1949; x_wconf 85' lang='grc' dir='ltr'><strong>πᾶσαν</strong></span> <span class='ocrx_word' id='word_1_761' title='bbox 1300 1922 1349 1958; x_wconf 81' lang='grc' dir='ltr'><strong>τὴν</strong></span> <span class='ocrx_word' id='word_1_762' title='bbox 1369 1921 1440 1958; x_wconf 78' lang='grc' dir='ltr'><strong>ζωήν</strong></span> <span class='ocrx_word' id='word_1_763' title='bbox 1462 1931 1512 1958; x_wconf 90' lang='grc' dir='ltr'><strong>μου</strong></span> <span class='ocrx_word' id='word_1_764' title='bbox 1533 1924 1573 1954; x_wconf 78' lang='grc' dir='ltr'>είς</span> <span class='ocrx_word' id='word_1_765' title='bbox 1595 1922 1678 1958; x_wconf 80' lang='grc' dir='ltr'><strong>ὕμνον</strong></span> <span class='ocrx_word' id='word_1_766' title='bbox 1700 1923 1887 1951; x_wconf 82' lang='grc' dir='ltr'>καταναλώσω</span> 
     </span>
    </p>
   </div>
   <div class='ocr_carea' id='block_1_100' title="bbox 1096 1967 1886 2004">
    <p class='ocr_par' dir='ltr' id='par_1_100' title="bbox 1096 1967 1886 2004">
     <span class='ocr_line' id='line_1_100' title="bbox 1096 1967 1886 2004; baseline 0 -9"><span class='ocrx_word' id='word_1_767' title='bbox 1096 1967 1135 2003; x_wconf 85' lang='grc' dir='ltr'>τῷ</span> <span class='ocrx_word' id='word_1_768' title='bbox 1148 1968 1320 2004; x_wconf 84' lang='grc' dir='ltr'><strong>δημιουργῷ·</strong></span> <span class='ocrx_word' id='word_1_769' title='bbox 1338 1968 1385 1995; x_wconf 82' lang='grc' dir='ltr'><strong>καὶ</strong></span> <span class='ocrx_word' id='word_1_770' title='bbox 1405 1968 1457 2000; x_wconf 72' lang='grc' dir='ltr'><strong>ἕως</strong></span> <span class='ocrx_word' id='word_1_771' title='bbox 1477 1968 1509 1995; x_wconf 85' lang='grc' dir='ltr'>ἂν</span> <span class='ocrx_word' id='word_1_772' title='bbox 1528 1968 1566 2000; x_wconf 78' lang='grc' dir='ltr'>ζῶ</span> <span class='ocrx_word' id='word_1_773' title='bbox 1588 1969 1634 1995; x_wconf 80' lang='grc' dir='ltr'><strong>καὶ</strong></span> <span class='ocrx_word' id='word_1_774' title='bbox 1657 1968 1771 2004; x_wconf 81' lang='grc' dir='ltr'><strong>ὑπάρχω</strong></span> <span class='ocrx_word' id='word_1_775' title='bbox 1793 1969 1823 1995; x_wconf 83' lang='grc' dir='ltr'><strong>ἐν</strong></span> <span class='ocrx_word' id='word_1_776' title='bbox 1845 1969 1886 2004; x_wconf 79' lang='grc' dir='ltr'>τῷ</span> 
     </span>
    </p>
   </div>
   <div class='ocr_carea' id='block_1_101' title="bbox 1098 2014 1885 2051">
    <p class='ocr_par' dir='ltr' id='par_1_101' title="bbox 1098 2014 1885 2051">
     <span class='ocr_line' id='line_1_101' title="bbox 1098 2014 1885 2051; baseline 0.001 -10"><span class='ocrx_word' id='word_1_777' title='bbox 1098 2014 1148 2050; x_wconf 83' lang='grc' dir='ltr'><strong>βίῳ</strong></span> <span class='ocrx_word' id='word_1_778' title='bbox 1163 2015 1249 2050; x_wconf 82' lang='grc' dir='ltr'>τούτῳ</span> <span class='ocrx_word' id='word_1_779' title='bbox 1263 2014 1308 2041; x_wconf 81' lang='grc' dir='ltr'><strong>τὸν</strong></span> <span class='ocrx_word' id='word_1_780' title='bbox 1321 2014 1491 2050; x_wconf 76' lang='grc' dir='ltr'><strong>ὀφειλόμενον</strong></span> <span class='ocrx_word' id='word_1_781' title='bbox 1503 2014 1608 2050; x_wconf 83' lang='grc' dir='ltr'>ψαλμὸν</span> <span class='ocrx_word' id='word_1_782' title='bbox 1625 2014 1757 2041; x_wconf 83' lang='grc' dir='ltr'><strong>ἀποδώσω</strong></span> <span class='ocrx_word' id='word_1_783' title='bbox 1770 2015 1810 2050; x_wconf 86' lang='grc' dir='ltr'><strong>τῷ</strong></span> <span class='ocrx_word' id='word_1_784' title='bbox 1824 2015 1885 2051; x_wconf 84' lang='grc' dir='ltr'><strong>Θεῷ</strong></span> 
     </span>
    </p>
   </div>
   <div class='ocr_carea' id='block_1_102' title="bbox 1098 2059 1885 2095">
    <p class='ocr_par' dir='ltr' id='par_1_102' title="bbox 1098 2059 1885 2095">
     <span class='ocr_line' id='line_1_102' title="bbox 1098 2059 1885 2095; baseline -0.001 -9"><span class='ocrx_word' id='word_1_785' title='bbox 1098 2069 1159 2095; x_wconf 90' lang='grc' dir='ltr'><strong>μου.</strong></span> <span class='ocrx_word' id='word_1_786' title='bbox 1175 2060 1277 2095; x_wconf 84' lang='grc' dir='ltr'>Πολλὴν</span> <span class='ocrx_word' id='word_1_787' title='bbox 1291 2060 1318 2086; x_wconf 80' lang='grc' dir='ltr'><strong>δὲ</strong></span> <span class='ocrx_word' id='word_1_788' title='bbox 1332 2060 1457 2095; x_wconf 76' lang='grc' dir='ltr'><strong>ἐμφαίνει</strong></span> <span class='ocrx_word' id='word_1_789' title='bbox 1472 2059 1590 2086; x_wconf 83' lang='grc' dir='ltr'><strong>διάθεσιν</strong></span> <span class='ocrx_word' id='word_1_790' title='bbox 1604 2060 1651 2086; x_wconf 79' lang='grc' dir='ltr'><strong>καὶ</strong></span> <span class='ocrx_word' id='word_1_791' title='bbox 1663 2060 1800 2086; x_wconf 85' lang='grc' dir='ltr'><strong>οῐκείωσιν</strong></span> <span class='ocrx_word' id='word_1_792' title='bbox 1814 2059 1885 2095; x_wconf 78' lang='grc' dir='ltr'>πρὸς</span> 
     </span>
    </p>
   </div>
   <div class='ocr_carea' id='block_1_103' title="bbox 1096 2103 1883 2142">
    <p class='ocr_par' dir='ltr' id='par_1_103' title="bbox 1096 2103 1883 2142">
     <span class='ocr_line' id='line_1_103' title="bbox 1096 2103 1883 2142; baseline 0 -10"><span class='ocrx_word' id='word_1_793' title='bbox 1096 2106 1141 2132; x_wconf 80' lang='grc' dir='ltr'><strong>τὸν</strong></span> <span class='ocrx_word' id='word_1_794' title='bbox 1153 2106 1218 2132; x_wconf 81' lang='grc' dir='ltr'><strong>Θεὸν</strong></span> <span class='ocrx_word' id='word_1_795' title='bbox 1233 2107 1250 2141; x_wconf 83' lang='grc' dir='ltr'>ἡ</span> <span class='ocrx_word' id='word_1_796' title='bbox 1263 2105 1414 2142; x_wconf 78' lang='grc' dir='ltr'><strong>προσθήκη.</strong></span> <span class='ocrx_word' id='word_1_797' title='bbox 1432 2106 1468 2132; x_wconf 80' lang='grc' dir='ltr'><strong>Οὐ</strong></span> <span class='ocrx_word' id='word_1_798' title='bbox 1487 2105 1541 2141; x_wconf 83' lang='grc' dir='ltr'><strong>γὰρ</strong></span> <span class='ocrx_word' id='word_1_799' title='bbox 1557 2103 1616 2131; x_wconf 79' lang='grc' dir='ltr'>εἶπε</span> <span class='ocrx_word' id='word_1_800' title='bbox 1627 2125 1634 2137; x_wconf 86' lang='grc'><strong>,</strong></span> <span class='ocrx_word' id='word_1_801' title='bbox 1651 2105 1739 2140; x_wconf 76' lang='grc' dir='ltr'><strong>ψαλῶ</strong></span> <span class='ocrx_word' id='word_1_802' title='bbox 1752 2105 1792 2138; x_wconf 85' lang='grc' dir='ltr'>τῷ</span> <span class='ocrx_word' id='word_1_803' title='bbox 1809 2105 1883 2138; x_wconf 87' lang='grc' dir='ltr'>Θεῷ,</span> 
     </span>
    </p>
   </div>
   <div class='ocr_carea' id='block_1_104' title="bbox 1096 2151 1885 2188">
    <p class='ocr_par' dir='ltr' id='par_1_104' title="bbox 1096 2151 1885 2188">
     <span class='ocr_line' id='line_1_104' title="bbox 1096 2151 1885 2188; baseline -0.001 -9"><span class='ocrx_word' id='word_1_804' title='bbox 1096 2152 1173 2185; x_wconf 80' lang='grc' dir='ltr'>ἀλλὰ,</span> <span class='ocrx_word' id='word_1_805' title='bbox 1189 2152 1228 2185; x_wconf 81' lang='grc' dir='ltr'>τῷ</span> <span class='ocrx_word' id='word_1_806' title='bbox 1243 2152 1303 2185; x_wconf 86' lang='grc' dir='ltr'><strong>Θεῷ</strong></span> <span class='ocrx_word' id='word_1_807' title='bbox 1314 2161 1383 2187; x_wconf 82' lang='grc' dir='ltr'><strong>μου.</strong></span> <span class='ocrx_word' id='word_1_808' title='bbox 1400 2152 1491 2178; x_wconf 84' lang='grc' dir='ltr'>Ἔοικε</span> <span class='ocrx_word' id='word_1_809' title='bbox 1504 2151 1559 2188; x_wconf 75' lang='grc' dir='ltr'><strong>γὰρ</strong></span> <span class='ocrx_word' id='word_1_810' title='bbox 1572 2152 1695 2186; x_wconf 85' lang='grc' dir='ltr'><strong>φάσκειν,</strong></span> <span class='ocrx_word' id='word_1_811' title='bbox 1706 2152 1746 2188; x_wconf 80' lang='grc' dir='ltr'>τῷ</span> <span class='ocrx_word' id='word_1_812' title='bbox 1760 2153 1885 2179; x_wconf 78' lang='grc' dir='ltr'><strong>κτίσαντι</strong></span> 
     </span>
    </p>
   </div>
   <div class='ocr_carea' id='block_1_105' title="bbox 1098 2198 1885 2234">
    <p class='ocr_par' dir='ltr' id='par_1_105' title="bbox 1098 2198 1885 2234">
     <span class='ocr_line' id='line_1_105' title="bbox 1098 2198 1885 2234; baseline -0.001 -9"><span class='ocrx_word' id='word_1_813' title='bbox 1098 2208 1131 2234; x_wconf 85' lang='grc' dir='ltr'>με</span> <span class='ocrx_word' id='word_1_814' title='bbox 1145 2199 1192 2225; x_wconf 83' lang='grc' dir='ltr'><strong>καὶ</strong></span> <span class='ocrx_word' id='word_1_815' title='bbox 1207 2198 1336 2234; x_wconf 71' lang='grc' dir='ltr'><strong>θρέψαντι</strong></span> <span class='ocrx_word' id='word_1_816' title='bbox 1348 2198 1395 2224; x_wconf 77' lang='grc' dir='ltr'><strong>καὶ</strong></span> <span class='ocrx_word' id='word_1_817' title='bbox 1410 2198 1517 2225; x_wconf 83' lang='grc' dir='ltr'><strong>πάντων</strong></span> <span class='ocrx_word' id='word_1_818' title='bbox 1529 2198 1607 2233; x_wconf 77' lang='grc' dir='ltr'>αἰτίῳ</span> <span class='ocrx_word' id='word_1_819' title='bbox 1625 2207 1669 2234; x_wconf 90' lang='grc' dir='ltr'><strong>μοι</strong></span> <span class='ocrx_word' id='word_1_820' title='bbox 1684 2198 1806 2232; x_wconf 83' lang='grc' dir='ltr'><strong>γεγονότι</strong></span> <span class='ocrx_word' id='word_1_821' title='bbox 1827 2198 1885 2225; x_wconf 85' lang='grc' dir='ltr'><strong>τῶν</strong></span> 
     </span>
    </p>
   </div>
   <div class='ocr_carea' id='block_1_106' title="bbox 1097 2242 1885 2279">
    <p class='ocr_par' dir='ltr' id='par_1_106' title="bbox 1097 2242 1885 2279">
     <span class='ocr_line' id='line_1_106' title="bbox 1097 2242 1885 2279; baseline -0.001 -9"><span class='ocrx_word' id='word_1_822' title='bbox 1097 2243 1216 2278; x_wconf 79' lang='grc' dir='ltr'><strong>ἀγαθῶν.</strong></span> <span class='ocrx_word' id='word_1_823' title='bbox 1235 2243 1312 2279; x_wconf 80' lang='grc' dir='ltr'><strong>ᾮδὴν</strong></span> <span class='ocrx_word' id='word_1_824' title='bbox 1338 2243 1367 2270; x_wconf 84' lang='grc' dir='ltr'><strong>δὲ</strong></span> <span class='ocrx_word' id='word_1_825' title='bbox 1387 2242 1502 2270; x_wconf 76' lang='grc' dir='ltr'>ἐνταῦθα</span> <span class='ocrx_word' id='word_1_826' title='bbox 1525 2243 1597 2278; x_wconf 81' lang='grc' dir='ltr'>λέγει</span> <span class='ocrx_word' id='word_1_827' title='bbox 1627 2244 1658 2270; x_wconf 86' lang='grc' dir='ltr'><strong>οὺ</strong></span> <span class='ocrx_word' id='word_1_828' title='bbox 1679 2242 1729 2278; x_wconf 83' lang='grc' dir='ltr'><strong>τὴν</strong></span> <span class='ocrx_word' id='word_1_829' title='bbox 1758 2242 1803 2269; x_wconf 77' lang='grc' dir='ltr'><strong>διὰ</strong></span> <span class='ocrx_word' id='word_1_830' title='bbox 1830 2243 1885 2270; x_wconf 79' lang='grc' dir='ltr'>τῶν</span> 
     </span>
    </p>
   </div>
   <div class='ocr_carea' id='block_1_107' title="bbox 1097 2289 1886 2326">
    <p class='ocr_par' dir='ltr' id='par_1_107' title="bbox 1097 2289 1886 2326">
     <span class='ocr_line' id='line_1_107' title="bbox 1097 2289 1886 2326; baseline 0 -9"><span class='ocrx_word' id='word_1_831' title='bbox 1097 2290 1237 2326; x_wconf 81' lang='grc' dir='ltr'><strong>ῥημάτων,</strong></span> <span class='ocrx_word' id='word_1_832' title='bbox 1250 2289 1318 2317; x_wconf 83' lang='grc' dir='ltr'><strong>ἀλλὰ</strong></span> <span class='ocrx_word' id='word_1_833' title='bbox 1331 2289 1378 2316; x_wconf 72' lang='grc' dir='ltr'><strong>καὶ</strong></span> <span class='ocrx_word' id='word_1_834' title='bbox 1392 2289 1442 2325; x_wconf 86' lang='grc' dir='ltr'>τὴν</span> <span class='ocrx_word' id='word_1_835' title='bbox 1455 2289 1498 2316; x_wconf 82' lang='grc' dir='ltr'><strong>διὰ</strong></span> <span class='ocrx_word' id='word_1_836' title='bbox 1516 2289 1569 2316; x_wconf 87' lang='grc' dir='ltr'><strong>τῶν</strong></span> <span class='ocrx_word' id='word_1_837' title='bbox 1587 2289 1684 2325; x_wconf 76' lang='grc' dir='ltr'><strong>ἔργων.</strong></span> <span class='ocrx_word' id='word_1_838' title='bbox 1704 2290 1812 2326; x_wconf 81' lang='grc' dir='ltr'>Ἐπειδὴ</span> <span class='ocrx_word' id='word_1_839' title='bbox 1829 2291 1886 2326; x_wconf 82' lang='grc' dir='ltr'><strong>γὰρ</strong></span> 
     </span>
    </p>
   </div>
   <div class='ocr_carea' id='block_1_108' title="bbox 1095 2334 1886 2373">
    <p class='ocr_par' dir='ltr' id='par_1_108' title="bbox 1095 2334 1886 2373">
     <span class='ocr_line' id='line_1_108' title="bbox 1095 2334 1886 2373; baseline 0.001 -10"><span class='ocrx_word' id='word_1_840' title='bbox 1095 2334 1173 2372; x_wconf 82' lang='grc' dir='ltr'><strong>εὗρεν</strong></span> <span class='ocrx_word' id='word_1_841' title='bbox 1191 2335 1287 2363; x_wconf 81' lang='grc' dir='ltr'>ἑαυτὸν</span> <span class='ocrx_word' id='word_1_842' title='bbox 1304 2335 1408 2362; x_wconf 85' lang='grc' dir='ltr'>πολλῶν</span> <span class='ocrx_word' id='word_1_843' title='bbox 1427 2335 1492 2362; x_wconf 71' lang='grc' dir='ltr'>ὄντα</span> <span class='ocrx_word' id='word_1_844' title='bbox 1514 2336 1663 2363; x_wconf 81' lang='grc' dir='ltr'>ὑπεύθυνον</span> <span class='ocrx_word' id='word_1_845' title='bbox 1681 2337 1720 2373; x_wconf 85' lang='grc' dir='ltr'>τῷ</span> <span class='ocrx_word' id='word_1_846' title='bbox 1740 2337 1810 2372; x_wconf 84' lang='grc' dir='ltr'>Θεῷ,</span> <span class='ocrx_word' id='word_1_847' title='bbox 1837 2338 1886 2364; x_wconf 74' lang='grc' dir='ltr'>καὶ</span> 
     </span>
    </p>
   </div>
   <div class='ocr_carea' id='block_1_109' title="bbox 1094 2381 1886 2419">
    <p class='ocr_par' dir='ltr' id='par_1_109' title="bbox 1094 2381 1886 2419">
     <span class='ocr_line' id='line_1_109' title="bbox 1094 2381 1886 2419; baseline 0.001 -10"><span class='ocrx_word' id='word_1_848' title='bbox 1094 2383 1226 2409; x_wconf 79' lang='grc' dir='ltr'><strong>ἀντίδοσιν</strong></span> <span class='ocrx_word' id='word_1_849' title='bbox 1241 2382 1367 2417; x_wconf 84' lang='grc' dir='ltr'>οὐδεμίαν</span> <span class='ocrx_word' id='word_1_850' title='bbox 1391 2381 1469 2414; x_wconf 82' lang='grc' dir='ltr'>ἀξίαν</span> <span class='ocrx_word' id='word_1_851' title='bbox 1484 2382 1629 2418; x_wconf 84' lang='grc' dir='ltr'><strong>δυνάμενον</strong></span> <span class='ocrx_word' id='word_1_852' title='bbox 1652 2383 1816 2410; x_wconf 73' lang='grc' dir='ltr'>καταϐαλεῖν</span> <span class='ocrx_word' id='word_1_853' title='bbox 1826 2403 1834 2415; x_wconf 89' lang='grc'><strong>,</strong></span> <span class='ocrx_word' id='word_1_854' title='bbox 1851 2384 1886 2419; x_wconf 73' lang='grc' dir='ltr'><strong>ἡν</strong></span> 
     </span>
    </p>
   </div>
   <div class='ocr_carea' id='block_1_110' title="bbox 1095 2427 1885 2464">
    <p class='ocr_par' dir='ltr' id='par_1_110' title="bbox 1095 2427 1885 2464">
     <span class='ocr_line' id='line_1_110' title="bbox 1095 2427 1885 2464; baseline 0.001 -9"><span class='ocrx_word' id='word_1_855' title='bbox 1095 2428 1161 2463; x_wconf 76' lang='grc' dir='ltr'>ἔχει,</span> <span class='ocrx_word' id='word_1_856' title='bbox 1178 2427 1280 2463; x_wconf 86' lang='grc' dir='ltr'>ταύτην</span> <span class='ocrx_word' id='word_1_857' title='bbox 1291 2428 1461 2463; x_wconf 85' lang='grc' dir='ltr'>κατατίθησι,</span> <span class='ocrx_word' id='word_1_858' title='bbox 1473 2428 1504 2455; x_wconf 84' lang='grc' dir='ltr'>τὺ</span> <span class='ocrx_word' id='word_1_859' title='bbox 1523 2428 1652 2464; x_wconf 84' lang='grc' dir='ltr'><strong>διηνεκῶς</strong></span> <span class='ocrx_word' id='word_1_860' title='bbox 1668 2430 1773 2464; x_wconf 80' lang='grc' dir='ltr'><strong>ὑμνεῖν,</strong></span> <span class='ocrx_word' id='word_1_861' title='bbox 1787 2429 1817 2456; x_wconf 80' lang='grc' dir='ltr'>τὸ</span> <span class='ocrx_word' id='word_1_862' title='bbox 1832 2431 1885 2456; x_wconf 83' lang='grc' dir='ltr'><strong>πᾶ-</strong></span> 
     </span>
    </p>
   </div>
   <div class='ocr_carea' id='block_1_111' title="bbox 1095 2474 1884 2510">
    <p class='ocr_par' dir='ltr' id='par_1_111' title="bbox 1095 2474 1884 2510">
     <span class='ocr_line' id='line_1_111' title="bbox 1095 2474 1884 2510; baseline 0.001 -9"><span class='ocrx_word' id='word_1_863' title='bbox 1095 2483 1144 2501; x_wconf 88' lang='grc' dir='ltr'><strong>σαν</strong></span> <span class='ocrx_word' id='word_1_864' title='bbox 1160 2475 1199 2506; x_wconf 73' lang='grc' dir='ltr'><strong>εἰς</strong></span> <span class='ocrx_word' id='word_1_865' title='bbox 1217 2474 1296 2501; x_wconf 83' lang='grc' dir='ltr'>τοῦτο</span> <span class='ocrx_word' id='word_1_866' title='bbox 1310 2474 1461 2509; x_wconf 86' lang='grc' dir='ltr'><strong>δαπανῆσαι</strong></span> <span class='ocrx_word' id='word_1_867' title='bbox 1483 2474 1532 2509; x_wconf 83' lang='grc' dir='ltr'><strong>τὴν</strong></span> <span class='ocrx_word' id='word_1_868' title='bbox 1556 2474 1638 2510; x_wconf 79' lang='grc' dir='ltr'><strong>ζωήν.</strong></span> <span class='ocrx_word' id='word_1_869' title='bbox 1658 2476 1844 2502; x_wconf 81' lang='grc' dir='ltr'><strong>Ἀκουέτωσαν</strong></span> <span class='ocrx_word' id='word_1_870' title='bbox 1858 2476 1884 2501; x_wconf 75' lang='grc' dir='ltr'><strong>οἱ</strong></span> 
     </span>
    </p>
   </div>
   <div class='ocr_carea' id='block_1_112' title="bbox 1095 2519 1883 2556">
    <p class='ocr_par' dir='ltr' id='par_1_112' title="bbox 1095 2519 1883 2556">
     <span class='ocr_line' id='line_1_112' title="bbox 1095 2519 1883 2556; baseline 0.001 -10"><span class='ocrx_word' id='word_1_871' title='bbox 1095 2520 1296 2556; x_wconf 76' lang='grc' dir='ltr'>πραγματείαις</span> <span class='ocrx_word' id='word_1_872' title='bbox 1311 2520 1357 2547; x_wconf 73' lang='grc' dir='ltr'><strong>καὶ</strong></span> <span class='ocrx_word' id='word_1_873' title='bbox 1376 2519 1537 2554; x_wconf 75' lang='grc' dir='ltr'><strong>καπηλείαις</strong></span> <span class='ocrx_word' id='word_1_874' title='bbox 1554 2520 1597 2547; x_wconf 84' lang='grc' dir='ltr'>διὰ</span> <span class='ocrx_word' id='word_1_875' title='bbox 1617 2520 1707 2556; x_wconf 75' lang='grc' dir='ltr'><strong>πάσης</strong></span> <span class='ocrx_word' id='word_1_876' title='bbox 1722 2522 1883 2556; x_wconf 76' lang='grc' dir='ltr'>κατασηπό-</span> 
     </span>
    </p>
   </div>
   <div class='ocr_carea' id='block_1_113' title="bbox 1096 2565 1881 2602">
    <p class='ocr_par' dir='ltr' id='par_1_113' title="bbox 1096 2565 1881 2602">
     <span class='ocr_line' id='line_1_113' title="bbox 1096 2565 1881 2602; baseline 0 -10"><span class='ocrx_word' id='word_1_877' title='bbox 1096 2574 1171 2601; x_wconf 80' lang='grc' dir='ltr'><strong>μενοι</strong></span> <span class='ocrx_word' id='word_1_878' title='bbox 1184 2568 1232 2602; x_wconf 83' lang='grc' dir='ltr'><strong>τῆς</strong></span> <span class='ocrx_word' id='word_1_879' title='bbox 1249 2566 1365 2601; x_wconf 80' lang='grc' dir='ltr'><strong>ἡμέρας,</strong></span> <span class='ocrx_word' id='word_1_880' title='bbox 1381 2566 1428 2592; x_wconf 76' lang='grc' dir='ltr'>καὶ</span> <span class='ocrx_word' id='word_1_881' title='bbox 1448 2565 1507 2592; x_wconf 80' lang='grc' dir='ltr'><strong>οὐδὲ</strong></span> <span class='ocrx_word' id='word_1_882' title='bbox 1528 2565 1601 2598; x_wconf 74' lang='grc' dir='ltr'>ἅπαξ</span> <span class='ocrx_word' id='word_1_883' title='bbox 1619 2567 1659 2597; x_wconf 83' lang='grc' dir='ltr'><strong>εἱς</strong></span> <span class='ocrx_word' id='word_1_884' title='bbox 1682 2566 1764 2601; x_wconf 79' lang='grc' dir='ltr'>εὐχὴν</span> <span class='ocrx_word' id='word_1_885' title='bbox 1781 2567 1881 2601; x_wconf 66' lang='grc' dir='ltr'><strong>τρεπό-</strong></span> 
     </span>
    </p>
   </div>
   <div class='ocr_carea' id='block_1_114' title="bbox 1096 2612 1881 2647">
    <p class='ocr_par' dir='ltr' id='par_1_114' title="bbox 1096 2612 1881 2647">
     <span class='ocr_line' id='line_1_114' title="bbox 1096 2612 1881 2647; baseline 0 -9"><span class='ocrx_word' id='word_1_886' title='bbox 1096 2621 1181 2647; x_wconf 87' lang='grc' dir='ltr'><strong>μενοι,</strong></span> <span class='ocrx_word' id='word_1_887' title='bbox 1193 2612 1254 2639; x_wconf 85' lang='grc' dir='ltr'><strong>ὃσον</strong></span> <span class='ocrx_word' id='word_1_888' title='bbox 1271 2612 1339 2639; x_wconf 83' lang='grc' dir='ltr'><strong>εἰσὶν</strong></span> <span class='ocrx_word' id='word_1_889' title='bbox 1352 2612 1494 2638; x_wconf 79' lang='grc' dir='ltr'><strong>ὑπεύθυνοι</strong></span> <span class='ocrx_word' id='word_1_890' title='bbox 1513 2612 1551 2647; x_wconf 81' lang='grc' dir='ltr'>τῷ</span> <span class='ocrx_word' id='word_1_891' title='bbox 1565 2612 1624 2647; x_wconf 80' lang='grc' dir='ltr'>Θεῷ</span> <span class='ocrx_word' id='word_1_892' title='bbox 1634 2620 1640 2626; x_wconf 93' lang='grc'><strong>·</strong></span> <span class='ocrx_word' id='word_1_893' title='bbox 1653 2612 1731 2639; x_wconf 74' lang='grc' dir='ltr'>τοῦτο</span> <span class='ocrx_word' id='word_1_894' title='bbox 1742 2612 1793 2647; x_wconf 84' lang='grc' dir='ltr'><strong>τῆς</strong></span> <span class='ocrx_word' id='word_1_895' title='bbox 1807 2612 1881 2647; x_wconf 77' lang='grc' dir='ltr'><strong>ζωῆς</strong></span> 
     </span>
    </p>
   </div>
   <div class='ocr_carea' id='block_1_115' title="bbox 1094 2657 1882 2693">
    <p class='ocr_par' dir='ltr' id='par_1_115' title="bbox 1094 2657 1882 2693">
     <span class='ocr_line' id='line_1_115' title="bbox 1094 2657 1882 2693; baseline 0.001 -9"><span class='ocrx_word' id='word_1_896' title='bbox 1094 2657 1124 2684; x_wconf 82' lang='grc' dir='ltr'>τὺ</span> <span class='ocrx_word' id='word_1_897' title='bbox 1138 2658 1243 2693; x_wconf 76' lang='grc' dir='ltr'><strong>κέρδος,</strong></span> <span class='ocrx_word' id='word_1_898' title='bbox 1261 2658 1290 2684; x_wconf 80' lang='grc' dir='ltr'>τὺ</span> <span class='ocrx_word' id='word_1_899' title='bbox 1309 2658 1428 2692; x_wconf 78' lang='grc' dir='ltr'><strong>εὐλογεῖν</strong></span> <span class='ocrx_word' id='word_1_900' title='bbox 1448 2657 1493 2684; x_wconf 82' lang='grc' dir='ltr'><strong>τὸν</strong></span> <span class='ocrx_word' id='word_1_901' title='bbox 1515 2658 1591 2690; x_wconf 79' lang='grc' dir='ltr'>Θεὸν,</span> <span class='ocrx_word' id='word_1_902' title='bbox 1608 2658 1653 2684; x_wconf 73' lang='grc' dir='ltr'><strong>ἐπὶ</strong></span> <span class='ocrx_word' id='word_1_903' title='bbox 1669 2658 1756 2693; x_wconf 86' lang='grc' dir='ltr'>τούτῳ</span> <span class='ocrx_word' id='word_1_904' title='bbox 1769 2659 1818 2685; x_wconf 82' lang='grc' dir='ltr'>καὶ</span> <span class='ocrx_word' id='word_1_905' title='bbox 1832 2658 1882 2692; x_wconf 81' lang='grc' dir='ltr'><strong>ζῇν</strong></span> 
     </span>
    </p>
   </div>
   <div class='ocr_carea' id='block_1_116' title="bbox 1094 2702 1882 2739">
    <p class='ocr_par' dir='ltr' id='par_1_116' title="bbox 1094 2702 1882 2739">
     <span class='ocr_line' id='line_1_116' title="bbox 1094 2702 1882 2739; baseline 0.003 -10"><span class='ocrx_word' id='word_1_906' title='bbox 1094 2702 1177 2736; x_wconf 75' lang='grc' dir='ltr'><strong>ἄξιον.</strong></span> <span class='ocrx_word' id='word_1_907' title='bbox 1195 2704 1313 2736; x_wconf 83' lang='grc' dir='ltr'><strong>Εἰκότως</strong></span> <span class='ocrx_word' id='word_1_908' title='bbox 1331 2704 1359 2730; x_wconf 78' lang='grc' dir='ltr'><strong>δὲ</strong></span> <span class='ocrx_word' id='word_1_909' title='bbox 1376 2703 1539 2739; x_wconf 77' lang='grc' dir='ltr'>προσέθηκε,</span> <span class='ocrx_word' id='word_1_910' title='bbox 1560 2705 1597 2731; x_wconf 83' lang='grc' dir='ltr'>ὲν</span> <span class='ocrx_word' id='word_1_911' title='bbox 1614 2703 1652 2738; x_wconf 77' lang='grc' dir='ltr'>τῇ</span> <span class='ocrx_word' id='word_1_912' title='bbox 1671 2703 1726 2738; x_wconf 82' lang='grc' dir='ltr'><strong>ζωῇ</strong></span> <span class='ocrx_word' id='word_1_913' title='bbox 1742 2713 1813 2738; x_wconf 71' lang='grc' dir='ltr'><strong>μου.</strong></span> <span class='ocrx_word' id='word_1_914' title='bbox 1835 2705 1882 2731; x_wconf 71' lang='grc' dir='ltr'>καὶ</span> 
     </span>
    </p>
   </div>
   <div class='ocr_carea' id='block_1_117' title="bbox 1093 2749 1882 2786">
    <p class='ocr_par' dir='ltr' id='par_1_117' title="bbox 1093 2749 1882 2786">
     <span class='ocr_line' id='line_1_117' title="bbox 1093 2749 1882 2786; baseline -0.001 -10"><span class='ocrx_word' id='word_1_915' title='bbox 1093 2750 1134 2782; x_wconf 79' lang='grc' dir='ltr'><strong>τὸ,</strong></span> <span class='ocrx_word' id='word_1_916' title='bbox 1147 2749 1201 2783; x_wconf 80' lang='grc' dir='ltr'><strong>ἕως</strong></span> <span class='ocrx_word' id='word_1_917' title='bbox 1220 2750 1355 2785; x_wconf 80' lang='grc' dir='ltr'><strong>ὑπάρχω,</strong></span> <span class='ocrx_word' id='word_1_918' title='bbox 1374 2750 1463 2785; x_wconf 68' lang='grc' dir='ltr'><strong>ψαλῶ</strong></span> <span class='ocrx_word' id='word_1_919' title='bbox 1485 2749 1525 2783; x_wconf 84' lang='grc' dir='ltr'>τῷ</span> <span class='ocrx_word' id='word_1_920' title='bbox 1546 2750 1616 2784; x_wconf 84' lang='grc' dir='ltr'>Θεῷ.</span> <span class='ocrx_word' id='word_1_921' title='bbox 1631 2751 1669 2777; x_wconf 83' lang='grc' dir='ltr'><strong>Οὐ</strong></span> <span class='ocrx_word' id='word_1_922' title='bbox 1685 2750 1739 2786; x_wconf 80' lang='grc' dir='ltr'><strong>γάρ</strong></span> <span class='ocrx_word' id='word_1_923' title='bbox 1758 2751 1833 2778; x_wconf 78' lang='grc' dir='ltr'><strong>ἐστιν</strong></span> <span class='ocrx_word' id='word_1_924' title='bbox 1853 2752 1882 2777; x_wconf 80' lang='grc' dir='ltr'><strong>ἐν</strong></span> 
     </span>
    </p>
   </div>
   <div class='ocr_carea' id='block_1_118' title="bbox 1094 2795 1881 2832">
    <p class='ocr_par' dir='ltr' id='par_1_118' title="bbox 1094 2795 1881 2832">
     <span class='ocr_line' id='line_1_118' title="bbox 1094 2795 1881 2832; baseline 0 -10"><span class='ocrx_word' id='word_1_925' title='bbox 1094 2795 1201 2831; x_wconf 84' lang='grc' dir='ltr'>θανάτῳ</span> <span class='ocrx_word' id='word_1_926' title='bbox 1224 2796 1237 2822; x_wconf 81' lang='grc' dir='ltr'><strong>ὁ</strong></span> <span class='ocrx_word' id='word_1_927' title='bbox 1268 2796 1444 2831; x_wconf 87' lang='grc' dir='ltr'><strong>μνημονεύων</strong></span> <span class='ocrx_word' id='word_1_928' title='bbox 1474 2796 1574 2829; x_wconf 84' lang='grc' dir='ltr'>αὑτοῦ,</span> <span class='ocrx_word' id='word_1_929' title='bbox 1605 2797 1634 2822; x_wconf 86' lang='grc' dir='ltr'><strong>ὲν</strong></span> <span class='ocrx_word' id='word_1_930' title='bbox 1659 2796 1688 2823; x_wconf 82' lang='grc' dir='ltr'><strong>δὲ</strong></span> <span class='ocrx_word' id='word_1_931' title='bbox 1710 2796 1749 2832; x_wconf 78' lang='grc' dir='ltr'>τῷ</span> <span class='ocrx_word' id='word_1_932' title='bbox 1770 2796 1820 2832; x_wconf 71' lang='grc' dir='ltr'><strong>ᾄδῃ</strong></span> <span class='ocrx_word' id='word_1_933' title='bbox 1840 2796 1881 2826; x_wconf 79' lang='grc' dir='ltr'>τίς</span> 
     </span>
    </p>
   </div>
   <div class='ocr_carea' id='block_1_119' title="bbox 1094 2840 1880 2877">
    <p class='ocr_par' dir='ltr' id='par_1_119' title="bbox 1094 2840 1880 2877">
     <span class='ocr_line' id='line_1_119' title="bbox 1094 2840 1880 2877; baseline 0 -10"><span class='ocrx_word' id='word_1_934' title='bbox 1094 2840 1334 2877; x_wconf 71' lang='grc' dir='ltr'><strong>ὲξομολογήσεταις</strong></span> <span class='ocrx_word' id='word_1_935' title='bbox 1359 2841 1452 2873; x_wconf 78' lang='grc' dir='ltr'>Οὕτως</span> <span class='ocrx_word' id='word_1_936' title='bbox 1481 2842 1645 2877; x_wconf 80' lang='grc' dir='ltr'>ἀπεκλείσθη</span> <span class='ocrx_word' id='word_1_937' title='bbox 1680 2843 1740 2874; x_wconf 83' lang='grc' dir='ltr'>ταῖς</span> <span class='ocrx_word' id='word_1_938' title='bbox 1775 2843 1880 2877; x_wconf 79' lang='grc' dir='ltr'><strong>μωραῖς</strong></span> 
     </span>
    </p>
   </div>
   <div class='ocr_carea' id='block_1_120' title="bbox 1094 2886 1876 2924">
    <p class='ocr_par' dir='ltr' id='par_1_120' title="bbox 1094 2886 1876 2924">
     <span class='ocr_line' id='line_1_120' title="bbox 1094 2886 1876 2924; baseline 0.001 -11"><span class='ocrx_word' id='word_1_939' title='bbox 1094 2886 1239 2923; x_wconf 80' lang='grc' dir='ltr'><strong>παρθένοις</strong></span> <span class='ocrx_word' id='word_1_940' title='bbox 1255 2886 1301 2914; x_wconf 73' lang='grc' dir='ltr'><strong>τοῦ</strong></span> <span class='ocrx_word' id='word_1_941' title='bbox 1318 2887 1460 2923; x_wconf 80' lang='grc' dir='ltr'><strong>νυμφῶνος</strong></span> <span class='ocrx_word' id='word_1_942' title='bbox 1487 2887 1596 2924; x_wconf 76' lang='grc' dir='ltr'>ἡθύρα,</span> <span class='ocrx_word' id='word_1_943' title='bbox 1625 2888 1669 2915; x_wconf 72' lang='grc' dir='ltr'><strong>τὸν</strong></span> <span class='ocrx_word' id='word_1_944' title='bbox 1695 2888 1745 2923; x_wconf 78' lang='grc' dir='ltr'><strong>τῆς</strong></span> <span class='ocrx_word' id='word_1_945' title='bbox 1769 2888 1876 2923; x_wconf 80' lang='grc' dir='ltr'>λαμπα-</span> 
     </span>
    </p>
   </div>
  </div>
