2044 3212
169 185 177 211 I
184 182 234 212 289

740 178 991 210 COMMENTARIA
1009 178 1043 208 IN
1061 180 1231 209 PSALMOS.

1287 140 1357 176 :09

1714 181 1781 210 I290

163 243 292 280 δηφορίας
325 243 419 279 καιρὸν
456 244 494 275 εἰς
522 242 669 280 ἀγορασίαν
702 242 790 269 ἐλαίου
824 241 949 268 δαπανώο

1002 241 1051 269 bus
1063 240 1215 276 transigere
1229 240 1373 271 debebant,
1395 239 1422 267 in
1439 239 1499 268 oleo
1521 240 1636 268 emendo
1655 248 1781 268 consum-

165 298 236 322 σαις.

204 346 359 381 ’Πδυνθείη
370 345 449 379 αὐτῷ
460 347 479 380 ἠ
491 345 615 381 διαλογὴ
624 353 684 380 μου
694 352 700 359 ·
713 344 771 379 ἐγὼ
782 344 816 370 δὲ
826 345 949 378 εὐφραν-

164 393 292 428 θήσομιιι
305 393 354 420 ἐπὶ
368 390 408 426 τῷ
421 392 526 427 Κυρίῳ.
541 392 603 428 Είη,
617 392 693 427 φησὶ,
710 390 822 418 τοιαῦτά
839 397 871 427 με
885 390 949 426 ᾆσαι

164 438 211 465 καὶ
225 438 319 474 ψᾶλαι,
336 438 373 470 ὡς
384 438 530 474 ἡδυνθῆναι
545 437 619 473 αὐτῷ
635 434 679 464 τὸν
693 436 759 473 ἐμοῦ
772 437 887 472 καρπὸν,
901 437 949 472 τὴν

164 484 289 520 διαλογήν
314 490 382 520 μου⁸
404 483 526 511 τουτέστι
545 485 595 520 τὴν
611 483 725 516 διάλεξίν
742 491 803 519 μου,
822 482 870 518 τὴν
886 483 948 518 ὀμι-

165 528 222 555 λίαν
239 537 299 564 μου,
316 530 366 565 τὴν
379 528 497 556 αῐνεσιν·
515 531 529 556 6
555 529 608 566 γὰρ
628 529 736 564 ψάλλων
750 529 810 565 Θεῷ
829 529 949 564 διαλέγε-

164 582 218 601 ται.
235 574 267 601 Τί
281 574 310 601 δέ
331 573 416 608 ἑστιν,
442 575 592 609 Ἡδυνθείη
610 576 690 609 αὺτῷ
703 576 723 610 ἡ
737 575 862 610 διαλογὴ
874 584 949 610 μου;

164 620 356 655 εὐπρόσδεκτος
381 621 498 655 γένοιτο,
524 622 620 657 ἀρέσαι
645 621 762 658 δεχθείη,
784 621 878 658 ἡδίστη
904 622 950 648 καὶ

163 666 331 701 τερπνοτάτη
361 666 453 702 ὀφθείη
481 666 520 702 τῷ
542 667 611 703 Θεῷ.
637 668 707 704 ’Δρα
731 668 748 704 ή
777 666 843 703 εὐχὴ
875 667 949 695 οὐδὲν

163 712 256 746 ἕτερόν
269 713 341 739 ἐστιν
360 711 376 748 ἢ
394 712 510 745 διάλεξις
526 713 594 749 πρὸς
611 713 686 741 Θεόν.
706 712 844 749 Ἐννόησον
861 713 950 740 τοίνυν

163 756 211 792 τὴν
223 756 391 792 ψαλμῳδίαν,
404 759 433 784 ἐν
443 758 510 794 αὐτῇ
523 759 571 795 τὴν
584 755 836 795 ἀμοιϐὴνὲχουσαν.
849 758 882 786 Τί
895 759 950 794 γὰρ

164 802 220 830 ἴσον
242 803 339 837 γένοιτ’
356 804 389 830 ἂν
409 803 456 830 τοῦ
476 804 535 840 Θεῷ
557 805 747 840 διαλέγεσθαις
781 806 812 832 Ἡ
837 804 949 841 τοιαύτη

164 847 285 889 βορύδων
302 849 501 877 ἀπαλλάττεται
523 850 608 885 ψυχὴ,
628 851 668 883 είς
690 850 736 877 τὸν
752 851 864 886 οὐρανὸν
886 850 950 886 μ.εο-

163 893 281 926 ίιπαται,
293 893 346 920 τῶν
356 894 510 929 συνδέσμων
520 894 567 921 τοῦ
579 894 703 931 σώματος
714 895 870 928 ἀπολύεται,
887 904 950 922 πτε-

165 939 267 974 ροῦται,
287 939 437 976 κουφοτέρα
454 940 624 973 καθίσταται,
640 939 796 968 ἀποτίθεται
812 941 847 968 τὰ
861 941 947 977 πάθη,

163 984 307 1012 ἀποδύεται
320 986 354 1014 τὰ
367 987 515 1022 νοσήματα.
540 987 572 1014 Εἰ
585 987 639 1022 γὰρ
649 987 783 1024 ἀνθρώπῳ
793 997 835 1020 τις
848 988 949 1023 συνετῷ

163 1031 211 1058 καὶ
234 1031 296 1058 νοῦν
319 1031 406 1067 ἔχοντι
429 1033 633 1068 διαλεγόμενος,
655 1034 709 1062 ἀπὸ
729 1034 779 1070 τῆς
798 1033 905 1070 ὁμιλίας
923 1043 950 1062 τι

163 1076 296 1112 κερδάνας
318 1076 476 1114 ἀπέρχεται,
491 1079 505 1105 6
529 1077 598 1115 πρὸς
625 1079 671 1106 τὸν
698 1079 896 1118 Θεδνιόμιλῶν,
909 1087 952 1106 εν-

163 1123 258 1158 νόησον
280 1123 366 1159 πόσην
391 1123 566 1160 καρπώσεται
586 1124 636 1160 τὴν
654 1125 765 1162 ἀρετήν.
779 1125 850 1161 ’Δρα
867 1125 951 1161 ὕμνος

163 1168 241 1196 τοῦτό
263 1171 335 1196 ἐστιν
355 1171 372 1206 ἡ
395 1170 463 1206 πρὸς
483 1166 548 1197 Θεὸν
573 1170 674 1206 ὁμιλία.
698 1170 762 1204 Πῶς
778 1169 801 1199 δ’
826 1172 860 1199 ἂν
883 1172 951 1205 αὕτη

163 1215 288 1251 ἡδυνθείη
308 1215 347 1251 τῷ
367 1215 444 1251 Θεῷ;
463 1217 493 1242 El
511 1216 566 1248 βίος
584 1217 627 1251 είτι
638 1216 767 1252 καθαρὸς,
783 1219 807 1244 εί
821 1217 894 1253 ψυχὴ
907 1227 951 1253 φι-

164 1260 324 1296 λοσοφοῦσα.
339 1263 423 1290 Ὅταν
440 1263 494 1299 γὰρ
515 1260 604 1291 πᾶσαν
622 1263 764 1300 ἀναλώσῃς
784 1264 832 1301 τὴν
847 1265 952 1301 ἡμέραν

165 1306 322 1342 εὐχόμενος,
339 1306 390 1342 τῆς
406 1308 542 1340 πολιτείας
554 1309 795 1346 ἀντιπραττούσης,
809 1310 858 1337 οὐκ
872 1311 953 1338 ἀκου-

167 1351 252 1388 σθήσῃ
269 1352 377 1388 ῥᾳδίως,
390 1353 420 1380 οὐ
437 1354 518 1389 μόνον
531 1353 620 1387 αὑτδς,
636 1355 693 1382 ἀλλ’
708 1356 762 1382 οὐδ’
776 1355 868 1392 ἕτερος
881 1356 951 1392 ὑπὲρ

165 1397 213 1424 σοῦ
227 1397 305 1425 τοῦτο
317 1399 412 1425 ποιῶν.
428 1399 520 1428 Ταῦτα
531 1399 558 1427 δὲ
574 1399 654 1435 λέγω,
675 1401 725 1437 οὐχ
745 1401 789 1428 ἵνα
813 1402 850 1437 μὴ
871 1410 954 1437 προσ-

165 1443 320 1479 ευχώμεθα,
339 1444 392 1471 οὐδ’
408 1445 450 1472 ἵνα
468 1445 505 1482 μὴ
519 1446 673 1482 ψάλλωμεν,
689 1447 747 1474 ἀλλ’
766 1447 808 1474 ἴνα
822 1448 889 1483 μετὰ
905 1447 952 1475 τοῦ

165 1488 275 1523 ψάλλειν
287 1489 335 1516 καὶ
347 1489 403 1525 βίου
417 1490 465 1517 καὶ
477 1490 613 1522 πολιτείας
623 1492 825 1528 ἐπιμελώμεθα.
837 1493 952 1528 Νοήσεις

165 1535 193 1561 δὲ
214 1536 260 1562 τὸν
278 1535 368 1571 στίχον
389 1536 436 1563 καὶ
456 1536 555 1568 οὕτως·
569 1536 665 1564 Πολλοὶ
681 1537 751 1566 κατά
776 1539 952 1575 συναρπαγὴν

1000 293 1125 325 pserunt.

1035 345 1118 374 Vens.
1149 345 1194 373 54.
1225 344 1377 371 Iucundum
1404 345 1437 372 sit
1463 346 1487 372 ei
1512 345 1644 381 eloquium
1664 353 1750 373 meum
1773 354 1782 372 :

999 400 1045 426 ego
1062 399 1120 418 vero
1135 390 1284 418 delectabar
1303 391 1330 417 in
1349 390 1472 418 Domino.
1490 390 1611 423 Utinam,
1628 391 1728 427 inquit,
1745 391 1782 418 ita

1000 441 1107 464 cantem
1122 441 1148 464 et
1165 436 1290 471 psallam.
1315 440 1344 464 ut
1360 435 1467 464 fructus
1490 444 1567 464 meus
1589 436 1640 472 ipsi
1660 437 1781 472 placeat;

1000 482 1138 518 eloquium
1152 482 1288 514 videlicet.
1305 471 1362 510 sive
1374 482 1538 517 colloquium
1552 471 1782 514 meum,7conver-

1000 527 1071 556 satio
1083 531 1111 555 et
1131 527 1189 555 laus
1202 535 1262 555 mea
1280 537 1286 555 ι
1303 534 1366 554 nam
1380 527 1426 563 qui
1440 527 1542 562 psallit,
1560 527 1643 555 Deum
1664 528 1781 563 alloqui-

1001 576 1055 600 tur.
1069 572 1140 606 Quid
1152 576 1243 600 autem
1254 578 1296 600 est
1307 571 1384 604 illud,
1397 571 1549 599 Iucundum
1560 572 1595 599 sit
1611 573 1634 599 ei
1650 573 1782 608 eloquium

1000 626 1085 645 meum
1095 619 1108 645 ν
1122 617 1149 645 id
1162 621 1204 646 est
1219 617 1384 652 acceptabile
1398 617 1434 646 sit
1444 617 1508 653 ipsi,
1520 618 1623 653 placeat
1637 619 1672 652 ei,
1683 620 1783 653 jucun-

1001 662 1146 690 dissimum
1165 669 1197 689 ac
1219 661 1436 697 placidissimum
1457 662 1512 690 Deo
1535 663 1669 690 videatur.
1690 662 1783 690 Oratio

1001 707 1094 742 itaque
1114 707 1183 734 nihil
1200 707 1274 734 aliud
1288 710 1339 740 est,
1355 714 1437 742 quam
1453 707 1620 742 colloquium
1636 715 1699 735 cum
1716 707 1783 736 Deo.

1000 752 1193 780 Animadverte
1217 753 1300 787 igitur
1320 752 1500 787 psalmodiam
1522 753 1550 780 in
1575 760 1605 780 se
1626 754 1784 781 retributio-

1001 806 1063 826 nem
1078 799 1227 826 continere.
1241 797 1311 831 Quid
1323 798 1396 826 enim
1410 797 1528 833 alloquio
1543 797 1590 826 Dei
1606 799 1708 834 aequari
1725 807 1785 834 pos-

1001 845 1054 872 sit?
1070 844 1234 879 Huiusmodi
1258 844 1349 871 anima
1367 851 1382 870 a
1402 844 1567 872 tumultibus
1590 844 1732 877 liberatur,
1757 845 1785 872 in

1001 892 1100 918 caelum
1114 889 1289 923 transfertur,
1312 890 1428 918 vinculis
1451 890 1574 926 corporis
1593 888 1719 923 solvitur,
1734 890 1785 917 alis

1001 936 1159 971 instruitur,
1180 936 1266 964 levtor
1286 935 1413 969 edicitur,
1437 935 1550 964 affectus
1568 935 1689 972 deponit,
1710 944 1785 964 mor-

1001 982 1051 1010 bus
1068 982 1154 1010 exuit.
1170 981 1237 1009 Nam
1251 983 1274 1009 si
1288 989 1322 1010 ex
1340 981 1481 1017 prudentis
1496 981 1547 1009 viri
1568 982 1705 1017 colloquio
1723 982 1785 1017 quis

1000 1029 1107 1055 lucrum
1121 1030 1264 1062 reportans
1280 1027 1412 1060 abscedit,
1431 1027 1518 1063 cogita
1530 1031 1661 1062 quantum
1675 1027 1785 1055 virtutis

1000 1078 1084 1101 metet
1095 1082 1128 1101 ex
1142 1073 1188 1101 Dei
1205 1074 1351 1109 colloquio.
1367 1073 1489 1109 Hymnus
1505 1081 1570 1108 ergo
1582 1077 1624 1101 est
1638 1073 1785 1100 collocutis

1000 1128 1064 1148 cum
1079 1120 1144 1149 Deo.
1164 1120 1307 1153 Quomodo
1323 1124 1415 1148 autem
1435 1120 1493 1147 huc
1513 1119 1569 1147 Deo
1582 1118 1704 1155 jucunda
1723 1119 1788 1148 fuci

1001 1167 1056 1194 rit?
1070 1166 1100 1194 Si
1119 1167 1175 1194 vita
1187 1167 1223 1195 sit
1242 1174 1320 1202 pura,
1337 1166 1360 1194 si
1378 1166 1468 1193 anima
1483 1166 1699 1201 philosophetur.
1717 1166 1786 1193 Nam

1001 1213 1025 1241 si
1048 1217 1133 1241 totam
1157 1212 1230 1240 diem
1250 1212 1355 1240 orando
1376 1213 1524 1248 transigas,
1548 1212 1612 1239 dum
1634 1213 1697 1240 vitae
1715 1214 1786 1240 ratio

1001 1259 1118 1287 orationi
1132 1263 1275 1294 repugnat,
1287 1266 1343 1287 non
1358 1258 1437 1286 facile
1449 1259 1620 1291 exaudiaris;
1638 1266 1693 1287 non
1704 1259 1786 1287 modo

1000 1308 1031 1332 tu
1049 1305 1118 1339 ipse,
1132 1305 1180 1332 sed
1194 1305 1276 1332 etiam
1287 1304 1377 1339 quivis
1397 1305 1466 1331 alius
1480 1304 1527 1339 qui
1542 1311 1591 1339 pro
1607 1307 1633 1332 te
1647 1309 1784 1339 precetur.

1002 1350 1065 1378 Haec
1080 1357 1163 1386 porro
1177 1350 1249 1383 dico,
1267 1358 1321 1378 non
1341 1354 1371 1377 ut
1390 1358 1425 1378 ne
1443 1358 1552 1378 oremus
1576 1357 1663 1385 neque
1684 1350 1786 1385 psalla-

1002 1404 1075 1431 mus,
1092 1396 1139 1424 sed
1156 1400 1187 1423 ut
1201 1401 1263 1431 post
1281 1397 1401 1431 psalmos
1418 1396 1452 1424 de
1467 1397 1522 1424 vita
1536 1401 1563 1424 et
1575 1397 1790 1424 conversatione

1003 1447 1095 1471 nostra
1109 1443 1221 1470 solliciti
1236 1443 1333 1470 simus.
1350 1442 1406 1469 Hac
1421 1447 1485 1470 item
1501 1443 1606 1470 ratione
1618 1443 1785 1470 versiculum

1003 1489 1077 1518 hunc
1090 1489 1210 1525 explices
1222 1498 1230 1516 :
1244 1488 1321 1516 Multi
1338 1493 1460 1524 quaestus
1473 1496 1556 1516 causa
1570 1496 1700 1523 perverse
1709 1488 1786 1523 judi-

1003 1537 1045 1564 cia
1063 1536 1165 1568 ferunt,
1177 1534 1225 1563 sed
1238 1538 1265 1563 et
1279 1537 1424 1569 antequam
1437 1542 1485 1569 per
1497 1537 1655 1562 accuratum
1671 1541 1784 1561 examen

165 1581 399 1617 παρηλλαγμένως
417 1581 466 1613 τὰς
484 1582 589 1617 κρίσεις
607 1582 762 1619 ἐκφέρουσι,
786 1584 840 1619 πρὸ
866 1593 952 1611 κατα-

1003 1587 1030 1611 et
1045 1582 1281 1619 perquisitionem,
1294 1589 1347 1617 qua
1364 1581 1397 1609 de
1411 1589 1441 1609 re
1455 1584 1552 1616 agatur
1567 1580 1729 1615 intelligant.
1745 1585 1786 1607 te-

166 1627 273 1664 λήψεως
291 1627 340 1662 τῆς
359 1627 389 1660 ἐξ
413 1627 504 1655 ῑκανοῦ
524 1627 613 1662 λόγου,
630 1629 675 1656 καὶ
690 1629 827 1656 έπιπλεϊον
841 1631 952 1666 ἐρευνη-

166 1673 269 1706 θέντος,
287 1672 474 1709 ἐγγινομένης,
487 1672 674 1705 ἀϐασανίστως
694 1674 765 1701 κατὰ
787 1675 952 1710 προπέτειαν

166 1719 223 1752 τὰς’
236 1719 299 1755 περὶ
323 1719 436 1746 ἑκάστου
458 1720 594 1756 δογματος
609 1719 766 1755 ῥιπτοῦντες
782 1720 951 1754 συγκαταθέ-

168 1773 233 1797 σεις.
256 1766 289 1792 Ἠ
300 1765 328 1792 δὲ
339 1766 389 1801 τῆς
401 1765 572 1801 διαλεκτικῆς
583 1765 664 1800 φύσις
678 1765 794 1801 μάλιστα
807 1766 953 1793 πεπίστευ-

167 1817 212 1837 ται
228 1809 313 1836 ταῦτα
334 1810 464 1846 παρέχειν
479 1810 619 1842 δύνασθαι,
639 1810 751 1846 διαιρεῖν
766 1810 888 1845 ἀκριϐῶς
902 1810 951 1842 τὰς

167 1856 221 1881 τῶν
237 1855 410 1891 πραγμάτων
423 1855 517 1890 φύσεις
535 1856 581 1883 καὶ
595 1856 629 1883 τὰ
643 1856 723 1892 ὅμοια
739 1856 892 1892 γνωρίζειν,
906 1856 953 1883 καὶ

168 1900 202 1927 τὰ
222 1901 319 1937 ἑαυτῆς
345 1901 502 1937 διακρίνειν.
526 1902 624 1938 Διόπερ
649 1902 775 1934 συνειδὼς
799 1901 887 1938 ἑαυτῷ
904 1902 953 1938 τὴν

169 1945 243 1972 θείαν
256 1946 425 1982 διαλεκτικὴν
437 1947 535 1982 ἔχοντι,
550 1947 642 1982 ἔλεγεν
660 1948 675 1974 6
693 1948 774 1974 Δαυῖδ
788 1948 829 1981 τὸ,
853 1948 954 1976 Ἠθον-

168 1991 231 2025 θείη
249 1999 298 2019 σοι
310 1993 330 2027 ἠ
345 1992 470 2028 maiori}
483 2002 552 2028 μου.
569 1993 601 2020 Ἦ
616 1993 670 2030 γὰρ
686 1994 740 2020 τῶν
751 1993 893 2029 ἐριστικῶς
907 1994 953 2021 καὶ

169 2036 326 2072 φιλονείκως
337 2038 555 2074 ὲπεμὸαινόντων
564 2041 620 2071 τοῖς
631 2040 773 2075 πράγμασι
785 2039 952 2075 διαλεκτικὴ,

169 2083 218 2119 οὐχ
232 2083 317 2119 ἡδεῖα,
332 2084 399 2111 ἀλλά
415 2085 670 2121 παραπικραίνουσά
680 2087 722 2118 τίς
733 2087 815 2113 ἐστιν,
829 2086 890 2113 ’Ὁτι
904 2086 954 2121 μὲν

169 2126 216 2156 οὖν
228 2129 292 2165 ἡδὺς
308 2129 366 2165 Θεῷ
378 2130 456 2165 λόγος
474 2131 489 2158 6
502 2132 541 2163 εἰς
557 2131 688 2167 ὀρθότητα
702 2131 818 2167 βλέπων,
832 2132 912 2164 αὐτὸς
925 2133 954 2159 ἐν

170 2174 209 2211 τῷ
226 2175 327 2211 ᾄσματι
339 2175 428 2210 λέγει’
442 2177 553 2210 Κηρίον
567 2175 771 2207 ἀποστάζουσι
784 2178 869 2212 χειλη
884 2185 952 2211 σου,

170 2220 285 2256 ἀδελφή
294 2230 352 2256 μου
363 2222 463 2256 νύμφη
475 2229 481 2236 ·
492 2221 562 2256 μέλι
574 2223 622 2249 καὶ
635 2222 710 2258 τάλα
723 2223 782 2251 ὑπὸ
796 2223 852 2257 τὴν
863 2223 956 2259 γλῶσ-

1004 1636 1076 1656 mete
1099 1629 1214 1664 singulis
1231 1628 1374 1656 sententiis
1393 1635 1537 1655 assensum
1551 1624 1690 1662 pratbent.'
1703 1627 1738 1654 At
1752 1631 1786 1654 ea

1003 1673 1150 1700 dialectica!
1170 1677 1267 1700 natura
1295 1677 1347 1706 est,
1364 1676 1395 1700 ut
1408 1680 1499 1700 rerum
1523 1677 1635 1700 naturas
1657 1677 1786 1700 accurate

1003 1717 1199 1754 distinguendi,
1224 1718 1324 1746 similia
1352 1717 1544 1753 cognoscendi,
1574 1721 1601 1745 et
1623 1725 1684 1753 quae
1702 1717 1737 1745 ad
1755 1724 1787 1745 se

1002 1765 1155 1800 pertineant
1175 1764 1361 1797 discernendi,
1387 1764 1542 1791 facultatem
1559 1767 1690 1799 praestare
1704 1771 1786 1799 posse

1002 1815 1122 1846 putetur.
1137 1810 1318 1843 Quamobrem
1328 1809 1411 1837 David
1420 1817 1482 1838 cum
1498 1816 1527 1837 se
1541 1808 1632 1837 divina
1643 1809 1786 1837 dialectica

1003 1858 1167 1885 instmctum
1174 1864 1236 1885 esse
1245 1860 1432 1892 cognosceret,
1445 1856 1551 1883 dicebat
1564 1865 1571 1883 :
1586 1854 1738 1882 Jucundum
1749 1855 1786 1882 εἱι

1003 1903 1050 1930 tibi
1069 1903 1200 1939 eloquium
1214 1910 1310 1934 meum,
1324 1902 1382 1930 sive
1400 1902 1543 1930 dialectica
1555 1909 1626 1930 mea.
1638 1900 1706 1928 Nam
1725 1901 1786 1929 dia-

1003 1949 1098 1976 lectica
1116 1956 1209 1976 eorum
1229 1948 1274 1983 qui
1291 1947 1437 1976 altercandi
1455 1955 1487 1976 ac
1501 1947 1681 1976 contendendi
1694 1947 1786 1975 animo

1002 2002 1047 2023 res
1066 1994 1270 2030 aggrediuntur,
1286 2001 1342 2021 non
1352 1993 1483 2029 jucunda,
1503 1993 1551 2021 sed
1567 1993 1660 2028 potius
1671 2001 1786 2029 exaspe-

1003 2047 1067 2067 rans
1083 2043 1135 2067 est.
1155 2039 1234 2072 Quod
1256 2042 1346 2066 autem
1364 2046 1454 2067 sermo
1470 2039 1624 2073 :equitatem
1647 2043 1786 2074 spectans,

1001 2086 1138 2122 iucundus
1154 2086 1208 2113 Deo
1223 2085 1268 2118 sit,
1284 2086 1341 2121 ipse
1363 2086 1390 2113 in
1411 2085 1519 2113 cantico
1533 2085 1649 2113 afﬁrmat
1660 2094 1669 2112 :
1683 2077 1787 2113 Favum

1003 2133 1136 2160 distillant
1152 2132 1224 2159 labia
1233 2137 1291 2164 tua,
1304 2140 1380 2159 soror
1393 2140 1451 2159 mea
1461 2139 1556 2166 sponsa
1570 2141 1579 2159 :
1588 2132 1639 2159 mel
1650 2137 1675 2160 et
1686 2133 1727 2159 lac
1738 2131 1787 2159 sub

1003 2179 1094 2215 lingua
1111 2184 1157 2206 tua
1169 2179 1201 2207 “.
1218 2178 1297 2213 Quod
1309 2186 1374 2206 vero
1390 2178 1435 2214 qui
1449 2178 1547 2214 frigida
1561 2183 1588 2206 et
1603 2179 1691 2206 futilis
1704 2178 1787 2206 verba

1004 2226 1080 2261 loqui
1096 2226 1174 2258 solet,
1190 2225 1356 2260 injucundus
1375 2225 1420 2257 sit,
1436 2225 1462 2252 id
1487 2225 1635 2261 psalmodia
1654 2224 1786 2257 declarat,

170 2264 231 2291 σάν
243 2274 312 2293 σου.
329 2266 388 2292 Ὅτι
400 2265 428 2292 δὲ
445 2266 460 2292 6
481 2266 657 2302 ψυχρολογεῖν
680 2267 782 2299 εἰωθὼς
795 2268 952 2305 ἀκαλλὴς,ἡ

1007 2280 1068 2300 cum
1083 2272 1120 2299 ait
1138 2280 1145 2298 :
1165 2271 1320 2306 Sepulcrum
1332 2276 1422 2306 patens
1435 2275 1473 2298 est
1485 2275 1575 2306 guttur
1589 2270 1719 2297 eorum".
1733 2270 1788 2305 Ego

170 2310 314 2347 ψαλμῳδία
327 2311 489 2347 παρίστησι·
506 2311 601 2347 Τάφος
615 2312 680 2349 γὰρ,
698 2313 790 2349 φησὶν,
809 2313 956 2350 ἀνεῳγμέ-

171 2365 226 2390 νος
248 2358 265 2384 ὁ
288 2356 404 2392 λάρυγξ
427 2356 535 2385 αὐτῶν.
556 2358 626 2393 Ἐγὼ
653 2358 688 2385 δὲ
714 2360 956 2396 εὐφρανθήσομαι

171 2402 223 2429 ἐπὶ
235 2400 274 2436 τῷ
283 2404 389 2438 Κυρίῳ.
400 2403 531 2440 Εὕχομαι,
543 2405 620 2440 φησὶ,
631 2405 732 2442 ταύτην
743 2415 793 2442 μου
805 2407 854 2443 τὴν
867 2407 955 2442 ὑμνῳ-

171 2449 232 2477 δίαν
247 2449 293 2476 καὶ
314 2449 429 2484 διάλεξιν
448 2451 558 2487 ἡδίστην
573 2451 688 2487 ὀφθῆναι
709 2451 748 2487 τῷ
766 2452 834 2487 Θεῷ.
855 2451 955 2479 Τούτου

172 2495 226 2532 γὰρ
241 2495 396 2532 γενομένου,
413 2496 468 2531 ὲγὼ
487 2497 535 2533 τὴν
556 2497 680 2526 ἐντεῦθεν
702 2497 833 2534 εὐθυμίαν
844 2498 956 2534 καρπώ-

173 2550 266 2577 σομαι,
282 2542 328 2569 καὶ
344 2543 563 2580 εὐφρανθήσομαι
579 2545 625 2571 ἐπὶ
639 2544 678 2580 τῷ
698 2545 801 2581 Κυρίῳ,
820 2545 958 2572 τουτέστιν

172 2588 219 2615 ἐπὶ
233 2589 267 2624 τῇ
284 2587 405 2624 λατρεία,
420 2589 466 2616 ἐπὶ
482 2591 516 2626 τῇ
536 2591 718 2626 προσκυνήσει
735 2591 781 2618 καὶ
796 2593 853 2623 τοῖς
865 2591 958 2618 ἐπιτά-

172 2641 259 2669 γμασι
280 2635 332 2666 τοῖς
347 2635 439 2667 αὐτοῦ,
457 2635 504 2662 ἐπὶ
524 2635 563 2672 τῷ
585 2636 704 2664 τοιοῦτον
724 2637 795 2673 ἔχειν
813 2637 955 2673 δεσπότην.

173 2679 251 2707 Καλὰ
267 2679 315 2715 μὲν
332 2680 385 2716 γὰρ
401 2681 448 2707 καὶ
467 2681 501 2708 τά
517 2681 651 2717 δρώμενα,
668 2683 715 2710 καὶ
732 2683 827 2718 τέρπει
844 2683 859 2710 6
877 2683 957 2719 οὐρα-

173 2724 232 2758 νὸς,
252 2726 298 2753 καὶ
318 2726 456 2762 εὐφραίνει
477 2726 492 2763 6
514 2727 605 2762 ἥλιος,
632 2729 679 2755 καί
699 2729 736 2764 γῆ
759 2729 848 2764 ἀνίησι
875 2729 958 2765 σπέρ-

1007 2327 1066 2346 uero
1089 2319 1238 2347 delectabar
1257 2319 1283 2346 in
1310 2318 1431 2345 Domino.
1446 2317 1556 2351 Precor,
1573 2317 1671 2352 inquit,
1690 2321 1721 2345 ut
1738 2317 1788 2352 hy-

1008 2372 1088 2392 mnus
1109 2369 1136 2392 et
1159 2365 1295 2399 eloquium
1319 2363 1401 2396 istud,
1420 2363 1649 2397 iucundissimum
1669 2362 1724 2390 Deo
1744 2362 1788 2389 vi-

1008 2410 1113 2438 deatur.
1132 2409 1159 2438 Id
1178 2411 1249 2437 enim
1269 2410 1292 2438 si
1313 2412 1369 2443 liat,
1391 2409 1454 2436 hinc
1471 2416 1521 2444 ego
1536 2408 1699 2436 hilaritatem
1722 2415 1789 2436 con-

1009 2463 1119 2491 sequar,
1134 2460 1161 2483 et
1172 2455 1326 2483 delectabar
1337 2455 1365 2482 in
1378 2454 1503 2486 Domino,
1518 2453 1544 2480 id
1558 2457 1609 2484 est.
1623 2453 1649 2480 in
1661 2453 1747 2487 cultu,
1760 2454 1788 2481 in

1006 2501 1175 2534 adoratione,
1190 2501 1218 2528 in
1239 2501 1380 2536 praeceptis
1394 2501 1464 2535 ejus,
1480 2499 1552 2535 quod
1565 2499 1628 2527 talis
1644 2499 1709 2526 mihi
1731 2499 1788 2526 Do—

1008 2547 1098 2574 minus
1111 2546 1156 2573 sit.
1170 2545 1237 2573 Nam
1253 2553 1313 2581 quae
1325 2546 1377 2573 sub
1393 2549 1532 2581 aspectum
1544 2545 1654 2578 cadunt,
1673 2545 1789 2581 pulchra

1007 2593 1117 2628 quidem
1142 2596 1216 2625 sunt.
1232 2592 1330 2620 caelum
1355 2592 1477 2624 delectat,
1499 2592 1541 2620 soi
1564 2592 1690 2625 laetificat,
1716 2597 1790 2620 terra

1010 2638 1113 2675 semina
1127 2638 1286 2673 plantasque
1304 2638 1424 2673 profert;
1440 2642 1468 2665 at
1485 2645 1536 2673 ego
1553 2638 1615 2673 plus
1628 2638 1747 2665 delector
1761 2637 1789 2664 in

1009 2684 1149 2715 Creatore,
1160 2692 1241 2719 quam
1255 2687 1282 2711 in
1297 2684 1341 2712 his
1353 2684 1490 2712 omnibus.
1502 2683 1565 2712 Htec
1575 2682 1642 2712 mihi
1653 2684 1790 2718 voluptas,

1010 2728 1067 2756 haec
1079 2728 1182 2762 latitia,
1195 2729 1235 2756 hae
1247 2729 1358 2761 deliciae,
1370 2729 1428 2757 lucc
1438 2729 1542 2757 infinita
1553 2730 1624 2757 bona
1637 2729 1703 2756 mihi
1714 2733 1791 2756 sunt.

175 2782 248 2809 ματα
269 2774 317 2801 καὶ
336 2776 424 2810 φυτά·
443 2774 500 2802 ἀλλ’
523 2776 579 2809 ἐγὼ
614 2776 716 2814 τούτων
739 2778 848 2805 πάντων
869 2777 915 2804 ἐπὶ
937 2777 976 2813 τῷ
1008 2778 1149 2814 ποιήσαντι
1175 2777 1255 2804 πλέον
1279 2777 1468 2813 εὐφραίνομαι.
1500 2778 1585 2806 Τοῦτὸ
1613 2786 1658 2813 μοι
1682 2776 1792 2813 τρυφὴν

173 2818 253 2846 τοῦτό
267 2828 311 2855 μοι
330 2819 491 2855 εὐφροσύνη,
507 2820 585 2847 τοῦτο
601 2821 697 2858 ἡδονὴ,
717 2822 794 2850 τοῦτο
811 2822 846 2849 τὰ
863 2823 946 2858 μυρία
958 2823 1057 2857 ἀγαθά.

210 2895 234 2913 ⁴⁶
252 2896 332 2924 Cant.
351 2905 389 2928 Iv,
408 2896 450 2924 I2.
489 2897 511 2913 ⁸⁷
531 2897 603 2925 Psal.
620 2906 647 2931 ν,
665 2899 709 2926 II.

320 2941 457 2974 PATROL.
474 2943 531 2974 Gn.
560 2943 679 2974 XXIII.

1598 2945 1634 2976 Μ.
