2044 3212
271 171 339 201 ιεθι

608 168 744 199 EUSEBII
764 169 1003 198 CESARIENSIS
1020 168 1095 198 OPP.
1115 169 1207 198 PARS
1224 169 1270 198 ῐῐΙ.
1289 184 1325 192 -
1343 170 1558 199 EXEGETICA.‘

1815 171 1882 200 ως

306 226 390 256 Vitas.
402 227 448 255 35.
462 226 595 263 Deﬁciunt
608 231 758 262 peccatores
773 234 790 253 ο
805 230 877 253 terra
884 231 909 254 et
920 226 1053 261 iniquum:

1156 226 1349 254 Ὲκλίποισαν
1363 227 1528 261 ἁμαρτωιοι
1543 227 1603 255 ἀπὸ
1621 227 1677 262 τῆς
1689 227 1745 264 γῆς
1758 229 1808 256 καὶ
1827 229 1892 257 dro-

267 279 298 301 It
313 282 364 301 non
382 275 447 301 sint.
464 273 493 301 In
506 274 553 301 illo
566 273 694 301 videlicet
706 276 838 308 tempore,
854 280 910 307 quo
923 264 1035 299 audient
1049 280 1056 298 :

267 320 400 347 Discedite
416 329 432 347 α
446 328 496 352 me,
515 319 661 349 maledicti,
677 319 705 345 in
719 319 806 353 ignem
822 323 959 348 mlernum,
975 325 1056 352 para-

267 371 323 393 tum
335 366 441 393 diabolo
456 365 592 400 clangelis
606 372 674 398 ejus.
690 363 795 390 Esurivi
808 364 888 394 enim,
905 368 929 390 et
944 372 995 390 non
1011 364 1057 390 de-

266 413 344 440 disti:
364 412 428 439 mihi
448 411 627 442 manducare;
647 410 728 442 silici,
747 414 772 436 et
793 418 844 436 non
864 409 976 442 potestis
997 417 1055 442 me;

266 458 358 492 hospes
372 466 457 489 erant,
479 461 504 484 et
531 464 583 483 non
605 455 747 490 collegistis
769 462 827 485 me;
851 454 948 485 nudus,
966 458 990 480 et
1006 463 1058 481 non

265 503 440 539 cooperuistis
459 509 515 533 me;
531 502 654 536 inﬁrmus
669 506 693 527 et
708 501 733 527 in
749 508 852 527 carcere
863 520 870 532 ,
887 505 911 527 et
929 509 981 527 non
996 500 1059 527 cisi-

266 551 343 577 tastis
358 558 398 576 me
413 549 455 575 ηε
474 552 502 575 et
525 556 579 575 non
597 551 677 574 erunt
698 547 725 573 in
750 547 874 581 portione
897 553 990 573 eorum
1011 545 1058 581 qui

266 596 322 624 Deo
336 595 510 622 benedicunt.
523 593 557 620 At
570 594 631 628 quis
647 593 716 620 forte
731 593 805 619 dicat
820 602 826 620 τ
842 592 948 627 Ergone
963 592 1058 620 beatus

264 641 401 676 Propheta
415 641 582 675 imprecatur
598 640 632 666 iis
644 639 690 674 qui
717 639 745 666 in
771 639 892 674 peccatis
909 643 984 672 sunt,
999 646 1058 666 om-

264 694 369 722 nesque
394 687 452 712 vuit
479 686 567 721 perire
585 693 617 712 ac
637 685 758 712 destrui?
786 685 820 711 At
847 685 939 712 decuit
965 685 1055 720 potius

262 733 354 759 virum
372 735 496 759 sanctum
522 738 555 757 ac
580 730 750 765 spiritualem
774 737 823 764 pro
853 729 1054 757 inﬁrmantibus

263 776 382 812 precari.
410 776 544 804 Cattcrum
565 774 646 807 audi,
675 775 770 809 paucis
796 774 869 801 enim
892 774 1053 802 absolvam:

262 824 333 851 Ante
348 822 502 850 Servatoris
527 822 674 849 adventum
697 828 793 848 omnes
809 821 836 847 in
852 820 973 855 peccatis
991 828 1053 847 era-

262 877 336 901 mus,
351 872 430 896 terra:
441 867 591 902 imperabat
603 866 730 899 Satanas,
742 875 796 894 non
809 871 867 894 erat
879 866 926 901 qui
952 866 1054 894 taceret

1109 279 1170 306 μοι,
1188 270 1266 298 ὥστε
1278 271 1322 306 μὴ
1339 272 1487 307 ὑπάρχειν
1499 273 1621 306 αὐτούς.
1642 273 1686 300 Ἐν
1700 273 1796 310 ἐκείνῳ
1806 274 1892 309 δηλον-

1110 318 1152 344 ότι
1163 318 1201 352 τῷ
1213 318 1310 354 καιρῷ,
1322 318 1481 345 ἀκούσονται
1495 319 1559 354 γὰρ,
1572 320 1738 354 Πορεύεσθε
1749 319 1801 347 ἀπ’
1812 320 1893 355 ἐμοῦ,

1111 363 1138 389 οι
1157 363 1363 398 κατηραμένοι,
1381 365 1424 396 εις
1439 363 1472 390 τὸ
1493 364 1554 398 πῦρ
1574 364 1608 390 τὸ
1622 363 1752 398 αἰώνιον,
1766 365 1802 392 τὸ
1819 366 1892 400 ἢτοι.

1107 409 1264 444 μασμένον
1286 409 1326 442 τῷ
1344 409 1470 443 διαϐόλῳ
1491 411 1539 436 καὶ
1558 410 1621 443 τοῖς
1637 410 1775 446 ἀγγέλοις
1792 410 1892 438 αὑτοῦ.

1116 457 1278 483 Ἐπείνασα
1305 455 1370 490 γὰρ,
1399 455 1449 482 καί
1474 456 1528 482 οὐκ
1550 455 1678 483 ἐδώκατέ
1696 465 1748 491 μοι
1773 456 1892 492 φαγεῖν·

1109 502 1252 536 ἐδίψησα,
1261 501 1310 529 καὶ
1326 502 1381 528 οὐκ
1397 500 1556 528 ἐποτίσατέ
1567 510 1606 536 με
1617 509 1623 516 ·
1641 501 1729 534 ξένος
1745 501 1837 536 ἤμην,
1847 500 1892 528 κα)

1109 549 1145 575 οὐ
1164 546 1351 582 συνηγάγετέ
1369 555 1423 581 με·
1445 547 1566 581 γυμνὸς,
1587 547 1636 573 καὶ
1656 547 1691 573 οὺ
1710 545 1892 581 περιεϐάλετέ

1106 603 1159 629 με·
1177 594 1309 627 ἀσθενὴς
1325 593 1373 620 καὶ
1389 593 1423 619 ἐν
1437 593 1569 627 φυλακῇ,
1589 593 1637 620 καὶ
1659 593 1715 620 οὐκ
1728 592 1893 627 ἐπεσκέψα-

1108 641 1163 667 σθέ
1179 649 1231 675 με’
1256 640 1303 666 καὶ
1327 640 1376 666 οὐκ
1400 639 1504 679 ἔσονται
1527 639 1556 665 ὲν
1578 640 1612 674 τῇ
1636 638 1725 674 μερίδι
1744 638 1801 666 τῶν
1822 638 1894 666 εὐλο-

1107 686 1226 721 γούντων
1240 686 1284 712 τὸν
1299 686 1373 712 Θεόν.
1397 685 1465 711 Ἀλλ’
1487 686 1545 721 ἐρεῖ
1562 694 1604 717 τις
1626 685 1722 720 τυχόν·
1738 682 1801 720 'Ap'
1817 683 1863 712 οὖν
1879 685 1894 712 ὁ

1109 733 1242 769 μακάριος
1259 733 1404 768 Προφήτης
1417 731 1578 766 κατεύχεται
1591 731 1645 758 τῶν
1658 731 1741 758 ὅντων
1755 732 1785 758 ἐν
1804 731 1893 767 ἁμαρ-

1106 780 1186 811 τίαις,
1209 779 1254 805 καὶ
1273 779 1377 810 πάντας
1396 777 1542 804 ἀπολέσθαι
1564 778 1610 804 καὶ
1633 776 1813 813 ἀφανισθῆναι
1834 776 1894 812 βού-

1106 827 1196 858 λεται;
1214 825 1310 852 Καίτοι
1326 824 1423 860 μᾶλλον
1440 825 1522 860 ἐχρῆν
1535 825 1611 858 ἀγιον
1629 823 1694 851 ὄντα
1710 823 1758 850 καὶ
1771 831 1893 858 πνευμα-

1104 871 1218 906 τοφόρον
1235 869 1431 905 ὐπερεύχεσοαι
1447 869 1501 895 τῶν
1516 869 1713 904 ὴσθενηκότων.
1724 862 1827 895 Ἄκουε
1839 867 1893 895 λον-

262 916 378 948 bonum,
392 923 446 943 non
462 918 521 942 erat
544 922 631 949 usque
647 913 681 940 ad
698 921 782 940 unum
800 922 806 940 :
821 921 917 941 omnes
931 912 1052 940 declina-

1103 915 1162 947 πὺν,
1179 914 1234 949 ὲρῶ
1248 913 1302 950 γὰρ
1317 914 1361 940 διὰ
1375 913 1510 950 βραχέων·
1529 914 1582 950 πρὸ
1607 913 1655 949 μὲν
1678 913 1728 948 τῆς
1742 913 1788 940 τοῦ
1806 913 1894 948 Σωτῆ-

262 966 367 994 verant,
380 961 461 990 simul
479 961 588 988 inutiles
606 960 670 987 facti
696 963 785 987 erant.
806 958 873 986 Nam
890 959 1054 994 01·ωοὶᾳυὶ-

261 1009 324 1037 dem
344 1009 480 1037 idolorum
501 1009 638 1038 cultores,
653 1007 791 1042 aequitatis
805 1007 916 1034 modum
942 1007 1054 1042 ignora-

262 1055 348 1088 bant,
376 1056 453 1083 bonae
469 1055 530 1082 vita:
555 1054 652 1082 callem
677 1053 855 1086 nesciebant;
878 1053 932 1080 imo
963 1053 1053 1088 potius

262 1103 385 1130 omnium
414 1109 504 1130 rerum
525 1100 650 1135 opiﬁcem
674 1104 701 1127 et
718 1099 887 1126 Salva‘torem
910 1099 1052 1127 Christum

261 1148 420 1176 nullatenus
435 1146 647 1182 cognoscebant.
663 1143 749 1171 Judazi
763 1144 827 1172 item
843 1144 928 1180 legem
941 1144 1052 1179 quidem

261 1194 399 1223 habebant
425 1200 473 1228 pro
491 1193 636 1228 paedagogo
652 1200 658 1218 :
676 1195 703 1218 at
732 1199 786 1218 non
812 1194 918 1225 poterat
943 1199 978 1218 ex
996 1191 1053 1226 lege

262 1240 345 1268 homo
356 1239 501 1275 justiﬁcari
521 1248 527 1265 :
542 1246 639 1265 omnes
655 1238 738 1274 igitur
752 1238 780 1264 in
796 1238 916 1273 peccatis
931 1245 1050 1269 eramus,

261 1290 336 1314 terra
349 1286 491 1321 iniquitate
513 1285 593 1320 plena
612 1288 680 1312 erat.
701 1283 849 1319 Postquam
861 1288 952 1311 autem
968 1291 1051 1318 appa-

261 1333 318 1360 ruit
331 1332 502 1367 unigenitum
517 1330 563 1358 Dei
575 1329 705 1361 Verbum,
723 1333 749 1357 et
772 1330 872 1357 factum
893 1333 934 1357 est
952 1330 1050 1362 homo,

262 1384 329 1407 tunc
354 1379 516 1407 defecerunt
534 1382 703 1414 peccatores,
721 1377 880 1406 defecerunt
906 1377 924 1404 ii
949 1378 996 1412 qui
1022 1378 1051 1405 in

263 1426 407 1462 iniquitate
425 1426 614 1453 versabantur.
629 1425 771 1459 Quomodo
785 1429 832 1452 aut
852 1432 906 1460 qua
927 1425 1052 1452 ratione?

262 1479 358 1500 cmnes
371 1471 472 1506 quippe
489 1470 697 1505 justiﬁcaverat,
713 1477 728 1496 a
748 1470 897 1498 sceleribus
918 1469 1051 1497 liberave-

263 1522 316 1551 rat,
329 1526 424 1546 omnes
442 1518 556 1550 liberos,
569 1524 653 1552 puros
676 1524 709 1544 ac
725 1520 813 1544 tersos
829 1516 965 1544 elTeccrat.
982 1515 1051 1544 Hinc

263 1571 328 1599 ergo
343 1563 466 1598 sequitur
476 1570 577 1597 paucos
590 1563 618 1589 in
639 1562 758 1597 peccatis
774 1561 937 1589 remansisse
947 1580 954 1593 ,
979 1561 1050 1588 mul-

1105 970 1150 997 ρος
1175 961 1319 996 ἐπιδημίας
1346 960 1465 993 ἅπαντες
1485 959 1554 996 ἦμεν
1574 961 1603 987 ὲν
1627 959 1790 996 ἁμαρτίαις,
1814 967 1892 986 nats»

1103 1006 1198 1042 κράτει
1219 1006 1268 1041 τῆς
1281 1006 1326 1032 ὑπ’
1341 1006 1453 1042 οὐρανὸν
1475 1007 1489 1032 δ
1512 1006 1642 1043 Σατανᾶς,
1656 1006 1706 1032 οὐκ
1727 1002 1760 1040 ἦν
1775 1005 1790 1031 ὀ
1809 1003 1891 1031 ποιῶν

1102 1052 1283 1087 χρηστότητα,
1315 1052 1365 1078 οὑκ
1389 1049 1423 1087 ἢν
1446 1052 1499 1083 ἕως
1521 1052 1595 1083 ἑνός·
1620 1050 1720 1082 πάντες
1742 1049 1891 1082 ἐξέκλιναν,

1103 1098 1160 1134 ἅμα
1173 1098 1370 1134 ὴχρειώθησαν.
1384 1098 1512 1133 Ἕλληνες
1530 1098 1578 1132 μὲν
1597 1096 1651 1132 γὰρ
1666 1097 1691 1123 ot
1707 1095 1761 1122 τῶν
1777 1094 1892 1122 εἰδώλων

1103 1145 1362 1181 προσκυνηταὶροίς
1370 1145 1419 1180 τῆς
1430 1144 1577 1175 ἐπιεικείας
1585 1144 1635 1170 οὐκ
1645 1143 1754 1178 ᾔδεισαν
1764 1141 1891 1177 τρόπους,

1102 1191 1150 1227 τῆς
1162 1191 1277 1223 εὐζωτας
1295 1191 1344 1226 τὴν
1359 1190 1416 1217 ὁδὸν
1431 1191 1481 1216 οὑκ
1495 1190 1656 1224 ἠπίσταντο·
1675 1188 1775 1223 μᾶλλον
1788 1187 1818 1214 δὲ
1833 1187 1892 1215 θύει

1102 1237 1182 1264 αὑτὸν
1195 1237 1340 1271 ἐγίνωσκον
1355 1236 1423 1267 ὅλως
1437 1235 1481 1262 τὺν
1495 1235 1547 1262 τῶν
1562 1235 1629 1261 ὅλων
1641 1233 1831 1269 γενεσιουργὺν
1845 1232 1893 1260 καὶ

1102 1283 1215 1318 Σωτῆρα
1230 1282 1360 1318 Χριστόν·
1382 1280 1501 1308 Ἰουδαῖοι
1516 1281 1543 1307 δὲ
1559 1280 1638 1307 πάλιν
1654 1277 1726 1315 εἶχον
1743 1279 1794 1315 μὲν
1811 1279 1891 1314 νόμον

1101 1329 1147 1355 τὸν
1162 1329 1346 1362 παιδαγωγόν
1370 1327 1426 1355 ἀλλ’
1443 1328 1492 1354 οὐκ
1513 1325 1546 1363 ἦν
1569 1329 1598 1354 ὲν
1619 1327 1693 1362 νόμῳ
1714 1324 1891 1360 δικαιωθῆναι

1101 1376 1147 1402 τὸν
1161 1374 1311 1410 ἄνθρωπον.
1328 1374 1430 1401 Οὐκοῦν
1452 1373 1570 1405 ἅπαντες
1593 1371 1663 1408 ἦμεν
1679 1373 1709 1399 ὲν
1731 1370 1889 1407 ἁμαρτίαις.

1101 1422 1216 1456 ἀνομίας
1228 1419 1262 1456 ἦν
1279 1421 1384 1456 πλήρης
1397 1421 1413 1456 ή
1430 1421 1476 1455 γῆ.
1501 1419 1607 1455 Ἐπειδὴ
1621 1419 1649 1446 δὲ
1667 1418 1805 1453 ὲπέφανεν
1815 1418 1830 1444 ό
1843 1424 1890 1452 μθ)-

1101 1468 1212 1502 νογενὴς
1224 1467 1270 1493 τοῦ
1284 1466 1350 1493 Θεοῦ
1359 1467 1454 1501 Λόγος,
1465 1466 1511 1492 καὶ
1523 1466 1631 1499 γέγονεν
1645 1464 1797 1499 ἄνθρωπος,
1809 1461 1891 1496 ἐξέλι-

1101 1522 1151 1540 πον
1162 1514 1187 1539 οί
1197 1512 1364 1548 ἁμαρτωλοὶ,
1387 1511 1572 1538 ἐκλελοίπασιν
1586 1511 1610 1536 οἱ
1626 1509 1701 1541 ὄντες
1711 1510 1742 1537 ὲν
1753 1509 1889 1544 ἀνομίαις.

1101 1559 1163 1591 Πῶς
1178 1559 1194 1594 ἦ
1207 1558 1266 1585 τίνα
1281 1558 1398 1593 τρόπον;
1412 1557 1569 1584 δεδικαίωκε
1586 1556 1641 1592 γὰρ
1656 1556 1790 1588 ἅπαντας,
1803 1556 1891 1592 ἀπήλ-

263 1615 307 1637 tos
317 1613 407 1636 autem
423 1609 587 1644 justilicatos
599 1616 668 1635 esse.
688 1608 779 1642 Itaque
798 1607 841 1634 hic
855 1616 910 1635 non
925 1612 1050 1634 naturam

1103 1605 1164 1639 λαξε
1189 1604 1243 1632 τῶν
1267 1603 1557 1639 πεπλημμελημένων,
1584 1602 1742 1638 ἐλευθέρους
1765 1601 1891 1638 ἀπέφηνα

263 1655 369 1684 destrui
385 1659 473 1690 rogat,
487 1662 574 1689 neque
586 1655 709 1681 homines
724 1654 848 1681 funditus
861 1654 943 1681 exitio
959 1654 1050 1687 tradi;

264 1701 312 1730 sed
325 1705 462 1736 precatur,
478 1705 507 1727 ut
522 1704 650 1735 peccator
667 1700 799 1727 malitiam
814 1700 932 1732 deserat,
949 1703 979 1726 ut
996 1707 1051 1727 non

264 1750 335 1776 ultra
350 1751 477 1783 peccator
490 1747 536 1779 sit,
556 1747 602 1774 sed
617 1747 790 1780 intmuteturl;
810 1754 843 1774 ne
871 1747 907 1774 sit
924 1747 1050 1782 iniquus,

265 1795 312 1822 sed
326 1794 478 1828 resipiscat.
504 1792 668 1820 Sanctorum
684 1793 786 1828 quippe
800 1793 898 1820 animae
922 1801 976 1820 non
1002 1801 1051 1829 pro

264 1840 362 1875 seipsis
377 1843 494 1873 tantum,
507 1839 554 1867 sed
568 1846 617 1874 pro
640 1838 768 1866 universo
779 1838 845 1866 orbe
861 1839 998 1867 orationes
1012 1839 1050 1867 ef-

264 1887 356 1915 ferunt
382 1893 456 1914 suas.
482 1885 560 1913 Nunc
588 1886 670 1921 igitur
694 1885 795 1917 David.
814 1893 928 1913 arcanas
954 1886 1052 1913 divinae

263 1932 477 1969 pulchritudinis
502 1932 630 1963 divitias.
650 1931 740 1967 quoad
758 1932 884 1959 humana),
913 1931 1051 1960 facultatis

262 1982 333 2011 erat,
345 1979 502 2013 explorans,
517 1985 613 2005 omnes
628 1976 751 2005 homines
774 1978 847 2012 paris
866 1977 969 2004 notitiae
986 1984 1052 2004 con-

263 2027 353 2052 sortes
371 2031 432 2051 esse
445 2024 615 2058 peroptabat,
633 2027 862 2058 peccatorumque
875 2027 975 2050 sortem
990 2030 1052 2050 om-

263 2069 330 2097 nino
345 2068 462 2096 dcﬁcere
485 2068 663 2103 precabatur;
695 2076 750 2095 non
768 2073 798 2095 ut
819 2072 930 2103 pereant
956 2073 1051 2103 postu-

264 2116 336 2150 lans,
351 2115 399 2144 sed
411 2120 441 2142 ut
458 2115 636 2150 resipiscam,
656 2118 739 2150 utque
751 2122 846 2142 eorum
860 2120 959 2146 coetus,
975 2119 1051 2150 post-

263 2169 346 2198 quam
371 2161 515 2197 pristinam
541 2160 696 2188 divinorum
717 2160 841 2187 notitiam
859 2167 1009 2195 posuerunt
1025 2166 1052 2188 et

264 2208 439 2243 abjecerunt,
463 2206 595 2234 deleatur.
614 2205 688 2233 Vane
702 2206 783 2241 igitur
795 2206 958 2233 contentiosi
970 2206 1008 2232 illi
1023 2206 1051 2233 in

263 2254 453 2283 obdurationis
464 2261 520 2281 suae
531 2252 712 2288 patrocinium
732 2251 889 2286 hujusmodi
906 2260 986 2280 voces
1001 2260 1050 2288 op-

263 2305 385 2338 ponunt;
405 2301 477 2336 quod
494 2299 579 2327 David
604 2298 731 2326 videlicet
749 2298 865 2325 deﬁcere
880 2305 1049 2332 peccatorem
1066 2293 1088 2320 Ι)

263 2352 382 2384 exoptet,
396 2355 428 2374 ac
445 2346 586 2374 infantiam
606 2344 848 2379 confusionemque
865 2344 982 2372 inimicis
997 2344 1049 2371 im-

264 2398 407 2430 precetur;
423 2393 496 2428 quod
510 2391 643 2420 Jeremias
659 2390 790 2418 ultionem
808 2397 823 2417 a
849 2390 904 2418 Deo
917 2391 1048 2418 adversa-

264 2441 314 2468 riis
324 2441 382 2468 suis
399 2439 529 2467 inﬂictam
547 2437 640 2465 videre
665 2437 781 2472 cupidus
795 2436 845 2470 sit;
871 2436 944 2472 quod
967 2436 1047 2469 Osee,

264 2492 295 2514 ut
307 2486 454 2515 infecunda
469 2486 549 2513 vulva
562 2491 741 2519 mammazque
751 2483 835 2511 arida:
851 2483 970 2511 inimicis
983 2483 1050 2510 den-

264 2537 310 2559 tur
329 2533 482 2567 supplicet:
508 2538 541 2558 ae
571 2529 671 2557 similia
694 2530 763 2557 bene
787 2530 872 2556 multa
898 2529 925 2556 in
950 2528 1050 2556 divinis

265 2577 416 2614 Scripturis
437 2578 540 2612 passim
566 2575 654 2612 posita
676 2575 822 2611 colligunt,
846 2579 875 2602 ut
889 2575 953 2602 hinc
967 2575 1046 2602 evin-

265 2629 339 2657 cant,
356 2625 473 2652 inimicis
490 2623 633 2659 imprecari
656 2622 696 2650 fas
712 2630 782 2653 esse,
796 2625 878 2655 atque
895 2621 934 2648 sic
946 2621 1051 2661 acerbi-

264 2673 329 2701 tatis
339 2679 396 2700 suaa
407 2671 453 2699 Dei
470 2671 618 2698 bonitatem
631 2669 765 2697 vindicem
780 2667 891 2694 faciant.

1102 1652 1150 1678 καὶ
1174 1650 1399 1686 διεσμηγμένους.
1422 1648 1526 1676 Οὐκοῦν
1546 1648 1630 1682 ὀλίγοι
1653 1648 1796 1683 γεγόνασιν
1813 1649 1839 1675 ot
1861 1648 1891 1675 ἑν

1101 1696 1258 1732 ἁμαρτίαις,
1284 1695 1375 1722 πολλοὶ
1398 1694 1426 1721 δὲ
1446 1694 1506 1721 λίαν
1526 1695 1550 1720 οι
1572 1692 1792 1728 δεδικαιωμένοι.·
1819 1691 1891 1719 ὥστε

1101 1742 1218 1770 ἐνταῦθα
1245 1742 1275 1768 οὐ
1303 1741 1351 1777 τὴν
1373 1740 1464 1767 οὐσίαν
1483 1738 1663 1774 ἀφανισθῆναι
1684 1738 1804 1774 εὔχεται,
1827 1737 1891 1765 οὔτε

1100 1790 1164 1821 τοὺς
1178 1788 1337 1824 ἀνθρώπους
1358 1786 1522 1822 πανολεθρίᾳ
1541 1784 1738 1822 παραδοθῆναν
1756 1783 1827 1811 ἀλλά
1840 1784 1891 1820 τὴν

1102 1834 1232 1871 πονηρίαν
1246 1834 1350 1861 ἐκλίποι
1366 1833 1535 1868 ἁμαρτωλὸς,
1551 1831 1621 1859 ὥστε
1634 1831 1671 1867 μὴ
1681 1828 1750 1858 εἶναι
1764 1831 1893 1866 ἁμαρτω-

1101 1882 1156 1914 λὸς,
1174 1881 1242 1908 ἀλλὰ
1265 1880 1456 1916 μετατεθῆναι·
1475 1879 1511 1915 μὴ
1524 1879 1640 1914 ὑπάρχοι
1660 1879 1674 1905 ὁ
1695 1877 1806 1913 ἄνομος,
1821 1876 1893 1904 ἀλλὰ

1104 1929 1313 1966 μεταϐληθῆναι.
1336 1928 1468 1960 Τοιαύτας
1491 1928 1545 1963 γὰρ
1572 1928 1600 1954 αι
1627 1926 1680 1953 τῶν
1698 1926 1785 1960 ἁγίων
1805 1925 1891 1961 ψυχαὶ

1101 1977 1150 2012 οὺχ
1165 1976 1235 2012 ὑπὲρ
1248 1975 1350 2002 ἑαυτῶν
1373 1975 1462 2010 μόνον,
1486 1974 1544 2001 ἀλλ’
1564 1973 1633 2009 ὑπὲρ
1658 1973 1707 2008 τῆς
1727 1972 1893 2008 οἰκουμένης

1102 2023 1210 2058 ἁπάάης
1235 2021 1284 2053 τὰς
1304 2021 1409 2056 δεήσεις
1432 2019 1605 2056 ἀναφέρουσι.
1632 2018 1686 2045 Καὶ
1705 2017 1754 2045 νῦν
1773 2017 1893 2045 τοίνυνῦ

1101 2069 1193 2102 Δαυῖδ,
1208 2068 1237 2095 τὸ
1250 2068 1320 2094 θεῖον
1333 2067 1428 2098 κάλλος
1444 2066 1515 2093 κατά
1534 2065 1579 2092 τὸν
1597 2065 1750 2101 ἀπόρρητον
1763 2063 1891 2092 πλοῦτον.

1101 2115 1140 2147 ὡς
1153 2114 1216 2149 ὲνῆν
1233 2112 1389 2148 ἀνθρωπεία
1404 2111 1483 2146 φύσει
1497 2110 1647 2143 διεξελθὼν,
1665 2110 1769 2142 πάντας
1784 2104 1891 2146 ἀνθρῶ-

1102 2169 1168 2192 πους
1189 2159 1307 2195 ἱμείρετο
1327 2158 1376 2193 τῆς
1395 2157 1478 2192 αὐτῆς
1503 2157 1663 2192 μεταλαχεῖν
1681 2155 1819 2191 γνώσεως,
1842 2155 1894 2182 καὶ

1100 2206 1149 2241 τὴν
1170 2206 1224 2232 τῶν
1251 2202 1420 2239 ἁμαρτωλῶν
1446 2202 1562 2237 πάμπαν
1589 2201 1711 2236 ἐκλεῖψαι
1735 2200 1893 2237 συμμορίαν

1102 2252 1231 2279 ἱκετεύει·
1252 2251 1302 2277 οὐκ
1327 2250 1424 2281 αὐτοὺς
1448 2248 1594 2275 ἀπολέσθαι
1619 2247 1802 2282 παρακαλῶν,
1821 2246 1894 2274 ἀλλά

1104 2297 1304 2335 μεταϐληθῆναι
1326 2296 1464 2331 δεόμενος,
1490 2295 1537 2321 καὶ
1561 2293 1716 2321 παύσασθαι
1741 2293 1833 2321 αὐτῶν
1860 2293 1893 2321 τὲ

1103 2345 1196 2379 στίφος
1211 2342 1367 2375 ἀντιϐολῶν,
1392 2340 1617 2376 μεταταξαμένων
1644 2339 1691 2367 καὶ
1718 2338 1893 2375 μεταμαθὼ-

1101 2400 1155 2417 των
1175 2390 1210 2417 τὰ
1231 2389 1300 2415 θεῖα.
1317 2389 1398 2414 Ὥστε
1416 2387 1503 2422 μάτην
1523 2387 1547 2413 οἱ
1568 2385 1700 2422 ὲριστικοὶ
1718 2386 1760 2418 είς
1777 2393 1894 2422 συνηγο-

1104 2438 1163 2473 ρίαν
1176 2437 1225 2472 τῆς
1235 2435 1338 2462 ἑαυτῶν
1351 2433 1463 2470 πικρίας
1481 2432 1530 2464 τάς
1551 2431 1677 2464 τοιαύτας
1692 2431 1785 2466 φωνὰς
1801 2435 1897 2468 παρα-ξ

1102 2482 1234 2509 τίθενται’
1248 2481 1293 2507 τὸν
1307 2478 1386 2506 Δαυῒδ
1401 2478 1535 2505 ἐκλείπειν
1549 2477 1595 2504 τὸν
1605 2477 1768 2514 ἁμαρτωλὸν
1781 2476 1894 2504 ποθοῦν-

1103 2536 1147 2560 τα,
1168 2528 1215 2555 καὶ
1231 2525 1360 2561 αἰσχύνην
1381 2524 1428 2551 καὶ
1445 2523 1577 2559 ἐντροπὴν
1596 2523 1649 2550 τῶν
1665 2522 1772 2559 ἐχθρῶν
1791 2531 1893 2550 κατω-

1077 2582 1083 2585 '
1104 2575 1229 2609 χόμενον·
1246 2572 1290 2598 τὸν
1311 2570 1444 2606 Ἰερεμίαν
1469 2569 1530 2596 ἰδεῖν
1545 2568 1593 2604 τὴν
1609 2568 1684 2605 παρὰ
1697 2568 1744 2595 τοῦ
1759 2568 1828 2596 Θεοῦ
1844 2569 1894 2595 ὲκ-

1103 2621 1208 2654 δίκησιν
1233 2619 1266 2645 ὲκ
1288 2617 1342 2644 τῶν
1364 2616 1492 2643 ἐναντίων
1514 2614 1712 2650 ἐπιθυμοῦντα·
1736 2614 1784 2641 τὸν
1810 2613 1892 2651 Ὠσηὲ

1105 2667 1209 2702 μήτραν
1224 2662 1388 2691 ἀτεκνοῢσαν
1403 2662 1450 2690 καὶ
1463 2661 1581 2697 μαστοὺς
1599 2660 1698 2696 ξηροὺς
1710 2659 1820 2697 δοθῆναι
1833 2661 1894 2691 τοῖς

241 2712 244 2716 Δ
264 2721 372 2757 ἐχθροῖς
391 2720 534 2754 δεόμενον·
555 2719 601 2745 καὶ
622 2717 706 2745 πολλὰ
734 2715 846 2743 τοιαῦτα
873 2713 1008 2750 σποράδην
1029 2713 1175 2748 ἐγκείμεναι
1206 2713 1265 2744 ταῖς
1296 2711 1381 2742 Θείαις
1401 2710 1521 2745 Γραφαίς
1549 2708 1738 2757 ἀναλέγονται,
1760 2707 1891 2736 συνιστά-

267 2751 342 2804 μενοι
363 2751 415 2803 γτῷ
438 2751 496 2793 ’δεῖν
520 2766 573 2793 τῶν
599 2765 724 2792 ἐναντίων
759 2762 953 2799 κατεύχεσθαι,
972 2762 1017 2789 καὶ
1028 2761 1077 2797 τῆς
1094 2760 1196 2788 ἑαυτῶν
1221 2759 1333 2796 πικρίας
1357 2757 1488 2795 συνεργὸν
1513 2751 1647 2784 muleeat
1671 2755 1721 2793 τὴν
1744 2755 1793 2784 τοῦ
1819 2753 1892 2784 θεοῦ

264 2814 436 2850 ἁγαθὰτητα.,

301 2902 325 2920 ⁸⁸
346 2900 440 2929 Matth.
461 2907 524 2932 nc,
543 2898 637 2927 Διί-45.
