2044 3212
163 178 233 208 1295

725 177 978 207 COMMENTARIA
995 178 1029 207 IN
1048 178 1219 208 PSALMOS.
1253 146 1330 195 “’9

1713 184 1783 213 ιεθι

202 235 271 262 Ἀλλ’
285 235 373 268 οὐδεὶς
383 235 437 262 τῶν
452 234 559 271 ἀληθῶς
573 234 666 269 ἁγίων,
677 232 714 262 ὧν
728 238 755 263 αἱ
772 237 865 272 ῥήσεις
877 236 948 263 κατὰ

1033 236 1134 264 Verum
1151 244 1231 264 nemo
1245 244 1340 264 eorum
1354 238 1401 272 qui
1416 246 1479 266 vere
1500 238 1589 267 sancti
1611 243 1693 273 sunt,
1715 248 1782 275 quo-

162 283 237 310 θείαν
256 282 410 318 οἰκονομίαν
428 283 468 313 είς
489 282 627 309 νουθεσίαν
644 282 697 308 τῶν
718 282 815 318 ἐφεξῆς
836 282 949 318 ἀνεγρά-

161 337 260 365 φησαν,
276 328 322 354 ἐπί
336 337 388 355 τινι
402 328 478 363 κακῷ
491 328 540 364 τὴν
554 328 669 363 σπουδὴν
681 328 749 364 ἔχων
764 328 949 363 ἐπιδειχθήσε-

160 383 215 407 ται,
230 373 298 401 ἀλλὰ
310 375 363 406 πᾶς
378 374 469 405 αὐτοῖς
481 375 495 400 ὁ
511 374 609 406 σκοπὸς
624 374 678 400 τῶν
697 374 782 408 λόγων
800 374 868 410 πρὸς
882 374 950 410 διόρ-

161 420 243 447 θωσιν
257 420 308 455 τῆς
324 419 568 455 ὲμπολιτευομένης
583 421 615 456 τῇ
631 420 709 454 φύσει
731 420 829 452 κακίας
846 419 947 455 βλέπει.

162 462 266 502 Ὥσπερ
290 466 378 492 τοίνυν
403 466 417 492 6
439 465 583 501 εὐχόμενος
603 466 640 501 μὴ
657 463 726 492 εἶναι
740 466 893 498 νοσοῦντας,
913 466 949 502 μὴ

161 509 230 537 εἶναι
254 510 458 545 πτωχεύοντας,
482 510 511 536 οὐ
538 510 590 537 τῶν
618 510 768 546 ἀνθρώπων
795 511 949 546 ἀναίρεσιν,

161 556 228 583 ἀλλὰ.
242 556 291 591 τῆς
307 556 384 583 νόσου
404 557 452 583 καὶ
474 557 523 591 τῆς
539 556 673 591 πτωχείας
687 557 838 591 ἀφανισμὸν
859 557 951 583 ἐπιθυ-

164 604 209 638 μεῖ
229 603 372 636 γενέσθαιο
393 602 463 628 οὕτω
487 602 534 628 καὶ
557 602 610 628 τῶν
630 602 715 636 ἁγίων
739 603 852 634 ἕκαστος
870 603 899 629 τὺ
917 604 949 639 τῇ

163 648 241 684 φύσει
271 648 419 683 πολέμιον,
450 648 489 679 εἰς
521 648 672 683 ἀφανισμὸν
701 648 785 675 ἐλθεῖν
816 648 948 684 εὖχονται.

163 692 248 721 Ὅταν
269 695 323 729 γὰρ
347 695 361 720 6
375 694 526 729 Ψαλμῳδὸς
551 694 631 730 sim“
654 695 847 721 Ἐκλίποισίιν
861 695 951 729 ἁμαρ-

162 740 249 767 τωλοὶ
269 739 327 767 ἀπὸ
348 738 403 772 τῆς
420 738 476 773 γῆς
497 738 545 764 καὶ
563 737 678 772 ἄνομοι,
698 738 775 764 ὥστε
792 738 834 773 μὴ
851 738 951 772 «ὑπάρ-

162 795 228 821 χειν
242 786 361 818 αὐτοὺς,
375 785 423 820 τὴν
433 785 569 820 ἁμαρτίαν
581 785 701 811 ἐκλιπεῖν
715 785 761 810 καὶ
776 785 825 820 τὴν
836 785 951 821 ἀνομίαν

162 831 281 868 εὔχεται.
298 832 334 858 Οὐ
350 832 403 867 γὰρ
425 831 566 867 ἅνθρωπος
582 830 718 866 ἀνθρώπῳ
739 832 876 867 πολέμιος,
894 831 950 859 ἀλλ’

161 879 178 914 ἡ
196 878 266 905 κατὰ
282 878 381 904 κακίαν
397 878 445 913 τῆς
465 877 651 913 προαιρέσεως
665 878 771 913 κίνησις
791 879 831 910 είς
853 877 949 914 ἐχθροῦ

999 290 1060 310 rum
1075 280 1148 309 didta
1161 290 1195 310 ex
1216 282 1307 309 divina
1330 282 1532 318 dispensatione
1554 285 1589 313 ad
1612 292 1783 321 posterorum

1000 327 1201 356 institutionem
1215 330 1371 364 conscripta
1396 330 1472 358 fuere
1484 351 1491 363 ,
1522 331 1555 358 ad
1573 332 1674 359 malum
1697 333 1785 368 quod-

999 374 1071 410 piam
1084 374 1204 402 studium
1217 382 1297 403 suum
1314 375 1462 404 contulisse
1478 376 1724 413 demonstrabitur;
1737 378 1785 408 sed

999 424 1074 448 totus
1083 428 1176 448 eorum
1194 428 1295 456 scopus
1310 421 1343 448 ad
1359 421 1540 457 improbitatis
1555 423 1582 450 in
1605 424 1722 452 humana
1735 432 1785 452 na-

1000 471 1061 494 tura
1074 467 1207 494 versantis
1227 467 1444 496 emendationem
1463 470 1583 504 respicit.
1607 470 1786 503 Quemadmo-

1000 512 1064 540 dum
1079 514 1102 541 is
1112 514 1158 548 qui
1170 514 1301 548 precatui“
1304 522 1357 542 non
1365 523 1427 544 esse
1438 516 1570 549 infirmos,
1583 525 1637 544 non
1648 526 1708 545 esse
1718 526 1786 553 pau-

1001 568 1089 595 peres,
1106 568 1160 588 non
1173 561 1314 589 hominum
1330 562 1554 594 destructionem.
1577 563 1624 590 sed
1645 564 1786 591 infirmita-

1000 609 1055 633 tem
1082 611 1322 642 paupertatemque
1349 608 1452 636 aboleri
1478 609 1595 645 expetit;
1621 609 1658 637 ita
1686 611 1786 646 singuli

1002 656 1159 679 sanctorum
1174 653 1246 688 quod
1271 657 1377 681 naturae
1391 654 1552 683 adversatur
1567 656 1600 683 de
1623 656 1712 684 medio
1727 658 1786 684 tolli

1002 698 1149 732 postulant.
1163 697 1229 725 Nam
1248 706 1310 725 cum
1327 698 1470 727 Psalmista
1486 700 1534 732 ait,
1553 700 1684 735 Deﬁciunt
1696 710 1788 736 pecca—

1002 746 1070 768 tores
1087 751 1103 769 a
1120 747 1190 770 terra
1201 747 1224 770 et
1238 744 1331 778 iniqui,
1346 744 1384 771 ita
1401 749 1429 771 ut
1444 753 1495 771 non
1509 746 1562 772 sint
1572 767 1580 780 ,
1605 752 1745 782 peccatum
1761 753 1788 776 et

1001 787 1173 822 iniquitatem
1187 788 1302 817 deﬁcere
1316 794 1455 825 precatur.
1475 790 1535 818 Non
1550 793 1623 820 enim
1639 793 1721 821 homo
1738 794 1782 822 ho-

1001 832 1069 860 mini
1081 834 1210 862 inimicus
1222 839 1280 868 est;
1303 836 1351 863 sed
1366 840 1459 864 motus
1482 837 1632 866 voluntatis
1654 839 1689 867 ad
1709 841 1789 867 mali--

1001 879 1078 912 tiam,
1095 881 1166 915 quod
1181 885 1278 908 natura
1293 882 1471 917 eonjunctum
1486 887 1545 911 erat
1559 884 1592 911 ad
1615 885 1786 913 inimicitiam

162 924 238 957 τάξιν
252 924 282 950 τὸ
296 926 328 959 τῇ
350 924 428 958 φύσει
452 923 622 958 συνημμένον
640 923 799 959 κατέστησε.
815 924 852 950 Τὸ
866 922 950 950 κακὸν

1003 926 1124 953 deduxit.
1150 926 1249 955 Malum
1265 928 1348 963 igitur
1361 929 1476 957 deiicere
1498 934 1645 965 precatur:
1661 936 1689 958 at
1705 932 1787 961 homo

163 971 251 998 τοίνυν
277 970 395 996 ἐκλιπεῖν
415 969 539 1003 εὖχεται”
561 969 574 995 6
596 968 623 995 δὲ
642 968 782 1005 ἅνθρωπος
805 969 887 995 κακον
900 969 950 995 οὐκ

163 1016 229 1044 ἐστι.
247 1016 308 1048 Πῶς
321 1015 376 1051 γὰρ
392 1016 424 1042 ἂν
438 1015 480 1050 εἴη
495 1015 578 1041 κακὸν
593 1015 639 1041 τοῦ
654 1014 755 1049 ἀγαθοῦ
769 1015 798 1041 τὸ
810 1015 949 1050 ὁμοίωμα;

164 1062 257 1094 Οὕτως
274 1062 324 1089 κᾶν
339 1061 469 1098 αἰσχύνην
485 1061 531 1088 καὶ
546 1062 679 1097 ἐντροπὴν
692 1061 746 1088 τῶν
765 1061 868 1096 ἐχθρῶν
885 1069 951 1088 κατ⁸

163 1109 293 1144 εύχηται,
318 1108 437 1135 δείκνυσί
459 1117 498 1134 σοι
522 1107 552 1134 τὸ
577 1107 669 1142 στίφος
687 1107 742 1133 τῶν
765 1106 902 1139 ἐναντίων,
919 1108 950 1133 ἐκ

163 1156 209 1183 τοῦ
227 1156 341 1190 ἀοράτου
424 1155 580 1191 ἀνθρωπίνῃ
606 1153 865 1189 προσπολεμούντων
883 1153 948 1189 ζωῇ.

164 1201 225 1229 Ὅτι
249 1202 276 1228 δὲ
298 1202 347 1228 οὐκ
368 1201 528 1237 ἀνθρώπων,
543 1201 608 1227 ἀλλὰ
624 1200 756 1236 δαιμόνων
778 1200 949 1235 κατεύχεται,

163 1249 237 1285 δηλοῖ
249 1249 297 1283 τῆς
312 1248 392 1283 εὐχῆς
408 1247 437 1274 τὸ
450 1245 517 1278 εἶδος
532 1255 537 1261 ·
552 1246 807 1281 Αἱσχυνθήτωσαν
820 1246 885 1282 γὰρ,
900 1255 953 1281 φησι

165 1296 218 1327 (xlv,
234 1296 260 1321 οὶ
279 1294 434 1329 ζητοῦντες
450 1294 507 1327 τὴν·
522 1293 627 1327 ψυχήν
640 1303 709 1328 μου,
722 1293 774 1320 τοῦ
787 1292 889 1327 ἐξᾶραι
903 1293 953 1319 αὑ-

164 1342 229 1375 τήν.
250 1340 538 1375 Ἀποστραερήτωσαν
551 1341 594 1373 είς
613 1341 648 1366 τὰ
668 1340 764 1366 ὀπίσω
786 1340 833 1365 καὶ
848 1340 950 1372 ἐντρα-

164 1389 308 1422 πήτωσιιν·
328 1390 354 1415 οὶ
374 1386 513 1419 θέλοντές
534 1396 584 1421 μοι
606 1386 693 1413 κακά.
712 1386 951 1420 Κομισάσθωσαν

165 1435 343 1470 παραχρῆμα
369 1434 519 1469 αίσχύγνην
544 1433 642 1460 αὐτῶν
662 1433 688 1459 ol
714 1431 854 1466 λέγοντές
879 1440 950 1466 μοι,

166 1480 253 1517 Εὖγε,
275 1479 353 1516 εὖγε.
374 1480 614 1516 Ἀγαλλιάσαιντο
638 1479 685 1505 καὶ
713 1479 951 1513 eugepae-05mm».

164 1528 213 1555 ἐπὶ
226 1528 275 1555 σοὶ
288 1527 398 1560 πάντες
411 1528 437 1553 οἱ
453 1525 607 1560 ζητοῦντές
625 1533 670 1557 σε,
688 1525 788 1559 Κύριε,
803 1520 851 1551 καὶ
870 1524 951 1551 821d-

165 1583 266 1601 τωσαν
291 1573 468 1605 διαπαντὸς,
497 1571 717 1606 Μεγαλυνθήτω
745 1572 761 1598 ό
790 1572 904 1604 Κύριος,
924 1573 951 1598 ol

1002 979 1056 1000 non
1074 974 1174 1000 malum
1189 974 1329 1010 quidpiam
1345 979 1398 1003 est.
1421 975 1563 1009 Quomodo
1584 978 1657 1005 enim
1684 978 1787 1006 malum

1001 1019 1066 1046 boni
1088 1019 1239 1047 similitudo
1263 1021 1361 1049 fuerit?
1387 1021 1426 1048 Ita
1441 1023 1566 1057 quamvis
1594 1023 1734 1051 infamiam
1760 1029 1790 1052 et

1001 1066 1188 1094 confusionem
1201 1067 1321 1095 inimicis
1335 1073 1469 1103 precetur,
1485 1069 1530 1096 hic
1547 1069 1596 1097 tibi
1621 1070 1788 1098 adversario-

1001 1118 1072 1143 rum,
1088 1112 1133 1146 qui
1147 1111 1173 1138 in
1188 1112 1296 1140 occulto
1308 1112 1456 1140 humanam
1470 1118 1596 1141 naturam
1609 1120 1765 1150 oppugnant
1778 1136 1786 1148 ,

1001 1160 1102 1184 coetum
1111 1157 1241 1185 declarat.
1257 1158 1335 1191 Quod
1345 1163 1436 1187 autem
1452 1159 1621 1188 datmonibus
1631 1169 1685 1188 non
1700 1162 1788 1189 homi-

1001 1202 1082 1229 nibus
1097 1202 1272 1237 imprecetur,
1286 1203 1344 1238 ipsa
1362 1204 1495 1232 orationis
1510 1204 1597 1233 forma
1616 1207 1786 1242 comprobat:

1002 1246 1217 1282 Confundantur,
1231 1249 1330 1284 inquit,
1346 1251 1391 1285 qui
1411 1257 1531 1286 quwrunt
1547 1252 1663 1279 animant
1682 1261 1766 1280 meam
1778 1273 1787 1286 ,

1001 1299 1029 1320 ut
1046 1295 1167 1328 auferant
1189 1304 1258 1322 eam.
1283 1296 1475 1324 Convertuntur
1494 1303 1640 1326 retrorsum
1657 1305 1681 1326 et
1697 1300 1789 1327 erube-

1001 1345 1075 1366 scant
1087 1341 1131 1374 qui
1147 1341 1234 1368 volunt
1250 1342 1314 1368 milu'
1327 1344 1409 1370 mala.
1428 1343 1529 1371 Ferant
1544 1345 1683 1379 confestim
1696 1347 1790 1381 confu-

1001 1386 1099 1412 sionem
1114 1394 1190 1412 suam
1203 1388 1248 1421 qui
1262 1387 1352 1415 dicunt
1367 1389 1447 1422 mihi,
1464 1389 1548 1426 Euge,
1561 1400 1634 1427 euge.
1649 1391 1789 1420 Exsultant

1001 1435 1024 1458 et
1035 1431 1156 1458 lwtentur
1171 1433 1196 1459 in
1211 1438 1235 1460 te
1248 1442 1337 1462 omnes
1355 1436 1400 1470 qui
1420 1442 1540 1471 quierunt
1562 1442 1595 1471 te,
1617 1438 1728 1466 Domine
1739 1460 1747 1472 ,
1763 1445 1790 1467 et

1002 1477 1090 1504 dicunt
1102 1487 1218 1513 semper,
1243 1479 1430 1515 Magni/icetur
1445 1482 1586 1517 Dominus,
1607 1486 1652 1520 qui
1674 1485 1789 1522 diligunt

1002 1524 1120 1551 salutare
1136 1531 1209 1553 tuum
1221 1525 1254 1553 ιθ.
1271 1526 1326 1554 Soli
1343 1528 1443 1564 quippe
1457 1529 1594 1558 daemones
1615 1531 1712 1559 animae
1726 1533 1788 1560 insi-

1003 1570 1113 1598 diantur
1130 1580 1135 1597 :
1154 1571 1251 1599 animae
1266 1576 1355 1600 autem
1369 1573 1474 1601 insidia:
1487 1579 1551 1602 sunt
1565 1575 1693 1604 alienatio
1707 1585 1722 1604 a
1734 1577 1790 1606 Deo

165 1619 338 1655 ἀγαπῶντες
351 1619 383 1645 τὸ
399 1618 547 1653 σωτήριόν
562 1627 629 1645 σου.
646 1618 727 1645 Μόνοι
744 1617 797 1652 γὰρ
818 1618 842 1644 οἱ
859 1618 951 1654 δαίμο-

1002 1617 1036 1644 ob
1044 1625 1159 1653 pravum
1176 1619 1259 1646 animi
1275 1619 1410 1647 affectum.
1431 1620 1465 1648 Ut
1481 1629 1546 1657 ergo
1558 1622 1584 1649 in
1601 1623 1658 1650 haec
1674 1632 1729 1651 non
1747 1625 1790 1652 in-

166 1675 209 1698 νες
234 1667 274 1697 είς
300 1665 388 1701 ψυχὴν
412 1665 627 1692 ἐπιϐουλεύουσιι
654 1665 741 1700 ψυχῆς
768 1665 796 1691 δὲ
824 1665 951 1701 ἐπιϐουλὴ

166 1711 233 1738 Θεοῦ
256 1712 428 1747 ἀλλοτρίωσις
452 1711 494 1737 διὰ
514 1711 563 1745 τῆς
583 1710 721 1746 ἐμπαθοῦς
738 1711 880 1746 γινομένης
896 1711 952 1737 δια-

166 1758 274 1790 θέσεως.
298 1757 340 1789 Ὠς
363 1758 395 1784 ἂν
418 1755 463 1784 οὖν
489 1757 524 1793 μὴ
546 1756 623 1783 τοῦτο
646 1757 736 1788 πάθοι,
756 1757 885 1793 αἰσχύνην
899 1758 952 1784 τῶν

166 1804 395 1831 ἀντιπαλαιόντων
420 1803 537 1839 εὔχεται.
559 1803 643 1830 Τοῦτο
658 1803 685 1830 δὲ
702 1804 777 1830 οὐδὲν
799 1803 861 1830 ἄλλο
880 1805 952 1831 ἐστὶν

166 1851 183 1886 ἢ
198 1850 286 1886 ἐαυτῷ
309 1851 386 1886 νίκην
410 1850 479 1877 κατὰ
502 1850 555 1877 τῶν
578 1850 714 1885 πολεμίων
733 1850 911 1884 ἐπεύξασθαι·
928 1850 952 1876 οἱ

167 1897 196 1925 δὲ
212 1898 336 1933 πολέμιοι
361 1897 394 1924 τὰ
415 1897 486 1932 πάθη
509 1897 585 1924 εἰσίν.
604 1897 697 1929 Οὕτως
717 1897 850 1933 Ἱερεμίας
873 1897 952 1932 ζῆλον

167 1944 216 1979 τῆς
231 1943 383 1975 θεοσεϐείας
397 1943 474 1978 ἔχων,
493 1943 744 1979 εἰδωλολατροῦντος
760 1943 807 1970 τοῦ
824 1944 953 1978 βασιλέως

168 1989 214 2015 καὶ
242 1988 288 2015 τοῦ
314 1988 390 2019 λαοῦ,
404 1988 453 2014 οὐκ
479 1987 543 2014 ἴδιόν
569 1997 593 2014 τι
617 1987 760 2023 θεραπεύει
785 1987 877 2018 πάθος,
896 1987 952 2013 ἀλλ’

168 2033 238 2068 ὑπὲρ
259 2033 305 2059 τοῦ
333 2032 421 2059 κοινοῦ
444 2033 497 2059 τῶν
521 2032 670 2068 ἀνθρώπων
692 2032 825 2068 προσάγει
841 2032 879 2067 τῷ
895 2031 953 2067 Θεῷ

167 2079 216 2115 τὴν
234 2079 335 2114 δέησιν,
355 2080 387 2114 τῇ
413 2079 483 2105 κατά
497 2078 551 2106 τῶν
574 2078 764 2114 ἀσεϐησάντων
789 2078 858 2113 ὁρμῇ
883 2077 954 2104 ἅπαν

169 2125 382 2161 σωφρονισθῆναι
405 2125 487 2157 ἀξιῶν
507 2125 537 2151 τὸ
562 2124 738 2160 ἀνθρώπινον,
758 2124 812 2150 Καὶ
833 2124 910 2159 Ὠσηὲ
926 2123 953 2150 δὲ

169 2171 366 2206 πολυγονοῦσαν
382 2171 442 2197 τότε
458 2170 506 2206 τὴν
531 2170 629 2197 κακίαν
652 2171 681 2196 ἐν
702 2171 758 2202 τοῖς
776 2169 954 2204 Ἰσραηλίταις

168 2219 200 2254 τῇ
216 2217 328 2252 ἀτεκνίᾳ
350 2216 534 2248 καταδικάζει,
555 2216 665 2248 καὶτὰς
687 2216 788 2251 πικρὰς
809 2215 893 2251 θηλὰς
906 2215 954 2250 τῆς

167 2264 304 2299 ἁμαρτίας
319 2262 483 2299 ξηρανθῆναι
507 2261 639 2296 βούλεται,
654 2261 691 2293 ὡς
707 2261 739 2288 ἂν
756 2262 824 2296 μήτε
838 2261 954 2288 τίκτοιτο

169 2311 197 2336 ὲν
209 2311 263 2342 τοῖς
277 2309 428 2345 ἀνθρώποις
439 2308 469 2334 τὸ
479 2308 573 2339 κακὸν,
589 2308 655 2343 μήτε
669 2307 803 2343 τρέφοιτο.
813 2308 867 2334 Καὶ
880 2307 953 2339 εἴτις

169 2356 246 2387 ἄλλος
270 2356 389 2387 τοιοῦτος
411 2356 439 2381 ἐν
462 2356 516 2386 τοῖς
542 2354 627 2388 ἁγίοις
648 2354 746 2389 εὑρεθῇ
771 2354 848 2388 λόγος
867 2354 952 2389 θυμοῦ

1003 1664 1085 1696 cidat,
1099 1665 1262 1693 adversariis
1291 1666 1431 1694 infamiam
1457 1672 1594 1702 precatur.
1623 1670 1693 1697 Illud
1723 1679 1790 1700 vero

1003 1710 1071 1738 nihil
1088 1711 1162 1738 aliud
1179 1715 1231 1744 est,
1248 1720 1330 1747 quam
1344 1712 1487 1741 victoriam
1505 1714 1557 1741 sibi
1575 1714 1608 1742 de
1624 1715 1791 1745 adversariis

1003 1757 1162 1792 postulare:
1188 1758 1290 1785 inimici
1316 1766 1380 1786 vero
1406 1763 1471 1787 sunt
1491 1759 1575 1787 animi
1599 1760 1723 1790 affectus.
1745 1761 1791 1789 Sic

1002 1802 1135 1831 Jeremias
1158 1803 1216 1831 zelo
1232 1804 1372 1839 religionis
1392 1805 1554 1840 instructus,
1570 1815 1634 1842 rege
1649 1810 1676 1834 et
1690 1808 1791 1842 populo

1003 1849 1075 1877 idola
1090 1850 1253 1883 colentibus,
1270 1858 1324 1877 non
1353 1851 1517 1885 peculiarem
1540 1852 1684 1887 quemdam
1707 1853 1790 1880 animi

1003 1895 1127 1922 morbum
1148 1900 1236 1929 curat,
1251 1896 1298 1924 sed
1314 1904 1364 1930 pro
1377 1898 1513 1924 communi
1527 1898 1668 1925 hominum
1686 1899 1791 1934 suppli-

1004 1941 1138 1968 cationem
1154 1941 1207 1969 Deo
1220 1941 1307 1976 oﬂert,
1322 1946 1421 1978 regans
1434 1947 1463 1970 ut
1476 1947 1571 1971 contra
1591 1945 1689 1980 impios
1704 1944 1789 1980 impe-

1004 1990 1061 2013 tum
1079 1987 1177 2021 faciat,
1201 1993 1227 2015 et
1253 1988 1293 2015 sic
1318 1996 1413 2016 omnes
1439 1989 1564 2018 homines
1589 1990 1624 2017 ad
1649 1990 1789 2018 meliorem

1004 2033 1109 2069 frugem
1124 2039 1296 2062 revocentur.
1315 2035 1347 2061 Et
1362 2034 1431 2063 Osee
1446 2036 1576 2063 malitiam
1591 2039 1657 2064 tunc
1668 2037 1738 2072 apud
1751 2036 1790 2065 ls-

1004 2080 1115 2108 raelilas
1135 2088 1195 2108 sese
1210 2081 1447 2116 multiplicantem,
1464 2081 1654 2110 infecunditati
1668 2082 1789 2115 damnat,

1004 2130 1030 2152 et
1044 2125 1156 2154 acerbas
1172 2127 1277 2161 peccati
1289 2134 1420 2154 mammas
1434 2128 1569 2155 exsiccari
1593 2129 1695 2163 expetit
1712 2128 1746 2160 ‘°,
1760 2132 1790 2156 ut

1004 2179 1039 2198 ne
1054 2172 1154 2198 malum
1171 2172 1244 2207 apud
1259 2172 1382 2200 homines
1410 2175 1453 2201 vel
1478 2174 1603 2209 gignatur
1619 2175 1661 2202 vel
1689 2175 1788 2202 alatur.

1005 2216 1043 2243 Ac
1058 2217 1080 2244 si
1098 2217 1160 2252 quis
1175 2218 1244 2246 alius
1262 2219 1333 2254 apud
1359 2224 1469 2247 sanctos
1482 2220 1557 2248 viros
1573 2220 1672 2249 similis
1687 2228 1788 2253 sermo,

969 2263 1053 2313 Dirae
1069 2265 1187 2299 speciem
1216 2265 1377 2300 praeferens,
1402 2266 1627 2302 deprehenditur,
1658 2266 1691 2294 ad
1719 2267 1791 2295 hanc

1006 2317 1119 2344 prorsus
1137 2315 1254 2339 mentem
1276 2312 1404 2347 respicit;
1421 2313 1525 2340 scilicet
1539 2313 1639 2339 malum
1657 2312 1789 2344 eliminat,

1006 2355 1142 2384 hominem
1157 2365 1221 2384 vero
1232 2365 1285 2385 non
1301 2359 1402 2385 atterit.

168 2404 287 2439 ἔμφασιν
308 2404 385 2439 ἔχων,
413 2403 481 2439 πρὸς
504 2402 551 2438 τὴν
569 2401 695 2437 τοιαύτην
712 2402 818 2433 πάντως
834 2402 952 2429 διάνοιαν
967 2402 1072 2437 βλέπει,
1090 2404 1106 2440 ἢ
1137 2405 1252 2440 ἐξορίζει
1273 2406 1304 2432 τὸ
1328 2406 1424 2433 κακόν·
1442 2407 1491 2433 οὐκ
1520 2401 1652 2442 ἐπιτρίϐει
1675 2405 1720 2433 τὸν
1746 2406 1791 2433 ἄν-

169 2452 285 2488 θρωπον.

205 2513 236 2538 Εἰ
247 2512 275 2538 δέ
289 2520 330 2542 τις
344 2511 444 2546 ἑτέρως
461 2511 493 2538 τὰ
518 2510 564 2537 τοῦ
588 2510 669 2537 Δαυῖδ
688 2512 756 2538 νοεῖν
773 2511 905 2546 βούλεται,
919 2511 956 2542 ὼς

170 2557 216 2584 τοῦ
236 2557 379 2592 ΠροφὴτΟυ
399 2557 461 2588 τοὺς
486 2556 629 2592 δυσσεϐείᾳ
647 2557 784 2589 συζῶντας
798 2557 877 2592 ἀραῖς
893 2557 957 2583 ὐπο-

170 2603 311 2635 6ἀλλοντος
323 2611 329 2618 ·
347 2602 394 2630 καὶ
409 2603 495 2635 οὕτως
514 2603 625 2639 εὑρήσει
644 2603 677 2639 τῇ
697 2602 861 2639 ἀποστολικῇ
884 2603 956 2630 διδα-

171 2649 269 2685 σκαλίᾳ
283 2649 333 2685 τὴν
353 2649 521 2685 προφητείαν
541 2649 752 2685 συμϐαίνουσαν.
776 2649 880 2682 Παῦλος
902 2649 957 2685 γὰρ

170 2694 322 2731 Κορινθίοις
337 2694 509 2727 ἐπιστέλλων,
524 2695 643 2722 τοιοῦτον
657 2695 858 2732 ἀκρατελεύτιον
872 2695 958 2723 τέθει-

171 2751 228 2770 κενν
239 2743 277 2769 Et
286 2752 331 2775 τις
343 2743 379 2769 οὐ
390 2741 474 2777 φιλεῖ
482 2742 535 2769 τὸν
547 2743 655 2777 Κύριον·
671 2743 797 2777 Ἰησοῦν,
811 2742 871 2777 ἤτω
884 2741 956 2770 ἀνάρ

171 2790 253 2824 θεμα.
268 2788 347 2815 Ἰδιον
365 2787 419 2824 γὰρ
433 2787 486 2815 τῶν
503 2786 611 2824 θερμῶς
630 2788 798 2823 ἀγαπώντων
817 2788 848 2815 τὸ
867 2790 955 2824 μισεῖν

170 2835 232 2865 τοὺς
260 2833 403 2869 μισοῦντας
418 2833 462 2860 τὸν
493 2833 682 2869 ἀγαπώμενον.
701 2835 776 2869 Τάχα
794 2834 822 2861 δὲ
839 2834 887 2861 καὶ
906 2834 955 2870 τὴν

1041 2510 1117 2544 Quod
1134 2511 1157 2538 si
1179 2511 1241 2546 quis
1257 2511 1307 2537 alia
1333 2511 1438 2538 ratione
1467 2510 1577 2539 Davidis
1596 2512 1669 2539 dicta
1691 2512 1794 2541 intelli‘

1004 2563 1068 2591 gere
1087 2555 1160 2587 velit,
1176 2555 1212 2582 ita
1229 2560 1257 2582 ut
1270 2555 1404 2590 Propheta
1417 2563 1464 2584 eos
1485 2557 1532 2592 qui
1555 2557 1582 2584 in
1598 2556 1736 2592 impietate
1750 2559 1793 2585 vi-

1006 2605 1072 2629 vunt
1096 2601 1277 2630 ersecrationi
1304 2601 1451 2636 subjiciat:
1478 2602 1514 2630 ita
1536 2610 1645 2638 quoque
1672 2603 1794 2632 inveniet

1004 2647 1176 2683 prophetiam
1187 2655 1250 2675 cum
1265 2648 1415 2683 apostolica
1426 2647 1551 2676 doctrina
1561 2650 1704 2684 quadrare.
1720 2649 1794 2677 Pau-

1004 2695 1048 2723 lus
1066 2695 1167 2731 quippe
1185 2695 1335 2723 Corinthiis
1354 2695 1488 2728 scribens,
1502 2695 1553 2723 hoc
1568 2696 1648 2724 modo
1665 2696 1769 2723 claudit
1783 2707 1793 2725 :

1008 2741 1039 2769 Si
1052 2742 1109 2778 quia
1123 2750 1175 2769 non
1190 2747 1263 2769 amat
1275 2741 1418 2769 Dominum
1439 2741 1540 2775 Iesum,
1555 2743 1696 2770 anathema
1711 2742 1746 2770 sit
1759 2743 1793 2771 ".

1008 2787 1076 2815 Nam
1099 2795 1194 2815 eorum
1222 2788 1269 2824 qui
1300 2787 1426 2816 ardenter
1449 2792 1540 2816 amant
1568 2788 1706 2823 proprium
1730 2792 1792 2821 est,

1008 2833 1099 2862 odisse
1114 2841 1162 2861 eos
1176 2833 1223 2869 qui
1238 2833 1366 2862 dilectum
1380 2833 1443 2861 odio
1459 2834 1568 2863 habent.
1583 2832 1711 2862 Fortasse
1728 2833 1794 2860 item

207 2911 230 2928 ⁸⁸
248 2910 321 2940 Psal.
337 2919 437 2945 xxxix,
456 2912 547 2940 ιιι-Π.
585 2913 607 2929 ⁵⁸
626 2911 689 2941 Ose.
708 2921 751 2945 Ix,
768 2913 810 2941 Η.
849 2913 870 2929 ⁵·
892 2912 901 2940 Ι
918 2912 951 2940 Co

1001 2920 1042 2939 ιιιί
1054 2932 1060 2943 ,
1082 2910 1127 2938 22.
