  <div class='ocr_page' id='page_1' title='image "/cluster/home/n/w/nwhite01/storage/ocr_20150623/23/njp.32101077772505/655.png"; bbox 0 0 2044 3212; ppageno 0'>
   <div class='ocr_carea' id='block_1_1' title="bbox 252 195 321 224">
    <p class='ocr_par' dir='ltr' id='par_1_1' title="bbox 252 195 321 224">
     <span class='ocr_line' id='line_1_1' title="bbox 252 195 321 224; baseline 0.014 -1"><span class='ocrx_word' id='word_1_1' title='bbox 252 195 321 224; x_wconf 69' lang='grc'><strong>1295</strong></span> 
     </span>
    </p>
   </div>
   <div class='ocr_carea' id='block_1_2' title="bbox 251 253 1076 290">
    <p class='ocr_par' dir='ltr' id='par_1_2' title="bbox 251 253 1076 290">
     <span class='ocr_line' id='line_1_2' title="bbox 251 253 1076 290; baseline -0.001 -7"><span class='ocrx_word' id='word_1_2' title='bbox 251 259 352 284; x_wconf 82' lang='lat' dir='ltr'><strong>statum</strong></span> <span class='ocrx_word' id='word_1_3' title='bbox 368 254 414 290; x_wconf 86' lang='lat' dir='ltr'><strong>qui</strong></span> <span class='ocrx_word' id='word_1_4' title='bbox 436 257 499 290; x_wconf 88' lang='lat' dir='ltr'><strong>post</strong></span> <span class='ocrx_word' id='word_1_5' title='bbox 523 254 754 282; x_wconf 77' lang='lat' dir='ltr'><strong>resurrectionem</strong></span> <span class='ocrx_word' id='word_1_6' title='bbox 772 253 882 282; x_wconf 91' lang='lat' dir='ltr'><strong>futurus</strong></span> <span class='ocrx_word' id='word_1_7' title='bbox 909 258 967 289; x_wconf 68' lang='lat' dir='ltr'><strong>est,</strong></span> <span class='ocrx_word' id='word_1_8' title='bbox 995 254 1039 282; x_wconf 91' lang='lat' dir='ltr'><strong>hic</strong></span> <span class='ocrx_word' id='word_1_9' title='bbox 1055 258 1076 287; x_wconf 79' lang='grc' dir='ltr'><strong>Α</strong></span> 
     </span>
    </p>
   </div>
   <div class='ocr_carea' id='block_1_3' title="bbox 251 299 1039 337">
    <p class='ocr_par' dir='ltr' id='par_1_3' title="bbox 251 299 1039 337">
     <span class='ocr_line' id='line_1_3' title="bbox 251 299 1039 337; baseline -0.001 -9"><span class='ocrx_word' id='word_1_10' title='bbox 251 301 334 329; x_wconf 81' lang='lat' dir='ltr'><strong>David</strong></span> <span class='ocrx_word' id='word_1_11' title='bbox 351 300 496 337; x_wconf 76' lang='lat' dir='ltr'><strong>signiﬁcat,</strong></span> <span class='ocrx_word' id='word_1_12' title='bbox 514 300 624 336; x_wconf 84' lang='lat' dir='ltr'><strong>quando</strong></span> <span class='ocrx_word' id='word_1_13' title='bbox 646 299 713 327; x_wconf 91' lang='lat' dir='ltr'><strong>dicit</strong></span> <span class='ocrx_word' id='word_1_14' title='bbox 742 300 826 327; x_wconf 70' lang='lat' dir='ltr'><strong>laetari</strong></span> <span class='ocrx_word' id='word_1_15' title='bbox 851 301 994 328; x_wconf 86' lang='lat' dir='ltr'><strong>Dominum</strong></span> <span class='ocrx_word' id='word_1_16' title='bbox 1012 301 1039 327; x_wconf 94' lang='lat' dir='ltr'><strong>in</strong></span> 
     </span>
    </p>
   </div>
   <div class='ocr_carea' id='block_1_4' title="bbox 250 346 1038 384">
    <p class='ocr_par' dir='ltr' id='par_1_4' title="bbox 250 346 1038 384">
     <span class='ocr_line' id='line_1_4' title="bbox 250 346 1038 384; baseline -0.003 -9"><span class='ocrx_word' id='word_1_17' title='bbox 250 348 378 384; x_wconf 82' lang='lat' dir='ltr'><strong>operibus</strong></span> <span class='ocrx_word' id='word_1_18' title='bbox 407 347 482 379; x_wconf 84' lang='lat' dir='ltr'><strong>suis,</strong></span> <span class='ocrx_word' id='word_1_19' title='bbox 505 346 695 375; x_wconf 89' lang='lat' dir='ltr'><strong>deﬁcientibus</strong></span> <span class='ocrx_word' id='word_1_20' title='bbox 722 346 911 381; x_wconf 79' lang='lat' dir='ltr'><strong>peccatoribus</strong></span> <span class='ocrx_word' id='word_1_21' title='bbox 925 354 939 374; x_wconf 85' lang='lat' dir='ltr'><strong>a</strong></span> <span class='ocrx_word' id='word_1_22' title='bbox 957 350 1038 374; x_wconf 87' lang='lat' dir='ltr'><strong>terra.</strong></span> 
     </span>
    </p>
   </div>
   <div class='ocr_carea' id='block_1_5' title="bbox 249 391 1039 428">
    <p class='ocr_par' dir='ltr' id='par_1_5' title="bbox 249 391 1039 428">
     <span class='ocr_line' id='line_1_5' title="bbox 249 391 1039 428; baseline -0.004 -7"><span class='ocrx_word' id='word_1_23' title='bbox 249 393 392 428; x_wconf 84' lang='lat' dir='ltr'><strong>Quomodo</strong></span> <span class='ocrx_word' id='word_1_24' title='bbox 407 393 479 421; x_wconf 88' lang='lat' dir='ltr'><strong>enim</strong></span> <span class='ocrx_word' id='word_1_25' title='bbox 509 393 571 428; x_wconf 90' lang='lat' dir='ltr'><strong>quis</strong></span> <span class='ocrx_word' id='word_1_26' title='bbox 599 399 616 419; x_wconf 75' lang='grc' dir='ltr'>ει</span> <span class='ocrx_word' id='word_1_27' title='bbox 647 394 758 426; x_wconf 83' lang='lat' dir='ltr'><strong>peccato</strong></span> <span class='ocrx_word' id='word_1_28' title='bbox 777 391 987 425; x_wconf 89' lang='lat' dir='ltr'><strong>denominetur,</strong></span> <span class='ocrx_word' id='word_1_29' title='bbox 1016 391 1039 419; x_wconf 94' lang='lat' dir='ltr'><strong>si</strong></span> 
     </span>
    </p>
   </div>
   <div class='ocr_carea' id='block_1_6' title="bbox 249 432 1038 477">
    <p class='ocr_par' dir='ltr' id='par_1_6' title="bbox 249 432 1038 477">
     <span class='ocr_line' id='line_1_6' title="bbox 249 432 1038 477; baseline -0.005 -9"><span class='ocrx_word' id='word_1_30' title='bbox 249 445 393 477; x_wconf 81' lang='lat' dir='ltr'><strong>peccatum</strong></span> <span class='ocrx_word' id='word_1_31' title='bbox 424 447 477 466; x_wconf 93' lang='lat' dir='ltr'><strong>non</strong></span> <span class='ocrx_word' id='word_1_32' title='bbox 508 438 607 466; x_wconf 80' lang='lat' dir='ltr'><strong>fuerit?</strong></span> <span class='ocrx_word' id='word_1_33' title='bbox 630 436 693 464; x_wconf 68' lang='lat' dir='ltr'><strong>Haec</strong></span> <span class='ocrx_word' id='word_1_34' title='bbox 721 441 750 465; x_wconf 90' lang='grc' dir='ltr'>ιιι</span> <span class='ocrx_word' id='word_1_35' title='bbox 773 432 882 473; x_wconf 89' lang='lat' dir='ltr'><strong>quoque</strong></span> <span class='ocrx_word' id='word_1_36' title='bbox 910 444 1038 472; x_wconf 78' lang='lat' dir='ltr'><strong>precare:</strong></span> 
     </span>
    </p>
   </div>
   <div class='ocr_carea' id='block_1_7' title="bbox 250 483 1039 523">
    <p class='ocr_par' dir='ltr' id='par_1_7' title="bbox 250 483 1039 523">
     <span class='ocr_line' id='line_1_7' title="bbox 250 483 1039 523; baseline -0.004 -9"><span class='ocrx_word' id='word_1_37' title='bbox 250 487 343 523; x_wconf 80' lang='lat' dir='ltr'><strong>Aperi.</strong></span> <span class='ocrx_word' id='word_1_38' title='bbox 361 486 483 518; x_wconf 82' lang='lat' dir='ltr'><strong>Domine,</strong></span> <span class='ocrx_word' id='word_1_39' title='bbox 499 485 609 512; x_wconf 82' lang='lat' dir='ltr'><strong>divitem</strong></span> <span class='ocrx_word' id='word_1_40' title='bbox 630 492 739 512; x_wconf 93' lang='lat' dir='ltr'><strong>manum</strong></span> <span class='ocrx_word' id='word_1_41' title='bbox 753 489 826 511; x_wconf 88' lang='lat' dir='ltr'><strong>tuam</strong></span> <span class='ocrx_word' id='word_1_42' title='bbox 841 483 874 511; x_wconf 77' lang='lat' dir='ltr'><strong>ad</strong></span> <span class='ocrx_word' id='word_1_43' title='bbox 889 483 1039 519; x_wconf 87' lang='lat' dir='ltr'><strong>spiritualis</strong></span> 
     </span>
    </p>
   </div>
   <div class='ocr_carea' id='block_1_8' title="bbox 251 528 1039 567">
    <p class='ocr_par' dir='ltr' id='par_1_8' title="bbox 251 528 1039 567">
     <span class='ocr_line' id='line_1_8' title="bbox 251 528 1039 567; baseline -0.005 -6"><span class='ocrx_word' id='word_1_44' title='bbox 251 532 373 561; x_wconf 87' lang='lat' dir='ltr'><strong>beneﬁcii</strong></span> <span class='ocrx_word' id='word_1_45' title='bbox 386 530 634 567; x_wconf 80' lang='lat' dir='ltr'><strong>dispensationem;</strong></span> <span class='ocrx_word' id='word_1_46' title='bbox 652 533 681 556; x_wconf 91' lang='lat' dir='ltr'><strong>ut</strong></span> <span class='ocrx_word' id='word_1_47' title='bbox 692 528 862 556; x_wconf 86' lang='lat' dir='ltr'><strong>amarissima</strong></span> <span class='ocrx_word' id='word_1_48' title='bbox 876 533 903 556; x_wconf 90' lang='lat' dir='ltr'><strong>et</strong></span> <span class='ocrx_word' id='word_1_49' title='bbox 920 529 1039 557; x_wconf 83' lang='lat' dir='ltr'><strong>crudelis</strong></span> 
     </span>
    </p>
   </div>
   <div class='ocr_carea' id='block_1_9' title="bbox 249 574 1038 612">
    <p class='ocr_par' dir='ltr' id='par_1_9' title="bbox 249 574 1038 612">
     <span class='ocr_line' id='line_1_9' title="bbox 249 574 1038 612; baseline -0.006 -6"><span class='ocrx_word' id='word_1_50' title='bbox 249 579 340 606; x_wconf 78' lang='lat' dir='ltr'><strong>anima</strong></span> <span class='ocrx_word' id='word_1_51' title='bbox 371 585 429 605; x_wconf 87' lang='lat' dir='ltr'><strong>mea</strong></span> <span class='ocrx_word' id='word_1_52' title='bbox 457 577 602 612; x_wconf 84' lang='lat' dir='ltr'><strong>impleatur</strong></span> <span class='ocrx_word' id='word_1_53' title='bbox 632 575 775 602; x_wconf 78' lang='lat' dir='ltr'><strong>bonitate:</strong></span> <span class='ocrx_word' id='word_1_54' title='bbox 807 575 884 602; x_wconf 89' lang='lat' dir='ltr'><strong>mitte</strong></span> <span class='ocrx_word' id='word_1_55' title='bbox 906 574 1038 610; x_wconf 85' lang='lat' dir='ltr'><strong>Spiritum</strong></span> 
     </span>
    </p>
   </div>
   <div class='ocr_carea' id='block_1_10' title="bbox 250 625 1037 656">
    <p class='ocr_par' dir='ltr' id='par_1_10' title="bbox 250 625 1037 656">
     <span class='ocr_line' id='line_1_10' title="bbox 250 625 1037 656; baseline -0.006 -4"><span class='ocrx_word' id='word_1_56' title='bbox 250 629 375 652; x_wconf 89' lang='lat' dir='ltr'><strong>sanctum</strong></span> <span class='ocrx_word' id='word_1_57' title='bbox 393 629 480 655; x_wconf 91' lang='lat' dir='ltr'><strong>tuum,</strong></span> <span class='ocrx_word' id='word_1_58' title='bbox 491 627 518 650; x_wconf 85' lang='lat' dir='ltr'><strong>et</strong></span> <span class='ocrx_word' id='word_1_59' title='bbox 533 629 634 650; x_wconf 84' lang='lat' dir='ltr'><strong>renova</strong></span> <span class='ocrx_word' id='word_1_60' title='bbox 648 625 804 656; x_wconf 86' lang='lat' dir='ltr'><strong>corruptam</strong></span> <span class='ocrx_word' id='word_1_61' title='bbox 816 625 917 648; x_wconf 74' lang='lat' dir='ltr'><strong>terrain</strong></span> <span class='ocrx_word' id='word_1_62' title='bbox 933 628 1037 655; x_wconf 84' lang='lat' dir='ltr'><strong>meam;</strong></span> 
     </span>
    </p>
   </div>
   <div class='ocr_carea' id='block_1_11' title="bbox 250 667 1038 703">
    <p class='ocr_par' dir='ltr' id='par_1_11' title="bbox 250 667 1038 703">
     <span class='ocr_line' id='line_1_11' title="bbox 250 667 1038 703; baseline -0.003 -7"><span class='ocrx_word' id='word_1_63' title='bbox 250 675 280 696; x_wconf 93' lang='lat' dir='ltr'><strong>ut</strong></span> <span class='ocrx_word' id='word_1_64' title='bbox 299 675 363 696; x_wconf 78' lang='lat' dir='ltr'><strong>tunc</strong></span> <span class='ocrx_word' id='word_1_65' title='bbox 377 669 451 696; x_wconf 74' lang='lat' dir='ltr'><strong>laeter</strong></span> <span class='ocrx_word' id='word_1_66' title='bbox 464 668 490 695; x_wconf 92' lang='lat' dir='ltr'><strong>in</strong></span> <span class='ocrx_word' id='word_1_67' title='bbox 506 667 634 703; x_wconf 87' lang='lat' dir='ltr'><strong>operibus</strong></span> <span class='ocrx_word' id='word_1_68' title='bbox 654 667 718 698; x_wconf 81' lang='lat' dir='ltr'><strong>tuis,</strong></span> <span class='ocrx_word' id='word_1_69' title='bbox 733 667 876 695; x_wconf 85' lang='lat' dir='ltr'><strong>diabolicis</strong></span> <span class='ocrx_word' id='word_1_70' title='bbox 893 667 1038 702; x_wconf 65' lang='lat' dir='ltr'><strong>praestigiis</strong></span> 
     </span>
    </p>
   </div>
   <div class='ocr_carea' id='block_1_12' title="bbox 250 713 663 743">
    <p class='ocr_par' dir='ltr' id='par_1_12' title="bbox 250 713 663 743">
     <span class='ocr_line' id='line_1_12' title="bbox 250 713 663 743; baseline -0.007 0"><span class='ocrx_word' id='word_1_71' title='bbox 250 717 277 743; x_wconf 89' lang='lat' dir='ltr'><strong>in</strong></span> <span class='ocrx_word' id='word_1_72' title='bbox 294 715 376 743; x_wconf 87' lang='lat' dir='ltr'><strong>corde</strong></span> <span class='ocrx_word' id='word_1_73' title='bbox 392 722 451 742; x_wconf 90' lang='lat' dir='ltr'><strong>meo</strong></span> <span class='ocrx_word' id='word_1_74' title='bbox 466 713 663 741; x_wconf 81' lang='lat' dir='ltr'><strong>deﬁcientibus.</strong></span> 
     </span>
    </p>
   </div>
   <div class='ocr_carea' id='block_1_13' title="bbox 286 803 1038 839">
    <p class='ocr_par' dir='ltr' id='par_1_13' title="bbox 286 803 1038 839">
     <span class='ocr_line' id='line_1_13' title="bbox 286 803 1038 839; baseline -0.003 -5"><span class='ocrx_word' id='word_1_75' title='bbox 286 806 408 839; x_wconf 64' lang='lat' dir='ltr'><strong>Benedic,</strong></span> <span class='ocrx_word' id='word_1_76' title='bbox 424 806 512 832; x_wconf 83' lang='lat' dir='ltr'><strong>anima</strong></span> <span class='ocrx_word' id='word_1_77' title='bbox 527 812 595 836; x_wconf 80' lang='lat' dir='ltr'><strong>mea,</strong></span> <span class='ocrx_word' id='word_1_78' title='bbox 608 804 731 831; x_wconf 86' lang='lat' dir='ltr'><strong>Domino.</strong></span> <span class='ocrx_word' id='word_1_79' title='bbox 741 803 874 832; x_wconf 89' lang='lat' dir='ltr'><strong>Omnibus</strong></span> <span class='ocrx_word' id='word_1_80' title='bbox 884 811 946 832; x_wconf 89' lang='lat' dir='ltr'><strong>cum</strong></span> <span class='ocrx_word' id='word_1_81' title='bbox 958 804 1038 832; x_wconf 90' lang='lat' dir='ltr'><strong>laude</strong></span> 
     </span>
    </p>
   </div>
   <div class='ocr_carea' id='block_1_14' title="bbox 250 849 1038 885">
    <p class='ocr_par' dir='ltr' id='par_1_14' title="bbox 250 849 1038 885">
     <span class='ocr_line' id='line_1_14' title="bbox 250 849 1038 885; baseline -0.005 -5"><span class='ocrx_word' id='word_1_82' title='bbox 250 852 395 882; x_wconf 83' lang='lat' dir='ltr'><strong>absolutis,</strong></span> <span class='ocrx_word' id='word_1_83' title='bbox 420 852 448 878; x_wconf 91' lang='lat' dir='ltr'><strong>in</strong></span> <span class='ocrx_word' id='word_1_84' title='bbox 474 850 570 878; x_wconf 90' lang='lat' dir='ltr'><strong>eodem</strong></span> <span class='ocrx_word' id='word_1_85' title='bbox 596 850 733 877; x_wconf 78' lang='lat' dir='ltr'><strong>versiculo</strong></span> <span class='ocrx_word' id='word_1_86' title='bbox 757 850 892 885; x_wconf 85' lang='lat' dir='ltr'><strong>psalmum</strong></span> <span class='ocrx_word' id='word_1_87' title='bbox 925 849 1038 877; x_wconf 81' lang='lat' dir='ltr'><strong>benedi—</strong></span> 
     </span>
    </p>
   </div>
   <div class='ocr_carea' id='block_1_15' title="bbox 250 895 1036 932">
    <p class='ocr_par' dir='ltr' id='par_1_15' title="bbox 250 895 1036 932">
     <span class='ocr_line' id='line_1_15' title="bbox 250 895 1036 932; baseline -0.006 -5"><span class='ocrx_word' id='word_1_88' title='bbox 250 899 339 927; x_wconf 79' lang='lat' dir='ltr'><strong>ctione</strong></span> <span class='ocrx_word' id='word_1_89' title='bbox 354 897 466 931; x_wconf 80' lang='lat' dir='ltr'><strong>claudit,</strong></span> <span class='ocrx_word' id='word_1_90' title='bbox 481 903 514 924; x_wconf 89' lang='lat' dir='ltr'><strong>ac</strong></span> <span class='ocrx_word' id='word_1_91' title='bbox 530 900 592 931; x_wconf 86' lang='lat' dir='ltr'><strong>post</strong></span> <span class='ocrx_word' id='word_1_92' title='bbox 607 896 710 932; x_wconf 75' lang='lat' dir='ltr'><strong>jactura</strong></span> <span class='ocrx_word' id='word_1_93' title='bbox 733 895 958 928; x_wconf 77' lang='lat' dir='ltr'><strong>fundamentum,</strong></span> <span class='ocrx_word' id='word_1_94' title='bbox 977 903 1036 923; x_wconf 84' lang='lat' dir='ltr'><strong>ser-</strong></span> 
     </span>
    </p>
   </div>
   <div class='ocr_carea' id='block_1_16' title="bbox 250 930 1076 978">
    <p class='ocr_par' dir='ltr' id='par_1_16' title="bbox 250 930 1076 978">
     <span class='ocr_line' id='line_1_16' title="bbox 250 930 1076 978; baseline -0.005 -6"><span class='ocrx_word' id='word_1_95' title='bbox 250 945 324 973; x_wconf 88' lang='lat' dir='ltr'><strong>moni</strong></span> <span class='ocrx_word' id='word_1_96' title='bbox 340 947 442 972; x_wconf 88' lang='lat' dir='ltr'><strong>tectum</strong></span> <span class='ocrx_word' id='word_1_97' title='bbox 458 942 608 978; x_wconf 89' lang='lat' dir='ltr'><strong>imposuit,</strong></span> <span class='ocrx_word' id='word_1_98' title='bbox 625 949 657 969; x_wconf 87' lang='lat' dir='ltr'><strong>ac</strong></span> <span class='ocrx_word' id='word_1_99' title='bbox 679 941 814 977; x_wconf 71' lang='lat' dir='ltr'><strong>prooemio</strong></span> <span class='ocrx_word' id='word_1_100' title='bbox 842 945 1037 976; x_wconf 83' lang='lat' dir='ltr'><strong>congruentem</strong></span> <span class='ocrx_word' id='word_1_101' title='bbox 1053 930 1076 960; x_wconf 74' lang='grc' dir='ltr'><strong>Β</strong></span> 
     </span>
    </p>
   </div>
   <div class='ocr_carea' id='block_1_17' title="bbox 249 986 1038 1022">
    <p class='ocr_par' dir='ltr' id='par_1_17' title="bbox 249 986 1038 1022">
     <span class='ocr_line' id='line_1_17' title="bbox 249 986 1038 1022; baseline -0.006 -3"><span class='ocrx_word' id='word_1_102' title='bbox 249 991 331 1019; x_wconf 86' lang='lat' dir='ltr'><strong>ﬁnem</strong></span> <span class='ocrx_word' id='word_1_103' title='bbox 347 989 465 1017; x_wconf 77' lang='lat' dir='ltr'><strong>induxit.</strong></span> <span class='ocrx_word' id='word_1_104' title='bbox 482 988 524 1016; x_wconf 86' lang='lat' dir='ltr'><strong>Tu</strong></span> <span class='ocrx_word' id='word_1_105' title='bbox 538 988 623 1020; x_wconf 84' lang='lat' dir='ltr'><strong>enim,</strong></span> <span class='ocrx_word' id='word_1_106' title='bbox 642 987 744 1022; x_wconf 88' lang='lat' dir='ltr'><strong>inquit,</strong></span> <span class='ocrx_word' id='word_1_107' title='bbox 762 995 778 1014; x_wconf 93' lang='lat' dir='ltr'><strong>o</strong></span> <span class='ocrx_word' id='word_1_108' title='bbox 795 987 887 1014; x_wconf 82' lang='lat' dir='ltr'><strong>anima</strong></span> <span class='ocrx_word' id='word_1_109' title='bbox 914 986 1038 1022; x_wconf 85' lang='lat' dir='ltr'><strong>opiﬁcem</strong></span> 
     </span>
    </p>
   </div>
   <div class='ocr_carea' id='block_1_18' title="bbox 249 1031 1040 1068">
    <p class='ocr_par' dir='ltr' id='par_1_18' title="bbox 249 1031 1040 1068">
     <span class='ocr_line' id='line_1_18' title="bbox 249 1031 1040 1068; baseline -0.004 -5"><span class='ocrx_word' id='word_1_110' title='bbox 249 1043 281 1063; x_wconf 87' lang='lat' dir='ltr'><strong>ac</strong></span> <span class='ocrx_word' id='word_1_111' title='bbox 293 1035 463 1063; x_wconf 78' lang='lat' dir='ltr'><strong>Salvatorem</strong></span> <span class='ocrx_word' id='word_1_112' title='bbox 476 1038 554 1061; x_wconf 90' lang='lat' dir='ltr'><strong>tuum</strong></span> <span class='ocrx_word' id='word_1_113' title='bbox 569 1033 680 1061; x_wconf 79' lang='lat' dir='ltr'><strong>assidue</strong></span> <span class='ocrx_word' id='word_1_114' title='bbox 695 1032 803 1068; x_wconf 83' lang='lat' dir='ltr'><strong>hymnis</strong></span> <span class='ocrx_word' id='word_1_115' title='bbox 819 1032 966 1061; x_wconf 87' lang='lat' dir='ltr'><strong>celebrato.</strong></span> <span class='ocrx_word' id='word_1_116' title='bbox 980 1031 1040 1067; x_wconf 88' lang='lat' dir='ltr'><strong>lpse</strong></span> 
     </span>
    </p>
   </div>
   <div class='ocr_carea' id='block_1_19' title="bbox 249 1079 1038 1118">
    <p class='ocr_par' dir='ltr' id='par_1_19' title="bbox 249 1079 1038 1118">
     <span class='ocr_line' id='line_1_19' title="bbox 249 1079 1038 1118; baseline -0.005 -9"><span class='ocrx_word' id='word_1_117' title='bbox 249 1090 367 1118; x_wconf 87' lang='lat' dir='ltr'><strong>namque</strong></span> <span class='ocrx_word' id='word_1_118' title='bbox 385 1085 411 1109; x_wconf 89' lang='lat' dir='ltr'><strong>te</strong></span> <span class='ocrx_word' id='word_1_119' title='bbox 432 1089 447 1108; x_wconf 92' lang='lat' dir='ltr'><strong>a</strong></span> <span class='ocrx_word' id='word_1_120' title='bbox 464 1084 538 1108; x_wconf 82' lang='lat' dir='ltr'><strong>sorte</strong></span> <span class='ocrx_word' id='word_1_121' title='bbox 560 1080 746 1115; x_wconf 89' lang='lat' dir='ltr'><strong>improborum</strong></span> <span class='ocrx_word' id='word_1_122' title='bbox 762 1079 907 1110; x_wconf 83' lang='lat' dir='ltr'><strong>amorebit,</strong></span> <span class='ocrx_word' id='word_1_123' title='bbox 931 1084 958 1106; x_wconf 89' lang='lat' dir='ltr'><strong>ct</strong></span> <span class='ocrx_word' id='word_1_124' title='bbox 973 1087 1038 1106; x_wconf 82' lang='lat' dir='ltr'><strong>san-</strong></span> 
     </span>
    </p>
   </div>
   <div class='ocr_carea' id='block_1_20' title="bbox 249 1125 1037 1163">
    <p class='ocr_par' dir='ltr' id='par_1_20' title="bbox 249 1125 1037 1163">
     <span class='ocr_line' id='line_1_20' title="bbox 249 1125 1037 1163; baseline -0.004 -7"><span class='ocrx_word' id='word_1_125' title='bbox 249 1135 358 1156; x_wconf 90' lang='lat' dir='ltr'><strong>ctorum</strong></span> <span class='ocrx_word' id='word_1_126' title='bbox 373 1128 514 1156; x_wconf 90' lang='lat' dir='ltr'><strong>consortio</strong></span> <span class='ocrx_word' id='word_1_127' title='bbox 530 1127 639 1163; x_wconf 78' lang='lat' dir='ltr'><strong>dignam</strong></span> <span class='ocrx_word' id='word_1_128' title='bbox 655 1126 763 1154; x_wconf 85' lang='lat' dir='ltr'><strong>elliciet.</strong></span> <span class='ocrx_word' id='word_1_129' title='bbox 778 1125 848 1153; x_wconf 88' lang='lat' dir='ltr'><strong>Tum</strong></span> <span class='ocrx_word' id='word_1_130' title='bbox 865 1126 893 1153; x_wconf 90' lang='lat' dir='ltr'><strong>in</strong></span> <span class='ocrx_word' id='word_1_131' title='bbox 911 1126 1037 1158; x_wconf 80' lang='lat' dir='ltr'><strong>exordio,</strong></span> 
     </span>
    </p>
   </div>
   <div class='ocr_carea' id='block_1_21' title="bbox 250 1174 1039 1210">
    <p class='ocr_par' dir='ltr' id='par_1_21' title="bbox 250 1174 1039 1210">
     <span class='ocr_line' id='line_1_21' title="bbox 250 1174 1039 1210; baseline -0.006 -4"><span class='ocrx_word' id='word_1_132' title='bbox 250 1183 307 1206; x_wconf 75' lang='lat' dir='ltr'><strong>tun</strong></span> <span class='ocrx_word' id='word_1_133' title='bbox 330 1178 357 1205; x_wconf 89' lang='lat' dir='ltr'><strong>in</strong></span> <span class='ocrx_word' id='word_1_134' title='bbox 386 1177 439 1204; x_wconf 82' lang='lat' dir='ltr'><strong>line</strong></span> <span class='ocrx_word' id='word_1_135' title='bbox 463 1176 597 1204; x_wconf 75' lang='lat' dir='ltr'><strong>sermonis</strong></span> <span class='ocrx_word' id='word_1_136' title='bbox 616 1176 669 1210; x_wconf 85' lang='lat' dir='ltr'><strong>ipsi</strong></span> <span class='ocrx_word' id='word_1_137' title='bbox 687 1174 905 1203; x_wconf 76' lang='lat' dir='ltr'><strong>benedictionem</strong></span> <span class='ocrx_word' id='word_1_138' title='bbox 929 1175 1039 1202; x_wconf 88' lang='lat' dir='ltr'><strong>emittas</strong></span> 
     </span>
    </p>
   </div>
   <div class='ocr_carea' id='block_1_22' title="bbox 248 1219 1039 1252">
    <p class='ocr_par' dir='ltr' id='par_1_22' title="bbox 248 1219 1039 1252">
     <span class='ocr_line' id='line_1_22' title="bbox 248 1219 1039 1252; baseline -0.006 -1"><span class='ocrx_word' id='word_1_139' title='bbox 248 1224 316 1252; x_wconf 86' lang='lat' dir='ltr'><strong>Nam</strong></span> <span class='ocrx_word' id='word_1_140' title='bbox 330 1223 441 1252; x_wconf 88' lang='lat' dir='ltr'><strong>assidua</strong></span> <span class='ocrx_word' id='word_1_141' title='bbox 467 1222 514 1250; x_wconf 86' lang='lat' dir='ltr'><strong>Dei</strong></span> <span class='ocrx_word' id='word_1_142' title='bbox 529 1221 683 1250; x_wconf 88' lang='lat' dir='ltr'><strong>benedictio</strong></span> <span class='ocrx_word' id='word_1_143' title='bbox 699 1221 734 1248; x_wconf 89' lang='lat' dir='ltr'><strong>ad</strong></span> <span class='ocrx_word' id='word_1_144' title='bbox 757 1224 863 1248; x_wconf 88' lang='lat' dir='ltr'><strong>rectum</strong></span> <span class='ocrx_word' id='word_1_145' title='bbox 883 1219 1039 1248; x_wconf 85' lang='lat' dir='ltr'><strong>institutum</strong></span> 
     </span>
    </p>
   </div>
   <div class='ocr_carea' id='block_1_23' title="bbox 249 1269 647 1299">
    <p class='ocr_par' dir='ltr' id='par_1_23' title="bbox 249 1269 647 1299">
     <span class='ocr_line' id='line_1_23' title="bbox 249 1269 647 1299; baseline -0.013 0"><span class='ocrx_word' id='word_1_146' title='bbox 249 1270 333 1299; x_wconf 85' lang='lat' dir='ltr'><strong>vitam</strong></span> <span class='ocrx_word' id='word_1_147' title='bbox 347 1269 494 1297; x_wconf 87' lang='lat' dir='ltr'><strong>concinnat</strong></span> <span class='ocrx_word' id='word_1_148' title='bbox 512 1271 647 1295; x_wconf 89' lang='lat' dir='ltr'><strong>nostram.</strong></span> 
     </span>
    </p>
   </div>
   <div class='ocr_carea' id='block_1_24' title="bbox 516 1322 790 1353">
    <p class='ocr_par' dir='ltr' id='par_1_24' title="bbox 516 1322 790 1353">
     <span class='ocr_line' id='line_1_24' title="bbox 516 1322 790 1353; baseline 0 -2"><span class='ocrx_word' id='word_1_149' title='bbox 516 1323 701 1353; x_wconf 75' lang='lat' dir='ltr'><strong>ALLELUIA.</strong></span> <span class='ocrx_word' id='word_1_150' title='bbox 722 1322 790 1352; x_wconf 78' lang='lat' dir='ltr'><strong>CIV.</strong></span> 
     </span>
    </p>
   </div>
   <div class='ocr_carea' id='block_1_25' title="bbox 285 1370 1039 1406">
    <p class='ocr_par' dir='ltr' id='par_1_25' title="bbox 285 1370 1039 1406">
     <span class='ocr_line' id='line_1_25' title="bbox 285 1370 1039 1406; baseline -0.001 -8"><span class='ocrx_word' id='word_1_151' title='bbox 285 1372 367 1401; x_wconf 76' lang='lat' dir='ltr'><strong>Vens.</strong></span> <span class='ocrx_word' id='word_1_152' title='bbox 387 1372 413 1403; x_wconf 75' lang='grc'>1,</span> <span class='ocrx_word' id='word_1_153' title='bbox 429 1372 456 1399; x_wconf 72' lang='grc'>2.</span> <span class='ocrx_word' id='word_1_154' title='bbox 477 1370 647 1406; x_wconf 76' lang='lat' dir='ltr'><strong>Canﬁtemini</strong></span> <span class='ocrx_word' id='word_1_155' title='bbox 674 1371 795 1401; x_wconf 83' lang='lat' dir='ltr'><strong>Domino.</strong></span> <span class='ocrx_word' id='word_1_156' title='bbox 809 1374 834 1397; x_wconf 80' lang='lat' dir='ltr'><strong>et</strong></span> <span class='ocrx_word' id='word_1_157' title='bbox 851 1370 970 1398; x_wconf 71' lang='lat' dir='ltr'><strong>invocata</strong></span> <span class='ocrx_word' id='word_1_158' title='bbox 991 1378 1039 1397; x_wconf 88' lang='lat' dir='ltr'><strong>no-</strong></span> 
     </span>
    </p>
   </div>
   <div class='ocr_carea' id='block_1_26' title="bbox 249 1416 1038 1453">
    <p class='ocr_par' dir='ltr' id='par_1_26' title="bbox 249 1416 1038 1453">
     <span class='ocr_line' id='line_1_26' title="bbox 249 1416 1038 1453; baseline -0.003 -7"><span class='ocrx_word' id='word_1_159' title='bbox 249 1427 308 1446; x_wconf 86' lang='lat' dir='ltr'><strong>men</strong></span> <span class='ocrx_word' id='word_1_160' title='bbox 321 1418 388 1453; x_wconf 76' lang='lat' dir='ltr'><strong>ejus,</strong></span> <span class='ocrx_word' id='word_1_161' title='bbox 397 1418 554 1444; x_wconf 73' lang='lat' dir='ltr'><strong>(mnunliale</strong></span> <span class='ocrx_word' id='word_1_162' title='bbox 569 1418 638 1444; x_wconf 82' lang='lat' dir='ltr'><strong>inter</strong></span> <span class='ocrx_word' id='word_1_163' title='bbox 652 1422 740 1452; x_wconf 74' lang='lat' dir='ltr'><strong>gentes</strong></span> <span class='ocrx_word' id='word_1_164' title='bbox 753 1424 832 1451; x_wconf 79' lang='lat' dir='ltr'><strong>opera</strong></span> <span class='ocrx_word' id='word_1_165' title='bbox 846 1416 913 1451; x_wconf 75' lang='lat' dir='ltr'><strong>ejus.</strong></span> <span class='ocrx_word' id='word_1_166' title='bbox 925 1416 1038 1444; x_wconf 79' lang='lat' dir='ltr'><strong>Cantate</strong></span> 
     </span>
    </p>
   </div>
   <div class='ocr_carea' id='block_1_27' title="bbox 249 1461 1037 1499">
    <p class='ocr_par' dir='ltr' id='par_1_27' title="bbox 249 1461 1037 1499">
     <span class='ocr_line' id='line_1_27' title="bbox 249 1461 1037 1499; baseline -0.004 -7"><span class='ocrx_word' id='word_1_167' title='bbox 249 1465 274 1493; x_wconf 76' lang='lat' dir='ltr'><strong>ei</strong></span> <span class='ocrx_word' id='word_1_168' title='bbox 291 1469 314 1492; x_wconf 84' lang='lat' dir='ltr'><strong>et</strong></span> <span class='ocrx_word' id='word_1_169' title='bbox 339 1464 446 1499; x_wconf 71' lang='lat' dir='ltr'><strong>psallite</strong></span> <span class='ocrx_word' id='word_1_170' title='bbox 469 1463 623 1496; x_wconf 79' lang='lat' dir='ltr'><strong>ei,narrate</strong></span> <span class='ocrx_word' id='word_1_171' title='bbox 645 1463 733 1490; x_wconf 81' lang='lat' dir='ltr'><strong>omnia</strong></span> <span class='ocrx_word' id='word_1_172' title='bbox 747 1462 883 1489; x_wconf 77' lang='lat' dir='ltr'><strong>mirabilia</strong></span> <span class='ocrx_word' id='word_1_173' title='bbox 898 1462 966 1496; x_wconf 82' lang='lat' dir='ltr'><strong>ejus.</strong></span> <span class='ocrx_word' id='word_1_174' title='bbox 988 1461 1037 1489; x_wconf 79' lang='lat' dir='ltr'><strong>llic</strong></span> 
     </span>
    </p>
   </div>
   <div class='ocr_carea' id='block_1_28' title="bbox 250 1508 1037 1545">
    <p class='ocr_par' dir='ltr' id='par_1_28' title="bbox 250 1508 1037 1545">
     <span class='ocr_line' id='line_1_28' title="bbox 250 1508 1037 1545; baseline -0.004 -8"><span class='ocrx_word' id='word_1_175' title='bbox 250 1511 373 1545; x_wconf 78' lang='lat' dir='ltr'><strong>psalmus</strong></span> <span class='ocrx_word' id='word_1_176' title='bbox 389 1509 495 1544; x_wconf 87' lang='lat' dir='ltr'><strong>primus</strong></span> <span class='ocrx_word' id='word_1_177' title='bbox 509 1517 604 1536; x_wconf 82' lang='lat' dir='ltr'><strong>eorum</strong></span> <span class='ocrx_word' id='word_1_178' title='bbox 625 1512 667 1536; x_wconf 88' lang='lat' dir='ltr'><strong>est</strong></span> <span class='ocrx_word' id='word_1_179' title='bbox 683 1508 729 1543; x_wconf 87' lang='lat' dir='ltr'><strong>qui</strong></span> <span class='ocrx_word' id='word_1_180' title='bbox 751 1508 867 1535; x_wconf 75' lang='lat' dir='ltr'><strong>Alleluia</strong></span> <span class='ocrx_word' id='word_1_181' title='bbox 883 1508 1037 1535; x_wconf 75' lang='lat' dir='ltr'><strong>inscribun—</strong></span> 
     </span>
    </p>
   </div>
   <div class='ocr_carea' id='block_1_29' title="bbox 250 1555 1036 1591">
    <p class='ocr_par' dir='ltr' id='par_1_29' title="bbox 250 1555 1036 1591">
     <span class='ocr_line' id='line_1_29' title="bbox 250 1555 1036 1591; baseline 0.001 -10"><span class='ocrx_word' id='word_1_182' title='bbox 250 1561 304 1584; x_wconf 82' lang='lat' dir='ltr'><strong>tur.</strong></span> <span class='ocrx_word' id='word_1_183' title='bbox 327 1556 374 1584; x_wconf 85' lang='lat' dir='ltr'><strong>Est</strong></span> <span class='ocrx_word' id='word_1_184' title='bbox 406 1560 496 1583; x_wconf 90' lang='lat' dir='ltr'><strong>autem</strong></span> <span class='ocrx_word' id='word_1_185' title='bbox 527 1555 642 1583; x_wconf 86' lang='lat' dir='ltr'><strong>Alleluia</strong></span> <span class='ocrx_word' id='word_1_186' title='bbox 676 1555 833 1582; x_wconf 80' lang='lat' dir='ltr'><strong>adhortatio</strong></span> <span class='ocrx_word' id='word_1_187' title='bbox 860 1556 986 1591; x_wconf 74' lang='lat' dir='ltr'><strong>mystica,</strong></span> <span class='ocrx_word' id='word_1_188' title='bbox 1002 1556 1036 1583; x_wconf 84' lang='lat' dir='ltr'><strong>ad</strong></span> 
     </span>
    </p>
   </div>
   <div class='ocr_carea' id='block_1_30' title="bbox 250 1601 1036 1634">
    <p class='ocr_par' dir='ltr' id='par_1_30' title="bbox 250 1601 1036 1634">
     <span class='ocr_line' id='line_1_30' title="bbox 250 1601 1036 1634; baseline -0.005 -3"><span class='ocrx_word' id='word_1_189' title='bbox 250 1607 334 1631; x_wconf 67' lang='lat' dir='ltr'><strong>neum</strong></span> <span class='ocrx_word' id='word_1_190' title='bbox 356 1602 522 1630; x_wconf 87' lang='lat' dir='ltr'><strong>laudandum</strong></span> <span class='ocrx_word' id='word_1_191' title='bbox 538 1610 632 1629; x_wconf 90' lang='lat' dir='ltr'><strong>aurem</strong></span> <span class='ocrx_word' id='word_1_192' title='bbox 652 1601 794 1634; x_wconf 76' lang='lat' dir='ltr'><strong>excitans,</strong></span> <span class='ocrx_word' id='word_1_193' title='bbox 816 1602 854 1628; x_wconf 87' lang='lat' dir='ltr'><strong>ita</strong></span> <span class='ocrx_word' id='word_1_194' title='bbox 871 1605 900 1629; x_wconf 83' lang='lat' dir='ltr'><strong>ut</strong></span> <span class='ocrx_word' id='word_1_195' title='bbox 918 1601 976 1628; x_wconf 65' lang='lat' dir='ltr'><strong>lia‘c</strong></span> <span class='ocrx_word' id='word_1_196' title='bbox 1001 1602 1036 1629; x_wconf 89' lang='lat' dir='ltr'><strong>sit</strong></span> 
     </span>
    </p>
   </div>
   <div class='ocr_carea' id='block_1_31' title="bbox 249 1647 1036 1686">
    <p class='ocr_par' dir='ltr' id='par_1_31' title="bbox 249 1647 1036 1686">
     <span class='ocr_line' id='line_1_31' title="bbox 249 1647 1036 1686; baseline -0.004 -8"><span class='ocrx_word' id='word_1_197' title='bbox 249 1651 309 1686; x_wconf 84' lang='lat' dir='ltr'><strong>ejus</strong></span> <span class='ocrx_word' id='word_1_198' title='bbox 323 1649 498 1684; x_wconf 79' lang='lat' dir='ltr'><strong>signiﬁcatio,</strong></span> <span class='ocrx_word' id='word_1_199' title='bbox 511 1648 632 1675; x_wconf 83' lang='lat' dir='ltr'><strong>Laudale</strong></span> <span class='ocrx_word' id='word_1_200' title='bbox 646 1647 799 1676; x_wconf 81' lang='lat' dir='ltr'><strong>Dominum.</strong></span> <span class='ocrx_word' id='word_1_201' title='bbox 812 1647 879 1674; x_wconf 77' lang='lat' dir='ltr'><strong>Nam</strong></span> <span class='ocrx_word' id='word_1_202' title='bbox 894 1647 921 1674; x_wconf 92' lang='lat' dir='ltr'><strong>in</strong></span> <span class='ocrx_word' id='word_1_203' title='bbox 937 1647 1036 1682; x_wconf 86' lang='lat' dir='ltr'><strong>quibus</strong></span> 
     </span>
    </p>
   </div>
   <div class='ocr_carea' id='block_1_32' title="bbox 250 1694 1035 1730">
    <p class='ocr_par' dir='ltr' id='par_1_32' title="bbox 250 1694 1035 1730">
     <span class='ocr_line' id='line_1_32' title="bbox 250 1694 1035 1730; baseline -0.006 -6"><span class='ocrx_word' id='word_1_204' title='bbox 250 1700 353 1728; x_wconf 70' lang='lat' dir='ltr'><strong>sancta:</strong></span> <span class='ocrx_word' id='word_1_205' title='bbox 380 1695 530 1730; x_wconf 61' lang='lat' dir='ltr'><strong>Scriptura:</strong></span> <span class='ocrx_word' id='word_1_206' title='bbox 558 1694 682 1729; x_wconf 81' lang='lat' dir='ltr'><strong>partibus</strong></span> <span class='ocrx_word' id='word_1_207' title='bbox 706 1694 762 1720; x_wconf 70' lang='lat' dir='ltr'><strong>haec</strong></span> <span class='ocrx_word' id='word_1_208' title='bbox 790 1701 841 1721; x_wconf 81' lang='lat' dir='ltr'><strong>vox</strong></span> <span class='ocrx_word' id='word_1_209' title='bbox 871 1694 1035 1728; x_wconf 87' lang='lat' dir='ltr'><strong>apponitur,</strong></span> 
     </span>
    </p>
   </div>
   <div class='ocr_carea' id='block_1_33' title="bbox 251 1738 1037 1774">
    <p class='ocr_par' dir='ltr' id='par_1_33' title="bbox 251 1738 1037 1774">
     <span class='ocr_line' id='line_1_33' title="bbox 251 1738 1037 1774; baseline -0.005 -5"><span class='ocrx_word' id='word_1_210' title='bbox 251 1741 371 1769; x_wconf 81' lang='lat' dir='ltr'><strong>Laudate</strong></span> <span class='ocrx_word' id='word_1_211' title='bbox 393 1740 552 1773; x_wconf 79' lang='lat' dir='ltr'><strong>Dominum,</strong></span> <span class='ocrx_word' id='word_1_212' title='bbox 576 1738 718 1766; x_wconf 83' lang='lat' dir='ltr'><strong>Hebraicis</strong></span> <span class='ocrx_word' id='word_1_213' title='bbox 737 1739 829 1766; x_wconf 79' lang='lat' dir='ltr'><strong>verbis</strong></span> <span class='ocrx_word' id='word_1_214' title='bbox 850 1747 898 1774; x_wconf 88' lang='lat' dir='ltr'><strong>per</strong></span> <span class='ocrx_word' id='word_1_215' title='bbox 920 1739 1037 1765; x_wconf 75' lang='lat' dir='ltr'><strong>Alleluia</strong></span> 
     </span>
    </p>
   </div>
   <div class='ocr_carea' id='block_1_34' title="bbox 250 1783 1035 1821">
    <p class='ocr_par' dir='ltr' id='par_1_34' title="bbox 250 1783 1035 1821">
     <span class='ocr_line' id='line_1_34' title="bbox 250 1783 1035 1821; baseline -0.004 -7"><span class='ocrx_word' id='word_1_216' title='bbox 250 1786 422 1821; x_wconf 76' lang='lat' dir='ltr'><strong>exprimitur.</strong></span> <span class='ocrx_word' id='word_1_217' title='bbox 438 1785 489 1812; x_wconf 80' lang='lat' dir='ltr'><strong>Per</strong></span> <span class='ocrx_word' id='word_1_218' title='bbox 503 1784 569 1812; x_wconf 91' lang='lat' dir='ltr'><strong>illud</strong></span> <span class='ocrx_word' id='word_1_219' title='bbox 586 1784 658 1812; x_wconf 90' lang='lat' dir='ltr'><strong>enim</strong></span> <span class='ocrx_word' id='word_1_220' title='bbox 675 1784 771 1817; x_wconf 79' lang='lat' dir='ltr'><strong>Allelu,</strong></span> <span class='ocrx_word' id='word_1_221' title='bbox 787 1784 846 1811; x_wconf 88' lang='lat' dir='ltr'><strong>laus</strong></span> <span class='ocrx_word' id='word_1_222' title='bbox 862 1783 1035 1820; x_wconf 76' lang='lat' dir='ltr'><strong>intelligitur,</strong></span> 
     </span>
    </p>
   </div>
   <div class='ocr_carea' id='block_1_35' title="bbox 249 1830 1037 1868">
    <p class='ocr_par' dir='ltr' id='par_1_35' title="bbox 249 1830 1037 1868">
     <span class='ocr_line' id='line_1_35' title="bbox 249 1830 1037 1868; baseline -0.001 -8"><span class='ocrx_word' id='word_1_223' title='bbox 249 1841 310 1868; x_wconf 68' lang='lat' dir='ltr'><strong>qua:</strong></span> <span class='ocrx_word' id='word_1_224' title='bbox 325 1831 358 1860; x_wconf 85' lang='lat' dir='ltr'><strong>ad</strong></span> <span class='ocrx_word' id='word_1_225' title='bbox 379 1832 462 1859; x_wconf 91' lang='lat' dir='ltr'><strong>Deum</strong></span> <span class='ocrx_word' id='word_1_226' title='bbox 476 1830 610 1865; x_wconf 86' lang='lat' dir='ltr'><strong>refertur;</strong></span> <span class='ocrx_word' id='word_1_227' title='bbox 636 1831 702 1858; x_wconf 90' lang='lat' dir='ltr'><strong>illud</strong></span> <span class='ocrx_word' id='word_1_228' title='bbox 719 1835 809 1858; x_wconf 87' lang='lat' dir='ltr'><strong>autem</strong></span> <span class='ocrx_word' id='word_1_229' title='bbox 826 1831 870 1863; x_wconf 88' lang='lat' dir='ltr'><strong>la,</strong></span> <span class='ocrx_word' id='word_1_230' title='bbox 889 1839 973 1858; x_wconf 93' lang='lat' dir='ltr'><strong>unum</strong></span> <span class='ocrx_word' id='word_1_231' title='bbox 995 1835 1037 1859; x_wconf 85' lang='lat' dir='ltr'><strong>est</strong></span> 
     </span>
    </p>
   </div>
   <div class='ocr_carea' id='block_1_36' title="bbox 249 1877 1034 1914">
    <p class='ocr_par' dir='ltr' id='par_1_36' title="bbox 249 1877 1034 1914">
     <span class='ocr_line' id='line_1_36' title="bbox 249 1877 1034 1914; baseline -0.001 -8"><span class='ocrx_word' id='word_1_232' title='bbox 249 1888 282 1906; x_wconf 67' lang='lat' dir='ltr'><strong>ev</strong></span> <span class='ocrx_word' id='word_1_233' title='bbox 310 1878 468 1906; x_wconf 87' lang='lat' dir='ltr'><strong>nominibus</strong></span> <span class='ocrx_word' id='word_1_234' title='bbox 495 1878 574 1914; x_wconf 88' lang='lat' dir='ltr'><strong>queis</strong></span> <span class='ocrx_word' id='word_1_235' title='bbox 605 1877 697 1905; x_wconf 82' lang='lat' dir='ltr'><strong>divina</strong></span> <span class='ocrx_word' id='word_1_236' title='bbox 728 1881 825 1905; x_wconf 88' lang='lat' dir='ltr'><strong>natura</strong></span> <span class='ocrx_word' id='word_1_237' title='bbox 855 1878 1034 1913; x_wconf 82' lang='lat' dir='ltr'><strong>significatur.</strong></span> 
     </span>
    </p>
   </div>
   <div class='ocr_carea' id='block_1_37' title="bbox 249 1923 1035 1958">
    <p class='ocr_par' dir='ltr' id='par_1_37' title="bbox 249 1923 1035 1958">
     <span class='ocr_line' id='line_1_37' title="bbox 249 1923 1035 1958; baseline -0.001 -7"><span class='ocrx_word' id='word_1_238' title='bbox 249 1924 348 1952; x_wconf 87' lang='lat' dir='ltr'><strong>Totum</strong></span> <span class='ocrx_word' id='word_1_239' title='bbox 376 1931 439 1951; x_wconf 89' lang='lat' dir='ltr'><strong>vero</strong></span> <span class='ocrx_word' id='word_1_240' title='bbox 464 1923 580 1950; x_wconf 73' lang='lat' dir='ltr'><strong>Alleluia</strong></span> <span class='ocrx_word' id='word_1_241' title='bbox 610 1923 763 1958; x_wconf 82' lang='lat' dir='ltr'><strong>explicatur</strong></span> <span class='ocrx_word' id='word_1_242' title='bbox 793 1923 852 1950; x_wconf 80' lang='lat' dir='ltr'><strong>laus</strong></span> <span class='ocrx_word' id='word_1_243' title='bbox 883 1923 941 1950; x_wconf 79' lang='lat' dir='ltr'><strong>Dei.</strong></span> <span class='ocrx_word' id='word_1_244' title='bbox 966 1924 1035 1950; x_wconf 88' lang='lat' dir='ltr'><strong>Cum</strong></span> 
     </span>
    </p>
   </div>
   <div class='ocr_carea' id='block_1_38' title="bbox 249 1970 1037 2006">
    <p class='ocr_par' dir='ltr' id='par_1_38' title="bbox 249 1970 1037 2006">
     <span class='ocr_line' id='line_1_38' title="bbox 249 1970 1037 2006; baseline -0.001 -9"><span class='ocrx_word' id='word_1_245' title='bbox 249 1970 341 2005; x_wconf 83' lang='lat' dir='ltr'><strong>itaque</strong></span> <span class='ocrx_word' id='word_1_246' title='bbox 364 1971 416 1998; x_wconf 88' lang='lat' dir='ltr'><strong>hoc</strong></span> <span class='ocrx_word' id='word_1_247' title='bbox 441 1978 541 1998; x_wconf 86' lang='lat' dir='ltr'><strong>nomen</strong></span> <span class='ocrx_word' id='word_1_248' title='bbox 566 1970 729 2005; x_wconf 86' lang='lat' dir='ltr'><strong>inscriptum</strong></span> <span class='ocrx_word' id='word_1_249' title='bbox 744 1970 771 1998; x_wconf 88' lang='lat' dir='ltr'><strong>in</strong></span> <span class='ocrx_word' id='word_1_250' title='bbox 792 1970 945 2006; x_wconf 85' lang='lat' dir='ltr'><strong>psalmodia</strong></span> <span class='ocrx_word' id='word_1_251' title='bbox 959 1978 1037 2005; x_wconf 79' lang='lat' dir='ltr'><strong>repe-</strong></span> 
     </span>
    </p>
   </div>
   <div class='ocr_carea' id='block_1_39' title="bbox 248 2016 1036 2052">
    <p class='ocr_par' dir='ltr' id='par_1_39' title="bbox 248 2016 1036 2052">
     <span class='ocr_line' id='line_1_39' title="bbox 248 2016 1036 2052; baseline 0 -9"><span class='ocrx_word' id='word_1_252' title='bbox 248 2017 335 2050; x_wconf 87' lang='lat' dir='ltr'><strong>ritur,</strong></span> <span class='ocrx_word' id='word_1_253' title='bbox 351 2020 418 2043; x_wconf 90' lang='lat' dir='ltr'><strong>tunc</strong></span> <span class='ocrx_word' id='word_1_254' title='bbox 437 2017 641 2052; x_wconf 81' lang='lat' dir='ltr'><strong>intelligendum</strong></span> <span class='ocrx_word' id='word_1_255' title='bbox 653 2021 695 2044; x_wconf 91' lang='lat' dir='ltr'><strong>est</strong></span> <span class='ocrx_word' id='word_1_256' title='bbox 712 2017 738 2044; x_wconf 93' lang='lat' dir='ltr'><strong>id</strong></span> <span class='ocrx_word' id='word_1_257' title='bbox 761 2017 835 2052; x_wconf 87' lang='lat' dir='ltr'><strong>quod</strong></span> <span class='ocrx_word' id='word_1_258' title='bbox 862 2016 1036 2052; x_wconf 80' lang='lat' dir='ltr'><strong>subjungitur</strong></span> 
     </span>
    </p>
   </div>
   <div class='ocr_carea' id='block_1_40' title="bbox 249 2062 1036 2098">
    <p class='ocr_par' dir='ltr' id='par_1_40' title="bbox 249 2062 1036 2098">
     <span class='ocr_line' id='line_1_40' title="bbox 249 2062 1036 2098; baseline 0.001 -9"><span class='ocrx_word' id='word_1_259' title='bbox 249 2062 282 2089; x_wconf 91' lang='lat' dir='ltr'><strong>ad</strong></span> <span class='ocrx_word' id='word_1_260' title='bbox 298 2063 404 2089; x_wconf 87' lang='lat' dir='ltr'><strong>laudem</strong></span> <span class='ocrx_word' id='word_1_261' title='bbox 421 2062 468 2090; x_wconf 89' lang='lat' dir='ltr'><strong>Dei</strong></span> <span class='ocrx_word' id='word_1_262' title='bbox 484 2071 642 2098; x_wconf 86' lang='lat' dir='ltr'><strong>provocare.</strong></span> <span class='ocrx_word' id='word_1_263' title='bbox 655 2063 701 2090; x_wconf 83' lang='lat' dir='ltr'><strong>Sic</strong></span> <span class='ocrx_word' id='word_1_264' title='bbox 719 2064 744 2090; x_wconf 91' lang='lat' dir='ltr'><strong>in</strong></span> <span class='ocrx_word' id='word_1_265' title='bbox 762 2064 908 2098; x_wconf 87' lang='lat' dir='ltr'><strong>postremis</strong></span> <span class='ocrx_word' id='word_1_266' title='bbox 919 2063 1036 2091; x_wconf 84' lang='lat' dir='ltr'><strong>maxime</strong></span> 
     </span>
    </p>
   </div>
   <div class='ocr_carea' id='block_1_41' title="bbox 250 2108 1035 2144">
    <p class='ocr_par' dir='ltr' id='par_1_41' title="bbox 250 2108 1035 2144">
     <span class='ocr_line' id='line_1_41' title="bbox 250 2108 1035 2144; baseline 0.003 -10"><span class='ocrx_word' id='word_1_267' title='bbox 250 2108 313 2135; x_wconf 85' lang='lat' dir='ltr'><strong>libri</strong></span> <span class='ocrx_word' id='word_1_268' title='bbox 333 2108 456 2142; x_wconf 84' lang='lat' dir='ltr'><strong>psalmis,</strong></span> <span class='ocrx_word' id='word_1_269' title='bbox 472 2109 549 2136; x_wconf 89' lang='lat' dir='ltr'><strong>multi</strong></span> <span class='ocrx_word' id='word_1_270' title='bbox 574 2109 732 2143; x_wconf 88' lang='lat' dir='ltr'><strong>hujusmodi</strong></span> <span class='ocrx_word' id='word_1_271' title='bbox 753 2109 824 2136; x_wconf 80' lang='lat' dir='ltr'><strong>tituli</strong></span> <span class='ocrx_word' id='word_1_272' title='bbox 843 2110 1035 2144; x_wconf 87' lang='lat' dir='ltr'><strong>reperiuntur:</strong></span> 
     </span>
    </p>
   </div>
   <div class='ocr_carea' id='block_1_42' title="bbox 247 2152 1037 2188">
    <p class='ocr_par' dir='ltr' id='par_1_42' title="bbox 247 2152 1037 2188">
     <span class='ocr_line' id='line_1_42' title="bbox 247 2152 1037 2188; baseline 0.003 -9"><span class='ocrx_word' id='word_1_273' title='bbox 247 2152 328 2188; x_wconf 87' lang='lat' dir='ltr'><strong>queis</strong></span> <span class='ocrx_word' id='word_1_274' title='bbox 345 2153 496 2188; x_wconf 79' lang='lat' dir='ltr'><strong>intelligere</strong></span> <span class='ocrx_word' id='word_1_275' title='bbox 508 2153 572 2181; x_wconf 85' lang='lat' dir='ltr'><strong>licet</strong></span> <span class='ocrx_word' id='word_1_276' title='bbox 583 2155 634 2185; x_wconf 88' lang='lat' dir='ltr'><strong>eis,</strong></span> <span class='ocrx_word' id='word_1_277' title='bbox 654 2155 699 2188; x_wconf 90' lang='lat' dir='ltr'><strong>qui</strong></span> <span class='ocrx_word' id='word_1_278' title='bbox 718 2154 751 2181; x_wconf 88' lang='lat' dir='ltr'><strong>ad</strong></span> <span class='ocrx_word' id='word_1_279' title='bbox 768 2154 878 2181; x_wconf 84' lang='lat' dir='ltr'><strong>virtutis</strong></span> <span class='ocrx_word' id='word_1_280' title='bbox 895 2154 1037 2188; x_wconf 88' lang='lat' dir='ltr'><strong>perfectio-</strong></span> 
     </span>
    </p>
   </div>
   <div class='ocr_carea' id='block_1_43' title="bbox 249 2199 1036 2236">
    <p class='ocr_par' dir='ltr' id='par_1_43' title="bbox 249 2199 1036 2236">
     <span class='ocr_line' id='line_1_43' title="bbox 249 2199 1036 2236; baseline 0 -9"><span class='ocrx_word' id='word_1_281' title='bbox 249 2208 311 2227; x_wconf 89' lang='lat' dir='ltr'><strong>nem</strong></span> <span class='ocrx_word' id='word_1_282' title='bbox 328 2200 384 2235; x_wconf 87' lang='lat' dir='ltr'><strong>jam</strong></span> <span class='ocrx_word' id='word_1_283' title='bbox 403 2199 573 2227; x_wconf 85' lang='lat' dir='ltr'><strong>devenerunt</strong></span> <span class='ocrx_word' id='word_1_284' title='bbox 587 2203 614 2227; x_wconf 90' lang='lat' dir='ltr'><strong>et</strong></span> <span class='ocrx_word' id='word_1_285' title='bbox 626 2200 672 2234; x_wconf 92' lang='lat' dir='ltr'><strong>qui</strong></span> <span class='ocrx_word' id='word_1_286' title='bbox 688 2208 703 2227; x_wconf 90' lang='lat' dir='ltr'><strong>a</strong></span> <span class='ocrx_word' id='word_1_287' title='bbox 721 2200 938 2235; x_wconf 65' lang='lat' dir='ltr'><strong>praecedentibus</strong></span> <span class='ocrx_word' id='word_1_288' title='bbox 962 2200 1036 2236; x_wconf 83' lang='lat' dir='ltr'><strong>psal-</strong></span> 
     </span>
    </p>
   </div>
   <div class='ocr_carea' id='block_1_44' title="bbox 249 2246 1035 2282">
    <p class='ocr_par' dir='ltr' id='par_1_44' title="bbox 249 2246 1035 2282">
     <span class='ocr_line' id='line_1_44' title="bbox 249 2246 1035 2282; baseline -0.001 -8"><span class='ocrx_word' id='word_1_289' title='bbox 249 2247 346 2275; x_wconf 76' lang='lat' dir='ltr'><strong>modize</strong></span> <span class='ocrx_word' id='word_1_290' title='bbox 377 2247 520 2282; x_wconf 85' lang='lat' dir='ltr'><strong>partibus,</strong></span> <span class='ocrx_word' id='word_1_291' title='bbox 547 2247 697 2274; x_wconf 87' lang='lat' dir='ltr'><strong>secundutn</strong></span> <span class='ocrx_word' id='word_1_292' title='bbox 731 2247 893 2274; x_wconf 77' lang='lat' dir='ltr'><strong>sententiam</strong></span> <span class='ocrx_word' id='word_1_293' title='bbox 929 2246 1035 2282; x_wconf 80' lang='lat' dir='ltr'><strong>purgati</strong></span> 
     </span>
    </p>
   </div>
   <div class='ocr_carea' id='block_1_45' title="bbox 249 2292 1036 2327">
    <p class='ocr_par' dir='ltr' id='par_1_45' title="bbox 249 2292 1036 2327">
     <span class='ocr_line' id='line_1_45' title="bbox 249 2292 1036 2327; baseline -0.003 -5"><span class='ocrx_word' id='word_1_294' title='bbox 249 2297 324 2326; x_wconf 90' lang='lat' dir='ltr'><strong>sunt,</strong></span> <span class='ocrx_word' id='word_1_295' title='bbox 342 2293 390 2321; x_wconf 90' lang='lat' dir='ltr'><strong>Dei</strong></span> <span class='ocrx_word' id='word_1_296' title='bbox 416 2292 510 2321; x_wconf 89' lang='lat' dir='ltr'><strong>laudes</strong></span> <span class='ocrx_word' id='word_1_297' title='bbox 528 2293 697 2320; x_wconf 82' lang='lat' dir='ltr'><strong>convenire:</strong></span> <span class='ocrx_word' id='word_1_298' title='bbox 723 2296 804 2327; x_wconf 85' lang='lat' dir='ltr'><strong>atque</strong></span> <span class='ocrx_word' id='word_1_299' title='bbox 824 2300 856 2320; x_wconf 84' lang='lat' dir='ltr'><strong>ea</strong></span> <span class='ocrx_word' id='word_1_300' title='bbox 878 2293 1036 2320; x_wconf 88' lang='lat' dir='ltr'><strong>conditione</strong></span> 
     </span>
    </p>
   </div>
   <div class='ocr_carea' id='block_1_46' title="bbox 249 2326 1074 2374">
    <p class='ocr_par' dir='ltr' id='par_1_46' title="bbox 249 2326 1074 2374">
     <span class='ocr_line' id='line_1_46' title="bbox 249 2326 1074 2374; baseline -0.002 -8"><span class='ocrx_word' id='word_1_301' title='bbox 249 2339 311 2366; x_wconf 88' lang='lat' dir='ltr'><strong>illos</strong></span> <span class='ocrx_word' id='word_1_302' title='bbox 327 2346 388 2366; x_wconf 84' lang='lat' dir='ltr'><strong>esse</strong></span> <span class='ocrx_word' id='word_1_303' title='bbox 399 2346 453 2374; x_wconf 88' lang='lat' dir='ltr'><strong>qua</strong></span> <span class='ocrx_word' id='word_1_304' title='bbox 468 2338 626 2374; x_wconf 78' lang='lat' dir='ltr'><strong>angelorum</strong></span> <span class='ocrx_word' id='word_1_305' title='bbox 642 2343 738 2365; x_wconf 81' lang='lat' dir='ltr'><strong>natura</strong></span> <span class='ocrx_word' id='word_1_306' title='bbox 750 2326 811 2366; x_wconf 73' lang='lat' dir='ltr'><strong>esse</strong></span> <span class='ocrx_word' id='word_1_307' title='bbox 824 2339 955 2365; x_wconf 86' lang='lat' dir='ltr'><strong>creditur.</strong></span> <span class='ocrx_word' id='word_1_308' title='bbox 967 2337 1034 2365; x_wconf 86' lang='lat' dir='ltr'><strong>Nul-</strong></span> <span class='ocrx_word' id='word_1_309' title='bbox 1052 2326 1074 2355; x_wconf 73' lang='grc' dir='ltr'><strong>ι)</strong></span> 
     </span>
    </p>
   </div>
   <div class='ocr_carea' id='block_1_47' title="bbox 249 2385 1035 2419">
    <p class='ocr_par' dir='ltr' id='par_1_47' title="bbox 249 2385 1035 2419">
     <span class='ocr_line' id='line_1_47' title="bbox 249 2385 1035 2419; baseline 0.001 -7"><span class='ocrx_word' id='word_1_310' title='bbox 249 2385 302 2412; x_wconf 89' lang='lat' dir='ltr'><strong>lam</strong></span> <span class='ocrx_word' id='word_1_311' title='bbox 329 2386 402 2413; x_wconf 90' lang='lat' dir='ltr'><strong>enim</strong></span> <span class='ocrx_word' id='word_1_312' title='bbox 426 2385 507 2412; x_wconf 88' lang='lat' dir='ltr'><strong>aliam</strong></span> <span class='ocrx_word' id='word_1_313' title='bbox 538 2393 633 2412; x_wconf 86' lang='lat' dir='ltr'><strong>eorum</strong></span> <span class='ocrx_word' id='word_1_314' title='bbox 659 2385 867 2419; x_wconf 82' lang='lat' dir='ltr'><strong>occupationem</strong></span> <span class='ocrx_word' id='word_1_315' title='bbox 889 2385 1035 2413; x_wconf 89' lang='lat' dir='ltr'><strong>didicimus</strong></span> 
     </span>
    </p>
   </div>
   <div class='ocr_carea' id='block_1_48' title="bbox 249 2431 1036 2467">
    <p class='ocr_par' dir='ltr' id='par_1_48' title="bbox 249 2431 1036 2467">
     <span class='ocr_line' id='line_1_48' title="bbox 249 2431 1036 2467; baseline 0.001 -9"><span class='ocrx_word' id='word_1_316' title='bbox 249 2438 321 2463; x_wconf 89' lang='lat' dir='ltr'><strong>esse,</strong></span> <span class='ocrx_word' id='word_1_317' title='bbox 334 2439 414 2466; x_wconf 90' lang='lat' dir='ltr'><strong>quam</strong></span> <span class='ocrx_word' id='word_1_318' title='bbox 427 2431 512 2459; x_wconf 88' lang='lat' dir='ltr'><strong>Deum</strong></span> <span class='ocrx_word' id='word_1_319' title='bbox 523 2431 653 2465; x_wconf 88' lang='lat' dir='ltr'><strong>laudare;</strong></span> <span class='ocrx_word' id='word_1_320' title='bbox 669 2439 757 2466; x_wconf 91' lang='lat' dir='ltr'><strong>neque</strong></span> <span class='ocrx_word' id='word_1_321' title='bbox 774 2431 807 2459; x_wconf 90' lang='lat' dir='ltr'><strong>iis</strong></span> <span class='ocrx_word' id='word_1_322' title='bbox 826 2431 873 2467; x_wconf 91' lang='lat' dir='ltr'><strong>qui</strong></span> <span class='ocrx_word' id='word_1_323' title='bbox 890 2431 917 2458; x_wconf 87' lang='lat' dir='ltr'><strong>in</strong></span> <span class='ocrx_word' id='word_1_324' title='bbox 935 2432 1036 2460; x_wconf 87' lang='lat' dir='ltr'><strong>virtute</strong></span> 
     </span>
    </p>
   </div>
   <div class='ocr_carea' id='block_1_49' title="bbox 248 2476 1035 2514">
    <p class='ocr_par' dir='ltr' id='par_1_49' title="bbox 248 2476 1035 2514">
     <span class='ocr_line' id='line_1_49' title="bbox 248 2476 1035 2514; baseline 0.004 -12"><span class='ocrx_word' id='word_1_325' title='bbox 248 2476 361 2511; x_wconf 85' lang='lat' dir='ltr'><strong>perfecti</strong></span> <span class='ocrx_word' id='word_1_326' title='bbox 386 2481 450 2504; x_wconf 86' lang='lat' dir='ltr'><strong>sunt</strong></span> <span class='ocrx_word' id='word_1_327' title='bbox 464 2478 516 2504; x_wconf 87' lang='lat' dir='ltr'><strong>alia</strong></span> <span class='ocrx_word' id='word_1_328' title='bbox 537 2485 602 2506; x_wconf 88' lang='lat' dir='ltr'><strong>cura</strong></span> <span class='ocrx_word' id='word_1_329' title='bbox 619 2482 646 2504; x_wconf 88' lang='lat' dir='ltr'><strong>et</strong></span> <span class='ocrx_word' id='word_1_330' title='bbox 669 2477 790 2505; x_wconf 83' lang='lat' dir='ltr'><strong>studium</strong></span> <span class='ocrx_word' id='word_1_331' title='bbox 819 2482 881 2511; x_wconf 86' lang='lat' dir='ltr'><strong>est,</strong></span> <span class='ocrx_word' id='word_1_332' title='bbox 898 2486 980 2514; x_wconf 90' lang='lat' dir='ltr'><strong>quam</strong></span> <span class='ocrx_word' id='word_1_333' title='bbox 1006 2482 1035 2505; x_wconf 88' lang='lat' dir='ltr'><strong>ut</strong></span> 
     </span>
    </p>
   </div>
   <div class='ocr_carea' id='block_1_50' title="bbox 247 2521 1033 2557">
    <p class='ocr_par' dir='ltr' id='par_1_50' title="bbox 247 2521 1033 2557">
     <span class='ocr_line' id='line_1_50' title="bbox 247 2521 1033 2557; baseline 0.003 -8"><span class='ocrx_word' id='word_1_334' title='bbox 247 2521 458 2550; x_wconf 82' lang='lat' dir='ltr'><strong>efﬁcianttotam</strong></span> <span class='ocrx_word' id='word_1_335' title='bbox 473 2524 557 2551; x_wconf 86' lang='lat' dir='ltr'><strong>vitam</strong></span> <span class='ocrx_word' id='word_1_336' title='bbox 582 2531 659 2551; x_wconf 88' lang='lat' dir='ltr'><strong>suam</strong></span> <span class='ocrx_word' id='word_1_337' title='bbox 675 2522 722 2551; x_wconf 86' lang='lat' dir='ltr'><strong>Dei</strong></span> <span class='ocrx_word' id='word_1_338' title='bbox 742 2523 849 2552; x_wconf 87' lang='lat' dir='ltr'><strong>laudem</strong></span> <span class='ocrx_word' id='word_1_339' title='bbox 874 2532 946 2552; x_wconf 84' lang='lat' dir='ltr'><strong>esse.</strong></span> <span class='ocrx_word' id='word_1_340' title='bbox 959 2524 1033 2557; x_wconf 85' lang='lat' dir='ltr'><strong>Quo-</strong></span> 
     </span>
    </p>
   </div>
   <div class='ocr_carea' id='block_1_51' title="bbox 249 2569 1032 2605">
    <p class='ocr_par' dir='ltr' id='par_1_51' title="bbox 249 2569 1032 2605">
     <span class='ocr_line' id='line_1_51' title="bbox 249 2569 1032 2605; baseline 0.004 -10"><span class='ocrx_word' id='word_1_341' title='bbox 249 2570 323 2596; x_wconf 91' lang='lat' dir='ltr'><strong>niam</strong></span> <span class='ocrx_word' id='word_1_342' title='bbox 346 2569 429 2604; x_wconf 80' lang='lat' dir='ltr'><strong>igitur</strong></span> <span class='ocrx_word' id='word_1_343' title='bbox 452 2569 471 2596; x_wconf 91' lang='lat' dir='ltr'><strong>ii</strong></span> <span class='ocrx_word' id='word_1_344' title='bbox 494 2570 592 2605; x_wconf 83' lang='lat' dir='ltr'><strong>psalmi</strong></span> <span class='ocrx_word' id='word_1_345' title='bbox 616 2570 663 2605; x_wconf 88' lang='lat' dir='ltr'><strong>qui</strong></span> <span class='ocrx_word' id='word_1_346' title='bbox 688 2570 894 2605; x_wconf 80' lang='lat' dir='ltr'><strong>inscriptionem</strong></span> <span class='ocrx_word' id='word_1_347' title='bbox 919 2570 1032 2602; x_wconf 71' lang='lat' dir='ltr'><strong>habent,</strong></span> 
     </span>
    </p>
   </div>
   <div class='ocr_carea' id='block_1_52' title="bbox 248 2616 1034 2653">
    <p class='ocr_par' dir='ltr' id='par_1_52' title="bbox 248 2616 1034 2653">
     <span class='ocr_line' id='line_1_52' title="bbox 248 2616 1034 2653; baseline 0.003 -10"><span class='ocrx_word' id='word_1_348' title='bbox 248 2616 376 2648; x_wconf 77' lang='lat' dir='ltr'><strong>Alleluia,</strong></span> <span class='ocrx_word' id='word_1_349' title='bbox 393 2624 488 2644; x_wconf 91' lang='lat' dir='ltr'><strong>omnes</strong></span> <span class='ocrx_word' id='word_1_350' title='bbox 507 2616 563 2644; x_wconf 80' lang='lat' dir='ltr'><strong>fere</strong></span> <span class='ocrx_word' id='word_1_351' title='bbox 578 2617 606 2644; x_wconf 90' lang='lat' dir='ltr'><strong>in</strong></span> <span class='ocrx_word' id='word_1_352' title='bbox 629 2621 767 2652; x_wconf 88' lang='lat' dir='ltr'><strong>postrema</strong></span> <span class='ocrx_word' id='word_1_353' title='bbox 784 2617 942 2652; x_wconf 67' lang='lat' dir='ltr'><strong>psalmodiaa</strong></span> <span class='ocrx_word' id='word_1_354' title='bbox 957 2623 1034 2653; x_wconf 87' lang='lat' dir='ltr'><strong>parte</strong></span> 
     </span>
    </p>
   </div>
   <div class='ocr_carea' id='block_1_53' title="bbox 248 2662 1032 2698">
    <p class='ocr_par' dir='ltr' id='par_1_53' title="bbox 248 2662 1032 2698">
     <span class='ocr_line' id='line_1_53' title="bbox 248 2662 1032 2698; baseline 0.001 -9"><span class='ocrx_word' id='word_1_355' title='bbox 248 2662 501 2698; x_wconf 86' lang='lat' dir='ltr'><strong>deprehenduntur,</strong></span> <span class='ocrx_word' id='word_1_356' title='bbox 522 2663 585 2690; x_wconf 87' lang='lat' dir='ltr'><strong>hinc</strong></span> <span class='ocrx_word' id='word_1_357' title='bbox 605 2663 756 2698; x_wconf 79' lang='lat' dir='ltr'><strong>intelligere</strong></span> <span class='ocrx_word' id='word_1_358' title='bbox 771 2663 846 2695; x_wconf 87' lang='lat' dir='ltr'><strong>licet,</strong></span> <span class='ocrx_word' id='word_1_359' title='bbox 863 2663 975 2691; x_wconf 86' lang='lat' dir='ltr'><strong>sublimi</strong></span> <span class='ocrx_word' id='word_1_360' title='bbox 993 2663 1032 2690; x_wconf 92' lang='lat' dir='ltr'><strong>illi</strong></span> 
     </span>
    </p>
   </div>
   <div class='ocr_carea' id='block_1_54' title="bbox 248 2708 1034 2744">
    <p class='ocr_par' dir='ltr' id='par_1_54' title="bbox 248 2708 1034 2744">
     <span class='ocr_line' id='line_1_54' title="bbox 248 2708 1034 2744; baseline 0 -8"><span class='ocrx_word' id='word_1_361' title='bbox 248 2708 385 2740; x_wconf 80' lang='lat' dir='ltr'><strong>ascensui,</strong></span> <span class='ocrx_word' id='word_1_362' title='bbox 416 2708 463 2743; x_wconf 91' lang='lat' dir='ltr'><strong>qui</strong></span> <span class='ocrx_word' id='word_1_363' title='bbox 488 2708 515 2735; x_wconf 95' lang='lat' dir='ltr'><strong>in</strong></span> <span class='ocrx_word' id='word_1_364' title='bbox 542 2708 655 2744; x_wconf 88' lang='lat' dir='ltr'><strong>psalmis</strong></span> <span class='ocrx_word' id='word_1_365' title='bbox 679 2709 829 2744; x_wconf 86' lang='lat' dir='ltr'><strong>reperitur,</strong></span> <span class='ocrx_word' id='word_1_366' title='bbox 856 2708 1034 2744; x_wconf 63' lang='lat' dir='ltr'><strong>praeeminere</strong></span> 
     </span>
    </p>
   </div>
   <div class='ocr_carea' id='block_1_55' title="bbox 247 2755 1034 2792">
    <p class='ocr_par' dir='ltr' id='par_1_55' title="bbox 247 2755 1034 2792">
     <span class='ocr_line' id='line_1_55' title="bbox 247 2755 1034 2792; baseline 0.001 -11"><span class='ocrx_word' id='word_1_367' title='bbox 247 2759 414 2791; x_wconf 86' lang='lat' dir='ltr'><strong>postremam</strong></span> <span class='ocrx_word' id='word_1_368' title='bbox 438 2755 595 2789; x_wconf 76' lang='lat' dir='ltr'><strong>psalmodia:</strong></span> <span class='ocrx_word' id='word_1_369' title='bbox 619 2759 739 2792; x_wconf 80' lang='lat' dir='ltr'><strong>partem,</strong></span> <span class='ocrx_word' id='word_1_370' title='bbox 764 2755 791 2782; x_wconf 88' lang='lat' dir='ltr'><strong>in</strong></span> <span class='ocrx_word' id='word_1_371' title='bbox 815 2762 885 2789; x_wconf 81' lang='lat' dir='ltr'><strong>qua,</strong></span> <span class='ocrx_word' id='word_1_372' title='bbox 904 2759 933 2782; x_wconf 85' lang='lat' dir='ltr'><strong>ut</strong></span> <span class='ocrx_word' id='word_1_373' title='bbox 948 2755 1034 2791; x_wconf 90' lang='lat' dir='ltr'><strong>pluri-</strong></span> 
     </span>
    </p>
   </div>
   <div class='ocr_carea' id='block_1_56' title="bbox 248 2800 1034 2833">
    <p class='ocr_par' dir='ltr' id='par_1_56' title="bbox 248 2800 1034 2833">
     <span class='ocr_line' id='line_1_56' title="bbox 248 2800 1034 2833; baseline 0 -5"><span class='ocrx_word' id='word_1_374' title='bbox 248 2809 334 2833; x_wconf 90' lang='lat' dir='ltr'><strong>mum,</strong></span> <span class='ocrx_word' id='word_1_375' title='bbox 352 2801 413 2829; x_wconf 90' lang='lat' dir='ltr'><strong>laus</strong></span> <span class='ocrx_word' id='word_1_376' title='bbox 427 2801 486 2833; x_wconf 87' lang='lat' dir='ltr'><strong>Dei,</strong></span> <span class='ocrx_word' id='word_1_377' title='bbox 504 2801 562 2829; x_wconf 87' lang='lat' dir='ltr'><strong>sive</strong></span> <span class='ocrx_word' id='word_1_378' title='bbox 576 2800 732 2829; x_wconf 83' lang='lat' dir='ltr'><strong>adhortatio</strong></span> <span class='ocrx_word' id='word_1_379' title='bbox 756 2801 788 2829; x_wconf 88' lang='lat' dir='ltr'><strong>ad</strong></span> <span class='ocrx_word' id='word_1_380' title='bbox 809 2800 894 2828; x_wconf 84' lang='lat' dir='ltr'><strong>Deum</strong></span> <span class='ocrx_word' id='word_1_381' title='bbox 917 2801 1034 2828; x_wconf 79' lang='lat' dir='ltr'><strong>laudan-</strong></span> 
     </span>
    </p>
   </div>
   <div class='ocr_carea' id='block_1_57' title="bbox 247 2847 1032 2882">
    <p class='ocr_par' dir='ltr' id='par_1_57' title="bbox 247 2847 1032 2882">
     <span class='ocr_line' id='line_1_57' title="bbox 247 2847 1032 2882; baseline 0 -8"><span class='ocrx_word' id='word_1_382' title='bbox 247 2848 324 2880; x_wconf 71' lang='lat' dir='ltr'><strong>thrm,</strong></span> <span class='ocrx_word' id='word_1_383' title='bbox 343 2847 542 2882; x_wconf 87' lang='lat' dir='ltr'><strong>frequentatur.</strong></span> <span class='ocrx_word' id='word_1_384' title='bbox 565 2847 594 2874; x_wconf 87' lang='lat' dir='ltr'><strong>lu</strong></span> <span class='ocrx_word' id='word_1_385' title='bbox 617 2848 670 2874; x_wconf 87' lang='lat' dir='ltr'><strong>hoc</strong></span> <span class='ocrx_word' id='word_1_386' title='bbox 695 2855 759 2882; x_wconf 80' lang='lat' dir='ltr'><strong>ergo</strong></span> <span class='ocrx_word' id='word_1_387' title='bbox 779 2849 884 2882; x_wconf 85' lang='lat' dir='ltr'><strong>psalmo</strong></span> <span class='ocrx_word' id='word_1_388' title='bbox 901 2847 1032 2882; x_wconf 90' lang='lat' dir='ltr'><strong>apostolis</strong></span> 
     </span>
    </p>
   </div>
   <div class='ocr_carea' id='block_1_58' title="bbox 248 2892 1033 2929">
    <p class='ocr_par' dir='ltr' id='par_1_58' title="bbox 248 2892 1033 2929">
     <span class='ocr_line' id='line_1_58' title="bbox 248 2892 1033 2929; baseline -0.001 -9"><span class='ocrx_word' id='word_1_389' title='bbox 248 2893 369 2928; x_wconf 58' lang='lat' dir='ltr'><strong>praecipit</strong></span> <span class='ocrx_word' id='word_1_390' title='bbox 382 2892 501 2929; x_wconf 89' lang='lat' dir='ltr'><strong>Spiritus</strong></span> <span class='ocrx_word' id='word_1_391' title='bbox 516 2898 640 2926; x_wconf 84' lang='lat' dir='ltr'><strong>sanctus,</strong></span> <span class='ocrx_word' id='word_1_392' title='bbox 657 2897 686 2921; x_wconf 88' lang='lat' dir='ltr'><strong>ut</strong></span> <span class='ocrx_word' id='word_1_393' title='bbox 701 2894 792 2921; x_wconf 87' lang='lat' dir='ltr'><strong>omnia</strong></span> <span class='ocrx_word' id='word_1_394' title='bbox 809 2893 957 2925; x_wconf 84' lang='lat' dir='ltr'><strong>mirabilia,</strong></span> <span class='ocrx_word' id='word_1_395' title='bbox 972 2901 1033 2928; x_wconf 68' lang='lat' dir='ltr'><strong>quae</strong></span> 
     </span>
    </p>
   </div>
   <div class='ocr_carea' id='block_1_59' title="bbox 247 2939 1033 2973">
    <p class='ocr_par' dir='ltr' id='par_1_59' title="bbox 247 2939 1033 2973">
     <span class='ocr_line' id='line_1_59' title="bbox 247 2939 1033 2973; baseline 0 -5"><span class='ocrx_word' id='word_1_396' title='bbox 247 2941 276 2968; x_wconf 85' lang='lat' dir='ltr'><strong>in</strong></span> <span class='ocrx_word' id='word_1_397' title='bbox 289 2947 340 2969; x_wconf 85' lang='lat' dir='ltr'><strong>suo</strong></span> <span class='ocrx_word' id='word_1_398' title='bbox 357 2940 474 2970; x_wconf 84' lang='lat' dir='ltr'><strong>adventu</strong></span> <span class='ocrx_word' id='word_1_399' title='bbox 491 2940 556 2969; x_wconf 78' lang='lat' dir='ltr'><strong>fecit</strong></span> <span class='ocrx_word' id='word_1_400' title='bbox 573 2939 714 2973; x_wconf 84' lang='lat' dir='ltr'><strong>Dominus,</strong></span> <span class='ocrx_word' id='word_1_401' title='bbox 738 2940 836 2972; x_wconf 86' lang='lat' dir='ltr'><strong>populo</strong></span> <span class='ocrx_word' id='word_1_402' title='bbox 855 2947 888 2967; x_wconf 86' lang='lat' dir='ltr'><strong>ex</strong></span> <span class='ocrx_word' id='word_1_403' title='bbox 905 2940 1033 2973; x_wconf 73' lang='lat' dir='ltr'><strong>gentibus</strong></span> 
     </span>
    </p>
   </div>
   <div class='ocr_carea' id='block_1_60' title="bbox 1048 1628 1072 1659">
    <p class='ocr_par' dir='ltr' id='par_1_60' title="bbox 1048 1628 1072 1659">
     <span class='ocr_line' id='line_1_60' title="bbox 1048 1628 1072 1659; baseline 0 0"><span class='ocrx_word' id='word_1_404' title='bbox 1048 1628 1072 1659; x_wconf 88' lang='lat' dir='ltr'><strong>C</strong></span> 
     </span>
    </p>
   </div>
   <div class='ocr_carea' id='block_1_61' title="bbox 603 194 1088 224">
    <p class='ocr_par' dir='ltr' id='par_1_61' title="bbox 603 194 1088 224">
     <span class='ocr_line' id='line_1_61' title="bbox 603 194 1088 224; baseline 0 -2"><span class='ocrx_word' id='word_1_405' title='bbox 603 194 739 223; x_wconf 81' lang='lat' dir='ltr'><strong>EUSEBll</strong></span> <span class='ocrx_word' id='word_1_406' title='bbox 757 194 995 224; x_wconf 73' lang='lat' dir='ltr'><strong>CASSARIENSIS</strong></span> <span class='ocrx_word' id='word_1_407' title='bbox 1014 195 1088 223; x_wconf 84' lang='lat' dir='ltr'><strong>OPP.</strong></span> 
     </span>
    </p>
   </div>
   <div class='ocr_carea' id='block_1_62' title="bbox 1110 195 1886 226">
    <p class='ocr_par' dir='ltr' id='par_1_62' title="bbox 1110 195 1886 226">
     <span class='ocr_line' id='line_1_62' title="bbox 1110 195 1886 226; baseline 0.005 -4"><span class='ocrx_word' id='word_1_408' title='bbox 1110 195 1200 223; x_wconf 79' lang='lat' dir='ltr'><strong>PARS</strong></span> <span class='ocrx_word' id='word_1_409' title='bbox 1219 195 1264 224; x_wconf 89' lang='lat' dir='ltr'><strong>Ill.</strong></span> <span class='ocrx_word' id='word_1_410' title='bbox 1285 211 1315 216; x_wconf 96' lang='lat'>—</span> <span class='ocrx_word' id='word_1_411' title='bbox 1339 195 1546 224; x_wconf 72' lang='lat' dir='ltr'><strong>EXEGETICA.</strong></span> <span class='ocrx_word' id='word_1_412' title='bbox 1814 197 1886 226; x_wconf 66' lang='lat'><strong>1296</strong></span> 
     </span>
    </p>
   </div>
   <div class='ocr_carea' id='block_1_63' title="bbox 1093 253 1888 291">
    <p class='ocr_par' dir='ltr' id='par_1_63' title="bbox 1093 253 1888 291">
     <span class='ocr_line' id='line_1_63' title="bbox 1093 253 1888 291; baseline 0.003 -11"><span class='ocrx_word' id='word_1_413' title='bbox 1093 255 1162 289; x_wconf 78' lang='grc' dir='ltr'>μετὰ</span> <span class='ocrx_word' id='word_1_414' title='bbox 1191 254 1240 290; x_wconf 76' lang='grc' dir='ltr'>τὴν</span> <span class='ocrx_word' id='word_1_415' title='bbox 1260 254 1407 281; x_wconf 73' lang='grc' dir='ltr'><strong>ἀνάστασιν</strong></span> <span class='ocrx_word' id='word_1_416' title='bbox 1430 254 1474 281; x_wconf 82' lang='grc' dir='ltr'><strong>διὰ</strong></span> <span class='ocrx_word' id='word_1_417' title='bbox 1495 254 1598 281; x_wconf 85' lang='grc' dir='ltr'>τούτων</span> <span class='ocrx_word' id='word_1_418' title='bbox 1622 255 1636 281; x_wconf 84' lang='grc' dir='ltr'><strong>ὸ</strong></span> <span class='ocrx_word' id='word_1_419' title='bbox 1655 253 1736 281; x_wconf 76' lang='grc' dir='ltr'>Δαυῒδ</span> <span class='ocrx_word' id='word_1_420' title='bbox 1759 255 1888 291; x_wconf 75' lang='grc' dir='ltr'><strong>σημαίνει</strong></span> 
     </span>
    </p>
   </div>
   <div class='ocr_carea' id='block_1_64' title="bbox 1091 301 1889 337">
    <p class='ocr_par' dir='ltr' id='par_1_64' title="bbox 1091 301 1889 337">
     <span class='ocr_line' id='line_1_64' title="bbox 1091 301 1889 337; baseline -0.001 -9"><span class='ocrx_word' id='word_1_421' title='bbox 1091 302 1269 332; x_wconf 81' lang='grc' dir='ltr'>κατάστασιν,</span> <span class='ocrx_word' id='word_1_422' title='bbox 1287 302 1332 328; x_wconf 83' lang='grc' dir='ltr'>ὅτε</span> <span class='ocrx_word' id='word_1_423' title='bbox 1356 301 1402 328; x_wconf 74' lang='grc' dir='ltr'><strong>καὶ</strong></span> <span class='ocrx_word' id='word_1_424' title='bbox 1428 301 1619 337; x_wconf 73' lang='grc' dir='ltr'>εὐφραίνεσθαι</span> <span class='ocrx_word' id='word_1_425' title='bbox 1646 301 1691 327; x_wconf 81' lang='grc' dir='ltr'><strong>τὸν</strong></span> <span class='ocrx_word' id='word_1_426' title='bbox 1718 301 1820 337; x_wconf 79' lang='grc' dir='ltr'><strong>Κύριον</strong></span> <span class='ocrx_word' id='word_1_427' title='bbox 1840 302 1889 328; x_wconf 76' lang='grc' dir='ltr'><strong>ἐπὶ</strong></span> 
     </span>
    </p>
   </div>
   <div class='ocr_carea' id='block_1_65' title="bbox 1090 346 1887 383">
    <p class='ocr_par' dir='ltr' id='par_1_65' title="bbox 1090 346 1887 383">
     <span class='ocr_line' id='line_1_65' title="bbox 1090 346 1887 383; baseline 0.001 -10"><span class='ocrx_word' id='word_1_428' title='bbox 1090 348 1147 379; x_wconf 73' lang='grc' dir='ltr'>τοῖς</span> <span class='ocrx_word' id='word_1_429' title='bbox 1163 346 1254 382; x_wconf 72' lang='grc' dir='ltr'>ἔργοις</span> <span class='ocrx_word' id='word_1_430' title='bbox 1267 346 1349 373; x_wconf 79' lang='grc' dir='ltr'>αὑτοῦ</span> <span class='ocrx_word' id='word_1_431' title='bbox 1364 347 1448 381; x_wconf 82' lang='grc' dir='ltr'><strong>λέγει,</strong></span> <span class='ocrx_word' id='word_1_432' title='bbox 1467 347 1632 373; x_wconf 80' lang='grc' dir='ltr'><strong>ἐκλιπόντων</strong></span> <span class='ocrx_word' id='word_1_433' title='bbox 1648 347 1702 374; x_wconf 89' lang='grc' dir='ltr'><strong>τῶν</strong></span> <span class='ocrx_word' id='word_1_434' title='bbox 1716 347 1887 383; x_wconf 82' lang='grc' dir='ltr'><strong>ἁμαρτωλῶν</strong></span> 
     </span>
    </p>
   </div>
   <div class='ocr_carea' id='block_1_66' title="bbox 1090 392 1887 429">
    <p class='ocr_par' dir='ltr' id='par_1_66' title="bbox 1090 392 1887 429">
     <span class='ocr_line' id='line_1_66' title="bbox 1090 392 1887 429; baseline 0 -10"><span class='ocrx_word' id='word_1_435' title='bbox 1090 392 1143 419; x_wconf 82' lang='grc' dir='ltr'>ἀπὸ</span> <span class='ocrx_word' id='word_1_436' title='bbox 1155 393 1205 428; x_wconf 84' lang='grc' dir='ltr'><strong>τῆς</strong></span> <span class='ocrx_word' id='word_1_437' title='bbox 1222 392 1283 428; x_wconf 86' lang='grc' dir='ltr'>γῆς.</span> <span class='ocrx_word' id='word_1_438' title='bbox 1301 393 1364 425; x_wconf 88' lang='grc' dir='ltr'>Πῶς</span> <span class='ocrx_word' id='word_1_439' title='bbox 1376 393 1430 428; x_wconf 85' lang='grc' dir='ltr'>γάρ</span> <span class='ocrx_word' id='word_1_440' title='bbox 1443 402 1484 424; x_wconf 87' lang='grc' dir='ltr'><strong>τις</strong></span> <span class='ocrx_word' id='word_1_441' title='bbox 1504 392 1533 425; x_wconf 74' lang='grc' dir='ltr'>ἐξ</span> <span class='ocrx_word' id='word_1_442' title='bbox 1547 393 1685 428; x_wconf 85' lang='grc' dir='ltr'>ἁμαρτίας</span> <span class='ocrx_word' id='word_1_443' title='bbox 1699 393 1887 429; x_wconf 85' lang='grc' dir='ltr'>ὀνομασθήσε-</span> 
     </span>
    </p>
   </div>
   <div class='ocr_carea' id='block_1_67' title="bbox 1089 438 1889 475">
    <p class='ocr_par' dir='ltr' id='par_1_67' title="bbox 1089 438 1889 475">
     <span class='ocr_line' id='line_1_67' title="bbox 1089 438 1889 475; baseline 0 -10"><span class='ocrx_word' id='word_1_444' title='bbox 1089 446 1145 471; x_wconf 57' lang='lat' dir='ltr'><strong>tat,</strong></span> <span class='ocrx_word' id='word_1_445' title='bbox 1175 439 1224 474; x_wconf 83' lang='grc' dir='ltr'><strong>τῆς</strong></span> <span class='ocrx_word' id='word_1_446' title='bbox 1243 439 1380 475; x_wconf 84' lang='grc' dir='ltr'>ἁμαρτίας</span> <span class='ocrx_word' id='word_1_447' title='bbox 1403 439 1453 466; x_wconf 73' lang='grc' dir='ltr'>οὐκ</span> <span class='ocrx_word' id='word_1_448' title='bbox 1484 438 1586 473; x_wconf 75' lang='grc' dir='ltr'>οὕσης;</span> <span class='ocrx_word' id='word_1_449' title='bbox 1609 439 1726 465; x_wconf 81' lang='grc' dir='ltr'><strong>Τοιαῦτα</strong></span> <span class='ocrx_word' id='word_1_450' title='bbox 1742 438 1824 474; x_wconf 77' lang='grc' dir='ltr'>εὖχου</span> <span class='ocrx_word' id='word_1_451' title='bbox 1839 439 1889 466; x_wconf 77' lang='grc' dir='ltr'>καὶ</span> 
     </span>
    </p>
   </div>
   <div class='ocr_carea' id='block_1_68' title="bbox 1091 484 1888 522">
    <p class='ocr_par' dir='ltr' id='par_1_68' title="bbox 1091 484 1888 522">
     <span class='ocr_line' id='line_1_68' title="bbox 1091 484 1888 522; baseline 0 -10"><span class='ocrx_word' id='word_1_452' title='bbox 1091 485 1123 512; x_wconf 82' lang='grc' dir='ltr'><strong>σύ</strong></span> <span class='ocrx_word' id='word_1_453' title='bbox 1134 494 1140 501; x_wconf 80' lang='grc'><strong><em>⁸</em></strong></span> <span class='ocrx_word' id='word_1_454' title='bbox 1152 484 1287 518; x_wconf 81' lang='grc' dir='ltr'>Ἀνοιξον,</span> <span class='ocrx_word' id='word_1_455' title='bbox 1296 485 1394 522; x_wconf 83' lang='grc' dir='ltr'>Κύριε,</span> <span class='ocrx_word' id='word_1_456' title='bbox 1402 485 1451 521; x_wconf 80' lang='grc' dir='ltr'>τὴν</span> <span class='ocrx_word' id='word_1_457' title='bbox 1462 484 1592 513; x_wconf 79' lang='grc' dir='ltr'><strong>πλουσίαν</strong></span> <span class='ocrx_word' id='word_1_458' title='bbox 1605 495 1651 512; x_wconf 90' lang='grc' dir='ltr'>σου</span> <span class='ocrx_word' id='word_1_459' title='bbox 1660 487 1738 521; x_wconf 79' lang='grc' dir='ltr'>χεῖρα</span> <span class='ocrx_word' id='word_1_460' title='bbox 1749 487 1790 517; x_wconf 85' lang='grc' dir='ltr'><strong>είς</strong></span> <span class='ocrx_word' id='word_1_461' title='bbox 1803 495 1888 522; x_wconf 81' lang='grc' dir='ltr'>χορη-</span> 
     </span>
    </p>
   </div>
   <div class='ocr_carea' id='block_1_69' title="bbox 1090 531 1889 568">
    <p class='ocr_par' dir='ltr' id='par_1_69' title="bbox 1090 531 1889 568">
     <span class='ocr_line' id='line_1_69' title="bbox 1090 531 1889 568; baseline 0 -9"><span class='ocrx_word' id='word_1_462' title='bbox 1090 532 1152 566; x_wconf 87' lang='grc' dir='ltr'>γίαν</span> <span class='ocrx_word' id='word_1_463' title='bbox 1168 532 1356 568; x_wconf 77' lang='grc' dir='ltr'><strong>πνευματικῆς</strong></span> <span class='ocrx_word' id='word_1_464' title='bbox 1376 532 1536 568; x_wconf 76' lang='grc' dir='ltr'><strong>εὐεργεσίας</strong></span> <span class='ocrx_word' id='word_1_465' title='bbox 1547 540 1554 546; x_wconf 86' lang='grc'><strong>”</strong></span> <span class='ocrx_word' id='word_1_466' title='bbox 1572 532 1616 559; x_wconf 82' lang='grc' dir='ltr'>ἵνα</span> <span class='ocrx_word' id='word_1_467' title='bbox 1631 533 1648 568; x_wconf 82' lang='grc' dir='ltr'>ἡ</span> <span class='ocrx_word' id='word_1_468' title='bbox 1671 533 1823 568; x_wconf 84' lang='grc' dir='ltr'>πικροτάτη</span> <span class='ocrx_word' id='word_1_469' title='bbox 1839 531 1889 559; x_wconf 76' lang='grc' dir='ltr'><strong>καὶ</strong></span> 
     </span>
    </p>
   </div>
   <div class='ocr_carea' id='block_1_70' title="bbox 1062 579 1890 615">
    <p class='ocr_par' dir='ltr' id='par_1_70' title="bbox 1062 579 1890 615">
     <span class='ocr_line' id='line_1_70' title="bbox 1062 579 1890 615; baseline 0 -9"><span class='ocrx_word' id='word_1_470' title='bbox 1062 613 1069 615; x_wconf 73' lang='lat'><strong><em>_</em></strong></span> <span class='ocrx_word' id='word_1_471' title='bbox 1089 579 1197 615; x_wconf 86' lang='grc' dir='ltr'>ἀπηνής</span> <span class='ocrx_word' id='word_1_472' title='bbox 1212 587 1261 614; x_wconf 81' lang='grc' dir='ltr'><strong>μου</strong></span> <span class='ocrx_word' id='word_1_473' title='bbox 1281 579 1356 615; x_wconf 79' lang='grc' dir='ltr'>ψυχὴ</span> <span class='ocrx_word' id='word_1_474' title='bbox 1375 579 1483 615; x_wconf 82' lang='grc' dir='ltr'>πλησθῇ</span> <span class='ocrx_word' id='word_1_475' title='bbox 1503 579 1696 615; x_wconf 80' lang='grc' dir='ltr'><strong>χρηστότητος.</strong></span> <span class='ocrx_word' id='word_1_476' title='bbox 1715 579 1890 607; x_wconf 80' lang='grc' dir='ltr'>Ἀπόστειλον</span> 
     </span>
    </p>
   </div>
   <div class='ocr_carea' id='block_1_71' title="bbox 1088 623 1888 660">
    <p class='ocr_par' dir='ltr' id='par_1_71' title="bbox 1088 623 1888 660">
     <span class='ocr_line' id='line_1_71' title="bbox 1088 623 1888 660; baseline 0 -10"><span class='ocrx_word' id='word_1_477' title='bbox 1088 624 1119 650; x_wconf 80' lang='grc' dir='ltr'><strong>τὸ</strong></span> <span class='ocrx_word' id='word_1_478' title='bbox 1136 624 1249 660; x_wconf 75' lang='grc' dir='ltr'>Πνεῦμα</span> <span class='ocrx_word' id='word_1_479' title='bbox 1261 633 1307 651; x_wconf 86' lang='grc' dir='ltr'><strong>σου</strong></span> <span class='ocrx_word' id='word_1_480' title='bbox 1326 625 1357 652; x_wconf 83' lang='grc' dir='ltr'><strong>τὸ</strong></span> <span class='ocrx_word' id='word_1_481' title='bbox 1371 625 1460 660; x_wconf 77' lang='grc' dir='ltr'>ἅγιον,</span> <span class='ocrx_word' id='word_1_482' title='bbox 1477 624 1524 651; x_wconf 77' lang='grc' dir='ltr'>καὶ</span> <span class='ocrx_word' id='word_1_483' title='bbox 1544 623 1717 651; x_wconf 81' lang='grc' dir='ltr'>ἀνακαίνισον</span> <span class='ocrx_word' id='word_1_484' title='bbox 1736 623 1786 659; x_wconf 82' lang='grc' dir='ltr'>τὴν</span> <span class='ocrx_word' id='word_1_485' title='bbox 1805 632 1888 651; x_wconf 87' lang='grc' dir='ltr'>κατε-</span> 
     </span>
    </p>
   </div>
   <div class='ocr_carea' id='block_1_72' title="bbox 1090 669 1887 707">
    <p class='ocr_par' dir='ltr' id='par_1_72' title="bbox 1090 669 1887 707">
     <span class='ocr_line' id='line_1_72' title="bbox 1090 669 1887 707; baseline 0 -11"><span class='ocrx_word' id='word_1_486' title='bbox 1090 670 1248 706; x_wconf 79' lang='grc' dir='ltr'>φθαρμένην</span> <span class='ocrx_word' id='word_1_487' title='bbox 1264 679 1315 706; x_wconf 89' lang='grc' dir='ltr'><strong>μου</strong></span> <span class='ocrx_word' id='word_1_488' title='bbox 1330 672 1392 707; x_wconf 82' lang='grc' dir='ltr'>γῆν,</span> <span class='ocrx_word' id='word_1_489' title='bbox 1407 671 1451 697; x_wconf 76' lang='grc' dir='ltr'><strong>ἴνα</strong></span> <span class='ocrx_word' id='word_1_490' title='bbox 1472 670 1532 698; x_wconf 82' lang='grc' dir='ltr'>τότε</span> <span class='ocrx_word' id='word_1_491' title='bbox 1554 669 1697 706; x_wconf 77' lang='grc' dir='ltr'><strong>εὐφρανθῶ</strong></span> <span class='ocrx_word' id='word_1_492' title='bbox 1711 670 1757 696; x_wconf 74' lang='grc' dir='ltr'><strong>ἐπὶ</strong></span> <span class='ocrx_word' id='word_1_493' title='bbox 1767 671 1824 702; x_wconf 81' lang='grc' dir='ltr'>τοῖς</span> <span class='ocrx_word' id='word_1_494' title='bbox 1839 670 1887 706; x_wconf 79' lang='grc' dir='ltr'><strong>ἔρ-</strong></span> 
     </span>
    </p>
   </div>
   <div class='ocr_carea' id='block_1_73' title="bbox 1089 716 1888 752">
    <p class='ocr_par' dir='ltr' id='par_1_73' title="bbox 1089 716 1888 752">
     <span class='ocr_line' id='line_1_73' title="bbox 1089 716 1888 752; baseline 0.004 -11"><span class='ocrx_word' id='word_1_495' title='bbox 1089 723 1147 749; x_wconf 82' lang='grc' dir='ltr'>γοις</span> <span class='ocrx_word' id='word_1_496' title='bbox 1161 725 1218 749; x_wconf 85' lang='grc' dir='ltr'>σου,</span> <span class='ocrx_word' id='word_1_497' title='bbox 1235 716 1289 743; x_wconf 84' lang='grc' dir='ltr'><strong>τῶν</strong></span> <span class='ocrx_word' id='word_1_498' title='bbox 1310 717 1476 752; x_wconf 86' lang='grc' dir='ltr'>δαιμονικῶν</span> <span class='ocrx_word' id='word_1_499' title='bbox 1501 717 1739 752; x_wconf 81' lang='grc' dir='ltr'>μαγγανευμάτων</span> <span class='ocrx_word' id='word_1_500' title='bbox 1761 717 1888 744; x_wconf 77' lang='grc' dir='ltr'>ἐκλιπόν-</span> 
     </span>
    </p>
   </div>
   <div class='ocr_carea' id='block_1_74' title="bbox 1088 762 1477 799">
    <p class='ocr_par' dir='ltr' id='par_1_74' title="bbox 1088 762 1477 799">
     <span class='ocr_line' id='line_1_74' title="bbox 1088 762 1477 799; baseline 0.003 -11"><span class='ocrx_word' id='word_1_501' title='bbox 1088 770 1143 788; x_wconf 86' lang='grc' dir='ltr'><strong>των</strong></span> <span class='ocrx_word' id='word_1_502' title='bbox 1157 762 1211 789; x_wconf 83' lang='grc' dir='ltr'>ἀπὸ</span> <span class='ocrx_word' id='word_1_503' title='bbox 1224 763 1273 798; x_wconf 86' lang='grc' dir='ltr'>τῆς</span> <span class='ocrx_word' id='word_1_504' title='bbox 1288 763 1400 799; x_wconf 82' lang='grc' dir='ltr'>καρδίας</span> <span class='ocrx_word' id='word_1_505' title='bbox 1417 772 1477 798; x_wconf 89' lang='grc' dir='ltr'>μου.</span> 
     </span>
    </p>
   </div>
   <div class='ocr_carea' id='block_1_75' title="bbox 1123 807 1885 844">
    <p class='ocr_par' dir='ltr' id='par_1_75' title="bbox 1123 807 1885 844">
     <span class='ocr_line' id='line_1_75' title="bbox 1123 807 1885 844; baseline 0 -10"><span class='ocrx_word' id='word_1_506' title='bbox 1123 808 1257 843; x_wconf 52' lang='lat' dir='ltr'><strong>Hlalm-st,</strong></span> <span class='ocrx_word' id='word_1_507' title='bbox 1270 809 1289 842; x_wconf 79' lang='grc' dir='ltr'><strong><em>ἠ</em></strong></span> <span class='ocrx_word' id='word_1_508' title='bbox 1303 809 1388 843; x_wconf 71' lang='grc' dir='ltr'><strong>ψυχή</strong></span> <span class='ocrx_word' id='word_1_509' title='bbox 1401 818 1471 844; x_wconf 83' lang='grc' dir='ltr'>μου,</span> <span class='ocrx_word' id='word_1_510' title='bbox 1487 808 1540 835; x_wconf 84' lang='grc' dir='ltr'>τὸν</span> <span class='ocrx_word' id='word_1_511' title='bbox 1553 809 1673 842; x_wconf 79' lang='grc' dir='ltr'>Κύριον.</span> <span class='ocrx_word' id='word_1_512' title='bbox 1688 807 1821 834; x_wconf 78' lang='grc' dir='ltr'><strong>Ἐνταῦθα</strong></span> <span class='ocrx_word' id='word_1_513' title='bbox 1836 817 1885 834; x_wconf 78' lang='grc' dir='ltr'>κα-</span> 
     </span>
    </p>
   </div>
   <div class='ocr_carea' id='block_1_76' title="bbox 1088 852 1886 889">
    <p class='ocr_par' dir='ltr' id='par_1_76' title="bbox 1088 852 1886 889">
     <span class='ocr_line' id='line_1_76' title="bbox 1088 852 1886 889; baseline 0 -10"><span class='ocrx_word' id='word_1_514' title='bbox 1088 852 1208 885; x_wconf 84' lang='grc' dir='ltr'>ταλύσας</span> <span class='ocrx_word' id='word_1_515' title='bbox 1223 854 1254 880; x_wconf 93' lang='grc' dir='ltr'><strong>τὸ</strong></span> <span class='ocrx_word' id='word_1_516' title='bbox 1270 855 1324 880; x_wconf 82' lang='grc' dir='ltr'><strong>πᾶν</strong></span> <span class='ocrx_word' id='word_1_517' title='bbox 1340 855 1381 886; x_wconf 84' lang='grc' dir='ltr'><strong>είς</strong></span> <span class='ocrx_word' id='word_1_518' title='bbox 1396 854 1561 889; x_wconf 79' lang='grc' dir='ltr'>δοξολογίαν,</span> <span class='ocrx_word' id='word_1_519' title='bbox 1576 855 1615 886; x_wconf 81' lang='grc' dir='ltr'><strong>είς</strong></span> <span class='ocrx_word' id='word_1_520' title='bbox 1629 854 1766 889; x_wconf 75' lang='grc' dir='ltr'><strong>εὐφημίαν</strong></span> <span class='ocrx_word' id='word_1_521' title='bbox 1780 853 1820 888; x_wconf 83' lang='grc' dir='ltr'>τῷ</span> <span class='ocrx_word' id='word_1_522' title='bbox 1836 853 1886 879; x_wconf 80' lang='grc' dir='ltr'><strong>αὐ-</strong></span> 
     </span>
    </p>
   </div>
   <div class='ocr_carea' id='block_1_77' title="bbox 1088 896 1889 936">
    <p class='ocr_par' dir='ltr' id='par_1_77' title="bbox 1088 896 1889 936">
     <span class='ocr_line' id='line_1_77' title="bbox 1088 896 1889 936; baseline 0.001 -11"><span class='ocrx_word' id='word_1_523' title='bbox 1088 898 1128 934; x_wconf 86' lang='grc' dir='ltr'><strong>τῷ</strong></span> <span class='ocrx_word' id='word_1_524' title='bbox 1144 899 1228 935; x_wconf 80' lang='grc' dir='ltr'><strong>στίχῳ</strong></span> <span class='ocrx_word' id='word_1_525' title='bbox 1246 899 1383 934; x_wconf 88' lang='grc' dir='ltr'>συγκλείει</span> <span class='ocrx_word' id='word_1_526' title='bbox 1399 900 1444 926; x_wconf 72' lang='grc' dir='ltr'><strong>τὸν</strong></span> <span class='ocrx_word' id='word_1_527' title='bbox 1457 900 1575 936; x_wconf 74' lang='grc' dir='ltr'>ψαλμὸν,</span> <span class='ocrx_word' id='word_1_528' title='bbox 1604 899 1711 934; x_wconf 85' lang='grc' dir='ltr'>ἀσφαλῆ</span> <span class='ocrx_word' id='word_1_529' title='bbox 1739 899 1808 935; x_wconf 83' lang='grc' dir='ltr'>μετὰ</span> <span class='ocrx_word' id='word_1_530' title='bbox 1837 896 1889 926; x_wconf 82' lang='grc' dir='ltr'>τοῦ</span> 
     </span>
    </p>
   </div>
   <div class='ocr_carea' id='block_1_78' title="bbox 1090 945 1888 982">
    <p class='ocr_par' dir='ltr' id='par_1_78' title="bbox 1090 945 1888 982">
     <span class='ocr_line' id='line_1_78' title="bbox 1090 945 1888 982; baseline 0.001 -11"><span class='ocrx_word' id='word_1_531' title='bbox 1090 945 1217 980; x_wconf 83' lang='grc' dir='ltr'><strong>θεμελίου</strong></span> <span class='ocrx_word' id='word_1_532' title='bbox 1228 945 1274 972; x_wconf 84' lang='grc' dir='ltr'><strong>τὸν</strong></span> <span class='ocrx_word' id='word_1_533' title='bbox 1291 945 1390 982; x_wconf 79' lang='grc' dir='ltr'>ὸροφον</span> <span class='ocrx_word' id='word_1_534' title='bbox 1402 945 1506 977; x_wconf 74' lang='grc' dir='ltr'>ἐπιθεὶς</span> <span class='ocrx_word' id='word_1_535' title='bbox 1519 946 1557 981; x_wconf 80' lang='grc' dir='ltr'><strong>τῷ</strong></span> <span class='ocrx_word' id='word_1_536' title='bbox 1575 946 1657 982; x_wconf 82' lang='grc' dir='ltr'>λόγῳ,</span> <span class='ocrx_word' id='word_1_537' title='bbox 1672 946 1719 972; x_wconf 74' lang='grc' dir='ltr'><strong>καὶ</strong></span> <span class='ocrx_word' id='word_1_538' title='bbox 1735 945 1774 981; x_wconf 83' lang='grc' dir='ltr'>τῷ</span> <span class='ocrx_word' id='word_1_539' title='bbox 1791 954 1888 981; x_wconf 82' lang='grc' dir='ltr'>προοι-</span> 
     </span>
    </p>
   </div>
   <div class='ocr_carea' id='block_1_79' title="bbox 1091 987 1887 1028">
    <p class='ocr_par' dir='ltr' id='par_1_79' title="bbox 1091 987 1887 1028">
     <span class='ocr_line' id='line_1_79' title="bbox 1091 987 1887 1028; baseline -0.001 -10"><span class='ocrx_word' id='word_1_540' title='bbox 1091 992 1145 1028; x_wconf 84' lang='grc' dir='ltr'>μίῳ</span> <span class='ocrx_word' id='word_1_541' title='bbox 1157 992 1245 1023; x_wconf 75' lang='grc' dir='ltr'>ἐοικὸς</span> <span class='ocrx_word' id='word_1_542' title='bbox 1254 992 1284 1018; x_wconf 87' lang='grc' dir='ltr'><strong>τὸ</strong></span> <span class='ocrx_word' id='word_1_543' title='bbox 1295 992 1369 1024; x_wconf 83' lang='grc' dir='ltr'>τέλος</span> <span class='ocrx_word' id='word_1_544' title='bbox 1384 991 1541 1026; x_wconf 76' lang='grc' dir='ltr'>ἐπαγαγών.</span> <span class='ocrx_word' id='word_1_545' title='bbox 1554 992 1590 1018; x_wconf 73' lang='grc' dir='ltr'><strong>Σὺ</strong></span> <span class='ocrx_word' id='word_1_546' title='bbox 1606 992 1671 1028; x_wconf 83' lang='grc' dir='ltr'>γὰρ,</span> <span class='ocrx_word' id='word_1_547' title='bbox 1689 991 1781 1027; x_wconf 68' lang='grc' dir='ltr'>φησιν,</span> <span class='ocrx_word' id='word_1_548' title='bbox 1798 987 1821 1017; x_wconf 81' lang='grc' dir='ltr'>ὦ</span> <span class='ocrx_word' id='word_1_549' title='bbox 1835 991 1887 1025; x_wconf 78' lang='grc' dir='ltr'>ψυ-</span> 
     </span>
    </p>
   </div>
   <div class='ocr_carea' id='block_1_80' title="bbox 1089 1036 1884 1074">
    <p class='ocr_par' dir='ltr' id='par_1_80' title="bbox 1089 1036 1884 1074">
     <span class='ocr_line' id='line_1_80' title="bbox 1089 1036 1884 1074; baseline -0.001 -10"><span class='ocrx_word' id='word_1_550' title='bbox 1089 1038 1134 1073; x_wconf 82' lang='grc' dir='ltr'><strong>χὴ,</strong></span> <span class='ocrx_word' id='word_1_551' title='bbox 1153 1038 1298 1074; x_wconf 79' lang='grc' dir='ltr'>ἐνδελεχῶς</span> <span class='ocrx_word' id='word_1_552' title='bbox 1314 1039 1359 1070; x_wconf 72' lang='grc' dir='ltr'><strong>τὸν</strong></span> <span class='ocrx_word' id='word_1_553' title='bbox 1374 1038 1418 1065; x_wconf 80' lang='grc' dir='ltr'><strong>σὸν</strong></span> <span class='ocrx_word' id='word_1_554' title='bbox 1429 1038 1507 1074; x_wconf 80' lang='grc' dir='ltr'>ὕμνει</span> <span class='ocrx_word' id='word_1_555' title='bbox 1518 1038 1683 1074; x_wconf 79' lang='grc' dir='ltr'>δημιουργὸν</span> <span class='ocrx_word' id='word_1_556' title='bbox 1696 1038 1744 1064; x_wconf 70' lang='grc' dir='ltr'><strong>καὶ</strong></span> 
     </span>
    </p>
   </div>
   <div class='ocr_carea' id='block_1_81' title="bbox 1088 1082 1885 1119">
    <p class='ocr_par' dir='ltr' id='par_1_81' title="bbox 1088 1082 1885 1119">
     <span class='ocr_line' id='line_1_81' title="bbox 1088 1082 1885 1119; baseline -0.001 -10"><span class='ocrx_word' id='word_1_557' title='bbox 1088 1083 1174 1114; x_wconf 74' lang='grc' dir='ltr'>Αὐτὸς</span> <span class='ocrx_word' id='word_1_558' title='bbox 1189 1084 1243 1118; x_wconf 76' lang='grc' dir='ltr'><strong>γὰρ</strong></span> <span class='ocrx_word' id='word_1_559' title='bbox 1254 1084 1300 1110; x_wconf 65' lang='grc' dir='ltr'>καὶ</span> <span class='ocrx_word' id='word_1_560' title='bbox 1318 1083 1365 1110; x_wconf 81' lang='grc' dir='ltr'><strong>τοῦ</strong></span> <span class='ocrx_word' id='word_1_561' title='bbox 1378 1084 1432 1111; x_wconf 87' lang='grc' dir='ltr'><strong>τῶν</strong></span> <span class='ocrx_word' id='word_1_562' title='bbox 1454 1083 1580 1119; x_wconf 82' lang='grc' dir='ltr'>πονηρῶν</span> <span class='ocrx_word' id='word_1_563' title='bbox 1597 1083 1748 1118; x_wconf 74' lang='grc' dir='ltr'><strong>ἀποστήσει</strong></span> <span class='ocrx_word' id='word_1_564' title='bbox 1769 1082 1885 1118; x_wconf 85' lang='grc' dir='ltr'>κλήρου,</span> 
     </span>
    </p>
   </div>
   <div class='ocr_carea' id='block_1_82' title="bbox 1089 1129 1887 1165">
    <p class='ocr_par' dir='ltr' id='par_1_82' title="bbox 1089 1129 1887 1165">
     <span class='ocr_line' id='line_1_82' title="bbox 1089 1129 1887 1165; baseline -0.001 -9"><span class='ocrx_word' id='word_1_565' title='bbox 1089 1131 1137 1157; x_wconf 83' lang='grc' dir='ltr'>καὶ</span> <span class='ocrx_word' id='word_1_566' title='bbox 1151 1130 1206 1156; x_wconf 87' lang='grc' dir='ltr'><strong>τῶν</strong></span> <span class='ocrx_word' id='word_1_567' title='bbox 1215 1130 1300 1164; x_wconf 84' lang='grc' dir='ltr'>ἁγίων</span> <span class='ocrx_word' id='word_1_568' title='bbox 1315 1129 1456 1162; x_wconf 80' lang='grc' dir='ltr'><strong>ἀξιοῦσθαι</strong></span> <span class='ocrx_word' id='word_1_569' title='bbox 1470 1130 1587 1165; x_wconf 84' lang='grc' dir='ltr'>ποιήσει.</span> <span class='ocrx_word' id='word_1_570' title='bbox 1604 1130 1660 1156; x_wconf 75' lang='grc' dir='ltr'><strong>Καὶ</strong></span> <span class='ocrx_word' id='word_1_571' title='bbox 1677 1129 1764 1165; x_wconf 84' lang='grc' dir='ltr'>ἀρχὴν</span> <span class='ocrx_word' id='word_1_572' title='bbox 1778 1129 1825 1155; x_wconf 77' lang='grc' dir='ltr'>τοῦ</span> <span class='ocrx_word' id='word_1_573' title='bbox 1840 1129 1887 1156; x_wconf 83' lang='grc' dir='ltr'><strong>λό-</strong></span> 
     </span>
    </p>
   </div>
   <div class='ocr_carea' id='block_1_83' title="bbox 1089 1175 1887 1212">
    <p class='ocr_par' dir='ltr' id='par_1_83' title="bbox 1089 1175 1887 1212">
     <span class='ocr_line' id='line_1_83' title="bbox 1089 1175 1887 1212; baseline 0 -10"><span class='ocrx_word' id='word_1_574' title='bbox 1089 1185 1138 1211; x_wconf 85' lang='grc' dir='ltr'><strong>γου</strong></span> <span class='ocrx_word' id='word_1_575' title='bbox 1155 1177 1203 1202; x_wconf 78' lang='grc' dir='ltr'><strong>καὶ</strong></span> <span class='ocrx_word' id='word_1_576' title='bbox 1217 1176 1293 1208; x_wconf 82' lang='grc' dir='ltr'>τέλος</span> <span class='ocrx_word' id='word_1_577' title='bbox 1308 1176 1357 1212; x_wconf 79' lang='grc' dir='ltr'>τὴν</span> <span class='ocrx_word' id='word_1_578' title='bbox 1371 1177 1411 1209; x_wconf 83' lang='grc' dir='ltr'><strong>εἰς</strong></span> <span class='ocrx_word' id='word_1_579' title='bbox 1428 1176 1510 1204; x_wconf 81' lang='grc' dir='ltr'>αὐτὸν</span> <span class='ocrx_word' id='word_1_580' title='bbox 1526 1176 1651 1210; x_wconf 78' lang='grc' dir='ltr'>εὐλογίαν</span> <span class='ocrx_word' id='word_1_581' title='bbox 1664 1175 1752 1202; x_wconf 79' lang='grc' dir='ltr'>ποιοῦ.</span> <span class='ocrx_word' id='word_1_582' title='bbox 1766 1176 1887 1211; x_wconf 82' lang='grc' dir='ltr'>Εὐλογία</span> 
     </span>
    </p>
   </div>
   <div class='ocr_carea' id='block_1_84' title="bbox 1089 1220 1887 1257">
    <p class='ocr_par' dir='ltr' id='par_1_84' title="bbox 1089 1220 1887 1257">
     <span class='ocr_line' id='line_1_84' title="bbox 1089 1220 1887 1257; baseline 0.001 -10"><span class='ocrx_word' id='word_1_583' title='bbox 1089 1221 1142 1257; x_wconf 85' lang='grc' dir='ltr'><strong>γὰρ</strong></span> <span class='ocrx_word' id='word_1_584' title='bbox 1154 1220 1221 1247; x_wconf 87' lang='grc' dir='ltr'><strong>Θεοῦ</strong></span> <span class='ocrx_word' id='word_1_585' title='bbox 1234 1220 1361 1257; x_wconf 84' lang='grc' dir='ltr'><strong>διηνεκὴς</strong></span> <span class='ocrx_word' id='word_1_586' title='bbox 1376 1222 1417 1253; x_wconf 83' lang='grc' dir='ltr'>εἰς</span> <span class='ocrx_word' id='word_1_587' title='bbox 1430 1220 1546 1254; x_wconf 80' lang='grc' dir='ltr'>εὐζωῖαν</span> <span class='ocrx_word' id='word_1_588' title='bbox 1559 1220 1685 1257; x_wconf 75' lang='grc' dir='ltr'><strong>ῥυθμίζει</strong></span> <span class='ocrx_word' id='word_1_589' title='bbox 1697 1221 1887 1257; x_wconf 72' lang='grc' dir='ltr'>τὸνήμέτερον</span> 
     </span>
    </p>
   </div>
   <div class='ocr_carea' id='block_1_85' title="bbox 1090 1267 1740 1302">
    <p class='ocr_par' dir='ltr' id='par_1_85' title="bbox 1090 1267 1740 1302">
     <span class='ocr_line' id='line_1_85' title="bbox 1090 1267 1740 1302; baseline 0 -8"><span class='ocrx_word' id='word_1_590' title='bbox 1090 1267 1159 1302; x_wconf 84' lang='grc' dir='ltr'>βίον.</span> <span class='ocrx_word' id='word_1_591' title='bbox 1738 1267 1740 1270; x_wconf 75' lang='grc'><em>’</em></span> 
     </span>
    </p>
   </div>
   <div class='ocr_carea' id='block_1_86' title="bbox 1318 1324 1618 1351">
    <p class='ocr_par' dir='ltr' id='par_1_86' title="bbox 1318 1324 1618 1351">
     <span class='ocr_line' id='line_1_86' title="bbox 1318 1324 1618 1351; baseline 0.003 -1"><span class='ocrx_word' id='word_1_592' title='bbox 1318 1324 1528 1351; x_wconf 74' lang='grc' dir='ltr'><strong>ἈΛΛΗΛΟΥΙᾹ</strong></span> <span class='ocrx_word' id='word_1_593' title='bbox 1534 1344 1541 1351; x_wconf 93' lang='grc'>.</span> <span class='ocrx_word' id='word_1_594' title='bbox 1558 1324 1618 1351; x_wconf 78' lang='lat' dir='ltr'><strong>PA’.</strong></span> 
     </span>
    </p>
   </div>
   <div class='ocr_carea' id='block_1_87' title="bbox 1129 1369 1885 1405">
    <p class='ocr_par' dir='ltr' id='par_1_87' title="bbox 1129 1369 1885 1405">
     <span class='ocr_line' id='line_1_87' title="bbox 1129 1369 1885 1405; baseline 0 -8"><span class='ocrx_word' id='word_1_595' title='bbox 1129 1369 1374 1405; x_wconf 75' lang='grc' dir='ltr'>Ἐξομολοτεῗσθε</span> <span class='ocrx_word' id='word_1_596' title='bbox 1390 1369 1430 1403; x_wconf 84' lang='grc' dir='ltr'>τῷ</span> <span class='ocrx_word' id='word_1_597' title='bbox 1446 1371 1553 1404; x_wconf 65' lang='grc' dir='ltr'>Κιιρίῳ,</span> <span class='ocrx_word' id='word_1_598' title='bbox 1567 1370 1617 1397; x_wconf 81' lang='grc' dir='ltr'><strong>καί</strong></span> <span class='ocrx_word' id='word_1_599' title='bbox 1635 1369 1830 1398; x_wconf 65' lang='grc' dir='ltr'><strong>ἐπικαλεῖσθε</strong></span> <span class='ocrx_word' id='word_1_600' title='bbox 1850 1370 1885 1397; x_wconf 74' lang='grc' dir='ltr'><strong>τὸ</strong></span> 
     </span>
    </p>
   </div>
   <div class='ocr_carea' id='block_1_88' title="bbox 1089 1415 1886 1451">
    <p class='ocr_par' dir='ltr' id='par_1_88' title="bbox 1089 1415 1886 1451">
     <span class='ocr_line' id='line_1_88' title="bbox 1089 1415 1886 1451; baseline -0.001 -8"><span class='ocrx_word' id='word_1_601' title='bbox 1089 1416 1183 1451; x_wconf 66' lang='grc' dir='ltr'>ἄνομα</span> <span class='ocrx_word' id='word_1_602' title='bbox 1196 1415 1300 1443; x_wconf 85' lang='grc' dir='ltr'>αὑτοῦ·</span> <span class='ocrx_word' id='word_1_603' title='bbox 1315 1416 1514 1451; x_wconf 80' lang='grc' dir='ltr'>ἀπαγγείλατε</span> <span class='ocrx_word' id='word_1_604' title='bbox 1524 1417 1559 1443; x_wconf 76' lang='grc' dir='ltr'>ἐν</span> <span class='ocrx_word' id='word_1_605' title='bbox 1574 1415 1636 1449; x_wconf 85' lang='grc' dir='ltr'>τοῖς</span> <span class='ocrx_word' id='word_1_606' title='bbox 1649 1416 1751 1444; x_wconf 70' lang='grc' dir='ltr'>ἔθνεσι</span> <span class='ocrx_word' id='word_1_607' title='bbox 1765 1416 1801 1444; x_wconf 83' lang='grc' dir='ltr'>τὰ</span> <span class='ocrx_word' id='word_1_608' title='bbox 1812 1416 1886 1450; x_wconf 72' lang='grc' dir='ltr'>ἔργα</span> 
     </span>
    </p>
   </div>
   <div class='ocr_carea' id='block_1_89' title="bbox 1088 1461 1884 1497">
    <p class='ocr_par' dir='ltr' id='par_1_89' title="bbox 1088 1461 1884 1497">
     <span class='ocr_line' id='line_1_89' title="bbox 1088 1461 1884 1497; baseline -0.001 -8"><span class='ocrx_word' id='word_1_609' title='bbox 1088 1461 1181 1489; x_wconf 74' lang='grc' dir='ltr'>αὑτοῦ</span> <span class='ocrx_word' id='word_1_610' title='bbox 1220 1463 1330 1497; x_wconf 73' lang='grc' dir='ltr'>’ᾼσατε</span> <span class='ocrx_word' id='word_1_611' title='bbox 1359 1462 1438 1495; x_wconf 81' lang='grc' dir='ltr'>αὐτῷ</span> <span class='ocrx_word' id='word_1_612' title='bbox 1467 1463 1512 1490; x_wconf 79' lang='grc' dir='ltr'><strong>καί</strong></span> <span class='ocrx_word' id='word_1_613' title='bbox 1527 1462 1645 1497; x_wconf 58' lang='lat' dir='ltr'><strong>mum</strong></span> <span class='ocrx_word' id='word_1_614' title='bbox 1661 1462 1752 1495; x_wconf 82' lang='grc' dir='ltr'>αὐτῷ,</span> <span class='ocrx_word' id='word_1_615' title='bbox 1781 1462 1884 1497; x_wconf 77' lang='grc' dir='ltr'>διηγή-</span> 
     </span>
    </p>
   </div>
   <div class='ocr_carea' id='block_1_90' title="bbox 1088 1507 1885 1544">
    <p class='ocr_par' dir='ltr' id='par_1_90' title="bbox 1088 1507 1885 1544">
     <span class='ocr_line' id='line_1_90' title="bbox 1088 1507 1885 1544; baseline 0.001 -10"><span class='ocrx_word' id='word_1_616' title='bbox 1088 1510 1184 1534; x_wconf 82' lang='grc' dir='ltr'>σασθε</span> <span class='ocrx_word' id='word_1_617' title='bbox 1196 1507 1294 1534; x_wconf 76' lang='grc' dir='ltr'>πάντα</span> <span class='ocrx_word' id='word_1_618' title='bbox 1304 1509 1340 1534; x_wconf 85' lang='grc' dir='ltr'>τὰ</span> <span class='ocrx_word' id='word_1_619' title='bbox 1357 1508 1506 1543; x_wconf 81' lang='grc' dir='ltr'>θαυμάσια</span> <span class='ocrx_word' id='word_1_620' title='bbox 1520 1509 1624 1536; x_wconf 82' lang='grc' dir='ltr'>αὑτοῦ.</span> <span class='ocrx_word' id='word_1_621' title='bbox 1635 1509 1695 1535; x_wconf 85' lang='grc' dir='ltr'><strong>Τῶν</strong></span> <span class='ocrx_word' id='word_1_622' title='bbox 1711 1509 1885 1544; x_wconf 71' lang='grc' dir='ltr'>ἐπιγεγραμ-</span> 
     </span>
    </p>
   </div>
   <div class='ocr_carea' id='block_1_91' title="bbox 1090 1553 1883 1590">
    <p class='ocr_par' dir='ltr' id='par_1_91' title="bbox 1090 1553 1883 1590">
     <span class='ocr_line' id='line_1_91' title="bbox 1090 1553 1883 1590; baseline 0.004 -11"><span class='ocrx_word' id='word_1_623' title='bbox 1090 1554 1179 1589; x_wconf 80' lang='grc' dir='ltr'>μένων</span> <span class='ocrx_word' id='word_1_624' title='bbox 1196 1553 1377 1587; x_wconf 72' lang='grc' dir='ltr'><strong>⁴Λλληλούτα</strong></span> <span class='ocrx_word' id='word_1_625' title='bbox 1386 1554 1492 1590; x_wconf 84' lang='grc' dir='ltr'>πρῶτος</span> <span class='ocrx_word' id='word_1_626' title='bbox 1500 1555 1513 1581; x_wconf 79' lang='grc' dir='ltr'><strong>ὸ</strong></span> <span class='ocrx_word' id='word_1_627' title='bbox 1520 1554 1615 1590; x_wconf 81' lang='grc' dir='ltr'>παρὼν</span> <span class='ocrx_word' id='word_1_628' title='bbox 1625 1554 1756 1590; x_wconf 78' lang='grc' dir='ltr'><strong>τυγχάνει</strong></span> <span class='ocrx_word' id='word_1_629' title='bbox 1764 1555 1883 1590; x_wconf 82' lang='grc' dir='ltr'>ψαλμός.</span> 
     </span>
    </p>
   </div>
   <div class='ocr_carea' id='block_1_92' title="bbox 1089 1599 1885 1637">
    <p class='ocr_par' dir='ltr' id='par_1_92' title="bbox 1089 1599 1885 1637">
     <span class='ocr_line' id='line_1_92' title="bbox 1089 1599 1885 1637; baseline 0.003 -11"><span class='ocrx_word' id='word_1_630' title='bbox 1089 1600 1167 1626; x_wconf 82' lang='grc' dir='ltr'>Ἐστι</span> <span class='ocrx_word' id='word_1_631' title='bbox 1179 1599 1206 1626; x_wconf 85' lang='grc' dir='ltr'><strong>δὲ</strong></span> <span class='ocrx_word' id='word_1_632' title='bbox 1215 1599 1245 1626; x_wconf 89' lang='grc' dir='ltr'><strong>τὸ</strong></span> <span class='ocrx_word' id='word_1_633' title='bbox 1254 1599 1411 1635; x_wconf 80' lang='grc' dir='ltr'>Ἀλληλούῖα</span> <span class='ocrx_word' id='word_1_634' title='bbox 1422 1601 1621 1636; x_wconf 80' lang='grc' dir='ltr'>παρακέλευσις</span> <span class='ocrx_word' id='word_1_635' title='bbox 1629 1602 1747 1637; x_wconf 82' lang='grc' dir='ltr'>μυστικὴ</span> <span class='ocrx_word' id='word_1_636' title='bbox 1756 1602 1826 1637; x_wconf 82' lang='grc' dir='ltr'>πρὸς</span> <span class='ocrx_word' id='word_1_637' title='bbox 1833 1602 1885 1637; x_wconf 74' lang='grc' dir='ltr'>τὴν</span> 
     </span>
    </p>
   </div>
   <div class='ocr_carea' id='block_1_93' title="bbox 1087 1646 1884 1684">
    <p class='ocr_par' dir='ltr' id='par_1_93' title="bbox 1087 1646 1884 1684">
     <span class='ocr_line' id='line_1_93' title="bbox 1087 1646 1884 1684; baseline 0.003 -12"><span class='ocrx_word' id='word_1_638' title='bbox 1087 1646 1133 1673; x_wconf 82' lang='grc' dir='ltr'>τοῦ</span> <span class='ocrx_word' id='word_1_639' title='bbox 1151 1646 1218 1673; x_wconf 77' lang='grc' dir='ltr'><strong>Θεοῦ</strong></span> <span class='ocrx_word' id='word_1_640' title='bbox 1235 1646 1371 1682; x_wconf 74' lang='grc' dir='ltr'>ὑμνῳδίαν</span> <span class='ocrx_word' id='word_1_641' title='bbox 1385 1646 1433 1682; x_wconf 79' lang='grc' dir='ltr'>τὴν</span> <span class='ocrx_word' id='word_1_642' title='bbox 1444 1647 1528 1682; x_wconf 84' lang='grc' dir='ltr'>ἀκοὴν</span> <span class='ocrx_word' id='word_1_643' title='bbox 1536 1647 1726 1684; x_wconf 73' lang='grc' dir='ltr'>ἐπεγείρουσα·</span> <span class='ocrx_word' id='word_1_644' title='bbox 1741 1647 1786 1674; x_wconf 77' lang='grc' dir='ltr'>ἵνα</span> <span class='ocrx_word' id='word_1_645' title='bbox 1797 1646 1884 1674; x_wconf 80' lang='grc' dir='ltr'><strong>τοιοῦ-</strong></span> 
     </span>
    </p>
   </div>
   <div class='ocr_carea' id='block_1_94' title="bbox 1087 1690 1883 1728">
    <p class='ocr_par' dir='ltr' id='par_1_94' title="bbox 1087 1690 1883 1728">
     <span class='ocr_line' id='line_1_94' title="bbox 1087 1690 1883 1728; baseline 0.004 -11"><span class='ocrx_word' id='word_1_646' title='bbox 1087 1690 1161 1728; x_wconf 83' lang='grc' dir='ltr'><strong>τονῇ</strong></span> <span class='ocrx_word' id='word_1_647' title='bbox 1183 1691 1278 1718; x_wconf 80' lang='grc' dir='ltr'>τούτου</span> <span class='ocrx_word' id='word_1_648' title='bbox 1298 1692 1328 1718; x_wconf 82' lang='grc' dir='ltr'><strong>τὸ</strong></span> <span class='ocrx_word' id='word_1_649' title='bbox 1343 1692 1548 1727; x_wconf 82' lang='grc' dir='ltr'>σημαινόμενον,</span> <span class='ocrx_word' id='word_1_650' title='bbox 1565 1692 1679 1720; x_wconf 78' lang='grc' dir='ltr'>Αἰνεῖτε</span> <span class='ocrx_word' id='word_1_651' title='bbox 1691 1693 1744 1720; x_wconf 73' lang='grc' dir='ltr'>τὸν</span> <span class='ocrx_word' id='word_1_652' title='bbox 1762 1694 1883 1727; x_wconf 78' lang='grc' dir='ltr'><strong>Κύριον.</strong></span> 
     </span>
    </p>
   </div>
   <div class='ocr_carea' id='block_1_95' title="bbox 1094 1734 1882 1775">
    <p class='ocr_par' dir='ltr' id='par_1_95' title="bbox 1094 1734 1882 1775">
     <span class='ocr_line' id='line_1_95' title="bbox 1094 1734 1882 1775; baseline 0.004 -12"><span class='ocrx_word' id='word_1_653' title='bbox 1094 1737 1138 1763; x_wconf 90' lang='grc' dir='ltr'>Ἐν</span> <span class='ocrx_word' id='word_1_654' title='bbox 1147 1734 1187 1769; x_wconf 74' lang='grc' dir='ltr'><strong>οἷς</strong></span> <span class='ocrx_word' id='word_1_655' title='bbox 1203 1738 1258 1773; x_wconf 75' lang='grc' dir='ltr'>γὰρ</span> <span class='ocrx_word' id='word_1_656' title='bbox 1274 1737 1368 1773; x_wconf 79' lang='grc' dir='ltr'>μέρεσι</span> <span class='ocrx_word' id='word_1_657' title='bbox 1382 1737 1431 1773; x_wconf 81' lang='grc' dir='ltr'>τῆς</span> <span class='ocrx_word' id='word_1_658' title='bbox 1444 1738 1523 1772; x_wconf 78' lang='grc' dir='ltr'>ἁγίας</span> <span class='ocrx_word' id='word_1_659' title='bbox 1541 1738 1651 1775; x_wconf 82' lang='grc' dir='ltr'>Γραφῆς</span> <span class='ocrx_word' id='word_1_660' title='bbox 1663 1738 1734 1774; x_wconf 74' lang='grc' dir='ltr'>αὕτη</span> <span class='ocrx_word' id='word_1_661' title='bbox 1748 1739 1882 1775; x_wconf 73' lang='grc' dir='ltr'>πρόσκει-</span> 
     </span>
    </p>
   </div>
   <div class='ocr_carea' id='block_1_96' title="bbox 1087 1783 1884 1818">
    <p class='ocr_par' dir='ltr' id='par_1_96' title="bbox 1087 1783 1884 1818">
     <span class='ocr_line' id='line_1_96' title="bbox 1087 1783 1884 1818; baseline 0.003 -9"><span class='ocrx_word' id='word_1_662' title='bbox 1087 1791 1132 1809; x_wconf 84' lang='grc' dir='ltr'><strong>ται</strong></span> <span class='ocrx_word' id='word_1_663' title='bbox 1161 1784 1178 1818; x_wconf 83' lang='grc' dir='ltr'><strong>ἡ</strong></span> <span class='ocrx_word' id='word_1_664' title='bbox 1201 1784 1317 1818; x_wconf 81' lang='grc' dir='ltr'>φωνὴ,ἡ</span> <span class='ocrx_word' id='word_1_665' title='bbox 1339 1783 1467 1817; x_wconf 79' lang='grc' dir='ltr'>λέγουσα,</span> <span class='ocrx_word' id='word_1_666' title='bbox 1489 1784 1602 1810; x_wconf 67' lang='grc' dir='ltr'>Αἰνεῖτε</span> <span class='ocrx_word' id='word_1_667' title='bbox 1618 1785 1672 1810; x_wconf 75' lang='grc' dir='ltr'>τὸν</span> <span class='ocrx_word' id='word_1_668' title='bbox 1693 1785 1815 1818; x_wconf 77' lang='grc' dir='ltr'><strong>Κύριον,</strong></span> <span class='ocrx_word' id='word_1_669' title='bbox 1839 1785 1884 1811; x_wconf 77' lang='grc' dir='ltr'><strong>διὰ</strong></span> 
     </span>
    </p>
   </div>
   <div class='ocr_carea' id='block_1_97' title="bbox 1087 1830 1884 1867">
    <p class='ocr_par' dir='ltr' id='par_1_97' title="bbox 1087 1830 1884 1867">
     <span class='ocr_line' id='line_1_97' title="bbox 1087 1830 1884 1867; baseline 0.003 -10"><span class='ocrx_word' id='word_1_670' title='bbox 1087 1830 1134 1857; x_wconf 82' lang='grc' dir='ltr'>τοῦ</span> <span class='ocrx_word' id='word_1_671' title='bbox 1149 1831 1330 1864; x_wconf 76' lang='grc' dir='ltr'><strong>Ἀλληλούΐα</strong></span> <span class='ocrx_word' id='word_1_672' title='bbox 1347 1832 1374 1857; x_wconf 80' lang='grc' dir='ltr'>ἐν</span> <span class='ocrx_word' id='word_1_673' title='bbox 1387 1832 1448 1863; x_wconf 89' lang='grc' dir='ltr'>ταῖς</span> <span class='ocrx_word' id='word_1_674' title='bbox 1467 1831 1625 1867; x_wconf 73' lang='grc' dir='ltr'>Ἑϐραϊκαῖς</span> <span class='ocrx_word' id='word_1_675' title='bbox 1637 1833 1738 1866; x_wconf 85' lang='grc' dir='ltr'>φωναῖς</span> <span class='ocrx_word' id='word_1_676' title='bbox 1749 1832 1781 1859; x_wconf 84' lang='grc' dir='ltr'><strong>τὸ</strong></span> <span class='ocrx_word' id='word_1_677' title='bbox 1794 1832 1884 1859; x_wconf 56' lang='lat'><strong>10:03-</strong></span> 
     </span>
    </p>
   </div>
   <div class='ocr_carea' id='block_1_98' title="bbox 1087 1875 1883 1912">
    <p class='ocr_par' dir='ltr' id='par_1_98' title="bbox 1087 1875 1883 1912">
     <span class='ocr_line' id='line_1_98' title="bbox 1087 1875 1883 1912; baseline 0.003 -10"><span class='ocrx_word' id='word_1_678' title='bbox 1087 1885 1132 1902; x_wconf 86' lang='grc' dir='ltr'><strong>τον</strong></span> <span class='ocrx_word' id='word_1_679' title='bbox 1143 1877 1314 1911; x_wconf 83' lang='grc' dir='ltr'>σημαίνεται.</span> <span class='ocrx_word' id='word_1_680' title='bbox 1325 1877 1361 1903; x_wconf 88' lang='grc' dir='ltr'>Τὸ</span> <span class='ocrx_word' id='word_1_681' title='bbox 1371 1876 1420 1912; x_wconf 76' lang='grc' dir='ltr'>μὲν</span> <span class='ocrx_word' id='word_1_682' title='bbox 1438 1877 1587 1911; x_wconf 81' lang='grc' dir='ltr'><strong>Ἀλληλοὺ</strong></span> <span class='ocrx_word' id='word_1_683' title='bbox 1599 1875 1672 1910; x_wconf 80' lang='grc' dir='ltr'>αἶνος</span> <span class='ocrx_word' id='word_1_684' title='bbox 1683 1880 1794 1910; x_wconf 86' lang='grc' dir='ltr'>νοεῖται,</span> <span class='ocrx_word' id='word_1_685' title='bbox 1805 1879 1883 1910; x_wconf 84' lang='grc' dir='ltr'>ὃςείς</span> 
     </span>
    </p>
   </div>
   <div class='ocr_carea' id='block_1_99' title="bbox 1087 1922 1883 1961">
    <p class='ocr_par' dir='ltr' id='par_1_99' title="bbox 1087 1922 1883 1961">
     <span class='ocr_line' id='line_1_99' title="bbox 1087 1922 1883 1961; baseline 0.004 -12"><span class='ocrx_word' id='word_1_686' title='bbox 1087 1922 1153 1949; x_wconf 81' lang='grc' dir='ltr'>Θεὸν</span> <span class='ocrx_word' id='word_1_687' title='bbox 1168 1923 1217 1958; x_wconf 76' lang='grc' dir='ltr'>τὴν</span> <span class='ocrx_word' id='word_1_688' title='bbox 1233 1923 1371 1959; x_wconf 75' lang='grc' dir='ltr'>ἀναφορὰν</span> <span class='ocrx_word' id='word_1_689' title='bbox 1380 1923 1445 1959; x_wconf 77' lang='grc' dir='ltr'><strong>ἔχει·</strong></span> <span class='ocrx_word' id='word_1_690' title='bbox 1461 1924 1526 1950; x_wconf 80' lang='grc' dir='ltr'>τὸδὲ</span> <span class='ocrx_word' id='word_1_691' title='bbox 1543 1925 1589 1951; x_wconf 77' lang='grc' dir='ltr'><strong>Ἰίι</strong></span> <span class='ocrx_word' id='word_1_692' title='bbox 1605 1924 1633 1951; x_wconf 82' lang='grc' dir='ltr'>ἓν</span> <span class='ocrx_word' id='word_1_693' title='bbox 1649 1924 1701 1951; x_wconf 78' lang='grc' dir='ltr'><strong>τῶν</strong></span> <span class='ocrx_word' id='word_1_694' title='bbox 1719 1926 1883 1961; x_wconf 81' lang='grc' dir='ltr'>ἑρμηνευτι-</span> 
     </span>
    </p>
   </div>
   <div class='ocr_carea' id='block_1_100' title="bbox 1086 1969 1882 2006">
    <p class='ocr_par' dir='ltr' id='par_1_100' title="bbox 1086 1969 1882 2006">
     <span class='ocr_line' id='line_1_100' title="bbox 1086 1969 1882 2006; baseline 0.004 -11"><span class='ocrx_word' id='word_1_695' title='bbox 1086 1969 1143 1996; x_wconf 80' lang='grc' dir='ltr'><strong>κῶν</strong></span> <span class='ocrx_word' id='word_1_696' title='bbox 1167 1970 1218 2004; x_wconf 84' lang='grc' dir='ltr'>τῆς</span> <span class='ocrx_word' id='word_1_697' title='bbox 1237 1969 1344 2004; x_wconf 83' lang='grc' dir='ltr'>φύσεως</span> <span class='ocrx_word' id='word_1_698' title='bbox 1368 1970 1418 2005; x_wconf 80' lang='grc' dir='ltr'>τῆς</span> <span class='ocrx_word' id='word_1_699' title='bbox 1447 1970 1522 2002; x_wconf 76' lang='grc' dir='ltr'>θείας</span> <span class='ocrx_word' id='word_1_700' title='bbox 1539 1971 1612 1997; x_wconf 74' lang='grc' dir='ltr'>ἐστὶν</span> <span class='ocrx_word' id='word_1_701' title='bbox 1633 1971 1728 2006; x_wconf 75' lang='grc' dir='ltr'>ὄνομα.</span> <span class='ocrx_word' id='word_1_702' title='bbox 1751 1972 1832 1998; x_wconf 82' lang='grc' dir='ltr'>Ὅλον</span> <span class='ocrx_word' id='word_1_703' title='bbox 1852 1971 1882 1998; x_wconf 85' lang='grc' dir='ltr'><strong>δὲ</strong></span> 
     </span>
    </p>
   </div>
   <div class='ocr_carea' id='block_1_101' title="bbox 1087 2013 1882 2052">
    <p class='ocr_par' dir='ltr' id='par_1_101' title="bbox 1087 2013 1882 2052">
     <span class='ocr_line' id='line_1_101' title="bbox 1087 2013 1882 2052; baseline 0.005 -11"><span class='ocrx_word' id='word_1_704' title='bbox 1087 2016 1163 2050; x_wconf 85' lang='grc' dir='ltr'>κοινῇ</span> <span class='ocrx_word' id='word_1_705' title='bbox 1172 2015 1212 2047; x_wconf 89' lang='grc' dir='ltr'><strong>τὸ,</strong></span> <span class='ocrx_word' id='word_1_706' title='bbox 1222 2016 1409 2049; x_wconf 69' lang='grc' dir='ltr'><strong>Ἁλληλούτα,</strong></span> <span class='ocrx_word' id='word_1_707' title='bbox 1419 2013 1508 2048; x_wconf 72' lang='grc' dir='ltr'>Ᾱῖγος</span> <span class='ocrx_word' id='word_1_708' title='bbox 1517 2016 1591 2043; x_wconf 87' lang='grc' dir='ltr'>Θεοῦ</span> <span class='ocrx_word' id='word_1_709' title='bbox 1599 2017 1789 2052; x_wconf 77' lang='grc' dir='ltr'>ἑρμηνεύεται.</span> <span class='ocrx_word' id='word_1_710' title='bbox 1796 2018 1882 2045; x_wconf 83' lang='grc' dir='ltr'>Ὅταν</span> 
     </span>
    </p>
   </div>
   <div class='ocr_carea' id='block_1_102' title="bbox 1086 2061 1879 2100">
    <p class='ocr_par' dir='ltr' id='par_1_102' title="bbox 1086 2061 1879 2100">
     <span class='ocr_line' id='line_1_102' title="bbox 1086 2061 1879 2100; baseline 0.005 -13"><span class='ocrx_word' id='word_1_711' title='bbox 1086 2061 1175 2088; x_wconf 86' lang='grc' dir='ltr'>τοίνυν</span> <span class='ocrx_word' id='word_1_712' title='bbox 1186 2061 1264 2088; x_wconf 83' lang='grc' dir='ltr'>τοῦτο</span> <span class='ocrx_word' id='word_1_713' title='bbox 1276 2061 1306 2088; x_wconf 88' lang='grc' dir='ltr'><strong>τὸ</strong></span> <span class='ocrx_word' id='word_1_714' title='bbox 1320 2062 1396 2098; x_wconf 82' lang='grc' dir='ltr'>ῥῆμα</span> <span class='ocrx_word' id='word_1_715' title='bbox 1412 2062 1660 2098; x_wconf 82' lang='grc' dir='ltr'>προγεγραμμένον</span> <span class='ocrx_word' id='word_1_716' title='bbox 1701 2064 1752 2099; x_wconf 82' lang='grc' dir='ltr'>τῆς</span> <span class='ocrx_word' id='word_1_717' title='bbox 1763 2063 1879 2100; x_wconf 55' lang='lat' dir='ltr'><strong>eum,»</strong></span> 
     </span>
    </p>
   </div>
   <div class='ocr_carea' id='block_1_103' title="bbox 1085 2106 1881 2145">
    <p class='ocr_par' dir='ltr' id='par_1_103' title="bbox 1085 2106 1881 2145">
     <span class='ocr_line' id='line_1_103' title="bbox 1085 2106 1881 2145; baseline 0.005 -12"><span class='ocrx_word' id='word_1_718' title='bbox 1085 2106 1154 2138; x_wconf 89' lang='grc' dir='ltr'>δίας,</span> <span class='ocrx_word' id='word_1_719' title='bbox 1170 2108 1278 2142; x_wconf 86' lang='grc' dir='ltr'>νοητέον</span> <span class='ocrx_word' id='word_1_720' title='bbox 1292 2107 1324 2134; x_wconf 85' lang='grc' dir='ltr'>ἂν</span> <span class='ocrx_word' id='word_1_721' title='bbox 1349 2108 1390 2144; x_wconf 74' lang='grc' dir='ltr'>εἴη</span> <span class='ocrx_word' id='word_1_722' title='bbox 1406 2108 1437 2135; x_wconf 79' lang='grc' dir='ltr'><strong>τὸ</strong></span> <span class='ocrx_word' id='word_1_723' title='bbox 1455 2109 1509 2135; x_wconf 78' lang='grc' dir='ltr'>δεῖν</span> <span class='ocrx_word' id='word_1_724' title='bbox 1526 2108 1634 2140; x_wconf 83' lang='grc' dir='ltr'>πάντως</span> <span class='ocrx_word' id='word_1_725' title='bbox 1648 2108 1678 2135; x_wconf 83' lang='grc' dir='ltr'><strong>τὸ</strong></span> <span class='ocrx_word' id='word_1_726' title='bbox 1698 2109 1881 2145; x_wconf 70' lang='grc' dir='ltr'>ὑποκείμενεν</span> 
     </span>
    </p>
   </div>
   <div class='ocr_carea' id='block_1_104' title="bbox 1086 2153 1880 2188">
    <p class='ocr_par' dir='ltr' id='par_1_104' title="bbox 1086 2153 1880 2188">
     <span class='ocr_line' id='line_1_104' title="bbox 1086 2153 1880 2188; baseline 0.004 -9"><span class='ocrx_word' id='word_1_727' title='bbox 1086 2153 1127 2185; x_wconf 86' lang='grc' dir='ltr'><strong>εἰς</strong></span> <span class='ocrx_word' id='word_1_728' title='bbox 1141 2153 1294 2188; x_wconf 76' lang='grc' dir='ltr'>δοξολογίαν</span> <span class='ocrx_word' id='word_1_729' title='bbox 1306 2154 1382 2188; x_wconf 83' lang='grc' dir='ltr'>ἄγειν</span> <span class='ocrx_word' id='word_1_730' title='bbox 1397 2154 1475 2181; x_wconf 84' lang='grc' dir='ltr'>Θεοῦ.</span> <span class='ocrx_word' id='word_1_731' title='bbox 1491 2154 1569 2181; x_wconf 78' lang='grc' dir='ltr'>Οὕτω</span> <span class='ocrx_word' id='word_1_732' title='bbox 1583 2155 1630 2182; x_wconf 78' lang='grc' dir='ltr'>καὶ</span> <span class='ocrx_word' id='word_1_733' title='bbox 1646 2156 1702 2187; x_wconf 80' lang='grc' dir='ltr'>τοῖς</span> <span class='ocrx_word' id='word_1_734' title='bbox 1715 2155 1880 2187; x_wconf 81' lang='grc' dir='ltr'>τελευταίοις</span> 
     </span>
    </p>
   </div>
   <div class='ocr_carea' id='block_1_105' title="bbox 1088 2199 1881 2236">
    <p class='ocr_par' dir='ltr' id='par_1_105' title="bbox 1088 2199 1881 2236">
     <span class='ocr_line' id='line_1_105' title="bbox 1088 2199 1881 2236; baseline 0.004 -11"><span class='ocrx_word' id='word_1_735' title='bbox 1088 2199 1204 2235; x_wconf 77' lang='grc' dir='ltr'>μάλιστα</span> <span class='ocrx_word' id='word_1_736' title='bbox 1213 2201 1262 2236; x_wconf 86' lang='grc' dir='ltr'>τῆς</span> <span class='ocrx_word' id='word_1_737' title='bbox 1279 2200 1370 2236; x_wconf 74' lang='grc' dir='ltr'>βίϐλου</span> <span class='ocrx_word' id='word_1_738' title='bbox 1379 2201 1431 2228; x_wconf 84' lang='grc' dir='ltr'><strong>τῶν</strong></span> <span class='ocrx_word' id='word_1_739' title='bbox 1444 2201 1558 2236; x_wconf 77' lang='grc' dir='ltr'>ψαλμῶν</span> <span class='ocrx_word' id='word_1_740' title='bbox 1574 2202 1602 2228; x_wconf 87' lang='grc' dir='ltr'>αἱ</span> <span class='ocrx_word' id='word_1_741' title='bbox 1617 2202 1712 2228; x_wconf 76' lang='grc' dir='ltr'>πολλαὶ</span> <span class='ocrx_word' id='word_1_742' title='bbox 1728 2202 1783 2229; x_wconf 87' lang='grc' dir='ltr'><strong>τῶν</strong></span> <span class='ocrx_word' id='word_1_743' title='bbox 1792 2201 1881 2229; x_wconf 84' lang='grc' dir='ltr'>τοιού-</span> 
     </span>
    </p>
   </div>
   <div class='ocr_carea' id='block_1_106' title="bbox 1086 2244 1881 2284">
    <p class='ocr_par' dir='ltr' id='par_1_106' title="bbox 1086 2244 1881 2284">
     <span class='ocr_line' id='line_1_106' title="bbox 1086 2244 1881 2284; baseline 0.004 -12"><span class='ocrx_word' id='word_1_744' title='bbox 1086 2254 1139 2273; x_wconf 85' lang='grc' dir='ltr'><strong>των</strong></span> <span class='ocrx_word' id='word_1_745' title='bbox 1151 2247 1304 2283; x_wconf 71' lang='grc' dir='ltr'>ἐπιγραφαὶ</span> <span class='ocrx_word' id='word_1_746' title='bbox 1325 2248 1544 2284; x_wconf 80' lang='grc' dir='ltr'>ὲφευρίσκονται,</span> <span class='ocrx_word' id='word_1_747' title='bbox 1561 2248 1595 2275; x_wconf 83' lang='grc' dir='ltr'><strong>δι’</strong></span> <span class='ocrx_word' id='word_1_748' title='bbox 1611 2244 1648 2275; x_wconf 84' lang='grc' dir='ltr'>ὧν</span> <span class='ocrx_word' id='word_1_749' title='bbox 1670 2248 1744 2275; x_wconf 80' lang='grc' dir='ltr'>ἐστιν</span> <span class='ocrx_word' id='word_1_750' title='bbox 1768 2250 1881 2280; x_wconf 67' lang='grc' dir='ltr'>ἐννοεῖν,</span> 
     </span>
    </p>
   </div>
   <div class='ocr_carea' id='block_1_107' title="bbox 1087 2293 1879 2331">
    <p class='ocr_par' dir='ltr' id='par_1_107' title="bbox 1087 2293 1879 2331">
     <span class='ocr_line' id='line_1_107' title="bbox 1087 2293 1879 2331; baseline -0.004 -8"><span class='ocrx_word' id='word_1_751' title='bbox 1087 2296 1191 2328; x_wconf 66' lang='lat' dir='ltr'><strong>amor;</strong></span> <span class='ocrx_word' id='word_1_752' title='bbox 1206 2295 1256 2331; x_wconf 75' lang='grc' dir='ltr'><strong>ήδη</strong></span> <span class='ocrx_word' id='word_1_753' title='bbox 1273 2294 1342 2330; x_wconf 79' lang='grc' dir='ltr'>πρὸς</span> <span class='ocrx_word' id='word_1_754' title='bbox 1353 2294 1383 2321; x_wconf 83' lang='grc' dir='ltr'><strong>τὸ</strong></span> <span class='ocrx_word' id='word_1_755' title='bbox 1393 2294 1495 2321; x_wconf 81' lang='grc' dir='ltr'>τέλειον</span> <span class='ocrx_word' id='word_1_756' title='bbox 1504 2293 1623 2328; x_wconf 84' lang='grc' dir='ltr'>φθάσασι</span> <span class='ocrx_word' id='word_1_757' title='bbox 1634 2293 1685 2330; x_wconf 85' lang='grc' dir='ltr'>τῆς</span> <span class='ocrx_word' id='word_1_758' title='bbox 1701 2295 1762 2322; x_wconf 87' lang='grc' dir='ltr'>κατ’</span> <span class='ocrx_word' id='word_1_759' title='bbox 1778 2295 1879 2330; x_wconf 79' lang='grc' dir='ltr'>ἀρετὴν</span> 
     </span>
    </p>
   </div>
   <div class='ocr_carea' id='block_1_108' title="bbox 1087 2340 1880 2376">
    <p class='ocr_par' dir='ltr' id='par_1_108' title="bbox 1087 2340 1880 2376">
     <span class='ocr_line' id='line_1_108' title="bbox 1087 2340 1880 2376; baseline -0.003 -7"><span class='ocrx_word' id='word_1_760' title='bbox 1087 2342 1234 2374; x_wconf 82' lang='grc' dir='ltr'>πολιτείας,</span> <span class='ocrx_word' id='word_1_761' title='bbox 1254 2341 1301 2368; x_wconf 77' lang='grc' dir='ltr'>καὶ</span> <span class='ocrx_word' id='word_1_762' title='bbox 1319 2340 1364 2367; x_wconf 78' lang='grc' dir='ltr'>διὰ</span> <span class='ocrx_word' id='word_1_763' title='bbox 1379 2340 1432 2367; x_wconf 83' lang='grc' dir='ltr'><strong>τῶν</strong></span> <span class='ocrx_word' id='word_1_764' title='bbox 1453 2340 1642 2376; x_wconf 75' lang='grc' dir='ltr'>προλαϐόντων</span> <span class='ocrx_word' id='word_1_765' title='bbox 1658 2341 1708 2376; x_wconf 86' lang='grc' dir='ltr'>σῆς</span> <span class='ocrx_word' id='word_1_766' title='bbox 1721 2340 1880 2376; x_wconf 75' lang='grc' dir='ltr'>ψαλμῳδὶας</span> 
     </span>
    </p>
   </div>
   <div class='ocr_carea' id='block_1_109' title="bbox 1087 2386 1881 2424">
    <p class='ocr_par' dir='ltr' id='par_1_109' title="bbox 1087 2386 1881 2424">
     <span class='ocr_line' id='line_1_109' title="bbox 1087 2386 1881 2424; baseline -0.001 -10"><span class='ocrx_word' id='word_1_767' title='bbox 1087 2387 1237 2424; x_wconf 81' lang='grc' dir='ltr'>τμημάτων</span> <span class='ocrx_word' id='word_1_768' title='bbox 1264 2386 1335 2414; x_wconf 80' lang='grc' dir='ltr'>κατὰ</span> <span class='ocrx_word' id='word_1_769' title='bbox 1362 2386 1412 2422; x_wconf 73' lang='grc' dir='ltr'>τὴν</span> <span class='ocrx_word' id='word_1_770' title='bbox 1436 2386 1575 2422; x_wconf 83' lang='grc' dir='ltr'>νοηθεῖσαν</span> <span class='ocrx_word' id='word_1_771' title='bbox 1591 2387 1634 2413; x_wconf 75' lang='grc' dir='ltr'><strong>ὲπ⁴</strong></span> <span class='ocrx_word' id='word_1_772' title='bbox 1651 2386 1742 2413; x_wconf 84' lang='grc' dir='ltr'>αὐτῶν</span> <span class='ocrx_word' id='word_1_773' title='bbox 1761 2386 1881 2423; x_wconf 68' lang='grc' dir='ltr'>θεωριὶιν</span> 
     </span>
    </p>
   </div>
   <div class='ocr_carea' id='block_1_110' title="bbox 1087 2431 1877 2469">
    <p class='ocr_par' dir='ltr' id='par_1_110' title="bbox 1087 2431 1877 2469">
     <span class='ocr_line' id='line_1_110' title="bbox 1087 2431 1877 2469; baseline -0.003 -9"><span class='ocrx_word' id='word_1_774' title='bbox 1087 2433 1306 2469; x_wconf 75' lang='grc' dir='ltr'>ὲκκαθαρθεῖσιν,</span> <span class='ocrx_word' id='word_1_775' title='bbox 1332 2432 1447 2468; x_wconf 76' lang='grc' dir='ltr'>ἁρμόζει</span> <span class='ocrx_word' id='word_1_776' title='bbox 1467 2432 1498 2459; x_wconf 87' lang='grc' dir='ltr'><strong>τὸ</strong></span> <span class='ocrx_word' id='word_1_777' title='bbox 1520 2433 1605 2459; x_wconf 84' lang='grc' dir='ltr'>αίνεῖν</span> <span class='ocrx_word' id='word_1_778' title='bbox 1623 2431 1669 2459; x_wconf 81' lang='grc' dir='ltr'><strong>τὸν</strong></span> <span class='ocrx_word' id='word_1_779' title='bbox 1685 2432 1762 2464; x_wconf 82' lang='grc' dir='ltr'>Θεὸν,</span> <span class='ocrx_word' id='word_1_780' title='bbox 1785 2433 1834 2460; x_wconf 78' lang='grc' dir='ltr'>καὶ</span> <span class='ocrx_word' id='word_1_781' title='bbox 1850 2433 1877 2459; x_wconf 83' lang='grc' dir='ltr'>ἐν</span> 
     </span>
    </p>
   </div>
   <div class='ocr_carea' id='block_1_111' title="bbox 1086 2470 1879 2512">
    <p class='ocr_par' dir='ltr' id='par_1_111' title="bbox 1086 2470 1879 2512">
     <span class='ocr_line' id='line_1_111' title="bbox 1086 2470 1879 2512; baseline -0.003 -8"><span class='ocrx_word' id='word_1_782' title='bbox 1086 2477 1190 2510; x_wconf 85' lang='grc' dir='ltr'>τούτοις</span> <span class='ocrx_word' id='word_1_783' title='bbox 1203 2475 1283 2509; x_wconf 79' lang='grc' dir='ltr'>εῖναι,</span> <span class='ocrx_word' id='word_1_784' title='bbox 1298 2478 1327 2504; x_wconf 85' lang='grc' dir='ltr'>ὲν</span> <span class='ocrx_word' id='word_1_785' title='bbox 1344 2475 1385 2509; x_wconf 79' lang='grc' dir='ltr'>οἷς</span> <span class='ocrx_word' id='word_1_786' title='bbox 1404 2470 1450 2504; x_wconf 65' lang='grc' dir='ltr'>καὶ</span> <span class='ocrx_word' id='word_1_787' title='bbox 1467 2478 1484 2512; x_wconf 86' lang='grc' dir='ltr'>ἡ</span> <span class='ocrx_word' id='word_1_788' title='bbox 1495 2476 1550 2503; x_wconf 88' lang='grc' dir='ltr'><strong>τῶν</strong></span> <span class='ocrx_word' id='word_1_789' title='bbox 1561 2476 1685 2511; x_wconf 78' lang='grc' dir='ltr'>ἀγγέλων</span> <span class='ocrx_word' id='word_1_790' title='bbox 1697 2477 1778 2512; x_wconf 80' lang='grc' dir='ltr'>φύσις</span> <span class='ocrx_word' id='word_1_791' title='bbox 1808 2474 1879 2503; x_wconf 73' lang='grc' dir='ltr'>εἶναι</span> 
     </span>
    </p>
   </div>
   <div class='ocr_carea' id='block_1_112' title="bbox 1087 2522 1878 2559">
    <p class='ocr_par' dir='ltr' id='par_1_112' title="bbox 1087 2522 1878 2559">
     <span class='ocr_line' id='line_1_112' title="bbox 1087 2522 1878 2559; baseline -0.001 -9"><span class='ocrx_word' id='word_1_792' title='bbox 1087 2524 1273 2551; x_wconf 86' lang='grc' dir='ltr'>πεπίστευται.</span> <span class='ocrx_word' id='word_1_793' title='bbox 1297 2523 1366 2550; x_wconf 76' lang='grc' dir='ltr'>Οὔτε</span> <span class='ocrx_word' id='word_1_794' title='bbox 1382 2523 1436 2559; x_wconf 81' lang='grc' dir='ltr'><strong>γὰρ</strong></span> <span class='ocrx_word' id='word_1_795' title='bbox 1456 2522 1566 2550; x_wconf 76' lang='grc' dir='ltr'>ἐκείνων</span> <span class='ocrx_word' id='word_1_796' title='bbox 1583 2522 1782 2558; x_wconf 82' lang='grc' dir='ltr'>μεμαθήκαμεν</span> <span class='ocrx_word' id='word_1_797' title='bbox 1796 2524 1878 2558; x_wconf 66' lang='grc' dir='ltr'>ἀσχοα</span> 
     </span>
    </p>
   </div>
   <div class='ocr_carea' id='block_1_113' title="bbox 1086 2568 1877 2606">
    <p class='ocr_par' dir='ltr' id='par_1_113' title="bbox 1086 2568 1877 2606">
     <span class='ocr_line' id='line_1_113' title="bbox 1086 2568 1877 2606; baseline 0 -11"><span class='ocrx_word' id='word_1_798' title='bbox 1086 2569 1146 2596; x_wconf 83' lang='grc' dir='ltr'>λίαν</span> <span class='ocrx_word' id='word_1_799' title='bbox 1161 2570 1243 2606; x_wconf 80' lang='grc' dir='ltr'>ἄλλην</span> <span class='ocrx_word' id='word_1_800' title='bbox 1260 2570 1319 2597; x_wconf 81' lang='grc' dir='ltr'>τινὰ</span> <span class='ocrx_word' id='word_1_801' title='bbox 1340 2570 1408 2605; x_wconf 80' lang='grc' dir='ltr'>πλὴν</span> <span class='ocrx_word' id='word_1_802' title='bbox 1425 2569 1472 2596; x_wconf 76' lang='grc' dir='ltr'><strong>τοῦ</strong></span> <span class='ocrx_word' id='word_1_803' title='bbox 1486 2570 1571 2596; x_wconf 87' lang='grc' dir='ltr'>αἰνεῖν</span> <span class='ocrx_word' id='word_1_804' title='bbox 1587 2569 1634 2595; x_wconf 80' lang='grc' dir='ltr'><strong>τὸν</strong></span> <span class='ocrx_word' id='word_1_805' title='bbox 1649 2568 1725 2601; x_wconf 83' lang='grc' dir='ltr'>Θεὸν,</span> <span class='ocrx_word' id='word_1_806' title='bbox 1742 2568 1807 2595; x_wconf 74' lang='grc' dir='ltr'>οὗτε</span> <span class='ocrx_word' id='word_1_807' title='bbox 1823 2569 1877 2600; x_wconf 75' lang='grc' dir='ltr'>τοῖς</span> 
     </span>
    </p>
   </div>
   <div class='ocr_carea' id='block_1_114' title="bbox 1086 2614 1877 2652">
    <p class='ocr_par' dir='ltr' id='par_1_114' title="bbox 1086 2614 1877 2652">
     <span class='ocr_line' id='line_1_114' title="bbox 1086 2614 1877 2652; baseline -0.004 -9"><span class='ocrx_word' id='word_1_808' title='bbox 1086 2617 1146 2643; x_wconf 75' lang='grc' dir='ltr'>κατ’</span> <span class='ocrx_word' id='word_1_809' title='bbox 1158 2617 1257 2652; x_wconf 79' lang='grc' dir='ltr'>ἀρετὴν</span> <span class='ocrx_word' id='word_1_810' title='bbox 1281 2616 1391 2648; x_wconf 80' lang='grc' dir='ltr'>τελείοις</span> <span class='ocrx_word' id='word_1_811' title='bbox 1406 2617 1449 2643; x_wconf 68' lang='lat' dir='ltr'><strong>Ere</strong></span> <span class='ocrx_word' id='word_1_812' title='bbox 1455 2617 1499 2651; x_wconf 88' lang='grc' dir='ltr'><strong>ρόν</strong></span> <span class='ocrx_word' id='word_1_813' title='bbox 1511 2625 1538 2643; x_wconf 82' lang='grc' dir='ltr'>τι</span> <span class='ocrx_word' id='word_1_814' title='bbox 1556 2614 1736 2647; x_wconf 76' lang='grc' dir='ltr'>σπουδάζεται</span> <span class='ocrx_word' id='word_1_815' title='bbox 1750 2615 1766 2651; x_wconf 80' lang='grc' dir='ltr'>ἢ</span> <span class='ocrx_word' id='word_1_816' title='bbox 1781 2615 1815 2641; x_wconf 88' lang='grc' dir='ltr'><strong>τὸ</strong></span> <span class='ocrx_word' id='word_1_817' title='bbox 1828 2615 1877 2650; x_wconf 79' lang='grc' dir='ltr'>τὴν</span> 
     </span>
    </p>
   </div>
   <div class='ocr_carea' id='block_1_115' title="bbox 1086 2661 1877 2699">
    <p class='ocr_par' dir='ltr' id='par_1_115' title="bbox 1086 2661 1877 2699">
     <span class='ocr_line' id='line_1_115' title="bbox 1086 2661 1877 2699; baseline -0.004 -9"><span class='ocrx_word' id='word_1_818' title='bbox 1086 2663 1158 2699; x_wconf 82' lang='grc' dir='ltr'>ζωὴν</span> <span class='ocrx_word' id='word_1_819' title='bbox 1179 2663 1275 2690; x_wconf 81' lang='grc' dir='ltr'>ἑαυτοῦ</span> <span class='ocrx_word' id='word_1_820' title='bbox 1294 2661 1368 2690; x_wconf 75' lang='grc' dir='ltr'>αἷνον</span> <span class='ocrx_word' id='word_1_821' title='bbox 1389 2661 1536 2689; x_wconf 76' lang='grc' dir='ltr'>εἶναιθωῦ</span> <span class='ocrx_word' id='word_1_822' title='bbox 1557 2662 1775 2698; x_wconf 80' lang='grc' dir='ltr'>παρασκευάσαι.</span> <span class='ocrx_word' id='word_1_823' title='bbox 1800 2661 1877 2688; x_wconf 74' lang='grc' dir='ltr'>Ἐπεὶ</span> 
     </span>
    </p>
   </div>
   <div class='ocr_carea' id='block_1_116' title="bbox 1085 2708 1875 2745">
    <p class='ocr_par' dir='ltr' id='par_1_116' title="bbox 1085 2708 1875 2745">
     <span class='ocr_line' id='line_1_116' title="bbox 1085 2708 1875 2745; baseline -0.001 -10"><span class='ocrx_word' id='word_1_824' title='bbox 1085 2709 1173 2736; x_wconf 83' lang='grc' dir='ltr'>τοίνυν</span> <span class='ocrx_word' id='word_1_825' title='bbox 1195 2709 1221 2736; x_wconf 87' lang='grc' dir='ltr'>οί</span> <span class='ocrx_word' id='word_1_826' title='bbox 1245 2709 1295 2745; x_wconf 83' lang='grc' dir='ltr'>τὴν</span> <span class='ocrx_word' id='word_1_827' title='bbox 1316 2709 1470 2744; x_wconf 74' lang='grc' dir='ltr'>ἐπιγραφὴν</span> <span class='ocrx_word' id='word_1_828' title='bbox 1492 2709 1600 2743; x_wconf 78' lang='grc' dir='ltr'>ἔχοντες</span> <span class='ocrx_word' id='word_1_829' title='bbox 1617 2708 1664 2734; x_wconf 81' lang='grc' dir='ltr'><strong>τοῦ</strong></span> <span class='ocrx_word' id='word_1_830' title='bbox 1683 2708 1875 2741; x_wconf 58' lang='grc' dir='ltr'>Ἀμηλούτω</span> 
     </span>
    </p>
   </div>
   <div class='ocr_carea' id='block_1_117' title="bbox 1086 2752 1875 2790">
    <p class='ocr_par' dir='ltr' id='par_1_117' title="bbox 1086 2752 1875 2790">
     <span class='ocr_line' id='line_1_117' title="bbox 1086 2752 1875 2790; baseline -0.005 -8"><span class='ocrx_word' id='word_1_831' title='bbox 1086 2755 1186 2787; x_wconf 81' lang='grc' dir='ltr'>πάντες</span> <span class='ocrx_word' id='word_1_832' title='bbox 1202 2755 1294 2790; x_wconf 81' lang='grc' dir='ltr'>σχεδὸν</span> <span class='ocrx_word' id='word_1_833' title='bbox 1310 2755 1348 2790; x_wconf 84' lang='grc' dir='ltr'>τῷ</span> <span class='ocrx_word' id='word_1_834' title='bbox 1364 2755 1509 2789; x_wconf 83' lang='grc' dir='ltr'>τελευταίῳ</span> <span class='ocrx_word' id='word_1_835' title='bbox 1524 2755 1647 2790; x_wconf 84' lang='grc' dir='ltr'>τμήματι</span> <span class='ocrx_word' id='word_1_836' title='bbox 1656 2753 1706 2789; x_wconf 83' lang='grc' dir='ltr'>τῆς</span> <span class='ocrx_word' id='word_1_837' title='bbox 1715 2752 1875 2789; x_wconf 56' lang='grc' dir='ltr'>ψαλμιῴίας</span> 
     </span>
    </p>
   </div>
   <div class='ocr_carea' id='block_1_118' title="bbox 1085 2799 1874 2837">
    <p class='ocr_par' dir='ltr' id='par_1_118' title="bbox 1085 2799 1874 2837">
     <span class='ocr_line' id='line_1_118' title="bbox 1085 2799 1874 2837; baseline -0.001 -10"><span class='ocrx_word' id='word_1_838' title='bbox 1085 2801 1265 2837; x_wconf 86' lang='grc' dir='ltr'>εὑρίσκονται,</span> <span class='ocrx_word' id='word_1_839' title='bbox 1287 2801 1381 2836; x_wconf 85' lang='grc' dir='ltr'>σαφῶς</span> <span class='ocrx_word' id='word_1_840' title='bbox 1396 2800 1453 2827; x_wconf 77' lang='grc' dir='ltr'>ἐστι</span> <span class='ocrx_word' id='word_1_841' title='bbox 1466 2801 1641 2836; x_wconf 84' lang='grc' dir='ltr'>κατανοῆσαι,</span> <span class='ocrx_word' id='word_1_842' title='bbox 1659 2800 1705 2826; x_wconf 81' lang='grc' dir='ltr'>καὶ</span> <span class='ocrx_word' id='word_1_843' title='bbox 1725 2800 1765 2826; x_wconf 81' lang='grc' dir='ltr'>ὅτι</span> <span class='ocrx_word' id='word_1_844' title='bbox 1783 2799 1874 2834; x_wconf 71' lang='grc' dir='ltr'>πάσης</span> 
     </span>
    </p>
   </div>
   <div class='ocr_carea' id='block_1_119' title="bbox 1085 2844 1872 2883">
    <p class='ocr_par' dir='ltr' id='par_1_119' title="bbox 1085 2844 1872 2883">
     <span class='ocr_line' id='line_1_119' title="bbox 1085 2844 1872 2883; baseline -0.004 -9"><span class='ocrx_word' id='word_1_845' title='bbox 1085 2847 1245 2883; x_wconf 75' lang='grc' dir='ltr'>ὑπέρκειται</span> <span class='ocrx_word' id='word_1_846' title='bbox 1259 2847 1307 2883; x_wconf 82' lang='grc' dir='ltr'>τῆς</span> <span class='ocrx_word' id='word_1_847' title='bbox 1323 2847 1426 2882; x_wconf 74' lang='grc' dir='ltr'>ὑψηλῆς</span> <span class='ocrx_word' id='word_1_848' title='bbox 1450 2847 1493 2874; x_wconf 78' lang='grc' dir='ltr'><strong>διὰ</strong></span> <span class='ocrx_word' id='word_1_849' title='bbox 1507 2846 1561 2873; x_wconf 84' lang='grc' dir='ltr'><strong>τῶν</strong></span> <span class='ocrx_word' id='word_1_850' title='bbox 1583 2844 1698 2882; x_wconf 77' lang='grc' dir='ltr'>ψαλμῶν</span> <span class='ocrx_word' id='word_1_851' title='bbox 1715 2845 1872 2875; x_wconf 70' lang='grc' dir='ltr'>ἀναϐάσεως</span> 
     </span>
    </p>
   </div>
   <div class='ocr_carea' id='block_1_120' title="bbox 1084 2889 1872 2929">
    <p class='ocr_par' dir='ltr' id='par_1_120' title="bbox 1084 2889 1872 2929">
     <span class='ocr_line' id='line_1_120' title="bbox 1084 2889 1872 2929; baseline -0.005 -9"><span class='ocrx_word' id='word_1_852' title='bbox 1084 2893 1115 2920; x_wconf 89' lang='grc' dir='ltr'><strong>τὸ</strong></span> <span class='ocrx_word' id='word_1_853' title='bbox 1128 2893 1281 2920; x_wconf 84' lang='grc' dir='ltr'>τελευταῖον</span> <span class='ocrx_word' id='word_1_854' title='bbox 1296 2893 1394 2929; x_wconf 82' lang='grc' dir='ltr'>τμῆμα</span> <span class='ocrx_word' id='word_1_855' title='bbox 1404 2893 1454 2928; x_wconf 77' lang='grc' dir='ltr'>τῆς</span> <span class='ocrx_word' id='word_1_856' title='bbox 1467 2892 1634 2928; x_wconf 82' lang='grc' dir='ltr'>ψαλμῳδίας,</span> <span class='ocrx_word' id='word_1_857' title='bbox 1643 2894 1672 2919; x_wconf 85' lang='grc' dir='ltr'>ὲν</span> <span class='ocrx_word' id='word_1_858' title='bbox 1680 2889 1740 2926; x_wconf 83' lang='grc' dir='ltr'>ᾧ·τὸ</span> <span class='ocrx_word' id='word_1_859' title='bbox 1750 2891 1872 2917; x_wconf 79' lang='grc' dir='ltr'>πλεῖστον</span> 
     </span>
    </p>
   </div>
   <div class='ocr_carea' id='block_1_121' title="bbox 1084 2938 1868 2974">
    <p class='ocr_par' dir='ltr' id='par_1_121' title="bbox 1084 2938 1868 2974">
     <span class='ocr_line' id='line_1_121' title="bbox 1084 2938 1868 2974; baseline -0.006 -6"><span class='ocrx_word' id='word_1_860' title='bbox 1084 2941 1152 2968; x_wconf 84' lang='grc' dir='ltr'><strong>Θεοῦ</strong></span> <span class='ocrx_word' id='word_1_861' title='bbox 1169 2939 1242 2973; x_wconf 77' lang='grc' dir='ltr'>αῐνός</span> <span class='ocrx_word' id='word_1_862' title='bbox 1256 2942 1340 2974; x_wconf 72' lang='grc' dir='ltr'>ἐστιν,</span> <span class='ocrx_word' id='word_1_863' title='bbox 1364 2941 1422 2974; x_wconf 73' lang='grc' dir='ltr'>ἤτοι</span> <span class='ocrx_word' id='word_1_864' title='bbox 1438 2941 1478 2972; x_wconf 87' lang='grc' dir='ltr'><strong>εἰς</strong></span> <span class='ocrx_word' id='word_1_865' title='bbox 1493 2940 1524 2967; x_wconf 89' lang='grc' dir='ltr'><strong>τὸ</strong></span> <span class='ocrx_word' id='word_1_866' title='bbox 1535 2941 1619 2967; x_wconf 81' lang='grc' dir='ltr'>αἰνεῖν</span> <span class='ocrx_word' id='word_1_867' title='bbox 1635 2939 1680 2966; x_wconf 85' lang='grc' dir='ltr'><strong>τὸν</strong></span> <span class='ocrx_word' id='word_1_868' title='bbox 1702 2938 1767 2966; x_wconf 82' lang='grc' dir='ltr'>Θεὸν</span> <span class='ocrx_word' id='word_1_869' title='bbox 1783 2945 1868 2973; x_wconf 72' lang='grc' dir='ltr'>παρα-</span> 
     </span>
    </p>
   </div>
  </div>
