2044 3212
155 206 223 233 1297

716 207 967 236 COMMENTARIA
986 207 1020 235 1N
1038 206 1206 235 PSALMOS.

1272 192 1281 219 ’
1290 195 1307 217 ⁰
1315 182 1342 221 (θ
1715 209 1782 236 leas

157 265 288 298 κέλευσις.
303 266 468 302 Προστάττει
481 266 572 301 μέντοι
584 268 613 294 ἐν
630 267 668 302 τῷ
683 267 750 302 μετὰ
767 269 861 303 χεῖρας
876 267 946 302 ψαλ-

1002 267 1180 302 patefaciant:
1197 270 1316 302 itemque
1331 271 1443 296 narrent
1461 276 1521 303 qua:
1544 267 1677 296 beneficia
1691 269 1784 303 prisco

159 312 202 348 μῷ
212 313 268 344 τοῖς
281 312 368 346 ἁγίοις
385 313 542 345 ἀποστόλοις
555 313 586 340 τὸ
599 313 710 349 Πνεῦμα
721 314 752 340 τὸ
772 313 849 348 ἅγιον
864 313 902 348 τῷ
916 313 945 346 ἐξ

156 357 241 385 ἐθνῶν
265 357 322 393 λαῴ
339 359 458 394 φανερὰς
474 359 585 394 ποιῆσαι
599 360 689 391 πάσας
702 359 752 391 τὰς
773 360 944 395 θαυματουρ-

157 404 231 439 γίας,
250 404 283 436 ἃς
294 404 438 440 πεποίηται
455 404 501 431 ἐπὶ
517 405 566 440 τῆς
583 405 665 432 αὐτοῦ
683 405 834 440 παρουσίας
850 406 864 432 ὁ
887 405 945 431 Κύ-

159 458 225 486 ριος*
237 450 282 477 ναὶ
299 449 351 485 μὴν
366 451 413 477 καὶ
423 451 473 477 ὅσα
483 451 650 487 εὐηργέτησε
661 451 707 477 τὸν
717 450 800 477 πάλαι
809 451 883 482 λαὸν,
899 450 947 478 καὶ

157 492 213 522 οἷον
229 495 287 522 ἀνθ’
302 495 359 524 οἵου
375 496 511 531 ἐποίησεν.
529 497 590 522 Ἔτι
600 496 628 522 δὲ
639 497 667 522 ἐν
683 495 771 531 τούτῳ
786 496 834 522 καὶ
850 497 944 531 μνήμη

157 540 212 568 τῶν
227 540 295 577 πρὸς
311 541 373 573 τοὺς
394 542 564 578 πατριάρχας
578 542 629 569 ὑπὸ
643 541 690 568 τοῦ
710 541 777 568 Θεοῦ
795 541 946 577 γεγενημέ-

158 595 211 615 νων
222 587 403 623 ὑποσχέσεων,
427 589 475 615 καὶ
490 588 545 615 τῶν
556 588 589 614 δι’
606 588 726 619 ἐκείνους
740 588 785 613 ὑπ’
797 587 878 615 αὐτοῦ
893 596 945 614 πα-

157 633 344 669 ρασχεθέντων
367 633 477 668 ἀγαθῶν
492 635 548 665 τοῖς
572 634 683 660 ἐκείνων
699 633 830 668 ἐκγόνοις.
855 633 945 669 Ἰκανὴ

159 679 212 716 γὰρ
227 679 327 706 τούτων
343 681 359 715 ἡ
375 681 469 716 μνήμη
479 680 542 712 τοὺς
558 679 692 706 τοσούτων
709 680 873 715 εὐεργεσιῶν
885 680 948 706 ἁποο

159 726 309 758 λαύσαντας
331 727 370 757 είς
381 725 460 762 ζῆλον
475 726 524 761 τῆς
537 726 591 752 τῶν
600 727 739 762 προγόνων
751 726 850 762 ἀρετῆς
865 725 949 761 ἐρεθί-

159 780 213 799 σαι.
231 771 355 798 Διδάσκει
367 771 395 798 δὲ
414 771 484 798 κατὰ
497 772 578 798 ταὺτὸ
592 771 694 798 καὶτὸν
707 771 766 798 νέον
782 771 856 802 λαὸν,
866 771 949 806 ἤγουν

158 817 221 849 τοὺς
237 817 265 850 ἐξ
279 817 364 844 ἐθνῶν
378 817 415 849 ὡς
429 817 478 844 οὐκ
492 817 592 848 ἀδίκως
607 817 652 843 τὸν
676 817 824 853 ἀχάριστον
847 817 949 843 ἐκεῖνον

998 313 1037 340 illi
1063 314 1163 349 populo
1185 313 1356 345 exhibuerit,
1381 317 1409 341 et
1442 322 1524 349 quam
1553 314 1640 342 vicem
1668 315 1784 350 singulis

999 366 1093 386 eorum
1110 359 1193 394 gestis
1208 358 1366 385 reddiderit.
1382 357 1495 393 lnsuper
1512 358 1556 386 hic
1569 359 1784 394 promissionum

999 411 1014 430 a
1034 403 1089 431 Deo
1107 403 1273 439 patriarcbis
1306 402 1441 430 factarum
1471 403 1573 431 mentio
1603 404 1735 436 habetur,
1757 407 1785 431 et

998 452 1100 484 quanta
1119 448 1240 484 ipsorum
1257 448 1345 484 gratia
1359 449 1502 483 nepotibus
1520 457 1614 476 eorum
1630 450 1700 476 bona
1716 457 1784 476 con-

997 502 1075 523 cessa
1092 494 1203 522 fuerint.
1220 493 1325 522 Horum
1339 495 1441 529 quippe
1457 496 1681 523 conlltlenloratio
1691 499 1735 523 est
1750 495 1784 525 ad

996 540 1129 570 beneficio
1137 541 1253 569 donatos
1263 541 1341 569 avita:
1353 541 1463 570 virtutis
1474 541 1565 569 studio
1576 541 1785 570 inﬂammandos

996 587 1074 616 satis.
1089 585 1190 615 Postea
1209 594 1274 615 vero
1299 587 1380 615 docet
1396 595 1498 616 novum
1520 588 1660 623 populum,
1679 587 1785 616 scilicet

998 641 1031 661 ex
1046 633 1184 668 gentibus,
1196 641 1226 661 se
1250 633 1384 668 ingratam
1404 634 1477 662 illam
1498 637 1606 669 gentem
1617 634 1708 662 divina
1722 641 1785 669 pro-

1000 679 1120 707 videntia
1136 687 1190 706 non
1204 680 1306 714 injuste
1317 680 1461 715 spoliasse,
1472 685 1501 708 ut
1517 680 1620 715 pariter
1634 688 1667 707 ex
1679 680 1786 715 justitia

1002 726 1143 753 sententiae
1159 730 1255 753 contra
1272 726 1334 754 illos
1349 726 1421 758 latae,
1436 726 1494 754 viso
1508 727 1607 761 ingrati
1622 727 1705 753 animi
1720 735 1788 762 pra:-

1004 770 1070 801 tnio,
1086 775 1250 798 moneantur
1264 779 1298 799 ne
1316 772 1342 799 in
1360 770 1454 798 eadem
1472 779 1525 806 qua
1541 770 1626 800 Judaei
1651 772 1694 798 via
1712 772 1787 799 ince-

1003 815 1083 849 dant,
1105 816 1153 844 sed
1168 817 1196 844 in
1213 821 1288 844 recto
1302 817 1370 844 calle
1386 817 1524 845 insistant.

159 863 222 890 λαὸν
235 864 284 900 τῆς
296 863 397 896 οἰκείας
411 864 572 900 κηδεμονίας
584 863 751 900 ἐγύμνωσεν,
766 863 803 895 ὡς
823 863 889 898 ὁμοῦ
915 863 947 889 ἐκ
961 862 1010 898 τῆς
1024 863 1083 889 κατ’
1097 863 1210 890 ἐκείνων
1221 863 1407 899 ἐξενεχθείσης
1417 864 1508 899 ψήφου
1528 864 1558 890 τὺ
1574 863 1678 890 δίκαιον
1706 870 1789 889 κατα-

160 911 281 948 μάθοιεν,
300 912 408 947 καὶτῆς
428 911 589 947 ἀχαριστίας
616 911 733 946 ὁρῶντες
747 911 781 938 τὰ
806 910 942 946 ἐπίχειρα,
961 910 998 945 μὴ
1014 910 1064 946 τὴν
1089 911 1173 947 αὐτὴν
1195 911 1330 943 Ἰουδαίοις
1355 911 1498 946 βαδίζοιεν,
1516 912 1584 939 ἀλλὰ
1613 912 1662 948 τὴν
1683 911 1789 938 εὐθεῖαν

159 958 218 986 ὁδὸν
231 957 359 985 ὁδεύοιεν.

200 1031 442 1067 Ἑξομολογεῖσθε
454 1031 495 1064 τῷ
513 1031 619 1064 Κυρίῳ,
635 1032 683 1058 καὶ
701 1031 893 1058 ἐπικαλεῖσθε
918 1031 950 1057 τὸ

1037 1029 1205 1064 σοηβιεηιὶηὶ
1224 1030 1346 1060 Domina.
1362 1035 1386 1056 et
1402 1031 1519 1058 inuocate
1535 1039 1628 1058 nomen
1644 1032 1788 1069 eiusﬁum

159 1080 252 1114 ὄνομα
267 1079 370 1106 αὑτοῦ.
383 1077 485 1112 Διπλῆς
499 1076 582 1112 οὔσης
596 1078 624 1103 ἐν
637 1079 669 1113 τῇ
683 1079 803 1113 γραφικῇ
821 1078 948 1114 συνηθείᾳ

159 1125 207 1160 τῆς
231 1124 290 1151 κατ’
313 1124 506 1161 ἐξομολόγησιν
531 1125 677 1160 σημασίας,
701 1124 748 1150 καὶ
768 1123 814 1150 νῦν
835 1124 883 1159 μὲν
899 1124 948 1159 τὴν

159 1170 344 1206 ἐξαγόρευσιν,
355 1169 432 1203 αὖθις
442 1171 472 1198 δὲ
481 1171 531 1207 τὴν
543 1170 716 1206 εὐχαριστίαν
732 1169 947 1204 ἐνδεικνυμένης,

159 1217 276 1244 ἐνταῦθα
299 1219 359 1244 κατ’
376 1218 533 1254 ἀμφοτέρας
551 1217 599 1248 τὰς
615 1217 718 1248 ἐννοίας
735 1217 802 1252 πρὸς
820 1217 864 1242 τὸν
889 1217 948 1242 κατ’

159 1263 260 1299 ἀρετὴν
283 1262 339 1298 βίον
353 1263 607 1299 χειραγωγούμεθαο
622 1264 638 1299 ἧ
664 1272 693 1289 τε
708 1262 761 1299 γὰρ
776 1262 950 1298 ὲξαγόρευσις

161 1309 298 1345 χωρισμόν
312 1318 373 1336 τινα
388 1310 434 1336 καὶ
442 1309 617 1345 ἀλλοτρίωσιν
629 1308 682 1335 τῶν
696 1307 789 1336 κακῶν
797 1307 950 1343 ἀπεργάζε-

161 1364 216 1386 ται,
234 1355 264 1382 τό
275 1363 304 1382 τι
319 1356 387 1391 πρὸς
404 1356 452 1391 τὴν
462 1355 637 1391 εὐχαριστίαν
648 1354 786 1390 πρόθυμον
798 1353 948 1386 πλεονάζει,

104 1416 106 1419 -
161 1402 207 1428 καὶ
215 1401 264 1438 τὴν
278 1401 341 1436 περὶ
355 1401 402 1428 τοῦ
411 1401 555 1436 εὐεργέτου
567 1401 645 1436 χάριν
655 1401 700 1426 ἐπὶ
712 1399 766 1427 τῶν
783 1400 950 1435 εὐαισθήτως

159 1449 309 1484 δεχομένων
317 1448 365 1480 τὰς
374 1448 505 1480 εὐποιίας.
520 1447 741 1484 Παρακελεύεται
749 1446 837 1472 τοίνυν
851 1446 865 1472 ὁ
873 1445 951 1480 λόγος

160 1494 209 1530 τὴν
227 1494 435 1530 εὐχαριστήριον
449 1494 586 1530 ὑμνῳδίαν
598 1493 773 1529 προσφέρειν,
787 1492 833 1518 καὶ
849 1491 952 1526 διηγεί-

162 1541 223 1569 σθαι
249 1541 300 1573 τὰς
321 1541 395 1573 θείας
421 1539 590 1574 εὐεργεσίας.
619 1539 656 1566 Τὸ
671 1539 726 1574 γὰρ
750 1538 950 1569 ἐπικαλεῖσθε,

162 1587 331 1622 κηρύσσετε
352 1588 366 1613 ὁ
383 1586 531 1621 Σύμμαχος
552 1585 734 1620 ἡρμήνευσεψ
757 1583 850 1619 ἕτερος
865 1583 893 1610 δὲ
907 1584 954 1619 ἐρα

164 1633 298 1669 μηνευτής
314 1641 390 1668 φησι,
404 1633 458 1659 Καὶ
473 1631 661 1659 ἐπικαλεῖσθε
673 1631 705 1658 ἐν
713 1631 833 1665 ὀνόματι
847 1630 949 1658 αὐτοῦ·

164 1680 235 1715 μέγα
249 1688 275 1705 τι
290 1679 484 1714 αἰνιττόμενος.
500 1678 550 1704 Ἂν
574 1677 629 1713 γὰρ
649 1676 844 1712 ὲξομολογήσῃ,
873 1676 951 1711 φησὶ,

162 1710 210 1753 καί
219 1725 323 1761 amem
336 1724 370 1751 τὰ
383 1710 702 1760 αμαρτήματαίδυνήσῃ,
717 1710 951 1758 paenissime;
966 1710 987 1739 ε·

160 1773 191 1800 τὸ
198 1772 282 1808 ὄνομα
299 1771 380 1799 αὐτοῦ
395 1770 525 1802 καλέσας,
546 1769 652 1806 μεγάλα
670 1769 837 1804 ἐργάσασθαι
850 1767 949 1802 ἀγαθά,

162 1819 199 1845 οὐ
215 1818 301 1854 μάτην
315 1817 342 1844 δὲ
356 1816 574 1852 ἐξομολογεῖσθαι
597 1815 740 1851 πρότερον,
758 1815 806 1841 καὶ
825 1814 951 1850 δεύτερον

162 1863 489 1898 ἐπικαλεῖσθαιβούλεται·
508 1861 564 1888 ἀλλ’
580 1861 634 1893 ἵνα,
653 1860 768 1896 καθαροὶ
785 1859 830 1886 διὰ
844 1860 894 1894 τῆς
909 1859 952 1892 ἐξ-

1003 1075 1144 1110 Scriptura
1170 1076 1256 1102 soleat
1282 1075 1383 1109 duplici
1401 1083 1483 1103 sensu
1504 1075 1705 1104 confessionem
1725 1083 1789 1113 pro-

1002 1121 1084 1155 ferre,
1107 1112 1139 1149 ac
1166 1121 1246 1149 modo
1263 1122 1314 1149 hac
1333 1130 1399 1150 voce
1415 1126 1590 1157 peccatorum
1607 1112 1789 1151 denuntiatio-

1002 1175 1074 1201 nem,
1093 1167 1174 1195 modo
1190 1168 1340 1203 gratiarum
1357 1169 1492 1198 actionem
1514 1170 1665 1205 signiticet;
1680 1170 1725 1197 hic
1741 1179 1789 1198 se—

1002 1213 1120 1240 cundum
1135 1218 1279 1249 utramque
1294 1216 1438 1248 rationem,
1455 1215 1489 1242 ad
1508 1215 1591 1243 vitam
1608 1224 1671 1244 cum
1687 1217 1790 1245 virtute

1002 1259 1133 1294 agendam
1149 1259 1326 1286 iustituimur.
1342 1260 1410 1288 Nam
1432 1260 1596 1289 confessio‘a
1610 1261 1689 1290 malis
1700 1262 1790 1290 homi-

1002 1312 1064 1332 nem
1080 1308 1201 1333 semove’t
1227 1310 1254 1333 ct
1269 1306 1303 1334 iis
1319 1307 1437 1335 alienum
1452 1306 1532 1334 ellicit
1545 1317 1552 1334 :
1576 1308 1725 1344 gratiarum
1740 1316 1788 1335 au-

1003 1354 1057 1377 tem
1079 1351 1193 1378 actionis
1224 1351 1343 1379 studium
1364 1353 1435 1388 apud
1458 1352 1607 1381 beneficum
1629 1358 1707 1389 auget
1725 1361 1788 1390 gra-

1003 1396 1068 1423 tiam
1084 1405 1147 1433 erga
1162 1405 1210 1425 eos
1225 1399 1271 1433 qui
1285 1402 1363 1434 grato
1378 1399 1468 1426 animo
1479 1399 1609 1428 beneﬁcia
1625 1401 1698 1428 nacti
1713 1405 1786 1428 sunt.

1004 1441 1134 1470 Hortatur
1150 1444 1241 1478 itaque
1252 1452 1342 1472 sermo
1358 1445 1392 1472 ad
1409 1445 1524 1480 hymnos
1538 1446 1686 1481 gratiarum
1703 1447 1788 1473 actio-

1003 1489 1047 1517 nis
1058 1489 1219 1521 ell'erendos,
1233 1495 1260 1518 et
1270 1491 1303 1518 ad
1316 1491 1407 1518 divina
1420 1492 1548 1519 beneficia
1565 1493 1710 1520 narranda.
1721 1493 1789 1520 Nam

1004 1534 1081 1566 illud,
1096 1534 1223 1567 invocata,
1239 1534 1430 1571 Symmachus,
1447 1537 1589 1570 praedicam
1605 1537 1685 1564 vertit
1698 1547 1704 1564 :
1719 1537 1789 1565 alius

1005 1585 1093 1608 autem
1112 1581 1246 1616 interpres
1272 1582 1319 1613 ait,
1346 1581 1378 1608 Et
1402 1582 1517 1609 invocata
1540 1583 1567 1610 in
1588 1583 1692 1610 nomine
1713 1584 1788 1618 ejus;

1004 1634 1131 1662 magnum
1148 1628 1287 1663 quidpiam
1313 1628 1502 1657 subindicans.
1522 1629 1556 1656 At
1574 1630 1647 1657 enim
1671 1630 1694 1658 si
1724 1637 1790 1657 con-

1006 1672 1095 1701 fessus
1113 1673 1212 1706 fueris,
1241 1674 1296 1707 ait,
1319 1678 1346 1702 et
1363 1680 1478 1709 peccata
1489 1675 1665 1711 deposueris,
1689 1684 1789 1704 nomen

1003 1719 1062 1754 ejus
1091 1727 1153 1747 cum
1184 1719 1283 1747 ﬁducia
1305 1720 1458 1748 invocando
1478 1729 1578 1757 magna
1602 1722 1683 1750 edere
1707 1730 1790 1757 opera

1003 1765 1117 1793 valebis.
1135 1765 1228 1801 Neque
1244 1766 1303 1794 sine
1318 1774 1401 1794 causa
1424 1767 1512 1801 primo
1535 1768 1676 1802 conﬁteri,
1695 1772 1789 1804 postea

1004 1811 1133 1839 invocare
1146 1815 1272 1847 exoptat;
1286 1812 1333 1840 sed
1350 1817 1378 1840 ut
1393 1821 1441 1848 per
1453 1813 1653 1841 confessionem
1668 1812 1788 1850 purgati,

1004 1865 1036 1884 ex
1052 1865 1119 1892 puro
1136 1857 1318 1886 instrumento
1333 1859 1463 1893 hymnum
1474 1859 1630 1888 offeramus.

162 1909 333 1946 αγορεύσεως
344 1909 496 1944 γενόμενοι,
510 1909 542 1934 ἐκ
551 1905 673 1943 καθαροῦ
683 1907 799 1942 ὀργάνου
810 1904 857 1932 τὸν
869 1905 952 1941 ὕμνον
967 1903 1205 1940 προσενέγκωμεν.

203 1979 411 2014 Earum-suate
425 1979 459 2004 ἐν
472 1977 535 2011 τοῖς
548 1977 649 2004 ἔθνεσι
663 1977 698 2003 τὰ
711 1976 784 2010 ἔργα
798 1975 901 2002 αὑτοῦ.
923 1975 952 2001 '0

164 2024 232 2061 μετὰ
242 2025 336 2061 χεῖρας
351 2022 426 2055 αἶνος
443 2023 492 2059 τὴν
512 2023 633 2059 ἱστορίαν
647 2021 821 2057 ἐπιτέμνεται
832 2020 881 2056 τὴν
898 2020 952 2046 ἀπὸ

169 2071 294 2108 ’Λῦραὰμ
307 2071 355 2097 καὶ
381 2071 427 2097 ἐπὶ
446 2069 534 2102 ἔξοδον
556 2069 609 2096 τῶν
631 2068 696 2095 υἱῶν
716 2067 824 2102 Ἰσραὴλ
836 2067 885 2102 τὴν
898 2066 952 2092 ἀπὸ

163 2117 309 2152 Αἰγύπτου·
325 2116 358 2151 ἠν
383 2116 430 2142 καὶ
453 2115 630 2150 ἐπαγγέλλειν
654 2115 711 2145 τοῖς
731 2112 861 2139 ἐθνεσιτδ
881 2112 951 2138 θεῖον

164 2163 275 2199 Πνεῦμα
289 2161 515 2198 παρακελεύεται,
524 2161 594 2188 ὥστε
602 2159 645 2186 διὰ
658 2159 758 2186 τούτων
771 2158 856 2193 δηλῶν
867 2158 950 2191 ἐστιν,

164 2211 300 2245 ὼςδνησιν
314 2209 365 2235 οὑκ
380 2207 517 2238 Ἰουδαίοις
531 2204 698 2241 μόνον,ἀλλὰ
711 2209 759 2231 και
768 2205 823 2236 τοῖς
831 2204 859 2237 ἐξ
868 2204 952 2231 ἐθνῶν

165 2254 400 2292 πραγματεύεται,
416 2251 463 2279 τοῦ
478 2252 634 2286 [Ῑνεὺματος
650 2250 713 2281 τοὺς
735 2249 789 2276 τῶν
799 2249 882 2276 ἐθνῶν
899 2249 952 2276 διε-

164 2303 300 2338 γείροντος
320 2301 443 2336 κήρυκας
460 2299 500 2329 εἰς
513 2298 543 2323 τὸ
558 2297 649 2331 ζητεῖν
659 2295 707 2323 τὸν
719 2295 822 2330 Κύριον
841 2295 889 2323 καὶ
902 2303 952 2330 κη-

165 2349 272 2383 ρύσσειν
288 2346 322 2373 τὰ
336 2345 400 2380 περὶ
420 2342 501 2372 αὑτοῦ
524 2342 689 2377 διηγήματα.
711 2340 766 2367 Καὶ
781 2340 867 2367 ταῦτα
890 2340 950 2375 μεθ’

165 2393 265 2430 ὓμνων·
276 2390 422 2428 φησὶγοῦν-
438 2390 548 2424 ’ᾼσατε
567 2386 647 2419 αὐτῷ
660 2386 710 2413 καί
726 2386 843 2420 ψάλατε
859 2385 948 2418 αὐτῷ·

163 2439 347 2475 (St-1111an005
358 2436 455 2464 πάντα
471 2434 507 2461 τὰ
530 2432 680 2468 θαυμάσια
701 2432 804 2460 αὑτοῦ.
823 2431 950 2458 Βούλεται

164 2483 368 2519 ἀπαγγελθῆναι
388 2483 444 2513 τοῖς
458 2480 570 2510 ἔθνεσιν,
585 2479 622 2510 ὡς
633 2477 760 2512 ἀγνοοῦσι
776 2478 822 2504 καὶ
838 2477 951 2513 μηδέπω

166 2529 361 2567 μεμαθηκόσιν,
384 2527 477 2557 ὁποίας
499 2525 582 2553 πάλαι
606 2524 737 2560 πρότερον
761 2523 920 2558 εὐεργεσίας
936 2523 950 2548 6

163 2576 230 2608 Θεὸς
243 2574 282 2610 τῷ
298 2575 422 2610 προτέρῳ
433 2571 490 2607 λαῷ
505 2571 665 2607 παρέσχετω
683 2570 730 2596 καὶ
745 2570 828 2601 ὅπως,
846 2568 950 2604 μυρίων

164 2621 274 2658 ἀγαθῶν
288 2619 363 2655 παρὰ
373 2619 420 2646 τοῦ
431 2618 497 2645 Θεοῦ
508 2617 697 2653 τετυχηκότες,
717 2616 877 2653 παρέϐησαν
888 2616 951 2642 ἀσε-

165 2668 306 2703 ϐήσαντες·
328 2665 375 2692 καὶ
396 2664 434 2695 ὡς
454 2663 498 2690 διὰ
519 2663 569 2695 τὰς
595 2663 766 2699 παρανομίας
790 2662 878 2689 αὐτῶν
900 2662 949 2697 τῆς

165 2714 241 2746 θείας
269 2710 420 2745 ἐπισκοπῆς
449 2709 651 2737 ἐκπεπτώκασι.
670 2709 783 2736 Κελεύει
800 2709 829 2735 δὲ
843 2709 890 2735 καὶ
909 2709 951 2744 ὲρσ

167 2758 268 2796 μηνέας
286 2756 410 2792 γίνεσθαι
428 2755 474 2782 καὶ
495 2755 662 2791 σαφηνιστὰς
679 2755 732 2783 τῶν
752 2756 780 2782 ἐν
793 2756 849 2787 τοῖς
867 2754 951 2786 θείοις

165 2803 266 2838 λογίοις
283 2802 454 2838 ἀπορρήτωψ
481 2800 552 2836 άπερ
574 2801 606 2828 ἂν
622 2801 664 2836 εἴη
686 2801 721 2828 τὰ
743 2800 883 2836 θαυμάσια
901 2801 951 2827 αὑ-

166 2850 222 2878 τοῦ·
242 2849 289 2876 καὶ
304 2847 397 2879 ἁπλῶς
415 2846 562 2882 ὑμνῳδίαις
582 2847 662 2874 αὑτὸν
676 2847 835 2882 ἀμείΰεσθαι
854 2847 898 2873 κού⁴
919 2846 952 2873 τὰ

167 2897 232 2931 παρ’
247 2894 328 2922 αὑτοῦ
345 2893 478 2928 γενόμενα
499 2893 562 2924 τοὺς
582 2892 743 2926 ἀγνοοῦντας
761 2893 864 2926 διδάξαι
888 2893 953 2919 θαυ-

172 2942 264 2978 pacta.

1038 1972 1200 2000 Annuntiate
1224 1974 1292 2001 inter
1314 1978 1400 2009 gentes
1425 1981 1504 2008 apem
1531 1974 1600 2009 ejus.
1629 1973 1692 2001 Haec
1717 1974 1788 2008 laus,

1003 2026 1083 2054 quam
1108 2022 1278 2052 tractamus,
1303 2020 1444 2047 historiam
1469 2021 1632 2055 compendio
1656 2025 1748 2048 narrat
1773 2029 1790 2048 a

1003 2068 1124 2099 tempore
1152 2064 1301 2092 Abrahami
1325 2065 1359 2093 ad
1383 2066 1485 2093 exitum
1501 2066 1620 2099 ﬁliorum
1645 2067 1729 2094 lsrael
1755 2074 1790 2095 ex

1002 2110 1135 2146 A'ngpto;
1149 2118 1230 2146 quam
1247 2111 1374 2146 gentibus
1395 2112 1559 2140 annuntiare
1577 2113 1655 2147 jubet
1670 2112 1790 2148 Spiritus

1004 2156 1112 2185 divinus
1123 2157 1182 2191 ;.ita
1201 2161 1230 2184 ut
1247 2157 1290 2185 his
1308 2157 1428 2185 declaret
1450 2166 1505 2186 non
1521 2158 1678 2186 Iudaeorum
1694 2159 1788 2192 modo,

1004 2206 1052 2234 sed
1065 2207 1147 2234 etiam
1164 2207 1283 2242 gentium
1302 2207 1445 2235 utilitatem
1463 2208 1555 2235 curari
1569 2217 1575 2234 :
1592 2206 1695 2242 Spiritu
1714 2207 1789 2235 scili-

1003 2256 1046 2281 cet
1075 2260 1215 2288 pnecones
1240 2254 1362 2289 gentium
1388 2254 1525 2282 excitante
1551 2254 1584 2281 ad
1611 2253 1789 2289 qurerendum

1003 2291 1147 2326 Dominum
1170 2304 1197 2327 et
1209 2301 1242 2328 ad
1257 2300 1429 2335 praedicanda
1445 2301 1506 2336 ejus
1519 2307 1611 2335 opera.
1627 2298 1710 2334 ldque
1726 2306 1789 2326 cum

1003 2345 1111 2381 hymnis
1127 2346 1262 2381 agendum
1286 2346 1384 2378 docet,
1411 2346 1452 2373 ait.
1472 2345 1544 2374 enim
1562 2355 1569 2373 :
1597 2344 1709 2372 Caritate
1724 2345 1748 2371 ei
1763 2348 1789 2371 et

1002 2391 1108 2426 psallite
1122 2392 1157 2424 ei,
1176 2396 1284 2420 narrate
1297 2393 1386 2420 omnia
1410 2392 1546 2421 mirabilia
1559 2391 1627 2426 ejus.
1643 2390 1707 2418 Vult
1723 2399 1789 2427 gen-

1002 2438 1093 2470 tibus.
1122 2441 1216 2473 utpote
1239 2438 1430 2473 ignorantibus
1453 2446 1486 2465 ac
1511 2437 1633 2465 nondum
1659 2437 1787 2471 edoctis,

1003 2484 1159 2512 annuntiari
1175 2488 1278 2519 quanta
1302 2484 1366 2512 olim
1391 2484 1521 2512 beneficia
1544 2484 1616 2512 Deus
1630 2484 1722 2519 prisco
1737 2492 1787 2519 po-

1003 2531 1067 2565 pulo
1089 2530 1269 2565 impertierit;
1291 2538 1324 2558 ac
1349 2531 1486 2566 quomodo
1502 2530 1544 2558 illi,
1564 2530 1668 2557 inlinita
1691 2538 1706 2557 a
1733 2529 1788 2557 Deo

1004 2584 1114 2604 munera
1127 2578 1278 2609 consecuti,
1296 2577 1377 2612 impie
1392 2577 1556 2611 transgressi
1572 2576 1646 2610 sint;
1657 2584 1710 2612 qua
1723 2577 1787 2604 item

1002 2622 1108 2650 ratione
1124 2623 1159 2650 ob
1175 2622 1334 2657 iniquitates
1350 2630 1414 2650 suas
1427 2630 1442 2649 a
1461 2622 1507 2649 Dei
1529 2622 1698 2658 providentia
1719 2622 1788 2657 lapsi

1003 2667 1067 2695 sint.
1083 2666 1162 2695 lubet
1171 2673 1260 2695 autem
1275 2675 1321 2695 eos
1335 2670 1362 2694 et
1372 2668 1534 2702 interpretes
1547 2672 1574 2694 et
1597 2667 1788 2702 explanatores

1002 2720 1064 2740 esse
1074 2720 1238 2740 arcanorum
1253 2720 1313 2747 quae
1324 2712 1415 2739 divina
1426 2712 1533 2747 eloquia
1548 2712 1766 2747 complectuntur
1777 2719 1785 2737 :

1002 2766 1063 2793 quae
1089 2766 1154 2786 sane
1179 2758 1314 2785 mirabilia
1330 2758 1390 2793 ejus
1410 2757 1530 2786 fuerint:
1549 2766 1581 2786 ac
1598 2757 1736 2793 praecipit,
1759 2760 1788 2783 ut

1003 2804 1114 2843 hymnis
1141 2804 1193 2839 ipsi
1221 2804 1307 2832 vicem
1332 2804 1498 2840 rependant.
1515 2809 1541 2832 et
1558 2804 1613 2832 abs.
1623 2811 1652 2831 se
1680 2806 1792 2838 patrata

1005 2850 1139 2880 mirabilia
1156 2850 1345 2886 ignorantibus
1363 2851 1499 2886 wex-iant.
