2044 3212
258 195 271 221 ‘I
277 195 328 223 299

295 253 375 281 Vens.
392 254 460 281 5-4.
484 254 646 283 Laudamim'
671 256 699 283 in
726 257 830 283 nomine
852 260 944 283 sancto
960 256 1017 290 eius
1037 263 1046 283 :
1061 261 1084 290 Α

258 300 363 327 (tutetur
378 309 423 327 cor
442 302 616 336 quwrentium
639 302 794 330 Dominum.
821 303 938 336 Qumrite
956 302 1047 329 Domi-

257 355 331 381 num,
349 352 373 374 et
391 348 597 383 conﬁrmantini,
615 349 725 383 quwrite
752 348 846 383 facient
863 349 920 383 ejus
937 357 1045 381 semper.

257 392 330 421 Laus
363 395 437 422 enim
458 399 485 422 et
509 395 594 430 gloria
622 395 655 422 iis
686 399 729 423 est
754 395 800 430 qui
835 395 882 422 Dei
918 396 1047 423 virtutem

256 445 396 468 cnarrant.
412 441 510 477 Aquila
532 449 596 469 vero
618 442 680 469 loco
703 442 785 473 illius,
815 442 975 474 laudamini,
1005 442 1047 469 in-

257 490 433 522 terpretatur,
450 488 613 522 gloriamini.
631 487 757 523 Przecipit
772 493 863 516 autem
878 496 968 516 sermo
982 496 1046 524 apo-

256 531 335 558 stolis
347 539 496 567 eorumque
511 534 728 565 successoribus,
745 537 774 560 ut
789 541 823 560 ne
848 534 874 560 in
889 534 1003 566 divitiis,
1018 534 1045 560 in

256 577 367 610 robore,
385 577 412 604 in
425 579 557 612 potentia.
574 580 658 606 altum
675 580 780 615 sapiant
794 589 801 607 ί
818 580 865 607 sed
881 581 908 607 in
925 581 981 608 veri
997 580 1044 608 Dci

255 624 412 661 cognitione
426 629 453 652 et
468 626 649 660 providentia.
668 634 698 653 ac
717 628 742 652 in
761 634 793 653 eo
810 627 881 661 quod
895 626 1044 654 Christiani

255 660 398 697 vocentur.
416 670 473 697 Hoc
499 674 563 698 item
577 672 654 705 jubet
670 672 781 699 divinus
796 673 953 706 Apostolus,
980 672 1043 699 dum

255 716 294 742 ait
311 726 316 743 :
332 716 383 749 Qui
403 717 543 751 gloriatur,
559 719 585 744 in
603 718 713 744 Domino
734 719 861 753 glorietur
876 727 886 745 :
905 727 955 746 non
976 719 1044 745 enim

254 762 299 796 qui
313 763 427 796 seipsunt
450 764 614 790 commendat
636 764 680 791 ille
694 765 820 799 probatus
835 770 889 798 est,
909 766 954 792 sed
969 774 1044 801 quem

254 807 384 836 Dominus
395 810 558 836 commendat
568 811 600 837 ⁸¹.
614 810 732 846 ldipsum
742 811 885 844 Jeremias,
898 812 922 839 id
935 813 1044 848 sapien-

255 856 358 882 tissima
371 856 448 883 Anna
461 858 641 891 pronuntiant
658 867 663 884 :
679 857 740 885 Non
757 859 885 893 glorietur
898 860 1002 893 sapiens
1017 860 1044 886 in

253 902 384 935 sapientia
400 911 459 935 sua,
477 907 501 929 et
522 911 572 929 non
596 903 725 938 glorietur
747 904 825 938 fortis
844 905 871 931 in
886 904 1044 939 fortitudine

252 955 313 979 sua,
329 953 353 974 et
369 956 419 974 non
444 948 572 983 glorietur
597 949 668 976 dives
690 950 717 976 in
744 949 845 976 divitiis
863 950 940 977 suis:
957 949 1001 977 sed
1016 951 1042 977 in
1058 943 1080 971 Β

251 993 300 1020 hoc
314 994 442 1028 glorietur
456 995 501 1030 qui
512 995 654 1029 gloriatur,
668 995 837 1031 intelligendo
849 1001 873 1023 et
886 1004 1042 1031 cogitaueri-

251 1040 295 1072 do,
307 1041 369 1075 quia
381 1049 427 1076 ego
441 1049 500 1068 sum
516 1041 656 1074 Dominus,
674 1043 719 1076 qui
738 1042 808 1076 facio
833 1043 1041 1070 misericordiam

250 1091 275 1113 et
286 1087 423 1121 justitiam
437 1089 464 1115 in
479 1092 551 1114 terra
571 1088 605 1114 ⁵³.
618 1088 734 1116 Laztetur
745 1098 791 1116 cor
800 1090 974 1125 quazrentium
984 1089 1040 1116 Do-

251 1133 365 1166 minum,
384 1133 410 1160 id
425 1137 477 1165 est,
495 1134 679 1162 invocantium
690 1143 752 1162 eum
765 1136 798 1163 ad
815 1136 970 1171 opem.sive
986 1137 1041 1162 vir-

251 1183 309 1206 tute
329 1179 362 1206 ad
380 1187 441 1207 eum
461 1180 641 1214 tendentium,
654 1189 669 1208 a
682 1182 782 1217 quibus
797 1182 880 1209 etiam
893 1181 1038 1209 invenitur.

250 1225 334 1254 Docet
355 1231 445 1255 autem
459 1232 560 1262 quanta
578 1229 682 1256 utilitas
693 1237 727 1256 ex
748 1228 920 1256 confessione
941 1236 1038 1264 prove-

250 1272 316 1300 niet.
334 1272 402 1300 Nam
414 1273 486 1308 quod
508 1275 683 1309 quaesivistis,
701 1275 749 1306 ait,
774 1275 800 1303 id
819 1274 924 1302 accidet
945 1275 1039 1308 vobis;

250 1318 376 1345 videlicet
392 1320 475 1346 animi
499 1320 591 1348 lmtitia
607 1330 613 1347 :
631 1321 676 1348 illa
698 1321 798 1357 quippe
815 1321 873 1357 spei
889 1321 943 1349 Deo
962 1329 1040 1356 repo-

251 1364 310 1391 sita:
332 1364 438 1393 fructus
463 1370 516 1393 est.
539 1367 731 1395 Animadverte
754 1372 843 1396 autem
867 1369 1004 1403 quomodo
1023 1376 1039 1395 a

252 1410 427 1439 confessione
453 1412 596 1447 inceperit.
617 1418 643 1440 et
656 1413 684 1440 in
700 1413 822 1440 laetitiam
840 1414 955 1441 desinat.
970 1413 1038 1440 Nam

250 1457 389 1492 profectus
409 1459 559 1486 secundum
583 1458 668 1486 Deum
692 1460 800 1487 initium
822 1460 959 1487 confessio
975 1464 1037 1492 est;

250 1501 313 1529 ﬁnis
327 1506 416 1529 autem
436 1503 528 1530 laetitia
550 1504 700 1531 secundum
726 1505 809 1532 Deum
824 1514 830 1531 :
843 1505 958 1540 plurima
974 1512 1039 1533 vero

250 1548 352 1576 suntin
362 1549 451 1576 medio
463 1549 561 1576 horum
577 1551 677 1585 posita.
691 1550 805 1585 Oportet
817 1551 899 1586 igitur
914 1551 1038 1579 homines

250 1595 339 1628 primo
355 1595 477 1622 confiteri
494 1595 609 1622 Domino
624 1603 672 1630 per
686 1597 820 1623 sinceram
838 1597 1036 1631 paenitentiam.

250 1647 283 1666 ac
308 1647 356 1675 per
376 1640 482 1668 fructus
507 1641 671 1668 confessioni
702 1646 883 1676 congruentes
909 1650 915 1667 :
941 1642 1038 1670 deinde

249 1692 315 1712 vero
334 1686 366 1712 ad
385 1686 497 1713 meliora
510 1686 647 1721 profectos
661 1687 798 1715 conlidere
810 1691 837 1715 et
850 1688 976 1715 invocare
989 1696 1039 1715 no-

248 1739 311 1759 men
326 1731 385 1766 ejus
402 1741 408 1759 :
423 1732 517 1767 sicque
531 1733 575 1760 ubi
591 1738 653 1768 post
667 1733 871 1761 confessionem
892 1735 1039 1762 invocave-

249 1778 304 1805 rint
318 1786 391 1810 eum,
417 1778 518 1807 divinis
543 1779 754 1807 cbarismatibus
775 1779 892 1814 donari;
915 1780 966 1807 sub
982 1781 1039 1808 haec

248 1824 292 1852 bis
305 1825 434 1861 acceptis,
451 1833 533 1860 opera
545 1834 606 1861 qua:
620 1825 775 1853 didicerunt
789 1827 916 1854 omnibus
932 1835 1039 1853 annun-

247 1872 352 1904 tiando,
364 1872 425 1899 aliis
440 1879 548 1907 qunque
563 1871 642 1899 utiles
655 1879 714 1899 esse
731 1881 738 1898 :
753 1879 784 1898 ac
800 1877 898 1906 przcter
908 1872 965 1899 lucc
980 1880 1040 1899 om-o

248 1918 305 1949 nia,
322 1922 415 1953 utpote
440 1918 534 1945 laetitia
553 1918 609 1950 illa,
631 1926 692 1953 qute
716 1919 868 1946 secundum
885 1919 968 1946 Deum
985 1923 1037 1952 est,

248 1965 384 1999 dignatos,
400 1970 512 1993 cantare
533 1965 556 1992 ei
572 1969 598 1993 et
609 1966 725 2000 psallere
737 1966 760 1993 ei
778 1975 784 1993 :
801 1965 951 1993 secundum
970 1965 1037 1997 haec,

247 2012 438 2046 explanatores
450 2020 510 2039 esse
525 2020 697 2046 arcanorum,
714 2021 773 2048 qua;
788 2014 814 2039 in
825 2012 926 2040 divinis
937 2019 1039 2039 sermo-

247 2057 328 2083 nibus
343 2057 537 2091 Cnntinentur;
550 2058 624 2090 hinc,
641 2063 735 2094 utpote
751 2059 797 2094 qui
813 2059 870 2086 hrec
887 2059 978 2085 omnia
995 2066 1038 2085 re-

247 2106 290 2129 cte
303 2103 469 2138 peregerint,
484 2104 589 2131 laudari
604 2105 631 2131 in
645 2105 755 2132 nomine
766 2105 842 2140 ejus;
855 2105 964 2132 domum
977 2109 1038 2139 post

247 2149 305 2176 haec
334 2149 426 2177 omnia
459 2150 548 2177 anima
578 2151 674 2183 laetari,
697 2159 757 2186 quae
781 2159 829 2179 cor
846 2152 956 2178 dicitur.
975 2151 1038 2178 Haec

246 2203 329 2231 porro
343 2204 403 2231 quae
418 2195 561 2223 Dominum
579 2197 714 2231 quaesivit,
729 2201 786 2224 tum
803 2205 835 2225 ex
852 2198 910 2233 ipsa
926 2198 1037 2233 perqui-

246 2241 357 2272 sitione,
371 2244 429 2268 tum
446 2241 519 2276 quod
533 2242 680 2276 quaerendo
705 2243 836 2277 reperiat,
863 2250 894 2271 ea
916 2251 976 2278 quae
994 2251 1037 2271 se-

246 2287 365 2315 cundum
379 2286 464 2314 Deum
481 2291 523 2315 est
539 2287 632 2315 laetitia
650 2288 767 2315 fruatur.

280 2379 376 2407 lsthmc
392 2387 458 2407 vero
471 2379 562 2406 omnia
578 2379 685 2407 aestimo
699 2380 733 2407 ad
758 2387 903 2415 personam
921 2386 1033 2417 aposto-
1063 2380 1065 2382 ’

245 2426 334 2453 lorum
350 2433 365 2452 a
377 2425 481 2461 Spiritu
497 2430 594 2454 sancto
608 2426 716 2454 referri.
730 2426 798 2454 Nam
814 2427 881 2455 illud
899 2437 905 2455 :
920 2429 1033 2456 Annuu-

246 2472 310 2498 tiate
322 2474 350 2498 in
363 2473 482 2506 gentibus
497 2481 577 2508 opera
591 2472 659 2507 ejus,
671 2480 727 2500 non
745 2473 806 2501 aliis
823 2474 914 2503 dicere
934 2483 1035 2504 conve—

244 2518 286 2545 nit
297 2525 378 2554 quam
389 2518 452 2546 illis.
466 2518 606 2547 Sermonis
621 2527 703 2555 porro
714 2520 855 2547 veritatem
867 2521 925 2556 ipse
940 2530 1032 2549 rerum

244 2568 360 2592 eventus
375 2565 548 2593 testificatur.
563 2565 670 2593 Etenim
690 2567 707 2593 ii
726 2567 776 2594 soli
789 2567 816 2594 in
829 2568 957 2603 gentibus
971 2577 1032 2604 quae

244 2619 294 2640 sua
310 2618 393 2646 opera
416 2611 605 2651 universorum
631 2612 715 2640 Deum
733 2619 929 2650 cognoverunt,
947 2623 1029 2651 opera

243 2657 294 2685 Dei
313 2656 555 2689 annuntiaverunt,
572 2649 641 2692 quas
664 2662 759 2693 gentes
772 2649 912 2694 superius
934 2649 1031 2688 novam

244 2702 446 2738 generationem
470 2705 496 2729 et
521 2696 648 2737 populum
665 2703 710 2739 qui
730 2699 839 2731 éreatur
855 2706 1032 2740 nuncupavit.

243 2749 313 2776 Eum
331 2748 423 2782 itaque
439 2747 486 2782 qul
504 2747 645 2775 Dominum
661 2750 825 2784 quaesiturus
841 2756 892 2784 est,
909 2759 977 2786 opus
992 2757 1034 2779 est

243 2794 333 2830 primo
344 2800 391 2827 per
402 2792 537 2820 sinceram
548 2793 736 2826 paenitentiam
749 2797 775 2821 et
785 2802 833 2829 per
844 2794 949 2822 fructus
958 2794 1033 2830 ejus-

244 2840 306 2867 dem
330 2838 454 2866 confiteri
477 2847 484 2867 :
506 2845 569 2864 nam
588 2838 634 2872 qui
652 2838 714 2865 talis
729 2842 781 2869 est.
799 2839 882 2866 Deum
898 2847 1031 2874 quazrere,

280 2918 303 2936 ⁵²
323 2917 346 2948 Π
361 2917 425 2947 Cor.
442 2926 478 2953 ι,
495 2917 540 2951 17,
558 2916 601 2946 18.
640 2917 664 2933 ⁸³
682 2915 737 2945 Jer.
756 2925 794 2952 Ix,
810 2916 862 2952 23,
880 2917 924 2946 24.

577 196 726 230 εἘυὸΕΒιῐ
751 198 994 227 CESABIENSIS
1009 197 1041 226 01

1106 197 1196 226 PARS
1209 197 1253 226 ΙΙΙ.
1265 197 1513 227 -ΕΧΕῦΕΤΙΟΔ,

1819 197 1893 228 1500

1140 255 1325 295 Ἐπαινεῖσθε
1339 257 1374 282 ὲν
1385 255 1425 288 τῷ
1439 255 1561 290 ὀνόματι
1575 254 1615 287 τῷ
1633 254 1707 290 ἁγίῳ
1719 255 1824 282 αὐτοῦ·
1841 257 1893 283 εὑ-

1099 302 1256 337 φριινθήτω
1279 301 1384 336 καρδία
1410 301 1577 336 ζητούντων
1595 301 1649 327 τὸν
1661 301 1779 335 Κύριον.
1795 301 1893 336 Ζητή-

1099 356 1172 375 σατε
1196 347 1250 374 τὸν
1268 348 1387 382 Κύριον,
1403 347 1453 374 καὶ
1469 345 1832 382 κραπιὼΜτε-ζητήσατε
1855 347 1891 374 τὸ

1099 395 1260 429 πρόσωπον
1271 394 1363 421 αὐτοῦ
1372 393 1544 426 διαπαντός.
1558 393 1687 425 Ἐπαινος
1702 392 1755 428 γὰρ
1762 393 1818 424 ,καὶ
1825 392 1892 425 δόξα

1098 442 1153 471 τοῖς
1163 440 1212 475 τὴν
1221 439 1321 475 ἀρετὴν
1335 439 1381 466 τοῦ
1392 439 1458 466 Θεοῦ
1473 439 1672 475 διηγουμένοις.
1688 439 1754 466 Ὁδὲ
1773 439 1891 471 Ἀκύλας

1097 486 1158 512 ἀντὶ
1177 485 1223 512 τοῦ
1251 485 1430 518 ἐπαινεῖσθε,
1454 484 1609 519 καυχᾶσθε
1631 484 1747 512 τέθεικε.
1762 486 1891 522 Παρακεηι

1097 531 1204 558 λεύεται
1217 531 1245 557 δὲ
1258 532 1272 557 ὁ
1288 531 1365 566 λόγος
1375 533 1431 563 τοῖς
1451 532 1610 563 ἀποστόλοις
1627 531 1675 558 καὶ
1687 533 1744 564 τοῖς
1756 532 1890 568 διαδόχοις

1098 578 1197 610 αὐτῶν,
1218 578 1254 613 μὴ
1277 578 1323 604 ἐπὶ
1338 577 1456 612 πλούτῳ,
1479 578 1516 614 μὴ
1529 578 1574 604 ἐπὶ
1593 577 1682 615 ῥώμῃ,
1695 578 1733 614 μὴ
1742 578 1790 604 ἐπὶ
1807 578 1888 605 δυνα-

1098 626 1183 660 στείᾳ,
1209 626 1280 660 μέγα
1293 625 1411 659 φρονεῖν·
1427 624 1484 650 ἀλλ’
1506 626 1534 650 ὲν
1558 626 1589 659 τῇ
1609 624 1655 650 τοῦ
1678 624 1805 660 ἀληθινοῦ
1820 624 1890 651 Θεοῦ

1097 672 1194 706 γνώσει
1208 672 1256 698 καὶ
1268 671 1424 707 προμηθείᾳ.
1437 670 1483 697 καὶ
1496 670 1534 705 τῷ
1544 670 1684 697 καλεῖσθαι
1696 670 1888 707 Χριστιανούς.

1097 718 1183 744 Τοῦτο
1195 717 1374 753 παρηγγύησε
1386 717 1432 743 καὶ
1440 717 1454 743 ὁ
1465 716 1537 748 θεῖος
1554 717 1722 747 Ἀπόστολος’
1737 717 1763 743 Ὁ
1771 716 1890 751 καυχώ-
1903 718 1915 723 “

1093 773 1185 799 μενος
1201 764 1264 799 γὰρ,
1286 763 1377 798 φησιν,
1391 763 1426 789 ἐν
1436 763 1533 797 Κυρίῳ
1553 762 1724 797 καυχάσθω
1739 763 1775 790 οὐ
1797 762 1853 798 γὰρ
1872 764 1891 790 ὁ

1095 811 1204 839 ἑαυτὸν
1217 809 1371 838 cur/ordir-
1383 809 1498 842 ἐκεῖνος
1511 810 1642 844 δόκιμος,
1662 810 1731 836 ἀλλ’
1748 809 1785 836 ὃν
1798 811 1816 837 ό
1831 809 1890 836 Κύ-

1092 866 1157 892 ριος
1174 856 1348 890 συνίστησι.
1376 855 1467 882 Ταῦτα
1482 855 1528 882 καὶ
1545 854 1680 890 Ἱερεμίας
1698 854 1745 881 καὶ
1762 855 1780 890 ὴ
1800 862 1890 889 σοφω-

1095 903 1162 938 τάτη
1182 904 1265 929 Ἀννα
1280 902 1398 935 διέξεισι·
1416 901 1464 936 Μὴ
1487 900 1650 935 καυχάσθω
1665 902 1681 928 ό
1695 901 1792 935 σοφὸς
1806 899 1889 935 ἐντῆ

1094 950 1187 983 σοφίᾳ
1199 948 1301 982 αὑτοῦ,
1320 948 1422 983 καὶμὴ
1438 947 1600 982 καυχάσθω
1618 949 1635 974 ό
1650 948 1777 982 ἰσχυρὸς
1793 947 1830 974 ἐν
1848 946 1889 980 τῇ

1093 996 1180 1029 ἰσχύϊ
1188 995 1292 1027 αὑτοῦ,
1309 995 1357 1021 καὶ
1373 994 1416 1029 μὴ
1430 994 1590 1028 καυχάσθω
1606 995 1622 1020 ό
1638 994 1786 1027 πλούσιος
1800 993 1837 1020 ὲν
1848 993 1889 1026 τῷ

1092 1042 1211 1075 πλούτῳ
1227 1041 1331 1068 αὐτοῦ·
1344 1042 1412 1068 ἀλλ’
1429 1041 1447 1075 ἢ
1456 1041 1490 1068 ἐν
1499 1041 1593 1074 τούτῳ
1609 1039 1770 1074 καυχάσθω
1784 1041 1802 1066 ὁ
1812 1048 1887 1066 καυ-

1092 1089 1234 1123 χώμενος,
1254 1087 1372 1117 συνιεῖν
1396 1088 1444 1114 καὶ
1470 1087 1636 1123 γινώσκειν,
1661 1086 1705 1113 ὅτι
1728 1085 1785 1121 ἐγώ
1799 1087 1888 1121 ειμιό

1091 1135 1199 1168 Κύριος
1214 1136 1230 1161 ὁ
1244 1134 1337 1161 ποιῶν
1352 1134 1439 1167 ἕλεος
1461 1134 1510 1160 καὶ
1534 1133 1735 1167 ’δικαιοσύνην
1752 1133 1804 1160 ἐπὶ
1832 1131 1888 1167 τῆς

1091 1180 1157 1216 γῆς.
1173 1181 1376 1215 Εὐφρανθήτω
1391 1180 1497 1215 καρδία
1513 1180 1678 1213 ζητούντων
1696 1179 1750 1207 τὸν
1763 1180 1886 1214 Κύριον·

1090 1227 1228 1254 τουτέστιν
1247 1227 1470 1262 ἐπικαλουμένων
1494 1226 1576 1253 αὑτὸν
1600 1227 1640 1258 εἰς
1662 1225 1800 1262 βοήθειαν,
1817 1226 1835 1262 ἢ
1852 1226 1887 1253 δι’

1091 1274 1191 1310 ἀρετῆς
1209 1274 1277 1309 πρὸς
1292 1273 1371 1300 αὐτὸν
1381 1273 1538 1305 ὁδευόντων,
1551 1269 1592 1304 οἷς
1601 1271 1822 1307 καὶεύρίσκεται,
1837 1272 1885 1298 Δι-

1090 1321 1184 1348 δάσκει
1197 1320 1224 1346 δὲ
1234 1320 1315 1346 πόσον
1332 1319 1426 1353 ὄφελος
1440 1319 1471 1346 ὲκ
1477 1318 1523 1346 τοῦ
1533 1318 1752 1354 ἐξομολογεῖσθαι
1768 1318 1885 1354 γενήσε-

1089 1376 1144 1393 ται.
1166 1367 1197 1393 Ὃ
1207 1366 1261 1401 γὰρ
1272 1366 1432 1401 ἐζητήσατε,
1443 1365 1519 1401 φησι,
1532 1364 1612 1392 τοῦτο
1620 1364 1798 1400 ¹συμϐήσεται
1806 1363 1883 1400 ὑμῖν,
1937 1392 1941 1397 ,

1089 1415 1105 1449 ὴ
1122 1414 1185 1449 περὶ
1200 1412 1246 1440 τόν
1260 1412 1320 1439 νοῦν
1335 1411 1498 1447 εὐφροσύνη·
1514 1411 1565 1447 τῆς
1578 1412 1632 1447 γὰρ
1645 1412 1685 1443 είς
1697 1411 1763 1439 Θεὸν
1775 1410 1885 1443 ἐλπίδος

1090 1460 1159 1496 αὕτη
1173 1460 1288 1495 καρπός.
1303 1459 1357 1486 es:
1369 1459 1397 1485 δὲ
1409 1459 1482 1490 ὅπως
1499 1458 1552 1485 ἀπὸ
1568 1458 1789 1494 ὲξομολογήσεως
1797 1457 1884 1493 ἧρξα-

1088 1516 1129 1539 το,
1152 1508 1198 1534 καὶ
1218 1506 1364 1542 κατέληξεν
1378 1506 1418 1536 εἰς
1442 1504 1621 1540 εὐφροσύνην.
1643 1504 1728 1540 Ἀρχὴ
1753 1504 1804 1540 μὲν
1829 1504 1885 1539 γὰρ

1089 1554 1139 1589 τῆς
1164 1552 1235 1580 κατὰ
1254 1552 1320 1578 Θεὸν
1341 1551 1483 1587 προκοπῆς
1503 1549 1706 1585 ἐξομολόγησις·
1727 1548 1805 1580 τέλος
1820 1547 1850 1574 δὲ
1866 1549 1884 1583 ἡ

1090 1599 1161 1626 κατὰ
1173 1599 1239 1625 Θεὸν
1248 1597 1411 1634 εὐφροσύνη·
1422 1597 1535 1623 πλεῖστα
1551 1596 1579 1623 δὲ
1596 1596 1630 1623 τὰ
1648 1595 1749 1631 μεταξὺ
1768 1596 1883 1622 τούτων,

1090 1646 1186 1680 Δεήσει
1201 1644 1291 1671 τοίνυν
1311 1642 1418 1679 πρῶτον
1435 1641 1654 1677 ἐξομολογεῖσθαι
1670 1640 1709 1676 τῷ
1725 1640 1822 1677 Κυρίῳ
1839 1640 1885 1667 διὰ

1089 1691 1204 1726 γνησίας
1218 1689 1370 1725 μετανοίας,
1386 1689 1434 1716 καὶ
1448 1688 1561 1724 καρπῶν
1572 1687 1731 1724 πρεπόντων
1741 1688 1775 1723 τῇ
1789 1686 1884 1722 ἐξομο-

1089 1738 1208 1772 λογήσει·
1227 1737 1320 1763 ἔπειτα
1337 1735 1530 1771 βελτιωθέντας
1544 1734 1655 1771 θαρρεῖν
1674 1734 1722 1761 καὶ
1741 1733 1884 1761 ἐπικαλεῖ-

1091 1782 1152 1809 σθαι
1167 1782 1197 1808 τὸ
1210 1781 1295 1817 ὄνομα
1313 1779 1462 1813 absolimo).
1475 1779 1561 1811 οὕτως
1580 1778 1649 1815 μετὰ
1659 1778 1708 1814 τὴν
1724 1778 1885 1814 ἐξομολόγη-

1091 1837 1131 1855 σιν
1148 1827 1375 1862 ἐπικαλουμένους
1390 1825 1585 1859 καταξιοῦσθαι
1602 1825 1656 1852 τῶν
1673 1824 1750 1861 παρὰ
1759 1824 1807 1852 τοῦ
1815 1824 1883 1852 Θεοῦ

1089 1874 1275 1910 χαρισμάτων·
1290 1871 1349 1900 εἶτα
1365 1873 1467 1899 τούτων
1490 1872 1626 1907 τυχόντες,
1643 1871 1753 1907 ἑτέρους
1767 1870 1883 1906 ὠφελεῖν

1088 1920 1132 1946 διὰ
1146 1919 1191 1946 τοῦ
1205 1919 1386 1953 ἀπαγγέλλειν
1398 1919 1438 1950 εἰς
1451 1918 1583 1950 ἅπαντας,
1599 1917 1670 1954 ἅπερ
1688 1916 1883 1952 μεμαθήκασιν

1089 1967 1157 2002 ἔργα
1181 1966 1273 1993 αὐτοῦ’
1291 1966 1338 1993 καὶ
1361 1966 1407 1992 ἐπὶ
1433 1964 1538 1996 τούτοις
1552 1964 1590 1995 ὡς
1608 1964 1641 1991 ἂν
1664 1963 1882 1997 καταξιωθέντας

1088 2014 1138 2049 τῆς
1151 2013 1222 2040 κατὰ
1229 2013 1294 2039 Θεὸν
1307 2012 1449 2048 θυμηδίας,
1462 2012 1536 2047 ᾄδειν
1551 2010 1624 2046 αὑτῷ
1642 2010 1691 2037 καὶ
1704 2009 1826 2044 ψάλλειν·
1834 2010 1885 2036 καὶ

1090 2059 1159 2094 μετὰ
1185 2058 1273 2085 ταῦτα
1289 2057 1456 2093 σαφηνιστὰς
1471 2056 1593 2091 γίνεσθαι
1613 2055 1667 2082 τῶν
1680 2055 1709 2082 ἑν
1725 2055 1782 2086 τοῖς
1799 2054 1883 2086 θείοις

1088 2104 1187 2139 λογίοις
1201 2104 1375 2141 ἀπορρήτων
1384 2101 1432 2130 εἶτ’
1446 2103 1496 2138 ’ήδη
1507 2101 1723 2138 κατωρθωκότας
1738 2101 1773 2128 τὰ
1783 2100 1883 2128 τοσαῦ-

1087 2159 1121 2177 τα
1136 2150 1306 2177 ἐπαινεῖσθαι
1321 2151 1350 2176 ὲν
1361 2149 1400 2184 τῷ
1415 2149 1525 2184 ὀνόματι
1539 2147 1630 2175 αὐτοῦ·
1653 2148 1701 2175 καὶ
1716 2147 1795 2179 τέλος
1811 2147 1882 2183 μετά

1089 2196 1186 2227 πάντα,
1202 2196 1394 2231 εὐφραίνεσθαι
1404 2194 1474 2221 κατὰ
1483 2193 1735 2229 διάνοιαν,καρδίαν
1750 2192 1882 2228 ὀνομαζο-

1089 2243 1182 2278 μένην.
1207 2242 1288 2277 Αὕτη,
1302 2242 1347 2268 τὸν
1372 2240 1474 2276 Κύριον
1503 2239 1666 2273 ὲκζητοῦσα,
1685 2238 1714 2272 ἐξ
1732 2238 1818 2274 αὐτῆς
1830 2240 1881 2274 τῆς

1050 2298 1073 2325 D
1088 2289 1227 2325 ζητήσεως
1244 2289 1290 2315 καὶ
1303 2288 1352 2323 τῆς
1360 2287 1590 2322 ὲπιγινομένηςτῇ
1602 2286 1714 2321 ζητήσει
1730 2285 1880 2324 εὑρέσεως,

1088 2335 1247 2362 ἀπολαυέτω
1256 2334 1305 2370 τῆς
1318 2334 1389 2360 κατὰ
1402 2333 1468 2360 Θεὸν
1481 2331 1659 2369 εὐφροσύνης.

1123 2381 1215 2408 Ταῦτα
1237 2381 1265 2407 δὲ
1282 2381 1370 2408 πάντα
1386 2380 1506 2416 ἡγοῦμαι
1523 2380 1562 2411 εις
1583 2378 1728 2415 πρόσωπον
1739 2376 1797 2404 τῶν
1810 2377 1879 2403 ἀπο-

1088 2428 1188 2455 στόλων
1203 2427 1254 2454 om
1276 2427 1323 2457 τοῦ
1349 2427 1427 2462 ἁγίου
1448 2426 1606 2462 Πνεύματος
1630 2423 1827 2460 ἀναφέρεσθαι.
1843 2422 1881 2449 To

1069 2490 1071 2494 τ
1087 2474 1151 2510 γὰρ,
1164 2474 1370 2509 Ἀπαγγείλατε
1389 2474 1424 2500 ὲν
1442 2472 1505 2506 τοῖς
1520 2472 1622 2500 ἔθνεσι
1641 2471 1677 2498 τὰ
1691 2471 1765 2506 ἕρτα
1773 2469 1877 2502 αὑτοῦ,

1086 2520 1137 2546 οὐκ
1148 2519 1237 2551 ἄλλοις
1255 2519 1369 2555 ἁρμόζει
1384 2518 1511 2553 λέγεσθαι
1533 2517 1550 2554 ἢ
1567 2517 1669 2550 αὐτοῖς.
1688 2516 1836 2553 Μαρτυρεῖ
1850 2514 1878 2542 δὶ

1085 2563 1124 2599 τῷ
1141 2564 1213 2599 λόγῳ
1228 2564 1258 2590 τὺ
1276 2564 1460 2599 ἀποτέλεσμα·
1479 2563 1555 2599 μόνοι
1574 2562 1630 2599 γὰρ
1647 2559 1876 2598 ἀπήγγειλαντοῦ

1084 2609 1152 2636 6εοῦ
1174 2610 1209 2636 τὰ
1222 2609 1291 2646 ἔργα
1305 2612 1333 2637 ὲν
1354 2611 1410 2642 τοῖς
1428 2610 1516 2637 ἔθνεσι
1528 2611 1585 2643 τοῖς
1607 2609 1640 2636 δι’
1652 2608 1743 2636 αὐτῶν
1754 2608 1802 2636 τὸν
1823 2607 1876 2634 τῶν

1083 2656 1151 2682 ὅλων
1167 2655 1233 2682 Θεὸν
1250 2656 1443 2690 ὲπεγνωκόσιν,
1460 2655 1506 2688 οὓς
1522 2655 1650 2691 ἀνωτέρω
1663 2654 1762 2690 καινὴν
1777 2653 1875 2688 γενεὰν

1084 2701 1132 2728 καὶ
1146 2702 1208 2728 λαὸν
1224 2702 1381 2737 κτιζόμενον
1410 2701 1625 2738 προσηγόρευσε.
1652 2701 1698 2727 Δεῖ
1717 2699 1809 2727 τοίνυν
1829 2698 1874 2725 τὸν

1085 2748 1215 2783 μέλλοντα
1232 2748 1324 2785 ζητεῖν
1338 2749 1384 2776 τὸν
1397 2749 1499 2785 Κύριον
1510 2748 1728 2784 ἐξομολογεῖσθαι
1741 2746 1873 2783 πρότερον

1083 2795 1117 2821 δι’
1130 2796 1292 2831 εἰλικρινοῦς
1318 2796 1462 2832 μετανοίας
1486 2795 1532 2822 καὶ
1545 2795 1599 2822 τῶν
1613 2793 1715 2829 ταύτης
1730 2792 1845 2829 καρπῶν
1861 2798 1869 2808 '

1084 2842 1097 2868 ὁ
1112 2842 1165 2877 γὰρ
1191 2841 1310 2874 τοιοῦτος
1330 2844 1377 2870 καὶ
1393 2841 1485 2878 ζητεῖν
1511 2841 1639 2873 advertat,
1659 2839 1706 2868 καὶ
1724 2838 1814 2877 ζητῶν
1828 2837 1869 2869 εὖ·
