2044 3212
188 187 255 223 ιδυι

738 189 1039 225 ΩΟΜΜΕΝἭΑΙῌΔἊΝ
1060 189 1226 218 PSALMOS.

1297 198 1328 231 ιν
1342 193 1368 227 ιι
1738 190 1806 218 1502

188 247 254 276 οεῖν.
271 247 303 273 Εἰ
319 247 375 283 γὰρ
400 247 446 275 ἐπὶ
470 248 550 275 λίθων
565 258 663 285 τιμιων
678 250 732 277 τῶν
756 250 863 277 εἰδότων
882 250 964 286 χρεία

1022 253 1049 276 et
1062 249 1209 285 quaerendo
1222 249 1345 277 invenire
1357 254 1457 284 potest.
1469 249 1535 276 Nam
1548 249 1571 277 si
1589 257 1649 277 cum
1661 249 1693 277 de
1707 249 1806 285 lapidi-

186 295 233 321 καὶ
241 294 287 320 ἐπὶ
299 293 476 330 κολυμϐητῶν
489 296 587 332 πολλῆς
600 297 649 332 τῆς
660 297 814 332 ἐπιστήμης
824 297 874 329 δεῖ,
884 296 972 331 πολλῷ

187 340 285 374 μᾶλλον
299 341 345 367 ἐπὶ
360 341 437 368 Θεοῦ.
452 343 540 369 Πολλὰ.
551 344 606 379 γάρ
624 344 682 370 ἐστι
694 343 728 370 τὰ
740 344 879 370 κωλύοντα
892 343 972 370 αὑτὸν

185 385 285 420 εὑρεῖν,
300 387 347 412 καὶ
365 387 534 423 πραγμάτων
543 389 631 424 ὂχλος,
648 390 695 417 καὶ
712 389 812 426 σαρκὸς
821 390 972 417 ἐπαναστά-

186 440 252 463 σεις,
275 433 322 458 καὶ
336 433 476 468 νοσήματα
485 434 588 470 ψύχῶν,
605 435 653 462 καὶ
669 435 802 470 δαιμόνων
818 435 969 467 ἐπιϐουλαὶ,

185 477 231 502 καὶ
257 477 377 513 ῥᾳθυμία
407 479 528 515 γνώμης.
563 481 620 507 Κᾶν
637 481 838 517 ἀπαλλαγῶμεν
868 481 970 508 τούτων

183 522 322 555 ἁπάντων,
341 526 444 560 ταχέως
461 527 542 554 αὑτὸν
563 527 725 564 εὑρήσομεν,
743 528 790 554 καὶ
806 528 854 564 τὴν
871 528 970 555 κακίαν

184 568 382 605 ἁποδυσόμεθα,
409 573 455 599 καὶ
481 572 531 608 τὴν
553 574 652 609 ἀρετὴν
667 574 799 609 ἑλώμεθα.
825 573 898 609 Αὕτη
915 573 969 609 γάρ

183 614 259 643 ἐστιν
271 616 288 651 ἡ
310 617 368 643 ἐκεῖ
379 618 498 653 φέρουσα
517 619 585 652 ὁδός.
603 620 636 646 Τί
649 618 694 647 οὖν
707 621 764 647 ἐστι
782 620 913 656 ζήτησις;
939 620 969 646 τὸ

183 663 301 697 συνεχῶς
309 664 411 691 ἐκεῖνον
422 667 521 692 ἐννοεῖν
535 667 581 693 καὶ
598 666 760 700 λογίζεσθαι·
780 668 794 694 ὁ
810 667 863 702 γὰρ
880 666 968 703 ζητῶν

181 707 227 735 ἐπὶ
238 708 355 742 διανοίας
367 710 421 739 Eva:
434 711 464 738 τὸ
477 712 649 744 ζττούιιενον.

215 796 370 831 Ζητήσατε
390 799 443 826 τὸν
461 801 569 835 Κύριον
590 802 639 829 καὶ
656 802 861 836 κραταιιὶιθητε“
881 802 966 837 ζητή-

180 847 254 869 σατε
268 843 300 870 τὸ
313 845 475 878 πρόσωπον
496 847 589 874 αὐτοῦ
612 848 784 882 διαπαντός.
803 849 835 875 Τί
848 850 905 876 ἐστι
936 849 967 876 τὸ

180 890 272 925 ζητεῖν
284 893 330 917 τὸν
346 890 447 927 Κύριον
458 900 464 923 ;
477 892 506 919 τὺ
523 892 557 920 τὰ
568 893 672 920 ἐκείνου
686 895 804 929 φρονεῖν,
817 894 846 921 τὸ
859 895 902 922 ἀεὶ
917 895 965 921 αὐ-

179 936 225 963 τὸν
242 937 405 971 λογίζεσθαι,
428 937 459 964 τὸ
470 939 512 964 ἀεὶ
527 939 558 965 ὲν
578 939 680 975 διανοίᾳ
694 940 775 975 ἔχειν,
787 940 817 967 τὸ
834 941 966 975 μηδέποτε

180 981 315 1008 παύεσθαι
331 982 475 1017 ὁμιλοῦντα
487 983 560 1018 αὐτῷ
574 983 617 1010 διὰ
630 984 678 1019 τῆς
691 983 843 1019 προσευχῆς
853 984 899 1011 καὶ
913 983 967 1010 τῶν

180 1027 291 1060 ἀγαθῶν
306 1028 441 1063 πράξεων.
464 1029 582 1064 Ἀμαχοι
597 1029 625 1056 δὲ
642 1031 667 1056 οἱ
696 1028 839 1065 ζητοῦντες
861 1029 966 1056 ἔσονται

182 1074 228 1100 καὶ
242 1073 380 1109 ἀήττητοι.
398 1075 582 1110 Παρορμήσας
600 1075 690 1110 μέντοι
711 1075 818 1109 ὁ,λόγος
836 1076 898 1106 τοὺς
912 1075 965 1102 τῶν

181 1119 266 1146 ἐθνῶν
282 1121 404 1156 κήρυκας
422 1121 469 1148 ἐπὶ
480 1121 511 1148 τὸ
528 1121 674 1157 προθύμως
687 1122 835 1157 ἑκζητῆσαι
853 1121 897 1148 τὸν
907 1121 965 1148 Kri-

181 1175 248 1200 ριον,
261 1166 301 1192 ἔτι
310 1166 408 1201 μᾶλλον
419 1167 516 1199 αὐτοὺς
522 1167 703 1204 ἐπιρρώννυσι
718 1167 814 1201 λέγων,
825 1167 966 1202 Κραταιώ-

181 1212 261 1244 θητε,
275 1212 407 1243 τουτέστι,
432 1211 477 1246 Μὴ
491 1211 638 1246 χαυνοῦσοε
657 1212 698 1243 είς
713 1212 743 1239 τὸ
769 1212 860 1248 ζητεῖν
874 1213 964 1239 αὐτόν.

181 1256 266 1283 Τοῦτο
290 1257 319 1283 δὲ
338 1259 493 1293 προσφωνεῖ
517 1258 618 1290 αὐτοῖς,
643 1259 681 1290 ὼς
699 1258 835 1294 δεομένοις
849 1258 964 1293 κράτους

180 1302 228 1329 καὶ
255 1303 394 1338 δυνάμεως
418 1304 459 1335 είς
485 1303 514 1329 τὸ
540 1303 646 1338 ἰσχῦσαι
673 1303 703 1330 τὸ
732 1302 964 1338 προστεταγμένον

180 1348 301 1383 ποιῆσαν
316 1349 385 1384 ὅπερ
401 1346 433 1383 ἦν
447 1348 477 1375 τὸ
494 1348 583 1379 ἔθνεσι
596 1347 723 1383 κηρύξαι,
742 1347 853 1382 Ἕλλησί
870 1356 899 1373 τε
916 1348 963 1373 καὶ

180 1393 337 1429 βαρϐάροις,
351 1394 421 1421 κατὰ
437 1394 477 1425 τὺ.
496 1395 602 1428 Κύριος
609 1393 697 1420 δώσει
712 1393 794 1428 ῥῆμα
806 1393 867 1425 τοῖς
882 1394 964 1425 εὐαγκ-

179 1439 375 1474 γελιζομένοις
390 1439 512 1474 δυνάμει
528 1439 638 1473 πολλῇ.
658 1439 794 1466 Διδάσκων
807 1438 835 1464 δὲ
849 1438 906 1469 πῶς
925 1437 964 1463 δεῖ

178 1485 208 1512 τὸ
220 1485 309 1522 ζητεῖν
324 1488 419 1518 ποιεῖν,
431 1486 477 1513 καὶ
496 1486 535 1513 ὃτι
546 1486 595 1521 οὐχ
611 1485 685 1518 ἅπαξ
702 1485 718 1520 ἢ
732 1485 782 1517 ὄις,
805 1484 871 1511 ἀλλὰ
888 1483 963 1519 παρὰ

178 1532 266 1558 πάντα
278 1532 324 1558 τὸν
335 1532 392 1567 βίον
404 1532 454 1567 τὴν
467 1531 568 1559 ἄνωθεν
587 1531 745 1566 ἐπικουρίαν
764 1531 896 1566 προσήκει
913 1531 962 1564 ζη-

177 1579 233 1604 τεῖν
247 1577 293 1604 καὶ
308 1578 356 1613 τὴν
374 1577 504 1612 ὠφέλειαν
527 1576 708 1612 καρποῦσθαι,
723 1577 854 1612 ἐπήγαγε·
868 1576 962 1610 Ζητή-
975 1591 997 1620 c

177 1631 250 1653 σατε
274 1623 308 1649 τὸ
324 1623 485 1658 πρόσωπον
510 1623 602 1650 αὑτοῦ
623 1622 794 1655 διαπαντός·
812 1622 842 1650 οὑ
871 1622 960 1657 τρίτον

177 1668 223 1694 τοῦ
237 1669 370 1701 ἐνιαυτοῦ,
383 1669 453 1696 κατὰ
471 1669 516 1695 τὺν
531 1668 583 1698 ὑπὸ
598 1668 735 1700 Μωῦσέως
751 1668 861 1696 δοθέντα
881 1668 961 1704 νόμον

177 1714 291 1747 ἐνώπιον
305 1714 387 1742 αὑτοῦ
400 1715 565 1750 φαινόμενοι,
576 1713 641 1741 ἀλλὰ
656 1713 729 1750 παρᾶ
741 1714 828 1741 πάντα
835 1714 879 1740 τὸν
894 1713 959 1749 βίον.

178 1762 324 1796 Πρόςωπον
337 1761 365 1787 δὲ
374 1760 489 1788 ἐνταῦθα
503 1761 553 1796 τὴν
563 1760 722 1795 ἐπιφάνειαν
735 1759 816 1787 αὑτοῦ
828 1761 903 1796 φησὶ,
913 1760 962 1795 τὴν

177 1805 336 1840 ἐπισκοπὴν,
351 1803 400 1840 τὴν
416 1805 553 1840 πρόνοιαν,
574 1804 623 1840 τὴν
638 1804 809 1840 κηδεμονίαν,
826 1805 875 1840 τὴν
898 1804 961 1840 βοή-

177 1849 262 1881 θειαν,
275 1849 324 1885 τὴν
336 1841 503 1885 συμμαχίαν,
515 1849 564 1884 τὴν
574 1849 681 1877 ἔννοιαν
690 1849 739 1886 τὴν
751 1851 814 1886 περὶ
823 1850 913 1885 αὐτόν.
926 1849 962 1879 Τὸ

177 1895 230 1930 γὰρ
246 1896 293 1931 τῆς
304 1896 398 1927 οὐσίας
417 1896 560 1931 πρόσωπον
570 1896 656 1927 οὐδεὶς
667 1895 761 1931 ὄψεται
774 1896 820 1923 καὶ
840 1895 961 1931 ζήσεται.

177 1941 325 1976 Πρόσωπον
339 1941 368 1968 δὲ
382 1940 464 1968 αὑτοῦ
480 1941 528 1968 καὶ
541 1943 556 1968 ὁ
570 1941 644 1974 Υἱός.

212 1985 369 2020 Μνήσθητε
389 1987 447 2014 τῶν
463 1987 636 2022 θαυμασίων
657 1987 750 2014 αὑτοῦ
768 1983 812 2013 ὧν
825 1987 960 2021 ἐποίησε,

177 2032 213 2058 τὰ
228 2032 334 2066 τέρατα
347 2033 440 2061 αὐτοῦ
461 2033 510 2060 καὶ
533 2033 569 2060 τὰ
590 2034 716 2068 κρίματα
737 2033 790 2060 τοῦ
814 2033 961 2067 στόματος

177 2078 285 2105 αὑτοῦ·
303 2079 357 2105 εἴτε
376 2079 431 2106 τῶν
447 2079 476 2106 ὲν
493 2081 525 2119 τῇ
543 2079 651 2115 Παλαιᾷ
665 2079 771 2114 Γραφῇ,
786 2079 840 2107 εἴτε
858 2078 913 2105 τῶν
932 2079 960 2105 ὲν

177 2125 232 2156 τοῖς
252 2124 438 2158 Εὺαγγελίοις.
455 2124 547 2152 Ταῦτα
562 2125 614 2160 γὰρ
630 2125 720 2160 δεήσει
738 2125 808 2159 ὑμᾶς
826 2125 889 2156 τοὺς
907 2124 960 2151 τῶν

178 2170 261 2196 ἐθνῶν
275 2171 398 2205 κήρυκας
417 2171 457 2203 εἰς
478 2171 567 2198 πάντα
587 2170 622 2197 τὰ
641 2171 705 2206 ἔθνη
725 2170 876 2197 διαδοῦναι·
900 2170 961 2196 ἐπεὶ

180 2216 216 2251 μὴ
237 2215 367 2251 πρότερον
388 2215 456 2242 αὐτὰ
476 2216 552 2251 παρά
570 2224 642 2248 τινος
664 2215 742 2244 ἄλλου
760 2216 957 2252 μεμαθήκασιν.

1022 297 1073 323 bus
1089 296 1216 330 pretiosis
1229 295 1328 330 agitur,
1347 296 1439 329 peritis
1453 299 1495 323 est
1507 303 1586 331 opus,
1603 300 1630 323 et
1643 296 1666 323 si
1682 297 1805 323 urinato-

1022 350 1066 370 res
1083 342 1168 369 multa
1184 342 1298 369 scientia
1315 346 1412 376 egent,
1426 343 1512 370 multo
1523 342 1610 377 magis
1623 350 1685 370 cum
1700 342 1734 370 de
1748 342 1804 370 Deo

1022 388 1119 423 agitur.
1141 387 1223 414 Multa
1236 387 1308 415 enim
1322 387 1514 422 impedimento
1524 392 1587 415 sunt
1599 387 1746 423 quominus
1759 388 1803 414 in-

1022 433 1157 466 veniatur,
1186 434 1357 468 negotiorum
1386 430 1531 465 tumultus,
1555 434 1647 461 carnis
1672 427 1807 464 insultusf

1020 481 1172 507 animarum
1194 480 1292 512 morbi,
1316 480 1468 507 daemonum
1483 479 1599 512 insidiae,
1615 480 1697 507 animi
1713 480 1804 515 segni-

1020 526 1089 559 ties;
1103 526 1125 554 si
1139 526 1181 554 his
1192 526 1319 553 omnibus
1332 526 1491 558 liberemur,
1501 526 1700 561 quamprimum
1712 527 1802 562 ipsum

1019 571 1200 604 inveniemus.
1229 571 1360 598 malitiam
1380 579 1523 606 ponemus,
1543 575 1571 599 ct
1595 572 1720 599 virtutem
1744 580 1802 599 am-

1019 618 1199 653 plexabimur.
1217 617 1279 644 llzec
1295 617 1395 652 quippe
1410 617 1453 644 via
1468 621 1511 645 est
1525 617 1571 645 illo
1592 618 1715 645 tendens.
1732 617 1802 651 Quid

1018 671 1084 698 ergo
1095 667 1137 691 est
1165 663 1211 690 illa
1237 662 1396 697 inquisitio?
1416 662 1573 697 frequenter
1593 662 1668 689 illum
1682 662 1802 698 cogitare

1017 713 1046 738 et
1056 709 1147 736 animo
1161 717 1272 742 versare
1289 718 1295 735 ι
1313 716 1375 736 nam
1399 708 1445 744 qui
1462 709 1568 743 quaerit,
1595 709 1623 736 in
1641 709 1699 744 ipsa
1713 712 1802 736 mente

1017 754 1090 790 quod
1105 755 1201 790 qurerit
1222 755 1312 782 habet.

1053 801 1170 834 Quwrile
1181 801 1322 827 Dominum
1331 806 1354 827 et
1363 800 1556 835 confirmamini
1568 807 1577 825 :
1587 800 1694 835 quwrite
1706 799 1803 833 faciem

1016 847 1073 881 ejus
1088 854 1197 881 semper.
1214 845 1285 879 Quid
1299 849 1341 874 est
1361 845 1504 874 Dominum
1531 846 1674 880 querere?
1690 853 1751 880 qua:
1768 846 1801 872 ad

1018 892 1092 919 illum
1104 892 1239 926 pertinent
1252 891 1457 926 sapere,deillo
1470 898 1577 926 semper
1591 890 1723 926 cogitare,
1738 898 1800 917 eum

1017 938 1043 965 ἱιι
1058 942 1148 965 mente
1160 945 1266 972 semper
1278 945 1397 969 versare,
1413 944 1551 972 nunquam
1564 944 1626 964 cum
1637 945 1670 964 00
1681 944 1728 971 per
1740 944 1803 963 ora-

1017 983 1117 1010 tionem
1128 987 1156 1010 et
1164 983 1235 1010 bona
1249 989 1331 1017 opera
1347 982 1528 1010 conversandi
1542 981 1622 1009 tinem
1636 981 1735 1009 facere.
1749 981 1801 1015 Qui

1017 1033 1106 1056 autem
1135 1028 1223 1063 ipsum
1247 1027 1399 1063 inquirunt,
1422 1027 1514 1055 invicti
1547 1031 1574 1054 et
1601 1026 1801 1061 insuperabiles

1015 1076 1105 1101 erunt.
1124 1073 1191 1100 Cum
1217 1072 1299 1107 igitur
1322 1080 1412 1100 sermo
1438 1073 1558 1107 gentium
1579 1079 1716 1107 praecones
1733 1072 1801 1099 inci-

1015 1122 1100 1146 tasset
1116 1124 1146 1146 ut
1159 1118 1303 1146 Dominum
1322 1118 1451 1146 alacriter
1462 1118 1647 1154 exquirerent,
1661 1125 1734 1144 nunc
1747 1125 1801 1144 ma-

1015 1165 1056 1199 gis
1077 1164 1216 1199 magisque
1231 1164 1373 1191 conﬁrmat
1387 1164 1447 1192 illos
1459 1164 1552 1192 dicens
1565 1173 1572 1191 ι
1587 1163 1799 1199 Conﬁrmamini,

1016 1210 1042 1237 id
1059 1214 1111 1241 est,
1123 1209 1162 1237 Ne
1176 1210 1294 1237 molliter
1309 1210 1335 1237 in
1351 1209 1396 1237 illo
1412 1210 1557 1245 qumrendo
1571 1210 1671 1245 agatis.
1690 1208 1734 1236 Sic
1749 1216 1799 1235 au-

1014 1259 1068 1283 tem
1086 1256 1160 1291 ipsos
1176 1256 1334 1291 alloquitur,
1351 1259 1381 1282 ut
1395 1256 1494 1283 robore
1505 1263 1537 1283 ac
1558 1256 1659 1282 virtute
1675 1253 1800 1290 indigen-

1015 1305 1066 1334 tes,
1084 1310 1137 1336 quo
1153 1302 1214 1329 illos
1233 1302 1266 1329 ad
1288 1302 1394 1336 jussum
1423 1301 1606 1337 peragendum
1628 1301 1771 1328 conﬁrmet
1791 1308 1797 1325 :

1013 1352 1072 1375 erat
1085 1355 1167 1382 porro
1181 1347 1258 1379 illud,
1274 1351 1302 1376 ut
1317 1347 1443 1383 gentibus
1455 1348 1643 1382 praedicarent.
1658 1346 1760 1374 Graecis
1772 1351 1801 1373 et

1013 1393 1148 1424 barbaris,
1172 1393 1322 1420 secundum
1342 1393 1408 1420 illud
1426 1401 1433 1418 :
1455 1393 1582 1420 Dominus
1605 1392 1678 1420 dabit
1692 1392 1798 1419 verbum

1011 1439 1249 1474 euangelizantibus
1259 1440 1353 1466 virtute
1369 1440 1453 1468 multa
1463 1439 1495 1466 ⁵⁸.
1505 1439 1641 1474 Docetque
1653 1447 1707 1474 quo
1717 1443 1798 1474 pacto

1012 1493 1134 1520 quaerere
1148 1485 1224 1512 illmn
1243 1489 1379 1520 oporteat,
1401 1491 1428 1513 ct
1440 1485 1513 1521 quod
1527 1493 1581 1512 non
1588 1485 1672 1519 semel
1682 1489 1729 1512 aut
1742 1484 1796 1516 bis,

1013 1531 1060 1560 sed
1074 1539 1121 1567 per
1137 1536 1220 1559 totam
1233 1532 1326 1564 vitam,
1342 1539 1491 1568 supernum
1509 1531 1640 1559 auxilium
1652 1530 1796 1566 exquirere

1012 1585 1081 1614 opus
1097 1578 1143 1611 sit,
1174 1583 1254 1613 atque
1276 1577 1340 1606 hinc
1363 1579 1506 1606 utilitatem
1526 1585 1633 1613 capere.
1653 1576 1797 1604 Subsumit

1012 1623 1109 1652 deinde
1122 1633 1128 1651 :
1143 1623 1259 1660 Quwrile
1276 1623 1370 1659 [aciem
1385 1625 1441 1658 ejus
1455 1632 1563 1657 semper.
1574 1623 1633 1650 Non
1651 1629 1692 1650 ter
1706 1623 1734 1649 in
1748 1630 1797 1649 an-

1011 1677 1057 1701 no,
1070 1672 1100 1696 ut
1115 1669 1142 1696 in
1158 1669 1215 1705 lege
1226 1669 1326 1705 Moysis
1342 1669 1489 1702 ferebatur,
1502 1669 1529 1696 in
1545 1672 1723 1704 conspectum
1736 1668 1796 1703 ejus

1013 1715 1166 1748 venientes,
1188 1715 1235 1743 sed
1250 1723 1297 1752 per
1316 1719 1400 1743 totam
1415 1715 1507 1742 vitam.
1532 1714 1641 1742 Faciem
1664 1722 1730 1742 vero
1753 1714 1797 1741 hic

1011 1765 1090 1789 vocat
1104 1761 1164 1797 ejus
1192 1761 1349 1794 ad\entum,
1373 1761 1566 1792 visitationem.
1586 1760 1795 1796 providentiam,

1011 1814 1116 1841 curam,
1130 1807 1271 1839 auxilium,
1281 1807 1479 1841 commilitium,
1493 1807 1717 1837 benevolentiam.
1728 1805 1795 1832 Nam

1012 1854 1171 1882 substantiae
1181 1853 1241 1889 ejus
1256 1853 1351 1881 faciem
1365 1861 1446 1883 nemo
1459 1853 1561 1880 videbit
1572 1856 1599 1880 et
1611 1852 1691 1882 vivet.
1700 1851 1796 1880 Facies

1011 1900 1075 1928 item
1090 1900 1149 1935 ejus
1163 1903 1203 1928 est
1223 1899 1318 1927 Filius.

1051 1988 1133 2017 Vens.
1161 1988 1187 2016 5.
1208 1988 1363 2016 Mementote
1381 1987 1544 2014 mirabilium
1566 1988 1622 2023 ejus
1646 1995 1704 2023 qua!
1724 1987 1794 2022 fecit,

1010 2034 1130 2069 prodigia
1152 2035 1208 2069 ejus
1230 2038 1254 2061 et
1274 2034 1379 2069 judicio
1393 2035 1448 2061 oris
1472 2032 1673 2065 eius;siveilla
1690 2039 1751 2067 qum
1767 2031 1795 2059 in

1012 2079 1101 2108 Veteri
1120 2080 1272 2116 Scriptura,
1286 2081 1342 2108 sive
1356 2081 1402 2108 illa
1410 2080 1508 2116 quazin
1524 2079 1678 2114 Evangeliis
1693 2086 1796 2106 memo—

985 2147 989 2152 .
1011 2131 1116 2154 rantur.
1137 2125 1200 2154 Haec
1209 2126 1280 2154 enim
1293 2134 1362 2162 opus
1377 2127 1429 2154 erit
1450 2134 1499 2154 vos
1519 2125 1639 2162 gentium
1657 2131 1796 2160 praecones

1011 2173 1139 2204 omnibus
1163 2172 1289 2208 gentibus
1311 2173 1435 2206 tradere;
1453 2172 1563 2208 quando
1587 2171 1640 2200 illa:
1663 2178 1695 2199 ea
1714 2177 1730 2196 a
1748 2177 1797 2196 ne-

1011 2220 1084 2247 mine
1108 2219 1222 2247 antehac
1240 2220 1421 2250 edidicerunt.
1449 2219 1622 2254 Quaecunque
1647 2217 1729 2253 igitur
1748 2215 1796 2243 Dei

178 2261 248 2288 ’Ὁσα
263 2261 352 2287 τοίνυν
373 2261 585 2297 ὲνανθρωπήσας
597 2262 612 2288 ὁ
626 2262 711 2296 Λόγος
728 2261 890 2298 διεπράξατο
905 2263 960 2293 τοῖς

1013 2263 1130 2295 Verbum
1140 2264 1309 2293 incarnatum
1319 2265 1432 2300 peregit,
1441 2271 1502 2291 cum
1510 2263 1629 2299 antiquis
1638 2261 1795 2296 conjuncta,

178 2307 302 2338 παλαιοῖς
327 2306 394 2342 ὁμοῦ
422 2305 603 2342 συνάψαντες,
632 2307 768 2343 μνήσθητε
794 2306 960 2343 παραδοῦναι

177 2354 233 2385 τοῖς
255 2353 369 2380 ἔθνεσιν.
392 2353 523 2381 Ἐνταῦοά
545 2362 590 2389 μοι
603 2353 676 2380 δοκεῖ
687 2353 735 2389 τὴν
750 2353 808 2380 ὁδὸν
825 2353 960 2381 δεικνύναι

177 2399 211 2425 δι’
227 2396 260 2435 ἦς
275 2399 385 2426 δυνατὸν
397 2399 445 2426 καὶ
461 2399 550 2435 ζητεῖν
563 2399 609 2426 καὶ
624 2400 713 2436 εὑρεῖν
728 2399 774 2427 τὸν
787 2399 863 2428 Θεὸν.
876 2399 923 2431 Τίς
932 2399 961 2426 δὲ

178 2447 194 2481 ἡ
209 2445 280 2478 ὀδός;
292 2446 323 2472 τὸ
336 2446 465 2482 διηνεκῶς
481 2446 527 2472 ἐπὶ
539 2446 650 2482 μνήμης
663 2447 754 2482 φέρειν
766 2445 802 2473 τὰ
822 2446 961 2482 παράδοξα

179 2491 259 2521 αὐτοῦ
281 2491 359 2527 ἔργα,
380 2492 427 2519 καὶ
450 2492 512 2524 τοὺς
529 2492 626 2527 νόμους
649 2492 695 2519 καὶ
719 2493 767 2524 τὰς
781 2491 904 2524 ἐντολάς·
921 2492 961 2519 διὸ

178 2537 284 2572 ἐπάγει,
303 2538 340 2564 Τὰ
352 2537 457 2573 τέρατα
472 2537 565 2565 αὑτοῦ
579 2537 628 2565 καὶ
641 2538 676 2564 τὰ
689 2537 816 2573 κρίματα
827 2538 880 2566 τοῦ
891 2539 961 2565 στό-

179 2591 268 2616 ματος
289 2583 397 2610 αὐτοῦ’
421 2584 520 2620 τέρατα
544 2579 593 2620 μὲν
614 2583 663 2616 τὰς
686 2583 848 2620 Θεοσημείας
864 2585 960 2618 λέγων,

179 2628 297 2665 κρίματα
308 2629 337 2655 δὲ
357 2629 406 2661 τὰς
425 2629 587 2665 ἀποφάσεις,
603 2629 652 2662 τὰς
678 2630 798 2662 ἐντολὰς,
812 2630 829 2666 ἢ
845 2630 880 2657 τὰ
894 2630 961 2657 ὲνδί-

179 2682 233 2705 κως
251 2674 300 2701 καὶ
318 2673 406 2709 κρίσει
427 2674 519 2711 δικαίᾳ
546 2675 600 2702 ὑπὸ
625 2675 672 2702 τοῦ
697 2675 764 2702 Θεοῦ
791 2675 961 2712 γεγενημένα

179 2717 315 2754 Θαύματα.
329 2720 397 2746 Ποῖα
407 2719 436 2745 δὲ
450 2720 561 2755 τέρατα,
576 2720 637 2748 ειπέ
650 2729 709 2756 μοι;
722 2721 762 2748 Τὰ
771 2721 801 2748 ὲν
820 2721 958 2756 Αἰγύπτῳ,

181 2763 212 2791 τὰ
237 2764 305 2800 μετά
322 2765 372 2800 τὴν
396 2765 542 2799 Αἴγυπτον,
562 2766 597 2794 τὰ
621 2767 674 2803 πρὸ
695 2768 744 2803 τῆς
767 2767 913 2802 Αἰγύπτου,
926 2767 961 2794 τὰ

181 2810 250 2845 μετὰ
264 2810 314 2847 τὴν
335 2811 484 2847 παρουσίαν
504 2812 552 2848 τὴν
575 2813 666 2841 αὑτοῦ.
686 2815 778 2842 Πάντα
800 2814 854 2850 γὰρ
874 2814 959 2842 ταῦτα

214 2902 238 2922 ιδ
258 2902 327 2935 Psal.
345 2912 434 2937 uvu.
449 2903 495 2932 12.

1011 2310 1138 2346 gentibus
1146 2311 1254 2341 tradere
1265 2311 1453 2342 memineritis.
1463 2310 1512 2337 Hic
1523 2309 1629 2336 videtur
1642 2306 1709 2334 mihi
1722 2307 1796 2333 viam

1011 2355 1154 2383 ostendere
1170 2363 1222 2390 qua
1238 2355 1375 2390 possimus
1394 2355 1477 2382 Deum
1492 2361 1613 2390 quaerere
1624 2357 1650 2380 et
1662 2351 1793 2379 invenire.

1011 2400 1139 2435 Quaenam
1148 2401 1194 2428 illa
1206 2401 1268 2428 via?
1281 2401 1415 2436 Perpetuo
1427 2400 1455 2428 in
1470 2399 1601 2427 memoria
1620 2398 1728 2426 volvere
1740 2397 1795 2424 mi-

1011 2448 1107 2475 rabilia
1131 2448 1191 2482 ejus
1214 2455 1296 2483 opera
1309 2468 1317 2482 ,
1333 2448 1407 2484 leges
1423 2451 1451 2475 et
1462 2450 1595 2483 praecepta
1609 2453 1615 2471 :
1630 2451 1715 2480 quare
1728 2443 1796 2472 sub-

1011 2492 1061 2525 dit,
1077 2492 1204 2528 Prodigia
1215 2493 1272 2527 ejus
1287 2498 1310 2520 et
1322 2493 1421 2525 iudicia
1435 2494 1489 2524 oris
1509 2492 1577 2527 ejus.
1594 2490 1721 2526 prodigia
1738 2490 1795 2526 qui-

1011 2538 1072 2567 dem
1092 2538 1188 2569 divina,
1210 2539 1287 2574 signa
1314 2539 1423 2573 dicens;
1436 2539 1539 2574 judicia
1554 2545 1629 2570 vero,
1643 2537 1751 2565 decreta
1768 2540 1795 2564 et

1011 2591 1155 2620 praecepta,
1167 2584 1224 2612 sive
1239 2592 1282 2618 ea,
1303 2593 1363 2620 qua:
1377 2585 1410 2612 ad
1426 2585 1556 2612 ultionem
1571 2584 1647 2619 justo
1664 2582 1768 2618 judicio
1778 2589 1795 2609 a

1011 2631 1066 2658 Deo
1079 2634 1183 2665 patrata
1196 2634 1269 2661 sunt,
1283 2630 1424 2658 mirabilia.
1437 2631 1501 2663 Quae
1510 2629 1644 2665 prodigia,
1656 2629 1700 2656 dic
1710 2627 1795 2655 mihi?

1011 2677 1076 2710 Qus
1101 2677 1128 2704 in
1143 2676 1270 2713 Aigypto,
1289 2684 1350 2712 quae
1376 2681 1440 2704 ante
1462 2681 1489 2704 et
1507 2680 1569 2711 post
1591 2675 1741 2710 profectum
1766 2674 1795 2700 in

1012 2723 1169 2759 Egyptum,
1186 2732 1246 2759 qua:
1271 2726 1333 2759 post
1358 2723 1502 2753 adventum
1523 2723 1593 2758 ejus.
1612 2722 1674 2749 Haec
1694 2721 1802 2756 quippe-

1011 2770 1102 2798 omnia
1116 2770 1274 2797 admiranda
1290 2774 1317 2797 et
1334 2771 1466 2805 stupenda
1480 2777 1562 2804 opera
1578 2771 1652 2800 sunt.
1664 2775 1725 2803 qua
1745 2767 1795 2793 Ιιιιυ

1011 2823 1122 2845 manum
1153 2820 1260 2852 captum
1289 2820 1428 2852 superant.
1460 2816 1521 2844 Sive
1532 2815 1655 2851 prodigia
1672 2812 1806 2849 quidem“,
