2044 3212
253 172 324 202 I505

566 172 702 208 EUSEBI!
717 173 958 203 CESAMENSIS
976 174 1053 202 OPP.
1067 174 1165 211 ,ΡΑΚὸ
1185 174 1229 203 Ill.
1249 190 1284 196 —
1303 173 1506 205 EXEGETICA.

1810 171 1880 199 13οι

250 233 325 261 edita
354 233 497 265 miracula.
513 238 542 261 ut
557 235 698 263 ambulare
709 227 793 271 supra
815 243 902 268 mare,
918 241 1042 265 mortuos

1100 236 1240 272 ἳαυμαστὰ
1255 237 1303 264 καὶ
1324 236 1462 272 παράδοξα
1476 234 1635 272 πράγματα,
1659 233 1707 260 καὶ
1719 232 1880 260 ἀκολουθίαν

252 279 399 312 suscitare,
413 284 439 307 et
454 280 554 307 similia
567 289 574 314 ;
587 280 692 315 judicia
704 286 794 309 autem
802 282 859 309 oris
871 282 941 316 ejus.
960 283 1042 310 verba

253 334 313 361 quin
326 326 433 353 dicebat
450 334 513 355 cum
539 326 661 361 impuros
676 326 815 355 darmones
828 335 861 354 ex
887 328 1043 356 hominibus

253 373 379 408 pelleret;
392 372 432 400 vel
447 376 580 408 praecepta
595 372 662 400 Novi
680 373 858 402 Testamenti.
879 373 936 401 lmo
952 375 1043 409 potius

254 420 306 446 hoc
328 419 388 446 loco
420 419 528 446 videtur
552 419 619 446 mihi
633 419 736 454 judicia
756 427 854 447 vocare
869 421 952 455 leges,
976 428 1044 455 quas

254 464 312 491 sive
322 463 350 490 in
377 464 458 496 cmlo,
477 464 534 491 sive
562 464 588 491 in
612 469 695 497 terra,
717 465 774 491 sive
799 465 826 493 in
850 465 917 492 mari
941 466 1042 500 posuit.

253 510 347 545 Neque
362 510 435 538 enim
451 510 527 538 solus
547 510 629 538 homo
649 510 735 545 legem
746 512 867 546 accepit;
887 511 935 539 scd
953 513 1045 539 omnia

254 556 390 588 visibilia;
414 563 499 587 mare.
519 564 552 583 ne
567 564 632 584 oras
652 557 904 592 transgrederetur;
925 562 1044 590 montes,

256 608 285 629 ut
299 602 456 636 ﬁgerentur.
474 606 546 629 terra
563 606 593 629 ut
609 607 705 636 staret,
722 603 763 631 sol
784 607 813 630 ut
830 608 962 637 curreret,
980 605 1045 632 luna

256 648 398 683 proprium
408 648 570 676 utordinem
588 654 727 683 servaret;
742 650 834 678 varius
845 651 889 678 ille
906 651 1046 679 stellarum

256 694 368 725 chorus,
381 702 536 730 corporum,
553 695 719 730 plantarum,
737 696 878 724 brutorum
895 702 1003 729 natura.
1017 701 1047 725 ut

256 744 284 768 et
315 741 430 767 aliorum
466 743 605 774 omnium,
632 742 718 777 legem
751 744 856 778 accepit
885 753 890 770 :
918 744 1046 771 universa

256 787 358 822 quippe
385 788 442 815 suis
465 788 570 823 legibus
586 789 823 817 administrantur.
840 789 872 816 Et
886 790 942 818 haec
954 791 1046 818 omnia

257 834 399 870 praeceptis
429 834 500 862 facta
525 839 600 867 sunt,
617 843 677 871 quae
696 844 743 864 ore
765 836 950 866 declarantur.
968 837 1047 871 Qua:-

257 888 365 915 clrnque
389 888 454 916 ergo
485 889 517 909 os
546 882 643 916 ipsius,
656 883 714 911 sive
737 891 785 918 per
808 883 902 917 Vetus,
926 884 983 912 sive
999 892 1048 919 per

257 924 362 952 Novum
379 925 738 962 Testamentumjudicavit,
752 936 784 956 ea
799 930 964 962 connectite,
979 938 1047 965 gen-
1063 925 1085 953 Β

256 971 330 999 tibus
340 973 536 1007 pmcipientes,
550 978 579 1000 ut
590 974 693 1008 judicia
707 975 766 1010 ejus
774 976 852 1011 quasi
868 977 958 1012 regias
975 977 1049 1012 leges

257 1019 424 1047 custodiant.
449 1019 556 1047 .ludicia
580 1029 662 1056 porro
681 1022 816 1059 intelligas
838 1031 880 1056 ea.
901 1031 962 1059 quae
974 1024 1049 1059 justo

257 1065 363 1092 calculo
387 1066 550 1094 mirabiliter
564 1068 637 1095 edita
651 1073 724 1096 sunt.
738 1068 805 1096 Nam
823 1070 886 1104 quia
902 1078 933 1097 ea
944 1079 1005 1105 qua:
1020 1071 1048 1098 in

258 1110 376 1146 (Egypto
390 1116 465 1146 gesta
480 1117 544 1139 sunt
562 1118 725 1142 narraturus
740 1119 793 1145 est.
812 1115 947 1149 justitiam
965 1116 1048 1143 ultio—

257 1156 302 1183 nis
319 1156 353 1185 de
378 1156 513 1192 (Egyptiis
536 1163 650 1193 sumpta:
667 1159 766 1187 docere
787 1161 943 1188 antevertit.
961 1160 1048 1196 Opor-

257 1203 332 1230 tebat
346 1203 418 1230 enim
434 1211 540 1235 omnes,
557 1205 603 1238 qui
616 1206 644 1231 in
656 1210 727 1232 terra
741 1209 814 1238 sunt,
834 1206 970 1238 homines,
988 1207 1048 1242 ejus

256 1249 368 1283 judiciis
385 1250 520 1281 subditos,
537 1258 625 1285 neque
647 1255 722 1286 gesta
738 1252 810 1286 ejus,
829 1260 917 1287 neque
944 1253 1047 1287 judicia

258 1296 318 1330 ejus
336 1296 471 1331 ignorare.
489 1297 595 1330 Quibus
607 1297 719 1332 judicils
737 1306 791 1325 non
802 1298 890 1325 solum
905 1298 1046 1326 Iudaicam

258 1345 376 1376 gentem,
386 1343 432 1369 sed
445 1343 526 1370 etiam
536 1351 631 1371 omnes
646 1343 673 1370 in
682 1348 754 1371 terra
770 1344 894 1372 homines
905 1346 1048 1372 vocatione

259 1394 309 1414 sua
324 1387 432 1423 dignari
446 1387 577 1415 dccrevil.

1093 283 1267 319 ἀνθρωπίνην
1285 283 1492 319 ὑπερϐαίνοντα.
1506 282 1543 308 ’Ἡ
1564 280 1665 315 τέρατα
1686 280 1734 315 μὲν
1751 279 1787 306 τὰ
1801 287 1881 314 γεγει

1093 329 1196 365 νημένα
1210 329 1346 364 θαύματα,
1363 328 1401 360 ὡς
1414 328 1444 355 τὸ
1462 327 1646 364 περιπατῆσαι
1660 326 1707 355 ἐπὶ
1720 325 1769 361 τῆς
1781 324 1882 352 θαλάσ-

1094 385 1155 411 σης,
1170 376 1217 403 καὶ
1229 375 1326 414 νεκρὸν
1339 376 1501 412 ἀναστῆσαι,
1515 375 1561 402 καὶ
1573 373 1607 400 τὰ
1618 372 1730 400 τοιαῦτα
1739 381 1745 387 ·
1760 371 1883 407 κρίματα

1094 422 1122 449 δὲ
1133 421 1180 448 τοῦ
1194 421 1327 459 στόματος
1339 421 1422 449 αὑτοῦ
1440 421 1502 452 τοὺς
1517 420 1613 454 λόγους
1626 419 1673 452 οὒς
1691 418 1793 452 ἔλεγεν,
1807 416 1884 445 ὲλαὺο

1095 477 1147 495 νων
1161 468 1215 494 τῶν
1229 467 1379 504 ἀνθρώπων
1393 468 1453 500 τοὺς
1469 466 1640 501 ἀκαθάρτους
1655 464 1794 500 δαίμονας,
1808 462 1826 498 ἢ
1837 462 1884 493 καὶ

1094 516 1144 547 τὰς
1168 515 1277 546 ἐντολὰς
1294 515 1342 550 τῆς
1366 515 1467 550 Καινῆς
1483 513 1630 549 Διαθήκης.
1656 512 1765 539 Μᾶλλον
1787 510 1818 538 δὲ
1840 511 1884 538 ὲν·-

1095 561 1182 589 ταῦθά
1200 570 1244 596 μοι
1258 561 1331 589 δοκεῖ
1349 561 1471 597 κρίματα
1490 561 1553 592 τοὺς
1578 560 1676 595 νόμους
1700 557 1802 593 λέγειν,
1822 557 1884 590 τοὺς

1095 608 1124 637 ὲν
1137 608 1254 644 οὐρανῷ,
1270 609 1334 639 τοὺς
1346 608 1375 634 ἐν
1394 608 1440 642 γῇ,
1458 607 1520 638 τοὺς
1539 607 1568 632 ὲν
1583 605 1715 641 Θαλάσσῃ.
1730 604 1768 631 Οὐ
1784 603 1841 639 γὰρ
1853 603 1886 641 δὴ

1098 653 1177 688 μόνος
1206 652 1348 688 ἄνθρωπος
1378 652 1458 678 ἐλαὸε
1487 651 1578 686 νόμον,
1607 650 1675 676 ἀλλὰ
1699 648 1734 676 τὰ
1759 647 1887 683 ὁρώμενα

1097 699 1203 728 ἅπαντα
1215 707 1222 714 ·
1243 700 1259 734 ἡ
1276 698 1396 725 Θάλασσα
1412 698 1442 724 τὸ
1460 697 1497 733 μὴ
1519 696 1693 732 ὑπερϐαίνειν
1711 695 1775 726 τοὺς
1797 693 1887 727 αἰγια-

1097 745 1174 776 λοὺς·
1191 744 1225 771 τὰ
1236 745 1287 780 ὅρη
1299 744 1329 770 1b
1343 743 1508 779 πεπηγέναι,
1523 743 1540 777 ἡ
1553 742 1589 777 γῆ
1602 742 1632 769 τὸ
1649 740 1768 772 ἑστάναι,
1783 740 1798 765 ὁ
1812 738 1887 774 ἥλιος

1097 792 1127 818 τὸ
1144 792 1261 827 τρέχειν,
1279 791 1296 826 ἡ
1314 791 1413 825 σελήνη
1427 791 1477 826 τὴν
1499 788 1566 816 ίδίαν
1581 787 1717 820 εὐταξίαν,
1734 788 1748 817 ὁ
1765 783 1887 815 ποικίλος

1097 838 1151 865 τῶν
1169 838 1290 874 ἀστέρων
1303 837 1392 872 χορὸς,
1416 838 1433 872 ἡ
1453 836 1533 871 φύσις
1552 835 1606 863 τῶν
1628 834 1773 870 σωμάτων,
1795 832 1814 866 ἠ
1835 830 1887 857 τῶν

1101 885 1202 920 φυτῶν,
1220 886 1236 920 ἠ
1259 884 1314 910 τῶν
1338 884 1452 918 ἀλόγων,
1472 884 1489 918 ἠ
1509 882 1564 910 τῶν
1584 882 1672 910 ἄλλων
1691 880 1835 910 ἁπάντων·
1852 878 1883 907 ab

1100 931 1183 962 κείοις
1208 930 1263 964 γὰρ
1292 930 1400 956 ἅπαντα
1419 929 1558 955 διοικεῖται
1584 928 1686 963 νόμοις.
1715 925 1772 952 Καὶ
1803 923 1886 951 ταῦτα

1100 977 1208 1004 ἅπαντα
1228 975 1394 1010 ἐπιτάγμασι
1408 975 1531 1009 γέγονεν,
1554 974 1622 1009 ὅπερ
1637 971 1763 1008 δηλοῦται
1778 970 1823 997 διὰ
1843 968 1887 996 τοῦ

1101 1022 1243 1057 στόματος.
1260 1021 1330 1048 Ὅσα
1343 1021 1433 1047 τοίνυν
1449 1021 1480 1047 τὸ
1498 1020 1586 1055 στόμα
1605 1018 1687 1046 αὑτοῦ
1705 1017 1822 1053 ἔκρινεν,
1835 1015 1888 1042 εἴτε

1101 1068 1145 1095 διὰ
1157 1068 1206 1103 τῆς
1222 1067 1355 1099 Παλαιᾶς,
1368 1068 1422 1094 εἴτε
1436 1066 1480 1094 διὰ
1492 1066 1541 1101 τῆς
1557 1065 1629 1096 Νέας
1637 1063 1776 1099 Διαθήκης
1789 1062 1889 1098 ἔκρινε.

1101 1115 1295 1150 ὲπισυνάψατε,
1323 1115 1466 1149 φυλάττειν
1491 1114 1529 1145 ὡς
1552 1112 1651 1148 νόμους
1675 1109 1831 1146 βασιλικοὺς
1856 1107 1891 1135 τὰ

1101 1163 1223 1198 κρίματα
1240 1162 1322 1189 αὑτοῦ
1338 1163 1394 1194 τοῖς
1410 1161 1497 1188 ἔθνεσι
1515 1158 1759 1195 παραγγέλλοντες.
1774 1156 1891 1191 Νοήσεις

1100 1209 1128 1234 δὲ
1156 1208 1279 1243 κρίματα
1306 1207 1341 1234 τὰ
1371 1207 1464 1242 δικαίᾳ
1493 1206 1575 1242 ψήφῳ
1603 1201 1890 1239 Θαυματουργηθέντα.

1106 1253 1213 1288 Ἐπειδὴ
1229 1253 1282 1289 γὰρ
1294 1253 1327 1280 τὰ
1341 1253 1369 1279 ἐν
1380 1252 1510 1287 Αἰγύπτῳ
1525 1250 1614 1287 μέλλει
1626 1247 1788 1284 διηγεῖσθαι,
1801 1246 1893 1282 προδι-

1100 1298 1193 1324 δάσκει
1206 1299 1255 1333 τῆς
1271 1297 1425 1331 Αἰγυπτίων
1438 1296 1572 1331 τιμωρίας
1584 1295 1615 1321 τὸ
1627 1294 1740 1322 δίκαιον.
1753 1292 1828 1320 Ἔδει
1838 1290 1893 1326 γὰρ

1100 1344 1202 1376 πάντας
1224 1344 1285 1375 τοὺς
1305 1344 1350 1370 ἐπὶ
1371 1343 1422 1378 γῆς
1443 1342 1601 1378 ἀνθρώπους
1623 1339 1820 1375 ὑποκειμένους
1836 1338 1892 1369 τοῖς

1100 1389 1182 1416 αὺτοῦ
1199 1390 1313 1425 κρίμασι
1330 1390 1367 1425 μὴ
1382 1390 1490 1423 ἀγνοεῖν
1509 1389 1576 1424 μήτε
1589 1387 1623 1416 τὰ
1640 1386 1708 1423 ἔργα
1722 1384 1805 1412 αὑτοῦ
1822 1383 1891 1420 μήτε

257 1434 293 1461 τὰ
306 1435 428 1469 κρίματα
441 1435 533 1464 αὑτοῦ.
549 1436 587 1461 Δι’
599 1433 635 1463 ὧν
647 1437 788 1472 χριμάτων
801 1438 830 1464 οὐ
848 1438 927 1473 μόνον
940 1438 970 1464 τὸ
986 1438 1119 1465 Ἰουδαίων
1137 1438 1222 1471 ἔθνος,
1238 1437 1307 1464 ἀλλὰ
1327 1438 1373 1464 καὶ
1390 1438 1495 1468 πάντας
1513 1437 1575 1468 τοὺς
1595 1435 1642 1462 ὲπὶ
1657 1434 1710 1470 γῆς
1732 1431 1892 1468 ἀνθρώπους

258 1482 348 1517 ἔκρινε
363 1484 411 1519 τῆς
426 1484 508 1512 αὐτοῦ
523 1486 645 1520 κλήσεως
659 1485 836 1518 καταξιῶσαι.

296 1542 377 1571 Vens.
392 1544 455 1576 6.7.
473 1545 567 1573 Semen
582 1545 718 1571 Abraham
736 1546 804 1572 serui
820 1546 887 1580 ejus,
905 1545 955 1580 ﬁlii
966 1544 1049 1572 Jacob

1138 1543 1259 1578 Σπέρμα
1288 1543 1411 1577 Ἀϐραὰμ
1437 1541 1541 1568 δοῦλοι
1570 1540 1673 1572 αὑτοῦ,
1703 1538 1763 1566 υιοὶ
1795 1537 1893 1566 Ἰακὼϐ

258 1588 333 1616 electi
347 1589 412 1623 ejus.
432 1589 492 1624 Ipse
507 1590 636 1617 Dominus
659 1589 729 1617 Deus
742 1594 840 1618 noster.
850 1590 984 1624 Quoniam
998 1599 1049 1617 non

1102 1589 1239 1616 ἐκλεκτοὶ
1263 1589 1366 1616 αὐτοῦ.
1393 1587 1490 1620 Αὐτὸς
1514 1587 1622 1623 Κύριος
1649 1587 1666 1612 ό
1694 1584 1766 1616 Θεὸς
1795 1582 1890 1618 ἡμῶν.

259 1643 347 1661 omnes
362 1636 407 1671 qui
420 1643 452 1663 ea:
468 1636 565 1669 Israel,
595 1637 615 1663 ii
640 1642 701 1663 sunt
729 1636 880 1669 Israelilm.
908 1646 988 1673 neque
1003 1638 1048 1672 qui

259 1689 347 1709 semen
377 1687 438 1708 sunt
465 1683 589 1715 Abralue,
618 1691 707 1710 omnes
732 1683 828 1717 ﬁlii“;
850 1684 913 1719 jure
936 1684 1048 1719 quidem

260 1727 385 1755 Salvator
401 1733 495 1756 noster
508 1730 608 1758 Iudaeis
622 1733 668 1766 qui
685 1739 718 1759 ex
735 1731 839 1759 semine
857 1730 974 1757 Abrahae
988 1738 1049 1757 esse

259 1775 458 1810 gloriabantur,
468 1777 537 1804 dixit
547 1787 552 1804 :
562 1777 623 1805 Scio
632 1778 694 1812 quia
709 1786 793 1805 semen
807 1776 921 1804 Abrahae
936 1777 999 1803 estis
1014 1776 1047 1809 '5;

259 1824 287 1847 et
304 1821 412 1853 iterum,
428 1821 458 1848 Si
483 1822 534 1856 ﬁlii
563 1822 677 1849 Abrahm
696 1824 770 1857 estis,
783 1831 860 1857 opera
880 1822 995 1849 Abrahae
1007 1822 1049 1857 fa-

260 1867 310 1893 cile
324 1866 358 1899 ";
374 1866 411 1893 ita
429 1870 458 1893 ut
471 1868 581 1902 quidam
609 1868 657 1895 ﬁlii
683 1869 738 1895 sint
760 1868 876 1894 Abrahae
893 1875 940 1902 per
958 1867 1050 1893 imita-

260 1912 373 1943 tionem,
392 1913 438 1948 qui
463 1918 490 1940 et
504 1915 583 1941 electi
604 1919 757 1942 vocantur:
775 1921 837 1940 cum
854 1914 937 1949 aliqui
957 1921 1049 1941 semen

261 1964 367 1987 tantum
391 1960 450 1995 ejus
478 1961 542 1993 sint,
561 1965 643 1996 atque
660 1962 721 1988 ideo
745 1961 856 1989 minime
871 1961 950 1988 electi
970 1968 976 1986 :
995 1968 1048 1987 non

260 2005 332 2033 enim
347 2014 439 2033 semen
453 2007 569 2033 electum
591 2007 702 2038 dicitur,
721 2008 768 2034 sed
790 2008 848 2034 lilii.
865 2006 962 2034 Semen
984 2013 1049 2033 vero

261 2059 279 2079 ε.
296 2056 325 2079 nt
352 2053 423 2080 servi
439 2053 508 2087 ejus.
530 2053 599 2080 Cum
622 2053 713 2088 itaque
734 2053 861 2090 discipuli
883 2053 1048 2085 Servaloris,

261 2097 383 2129 gentium
412 2105 552 2131 praecones
577 2098 677 2130 eﬂecli,
702 2103 847 2134 utrumque
875 2099 1048 2131 obtinerent,

262 2146 355 2177 utpote
373 2143 418 2177 qui
433 2148 460 2170 et
472 2145 542 2171 servi
555 2151 647 2172 essent
662 2151 688 2173 et
702 2147 796 2179 electi;
815 2147 875 2174 ideo
888 2147 990 2174 dictum
1008 2151 1050 2174 est

261 2188 295 2215 ad
308 2196 355 2215 eos
371 2198 377 2215 :
395 2188 487 2216 Semen
503 2190 636 2216 Abraham
652 2192 719 2218 servi
730 2192 797 2225 ejus,
815 2193 864 2226 filii
876 2192 958 2218 Iacob
976 2193 1051 2219 electi

259 2233 326 2265 eius.
344 2232 413 2261 Huic
429 2238 519 2261 autem
535 2235 620 2268 dicto,
636 2235 720 2263 Electi
736 2237 802 2270 ejus,
815 2245 958 2272 compares
971 2238 1048 2269 illud,

262 2278 318 2306 Hos
333 2279 470 2307 duodecim
478 2280 554 2315 elegit
567 2279 657 2313 Iesus,
671 2286 695 2307 et
708 2282 841 2315 apostolos
857 2282 1002 2308 nominavit
1014 2282 1047 2314 "‘;
1065 2274 1087 2301 D

259 2331 286 2353 et
301 2326 378 2358 illud,
396 2325 490 2353 Nonne
503 2335 549 2361 ego
561 2335 604 2354 vos
612 2327 749 2354 duodecim
757 2327 822 2362 elegi
837 2327 879 2353 "?
895 2327 1048 2354 Eleetorum

261 2378 326 2398 vero
339 2372 523 2406 prastantiam
539 2372 716 2407 intelligimus
732 2380 763 2400 ex
783 2373 840 2404 illo,
856 2371 937 2398 Multi
952 2373 1047 2404 vocati,

261 2418 338 2450 rauci
350 2426 408 2446 vero
422 2419 498 2446 electi
505 2420 537 2446 5°.
549 2418 608 2453 Ipse
621 2419 747 2446 Dominus
764 2419 832 2450 Dens
848 2424 945 2451 noster,
955 2420 982 2445 in
993 2419 1049 2445 uni-

261 2470 335 2489 versa
351 2469 421 2491 terra
443 2465 548 2499 judicia
574 2466 641 2500 ejus.
657 2464 715 2491 Non
735 2465 927 2499 ignorandum,
949 2465 1047 2500 inquit,

261 2507 351 2542 ipsum
367 2517 428 2537 esse
441 2510 584 2537 Dominum
598 2510 682 2537 Deum
696 2515 831 2543 nostrum,
844 2511 889 2545 qui
906 2510 1052 2545 providen-

261 2556 298 2582 tia
322 2562 370 2581 sua
384 2556 540 2584 universum
566 2557 698 2584 mundum
717 2556 817 2583 divinis
837 2556 949 2591 judiciis
965 2556 1052 2583 admi—

262 2602 378 2634 nistrat;
391 2601 427 2628 ita
446 2606 474 2629 ut
488 2604 553 2629 nilnil
567 2604 625 2631 sine
640 2604 755 2637 judicio,
776 2603 843 2630 nihil
859 2604 918 2630 sine
933 2603 1051 2638 Deipro-

261 2647 382 2674 videntia
396 2648 512 2675 eveniat.

1107 1637 1182 1663 Ἐπεὶ
1201 1636 1243 1671 μὴ
1262 1636 1374 1668 πάντες
1396 1637 1423 1662 ol
1443 1634 1477 1667 ἐξ
1503 1633 1632 1668 Ἰσραὴλ,
1654 1630 1737 1660 οὗτοι
1759 1629 1890 1664 Ἰσραὴλ,

1097 1682 1175 1717 μηδὲ
1198 1682 1264 1708 ὅσοι
1289 1681 1349 1707 εἰσὶ
1370 1680 1489 1716 σπέρμα
1510 1678 1642 1713 Ἀϐραὰμ,
1661 1677 1773 1709 πάντες
1789 1675 1890 1707 τέκνα,

1100 1727 1212 1758 εἰκότως
1233 1726 1283 1762 μὲν
1296 1727 1310 1752 ὁ
1323 1725 1416 1761 Σωτὴρ
1433 1724 1511 1760 ἡμῶν
1528 1725 1584 1755 τοῖς
1604 1724 1636 1749 ὲκ
1649 1722 1808 1757 σπέρματος
1823 1717 1891 1747 εἶναι

1107 1772 1231 1808 Ἀϐραὰμ
1261 1772 1389 1807 αὐχοῦσιν
1421 1770 1558 1802 Ἰουδαίοις
1585 1769 1692 1803 ἔλεγεν·
1724 1766 1814 1800 Οἶδα,
1846 1767 1891 1795 ὅτι

1100 1819 1219 1853 σπέρμα
1236 1818 1358 1852 Ἁϐραάμ
1378 1818 1447 1844 ἐστε
1458 1826 1465 1832 '
1484 1816 1533 1846 ita).
1554 1815 1650 1843 πάλιν
1668 1816 1703 1843 El
1721 1814 1815 1842 τέκνα
1837 1813 1890 1841 τοῦ

1108 1865 1229 1900 Ἀϐραὰμ
1249 1863 1311 1899 ἦτε,
1338 1863 1374 1890 τὰ
1391 1863 1464 1899 ἔργα
1487 1862 1540 1890 τοῦ
1561 1862 1684 1897 Ἀϐραὰμ
1707 1861 1837 1891 ποιεῖτε·
1855 1859 1890 1892 ὥς

1101 1921 1180 1938 τινων
1196 1912 1278 1938 τέχνα
1300 1911 1349 1946 μὲν
1367 1911 1451 1937 ὄντων
1463 1910 1513 1945 ,τοῦ
1532 1910 1657 1945 ’Δὸραὰμ
1679 1909 1723 1939 διὰ
1737 1909 1890 1944 μιμήσεως,

1101 1958 1125 1984 οἳ
1146 1958 1192 1984 καὶ
1214 1958 1335 1985 ἐκλεκτοὶ
1361 1958 1497 1993 εἴρηνται·
1518 1956 1599 1983 τινῶν
1620 1956 1649 1983 δὲ
1674 1954 1785 1991 σπέρμα
1811 1954 1891 1990 μόνον

1102 2004 1185 2030 ὄντων
1202 2003 1295 2035 αὑτοῦ,
1311 2004 1357 2029 καὶ
1371 2003 1414 2031 διὰ
1434 2003 1511 2029 τοῦτο
1533 2001 1667 2032 ἐκλεκτῶν
1682 2001 1732 2028 οὐκ
1743 2001 1838 2027 ὄντων.
1852 2001 1889 2026 Οὐ

1102 2049 1155 2085 γὰρ
1169 2049 1198 2075 τὸ
1215 2049 1325 2084 σπέρμα
1346 2048 1472 2074 ἐκλεκτὸν
1491 2047 1598 2082 ἐλέχθη,
1616 2046 1673 2073 ἀλλ’
1688 2047 1712 2072 οἱ
1727 2044 1791 2072 υἱοί.
1808 2044 1846 2071 Τὸ
1862 2044 1889 2071 δὲ

1104 2096 1214 2130 σπέρμα
1230 2094 1317 2121 δοῦλοι
1332 2094 1426 2121 αὐτοῦ.
1446 2094 1520 2121 Ἐπεὶ
1536 2093 1625 2120 τοίνυν
1647 2093 1671 2118 οἱ
1695 2091 1743 2119 τοῦ
1763 2090 1889 2126 Σωτῆρος

1104 2142 1232 2177 μαθηταὶ,
1245 2142 1269 2168 οἱ
1280 2141 1335 2167 τῶν
1347 2141 1431 2167 ἐθνῶν
1442 2141 1580 2176 γενόμενοι
1602 2140 1733 2175 κήρυκες,
1746 2137 1890 2173 ἀμφότερα

1103 2187 1185 2222 εἶχον,
1200 2188 1246 2214 ἆτε
1270 2188 1315 2215 καὶ
1329 2187 1416 2214 δοῦλοι
1432 2188 1507 2218 ὄντες
1527 2186 1574 2212 καὶ
1588 2184 1727 2212 ἐκλεκτοί·
1742 2184 1804 2211 ὅθεν
1823 2183 1890 2218 πρὸς

1104 2235 1202 2266 αὐτοὺς
1217 2234 1357 2262 λέλεκταιε
1375 2235 1495 2271 Σπέρμα
1517 2234 1640 2268 Ἀϐραὰμ
1662 2232 1765 2259 δοῦλοι
1785 2230 1888 2262 αὑτοῦ,

1102 2282 1159 2307 υἱοὶ
1178 2281 1277 2307 Ἰακὼϐ
1290 2281 1426 2308 ἐκλεκτοὶ
1436 2280 1540 2308 αὐτοῦ.
1556 2279 1628 2315 Πρὸς
1640 2279 1668 2306 δὲ
1682 2278 1723 2310 τὸ,
1737 2277 1890 2305 Ἐιιεκτοι

1102 2327 1204 2359 αὑτοῦ,
1222 2327 1391 2363 παραθήσεις
1412 2327 1451 2359 τὸ,
1475 2327 1603 2358 Τούτους
1620 2325 1690 2357 τοὺς
1707 2323 1822 2350 δώδεκα
1843 2323 1890 2354 ὲες

1103 2372 1226 2405 ελέξατο
1243 2375 1258 2400 ό
1275 2373 1399 2407 Ἰησοῦς,
1413 2373 1461 2399 καὶ
1473 2372 1663 2404 ἀποστόλους
1675 2370 1813 2405 ὠνόμασε
1824 2378 1832 2384 ·
1845 2369 1889 2399 καὶ

1102 2419 1142 2451 τὸ,
1159 2420 1219 2446 vim
1235 2419 1292 2454 ἐγὼ
1307 2419 1386 2454 ὑμᾶς
1407 2419 1478 2452 τοὺς
1499 2418 1614 2448 δώδεκα
1632 2416 1820 2451 ἐξελεξάμην
1827 2423 1838 2448 ;
1854 2415 1888 2442 Τὸ

1102 2465 1129 2491 δὲ
1146 2465 1284 2501 ἐξαίρετον
1301 2466 1353 2492 τῶν
1369 2465 1503 2492 ἐκλεκτῶν
1522 2465 1652 2500 νοήσομεν
1666 2463 1719 2490 ἀπὸ
1731 2462 1778 2489 τοῦ
1789 2471 1795 2477 ·
1812 2463 1888 2489 Πολ·

1102 2512 1149 2538 ,ίοὶ
1171 2512 1285 2546 κλητοὶ,
1306 2513 1401 2547 ὀλίγοι
1417 2511 1451 2538 δὲ
1473 2510 1619 2537 ἐκλεκτοί.
1636 2509 1733 2542 Αὐτὸς
1749 2508 1857 2542 Κύριος
1871 2508 1888 2534 ὁ

1103 2558 1174 2591 Θεὸς
1194 2559 1287 2593 ἡμῶν,
1307 2559 1342 2585 ἐν
1359 2558 1443 2592 πάσῃ
1464 2557 1500 2592 τῇ
1516 2556 1555 2592 τῇ
1577 2556 1614 2583 τὰ
1634 2557 1762 2591 κρίματα
1783 2553 1885 2583 αὐτοῦ.

1103 2606 1158 2631 Οὐκ
1175 2604 1330 2639 άγνοητέον,
1344 2606 1433 2640 φησὶν,
1445 2604 1484 2631 ὅτι
1500 2604 1579 2636 αὐτὸς
1594 2604 1649 2631 ἐστι
1670 2602 1772 2638 Κύριος
1789 2602 1804 2628 ὁ
1821 2601 1885 2633 Θεὸς

1101 2652 1116 2685 ἡ
1123 2651 1191 2685 μῶν,
1203 2651 1232 2682 ὃς
1251 2651 1363 2687 προνοίᾳ
1377 2651 1423 2689 τὸν
1442 2651 1587 2687 σύμπαντα
1604 2650 1705 2686 κόσμον
1724 2648 1806 2680 θείοις
1825 2647 1884 2684 κρί-

262 2703 330 2731 μασι
343 2694 448 2726 διοικεῖ,
469 2694 506 2725 ὠς
529 2695 610 2729 μηδὲν
627 2696 755 2731 ἀκρίτως,
772 2697 838 2732 μηδὲ
860 2697 922 2723 ἄνευ
938 2697 987 2732 τῆς
1003 2696 1048 2723 τοῦ
1068 2697 1135 2723 Θεοῦ
1155 2698 1280 2732 προνοίας
1299 2697 1448 2732 γίγνεσθαι.

298 2750 381 2778 Vens.
399 2751 474 2778 8—15.
506 2750 607 2778 Memor
638 2752 687 2785 fuit
713 2754 739 2779 in
756 2753 881 2780 swculum
900 2755 1048 2780 testamenti

262 2800 312 2828 sui.
329 2799 396 2824 vorbi
412 2798 481 2832 quod
498 2797 629 2824 nunt/lari!
645 2799 670 2824 in
685 2800 756 2827 mille
771 2802 959 2835 generationes.
973 2801 1048 2835 Quod

297 2912 319 2930 “
340 2911 417 2940 Rom.
436 2919 478 2946 ix,
498 2910 558 2943 6,7.
599 2908 706 2938 "Ioan.
724 2918 787 2944 vm,
808 2911 850 2938 57.
890 2912 912 2927 ³⁷
933 2912 998 2940 ibid.
1018 2913 1061 2940 59.

1143 2755 1294 2790 Ἐμνήσθη
1313 2757 1356 2788 εἰς
1371 2755 1424 2782 τὸν
1437 2755 1530 2781 αίῶνα
1548 2754 1692 2788 διαθήκης
1710 2753 1813 2786 αὑτοῦ,
1833 2753 1883 2781 λό’

1104 2813 1156 2837 γου
1171 2801 1205 2830 οὗ
1230 2803 1396 2829 ἐνετείλατο
1414 2803 1457 2834 εἰς
1471 2802 1571 2836 χιλίας
1591 2802 1704 2837 γενεὰς,
1720 2801 1757 2828 ὃν
1774 2799 1882 2828 διέθετο

1088 2913 1119 2955 ,³⁸
1142 2913 1208 2943 Lur,
1226 2921 1268 2945 vi.
1291 2913 1332 2941 l5.
1371 2913 1393 2930 "
1413 2911 1613 2946 Ioan.\'l,7l.‘
1632 2912 1653 2928 ⁶⁰
1674 2911 1765 2939 Matth.
1786 2911 1878 2943 τιεί),
