2044 3212
141 214 211 244 1505

708 216 960 259 consummata
975 217 1010 247 1N
1021 210 1189 248 p'sltuos.
1207 210 1210 214 ’

1272 206 1338 241 ιοιίν
1686 221 1755 251 1506

139 275 180 309 τῷ
196 275 328 310 Ἀϐραὰμ,
344 275 392 302 nal
406 275 458 302 τοῦ
477 275 566 310 ὅρκου
575 276 669 303 αυτοῦ
684 275 724 309 τῷ
739 276 838 304 Ἰσαάκ
850 287 856 293 -
873 278 923 305 καὶ

982 278 1103 313 ιὶιροιιιίι
1117 278 1151 306 ad
1165 278 1311 312 Abraham,
1324 283 1349 306 et
1359 275 1505 314 jar-amenti
1523 279 1565 306 sui
1580 278 1614 306 ad
1628 278 1718 311 Isaac,
1731 284 1755 306 et

140 322 274 356 ἔστησεν
285 321 378 348 αὐτὸν
389 320 429 354 τῷ
448 321 547 348 Ἰακὼϐ
561 322 605 354 εις
621 322 805 358 πρόσταγμα,
822 323 871 350 καὶ
886 323 926 356 τῷ

146 367 266 401 Ἰσραὴλ
280 368 323 399 εὶς
337 366 482 401 διαθήκην
494 366 630 400 αἰώνιον,
647 368 743 403 λέγων
752 376 760 384 ·
774 368 826 395 Σοὶ
840 369 926 396 δώσω

141 414 199 448 τὴν
212 413 273 449 Τῆν
287 413 419 446 Χαναὰν,
437 414 602 449 σχοινισμα
617 414 817 449 κληρονομίας
831 414 925 450 ὑμῶν·

147 461 198 488 Ἔν
210 460 250 493 τῷ
264 458 340 487 εῖναι
352 460 461 493 αὐτοὺς
475 459 585 495 ἀριθμῷ
603 460 740 495 βραχεῖς,
750 460 927 495 όλιτοστοὺς

141 506 190 533 καὶ
213 506 376 541 παροίκους
392 506 427 533 ἐν
446 506 533 540 αὐτῇ.
554 507 611 534 Καὶ
623 506 749 541 διῆλθον
767 507 801 539 ἐξ
820 508 927 542 ἔθνους

141 553 186 586 εις
205 553 310 586 ἔθνος,
330 551 381 579 καὶ
404 552 439 579 ἐκ
459 552 622 585 βασιλείας
647 553 691 584 εἰς
714 551 792 579 λαὸν
813 552 925 586 ἕτερον.

140 599 201 626 οὐκ
212 598 330 633 ἀφῆκεν
340 597 496 633 ἄνθρωπον
505 598 646 632 ἀδικῆσαι
656 598 777 631 αὐτοὺς,
784 598 834 625 καὶ
842 598 928 634 ἤλεγ-

142 645 196 678 ξεν
208 645 285 680 ὑπὲρ
298 645 398 672 αὐτῶν
414 644 566 678 βασιλεῖς.
580 644 629 679 Μὴ
653 644 783 672 ἅπτεσθε
797 644 858 672 τῶν
869 653 930 679 χρι-

143 691 225 719 στῶν
237 700 308 726 μου,
325 691 375 718 καὶ
392 691 427 718 ἐν
442 691 505 724 τοῖς
519 689 685 725 προφήταις
703 699 763 726 μου
776 690 819 725 μὴ
836 697 930 724 πονη-

141 738 278 773 ρεύεσθε.
301 737 467 773 Ἐπιστήσας
491 736 612 772 ἀκριϐῶς
634 737 676 768 τίς
701 734 737 772 ἦν
764 737 778 763 ὁ
800 736 878 770 λόγος
899 736 930 763 ὃν

144 783 293 810 ἐνετείλατο
314 784 354 815 είς
374 782 475 814 πολλὰς
496 781 592 816 γενεὰς
607 780 807 816 ἐξικνούμενον.
828 781 859 807 οὐ
875 780 930 817 γὰρ

144 829 212 857 ἑτῶν
239 829 366 866 ἀριθμὸν,
392 828 460 855 ἀλλὰ
475 828 506 854 τὸ
520 827 643 863 διηνεκὲς
661 827 809 854 αἰνίττεται
834 827 880 854 καὶ
899 826 931 853 τὸ

143 875 255 910 πλῆθος,
273 874 310 906 ὡς
323 874 354 901 τὸ
374 874 497 906 ἑπτάκις,
516 873 617 907 Στεῷα
634 873 738 900 ἔτεκεν
750 873 835 905 ἑπτὰ,
852 881 931 900 τουτ-

144 921 203 949 έστι
225 920 321 952 πολλὰ,
339 921 396 954 καὶ,
413 919 550 952 Ἑπτὰκις
568 919 700 947 πεσεῖται
713 921 731 946 ὀ
743 919 866 952 δίκαιος,
881 919 930 946 καὶ

145 966 363 1000 ἀναστήσεταιο
376 967 503 1002 εὑρήσεις
516 966 595 992 αὐτὸν
609 965 752 1002 εἰρημένον
768 965 852 997 οὕτως
863 965 931 1001 πρὸς

151 1013 286 1049 Ἀϐραὰμ,
298 1013 354 1040 Kal
365 1011 657 1047 ἐνευλογηθήσονται
670 1012 705 1039 ἐν
722 1011 772 1039 σοι
784 1011 881 1039 πάντα
894 1013 932 1039 τὰ

144 1060 218 1094 ἔθνη
244 1059 300 1093 τῆς
322 1058 387 1093 τῆς.
415 1058 479 1090 Καὶ,
505 1057 810 1092 Ἐνευλογηθήσονται
833 1057 868 1084 ἐν
891 1057 932 1090 τῷ

146 1104 294 1140 σπέρματί
311 1112 369 1132 σου
385 1104 479 1132 πᾶσαι
497 1105 527 1131 al
538 1103 630 1138 φυλαὶ
644 1103 700 1137 τῆς
714 1103 780 1137 τῆς,
791 1103 840 1130 καὶ
854 1105 932 1137 πλη-

146 1152 245 1179 θύνων
258 1151 402 1185 πληθυνῶ
417 1151 449 1178 τὸ
466 1151 585 1185 σπέρμα
603 1158 671 1177 σου.
691 1149 789 1186 Εὕροις
806 1150 828 1176 δ’
848 1150 881 1177 ἂν
898 1149 933 1176 τὰ

147 1195 325 1232 παραπλήσια
349 1195 449 1230 καὶτῷ
472 1195 563 1221 Ἰσαὰκ
584 1194 778 1230 ἐπηγγελμένα
800 1193 849 1222 καὶ
869 1194 934 1229 ὀμο-

147 1242 245 1269 σθέντα
268 1241 330 1278 περί
352 1250 382 1268 τε
407 1242 456 1277 τῆς
482 1242 533 1277 γῆς
563 1242 609 1268 καὶ
631 1240 676 1267 τοῦ
703 1239 862 1276 πληθυσμοῦ
886 1239 933 1267 τοῦ

147 1287 314 1324 σπέρματος.
339 1287 433 1314 Ταῦτα
452 1287 480 1314 δὲ
501 1286 571 1323 μετὰ
599 1287 727 1318 πλείστας
750 1287 815 1318 ὅσας
838 1285 934 1320 γενεὰς

146 1334 297 1370 ἐπληροῦτο
309 1334 352 1361 διὰ
370 1334 418 1370 τῆς
434 1333 594 1369 ἐπιφανείας
611 1333 728 1368 Χριστοῦ
742 1333 789 1360 τοῦ
802 1333 834 1359 ἐκ
851 1331 935 1368 σπέρ-

149 1388 232 1416 ματος
252 1379 387 1415 Ἀϐραὰμ,
401 1380 546 1414 γενομένου
559 1380 684 1414 Σωτῆρος
699 1379 786 1414 ἡμῶν.
802 1379 893 1406 Είσέτι
904 1387 933 1404 τε

148 1426 196 1453 νῦν
209 1426 316 1462 ἐνεργεῖ
329 1426 375 1453 καὶ
392 1425 512 1461 διαμένει
532 1426 549 1461 ἡ
565 1425 725 1460 ἐπαγγελία,
745 1425 841 1461 μέχρις
854 1422 884 1451 οὗ
904 1424 934 1451 τὺ

148 1472 286 1508 πλήρωμα
299 1472 357 1499 τῶν.
365 1471 448 1499 ὲθνῶν
459 1471 576 1507 εἰσέλθῃ,
591 1469 673 1503 Οὗτος
687 1469 733 1498 οὖν
747 1471 815 1506 μετὰ
829 1470 933 1506 μακρὸν

148 1518 243 1549 αἰῶνα,
259 1519 306 1545 καὶ
323 1517 391 1553 μετὰ
413 1517 541 1549 πλείστας
564 1517 666 1553 σφόδρα
684 1516 791 1551 γενεὰς,
808 1516 858 1548 τὰς
879 1517 933 1552 γὰρ

148 1563 268 1599 χιλιάδας
289 1564 349 1590 ἀντὶ
368 1563 422 1590 τῶν
448 1563 554 1590 πολλῶν
577 1563 739 1599 παρείληφε,
766 1562 813 1590 καὶ
832 1553 934 1595 ταῦτας

148 1607 267 1647 ἐπλήρου
294 1611 343 1643 τὰς
371 1611 438 1647 πρὸς
466 1611 528 1643 τοὺς
552 1610 725 1646 πατριάρχας
755 1609 932 1645 ἐπαγγελίας,

975 326 1068 353 statuit
1087 325 1154 353 illud
1168 324 1251 352 Iacob
1264 325 1292 352 in
1310 330 1477 360 praeceptum,
1491 329 1516 353 et
1531 324 1617 352 Israel
1634 325 1661 352 in
1675 330 1757 352 testa-

975 376 1090 399 mentum
1109 375 1246 404 aeternum,
1269 370 1358 398 dicem
1377 378 1386 397 .'
1403 371 1462 398 Tibi
1484 370 1552 398 dabo
1567 375 1665 398 terram
1684 370 1756 398 Cha-

976 425 1057 449 naan,
1073 417 1221 452 funiculum
1237 417 1396 444 hmeditatis
1410 422 1510 446 uestrae.
1528 417 1594 445 Cum
1609 421 1694 444 essent
1708 425 1758 444 nu-

975 472 1048 492 mero
1061 463 1142 496 brevi,
1161 464 1315 498 paucissimi
1326 467 1350 491 et
1363 463 1457 490 incolae
1469 464 1497 490 in
1515 471 1557 492 ea.
1570 462 1605 490 Et
1618 467 1756 497 pertrans-

976 511 1063 538 ienmt
1079 509 1111 538 de
1126 514 1200 545 gente
1213 511 1240 536 in
1260 514 1371 545 gentem,
1394 513 1419 537 et
1432 509 1464 536 de
1480 517 1558 544 regno
1577 509 1611 536 ad
1633 509 1758 544 populum

977 557 1100 584 alterum.
1117 555 1180 583 Non
1194 555 1299 591 reliquit
1315 555 1445 583 hominem
1463 563 1554 582 nocere
1570 556 1618 587 eis,
1637 560 1662 582 et
1676 556 1759 582 corri-

977 603 1033 637 puit
1047 610 1094 637 pro
1112 603 1150 629 ein
1177 610 1259 637 reget.
1282 601 1373 630 Nolite
1392 606 1496 637 tangere
1514 601 1625 628 christos
1640 610 1720 633 meos,
1735 606 1760 628 et

977 649 1006 676 in
1020 648 1150 683 prophetis
1162 648 1226 675 meis
1243 647 1323 675 nolite
1340 648 1493 683 malignari.
1513 647 1542 674 Si
1556 652 1682 675 accurate
1701 655 1761 683 per-

978 695 1082 730 pendas
1101 694 1175 729 quod
1201 694 1268 721 illud
1284 694 1394 722 verbum
1409 693 1499 726 fuerit,
1518 693 1593 729 quod
1612 693 1761 725 mandavit.

980 741 1008 768 in
1033 740 1135 768 multas
1149 740 1339 776 generationes
1356 740 1507 775 pervadens
1526 749 1533 767 :
1550 747 1604 767 non
1620 740 1692 767 enim
1710 747 1762 766 nu-

979 795 1085 815 merum
1112 794 1256 820 annorum,
1281 787 1328 814 sed
1352 791 1512 822 perpetuum
1535 786 1691 814 subindicat
1714 793 1764 812 nu-

979 841 1072 862 merus
1087 833 1255 869 hujusmodi,
1273 837 1303 861 ut
1315 841 1341 860 v.
1354 839 1381 869 ε.
1403 832 1503 868 septies
1514 852 1522 863 .
1544 831 1649 859 Stcrilin
1666 832 1765 866 peperit

981 884 1076 914 septem
1087 879 1122 912 “,
1135 879 1162 907 id
1181 882 1224 907 est
1238 878 1356 911 multos;
1369 882 1408 910 et,
1426 877 1526 912 Septies
1541 876 1617 904 cadet
1623 876 1715 911 justus
1739 880 1765 904 et

981 929 1098 961 resurget
1112 926 1149 959 ";
1164 925 1216 953 hac
1229 925 1333 952 ratione
1346 923 1411 951 illud
1427 923 1543 951 Abrahae
1569 921 1672 950 dictum
1687 929 1763 949 com-

982 971 1083 1006 peries.
1099 970 1132 998 Et
1145 970 1362 1005 benedicenturin
1379 974 1402 996 te
1421 977 1509 996 omnes
1531 972 1617 1004 gentes
1637 971 1714 994 terra
1731 967 1764 993 ⁸³.

982 1017 1026 1050 Ει,
1041 1016 1232 1044 Benedicentur
1249 1016 1276 1043 in
1292 1016 1388 1043 semine
1412 1019 1456 1042 tuo
1470 1022 1558 1042 omnes
1573 1013 1655 1040 tribus
1678 1017 1764 1039 terrm.

983 1062 1018 1090 Et
1030 1062 1209 1096 multiplicans
1223 1060 1405 1096 multiplicabo
1420 1068 1506 1088 semen
1522 1063 1595 1086 tuum
1611 1057 1644 1085 “.
1652 1056 1766 1092 .Similia

983 1108 1047 1136 item
1063 1107 1157 1135 lsaaco
1172 1106 1308 1142 promissa
1331 1105 1454 1141 reperias
1472 1103 1650 1140 jurejurando
1666 1101 1767 1130 conﬁr-

982 1159 1065 1186 mata,
1079 1158 1134 1182 tam
1150 1153 1184 1181 de
1198 1156 1282 1184 terra,
1294 1159 1375 1187 quam
1391 1151 1425 1180 de
1442 1150 1667 1185 multiplicatione
1685 1147 1767 1176 semi-

983 1201 1037 1228 nis.
1054 1199 1112 1228 Hoc
1126 1206 1208 1235 porro
1231 1202 1293 1235 post
1312 1198 1444 1233 plurimas
1468 1196 1658 1233 generationes
1672 1194 1768 1229 imple-

983 1251 1042 1274 tum
1052 1249 1095 1274 est
1104 1246 1131 1273 in
1143 1245 1260 1274 adventu
1266 1244 1369 1272 Christi
1376 1251 1407 1271 ex
1415 1244 1518 1271 semine
1527 1243 1642 1270 Abrahae
1648 1240 1766 1269 oriundi.

983 1292 1017 1320 Et
1027 1292 1060 1320 ad
1079 1292 1228 1326 hocusque
1246 1295 1354 1326 tempus
1365 1285 1480 1325 viget'et
1497 1291 1637 1324 permanet
1651 1286 1768 1322 promis-

983 1338 1035 1369 sio.
1053 1337 1140 1365 donec
1160 1335 1301 1372 plenitudo
1322 1337 1442 1371 gentium
1463 1335 1586 1370 ingressa
1610 1332 1700 1360 fuerit.
1718 1331 1768 1358 Hie.

984 1384 1076 1419 itaque
1089 1383 1248 1411 diuturnum
1262 1386 1323 1418 post
1347 1389 1446 1413 aevum.
1476 1385 1502 1409 et
1519 1384 1580 1415 post
1601 1380 1701 1406 multas
1717 1385 1768 1405 er

984 1432 1061 1456 actas
1075 1428 1275 1464 generationes,
1291 1434 1355 1455 nam
1372 1427 1417 1455 hic
1429 1426 1556 1454 millenas
1575 1433 1625 1461 pro
1643 1422 1768 1460 plurimis

984 1475 1098 1512 accepit,
1123 1474 1182 1503 illas
1208 1474 1371 1509 patriarchis
1397 1474 1476 1502 datas
1499 1471 1696 1509 promissiones
1720 1477 1768 1505 per

985 1519 1152 1548 Salvator-em
1168 1522 1292 1546 nostrum
1305 1517 1410 1552 Jesum,
1426 1526 1458 1546 ac
1476 1526 1524 1553 per
1540 1517 1600 1552 ejus
1614 1515 1767 1544 doctrinam

984 1564 1115 1600 implevit,
1131 1563 1258 1593 omnibus
1277 1564 1404 1600 gentibus
1422 1563 1539 1591 Abrahae
1561 1561 1769 1598 promissionem

984 1611 1152 1646 impertiens.

147 1656 192 1684 διὰ
208 1657 255 1684 τοῦ
271 1657 398 1693 Σωτῆρος
416 1657 494 1693 ἡμῶν
520 1656 607 1692 Ἰησοῦ
628 1657 675 1683 καὶ
699 1656 744 1684 διὰ
771 1657 819 1693 τῆς
845 1656 927 1684 αὐτοῦ
953 1656 1126 1689 διδασκαλίας
1147 1656 1214 1686 πᾶσι
1234 1656 1291 1688 τοῖς
1307 1655 1395 1683 ἔθνεσι
1410 1654 1460 1690 τὴν
1480 1653 1526 1681 τοῦ
1551 1653 1674 1689 Ἀϐραὰμ
1695 1652 1770 1679 εὐλον

148 1702 210 1738 γίαν
222 1702 418 1738 δεδωρημένος.

185 1763 241 1791 Kal
253 1763 380 1790 ἐκάλεσε
395 1761 483 1796 λιμὸν
495 1761 544 1788 ἐπὶ
560 1760 616 1795 τὴν
628 1760 696 1796 γῆν,
714 1759 775 1787 πᾶν
788 1759 932 1795 στήριγμα

1020 1756 1104 1785 Vens.
1122 1755 1166 1784 16.
1185 1755 1219 1784 Et
1238 1756 1337 1783 vocavit
1354 1755 1451 1790 famem
1471 1762 1549 1789 super
1565 1760 1673 1788 terram,
1695 1763 1771 1784 omne

149 1811 240 1845 ἄρτου
257 1809 447 1843 συνέτριψεν.
464 1807 512 1833 Ἕν
530 1806 633 1838 τούτοις
650 1807 664 1833 ὁ
677 1806 755 1841 λόγος
768 1806 815 1832 καὶ
831 1805 894 1833 ἄλλο
909 1814 934 1832 τι

140 1843 260 1892 ’λεληθὸς
280 1856 343 1887 τοὺς
365 1854 478 1886 πολλοὺς
491 1853 620 1882 διδάσκει,
638 1852 694 1888 Τὴν
715 1852 768 1888 γὰρ
787 1851 875 1879 αἰτίαν
887 1851 934 1878 τοῦ

150 1902 282 1938 κληθῆναι
299 1901 376 1936 δίκην
389 1899 510 1935 ἐμψύχου
526 1898 594 1931 ζώου
607 1898 653 1925 τὸν
664 1897 743 1933 λιμὸν
755 1897 801 1924 ἐπὶ
809 1897 858 1933 τὴν
870 1897 934 1933 γῆν,

150 1947 221 1981 λέγω
232 1946 263 1981 δὴ
279 1945 328 1981 τὴν
339 1944 515 1980 ἐνεργητικὴν
529 1943 642 1978 δύναμιν
656 1941 703 1970 τοῦ
719 1941 809 1977 λιμοῦ,
828 1942 876 1969 καὶ
887 1940 934 1967 τοῦ

152 1992 325 2028 συντριϐῆναι
347 1991 401 2017 πᾶν
423 1990 561 2025 στήριγμα
583 1989 676 2024 ἄρτου,
693 1988 865 2023 παρίστησιν,
893 1987 936 2013 ἵνα

150 2038 199 2065 καὶ
214 2038 302 2072 φανιεϊ
320 2044 371 2062 που
389 2035 469 2071 ἄρτος
485 2035 522 2070 μὴ
540 2033 660 2069 στηρίζοι
676 2033 739 2064 τοὺς
758 2031 935 2068 ἐμπιπλαμέ-

151 2092 212 2115 νους
229 2083 258 2116 ἐξ
283 2081 375 2114 αὐτοῦ,
393 2081 464 2108 κατὰ
482 2081 522 2112 τὸ,
543 2081 645 2114 Ἄρτος
660 2078 790 2112 στηρίξει
811 2077 936 2111 καρδίαν

150 2128 317 2163 ἀνθρώπου.
330 2126 415 2154 Τοῦτο
433 2126 487 2162 γάρ
503 2127 575 2153 ἐστιν
589 2125 603 2152 ὃ
620 2125 735 2161 μάλιστα
748 2123 891 2158 συμϐαίνει
905 2123 935 2148 ὲν

150 2177 205 2207 τοῖς
221 2175 319 2209 λιμοῖς,
335 2174 395 2200 κατ’
412 2173 495 2208 ὀργὴν
508 2171 575 2198 Θεοῦ
587 2171 756 2206 γιγνόμενον,
768 2170 798 2196 τὸ
810 2169 857 2196 καὶ
872 2170 935 2201 τοὺς

151 2222 289 2251 ἐσθίοντας
304 2219 340 2254 μὴ
355 2218 537 2254 στηρίζεσθαι.

191 2265 378 2293 Ἀπέστειλεν
400 2263 570 2298 ἔμπροσθεν
590 2262 690 2290 αὐτῶν
711 2262 876 2296 ἄνθρωπον,
892 2263 936 2295 εἰς

149 2313 262 2340 δοῦλον
281 2311 393 2346 ἐπράθη
412 2310 527 2344 Ἰωσήφ.
545 2309 767 2338 Ἐταπείνωσαν
784 2308 818 2335 ἐν
832 2307 936 2341 πέδαις

150 2361 222 2394 τοὺς
238 2361 334 2393 πόδας
350 2359 451 2391 αὑτοῦ,
470 2358 596 2393 σίδηρον
611 2358 735 2393 διῆλθεν
754 2358 774 2392 ἡ
786 2357 872 2392 ψυχὴ
887 2358 936 2384 αὑ-

151 2407 215 2439 τοῦ,
235 2406 322 2441 μέχρι
344 2406 397 2433 τοῦ
420 2405 519 2432 ἐλθεῖν
538 2406 591 2432 τὸν
605 2406 698 2440 λόγον
715 2404 818 2432 αὐτοῦ.
844 2404 936 2430 Πάντα

149 2451 235 2478 ταῦτα
259 2451 389 2486 ὑπέμεινε
411 2450 491 2486 μέχρι
513 2449 559 2476 τοῦ
582 2449 668 2476 ἐλθεῖν
686 2449 732 2475 τὸν
747 2449 824 2483 λόγον
842 2448 934 2480 αὐτοῦ,

149 2496 178 2524 ὃν
201 2496 248 2523 ὲπὶ
267 2498 323 2528 τοῖς
343 2497 476 2531 δράμασιν
499 2494 559 2521 ίδὼν
572 2495 662 2527 ἐξεῖπε
684 2494 724 2529 τῷ
743 2494 836 2521 ἑαυτοῦ
853 2494 936 2530 πατρὶ

150 2543 196 2570 καὶ
213 2544 270 2574 τοῖς
284 2542 406 2575 ἀδελφοῖς
424 2543 520 2578 φήσας,
533 2542 684 2576 ἑωρακέναι
698 2541 779 2567 αὑτὸν
791 2540 936 2576 δράγματα

150 2590 196 2615 nul.
217 2588 281 2620 τοὺς
303 2588 434 2622 ἀδελφοὺς
451 2589 550 2623 ὁμοίως
572 2587 761 2622 ἀναλέγοντας,
783 2586 877 2616 ἔπειτα
901 2586 936 2613 τὰ

150 2634 260 2661 ἐκείνων
275 2634 306 2660 τὸ
321 2633 416 2660 ἑαυτοῦ
434 2633 683 2670 προσκεκυνηκέναι
698 2633 820 2668 δράγμα·
835 2631 936 2667 ὁμοίως

149 2679 178 2707 δὲ
191 2680 236 2706 τὸν
247 2680 332 2716 ἥλιον,
347 2680 393 2706 καὶ
407 2680 456 2715 τὴν
474 2680 598 2715 σελήνην,
614 2681 660 2706 καὶ
672 2680 735 2711 τοὺς
746 2679 841 2706 ἕνδεκα
857 2678 937 2705 ἀστέ-

151 2733 201 2762 ρας
214 2726 376 2761 προσκυνεῖν
390 2725 473 2760 αὐτῷ.
489 2726 582 2760 Μέχρι
598 2725 651 2752 τοῦ
664 2726 763 2752 ἐλθεῖν
777 2725 831 2752 τὸν
843 2725 936 2759 λόγον

149 2771 253 2799 αὑτοῦ.
281 2771 315 2798 Τὸ
338 2771 442 2805 λόγιον
458 2772 566 2804 Kvplov
583 2772 738 2805 ἐπύρωσεν
759 2771 860 2798 αὐτόν.
887 2770 933 2800 Τὸ,

150 2817 257 2852 Λότιον
269 2817 379 2850 Κυρίου
396 2816 552 2850 ὲπύρωσεν
567 2817 669 2849 αὐτὸν,
683 2817 775 2852 ὅμοιον
793 2816 842 2851 τῷ,
860 2816 934 2850 Οὐχὶ

187 2907 208 2921 ⁸¹
230 2905 238 2931 1
258 2906 323 2939 Reg.
342 2913 376 2935 ll,
395 2906 420 2931 5'.

156 2941 177 2957 “
197 2941 262 2971 Gen.
285 2949 334 2973 XL.
354 2942 380 2968 ὃ.

474 2907 493 2921 θ’
514 2905 593 2933 Prov.
628 2914 707 2938 xxiv,
737 2906 777 2933 (6.

859 2904 923 2932 Gen.
959 2911 1011 2936 λιι,
1038 2903 1064 2930 '5.

986 1807 1181 1841 firmamentum
1188 1805 1264 1840 panis
1273 1804 1405 1831 contriuit.
1415 1802 1445 1830 In
1454 1803 1498 1831 his
1509 1810 1598 1831 sermo
1605 1803 1678 1831 aliud
1689 1803 1770 1839 quid-

986 1853 1068 1888 piam,
1080 1851 1173 1878 multis
1185 1850 1334 1882 occultum,
1343 1849 1448 1877 edocet.
1463 1848 1579 1876 Causam
1592 1849 1664 1876 enim
1675 1857 1725 1877 cur
1735 1849 1772 1876 fa-

985 1906 1067 1930 mem,
1076 1898 1162 1925 instar
1177 1896 1304 1924 animalis
1321 1894 1618 1930 cujusdam,vocaverit
1632 1900 1772 1930 superior-

985 1952 1054 1976 ram,
1070 1943 1096 1971 id
1114 1947 1155 1970 est
1170 1943 1299 1970 virtutem
1311 1942 1392 1969 famis
1405 1940 1579 1974 eﬂ'ectricem,
1593 1944 1620 1968 et
1631 1948 1680 1968 cur
1691 1948 1771 1969 omne

986 1990 1184 2018 ﬁrmamentum
1208 1988 1287 2024 panis
1312 1987 1487 2019 contriverit,
1505 1986 1550 2013 hic
1580 1986 1717 2019 declarat,
1740 1989 1771 2014 ut

986 2035 1130 2071 patelaciat
1145 2042 1200 2070 quo
1212 2035 1240 2061 in
1257 2041 1322 2061 casu
1341 2033 1418 2069 panis
1435 2040 1489 2060 non
1500 2032 1589 2059 ﬁrmet
1604 2039 1652 2060 eos
1662 2032 1707 2066 qui
1724 2032 1771 2060 illo

985 2081 1134 2116 replentur,
1148 2080 1300 2110 secundum
1320 2078 1398 2111 illud,
1416 2078 1498 2109 Panis
1515 2086 1560 2105 cor
1582 2078 1694 2106 hominis
1708 2079 1772 2105 eon-

985 2128 1076 2162 ﬁrmat
1092 2127 1125 2153 “.
1144 2125 1173 2154 id
1193 2126 1266 2154 enim
1285 2125 1404 2153 maxime
1420 2129 1544 2160 tempore
1571 2124 1651 2152 famis
1669 2125 1769 2158 evenit,

985 2182 1018 2203 ex
1034 2174 1072 2200 ira
1087 2173 1134 2200 Dei
1149 2172 1315 2203 immissum.
1327 2175 1357 2199 ut
1374 2171 1478 2200 scilicet
1491 2171 1537 2206 qui
1553 2170 1700 2198 comedunt
1716 2178 1770 2198 non

986 2219 1192 2246 conlirmentur.

1021 2265 1105 2292 Vens.
1130 2263 1223 2292 17-22.
1239 2263 1313 2291 Misit
1327 2269 1387 2290 ante
1402 2271 1445 2290 eos
1463 2263 1603 2294 hominem,
1622 2263 1648 2288 in
1669 2269 1770 2288 servum

986 2310 1157 2338 venumdatus
1166 2315 1206 2336 est
1216 2309 1231 2335 .l
1237 2308 1323 2343 oseph.
1341 2308 1552 2336 Ilumiliarerunt
1564 2308 1591 2334 in
1604 2305 1769 2340 compedibus

985 2355 1132 2390 pedesejus.
1140 2354 1239 2388 ferrum
1247 2352 1399 2387 pertransiit
1410 2352 1498 2380 anima
1506 2351 1573 2385 ejus,
1586 2349 1665 2376 donec
1674 2349 1769 2376 veniret

987 2401 1092 2429 uerbum
1099 2400 1166 2435 ejus.
1174 2399 1236 2426 Haec
1248 2398 1339 2426 omnia
1350 2397 1471 2432 pertulit,
1489 2397 1574 2424 donec
1588 2395 1693 2423 veniret
1707 2402 1769 2422 ver-

987 2448 1051 2476 bum
1059 2447 1130 2482 ejus,
1137 2445 1210 2481 quod
1219 2452 1281 2472 cum
1295 2444 1324 2470 in
1337 2442 1489 2471 visionibus
1501 2440 1649 2476 accepisth
1661 2439 1731 2475 patri
1742 2442 1770 2466 et

988 2492 1118 2519 fratribus
1127 2492 1184 2519 suis
1191 2488 1368 2521 renuntiavit,
1375 2488 1468 2515 dicens
1475 2486 1577 2514 vidisse
1583 2485 1703 2520 seipsum
1715 2483 1770 2511 fra-

987 2542 1097 2572 tresque
1106 2543 1170 2564 suos
1180 2535 1334 2570 manipulos
1340 2533 1508 2569 colligentes,
1518 2538 1551 2559 ac
1560 2531 1667 2558 illorum
1673 2529 1770 2558 deinde

988 2583 1140 2618 manipulos
1146 2589 1226 2609 suum
1236 2580 1405 2615 manipulum
1418 2578 1562 2610 adorasse;
1572 2576 1770 2610 similiterquo-

988 2636 1040 2663 que
1050 2628 1135 2656 solem
1145 2630 1172 2654 et
1180 2626 1271 2653 lunam
1280 2629 1361 2660 atque
1369 2624 1494 2651 undecim
1506 2623 1599 2651 stellas
1609 2622 1697 2657 ipsum
1705 2621 1770 2648 ado-

987 2682 1073 2702 rasse.
1088 2673 1176 2700 Donec
1193 2672 1290 2700 veniret
1302 2670 1407 2698 verbum
1417 2669 1484 2705 ejus.
1500 2668 1643 2704 Eloquium
1661 2666 1770 2694 Domini

987 2719 1162 2756 inﬂammavit
1178 2726 1247 2746 eum.
1272 2717 1353 2748 Illud.
1373 2716 1514 2752 Eloquium
1534 2715 1640 2742 Domini
1661 2709 1768 2748 inﬂam—

988 2767 1069 2794 movit
1092 2774 1162 2797 eum,
1178 2765 1268 2792 simile
1282 2768 1324 2792 est
1343 2764 1407 2792 huic
1423 2773 1430 2790 :
1447 2762 1542 2791 Nonne
1563 2770 1610 2797 per
1624 2761 1706 2788 Deum
1721 2759 1768 2787 de-

987 2813 1100 2841 claratio
1122 2811 1228 2840 illorum
1243 2814 1282 2838 est
1296 2811 1341 2838 ‘5?
1375 2809 1468 2846 Neque
1489 2810 1579 2842 enim,
1598 2808 1646 2840 ait,
1664 2806 1768 2835 somnia

1113 2901 1134 2917 ⁸⁵
1152 2898 1219 2929 Gen.
1250 2907 1325 2933 nu,
1357 2898 1399 2933 l7,
1421 2899 1461 2927 18.
1501 2899 1521 2915 “5
1541 2897 1613 2925 Psal.
1643 2902 1705 2929 cm,
1723 2895 1765 2927 l5,
