2044 3212
132 212 202 242 1505

699 212 952 256 conuentum
966 213 1001 243 1N
1012 206 1181 244 pennas.
1198 206 1201 210 '

1263 201 1330 238 w‘f
1678 203 1748 245 ,δυσ

130 274 172 307 τῷ
188 272 319 308 Ἀϐραὰμ,
335 272 384 300 καὶ
397 273 449 300 τοῦ
468 272 557 308 ὅρκου
567 273 660 300 αυτοῦ
674 272 716 306 τῷ
730 272 830 301 ’Ἰσαάκ
841 282 848 289 ·
864 274 915 301 καὶ

977 274 1094 309 lisposuit
1108 274 1143 302 ad
1157 274 1302 307 Abraham,
1315 278 1340 301 et
1349 269 1497 309 jar-amenti
1514 274 1557 301 sui
1572 272 1606 300 ad
1619 272 1710 305 Isaac,
1722 278 1747 301 et

131 320 265 354 ἔστησεν
276 318 369 346 αὑτὸν
380 318 420 351 τῷ
439 318 538 346 Ἰακὼὸ
552 319 597 352 εις
612 319 797 354 πρόσταγμα,
813 320 863 347 καὶ
877 319 917 353 τῷ

137 365 258 399 Ἰσραὴλ
272 366 315 397 είς
328 364 473 398 διαθήκην
486 364 604 391 αἰώνιον
613 384 622 397 ,
638 365 734 399 λέγων
744 373 751 380 ·
766 365 817 392 Σοὶ
832 365 917 392 δώσω

133 412 190 446 τὴν
204 411 264 447 γῆν
279 411 410 443 Χαναὰν,
429 411 593 445 σχοίνισμα
608 411 809 445 κληρονομίας
823 410 916 446 ὑμῶν·

139 459 190 486 Ἐν
202 458 242 491 τῷ
256 456 332 485 εἶναι
344 457 453 490 αὐτοὺς
467 457 577 492 ἀριθμῷ
595 457 731 492 βραχεῖς,
742 456 919 492 όλιτοστοὺς

133 504 183 530 καὶ
205 505 368 538 παροίκους
384 504 419 530 ἐν
439 503 524 538 αὐτῇ.
547 503 602 530 Kal
615 503 741 538 διῆλθον
759 503 793 536 ἐξ
813 504 919 538 ἔθνους

133 551 179 583 εὶς
199 550 302 583 ἔθνος,
323 549 372 576 καὶ
397 550 431 576 ἐκ
451 549 614 582 ,βασιλείας
640 550 683 581 εὶς
707 548 784 576 λαὸν
805 548 917 582 ἕτερον.

132 597 194 623 Οὐκ
205 595 322 631 ἀφῆκεν
333 595 488 629 ἄνθρωπον
498 595 638 629 ἀδικῆσαι
648 595 769 628 αὐτοὺς,
776 595 826 621 καὶ
835 595 921 630 ﬁxer-

135 643 189 676 ξεν
201 643 278 677 ὑπὲρ
291 642 391 669 αὐτῶν
408 641 558 675 βασιλεῖς.
573 641 621 675 Μὴ
645 641 775 669 ἅπτεσθε
790 641 850 668 τῶν
862 650 922 675 χρι-

136 689 217 716 στῶν
229 698 300 723 μου,
318 688 367 715 καὶ
385 688 420 715 ἐν
435 688 497 721 τοῖς
511 687 677 722 προφήταις
696 696 755 722 μου
768 687 811 721 μὴ
829 693 922 720 πονη-

134 736 271 770 ρεύεσθε.
294 735 459 769 Ἐπιστήσας
484 733 604 769 ἀκριϐῶς
626 734 668 765 τίς
694 731 729 768 ἦν
757 734 771 760 ὁ
792 733 870 767 λόγος
892 733 922 759 ὃν

136 781 286 808 ἐνετείλατο
308 781 347 812 είς
368 779 467 811 πολλὰς
490 779 584 813 γενεὰς
600 777 799 813 ἐξικνούμενον,
822 778 852 803 οὐ
869 777 922 813 γὰρ

137 828 205 854 ὲτῶν
232 826 358 862 ἀριθμὸν,
385 825 453 852 ἀλλὰ
468 825 498 851 τὸ
513 825 636 859 διηνεκὲς
655 824 801 851 αἰνίττεται
827 823 873 850 καὶ
893 823 923 849 τὸ

136 873 248 908 πλῆθος,
266 872 303 903 ὡς
316 871 347 898 τὺ
367 871 490 903 ἑπτάκις,
509 871 610 904 Στεῲιι
627 870 731 897 ἔτεκεν
743 869 828 902 ἑπτὰ,
846 878 924 896 τουτ-

137 920 195 947 έστι
219 918 314 949 πολλὰ,
332 918 389 950 καὶ,
407 916 542 949 Ἑπτιίκις
561 916 694 943 πεσεῖται
707 918 723 943 ὁ
736 916 859 948 δίκαιος,
874 916 923 942 καὶ

138 964 341 998 ἀναστήσεται
350 973 356 979 ·
369 964 496 999 εὑρήσεις
509 963 588 989 αὑτὸν
603 962 745 998 εἰρημένον
761 962 846 993 οὕτως
857 962 925 997 πρὸς

145 1011 279 1047 ’Λϐραὰμ,
291 1010 347 1037 Καὶ
358 1008 650 1044 ὲνευλογνηθήσονται
664 1008 698 1035 ἐν
715 1008 765 1035 σοὶ
778 1007 875 1035 πάντα
888 1008 925 1035 τὰ

138 1058 211 1091 ἐθνη
238 1057 293 1091 τῆς
315 1056 380 1091 γῆς.
408 1055 473 1087 Καὶ,
499 1054 804 1088 Ἐνευλογηθήσονται
827 1053 862 1080 ἐν
885 1053 926 1087 τῷ

139 1102 287 1137 σπέρματί
305 1110 362 1129 σου
378 1101 473 1129 πᾶσαι
492 1102 521 1127 at
531 1100 624 1135 φυλαὶ
638 1099 693 1133 τῆς
708 1099 774 1134 τῆς,
785 1100 833 1126 καὶ
848 1101 925 1133 πλη-

140 1151 238 1177 θύνων
252 1148 395 1183 πληθυνῶ
411 1148 443 1175 τὸ
460 1148 579 1182 σπέρμα
597 1155 664 1174 σου.
685 1146 783 1182 Εὕροις
800 1146 822 1173 δ’
842 1146 875 1173 ἂν
892 1145 927 1172 τὰ

141 1193 319 1229 παραπλήσια
342 1193 389 1220 καὶ
403 1192 443 1228 τῷ
466 1192 557 1218 Ἰσαὰκ
578 1191 771 1227 ἐπηγγελμένα
795 1190 843 1217 καὶ
863 1190 927 1225 ὀμο-

141 1240 239 1267 σῦἑντα
261 1238 324 1275 περί
346 1248 376 1265 τε
401 1239 450 1274 τῆς
476 1239 527 1274 γῆς
557 1238 603 1264 καὶ
625 1237 670 1264 τοῦ
698 1235 856 1272 πληθυσμοῦ
880 1236 926 1263 τοῦ

142 1286 307 1322 σπέρματος.
334 1284 426 1312 Ταῦτα
447 1284 474 1311 δὲ
496 1284 565 1320 μετὰ
593 1283 721 1315 πλείστας
745 1283 809 1314 ὅσας
832 1282 927 1317 γενεὰς

141 1332 291 1368 ἐπληροῦτο
303 1332 346 1358 διὰ
365 1332 412 1367 τῆς
429 1330 589 1365 ἐπιφανείας
605 1329 722 1365 Χριστοῦ
737 1329 783 1356 τοῦ
796 1330 828 1355 ὲκ
846 1329 929 1364 σπέρ-

143 1387 226 1414 ματος
247 1378 381 1412 Ἀϐραὰμ,
396 1377 540 1411 γενομένου
553 1377 678 1411 Σωτῆρος
694 1375 781 1411 ήμῶν.
797 1375 888 1402 Είσέτι
898 1383 927 1401 τε

142 1424 190 1452 νῦν
204 1424 310 1460 ἐνεργεῖ
324 1424 369 1450 καὶ
386 1423 507 1459 διαμένει
527 1424 543 1458 ἡ
560 1422 719 1456 ἐπαγγελία,
740 1422 835 1457 μέχρις
848 1419 879 1447 οὒ
898 1420 928 1447 τὺ

142 1470 280 1505 πλήρωμα
293 1470 351 1496 τῶν.
360 1469 442 1496 ἐθνῶν
454 1468 570 1504 εἰσέλθῃ.
586 1466 668 1499 Οὗτος
681 1465 727 1494 οὖν
742 1468 809 1503 μετὰ
824 1466 928 1503 μακρὸν

143 1516 237 1547 αἰῶνα.
255 1517 301 1543 καὶ
318 1515 386 1552 μετὰ
408 1514 535 1546 πλείστας
558 1514 660 1549 σφόδρα
679 1513 785 1548 γενεὰς,
803 1512 852 1544 τὰς
869 1513 928 1552 γὰρ

143 1562 263 1597 χιλιάδας
283 1549 344 1588 ἀντὶ
362 1561 417 1588 τῶν
443 1560 548 1587 πολλῶν
572 1560 734 1595 παρείληφε,
761 1559 807 1586 καὶ
827 1549 929 1591 ταῦτας

144 1609 262 1645 ἐπλήρου
288 1609 337 1641 τὰς
365 1608 432 1644 πρὸς
461 1608 522 1639 τοὺς
547 1608 719 1643 πατριάρχας
751 1606 926 1641 ἐπαγγελίας,

966 321 1060 349 statuit
1078 320 1146 349 illud
1159 320 1242 348 Iacob
1256 321 1283 347 in
1301 325 1469 355 promptum,
1483 324 1508 348 et
1522 319 1609 348 Israel
1625 320 1653 347 in
1667 324 1749 347 testa-

967 372 1082 395 mentum
1101 371 1238 399 aiternum,
1261 366 1349 394 dicens
1369 373 1377 392 :
1395 366 1454 393 Tibi
1476 366 1544 393 dabo
1559 370 1657 393 terram
1676 365 1748 393 Cha-

968 421 1049 446 naan,
1065 413 1213 448 funiculum
1229 412 1388 440 hereditatis
1402 417 1502 440 uestrae.
1520 412 1586 440 Cum
1601 416 1686 439 essent
1700 419 1749 438 nu-

968 468 1039 487 mero
1054 459 1133 491 brevi,
1154 459 1307 494 paucissimi
1318 463 1342 486 et
1355 458 1448 485 incola
1462 459 1489 485 in
1507 466 1549 487 ea.
1562 457 1597 484 Et
1610 462 1748 492 pertrans-

968 507 1055 534 ierimt
1071 505 1103 533 dc
1118 510 1191 541 gente
1205 506 1232 532 in
1252 509 1363 540 gentem,
1386 508 1411 532 et
1424 504 1456 531 de
1472 512 1550 539 regno
1569 503 1603 531 ad
1625 503 1750 538 populum

970 553 1092 580 alterum.
1109 551 1172 578 Non
1186 551 1291 587 reliquit
1307 551 1436 578 hominem
1455 558 1546 577 nocere
1562 550 1610 582 eis,
1630 555 1654 577 et
1669 550 1751 576 corri-

969 599 1024 633 puit
1039 606 1086 632 pro
1104 599 1142 625 eis
1170 606 1251 632 reges.
1274 597 1365 624 Nolite
1384 601 1488 632 tangere
1506 596 1617 623 christos
1632 604 1712 628 meos,
1728 600 1752 622 et

970 646 998 672 in
1012 645 1142 679 prophetis
1155 644 1218 671 meis
1236 643 1316 671 nolite
1332 643 1485 678 malignari.
1505 642 1534 669 Si
1549 647 1674 670 accurate
1693 650 1753 677 per-

971 692 1074 726 pendas
1094 690 1166 725 quod
1194 689 1260 717 illud
1276 689 1386 717 verbum
1402 689 1492 721 fuerit,
1511 688 1585 724 quod
1604 687 1753 719 mandavit.

973 737 1000 764 in
1026 736 1128 764 multas
1142 736 1332 771 generationes
1348 734 1500 771 pervadens
1519 744 1526 762 :
1542 742 1596 761 non
1612 734 1685 761 enim
1702 742 1755 760 nu-

972 791 1077 811 merum
1105 790 1249 815 annorum,
1274 782 1321 810 sed
1345 786 1505 817 perpetuum
1527 780 1683 808 subindicat
1706 787 1757 806 nu-

972 837 1064 857 merus
1080 829 1247 865 hujusmodi,
1266 832 1296 856 ut
1308 836 1334 855 ν.
1347 835 1373 863 ς.
1396 827 1496 862 septies
1507 846 1514 858 ,
1537 825 1642 853 Sterilis
1659 826 1758 861 peperit

973 880 1069 909 septem
1080 875 1115 907 ⁶¹,
1128 875 1155 902 id
1174 877 1216 902 est
1231 873 1349 905 multos;
1362 877 1400 905 et,
1419 872 1519 907 Septies
1535 870 1610 898 cadet
1616 871 1708 905 justus
1733 874 1758 898 et

975 925 1091 957 resurget
1105 922 1142 954 ⁶¹;
1157 921 1209 948 hac
1222 920 1326 947 ratione
1339 919 1404 946 illud
1420 918 1536 945 Abrahm
1562 917 1666 945 dictum
1680 923 1757 943 com-

975 967 1076 1002 peries.
1092 966 1125 993 Et
1138 965 1320 993 benedicentur
1328 966 1354 991 in
1372 969 1396 992 te
1415 972 1502 991 omnes
1524 967 1610 999 gentes
1631 966 1708 988 term
1724 961 1758 988 ⁸³.

975 1013 1019 1045 Ει,
1035 1012 1225 1039 Benedicentur
1243 1012 1269 1038 in
1285 1011 1382 1038 semine
1406 1014 1449 1037 tuo
1463 1017 1551 1036 omnes
1567 1007 1648 1035 tribus
1672 1011 1758 1033 terrm.

976 1058 1011 1085 Et
1024 1057 1202 1092 multiplicans
1217 1055 1398 1091 multiplicabo
1413 1062 1500 1082 semen
1515 1058 1588 1080 tuum
1605 1051 1759 1086 “.,Simi|ia

976 1104 1041 1131 item
1057 1103 1151 1131 lsaaco
1166 1102 1302 1138 promissa
1324 1100 1447 1136 reperias
1465 1098 1644 1135 jurejurando
1659 1095 1760 1124 confir-

976 1155 1059 1182 mata,
1073 1154 1128 1177 tam
1144 1149 1177 1176 de
1192 1152 1276 1180 terra,
1288 1155 1368 1182 quam
1385 1147 1418 1174 de
1436 1145 1661 1180 multiplicatione
1678 1141 1761 1170 semi-

977 1197 1031 1224 nis.
1048 1195 1106 1223 Hoc
1120 1202 1203 1230 porro
1225 1198 1287 1230 post
1306 1193 1438 1228 plurimas
1462 1191 1651 1227 generationes
1666 1188 1761 1223 imple-

977 1247 1035 1270 tum
1046 1242 1125 1270 estin
1137 1241 1253 1268 adventu
1260 1240 1363 1267 Christi
1370 1247 1401 1266 ex
1408 1238 1512 1266 semine
1520 1237 1636 1265 Abrahae
1642 1234 1759 1263 oriundi.

978 1288 1011 1316 Et
1021 1288 1053 1316 ad
1073 1288 1125 1315 hoc
1135 1294 1222 1322 usque
1240 1290 1347 1321 tempus
1360 1285 1432 1320 viget
1441 1280 1474 1312 ἐι
1490 1286 1631 1319 permanet
1645 1280 1762 1316 promis-

978 1334 1029 1365 sio.
1047 1333 1134 1360 donec
1155 1331 1295 1367 plenitudo
1316 1332 1436 1366 gentium
1457 1330 1580 1364 ingressa
1604 1327 1695 1354 fuerit.
1712 1325 1763 1352 Hic.

979 1380 1070 1414 itaque
1083 1379 1242 1406 diuturnum
1257 1381 1317 1413 post
1341 1384 1440 1408 aevum,
1470 1379 1497 1404 et
1514 1378 1574 1410 post
1596 1374 1695 1400 multas
1712 1380 1762 1400 ex-

979 1428 1055 1452 actas
1069 1423 1270 1460 generationes,
1286 1430 1349 1450 nam
1366 1422 1411 1450 hic
1424 1421 1549 1449 millenas
1570 1427 1619 1455 pro
1637 1417 1762 1454 plurimis

978 1470 1093 1508 accepit,
1117 1470 1177 1498 illas
1204 1470 1366 1505 patriarchis
1393 1469 1470 1496 datas
1494 1467 1690 1503 promissiones
1715 1472 1763 1499 per

980 1515 1147 1543 Salvatorem
1163 1518 1286 1542 nostrum
1301 1513 1405 1547 Jesum,
1420 1520 1452 1540 ac
1471 1521 1518 1548 per
1535 1512 1594 1547 ejus
1609 1510 1762 1538 doctrinam

978 1560 1109 1596 implevit,
1125 1559 1253 1588 omnibus
1272 1559 1398 1595 gentibus
1417 1558 1534 1585 Abrahae
1556 1555 1763 1592 promissionem

980 1607 1146 1642 impertiens.

143 1655 187 1682 διὰ
203 1655 249 1682 τοῦ
266 1655 392 1691 Σωτῆρος
411 1655 489 1690 ἡμῶν
515 1654 601 1689 Ἰησοῦ
623 1654 670 1680 καὶ
694 1653 739 1681 διὰ
766 1654 814 1690 τῆς
841 1653 922 1680 αὑτοῦ
948 1653 1120 1684 διδασκαλίας
1142 1652 1209 1681 πᾶσι
1230 1652 1286 1683 τοῖς
1302 1651 1390 1677 ἔθνεσι
1405 1650 1455 1685 τὴν
1475 1648 1521 1676 τοῦ
1546 1648 1669 1684 Ἀϐραὰμ
1691 1647 1765 1674 εὐλο-

144 1700 205 1736 γίαν
217 1700 320 1736 δεδωρη
325 1700 413 1736 μένος.

180 1761 236 1789 Καὶ
248 1761 375 1788 ἐκάλεσε
390 1759 478 1794 λιμὸν
490 1759 538 1785 ἐπὶ
555 1757 611 1793 τὴν
624 1758 692 1793 γῆν,
709 1756 770 1784 πᾶν
783 1757 927 1791 στήριγμα

1015 1752 1098 1781 Vens.
1117 1751 1161 1779 16.
1180 1751 1214 1778 Ει
1233 1751 1332 1778 vocavit
1349 1750 1446 1785 famem
1467 1757 1545 1784 super
1560 1755 1669 1783 terram,
1691 1757 1766 1778 omne

145 1809 235 1842 ἄρτου
253 1806 443 1840 συνέτριψεν.
463 1805 507 1831 Ἐν
525 1804 628 1835 τούτοις
646 1804 659 1830 ὁ
673 1803 750 1837 λόγος
763 1803 810 1829 καὶ
827 1802 889 1829 ἄλλο
904 1811 930 1828 τι

136 1845 255 1889 ’λεληθὸς
275 1854 338 1885 τοὺς
361 1852 473 1883 πολλοὺς
487 1851 615 1879 διδάσκει.
634 1850 689 1885 Τὴν
711 1849 763 1884 γὰρ
783 1848 871 1875 αἰτίαν
883 1847 929 1874 τοῦ

146 1900 277 1936 κληθῆναι
294 1899 371 1933 δίκην
385 1897 506 1933 ἐμψύχου
522 1896 590 1928 ζώου
603 1896 648 1922 τὸν
660 1895 738 1930 λιμὸν
751 1894 797 1921 ἐπὶ
805 1893 853 1929 τὴν
867 1894 929 1929 γῆν,

145 1945 216 1979 λέγω
227 1944 259 1979 δὴ
275 1943 323 1979 τὴν
335 1942 510 1977 ἐνεργητικὴν
525 1940 637 1975 δύναμιν
652 1939 699 1966 τοῦ
715 1939 804 1974 λιμοῦ,
825 1939 871 1965 καὶ
883 1937 929 1964 τοῦ

148 1990 321 2025 συντριϐῆναι
343 1989 396 2014 πᾶν
419 1988 557 2023 στήριγμα
579 1986 672 2021 ἄρτου,
688 1985 861 2020 παρίστησιν,
888 1983 931 2009 ἵνα

147 2036 195 2063 καὶ
209 2036 297 2069 φανιεῖ
316 2042 367 2060 που
385 2033 465 2068 ἄρτος
481 2032 517 2067 μὴ
536 2030 656 2066 στηρίζοι
672 2031 735 2060 τοὺς
754 2027 930 2063 ἐμπιπλαμέ-

146 2090 208 2112 νους
225 2081 253 2113 ἐξ
279 2079 371 2111 αὐτοῦ,
389 2079 460 2105 κατὰ
478 2078 519 2108 τὸ,
539 2078 640 2111 Ἄρτος
656 2075 785 2109 στηρίξει
807 2074 931 2107 καρδίαν

146 2126 313 2161 ἀνθρώπου.
327 2124 411 2151 Τοῦτο
430 2124 483 2159 γάρ
499 2124 571 2149 ἐστιν
585 2123 600 2148 ὃ
616 2122 731 2157 μάλιστα
745 2129 775 2146 συ
779 2120 887 2155 μὸαίνει
901 2119 931 2144 ὲν

146 2175 201 2205 τοῖς
217 2173 242 2198 λι
247 2174 315 2207 μοῖς,
332 2172 391 2197 κατ’
408 2170 491 2205 ὀργὴν
505 2169 571 2195 Θεοῦ
584 2168 752 2203 γιγνόμενον,
764 2167 793 2193 τὸ
807 2166 853 2192 καὶ
869 2166 931 2197 τοὺς

148 2220 285 2249 ἐσθίοντας
300 2217 336 2252 μὴ
352 2215 533 2251 στηρίζεσθαι.

188 2263 374 2291 Ἀπέστειλεν
397 2261 566 2296 ἔμπροσθεν
588 2259 686 2286 αὐτῶν
707 2258 872 2292 ἄνθρωπον,
889 2260 932 2291 εἱς

146 2311 258 2338 δοῦλον
278 2309 389 2344 ἐπράθη
409 2307 524 2341 Ἰωσήφ.
542 2306 763 2335 Ἐταπείνωσαν
781 2305 815 2331 ἐν
829 2304 933 2337 πέδαις

147 2359 219 2392 τοὺς
235 2359 331 2391 πόδας
347 2357 448 2388 αὐτοῦ,
467 2356 593 2390 σίδηρον
609 2355 732 2389 διῆλθεν
751 2355 770 2388 ἡ
784 2354 868 2388 ψυχὴ
883 2355 933 2380 αὐ-

148 2405 212 2437 τοῦ,
232 2405 318 2439 μέχρι
341 2404 394 2431 τοῦ
417 2403 516 2429 ἐλθεῖν
535 2403 588 2429 τὸν
602 2403 695 2437 λόγον
712 2401 815 2428 αὑτοῦ.
841 2401 933 2427 Πάντα

146 2449 233 2476 ταῦτα
256 2449 386 2484 ὑπέμεινε
409 2448 488 2483 μέχρι
510 2447 556 2473 τοῦ
579 2446 664 2472 ἐλθεῖν
683 2446 729 2472 τὸν
744 2445 821 2479 λόγον
839 2444 931 2477 αὐτοῦ,

147 2495 176 2521 ὂν
198 2495 244 2521 ἐπὶ
264 2496 319 2526 τοῖς
340 2495 472 2529 ὁράματι-ιν
497 2492 556 2518 ἰδὼν
569 2492 658 2524 ἐξεῖπε
681 2491 720 2526 τῷ
740 2490 834 2517 ἑαυτοῦ
850 2490 933 2526 πατρὶ

148 2542 194 2567 καὶ
211 2542 267 2571 τοῖς
281 2540 403 2573 ἀδελφοῖς
421 2540 516 2574 φήσας,
531 2539 681 2573 ἑωρακέναι
696 2537 776 2564 αὑτὸν
788 2536 933 2572 δράγματα

148 2587 194 2613 καὶ
215 2586 278 2617 τοὺς
301 2586 431 2619 ἀδελφοὺς
448 2586 548 2620 ὁμοίως
569 2584 758 2619 ἀναλέγοντας,
781 2583 875 2609 ἔπειτα
899 2582 933 2609 τὰ

148 2632 257 2658 ἐκείνων
273 2631 303 2657 τὸ
319 2630 413 2657 ἑαυτοῦ
432 2630 680 2667 προσκεκυνηκέναι
695 2630 817 2665 δράγμα·
833 2627 933 2663 ὁμοίως

147 2678 175 2704 δὲ
188 2678 233 2704 τὸν
244 2677 329 2713 ἣλιον,
345 2677 390 2703 καὶ
404 2677 453 2712 τὴν
471 2677 595 2711 σελήνην,
611 2678 658 2703 καὶ
670 2677 732 2708 τοὺς
743 2676 838 2702 ἕνδεκα
855 2675 934 2701 ἀστέ-

148 2732 198 2761 ρας
212 2724 373 2759 προσκυνεῖν
388 2722 471 2757 αὑτῷ.
487 2723 579 2756 Μέχρι
596 2722 648 2748 τοῦ
661 2722 760 2748 ἐλθεῖν
775 2722 828 2748 τὸν
841 2722 933 2755 λόγον

147 2770 251 2797 αὐτοῦ.
278 2769 313 2796 Τὸ
336 2769 439 2803 λόγιον
456 2769 564 2801 Κυρίου
580 2769 735 2802 ὲπύρωσεν
757 2768 858 2795 αὐτόν.
884 2766 931 2796 Τὸ,

148 2815 255 2849 Λόγιον
267 2815 377 2848 Κυρίου
394 2813 549 2847 ὲπύρωσεν
565 2814 666 2846 αὑτὸν,
681 2814 773 2848 ὅμοιον
791 2813 839 2847 τῷ,
858 2812 932 2846 Οὐχὶ

981 1803 1176 1837 ﬁrmamentum
1183 1800 1260 1835 panis
1268 1799 1400 1827 contrivit.
1411 1797 1440 1824 In
1450 1797 1493 1826 his
1505 1805 1594 1825 sermo
1601 1797 1673 1825 aliud
1684 1799 1765 1833 quid-

982 1849 1064 1884 piam,
1075 1847 1168 1874 multis
1180 1846 1329 1878 occultum,
1338 1845 1444 1872 edocet.
1459 1843 1575 1871 Causam
1588 1844 1659 1871 enim
1671 1851 1720 1871 cur
1730 1844 1767 1870 fa-

981 1894 1157 1926 mem,instar
1173 1891 1299 1919 animalis
1316 1889 1614 1925 cujusdam,vocaverit
1628 1894 1767 1923 superler-

981 1948 1050 1972 ram,
1066 1940 1091 1966 id
1109 1943 1150 1966 est
1166 1939 1294 1965 virtutem
1307 1937 1387 1964 famis
1401 1935 1575 1967 ellectricem,
1589 1939 1615 1963 et
1627 1943 1675 1962 cur
1687 1943 1767 1962 omne

982 1986 1180 2013 ﬁrmamentum
1204 1984 1282 2019 panis
1307 1982 1483 2013 contriverit,
1501 1981 1546 2008 hic
1576 1980 1713 2013 declarat,
1736 1983 1767 2007 ut

981 2031 1126 2067 patefaciet
1141 2038 1195 2066 quo
1208 2030 1236 2056 in
1253 2037 1318 2056 casu
1337 2028 1414 2064 panis
1430 2035 1484 2054 non
1497 2027 1585 2054 ﬁrmet
1600 2033 1648 2054 eos
1659 2026 1703 2060 qui
1720 2026 1767 2053 illo

981 2077 1130 2113 replentur,
1144 2075 1295 2105 secundum
1316 2073 1394 2106 illud,
1412 2073 1494 2103 Panis
1512 2080 1556 2100 cor
1578 2072 1690 2100 hominis
1704 2072 1768 2098 con-

981 2124 1072 2158 ﬁrmat
1088 2123 1121 2148 ‘5.
1140 2121 1169 2150 Id
1190 2122 1262 2149 enim
1282 2120 1400 2148 maxime
1417 2123 1541 2155 tempore
1568 2118 1647 2146 famis
1666 2118 1766 2151 evenit,

981 2178 1014 2198 ex
1030 2170 1068 2196 ira
1084 2169 1130 2196 Dei
1145 2168 1311 2198 immissum.
1323 2171 1353 2194 ut
1370 2166 1474 2195 scilicet
1487 2166 1535 2201 qui
1550 2164 1697 2192 comedunt
1712 2172 1767 2192 non

982 2216 1188 2242 conﬁrmentur.

1018 2261 1101 2288 Vens.
1126 2260 1219 2287 17-22.
1235 2259 1310 2286 Misit
1324 2264 1383 2286 ante
1398 2267 1442 2285 eos
1459 2258 1600 2288 hominem,
1619 2257 1645 2282 in
1666 2263 1767 2282 servum

982 2306 1153 2334 venumdatus
1163 2311 1202 2332 est
1213 2304 1319 2339 Joseph.
1337 2303 1549 2331 Humiliacerunt
1561 2302 1588 2328 in
1601 2299 1766 2334 compedibus

982 2351 1057 2386 pedes
1063 2351 1128 2386 ejus,
1137 2350 1236 2385 ferrum
1244 2348 1396 2382 pertransiit
1407 2347 1495 2375 anima
1503 2345 1570 2380 ejus,
1583 2344 1662 2371 donec
1671 2343 1766 2370 ueniret

984 2398 1088 2425 verbum
1096 2396 1162 2431 ejus.
1171 2395 1233 2422 Haec
1244 2394 1335 2422 omnia
1347 2392 1468 2428 pertulit,
1485 2392 1571 2419 donec
1585 2389 1690 2417 veniret
1704 2396 1766 2415 ver-

984 2445 1048 2472 bum
1056 2441 1207 2477 ejus,quod
1216 2448 1277 2468 cum
1292 2440 1320 2466 in
1333 2438 1486 2466 visionibus
1498 2435 1646 2470 accepisset
1658 2433 1728 2469 patri
1740 2436 1767 2460 et

986 2488 1116 2516 fratribus
1124 2487 1181 2514 suis
1188 2484 1365 2516 renuntiavit,
1372 2483 1465 2510 dicens
1473 2481 1574 2509 vidisse
1581 2479 1700 2514 seipsum
1712 2477 1767 2504 fra-

984 2539 1094 2568 tresque
1103 2539 1167 2559 suos
1177 2530 1330 2565 manipulos
1337 2529 1505 2564 colligentes,
1515 2533 1547 2553 ac
1556 2523 1767 2552 illorumdeinde

985 2578 1223 2614 manipulossuum
1234 2575 1402 2610 manipulum
1415 2573 1558 2604 adorasse;
1569 2570 1767 2604 similiterque-

986 2632 1037 2659 quc
1047 2624 1132 2651 solem
1142 2626 1169 2650 et
1177 2622 1268 2648 lunam
1277 2624 1358 2655 atque
1366 2618 1491 2646 undecim
1503 2617 1595 2646 stellas
1605 2617 1694 2651 ipsum
1703 2614 1767 2641 ado-

985 2678 1070 2698 rasse.
1086 2669 1173 2696 Donec
1191 2667 1287 2695 veniret
1300 2665 1405 2693 verbum
1415 2664 1481 2699 ejus.
1497 2662 1641 2698 Eloquium
1658 2660 1767 2688 Domini

985 2716 1160 2751 inﬂammavit
1175 2722 1244 2741 eum.
1270 2712 1350 2743 Illud.
1370 2710 1511 2746 Eloquium
1531 2709 1637 2736 Domini
1658 2703 1766 2741 inﬂam;

986 2763 1066 2789 mavit
1090 2770 1160 2792 eum,
1176 2760 1265 2787 simile
1280 2764 1322 2787 est
1340 2759 1404 2786 huic
1421 2767 1427 2785 :
1444 2756 1539 2785 Nonne
1561 2764 1607 2791 per
1622 2755 1703 2782 Deum
1719 2753 1766 2780 de-

986 2810 1097 2837 claratio
1119 2807 1226 2836 illorum
1241 2810 1279 2833 est
1294 2806 1338 2832 “‘2
1372 2804 1466 2840 Neque
1487 2804 1577 2836 enim,
1596 2802 1644 2834 ait,
1662 2800 1766 2829 somnia

184 2905 205 2919 "
228 2903 236 2929 l
255 2903 321 2937 Reg.
340 2911 374 2933 ιι,
393 2904 418 2931 5.
472 2904 491 2919 δ’
511 2902 591 2930 Prov.
626 2910 705 2935 xxn',
734 2902 775 2930 l6.
857 2900 922 2928 Gen.

977 2907 1010 2933 ll,
1036 2898 1062 2926 5.
1111 2896 1133 2913 ⁸⁵
1150 2894 1217 2925 Gen.
1248 2901 1323 2927 ull,
1355 2892 1397 2927 Π,
1419 2893 1459 2921 18,
1498 2893 1520 2909 ’³
1540 2891 1611 2920 Psal.
1640 2897 1703 2922 cm,
1721 2888 1763 2921 l5,

154 2940 175 2956 “
195 2939 261 2967 Gen.
282 2947 333 2972 XL,
352 2938 379 2966 8.
