2044 3212
291 197 360 226 1501

620 198 752 228 EUSEBII
770 199 1008 228 CJESARIENSIS
1022 200 1096 229 OPP.
1112 200 1203 229 PARS
1220 200 1265 229 111.
1279 215 1315 221 -
1333 199 1538 228 EXEGETICA.

1846 199 1908 226 1308

289 257 426 285 Pharaoni
458 259 631 294 explicasset,
660 261 714 289 nisi
739 260 794 288 Deo
809 261 890 289 dante
911 262 970 297 ipsa
996 263 1076 290 intel-

1133 263 1174 289 τιὰ
1190 262 1244 289 τοῦ
1259 262 1333 289 Θεοῦ
1350 263 1369 296 ἡ
1384 261 1569 296 διασάφησις
1581 259 1679 288 αὐτῶν
1690 260 1792 290 ecfer;
1805 259 1861 286 οὐκ
1877 259 1909 286 ἂν

291 303 412 332 luisset.
427 304 499 332 Misit
514 314 570 338 rex,
585 311 610 333 et
619 307 696 333 solvit
715 315 784 338 eum,
801 308 921 342 princeps
935 308 1036 342 populi,
1050 305 1075 335 et

291 349 394 377 dimisit
407 359 477 380 eum.
491 352 633 379 Constituit
655 362 714 380 eum
737 353 871 380 dominum
887 353 980 381 domus
1008 363 1074 387 suae,

290 401 315 423 et
341 397 484 432 principem
499 399 582 426 omnis
609 399 779 433 possessionis
801 408 866 433 suae,
905 406 933 426 ut
960 400 1076 428 erudiret

291 444 423 478 principes
438 445 505 479 ejus,
536 446 602 472 sicut
626 446 803 480 semetipsum,
824 451 849 473 et
868 455 940 473 senes
963 447 1019 481 ejus
1035 455 1078 474 sa-

291 490 418 524 pit’nliam
433 490 622 517 doceret.Cum
633 498 649 518 a
665 492 861 519 tentationibus
874 500 922 520 ceu
936 493 997 528 igne
1010 494 1077 521 satis

292 536 422 570 probatus
438 536 533 563 fuisset
547 535 646 572 Joseph
657 556 665 569 ,
682 541 746 565 tunc
761 537 815 565 Deo
834 543 994 574 suggerente
1007 538 1078 566 Pha~

292 582 382 612 raoni,
398 581 443 616 qui
461 585 488 608 et
513 590 560 609 rex
575 586 602 610 et
630 583 756 619 princeps
777 585 821 611 hic
836 589 958 616 vocatur,
977 593 991 611 a
1015 585 1077 612 vin-

292 626 364 654 culis
387 627 513 659 solvitur,
541 631 622 662 atque
640 628 737 657 domus
759 630 831 665 regis
853 634 880 657 et
896 631 986 658 omnis
1014 639 1078 665 pos-

293 671 427 699 sessionis
449 672 509 708 ejus
531 674 657 709 princeps
677 676 862 703 constituitur.
887 675 990 703 Extulit
1005 678 1077 703 enim

291 724 366 748 eum,
383 721 411 743 ut
429 719 582 753 complures
603 719 731 752 dixerint,
748 724 778 747 ut
807 720 911 748 fructus
932 721 964 748 ad
993 721 1079 748 abun-

292 762 413 790 dantiam
427 763 578 799 colligeret,
598 768 625 792 et
640 765 673 792 ad
693 769 801 800 tempus
822 764 902 792 laniis
921 773 968 793 eos
984 771 1078 793 custo-

293 807 374 834 diret.
392 807 441 835 llic
455 813 544 836 autem
565 817 654 837 sermo
671 810 759 842 docet,
775 818 829 837 non
853 814 907 837 tam
924 811 959 838 ob
971 811 1078 846 frugum

293 852 446 880 custodiam
472 853 505 880 ad
522 854 703 889 principatum
727 859 850 882 evectum
875 854 970 888 fuisse,
996 864 1078 891 quam

294 897 329 925 ad
345 898 490 926 utilitatem
507 899 604 926 animae
618 907 712 927 eorum
730 900 777 934 qui
793 907 840 935 per
860 900 949 936 ipsum
963 901 1078 928 docendi

293 947 321 970 et
337 943 497 972 instituendi
508 950 595 972 erant.
617 944 700 972 Erant
711 948 801 972 autem
820 945 845 972 hi
861 946 997 981 principes
1008 946 1078 974 Pha-
1095 962 1116 990 Β

294 990 388 1017 raonis
415 995 442 1018 et
468 991 601 1019 seniores.
629 991 733 1024 Quibus
760 991 852 1018 utilem
879 992 1076 1020 institutionem

293 1034 410 1070 adeptis.
442 1037 591 1066 verisimile
614 1040 674 1064 erat
703 1045 798 1065 omnes
823 1045 932 1072 quoque
954 1038 1079 1066 subditos

293 1080 431 1114 proiectus
447 1081 604 1115 huiusmodi
615 1087 759 1110 consortes
776 1083 882 1111 futuros
893 1091 965 1113 esse.

1126 309 1180 344 γὰρ
1205 309 1282 335 ἔλυσε
1305 309 1366 340 τοὺς
1389 308 1509 344 ὀνείρους
1531 307 1570 343 τῷ
1584 306 1693 342 Φαραὼ,
1716 306 1752 341 μὴ
1775 303 1822 332 τοῦ
1843 305 1908 332 Θεοῦ

1125 355 1311 391 παρασχόντος
1338 355 1368 381 τὺ
1397 354 1524 381 δύνασθαι
1553 353 1671 380 συνιέναι
1695 351 1802 382 αὐτούς.
1831 351 1909 378 Ἀπέ-

1126 403 1228 428 στειλε
1247 400 1395 434 ,βασιλεὺς
1412 400 1459 426 καὶ
1474 400 1588 437 ἔλυσεν
1603 398 1705 429 αὐτὸν,
1717 398 1819 432 ἄρχων
1835 397 1910 424 λαοῦ

1127 447 1175 473 καί
1188 446 1305 481 ἀφῆκεν
1315 447 1418 473 αὐτόν.
1433 445 1625 480 Κατέστησεν
1638 443 1731 472 αὑτὸν
1743 444 1848 477 κύριον
1858 443 1910 469 τοῦ

1127 492 1212 519 οἴκου
1237 491 1341 523 αὑτοῦ,
1362 491 1413 526 χαι
1431 491 1562 526 ἄρχοντα
1583 489 1684 527 πάσης
1702 488 1757 522 τῆς
1778 487 1910 520 κτήσεως

1127 538 1231 570 αὑτοῦ,
1253 537 1308 565 τοῦ
1330 538 1489 565 παιδεῦσαι
1512 537 1583 570 τοὺς
1599 536 1746 570 ἄρχοντας
1761 534 1910 567 αὑτοῦ,ὠς

1127 584 1245 616 ἑαυτὸν,
1264 584 1313 611 καὶ
1332 585 1403 617 τοὺς
1424 582 1644 617 πρεσϐυτέρους
1663 581 1756 608 αὐτοῦ
1775 581 1908 615 σοφίσαι.

1128 631 1192 657 Ὅτε
1209 629 1352 665 αὐτάρκως
1369 628 1496 664 ὲπυρώθη
1514 627 1566 654 ὑπὸ
1581 627 1634 654 τῶν
1650 625 1811 662 πειρασμῶν
1825 627 1840 652 ὸ
1857 626 1911 652 Ίω-

1128 676 1193 712 σὴφ,
1204 676 1263 702 τότε
1276 675 1343 702 Θεοῦ
1358 675 1538 706 ὑποϐαλόντος
1553 673 1591 709 τῷ
1608 673 1717 709 Φαραὼ,
1732 673 1760 700 ὃν
1773 672 1821 699 καὶ
1836 672 1910 707 βασι-

1127 721 1176 748 λέα
1195 721 1242 748 καὶ
1259 721 1377 756 ἄρχοντα
1395 720 1442 747 νῦν
1456 722 1470 747 ὁ
1489 720 1568 754 λόγος
1583 719 1668 751 καλεῖ,
1688 719 1780 746 λύεται
1805 717 1860 744 τῶν
1873 717 1908 744 δε-

1130 766 1216 802 σμῶν,
1236 767 1284 793 καὶ
1300 766 1391 802 ἄρχων
1405 765 1452 792 τοῦ
1477 766 1552 792 οῐκου
1568 765 1614 792 τοῦ
1640 764 1771 800 βασιλέως
1795 764 1842 790 καὶ
1860 763 1912 789 πά-

1129 820 1179 847 σης
1197 812 1245 846 τῆς
1261 812 1383 846 κτήσεως
1400 810 1482 837 αὑτοῦ
1507 811 1677 838 καθίσταται.
1696 809 1842 844 Ἐξήνεγκε
1861 807 1913 842 γὰρ

1129 858 1219 889 αὑτὸν,
1236 858 1274 890 ὡς
1291 858 1340 893 μὲν
1355 858 1426 884 εἴποι
1451 857 1484 884 ἂν
1509 858 1524 884 ὁ
1548 857 1632 888 πολὺς
1652 855 1805 892 ἄνθρωπος,
1823 853 1869 880 διὰ
1885 853 1914 879 τὸ

1131 905 1292 938 συναγαγεῖν
1306 903 1341 930 τὰ
1355 903 1511 938 γεννήματα
1523 903 1573 937 τῆς
1589 902 1725 937 εὐθηνίας,
1738 901 1786 928 καὶ
1800 899 1914 934 φυλάξαι

1130 949 1200 977 αὐτὰ
1214 951 1254 981 εἰς
1270 949 1364 984 καιρὸν
1377 949 1423 975 τοῦ
1441 948 1531 984 λιμοῦ.
1551 949 1580 975 '0
1595 948 1624 974 δὲ
1644 946 1738 983 παρὼν
1753 946 1832 981 λόγος
1848 944 1915 972 διδά-

1132 1005 1191 1022 σκει
1208 997 1238 1022 οὐ
1249 995 1374 1022 τοσοῦτον
1384 995 1433 1030 τῆς
1448 995 1502 1021 τῶν
1518 993 1631 1029 καρπῶν
1646 992 1768 1029 (ἣυλακῆς
1780 991 1863 1018 ἓνεκα
1875 990 1913 1020 εἰς

1131 1041 1179 1077 τὴν
1198 1041 1285 1078 ἀρχὴν
1308 1041 1453 1077 προῆχθαι,
1477 1041 1539 1067 ὅσον
1561 1040 1611 1074 τῆς
1636 1038 1706 1066 κατὰ
1729 1037 1818 1072 ψυχὴν
1845 1035 1915 1070 ὡφε-

1131 1086 1205 1119 λείας
1219 1086 1273 1114 τῶν
1287 1087 1436 1122 μελλόντων
1453 1086 1498 1113 ὑπ’
1517 1085 1600 1113 αὑτοῦ
1617 1083 1774 1119 σοφίζεσθαι
1791 1083 1838 1108 καὶ
1855 1089 1915 1107 παι-

292 1125 426 1154 δεύεσθαι.
443 1125 532 1157 Ἦσαν
548 1128 576 1156 δὲ
590 1124 662 1155 οὗτοι
684 1129 812 1165 ἄρχοντες
829 1129 928 1165 Φαραὼ
947 1131 995 1157 καὶ
1011 1131 1190 1168 πρεσδύτεροι
1200 1141 1207 1149 ο
1224 1130 1262 1161 ὧν
1282 1133 1488 1169 ὠφελουμένων,
1504 1131 1577 1163 εἰκὸς
1590 1129 1624 1168 ἦν
1643 1130 1689 1157 καὶ
1702 1131 1766 1161 τοὺς
1781 1127 1915 1162 omnibus

295 1174 418 1207 ἅπαντας
441 1176 490 1212 τῆς
509 1177 574 1212 παρ’
599 1176 689 1203 αὐτῶν
713 1179 858 1213 μετασχεῖν
879 1177 1058 1214 βελτιώσεως.

329 1235 412 1263 Vens.
432 1235 479 1267 23,
501 1235 546 1262 24.
568 1235 600 1262 Et
620 1236 728 1263 intravit
744 1236 830 1263 Israel
841 1237 868 1263 in
885 1236 1039 1273 Egyplum,
1052 1242 1077 1265 et

293 1282 375 1310 Iacob
393 1282 484 1309 accola
496 1281 546 1316 fuit
567 1282 591 1309 in
614 1288 683 1309 terra
705 1281 799 1309 Cluun.
815 1282 849 1308 Et
866 1284 939 1309 auxit
952 1283 1078 1317 populum

294 1337 370 1356 suum
388 1328 558 1359 vehementer.
584 1332 608 1355 et
637 1328 752 1362 ﬁrmavit
780 1336 840 1355 eum
862 1336 939 1362 super
958 1329 1079 1356 inimicos

293 1375 361 1409 ejus.
377 1373 444 1407 Quis
466 1373 589 1406 intravit,
602 1373 655 1401 nisi
670 1372 774 1401 lswcl?
799 1373 831 1400 Et
846 1374 908 1408 quis
919 1374 1012 1401 accola
1030 1374 1081 1402 fuit

294 1422 321 1449 in
337 1425 408 1448 terra
421 1420 516 1454 Clmm,
537 1420 591 1448 nisi
609 1419 713 1448 Jacoh?
752 1420 800 1448 llis
827 1424 917 1447 autem
940 1428 1002 1448 cum
1023 1421 1082 1456 ipse

295 1470 372 1501 pater
396 1469 453 1492 tum
476 1465 521 1492 lilii
543 1465 604 1500 ejus
630 1465 815 1494 declarantur.
833 1465 901 1493 Cum
925 1466 997 1493 enim
1026 1474 1081 1494 non

295 1512 370 1539 solus
384 1511 468 1538 Jacob
483 1512 643 1544 intraverit,
669 1512 717 1540 sed
733 1512 814 1540 etiam
832 1513 1003 1548 septuaginta
1023 1513 1082 1540 ani-

295 1564 346 1584 ma;
358 1564 420 1583 cum
435 1564 478 1588 eo.
499 1557 649 1584 secundum
674 1556 752 1589 illud.
781 1556 814 1584 In
837 1558 1004 1593 septuaginta
1023 1558 1082 1584 ani-

297 1603 389 1630 mabus
413 1603 547 1630 descendit
571 1602 657 1630 Israel
680 1603 708 1629 in
727 1602 872 1638 zEgypmm
881 1604 914 1637 ‘7;
936 1603 1038 1630 idcirco
1054 1607 1082 1631 et

1165 1238 1220 1265 Kal
1241 1237 1384 1271 εἰσῆλθεν
1404 1236 1523 1271 Ἰσραὴλ
1545 1237 1589 1270 είς
1611 1235 1774 1271 Αἴγυπτον.
1798 1235 1849 1261 καὶ
1867 1235 1914 1262 'Ia-

1130 1283 1192 1311 κὼϐ
1203 1284 1382 1318 παρῴκησεν
1393 1283 1428 1309 ὲν
1438 1282 1477 1317 τῇ
1490 1281 1564 1317 Χάμ.
1578 1281 1632 1308 Καὶ
1643 1281 1760 1315 ηὔξησε
1774 1281 1829 1308 τὸν
1841 1281 1914 1308 ,λαὸν

1130 1329 1223 1357 αὑτοῦ
1239 1328 1366 1363 σφόδρα,
1380 1328 1428 1354 καὶ
1439 1328 1640 1361 ἐκραταίωσεν
1650 1326 1743 1354 αὑτὸν
1758 1326 1835 1361 ὑπὲρ
1849 1326 1915 1359 τοὺς

1131 1374 1256 1410 ἐχθροὺς
1277 1373 1381 1400 αὑτοῦ.
1404 1373 1452 1405 Τίς
1476 1373 1504 1400 δὲ
1525 1372 1658 1408 εἰσῆλθεν,
1680 1371 1739 1399 ἀλλ’
1755 1372 1772 1407 ἢ
1793 1372 1913 1408 Ἰσραήλ,

1133 1421 1188 1448 Καὶ
1210 1421 1251 1451 τίς
1265 1419 1429 1455 παρῴκησεν
1449 1419 1478 1446 ὲν
1491 1420 1527 1454 γῇ
1543 1418 1618 1454 Χὰμ,
1629 1418 1686 1445 ἀλλ’
1699 1418 1716 1453 ἢ
1736 1417 1852 1450 Ἰακὼ6;
1868 1420 1916 1454 Δη-

1132 1466 1224 1493 λοῦται
1239 1465 1267 1492 δὲ
1288 1465 1331 1492 διὰ
1350 1464 1452 1492 τούτων
1470 1464 1551 1496 αὑτός
1566 1473 1596 1491 τε
1611 1465 1626 1491 6
1648 1464 1740 1499 πατὴρ
1756 1465 1803 1490 καὶ
1820 1465 1844 1490 οἱ
1859 1463 1916 1490 τού-

1131 1521 1182 1548 του,
1206 1512 1311 1543 παῖδες.
1335 1512 1410 1538 Ἐπεὶ
1429 1510 1483 1546 γὰρ
1507 1510 1538 1538 οὐ
1571 1511 1650 1546 μόνος
1674 1510 1784 1546 εἰσῆλθε
1812 1510 1915 1542 ’ίακὼ6,

1133 1558 1200 1585 ἀλλὰ
1216 1558 1264 1585 καὶ
1287 1557 1472 1593 ἑϐδομήκοντα
1493 1557 1577 1592 ψυχαὶ
1598 1557 1646 1584 σὺν
1672 1556 1757 1592 αὐτῷ,
1779 1557 1852 1583 κατὰ
1873 1557 1916 1583 τό·

1139 1605 1190 1632 Ἑν
1203 1603 1405 1639 ἐϐδομήκοντα
1420 1603 1533 1638 ψυχαῖς
1547 1603 1655 1636 κατέϐη
1677 1602 1796 1636 Ἰσραὴλ
1816 1604 1860 1635 είς
1871 1603 1917 1629 Αί-

296 1649 345 1676 ﬁlii
362 1653 389 1676 et
401 1653 480 1684 pater
492 1649 630 1684 przcdictis
642 1649 734 1676 verbis
751 1649 951 1685 signiﬁcantur.
961 1649 996 1676 Et
1007 1650 1080 1676 auxit

1133 1657 1261 1686 γυπτον·
1276 1650 1322 1677 διὰ
1333 1650 1412 1677 τοῦτο
1423 1650 1470 1676 καὶ
1480 1650 1505 1676 οἱ
1523 1649 1616 1681 παῖδες
1630 1650 1678 1676 καὶ
1692 1650 1706 1675 ὁ
1719 1650 1814 1685 πατὴρ
1825 1648 1918 1684 ἐδηλώ-

295 1695 422 1730 populum
445 1703 522 1722 suum
540 1694 710 1727 vehementer,
733 1700 758 1722 et
775 1696 891 1729 ﬁrmavit
916 1703 975 1723 eum
1005 1704 1082 1730 super

297 1741 418 1768 inimicos
432 1740 500 1774 ejus.
526 1739 582 1767 Nec
602 1741 675 1767 aucti
691 1748 740 1768 nec
759 1740 857 1768 ﬁrmati
882 1740 1009 1773 fuissent,
1028 1741 1082 1769 nisi

296 1785 446 1821 Josephum
460 1790 605 1822 patronum
620 1786 694 1813 nacti
714 1789 817 1820 essent,
836 1790 863 1814 et
885 1786 920 1814 ab
946 1786 1083 1823 Egyptiis

298 1833 430 1860 honorem
447 1832 628 1868 accepissent,
647 1833 695 1868 qui
711 1831 823 1869 .losephi
850 1833 937 1869 gratia
954 1833 1022 1868 ipsis
1034 1834 1083 1861 σιο-

298 1879 447 1907 ferebatur.

333 1968 415 1997 Vsus.
435 1968 527 1997 25—36.
544 1968 678 1997 Convertit
699 1977 746 1996 cor
764 1977 855 1999 eorum
875 1974 903 1997 ut
920 1969 1023 1998 adirent
1037 1979 1085 2006 po—

297 2014 390 2049 pulum
407 2023 495 2046 suum.
513 2019 538 2042 et
552 2015 643 2042 dolum
667 2015 781 2050 facerent
797 2016 825 2043 in
841 2024 928 2044 servos
944 2025 1016 2043 suos.
1035 2016 1085 2043 Mi-

299 2062 334 2088 sit
351 2061 468 2096 Moysem
484 2070 586 2089 servum
604 2070 692 2094 suum,
715 2062 806 2090 Aaron
821 2071 897 2098 quem
921 2063 999 2098 elegit
1022 2063 1084 2091 sibi.

301 2105 395 2133 Posuit
407 2107 433 2133 in
443 2108 480 2134 eis
496 2107 572 2134 verba
583 2109 718 2143 signorum
731 2117 851 2142 suorum,
868 2114 893 2136 et
905 2109 1085 2144 prodigiorum

299 2159 410 2179 suorum
428 2152 456 2178 in
467 2157 538 2178 terra
551 2151 644 2180 Cham.
661 2152 736 2180 Misit
754 2153 873 2181 tenebras
887 2158 912 2180 et
925 2153 1084 2188 obscuravit,

299 2198 363 2232 quia
378 2196 599 2223 exacerbaverunt
622 2205 753 2225 sermones
766 2199 833 2230 eius.
853 2198 986 2226 Convertit
1002 2207 1086 2234 aquas

300 2253 392 2272 eorum
407 2245 435 2272 in
451 2245 603 2280 sanguinem
614 2250 639 2272 et
660 2245 754 2272 occidit
770 2246 852 2277 pisces
864 2254 955 2273 eorum
996 2246 1087 2274 Edidit

301 2297 374 2319 terra
397 2299 488 2318 eorum
514 2299 593 2318 ranas
617 2291 644 2318 in
660 2291 837 2324 penetralibus
853 2300 942 2328 regum
957 2292 1084 2326 ipsorum.

301 2337 378 2366 Dixit
393 2342 418 2364 et
432 2337 501 2364 venit
515 2344 650 2372 coenomya
664 2341 689 2365 et
706 2337 821 2372 cinipltes
847 2338 875 2364 in
888 2337 1008 2365 omnibus
1024 2339 1086 2373 [ini-

300 2382 349 2410 bus
365 2391 467 2410 eorum.
495 2382 589 2410 Posuit
603 2383 704 2417 pluvias
718 2391 808 2410 eorum
823 2383 988 2419 grandinem,
1001 2385 1086 2418 ignem

301 2429 498 2456 eomburentem
511 2429 537 2456 in
552 2434 624 2456 terra
655 2430 783 2464 ipsorum.
808 2429 840 2456 Et
854 2430 983 2464 percussit
997 2429 1087 2457 vineas

301 2482 392 2501 eorum
404 2480 428 2502 et
447 2475 574 2510 ﬁculneas
596 2483 696 2508 eorum,
707 2480 732 2502 et
753 2476 877 2503 contriuit
893 2484 968 2504 omne
987 2476 1088 2510 lignum

303 2519 395 2554 ﬁnium
413 2529 513 2548 eorum.
532 2520 618 2555 Dixit,
634 2527 660 2549 et
684 2522 753 2549 venit
781 2522 884 2550 locusta
910 2527 935 2550 et
963 2523 1087 2555 bruchus,

301 2565 380 2600 cujus
408 2575 460 2594 non
484 2572 542 2594 erat
558 2576 692 2600 numerus.
721 2573 746 2595 et
762 2569 874 2596 comedit
895 2577 971 2596 omne
997 2569 1086 2604 fenum

302 2612 331 2639 in
349 2616 420 2639 terra
451 2621 556 2645 eorum,
586 2619 612 2641 et
627 2614 739 2642 comedit
758 2623 860 2643 omnem
879 2616 992 2649 fructum
1009 2621 1087 2644 teme

302 2666 403 2685 eorum.
425 2658 458 2684 Et
481 2660 609 2693 percussit
629 2669 705 2688 omne
737 2661 938 2696 primogenitum
964 2662 993 2688 in
1016 2666 1088 2689 terra

303 2712 405 2736 eorum,
420 2704 552 2738 primitias
566 2706 651 2734 omnis
673 2706 773 2734 laboris
788 2715 890 2735 eorum.
906 2707 1088 2741 Quemadmo-

304 2749 369 2776 dum
381 2749 469 2784 primo
485 2748 632 2784 Josephum
645 2751 770 2786 permisit
785 2752 813 2779 in
837 2751 997 2780 servitutem
1015 2752 1088 2780 redi-

304 2794 341 2830 gi,
368 2802 400 2822 ac
414 2794 590 2829 compedibus
601 2794 727 2831 ferroque
739 2797 892 2831 humiliari;
915 2797 1014 2827 deinde
1024 2805 1088 2827 vero

304 2844 368 2875 post
393 2841 486 2868 datum
512 2839 620 2868 virtutis
652 2842 879 2877 experimentum,
916 2843 950 2871 ad
976 2851 1089 2879 regnum

340 2920 364 2936 "’
381 2918 446 2948 Gen.
466 2927 528 2953 xu,
546 2919 600 2954 27;
620 2919 678 2948 Act.
695 2927 749 2954 vn,
768 2920 811 2949 l4.

1134 1695 1218 1730 θησαν
1233 1695 1278 1722 διὰ
1294 1695 1347 1722 τῶν
1365 1694 1559 1731 προκειμένων.
1572 1694 1628 1722 Καὶ
1648 1694 1766 1728 ηὔξησε
1777 1695 1832 1721 τὸν
1844 1694 1917 1722 λαὸν

1133 1741 1225 1768 αὑτοῦ
1235 1740 1363 1775 σφόδρα,
1376 1740 1424 1766 καὶ
1441 1739 1642 1774 ὲκραταίωσεν
1654 1739 1748 1766 αὐτὸν
1759 1740 1837 1773 ὑπὲρ
1850 1740 1916 1772 τοὺς

1132 1787 1259 1822 ἐχθροὺς
1279 1786 1382 1814 αὑτοῦ.
1402 1786 1459 1813 Οὐκ
1471 1785 1504 1813 ἂν
1519 1785 1676 1821 ηὐξήθησαν
1692 1785 1753 1812 οὐδὲ
1768 1785 1918 1822 ἐκραταιώ-

1134 1832 1230 1868 θησαν,
1255 1833 1280 1859 εἰ
1305 1833 1342 1868 μὴ
1371 1832 1466 1866 ἔτυχον
1490 1831 1641 1868 προστάτου
1669 1832 1779 1867 Ἰωσὴφ,
1807 1831 1918 1866 καὶτῆς

1133 1878 1210 1914 παρὰ
1229 1879 1285 1910 τοῖς
1306 1877 1463 1912 Αἰγυπτίοις
1476 1877 1560 1912 τιμῆς
1577 1877 1623 1904 διὰ
1641 1877 1687 1904 τοῦ
1707 1877 1806 1912 Ἰωσὴφ
1831 1878 1918 1907 αὐτοῖς

1134 1923 1360 1959 παρασχεθείσης.

1169 1969 1358 2004 Μετέστρεψε
1378 1970 1435 2004 τὴν
1457 1968 1583 2003 καρδίαν
1600 1967 1700 1995 αὐτῶν
1719 1968 1772 1995 τοῦ
1791 1967 1920 2002 μισῆσαι

1134 2016 1189 2045 τὸν
1206 2018 1283 2043 λαὸν
1296 2015 1400 2048 αὑτοῦ,
1411 2015 1465 2042 τοῦ
1484 2014 1659 2042 δολιοῦσθαι
1671 2014 1706 2041 ἐν
1724 2014 1786 2046 τοῖς
1801 2014 1920 2046 δούλοις

1134 2062 1238 2090 αὐτοῦ.
1259 2061 1466 2095 Ἐξαπέστειλε
1480 2060 1615 2095 Μωῦσῆν
1628 2060 1683 2088 τὸν
1692 2060 1806 2087 δοῦλον
1817 2059 1919 2090 αὐτοῦ,

1142 2108 1248 2144 Ἀαρὼν
1269 2108 1305 2136 ὃν
1327 2108 1485 2141 ἐξελέξατο
1510 2107 1615 2140 ἐαυτῷ.
1636 2107 1741 2148 Ἐρετο
1759 2106 1795 2132 ἐν
1820 2105 1920 2138 αὐτοῖς

1135 2155 1207 2188 τοὺς
1224 2155 1335 2189 λόγους
1353 2153 1413 2181 τῶν
1431 2154 1564 2189 σημείων
1576 2152 1681 2185 αὐτοῦ,
1695 2151 1745 2180 καὶ
1761 2151 1821 2179 τῶν
1838 2151 1920 2186 τερά-

1135 2209 1196 2228 των
1216 2200 1310 2228 αὑτοῦ
1322 2200 1358 2227 ἐν
1375 2199 1412 2235 γῇ
1426 2200 1501 2234 Χάμ.
1522 2199 1733 2232 Ἐξαπέστειλε
1745 2199 1857 2231 σκότος
1873 2198 1920 2225 καὶ

1136 2246 1296 2278 ἐσκότασε,
1315 2245 1360 2272 ὅτι
1375 2245 1599 2279 παρεπίκραναν
1610 2244 1681 2277 τοὺς
1693 2244 1804 2278 λόγους
1817 2242 1920 2270 αὑτοῦ.

1137 2292 1325 2326 Μετέστρεψδ
1345 2291 1381 2318 τὰ
1398 2291 1493 2319 ὕδατα
1507 2290 1606 2317 αι’ντῶν
1623 2292 1667 2323 εἱς
1689 2287 1770 2324 αἷμα,
1785 2289 1834 2316 καὶ
1852 2288 1920 2316 ἀπέ-

1137 2346 1235 2364 κτεινε
1255 2337 1327 2370 τοὺς
1346 2337 1450 2371 ἰχθύας
1471 2336 1580 2364 αὐτῶν.
1599 2336 1754 2370 Ἐξεῖρψεν
1775 2336 1794 2369 ὴ
1814 2335 1854 2370 τῆ
1873 2335 1922 2361 αὺ-

1137 2382 1196 2410 τῶν
1211 2382 1384 2417 βατράχους
1400 2383 1435 2409 ὲν
1458 2382 1521 2416 τοῖς
1542 2383 1671 2417 ταμείοις
1691 2381 1751 2408 τῶν
1768 2381 1922 2414 ,βασιλέων

1138 2429 1246 2456 αὐτῶν.
1266 2427 1351 2462 Eine,
1365 2428 1414 2457 καὶ
1433 2426 1507 2464 ἦλθε
1523 2428 1670 2463 κυνάμυια
1683 2427 1732 2454 καὶ
1748 2427 1877 2460 σκνῖπες
1890 2426 1922 2452 ὲν

1138 2475 1214 2503 πᾶσι
1232 2475 1294 2508 τοῖς
1308 2475 1400 2509 ὁρίοις
1422 2474 1533 2503 αὐτῶν.
1550 2475 1654 2502 Ἐθετο
1672 2474 1726 2507 τὰς
1742 2473 1860 2508 ,βροχὰς
1873 2473 1922 2499 αὑ-

1138 2521 1197 2548 τῶν
1216 2520 1358 2556 χάλαζαν,
1375 2521 1435 2554 πῦρ
1450 2519 1640 2555 καταφλέγον
1652 2520 1687 2547 ἐν
1707 2519 1745 2554 τῇ
1761 2518 1800 2554 ra“
1815 2518 1922 2546 αὐτῶν.

1138 2568 1193 2596 Καὶ
1209 2567 1338 2600 ἐπάταξε
1351 2567 1404 2603 τὰς
1419 2566 1572 2602 ἀμπέλους
1584 2565 1683 2594 αὐτῶν
1698 2565 1748 2592 καὶ
1762 2565 1816 2598 τὰς
1829 2563 1923 2596 συκᾶς

1138 2613 1247 2647 αὐτῶν,
1270 2614 1319 2641 καὶ
1338 2613 1500 2647 συνέτριψε
1518 2611 1580 2640 πᾶν
1600 2612 1696 2644 ξύλον
1713 2612 1802 2646 ὁρίων
1815 2609 1922 2638 αὐτῶν.

1139 2658 1223 2692 Eius,
1244 2660 1294 2686 καὶ
1317 2657 1411 2695 ἦλθεν
1430 2658 1516 2693 dupli;
1536 2658 1587 2686 καὶ
1605 2657 1749 2693 βροῦχος,
1762 2655 1799 2685 οὗ
1815 2658 1871 2684 οὐκ
1887 2654 1924 2691 ἦν

1139 2706 1272 2740 ἀριθμὸς,
1289 2705 1338 2732 καὶ
1358 2704 1506 2739 κατέφαγε
1525 2703 1626 2731 πάντα
1647 2704 1755 2739 χόρτον
1772 2703 1808 2729 ἐν
1829 2701 1866 2736 τῇ
1888 2700 1923 2737 γῆ

1139 2750 1248 2783 αὐτῶν,
1263 2750 1312 2778 καὶ
1327 2749 1473 2785 κατέφαγε
1487 2749 1585 2776 πάντα
1598 2749 1652 2776 τὸν
1667 2748 1783 2783 καρπὸν
1797 2747 1853 2781 τῆς
1868 2746 1920 2782 γῆς

1141 2796 1248 2824 αὐτῶν.
1266 2796 1319 2824 Καὶ
1340 2795 1470 2826 ἐπάταξε
1483 2794 1545 2823 πᾶν
1567 2795 1753 2829 πρωτότοκον
1772 2793 1807 2820 ἐν
1829 2792 1865 2827 τῇ
1887 2791 1922 2826 τῇ

1143 2843 1251 2877 αὐτῶν,
1274 2844 1415 2878 ἀπαρχὴν
1438 2842 1550 2876 παντὸς
1569 2842 1663 2869 πόνου
1687 2840 1794 2868 αὐτῶν.
1820 2840 1919 2876 ’Ὠσπερ
