2044 3212
163 170 230 199 1515

719 171 972 205 COMMENTARIA
993 177 1027 205 IN
1046 172 1217 207 PSALMOS.

1290 167 1359 212 in"
1713 179 1786 208 {3H

159 226 233 260 λείας
248 227 488 265 ἐλευθερωθέντες,
509 230 559 258 οὐκ
576 231 707 266 ἔγνωσαν,
724 234 766 260 ὄτι
790 235 820 261 οὐ
840 235 885 262 διὰ
897 235 942 268 τὰς

998 237 1070 272 quod
1088 244 1142 264 non
1154 237 1268 272 iustitiae
1278 245 1335 265 sua:
1349 244 1444 271 causa,
1460 246 1548 273 neque
1563 238 1636 274 quod
1663 238 1716 273 ipsi
1737 237 1786 267 Del

158 274 247 301 αὐτῶν
262 274 446 308 δικαιοσύνας,
456 276 517 304 οὔτε
531 277 611 305 διὰτὸ
625 277 694 305 εἶναι
712 281 866 316 ἐπισκοπῆς
877 280 944 308 Θεοῦ

157 320 259 353 ἀξίους,
283 321 327 348 διὰ
349 322 377 348 δὲ
397 322 428 349 τὸ
442 323 544 358 πλῆθος
560 324 605 350 τοῦ
622 324 714 357 ἐλέους
738 326 822 353 αὑτοῦ
843 326 946 355 τούτων

156 367 334 402 τετυχήκασι.

193 413 226 439 οι
246 413 370 448 πατέρες
390 413 474 449 ἡμῶν
491 415 526 441 ἐν
541 415 677 450 Αἰγύπτῳ
698 416 733 443 οὐ
757 415 895 450 συνῆκαν
910 417 946 444 τὰ

156 456 308 491 θαυμάσια
319 466 387 492 σου,
400 460 454 486 οὐκ
469 459 666 493 ἐμνήσθησαν
679 461 731 488 τοῦ
743 461 879 496 πλήθους
893 462 945 489 τοῦ

155 502 261 536 ἐλέους
277 510 344 531 σου.
364 505 419 531 Kal
441 505 666 540 παρεπίκραναν
686 505 946 540 ἀναϐαίνοντεςὲν

155 548 194 583 τῇ
217 549 339 584 Ἐρυθρᾷ
366 551 518 586 θαλάσσῃ.
549 551 641 578 Ταῦτα
668 553 718 588 μὲν
741 553 756 579 ὸ
778 553 832 589 πρὸ
849 553 944 580 τούτου

155 595 276 631 διείληφε
293 596 411 632 ψαλμὸς,
432 598 596 633 ἐπετέμνετο
613 598 641 625 δὲ
658 598 738 631 αὐτὸς
757 600 803 626 καὶ
826 600 876 632 τὰς
899 599 945 627 ἐπὶ

156 641 206 677 τῆς
223 642 325 678 ἐρήμου
338 643 574 679 παραδοξοποιίας,
594 645 675 680 μηδὲν
690 646 882 681 κατηγορήσας
897 646 944 674 τοῦ

155 687 230 714 λαοῦ.
253 689 282 715 '0
304 689 333 715 δὲ
359 689 454 725 παρὼν
484 690 706 726 ἐπαναλαμϐάνει
735 691 783 726 τὴν
808 691 944 728 διήγησιν,

156 735 203 761 καὶ
233 735 322 767 πάσας
353 735 401 762 τοῦ
433 735 499 762 λαοῦ
532 736 582 768 τὰς
618 737 776 770 δυσσεϐείας
809 737 943 770 διέξεισιν.

158 780 235 808 Ἔστι
248 781 276 807 δὲ
293 782 340 808 καὶ
358 783 372 808 ό
394 782 448 814 πᾶς
464 782 542 817 λόγος
554 782 601 809 τοῦ
629 783 763 810 Ἰουδαίων
779 784 844 811 λαοῦ
860 793 945 820 κατη-

154 826 274 862 γορικός.
304 827 356 855 Καὶ
379 829 605 863 παρεπίκραναν
619 829 833 864 ἀναϐαίνοντες
854 830 888 857 ἐν
906 829 944 865 τῇ

160 872 282 907 Ἐρυθρᾷ
294 873 442 909 θαλάσσῃ.
452 875 650 910 Προσελθόντες
665 877 769 912 Μωῦσῇ
782 877 828 903 καὶ
843 877 945 912 φήσαν-

999 283 1169 318 providentia
1191 283 1266 318 digni
1293 287 1405 316 essent,
1434 284 1481 311 sed
1506 285 1542 311 ob
1570 284 1785 320 magnitudinem

999 328 1193 356 misericordia:
1209 328 1307 363 ipsius,
1327 328 1384 356 haec
1397 329 1538 357 consecuti
1552 330 1618 358 sint.

1032 415 1116 443 Vsus.
1132 415 1158 447 'l,
1170 415 1197 443 8.
1211 415 1308 443 Patres
1323 416 1407 443 nostri
1421 416 1449 443 in
1463 416 1579 452 Egypto
1590 425 1642 445 non
1652 417 1786 445 intellexe-

998 467 1061 489 runt
1074 462 1210 488 mirabilia
1229 467 1285 495 tua,
1307 470 1361 489 non
1380 462 1487 496 fuerunt
1514 471 1639 490 memores
1662 463 1785 490 multitu-

997 506 1068 534 dinis
1084 506 1273 541 misericordia!
1293 512 1355 534 tum.
1376 507 1408 534 Et
1425 508 1596 536 irritaverant
1617 508 1784 536 ascendentes

997 551 1025 578 in
1038 559 1111 578 mare
1123 550 1249 578 Rubrum.
1268 550 1329 578 llaec
1340 551 1449 586 quidem
1476 553 1634 587 praecedens
1661 554 1785 588 psalmus

996 598 1147 630 enarravit,
1163 597 1299 625 mirabilia
1316 605 1381 624 vero
1397 597 1425 624 in
1451 598 1560 626 deserto
1582 603 1690 634 patrata
1708 607 1784 627 com-

998 643 1097 678 pendio
1110 643 1214 675 retulit,
1232 643 1391 678 nullamque
1416 644 1444 670 in
1472 645 1601 680 populum
1632 646 1784 672 accusatio-

998 697 1060 716 nem
1082 689 1211 717 instituit.
1230 688 1280 716 llic
1304 697 1368 716 vero
1382 690 1506 724 psalmus
1521 692 1634 718 resumit
1650 691 1785 719 narratio-

996 742 1071 768 nem,
1100 742 1250 771 omnesque
1280 735 1372 770 populi
1396 735 1550 769 impietates
1575 741 1782 764 commemorat.

996 779 1138 815 Totusque
1157 787 1249 807 sermo
1258 779 1379 807 Judaicae
1390 780 1480 815 gentis
1502 781 1644 808 accusatio
1669 785 1721 810 est.
1749 781 1784 809 Et

995 826 1167 853 irritat-erunt
1179 825 1347 852 ascendentes
1359 826 1386 852 in
1401 834 1474 853 mare
1488 825 1604 853 Rubrum
1616 827 1654 860 '°;
1672 835 1735 855 cum
1750 828 1784 855 ad

996 871 1119 906 Moysem
1139 871 1303 899 accedentes
1318 871 1442 901 dicerent
1457 880 1463 897 :
1481 871 1589 898 Utinam
1603 873 1702 900 mortui
1714 882 1784 902 essc-

154 926 209 951 τες,
221 920 348 954 Ὄφελον
355 920 413 955 μὲν
420 920 608 956 ἀπεθάνομεν
616 922 650 948 ἐν
659 920 698 956 γῇ
707 923 855 957 Αἰγύπτῳ,
862 922 880 957 ἢ
889 922 940 949 ἐπὶ

992 924 1051 943 mus
1070 916 1098 943 in
1113 915 1240 952 ngypto,
1253 921 1300 942 aut
1314 917 1342 943 in
1357 918 1407 944 hac
1421 917 1581 944 solitudine!
1593 922 1620 945 ct
1637 927 1644 945 :
1661 919 1702 946 An
1720 920 1783 954 quia

154 963 209 998 τῆς
218 964 329 1000 ἐρήμου
335 966 455 1000 ταύτης
468 967 524 998 καὶ,
535 967 618 1001 Παρὰ
629 968 661 994 τὸ
670 967 713 1002 μὴ
721 968 795 995 εἷναι
805 968 946 1004 μνήματα

153 1010 189 1037 ἐν
202 1012 350 1046 Αἰγύπτῳ,
374 1011 520 1047 ἐξήγαγες
546 1012 636 1047 ἡμᾶς,
661 1013 827 1040 θανατῶσαι
849 1014 884 1041 ἐν
907 1013 946 1049 τῇ

154 1055 252 1090 ἐρήμῳ
261 1064 270 1088 ;
288 1057 319 1083 Τί
332 1056 420 1084 τοῦτο
436 1058 582 1092 ἐποίησας
598 1058 670 1093 ἡμῖν
683 1059 836 1094 ἐξαγαγὼν
849 1059 885 1092 ἐξ
896 1061 946 1087 Αι-

154 1103 286 1137 τύπτου;
301 1103 342 1131 οὐ
354 1104 442 1131 τοῦτο
453 1102 492 1140 ἧν
503 1105 537 1132 τὸ
544 1104 626 1140 ῥῆμα
640 1105 656 1132 ὅ
667 1105 861 1141 ἐλαλήσαμεν
870 1107 945 1141 πρὸς

153 1149 189 1175 σὲ
202 1149 237 1175 ἐν
247 1149 386 1184 Αἰγύπτῳ
403 1149 554 1185 λέγοντες’
570 1151 666 1186 Πάρες
681 1150 770 1187 ἡμᾶς,
784 1151 864 1185 ὅπως
879 1153 945 1180 δου-

152 1194 310 1229 λεύσωμεν
333 1194 395 1228 τοῖς
418 1196 608 1230 Αίγ-υπτίοις;
623 1196 773 1231 Κρεῖσσον
790 1197 846 1232 γὰρ
865 1197 945 1232 ἡμᾶς

152 1238 309 1267 δουλεύειν
333 1240 396 1274 τοῖς
421 1242 602 1277 Αἰγυπτίοις,
623 1242 643 1276 ἣ
663 1243 826 1270 ἀποθανεῖν
848 1243 882 1270 ὲν
905 1243 945 1278 τῇ

152 1285 251 1320 ἐρήμῳ
269 1287 372 1321 ταύτῃ.
390 1287 444 1314 Καὶ
459 1288 519 1314 ὅσον
539 1288 588 1324 μὲν
609 1289 651 1315 ἐπ’
671 1289 764 1320 αὐτοῖς
784 1289 882 1325 πικρὸν
896 1290 944 1316 αὺ-

152 1333 210 1361 τοῖς
221 1333 280 1359 ἀντὶ
292 1332 412 1369 χρηστοῦ
426 1333 471 1360 τὸν
484 1334 549 1361 Θεὸν
563 1336 773 1370 κατεστήσαντο.
797 1335 826 1362 Ὀ
838 1336 866 1362 δὲ
880 1336 945 1369 ἀγα-

154 1379 198 1410 θὸς
226 1378 291 1410 Θεὸς
321 1379 442 1406 πλουτῶν
466 1379 534 1415 ἐλέῳ
561 1381 608 1408 καὶ
633 1381 832 1417 φιλανθρωπίᾳ,
862 1381 944 1408 πάλιν

153 1423 262 1454 ἔσωζεν
277 1424 389 1457 αὐτοὺς
405 1424 509 1451 ἕνεκεν
527 1425 580 1453 τυῦ
604 1426 749 1461 ὀνόματος
766 1426 869 1459 αὐτοῦ,
887 1426 942 1454 τοῦ

153 1469 294 1504 γνωρίσαι
310 1469 367 1503 τὴν
382 1469 568 1497 δυναστείαν
584 1471 688 1498 αὐτοῦ·
710 1472 785 1503 ὅπως
800 1471 838 1508 μὴ
855 1471 941 1499 εἴπω-

154 1523 196 1542 σιν
215 1516 238 1542 οῐ
255 1515 374 1547 ἀσεϐεῖς,
392 1516 453 1543 Ποῦ
464 1517 550 1543 ἐστιν
564 1517 578 1542 ό
594 1517 666 1550 Θεὸς
680 1517 795 1549 αὑτῶν;
807 1517 850 1544 διὰ
863 1518 942 1545 τοῦτο

153 1563 283 1597 παρεῖχεν
295 1563 387 1594 αὐτοῖς
401 1562 449 1589 καὶ
462 1562 523 1589 τότε
540 1563 589 1598 τὴν
605 1572 676 1599 σωτη
682 1564 752 1598 ρίαν,
773 1564 942 1600 πανταχόθεν
957 1592 961 1596 ,

996 961 1118 996 sepulcra
1135 969 1187 988 non
1202 965 1279 988 erant
1295 963 1323 989 in
1335 961 1451 998 ngypto
1474 963 1589 991 eduxisti
1607 973 1666 997 nos,
1689 970 1718 992 ut
1742 966 1784 993 its-

996 1007 1126 1041 ter/icercs
1143 1007 1171 1034 in
1190 1007 1356 1035 solitudine?
1372 1008 1442 1041 Quid
1464 1008 1512 1036 hoc
1527 1009 1614 1044 fecisti
1629 1010 1704 1037 nobis
1718 1011 1783 1038 edu-

995 1061 1055 1080 cens
1071 1060 1103 1080 ea:
1122 1052 1259 1088 [Egi/pte!
1273 1053 1368 1081 Nonne
1384 1054 1426 1081 hic
1449 1059 1507 1082 erat
1528 1063 1624 1087 sermo.
1639 1064 1714 1091 quem
1741 1057 1782 1084 lo-

994 1099 1049 1126 cuti
1069 1107 1160 1126 sumus
1180 1099 1215 1126 ad
1237 1104 1260 1126 te
1275 1100 1304 1126 in
1325 1099 1442 1136 Egypto
1453 1100 1569 1128 dicentes
1583 1109 1593 1128 :
1610 1101 1720 1129 Dimitte
1734 1111 1783 1130 nos

994 1149 1024 1171 ut
1041 1145 1185 1172 serviamus
1202 1144 1357 1180 Afgyptiis?
1374 1146 1470 1174 Melius
1483 1152 1523 1175 est
1547 1148 1616 1175 enim
1628 1157 1675 1175 nos
1686 1149 1783 1177 servire

995 1190 1140 1226 Egyptiis,
1155 1200 1235 1227 quam
1251 1193 1319 1219 mori
1331 1193 1358 1220 in
1381 1193 1524 1221 solitudine
1536 1193 1624 1222 hac“.
1639 1194 1682 1228 Et,
1694 1203 1782 1230 quan~

994 1241 1050 1264 tum
1064 1238 1090 1264 in
1103 1237 1170 1273 ipsis
1183 1238 1293 1274 quidem
1311 1239 1395 1267 situm
1411 1243 1482 1272 erat,
1500 1239 1585 1268 Deum
1606 1241 1659 1269 sibi
1675 1247 1708 1269 ex
1723 1242 1781 1270 cle-

994 1287 1085 1312 mente
1102 1285 1231 1312 acerbum
1249 1285 1413 1312 eﬂiciehant.
1430 1285 1465 1312 At
1486 1285 1576 1314 bonus
1590 1285 1673 1320 Deus,
1698 1287 1782 1315 mise-

993 1329 1112 1357 ricordia
1135 1333 1163 1358 et
1183 1330 1395 1366 mansuetudine
1419 1330 1517 1363 dives,
1545 1339 1643 1359 rursus
1669 1332 1782 1360 saluauit

992 1384 1037 1403 eos
1057 1380 1164 1410 propter
1184 1384 1279 1404 nomen
1297 1384 1391 1409 suum,
1412 1381 1441 1404 ut
1462 1381 1554 1404 notam
1573 1377 1671 1412 faceret
1689 1383 1781 1412 potet»

993 1421 1058 1448 tiam
1085 1429 1178 1454 suam;
1198 1429 1232 1449 ne
1255 1421 1333 1457 impii
1357 1421 1503 1450 dicerent:
1521 1422 1571 1450 Ubi
1594 1428 1634 1450 est
1652 1423 1724 1451 Deus
1736 1432 1781 1451 eo--

992 1468 1097 1494 rum"?
1111 1467 1175 1496 ideo
1196 1467 1264 1503 ipsis
1283 1468 1399 1496 salutem
1429 1473 1496 1496 tunc
1526 1469 1658 1504 impertiit
1674 1479 1681 1497 :
1698 1470 1781 1498 undi-

993 1521 1046 1548 que
1057 1513 1119 1540 illos
1135 1513 1169 1541 ad
1182 1515 1297 1541 salutem
1315 1513 1492 1548 compellens.
1508 1514 1548 1541 Illi
1561 1518 1651 1542 autem
1668 1515 1731 1543 victi
1746 1515 1780 1542 ad

993 1559 1131 1587 modicum
1159 1564 1265 1595 tempus
1287 1560 1378 1588 verbis
1406 1560 1466 1595 ejus
1491 1560 1680 1595 crediderunt,
1704 1567 1780 1597 post-

152 1608 251 1640 αὐτοὺς
274 1608 443 1635 συνελαύνων
465 1609 511 1635 ἐπὶ
536 1609 580 1645 τὴν
597 1610 736 1645 σωτηρίαν
751 1610 850 1638 αὐτῶν.
869 1611 899 1637 Οἱ
912 1610 941 1637 δὲ

991 1613 1074 1642 quam
1089 1613 1165 1633 mare
1175 1605 1296 1632 Rubrum
1309 1605 1485 1633 transierant.

151 1654 308 1690 νικηθέντες
327 1655 395 1690 πρὸς
419 1655 468 1690 μὲν
488 1654 578 1689 ὀλίγον
594 1655 758 1682 ἐπίστευσαν
778 1658 833 1688 τοῖς
851 1656 941 1691 λόγοις
957 1652 1051 1684 αὐτοῦ,
1064 1651 1214 1684 διελθόντες
1222 1651 1273 1687 τὴν
1294 1652 1428 1688 Ἐρυθρὰν
1443 1652 1591 1679 θάλασσαν.

186 1701 241 1727 Kal
264 1700 425 1735 ἐπετίμησε
448 1700 483 1735 τῇ
505 1701 625 1735 Ἐρυθρᾷ
649 1701 807 1736 θαλάσσῃ,
830 1703 878 1730 καὶ
896 1701 941 1735 ἐξ·

151 1746 277 1781 ηράνθη,
298 1747 348 1774 καὶ
370 1746 529 1782 ὡδήγησεν
544 1748 655 1781 αὐτοὺς
669 1748 703 1774 ὲν
714 1749 838 1782 ἀϐύσσῳ
853 1749 893 1782 ὡς
907 1748 941 1775 ὲιν

150 1792 258 1827 ἐρήμῳ.
287 1792 316 1818 ‘0
340 1793 504 1828 ἐπιτιμήσας
528 1794 562 1829 τῇ
592 1793 710 1830 Ἐρυθρᾷ
730 1793 852 1831 θαλάσσῃ
872 1795 939 1821 πᾶσι

150 1839 216 1870 θεὸς
232 1839 449 1875 ἀνωμολόγηται.
469 1840 501 1866 Et
519 1839 565 1867 οὖν
582 1841 630 1866 καὶ
653 1840 756 1876 Ἰησοῦς
773 1841 940 1878 κλονουμένῃ

150 1885 290 1912 ιπιτάσσει
308 1887 342 1922 τῇ
358 1886 490 1921 θαλάσσῃ,
503 1887 571 1913 πᾶσι
582 1886 648 1918 Θεὸς
662 1887 880 1923 ἀνωμολόγηται,
895 1887 939 1914 ἴνα

149 1932 182 1958 ἐκ
202 1933 349 1968 τρικυμίας
368 1932 385 1968 ἢ
404 1932 538 1964 κλύδωνος
552 1933 656 1968 γαλήνη
678 1933 799 1968 γένηται.
820 1934 886 1966 Θεὸς
902 1933 940 1961 ὢν

149 1978 230 2010 αὐτὸς
251 1979 265 2005 ὁ
280 1980 447 2015 ἐπιτιμήσας
465 1980 497 2015 τῇ
519 1979 638 2016 Ἐρυθρᾷ
651 1979 771 2016 θαλάσσῃ
785 1980 831 2007 καὶ⁴
846 1979 941 2016 ξηραί-

149 2033 202 2051 νων
217 2024 311 2061 αὐτὴν,
327 2025 364 2057 ὡς
381 2025 548 2060 διοδεύσιμον
565 2026 650 2061 αὐτὴν
664 2026 799 2060 γενέσθαι,
819 2026 868 2061 τὴν
887 2025 940 2052 πά-

149 2070 193 2097 λαι
206 2070 342 2098 θάλασσαν
356 2071 403 2097 καὶ
417 2071 535 2098 ἄϐυσσον
547 2071 591 2098 διὰ
604 2071 635 2098 τὸ
647 2071 704 2097 τῶν
717 2071 820 2097 ὑδάτων
837 2071 938 2107 πλῆθος

149 2116 221 2143 οὕτω
232 2116 315 2143 καλου
320 2117 413 2152 μένην.

184 2163 239 2190 Kal
257 2162 355 2189 ἔσωσε
376 2162 487 2196 αὐτοὺς
513 2163 546 2190 ἐκ
571 2163 669 2198 χειρὸς
688 2162 862 2197 μισοῦντος,
888 2162 938 2190 καὶ

149 2208 338 2243 ἂλυπρὼσατο
349 2208 459 2242 αὐτοὺς
473 2209 507 2235 ὲκ
520 2209 617 2244 χειρὸς
632 2207 750 2243 ἐχθροῦ.
771 2208 938 2243 Ἐκάλυψεν

148 2253 227 2288 ὕδωρ
244 2253 315 2287 τοὺς
337 2254 494 2287 θλίϐοντας
516 2254 636 2287 αὐτοὺς,
659 2251 702 2287 εἷς
718 2254 752 2286 ἐξ
766 2251 864 2281 αὐτῶν
880 2255 937 2290 οὐχ

148 2301 324 2335 ὑπελείφθη.
344 2300 454 2336 Ζητήσῃ
470 2309 512 2332 τις
534 2299 567 2327 ἂν
582 2301 645 2337 περὶ
658 2300 711 2327 τῶν
725 2300 876 2336 ὲπιμίκτων
889 2300 936 2327 Ai-

148 2346 282 2380 γυπτίων,
295 2346 349 2372 τῶν
361 2345 519 2372 διελθόντων
534 2345 583 2382 τὴν
598 2345 745 2377 θάλασσαν,
769 2346 815 2372 καὶ
832 2346 872 2378 είς
886 2345 936 2382 τὴν
951 2357 974 2385 D

149 2390 251 2426 ³ρημον
263 2391 319 2426 ἅμα
331 2390 370 2426 τῷ
383 2390 439 2426 λαῷ
451 2390 614 2426 γενομένων.
630 2390 700 2426 Πρὸς
713 2390 742 2417 ὃν
753 2391 879 2427 ἐροῦμεν,
893 2391 934 2418 ὅτι

143 2436 188 2472 ,μὴ
202 2435 256 2462 τῶν
273 2435 416 2462 θλιϐόντων
433 2433 503 2470 ἦσαν
525 2435 571 2462 τὸν
595 2435 711 2471 Ἰσραήλ.
740 2436 807 2471 Περὶ
831 2437 859 2462 δὲ
881 2437 935 2464 τῶν

149 2481 292 2508 θλιϐόντων
305 2481 397 2518 εἴρητο
408 2481 448 2514 τὸ,
464 2478 516 2514 Εἷς
528 2481 563 2514 ἐξ
576 2480 676 2508 αὐτῶν
690 2483 746 2517 οὺχ
757 2482 934 2517 ὑπελείφθη.

155 2529 184 2556 '0
194 2529 222 2556 δὲ
236 2529 380 2566 ὲπίμικτος
394 2530 458 2562 λαὸς
472 2530 620 2565 Αἰγύπτιος
635 2529 684 2566 μὲν
697 2527 742 2565 ἦν,
758 2530 893 2557 πιστεύων
905 2530 935 2557 δὲ

148 2577 208 2608 ταῖς
221 2576 359 2608 Μωῡσέως
378 2578 490 2611 φωναῖς,
505 2576 639 2612 σωτηρίας
655 2576 758 2612 ἔτυχεν.

184 2623 239 2650 Kal
252 2622 439 2649 ἐπίστευσαν
450 2622 491 2655 τῷ
504 2623 584 2658 λόγῳ
599 2622 704 2654 αὑτοῦ,
719 2623 768 2649 καὶ
781 2619 863 2658 ᾖσαν
878 2622 936 2658 τὴν

148 2669 266 2696 αἵνεσιν
286 2668 389 2695 αὐτοῦ.
419 2668 593 2704 Ἐτάχυναν,
610 2668 801 2696 ’ἐπελάθοντο
816 2669 874 2696 τῶν
887 2668 938 2704 Ep-

148 2723 205 2750 των
227 2714 330 2746 αὐτοῦ,
353 2714 410 2749 οὐχ
433 2715 597 2749 ὑπέμειναν
615 2715 673 2750 τὴν
690 2714 812 2749 ,βουλὴν
829 2715 933 2742 αὐτοῦ.

149 2761 201 2788 Σὺν
212 2761 250 2797 τῷ
262 2761 366 2796 Μωῦσῇ
378 2759 425 2787 καὶ
442 2760 547 2796 ’Δαρὼν
560 2761 608 2797 τὴν
617 2761 688 2797 ᾠδὴν
702 2761 752 2798 τὴν
763 2762 793 2788 ὲν
805 2762 837 2797 τῇ
851 2761 933 2797 ἐξόδῳ

148 2807 304 2842 παραυτίκα
312 2807 360 2834 κα)⁸
366 2806 536 2843 παραχρῆμα
548 2807 777 2843 μεταϐαλλόμενοι
789 2808 930 2842 ὲτάχυναν,

148 2853 310 2880 ἐπελάθοντο
324 2853 377 2880 τῶν
387 2853 475 2889 ἔργων
488 2853 580 2879 αὐτοῦ.

1028 1698 1112 1726 Vsus.
1122 1697 1148 1725 9.
1158 1697 1193 1725 Et
1205 1698 1334 1733 increpuit
1346 1707 1419 1725 mare
1432 1697 1562 1732 Rubrum,
1578 1704 1603 1727 et
1616 1700 1779 1729 exsiccatum

990 1750 1041 1779 est,
1056 1750 1080 1773 et
1093 1744 1202 1772 deduxit
1215 1753 1258 1772 eos
1268 1746 1295 1772 in
1321 1744 1416 1780 abysso
1445 1748 1514 1773 sicut
1540 1746 1568 1773 in
1595 1747 1708 1776 deserto.
1725 1748 1780 1782 Qui

990 1791 1127 1826 increpuit
1141 1798 1215 1818 mare
1233 1789 1368 1823 Rubrum,
1387 1791 1421 1818 ab
1438 1791 1566 1820 omnibus
1582 1791 1655 1820 Deus
1669 1793 1778 1822 habitus

990 1841 1017 1865 et
1029 1837 1182 1865 declaratus
1208 1841 1261 1865 est.
1279 1836 1348 1864 Cum
1378 1845 1444 1873 ergo
1467 1837 1548 1866 Jesus
1577 1839 1681 1874 agitato
1708 1840 1778 1868 mari

990 1882 1117 1918 imperat.
1139 1882 1208 1918 apud
1220 1890 1316 1910 omnes
1329 1882 1357 1909 in
1383 1883 1509 1911 confesso
1525 1883 1576 1911 fuit
1598 1884 1688 1919 ipsum
1714 1893 1777 1914 esse

990 1927 1086 1960 Deum,
1103 1931 1133 1954 ut
1158 1936 1191 1956 ex
1211 1931 1373 1963 tempestate
1389 1933 1416 1955 et
1444 1929 1575 1963 procella,
1590 1930 1777 1965 tranquillitas

989 1974 1145 2002 exsisteret.
1175 1973 1250 2001 Idem
1269 1973 1372 2009 quippe
1395 1973 1468 2002 Deus
1489 1979 1532 2002 cst
1561 1975 1607 2010 qui
1625 1976 1777 2012 increpavit

989 2027 1065 2048 mare
1081 2019 1204 2047 Rubrum
1216 2024 1243 2048 et
1255 2020 1404 2048 exsiccavit
1417 2021 1495 2053 illud,
1513 2021 1550 2048 ita
1563 2026 1594 2048 ut
1613 2023 1775 2057 pertransiri

988 2071 1082 2102 posset
1098 2067 1136 2099 id,
1167 2067 1239 2101 quod
1262 2067 1327 2094 olim
1351 2067 1387 2094 ob
1409 2067 1611 2096 multitudinem
1643 2076 1775 2105 aquarum

989 2119 1063 2140 mare
1078 2117 1104 2140 et
1116 2113 1231 2148 abyssus
1241 2112 1401 2141 vocabatur.

1026 2158 1106 2186 Vens.
1125 2159 1169 2191 t0,
1183 2158 1226 2186 H.
1243 2157 1279 2185 Et
1290 2159 1402 2186 saluauit
1416 2167 1460 2186 eos
1470 2159 1502 2187 de
1514 2168 1596 2187 manu
1613 2160 1736 2193 odientis,
1749 2167 1774 2190 et

987 2206 1097 2233 redemit
1107 2214 1150 2233 eos
1163 2205 1195 2233 de
1208 2214 1288 2232 manu
1305 2206 1416 2234 inimici.
1431 2206 1541 2241 Operuit
1558 2216 1628 2243 aqua
1642 2208 1775 2236 tributan-

988 2255 1025 2279 tes
1038 2261 1093 2285 eos,
1107 2260 1175 2280 unus
1190 2259 1223 2279 ex
1239 2252 1276 2280 eis
1292 2260 1344 2279 non
1358 2253 1494 2280 remansit.
1507 2252 1615 2286 Quaerat
1625 2254 1773 2289 quispiam,

987 2297 1021 2326 de
1032 2298 1198 2333 promiscuis
1223 2297 1361 2334 Egyptiis
1375 2299 1423 2334 qui
1446 2306 1522 2326 mare
1549 2299 1728 2332 transierunt,
1746 2303 1774 2327 et

988 2352 1042 2372 una
1057 2352 1119 2372 cum
1135 2345 1235 2381 populo
1254 2345 1282 2372 in
1305 2344 1415 2373 deserto
1442 2345 1632 2372 versabantur.
1652 2344 1703 2372 Cui
1727 2353 1772 2373 re-

988 2391 1196 2426 spondebimus,
1211 2398 1260 2419 eos
1281 2398 1336 2418 non
1365 2398 1398 2418 ex
1419 2398 1536 2418 numero
1559 2391 1772 2426 opprimentium

988 2437 1115 2464 lsraelem
1141 2437 1236 2465 fuisse.
1254 2436 1292 2465 De
1317 2437 1511 2465 tribulanlibus
1549 2441 1639 2465 autem
1668 2437 1772 2465 dictum

988 2487 1031 2511 est
1046 2491 1052 2509 :
1072 2481 1145 2510 Unus
1157 2491 1191 2510 ea:
1203 2484 1242 2510 eis
1258 2491 1311 2511 non
1336 2484 1473 2511 remansit.
1505 2483 1684 2512 Promiscuus
1707 2493 1773 2512 vero

988 2527 1117 2563 populus,
1129 2527 1273 2564 Egyptius
1287 2527 1397 2563 quidem
1424 2532 1493 2561 erat,
1508 2528 1556 2555 sed
1581 2535 1644 2556 cum
1669 2527 1772 2564 Moysis

985 2573 1100 2602 vocibus
1112 2574 1246 2605 crederet,
1265 2574 1380 2601 salutem
1398 2577 1441 2601 est
1452 2577 1628 2602 consecutus.

1020 2619 1105 2648 Vsus.
1128 2620 1171 2653 12,
1186 2620 1229 2647 15.
1242 2618 1277 2646 Ει
1293 2619 1459 2646 crediderunt
1474 2619 1550 2646 verbo
1559 2619 1628 2654 ejus,
1640 2624 1666 2646 et
1678 2623 1771 2646 canta-

984 2671 1075 2694 verunt
1101 2665 1206 2693 laudem
1228 2665 1297 2701 ejus.
1308 2664 1368 2693 Cito
1391 2665 1518 2699 fecerunt,
1534 2665 1610 2692 obliti
1630 2670 1690 2692 sunt
1710 2673 1771 2700 ope-

984 2721 1044 2740 rum
1059 2713 1127 2748 ejus,
1155 2721 1208 2739 non
1225 2712 1413 2746 “sustinuerunt
1441 2711 1581 2739 consilium
1609 2712 1678 2747 ejus.
1700 2710 1769 2738 Cum

985 2758 1078 2794 Moyse
1101 2762 1127 2786 et
1141 2758 1230 2786 Aaron
1242 2759 1270 2785 in
1281 2759 1354 2787 exitu
1368 2758 1506 2785 canticum
1531 2757 1706 2790 cecinerunt;
1720 2756 1768 2784 sed

985 2805 1188 2840 quamprimum
1200 2809 1228 2834 et
1252 2805 1344 2834 statim
1357 2805 1502 2839 immutati,
1521 2805 1600 2833 obliti
1621 2807 1686 2833 sunt
1703 2810 1771 2839 opo-

984 2859 1045 2879 rum
1060 2859 1131 2886 eius.

183 2912 206 2928 "
225 2911 305 2940 Num.
322 2920 377 2945 nv,
393 2911 419 2938 5.
457 2911 479 2928 "
499 2911 585 2940 Exod.
604 2919 660 2944 xtv,
678 2912 721 2946 11,
739 2912 784 2940 l2.
821 2911 844 2928 "
863 2911 936 2939 Psal.
955 2917 1041 2945 cxm,
1059 2911 1103 2938 10.
