2044 3212
286 165 358 194 1515

637 161 772 191 EUSEBH
787 157 1026 190 CESARIENSIS
1037 157 1114 186 OPP.
1133 156 1223 184 PARS
1241 155 1286 185 Ill.
1300 171 1335 177 —
1349 150 1555 183 EXEGETICA.

1839 155 1909 186 {51-6

323 223 407 252 Vnus.
428 222 524 250 ιιριε.
543 222 576 249 Et
592 222 781 256 concupierunt
793 219 1031 254 concupiscentiam
1046 217 1073 244 in

1159 216 1214 258 Kal
1237 216 1430 251 ἐπεθύμησαν
1454 214 1613 249 ἐπιθυμίαν
1631 214 1666 242 ὲν
1679 213 1716 248 τῇ
1731 214 1840 256 ἐρήμῳ,
1863 216 1911 243 real

287 273 403 302 deserto,
418 275 443 297 et
457 273 621 296 tentaverant
648 267 733 294 Deum
750 267 776 293 in
797 267 933 300 inaquoso.
954 263 986 290 Et
1003 263 1074 290 dedit

287 318 326 345 eis
341 317 494 352 petitionem
510 316 672 350 ipsorum,et
691 313 766 340 misit
787 311 956 339 saturitatem
972 311 1001 337 in
1019 312 1075 336 ani-

289 371 348 391 mas
361 370 464 391 eorum.
480 361 515 388 Et
534 361 704 388 irritaverant
728 358 840 393 Moysen
860 358 888 384 in
903 357 1012 389 castris,
1024 356 1075 382 Aa-

288 418 350 442 ron,
362 413 482 436 sanctum
499 407 614 434 Domini.
627 405 743 438 Quando
759 407 933 432 tentaverunt
945 401 1028 430 Deum
1047 402 1074 429 in

289 456 435 491 inaquoso,
446 453 498 481 etsi
523 451 719 480 tentationibus
749 450 794 477 ille
817 456 871 476 non
897 452 1075 483 pateat.cum

289 501 454 536 injuriarum
470 499 612 526 immemor
627 497 672 528 sit,
691 503 746 523 non
762 495 836 522 ultus
860 502 920 526 eos,
938 493 1012 521 dedit
1034 493 1074 520 eis

289 547 447 584 petitionem
466 544 598 578 ipsorum.
610 541 681 575 Quin
701 542 782 568 etiam
803 548 865 568 cum
879 539 1075 568 exacerbarent

288 601 352 622 eum
368 591 547 619 ascendentes
570 588 598 615 in
623 594 698 614 mare
721 586 856 617 Rubrum,
872 590 938 612 tunc
954 584 1075 612 ostendit

288 639 330 667 eis
346 636 493 669 potentiam
509 641 587 661 suam
605 642 612 659 :
627 640 689 660 cum
701 635 793 659 autem
808 630 984 658 irritaverant
1001 629 1076 664 Moy-

290 692 338 712 sen
352 687 379 710 et
394 682 485 708 Aaron
503 681 532 708 in
558 680 667 711 castris,
679 683 746 706 tunc
773 681 867 713 aperta
896 680 938 703 est
952 680 1035 707 terra,
1048 678 1076 702 et

289 729 432 765 deglutivit
446 735 494 755 eos
511 737 518 754 :
534 734 589 754 non
600 725 742 761 oportebat
753 724 827 752 enim
843 722 961 750 famulos
988 721 1075 756 ipsius

289 774 439 803 contemni.
457 773 511 800 Sed
540 772 605 807 quia
633 771 742 798 bonitas
766 773 793 797 et
831 768 964 796 severitas
992 774 1075 802 penes

290 821 367 848 illum
381 822 461 851 sunt,
477 818 565 853 primo
577 816 771 851 benignitatem
785 814 908 842 exhibuit
922 813 976 841 illis
988 823 995 847 ;
1012 821 1075 840 cum

290 871 382 894 autem
405 865 472 892 nihil
500 863 644 899 prodesset
671 862 720 894 eis,
735 865 936 896 consequenter
949 859 1074 886 ultricem

1126 263 1290 297 ἐπείρασαν
1310 263 1364 290 τὸν
1384 261 1459 290 Θεὸν
1479 262 1514 288 ὲν
1527 260 1655 295 ἀνύδρῳ.
1672 260 1726 288 Καὶ
1741 260 1853 288 ἔδωκεν
1866 263 1915 288 αὐ-

1126 310 1189 344 τοῖς
1206 310 1240 337 τὸ
1263 309 1372 344 αἵτημα
1391 308 1500 341 αὐτῶν,
1520 306 1714 340 ἐξαπέστειλε
1731 307 1914 342 πλησμονὴν

1126 357 1170 390 εις
1182 356 1236 389 τὰς
1249 355 1352 390 ψυχὰς
1367 354 1476 382 αὐτῶν.
1491 355 1548 382 Kal
1563 353 1742 388 παρώξυναν
1757 353 1812 380 τὸν
1831 353 1916 381 Moto-

1126 401 1190 436 σῆν
1213 401 1248 428 ἑν
1272 400 1310 435 τῇ
1335 399 1517 435 παρεμϐολῇ,
1543 400 1597 426 τὸν
1625 398 1741 433 Ἀαρὼν,
1758 399 1813 426 τὸν
1830 398 1916 434 ἄτιον

1126 448 1249 481 Κυρίου.
1264 447 1329 473 Ὅτε
1356 446 1405 482 μὲν
1426 446 1472 472 τὸν
1489 445 1555 472 θεὸν
1576 445 1723 480 ἐπείρασαν
1744 445 1773 471 ἐν
1796 444 1914 480 ἀνύδρῳ,

1127 493 1302 529 ἀπείραστος,
1317 491 1355 518 ὣν
1370 491 1569 527 ὰμνησίκακος,
1590 491 1640 516 οὐκ
1660 490 1848 525 ἀμειψάμενος
1868 489 1916 517 αὐ-

1126 537 1190 568 τοὺς
1205 537 1304 563 ἔδωκεν
1319 537 1410 569 αὐτοῖς
1426 537 1457 564 τὸ
1473 535 1577 571 αἴτημα
1589 534 1689 562 αὐτῶν.
1713 535 1794 562 Ἀλλὰ
1810 535 1859 561 καὶ
1871 535 1915 561 ὅτε

1127 584 1337 620 παρεπίκραναν
1353 583 1542 615 ἀναὸαίνοντες
1555 583 1585 609 ὲν
1599 584 1632 618 τῇ
1650 581 1766 617 Ἐρυθρᾷ
1781 581 1914 618 θαλάσσῃ,

1127 631 1176 658 καὶ
1188 631 1248 657 τότε
1265 629 1413 665 ἐγνώρισεν
1424 630 1516 660 αὐτοῖς
1528 629 1578 664 τὴν
1588 627 1746 655 δυναστείαν
1761 627 1855 654 αὑτοῦ·
1871 627 1914 653 ὅτε

1126 677 1156 704 δὲ
1171 677 1349 713 παρώργισαν
1363 676 1408 702 τὸν
1423 675 1542 710 Μωῡσῆν
1564 674 1610 701 καὶ
1631 674 1676 701 τὸν
1701 674 1807 708 Ἀαρὼν
1832 674 1862 700 ὲν
1883 674 1915 709 τῇ

1128 722 1298 758 παρεμϐολῇ,
1322 721 1352 748 τὸ
1373 721 1525 756 τηνικαῦτα
1549 719 1659 756 ἠνοίχθη
1676 720 1692 755 ὴ
1710 720 1757 755 γῆ,
1773 719 1822 746 καὶ
1837 718 1916 746 κατέ-

1128 776 1190 795 πιεν
1203 768 1310 800 αὐτούς’
1327 769 1376 794 οὐκ
1391 768 1444 794 ἔδει
1464 767 1518 803 γὰρ
1541 766 1780 803 καταφρονηθῆναι
1795 766 1860 798 τοὺς
1877 765 1916 791 θε-

1129 815 1276 851 ράποντας.
1304 813 1385 840 Ἀλλὰ
1410 814 1457 840 καὶ
1479 813 1594 848 ἐπείπερ
1615 812 1767 848 χρηστότης
1789 812 1849 838 ἐστὶ
1870 811 1916 838 καὶ

1129 859 1264 895 ἀποτομία
1279 859 1341 894 παρ’
1354 858 1438 894 αὐτῷ,
1456 857 1552 894 πρῶτα
1568 858 1601 884 τὰ
1613 857 1663 892 τῆς
1678 856 1862 892 χρηστότητος
1874 854 1915 882 αὒ-

291 912 423 940 medelam
445 910 513 945 ipsis
536 908 663 940 adhibet;
680 914 764 941 quare
788 906 882 933 subdit
896 914 903 932 :
917 905 1019 939 Aperta
1035 907 1074 931 est

1130 908 1181 938 τοῖς
1194 906 1356 942 παρέσχετο·
1373 905 1410 937 ὡς
1427 905 1456 931 δὲ
1469 905 1519 931 οὐκ
1534 903 1637 931 ὤναντο
1648 903 1680 930 δι’
1696 903 1791 938 αὐτῆς,
1808 899 1916 929 ἀκολού-

292 962 373 989 terra,
397 961 422 984 et
438 954 575 990 degtutivit
600 952 719 985 Datltan,
731 957 756 978 et
780 951 881 986 operuit
905 958 982 985 super
998 954 1077 984 caput

292 1003 401 1030 Abiron.
426 1001 460 1028 Et
471 1001 571 1028 exarsit
586 999 654 1034 ignis
668 999 695 1025 in
705 1006 838 1033 synagoga
849 1005 950 1030 eorum,
966 997 1077 1031 ﬂamma

291 1047 434 1076 combussit
458 1050 620 1081 peccatores.
644 1043 758 1079 Moysen
782 1043 874 1077 itaque
900 1041 1078 1069 irritaverunt

291 1095 397 1121 Dathan
409 1097 435 1120 et
450 1091 553 1119 Abiron
562 1090 686 1118 dicentes
707 1098 714 1117 :
737 1088 809 1115 Nam
826 1087 915 1123 Moysi
930 1087 981 1114 soli
1003 1087 1078 1114 locu-

291 1145 334 1167 tus
350 1144 388 1167 est
406 1138 486 1170 Deus,
507 1144 592 1164 nonne
610 1137 690 1163 etiam
712 1135 838 1162 nobis"?
856 1135 992 1161 Aaronem
1014 1140 1079 1160 vero

290 1187 362 1214 Core
377 1188 405 1212 et
418 1189 507 1212 cattus
532 1183 617 1216 illius,
641 1182 733 1217 ignem
753 1181 885 1213 alienum,
899 1184 927 1208 et
943 1179 1078 1207 sacriﬁcia

291 1232 348 1260 Deo
360 1232 422 1259 loco
437 1229 610 1258 sacerdotum
620 1227 719 1255 olIerre
731 1227 801 1259 ausi.
823 1226 1010 1253 irritaverunt.
1025 1223 1078 1251 Sed

290 1285 339 1306 eos
352 1277 398 1312 qui
409 1279 505 1304 contra
518 1274 630 1310 Moysen
641 1273 726 1300 loeuti
742 1271 861 1304 fuerant,
878 1270 983 1298 Dathan
1003 1269 1078 1298 scili-

292 1328 336 1352 cet
348 1331 411 1351 cum
428 1326 488 1349 toto
504 1328 603 1357 genere
617 1326 667 1347 suo
683 1318 776 1357 hians,
789 1321 863 1345 terra
884 1317 1035 1352 deglutivit,
1052 1320 1079 1343 et

293 1370 401 1406 operuit
430 1375 512 1403 super
536 1364 777 1401 congregationem
797 1363 917 1396 Abiron',
934 1361 1005 1390 Core
1028 1369 1077 1389 au-

291 1421 347 1444 tem
362 1419 390 1443 et
400 1423 448 1442 eos
461 1414 508 1449 qui
525 1420 588 1440 cum
603 1412 651 1439 illo
665 1412 777 1438 incensa
793 1416 841 1438 sua
854 1409 972 1436 oblaturi
987 1413 1076 1442 erant,

291 1462 400 1489 ﬂamma
414 1460 448 1487 de
463 1457 639 1486 tabernaculo
656 1455 785 1491 prodiens
795 1454 956 1482 combussit.

1129 952 1183 984 θως
1200 951 1360 987 καταλλήλῳ
1384 950 1545 986 μετέρχεται
1565 950 1663 981 αὐτοὺς
1683 949 1822 984 φαρμάκῳ
1840 946 1916 975 κολα-

1130 998 1242 1033 στηρίῳ”
1268 998 1405 1032 Ἠνοίχθη
1423 997 1441 1030 ή
1459 996 1509 1030 γῆ,
1527 996 1575 1022 καὶ
1595 995 1715 1022 κατέπιε
1737 994 1846 1027 Δαθὰν,
1867 992 1915 1020 καὶ

1130 1044 1285 1078 ἐκάλυψεν
1304 1042 1353 1069 ἐπὶ
1376 1042 1434 1076 τὴν
1467 1040 1607 1076 κεφαλὴν
1632 1038 1773 1073 Ἀόειρών.
1794 1039 1849 1066 Kal
1868 1038 1914 1070 ἐε-

1133 1090 1245 1123 εκαύθη
1260 1089 1318 1122 πῦρ
1334 1089 1369 1115 ὲν
1386 1087 1423 1122 τῇ
1442 1086 1603 1121 συναγωγῇ
1613 1085 1722 1117 αὐτῶν,
1736 1083 1816 1119 φλὸξ
1835 1080 1917 1110 κατέ-

1130 1135 1243 1170 φλεξεν
1257 1135 1460 1169 ἁμαρτωλούς.
1478 1134 1598 1168 Μωῦσῆν
1615 1132 1664 1168 μὲν
1678 1130 1724 1158 οὖν
1739 1130 1916 1166 παρώρτισαν

1131 1182 1156 1208 οἱ
1172 1182 1235 1215 περὶ
1254 1181 1341 1208 Δαθὰν
1364 1180 1412 1207 καὶ
1438 1179 1566 1215 Ἀϐειρὼν
1581 1179 1713 1209 εἰπόντες
1728 1177 1778 1212 Μὴ
1799 1175 1920 1204 Μωυσεῖ

1127 1226 1210 1260 μόνῳ
1229 1225 1400 1259 λελάληκεν
1420 1226 1436 1252 d
1459 1225 1541 1258 Θεὸς,
1565 1223 1634 1258 οὐχὶ
1659 1224 1708 1250 καί
1725 1222 1815 1258 ήμῖν;
1833 1222 1879 1249 τὸν
1891 1222 1917 1248 δὲ

1136 1271 1240 1307 Ἀαρὼν
1254 1271 1327 1307 Κορὲ
1344 1271 1420 1306 καὶὴ
1443 1270 1588 1305 συναγωγὴ
1608 1268 1690 1296 αὑτοῦ
1705 1269 1760 1304 πῦρ
1779 1268 1917 1304 ἀλλότριον

1130 1319 1325 1353 προσαγαγεῖν,
1340 1318 1387 1343 καὶ
1401 1317 1496 1348 θυσίας
1509 1317 1547 1352 τῷ
1560 1315 1619 1351 Θεῷ
1629 1317 1658 1343 ἐν
1671 1315 1748 1351 χώρᾳ.
1759 1306 1814 1341 τῶν
1826 1313 1917 1350 ἱερέων

1130 1363 1323 1398 τολμήσαντες,
1340 1362 1530 1398 παρώργισαν·
1540 1362 1606 1388 ἀλλὰ
1623 1362 1684 1394 τοὺς
1706 1361 1755 1396 μὲν
1772 1359 1918 1395 καταλαλή-

1132 1417 1232 1440 σαν-τας
1244 1409 1291 1435 τοῦ
1303 1409 1369 1435 Μωῡ
1375 1409 1452 1441 σέως,
1465 1408 1510 1435 τὸν
1520 1407 1607 1434 Δαθὰν
1623 1407 1753 1442 παγγενεῖ
1765 1405 1918 1442 ἀνοιχθεῖσα

1130 1455 1147 1490 ὴ
1163 1455 1198 1490 γῆ
1210 1455 1333 1487 κατέπιε,
1345 1455 1392 1481 καὶ
1402 1454 1534 1489 ἐκάλυψεν
1547 1454 1593 1480 ἐπὶ
1605 1454 1654 1489 τὴν
1663 1453 1825 1488 συναγωγὴν
1839 1451 1917 1478 Ἀϐει-

292 1509 356 1545 ρών·
375 1508 421 1534 τὸν
447 1507 475 1533 δὲ
497 1505 570 1540 Κορὲ
595 1503 641 1531 καὶ
666 1504 729 1535 τοὺς
743 1502 792 1529 σὺν
802 1500 876 1536 αὐτῷ
889 1501 1036 1536 μέλλοντας
1051 1502 1216 1538 προσφέρειν
1236 1503 1271 1529 τὰ
1296 1502 1463 1538 θυμιατήρια
1484 1501 1573 1528 αυτῶν
1597 1501 1663 1535 φλὸξ
1682 1500 1736 1527 ἀπὸ
1749 1500 1801 1536 τῆς
1815 1499 1915 1535 σκηνῆς

292 1556 462 1595 προελθοῦσα
480 1553 654 1588 κατέφλεξεν.

327 1603 412 1631 Vens.
431 1602 520 1629 19-31.
545 1600 580 1628 Et
599 1600 716 1634 fecerunt
744 1598 856 1625 vitulam
879 1598 906 1624 in
931 1596 1076 1628 Choreb,et

1162 1595 1217 1623 Kal
1231 1595 1380 1629 ἐποίησαν
1394 1593 1514 1628 μόσχον
1525 1593 1560 1619 ἐν
1571 1592 1684 1627 Χωρὴϐ,
1702 1592 1753 1619 καὶ
1767 1593 1916 1626 προσεκύ-

292 1651 470 1678 «duraverunt
492 1646 623 1681 sculptile,
636 1650 661 1672 et
682 1649 849 1671 mutaverunt
866 1643 980 1678 gloriam
1001 1649 1078 1669 suam

293 1698 321 1724 in
346 1693 547 1723 similitudinem
564 1692 639 1719 vitali
672 1689 831 1718 comedentis
866 1689 965 1724 fenum.
996 1687 1080 1716 Obliti

293 1746 355 1769 sunt
382 1740 465 1767 Deum
485 1739 530 1774 qui
565 1737 675 1764 salvavit
702 1744 757 1767 eos,
775 1735 820 1770 qui
837 1734 899 1768 fecit
924 1742 1020 1768 magna
1050 1734 1080 1760 in

293 1787 421 1823 Egypto,
435 1784 569 1812 mirabilia
582 1785 610 1810 in
626 1789 697 1810 terra
710 1781 806 1814 Cham,
819 1780 950 1808 terribilia
963 1781 991 1807 in
1011 1780 1080 1806 mari

294 1833 393 1861 Rubro.
415 1831 448 1859 Et
459 1832 527 1858 dixit
549 1835 578 1857 ut
597 1829 760 1865 disperderet
777 1836 831 1860 eos,
847 1827 899 1854 nisi
916 1826 1021 1862 Moyses
1031 1826 1080 1853 ele-

293 1885 352 1907 ctas
363 1879 421 1914 ejus
435 1878 561 1908 stetisset,
577 1877 606 1903 in
617 1875 796 1910 confractione
812 1875 838 1900 in
859 1878 996 1907 conspecta
1008 1872 1076 1907 ejus,

296 1932 325 1953 ut
338 1929 464 1953 averteret
472 1925 542 1951 iram
553 1923 608 1958 ejus
617 1931 649 1950 ne
657 1921 816 1956 disperderet
831 1929 886 1953 eos,
899 1924 923 1947 et
935 1927 981 1954 pro
998 1919 1079 1946 nihilo

298 1972 447 1999 habuerunt
470 1975 568 1997 terram
591 1967 802 1996 desiderabilem.
828 1965 889 1992 Non
912 1965 1080 1992 crediderunt

295 2017 371 2045 verbo
386 2017 455 2051 ejus,
467 2019 495 2043 et
513 2018 744 2042 murmurat'erunt
768 2013 794 2039 in
812 2010 988 2038 tabernaculis
1010 2010 1078 2042 suis,

296 2072 349 2092 non
366 2063 541 2090 exaudierunt
555 2069 643 2088 vocem
664 2059 782 2087 Domini.
799 2058 833 2085 Et
850 2057 958 2085 elevavit
972 2063 1080 2083 manum

296 2118 373 2138 suam
390 2116 468 2143 super
481 2116 534 2139 eos,
549 2111 578 2133 ut
590 2109 764 2141 prosterneret
779 2113 822 2132 eos
843 2104 871 2131 in
885 2103 997 2135 deserto,
1012 2107 1036 2129 et
1052 2106 1080 2128 ut

295 2156 419 2191 dejiceret
431 2161 518 2181 semen
529 2160 619 2179 eorum
644 2151 672 2178 in
694 2149 856 2183 nationibus,
872 2153 896 2176 et
922 2148 1079 2183 dispergeret

295 2211 340 2230 eos
354 2202 382 2228 in
407 2199 569 2235 regionibus.
598 2197 633 2224 Et
660 2197 759 2224 initiati
788 2199 848 2222 sunt
868 2194 1036 2229 Beelphegor,
1055 2198 1079 2220 et

295 2248 462 2277 comederunt
485 2245 620 2280 sacriﬁcia
645 2247 821 2270 mortuorum.
848 2240 882 2268 Et
907 2241 1080 2268 irritaverant

1131 1650 1231 1676 νησαν
1243 1641 1284 1674 τῷ
1296 1640 1428 1676 γλυπτῷ,
1440 1641 1489 1667 καὶ
1502 1639 1674 1674 ἠλλάξαντο
1687 1639 1745 1673 τὴν
1757 1639 1853 1672 δόξαν
1867 1640 1916 1667 αὐ-

1132 1688 1184 1715 τοῦ
1194 1689 1229 1714 ἐν
1239 1687 1396 1723 ὁμοιώματι
1405 1687 1524 1721 μόσχου
1536 1687 1691 1718 ἐσθίοντος
1703 1686 1824 1720 χόρτον.
1845 1687 1918 1713 Ἐκε-

1132 1734 1259 1762 Macr-ro
1284 1734 1337 1761 τοῦ
1365 1734 1439 1761 Θεοῦ
1467 1733 1521 1760 τοῦ
1549 1732 1696 1766 σώζοντος
1719 1733 1843 1766 αὐτοὺς,
1867 1732 1918 1759 τοῦ

1133 1780 1317 1813 ποιήσαντος
1328 1779 1443 1814 μεγάλα
1456 1779 1491 1806 ἐν
1506 1779 1652 1813 Αἰγύπτῳ,
1667 1777 1820 1812 θαυμάσια
1832 1778 1870 1805 ἐν·
1882 1777 1919 1813 Ti

1132 1826 1206 1860 Χὰμ,
1228 1826 1337 1860 φοϐερὰ
1359 1825 1408 1852 ἐπὶ
1429 1823 1587 1858 θαλάσσης
1610 1823 1759 1858 Ἐρυθρᾶς.
1781 1825 1835 1851 Kal
1856 1823 1918 1851 εἶπε

1132 1872 1185 1899 τοῦ
1198 1871 1412 1906 ὲξολοθρεῦσαι
1428 1871 1549 1904 αὐτοὺς,
1565 1871 1591 1897 εὶ
1603 1869 1646 1905 μὴ
1660 1869 1791 1904 Μωῦσῆς
1805 1872 1822 1897 ὀ
1835 1871 1917 1898 ἐκλεο

1132 1919 1202 1952 κτὸς
1221 1918 1313 1945 αὑτοῦ
1334 1919 1409 1951 ἔστη
1430 1917 1464 1944 ἐν
1482 1916 1519 1951 τῇ
1537 1916 1660 1950 θραύσει
1672 1915 1802 1943 ἐνώπιον
1816 1917 1916 1947 αὐτοῦ,

1131 1965 1186 1992 τοῦ
1202 1963 1389 1998 ἀποστρέψαι
1404 1963 1458 1990 τὸν
1472 1962 1567 1997 θυμὸν
1583 1961 1675 1989 αὐτοῦ
1691 1962 1745 1989 τοῦ
1754 1961 1798 1997 μὴ
1815 1962 1916 1995 ἐξολο-

1133 2011 1255 2046 θρεῦσαι
1271 2009 1391 2042 αὐτοὺς,
1409 2008 1456 2035 καὶ
1475 2007 1683 2040 ἐξουδένωσαν
1701 2005 1759 2042 γῆν
1774 2007 1916 2042 ἐπιθυμη-

1132 2057 1199 2090 τήν.
1216 2057 1275 2083 Οὺκ
1289 2055 1476 2081 ἐπίστευσαν
1495 2052 1535 2086 τῷ
1554 2053 1633 2087 Idm)
1647 2053 1750 2085 αὑτοῦ,
1768 2053 1818 2080 καὶ
1836 2053 1917 2088 ἐγόγ-

1132 2110 1231 2138 γυσαν
1239 2102 1273 2128 ἑν
1283 2101 1344 2134 τοῖς
1349 2099 1544 2134 σκηνώμασιν
1551 2099 1660 2130 αὐτῶν,
1670 2100 1724 2126 οὐκ
1731 2099 1918 2133 εἰσήκουσαν

1132 2149 1186 2183 τῆς
1200 2147 1303 2183 φωνῆς
1319 2147 1441 2181 Κυρίου.
1463 2147 1518 2172 Καὶ
1539 2145 1631 2180 ἐπῆρε
1651 2146 1708 2179 τὴν
1727 2146 1811 2180 χεῖρα
1826 2145 1918 2174 αὑτοῦ

1132 2196 1178 2223 ἐπ’
1192 2193 1313 2227 αὐτοὺς,
1326 2192 1380 2220 τοῦ
1395 2191 1572 2219 καταϐαλεῖν
1585 2191 1695 2224 αὐτοὺς
1713 2191 1748 2218 ἐν
1764 2191 1802 2226 τῇ
1812 2191 1917 2227 ἐρήμῳ,

1132 2242 1181 2269 καὶ
1202 2241 1255 2268 τοῦ
1279 2238 1458 2266 καταϐαλεῖν
1478 2237 1512 2264 τὸ
1535 2237 1655 2272 σπέρμα
1676 2237 1776 2264 αὐτῶν
1799 2238 1833 2265 ἐν
1861 2237 1918 2270 τοῖς

295 2304 355 2324 eum
372 2295 399 2322 in
427 2291 656 2320 adinventionibus
679 2290 735 2317 suis
751 2294 775 2317 et
794 2287 973 2322 multiplicata
996 2292 1034 2315 est
1053 2287 1077 2315 in

1130 2289 1241 2319 ἔθνεσι,
1255 2286 1305 2313 καὶ
1318 2284 1531 2319 διασκορπίσαι
1543 2284 1655 2316 αὐτοὺς
1671 2284 1706 2310 ὲν
1721 2283 1786 2316 ταῖς
1799 2283 1917 2318 χώραις.

296 2344 333 2370 eis
348 2342 436 2369 ruina.
456 2339 490 2366 Et
514 2339 585 2366 stetit
611 2337 724 2365 Pltinees
751 2340 775 2363 et
795 2335 921 2371 placavit.
934 2341 959 2362 et
972 2334 1081 2361 cessavit

296 2390 446 2426 quassatio.
466 2387 501 2414 Et
522 2389 673 2420 reputatunt
699 2387 738 2411 est
751 2383 775 2410 ei
788 2383 816 2409 in
835 2382 982 2417 justitiam.
995 2381 1024 2407 in
1036 2389 1081 2415 ge-

297 2437 459 2464 nerationem
470 2438 495 2461 et
511 2431 703 2468 generationem
731 2437 811 2464 usque
836 2429 863 2455 in
884 2427 1079 2462 sempiternum.

300 2480 397 2508 Exstat
413 2480 441 2506 in
462 2477 588 2505 Numeris
602 2475 717 2503 historia
739 2473 876 2509 quomodo
890 2475 1001 2507 accepta
1017 2470 1082 2498 Phi-

299 2533 365 2554 nees
381 2525 460 2552 hasta
477 2522 692 2554 Madianitidem,
704 2525 731 2548 et
742 2519 825 2548 simul
850 2519 925 2546 illum
952 2517 999 2553 qui
1019 2524 1081 2545 cum

298 2580 331 2600 ea
346 2579 402 2599 rem
429 2570 558 2602 habebat,
579 2567 748 2596 transiluerit
766 2576 772 2594 :
789 2573 844 2601 quo
866 2565 939 2593 edito
960 2564 1082 2591 facinore

299 2615 392 2644 statim
418 2614 459 2641 ira
477 2613 523 2641 Dei
535 2614 641 2649 placata
653 2612 708 2640 illis
731 2616 784 2640 est.
796 2610 847 2638 Hic
860 2617 942 2646 porro
957 2609 1081 2637 declara-

299 2667 344 2690 tur
358 2663 491 2696 quantum
505 2659 576 2694 apud
590 2658 675 2687 Deum
687 2658 777 2686 valeat
788 2657 870 2684 unius
892 2656 945 2684 viri
957 2655 1080 2690 iustitia;

299 2708 338 2736 ita
354 2711 383 2734 ut
393 2706 429 2734 ob
443 2704 553 2732 Phinea:
565 2712 613 2739 pro
630 2705 685 2732 Deo
703 2704 791 2732 zelum
804 2703 844 2735 ira
859 2702 1040 2736 frangeretur,
1055 2704 1082 2728 et

299 2752 439 2790 quassatio
449 2755 606 2787 peccatores
621 2751 752 2778 invadens
764 2753 941 2778 averteretur.

1134 2334 1189 2362 Kal
1202 2332 1408 2366 ἐτελέσθησαν
1425 2329 1464 2362 τῷ
1478 2329 1660 2364 Βεελφεγὼρ,
1676 2329 1724 2356 καὶ
1742 2329 1858 2364 ἔφαγον
1871 2332 1918 2357 θυ-

1135 2379 1204 2412 σίας
1218 2377 1341 2412 νεκρῶν.
1362 2377 1416 2403 Kal
1436 2375 1616 2410 παρώξυναν
1632 2374 1725 2401 αὑτὸν
1737 2374 1772 2401 ἐν
1787 2374 1848 2408 τοῖς
1859 2374 1918 2401 ἑπια

1134 2425 1319 2460 τηδεύμασιν
1338 2422 1448 2454 αὐτῶν,
1472 2421 1522 2448 καὶ
1544 2421 1717 2455 ἐπληθύνθη
1730 2421 1766 2447 ὲν
1781 2420 1882 2453 αὐτοῖς
1898 2420 1916 2453 ἠ

1135 2469 1257 2501 πτῶσις.
1275 2468 1328 2496 Kal
1343 2467 1417 2500 ἔστη
1431 2465 1533 2498 Φινεὲς
1545 2466 1594 2492 καὶ
1606 2465 1779 2498 ἑξιλάσατο,
1793 2465 1844 2492 καὶ
1857 2465 1918 2492 sw-

1135 2522 1234 2543 πασεν
1249 2515 1268 2549 ἡ
1281 2513 1416 2548 θραῦσις·
1435 2512 1484 2540 καὶ
1497 2512 1639 2547 ἐλογίσθη
1655 2511 1735 2545 αὐτῷ
1748 2513 1793 2545 εις
1808 2512 1917 2539 amato-

1134 2562 1234 2596 σύν-ην
1251 2562 1294 2594 εὶς
1315 2559 1421 2595 γενεὰν
1445 2558 1495 2585 καὶ
1518 2557 1625 2593 γενεὰν
1646 2557 1702 2591 ἕως
1726 2557 1780 2584 τοῦ
1801 2557 1915 2591 αἰῶνος.

1132 2608 1228 2635 Κεῖται
1247 2607 1275 2633 ὲν
1295 2606 1351 2637 τοῖς
1372 2604 1508 2640 Ἀριθμοῖς
1529 2604 1546 2639 ἡ
1570 2602 1683 2639 ἱστορία,
1705 2603 1780 2635 ὅπως
1798 2603 1886 2630 λαὸὼν
1903 2604 1916 2629 ὁ

1132 2652 1222 2684 Φινεὲς
1232 2651 1277 2678 τὸν
1295 2650 1476 2687 σειρομάστην
1491 2650 1610 2685 διέπειρε
1627 2649 1674 2686 τὴν
1688 2649 1846 2677 Μαδιανῖτιν
1861 2651 1916 2686 ἅμα

1133 2697 1172 2733 τῷ
1183 2698 1230 2724 σὺν
1243 2697 1311 2732 αὐτῇ
1327 2694 1532 2730 πεπορνευκότι,
1548 2695 1596 2721 καὶ
1610 2694 1729 2721 ἐκόπασε
1748 2694 1915 2730 παραχρῆμα

1134 2746 1151 2781 ἡ
1163 2744 1222 2772 κατ’
1234 2743 1321 2770 αὐτῶν
1331 2742 1400 2778 ὀργὴ
1413 2742 1470 2777 ἅμα
1481 2742 1513 2777 τῇ
1526 2739 1635 2777 τοιαύτῃ
1647 2740 1754 2777 πράξει.
1767 2741 1914 2777 [lapis-mat

297 2785 327 2830 at
345 2803 360 2829 ὁ
378 2785 466 2835 λόγοξ,
491 2798 573 2825 πόσον
597 2798 682 2833 ἰσχύει
700 2798 775 2834 παρὰ
788 2797 847 2832 Θεῷ
863 2797 920 2828 ἐνὸς
937 2795 1032 2832 ἀνδρὸς
1043 2792 1209 2828 δικαιοσύνη,
1222 2791 1259 2823 ὡς
1273 2790 1392 2818 κοπάσαι
1407 2790 1456 2826 τὴν
1468 2788 1563 2825 ὀργὴν,
1580 2789 1625 2815 καὶ
1636 2786 1852 2824 ἅνακρουσθῆναι
1867 2785 1914 2823 τὴν

300 2849 372 2877 κατὰ
384 2847 438 2875 τῶν
450 2845 648 2882 ἡμαρτηκότων
667 2845 790 2881 θραῦσιν,
807 2844 850 2871 διὰ
865 2844 910 2872 τὸν
931 2844 1021 2876 Φινεὲς
1035 2843 1106 2879 ὑπὲρ
1121 2841 1167 2869 τοῦ
1183 2840 1249 2868 Θεοῦ
1267 2839 1356 2874 ζῆλον.

324 2908 358 2928 ›⁷³
378 2906 458 2934 Num.
477 2913 534 2935 xu.
551 2904 580 2932 2.
