2044 3212
156 168 224 197 1517

694 165 945 198 (ΙΟΜΜΕΝΤΔΒΪΑ
965 165 999 197 ΙΝ
1017 167 1184 197 PSALMOS.

1290 156 1300 181 ’
1310 141 1346 174 ἦ
1696 171 1766 200 isis
1784 174 1786 179 ·

190 224 245 254 Kal
259 226 448 263 παρώρτισαν
459 225 552 254 αὑτὸν
566 216 614 254 sint
631 226 737 260 ὕδατος
754 226 935 261 ἀντιλογίας,

1020 225 1104 254 Vens.
1121 225 1219 254 52-40.
1232 225 1266 252 Et
1283 225 1453 253 irritaverant
1469 232 1528 253 eum
1542 225 1577 253 ad
1596 231 1692 262 aquam
1703 235 1767 254 conv

155 273 205 300 καὶ
218 273 351 307 ἐκακώθη
366 273 497 307 Μωῡσῆς
510 273 547 299 δι’
561 272 681 305 αὐτοὺς,
697 272 742 299 ὅτι
757 272 936 306 παρεπίκρα-

155 326 213 344 ναν
231 318 264 344 τὸ
288 318 405 352 πνεῦμα
428 318 529 345 αὑτοῦ.
555 317 610 344 Kal
631 317 796 344 διέστειλεν
818 317 853 344 ἐν
874 317 936 349 τοῖς

156 364 291 399 χείλεσιν
314 363 415 395 αὐτοῦ,
441 365 495 391 οὐκ
518 364 745 397 ἐξωλόθρευσαν
766 365 802 390 τὰ
827 363 898 396 ἔθνη
916 364 936 389 α

155 408 219 437 εἷπε
233 411 338 443 Κύριος
349 409 458 442 αὐτοῖς.
475 409 529 436 Καὶ
544 409 689 443 ἐμίγησαν
700 409 734 435 ἐν
748 409 810 442 τοῖς
823 409 934 442 ἔθνεσι,

156 457 204 483 καὶ
215 456 324 490 ἔμαθον
337 456 373 482 τὰ
382 456 452 490 ἔργα
464 455 571 486 αὐτῶν,
585 454 633 482 καὶ
645 454 864 481 ἐδουλεύσαντο
874 454 936 486 τοῖς

156 502 298 537 γλυπτοῖς
312 501 419 533 αὐτῶν,
437 501 485 528 καὶ
498 500 622 536 ἐγενήθη
635 500 736 533 αὐτοῖς
749 501 791 532 εἰς
805 500 936 526 σκάνδα-

155 549 220 574 λον.
238 547 292 574 Kal
304 547 418 574 ἔθυσαν
430 547 500 580 τοὺς
515 547 598 580 υἱοὺς
612 546 710 573 αὐτῶν
723 546 770 572 καὶ
786 546 838 578 τὰς
853 547 936 580 θυγα-

155 593 241 627 τέρας
260 592 358 619 αὐτῶν
377 592 438 626 τοῖς
457 592 627 626 δαιμονίοις.
654 592 705 618 Kal
722 591 845 626 ἐξέχεαν
865 589 936 625 αἷμα

155 638 261 668 ἀθῶον.
274 635 344 672 αἷμα
357 637 429 664 υἱῶν
443 637 541 664 αὐτῶν
557 637 606 663 καὶ
624 637 799 672 θυγατέρων,
813 633 856 663 ὧν
867 637 933 664 ἐθυ-

155 691 215 710 σαν
233 683 294 716 τοῖς
307 683 449 717 γλυπτοῖς
466 682 594 710 Χαναὰν.
611 683 664 709 Kal
679 683 901 716 ἐφονοκτονήθη
915 682 935 716 ἡ

155 728 193 763 τῆ
215 728 248 755 ἐν
265 728 325 761 τοῖς
341 729 455 763 αἵμασι,
481 728 530 754 καὶ
553 728 675 762 ἐμιάνθη
702 728 736 753 ἐν
758 727 820 760 τοῖς
839 727 936 762 ἔργοις

155 773 263 804 αὐτῶν,
278 773 326 799 καὶ
349 773 536 806 ἐπόρνευσαν
553 773 602 798 ἐπὶ
624 772 685 805 τοῖς
705 772 937 807 ἐπιτηδεύμασιν

156 818 264 845 αὐτῶν.
285 819 340 845 Kal
353 818 481 853 ὠργίσθη
497 817 577 853 θυμῷ
594 818 700 852 Κύριος
719 818 768 845 ἐπὶ
787 818 840 844 τὸν
860 818 937 844 λαὸν

156 865 257 895 αὑτοῦ.
267 865 314 891 καὶ
323 864 500 896 ἐϐδελύξατο
511 864 568 898 τὴν
577 864 779 898 κληρονομίαν
790 863 891 890 αὑτοῦ.
903 864 934 889 El

156 909 200 936 διὰ
209 910 294 936 ταῦτα
309 909 396 936 πάντα
414 908 570 941 ὲδδελύξατο
581 908 629 944 τὴν
646 908 824 943 κληρονομίαν
840 907 933 939 αὑτοῦ,
949 917 970 944 Β

157 956 215 987 πῶς
231 956 358 991 ἀνωτέρω
371 955 485 990 εἴρηται·
503 955 558 981 Τοῦ
571 955 644 981 [δεῖν
659 955 693 981 ἐν
707 954 743 988 τῇ
756 956 936 989 χρηστότητι

156 1002 216 1028 τῶν
236 1001 383 1028 ἐκλεκτῶν
404 1010 472 1034 σου,
497 1001 550 1028 τοῦ
572 1000 773 1035 εὐφρανθῆναι
791 1000 824 1027 ὲν
839 1000 876 1034 τῇ
889 1001 937 1027 εὐ-

158 1048 294 1082 φροσύνῃ
313 1048 365 1075 τοῦ
386 1048 492 1081 ἔθνους
508 1055 576 1079 σου,
597 1047 649 1074 τοῦ
667 1047 848 1074 ἐπαινεῖσθαι
862 1047 938 1081 μετὰ

158 1094 212 1128 τῆς
228 1094 427 1128 κληρονομίας
442 1102 518 1125 σου;
537 1093 617 1120 Ἀλλὰ
630 1094 681 1129 ὅρα
695 1095 719 1120 εί
733 1093 769 1128 μὴ
785 1093 877 1127 σαφῶς
891 1093 938 1119 καὶ

157 1140 207 1175 τὴν
231 1139 417 1175 βδελυχθεῖσαν
442 1139 620 1175 κληρονομίαν
643 1139 690 1166 τοῦ
718 1139 848 1174 προτέρου
873 1138 937 1165 λαοῦ

158 1186 328 1221 παρέστησεν
350 1187 364 1212 ὁ
384 1185 470 1220 λόγος,
492 1186 538 1212 καὶ
558 1185 622 1220 περὶ
643 1185 737 1220 ἑτέρας
759 1184 938 1220 κληρονομίας

159 1230 290 1263 θεσπίζει,
305 1231 343 1263 ὼς
358 1232 404 1258 καὶ
418 1233 482 1267 περὶ
497 1232 589 1267 ἑτέρου
606 1232 670 1259 λαοῦ
687 1232 744 1267 μεθ’
760 1229 796 1259 ὧν
814 1231 938 1267 εὔχεσθαι

159 1278 392 1314 καταριθμηθῆναι
403 1278 530 1305 διδάσκει.

194 1325 248 1351 Kal
265 1323 433 1358 παρέδωκεν
447 1324 556 1356 αὐτοὺς
571 1325 613 1357 εἰς
632 1323 732 1358 χεῖρας
749 1322 872 1358 ἐχθρῶν,
889 1323 938 1349 καὶ

160 1370 337 1403 ἐκυρίευσαν
352 1369 450 1396 αὐτῶν
464 1370 491 1395 οἱ
502 1369 663 1404 μισοῦντες
680 1370 799 1402 αὐτούς.
825 1369 860 1394 Οὐ
884 1377 938 1395 πα-

162 1415 286 1451 ραδίδωσι
300 1415 327 1441 δὲ
342 1414 442 1450 Κύριος
453 1415 497 1441 τὸν
512 1415 573 1441 λαὸν
589 1415 681 1446 αὑτοῦ,
693 1415 740 1441 ἐὰν
757 1414 794 1450 μὴ
809 1414 939 1450 πρότερον

161 1460 316 1496 βδελὺξηται
331 1460 419 1486 αὐτόν·
438 1460 609 1494 βδελύσσεται
622 1460 649 1487 δὲ
662 1460 742 1487 αὐτὸν
756 1460 799 1486 διὰ
814 1460 862 1491 τὰς
874 1467 939 1494 προ-

160 1506 322 1542 λελεγμένας
336 1506 457 1542 πράξεις.
482 1507 604 1532 Ἐπειδὰν
624 1507 651 1532 δὲ
670 1507 684 1533 ὁ
701 1505 800 1541 Κύριος
815 1505 937 1541 παραδῷ,

159 1551 201 1583 τίς
218 1551 247 1578 οὗ
263 1550 370 1578 δύναται
387 1550 440 1577 τῶν
459 1550 540 1577 αὐτοῦ
557 1551 725 1585 aspretis-snt;
741 1550 797 1577 Kal
810 1550 939 1584 ἐθλιψαν

159 1599 270 1631 αὐτοὺς
282 1599 308 1625 οὶ
322 1598 419 1633 ἐχθροὶ
434 1597 541 1628 αὐτῶν,
562 1598 610 1624 καὶ
625 1597 865 1631 ἐταπεινώθησαν
880 1597 939 1623 ὑπὸ
952 1587 974 1617 c

160 1645 214 1677 τὰς
229 1644 329 1679 χεῖρας
346 1643 452 1670 αὐτῶν·
474 1641 634 1675 πλεονάκις
653 1642 798 1676 ἐρρύσατο
819 1642 937 1674 αὐτούς.

161 1690 249 1717 Αὐτοὶ
263 1690 297 1716 δὲ
318 1689 539 1723 παρεπίκραναν
557 1688 649 1715 αὑτὸν
667 1689 702 1714 ἐν
715 1688 752 1722 τῇ
769 1687 871 1722 ,βουλῇ
886 1688 939 1714 αὺ-

161 1736 230 1768 τῶν,
247 1735 297 1762 καὶ
311 1735 550 1768 ἐταπεινώθησαν
566 1734 599 1760 ἐν
609 1733 673 1766 ταῖς
684 1734 819 1768 ἀνομίαις
830 1733 938 1760 αὐτῶν.

162 1783 245 1814 Αὐτὸς
267 1782 325 1817 μὲν,
342 1782 433 1816 φησὶν,
452 1780 573 1816 ἐρρύετο,
592 1780 708 1815 χρηστὸς
729 1779 766 1806 ὣν
785 1780 874 1811 αὐτοῖς
893 1779 941 1806 καὶ

161 1829 262 1862 γλυκὺς
280 1827 432 1862 γενόμενος·
448 1827 472 1853 οἱ
488 1827 515 1853 δὲ
532 1826 747 1861 παρεπίκραναν,
765 1826 862 1861 πικρὸν
878 1826 941 1852 ἐαυ-

161 1875 217 1905 "toi;
238 1874 375 1904 ποιοῦντες
398 1872 487 1899 αὐτόν·
508 1873 553 1898 καὶ
575 1872 654 1899 πάλιν
676 1872 755 1903 αὐτὸς
778 1871 878 1903 ἔσωζεν
898 1869 941 1898 οἷα

164 1921 264 1955 σωτήρ·
282 1920 306 1945 οι
324 1919 352 1945 δὲ
374 1918 538 1950 ἀπώλλυντο,
561 1918 651 1953 ἔργοις
673 1918 808 1949 ἀπωλείας
829 1919 942 1950 ἑαυτοὺς

164 1965 374 2001 περιπείροντες·
391 1964 437 1991 καὶ
457 1964 533 1990 τοῦτο
556 1964 697 1996 πλεονάκις
714 1965 826 1999 ἐγίνετο,
843 1964 895 1996 ἕως
911 1962 941 1991 οὗ

163 2012 239 2037 αὐτοὶ
251 2011 360 2042 ἑαυτοὺς
375 2010 557 2037 ἐταπείνωσαν
573 2012 600 2037 ὲν
614 2012 671 2042 ταῖς
686 2011 774 2037 αὐτῶν
788 2011 920 2046 ἀνομίαις.

198 2057 251 2083 Kal
271 2054 330 2083 εἶδε
343 2057 449 2090 Κύριος
462 2057 495 2083 ὲν
507 2056 547 2089 τῷ
561 2057 713 2083 θλίϐεσθαι
723 2057 841 2088 αὐτοὺς,
855 2057 888 2083 ἐν
902 2057 942 2089 τῷ

164 2102 255 2129 αὑτὸν
267 2102 440 2129 εἰσακοῦσαι
455 2102 509 2135 τῆς
521 2102 650 2136 δεήσεως
665 2102 772 2129 αὐτῶν.
788 2102 842 2128 Kal
852 2102 941 2136 ἐμνή-

165 2150 222 2183 σθη
236 2147 291 2182 τῆς
305 2147 445 2181 διαθήκης
459 2148 561 2179 αὑτοῦ,
579 2149 627 2174 καὶ
642 2148 806 2182 μετεϐλήθη
819 2148 894 2174 κατὰ
907 2148 941 2174 τὸ

165 2194 281 2229 πλῆθος
292 2193 345 2220 τοῦ
358 2193 461 2225 ἐλέους
474 2193 576 2220 αὐτοῦ.
592 2194 646 2220 Kal
660 2193 770 2219 ἔδωκεν
780 2194 889 2226 αὐτοὺς
899 2195 942 2226 εὶς

166 2238 332 2273 οἰκτιρμοὺς
356 2238 493 2265 ἐναντίον
518 2238 636 2265 πάντων
662 2238 720 2265 τῶν
744 2240 942 2274 αὶχμαλωτευ-
958 2252 981 2280 ῐ)

166 2283 283 2310 σάντων
297 2283 414 2316 αὐτούς.
434 2283 488 2309 Καὶ
502 2283 580 2309 τοῦτο
592 2283 749 2318 ἐπληροῦτο,
762 2284 805 2310 ὂτε
819 2284 942 2310 ἐνέϐαλεν

166 2331 180 2355 ὸ
190 2330 255 2362 Θεὸς
267 2330 305 2361 εἰς
315 2329 363 2364 τὴν
375 2329 486 2365 καρδίαν
498 2329 588 2364 Κύρου
602 2329 647 2355 τοῦ
661 2330 799 2365 βασιλέως,
814 2331 860 2357 καὶ
876 2330 943 2365 μετὰ

167 2375 251 2401 ταῦτα
272 2375 382 2410 Δαρείου
404 2375 449 2401 καὶ
470 2374 645 2410 Ἀρταξέρξου
660 2375 854 2410 φιλανθρώπως
875 2376 942 2410 χρή-

168 2420 264 2447 σασθαι
276 2420 315 2455 τῷ
336 2420 467 2446 Ἰουδαίων
480 2420 560 2451 ἔθνει,
572 2420 641 2446 κατὰ
653 2420 686 2446 τὰ
699 2422 727 2447 ὲν
741 2423 774 2455 τῇ
791 2421 882 2456 Γραφῇ
896 2421 942 2447 τοῦ

169 2466 269 2501 Ἔσδρα
285 2466 429 2501 φερόμενα.
452 2465 529 2492 Ἀλλὰ
542 2466 587 2492 καὶ
600 2466 684 2492 εἰσέτι
697 2465 744 2492 νῦν
759 2467 791 2501 τῇ
805 2467 874 2505 ἀρχῇ
890 2466 943 2492 τῶν

173 2511 313 2546 Ῥωμαίων
330 2511 496 2543 δουλεύοντες
511 2513 539 2538 ὲν
552 2512 700 2546 οἰκτιρμοῖς
714 2512 883 2546 τυγχάνουσι,
896 2511 942 2537 τοῦ

167 2557 233 2583 Θεοῦ
246 2557 323 2583 τοῦτο
340 2558 430 2589 αὐτοῖς
449 2557 641 2593 δεδωρημένου·
662 2558 710 2592 οὐχ
727 2558 767 2584 ὅτι
779 2556 848 2593 ἦσαν
863 2558 942 2590 ἄξιοι,

169 2603 234 2630 ἀλλὰ
247 2603 326 2630 πάλιν
340 2604 382 2630 διὰ
393 2604 423 2630 τὸ
437 2604 536 2640 πλῆθος
547 2604 594 2631 τοῦ
608 2604 706 2636 ὲλέους.
718 2605 771 2631 Kal
778 2603 943 2639 μετεϐλήθη

168 2648 242 2675 κατὰ
262 2649 293 2675 τὸ
313 2649 428 2683 πλῆθος
444 2650 496 2677 τοῦ
514 2651 617 2683 ἐλέους
641 2651 741 2678 αὑτοῦ.
759 2650 945 2685 Μεταμέλειαν

169 2693 197 2719 δὲ
213 2693 289 2720 καλεί
304 2693 354 2728 τῆς
368 2695 491 2727 παιδείας
505 2696 554 2730 τὴν
568 2695 680 2722 παῦλαν.
701 2696 730 2722 '0
745 2696 799 2731 γὰρ
817 2695 881 2728 Θεὸς
896 2696 945 2731 τῆς

171 2739 350 2774 μεταμελείας
363 2739 412 2766 οὑκ
422 2739 477 2775 ἔχει
491 2741 522 2767 τὸ
531 2741 624 2772 πάθος,
636 2741 695 2768 οὐδὲ
709 2741 756 2768 νῦν
770 2742 818 2777 μὲν
831 2741 944 2773 τούτοις,

170 2783 216 2810 νῦν
232 2784 261 2811 δὲ
275 2785 388 2817 ἐκείνοις
401 2786 556 2822 ἀρέσκεται,
572 2787 638 2814 ἀλλὰ
654 2787 741 2821 σοφῶς
757 2789 862 2815 ἅπαντα
879 2797 946 2823 πρυ-

169 2829 307 2900 ἷαὲεύων,
333 2832 379 2858 καὶ
403 2832 525 2864 παιδείας
549 2833 644 2866 ἐπάγει
671 2834 718 2860 καὶ
745 2833 946 2869 φιλανθρωπίας

188 2881 202 2900 ο
219 2883 270 2900 γει.

187 2881 270 2909 ρεγει.

986 274 1164 305 tradictionis,
1181 277 1207 300 et
1226 277 1334 300 uexatus
1350 278 1389 300 est
1406 272 1511 308 Moyses
1521 277 1626 307 propter
1634 281 1688 305 eos,
1704 273 1768 308 quia

985 319 1204 347 exacerbaverunt
1225 319 1348 354 spiritum
1365 319 1431 353 ejus.
1442 319 1483 355 |Et
1507 319 1629 345 distinxit
1647 319 1675 345 in
1689 319 1767 346 labiis

985 368 1053 399 suis,
1065 375 1117 393 non
1126 365 1338 401 disperdiderunt
1354 370 1453 400 gentes,
1466 373 1532 399 quas
1549 365 1618 391 dixit
1636 364 1767 392 Dominus

985 413 1052 441 illis.
1077 412 1111 439 Et
1127 412 1258 439 commisti
1281 415 1342 439 sunt
1364 412 1432 438 inter
1448 417 1546 446 gemes,
1570 416 1594 438 et
1619 411 1767 439 didicerunt

986 465 1064 492 opera
1074 466 1176 489 eorum,
1192 462 1216 484 et
1235 458 1379 484 seruierunt
1394 457 1557 491 srulptilibus
1575 465 1674 489 eorum,
1688 461 1712 483 et
1724 456 1767 490 fa-

986 510 1056 532 ctum
1070 509 1108 531 est
1121 504 1176 530 illis
1195 504 1224 530 in
1238 503 1403 531 scandalum.
1422 503 1454 530 Et
1477 504 1676 531 immolaverunt
1696 504 1766 538 ﬁlios

986 559 1047 578 suos
1069 555 1092 577 et
1108 550 1178 585 ﬁlias
1195 557 1257 576 suas
1277 549 1427 577 dwmoniis.
1447 548 1481 575 Et
1501 548 1647 583 effuderunt
1661 550 1768 585 sangui-

986 605 1044 624 nem
1057 597 1229 627 innocentem,
1245 595 1398 629 sanguinem
1408 594 1524 629 ﬁliorum
1539 602 1646 620 suorum
1661 601 1683 621 et
1696 595 1767 629 ﬁlia-

987 651 1045 669 rum
1064 649 1183 672 suarum,
1205 648 1271 675 quas
1291 639 1507 674 sacriﬁcaverunt
1523 639 1687 673 sculptilibus
1698 639 1768 666 Cha-

986 697 1066 715 naan.
1082 687 1117 714 Et
1135 687 1232 721 infecta
1247 692 1285 713 est
1302 691 1372 713 terra
1387 686 1414 712 in
1435 686 1616 721 sanguinibus,
1639 689 1663 712 et
1680 690 1769 712 eonta—
1793 690 1799 700 ι

986 735 1088 761 minata
1110 734 1188 764 est.in
1212 732 1331 767 operibus
1354 740 1456 764 eorum,
1479 736 1504 758 et
1527 732 1651 766 fornicati
1666 736 1725 758 sunt
1742 733 1767 759 in

987 779 1213 807 adinuentionibus
1232 780 1298 806 suis.
1313 778 1347 804 Et
1366 779 1450 804 iratus
1467 782 1506 804 est
1527 778 1615 812 furore
1638 777 1768 805 Dominus

986 826 1014 852 in
1038 826 1162 860 populum
1186 833 1273 855 suum,
1297 830 1321 851 et
1344 823 1512 850 abominatus
1535 828 1573 850 est
1589 823 1768 851 hareditatem

986 880 1072 899 suam.
1091 871 1120 899 Si
1136 875 1245 906 propter
1259 871 1315 898 haec
1332 871 1422 898 omnia
1440 870 1613 897 abominatus
1627 875 1669 897 est
1683 870 1769 897 haere-

985 918 1095 944 ditatem
1111 925 1198 950 suam,
1216 925 1265 944 cur
1281 925 1363 952 supra
1385 917 1486 944 dictum
1503 919 1555 949 est,
1568 916 1608 942 Ad
1629 916 1767 943 uidendum

986 963 1013 990 in
1024 963 1140 990 bonitate
1150 963 1289 990 electorum
1305 967 1420 994 tuorum,
1437 962 1470 989 ad
1483 961 1625 989 la’tandum
1639 962 1665 988 in
1674 962 1768 989 latitia

986 1010 1069 1044 gentis
1086 1013 1186 1041 tute,nt
1203 1009 1317 1035 lauderis
1333 1017 1391 1035 cum
1405 1007 1559 1035 Inereditate
1573 1009 1638 1035 tua?
1652 1008 1686 1034 At
1705 1015 1767 1042 per-

986 1057 1074 1091 pende
1094 1064 1159 1083 num
1179 1059 1271 1090 aperte
1294 1063 1383 1083 sermo
1404 1054 1586 1082 abominatum
1607 1054 1705 1089 prioris
1719 1061 1767 1088 po-

987 1103 1044 1137 puli
1069 1102 1253 1129 hmreditatem
1273 1102 1400 1132 declaret.
1426 1108 1457 1128 ac
1473 1101 1506 1128 de
1534 1101 1586 1128 alia
1610 1100 1767 1128 haereditate

988 1148 1165 1182 vaticinetur;
1181 1152 1211 1175 ut
1227 1151 1254 1175 et
1273 1148 1306 1175 de
1325 1147 1378 1174 alio
1395 1148 1495 1183 populo
1509 1148 1620 1183 quicum
1635 1154 1767 1174 annume-

988 1194 1042 1221 rari
1058 1194 1206 1229 optandum
1220 1201 1281 1222 esse
1293 1193 1381 1221 docet.

1024 1325 1106 1353 Vsus.
1118 1325 1211 1352 41-45.
1225 1325 1258 1352 Et
1274 1325 1383 1353 tradidit
1393 1335 1437 1354 eos
1448 1327 1474 1353 in
1485 1335 1578 1354 manus
1589 1327 1767 1360 inimicorum,

988 1376 1013 1399 et
1028 1372 1157 1399 dominati
1168 1376 1228 1398 sunt
1242 1379 1332 1398 eorum
1354 1372 1398 1407 qui
1413 1372 1521 1399 oderunt
1534 1381 1588 1400 eos.
1609 1373 1668 1400 Non
1685 1374 1767 1401 tradit

988 1417 1120 1445 Dominus
1146 1417 1275 1452 populum
1300 1425 1391 1449 suum,
1415 1418 1467 1445 nisi
1496 1419 1571 1453 prius
1597 1419 1767 1446 abominetur

990 1464 1078 1499 ipsum
1103 1472 1110 1491 :
1134 1464 1222 1498 ipsum
1249 1468 1337 1491 autem
1366 1464 1537 1491 abominatur
1563 1465 1597 1492 ob
1618 1470 1766 1493 memorata

989 1515 1081 1543 opera.
1096 1507 1165 1535 Cum
1188 1510 1277 1534 autem
1301 1508 1358 1540 ipse
1378 1507 1508 1536 Dominus
1530 1510 1682 1543 tradiderit,
1704 1511 1766 1546 quis

989 1562 1044 1581 non
1072 1554 1160 1588 possit
1177 1554 1283 1588 populis
1299 1553 1332 1580 ad
1352 1554 1440 1588 ipsum
1465 1555 1663 1589 pertinentibus
1679 1556 1766 1584 domi—

989 1600 1070 1628 nari?
1086 1600 1120 1627 Et
1137 1600 1327 1627 tribulaverunt
1349 1609 1391 1627 eos
1407 1601 1506 1628 inimici
1526 1610 1627 1635 eorum,
1641 1607 1665 1630 et
1680 1604 1768 1630 humi-

991 1647 1050 1674 liati
1066 1651 1126 1674 sunt
1151 1647 1198 1673 sub
1220 1646 1340 1683 manibus
1365 1654 1555 1683 eorum:sa'pe
1580 1648 1699 1676 liberavit
1712 1658 1767 1679 eos.

991 1693 1047 1727 Ipsi
1062 1698 1147 1720 autem
1163 1693 1382 1721 exacerbaverunt
1398 1701 1455 1720 eum
1471 1694 1498 1720 in
1524 1696 1634 1722 consilio
1654 1704 1701 1722 suo
1715 1704 1725 1723 :
1743 1701 1769 1723 et

990 1738 1121 1765 humiliati
1135 1744 1195 1766 sunt
1211 1739 1238 1765 in
1249 1738 1431 1774 iniquitatibus
1446 1738 1515 1766 suis.‘
1525 1738 1584 1774 ipse
1599 1741 1707 1775 quidem
1718 1742 1767 1774 ait,

991 1785 1079 1812 bonus
1091 1792 1152 1812 cum
1172 1788 1243 1812 esset
1262 1792 1294 1811 ac
1308 1784 1488 1819 mitigaretur,
1506 1785 1636 1813 liberabat
1653 1794 1714 1820 eos;
1729 1787 1768 1814 illi

990 1838 1055 1858 vero
1067 1831 1298 1858 exacerbaverunt
1310 1838 1382 1863 eum,
1395 1830 1522 1857 acerbum
1540 1831 1591 1859 sibi
1604 1833 1770 1861 constituen-

991 1881 1032 1904 tes
1048 1886 1054 1903 τ
1071 1884 1101 1903 ac
1122 1884 1218 1904 rursus
1232 1876 1286 1907 ille,
1303 1881 1396 1910 utpote
1416 1881 1548 1911 servator,
1572 1879 1684 1906 eruebat
1704 1887 1768 1914 eos,

992 1920 1029 1947 illi
1040 1927 1105 1947 vero
1120 1920 1254 1954 peribant,
1267 1920 1339 1946 exilii
1354 1921 1481 1955 operibus
1490 1929 1550 1949 sese
1561 1923 1749 1952 confodientes
1760 1934 1766 1941 -

992 1966 1073 2000 idque
1092 1973 1161 1998 saepe
1175 1965 1274 1992 factum
1289 1970 1339 1998 est,
1352 1967 1438 1994 donec
1454 1975 1484 1994 se
1495 1967 1545 2002 ipsi
1557 1967 1769 1998 bumiliaverunt

991 2011 1019 2039 in
1039 2011 1228 2046 iniquitatibus
1242 2011 1309 2038 suis.

1027 2056 1109 2084 Vens.
1127 2056 1220 2083 64-46.
1242 2056 1277 2084 Et
1296 2058 1361 2084 vidit
1383 2058 1509 2086 Dominus
1528 2068 1586 2087 cum
1612 2062 1770 2090 tribularen-

993 2106 1046 2133 tur,
1069 2110 1127 2128 cum
1148 2101 1251 2128 audiret
1271 2103 1477 2137 deprecationem
1498 2114 1598 2134 eorum.
1620 2106 1653 2133 Et
1671 2116 1770 2135 memor

993 2147 1043 2182 fuit
1059 2149 1205 2174 testamenti
1223 2149 1275 2180 sui,
1290 2154 1314 2175 et
1331 2150 1450 2183 pmnituit
1466 2159 1524 2177 eum
1541 2153 1682 2180 secundum
1701 2155 1770 2181 mul-

994 2194 1131 2220 titudinem
1147 2194 1333 2222 misericordia:
1352 2203 1415 2222 saw.
1432 2195 1465 2222 Et
1485 2197 1554 2224 dedit
1568 2206 1610 2225 eos
1630 2199 1656 2226 in
1670 2200 1770 2227 miseri-

993 2239 1097 2273 cordias
1119 2239 1146 2265 in
1163 2245 1300 2273 conspectu
1321 2242 1437 2268 omnium
1452 2243 1497 2277 qui
1512 2249 1631 2277 ceperant
1643 2253 1697 2272 eos.
1713 2245 1770 2272 Hoc

994 2285 1166 2320 implebatur,
1182 2285 1289 2320 quando
1313 2286 1425 2313 immisit
1449 2288 1522 2315 Deus
1537 2289 1564 2315 in
1587 2296 1635 2316 cor
1648 2289 1710 2325 Cyri
1726 2299 1770 2319 re—

994 2330 1046 2364 gis,
1062 2334 1088 2357 et
1104 2334 1198 2365 postea
1214 2330 1286 2357 Darii
1301 2334 1328 2358 et
1346 2331 1516 2364 Artaxerxis,
1537 2337 1567 2360 ut
1580 2340 1641 2360 cum
1656 2334 1769 2363 Judaica
1806 2363 1808 2367 ,

994 2379 1073 2410 gente
1087 2371 1201 2410 benigne
1213 2380 1331 2410 agerent,
1346 2377 1495 2403 secundum
1514 2385 1545 2405 ea
1560 2386 1619 2413 qua:
1635 2379 1662 2406 in
1676 2379 1770 2408 Esdra:
1799 2401 1808 2411 ι

996 2420 1135 2455 Scriptura
1148 2422 1281 2448 feruntur.
1295 2421 1458 2454 Quinetiam
1479 2431 1551 2450 nunc
1576 2423 1699 2452 Romano
1722 2425 1770 2453 im-

994 2468 1070 2502 pcrio
1091 2471 1217 2502 parentes
1238 2468 1471 2501 miserationibus,
1495 2469 1550 2497 Deo
1569 2474 1695 2505 auctore,
1721 2473 1770 2500 do-

995 2517 1094 2539 nantur
1109 2520 1115 2538 :
1134 2520 1187 2539 non
1204 2513 1275 2547 quod
1287 2514 1360 2548 digni
1380 2514 1451 2546 sint;
1468 2514 1514 2541 sed
1529 2514 1567 2542 ob
1577 2515 1770 2545 misericordiae

995 2558 1054 2592 ejus
1069 2559 1290 2593 magnitudinem.
1302 2559 1335 2586 Et
1342 2560 1460 2593 paenituit
1472 2569 1530 2587 eum
1547 2561 1687 2590 secundum
1701 2566 1770 2591 mul-

997 2604 1134 2631 titudinem
1165 2605 1350 2633 misericordia
1375 2614 1440 2634 sua.
1467 2607 1655 2636 Paenitentiam
1678 2615 1768 2638 autem

994 2654 1074 2677 vocat
1092 2651 1276 2686 castigationis
1297 2653 1486 2681 cessationem.
1502 2654 1572 2682 Deus
1595 2656 1695 2692 quippe
1709 2665 1768 2692 pae-

996 2696 1116 2724 nitentia:
1130 2697 1254 2725 aﬂ‘ectum
1273 2697 1371 2726 habere
1384 2699 1500 2734 nequit:
1517 2709 1603 2737 neque
1618 2702 1698 2730 modo
1714 2703 1768 2736 his,

995 2743 1076 2770 modo
1086 2743 1254 2780 illis_placita
1270 2744 1342 2779 edit;
1359 2745 1406 2772 sed
1417 2745 1553 2782 sapienter
1569 2748 1659 2775 omnia
1673 2749 1768 2776 mode—

996 2795 1069 2820 rans,
1090 2793 1117 2817 et
1132 2789 1322 2825 castigationes
1344 2791 1458 2826 inducit,
1483 2797 1509 2821 et
1531 2793 1699 2822 clementiam
1723 2801 1769 2823 ex-

996 2834 1078 2862 bibet.
