2044 3212
176 189 242 218 1521

740 181 994 217 communis
1009 187 1047 216 "IN
1066 186 1236 218 essurus.

1300 186 1359 223 tot
1736 189 1806 219 4322

175 247 340 282 συνάγεσθαι
358 248 388 275 δὲ
408 248 455 275 ἐπὶ
469 247 519 284 τὴν
539 247 669 275 Ἰουδαίαν
692 247 754 283 γῆν.
776 246 895 274 Τοιαῦτα
914 246 951 282 γὰ

1002 270 1006 279 λ
1020 247 1179 282 captivitate
1195 247 1361 283 Babylonica
1375 249 1455 277 annis
1471 256 1556 285 prope
1571 248 1656 281 mille.
1672 249 1740 277 nihil
1759 248 1807 276 hu-

175 294 257 322 ιίσέτι
277 294 325 321 καὶ
344 293 391 321 νῦν
412 294 507 326 παῖδες
526 293 660 321 Ἰουδαίων
679 292 871 327 φαντάζονται.
894 292 963 319 Ἀλλ’

175 340 234 368 ἐπεὶ
254 340 291 376 μὴ
305 340 391 367 ταῦτα
405 340 469 376 περὶ
483 340 581 371 αὐτοὺς
595 341 652 371 τοῖς
672 339 763 375 ἔργοις
776 339 873 375 ὁρᾶται
881 348 964 374 δίε-(ε-

175 385 288 422 νημένα,
302 386 352 421 ἤδη
368 395 418 413 που
437 386 532 422 χιλίοις
546 386 629 421 ἐγγὺς
645 386 717 412 ἔτεσι
730 386 779 421 τῆς
793 386 848 412 ἀπὸ
862 386 912 421 τῆς
924 387 963 417 εἰς

1015 294 1139 329 jusmodi
1153 294 1180 321 in
1196 294 1304 322 illorum
1316 295 1430 330 gratiam
1447 300 1588 331 peractum
1604 296 1657 330 sit;
1675 299 1762 324 restat
1776 301 1807 323 ut

1011 347 1110 368 rerum
1132 341 1242 368 eventui
1267 341 1325 368 haec
1340 342 1422 369 verba
1446 342 1703 374 aceommodemus.
1725 346 1754 370 et
1772 342 1806 370 ad

1013 386 1137 421 gentium
1156 387 1327 414 vocationem
1340 388 1509 422 prophetiam
1528 388 1699 415 reducamus.

174 434 319 461 Βαϐυλῶνα
332 435 518 471 αἰχμαλωσίας
532 435 620 461 αὐτῶν
635 434 747 470 μηδενὸς
759 434 878 460 τοιούτου
893 434 957 469 περὶ
970 434 1067 465 αὐτοὺς
1080 433 1255 469 πραχθέντος·
1277 434 1335 469 ὥρα
1351 435 1384 470 τῇ
1415 435 1469 461 τῶν
1497 435 1666 469 πραγμάτων
1696 434 1806 461 ἐκϐάσει

173 482 235 513 τοὺς
258 481 353 515 λόγους
374 481 563 517 ἐφαρμόττειν,
585 481 633 508 καὶ
655 481 702 507 ἐπὶ
724 480 774 516 τὴν
795 480 850 507 τῶν
872 480 956 507 ἐθνῶν
975 480 1070 515 κλῆσιν
1088 480 1199 515 ἀνάγ-ειν
1216 480 1267 516 τὴν
1282 480 1458 516 προφητείαν.

214 541 445 576 Ἐπλανήθησαι-
459 542 494 569 ὲν
510 541 547 576 τῇ
563 541 661 576 ἐρήμῳ
679 541 728 568 καί
747 541 874 575 ἀνύδρῳ,
890 540 962 567 ὁδὸν

173 590 288 622 πόλεως
305 589 531 623 κατοικητηρίου
547 589 603 623 οὐχ
619 586 721 623 εὗρον·
740 587 901 621 πεινῶν-τες
913 587 961 613 καὶ

172 635 329 670 διψῶντες,
353 636 372 669 τὶ
397 635 483 669 ψυχὴ
503 634 603 661 αὐτῶν
624 634 658 661 ἑν
683 634 785 667 αὐτοῖς
808 633 959 666 ἐξέλιπεν.

177 680 271 717 Ἡμεῖς
283 681 332 716 μὲν
344 681 371 708 οί
381 681 434 716 πρὸ
453 681 501 716 τῆς
511 680 559 707 τοῦ
577 681 701 716 Σωτῆρος
715 679 793 715 ἡμῶν
806 679 961 711 οεοσεσείας

172 729 217 754 καὶ
230 729 258 755 ὲν
269 728 395 762 ἀκάρπῳ,
409 727 515 762 ἀνύδρῳ
529 735 559 753 τε
569 727 616 753 καὶ
628 727 717 762 ἀγὸνῳ
730 726 786 762 ζωῇ
800 726 883 752 πάλαι
899 725 963 761 πρόι

171 782 248 810 τερον
264 773 479 808 πεπλανημένοι,
499 772 543 799 ὅτε
559 770 630 807 ἦμεν
646 772 709 807 ἔθνη
729 771 823 805 ἄλογα,
843 770 911 806 πρὸς
927 770 960 797 τὰ

170 819 267 847 είδωλα
284 819 319 846 τὰ
336 820 430 854 ἄφωνα
450 819 630 854 ἀπαγόμενοι,
646 820 670 845 ot
686 818 821 854 μηδέποτε
837 817 895 844 ὁδὸν
911 817 961 844 πό-

170 864 239 896 λεως
251 864 460 899 κατοικητηρίου
473 863 608 899 εὑρόντες·
622 864 665 890 ὅτε
678 861 748 898 ἦμεν
764 862 898 898 ἀλλότριοι
913 862 962 896 τῆς

171 910 308 942 πολιτείας
320 910 366 937 τοῦ
391 910 508 946 Ἰσραὴλ,
525 910 621 936 ἐλπίδα
635 909 672 945 μὴ
688 909 806 944 ἔχοντες,
824 909 872 935 καὶ
886 907 959 935 ἄθεοι

169 957 198 983 ἐν
213 956 253 992 τῷ
268 956 372 991 κόσμῳ·
399 957 423 982 οἱ
449 955 632 991 μεμισημένοι
655 955 749 986 πάλαι,
769 956 798 981 ἐν
822 954 893 990 λιμῷ
912 955 960 981 καὶ

167 1002 239 1038 δίψει
251 1002 300 1038 τὴν
313 1002 401 1038 ψυχὴν
413 1002 596 1033 ἐκλείποντες,
609 1000 653 1028 διὰ
668 1001 698 1027 τὸ
712 1000 876 1036 ἐστερῆσθαι
890 1000 960 1035 λογι-

168 1049 220 1083 κῆς
241 1049 288 1075 καὶ
306 1047 467 1083 ἐπουρανίου
489 1048 591 1083 τροφῆς
609 1046 691 1074 ποτοῦ
711 1056 741 1073 τε
760 1048 957 1083 πνευματικοῦ,

167 1093 239 1120 κατὰ
254 1094 295 1120 τό·
316 1093 522 1126 Ὲξαποστελῶ
541 1095 577 1120 οὐ
593 1093 683 1128 λιμὸν
696 1092 797 1127 ἄρτου,
820 1093 891 1121 οὐδὲ
914 1094 961 1120 δί-

167 1141 231 1174 aili-ar
246 1139 365 1172 ὕδατος,
381 1140 462 1167 ἀλλὰ
476 1139 566 1174 λιμὸν
582 1139 635 1166 τοῦ
650 1139 780 1166 ἀκοῦσαι
794 1140 888 1174 λόγον
898 1141 957 1166 Κυ-

166 1185 241 1219 ρίου.
257 1185 313 1211 Kal
329 1184 573 1218 σαλευθήσονται
590 1184 687 1211 ’ὕδατα
704 1185 762 1212 ἀπὸ
779 1184 834 1218 τῆς
846 1184 958 1212 θαλάσ-

165 1239 226 1265 σης
239 1231 295 1264 ἕως
311 1231 366 1266 τῆς
382 1231 551 1265 θαλάσσης,
567 1231 616 1258 καὶ
634 1231 693 1258 ἀπὸ
705 1230 803 1266 βοῤῥᾶ
813 1230 868 1264 ἓως
885 1231 957 1257 ἀναι

166 1276 273 1309 τολῶν,
287 1277 535 1312 περιδραμοῦνται
550 1276 706 1311 ζητοῦντες
721 1277 774 1303 τὸν
790 1277 883 1311 λόγον
897 1277 956 1303 Ku-

165 1323 241 1357 ρίου,
268 1323 316 1349 καί
333 1324 368 1350 οὺ
382 1323 424 1357 μὴ
450 1323 574 1357 εὕρωσι·
601 1323 641 1350 διὸ
664 1323 712 1349 καὶ
736 1324 764 1349 ἐν
785 1323 882 1358 ἐρήμῳ
902 1322 956 1349 τῶν

166 1367 269 1404 ἀρετῶν
287 1368 363 1400 ὄντες
377 1367 567 1403 ἐπλανώμεθα,
585 1369 702 1404 mar,be
716 1368 762 1394 καὶ
778 1367 900 1403 ἡγεμόνα
917 1367 955 1403 μὴ

164 1413 282 1448 ἔχοντες,
326 1413 451 1449 ἑπόμενοι
467 1414 555 1449 εὑρεῖν
567 1411 654 1440 οἷοίτε
669 1411 739 1449 ἦμεν
752 1413 820 1448 μετὰ
836 1413 885 1449 τὴν
897 1413 954 1440 ὁδὸν

164 1456 242 1484 πόλιν
257 1456 287 1484 εὖ
304 1457 516 1494 διατεταγμένην
538 1458 603 1494 ἱερῷ
624 1458 710 1494 νόμῳ,
733 1459 762 1486 ἐν
818 1460 954 1485 κατοικεῖν

165 1504 319 1540 ἠδυνάμεθα
343 1505 380 1540 μὴ
406 1505 626 1541 ἀναχωροῦντες·
646 1505 713 1540 αὕτη
729 1505 758 1532 δέ
778 1506 851 1532 ἐστιν
870 1505 953 1541 ἀρετὴ

165 1552 211 1578 καὶ
226 1551 293 1578 θεοῦ
307 1552 398 1586 σοφία.
415 1552 470 1579 Καὶ
484 1551 651 1585 ἐκέκρίιξαν
663 1551 737 1585 πρὸς
750 1552 860 1585 Κύριον
871 1552 905 1577 ἑν
914 1551 954 1584 τῷ

164 1597 315 1623 θλίϐεσθαι
327 1597 446 1630 αὐτοὺς,
462 1597 510 1624 καὶ
523 1597 557 1623 ἐκ
572 1596 631 1623 τῶν
643 1595 782 1631 ἀναγκῶν
794 1596 894 1623 αὐτῶν
907 1597 954 1631 ep-

161 1642 275 1676 ῥύσατο
292 1642 411 1675 αὐτούς.
431 1642 491 1669 Τῶν
514 1642 599 1669 ἐθνῶν
622 1641 749 1668 ἁπάντων
769 1642 952 1677 πλανωμένων

163 1688 192 1714 ὲν
203 1689 237 1723 γῇ
251 1689 347 1724 ἐρήμῳ
358 1689 405 1715 καὶ
420 1689 537 1725 ἀνύδρῳ,
552 1689 598 1715 καὶ
609 1689 658 1724 τῆς
668 1688 757 1724 ψυχῆς
769 1688 858 1714 αὐτῶν
869 1689 953 1715 ἐκλει-

163 1734 266 1769 πούσης
277 1734 307 1766 ἐξ
320 1735 451 1770 ἁτροφίας
464 1734 605 1770 σωτηρίων
620 1734 715 1769 λόγων,
728 1734 813 1761 ἐϐόων
827 1734 896 1770 πρὸς
907 1735 951 1762 τὸν

162 1781 228 1807 Θεὸν
243 1780 418 1812 ίκετεύοντες,
435 1780 523 1807 κοινὸν
546 1781 632 1807 ἅπασι
647 1781 878 1816 καταπεμφθῆναι
896 1781 951 1808 Σω-

161 1827 241 1862 τῆρα.
254 1827 308 1853 Καὶ
321 1826 487 1860 ἑκέκραξαν
500 1826 575 1861 πρὸς
587 1827 696 1861 Κύριον
703 1827 738 1853 ἐν
748 1826 788 1860 τῷ
798 1828 951 1855 θλίϐεσθαι

162 1872 281 1904 αὺτούς.
295 1872 368 1903 Τοὺς
380 1873 634 1908 ἐγκεχειρισμένους
650 1873 747 1905 αὐτοὺς
761 1874 950 1910 ὑπερπάσχον-

161 1925 206 1948 τες
219 1918 267 1944 καὶ
282 1918 499 1954 ὑπεραλγοῦντες
513 1918 603 1945 αὐτῶν
618 1919 664 1946 καὶ
677 1920 815 1954 διψώντων
837 1921 884 1946 καὶ
899 1921 949 1955 τὴν

160 1962 248 1998 ψυχὴν
260 1963 309 2000 ῆδη
319 1964 353 1990 δι’
365 1965 497 1999 ἀτροφίαν
511 1965 701 2000 ἐκλειπόντων,
716 1966 800 1992 ἐϐόων
811 1967 887 1993 αὐτοὶ
902 1967 949 1993 καὶ

161 2009 276 2044 ἔκραζον
301 2010 369 2045 πρὸς
392 2010 504 2045 Κύριον,
528 2011 599 2047 ὑπὲρ
621 2011 675 2038 τῶν
701 2012 807 2038 οἰκείων
833 2012 948 2044 ἕκαστος

160 2057 366 2092 πρεσϐεύοντες.

196 2104 249 2131 Καὶ
261 2105 417 2139 ὡδήγησεν
427 2105 537 2138 αὐτοὺς
551 2107 594 2138 εὶς
608 2105 681 2132 ὁδὸν
692 2106 820 2139 εὐθεῖαν,
835 2106 887 2133 τοῦ
899 2113 948 2132 πο-

157 2150 301 2185 ρευθῆναι
320 2152 362 2183 είς
384 2151 475 2178 πόλιν
494 2152 731 2185 κατοιχητηρίου.
755 2151 947 2186 Ἐξομολογη-

158 2196 325 2224 σάσθωσαν
341 2196 381 2228 τῷ
399 2197 496 2230 Κιξρίῳ
510 2197 546 2223 τὰ
560 2196 630 2230 ett-En
645 2197 749 2228 αὐτοῦ,
767 2198 815 2224 καὶ
830 2198 863 2224 τὰ
876 2199 946 2224 θαυ-

157 2243 250 2278 μάσια
264 2242 356 2269 αὑτοῦ
369 2242 431 2275 τοῖς
443 2242 518 2275 υἱοῖς
530 2242 588 2269 τῶν
599 2242 769 2276 ἀνθρώπων.
786 2244 817 2269 Ol
834 2244 882 2279 μὲν
891 2244 944 2279 γὰρ
961 2261 984 2289 D

157 2288 346 2324 ἐπλανήθησαν
359 2289 387 2314 ἐν
399 2289 432 2323 γῇ
446 2288 541 2323 ἐρήμῳ
556 2288 602 2314 καὶ
616 2288 732 2323 ἀνύδρῳ,
744 2288 823 2315 τοῦτο
835 2287 943 2323 πρῶτον

157 2334 264 2369 νόσημα
277 2334 451 2369 νενοσηκότες
466 2333 496 2359 τὸ
508 2333 557 2369 τῆς
571 2333 685 2369 πλάνης·
703 2335 749 2361 καὶ
762 2334 880 2370 δευτέρῳ
893 2343 943 2360 κα-

158 2380 198 2416 κῷ
215 2381 408 2415 περιπεσόντες
427 2379 486 2406 ὁδὸν
504 2379 607 2411 πόλεως
628 2381 838 2416 κατοικητηρίου
854 2380 943 2406 αὐτῶν

157 2427 205 2462 οὐχ
228 2423 317 2462 εὗρον·
344 2427 391 2454 καὶ
416 2427 507 2462 τρίτον
531 2426 560 2453 δὲ
576 2426 674 2458 αὐτοὺς
693 2427 822 2462 περιέσχε
847 2427 942 2459 κακὸν,

157 2473 272 2509 ἐπείπερ
285 2471 354 2509 ἦσαν
368 2474 513 2505 πεινῶντες
525 2474 571 2500 καὶ
587 2473 726 2508 διψῶντες,
741 2474 778 2505 ὡς
793 2474 842 2509 τὴν
855 2475 943 2510 ψυχὴν

157 2518 245 2545 αὐτῶν
264 2518 400 2546 ἐκλείπειν
418 2521 446 2546 ἐν
466 2520 567 2551 αὐτοῖς.
587 2519 616 2546 Ὀ
628 2519 656 2546 δὲ
673 2520 863 2556 φιλάνορωπος
877 2521 943 2553 Θεὸς

157 2566 202 2592 καὶ
218 2566 320 2600 ἀγαθὸς
334 2566 428 2602 Σωτὴρ
447 2566 554 2602 πρῶτον
570 2566 618 2602 μὲν
630 2565 770 2602 ὡδήγησεν
785 2567 882 2599 αὐτοὺς
903 2569 942 2599 είς

157 2610 213 2639 ὁδὸν
224 2612 342 2639 εὐθεῖαν·
358 2613 452 2639 ἔπειτα
468 2613 569 2647 ἔδειξεν
582 2614 672 2645 αὐτοῖς
686 2613 744 2645 πῶς
755 2614 808 2650 χρὴ
825 2614 942 2650 βαδίζειν

157 2659 205 2694 τὴν
220 2659 354 2695 φέρουσαν
374 2660 414 2691 είς
427 2659 475 2695 τὴν
490 2660 567 2686 πόλιν
588 2660 634 2687 τοῦ
650 2661 869 2697 κατοικητηρίου.
888 2662 942 2688 Καὶ

157 2705 197 2737 τίς
207 2705 240 2733 ἂν
253 2705 294 2742 είη
312 2706 328 2741 ή
346 2705 435 2732 εὐθεῖα
450 2706 508 2738 ὁδὸς
522 2707 539 2742 ἢ
554 2707 568 2733 ὁ
584 2707 716 2743 σωτήριος
738 2706 816 2742 λόγος
831 2708 845 2734 ὁ
860 2708 942 2742 εὐαγ-

158 2750 272 2785 γελικὺς,
289 2753 303 2778 ὁ
321 2752 399 2787 μόνος
417 2752 491 2787 ἡμᾶς
505 2752 579 2786 ἄγων
595 2753 635 2784 είς
651 2752 700 2788 τὴν
721 2752 882 2788 ἐπουράνιον
899 2753 942 2780 πά-

158 2799 205 2823 λιν·
222 2798 250 2824 ἐν
296 2798 434 2833 γενόμενοι
452 2798 489 2833 το
499 2799 709 2834 κατοικητήριον
728 2798 806 2835 ἡμῶν
828 2800 941 2836 εὑρήσο-

157 2851 220 2878 μεν;
247 2843 591 2878 Ἐξομολογησάσθωσαν
621 2844 661 2877 τῷ
688 2845 784 2878 Κυρίῳ
812 2845 847 2871 τὰ
869 2844 940 2872 ἑλέη

191 2934 213 2951 ⁷⁵
234 2933 316 2962 Amos
332 2942 399 2966 vnl,
418 2932 448 2961 II
461 2953 469 2966 ,
489 2934 533 2961 I2.

299 2982 435 3014 ΡΑτιιοι..
455 2983 514 3013 Gn.
531 2981 653 3020 XXIII,

1050 540 1133 568 Vsns.
1152 540 1178 568 5.
1200 539 1362 568 Erraverunt
1378 541 1405 567 in
1421 540 1564 568 solitudine
1583 546 1607 568 et
1623 541 1648 568 in
1664 542 1801 576 inaquoso.

1015 586 1083 613 viam
1101 586 1215 613 civitati:
1234 586 1381 613 habitaculi
1403 595 1456 613 non
1478 586 1803 614 inveneruntwsurientes

1013 637 1038 659 et
1056 632 1186 664 sitientes,
1204 633 1294 659 anima
1309 641 1400 659 eorum
1413 634 1441 660 in
1456 633 1521 668 ipsis
1538 632 1644 667 defecit.
1656 631 1712 661 Nos
1726 633 1802 660 scili-

1014 683 1057 707 cet
1075 679 1120 714 qui
1139 682 1202 706 ante
1215 679 1336 706 divinum
1360 677 1516 706 Servatoris
1529 679 1617 706 nostri
1639 678 1752 710 cultum,
1775 678 1801 704 in

1011 725 1066 753 vita
1090 723 1263 760 inl'rugifera,
1283 724 1417 760 inaquosa
1439 725 1581 760 sterilique
1604 725 1669 752 olim
1691 725 1800 752 erraha‘

1010 779 1083 804 mus,
1100 779 1162 798 cum
1178 775 1273 807 gentes
1290 771 1495 799 irrationabiles
1516 779 1652 806 essemus,
1667 776 1748 806 atque
1768 770 1800 797 ad

1010 820 1085 843 muta
1100 816 1172 843 idola
1188 817 1387 844 abduceremur
1400 828 1406 845 :
1421 817 1467 853 qui
1482 824 1624 852 nunquam
1643 817 1716 844 viam
1734 816 1802 843 civi-

1011 863 1075 890 tatis
1092 863 1241 890 habitaculi
1262 863 1465 896 inveneramus,
1484 872 1546 891 cum
1559 863 1640 891 alieni
1651 870 1775 891 essemus
1786 869 1802 888 ο

978 900 997 927 Β
1010 908 1122 935 civitate
1143 907 1262 940 Israelis,
1281 916 1343 936 cum
1365 909 1468 936 nullam
1491 917 1566 944 spem
1590 909 1754 936 haberemus
1774 912 1801 935 et

1010 953 1082 980 athei
1094 952 1123 979 in
1140 952 1243 980 mundo
1254 960 1379 981 essemus
1393 963 1399 981 :
1412 953 1460 989 qui
1477 954 1542 981 olim
1555 953 1618 981 odio
1634 960 1757 986 eramus,
1772 954 1800 980 in

1010 997 1080 1024 fame
1097 1001 1125 1024 et
1142 997 1185 1025 siti
1201 998 1292 1025 animo
1306 997 1477 1031 deﬁcientes,
1495 998 1568 1034 quod
1593 997 1749 1026 rationabili
1773 1004 1800 1026 et

1008 1043 1113 1071 caelesti
1126 1043 1189 1071 cibo
1204 1045 1396 1080 spiritualique
1412 1049 1477 1081 potu
1490 1045 1590 1081 privati
1604 1052 1738 1078 essemus,
1754 1052 1800 1072 se-

1011 1090 1130 1117 cundum
1145 1090 1210 1118 illud
1226 1099 1233 1117 :
1248 1089 1375 1118 Emittam
1393 1100 1445 1119 non
1460 1091 1556 1126 famem
1570 1091 1658 1125 panis,
1673 1098 1754 1126 neque
1764 1090 1801 1117 si—

1009 1136 1055 1162 tim
1071 1144 1163 1171 aqute;
1185 1137 1230 1164 sed
1251 1138 1349 1172 famem
1367 1138 1492 1165 audiendi
1508 1137 1612 1166 verbum
1629 1137 1747 1165 Domini.
1764 1137 1800 1164 Et

1007 1184 1239 1211 commovebuntur
1260 1193 1335 1220 aqua:
1349 1194 1365 1212 a
1382 1185 1451 1212 mari
1475 1194 1555 1221 usque
1571 1184 1607 1212 ad
1620 1193 1703 1218 mare,
1725 1189 1749 1212 et
1766 1185 1799 1211 ab

1007 1230 1129 1264 aquilone
1148 1239 1229 1266 usque
1248 1231 1283 1258 ad
1304 1232 1429 1259 orientem
1449 1240 1458 1258 :
1481 1232 1630 1259 circuibunt
1654 1236 1798 1268 quwrentes

1007 1276 1112 1302 verbum
1144 1276 1273 1309 Domini,
1299 1281 1324 1304 et
1350 1285 1402 1304 non
1434 1277 1563 1304 invenient
1575 1277 1740 1313 7';_idcirco
1770 1277 1798 1304 in

1006 1321 1115 1350 deserto
1127 1322 1258 1350 virtutum
1276 1323 1443 1351 exsistentes
1463 1324 1635 1356 errabamus,
1652 1324 1748 1351 ducem
1767 1331 1798 1352 ac

1006 1369 1158 1404 principem
1179 1377 1233 1396 non
1257 1370 1342 1401 nacti,
1358 1377 1439 1405 quem
1455 1375 1602 1406 sequentes
1618 1370 1735 1399 decursa
1754 1370 1796 1397 ria

1005 1415 1125 1449 reperire
1136 1423 1279 1450 possemus
1292 1416 1428 1443 civitatem
1442 1424 1521 1444 sacra
1530 1417 1587 1453 lege
1597 1418 1649 1444 rite
1660 1417 1796 1445 constitu-

1005 1463 1070 1491 tam,
1083 1460 1109 1486 in
1118 1467 1170 1495 qua
1180 1460 1302 1488 habitare
1314 1468 1465 1496 possemus.
1477 1470 1617 1498 nunquam
1629 1462 1691 1490 inde
1706 1460 1795 1491 reces-

1005 1508 1076 1535 suri:
1087 1507 1143 1535 hinc
1154 1511 1244 1535 autent
1255 1512 1296 1535 est
1305 1508 1391 1536 virtus
1398 1513 1423 1535 et
1433 1508 1477 1536 Dei
1487 1508 1753 1544 sapientia—Vens.
1767 1509 1794 1537 6.

1006 1551 1041 1578 Ει
1055 1553 1238 1578 clamauerunt
1257 1552 1291 1579 ad
1308 1553 1450 1579 Dominum
1469 1561 1528 1579 cum
1544 1553 1748 1587 tribularentur,
1770 1560 1795 1581 et

1005 1599 1205 1625 necessitatibus
1223 1607 1314 1626 eorum
1329 1600 1424 1633 eripuit
1437 1607 1490 1626 eos.
1505 1598 1606 1627 Gentes
1622 1607 1718 1628 omnes
1733 1608 1794 1627 cum

1004 1644 1032 1671 in
1052 1644 1160 1672 deserto
1174 1650 1202 1672 et
1227 1645 1362 1680 inaquoso
1384 1650 1519 1678 errarent,
1537 1650 1618 1682 atque
1637 1647 1727 1674 anima
1749 1654 1793 1674 ea-

1004 1698 1064 1718 rum
1093 1699 1126 1718 ex
1150 1692 1265 1726 penuria
1290 1692 1452 1720 salutarium
1476 1692 1621 1720 verborum
1654 1693 1793 1725 deﬁceret,

1003 1736 1158 1763 clamabant
1180 1737 1213 1764 ad
1239 1736 1324 1764 Deum
1352 1738 1556 1773 supplicantes,
1580 1745 1611 1767 ut
1639 1739 1792 1767 communis
1820 1756 1822 1759 ι

1003 1783 1131 1810 omnibus
1154 1783 1285 1811 Servalor
1306 1784 1483 1812 mitteretur:
1500 1784 1534 1811 Et
1560 1785 1740 1813 clamauerunt
1758 1786 1791 1813 ad

1005 1828 1144 1856 Dominum
1158 1838 1217 1856 cum
1235 1830 1437 1858 tribularentur.
1460 1831 1582 1866 Captivis
1601 1833 1790 1864 condolentes.

1001 1882 1033 1902 ac
1047 1882 1112 1910 erga
1132 1875 1259 1903 sitientes
1275 1881 1301 1903 et
1324 1884 1380 1911 prae
1395 1876 1449 1904 cibi
1477 1877 1592 1912 penuria
1618 1878 1710 1905 animo
1724 1878 1789 1906 deli-

1001 1920 1105 1947 cientes
1119 1921 1309 1948 misericordia
1321 1921 1399 1954 moti,
1415 1922 1572 1948 clamabant
1587 1922 1639 1957 ipsi
1653 1927 1681 1950 et
1692 1923 1789 1950 vocife-

1000 1966 1132 1993 rabantur
1142 1966 1176 1993 ad
1187 1965 1343 1998 Dominum,
1356 1974 1405 2002 pro
1417 1967 1476 1995 suis
1487 1967 1587 2002 singuli
1599 1967 1788 2003 deprecantes.

1035 2096 1117 2123 Vens.
1133 2096 1158 2128 7,
1176 2096 1202 2123 8.
1225 2096 1258 2122 Et
1268 2096 1376 2124 deduxit
1387 2106 1430 2124 eos
1442 2099 1468 2124 in
1479 2099 1548 2125 viam
1559 2105 1667 2136 rectam,
1679 2107 1707 2129 ut
1718 2103 1786 2130 irent

997 2141 1024 2167 in
1039 2141 1169 2168 civitatem
1186 2142 1369 2169 habitationis.
1382 2141 1566 2178 Con/iteantur
1581 2145 1693 2174 Domino
1709 2148 1786 2176 mise-

998 2187 1121 2214 ricordia:
1141 2188 1209 2222 ejus,
1225 2192 1249 2215 et
1265 2188 1399 2215 mirabilia
1418 2189 1475 2224 ejus
1496 2190 1562 2225 ﬁliis
1584 2192 1729 2220 hominum.
1746 2193 1785 2221 Illi

998 2234 1132 2269 siquidem
1149 2240 1313 2262 erraverunt
1329 2235 1357 2262 in
1379 2239 1453 2263 terra
1469 2236 1577 2264 deserta
1595 2243 1622 2265 et
1640 2238 1784 2274 inaquosa,

997 2281 1048 2307 hac
1064 2281 1150 2316 prima
1168 2281 1341 2316 aegritudine,
1357 2283 1461 2310 erroris
1479 2285 1594 2315 scilicet,
1617 2284 1784 2315 laborantes.

996 2326 1066 2354 Ilinc
1078 2327 1105 2354 in
1120 2327 1270 2355 secundum
1287 2329 1387 2355 malum
1399 2328 1514 2364 delapsi,
1526 2330 1597 2357 viam
1614 2332 1743 2364 civitatis,
1757 2333 1784 2360 in

995 2381 1047 2409 qua
1065 2374 1230 2406 habitarent,
1248 2382 1302 2401 non
1326 2375 1491 2402 invenerunt
1508 2385 1514 2403 :
1530 2383 1562 2403 ac
1577 2378 1687 2404 tertium
1709 2379 1783 2414 ipsos
1799 2390 1803 2393 ·

995 2420 1097 2447 tnalum
1114 2420 1225 2452 invasit,
1244 2420 1308 2455 quia
1325 2420 1484 2448 esuriebant
1498 2424 1525 2449 et
1542 2421 1682 2456 sitiebant,
1705 2424 1742 2452 ita
1755 2431 1783 2453 ut

995 2466 1084 2492 anima
1109 2474 1204 2493 eorum
1228 2466 1255 2492 in
1279 2466 1347 2501 ipsis
1371 2466 1510 2495 deﬁceret.
1531 2467 1669 2504 Benignus
1693 2477 1783 2501 autem

995 2512 1067 2539 Deus
1084 2520 1116 2539 ac
1136 2513 1226 2540 bontts
1242 2511 1379 2545 Salvator,
1392 2513 1481 2548 primo
1492 2514 1601 2550 quidem
1613 2515 1725 2544 deduxit
1735 2527 1780 2547 eos

994 2558 1021 2584 in
1042 2558 1113 2585 viam
1137 2563 1258 2592 rectam;
1284 2558 1382 2587 deinde
1403 2559 1497 2587 docuit
1520 2568 1568 2588 eos
1583 2569 1637 2597 quo
1654 2569 1735 2598 pacto
1754 2566 1780 2593 in

993 2607 1036 2633 via
1056 2606 1090 2633 ad
1105 2605 1244 2633 civitatem
1270 2606 1420 2634 habitaculi
1441 2606 1570 2640 ducente,
1590 2609 1778 2644 graderentur.

992 2651 1086 2687 Ecqua
1107 2660 1173 2680 vero
1191 2652 1236 2679 illa
1263 2657 1339 2680 recta
1360 2652 1405 2680 via
1435 2652 1536 2686 fuerit,
1566 2654 1620 2683 nisi
1651 2655 1777 2685 salutaris

993 2707 1083 2727 sermo
1098 2699 1284 2734 evangelieus,
1301 2699 1348 2734 qui
1364 2699 1440 2728 solus
1460 2707 1512 2728 nos
1526 2700 1560 2727 ad
1576 2702 1714 2729 ccclcstem
1733 2703 1776 2731 du-

992 2746 1030 2773 cit
1043 2746 1199 2780 civitatem;
1226 2746 1253 2773 in
1268 2753 1322 2781 qua
1340 2746 1495 2780 constituti,
1515 2747 1701 2775 habitaculum
1728 2757 1774 2777 no-

992 2797 1078 2820 strum
1093 2792 1283 2828 reperiemus?
1299 2791 1483 2827 Conﬁteantur
1498 2793 1612 2822 Domino
1630 2795 1774 2823 misericor-

992 2839 1043 2867 dia:
1057 2839 1125 2875 ejus,
1148 2843 1172 2866 et
1193 2838 1328 2866 mirabilia
1344 2839 1401 2876 ejus
1422 2841 1486 2876 [iliis
1509 2840 1644 2868 hominum
1657 2850 1666 2868 :
1681 2843 1773 2877 praedi-

1581 2981 1619 3012 lli
