2044 3212
269 174 339 199 ηιξ»

618 170 750 196 ιιυδιιιιιι
768 167 1008 196 οωεΑιιιΕΝειε
1026 168 1101 196 OPP.
1122 168 1213 196 PARS
1227 168 1274 196 111.
1291 168 1531 198 -ΕΧΕΟΕἸἸΟΔ,

1818 171 1884 198 ιῦίὶί

267 234 364 259 cantes
377 228 505 256 omnibus
522 227 585 256 filiis
598 228 749 262 hominum,
766 232 796 256 ut
806 236 902 256 omnes
913 228 948 256 de
964 228 1050 264 gratia

1102 229 1205 262 αὐτοῦ,
1219 229 1268 256 καὶ
1283 229 1319 255 τὰ
1332 227 1483 263 θαυμάσια
1497 227 1590 256 αὐτοῦ
1601 227 1663 262 τοῖς
1673 227 1749 262 υἱοῖς
1766 227 1825 255 τῶν
1840 228 1888 255 ἀν-

269 275 316 303 Dei
334 275 362 302 in
377 282 427 302 nos
444 274 554 306 collata,
571 273 659 308 deque
670 274 732 308 ejus
747 274 934 301 misericordia
954 274 1053 302 certio-

269 329 312 348 res
328 320 428 353 eli'ecti,
441 320 475 346 ad
487 320 603 347 salutem
615 327 793 355 properemus
808 324 940 347 nostram.

305 463 388 491 VERS.
402 463 479 490 9-H.
502 462 571 494 Quia
585 461 690 488 satiat-it
703 460 821 486 animum
832 460 946 490 inanem,
959 462 983 484 et
995 457 1052 483 aui-

270 519 340 537 mam
355 510 512 537 esurientem
528 508 633 542 replevit
654 507 739 538 bouis,
756 506 871 532 sedentes
896 505 922 530 in
941 503 1052 530 tenebris

269 563 292 584 et
304 558 396 584 umbra
408 556 510 585 mortis,
523 555 621 581 cinctos
634 555 661 580 in
678 553 842 580 mendicitate
854 557 878 578 et
889 551 969 586 ferro.
983 550 1052 583 Quia

268 602 489 630 exacerbaverunt
506 601 609 635 eloquia
634 600 750 630 Domini,
766 604 790 624 et
810 598 949 625 consilium
968 597 1052 623 Altis-

268 649 330 675 εἰμιιί
345 648 525 674 irritaverant.
542 645 671 672 Umbram
686 645 780 671 mortis
795 644 817 671 si
831 643 1010 671 idololatrian]
1026 647 1053 669 et

270 694 370 728 impias
389 693 511 719 actiones
535 691 647 721 dixeris,
675 691 832 725 neutiquam
860 690 981 716 aberres.
1007 688 1053 715 lia:

267 739 368 774 quippe
385 742 449 765 sunt
468 745 527 772 quze
547 745 596 763 nos
608 744 623 762 a
640 744 702 762 vera
720 736 775 762 vita
798 739 947 763 semovent.
963 734 991 761 In
1010 734 1053 761 his

269 792 352 819 porro
367 788 446 810 antea
465 782 652 811 versabamur.
672 781 782 815 quando
799 780 882 807 [leum
907 779 1052 806 exacerba—

268 832 375 862 bamus,
386 834 412 858 et
423 829 566 857 consilium
579 828 707 854 Altissimi
721 827 902 853 irritabamus.
913 825 978 852 Nam
990 832 1050 852 cum

268 877 433 912 oportuisset
456 883 488 902 cx
502 873 688 908 magnitudine
709 877 735 900 et
758 872 959 906 pulchritudine
972 878 1050 897 crea-

1103 273 1235 308 θρώπωνι
1248 274 1433 310 κηρύσσοντες
1446 275 1486 307 εἰς
1499 274 1602 306 πάντας
1612 275 1675 307 τοὺς
1686 275 1761 306 υἱοὺς
1774 274 1829 300 τῶν
1842 274 1887 300 ἁν-

1103 319 1230 355 Θρὼπων,
1251 320 1324 351 ὅπως
1343 321 1368 346 οἱ
1390 321 1499 351 πάντες,
1523 320 1572 355 τὴν
1595 320 1674 356 χάριν
1694 320 1743 356 τὴν
1760 321 1800 351 εἰς
1816 320 1886 356 ἡμᾶς

1103 366 1287 401 γεγενημένην
1302 367 1350 393 καὶ
1363 366 1397 392 τὰ
1414 366 1474 402 ὲλέη
1494 366 1541 393 τοῦ
1558 366 1625 393 Θεοῦ
1643 366 1784 401 μαθόντες,
1803 364 1886 392 σπεύδ-

1104 420 1194 446 σωμεν
1210 412 1255 438 ἐπὶ
1272 411 1320 448 τὴν
1333 411 1422 438 αὐτῶν
1439 412 1585 447 σωτηρίαν.

1139 468 1198 494 Ὅτι
1214 468 1358 502 ἐχόρτασε
1369 468 1475 502 ψυχὴν
1487 468 1590 503 κενὴν,
1602 467 1652 495 καὶ
1665 467 1771 502 ψυχὴν
1783 468 1886 495 πεινῶ-

1102 521 1163 540 σαν
1179 513 1349 547 ἐνέπλησεν
1371 513 1498 548 ἀγαθῶν,
1520 514 1708 548 καθημένους
1729 514 1764 541 ἑν
1786 514 1884 541 σκότει

1104 560 1151 585 καὶ
1164 558 1236 592 σκιᾷ
1245 559 1384 591 θανάτου,
1399 559 1624 594 πεπεδημένους
1641 560 1676 586 ἐν
1693 560 1823 595 πτωχείᾳ
1837 561 1883 587 καὶ

1103 606 1223 640 σιδήρῳ.
1240 607 1300 633 ’Ὁτι
1314 606 1539 640 παρεπίκραναν
1552 606 1588 632 τὰ
1598 606 1685 640 λόγια
1698 605 1752 633 ⁴τοῦ
1765 607 1886 640 Κιφὶὸυ,

1103 653 1152 679 καὶ
1165 653 1221 686 τὴν
1235 653 1358 686 ,βουλὴν
1371 652 1422 678 τοῦ
1444 652 1585 687 Ὑψίστου
1601 652 1789 687 παρώξυναν.
1805 650 1887 679 Σκιὰν

1103 698 1218 725 θανάτου
1234 698 1284 724 οὐκ
1304 698 1335 724 ἂν
1351 697 1484 733 ἁμάρτοις
1501 697 1588 731 λέγων
1602 698 1650 733 τὴν
1667 698 1886 733 εἰδωλολατρειαν

1103 743 1150 769 καὶ
1163 743 1210 774 τὰς
1223 743 1251 768 ἐν
1262 743 1387 777 ἀθεότητι
1403 743 1526 779 πράξεις.
1543 741 1627 770 Λῦται
1643 743 1696 779 γάρ
1711 744 1780 770 εἰσιν
1793 744 1821 770 αἱ
1834 753 1887 779 χω-

1104 790 1224 825 ρίζουσαι
1251 791 1324 825 ἡμᾶς
1347 791 1396 824 τῆς
1422 790 1552 825 ἀληθινῆς
1568 789 1650 824 ζωῆς.
1675 790 1717 816 Ἐν
1731 790 1841 822 ταύταις
1858 790 1886 817 δὲ

1102 833 1172 869 ἦμεν
1187 835 1329 870 πρότερον,
1345 835 1388 861 διὰ
1404 835 1434 861 τὸ
1449 835 1675 870 παραπικραὶνειν
1689 835 1735 861 τὸν
1748 835 1824 867 Θεὸν,
1841 836 1888 862 καὶ

1104 880 1152 915 τὴν
1174 879 1271 915 βουλὴν
1297 879 1343 906 τοῦ
1373 880 1499 914 Ὑψίστου
1515 880 1685 916 παροξύνειν.
1700 881 1764 907 Δέον
1785 881 1839 916 γὰρ
1855 881 1885 907 ὲκ

268 927 389 949 :nrarnm
403 921 525 956 opiﬁcem
542 920 728 946 universorum
738 918 924 952 contemplari,
939 922 965 943 et
980 924 1050 944 scm-

1105 926 1235 962 μεγέθους
1251 927 1297 953 καὶ
1316 927 1445 962 καλλονῆς
1468 927 1624 962 κτισμάτων
1638 928 1682 954 τὸν
1699 927 1885 963 γενεσιουργδν

268 968 400 1002 piternam
412 967 471 1001 ejus
482 966 608 992 virtutem
626 964 848 998 divinitatemque
865 970 897 989 ex
915 962 1052 989 creatione

267 1013 361 1041 mundi
377 1012 547 1047 intelligere;
565 1018 615 1037 nos
629 1012 726 1035 contra
751 1009 828 1043 quasi
844 1008 908 1034 cazci
926 1007 952 1033 in
976 1012 1051 1033 tene-

267 1059 323 1087 bris
339 1062 366 1086 et
379 1058 476 1085 umbra
492 1057 588 1095 mortis
604 1055 744 1090 degentes,
758 1062 790 1081 ac
805 1053 953 1082 secundum
967 1054 1050 1080 ratio-

267 1105 371 1133 nabiles
385 1104 483 1131 anima:
499 1103 614 1129 virtutes
631 1101 775 1136 compediti
791 1105 818 1128 et
837 1100 974 1131 excatcati.
992 1108 1052 1126 mu-

266 1150 384 1178 tavimus
405 1149 518 1184 gloriam
539 1147 690 1182 incorrupti
716 1146 761 1173 Dei
790 1146 816 1172 in
844 1146 1050 1173 similitudinem

267 1195 393 1231 imaginis
405 1194 527 1228 corrupti
540 1193 668 1225 hominis,
685 1196 712 1219 et
724 1191 877 1224 volucrum,
893 1195 919 1218 et
931 1191 1051 1226 quadru-

267 1240 377 1277 pedum,
396 1244 423 1268 et
442 1240 590 1275 reptilium.

303 1286 386 1315 Vsus.
402 1285 495 1312 12-14.
518 1284 550 1311 Et
562 1285 730 1311 liumiliatum
749 1288 786 1309 est
808 1283 833 1309 in
850 1281 984 1308 laboribus
1006 1289 1050 1307 cor

265 1341 356 1360 eorum
368 1342 377 1359 :
390 1332 520 1367 inﬁrmati
531 1336 602 1363 sunt,
616 1339 661 1358 nec
672 1331 722 1365 fuit
738 1330 781 1364 qui
796 1328 942 1363 adjuvaret.
955 1327 1050 1362 Ingens

267 1379 366 1413 quippe
387 1378 452 1404 illud
474 1377 580 1404 facinus
605 1376 656 1404 soli
674 1374 762 1403 Verbo
780 1375 826 1402 Dei
847 1373 1048 1405 reservabatur,

267 1425 300 1452 de
312 1432 365 1459 quo
380 1425 431 1452 sub
446 1424 502 1451 haec
514 1423 613 1450 dicitur
628 1433 634 1449 :
649 1422 722 1449 Misit
743 1421 852 1448 Verbum
866 1429 954 1451 suum,
965 1424 989 1446 et
1007 1428 1051 1445 sa—

268 1471 340 1497 navit
355 1478 409 1502 eos,
424 1475 447 1497 et
464 1470 559 1503 eripuit
579 1477 622 1496 eos
643 1468 674 1495 de
688 1466 883 1494 intentionibus
897 1473 997 1492 eorum.
1016 1464 1050 1491 Et

266 1516 446 1543 clauim-erunt
462 1515 496 1542 ad
511 1515 653 1542 Dominum
675 1522 734 1540 cum
753 1513 944 1539 tribularentur
958 1519 966 1538 :
978 1515 1002 1537 et
1019 1510 1050 1538 de

267 1561 465 1589 necessitatibus
484 1568 573 1586 eorum
594 1559 711 1586 liberavit
726 1567 780 1585 eos.
803 1557 836 1584 Et
855 1557 945 1583 eduxit
960 1565 1003 1583 eos
1019 1556 1050 1583 de

268 1607 380 1635 tenebris
394 1612 418 1634 et
433 1606 526 1632 umbra
542 1605 645 1636 mortis,
660 1609 684 1631 et
702 1604 808 1631 vincula
823 1611 913 1630 eorum
925 1603 1048 1636 disrupit.
1063 1589 1086 1617 θ

267 1650 335 1678 Nam
348 1650 484 1686 quomodo
495 1650 523 1676 in
538 1649 748 1677 necessitatibus
764 1656 817 1675 non
831 1647 974 1678 fuerimus,
988 1655 1050 1674 cum

265 1696 394 1731 malignis
406 1695 575 1723 daemonibus
590 1698 618 1721 et
633 1693 775 1729 spiritibus
795 1693 942 1720 immundis
965 1693 1051 1720 servi-

243 1737 247 1740 ⁴
269 1741 379 1768 remus?
397 1741 430 1767 At
441 1740 574 1774 benignus
589 1743 615 1766 et
630 1739 785 1766 misericors
798 1737 880 1770 Deus,
895 1743 1050 1766 sanctorum

269 1785 461 1820 prophetarum
474 1791 505 1811 ac
522 1783 709 1818 religiosorum
727 1784 847 1810 virorum
863 1791 911 1818 pro
925 1783 1002 1811 nobis
1018 1784 1050 1810 ad

268 1839 297 1859 se
310 1830 486 1858 clamantium
503 1838 596 1866 preces
611 1829 770 1861 exaudiens,
791 1837 844 1856 non
859 1829 940 1856 modo
955 1837 1004 1856 nos
1018 1830 1051 1856 ab

269 1878 322 1905 lllis
341 1877 450 1912 eripuit,
473 1884 567 1903 verum
592 1876 675 1903 etiam
690 1883 784 1903 eorum
800 1875 908 1902 vincula
922 1875 1049 1910 disrupit.

270 1924 326 1951 lloc
345 1931 427 1958 porro
441 1922 563 1950 declarat
584 1923 695 1950 uberem
719 1926 892 1957 peccatorum
909 1921 1050 1949 remissio-

269 1978 342 2000 nem,
356 1977 409 2004 qua
426 1976 476 1996 nos
495 1968 644 1996 Salvatoris
659 1968 746 1995 nostri
761 1966 825 1995 Jesu
842 1967 944 1995 Christi
963 1968 1050 2003 gratia

268 2017 396 2051 dignatus
409 2019 460 2042 est.

304 2112 444 2140 VsnsJS-l
451 2113 475 2139 ’1.
486 2112 666 2147 Canﬁteantur
672 2112 784 2139 Domino
792 2113 976 2139 misericordia:
983 2112 1049 2146 ejus,

268 2164 292 2185 et
300 2158 433 2185 mirabilia
446 2159 503 2193 ejus
514 2147 577 2193 ﬁliis
590 2159 742 2185 hominum:
753 2159 815 2193 quia
826 2159 948 2185 contrivit
960 2162 1049 2192 portus

268 2213 361 2236 a-reas,
375 2209 399 2231 et
412 2209 493 2230 vectes
509 2204 606 2238 ferreos
622 2205 759 2239 confregit.
776 2204 894 2239 Suscepit
906 2212 949 2231 eos
961 2203 992 2230 de
1009 2204 1049 2230 uia

267 2249 414 2284 iniquitatis
429 2257 528 2280 eorum,
540 2254 644 2283 propter
659 2249 803 2284 injustitias
816 2249 882 2275 enim
891 2257 953 2275 suas
965 2248 1047 2274 humi~

267 2295 326 2321 tiati
341 2300 413 2322 sunt.
424 2294 541 2330 ldipsum
555 2295 611 2329 jam
636 2295 670 2322 ob
683 2295 834 2330 posteriora
842 2295 902 2329 ejus
918 2294 1047 2321 beneﬁcia

266 2341 408 2375 repetitur.
433 2339 551 2367 [Estimo
572 2345 662 2367 autem
684 2341 864 2367 humanarum
893 2341 1046 2367 animarum

266 2387 299 2414 ad
328 2391 441 2414 mortem
460 2385 546 2422 u'Sque
570 2387 674 2421 lapsum
703 2387 745 2414 his
777 2386 910 2419 indicari;
933 2393 1048 2420 quarum

266 2440 349 2460 causa
365 2440 433 2468 opus
452 2432 502 2459 fuit
517 2436 547 2459 ut
568 2431 731 2467 Redemptor
747 2438 774 2460 et
790 2432 914 2459 Salvator
927 2431 1048 2459 omnium

266 2478 299 2505 ad
316 2483 430 2505 mortem
446 2486 532 2513 usque
556 2478 742 2505 descenderet.
757 2478 815 2511 Quo
840 2485 901 2505 cum
923 2477 998 2505 solus
1017 2485 1049 2504 ex

267 2524 394 2552 omnibus
408 2525 527 2553 venisset
541 2524 669 2552 Christus
688 2524 744 2556 Dei,
760 2530 852 2559 portas
873 2524 944 2558 illas,
960 2532 1019 2558 qua:
1034 2531 1049 2550 ιι

267 2569 366 2596 smeulo
390 2569 462 2596 ferro
494 2570 610 2597 occlusa!
631 2573 728 2603 erant,
748 2575 775 2597 et
802 2569 868 2597 nulli
893 2569 1048 2596 mortalium

267 2618 366 2648 apertae
383 2613 502 2645 fuerant,
512 2618 592 2649 atque
609 2614 669 2642 ideo
682 2623 714 2642 ex
725 2622 778 2641 :ere
791 2613 913 2641 conflata:
929 2614 1047 2645 fuerant,

267 2659 414 2691 contrivit,
431 2663 459 2686 et
480 2667 532 2686 una
554 2667 647 2687 earum
671 2664 780 2693 vectes,
800 2665 878 2687 antea
899 2659 1047 2691 infractos,

267 2704 410 2740 confregit.

299 2801 364 2828 Vers
376 2802 463 2829 18-23.
476 2802 583 2829 Omnem
591 2812 675 2830 escam
686 2804 835 2831 abominata
842 2811 878 2832 est
891 2805 979 2831 anima
991 2814 1048 2832 eor-

267 2856 322 2879 um,
332 2853 356 2874 et
368 2849 638 2883 appropinquat'erunt
658 2859 737 2885 usque
752 2851 788 2877 ad
798 2857 888 2885 portas
897 2853 999 2879 mortis.
1007 2852 1048 2879 Ob

268 2893 368 2920 malum
378 2893 502 2920 alfectum
515 2896 667 2927 eorl'm.qui
678 2896 864 2925 rationabilem
872 2901 898 2926 et
906 2898 1048 2926 animabus

1102 974 1155 1000 τῶν
1171 974 1238 1000 ὅλων
1254 974 1376 1009 θεωρεῖν,
1391 974 1437 1000 καὶ
1454 973 1503 1009 τὴν
1518 968 1603 1000 ἀΐδιον
1617 974 1700 1000 αὑτοῦ
1714 973 1827 1010 δύναμιν
1840 974 1886 1001 καὶ

1103 1019 1227 1055 θειότητα
1240 1020 1293 1046 ἀπὸ
1310 1020 1423 1051 κτίσεως
1439 1020 1540 1055 κόσμου
1556 1021 1635 1046 νοεῖνο
1653 1021 1732 1055 ἡμεῖς
1745 1020 1774 1047 δὲ
1784 1019 1828 1047 οἷα
1842 1030 1884 1048 τυ-

1103 1066 1163 1100 φλοὶ
1179 1066 1207 1092 ἐν
1222 1066 1308 1101 σκότῳ
1324 1066 1371 1092 καὶ
1386 1067 1448 1101 σκιᾷ
1469 1066 1582 1093 θανάτου
1602 1067 1750 1101 διάγοντες,
1769 1068 1816 1094 καὶ
1837 1068 1884 1099 τὰς

1102 1111 1210 1146 λογικὰς
1226 1112 1275 1146 τῆς
1293 1112 1380 1147 ψυχῆς
1396 1112 1524 1148 δυνάμεις
1536 1112 1718 1148 πεπεδημένοι
1735 1113 1782 1139 καὶ
1797 1122 1883 1149 πεπηι

1104 1157 1231 1191 ρωμένοι,
1246 1157 1441 1192 ὲνηλλάττομεν
1453 1158 1502 1192 τὴν
1519 1156 1597 1190 δόξαν
1608 1157 1653 1183 τοῦ
1669 1157 1806 1193 ἀφθάρτου
1819 1158 1884 1184 Θεοῦ

1101 1203 1130 1228 ἐν
1144 1202 1295 1237 ὁμοιώματι
1309 1203 1412 1234 εἰκόνος
1427 1203 1544 1239 φθαρτοῦ
1557 1203 1711 1239 ἀνθρώπου,
1732 1204 1779 1230 καὶ
1794 1212 1884 1230 πετει-

1102 1249 1154 1275 νῶν
1171 1250 1217 1276 καὶ
1230 1250 1401 1285 τετραπόδων
1419 1251 1464 1277 καὶ
1484 1252 1614 1286 ἑρπετῶν.

1135 1294 1190 1321 Καὶ
1210 1295 1388 1330 ἐταπεινώθη
1413 1296 1448 1322 ἐν
1468 1297 1572 1329 κόποις
1600 1297 1618 1331 ὴ
1644 1297 1751 1331 καρδία
1777 1296 1882 1324 αὐτῶν·

1101 1340 1277 1374 ἡσθένησαν
1300 1341 1348 1367 καὶ
1365 1343 1420 1369 οὐκ
1441 1339 1480 1377 ἦν
1499 1344 1516 1369 ό
1529 1343 1660 1376 βοηθῶν.
1679 1343 1818 1380 Ἐτηρεῖτο
1833 1343 1884 1379 γὰρ

1101 1387 1130 1412 τὸ
1151 1387 1221 1422 μέγα
1235 1387 1313 1413 τοῦτο
1329 1387 1493 1423 κατόρθωμα
1511 1389 1582 1424 μόνῳ
1598 1389 1636 1424 τῷ
1651 1389 1729 1425 Λόγῳ
1745 1389 1793 1416 τοῦ
1807 1389 1884 1421 Θεοῦ,

1102 1434 1164 1470 περὶ
1177 1432 1207 1460 οὗ
1219 1434 1281 1470 ἑξῆς
1295 1434 1410 1470 εἴρηται·
1431 1434 1597 1462 Ἀπέστειλε
1607 1435 1660 1461 τὸν
1673 1436 1770 1471 Λόγον
1782 1436 1884 1467 αὐτοῦ.

1101 1480 1149 1507 καὶ
1171 1480 1275 1507 ἰάσατο
1297 1481 1417 1513 αὐτοὺς,
1438 1481 1485 1507 καὶ
1509 1481 1698 1515 ὲλυτρὼσατο
1718 1483 1830 1516 αὐτοὺς
1852 1483 1884 1509 ex

1100 1523 1160 1550 τῶν
1174 1524 1341 1558 διαφθερῶν
1355 1524 1463 1552 αὐτῶν.
1479 1526 1532 1552 Καὶ
1548 1526 1714 1561 ἑκέκραξαν
1734 1528 1809 1561 πρὸς
1830 1529 1883 1555 Κύ-

1098 1578 1165 1603 ριον
1177 1571 1211 1596 ἑν
1227 1570 1265 1602 τῷ
1283 1571 1433 1598 θλίϐεσθαι
1456 1571 1576 1605 αὐτοὺς,
1597 1573 1646 1599 καὶ
1665 1573 1699 1599 ὲκ
1717 1573 1778 1600 τῶ)Ζ
1796 1575 1884 1609 ἀνατ-

1102 1615 1161 1642 κῶν
1173 1615 1272 1643 αὐτῶν
1284 1616 1402 1644 ἔσωσεν
1415 1617 1536 1650 αὐτούς.
1548 1618 1603 1644 Καὶ
1616 1618 1762 1654 ἐξήγαγεν
1775 1620 1885 1653 αὐτοὺς

1100 1662 1134 1687 ἐκ
1148 1663 1278 1695 σκότους
1292 1663 1341 1689 καὶ
1355 1663 1443 1696 σκιᾶς
1458 1663 1598 1696 θανάτου,
1611 1665 1658 1691 καὶ
1671 1665 1742 1698 τοὺς
1756 1665 1884 1700 δεσμοὺς

1100 1707 1199 1734 αὐτῶν
1218 1707 1364 1742 διέρῤηξε.
1390 1709 1451 1740 Ηώς
1472 1710 1526 1745 γὰρ
1544 1710 1594 1736 οὐκ
1615 1707 1685 1746 ἦμεν
1699 1711 1728 1737 ἐν
1743 1711 1884 1746 ἀνάγκαις.

1101 1755 1227 1788 πονηροῖς
1238 1753 1346 1788 δαίμοσι
1362 1755 1409 1780 καὶ
1424 1755 1576 1790 πνεύμασιν
1588 1755 1752 1792 ἀκαθάρτοις
1763 1757 1884 1785 δεδουλω-

1102 1799 1192 1834 μένοι;
1212 1799 1280 1825 Ἀλλ’
1293 1800 1308 1825 ὁ
1321 1800 1509 1836 φιλάνθρωπος
1527 1802 1573 1828 καὶ
1592 1802 1714 1837 ἐλεήμων
1729 1803 1806 1836 Θεὸς,
1829 1806 1884 1836 ταῖς

1100 1845 1153 1871 τῶν
1169 1846 1253 1880 ἁγίων
1274 1846 1355 1873 αὑτοῦ
1371 1848 1518 1882 προφητῶν
1531 1856 1560 1874 τε
1575 1849 1621 1875 καὶ
1636 1848 1767 1883 Θεοφιλῶν
1783 1850 1883 1885 ἀνδρῶν

1099 1892 1193 1926 εὐχαῖς
1207 1892 1361 1925 ἐπακούσας
1379 1893 1502 1928 βοώντων
1517 1893 1587 1929 ὑπὲρ
1609 1894 1687 1930 ἡμῶν
1708 1896 1776 1932 πρὸς
1793 1896 1882 1928 αὐτὸν,

1100 1939 1130 1964 οὐ
1148 1938 1226 1973 μόνον
1240 1938 1374 1973 ἐξήγαγεν
1391 1940 1464 1974 ἡμᾶς
1479 1940 1510 1966 ἐκ
1523 1941 1636 1972 τούτων,
1649 1940 1716 1967 ἀλλὰ
1727 1942 1774 1968 καὶ
1784 1941 1883 1968 τούτων

1100 1984 1134 2010 τὰ
1148 1984 1234 2019 δεσμὰ
1253 1984 1405 2020 διέρρηξεν.
1421 1985 1502 2021 Δηλοῖ
1521 1986 1549 2012 δὲ
1569 1986 1647 2013 τοῦτο
1659 1988 1709 2023 τὴν
1720 1987 1820 2023 ἁθρόαν
1833 1988 1883 2015 τῶν

1101 2030 1269 2065 ἁμαρτωλῶν
1286 2031 1392 2065 ἄφεσιν,
1411 2029 1444 2066 ἦς
1465 2032 1633 2067 κατηξίωσεν
1649 2034 1722 2068 ἡμᾶς
1736 2035 1752 2070 ή
1767 2034 1814 2061 τοῦ
1828 2035 1882 2061 Σω-

1101 2076 1182 2111 τῆρος
1196 2077 1275 2112 ἡμῶν
1298 2077 1384 2113 Ἰησοῦ
1398 2079 1515 2113 Χριστοῦ
1529 2079 1616 2114 χάρις.

1142 2122 1486 2158 Ἐξομολογησάσθωσαν
1510 2124 1550 2157 τῷ
1571 2126 1667 2158 Κιφιῳ
1687 2126 1723 2153 τὰ
1740 2127 1812 2162 ὲλέη
1832 2129 1881 2155 αὐ-

1101 2168 1163 2199 τοῦ,
1179 2169 1225 2195 καὶ
1240 2169 1275 2195 τὰ
1297 2169 1449 2204 θαυμάσια
1469 2171 1563 2197 αὑτοῦ
1579 2171 1641 2204 τοῖς
1658 2172 1734 2206 υἱοῖς
1759 2173 1817 2201 τῶν
1836 2175 1881 2202 dr-

1102 2212 1237 2246 θρώπων
1257 2213 1300 2240 ὅτι
1322 2214 1485 2249 συνέτριψε
1509 2216 1609 2249 πύλας
1624 2217 1752 2251 χαλκᾶς,
1773 2219 1819 2246 καὶ
1831 2229 1881 2254 μο-

1068 2258 1088 2283 D
1103 2260 1196 2292 χλοὺς
1207 2260 1350 2294 σιδηροῦς
1365 2262 1565 2291 συνέθλασεν.
1591 2264 1776 2293 Ἀντελάϐετο
1787 2267 1882 2294 αὐτῶν

1099 2306 1133 2337 ἐξ
1149 2306 1220 2333 ὀδοῦ
1235 2307 1360 2341 ἀνομίας
1371 2309 1470 2335 αὐτῶν
1479 2318 1485 2324 ·
1500 2309 1549 2337 διὰ
1559 2311 1613 2344 γὰρ
1629 2312 1681 2344 τὰς
1693 2312 1819 2347 ἀνομίας
1833 2315 1881 2342 αὐ-

1100 2352 1158 2378 τῶν
1171 2353 1423 2388 ἐταπεινώθησαν.
1443 2356 1495 2382 Καὶ
1512 2355 1558 2383 νῦν
1579 2357 1609 2383 τὸ
1625 2358 1691 2385 αὐτὸ
1714 2358 1823 2393 λέγεται
1839 2361 1882 2387 ἐπὶ

1099 2400 1158 2430 ταῖς
1178 2399 1320 2434 δευτέραις
1336 2401 1507 2436 εὐεργεσίαις
1530 2402 1623 2429 αὑτοῦ.
1650 2403 1784 2440 Ἠγοῦμαι
1799 2406 1828 2432 δὲ
1841 2406 1882 2433 διὰ

1099 2444 1200 2471 τούτων
1217 2445 1265 2480 τὴν
1280 2446 1363 2481 μέχρι
1383 2447 1498 2475 Θανάτου
1521 2449 1697 2476 κατάπτωσιν
1710 2451 1766 2477 τῶν
1781 2451 1882 2487 ἀνθρω-

1100 2488 1184 2515 πίνων
1208 2489 1301 2526 ψυχῶν
1323 2491 1482 2527 δηλοῦσθαι·
1500 2493 1533 2520 δι’
1548 2494 1581 2526 ἃς
1601 2495 1646 2521 καὶ
1671 2496 1754 2532 μέχρι
1770 2496 1882 2524 θανάτου

1099 2535 1193 2570 ἐδέησε
1215 2536 1254 2572 τῷ
1269 2537 1392 2573 λυτρωτῇ
1416 2539 1524 2566 πάντων
1541 2540 1588 2566 καὶ
1611 2541 1718 2578 Σωτῆρι
1732 2542 1880 2570 κατελθεῖν.

1102 2580 1186 2607 Ἔνθα
1197 2582 1341 2618 γενόμενος
1354 2583 1433 2618 μόνος
1454 2584 1508 2611 τῶν
1533 2584 1642 2612 πώποτε
1665 2587 1680 2613 ὸ
1701 2587 1818 2623 Χριστὸς
1837 2588 1880 2616 τοῦ

1099 2625 1176 2657 Θεοῦ,
1195 2626 1243 2657 τὰς
1270 2626 1300 2659 ἐξ
1322 2627 1418 2659 αἰῶνος
1443 2628 1627 2664 σιδηροδέτους
1656 2629 1752 2663 πύλας,
1774 2631 1880 2663 καὶτὰς

1100 2671 1194 2706 μηδενὶ
1206 2671 1294 2707 θνητῷ
1307 2673 1487 2708 ἀνοιχθείσας,
1510 2674 1556 2700 καὶ
1568 2674 1612 2701 διὰ
1627 2674 1706 2702 τοῦτο
1722 2676 1825 2712 χαλκᾶς
1837 2685 1879 2711 τεο

1099 2717 1212 2751 νομένας
1225 2737 1231 2749 ,
1259 2718 1400 2754 συνέτριψε
1413 2741 1420 2753 ,
1450 2720 1496 2746 καὶ
1517 2720 1580 2752 τοὺς
1602 2720 1704 2748 τούτων
1728 2722 1878 2758 ἀρρήκτους

1101 2762 1215 2798 μοχλοὺς
1234 2764 1406 2791 συνέχλασεν.

1134 2808 1198 2835 Πᾶν
1215 2809 1319 2844 ,βρῶμα
1341 2811 1520 2843 ἑϐδελύξατο
1544 2812 1565 2846 ἡ
1583 2812 1668 2847 ψυχὴ
1692 2813 1801 2846 αὐτῶν,
1831 2813 1876 2840 καὶ

1100 2854 1228 2888 ἤγγισαν
1247 2855 1301 2889 ἕως
1321 2856 1379 2883 τῶν
1399 2857 1504 2884 πυλῶν
1530 2858 1582 2885 τοῦ
1607 2858 1746 2887 θανάτου.
1764 2860 1813 2887 Διά
1832 2868 1875 2886 κα-

1100 2900 1206 2934 χοεξίαν
1232 2902 1285 2928 τῶν
1315 2903 1560 2936 ἀποστρεφομένων
1584 2905 1672 2932 πᾶσαν
1696 2905 1807 2937 λογικὴν
1832 2905 1873 2932 καὶ
