2044 3212
278 179 344 206 1551
396 208 400 212 ,

587 182 724 212 EUSEBll
743 182 984 211 CASSARIENSIS
1002 181 1078 210 OPP.
1100 180 1190 209 PARS
1209 180 1253 209 Ill.
1267 196 1303 201 —
1323 179 1528 209 EXEGETICA.

1842 180 1913 208 1552

277 245 368 265 sermo
381 237 510 274 Ephraim
523 246 550 268 et
561 239 660 269 ludam
675 248 815 276 recenset;
834 242 964 279 quoniam
980 246 1063 272 totum

1119 242 1166 269 καὶ
1180 241 1282 278 Κύριος
1300 241 1377 277 ἡμῶν
1399 241 1503 278 Ἰησοῦς
1515 242 1642 277 Χριστὸς,
1658 241 1688 275 ἐξ
1702 238 1734 269 οὗ
1751 241 1867 277 συνέστη
1881 240 1912 274 τῤ

276 283 431 311 Judzeorum
449 292 535 320 genus
558 286 622 314 olim
650 288 678 315 in
691 288 746 316 duo
772 297 855 324 regna
880 288 1069 322 dividebatur;

276 330 430 359 vaticinans
452 339 507 359 non
529 332 602 360 ultra
630 333 751 362 futuram
775 334 933 369 huiusmodi
957 333 1070 361 divisio-

276 383 339 403 nem
362 383 435 408 esse,
456 376 504 405 sed
529 379 615 406 totius
642 379 731 414 gentis
757 381 989 415 coniunctionem.
1006 380 1070 409 Haec

277 429 360 456 porro
375 423 510 459 completa
526 429 591 452 sunt
609 425 636 452 in
653 425 772 453 adventu
794 426 900 454 Domini
923 431 949 453 et
972 426 1069 454 Serra-

277 469 346 497 toris
359 471 446 498 nostri
465 470 531 499 Jesu
553 471 667 500 Christi.
692 473 730 500 Eo
748 474 848 509 quippe
870 478 991 508 tempore
1008 474 1069 501 uni—

277 524 355 544 versa
379 525 447 553 gens
473 517 630 547 Juilazorum
658 520 685 547 in
708 528 792 547 unum
824 520 951 552 redacta,
980 528 1069 555 neque

277 563 348 590 ultra
376 563 403 591 in
435 571 518 600 regna
546 564 601 593 duo
621 565 708 593 divisa
732 566 792 593 fuit.
818 566 989 602 Quapropter
1010 566 1068 601 pari

277 607 383 635 ratione
406 608 535 636 Servator
551 609 725 646 Evangelium
751 611 826 646 regni
855 612 1018 647 praedicabat
1041 616 1068 639 et

276 654 303 680 in
326 662 421 682 omnes
436 655 527 684 tribus
554 663 647 683 eorum
674 658 823 693 discipulos
845 659 969 686 mittebat
990 666 1066 686 suos.

275 698 348 726 Juda
363 708 408 726 rex
427 709 510 733 meus,
526 701 604 728 Moab
615 702 682 731 labes
701 705 756 737 spei
770 713 843 732 mete.
862 704 930 732 Cum
942 705 1067 741 lii-porro

276 746 374 780 inquit,
391 746 417 773 in
435 747 530 781 prilnis
544 752 570 775 et
584 749 610 775 in
625 750 759 785 principio
774 751 924 778 vocationis
947 752 1065 787 suscepti

276 791 397 823 iuerint;
423 800 476 818 non
508 797 597 820 tamen
626 794 784 829 alienigenae
808 795 846 822 illi
862 796 969 830 pejores
991 804 1006 823 a
1023 805 1066 824 me

277 838 358 864 alieni
373 843 470 872 erunt;
487 840 533 866 sed
552 841 634 867 etiam
647 841 736 875 ipsum
752 841 839 875 Moab,
856 843 900 870 cui
916 843 981 870 olim
996 845 1066 871 veli-

276 887 334 909 tum
361 883 395 910 ad
420 883 569 912 Ecclesium
594 885 701 913 Domini
722 887 864 919 accedere,
883 888 1025 916 admittam
1040 894 1067 917 et

1123 287 1259 324 βασίλειον
1275 287 1363 322 γένος.
1387 287 1502 322 Συνάγιι
1518 287 1546 314 δὲ
1564 288 1593 315 ὲν
1610 288 1715 320 τούτοις
1735 289 1750 315 ὁ
1764 287 1844 321 λόγος
1865 287 1911 317 τὸν

1127 333 1245 370 Ἐφραῖμ
1253 334 1301 361 καὶ
1308 334 1354 360 τὸν
1367 333 1477 365 Ἰούδαν,
1485 333 1579 369 ἐπειδὴ
1586 333 1617 362 τὸ
1624 333 1737 361 παλαιὸν
1751 333 1870 370 διῃρεῖτο
1881 333 1911 360 τὺ

1120 380 1176 406 πᾶν
1195 380 1329 407 Ἰουδαίων
1346 379 1423 412 ἔθνος
1443 381 1484 412 είς
1498 379 1545 406 δύο
1568 379 1716 416 βασιλείας,
1732 379 1910 416 προψητεύων

1122 426 1220 461 μηκέτι
1246 425 1354 452 ἔσεσθαι
1374 426 1422 461 τὴν
1444 425 1583 452 διάστασιν
1599 425 1711 460 ταύτην,
1733 424 1790 452 ἀλλ’
1814 424 1910 453 ἕνωσιν

1119 471 1167 498 τοῦ
1183 472 1282 503 παντὸς
1301 471 1403 503 ἔθνους.
1426 470 1593 506 Ἐπληροῦτο
1617 471 1645 497 δὲ
1664 470 1711 497 καὶ
1733 470 1818 498 ταῦτα
1841 470 1910 496 κατὰ

1119 517 1168 553 τὴν
1183 517 1343 551 ἐπιφάνειαν
1356 516 1404 544 τοῦ
1416 517 1519 552 Κυρίου
1533 517 1578 543 καὶ
1588 517 1713 552 Σωτῆρος
1823 515 1910 552 Ἰησοῦ

1119 563 1247 599 Χριστοῦ.
1268 564 1374 597 ’Ήνῳτο
1385 563 1450 598 γοῦν
1461 564 1520 590 κατ’
1532 563 1652 595 ἐκείνους
1669 563 1732 594 τοὺς
1749 563 1862 598 χρόνους
1880 563 1910 590 τὸ

1119 610 1174 637 πᾶν
1194 610 1270 642 ἔθνος
1294 610 1347 636 τῶν
1370 610 1515 641 Ἰουδαίων,
1538 609 1628 636 οὐκέτι
1652 610 1685 636 ὲκ
1706 609 1752 636 δύο
1768 608 1910 644 βασιλειῶν

1117 655 1299 692 διῃρημένων.
1318 656 1364 682 Διὸ
1387 656 1435 682 καὶ
1448 656 1549 691 ὁμοίως
1561 656 1713 691 ἐκήρυττεν,
1730 656 1744 682 ό
1766 655 1861 692 huth
1879 656 1910 683 τὸ

1118 701 1284 736 Εὑαγγέλιον
1300 702 1348 737 τῆς
1365 701 1512 739 βασιλείας,
1533 701 1580 730 καὶ
1595 701 1635 733 είς
1652 701 1740 733 πάσας
1753 700 1804 733 τὰς
1823 700 1910 736 φυλὰς

1119 747 1208 775 αὐτῶν
1223 748 1286 780 τοὺς
1304 748 1403 775 ἑαυτοῦ
1422 747 1546 783 μαθητὰς
1565 747 1765 780 ἐξαπέστειλεν.
1795 747 1909 780 Ἰούδας

1114 794 1265 827 ,βασιλεύς
1287 804 1361 829 μου,
1385 795 1476 821 Μωὰϐ
1499 794 1591 828 λέϐης
1623 793 1680 828 τῆς
1699 793 1824 826 ἐλπίδος
1837 802 1908 828 μου.

1118 841 1226 868 Τούτων
1242 842 1279 874 δὲ,
1293 839 1386 877 (anew,
1400 842 1429 868 ὲν
1443 841 1561 877 πρώτοις
1580 841 1627 867 καὶ
1641 841 1671 867 ὲν
1692 841 1763 876 ἀρχῇ
1780 840 1829 876 τῆς
1842 839 1908 876 κλή-

1118 896 1188 919 σεως
1215 888 1520 924 παραλαμϐανομένων,
1544 887 1604 914 οὐδὲ
1624 888 1649 914 οἱ
1672 887 1726 913 τῶν
1751 886 1908 921 ἀλλοφύλων

273 929 424 964 excipiam:
453 930 479 958 id
510 931 582 958 enim
608 940 700 967 spero.
715 932 793 959 Moab
817 934 883 961 lebes
914 935 968 968 spei
992 943 1063 972 mete

1120 935 1228 969 χείρους
1240 934 1374 970 ἀλλότριοί
1387 944 1437 970 μου
1452 936 1676 970 καταστήσονται,
1689 933 1755 961 ἀλλὰ
1768 933 1816 961 καὶ
1829 932 1908 960 αὑτὸν

272 974 382 1002 Clarius
409 979 500 1003 autem
527 981 554 1007 et
579 977 701 1012 apertius
728 978 786 1006 haec
811 979 980 1014 interpretati
1006 986 1070 1011 sunt

271 1020 369 1055 Aquila
386 1026 412 1048 et
427 1022 522 1057 quinta
536 1022 631 1056 editio,
646 1024 688 1052 his
701 1025 798 1057 verbis,
813 1025 891 1053 Moab
910 1027 976 1054 lebes
996 1028 1069 1054 lava-

271 1069 309 1093 trl
336 1069 406 1100 mei;
432 1069 458 1096 id
478 1074 531 1101 est.
554 1071 748 1105 receptaculum
769 1072 868 1099 lavacri
896 1074 964 1105 mei;
989 1073 1069 1109 Sym-

271 1113 385 1142 machus
417 1122 491 1148 vero,
508 1114 582 1147 Erit,
603 1116 702 1150 inquit,
720 1116 799 1144 Moab
825 1118 892 1145 lebes
916 1120 1067 1146 securitatis

270 1166 346 1185 mea.
365 1157 466 1186 Verum
493 1160 604 1187 memini
624 1161 763 1189 audivisse
775 1170 818 1190 me
833 1171 847 1189 a
869 1163 987 1198 quodam
1011 1164 1065 1192 lle-

270 1204 356 1235 brieo.
373 1205 425 1232 sub
440 1211 546 1233 secreto
563 1207 590 1233 in
603 1206 659 1234 haec
675 1207 733 1234 loca
747 1208 910 1235 sententiam
922 1209 1063 1237 tradente:

270 1252 316 1285 qui
328 1251 372 1278 his
388 1252 503 1287 mystice
515 1252 649 1280 declarari
662 1253 772 1282 dicebat
788 1254 889 1283 Christi
908 1257 1063 1291 generatio-

270 1304 332 1323 nem
359 1298 509 1325 secnndum
533 1306 751 1335 carnem,quam
772 1308 787 1327 a
803 1309 902 1336 genere
919 1301 997 1329 Moab
1016 1310 1064 1337 per

270 1342 344 1370 Ruth
355 1344 530 1374 Moabitidem
541 1346 701 1381 assumpsit,
712 1354 745 1375 ex
753 1354 806 1381 qua
816 1347 950 1375 oriundus
961 1352 1002 1374 est
1016 1356 1063 1375 rex

270 1389 366 1422 David.
395 1391 475 1425 cujus
503 1399 537 1419 ex
562 1392 666 1419 semine
687 1392 815 1420 Christus
833 1393 880 1420 Dei
911 1393 1062 1421 secundum

269 1442 381 1463 carnem
394 1436 504 1471 genitus
521 1441 572 1467 est.
591 1437 637 1472 qui
654 1438 735 1464 etiam
751 1438 784 1465 ad
798 1437 912 1465 Joannis
926 1439 1061 1473 baptisma

269 1486 296 1508 et
322 1481 355 1509 ad
377 1476 518 1510 laracrum
534 1482 663 1511 .lordauis
680 1485 807 1512 accessit.
826 1484 906 1511 Moab
921 1485 987 1512 leber
1006 1486 1061 1520 spei

268 1534 342 1553 mem.
360 1525 408 1554 His
431 1535 550 1562 quoque.
575 1533 603 1555 ut
619 1528 727 1556 videtur
740 1530 817 1561 mihi,
836 1530 923 1565 gratia
940 1531 1061 1557 vocatio-

268 1572 313 1599 nis
334 1572 413 1600 Moal)
432 1581 447 1601 a
464 1573 520 1601 Deo
550 1575 729 1609 promittitur,
746 1583 800 1602 non
819 1576 874 1603 alio
887 1576 968 1603 modo
982 1584 1060 1610 perae

267 1617 366 1653 genda,
378 1618 430 1646 nisi
443 1627 490 1654 per
498 1620 633 1648 lavacrum
644 1621 869 1655 regenerationis.
880 1622 947 1648 Cum
964 1621 1061 1649 llloabo
1073 1616 1095 1643 (Β

268 1664 333 1691 talia
354 1665 490 1699 promissa
509 1666 574 1697 sint,
589 1666 665 1701 paria
680 1666 714 1693 de
734 1667 848 1701 reliquis
873 1667 998 1701 gentibus
1012 1676 1058 1694 co—

268 1710 377 1745 gitanda
400 1711 481 1739 nobis
500 1712 640 1746 relinquit.
659 1712 725 1739 Nam
741 1720 802 1739 cum
819 1713 962 1747 prophetia
984 1713 1059 1741 illon-

268 1757 339 1785 bitas
361 1757 497 1793 admittat,
523 1758 570 1793 qui
594 1758 659 1785 olim
690 1758 837 1793 proscripti
861 1763 956 1792 erant;
973 1760 1060 1787 mani-

268 1804 367 1842 festum
382 1808 425 1832 est
442 1812 491 1839 per
509 1803 570 1832 illos
582 1805 690 1837 czeteris
705 1804 769 1832 item
786 1806 913 1840 gentibus
928 1813 990 1833 eum
1009 1806 1058 1834 bo-

267 1856 330 1877 nam
345 1857 421 1884 spem
434 1850 584 1878 ascribere.

1121 982 1222 1007 ἐκεῖνον
1239 981 1284 1009 τὸν
1302 981 1399 1012 Μωὰϐ,
1414 981 1460 1007 τὸν
1484 981 1705 1016 ἀπηγορευμένον
1725 979 1908 1016 παρασάλλειν

1120 1028 1160 1059 εἰς
1178 1028 1340 1063 Ἐκκλησίαν
1352 1028 1454 1064 Κυρίου
1469 1028 1659 1064 προσλήψομαι
1675 1027 1721 1054 καὶ
1733 1026 1905 1061 ὑποδέξομαι.

1119 1073 1204 1100 Τοῦτο
1225 1073 1277 1109 γὰρ
1296 1073 1408 1105 suntqui.
1422 1073 1515 1100 Μωὰθ
1525 1073 1616 1107 λέϐης
1631 1072 1686 1107 τῆς
1697 1071 1822 1105 ἐλπίδος
1836 1080 1905 1106 μου.

1118 1119 1284 1154 Λευκότερον
1296 1119 1324 1145 δὲ
1340 1119 1387 1145 καὶ
1402 1119 1565 1154 σαφέστερον
1577 1118 1626 1153 τὴν
1640 1118 1759 1144 διάνοιαν
1770 1118 1906 1153 ἡρμήνευν

1119 1173 1163 1191 σεν
1177 1166 1191 1191 ὁ
1209 1164 1324 1195 Ἀκύλας
1349 1165 1396 1191 καὶ
1416 1165 1433 1200 ἡ
1454 1165 1567 1200 πέμπτη
1587 1164 1705 1196 ἕκδοσις·
1728 1164 1794 1199 παρ’
1809 1160 1850 1195 οἷς
1867 1163 1906 1189 εί-

1117 1220 1209 1247 ρηται,
1223 1210 1414 1245 Μωὰὸἶλέὅης
1422 1210 1614 1244 τοῦλουτροῦ
1622 1219 1692 1245 μου,
1706 1209 1843 1239 τουτέστι.
1858 1208 1906 1235 δο-

1115 1257 1198 1291 χεῐον
1221 1257 1274 1285 τοῦ
1296 1256 1425 1290 λουτροῦ
1440 1265 1514 1290 μου’
1529 1258 1543 1283 ὁ
1560 1257 1588 1283 δὲ
1612 1256 1769 1291 Σύμμαχος,
1787 1255 1904 1286 Ἔσται,

1115 1304 1207 1338 φησὶν,
1232 1306 1249 1331 d
1274 1304 1363 1331 Μωὰὸ
1388 1303 1481 1337 λέϐης
1510 1303 1685 1337 ἀμεριμνίας
1702 1311 1771 1337 μου.
1795 1299 1862 1328 Οἶδα
1876 1300 1904 1327 δὲ

1114 1349 1169 1384 ἐγὼ
1189 1349 1308 1381 ἀκούσας
1323 1349 1402 1383 λόγον
1417 1350 1446 1375 ὲν
1458 1350 1607 1385 ἀπορρήτῳ
1622 1347 1840 1384 παραδεδομένον
1853 1346 1906 1373 ὑπό

1112 1404 1185 1427 τινος
1199 1395 1324 1431 Ἐϐραίου
1335 1397 1375 1427 εἰς
1385 1396 1448 1427 τοὺς
1458 1395 1558 1427 τόπους
1568 1404 1575 1410 ·
1589 1394 1726 1431 μυστικῶς
1736 1394 1790 1428 γὰρ
1803 1393 1904 1427 ἔφασκε

1112 1442 1256 1477 δηλοῦσθαι
1272 1442 1317 1469 διὰ
1336 1442 1390 1469 τῶν
1408 1442 1596 1478 προκειμένων
1608 1442 1657 1477 τὴν
1670 1440 1739 1468 κατὰ
1755 1440 1845 1476 σάρκα
1859 1438 1903 1466 τοῦ

1111 1489 1229 1524 Χριστοῦ
1251 1489 1376 1524 γέννησιν
1390 1489 1443 1516 ἀπὸ
1467 1488 1515 1515 τοῦ
1538 1488 1633 1522 γένους
1644 1486 1691 1514 τοῦ
1713 1485 1801 1517 Μωᾲΰ
1817 1493 1905 1519 παρα-

1111 1534 1259 1569 ληφθεῖσαν
1279 1535 1323 1561 διὰ
1343 1535 1392 1570 τὴν
1415 1534 1556 1562 Μωαϐῖτιν
1577 1533 1666 1566 Ῥοὺθ,
1688 1534 1734 1567 ἀφ’
1747 1530 1782 1568 ἧς
1800 1532 1903 1567 γίνεται

1111 1582 1159 1606 καὶ
1171 1581 1251 1607 Δαυῖδ
1260 1582 1274 1607 ὁ
1287 1581 1425 1615 βασιλεὺς,
1438 1579 1468 1608 οὗ
1480 1582 1511 1607 ὲκ
1523 1581 1678 1616 σπέρματος
1689 1580 1721 1606 τὸ
1733 1578 1805 1606 κατὰ
1816 1579 1905 1614 σάρκα

1111 1628 1125 1654 ὁ
1139 1627 1255 1662 Χριστὸς
1270 1627 1318 1653 τοῦ
1328 1627 1396 1654 Θεοῦ
1414 1627 1584 1662 γεγέννηται,
1603 1628 1617 1653 ὁ
1631 1626 1678 1653 καὶ
1692 1626 1738 1652 ἐπὶ
1749 1625 1796 1652 τοῦ
1815 1625 1903 1653 Ἰωάνυ

1112 1681 1157 1699 νου
1178 1673 1319 1708 βάπτισμα
1340 1673 1387 1700 καὶ
1400 1674 1431 1700 τὸ
1449 1673 1560 1709 λουτρὸν
1576 1673 1607 1699 τὸ
1622 1674 1651 1698 ὲν
1666 1671 1704 1707 τῷ
1723 1671 1843 1707 Ἰορδάνῃ
1855 1678 1904 1697 πα-

1112 1718 1274 1753 ρεληλυθώς.
1300 1719 1391 1746 Μωὰὸ
1405 1719 1496 1753 λέϐης
1522 1719 1577 1752 τῆς
1593 1718 1719 1751 ἐλπίδος
1732 1725 1805 1752 μου.
1827 1716 1905 1743 Δοκεῖ

1113 1767 1184 1800 μοιὺ
1198 1766 1263 1797 Θεὸς
1280 1765 1323 1792 διὰ
1342 1766 1443 1793 τούτων
1466 1766 1513 1793 καὶ
1531 1765 1570 1800 τῷ
1584 1764 1670 1791 Μωὰὸ
1690 1761 1903 1797 ἐπαγγέλλεσθαι

1110 1810 1160 1846 τὴν
1174 1812 1253 1847 χάριν
1263 1812 1313 1846 τῆς
1329 1811 1461 1847 κλήσεως,
1477 1811 1526 1837 οὐκ
1538 1810 1624 1842 ἄλλως
1635 1809 1652 1844 ἦ
1664 1809 1708 1836 διὰ
1721 1808 1771 1843 τῆς
1781 1807 1829 1834 τοῦ
1846 1806 1904 1834 λου-

1110 1857 1176 1892 ῳοῦ
1194 1857 1414 1892 παλιγγενεσίας.
1435 1856 1559 1885 Ἐπειδὰν
1575 1856 1604 1882 δὲ
1624 1854 1664 1890 τῷ
1685 1854 1772 1882 Μωάὃ
1795 1852 1903 1880 τοιαῦτα

267 1896 478 1932 ἐπαγγέλληται,
491 1898 557 1932 ἡμῖν
568 1897 770 1933 καταλιμπάνει
782 1899 852 1925 νοεῖν
866 1899 913 1925 καὶ
926 1899 989 1934 περὶ
1005 1899 1060 1927 τῶν
1073 1901 1172 1930 λοιπῶν
1186 1903 1269 1930 ἐθνῶν
1284 1903 1318 1930 τὰ
1336 1904 1427 1939 ὅμοια.
1459 1904 1523 1929 Ὅτε
1551 1902 1606 1938 γὰρ
1626 1903 1642 1937 ἡ
1664 1899 1818 1936 προφητεία
1842 1898 1903 1929 τοὺς

267 1942 415 1974 Μωαδίτας
435 1943 589 1979 προσίεται,
612 1944 675 1975 τοὺς
699 1944 783 1971 πάλαι
807 1946 1059 1981 ἀπηγορευμένονς,
1075 1949 1163 1984 δῆλον,
1179 1951 1220 1978 ὅτι
1242 1951 1275 1978 δι’
1301 1952 1412 1978 ἐκείνων
1433 1952 1480 1977 κα)⁴
1503 1951 1559 1982 τοῖς
1579 1949 1681 1981 λοιποῖς
1706 1947 1811 1975 ἔθνεσιν
1835 1946 1903 1981 ἀγα-

267 1989 316 2020 θὰς
330 1990 440 2022 ἐλπίδας
453 1991 616 2026 ὑπογράφει.

302 2034 385 2062 Vens.
399 2036 490 2063 ll-M.
503 2036 534 2063 In
545 2036 694 2065 Idumwam
703 2040 845 2066 extendam
856 2040 1062 2069 calceamentum

266 2075 364 2114 meum,
380 2082 444 2110 mihi
463 2083 614 2118 alienigena?
625 2084 725 2111 subditi
734 2090 806 2113 sunt.
816 2086 882 2119 Quis
897 2088 1005 2114 deducet
1022 2097 1062 2115 me

267 2129 295 2155 in
318 2128 450 2155 civitatem
470 2130 641 2162 munitionis;
655 2136 701 2157 aut
719 2132 776 2166 quis
794 2132 902 2159 deducet
917 2142 957 2161 me
979 2142 1061 2170 usque

266 2175 294 2201 in
315 2174 485 2203 Idumwam?
507 2176 602 2203 Nonne
619 2183 658 2208 tu,
681 2178 725 2211 qui
746 2179 866 2212 repuliin
883 2188 946 2211 nos,
966 2186 990 2207 et
1008 2189 1060 2208 non

266 2222 418 2256 egredieris,
452 2222 531 2254 Deus,
556 2223 585 2249 in
612 2219 753 2250 virtutibus
775 2225 894 2252 nostris?
920 2225 962 2253 Da
985 2226 1058 2254 nobis

1155 2042 1217 2067 Ἐπὶ
1234 2040 1291 2074 τὴν
1310 2040 1475 2073 Ἰδουμαίαν
1485 2038 1615 2067 ἐπιϐαλῶ
1628 2038 1661 2066 τὸ
1680 2038 1823 2074 ὐπόδημά
1833 2047 1900 2074 μου,

1113 2086 1176 2120 ἐμοὶ
1192 2086 1361 2120 ἀλλόφυλοι
1385 2084 1589 2119 ὑπετάγησαν.
1614 2085 1661 2116 Τίς
1682 2084 1791 2116 ἀπάξει
1808 2092 1844 2119 με
1860 2085 1902 2116 εις

1113 2132 1204 2158 πόλιν
1216 2130 1369 2165 περιοχῆς,
1381 2130 1400 2165 ἣ
1415 2131 1461 2163 τίς
1471 2130 1613 2164 ὁδηγήσει
1627 2139 1665 2164 με
1674 2130 1730 2162 ἕως
1744 2129 1801 2164 τῆς
1818 2130 1902 2158 Ἰδου-

1110 2177 1202 2211 μαίας
1213 2185 1221 2208 ;
1233 2177 1306 2211 Οὐχὶ
1322 2178 1338 2203 ό
1351 2176 1548 2211 ἀπωσάμενος
1560 2175 1649 2210 ἡμᾶς,
1658 2175 1706 2202 καὶ
1717 2176 1774 2202 οὐκ
1784 2175 1901 2207 ἐξελεύ-

1113 2232 1165 2257 σῃ,
1183 2225 1198 2250 d
1214 2223 1296 2255 Θεὸς,
1311 2224 1346 2249 ἐν
1369 2223 1434 2256 ταῖς
1447 2222 1613 2257 δυνάμεσιν
1633 2221 1736 2256 ἡμῶν;
1758 2221 1814 2254 Δὸς
1832 2220 1902 2255 ἡμῖν

267 2269 398 2295 auxilium
417 2269 449 2296 de
467 2269 647 2303 tribulatione,
662 2275 687 2297 et
702 2279 770 2297 uana
783 2272 857 2302 salus
874 2271 998 2301 hominis.
1025 2273 1058 2300 In

1115 2270 1255 2303 βοήθειαν
1268 2270 1303 2297 ἐκ
1316 2270 1455 2304 θλίψεως,
1469 2268 1518 2295 καὶ
1528 2268 1638 2303 ματαία
1649 2268 1780 2302 σωτηρία
1795 2266 1901 2302 ἀνθρώ-

268 2314 321 2342 Deo
339 2315 467 2350 faciemus
488 2316 621 2348 uirtutem,
639 2321 664 2343 et
683 2317 739 2350 inse
758 2316 794 2343 ad
812 2317 925 2344 ni/tilum
950 2318 1059 2354 deducet

1115 2324 1181 2347 που.
1201 2317 1249 2342 Ἐν
1261 2315 1302 2348 τῷ
1318 2315 1378 2348 Θεῷ
1399 2315 1568 2351 ποιήσομεν
1587 2314 1726 2349 δύναμιν,
1747 2313 1797 2340 καὶ
1811 2313 1901 2346 αὐτὸς

267 2361 425 2389 tribulantes
438 2370 496 2389 nos.
513 2361 541 2389 Id
557 2367 610 2394 est,
622 2363 777 2393 Ascendam
792 2369 819 2390 et
832 2364 977 2391 ambulabo
989 2365 1059 2393 inter

267 2412 373 2442 gentes.
388 2407 499 2435 ldumzei
516 2416 634 2444 namque
651 2409 685 2436 ab
703 2408 776 2441 Esau
793 2410 838 2436 illo
850 2417 934 2437 exoso
950 2410 1057 2438 oriundi

267 2457 356 2484 erant,
369 2453 403 2480 de
415 2461 471 2489 quo
485 2454 588 2482 dictum
604 2459 646 2487 est
668 2466 674 2481 :
700 2454 796 2483 Nonne
810 2456 892 2490 frater
908 2462 965 2483 erat
986 2456 1059 2484 Esau

242 2509 245 2529 ξ
266 2498 568 2529 Ιαεοὸ.άίοἱίῦοηιίιιιδ
577 2502 619 2529 ⁸³⁸1
644 2508 671 2530 et
683 2502 766 2529 Iacob
780 2503 873 2535 dilexi,
886 2502 958 2536 Esau
970 2509 1058 2531 autem

267 2545 326 2573 odio
335 2546 455 2573 habui“.
468 2547 617 2576 Extendam
628 2549 719 2585 igitur,
729 2550 826 2585 inquit.
843 2550 1060 2581 calceamentum

267 2599 369 2623 meum,
381 2599 436 2619 non
449 2593 566 2627 amplius
592 2594 620 2621 in
635 2594 728 2626 Israel,
744 2603 799 2623 non
821 2597 847 2623 in
867 2595 987 2626 Iudaeam
1004 2601 1060 2623 ter-

268 2645 335 2669 ram,
350 2645 405 2665 non
421 2638 448 2664 in
463 2636 632 2675 Jerosolyma
648 2645 764 2673 tantum,
784 2642 830 2670 sed
845 2643 871 2669 in
884 2643 957 2669 illam
970 2643 1056 2678 ipsam

268 2683 389 2711 odiosam
406 2684 556 2720 regionem.
571 2686 722 2714 Ascendam
744 2688 835 2724 itaque
859 2689 891 2715 ad
918 2689 980 2716 illos
995 2689 1059 2716 olim

268 2729 403 2761 inimicos,
423 2734 504 2764 atque
527 2738 574 2758 eos
592 2732 742 2760 amicorum
772 2734 832 2761 loco
849 2734 964 2762 habebo.
988 2734 1058 2761 ΜὶΙιὶ

266 2775 418 2811 alienigena:
433 2775 532 2803 subditi
544 2781 615 2804 sunt.
634 2777 686 2806 Pro
701 2787 756 2813 quo
768 2779 864 2814 Aquila
881 2780 990 2815 quidem
1007 2781 1053 2813 ait,

267 2820 333 2850 Cum
360 2821 526 2850 Philistlueis
554 2823 699 2851 amicitiam
727 2825 814 2858 inibo;
842 2826 934 2864 quinta
964 2830 1056 2866 autem

301 2901 324 2927 Ρ
341 2901 455 2932 Malath.
474 2910 499 2929 ι.
517 2902 543 2930 ‘2.
582 2902 605 2918 ”
624 2902 690 2931 ibid.
709 2903 735 2930 3.

1110 2361 1307 2395 ἐξουδενώσει
1342 2361 1413 2393 τοὺς
1439 2361 1597 2393 θλίϐοντας
1629 2359 1718 2401 ἡμᾶς.
1748 2359 1900 2392 Ton-{$6113.

1118 2407 1300 2442 Ἐπιδήσομαι
1312 2407 1360 2434 καὶ
1380 2407 1598 2443 ὲμπεριπατήσῳ
1619 2407 1676 2438 τοῖς
1691 2406 1808 2433 ἔθνεσιν.
1826 2405 1901 2432 Ἰδου-

1114 2455 1187 2489 μαῖοι
1202 2454 1256 2490 γὰρ
1270 2452 1341 2489 ἦσαν
1354 2454 1377 2479 oi
1394 2453 1448 2480 ἀπὸ
1463 2453 1508 2479 τοῦ
1523 2453 1711 2488 μεμισημένου
1726 2451 1826 2484 Ἠσαῦ,
1840 2452 1901 2488 περὶ

1111 2498 1140 2527 οὗ
1158 2500 1300 2527 λέλεκται·
1321 2501 1381 2529 Οὐκ
1407 2499 1537 2534 ἀδελφὸς
1549 2497 1589 2534 ἦν
1609 2499 1700 2527 Ἠσαῦ
1719 2498 1773 2526 τοῦ
1788 2498 1901 2529 Ἰακὼὅ;

1111 2546 1192 2580 λέγει
1207 2547 1330 2580 Κύριος·
1351 2546 1408 2578 καὶ,
1427 2545 1482 2572 Τὸν
1500 2544 1599 2572 Ἰακὼϐ
1611 2545 1768 2580 ἠγάπησα,
1785 2544 1841 2573 τὸν
1869 2543 1900 2570 δὲ

1117 2593 1208 2620 Ἠσαῦ
1235 2594 1380 2627 ἐμίσησα.
1407 2592 1543 2620 Ἐπιϐαλῶ
1563 2590 1620 2625 οὖν,
1640 2591 1718 2627 φησὶ,
1733 2591 1764 2619 τὸ
1777 2590 1899 2627 ὑπόδημᾶ

1111 2649 1174 2676 μου,
1191 2639 1281 2666 οὐκέτι
1295 2640 1341 2666 ἐπὶ
1358 2648 1403 2666 τον
1427 2638 1542 2674 Ἰσραὴλ,
1563 2639 1623 2665 οὐδὲ
1642 2639 1690 2665 ἐπὶ
1707 2638 1756 2675 τὴν
1775 2638 1899 2669 Ἰουδαίας

1114 2688 1175 2722 γῆν,
1190 2686 1250 2713 οὐδὲ
1261 2686 1307 2712 ἐπὶ
1324 2686 1392 2721 μόνα
1415 2686 1449 2712 τὰ
1468 2684 1654 2720 Ἰεροσόλυμα,
1672 2684 1728 2711 ἀλλ’
1754 2684 1799 2710 ἐπ’
1818 2682 1897 2718 αὐτὴν

1110 2733 1217 2767 ἐκείνην
1243 2732 1292 2768 τὴν
1314 2731 1361 2758 τοῦ
1383 2730 1571 2766 μεμισημένου
1592 2729 1694 2767 χώραν.
1720 2729 1897 2772 Ἐπιὸῄσομαι

1110 2777 1156 2806 οὖν
1171 2780 1226 2810 τοῖς
1240 2778 1324 2805 πάλαι
1339 2778 1456 2814 ἐχθροῖς,
1473 2778 1502 2803 ἐν
1522 2776 1599 2812 χώρᾳ
1629 2775 1712 2814 φίλων
1725 2775 1895 2809 natastich

1110 2825 1217 2863 αὐτους.
1246 2825 1323 2862 Ἐμοὶ
1344 2825 1513 2863 ἀλλόφυλοι
1530 2822 1736 2859 artati-meat.
1760 2821 1831 2855 ’AVQ’
1844 2817 1894 2850 οὖέ
