2044 3212
252 182 324 212 i559

611 182 746 211 EUSEBII
763 180 1004 210 CASSARIENSIS
1023 181 1044 208 0

1096 201 1097 205 η
1117 179 1209 207 PARS
1225 178 1270 206 lll.
1286 195 1318 199 —
1333 176 1540 205 EXEGETICA.

1815 174 1884 202 15W

248 239 309 266 bera
326 248 376 272 me,
389 240 451 275 quia
463 247 558 274 egenus
571 243 596 265 et
605 245 705 272 pauper
718 246 765 273 ego
776 246 845 269 sum,
860 242 884 264 et
895 245 941 263 cor
955 245 1039 263 meum

1096 244 1136 267 ue,
1155 234 1199 262 ὅτι
1216 234 1333 269 πτωχὸς
1347 234 1394 261 καί
1408 233 1501 268 πένης
1513 231 1571 268 εἰμὶ
1586 231 1653 266 ἐγὼ,
1667 231 1715 258 καὶ
1734 231 1753 264 ἡ
1776 230 1885 264 καρδία

247 285 436 314 conturbatum
447 289 486 312 est
503 285 575 312 intra
588 291 637 311 me.
655 283 731 311 Sicut
745 283 840 310 umbra
850 291 910 310 cum
922 282 1037 309 declinat

249 330 354 357 ablatus
368 338 438 363 sum,
450 338 575 357 excussus
586 338 644 357 sum
660 330 728 356 sicut
744 329 863 356 locustw.
876 328 967 356 Genua
981 337 1038 355 mea

249 377 385 411 inﬁrmata
406 382 467 404 sunt
483 377 621 412 ajejunio,
645 382 669 404 et
687 384 751 403 caro
770 384 827 403 mea
843 375 985 402 immutata
999 380 1039 402 est

249 427 354 457 propter
375 423 472 450 oleum.
493 423 561 450 Cum
586 423 622 450 de
635 423 789 450 animarum
813 426 866 449 tam
890 421 1039 457 proditoris

249 476 330 503 quam
355 469 548 497 insidiatorum
565 469 697 504 pernicie,
721 475 826 496 necnon
842 468 875 495 de
893 468 978 495 totius
991 467 1040 494 Ju-

248 513 334 541 daicae
354 515 444 550 gentis
465 513 654 549 repudiatione
676 514 823 540 admodum
841 514 975 541 sollicitus
992 514 1038 547 sit,

249 564 343 594 utpote
366 559 509 587 hominum
532 567 642 591 amans;
664 567 693 587 se
714 568 808 587 eorum
831 567 915 587 causa
934 561 1038 587 turbari

248 605 412 640 proﬁtetur:
438 613 523 640 quare
545 606 593 639 ait,
619 605 653 632 Et
677 614 724 632 cor
743 614 828 633 meum
852 606 1042 633 conturbatum

248 657 287 679 cst
303 653 374 679 intra
389 660 440 679 me.

284 741 368 769 Vens.
383 741 478 770 25-29.
495 741 529 768 Et
545 750 591 777 ego
603 742 691 776 factus
704 750 764 769 sum
780 742 953 778 opprobrium
966 742 1020 770 illis
1030 750 1040 769 :

251 786 372 814 uiderunt
392 796 442 819 nte,
466 793 490 815 et
513 793 647 815 moverunt
671 789 760 823 capita
779 797 838 816 sua.
863 789 968 823 Adjuva
986 797 1039 821 me.

250 834 363 861 Domine
378 833 447 861 Deus
464 843 545 867 meus,
560 839 585 862 et
599 835 703 862 salvum
715 843 756 862 me
767 835 810 870 fac
824 835 968 862 secundum
989 835 1041 861 mi-

250 880 422 908 sericordiam
436 886 520 909 tuam.
539 881 573 908 Et
589 882 674 909 sciant
687 882 750 917 quia
763 890 857 908 manus
873 887 919 908 tua
938 882 1004 914 Ita'c,
1016 887 1040 908 et

1089 291 1149 318 μου
1177 281 1349 317 τετάρακται
1363 281 1449 314 ἐντός
1458 289 1528 315 μου.
1551 278 1629 306 Ὠσεὶ
1645 279 1716 305 σκιὰ
1733 278 1768 305 ἐν
1784 277 1824 310 τῷ
1835 279 1885 305 ἐκ·

1092 331 1192 359 κλῖναι
1217 329 1314 364 αὐτὴν
1336 328 1558 362 ὰντανῃρέθην,
1589 325 1786 360 ἐξετινάχθην
1811 325 1884 352 ὡσεί

1092 377 1221 412 ἀκρίδες.
1239 375 1277 404 Τὰ
1292 374 1403 410 γόνατά
1408 383 1468 410 μου
1475 373 1652 407 ὴσθένησαν
1659 371 1718 399 ἀπὸ
1727 371 1884 406 νηστείας,

1092 425 1141 451 καὶ
1160 424 1178 458 ὴ
1197 423 1275 458 σάρξ
1296 432 1356 458 μου
1372 421 1522 456 ἠλλοιώθη
1545 419 1582 447 δι’
1599 420 1712 447 ἔλαιον.
1729 416 1886 454 Φροντίζων

1093 468 1157 503 περὶ
1187 467 1237 502 τῆς
1264 466 1406 498 ἀπωλείας.
1424 465 1478 492 τῶν
1507 464 1601 500 ψυχῶν
1623 464 1724 492 αὐτῶν.
1748 462 1832 489 αὐτοῦ
1852 470 1885 488 τε

1093 513 1197 540 ἐκείνου
1213 513 1260 540 τοῦ
1280 512 1409 548 προδότου
1430 512 1477 539 καὶ
1493 511 1549 538 τῶν
1571 511 1621 546 τὴν
1644 509 1791 545 ἐπιϐουλὴν
1809 508 1886 544 αὐτῷ

1094 559 1363 594 συνεσκευασμένων,
1376 557 1439 594 περί
1450 566 1478 584 τε
1489 557 1538 592 τῆς
1548 555 1683 591 ἀποϐολῆς
1699 555 1746 582 καὶ
1756 553 1886 582 ἀποπτὼ-

1094 614 1162 637 σειυς
1178 605 1225 632 τοῦ
1244 605 1345 636 παντὸς
1368 602 1512 631 Ἰουδαϊκοῦ
1527 602 1630 635 ἔθνους,
1649 602 1831 638 ταράττεσθαι
1846 601 1886 634 ὡς

1094 651 1284 687 φιλάνθρωπος
1297 651 1366 686 ὑπὲρ
1382 650 1473 677 αὐτῶν
1495 650 1628 685 ὁμολογεῖ·
1645 649 1692 675 Διό
1705 657 1780 684 φησι·
1795 649 1850 677 Καὶ
1864 648 1885 684 ἠ

1094 698 1199 732 καρδία
1211 707 1270 732 μου
1284 697 1458 731 τετάρακται
1469 696 1555 729 ἐντός
1562 705 1632 731 μου.

1130 743 1215 777 Κάγὼ
1229 742 1375 778 ἐγενήθην
1388 742 1503 774 ὄνειδος
1515 741 1627 775 αὐτοῖς’
1638 741 1818 776 ειδοσάνμε,
1835 740 1887 768 καί

1094 789 1269 817 ἐσάλευσαν
1287 787 1422 823 κεφαλὰς
1438 786 1548 814 αὐτῶν.
1566 786 1726 821 Βοήθησόν
1745 795 1808 821 μοι,
1829 786 1889 814 Κύ-

1090 845 1138 870 ριε
1152 836 1248 869 όΘεός
1262 844 1331 870 μου,
1347 833 1510 862 καὶσῶσόν
1521 842 1560 869 με
1570 833 1645 861 κατὰ
1661 833 1693 860 τὸ
1710 833 1796 866 ἔλεός
1816 841 1890 861 σου.

1095 882 1150 910 Καὶ
1161 881 1333 916 γνώτωσαν,
1349 880 1394 908 ὅτι
1407 881 1427 915 ἠ
1442 880 1506 916 χείρ
1520 888 1577 907 σου
1591 880 1678 914 αὕτη,
1692 879 1741 906 καί
1757 878 1810 912 σὺ,
1826 878 1889 906 Κύ-

250 930 292 957 tu,
310 925 428 958 Domine,
444 926 530 960 fecisti
542 934 612 953 eam.
626 925 655 953 In
671 926 872 954 resurrectione
887 932 902 952 a
914 925 1040 957 mortuis,

1096 937 1147 961 pte,
1167 929 1313 962 ἐποίησας
1324 927 1430 962 αὑτήν.
1455 927 1499 954 Ἐν
1517 928 1551 962 τῇ
1573 927 1605 953 ὲκ
1618 925 1722 962 νεκρῶν
1739 925 1891 954 ἀναστάσει

250 978 350 999 manus
366 971 424 1004 Dei,
439 971 466 999 id
481 975 525 999 est
550 972 723 1007 unigenitum
741 972 801 1007 ejus
818 971 948 1003 Verbum,
963 971 1044 998 inno-

250 1017 314 1050 tuit,
334 1022 362 1044 et
382 1018 405 1045 is
427 1017 474 1052 qui
500 1017 635 1046 hactenus
660 1018 787 1054 plurimis
810 1017 938 1049 latuerat,
959 1024 1043 1052 appa-

251 1063 323 1096 ruit;
343 1063 455 1098 quando
469 1071 567 1099 nempe
586 1064 643 1099 ipse
662 1064 758 1091 volens
772 1064 901 1091 sustinuit
924 1071 1042 1096 crucem,

249 1109 406 1143 confusione
421 1115 572 1145 contempta
590 1111 625 1142 ’°,
641 1114 724 1146 atque
747 1109 818 1138 idem
839 1118 940 1145 corpus
961 1117 1042 1137 suum

251 1157 408 1189 suscitavit,
423 1164 486 1183 cum
500 1156 536 1183 sit
552 1156 665 1184 dextera
686 1160 712 1184 et
727 1157 816 1184 virtus
831 1156 932 1184 Patris.
950 1155 1043 1184 Sciant

250 1202 345 1237 igitur,
361 1203 409 1234 ait,
428 1203 490 1236 quia
513 1210 608 1229 manus
629 1207 673 1228 tua
696 1202 763 1234 lucc,
781 1210 864 1237 quam
886 1202 1043 1237 opprobriis

250 1249 431 1276 etcacliinnis
450 1248 609 1280 traducunt,
623 1253 647 1275 et
661 1254 699 1281 tu,
721 1248 842 1280 Domine,
859 1248 946 1282 fecisti
963 1257 1021 1275 eam
1033 1256 1043 1274 :

250 1293 325 1328 quod
348 1293 397 1320 tibi
420 1294 554 1329 placuerit
570 1297 602 1321 ut
623 1300 656 1320 ea
672 1300 772 1328 corpus
787 1298 951 1321 assumeret.
972 1293 1041 1320 Nam

251 1347 351 1367 manus
373 1338 420 1367 Dei
437 1343 480 1367 est
500 1340 561 1374 ejus
583 1340 672 1367 virtus
690 1340 813 1367 omnium
829 1339 964 1371 eﬂ‘ectrix,
981 1346 1043 1374 quae

252 1392 307 1412 non
322 1385 374 1412 alia
391 1389 434 1413 est
456 1393 471 1412 a
496 1385 542 1413 Dei
568 1384 670 1418 Verbo,
687 1393 736 1421 per
757 1385 831 1421 quod
853 1387 945 1412 omnia
969 1385 1042 1412 facta

251 1435 328 1458 sunt.
346 1430 507 1459 Hatedicent
526 1432 578 1465 illi,
593 1437 618 1459 et
632 1437 658 1459 tu
672 1431 818 1460 benedices.
833 1432 886 1466 Qui
902 1433 1043 1466 insurgunt

250 1478 279 1505 in
296 1486 336 1505 me
358 1478 556 1513 confundantur
569 1487 579 1506 :
601 1488 690 1507 servus
711 1484 799 1507 autem
819 1484 879 1506 tuus
897 1479 1042 1506 lwtabitur.

252 1524 295 1553 Ad
320 1525 392 1552 hanc
406 1533 494 1560 usque
518 1525 590 1553 diem
616 1529 793 1562 perseverant
809 1524 896 1552 Judaei
914 1524 1043 1552 Servato-

253 1578 310 1598 rem
330 1570 498 1606 blasphemis
512 1571 595 1599 dictis
609 1571 757 1607 impetere:
773 1575 801 1598 at
814 1571 869 1599 illis
884 1571 1044 1606 blaspheme.

1093 975 1202 1010 γνωστὴ
1213 975 1323 1009 γέγονεν
1334 975 1350 1009 ἠ
1362 974 1424 1009 χεὶρ
1436 973 1482 1000 τοῦ
1499 973 1578 1005 Θεοῦ,
1593 972 1733 999 τουτέστιν
1746 973 1760 999 ὁ
1771 981 1888 1009 μονογε-

1093 1021 1141 1056 νὴς
1157 1021 1239 1048 αὑτοῦ
1252 1020 1348 1054 Λόγος,
1364 1021 1410 1046 καὶ
1422 1021 1436 1046 ὁ
1450 1019 1519 1051 τέως
1534 1019 1596 1051 τοὺς
1608 1018 1723 1051 πολλοὺς
1737 1018 1889 1052 λανθάνων,

1094 1066 1264 1102 ἐφανερώθη,
1284 1067 1322 1098 ὡς
1337 1066 1416 1097 αὐτὸς
1432 1065 1503 1092 ἑκὼν
1518 1065 1660 1100 ὑπέμεινε
1678 1065 1823 1099 σταυρὸν.
1842 1066 1889 1092 a1-

1093 1113 1212 1147 σχύνης
1234 1111 1475 1146 καταφρονήσας,
1499 1111 1546 1138 καὶ
1560 1111 1640 1143 αὐτὸς
1654 1110 1686 1137 eo
1711 1110 1810 1140 ἑαυτοῦ
1825 1111 1890 1138 ἀνέ-

1095 1167 1177 1194 στησε
1207 1158 1297 1194 σῶμα,
1318 1157 1393 1190 δεξιὰ
1417 1157 1464 1184 καὶ
1490 1157 1606 1192 δύναμις
1631 1156 1669 1184 ὣν
1697 1156 1744 1184 τοῦ
1768 1157 1889 1194 Πατρός.

1093 1205 1264 1233 Γνώτωσαν
1280 1205 1380 1236 τοίνυν,
1397 1204 1489 1239 φησιν,
1507 1204 1550 1230 ὅτι
1562 1204 1582 1238 ἡ
1597 1203 1661 1238 χείρ
1677 1212 1736 1231 σου
1748 1203 1836 1239 αὕτη,
1855 1203 1892 1239 ἢν

1093 1251 1252 1283 ὀνειδίζουσι
1265 1251 1312 1276 καὶ
1325 1250 1495 1285 χλευάζουσι,
1507 1249 1555 1276 καὶ
1569 1243 1621 1282 σὺ,
1635 1250 1733 1283 Κύριε,
1741 1249 1892 1284 ἐποίησας

1095 1295 1199 1330 αὐτὴν,
1220 1295 1258 1331 τῷ
1278 1295 1422 1331 εὐδοκῆσαι
1440 1295 1521 1330 σῶμα
1538 1296 1623 1331 αὐτὴν
1641 1295 1796 1322 ἀναλαϐεῖν.
1819 1294 1891 1332 Χεὶρ

1094 1341 1148 1377 γὰρ
1163 1341 1210 1367 τοῦ
1223 1340 1315 1376 Θεοῦὴ
1333 1341 1462 1376 ποιητικὴ
1480 1341 1606 1368 ἁπάντων
1616 1341 1730 1376 δῦναμις
1740 1341 1893 1377 αὑτοῦ,οὺχ

1095 1387 1175 1422 ἑτέρα
1186 1384 1253 1413 οὖσα.
1259 1386 1305 1412 τοῦ
1318 1386 1352 1412 δι’
1366 1383 1396 1412 οὗ
1407 1385 1502 1420 γέγονε
1516 1386 1550 1412 τὰ
1559 1387 1648 1413 πάντα
1654 1386 1701 1412 τοῦ
1710 1386 1778 1413 Θεοῦ
1788 1384 1889 1421 Λόγου.

1095 1433 1320 1467 Καταράσονται
1333 1433 1428 1465 αὐτοὶ,
1446 1432 1494 1459 καὶ
1510 1433 1550 1460 σὺ
1570 1432 1759 1468 εὐλογήσας.
1779 1434 1812 1460 οι
1835 1433 1890 1460 ἐπ-

1094 1478 1289 1513 ανιστάμενοί
1297 1487 1346 1513 μοι
1356 1478 1616 1513 αἱσχυνθήτωσαν·
1632 1480 1648 1505 ὁ
1661 1478 1694 1505 δὲ
1704 1479 1818 1512 δοῦλός
1831 1487 1892 1505 σου

1095 1525 1342 1560 εὐφρανθήσεται.
1373 1525 1461 1561 Μέχρι
1478 1525 1524 1552 καὶ
1554 1527 1674 1561 σήμερον
1700 1525 1841 1561 διέμειναν
1864 1525 1890 1551 at

1104 1572 1223 1599 Ἰουδαῖοι
1245 1573 1305 1603 ταῖς
1325 1572 1396 1598 κατὰ
1412 1571 1459 1598 τοῦ
1474 1572 1600 1607 Σωτῆρος
1617 1570 1756 1607 χρώμενοι
1769 1571 1894 1606 βλασφη-

253 1615 468 1652 proferentibus,
487 1617 656 1652 splendidior
673 1617 795 1652 quotidie
809 1617 970 1653 praedicatio
981 1624 1044 1644 eva-

1099 1618 1185 1653 μίαις*
1201 1618 1258 1644 ἀλλ’
1272 1618 1384 1644 ἐκείνων
1397 1617 1644 1654 βλασφημούντων,
1659 1618 1891 1653 περιφανέστερον

253 1662 304 1689 dit.
328 1661 481 1690 Induantur
497 1664 542 1698 qui
565 1663 707 1690 detrahunt
725 1663 789 1690 mihi
806 1663 916 1698 pudore,
941 1670 966 1693 et
987 1673 1047 1700 ope-

254 1709 361 1735 riuntur
372 1708 439 1734 sicut
454 1708 571 1743 diploide
584 1710 738 1744 confusione
753 1718 813 1737 sua.
828 1709 914 1738 Judaei
929 1719 1047 1746 namque

254 1758 317 1789 post
337 1754 452 1782 insidias
475 1755 608 1783 adversus
628 1755 780 1788 Christum,
807 1756 854 1784 Dei
878 1757 1047 1792 providentia

254 1799 390 1832 destituti,
409 1800 513 1835 pudore
528 1801 691 1829 circumfusi
706 1807 770 1830 sunt
785 1810 792 1828 :
814 1801 940 1830 Salvator
955 1807 1046 1830 autem

255 1851 282 1874 et
298 1846 430 1874 Dominus
443 1852 537 1875 noster
551 1847 647 1875 laetitia
661 1847 696 1876 ad
712 1848 764 1876 hoc
779 1856 867 1884 usque
878 1853 985 1884 tempus
1001 1850 1049 1876 im-

257 1893 358 1928 pletur,
382 1892 504 1921 Ecclesia
524 1901 572 1929 per
586 1897 674 1921 totum
698 1894 794 1922 orbem
810 1895 838 1922 in
857 1895 968 1922 nomine
987 1895 1048 1929 ejus

255 1940 416 1967 constituta.
430 1939 526 1968 Servus
541 1946 630 1968 autem
644 1946 704 1968 tuus
721 1941 867 1968 laetabitur.
885 1941 979 1977 Neque
995 1942 1048 1970 alio

257 1986 338 2013 modo
358 1989 386 2013 et
405 1986 541 2014 sententia
561 1987 633 2015 servi
658 1995 758 2015 nomen
782 1988 826 2015 hic
851 1987 978 2023 accipere
1001 1996 1049 2015 ne-

254 2039 334 2059 cesse
344 2035 403 2060 est:
417 2032 538 2059 divinum
553 2034 654 2068 quippe
663 2032 778 2067 Paulum
791 2033 918 2061 audimus
934 2033 991 2061 haec
1008 2033 1050 2060 di-

255 2083 362 2105 centem
379 2077 571 2113 :Semetipsum
589 2081 733 2107 exinanivit
749 2080 865 2114 formam
889 2080 956 2106 servi
979 2081 1050 2107 acci-

255 2125 330 2158 piens
345 2125 386 2158 ";
413 2126 526 2161 ipseque
539 2134 587 2161 per
601 2127 699 2154 Isaiam
715 2127 835 2154 clamat:
851 2126 896 2154 Sic
912 2126 976 2153 dicit
994 2126 1050 2153 θο-

257 2170 345 2198 minus
363 2169 484 2205 formans
498 2179 539 2198 me
553 2179 585 2198 ea:
599 2175 673 2198 utero
689 2180 792 2199 servum
808 2171 860 2199 sibi
876 2172 909 2198 ”.
930 2170 1049 2198 Induan-

257 2221 302 2245 tur
319 2217 363 2252 qui
382 2217 522 2244 detrahunt
539 2217 603 2244 mihi
625 2217 735 2252 pudore,
759 2222 784 2245 et
807 2218 961 2252 aperiantur
980 2218 1048 2245 sicut

256 2262 373 2298 diploide
387 2263 542 2298 confusione
551 2272 610 2291 sua.
626 2263 683 2291 Hoc
700 2268 792 2291 autem
807 2264 925 2297 ediscas,
940 2264 963 2292 si
979 2271 1047 2291 con-

1097 1663 1233 1699 ὁσημέραι
1263 1664 1294 1690 τὸ
1327 1665 1459 1699 κήρυγμα
1488 1664 1603 1698 γίνεται.
1634 1663 1891 1691 Ἐνδυσάσθωσαν

1098 1710 1125 1735 ol
1136 1708 1386 1741 ἑνδιαϐιιλλοντές
1397 1718 1436 1743 με
1443 1708 1604 1742 ἐντροπὴν,
1616 1708 1664 1735 καὶ
1676 1707 1894 1742 περιϐαλέσθω-

1098 1764 1159 1782 σαν
1169 1755 1241 1782 ὡσεὶ
1258 1755 1398 1782 διπλοΐδα
1418 1755 1474 1788 τὴν
1493 1756 1646 1789 αἰσχύνην
1665 1752 1775 1781 αὐτῶν.
1791 1753 1828 1781 Οἱ
1837 1753 1892 1790 γὰρ

1106 1802 1226 1828 Ἰουδαῖοι
1245 1801 1315 1836 μετὰ
1330 1801 1382 1836 τὴν
1400 1800 1470 1827 κατὰ
1487 1800 1606 1836 Χριστοῦ
1622 1799 1779 1836 ἐπιϐουλὴν,
1791 1799 1891 1836 ἔρημοι

1098 1848 1148 1882 τῆς
1158 1848 1205 1874 τοῦ
1222 1847 1290 1874 Θεοῦ
1309 1848 1464 1881 ἐπισκοπῆς
1491 1848 1642 1882 γενόμενοι,
1663 1847 1796 1882 αἰσχύνην
1816 1855 1892 1881 περι-

1099 1894 1235 1921 εϐάλοντο·
1260 1895 1274 1921 ὁ
1296 1894 1324 1920 δὲ
1341 1894 1436 1929 Σωτὴρ
1452 1894 1498 1921 καὶ
1515 1893 1616 1929 Κύριος
1631 1893 1710 1929 ήμῶν
1723 1891 1892 1928 εὐφροσύνης

1099 1941 1182 1967 εἰσέτι
1199 1941 1246 1967 καὶ
1261 1940 1307 1967 νῦν
1331 1940 1494 1975 πληροῦται,
1520 1940 1564 1967 διὰ
1589 1940 1636 1970 τοῦ
1654 1939 1786 1975 ὀνόματος
1809 1938 1892 1966 αὑτοῦ

1099 1987 1159 2014 καθ’
1174 1987 1238 2022 ὅλης
1261 1987 1312 2022 τῆς
1339 1987 1501 2023 οἰκουμένης
1517 1987 1692 2023 καθεστώσης
1718 1986 1890 2022 Ἐκκλησὶας.

1105 2035 1137 2060 '0
1145 2034 1178 2060 δὲ
1194 2033 1304 2066 δοῦλός
1312 2041 1370 2061 σου
1382 2034 1630 2068 εὐφρανθήσεται.
1643 2033 1710 2060 Οὐδὲ
1725 2032 1807 2060 τοῦτο
1819 2033 1892 2068 ἡμᾶς

1099 2080 1130 2106 τὸ
1156 2079 1232 2115 ῥῆμα
1261 2079 1352 2106 λαϐεῖν
1383 2080 1423 2110 εἰς
1454 2080 1551 2114 ἑτέραν
1578 2079 1706 2106 ὑπόθεσιν
1731 2079 1890 2114 ἀναγκάσω

1100 2125 1236 2160 ἀκούομεν
1259 2124 1313 2160 γὰρ
1329 2125 1376 2152 καὶ
1398 2124 1445 2151 τοῦ
1461 2125 1604 2151 θεσπεσίου
1626 2125 1732 2152 Παύλου
1756 2124 1890 2159 λέγοντος,

1099 2173 1140 2199 ὅτι
1160 2171 1285 2198 Ἑαυτὸν
1296 2171 1436 2203 ὲκένωσε,
1454 2170 1576 2206 μορφὴν
1596 2171 1709 2199 δούλου
1721 2170 1830 2198 λαϐών·
1844 2171 1892 2198 καὶ

1100 2218 1180 2249 αὐτὸς
1207 2218 1236 2244 δὲ
1258 2217 1303 2244 διὰ
1331 2218 1442 2244 Ἦσαῖου
1474 2217 1533 2253 βοᾷ·
1567 2217 1649 2244 Οὕτω
1678 2216 1762 2252 λέγει
1785 2217 1893 2252 Κύριος

1101 2266 1117 2291 ό
1133 2264 1255 2297 πλάσας
1265 2273 1303 2299 με
1318 2265 1353 2291 ἐκ
1366 2263 1483 2297 κοιλίας
1497 2263 1609 2290 δοῦλον
1621 2263 1729 2296 ἐαυτῷ.
1751 2263 1893 2290 Ἐνᾶνσὰ

257 2309 362 2338 sideres
374 2317 426 2345 qua
440 2314 530 2338 mente
547 2310 603 2338 sint
616 2309 714 2343 Judaei,
736 2311 862 2339 videntes
875 2311 985 2346 quidem
1001 2319 1044 2338 vc-

1102 2312 1225 2337 σθωσαν
1242 2312 1267 2337 ot
1284 2309 1534 2343 ἐνδιαϐάλλοντές
1550 2318 1588 2344 με
1602 2309 1763 2344 ἐντροπὴν,
1776 2310 1827 2337 καὶ
1841 2317 1892 2337 u-

257 2356 380 2384 neranda
397 2362 424 2384 et
439 2362 534 2385 sancta
549 2365 599 2385 sua
615 2357 739 2386 funditus
753 2358 859 2392 deleta;
882 2358 957 2386 illius
972 2365 1047 2389 vero.

257 2403 304 2437 qui
319 2404 354 2431 ab
373 2404 441 2438 ipsis
464 2404 614 2439 ignominia
640 2404 766 2439 atiectus,
784 2413 817 2432 ac
838 2405 867 2432 in
888 2412 998 2432 crucem
1023 2409 1050 2432 et

258 2453 374 2477 mortem
397 2451 514 2479 traditus
530 2455 583 2485 est,
602 2452 758 2487 sepulcrum
774 2452 867 2479 studio
887 2456 914 2479 et
934 2451 1048 2479 honori-

258 2496 310 2524 bus
327 2496 475 2531 celebrari;
492 2497 630 2526 Ecclesias
648 2507 713 2526 vero
728 2507 789 2534 qua:
807 2499 868 2534 ejus
880 2500 981 2528 virtute
1000 2508 1048 2534 per

259 2544 346 2568 totum
371 2542 463 2569 orbem
478 2542 599 2572 fundatae
621 2548 686 2571 sunt
706 2544 733 2571 in
757 2544 816 2572 dies
837 2552 994 2573 accrescere
1016 2553 1048 2572 ac

260 2585 448 2620 multiplicari,
466 2595 498 2615 ac
513 2597 575 2616 cum
590 2589 678 2625 gloria
693 2590 858 2625 promoveri.
872 2589 935 2617 llaec
949 2591 1050 2626 quippe

258 2632 326 2666 ipsis
341 2633 429 2661 oculis
441 2639 585 2663 cernentes
598 2635 697 2668 Judaei,
709 2636 755 2671 qui
775 2643 829 2663 non
844 2637 1008 2664 confusione
1022 2640 1049 2664 ct

261 2677 364 2713 pudore
379 2678 476 2705 merito
493 2678 660 2708 induantur?

1098 2356 1329 2390 ptﬁ'tLléo'Ban‘r
1340 2357 1381 2389 ὼς
1393 2356 1533 2383 διπλοΐδα
1548 2356 1605 2390 τὴν
1620 2355 1890 2391 αισχύνην-αὐτῶν.

1102 2403 1157 2429 Καὶ
1171 2402 1250 2429 τοῦτο
1266 2403 1362 2438 μάθοις
1378 2402 1411 2430 ἂν
1426 2404 1575 2438 ἐπιστήσας
1592 2402 1670 2434 ποίας
1686 2402 1742 2439 ἄρα
1759 2401 1893 2430 Ἰουδαίων

1102 2449 1196 2481 παῖδες
1219 2450 1365 2484 κέκτηνται
1384 2449 1501 2480 διανοίας
1525 2449 1642 2484 ὁρῶντες
1665 2449 1701 2475 τὰ
1726 2448 1893 2484 retusum-ii»

1102 2496 1190 2531 σεμνὰ
1205 2496 1251 2522 καὶ
1265 2496 1330 2530 ἅγια
1347 2497 1379 2522 ἐκ
1394 2495 1502 2531 βάθρων
1514 2495 1698 2530 ὴφανισμένα,
1714 2494 1762 2522 τοῦ
1778 2495 1807 2522 δι
1825 2495 1890 2531 πρὸς

1103 2543 1192 2569 αὐτῶν
1207 2543 1304 2579 ἀτιμίᾳ
1319 2543 1537 2578 περιδληθὲντος,
1556 2542 1664 2578 σταυρῷ
1681 2551 1712 2569 τε
1726 2544 1774 2570 καὶ
1785 2543 1890 2578 θανάτῳ

1103 2589 1312 2624 παραδοθέντος,
1340 2589 1371 2615 τὸ
1398 2590 1446 2624 μὲν
1460 2588 1506 2615 τοῦ
1522 2587 1637 2614 θανάτου
1653 2588 1748 2624 μνῆμα
1765 2587 1891 2620 σπουδαῖς·

1102 2644 1132 2662 τε
1149 2635 1196 2662 καὶ
1217 2635 1384 2670 φιλοτιμίαις
1399 2633 1589 2670 τετιμημένον,
1607 2633 1656 2666 τὰς
1675 2633 1704 2660 δὲ
1723 2633 1769 2660 διὰ
1781 2635 1832 2670 τῆς
1844 2633 1890 2660 αὺ-

1101 2682 1148 2708 τοῦ
1164 2681 1304 2716 δυνάμεως
1328 2681 1388 2707 καθ’
1405 2681 1468 2716 ὅλης
1483 2680 1533 2715 τῆς
1552 2681 1716 2716 οἰκουμένης
1739 2680 1889 2717 ἱδρυοείσας

266 2723 427 2759 Ἐκκλησίας
441 2725 574 2757 αὑξούσας
585 2727 730 2763 ὁσημέραι,
747 2729 794 2756 καὶ
811 2727 1009 2763 πληθυνούσας,
1024 2729 1071 2755 καὶ
1083 2728 1122 2755 ἔτι
1139 2727 1208 2763 μετὰ
1229 2728 1308 2763 δόξης
1321 2727 1480 2763 προῖούσας.
1505 2726 1598 2753 Ταῦτα
1617 2726 1672 2762 γὰρ
1694 2726 1812 2762 ὁριῖιντες
1841 2725 1889 2761 όφ-

262 2769 372 2805 θαλμοῖς
392 2771 526 2798 Ἰουδαίων
541 2773 644 2806 παῖδες,
659 2774 718 2806 πῶς
733 2775 783 2801 οὐκ
801 2775 935 2810 ἐντροπὴν
948 2776 993 2801 καὶ
1006 2775 1137 2811 αίσχύνην
1154 2775 1266 2806 εἰκότως
1281 2774 1505 2810 περιϐάλλονται;

298 2816 381 2845 Vens.
398 2818 493 2846 50-51.
510 2817 660 2853 Conﬁtebor
669 2820 780 2849 Domino
791 2822 870 2848 nimis
883 2823 910 2848 in
919 2831 962 2849 ore
977 2831 1043 2853 meo,

1144 2821 1419 2857 Ἐξομολογήσομαι
1431 2819 1470 2852 τῷ
1482 2820 1578 2853 Κυρίῳ
1592 2819 1710 2854 σφόδρα
1724 2820 1761 2847 ἐν
1775 2819 1878 2853 τῷογό

261 2867 284 2887 ct
309 2863 333 2889 in
359 2864 444 2891 medio
459 2864 604 2891 multarunt
627 2865 741 2893 laudabo
760 2875 830 2898 eum,
845 2867 906 2902 quia
930 2868 1015 2894 astitit
1031 2877 1044 2894 ιι

1099 2869 1170 2902 ματὶ
1180 2878 1249 2903 μου,
1263 2867 1310 2895 καί
1325 2868 1359 2894 ἑν
1371 2867 1455 2902 μέσῳ
1467 2865 1589 2895 πολλῶν
1604 2865 1713 2894 αἰνέσω
1728 2866 1830 2894 αὐτόν·
1845 2866 1886 2895 ὅτι

296 2921 318 2936 ⁸⁸
341 2921 422 2949 Hebr.
441 2931 495 2950 xu.
511 2922 539 2948 2.

578 2922 600 2938 ν’
625 2921 739 2956 Philipp.
759 2932 796 2956 ιι.
814 2925 840 2952 7.
880 2926 901 2941 ⁸³
924 2925 964 2955 lsa
994 2935 1052 2955 xm
1067 2947 1074 2959 ,
1094 2927 1118 2954 5.
