2044 3212
172 194 234 223 1541

711 192 965 220 COMMENTARIA
985 192 1018 219 ΙΝ
1035 193 1204 220 PSALMOS.

1353 182 1409 225 ὀἵ

1726 193 1795 221 ιδις

170 247 300 282 παρέστη
309 249 344 275 ἐκ
361 247 468 281 δεξιῶν
484 249 622 283 πένητος,
642 250 695 276 τοῦ
715 249 813 277 σῶσαι
836 251 869 277 ἐκ
898 252 953 277 τῶν

1008 251 1106 278 dextris
1124 250 1256 286 pauperis,
1271 256 1300 277 ut
1317 251 1418 279 salvam
1433 251 1531 286 faceret
1550 260 1567 280 a
1582 252 1793 286 persequentibus

170 293 408 320 ιαταδιωκόντων
426 294 482 329 τὴν
493 295 675 330 ψιιχήνμου.
694 289 828 322 Πολλῶνί
846 296 926 322 τίνων
940 296 956 332 ἢ

170 339 276 366 πάντων
287 340 340 366 τῶν
353 341 393 373 είς
409 341 488 371 αὑτὸν
505 342 725 369 πεπιστευκότων
739 341 832 374 ἐθνῶν,
846 343 891 369 καὶ
904 343 958 369 τῶν

169 385 228 412 καθ’
255 385 318 420 ὅλης
333 386 384 421 τῆς
402 386 564 422 οἰκουμένης
576 387 764 422 Ἐκκλησιῶν;
791 388 877 419 Αὐτὸς
903 389 958 423 γάρ

170 432 242 458 ἐστιν
254 432 267 458 6
280 431 373 459 εἰπών·
387 433 478 460 Ὅπου
493 433 546 459 δύο
556 433 573 467 ἢ
582 433 661 468 τρεῖς
670 435 852 468 συνηγμένοι
868 434 902 461 ἐν
917 434 958 467 τῷ

169 478 290 512 ὀνόματί
304 487 374 512 μου,
401 478 467 504 ἐκεῖ
491 480 549 513 ειμι
564 479 599 505 ἐν
616 478 700 513 μέσῳ
714 479 823 506 αὐτῶν.
837 480 881 506 Διὺ
895 480 956 507 καθ’

169 522 231 558 ὅλης
253 523 301 558 τῆς
314 523 475 559 οἰκουμένης
491 525 520 550 ἐν
541 524 613 559 μέσῳ
628 523 681 551 τῶν
697 525 865 560 Ἐκκλησιῶν
882 526 957 561 παρὰ

169 567 214 593 τοῦ
230 568 331 603 Κυρίου
344 569 381 603 τῷ
397 569 483 604 [Im-cpt
500 570 613 604 μεγίστη
642 570 764 606 πρόεισιν
784 571 956 606 εὐχαριστία.

362 617 507 649 ΨΑΛΜΟΣ
522 618 565 652 Τῼ
582 618 690 644 ΔΑΥΙΔ,
703 618 764 646 ΡΘ¹.

203 659 296 687 Εἶπεν
311 662 327 687 ὁ
340 662 446 702 Κύριος
456 662 495 695 τῷ
507 663 603 696 Κυρίῳ
614 672 684 697 μου’
694 663 794 691 Κάθου
807 665 840 691 ἐκ
849 664 956 697 δεξιῶν

169 713 234 738 μου,
253 705 308 738 ἕως
320 706 359 732 ἂν
372 705 412 733 θῶ
423 706 493 740 τοὺς
506 706 632 741 ἐχθρούς
645 715 702 735 σου
718 709 884 736 ὑποπόδιον
897 709 956 736 τῶν

168 749 267 785 ποδῶν
279 758 346 778 σου.
365 752 470 788 Σφόδρα
483 753 584 789 ἀκριὸἦ
602 753 648 779 καὶ
664 753 751 789 ἀληθῆ
768 754 846 789 λόγον
856 755 957 790 ἐπεση-

169 796 271 830 μήνατο
284 797 297 823 6
321 797 415 833 Σωτὴρ
432 797 510 838 ημῶν
532 798 658 838 εἰρηκώς·
687 801 722 834 Εἰ
738 797 795 827 οὖν
818 800 909 827 Δαυΐᾶ
921 801 956 828 ὲν

168 842 313 877 πνεύματι
334 843 420 870 καλεῖ
442 843 534 871 αὑτὸν
549 845 669 878 Κύριον,
697 845 760 879 πῶς
782 845 846 879 υίὸς
861 846 955 874 αὐτοῦ

168 887 269 919 ἐστιν;
284 888 314 914 οὐ
330 889 384 923 γὰρ
402 889 478 921 ὲκτδς
493 889 651 925 Πνεύματος
674 890 751 924 ἁγίου
765 889 821 923 οἶός
836 900 866 918 τε
883 889 917 927 ἦν
939 892 954 922 6

168 934 246 961 Δαυϊδ
257 936 343 962 εἰπεῖν
354 936 393 962 τό·
403 937 424 962 Ε
428 934 495 970 Later
507 938 523 963 ὁ
538 937 645 971 Κύριος
662 937 701 970 τῷ
710 939 807 972 Κυρίῳ
814 947 883 973 μου·
897 938 954 966 Κά-

167 982 220 1008 00v
233 980 267 1007 ἐκ
276 980 382 1013 δεξιῶν
388 991 458 1019 μου.
471 982 556 1012 Πόθεν
569 982 623 1019 γὰρ
635 985 723 1020 παρῆν
737 984 898 1020 ἀνθρωπίνῳ
910 985 954 1011 λο-

167 1025 281 1061 γισμῴἡ
298 1027 425 1063 γνῶσιςή
439 1027 486 1054 τοῦ
497 1028 602 1064 Πατρὸς
617 1028 684 1065 πρὸς
701 1030 746 1055 τὸν
761 1029 953 1065 ὠνομασμένον

167 1071 247 1098 αὑτοῦ
261 1071 362 1107 Κύριον
384 1073 568 1107 κοινολογίας;
588 1073 616 1100 Ὀ
646 1074 694 1109 μὲν
721 1072 767 1100 οὖν
783 1074 876 1110 θρόνος
902 1075 953 1111 τὴν

166 1115 305 1151 βασιλικὴν
321 1116 404 1143 αὐτοῦ
418 1117 494 1149 ἀξίαν
509 1118 719 1153 κατασημαίνει,
736 1119 753 1154 ἡ
766 1118 794 1145 δὲ
802 1118 909 1152 κάθισις
923 1121 954 1154 τὸ

166 1160 272 1196 βέϐαιον
281 1162 327 1188 καὶ
340 1162 443 1198 ἑδραῖον
457 1163 503 1189 καὶ
517 1162 663 1191 ἀσάλευτον
681 1164 730 1198 τῆς
745 1165 773 1192 ἐν
781 1165 813 1199 τῇ
830 1164 953 1201 βασιλείᾳ

166 1207 302 1242 διαμονῆς·
317 1208 346 1234 τὸ
370 1208 409 1242 δὲ,
434 1209 469 1235 ἐκ
493 1208 609 1242 δεξιῶν,
632 1208 701 1240 εἶναι
726 1210 772 1237 καὶ
797 1210 891 1244 δεξιῶν
906 1211 952 1238 τοῦ

167 1253 271 1288 Πατρός
292 1254 459 1290 δωρηματων
475 1255 610 1287 κοινωνόν.
630 1256 721 1290 Πάντα
743 1257 797 1293 γὰρ
817 1257 850 1284 τὰ
867 1257 952 1291 δεξιὰ,

166 1300 266 1336 φαιδρά
279 1309 308 1327 τε
323 1302 369 1328 καὶ
384 1301 473 1336 ἀγαθὰ
488 1304 534 1337 καὶ
546 1304 667 1339 σωτήρια
680 1306 793 1341 χορηγεῖ
808 1306 821 1331 6
835 1305 898 1337 Υἱὸς
915 1305 952 1338 ὡς

166 1345 239 1381 παρὰ
252 1346 366 1381 Πατρός.
392 1348 520 1382 Ἐχοροὺς
532 1348 559 1375 δὲ
577 1349 642 1384 φησὶ
659 1350 721 1381 τοὺς
737 1350 780 1376 διὰ
791 1350 836 1376 τοῦ
853 1359 951 1386 προτε-

166 1391 299 1426 ταγμένου
314 1391 420 1428 ψαλμοῦ
437 1393 645 1429 δεδηλωμένους·
661 1395 708 1421 καὶ
729 1395 758 1422 οὐ
778 1396 867 1431 μόνον,
885 1396 952 1430 ἀλλὰ

166 1437 211 1462 καὶ
234 1437 323 1469 πάσας
346 1437 395 1470 τὰς
412 1439 600 1474 ἀντικειμένας
621 1440 756 1476 δυνάμεις.
778 1442 884 1474 Πάντας
899 1442 953 1478 γὰρ

166 1481 216 1507 ὑπὸ
231 1482 293 1513 τοὺς
318 1483 400 1514 πόδας
417 1484 497 1510 αὑτοῦ
518 1484 609 1520 θήσειν
624 1487 637 1512 6
661 1487 754 1522 Πατὴρ
766 1487 952 1521 διαγγέλλεται

166 1526 208 1553 διὰ
223 1528 270 1554 τοῦ
287 1530 466 1565 προκειμένου
479 1530 597 1565 ψαλμοῦ.

207 1615 331 1643 Ῥάϐδον
344 1616 497 1658 δυνάμεως
506 1619 704 1651 ἑξαποστελεῖ
710 1621 818 1658 Κύριος
825 1622 858 1649 ἐκ
866 1622 953 1656 Σιὼν,

166 1661 215 1688 καὶ
229 1664 425 1698 κατακειρίευε
456 1665 583 1700 ἐνμέσῳ
598 1666 656 1693 τῶν
670 1667 785 1701 ἐχθρῶν
803 1677 871 1695 σου.
894 1660 955 1696 Ῥάέ

166 1706 228 1732 δδον
242 1707 382 1743 δυνάμεως
392 1709 420 1736 ὲν
430 1710 533 1742 τούτοις
546 1711 612 1746 ὴγοῦ
616 1720 664 1746 μαι
674 1712 718 1738 τὸν
725 1712 900 1747 εὐαγγελικὸν
911 1714 955 1741 λό-

165 1760 213 1785 γον
233 1753 367 1788 είρῆσθαι.
387 1754 546 1791 Ἐπίστησον
557 1756 584 1782 δὲ
599 1757 702 1792 μήποτε
719 1757 779 1784 καθ’
794 1758 886 1795 ἕτερον
897 1760 955 1796 τρότ

166 1805 217 1823 πον
234 1797 331 1832 ῥάϐδος
344 1799 486 1834 δυνάμεως
504 1801 611 1836 εἴρηται
631 1802 748 1829 ἐνταῦθα
767 1804 783 1838 ὴ
798 1805 826 1830 ὲν
840 1804 879 1840 τῷ
894 1804 955 1831 δευ-

166 1843 236 1878 τέρῳ
256 1843 354 1879 ψαλμῷ
369 1845 524 1881 κεκλημένη
545 1846 641 1882 ῥάϐδος
664 1848 770 1885 σιδηρᾶ.
792 1850 821 1875 '0
836 1850 885 1885 μὲν
907 1848 953 1879 οὖν

165 1888 340 1924 εὐαγγελικὺς
359 1891 446 1926 λόγος,
471 1893 484 1918 6
499 1893 547 1928 τῆς
568 1893 614 1919 τοῦ
641 1894 765 1930 Σωτῆρος
780 1895 858 1930 ήμῶν
876 1896 954 1923 δυνά-

167 1943 249 1970 μεως,
263 1936 310 1962 καὶ
325 1937 373 1972 τῆς
384 1937 443 1964 κατ’
457 1938 537 1964 αὑτὸν
552 1939 707 1974 οἰκονομίας
716 1940 924 1975 ἅπαγγελτικὸς,
936 1942 953 1977 ἡ

165 1980 325 2017 παιδευτικὴ
342 1982 388 2008 καὶ
411 1983 543 2021 σωτήριος
558 1985 599 2020 εἴη
621 1984 653 2011 ἂν
678 1978 785 2021 ρἀδοςέ
800 1987 816 2021 ή
833 1986 861 2012 δὲ
883 1986 954 2013 κατὰ

166 2026 218 2052 τῶν
236 2027 340 2063 ἐχθρῶν
358 2028 505 2055 αὐτοῦ’καὶ
522 2030 658 2066 πολεμίοιν
669 2028 719 2065 τῆς
737 2031 819 2058 αὑτοῦ
839 2027 953 2068 Ἐκκλη-

166 2072 225 2103 σίας
243 2073 421 2110 καθαιρετικὴ
445 2074 578 2110 λεγομένη
600 2076 705 2112 σιδηρᾶ,
722 2076 755 2102 δι’
772 2074 805 2112 ἦς
818 2077 855 2109 ὠς
867 2077 952 2113 σκεύη

166 2119 307 2154 κεραμέως
327 2121 479 2155 συντρίψειν
504 2121 612 2155 λέγεται
633 2120 699 2154 τοὺς
720 2123 832 2159 ἐχθροὺς
859 2124 950 2159 αὐτοῦ.

170 2164 245 2191 Ἐπεὶ
251 2165 339 2191 τοίνυν
351 2166 365 2191 ὁ
377 2166 493 2200 Χριστὸς
500 2167 550 2198 τὰς
560 2167 722 2202 Ἐκκλησίας
729 2168 810 2204 αὑτοῦ
821 2170 849 2204 εν
857 2170 953 2205 μέσαις

165 2211 222 2242 ταῖς
239 2210 332 2236 πόλεσι
346 2211 392 2237 καὶ¹
409 2211 437 2237 ὲν
456 2211 546 2243 αὐτοῖς
564 2212 657 2247 μέσοις
669 2213 757 2241 ἔθνεσι
772 2215 872 2250 μεταξὺ
897 2216 952 2243 τῶν

1009 298 1126 324 animant
1148 305 1243 323 meum.
1260 295 1407 324 Multorum
1424 305 1433 324 :
1454 305 1569 332 quorum
1593 297 1646 325 nisi
1671 297 1793 325 omnium

1007 343 1127 378 gentium
1145 350 1206 377 qua:
1221 343 1248 369 in
1266 342 1354 377 ipsum
1370 342 1554 374 crediderunt,
1568 346 1594 369 et
1609 342 1793 370 Ecclesiarum

1008 395 1068 422 quae
1083 387 1110 414 in
1129 391 1187 414 toto
1199 387 1266 414 orbe
1286 387 1368 414 sunt?
1381 386 1440 421 lpse
1454 393 1572 421 namque
1590 390 1632 414 est
1646 386 1693 421 qui
1706 385 1792 413 dixit:

1010 433 1060 460 Ubi
1075 433 1128 460 duo
1147 433 1186 460 vel
1207 438 1259 460 tres
1279 433 1430 467 congregati
1446 432 1543 467 fuerint
1559 433 1587 459 in
1607 433 1710 460 nomine
1724 441 1792 464 meo,

1007 479 1043 506 ibi
1057 488 1116 508 sum
1130 479 1157 506 in
1169 479 1254 506 medio
1271 487 1362 506 eorum
1377 479 1410 504 ’³.
1424 478 1485 506 Ideo
1495 487 1543 513 per
1554 482 1639 505 totum
1653 478 1745 505 orbem
1764 477 1792 507 in

1007 525 1097 552 modio
1121 525 1306 552 Ecclesiarum
1332 532 1438 560 magna:
1465 532 1480 551 a
1504 524 1620 552 Domino
1643 525 1793 560 gratiarum

1007 572 1130 599 actiones
1147 570 1221 597 Patri
1237 571 1408 598 emittuntur.

1164 615 1327 642 PSALMUS
1347 615 1410 642 ll’Sl
1431 615 1546 642 DAVID.
1566 614 1634 642 CIX.

1043 662 1126 690 Vens.
1139 662 1165 694 i,
1175 662 1201 690 2.
1212 661 1286 688 Dixit
1299 662 1426 688 Dominus
1434 662 1546 688 Domino
1559 670 1614 688 meo
1626 670 1634 688 :
1647 661 1712 688 Sede
1727 669 1742 687 α
1753 660 1794 687 de-

1006 707 1074 733 xtris
1087 707 1161 739 meis,
1178 706 1258 732 donec
1278 713 1374 740 ponam
1389 706 1509 733 inimicus
1524 711 1582 733 tuos
1596 705 1738 733 scabelium
1749 713 1794 739 pe-

1005 752 1068 779 dum
1084 756 1200 779 tuorum.
1216 751 1274 778 Hoc
1297 750 1401 778 dictum
1417 751 1495 778 valde
1518 754 1677 777 accuratum
1701 758 1732 777 ac
1749 759 1794 777 ve-

1006 805 1066 824 rum
1078 805 1140 825 esse
1155 797 1281 825 Salvator
1300 797 1463 832 signiﬁcavit
1481 797 1595 824 dicens:
1615 796 1645 824 Si
1662 805 1722 832 ergo
1739 796 1794 822 Da-

1006 843 1048 871 uid
1067 844 1093 870 in
1110 844 1205 877 spiritu
1220 848 1295 870 vocat
1316 851 1375 870 eum
1396 842 1548 874 Dominum,
1569 842 1699 878 quomodo
1722 842 1794 876 ﬁlius

1005 888 1063 923 ejus
1081 893 1119 915 est
1133 888 1174 916 "1'
1186 896 1275 923 neque
1293 887 1366 915 enim
1381 888 1441 914 sine
1458 886 1561 922 Spiritu
1579 891 1674 914 sancto
1688 890 1795 921 poterat

970 925 991 952 Β
1007 933 1092 961 David
1110 933 1168 961 haec
1193 933 1325 969 proferre,
1347 933 1422 960 Dixit
1440 933 1569 960 Dominus
1591 932 1704 959 Domino
1725 940 1794 965 meo,

1007 980 1073 1008 Sede
1090 989 1106 1007 a
1122 980 1223 1007 dextris
1242 980 1316 1008 meis.
1342 978 1483 1012 Quomodo
1503 978 1576 1005 enitn
1600 977 1725 1004 humana:
1747 984 1794 1004 co-

1007 1027 1121 1062 gnitioni
1148 1026 1293 1057 accidisset
1311 1025 1407 1053 notitia
1431 1023 1686 1052 communicationis
1711 1030 1793 1057 quam

1007 1073 1087 1101 Pater
1102 1073 1184 1100 habet
1200 1080 1262 1099 cum
1280 1079 1313 1099 eo
1335 1072 1381 1106 qui
1400 1070 1531 1098 Dominus
1546 1070 1631 1104 ipsius
1647 1068 1730 1095 David
1752 1067 1794 1094 di-

1006 1119 1097 1146 citur?
1112 1118 1241 1146 Thronus
1263 1118 1354 1152 itaque
1371 1117 1472 1152 regiam
1488 1116 1548 1151 ejus
1567 1114 1726 1150 dignitatem
1746 1112 1794 1140 de-

1006 1166 1108 1199 clarat;
1135 1165 1222 1193 sessio
1256 1168 1345 1191 autem
1371 1162 1543 1194 ﬁrmitatem,
1565 1160 1740 1188 stabilitatem
1756 1163 1793 1192 ,ει
1821 1155 1835 1169 “

1007 1211 1225 1239 immobilitatem
1252 1209 1453 1245 permansionis
1475 1208 1536 1244 ejus
1557 1208 1583 1235 in
1609 1215 1704 1242 regno.
1725 1205 1792 1239 llllud

1007 1265 1108 1292 autem,
1122 1269 1139 1292 α
1150 1259 1261 1291 dextris,
1274 1259 1397 1286 declarat
1416 1258 1505 1292 ipsum
1528 1256 1687 1284 dextrorum
1704 1253 1793 1281 Patris

1007 1313 1150 1338 munerum
1170 1313 1231 1333 esse
1253 1304 1422 1340 participem.
1440 1302 1537 1330 Omnia
1551 1302 1652 1338 quippe
1670 1301 1793 1332 dextera,

1007 1353 1078 1384 la-ta,
1095 1352 1166 1379 bona
1180 1357 1207 1379 et
1219 1350 1348 1378 salutaria
1365 1349 1442 1384 quasi
1463 1356 1476 1375 a
1493 1348 1573 1375 Patre
1586 1347 1671 1374 Filius
1687 1347 1792 1374 submi-

1006 1399 1116 1427 nistrat.
1128 1398 1255 1425 lnimicos
1268 1400 1358 1424 autem
1370 1399 1450 1423 vocat
1463 1403 1510 1422 eos
1522 1394 1569 1430 qui
1588 1394 1614 1420 in
1630 1393 1792 1428 praecedenti

1006 1446 1112 1481 psalmo
1125 1444 1256 1471 declarati
1268 1448 1347 1476 sunt;
1363 1450 1450 1477 neque
1462 1446 1565 1468 tanlum
1582 1447 1640 1472 eos,
1654 1440 1701 1468 sed
1711 1439 1792 1467 etiam

1006 1499 1102 1518 omnes
1114 1490 1286 1518 adversarius
1304 1489 1428 1516 virtutes.
1446 1486 1526 1514 Pater
1536 1486 1608 1514 enim
1623 1486 1650 1512 in
1666 1483 1791 1521 praesenti

1006 1535 1111 1571 psalmo
1123 1543 1152 1562 se
1165 1542 1260 1562 omnes
1274 1534 1325 1560 sub
1342 1532 1424 1570 pedes
1439 1532 1497 1566 ejus
1516 1534 1716 1566 prostraturum
1731 1537 1791 1558 esse

1007 1582 1160 1610 denuntiat.

1042 1629 1125 1658 Vens.
1150 1630 1176 1656 5.
1214 1628 1320 1664 Virgam
1344 1628 1450 1655 virtutis
1480 1627 1579 1655 emittet
1608 1624 1735 1652 Dominus
1759 1631 1790 1650 ea

1005 1674 1078 1705 Sion,
1093 1679 1117 1701 et
1134 1674 1269 1701 dominare
1284 1673 1311 1700 in
1325 1673 1408 1700 medio
1421 1672 1587 1701 inimicorum
1603 1676 1717 1697 tuorum.
1730 1669 1790 1696 Vir-

1004 1728 1066 1756 gam
1082 1720 1204 1750 (virtutis
1225 1720 1344 1747 arbitror
1364 1720 1417 1746 hoc
1439 1719 1499 1746 loco
1518 1716 1705 1752 evangelicum
1731 1723 1790 1744 ser-

1004 1775 1113 1794 monem
1127 1767 1229 1794 dictum
1247 1775 1317 1794 esse.
1335 1766 1455 1794 Observa
1472 1773 1564 1800 porro.
1581 1772 1645 1791 num
1668 1763 1738 1791 forte
1752 1771 1790 1790 sc-

1005 1812 1123 1840 cundum
1138 1813 1218 1845 aliam
1242 1812 1374 1839 rationem
1395 1811 1471 1846 virga
1487 1809 1595 1838 virtutis
1619 1809 1664 1836 hic
1684 1809 1790 1836 dicatur

1004 1863 1048 1888 ea,
1064 1863 1124 1890 quae
1141 1856 1167 1882 in
1182 1856 1302 1889 secundo
1319 1855 1423 1891 psalmo
1444 1855 1520 1890 virga
1539 1854 1627 1881 ferrea
1648 1861 1789 1888 nuncupa-

1005 1905 1059 1928 tur.
1076 1901 1253 1942 Evangelicus
1268 1902 1359 1935 itaque
1381 1907 1481 1930 sermo,
1502 1900 1548 1935 qui
1569 1898 1722 1926 Servntoris
1740 1905 1788 1925 no-

1004 1946 1054 1974 stri
1071 1947 1196 1973 virtutem
1217 1951 1243 1973 et
1265 1946 1326 1980 ejus
1348 1945 1527 1973 oeconomiam
1543 1945 1697 1977 annuntiat,
1713 1944 1788 1979 virga

1004 1992 1163 2019 doctrinalis
1186 1996 1213 2019 et
1230 1992 1358 2020 salutaris
1374 1992 1471 2025 fuerit;
1488 1992 1532 2019 illa
1548 1999 1613 2019 vero
1630 1999 1683 2026 qua
1700 1991 1788 2018 inimi-

1003 2047 1051 2067 cos
1066 2047 1131 2066 suos
1146 2042 1172 2065 et
1195 2039 1322 2066 Ecclesiae
1337 2038 1429 2070 hostes
1454 2038 1601 2075 prosternit
1616 2045 1647 2064 ac
1662 2037 1788 2070 destruit,

1004 2084 1091 2111 ferrea
1107 2087 1230 2121 vocetur,
1245 2091 1299 2118 qua
1314 2083 1415 2111 dicitur
1426 2084 1552 2111 inimicos
1574 2091 1638 2111 suos
1660 2087 1787 2118 tanquam

1003 2138 1067 2157 vasa
1093 2129 1166 2164 ilguli
1190 2129 1358 2157 contriturus
1379 2137 1448 2160 esse.
1473 2128 1541 2161 Quia
1561 2128 1642 2164 igitur
1663 2127 1787 2155 Christus

1003 2174 1140 2202 Ecclesias
1161 2183 1227 2207 suas
1240 2175 1267 2202 in
1285 2175 1381 2207 mediis
1403 2175 1516 2202 urbibus
1532 2179 1559 2202 et
1574 2174 1699 2209 gentibus
1719 2174 1787 2200 inter

1003 2221 1130 2247 inimicos
1152 2224 1179 2250 et
1202 2221 1295 2248 hostes
1319 2212 1471 2254 constituit,
1502 2220 1658 2247 necessario
1685 2218 1787 2245 dictum

166 2256 268 2292 ἐχθρῶν
284 2257 331 2283 καὶ
354 2256 495 2305 ’πολεμίων
524 2259 715 2295 συνεστήσατο,
733 2261 887 2295 ἀναγκαίως
907 2262 952 2299 λέτ

1004 2270 1045 2294 cst
1062 2275 1069 2293 :
1087 2267 1191 2305 Virgam
1207 2267 1310 2294 virtutis
1326 2272 1377 2295 tun:
1391 2268 1490 2294 emittet
1502 2266 1641 2296 Dominus,
1659 2269 1687 2290 ut
1700 2263 1786 2291 domi-

165 2302 255 2328 λικται
278 2301 329 2332 ὅτι,
354 2300 477 2328 Ῥάὸδον
502 2301 654 2337 δυνάμεώς
675 2311 734 2331 σου
753 2305 954 2338 ὲξαποστελεῖ

166 2347 278 2382 Κύριος,
293 2347 344 2374 ἵνα
365 2348 601 2382 κατακυριεύσῃς
614 2348 649 2375 ἐν
665 2349 749 2384 μέσῳ
759 2350 819 2377 τῶν
838 2351 953 2386 ἐχθρῶν

165 2401 232 2419 σου.

198 2438 278 2465 Μετὰ
291 2439 378 2474 σοῦἠ
397 2439 474 2474 ἀρχὴ
491 2440 526 2467 ἐν
541 2441 635 2475 ἡμέρᾳ
655 2441 710 2475 τῆς
724 2441 877 2477 δυνάμεώς
893 2450 950 2470 σου

165 2485 197 2512 ἐν
209 2486 273 2519 ταῖς
289 2487 478 2521 λαμπρότησι
491 2486 551 2514 τῶν
570 2487 672 2522 ἁγίων,
695 2487 730 2514 ἐκ
752 2488 880 2522 γαστρὸς
893 2488 950 2522 πρὸ

166 2530 317 2564 ἑωσφόρου
347 2531 496 2566 ἐγέννησά
522 2539 568 2558 σε.
595 2531 720 2563 Ἀκύλας,
749 2532 816 2559 Ἀπὸ
835 2533 952 2567 μήτρας

165 2576 399 2611 ἐξωρθρισμένης
412 2586 461 2604 σοι
482 2577 591 2611 δρόσος
606 2578 794 2612 παιδιότητός
809 2586 877 2605 σουο
893 2580 907 2605 6
922 2571 950 2605 at

165 2622 319 2658 Σύμμαχος
340 2623 388 2655 Ὧς
402 2623 465 2650 κατ’
482 2624 587 2658 ὄρθρον
604 2631 654 2650 σοι
675 2623 785 2657 δρόσος
802 2624 821 2658 ἡ
844 2625 951 2658 ’νεότης

165 2675 230 2695 σου·
246 2668 302 2703 ἠδὲ
318 2669 430 2704 πέμπτη
446 2669 559 2702 ἔκδυσις,
583 2670 630 2696 Ἐκ
643 2670 758 2704 μήτρας
773 2670 831 2697 ἀπὸ
844 2663 951 2705 ὅρθρού

165 2721 211 2740 σοι
224 2713 334 2747 δρόσος
345 2714 487 2748 νεότητός
505 2723 573 2742 σου.
591 2716 646 2741 Καὶ
662 2715 733 2742 ἔοικέ
748 2724 780 2749 γε
795 2716 839 2742 διὰ
848 2717 951 2743 τούτων

165 2759 212 2794 τῆς
227 2759 358 2795 ἐνσάρκου
385 2760 537 2795 γεννήσεως
559 2760 641 2787 αὑτοῦ
662 2760 710 2796 τὴν
729 2762 884 2797 οἰκονομίαν
900 2771 948 2797 ση-

165 2805 280 2839 μαίνειν.
305 2805 371 2832 Ἀπὸ
383 2805 437 2840 γὰρ
457 2806 571 2841 μήτρας,
589 2807 667 2842 φησὶ,
690 2807 833 2841 γενήσεται
856 2807 950 2843 δρόσος

165 2849 367 2885 ὲξωρορισμένη
381 2851 430 2886 τῆς
439 2850 609 2885 mamma;
623 2859 679 2877 σου·
701 2852 717 2887 ἢ
735 2853 766 2878 ἐκ
783 2853 888 2889 μήτρας
904 2861 949 2888 γε-

199 2904 222 2920 ⁹³
240 2903 333 2933 Matth.
353 2913 433 2938 xvttt,
451 2905 495 2934 ΞΟ.
534 2906 556 2922 ³⁸
576 2906 669 2934 Matth.
690 2915 762 2939 χχιι.
779 2908 822 2935 45.

1002 2314 1073 2349 neris
1088 2314 1115 2340 in
1131 2313 1215 2341 medio
1229 2313 1396 2348 inimicorum
1414 2317 1528 2343 tuorum.

1037 2434 1119 2462 Vsus.
1134 2435 1161 2461 4.
1186 2434 1280 2460 Tecum
1309 2433 1469 2467 principium
1495 2432 1522 2458 in
1548 2431 1591 2458 die
1612 2430 1718 2457 virtutis
1736 2434 1786 2456 tuo:

1002 2484 1028 2510 in
1040 2483 1221 2518 splendoribus
1236 2487 1401 2513 sanctorum,
1420 2489 1452 2509 ea:
1467 2486 1541 2508 utero
1558 2486 1618 2507 ante
1636 2480 1786 2514 Luciferum

1000 2535 1078 2569 genui
1093 2539 1126 2560 te.
1142 2533 1250 2568 Aquila,
1266 2533 1299 2560 ab
1315 2537 1389 2559 utero
1413 2532 1530 2558 diluculo
1547 2532 1660 2558 excitato
1678 2531 1725 2557 tibi
1743 2538 1785 2557 ros

1001 2585 1122 2620 pueritiw
1135 2589 1186 2611 tua:
1196 2593 1203 2617 ;
1213 2583 1393 2620 Symmachus
1407 2603 1414 2615 ,
1427 2583 1494 2609 uelut
1505 2582 1621 2609 diluculo
1633 2582 1679 2608 tibi
1691 2590 1732 2609 ros
1739 2581 1785 2616 ju-

1001 2641 1091 2663 ventus
1107 2641 1170 2667 tua;
1184 2635 1280 2670 quinta
1305 2639 1395 2661 autem
1412 2633 1508 2665 editio,
1525 2641 1557 2660 ex
1584 2638 1657 2660 utero
1673 2633 1785 2660 dilicqu

1002 2680 1048 2707 tibi
1068 2689 1110 2707 ros
1124 2680 1270 2715 juventutis
1283 2684 1343 2705 tutu.
1363 2677 1464 2713 Hisque
1479 2678 1586 2706 videtur
1602 2678 1786 2713 generationis

1000 2727 1060 2760 ejus
1091 2725 1210 2752 carnalis
1238 2724 1418 2752 teconomiam
1450 2723 1614 2759 signiﬁcare.
1644 2723 1685 2749 Ab
1707 2726 1784 2749 utero

1000 2773 1084 2803 enim,
1101 2772 1148 2803 ait,
1165 2772 1216 2798 erit
1228 2779 1272 2798 ros
1287 2771 1438 2798 matutinus
1453 2770 1575 2806 pueritiae
1589 2774 1657 2802 tuae;
1675 2769 1732 2796 sive
1751 2777 1782 2797 ex

1000 2822 1078 2845 utero
1094 2818 1138 2845 lict
1162 2817 1210 2844 tibi
1236 2824 1281 2849 ros
1297 2821 1359 2844 qus
1380 2816 1501 2844 diluculo
1519 2817 1544 2842 in
1563 2815 1706 2851 jnrcntule
1726 2819 1781 2841 tua.

1002 2864 1102 2899 [lisque
1119 2863 1236 2891 arbitror
1251 2863 1396 2896 declarari,
1422 2871 1475 2890 non
1489 2870 1521 2890 ex
1536 2862 1639 2890 semine
1654 2861 1716 2893 viri,
1735 2860 1785 2887 sed
