2044 3212
290 164 356 197 1547
609 160 745 194 EUSEBII
763 163 1003 194 CESARIENSIS
1020 164 1095 193 OPP.
1117 164 1207 193 PARS
1225 164 1270 193 Ill.
1290 172 1325 186 -'-
1344 163 1549 193 EXEGETICA.
1842 164 1910 195 I318

321 221 405 251 Vsus.
421 222 482 250 4-6.
500 222 628 250 Exortum
643 228 683 251 est
701 224 729 250 in
742 222 855 251 tenebris
873 223 959 250 lumen
979 224 1068 256 rectis,
1085 227 1108 255 Α

1103 243 1108 255 ι
1162 223 1367 256 Ἐξανέτειιεν
1376 224 1413 251 ἐν
1424 224 1527 251 σκότει
1540 223 1603 258 φῶς
1619 219 1680 257 τοῖς
1690 218 1821 255 ὠθέσιν,
1829 223 1910 258 sunt

290 269 435 296 misericors
446 274 470 296 et
484 270 624 297 miserator
632 275 657 297 et
664 270 765 305 justus.
793 270 818 297 ls
829 270 875 305 qui
888 271 983 297 beatus
1001 277 1070 305 prae-

1118 277 1184 302 ιιων
1209 268 1258 294 καὶ
1279 268 1436 302 οἰκτίρμων
1448 268 1497 295 και
1513 267 1637 301 δίκαιος.
1646 268 1674 295 '0
1692 267 1910 304 μακαριζόμενος

289 315 404 347 dicatur,
422 316 561 351 proprium
583 316 675 348 lumen
703 324 758 344 non
781 316 892 347 deserit,
919 317 1071 343 doctrinam

1120 314 1150 340 τὸ
1173 315 1270 341 οἰκεῖον
1295 315 1352 349 φῶς
1370 315 1400 341 οὐ
1420 314 1563 346 διαλείπει,
1576 314 1759 348 ὲξανατέλλων
1777 315 1808 341 οὔ
1833 315 1908 349 πᾶσι,

289 368 364 388 suam
379 369 435 389 non
452 361 592 394 omnibus,
607 362 654 389 sed
677 363 760 389 rectis
777 362 877 389 exoriri
901 361 1014 393 faciens,
1039 369 1071 388 ac

1119 361 1168 396 τὴν
1183 360 1355 388 διδασκαλίαν
1371 361 1401 387 δὲ
1416 362 1472 393 τοῖς
1493 360 1601 387 εὑθὲσιν
1627 360 1722 393 αὐτοῦ,
1741 361 1789 388 καὶ
1809 360 1840 387 τὸ
1860 361 1910 397 τῆς

288 413 377 435 lumen
394 408 558 443 cognitionis
579 408 653 436 intus
684 408 711 435 in
744 412 881 435 rectorum
898 409 1071 443 generatione

1120 407 1246 442 γνώσεως
1257 407 1314 442 φῶς
1328 407 1402 434 ἔνδον
1416 408 1445 434 ὲν
1454 409 1487 442 τῇ
1498 407 1552 434 τῶν
1564 406 1667 436 εὐθέων
1679 407 1760 443 γενεᾷ
1774 407 1908 443 παρέχων,

288 454 420 488 praebens.
431 462 462 482 ac
477 458 567 482 rectos
582 455 749 489 illumipans.
760 455 897 482 Iucundus
911 455 950 481 vir
960 456 1005 489 qui
1021 455 1070 481 mi-

1120 454 1166 480 καὶ
1181 454 1245 486 τοὺς
1262 453 1350 485 εὐθεῖς
1366 452 1500 488 φωτίζων.
1517 453 1654 487 Χρηστὸς
1672 452 1750 487 ἀνὴρ
1770 453 1787 480 ό
1805 453 1910 480 οῑκτεί³

288 505 386 527 seretur
407 505 431 527 et
445 500 603 527 commodat.
616 499 675 527 Non
692 500 811 527 occludit
829 500 932 527 viscera
947 507 1006 531 sua,
1023 499 1070 526 sed

1115 509 1178 534 ρων
1189 500 1237 526 καὶ
1251 500 1435 535 κιχρῶν]οὺκ
1449 499 1586 527 ἀποκλείει
1601 499 1634 526 τὰ
1650 498 1746 526 ἑαυτοῦ
1758 499 1909 535 σπλάγχνα,

287 546 356 573 bona
371 554 420 574 sua
439 546 582 582 egentibus
599 546 718 581 impertit
736 556 742 573 :
759 546 823 581 quia
837 546 888 573 hoc
905 550 1068 580 praeceptum

1119 545 1187 571 ἀλλὰ
1202 546 1360 580 μεταδίδωσι
1372 546 1426 572 τῶν
1441 545 1618 581 ὑπαρχόντων
1633 546 1690 576 τοῖς
1705 543 1853 579 δεομένοις,
1866 544 1910 571 διὰ

287 592 380 628 implet
394 602 400 619 :
414 592 480 625 Quis
492 598 530 620 est
542 593 629 627 ﬁdelis
643 598 667 620 et
675 593 787 627 prudens
806 601 964 623 acopiomus.
983 593 1028 627 qui
1043 592 1069 619 in

1118 591 1148 617 τὸ
1164 591 1307 626 φυλάττειν
1319 592 1427 627 ἐντολὴν
1440 591 1489 627 τὴν
1505 591 1651 625 λέγουσαν
1669 590 1716 623 Τίς
1729 587 1787 625 ἄρα
1802 590 1910 623 πιστὸς

286 642 400 672 tempore
415 638 546 665 conservis
565 638 639 664 dabit
669 638 750 665 tritici
771 639 947 666 mensuram?
972 637 1068 664 Beatus

1120 636 1167 663 καὶ
1181 638 1324 672 φρόνιμος
1337 637 1503 671 οἰκονόμος,
1517 636 1551 669 ὃς
1565 636 1599 663 ἐν
1609 635 1700 670 καιρῷ
1713 635 1803 663 δώσει
1820 635 1853 662 τὸ
1869 644 1911 663 σι-

285 683 330 711 ille
344 692 432 711 servus
449 693 523 719 quem
537 692 596 710 cum
611 684 706 711 uenerit
727 683 849 711 dominus
866 685 934 716 eius,
957 684 1068 710 inveniet

1119 682 1272 717 τομέτριον
1290 682 1352 715 τοῖς
1373 682 1572 715 συνδούλοις;
1591 680 1742 715 Μακάριος
1763 683 1779 708 d
1799 678 1910 714 δοῦλος

285 729 324 756 sic
337 729 487 764 facientem.
505 729 568 756 Vere
584 729 641 757 dico
655 730 737 761 vobis,
752 730 877 765 quoniam
891 737 967 763 super
981 730 1070 757 omnia

1119 727 1243 759 ἐκεῖνος,
1263 726 1299 753 ὃν
1318 727 1414 754 ἐλθὼν
1433 728 1450 753 ὁ
1475 726 1576 760 κύριος
1586 725 1687 761 Ιαὺτοῦ
1701 725 1830 760 ζεῠρήσει
1848 734 1910 753 ποι-

285 774 352 801 bona
369 783 419 802 sua
436 775 575 802 constituet
589 783 649 802 eum
665 775 698 802 "'.
719 775 846 810 Disponet
863 784 995 802 sermones
1008 785 1070 803 suos

1120 772 1212 799 οὗντα
1233 772 1337 805 οὕτως.
1347 772 1473 807 Ἀληθῶς
1495 771 1574 807 λέγω
1590 771 1671 806 ὑμῖν,
1693 771 1738 798 ὅτι
1761 771 1810 804 ἐπὶ
1834 772 1909 813 πᾷσι

285 821 312 847 in
321 820 504 856 judicio,quia
517 821 543 848 in
561 826 688 848 talentum
700 829 751 848 non
762 821 975 850 commovebitur.
984 818 1069 855 Talis,

1120 818 1183 851 τοῖς
1196 818 1388 853 ὑπάρχουσιν
1403 817 1496 845 αὑτοῦ
1514 817 1698 852 καταστήσει
1714 817 1816 844 αὐτόν.
1831 818 1910 844 οἰκο-

285 867 384 902 inquit,
397 868 488 899 homo,
501 872 527 895 et
540 867 586 903 qui
605 868 670 895 talia
687 868 753 903 agit,
775 876 864 904 neque
879 868 968 901 cadet,
982 877 1070 904 neque
1087 897 1092 904 ,

1103 899 1106 904 _
1121 864 1246 899 νεμήσει
1258 864 1328 898 τοὺς
1340 865 1450 899 λόγους
1466 864 1558 891 αὑτοῦ
1572 864 1607 890 ἐν
1618 864 1724 898 κρίσει,
1739 863 1784 890 ὅτι
1799 863 1843 897 εις
1858 863 1910 891 τὸν·

284 913 499 940 commovebitur
518 921 533 940 a
549 921 598 941 sua
615 921 696 948 supra
726 918 832 948 petram
856 914 984 942 statione.
1010 914 1069 942 Non
1087 897 1091 924 1

1102 899 1107 923 ¹
1119 909 1212 936 αἰῶνα
1223 911 1258 937 οὐ
1279 909 1508 944 σαλευθήσεται.
1518 910 1546 936 ’0
1560 908 1690 942 τοιοῦτος,
1707 909 1783 944 φησὶ,
1795 909 1843 936 καὶ
1853 918 1909 936 τοι-

283 958 354 984 enim
375 958 528 993 principum
555 959 643 986 minas
675 958 872 991 reformidabit,
903 967 958 987 non
987 960 1070 995 perti-

1120 955 1189 982 αῦτα
1207 955 1344 992 πράττων,
1356 955 1417 982 οὕτε
1430 957 1562 986 πεσεῖται,
1575 955 1637 982 οὗτε
1653 955 1850 990 σαλευθήσεται
1859 955 1909 990 τῆς

283 1008 384 1031 Ineseet
399 1012 456 1035 eos,
473 1005 519 1039 qui
535 1005 563 1031 in
581 1009 704 1040 tempore
718 1005 882 1033 calamitatis
906 1013 936 1034 se
954 1010 1069 1034 contur-

1119 1002 1165 1028 ἐπὶ
1177 1002 1226 1037 τὴν
1244 1002 1347 1038 πέτραν
1364 1002 1496 1034 στάσεως.
1515 1001 1583 1029 Οὔτε
1601 1001 1656 1037 γὰρ
1674 1001 1801 1033 ἀπειλαῖς
1814 1001 1910 1038 ἀρχόν-

282 1046 347 1076 bare
362 1056 394 1076 ac
405 1049 574 1077 confundere
587 1055 732 1077 conantur.

1118 1056 1171 1074 των
1186 1046 1292 1083 πτήξει,
1309 1047 1370 1074 οὔτε
1383 1048 1437 1074 τῶν
1454 1048 1578 1084 θορυϐεῖν
1592 1048 1639 1074 καὶ
1662 1047 1806 1083 ταράττειν
1828 1047 1909 1075 αὐτὸν

1119 1094 1296 1130 πειρωμένων
1312 1097 1341 1121 ὲν
1358 1097 1464 1131 καιροῖς
1480 1095 1694 1130 περιστατικοῖς.

316 1145 399 1174 Vens.
413 1146 442 1179 7,
456 1146 483 1173 8.
501 1144 534 1172 1η
547 1146 673 1173 memoria
685 1150 784 1173 (eterna
794 1146 844 1173 erit
857 1146 959 1180 justus,
970 1154 1002 1172 ao
1017 1155 1066 1172 au-

1152 1152 1205 1184 Εἱς
1226 1152 1424 1186 μνημόσυνον
1451 1151 1571 1178 abin-tor
1594 1151 1680 1178 ἔσται
1709 1151 1835 1185 δίκαιος.
1849 1151 1909 1179 ἀπὸ

280 1191 380 1218 ditione
394 1191 466 1217 mala
481 1199 532 1217 non
547 1191 657 1218 timebit.
675 1190 734 1218 Non
756 1199 787 1218 ex
806 1191 897 1218 verbis
921 1191 1066 1224 mendacii,

1117 1197 1211 1231 ἀκοῆς
1222 1197 1355 1230 πονηρᾶς
1370 1198 1405 1224 οὐ
1416 1197 1627 1232 φοϐηθήσεται.
1638 1197 1698 1224 Οὐδ’
1706 1198 1739 1224 ὲκ
1751 1197 1838 1232 λόγων
1845 1198 1910 1231 deire

280 1246 340 1273 qua:
354 1238 495 1264 veritatem
513 1237 623 1272 quidem
646 1237 809 1273 praeferunt,
835 1238 883 1265 sed
902 1243 997 1265 contra
1020 1238 1067 1265 Dei

1116 1243 1178 1275 δῶν,
1201 1243 1442 1278 ἐπαγγελλομένων
1464 1243 1512 1278 μὲν
1537 1243 1675 1279 ἀλήθειαν,
1693 1243 1856 1279 ἐπηρμένων
1878 1243 1906 1270 δὲ

281 1283 463 1319 cognitionem
492 1291 553 1310 sese
573 1286 713 1314 userunt,
738 1283 843 1310 sinistri
864 1283 1003 1318 quidpiam
1020 1291 1068 1319 pa-

1117 1289 1188 1316 κατὰ
1208 1288 1258 1323 τῆς
1273 1288 1398 1323 γνώσεως
1412 1288 1458 1315 τοῦ
1475 1288 1553 1320 Θεοῦ,
1571 1288 1693 1316 πείσεταί
1705 1298 1731 1316 τι
1747 1289 1842 1322 δεινὸν,
1859 1289 1907 1316 ἅτε

281 1331 375 1362 tictur,
394 1334 488 1365 utpote
505 1329 636 1356 fundatus
657 1337 740 1363 supra
758 1333 874 1363 petram,
903 1337 982 1364 quem
999 1330 1067 1356 nihil

1116 1336 1148 1370 δὴ
1165 1334 1395 1370 τεθεμελιωμένος
1413 1334 1459 1361 ἐπὶ
1474 1335 1522 1370 τὴν
1537 1335 1649 1370 πέτραν,
1665 1335 1712 1362 καὶ
1729 1335 1844 1370 μηδενὸς
1857 1335 1906 1362 αὒ-

280 1384 409 1412 separare
424 1377 510 1411 possit
525 1383 541 1402 a
557 1375 692 1402 charitate
707 1375 765 1406 Dei.
782 1383 842 1410 qua:
858 1379 900 1402 est
914 1377 942 1402 in
958 1375 1067 1403 Christo

1116 1381 1161 1408 τὸν
1175 1381 1336 1417 χωρίζοντος
1352 1381 1406 1407 ἀπὸ
1419 1381 1467 1416 τῆς
1477 1381 1586 1416 ἀγάπης
1597 1381 1643 1407 τοῦ
1654 1381 1721 1408 θεοῦ
1734 1381 1784 1416 τῆς
1795 1382 1826 1408 ὲν
1838 1381 1906 1417 Χρι-

279 1422 355 1450 Jcsu.
382 1422 514 1449 Paratum
535 1430 579 1448 cor
596 1421 654 1456 ejus
668 1429 774 1455 sperare
788 1422 815 1447 in
831 1421 955 1453 Domino,
971 1423 1067 1457 conﬁr-

1117 1426 1172 1461 στῷ
1196 1427 1292 1461 Ἰησοῦ.
1303 1427 1417 1461 Έτοίμη
1434 1428 1453 1461 ἠ
1470 1427 1577 1461 καρδιά
1594 1427 1686 1454 αὑτοῦ
1706 1427 1837 1458 ἐλπίζειν
1856 1427 1908 1455 est}

280 1473 382 1494 rnatum
408 1471 447 1494 est
477 1474 523 1493 cor
549 1466 606 1500 ejus
628 1474 637 1492 :
664 1474 716 1493 non
752 1466 955 1493 commovebitur
986 1467 1066 1494 donec

1116 1473 1236 1507 Κύριον,
1257 1472 1428 1506 ἐστήρικται
1450 1473 1469 1506 ἡ
1496 1472 1602 1506 καρδία
1613 1472 1722 1499 αὑτοῦ·
1742 1473 1778 1499 οὐ
1793 1472 1837 1507 μὴ
1850 1481 1905 1507 φο-

279 1513 407 1546 despiciat
428 1512 549 1539 inimicos
563 1520 636 1539 suos.
667 1511 740 1544 Ideo,
755 1511 853 1546 inquit.
869 1519 924 1539 non
945 1519 1066 1539 commo-

1116 1518 1204 1553 ϐηθῇ,
1221 1519 1275 1551 ἕως
1289 1516 1324 1546 οὖ
1338 1518 1425 1552 ἐπίδῃ
1446 1517 1494 1544 ἐπὶ
1516 1517 1586 1551 τοὺς
1600 1518 1724 1552 ἐχθροὺς
1740 1518 1844 1545 αὐτοῦ.
1857 1518 1906 1544 Διὰ

278 1558 404 1591 vehitur;
421 1557 469 1585 sed
481 1565 569 1592 neque
585 1557 617 1583 ab
637 1556 771 1584 auditione
786 1557 858 1584 mala
873 1557 988 1589 timebit,
1001 1558 1064 1592 quia
1079 1574 1085 1599 η

1099 1592 1100 1599 γ
1115 1564 1211 1597 ταῦτα,
1223 1564 1351 1600 φησὶν,οὑ
1366 1564 1571 1599 σαλευθήσξται,
1589 1564 1645 1590 ἀλλ’
1665 1564 1725 1590 οὐδὲ
1738 1564 1798 1591 ἀπὸ
1812 1563 1906 1598 ἀκοῆς

278 1609 402 1631 curatum
415 1611 461 1630 cor
472 1603 529 1637 ejus
540 1607 581 1629 est
595 1609 700 1636 sperare
718 1602 745 1628 in
759 1601 883 1629 Domino.
897 1602 974 1635 Quod
988 1603 1066 1638 Sym-

1117 1609 1249 1644 πονηρᾶς
1260 1610 1451 1646 φοΰηθήσεται,
1467 1609 1561 1645 ἐπειδὴ
1573 1610 1675 1645 ἑτοίμη
1689 1610 1708 1643 ἡ
1726 1609 1836 1645 καρδία
1853 1611 1905 1637 αὐ-

279 1650 395 1677 machus
410 1650 500 1680 vertit,
529 1648 637 1683 ﬁrmum
652 1657 697 1675 cor
707 1648 763 1683 ejus
778 1649 833 1675 sine
847 1648 1025 1676 sollicitudine
1039 1650 1066 1676 in

1117 1656 1170 1682 τοῦ
1184 1655 1313 1686 ἐλπίζειν
1321 1656 1370 1682 ἐπὶ
1382 1657 1500 1688 Κυριον.
1510 1656 1580 1682 ’Δνθ“
1591 1653 1620 1682 οὖ
1631 1657 1645 1683 6
1657 1655 1805 1692 Σύμμαχος
1814 1655 1904 1688 hmini

279 1695 403 1723 Domino.
421 1694 482 1721 ldeo
499 1693 656 1728 hujusmodi
683 1694 816 1721 tumultus
829 1693 962 1728 despicit:
979 1701 1067 1728 neque

1118 1710 1176 1727 σεν·
1194 1701 1314 1735 Ἐδραία
1325 1702 1343 1735 ἡ
1355 1701 1460 1735 καρδιά
1473 1701 1567 1729 αὐτοῦ
1581 1700 1739 1736 ἀμέριμνος
1752 1702 1788 1728 ἐν
1799 1702 1904 1737 Κιτρίψ.

279 1741 361 1768 modo
392 1740 517 1767 inimicos
549 1748 603 1766 nou
637 1740 825 1774 pertimescit;
865 1747 957 1766 verum
984 1740 1066 1766 etiam

1117 1748 1166 1774 Διὰ
1179 1747 1257 1774 τοῦτο
1273 1747 1326 1774 τῶν
1338 1747 1465 1774 τοιούτων
1485 1746 1607 1782 Θορύῦων
1621 1748 1801 1783 καταφρονεῖ⁸
1816 1748 1863 1775 καὶ
1875 1747 1906 1774 οὺ

278 1793 374 1814 eorum
388 1786 503 1816 cladem.
518 1785 553 1812 ob
570 1792 645 1820 spem
661 1785 688 1812 in
704 1784 759 1812 Deo
774 1785 904 1817 locatam,
914 1788 1064 1820 exspectat.

1118 1794 1198 1829 μόνον
1210 1794 1240 1820 οὑ
1259 1793 1330 1820 δέδιε
1345 1793 1408 1824 τοὺς
1419 1793 1570 1828 δυσμενεῖς,
1589 1792 1657 1819 ἀλλὰ
1673 1793 1720 1819 καὶ
1733 1793 1784 1829 τὴν
1795 1793 1905 1820 ἐκείνων

1119 1838 1203 1875 ἧτταν
1220 1839 1264 1866 διὰ
1279 1839 1329 1874 τὴν
1343 1839 1383 1871 εἰς
1392 1838 1457 1865 Θεὺν
1471 1838 1565 1865 ἐλπίδα
1583 1839 1745 1874 παραμένει.

314 1886 397 1914 Vsus.
414 1885 441 1917 9,
457 1886 498 1914 10.
514 1885 655 1919 Dispersit,
680 1883 751 1912 dedit
775 1885 945 1919 pauperibus,
956 1885 1067 1920 justitia

1159 1896 1363 1929 Ἐσκόρπισεν,
1377 1895 1469 1922 ἔδωκε
1485 1895 1547 1927 τοῖς
1557 1894 1703 1928 πένησιν·
1720 1895 1741 1929 ἡ
1759 1894 1904 1922 δικαιοσύ-

278 1932 335 1966 cjus
353 1936 440 1958 manet
455 1932 481 1958 in
496 1931 622 1958 saxulum
631 1931 822 1962 sceculi,coruu
834 1931 890 1965 ejus
905 1931 1067 1958 excitabitur

1117 1949 1155 1975 νη
1171 1940 1263 1967 αὐτοῦ
1282 1939 1365 1974 μένει
1383 1941 1427 1972 εὶς
1443 1940 1497 1966 τὸν
1512 1939 1604 1967 αἰῶνα
1616 1939 1669 1967 τοῦ
1680 1939 1798 1973 αἰῶνος,
1812 1940 1846 1967 τὸ
1862 1941 1905 1967 κέν

278 1979 307 2005 in
321 1978 417 2013 gloria.
435 1977 562 2004 Peccator
573 1976 668 2004 videbit
683 1981 707 2004 et
723 1977 862 2009 irascetur,
875 1977 996 2004 dentibus
1010 1978 1066 2005 suis

1112 1994 1169 2019 ρας
1184 1985 1276 2012 αὑτοῦ
1294 1985 1485 2019 ὑψωθήσεται
1507 1985 1542 2012 ἐν
1555 1985 1639 2019 δόξῃ.
1647 1986 1829 2020 Ἀμαρτωλὸς
1841 1987 1904 2021 ὄψει

280 2025 373 2059 fremet
396 2029 419 2051 et
442 2023 554 2050 tabescet
575 2031 585 2050 :
607 2023 768 2050 desiderium
793 2024 936 2057 peccatoris
960 2024 1065 2058 peribit.

1116 2040 1162 2058 ται
1180 2031 1228 2058 καὶ
1245 2030 1464 2065 ὀργισθήσεται,
1482 2031 1553 2065 τοὺς
1577 2032 1701 2066 ὀδόντας
1723 2032 1818 2060 αὐτοῦ
1829 2033 1904 2067 ,βρύα

279 2068 413 2101 Quoniam
423 2071 495 2095 totus
510 2067 554 2095 hic
569 2075 659 2095 sermo
669 2067 702 2095 de
716 2068 749 2095 iis
758 2069 804 2103 qui
820 2068 871 2096 lide
884 2068 981 2095 initiati
991 2073 1065 2101 sunt,

1117 2079 1161 2110 εει
1182 2078 1231 2106 καὶ
1247 2078 1417 2111 τακήσεται,
1436 2077 1576 2112 ἐπιθυμία
1592 2078 1765 2112 ἁμαρτοαοῦ
1786 2077 1904 2105 ἀπολεῖ-ο

279 2118 306 2141 et
321 2113 354 2141 de
368 2113 468 2148 populo
494 2120 526 2140 ex
543 2113 681 2148 gentibus,
699 2114 744 2148 qui
763 2120 811 2148 per
826 2114 946 2141 divinam
964 2115 1067 2142 doctri-

1116 2132 1172 2150 ται.
1188 2123 1296 2158 Ἐπειδὴ
1321 2123 1385 2158 περὶ
1405 2122 1459 2148 τῶν
1478 2122 1522 2149 διὰ
1548 2122 1665 2155 πίστεως
1685 2122 1904 2158 τελειουμένωνό

278 2167 341 2187 nam
355 2159 402 2187 Dei
422 2160 525 2186 cultum
541 2160 672 2195 suscepit,
693 2161 888 2195 pronuntiatus
901 2165 954 2193 est,
970 2169 1066 2189 conse-

1117 2170 1170 2199 πᾶς
1185 2168 1273 2202 λόγος,
1287 2168 1333 2194 καὶ
1350 2167 1413 2202 περ).
1425 2166 1472 2194 τοῦ
1485 2167 1513 2200 ἐξ
1525 2166 1610 2193 ὲθνῶν
1626 2166 1691 2193 λαοῦ
1707 2166 1754 2193 τοῦ
1770 2166 1842 2193 κατὰ
1855 2166 1902 2201 τὴν

278 2210 393 2241 quenter
409 2206 490 2233 etiam
508 2211 640 2233 memorat
656 2213 704 2234 eos
718 2214 751 2233 ex
768 2207 985 2238 circumcisione,
1018 2207 1065 2242 qui

1117 2214 1192 2240 Θείαν
1210 2213 1384 2240 διδασκαλίαν
1408 2213 1607 2245 θεοσεὸοῠντος,
1623 2213 1740 2248 εἴρηται,
1753 2213 1901 2245 ἀκολούθως

278 2251 429 2287 profectum
452 2252 572 2287 gentium
599 2252 708 2287 indigne
737 2251 835 2279 ferunt.
846 2251 935 2285 Quare
961 2247 1085 2279 dictuml

1095 2252 1102 2272 ν
1119 2259 1281 2294 μνημονεύει
1296 2259 1343 2285 καὶ
1357 2258 1411 2284 τῶν
1431 2259 1463 2284 ὲκ
1485 2259 1634 2294 περιτομῆς
1648 2247 1846 2294 διαπριομένων
1860 2259 1902 2286 ἐπὶ

277 2301 330 2330 est,
343 2297 471 2324 Peccator
482 2297 577 2324 uidebit
592 2304 616 2324 et
634 2298 773 2329 irascettr,
797 2298 917 2325 dentibus
935 2299 990 2325 suis
1009 2299 1063 2333 [re-

1115 2307 1148 2341 τῇ
1166 2307 1290 2340 προκοπῇ
1314 2304 1368 2331 τῶν
1383 2304 1412 2337 ἐξ
1427 2304 1520 2331 ἐθνῶν.
1538 2304 1582 2330 Διδ
1603 2304 1743 2332 λέλεκται·
1765 2305 1901 2340 Ἄμαρτω-

277 2347 329 2369 met
348 2348 371 2370 et
397 2343 528 2375 tabescet;
547 2344 610 2378 quia
630 2344 742 2379 iniquus
757 2344 866 2379 quidem
884 2344 970 2379 legem
986 2352 1064 2372 acce-

1115 2352 1170 2384 λὸς
1186 2352 1289 2385 ὄψεται
1312 2351 1362 2377 καὶ
1385 2350 1606 2385 όργισθήσεται,
1626 2350 1697 2383 τοὺς
1716 2350 1843 2385 ὀδόντας
1857 2352 1901 2379 σὺ·

278 2390 328 2424 pit,
353 2390 401 2416 sed
415 2398 475 2417 eam
496 2395 686 2425 transgressus
709 2394 760 2417 est.
793 2390 954 2425 Hujusmodi
973 2396 1063 2419 autem

1115 2398 1168 2424 τοῦ
1184 2397 1290 2431 βρύξει
1307 2397 1354 2423 καὶ
1370 2396 1541 2429 τακήσεται,
1559 2396 1597 2427 ὡς
1610 2395 1657 2422 τοῦ
1671 2396 1832 2432 παρανόμου
1856 2398 1901 2433 μὲν

278 2439 319 2461 est
330 2435 456 2470 quisquis
471 2444 505 2464 ex
521 2437 732 2464 circumcisione
754 2436 790 2463 ob
809 2437 923 2464 salutem
942 2441 1063 2465 nostram

1115 2443 1255 2478 εἰληφότος
1270 2443 1362 2477 νόμον,
1378 2442 1600 2477 παραϐεὸηκότος
1622 2441 1651 2468 δὲ
1672 2441 1764 2469 αὐτόν.
1780 2443 1901 2475 Τοιοῦτος

278 2479 405 2507 dentibus
425 2482 482 2509 suis
498 2481 597 2509 fremit.
616 2481 672 2509 lmo
687 2482 769 2510 etiam
785 2482 901 2517 idipsum
923 2491 975 2511 usu
990 2484 1063 2510 venit

1115 2488 1143 2515 δὲ
1160 2489 1213 2519 πᾶς
1229 2488 1242 2514 ὁ
1264 2488 1296 2514 ὲκ
1318 2487 1478 2522 περιτομῆς,
1492 2485 1522 2518 ὃς
1535 2487 1581 2512 ἐπὶ
1593 2488 1626 2522 τῇ
1642 2486 1766 2523 ἡμετέρᾳ
1783 2488 1900 2523 ompr

278 2525 425 2563 gentilibus
440 2527 486 2561 qui
510 2528 633 2556 inﬁdeles
655 2532 730 2560 sunt,
758 2536 790 2556 ac
807 2529 840 2556 de
858 2528 979 2564 profectu
998 2537 1063 2557 suo-

1116 2534 1177 2566 τοὺς
1200 2533 1307 2565 ὀδόντας
1328 2533 1410 2559 αὑτοῦ
1433 2533 1537 2569 βρύκει.
1546 2532 1625 2560 Ἀλλὰ
1641 2533 1689 2560 καὶ
1703 2534 1728 2560 οι
1743 2533 1799 2560 τῶν
1821 2533 1900 2560 ἐθνῶν

279 2578 350 2602 rum,
369 2572 416 2605 qui
429 2573 462 2599 ad
477 2573 596 2600 divinam
614 2575 677 2601 vitae
696 2575 828 2602 rationem
844 2575 968 2602 translati
989 2580 1062 2607 sunt,

1118 2579 1224 2606 ἄπιστοι
1235 2580 1333 2605 ταύτὸν
1344 2579 1493 2614 πάσχουσιν
1508 2579 1554 2605 ἐπὶ
1564 2580 1596 2614 τῇ
1609 2580 1734 2615 προκοπῇ
1750 2578 1805 2607 τῶν
1816 2579 1846 2613 ιε
1856 2580 1898 2607 αὐ-

279 2617 438 2644 inl'remunt.
453 2618 586 2645 Creterum
603 2621 712 2656 utrique
730 2621 851 2652 ordines,
872 2621 906 2648 de
924 2622 958 2648 iis
972 2621 1018 2656 qui
1036 2621 1062 2648 in

1117 2624 1172 2651 τῶν
1197 2624 1420 2660 μεταϐεϐηκὸτων
1443 2625 1489 2651 ἐπὶ
1515 2625 1564 2660 τὴν
1586 2624 1658 2651 κατὰ
1672 2624 1738 2651 Θεὸν
1756 2625 1898 2652 πολιτείαν.

279 2663 388 2691 Christo
409 2663 523 2697 perfecti
544 2670 608 2691 sunt
628 2666 760 2699 furentes,
776 2667 927 2700 tabcsceut,
943 2674 975 2694 ac
992 2667 1064 2695 desi-

1118 2671 1189 2705 Πλὴν
1206 2671 1348 2706 ἀμφότερα
1370 2670 1405 2697 τὰ
1427 2670 1553 2706 τάγματα
1568 2671 1748 2707 δωπριὸμενα
1762 2671 1835 2699 κατὰ
1849 2671 1897 2698 τῶν

279 2709 384 2737 derium
401 2716 497 2736 eorum
515 2710 621 2744 peribit.

1117 2714 1145 2739 ὲν
1160 2714 1268 2748 Χριστῷ
1279 2714 1379 2740 τελειου
1383 2715 1471 2750 μένων
1489 2715 1682 2751 ὲκτακήσεται,
1693 2716 1742 2751 τῆς
1748 2715 1896 2752 ,ἐπιθυμίας

1117 2758 1206 2785 αὐτῶν
1221 2759 1417 2796 ἀπολλυμένης.

309 2868 331 2884 ’⁷
350 2868 421 2896 Luc.
440 2875 494 2902 xu,
510 2870 606 2898 42-“.
