2044 3212
165 177 233 204 1549

197 290 320 323 Αἰνεῖτε,
337 291 450 325 παῖδες,
466 292 520 320 τὸν
534 294 654 328 Κύριον,
674 296 782 323 αἱνεῗτε
803 297 837 323 τὸ
861 297 953 332 ὄνομα

163 336 283 370 Κυρίου.
302 336 356 371 Ειη
371 337 402 364 τὸ
418 337 511 373 ὄνομα
535 340 643 374 Κυρίου
663 342 869 377 εὑλοτημένον
893 342 953 370 ἀπὸ

163 382 215 410 τοῦ
241 382 301 409 νῦν
332 384 381 411 καὶ
409 384 465 418 ἕως
493 387 545 413 τοῦ
574 387 690 420 αἰῶνος.
715 388 809 415 Πάντα
835 389 881 417 τὸν
907 389 951 416 διὰ

163 429 192 455 τὺ
216 429 357 464 φοϐεῖσθαι
380 430 481 466 Κύριον
507 433 641 468 μακάριον
665 435 847 470 γεγενημένον
869 436 952 472 ἄνδρα

162 474 410 511 ὁποτυπωσάμενος
433 478 447 504 6
473 477 551 512 λόγος
570 480 598 506 ὲν
613 479 651 516 τῷ
668 481 721 516 πρὸ
732 481 828 515 τούτου
841 483 950 519 ψαλμῷ,

163 521 206 548 τόν
226 530 256 548 τε
279 521 336 557 βίον
354 522 409 549 τῶν
423 524 549 551 τοιούτων
566 525 613 553 καὶ
633 526 683 562 τὴν
699 527 770 555 κατὰ
791 528 856 555 Θεὸν
877 529 952 556 πολι-

162 567 247 600 τείαν,
260 568 307 594 καὶ
319 567 349 594 τὸ
364 569 410 595 ἐπὶ
421 569 526 602 τούτοις
540 571 616 607 παρὰ
632 572 691 608 Θεῷ
699 572 776 605 τέλος
789 574 951 611 ὑπογράψας

162 613 190 639 ὲν
205 612 244 649 τῷ
261 615 444 651 προκειμένῳ,
455 616 528 649 τίνες
542 617 607 644 ποτέ
629 618 698 645 εἰσιν
709 615 792 651 οὗτοι,
809 620 857 648 καὶ
870 622 951 648 τίνων

162 660 323 695 τυγχάνουσι
335 662 520 698 παραπλήσιοι
534 663 663 698 διδάσκει,
677 666 774 698 παῖδας
789 667 888 700 αὐτοὺς
901 677 951 695 κα-

162 705 214 733 λῶν
227 706 272 733 διὰ
282 707 313 733 τὺ
327 707 421 744 νεαρὸν
437 709 482 735 καὶ
494 710 634 745 ἀρτιγενὲς
646 711 695 746 τῆς
709 711 780 739 κατὰ
791 713 879 750 ψυχὴν
892 714 951 748 ὴλι-

161 750 232 783 πίας,
247 752 294 778 καὶ
310 752 420 785 τούτους
432 754 479 781 ἐπὶ
492 754 536 782 τὸν
552 753 625 783 αἶνον
641 757 719 783 καλεῖ
729 758 775 784 τοῦ
789 758 867 785 Θεοῦ.
878 760 950 787 Ἀντὶ

161 797 217 830 τοῦ,
241 798 356 832 παῖδες,
379 800 394 826 6
415 800 529 834 Ἀκύλας
551 803 598 829 καὶ
619 803 634 829 6
648 803 795 840 Σύμμαχος
820 805 950 840 δούλους

161 844 304 879 ὠνόμασαν
333 846 482 881 φήσαντες·
517 847 655 883 Tot-sire,
686 850 800 883 δοῦλοι,
828 853 947 886 Κύριον,

161 888 278 924 ὑμνεῖτε
292 891 326 945 r6
336 891 430 945 ὄνομα
451 894 569 945 Κυρίου.
582 895 688 922 Δούλων
700 896 754 933 γὰρ
768 898 844 924 οὐδὲν
861 899 949 935 διενη-
966 918 986 945 Β

160 942 268 971 νοχασιν
284 937 309 963 οἰ
327 938 430 970 παῖδες,
448 939 523 975 φόόῳ
544 940 666 974 δουλείας
684 943 947 981 παιδαγωγούμενοι.

162 979 216 1014 Εἴη
232 982 265 1008 τό
283 981 376 1016 ὄνομα
389 984 500 1018 Κυρίου
513 985 724 1021 εὐλογημένονς
736 989 795 1016 ἀπὸ
809 979 867 1017 τοῦή
890 991 949 1018 νῦν

160 1023 209 1050 καὶ
224 1024 279 1058 ἕως
296 1026 348 1053 τοῦ
361 1027 478 1060 αἰῶνος.
495 1029 537 1061 Ὠς
552 1030 679 1064 ἀγνοοῦσι
689 1034 746 1065 τοῖς
765 1035 857 1061 παισὶν
873 1036 948 1068 ὅπως

160 1069 211 1105 χρὴ
232 1070 277 1097 τὸν
292 1071 392 1107 Κύριον
408 1072 502 1107 ὑμνεῖν
515 1074 545 1100 τὸ
560 1077 728 1112 προφητικὸν
743 1078 854 1115 Πνεῦμα
870 1081 948 1117 δίκην

159 1115 333 1150 παιδαγωγοῦ
350 1117 396 1144 καὶ
411 1118 569 1147 διδασκάλου
585 1121 634 1154 τὰς
650 1123 741 1157 φωνὰς
761 1124 845 1158 αὐτὰς
859 1115 948 1163 παρα-

158 1159 274 1187 δίδωαιν.
291 1161 365 1198 Εὑχὴ
385 1162 414 1189 δὲ
430 1163 499 1199 αὕτη
518 1165 592 1192 ἐστὶν
606 1165 675 1202 ὑπὲρ
692 1167 770 1203 ἡμῶν
784 1169 873 1197 αὐτῶν
894 1159 948 1198 τῶν

159 1206 261 1234 παίδων
281 1207 507 1246 ἀναπεμπομένη,
520 1211 558 1243 ὡς
581 1211 613 1238 ἂν
631 1212 756 1249 διαμείνῃ
777 1215 842 1250 ἡμῖν
857 1216 887 1242 τὸ
901 1217 947 1244 τοῦ

158 1251 260 1288 Κυρίου
276 1253 361 1289 ὕνομα
375 1256 415 1297 εις
428 1255 458 1282 τὺ
473 1256 605 1292 διηνεκὲς.
623 1258 660 1294 μὴ
674 1259 774 1295 φεῦγον
791 1262 875 1297 ἡμᾶς,
890 1262 947 1289 ἀλλ’

157 1299 365 1335 ἀναπαυόμενον
380 1293 419 1336 τῷ
435 1302 561 1339 ἡμετέρῳ

200 1345 266 1372 Ἀπὸ
280 1347 437 1374 ἀνατολῶν
449 1349 538 1383 ἡλίου
552 1350 638 1385 μέχρι
651 1351 775 1386 δυσμῶν
786 1354 904 1382 αὶνετὸν
913 1356 946 1382 τὸ

158 1390 251 1426 ὄνομα
262 1393 385 1426 Κυρίου.
394 1393 523 1428 ’Υψ-ηλὸς
540 1395 589 1422 ἐπὶ
603 1396 701 1424 πάντα
717 1397 754 1425 τὰ
768 1399 839 1433 ἔθνη
855 1402 871 1427 d
887 1402 946 1428 Κύ-

152 1444 230 1470 ριος,
249 1438 298 1464 ἐπὶ
316 1439 387 1472 τοὺς
403 1441 550 1474 οὐρανοὺς
565 1443 585 1476 ἡ
604 1442 678 1475 δόξα
693 1444 796 1472 αὑτοῦ.
813 1446 868 1472 Καὶ
882 1446 945 1473 πότε

156 1482 250 1514 τέλους
267 1483 361 1519 ἔτυχεν
385 1485 400 1511 6
424 1485 503 1521 λόγος
526 1487 583 1514 ἀλλ’
599 1488 615 1523 ἢ
640 1489 708 1524 μετὰ
723 1490 771 1526 τὴν
786 1492 946 1526 ἐπιφάνειαν

156 1527 203 1557 τοῦ
228 1531 353 1568 Σωτῆρος
378 1534 455 1569 ἡμῶν
475 1536 561 1571 Ἰησοῦ
575 1536 710 1572 Χριστοῦ;
728 1538 783 1572 Πρὸ
801 1538 866 1573 γοῦν
881 1539 946 1566 ταύ-

741 182 994 212 COMMENTARIA
1015 183 1049 211 IN
1069 185 1238 216 PSALMOS.

180 234 379 262 ΔΛΛΠΛΟΥΙΑ
398 235 544 264 ΛΙΤᾹΙΟΥ
562 239 622 265 ΚΑΙ
641 240 824 268 ΖΑΧᾹΡΙΟΥ.
846 241 918 268 PIB'.
969 245 992 272 Α

1453 161 1519 188 Ην

1721 196 1790 224 1550

1058 242 1228 271 ALLELUIA
1243 244 1360 272 AGGJEI
1376 245 1419 274 ET
1433 246 1632 277 ZACHARME.
1649 250 1731 279 CXII.

1040 298 1123 327 Vens.
1144 299 1170 332 l,
1189 299 1216 326 2.
1241 299 1370 334 Laudato,
1394 304 1480 336 pueri,
1505 303 1659 338 Dominum,
1684 307 1791 336 laudate

1003 353 1096 372 nomen
1117 345 1236 373 Domini.
1254 346 1295 374 Sit
1318 355 1410 375 nomen
1433 348 1540 376 Domini
1564 351 1739 385 benedictum.
1759 362 1792 381 ea:

1003 392 1051 418 hoc
1067 400 1136 419 nunc
1149 396 1174 418 et
1199 401 1278 427 usque
1292 393 1319 420 in
1335 395 1473 423 saxulum.
1490 396 1558 424 Cum
1576 398 1603 424 in
1627 400 1790 433 praecedenti

1003 437 1109 472 psalmo
1135 438 1208 465 viros
1227 445 1334 471 omnes,
1350 440 1396 475 qui
1416 441 1487 475 quod
1511 442 1624 470 timeant
1644 444 1789 472 Dominum

1002 483 1073 510 beati
1088 483 1177 510 eﬂ'ecti
1193 489 1268 516 sunt,
1283 488 1529 520 repraesentaverit,
1546 497 1577 516 ac
1597 498 1691 517 eorum
1707 492 1790 519 vitam

1002 531 1029 554 et
1046 528 1201 556 institutum
1224 532 1374 557 secundum
1398 530 1494 564 Deum,
1511 533 1590 560 linem
1605 542 1714 570 quoque
1736 544 1792 571 quo

1002 574 1122 602 donandi
1136 575 1207 611 apud
1221 575 1306 603 Deum
1323 581 1398 610 sunt,
1412 578 1608 614 descripserit;
1623 581 1649 608 in
1662 583 1790 616 praesenti

1002 623 1112 657 quinam
1127 622 1164 649 illi
1177 627 1204 650 et
1219 623 1383 658 quibusnam
1396 625 1500 653 similes
1514 626 1570 654 sint
1581 626 1711 659 declarat.
1729 637 1791 663 pue‘

1001 675 1047 696 ros
1069 668 1220 703 appellans,
1236 669 1300 704 quia
1321 670 1410 705 quoad
1434 671 1531 699 animae
1549 676 1657 701 aetatem
1675 674 1790 708 juvenes

1000 719 1028 743 et
1044 723 1140 743 recens
1164 715 1221 742 nati
1241 720 1327 744 sunt:
1351 716 1400 744 hos
1416 724 1525 752 quoque
1553 718 1588 745 ad
1611 719 1719 747 laudem
1742 720 1790 748 Dei

1001 766 1142 797 provocat.
1167 760 1221 789 Pro
1242 761 1300 795 illo,
1325 763 1414 796 pueri,
1437 763 1534 798 Aquila
1550 768 1577 791 et
1597 764 1789 801 Symmachus,

999 809 1079 840 servi,
1090 808 1261 842 interpretati
1278 813 1341 835 sunt
1356 808 1480 836 dicentes
1497 818 1504 835 :
1524 809 1636 845 Hymnis
1649 812 1788 843 celebrate.

1000 854 1079 884 servi,
1098 853 1251 886 Dominum,
1277 853 1382 889 hymnis
1407 853 1536 881 celebrate
1559 864 1652 883 nomen
1670 857 1788 885 Domini.

1000 899 1080 927 Pueri
1094 907 1213 935 namque
1227 899 1295 927 nihil
1311 907 1325 926 a
1343 899 1430 927 servis
1444 899 1584 933 dili‘erunt,
1600 906 1693 937 utpote
1708 903 1788 931 timo-

999 954 1028 974 re
1044 946 1184 974 servitutis
1196 945 1323 974 instituti.
1342 945 1383 973 Sit
1397 954 1491 973 nomen
1506 945 1614 973 Domini
1625 947 1788 975 benedictum

997 999 1030 1018 ex
1044 991 1092 1018 hoc
1108 1000 1176 1018 nunc
1185 995 1210 1018 et
1223 999 1303 1025 usque
1315 991 1343 1017 in
1358 991 1496 1018 steculum.
1512 990 1595 1023 Quasi
1607 992 1700 1026 pueris
1712 993 1790 1028 igno-

998 1038 1134 1070 rantibus,
1162 1036 1303 1072 quomodo
1329 1036 1475 1064 Dominum
1505 1037 1617 1065 laudare
1643 1043 1787 1073 oporteat,

999 1081 1174 1117 propheticus
1198 1081 1319 1117 Spiritus
1338 1081 1426 1109 instar
1441 1081 1579 1117 paedagogi
1594 1090 1626 1110 ac
1640 1087 1789 1118 praeceptm

998 1127 1038 1155 ris
1064 1136 1146 1155 voces
1168 1127 1262 1155 tradit.
1277 1127 1340 1155 llaec
1364 1135 1447 1163 porro
1466 1129 1556 1156 oratio
1575 1132 1618 1156 est
1638 1136 1687 1164 pro
1709 1129 1788 1156 nobis

1000 1173 1091 1207 pueris
1104 1172 1217 1205 emissa,
1234 1177 1263 1199 ut
1274 1181 1372 1200 nomen
1385 1173 1492 1206 Domini
1504 1178 1636 1209 perpetuo
1644 1174 1787 1202 nobiscum

999 1222 1118 1250 maneat,
1141 1227 1193 1247 nos
1214 1218 1328 1248 minime
1351 1219 1472 1255 fugiens,
1490 1220 1538 1248 sed
1562 1220 1589 1247 in
1615 1221 1670 1248 vita
1693 1225 1788 1249 nostra

998 1265 1208 1300 eonquiescens.

1036 1350 1117 1378 Vens.
1134 1351 1161 1383 5,
1175 1351 1202 1379 4.
1219 1351 1240 1378 Λ
1259 1352 1324 1378 solis
1339 1356 1400 1379 ortu
1412 1360 1493 1388 usque
1507 1353 1541 1379 ad
1552 1361 1673 1381 occasum
1691 1354 1788 1381 lauda-

998 1397 1049 1424 bile
1060 1406 1154 1424 nomen
1167 1397 1283 1424 Domini.
1297 1397 1425 1425 Excelsa;
1441 1407 1519 1431 super
1528 1408 1617 1426 omnes
1633 1405 1721 1435 gentes
1737 1400 1787 1434 Do-

998 1444 1097 1477 minus,
1114 1452 1193 1479 super
1209 1444 1288 1471 calas
1311 1444 1397 1479 gloria
1418 1445 1486 1480 ejus.
1504 1445 1536 1473 Et
1552 1447 1727 1481 quandonam
1743 1448 1787 1476 hic

998 1498 1089 1518 sermo
1112 1489 1193 1517 linem
1215 1490 1331 1525 accepit,
1349 1491 1402 1518 nisi
1416 1495 1479 1526 post
1492 1491 1639 1519 adventum
1656 1492 1787 1521 Servato-

998 1535 1037 1563 ris
1051 1535 1137 1563 nostri
1152 1534 1216 1563 Jesu
1232 1535 1352 1563 Christi?
1364 1535 1430 1563 Nam
1455 1540 1521 1564 ante
1536 1537 1612 1564 illum
1630 1538 1657 1565 in
1672 1538 1729 1566 sola
1739 1538 1786 1566 Ju-

155 1585 206 1612 της
218 1578 247 1604 ὲν
259 1579 291 1614 τῇ
314 1579 429 1616 Ἰουδαίᾳ
442 1581 510 1618 μόνῃ
525 1581 634 1616 ἐλέγετο
652 1583 772 1617 γνωστὸς
785 1582 853 1611 εἶναι
868 1584 943 1618 Θεδς,

998 1580 1055 1608 dea
1074 1580 1147 1608 Deus
1167 1584 1250 1608 notus
1266 1588 1327 1608 esse
1349 1580 1503 1614 dicebatur,
1519 1587 1545 1610 et
1562 1583 1589 1609 in
1608 1584 1666 1610 solo
1686 1583 1787 1611 lsraele

155 1624 202 1650 καὶ
215 1624 245 1651 ὲν
261 1625 333 1661 μόνῳ
355 1626 395 1662 τῷ
418 1627 526 1664 Ἰσραὴλ
551 1628 623 1664 μέγα
638 1629 668 1656 τὸ
682 1630 766 1665 δνομα
780 1630 873 1663 αὑτοῦ,
890 1631 944 1658 τῶν

155 1669 208 1702 ἔξω
221 1671 272 1706 τῆς
289 1672 418 1706 Ἰουδαίας
439 1674 523 1702 ὲΘνῶν
544 1675 653 1711 δαίμοσι,
669 1677 945 1713 καταδεδουλωμένων

155 1715 203 1742 καὶ
224 1716 375 1753 πνεύμασιν
394 1719 569 1755 ἀκαθάρτοις,
584 1721 632 1748 καὶ
648 1722 705 1753 τοῖς
726 1721 778 1757 τῆς
800 1722 943 1750 εἰδωλολα-

153 1761 247 1796 τρείας
269 1763 457 1800 ἀντεχομένοις
482 1766 529 1793 τοῦ
551 1767 681 1802 ὀνόματος
693 1767 740 1794 τοῦ
757 1768 860 1804 Κυρίου
876 1770 945 1805 μηδὲ

153 1809 194 1840 εἰς
206 1808 310 1836 ἔννοιαν
320 1810 510 1846 ἦκοντος.”υτε
521 1821 552 1848 γε
565 1813 617 1849 μὴν
625 1815 766 1848 ἐπιφανεὶς
776 1815 857 1847 αὐτὸς
866 1817 881 1842 6
891 1816 944 1843 Κύ-

156 1862 213 1890 ριος
228 1855 305 1891 ἡμῶν
321 1857 424 1892 Ἰησοῦς
436 1859 450 1884 6
463 1858 578 1893 Χριστὸς
591 1860 654 1891 τοὺς
667 1860 749 1888 αὑτοῦ
764 1861 886 1897 μαθητὰς
897 1862 943 1888 ἐπὶ

154 1900 243 1927 πάντα
257 1901 425 1941 διεπέμψατο
447 1903 481 1931 τὰ
502 1903 576 1940 ἔθνη,
593 1905 744 1940 τηνικαῦτα
757 1906 909 1943 πληροῦται
929 1909 943 1934 6

153 1944 198 1973 διὰ
221 1946 282 1990 τῶις
300 1949 487 1985 προκειμένων
512 1950 607 1985 φωνῶν
628 1953 685 1984 τοῖς
699 1953 767 1979 πᾶσι
781 1953 945 1988 παραδοθεὶς

154 1989 248 2027 ὕμνος.

192 2039 240 2071 Τίς
252 2039 291 2072 ὡς
305 2040 411 2075 Κύριος
423 2042 439 2068 ὁ
452 2041 524 2074 Θεὸς
537 2043 621 2077 ἡμῶν·
632 2045 648 2071 ὁ
659 2043 695 2071 ἐν
705 2044 834 2079 ὑψηλοῖς
844 2053 941 2072 κατοι-

154 2085 225 2119 κῶν,
239 2086 287 2112 καὶ
298 2086 334 2113 τὰ
347 2087 472 2115 ταπεινὰ
485 2088 602 2123 ἐφορῶν
614 2090 650 2116 ὲν
663 2090 702 2124 τῷ
714 2091 829 2125 οὐρανῷ
842 2091 892 2119 καὶ
907 2093 942 2119 ἐν

153 2131 191 2165 τῇ
202 2131 258 2166 713;
273 2132 432 2159 Διδάσκεται
449 2133 477 2160 δὲ
494 2134 537 2161 διὰ
553 2135 656 2162 τούτων
667 2137 681 2162 6
694 2136 753 2168 νέος
767 2136 839 2169 λαὸς.
857 2137 895 2169 ὠς
916 2138 941 2164 ει

153 2177 199 2203 καὶ
216 2175 353 2212 ἀνελήφθη
368 2178 382 2203 6
393 2177 494 2213 Κύριος
512 2180 602 2215 ήμῶν,
616 2181 664 2207 καὶ
678 2181 750 2208 ἔστιν
765 2183 793 2209 ἐν
808 2183 883 2219 δεξιᾷ
894 2183 940 2210 τοῦ

154 2222 269 2258 Πατρὸς,
283 2222 339 2248 ἀλλ’
353 2221 399 2249 οὖν
421 2225 468 2251 καὶ
489 2225 559 2251 οὕτω
588 2227 694 2263 πλήρης
713 2229 772 2255 ἐστὶ
784 2230 858 2256 πᾶσα
872 2231 887 2265 ἡ
903 2231 938 2266 γῆ

153 2269 199 2295 καὶ
213 2268 344 2296 ἀπολαύει
356 2270 407 2305 τῆς
421 2271 573 2307 ἐπισκοπῆς
582 2273 749 2311 αὐτοῦ.⁷Αρα
761 2277 792 2303 οὐ
804 2277 878 2305 δοκεῖ
893 2278 940 2313 μέ-
956 2273 977 2300 D

152 2323 187 2350 γα
203 2314 272 2342 εἶναι
289 2315 319 2342 τὺ
332 2316 494 2352 εἰρημένονς
515 2318 584 2345 Ἀλλ’
600 2320 664 2346 ὅταν
678 2321 807 2359 ἐννοήσῃς
823 2324 887 2360 περὶ
899 2324 939 2351 τί-

152 2368 196 2392 νος
209 2360 325 2396 εἴρηται.
335 2361 437 2396 σφόδρα
451 2362 509 2389 ἐστὶ
521 2364 658 2397 καταδεές.
678 2366 740 2398 Πῶς
752 2368 804 2403 γὰρ
817 2368 845 2394 ἐν
861 2369 941 2404 ούρα-

152 2406 206 2437 νοίς
226 2407 346 2434 κατοικεῖ
361 2408 375 2433 6
389 2407 434 2434 τὸν
452 2408 565 2444 οὐρανὸν
579 2411 626 2437 καὶ
645 2411 694 2447 τὴν
714 2412 766 2448 γῆν
790 2414 912 2450 πληρῶν,
927 2417 941 2443 6

152 2451 288 2487 πανταχοῦ
305 2453 412 2489 παρὼν.
429 2454 443 2480 6
465 2454 551 2489 λέγων
561 2464 567 2471 ·
587 2457 659 2490 Θεὸς
672 2458 794 2493 cry-mor
807 2461 875 2496 ἐγὼ,
891 2463 940 2490 καὶ

151 2498 187 2525 οὺ
199 2497 271 2530 Θεὸς
285 2499 446 2533 πὸρῤωθεν,
460 2502 477 2527 ὁ
494 2501 648 2536 μετρήσας
661 2504 714 2531 τὸν
726 2506 856 2539 οὐρανὸν
872 2516 940 2535 σπι-

152 2543 230 2578 θαμῇ
243 2545 291 2571 καὶ
305 2545 362 2579 τὴν
368 2545 427 2580 γῆν·
442 2546 538 2581 (Spain),
548 2550 565 2575 ὁ
575 2549 709 2584 κατέχων
715 2551 769 2578 τὸν
777 2553 868 2586 τ’ύρον
882 2553 936 2588 τῆς

152 2589 224 2624 γῆς
246 2590 314 2616 Ἀλλ’
326 2590 423 2627 ,ἐπειδὴ
439 2592 507 2628 πρὸς
525 2594 669 2627 Ἰουδαίους
684 2593 718 2631 ἦν
731 2597 805 2632 αὒτῷ
821 2599 836 2624 6
849 2598 938 2632 λόγος,

152 2634 194 2661 διὰ
207 2634 286 2662 τοῦτο
298 2636 365 2667 τέως
377 2636 448 2664 οὓτω
462 2638 592 2675 κέχρηται
606 2640 644 2676 τῷ
660 2641 740 2678 λόγῳ,
756 2644 940 2677 συγκαταϐαί-

152 2689 203 2707 νων
219 2682 251 2716 τῇ
276 2681 412 2717 παχύτητι
427 2684 516 2711 αὐτῶν
528 2693 534 2700 ·
559 2683 618 2713 εἶτα
635 2688 705 2715 κατὰ
722 2689 818 2725 μικρὸν
829 2690 937 2725 ἀνάγων

152 2726 239 2752 αὐτῶν
254 2727 303 2761 τὴν
311 2727 430 2755 διάνοιαν
443 2730 489 2755 καὶ
502 2731 610 2767 πτερῶν
623 2732 671 2768 τὴν
682 2733 794 2770 γνώμην
807 2736 853 2762 καὶ
868 2737 936 2767 ἁνα-

152 2771 279 2805 6ι6άζων,
294 2773 386 2809 ἠρέμα
398 2774 495 2808 ἐπάγει
511 2777 539 2802 ὲν
556 2777 595 2812 τῷ
608 2778 715 2815 οὐρανῷ
739 2780 828 2807 καὶέν
843 2782 875 2817 τῇ
889 2783 935 2818 γῇ,

152 2817 270 2844 τουτέστι
297 2819 344 2845 καὶ
367 2819 423 2846 ἄνω
447 2821 494 2847 καὶ
517 2822 599 2849 κάτω.
614 2823 698 2852 Τοῦτο
713 2825 740 2852 δὲ
756 2824 814 2854 εἷπε
831 2828 874 2854 διὰ
889 2828 936 2864 τὴν

187 2893 210 2910 ’⁸
227 2894 282 2923 Jer.
303 2904 335 2929 χ,
355 2897 401 2931 11;
420 2897 472 2926 lsa.
490 2899 605 2931 δεμ-12.

997 1634 1126 1662 magnum
1141 1634 1241 1654 nomen
1254 1627 1314 1662 ejus
1327 1632 1396 1660 erat,
1422 1627 1487 1655 dum
1509 1633 1604 1664 gentes
1627 1637 1687 1664 quae
1708 1634 1786 1658 extra

995 1670 1118 1699 Iudaeam
1129 1672 1394 1705 erant,d:emonibus
1407 1677 1435 1700 et
1443 1673 1561 1709 impuris
1568 1675 1710 1710 spiritibus
1719 1676 1786 1703 sub—

995 1717 1069 1750 ditae,
1092 1724 1125 1745 ac
1146 1718 1310 1745 idololatriae
1327 1718 1442 1746 addicta:
1463 1723 1556 1747 essent
1571 1729 1577 1747 :
1595 1728 1659 1747 cum
1685 1729 1785 1749 nomen

995 1763 1105 1791 Domini
1119 1771 1154 1791 ne
1169 1763 1280 1799 quidem
1294 1765 1322 1791 in
1335 1769 1454 1792 mentem
1467 1766 1572 1799 veniret
1588 1766 1654 1796 illis.
1671 1767 1786 1800 Quando

995 1813 1087 1838 autem
1104 1811 1162 1846 ipse
1186 1810 1320 1838 Dominus
1341 1815 1435 1839 noster
1456 1811 1538 1840 Jesus
1559 1813 1685 1841 Christus
1705 1809 1804 1841 adve-'

994 1857 1085 1891 niens,
1101 1857 1253 1891 discipulos
1273 1864 1338 1885 suos
1352 1858 1380 1885 in
1391 1865 1487 1886 omnes
1498 1863 1592 1894 gentes
1609 1860 1709 1892 emisit.
1721 1864 1785 1892 tunc

995 1902 1124 1937 impletus
1138 1906 1182 1930 est
1201 1902 1319 1938 hymnus
1333 1911 1382 1939 per
1400 1903 1451 1932 has
1470 1912 1554 1933 voces
1573 1906 1711 1935 universis
1728 1910 1784 1933 tra-

994 1948 1078 1976 ditus.

1029 2047 1113 2075 Vens.
1130 2048 1157 2079 5.
1171 2048 1197 2076 6.
1214 2048 1281 2081 Quis
1301 2048 1370 2076 sicut
1385 2048 1516 2078 Dominus
1544 2050 1615 2079 Deus
1637 2057 1726 2080 noster
1739 2053 1784 2089 qui

992 2095 1019 2121 in
1027 2095 1090 2121 altis
1104 2094 1217 2127 habitat,
1227 2099 1250 2122 et
1259 2095 1374 2121 humilia
1386 2097 1491 2130 respicit
1500 2097 1527 2123 in
1544 2097 1608 2124 caelo
1620 2103 1644 2124 et
1656 2098 1684 2124 in
1694 2099 1783 2126 terra?

992 2142 1042 2168 His
1058 2142 1172 2169 docetur
1193 2149 1280 2169 novus
1305 2142 1436 2177 populus,
1456 2143 1565 2171 etiamsi
1586 2144 1719 2172 Dominus
1734 2152 1782 2172 no-

993 2192 1050 2216 ster
1063 2191 1223 2222 assumptus
1245 2192 1300 2220 est,
1317 2191 1346 2215 et
1366 2189 1400 2216 ad
1417 2189 1556 2216 dexteram
1582 2189 1672 2218 Patris
1693 2193 1782 2226 sedet.

993 2239 1114 2263 attamen
1127 2238 1210 2262 totam
1231 2239 1334 2262 terram
1353 2236 1460 2271 plenam
1473 2244 1534 2264 esse
1550 2241 1577 2264 et
1589 2239 1708 2272 gaudere
1723 2240 1782 2275 ejus

993 2280 1174 2315 inspectione.
1197 2281 1297 2308 Annon
1317 2281 1382 2308 illud
1404 2289 1532 2316 magnum
1558 2290 1620 2310 esse
1642 2283 1781 2313 videatur‘.i

994 2325 1029 2352 At
1044 2325 1067 2352 si
1080 2324 1240 2353 consideres
1255 2325 1288 2353 de
1301 2333 1356 2360 quo
1370 2325 1474 2353 dictum
1490 2327 1536 2358 sit,
1555 2327 1606 2354 hoc
1620 2328 1700 2362 longe
1717 2329 1781 2357 infe~

993 2371 1051 2399 rius
1068 2371 1114 2398 illo
1129 2372 1191 2399 erit.
1209 2372 1353 2404 Quomodo
1372 2372 1444 2399 enim
1463 2373 1491 2399 in
1511 2373 1589 2400 cmlis
1603 2372 1720 2406 habitat,
1734 2377 1780 2411 qui

992 2418 1126 2444 cmlumet
1139 2422 1236 2445 terram
1249 2418 1353 2453 implet,
1372 2419 1419 2453 qui
1435 2418 1536 2453 ubique
1546 2427 1667 2454 praesens
1684 2421 1751 2460 dicit
1772 2432 1779 2450 :

991 2463 1062 2490 Deus
1083 2465 1295 2499 appropinquans
1315 2472 1362 2499 ego
1374 2472 1443 2496 sum,
1466 2469 1558 2491 etnon
1579 2465 1648 2493 Deus
1669 2468 1780 2501 procul:

991 2510 1036 2544 qui
1059 2517 1163 2536 mensus
1188 2518 1246 2536 sum
1261 2510 1355 2537 uelum
1368 2512 1467 2545 palmo.
1481 2515 1506 2538 et
1519 2515 1615 2538 terram
1636 2514 1737 2548 pugillo
1746 2515 1779 2547 ³⁸,

989 2556 1033 2590 qui
1059 2555 1178 2582 contineo
1197 2564 1289 2591 gyrum
1306 2556 1407 2584 terrae?
1423 2556 1477 2584 Sed
1494 2557 1626 2591 quoniam
1654 2561 1720 2586 tunc
1740 2560 1778 2587 illi

992 2609 1084 2629 sermo
1099 2609 1162 2628 cum
1173 2601 1276 2630 ludatis
1289 2607 1365 2636 erat;
1380 2602 1443 2630 ideo
1455 2602 1571 2631 fortasse
1585 2603 1636 2631 hoc
1651 2604 1779 2639 loquendi

992 2647 1074 2674 modo
1087 2650 1130 2674 est
1151 2655 1228 2679 usus.
1246 2655 1341 2675 eorum
1363 2655 1424 2676 sese
1444 2649 1622 2677 crassitudini
1647 2654 1778 2685 attempe-

990 2699 1075 2719 rans:
1097 2701 1129 2719 ac
1144 2692 1242 2721 deinde
1263 2694 1394 2729 paulatim
1417 2702 1512 2722 eorum
1537 2701 1654 2723 mentem
1671 2697 1776 2732 erigens

990 2742 1017 2766 et
1031 2739 1170 2772 attollens,
1185 2740 1213 2767 in
1230 2741 1329 2767 omium
1346 2745 1373 2768 et
1387 2741 1413 2768 in
1432 2746 1532 2768 terram
1548 2742 1670 2774 adducit,
1687 2743 1714 2769 id
1735 2747 1775 2770 est

989 2792 1100 2812 sursum
1115 2790 1142 2812 ct
1157 2785 1296 2814 deorsum.
1318 2785 1345 2813 Id
1363 2794 1428 2813 vero
1445 2787 1483 2814 ait
1496 2788 1532 2815 ob
1554 2787 1710 2815 Judteorum
1721 2789 1774 2824 ‘im.

989 2830 1175 2864 bccillitatem.
1190 2832 1236 2867 qui
1259 2832 1340 2860 idolis
1355 2833 1439 2861 dediti
1457 2837 1545 2867 erant,
1557 2838 1585 2861 et
1597 2834 1663 2862 deos
1682 2834 1773 2862 adora-
