2044 3212
189 170 259 196 13Ἕῦ

758 163 1009 194 COMMENTARIA
1029 164 1060 192 IN
1081 163 1250 191 PSALMOS.

1423 155 1476 190 Τ)
1726 163 1795 190 1354

185 230 214 256 δὲ
223 227 291 255 αὐτὰ
306 227 434 263 διηνεκῶς
450 227 501 253 ὑπὸ
525 226 569 253 τοῦ
591 226 644 252 τῶν
657 226 724 253 ὅλων
741 225 809 252 Θεοῦ
825 226 962 261 γινόμενα.

1023 225 1117 259 passim
1132 224 1166 251 ab
1179 224 1368 252 universorum
1389 221 1445 250 Deo
1460 222 1539 250 eillci.
1559 221 1603 249 Sic
1618 222 1727 248 beatum
1747 222 1798 249 l‘a-

186 273 263 300 Οὕτω
277 273 322 300 τὸν
340 271 472 308 μακάριον
486 271 575 304 Δαυῖδ,
587 271 700 306 ποιμένα
712 271 787 304 ὂντα,
799 271 909 306 βασιλέα
919 279 967 298 πε-

188 319 284 355 ποίηκε
294 327 301 335 ·
318 318 390 346 οὕτω
407 318 451 344 τὸν
469 317 576 353 Ἰωσὴφ,
590 318 629 349 εἰς
639 316 759 344 δουλείαν
771 317 966 353 μεταπεσόντα,

188 366 234 392 ἐπὶ
248 365 292 391 τὸν
310 363 446 399 βασιλικὸν
462 363 571 390 ἐκάθισε
590 363 699 398 θρόνον·
716 363 788 390 οὕτω
801 363 844 390 τὸν
856 362 967 394 Μωσέα,

187 411 322 447 προῦατέα
335 410 488 445 γενόμενον,
499 409 662 445 δημαγωγὸν
684 409 806 445 ἀπέφηνε
827 409 875 436 τοῦ
892 409 967 441 λαοῦ,

187 458 235 483 καὶ
248 456 308 483 θεὸν
327 456 509 492 ἐχειροτόνησε
525 455 571 482 τοῦ
586 455 684 492 Φαραὼ
694 464 700 471 ’
715 455 785 482 οὕτω
797 455 830 482 τὰ
842 455 917 490 ἔθνη,
934 456 968 491 τῇ

187 501 292 537 δουλείᾳ
309 502 358 536 τῆς
375 501 500 533 ἀσεϐείας
513 501 668 528 δουλεύοντα
686 501 731 528 καὶ
752 502 785 536 τῇ
805 501 899 536 κόπρῳ
919 500 969 536 τῆς

187 548 321 584 ἁμαρτίας
334 548 380 574 καὶ
398 547 558 583 βδελυγμίας
574 546 770 582 ὲπικαθήμενα,
787 547 841 572 τῶν
855 546 902 573 τοῦ
917 547 968 572 Ἰσ-

189 593 255 629 ραὴλ
276 593 467 629 δεδωρημένων
485 592 600 627 ἠξίωσεν
615 592 723 627 ἀγαθῶν
735 601 742 607 ·
764 591 834 619 οὕτω
853 592 902 628 τὴν
921 593 969 619 ἀν-

187 638 322 673 θρωπείαν
337 637 416 672 φύσιν
430 638 470 669 είς
481 637 561 664 αὑτὸν
575 636 779 664 καταπεσοῦσαν
789 636 834 663 τὸν
848 636 895 664 τοῦ
906 637 970 673 ᾅδου

187 683 321 719 πυθμένα,
338 683 452 710 ἀνέλαϐε
474 683 521 709 καὶ
536 683 666 718 ἀνήγαγε,
681 683 728 710 καὶ
739 682 864 710 ἐκάθισεν
878 683 971 710 ἐπάνω

187 730 278 765 πάσης
298 730 383 765 ἀρχῆς
396 729 442 756 καὶ
455 729 580 760 ἐξουσίας
594 729 641 755 καὶ
657 729 824 765 κυριότητος,
838 729 885 756 καὶ
901 737 970 756 παν-

187 775 231 807 τὸς
254 775 383 810 ὀνόματος
404 774 615 810 ὀνομαζομένου,
629 775 660 802 οὐ
688 774 766 810 μόνον
791 775 819 801 ὲν
840 775 879 810 τῷ
893 775 970 802 αἰῶνι

187 821 284 856 τούτῳ,
299 821 365 848 ἀλλὰ
378 821 425 848 καὶ
438 822 465 847 ἐν
480 821 519 856 τῷ
533 821 664 856 μέλλοντι.

433 878 642 905 ΔΛΔΗΛΟΥῘΛ.
664 877 735 904 PII".

1017 270 1117 301 videm,
1130 269 1177 304 qui
1193 273 1285 304 pastor
1297 273 1366 302 crat,
1380 276 1471 304 regem
1489 268 1648 301 constituit,
1663 268 1704 296 sic
1720 267 1798 296 lose-

1017 315 1100 351 phum
1117 316 1145 342 in
1160 315 1318 343 servitutem
1333 314 1483 349 delapsum,
1501 314 1529 340 in
1544 314 1620 348 regio
1642 313 1741 341 throno
1754 321 1798 341 se-

1018 362 1083 390 dere
1105 361 1186 396 fecit;
1201 362 1242 389 sic
1257 360 1388 396 Iloysem,
1407 361 1453 396 qui
1474 365 1568 396 pastor
1593 360 1692 393 fuerat,
1706 364 1798 387 orato-

1018 416 1074 436 rem
1086 408 1177 443 populi
1193 407 1382 439 denuntiavit,
1395 411 1422 435 et
1434 407 1514 434 deum
1527 406 1679 434 Pharaonis
1694 406 1799 434 consti-

1019 455 1086 486 tuit;
1103 455 1143 481 sic
1159 457 1254 489 gentes
1282 461 1342 488 quae
1361 452 1507 488 impietatis
1533 452 1657 480 servituti
1677 453 1799 480 subactae

1019 504 1105 532 erant,
1123 504 1149 527 et
1164 499 1277 526 stercori
1296 499 1399 534 peccati
1415 502 1442 526 et
1461 497 1670 526 abominationis
1697 497 1800 526 inside-

1018 547 1094 578 bant,
1107 546 1185 574 bonis
1196 544 1289 573 Israeli
1303 544 1410 573 collatis
1425 544 1552 580 dignatus
1567 548 1626 577 est;
1642 543 1682 571 sic
1703 544 1799 570 huma-

1019 599 1082 619 nam
1101 595 1226 618 naturam
1238 598 1299 626 qua:
1313 590 1340 617 in
1355 590 1444 625 ipsum
1461 589 1559 617 inferni
1574 589 1737 625 profundum
1752 588 1799 616 de-

1019 637 1132 669 ciderat,
1153 637 1264 671 recepit,
1281 635 1399 668 reduxit,
1413 640 1440 663 et
1451 642 1534 671 supra
1546 642 1654 662 omnem
1666 634 1801 671 principa-

1019 687 1089 715 tum,
1109 686 1271 718 potestatem
1292 686 1319 709 et
1334 681 1547 709 dominationem
1573 681 1667 709 sedere
1683 681 1756 712 fecit,
1768 688 1801 708 ac

1020 737 1102 764 supra
1117 737 1197 757 omne
1215 736 1325 760 nomen,
1340 735 1396 755 non
1409 728 1498 756 solum
1513 728 1541 755 in
1557 728 1609 756 hoc
1622 727 1732 759 saeculo,
1753 726 1801 755 sed

1019 776 1101 803 etiam
1119 775 1146 802 in
1165 775 1255 802 futuro
1270 774 1416 811 prolatum.

1268 873 1448 901 ALLELUIA.
1464 873 1557 901 CXIII.

227 922 274 949 Ἐν
287 922 380 956 ἐξόδῳ
400 923 519 958 Ἰσραὴλ
533 923 567 955 ἐξ
584 923 744 958 Αἰγύπτου,
761 922 846 949 οἴκου
869 922 970 950 Ἰακὼϐ

1056 918 1137 947 Vens.
1163 919 1188 952 I,
1203 919 1231 946 2.
1256 919 1289 946 In
1313 921 1384 947 exitu
1407 918 1493 946 Israel
1512 919 1543 945 de
1558 918 1685 953 zEgypto,
1709 918 1803 946 domus

186 967 220 994 ἐκ
232 968 309 995 λαοῦ
315 968 477 1003 βαρϐάρου,
497 968 621 1003 ἐγενήθη
641 967 764 995 Ἰουδαία
776 968 907 1002 ἀγίασμα
919 969 970 996 αὑ-

186 1013 250 1046 τοῦ,
265 1015 385 1049 Ἰσραὴλ
400 1015 526 1047 ἐξουσία
538 1014 640 1041 αὑτοῦ.
653 1014 755 1050 ’Ύμνος
766 1014 812 1041 καὶ
824 1011 900 1046 οὗτός
913 1015 970 1041 ἔστι

186 1060 235 1091 τὰς
257 1060 393 1092 Ἰουδαίοις
409 1060 461 1087 ὑπὸ
478 1060 526 1087 τοῦ
543 1060 609 1086 Θεοῦ
626 1061 844 1096 παρασχεθείσας
858 1062 969 1097 εὐεργε-

189 1105 248 1137 σίας
259 1104 373 1137 διεξιὼν,
390 1105 436 1131 καὶ
449 1104 495 1132 τοῦ
512 1105 580 1131 Θεοῦ
594 1105 643 1140 τὴν
656 1105 768 1140 δύναμιν
782 1106 968 1142 διηγούμενος,

188 1149 234 1174 καὶ
246 1149 299 1175 τῶν
313 1149 428 1175 εἰδώλων
442 1149 580 1185 κωμῳδῶν
594 1150 643 1186 τὴν
657 1150 807 1178 ἀσθένειαν.
829 1152 970 1187 Ἀρμὸττει

187 1196 215 1221 δὲ
240 1195 285 1222 καὶ
308 1192 385 1227 οὗτος
403 1196 417 1221 ὁ
442 1195 525 1230 ὕμνος
547 1197 601 1227 τοῖς
619 1195 649 1228 ἐξ
664 1195 748 1223 ζεθνῶν
764 1199 969 1232 πεπιστευκόσι,

188 1240 235 1266 xui.
247 1239 294 1275 τῆς
311 1239 365 1266 τῶν
380 1239 495 1266 εἰδώλων
520 1240 623 1276 πλάνης
639 1241 873 1277 ἀπηλλαγμένοις·
902 1252 970 1278 μαν-

188 1287 296 1315 θάνουσι
311 1287 364 1323 γὰρ
379 1288 440 1314 ὅσον
455 1287 485 1314 τὸ
504 1287 585 1323 μέσον
599 1289 653 1315 τῶν
674 1289 723 1315 οὐκ
741 1289 825 1316 ὄντων
843 1290 910 1326 πρὸς
925 1290 971 1317 τὸν

187 1333 260 1365 ὄντα,
278 1333 370 1364 καὶὼς
386 1330 425 1365 εἷς
441 1334 498 1360 ἐστι
515 1334 580 1364 Θεὸς
597 1334 717 1365 Παλαιᾶς
732 1335 779 1361 καὶ
798 1336 901 1370 Καινῆς
911 1337 971 1362 Δια-

188 1379 284 1415 θήκης.
311 1379 384 1405 Ἀντὶ
398 1379 426 1405 δὲ
448 1379 506 1410 τοῦ.
529 1380 579 1406 Ἐκ
607 1380 683 1406 ,λαοῦ
706 1380 874 1415 βαρεάρου,
891 1381 905 1407 ὁ
922 1382 971 1416 μὲν

195 1425 320 1457 Ἀκύλας,
333 1425 404 1452 Ἀπὸ
416 1425 492 1452 λαοῦ
507 1425 739 1460 ἐτερογλώσσου·
752 1426 800 1452 ἡδὲ
815 1427 970 1462 Σύμμαχος,

194 1470 241 1497 Ἐκ
253 1471 329 1497 λαοῦ
352 1471 541 1505 ἁλλοφώκνηυ,
554 1472 710 1498 ἐκδέδωκεν.
733 1472 874 1507 Ἐγενήθη
899 1474 970 1500 Ἰου-

189 1516 258 1543 δαία
282 1516 414 1551 ἀγίασμα
440 1517 543 1548 αὑτοῦ,
575 1516 693 1550 Ἰσραὴλ
720 1517 845 1549 ἐξουσία
867 1519 969 1545 αὑτοῦ.

189 1562 274 1589 Πάλαι
299 1562 348 1596 μὲν
364 1562 428 1597 γὰρ,
448 1563 492 1589 ὅτε
507 1562 550 1589 διὰ
572 1562 711 1594 Μωῦσέως
727 1562 775 1597 τὴν
795 1562 823 1596 ἐξ
833 1563 970 1597 Αἰγύπτου

189 1609 301 1644 πορείαν
308 1609 468 1644 ἐποιήσαντο
480 1609 504 1635 oi
513 1609 566 1636 ἀπὸ
574 1609 620 1635 τοῦ
629 1609 760 1645 προτέρου
770 1609 842 1638 Λαοῦ.
855 1610 939 1645 βραχύ
948 1619 974 1637 τι

190 1655 284 1690 μόριον
291 1655 339 1690 τῆς
346 1655 396 1689 γῆς
407 1655 452 1681 καὶ
468 1654 569 1689 σφόδρα
583 1655 693 1690 εὐτελὴς
702 1655 786 1689 γωνία
801 1655 849 1691 τῆς
864 1656 974 1692 ἁπάσης

189 1701 361 1736 οἰκουμένης,
371 1700 495 1733 Ἰουδαία,
514 1699 648 1732 ὲξείλεκτο
659 1700 697 1736 τῷ
708 1701 776 1736 Θεῷ,
791 1701 838 1728 καὶ
856 1701 929 1733 ἔθνος
946 1702 974 1728 ἓν

188 1747 219 1774 τὸ
240 1747 392 1774 Ἰουδαίωνο
404 1747 464 1774 ἐπεὶ
480 1747 519 1780 δὲ,
536 1747 585 1783 τῆς
602 1747 734 1783 σωτηρίου
756 1748 915 1783 ἐπιφανείας
925 1748 974 1784 τῆς

189 1794 298 1830 χάριτος
312 1793 483 1829 ἁπλωθείσης
497 1794 557 1820 καθ’
572 1794 635 1829 ὅλης
657 1794 706 1828 τῆς
727 1794 897 1831 οἰκουμένης,
922 1795 975 1822 ἀπὸ

190 1839 325 1867 ἀνατολῶν
348 1839 423 1875 ἡλίου
453 1840 533 1875 μέχρι
559 1839 670 1875 δυσμῶν
699 1840 802 1871 αἰνετδν
825 1841 855 1868 τὺ
890 1841 975 1877 ὄνομα

189 1885 309 1922 Κυρίου,
326 1886 373 1913 καὶ
388 1885 490 1920 ὑψηλὸς
511 1886 561 1912 οὐκ
575 1886 620 1912 ἐπ’
636 1885 711 1918 ἔθνος
723 1886 769 1913 τὸν
787 1886 902 1923 Ἰσραὴλ,
917 1887 974 1914 ἀλλ’

190 1931 289 1967 ὑψηλὸς
303 1931 349 1958 ἐπὶ
362 1931 449 1958 πάντα
467 1931 502 1957 τὰ
516 1931 579 1967 ἔθνη
595 1931 705 1966 γέγονεν
719 1933 732 1959 ὁ
745 1932 856 1969 Κύριος.

230 1976 261 2004 Ἠ
275 1977 416 2004 θάλασσα
443 1975 521 2010 εἶδε,
542 1978 590 2004 καί
622 1979 750 2013 ἔφυγεν,
775 1979 790 2006 ὀ
821 1979 974 2014 Ἰορδάνης

189 2022 323 2058 ἐστράφη
341 2024 385 2056 είς
398 2024 434 2051 τὰ
452 2024 563 2050 ὀπίσω·
584 2024 619 2051 τὰ
635 2024 688 2059 ὅρη
698 2025 884 2060 ἑσκίρτησαν
901 2027 972 2053 ὡσεί

190 2068 276 2102 κριοί.
295 2069 343 2096 καὶ
356 2070 383 2096 οἱ
396 2069 503 2102 ,βουνοί
521 2071 591 2098 ὡσεὶ
601 2071 688 2106 ἀρνία
697 2071 858 2105 προϐάτων.
877 2072 907 2098 Τί
922 2072 973 2098 σοι

190 2114 265 2146 ἐστι,
289 2114 438 2148 θάλασσα,
464 2115 507 2143 ὅτι
532 2117 651 2151 ἔφυγες,
673 2118 720 2144 καί
746 2117 806 2150 σοί,
826 2117 970 2152 Ἰορδάνῃ,

191 2160 234 2186 ὅτι
250 2160 401 2195 saepqu
416 2163 459 2194 εὶς
476 2162 512 2188 τὰ
530 2163 644 2195 ὀπίσω;
671 2163 706 2189 τὰ
733 2163 796 2197 ὄρη,
812 2163 857 2190 ὅτι
870 2164 972 2199 ἐσκιρ-

191 2205 303 2237 nio—ars
318 2206 389 2232 ὡσεὶ
419 2207 506 2241 κριοί,
529 2208 579 2234 καὶ
602 2209 628 2235 οἱ
642 2208 761 2240 βουνοί,
788 2208 859 2236 ὡσεί
883 2209 972 2244 ἀρνία

191 2251 367 2298 προβάεωνῖ
385 2251 455 2298 him)
481 2252 643 2286 προσώπου
655 2253 765 2287 Κυρίου
779 2253 929 2289 ἐσαλεύθη
951 2255 970 2290 ἡ
989 2270 1010 2298 D

191 2297 240 2332 τῆ,
248 2297 306 2324 ἀπὸ
321 2296 481 2329 προσώπου
490 2298 541 2324 τοῦ
552 2298 624 2324 Θεοῦ
638 2298 750 2333 Ἰακὼϐ,
762 2299 814 2326 τοῦ
824 2298 974 2334 στρέψαν-

191 2351 242 2376 τος
255 2342 311 2376 τὴν
322 2342 433 2376 πέτραν
445 2344 488 2376 είς
501 2344 610 2378 λίμνας
623 2343 749 2377 ὑδάτων,
758 2346 806 2372 καὶ
820 2345 877 2379 τὴν
886 2346 974 2380 ἀκρό-

192 2396 283 2422 τομον
298 2389 341 2421 είς
353 2388 449 2423 πηγὰς
465 2387 590 2415 ὑδάτων.
604 2391 682 2415 Δοκεῖ
694 2398 737 2424 μοι
754 2390 835 2416 πάλιν
851 2390 975 2417 ἐντεῦθεν

192 2434 206 2459 ὁ
228 2433 305 2466 λόγος
326 2433 374 2468 τὴν
399 2433 566 2468 προφητείαν
582 2434 718 2460 ποιεῖσθαι
741 2434 791 2469 τῆς
814 2435 867 2461 τῶν
890 2435 975 2461 ὲθνῶν

192 2479 318 2506 ἁπάντων
342 2479 472 2515 κλήσεως.
492 2479 579 2506 Πάλαι
594 2480 641 2515 μὲν
654 2480 719 2516 γὰρ,
734 2481 810 2515 φησὶ,
834 2481 904 2507 κατὰ
926 2481 975 2516 τὴν

193 2525 222 2559 eg
239 2525 373 2560 Αἰγύπτου
382 2526 505 2562 πορείαν,
520 2525 633 2553 Ἰουδαία
647 2527 713 2562 μόνη
729 2527 838 2561 γέγονεν
852 2527 975 2563 ἁγίασμα

191 2570 238 2597 τοῦ
253 2571 384 2602 Geo-Lami
402 2572 479 2606 μόνος
490 2571 596 2607 Ἰσραὴλ
613 2572 664 2598 ὑπὸ
679 2571 726 2607 τὴν
741 2572 862 2605 ἐξουσίαν
881 2572 974 2601 αὑτοῦ.

193 2617 248 2643 Καὶ
266 2616 348 2643 πάλαι
364 2617 412 2652 μὲν
429 2618 528 2653 μερική
553 2627 594 2650 τις
612 2617 722 2653 γέγονεν
735 2619 859 2655 αἴσθησις
874 2619 974 2648 θαλάσ-

195 2670 253 2697 σης,
273 2663 320 2689 καὶ
337 2663 457 2698 ποταμοῦ
477 2664 523 2690 καὶ⁹
541 2664 612 2699 ὁρῶν
628 2664 674 2691 καὶ
696 2665 796 2700 βουνῶν
807 2674 813 2681 ’
833 2665 881 2692 νῦν
895 2666 923 2693 δὲ
944 2666 974 2693 τὸ

195 2708 248 2734 πᾶν
270 2709 398 2743 στοιχείον
420 2709 468 2744 τῆς
500 2710 550 2745 γῆς
572 2710 698 2737 κινείσθω
724 2712 770 2738 καὶ⁵
800 2712 953 2739 σαλευέσθω
966 2720 973 2727 ·

195 2753 295 2787 μᾶλλον
308 2754 336 2781 δὲ
350 2754 421 2781 κατὰ
433 2755 478 2781 τὸν
492 2755 616 2788 Ἀκύλαν,
627 2756 807 2792 ὼδινησάτω,
824 2759 897 2791 ὅπως
909 2759 976 2794 πλη-

196 2798 268 2834 ρωθῇ
293 2799 324 2826 τὸ
350 2801 494 2836 είρημένον
523 2802 575 2829 ὑπὸ
605 2804 714 2832 Ἡσαΐου
742 2805 896 2840 προφήτου·
928 2805 976 2838 Τίς

230 2875 241 2891 ³
259 2875 311 2905 Isa.
329 2886 405 2910 ιινι,
418 2878 444 2906 8.

315 2925 451 2955 ΡΑτιιοι..
474 2924 533 2956 Gn.
556 2924 674 2956 XXIII.

1022 965 1104 992 Iacob
1120 966 1152 992 de
1162 966 1256 1000 populo
1270 965 1394 998 barbaro,
1412 965 1483 1000 facta
1493 969 1530 992 est
1540 964 1636 991 Judwa
1650 965 1803 999 sanctiﬁca-

1023 1012 1060 1038 tio
1083 1012 1150 1047 ejus,
1169 1011 1256 1039 Israel
1275 1016 1390 1047 potestas
1409 1011 1476 1046 ejus.
1502 1010 1551 1038 llic
1567 1017 1674 1045 quaque
1688 1010 1804 1045 hymnus

1023 1056 1075 1088 ἔοι,
1087 1057 1133 1091 qui
1148 1056 1279 1084 beneﬁcia
1299 1059 1493 1083 commemorat
1509 1055 1609 1082 Judaais
1625 1063 1639 1081 a
1655 1054 1710 1082 Deo
1720 1055 1804 1082 colla-

1023 1106 1060 1134 ta,
1074 1106 1154 1137 atque
1165 1101 1211 1129 Dei
1228 1102 1354 1129 virtutem
1369 1105 1490 1134 enarrat,
1513 1101 1703 1135 idolorumque
1718 1100 1804 1128 imbe-

1023 1148 1161 1176 cillitatem
1175 1147 1289 1175 deridet.
1302 1147 1435 1175 Convenit
1446 1147 1508 1176 item
1527 1148 1571 1175 hic
1584 1148 1700 1182 hymnus
1714 1148 1805 1182 genti-

1024 1193 1095 1220 libus
1107 1193 1153 1227 qui
1165 1193 1349 1226 crediderunt,
1364 1197 1391 1220 et
1401 1193 1435 1221 ab
1450 1193 1583 1220 idolorum
1596 1201 1688 1221 errore
1700 1193 1805 1221 liberati

1025 1243 1106 1266 sunt:
1120 1239 1230 1267 discunt
1248 1240 1320 1266 enim
1336 1238 1467 1274 quantum
1487 1240 1595 1267 intersit
1612 1241 1684 1267 inter
1697 1247 1745 1268 eos
1759 1240 1807 1275 qui

1024 1293 1078 1313 non
1092 1290 1156 1313 sunt
1170 1289 1269 1314 etcum
1281 1286 1328 1322 qui
1345 1290 1397 1318 est,
1413 1291 1439 1314 et
1453 1286 1526 1321 quod
1541 1294 1611 1314 unus
1632 1286 1757 1322 idemque
1771 1287 1807 1314 sit

1025 1331 1130 1360 Veteris
1140 1337 1167 1360 et
1185 1332 1252 1359 Novi
1272 1332 1439 1360 Testamenti
1463 1332 1545 1360 Deus.
1564 1332 1617 1360 Pro
1637 1333 1683 1360 illo
1704 1338 1805 1365 autem,

1024 1378 1063 1404 De
1073 1378 1167 1413 popqu
1184 1378 1315 1410 barbaro;
1328 1377 1436 1413 Aquila,
1457 1378 1496 1406 De
1513 1378 1608 1413 popqu
1625 1378 1734 1406 alterius
1755 1379 1807 1405 lin-

1024 1431 1097 1458 guw;
1117 1424 1305 1459 Symmachus,
1321 1424 1359 1451 De
1377 1424 1472 1459 populo
1487 1425 1597 1452 alterius
1616 1425 1695 1458 vocis,
1712 1425 1806 1453 edidit.

1027 1469 1111 1496 Facta
1131 1475 1168 1497 est
1192 1469 1287 1497 Judwa
1310 1471 1487 1505 sanctiﬁcatio
1509 1471 1575 1505 ejus,
1592 1470 1679 1498 Israel
1692 1475 1807 1506 potestas

1025 1517 1090 1550 ejus.
1109 1515 1177 1543 Olim
1195 1525 1310 1552 namque
1327 1525 1388 1544 cum
1410 1517 1483 1552 prior
1501 1517 1545 1544 ille
1563 1517 1697 1552 populus,
1715 1517 1807 1554 Moyse

1025 1561 1104 1594 duce,
1117 1562 1261 1589 transitum
1278 1562 1416 1590 faceretex
1426 1562 1553 1599 Egypto,
1570 1563 1676 1591 modica
1684 1564 1806 1599 quatdam

1026 1611 1104 1634 terra:
1113 1609 1211 1642 portio,
1221 1611 1248 1635 et
1259 1607 1372 1643 exiguus
1386 1609 1471 1636 totius
1485 1609 1560 1637 orbis
1572 1609 1698 1646 angulus,
1712 1609 1807 1638 Iudaea

1025 1653 1139 1685 scilicet,
1156 1661 1171 1680 a
1189 1653 1242 1681 Deo
1257 1655 1343 1681 electa
1367 1655 1464 1688 fuerat,
1481 1661 1562 1691 atque
1582 1664 1635 1683 una
1650 1656 1806 1685 Judzeorum

1025 1699 1110 1726 natio.
1126 1699 1193 1726 Cum
1217 1705 1308 1728 autem
1329 1708 1377 1736 per
1393 1702 1540 1729 salutarem
1563 1703 1707 1730 adventum
1721 1704 1808 1739 gratia

1025 1746 1053 1773 in
1071 1749 1129 1773 toto
1146 1746 1211 1774 orbe
1225 1746 1310 1774 etl‘usa
1325 1751 1408 1780 esset,
1425 1755 1440 1775 a
1460 1748 1526 1776 solis
1538 1755 1599 1776 ortu
1614 1757 1700 1784 usque
1713 1751 1746 1777 ad
1761 1757 1809 1777 oc-

1025 1798 1119 1820 casum
1150 1792 1285 1820 laudahile
1301 1793 1352 1820 fuit
1374 1802 1473 1824 nomen
1487 1794 1594 1822 Domini
1612 1805 1618 1822 :
1637 1803 1669 1823 ac
1684 1797 1809 1824 excelsus

1025 1845 1080 1865 non
1102 1845 1184 1872 super
1198 1846 1278 1865 unam
1294 1839 1403 1867 Israelis
1425 1844 1544 1875 gentem,
1562 1842 1610 1868 sed
1625 1842 1749 1870 excelsus
1763 1850 1810 1870 suv

1025 1891 1075 1918 per
1091 1892 1186 1912 omnes
1200 1890 1294 1919 gentes
1306 1885 1358 1912 fuit
1371 1886 1515 1915 Dominus.

1061 1977 1143 2004 Vens.
1160 1977 1213 2005 5-8.
1229 1977 1304 2004 Mare
1315 1977 1388 2010 vidit,
1401 1983 1426 2005 et
1439 1978 1518 2013 fugit,
1530 1977 1658 2006 Iordanis
1668 1988 1808 2008 conversus

1023 2029 1061 2051 est
1076 2029 1229 2051 retrorsum.
1248 2023 1349 2051 litantes
1363 2024 1558 2051 exsultaverunt
1581 2025 1648 2052 sicut
1664 2027 1768 2057 arietes,
1785 2031 1810 2053 et

1023 2069 1102 2096 colles
1123 2069 1190 2096 sicut
1207 2070 1267 2104 agni
1283 2070 1378 2097 ovium.
1406 2069 1475 2102 Quid
1492 2075 1531 2097 est
1555 2070 1612 2103 tibi,
1632 2080 1715 2103 mare,
1740 2073 1809 2108 quod

1022 2115 1124 2150 fugisti,
1137 2118 1161 2140 et
1176 2119 1214 2146 tu,
1224 2114 1362 2148 Jordauis,
1375 2116 1436 2150 quia
1446 2123 1584 2144 conversus
1600 2125 1626 2144 es
1644 2121 1808 2147 retrorsum!

1023 2160 1137 2191 Montes,
1153 2160 1306 2187 exsultastis
1321 2161 1389 2187 sicut
1407 2161 1512 2194 arietes,
1524 2167 1548 2189 et
1562 2163 1653 2196 colles,
1669 2165 1736 2191 sicut
1747 2157 1810 2201 agn“

1023 2206 1131 2233 ovium?
1147 2205 1168 2232 Α
1185 2205 1252 2239 facie
1270 2205 1373 2232 Domini
1400 2211 1471 2233 mata
1487 2212 1526 2234 est
1540 2212 1622 2240 terra,
1646 2217 1663 2235 a
1677 2209 1745 2243 facie
1762 2209 1809 2237 Dei

1024 2251 1106 2278 Jaeob
1118 2273 1124 2285 ,
1141 2252 1186 2287 qui
1204 2253 1330 2280 convertit
1349 2257 1449 2288 petram
1472 2253 1499 2279 in
1516 2257 1610 2288 stagna
1625 2262 1765 2289 aquarum,
1782 2260 1808 2282 et

1024 2304 1187 2333 pra-ruptam
1202 2299 1229 2326 in
1240 2299 1323 2333 {antes
1338 2307 1476 2334 aquarum.
1489 2298 1603 2326 Videtur
1616 2299 1682 2326 mihi
1698 2308 1809 2328 rursum
1858 2290 1860 2295 Δ

1028 2345 1071 2372 hic
1084 2353 1173 2373 sermo
1188 2345 1366 2381 prophetiam
1390 2346 1471 2373 edere
1486 2345 1520 2372 de
1543 2345 1664 2381 gentium
1687 2347 1808 2373 omnium

1027 2390 1180 2418 vocatione.
1210 2390 1280 2418 Olim
1308 2398 1439 2425 namque,
1469 2391 1521 2423 ait,
1544 2398 1606 2417 cum
1634 2391 1751 2426 populus
1774 2399 1809 2419 ex

1029 2435 1147 2471 Egypto
1158 2436 1344 2470 egrederetur,
1361 2435 1419 2463 sola
1438 2434 1531 2462 Judaaa
1548 2434 1619 2463 facta
1633 2439 1676 2463 est
1689 2437 1809 2464 sanctiﬁ-

1028 2483 1100 2510 catio
1116 2482 1174 2514 Dei,
1190 2486 1216 2510 et
1224 2482 1298 2509 solus
1309 2482 1394 2509 Israel
1409 2482 1461 2509 sub
1478 2485 1612 2517 potestate
1622 2482 1682 2517 ejus
1695 2487 1762 2510 erat.
1775 2483 1809 2510 Et

1028 2529 1092 2556 olim
1107 2527 1215 2563 quidem
1227 2528 1399 2563 particularis
1415 2535 1512 2555 sensus
1529 2527 1612 2555 maris
1625 2532 1694 2560 erat,
1711 2532 1738 2556 et
1755 2529 1807 2556 ﬂu-

1028 2575 1110 2601 minis
1124 2578 1150 2602 et
1165 2575 1296 2601 montium
1311 2578 1337 2602 et
1344 2575 1455 2605 collium
1469 2581 1558 2601 :nunc
1572 2582 1636 2601 vero
1652 2574 1808 2603 universum

1028 2625 1106 2648 terra:
1121 2621 1282 2648 elementum
1294 2624 1433 2648 moveatur
1447 2625 1473 2647 et
1486 2620 1674 2651 concutiatur;
1687 2621 1741 2648 imo
1758 2629 1808 2656 pu-

1028 2667 1083 2695 tius
1106 2666 1257 2694 secundum
1281 2666 1416 2703 Aquilam,
1437 2667 1579 2701 parturiat,
1607 2671 1636 2694 ut
1665 2667 1806 2702 impleatur

1028 2713 1100 2748 quod
1111 2713 1212 2740 dictum
1226 2718 1268 2741 est
1281 2720 1330 2748 per
1342 2712 1438 2740 Isaiam
1452 2713 1612 2748 prophetam
1634 2723 1641 2740 :
1656 2712 1720 2745 Quis
1735 2713 1808 2739 audi-

1028 2760 1064 2786 ait
1086 2759 1161 2790 talia,
1176 2763 1201 2786 et
1221 2759 1279 2795 quis
1298 2757 1362 2786 vidit
1377 2758 1433 2786 sic?
1446 2758 1475 2786 Si
1490 2759 1631 2794 parturivit
1645 2760 1752 2786 terrain
1768 2759 1810 2786 die

1029 2810 1125 2838 una,et
1140 2809 1203 2832 nata
1215 2809 1254 2832 est
1269 2812 1330 2840 gens
1342 2809 1398 2832 tota
1409 2805 1528 2832 simul’?
1541 2804 1607 2832 Nam
1624 2812 1686 2832 cum
1703 2805 1810 2833 vacatio

1607 2928 1645 2957 ls3
