2044 3212
198 113 209 141 l
216 114 264 141 357

740 109 988 138 COMMENTARIA
1006 109 1038 135 IN
1059 107 1224 136 PSALMOS.

1453 108 1502 145 μιν
1744 107 1813 134 1553

196 182 300 207 νοντας
313 175 356 207 είς
380 174 464 207 ᾅδου.
482 174 556 201 Ἀλλ’
573 173 659 208 ἡμεῖς
680 173 708 200 οι
725 171 831 205 ζῶντες
854 171 979 206 εὐλογή-

1031 178 1092 198 cum
1108 169 1230 205 inspecto
1243 169 1418 198 Hebraeorum
1437 170 1517 202 libro,
1534 176 1629 197 eorum
1643 169 1775 196 dictiones
1786 173 1813 196 et

196 226 292 253 σομεγ
303 218 357 245 τὸν
369 219 479 252 Κύριον
492 217 551 245 ἀπὸ
570 217 624 244 τοῦ
641 217 700 245 νῦν
710 217 758 245 καὶ
774 217 830 250 ἕως
842 217 894 244 τοῦ
913 216 981 244 αἰῶ-

196 271 259 296 νος.
277 263 434 290 Διέσταλται
451 263 498 290 καὶ
522 263 593 294 ίδίως
613 262 765 298 ἀφώρισται
779 261 825 288 τοῦ
848 265 898 298 ριγ¹
914 260 981 296 ψαλ-

199 308 249 344 μοῦ
265 308 294 335 ἐν
309 317 364 335 τισι
384 309 437 336 τῶν
463 309 637 345 ἀντιγράφων
659 309 693 336 τά
717 309 894 345 προκείμενα,
911 307 980 334 ὥστε

197 352 265 382 εἶναι
281 355 328 390 ριδ⁷
339 355 444 390 ψαλμὸν
454 355 500 382 τὸν
515 355 584 391 μετὰ
598 357 700 391 χεῖρας.
725 354 831 390 Ἐπειδὴ
845 354 884 385 δὲ,
898 353 980 387 ὲγκύ-

196 401 250 435 ψας
265 402 333 437 αὐτῇ
350 403 382 437 τῇ
404 401 536 437 Ἐϐραίων
556 401 648 437 βίϐλῳ,
663 401 725 433 τοὺς
741 401 829 428 αὐτῶν
845 401 982 436 χαρακτῆ-

198 457 247 484 ρας
267 448 454 483 συνημμένους
476 444 554 484 εὗρον
577 448 624 474 καὶ
645 447 694 479 τὰς
723 446 819 479 λέξεις,
845 446 981 480 ἐπέστησα

197 492 286 525 καλῶς
300 493 480 528 ἀκολουθῆσαι
504 494 536 529 τῇ
556 492 687 528 Ἐὁραίων
704 492 797 527 βίὸλῳ,
812 491 927 526 συνάψαι
951 498 981 517 τε

195 540 251 571 τοῖς
266 539 406 575 προτέροις
420 539 453 566 τὰ
467 539 644 575 προκείμενα,
661 538 732 564 ὥστε
747 536 816 564 εἶναι
839 537 921 573 μέρος
933 536 982 562 αὐ-

196 585 229 612 τὰ
244 585 291 612 τοῦ
313 588 363 621 ριγ¹
378 584 475 620 ὕμνου.
490 586 569 612 Δοκεῖ
589 582 636 611 οὖν
659 584 693 611 τὰ
717 583 886 620 προκείμενα.
900 583 983 618 ἀνηρ-

195 632 355 667 τῆσθαιτῶν
370 631 509 667 προτέρων
519 641 525 646 ·
541 631 710 658 παιδεύονται
727 631 781 667 γὰρ
797 631 821 657 οἱ
835 630 928 661 παῖδες
942 626 982 660 οἷς

196 678 320 712 ὲλέγετω
338 678 461 710 Ain-rite,
479 676 594 711 παῖδες,
611 678 732 711 Κύριον,
745 677 883 704 τουτέστιν
897 677 911 703 ὁ
924 676 983 708 νέος

195 724 268 756 λαός,
290 725 364 750 ποῖον
379 724 480 759 Κύριον
495 724 625 759 προσήκει
640 724 724 750 αῑνείν
736 731 744 738 ·
767 723 845 758 δῆλον
861 722 888 748 δὲ
903 721 983 748 αὑτὸν

195 771 298 797 ἐκεῖνον
309 770 354 797 τὸν
371 771 398 796 ὲν
413 772 445 806 τῇ
459 770 541 805 ἐξόδῳ
559 769 666 805 Ἰσραὴλ
690 771 723 805 τῇ
745 768 774 801 ἐξ
790 769 927 803 Αἰγύπτου
948 767 983 795 τὰ

195 814 312 842 τοσαῦτα
344 805 483 850 θαύμάσια
511 815 739 850 διαπραξάμενον.
779 814 907 845 Ἐκείνοις
936 811 983 840 οὖν

194 860 348 893 ἀκολούθως
361 862 386 888 οἱ
405 861 481 888 αὐτοὶ
495 861 666 888 διδάσκονται
687 861 748 893 τοὺς
772 861 855 887 πάλαι
876 869 982 896 νενομι-

195 906 311 942 σμένους
328 906 417 933 αὐτῶν
434 906 512 938 θεοὺς
531 906 617 933 ὁποῖοί
638 915 710 937 τινες
724 903 794 941 ἦσαν
810 905 847 941 μὴ
864 907 978 940 ἀγνοεῖν,

194 951 235 978 ὅτι
252 951 350 987 ἄψυχοι
375 952 421 978 καὶ
439 952 528 987 πάσης
555 951 706 987 αἰσθήσεως
730 951 917 987 ἐστερημένοι,
942 952 983 978 ὅτι

194 997 289 1033 νεκρὰ,
314 999 360 1025 καὶ
380 998 459 1033 κωφά
482 999 529 1025 καὶ
549 998 637 1033 τυφλὰ
661 997 769 1030 εἴδωλα,
789 997 865 1024 οὐδὲν
891 997 982 1032 ὅμοιον

193 1043 299 1078 ἔχοντα,
308 1044 338 1070 οὔ
354 1045 424 1080 φημὶ
432 1044 469 1080 τῷ
485 1044 595 1080 μεγάλῳ
609 1044 655 1071 κα).
663 1042 868 1079 παραδοξοποιῷ
881 1044 978 1078 ποιητῇ

1030 217 1201 245 characteres
1214 217 1374 251 conjunctos
1388 224 1449 245 esse
1461 216 1620 252 repererim,
1637 215 1812 243 Hebraeorum

1030 263 1129 291 librum
1151 263 1317 298 sequendum
1339 270 1410 296 esse,
1430 267 1511 298 atque
1525 262 1663 297 prioribus
1674 261 1733 289 haec
1747 269 1814 289 con-

1027 308 1166 344 jungenda
1182 316 1242 337 esse
1255 308 1396 340 asstimavi,
1411 308 1447 335 ita
1464 313 1494 335 ut
1506 308 1563 335 haec
1574 315 1638 343 pars
1653 308 1708 335 sint
1722 313 1814 336 cente-

1030 356 1090 383 simi
1104 355 1201 382 decimi
1214 355 1286 383 tertii
1296 354 1396 390 hymni.
1408 354 1538 382 Videntur
1547 354 1638 389 itaque
1646 354 1703 382 haec
1712 362 1814 389 praece-

1029 401 1157 428 dentibus
1174 400 1320 427 cohzerere.
1341 398 1408 426 Nam
1429 399 1505 434 pueri
1524 399 1573 431 illi,
1593 398 1693 434 quibus
1708 398 1811 426 dictum

1029 451 1082 480 est,
1098 446 1227 480 Laudale,
1244 447 1328 480 pueri,
1346 445 1499 478 Dominum,
1516 445 1544 472 id
1558 449 1611 478 est,
1627 452 1714 473 novus
1726 452 1812 481 popu-

1030 494 1083 526 lus,
1094 493 1244 521 edocentur
1253 500 1334 528 quem
1350 491 1494 520 Dominum
1509 491 1620 519 laudare
1633 499 1682 526 par
1697 492 1743 519 sit.
1757 491 1812 518 Pa-

1031 541 1084 567 lam
1099 544 1188 567 autem
1201 543 1244 567 est
1258 546 1320 566 eum
1336 538 1427 574 ipsum
1441 546 1512 569 esse,
1532 538 1578 572 qui
1595 537 1621 564 in
1638 538 1712 566 exitu
1728 537 1812 566 Israel

1031 586 1065 614 de
1088 585 1207 622 )Egypto
1229 589 1306 612 tanta
1332 585 1466 628 miracula
1489 584 1584 613 edidit.
1608 584 1812 620 Consequeuter

1031 631 1114 667 igitur
1129 632 1162 659 ad
1184 631 1230 658 illa
1253 630 1403 658 edocentur
1425 630 1489 666 ipsi,
1509 638 1543 658 ne
1560 630 1686 666 ignorent
1701 631 1811 666 quinam

1031 676 1133 705 fuerint
1148 676 1187 704 illi
1207 676 1241 703 ab
1257 683 1286 703 se
1301 675 1366 703 olim
1384 675 1421 703 dii
1434 676 1594 708 existimati,
1614 676 1687 712 quod
1709 675 1814 703 scilicet

1032 724 1122 750 anima
1136 723 1266 758 omnique
1275 729 1358 750 sensu
1369 722 1517 754 caruerint,
1530 721 1684 758 fuerintque
1695 725 1812 754 mortua.

1032 773 1107 797 muta
1119 774 1145 797 et
1159 776 1230 797 caeca
1247 769 1328 800 idola,
1344 768 1412 795 nihil
1427 768 1515 796 simile
1527 768 1666 801 habentia,
1683 776 1737 795 non
1752 768 1814 796 dico

1032 822 1132 850 magno
1146 818 1173 841 et
1190 814 1355 842 mirabilium
1372 813 1488 846 editori,
1505 814 1626 841 omnium
1646 814 1747 849 opilici,
1767 813 1815 841 sed

1031 869 1066 889 ne
1080 861 1122 889 vel
1143 860 1288 896 postremis
1303 867 1397 887 eorum
1420 867 1480 895 quae
1499 859 1588 887 anima
1605 863 1632 886 et
1649 867 1731 887 sensu
1746 867 1816 895 pra:-

1030 907 1086 935 dita
1105 910 1169 934 sunt
1185 916 1192 934 :
1207 906 1254 933 sed
1273 905 1424 933 inanimata
1440 913 1553 941 prorsus
1569 906 1682 932 materia
1702 906 1811 933 iuerint.

1030 952 1063 980 Et
1074 953 1118 980 illa
1133 952 1255 990 quidem,
1272 951 1401 979 animalia
1417 951 1527 987 inquam
1540 951 1670 984 animata,
1686 951 1732 979 Dei
1750 950 1816 979 Ver-

1030 998 1065 1026 bo
1079 998 1284 1026 constiterunt:
1303 1001 1331 1025 at
1344 997 1382 1025 illi
1399 997 1520 1033 gentium
1537 997 1585 1029 dii,
1597 1001 1627 1024 ut
1638 997 1814 1032 putabantur,

1031 1044 1213 1071 humanorum
1230 1051 1343 1079 operum
1361 1043 1489 1079 ﬁgmenta
1505 1046 1578 1071 sunt.

194 1088 246 1114 τῶν
260 1088 338 1119 ὅλων,
351 1088 407 1115 ἀλλ’
422 1088 482 1115 οὐδὲ
494 1090 548 1120 τοῖς
565 1089 688 1124 ἐσχάτοις
718 1089 771 1115 τῶν
796 1087 936 1123 ἐμψύχων,
956 1085 996 1120 οἷς
1013 1088 1138 1124 μέτεστιν
1154 1089 1320 1124 αἰσθήσεως·
1339 1088 1427 1124 πάντη
1439 1088 1467 1115 δὲ
1483 1088 1584 1124 ἄψυχος
1600 1088 1649 1123 ὕλη
1679 1088 1814 1125 καθέστη-

194 1143 250 1161 κεν.
268 1135 387 1161 Κάκεῖνα
417 1135 475 1170 μὲν,
500 1134 571 1169 λέγω
587 1135 667 1170 δὴτά
692 1134 800 1171 ἔμψυχα
829 1135 896 1167 ζῶα,
920 1133 987 1161 Θεοῦ
1012 1135 1090 1170 Λόγῳ
1118 1135 1281 1171 συνέστηκεν
1303 1144 1310 1151 ·
1338 1135 1362 1162 οἱ
1392 1134 1420 1161 δὲ
1443 1134 1497 1161 τῶν
1521 1134 1605 1162 ὲθνῶν
1628 1135 1815 1171 νενομισμένον.

194 1181 250 1207 υεοὶ
266 1180 443 1215 ἀνθρωπίνων
459 1180 546 1216 ἔργων
562 1181 761 1217 ἀναπλάσματα
776 1181 960 1216 τυγχάνουσιν.

437 1239 646 1266 ΑΛΛΗΛΟΥΙΑ.
667 1238 742 1267 Ρ1Δ’,’

234 1285 395 1320 Ἡγάπησιζ,
406 1284 450 1311 ὅτι
460 1285 671 1312 εὶσακούσεται
691 1286 799 1319 Κύριος
812 1285 867 1319 τῆς
877 1284 980 1319 φωνῆς

193 1331 249 1366 τῆς
265 1331 396 1364 δεήσεώς
409 1339 479 1365 μου,
496 1331 539 1357 ὅτι
556 1331 656 1358 ἔκλινε
679 1331 712 1358 τὸ
726 1329 780 1364 οὖς
796 1331 888 1358 αὐτοῦ
901 1331 977 1365 ἐμοὶ,

194 1378 243 1405 καὶ
260 1377 295 1404 ἐν
308 1377 372 1410 ταῖς
385 1376 509 1411 ἡμέραις
523 1386 583 1411 μου
605 1376 826 1412 ἑπικαλέσομαι.
849 1377 877 1403 '0
894 1376 977 1403 πάλαι

194 1423 358 1458 φοϐούμενος
375 1423 421 1450 τὸν
435 1423 547 1459 Κύριον,
567 1423 616 1458 ἥδη
636 1423 775 1459 προκόψας
799 1422 853 1449 ἀπὸ
865 1422 912 1449 τοῦ
928 1423 977 1457 φό-

194 1469 252 1502 σου,
273 1469 319 1496 καὶ
342 1468 460 1504 μεταϐὰς
474 1469 519 1495 ἐπὶ
540 1469 589 1504 τὴν
605 1469 713 1504 ἀγάπην
739 1468 786 1495 τοῦ
810 1468 889 1500 Θεοῦ,
906 1468 976 1496 εῐποι

195 1515 237 1547 ἂν,
255 1515 408 1550 Ἡγάπησα
418 1523 427 1531 ·
451 1515 512 1541 τίνα.
524 1515 563 1547 δὲ,
580 1514 707 1550 ἢδηλαδὴ
732 1514 833 1550 Κύριον
847 1515 892 1542 τὸν
908 1515 974 1542 Θεὸν

1278 1235 1460 1265 ALLELUIA.
1480 1237 1572 1266 CXIV.

1069 1282 1151 1310 Vens.
1168 1282 1194 1314 Ι,
1208 1282 1236 1309 2.
1253 1281 1343 1310 Dilexi
1357 1284 1483 1318 quoniam
1494 1284 1617 1311 exaudiet
1632 1284 1761 1313 Dominus
1776 1294 1816 1313 νο-

1031 1337 1086 1356 cem
1100 1328 1228 1356 orationis
1241 1337 1314 1362 mea,
1326 1330 1389 1364 quia
1400 1330 1537 1357 inclinavit
1551 1339 1641 1358 aurem
1653 1340 1728 1358 suam
1740 1333 1816 1365 mihi,

1029 1379 1054 1402 et
1067 1375 1094 1401 in
1106 1374 1197 1401 diebus
1214 1375 1278 1402 meis
1289 1375 1424 1402 invocabo.
1439 1375 1491 1407 Qui
1504 1376 1569 1403 olim
1585 1376 1727 1404 Dominum
1741 1378 1816 1406 time-

1030 1421 1086 1452 bat,
1100 1420 1155 1455 jam
1171 1427 1186 1447 a
1203 1420 1300 1448 timore
1315 1420 1465 1456 profectus,
1480 1425 1507 1449 et
1520 1422 1555 1449 ad
1573 1421 1745 1450 dilectionem
1765 1423 1814 1452 Dei

1029 1471 1229 1502 transgressus,
1239 1467 1302 1501 jure
1312 1467 1422 1499 dixerit,
1438 1467 1528 1494 Dilezi
1541 1476 1550 1495 :
1562 1476 1641 1502 quem
1654 1477 1745 1504 porro,
1760 1471 1814 1498 nisi

1029 1511 1173 1539 Dominum
1183 1511 1276 1543 Deum,
1286 1520 1319 1539 ex
1329 1515 1385 1539 toto
1397 1512 1490 1546 corde,
1501 1513 1602 1540 virtute
1613 1517 1694 1548 atque
1705 1515 1812 1549 anima;

195 1559 224 1591 ἐξ
242 1559 305 1594 ὅλης
320 1560 442 1594 καρδίας,
457 1559 653 1594 καὶδυνάμεως
665 1559 711 1586 καὶ
721 1559 818 1595 ψυχῆς,
832 1560 902 1587 ὥστε
916 1560 975 1587 ’ἐνε-

1029 1559 1066 1585 ita
1081 1562 1110 1585 ut
1125 1562 1237 1593 propter
1253 1558 1355 1592 ipsum,
1370 1559 1412 1585 vel
1425 1557 1458 1584 ad
1470 1563 1586 1586 mortem
1604 1567 1690 1594 uSque
1704 1568 1816 1589 concer-

194 1613 240 1632 κεν
251 1604 333 1632 αὑτοῦ
345 1606 391 1632 καὶ
404 1605 482 1641 μέχρι
496 1605 610 1632 θανάτου
628 1605 809 1639 ἀγωνίζεσθαι
823 1606 892 1642 ὑπὲρ
909 1606 976 1642 ἀλη-

194 1649 279 1682 Θείας,
305 1649 394 1676 πάντα
410 1657 440 1675 τε
459 1649 603 1684 ὑπομεῖναι
629 1648 790 1684 πειρασμὸν,
817 1649 864 1675 και⁵
889 1649 977 1676 πάντα

194 1695 313 1722 κίνδυνον
340 1695 488 1730 ὑποστῆναι
518 1694 664 1730 προθύμως
687 1694 731 1721 διὰ
752 1694 800 1730 τὴν
827 1695 894 1731 πρὸς
912 1694 978 1721 Θεὸν

194 1741 322 1776 ἀγάπην;
340 1742 400 1768 ’Ὁτι
429 1742 530 1768 ἔκλινε
549 1741 582 1767 τὸ
604 1738 659 1774 οὖς
672 1740 765 1770 αὺτοῦ
789 1741 862 1776 ἐμοὶ,
880 1741 928 1768 καὶ
944 1741 979 1768 ὲν

195 1785 258 1819 ταῖς
282 1786 404 1821 ἡμέραις
427 1795 486 1820 μου
508 1785 733 1819 ἐπικαλέσομαι.
760 1785 926 1820 Περώσχον
939 1794 978 1820 με

194 1831 297 1865 ὠδῖνες
317 1831 456 1863 θανάτου,
473 1831 607 1858 κίνδυνοι
620 1831 693 1864 ᾅδου
707 1831 838 1865 εῦροσάν
845 1839 884 1865 με
893 1839 899 1846 ·
913 1831 978 1859 θλί-

195 1879 249 1912 ψιν
263 1877 312 1904 καὶ
326 1877 439 1910 ὀδύνην
455 1873 554 1910 εὗρον,
568 1877 617 1903 καὶ
633 1876 665 1904 τὸ
681 1876 775 1912 ὄνομα
788 1877 897 1911 Κυρίου
913 1877 979 1904 ἐπε-

195 1924 379 1958 καλεσάμην.
395 1922 429 1950 Ὦ
464 1923 561 1957 Κύριε,
585 1923 679 1956 ῥῦσαι
703 1923 760 1957 τὴν
778 1922 883 1958 ψυχήν
907 1931 977 1958 μου·

195 1969 330 2004 ἐλεήμων
345 1969 393 1995 καὶ
409 1968 524 2001 δίκαιος
541 1970 556 1995 d
572 1969 691 2002 Κύριος,
706 1968 755 1995 καὶ
774 1969 790 1995 ό
803 1968 875 2000 Θεὸς
894 1967 978 2002 ἡμῶν

194 2015 281 2042 ἐλεεῖ.
299 2014 467 2042 Φυλάσσων
488 2014 525 2041 τὰ
542 2013 634 2048 νήπια
654 2016 670 2040 ὁ
694 2014 809 2047 Κύριος,
821 2013 977 2040 ἐταπεινώ-

195 2060 262 2092 θην,
278 2059 327 2085 καὶ
343 2059 441 2086 ἔσωσέ
457 2068 507 2094 με.
535 2059 742 2092 Ἐπὶστρειί-ον,
755 2057 838 2092 ψυχή
850 2066 921 2092 μου.
935 2058 978 2090 είς

196 2103 252 2137 τὴν
263 2104 436 2131 ἀνάπαυσίν
452 2112 520 2135 σου,
533 2104 577 2130 ὅτι
593 2104 700 2138 Κύριος
717 2101 898 2137 εὐηργέτησέ
923 2110 959 2130 σε
969 2110 976 2118 ·

195 2150 240 2176 ὅτι
261 2149 392 2181 ἐξείλετο
416 2149 474 2183 τὴν
488 2149 593 2184 ψυχήν
610 2158 669 2183 μου
685 2149 728 2175 -ἐιι
747 2148 885 2181 θανάτου,
908 2148 978 2182 τοὺς

195 2195 366 2230 ὀφθαλμούς
392 2204 451 2229 μου
467 2194 526 2221 ἀπὸ
550 2194 696 2228 δακρύων,
710 2194 759 2221 καί
785 2194 856 2228 τοὺς
882 2194 977 2228 πόδας

1027 1607 1066 1631 tet
1084 1611 1134 1639 pro
1151 1605 1274 1636 veritate,
1292 1611 1324 1631 ac
1336 1605 1462 1639 quamvis
1477 1607 1654 1633 tentationem
1667 1607 1814 1640 sustineat,

1028 1650 1144 1687 quodvis
1160 1651 1312 1685 periculum
1324 1650 1454 1677 alacriter
1466 1658 1520 1685 prae
1535 1651 1580 1678 Dei
1593 1659 1685 1679 amore
1700 1653 1816 1681 subeat?

1016 1711 1062 1720 .—-
1073 1695 1156 1724 Vens.
1171 1696 1229 1723 5-8.
1247 1696 1317 1729 Quia
1336 1696 1475 1724 inclinavit
1498 1706 1589 1724 aurem
1610 1706 1686 1725 suam
1701 1699 1776 1732 mihi,
1789 1704 1815 1726 et

1027 1743 1056 1770 in
1069 1741 1161 1769 diebus
1177 1742 1240 1769 meis
1256 1742 1392 1769 invocabo.
1407 1743 1642 1770 Circumdederunt
1656 1753 1697 1772 me
1710 1745 1813 1773 dolores

1028 1787 1132 1819 mortis,
1154 1787 1271 1821 pericula
1292 1787 1389 1821 inferni
1409 1788 1562 1815 invenerunt
1582 1797 1630 1816 me.
1650 1789 1816 1818 Tribulatio-

1028 1841 1086 1860 nem
1110 1837 1134 1859 et
1153 1832 1270 1860 dolorem
1291 1833 1386 1864 inveni,
1402 1837 1426 1860 et
1444 1841 1537 1860 nomen
1558 1833 1667 1861 Domini
1685 1836 1813 1863 invocavi.

1029 1877 1052 1906 0
1065 1878 1188 1910 Domine,
1200 1878 1283 1905 libera
1295 1878 1412 1905 animam
1424 1887 1519 1913 meam,
1533 1881 1681 1908 misericors
1692 1882 1813 1916 etjustus

1031 1924 1169 1956 Dominus,
1183 1929 1208 1950 et
1227 1924 1297 1951 Dens
1312 1931 1400 1951 uoster
1412 1925 1558 1952 miseretur.
1577 1925 1732 1954 Custodiens
1748 1936 1813 1962 par-

1027 1969 1101 1997 uulos
1126 1969 1266 2003 Dominus,
1289 1970 1444 1998 humiliatus
1473 1980 1549 2004 sum,
1579 1977 1603 1998 el
1629 1973 1742 2000 saltvabit
1762 1983 1811 2001 me.

1029 2014 1192 2047 Convertere,
1215 2016 1305 2043 anima
1323 2025 1390 2047 mea.
1413 2017 1440 2043 in
1455 2018 1568 2052 requiem
1586 2024 1669 2050 tuam,
1685 2020 1747 2055 quia
1761 2020 1815 2048 Do-

1029 2061 1114 2088 minus
1133 2061 1256 2095 benefecit
1273 2062 1329 2088 tibi.
1352 2063 1422 2095 Quia
1441 2063 1537 2097 eripuit
1554 2065 1671 2091 animum
1685 2074 1768 2093 meam
1782 2067 1815 2092 de

1029 2111 1122 2138 morte,
1137 2107 1226 2134 oculos
1244 2116 1313 2134 mea:
1329 2116 1345 2134 a
1362 2108 1499 2143 lacrymis,
1514 2109 1590 2143 pedes
1606 2119 1676 2138 meo;
1693 2120 1710 2138 ιι
1727 2112 1813 2147 lapsu.

1029 2151 1102 2185 Haec,
1119 2152 1217 2187 inquit,
1233 2153 1324 2180 omnia
1341 2159 1454 2189 propter
1469 2154 1553 2183 Deum
1572 2164 1718 2192 perpessus
1733 2157 1815 2185 dilexi

1028 2197 1114 2224 illum.
1132 2197 1190 2226 Non
1209 2199 1281 2226 enim
1306 2205 1403 2234 pra-ter
1426 2201 1606 2235 voluntatem,
1631 2210 1720 2237 neque
1740 2203 1815 2230 refu-

193 2250 251 2276 μου
266 2241 323 2268 ἀπὸ
344 2241 552 2275 ὀλισθήματος.
569 2241 659 2267 Πάντα
670 2240 723 2276 γὰρ
741 2240 837 2275 ταῦτα,
852 2241 979 2277 φησὶ,διά

1030 2243 1144 2279 giendo,
1169 2245 1216 2272 sed
1241 2246 1368 2273 alacriter
1386 2254 1428 2274 me
1450 2247 1491 2275 liis
1514 2249 1642 2276 omnibus
1660 2249 1770 2280 tradidi,
1788 2254 1815 2277 et

194 2287 240 2314 τὸν
253 2287 318 2314 Θεὸν
337 2287 486 2322 ὑπομείνας
505 2286 646 2322 ἠγάπησα.
663 2287 698 2313 Οὐ
714 2286 767 2323 γὰρ
784 2287 859 2322 παρά
880 2287 976 2323 προαί-

1031 2290 1086 2317 haec
1099 2291 1240 2325 amplexus
1254 2299 1313 2318 sum
1328 2297 1439 2327 propter
1456 2301 1577 2320 amorem
1594 2293 1658 2327 Dei;
1678 2294 1715 2321 ita
1732 2298 1760 2321 ut
1772 2294 1814 2322 di-

197 2341 280 2369 ρεσιν,
305 2333 366 2360 οὗτε
393 2333 510 2368 φεύγων,
529 2332 674 2369 προθύμως
698 2332 726 2359 δὲ
741 2332 859 2368 ἐμαυτὸν
873 2332 976 2364 τούτοις

1029 2343 1090 2362 cere
1112 2336 1268 2363 valeamus:
1283 2337 1392 2371 Propter
1414 2343 1438 2365 te
1457 2339 1648 2373 mortificamur
1665 2343 1720 2365 tota
1739 2339 1781 2366 die
1793 2339 1815 2368 ⁸.

197 2378 296 2405 anum
316 2378 460 2410 ἐπιδιδοὺς,
478 2377 591 2414 ἔστερξα
609 2378 652 2405 διὰ
677 2378 724 2413 τὴν
748 2378 815 2414 πρὸς
843 2379 888 2405 τὸν
910 2378 976 2405 Θεὸν

1030 2380 1092 2408 Haec
1114 2382 1213 2417 quippe
1237 2383 1328 2409 omnia
1352 2383 1433 2410 dilexi
1459 2388 1571 2419 propter
1596 2383 1763 2418 Dominum;
1783 2393 1815 2412 ac

195 2425 317 2461 ἀγάπην·
341 2425 378 2456 ὡς
398 2423 525 2451 δύνασθαι
542 2424 648 2458 λέγειν·
667 2423 788 2451 ’Ἐνεκέν
805 2432 862 2451 σου
885 2427 976 2452 θανα-

1029 2435 1090 2454 cum
1105 2427 1254 2463 diligerem,
1271 2435 1369 2455 nomen
1384 2429 1491 2456 Domini
1505 2430 1641 2458 invocavi.

196 2470 322 2504 τούμεθα
332 2469 408 2504 ὅλην
423 2471 480 2504 τὴν
492 2469 615 2504 ἡμέραν.
634 2469 726 2496 Πάντα
745 2469 798 2505 γὰρ
820 2469 905 2497 ταῦτα
925 2471 1054 2507 ἠγάπησα
1082 2473 1126 2500 διὰ
1154 2474 1199 2500 τὸν
1214 2473 1323 2509 Κύριον,
1338 2475 1383 2501 καὶ
1391 2475 1536 2511 ἀγαπήσας
1554 2475 1584 2502 τὸ
1607 2475 1692 2512 ὖνομα
1713 2475 1815 2512 Κυρίου

196 2515 413 2552 ὲπεκαλεσάμην.

231 2562 432 2597 Εὐαρεστήσω
445 2562 571 2590 ἐνώπιον
583 2563 692 2597 Κυρίου
714 2562 748 2590 ἐν
762 2562 841 2598 χώρᾳ
854 2562 977 2593 ζώντων.

201 2607 232 2635 '0
244 2608 344 2644 κόσμος
365 2605 440 2640 οὗτος
464 2609 544 2640 αὐτὸς
559 2609 589 2635 τέ
608 2610 665 2635 ἐστι
688 2609 794 2645 θνητὸς,
817 2609 863 2636 καὶ
882 2610 979 2645 χωρίον

197 2654 419 2690 ἀποθνησκόντων
434 2655 515 2681 ἐστίν.
530 2655 638 2690 Ἐπειδὴ
650 2654 703 2690 γὰρ
721 2655 844 2687 σύνθετός
855 2657 911 2682 ἐστι
926 2655 980 2682 τῶν

197 2699 368 2735 ὸρωμένωνή
384 2699 526 2732 σύστασις·
541 2701 571 2727 τὸ
593 2702 620 2728 δὲ
644 2701 770 2729 σύνθετον
789 2702 860 2730 ἅπαν
877 2702 981 2729 διαλύε-

199 2745 259 2772 σθαι
275 2746 395 2781 πέφυκεν
406 2754 412 2760 ·
429 2746 457 2771 ὲν
476 2745 514 2781 τῷ
529 2747 623 2783 κόσμῳ
637 2747 721 2780 ὄντες,
743 2747 824 2787 μέρος
841 2748 916 2780 ὅντες
934 2748 979 2776 τοῦ

235 2823 245 2838 ⁸
263 2822 336 2851 Psal.
353 2831 416 2850 mu
429 2844 436 2857 ,
453 2823 498 2852 22.

1064 2562 1146 2591 Vens.
1164 2563 1190 2590 9.
1210 2563 1323 2591 Placebo
1341 2573 1430 2591 coram
1446 2555 1561 2592 Domino
1573 2565 1601 2592 in
1615 2567 1718 2601 regione
1734 2567 1817 2595 viun'

1030 2610 1105 2637 tium.
1132 2609 1182 2637 Hic
1204 2610 1322 2638 mundus
1341 2619 1405 2638 vere
1423 2615 1450 2638 et
1468 2611 1525 2647 ipse
1547 2613 1684 2644 mortalis,
1708 2615 1733 2640 et
1756 2620 1816 2640 mo-

1029 2656 1157 2684 rientium
1179 2657 1257 2685 locus
1280 2661 1331 2685 est.
1353 2656 1421 2691 Quia
1446 2659 1519 2686 enim
1546 2666 1639 2687 rerum
1663 2659 1814 2687 visibilium

1030 2702 1190 2730 constitutio
1212 2703 1362 2738 composita
1379 2707 1431 2736 est,
1447 2711 1528 2732 omne
1543 2712 1609 2732 vero
1631 2705 1813 2740 compositum

1031 2749 1164 2784 solvitur;
1181 2757 1243 2778 curn
1258 2749 1286 2778 in
1303 2750 1405 2778 mundo
1419 2754 1446 2777 et
1461 2758 1525 2786 pars
1545 2750 1639 2779 mundi
1653 2751 1750 2784 simus,
1764 2757 1816 2778 no-
