  <div class='ocr_page' id='page_1' title='image "/cluster/home/n/w/nwhite01/storage/ocr_20150623/23/njp.32101077772505/689.png"; bbox 0 0 2044 3212; ppageno 0'>
   <div class='ocr_carea' id='block_1_1' title="bbox 261 133 328 161">
    <p class='ocr_par' dir='ltr' id='par_1_1' title="bbox 261 133 328 161">
     <span class='ocr_line' id='line_1_1' title="bbox 261 133 328 161; baseline 0 -1"><span class='ocrx_word' id='word_1_1' title='bbox 261 133 328 161; x_wconf 76' lang='grc'><strong>1559</strong></span> 
     </span>
    </p>
   </div>
   <div class='ocr_carea' id='block_1_2' title="bbox 598 131 1523 162">
    <p class='ocr_par' dir='ltr' id='par_1_2' title="bbox 598 131 1523 162">
     <span class='ocr_line' id='line_1_2' title="bbox 598 131 1523 162; baseline 0.003 -3"><span class='ocrx_word' id='word_1_2' title='bbox 598 131 731 160; x_wconf 80' lang='lat' dir='ltr'><strong>EUSEBll</strong></span> <span class='ocrx_word' id='word_1_3' title='bbox 750 132 985 160; x_wconf 74' lang='lat' dir='ltr'><strong>C/ESARIENSIS</strong></span> <span class='ocrx_word' id='word_1_4' title='bbox 1003 132 1077 160; x_wconf 78' lang='lat' dir='ltr'><strong>OPP.</strong></span> <span class='ocrx_word' id='word_1_5' title='bbox 1099 132 1188 160; x_wconf 75' lang='lat' dir='ltr'><strong>PARS</strong></span> <span class='ocrx_word' id='word_1_6' title='bbox 1208 133 1251 161; x_wconf 89' lang='grc'><strong>111.</strong></span> <span class='ocrx_word' id='word_1_7' title='bbox 1271 149 1304 154; x_wconf 92' lang='grc'><strong>-</strong></span> <span class='ocrx_word' id='word_1_8' title='bbox 1320 133 1523 162; x_wconf 73' lang='lat' dir='ltr'><strong>EXEGETICA.</strong></span> 
     </span>
    </p>
   </div>
   <div class='ocr_carea' id='block_1_3' title="bbox 1811 139 1881 168">
    <p class='ocr_par' dir='ltr' id='par_1_3' title="bbox 1811 139 1881 168">
     <span class='ocr_line' id='line_1_3' title="bbox 1811 139 1881 168; baseline 0.029 -2"><span class='ocrx_word' id='word_1_9' title='bbox 1811 139 1881 168; x_wconf 74' lang='grc'><strong>1560</strong></span> 
     </span>
    </p>
   </div>
   <div class='ocr_carea' id='block_1_4' title="bbox 257 193 1035 230">
    <p class='ocr_par' dir='ltr' id='par_1_4' title="bbox 257 193 1035 226">
     <span class='ocr_line' id='line_1_4' title="bbox 257 193 1035 226; baseline -0.003 -5"><span class='ocrx_word' id='word_1_10' title='bbox 257 194 378 222; x_wconf 82' lang='lat' dir='ltr'><strong>cessario</strong></span> <span class='ocrx_word' id='word_1_11' title='bbox 393 198 496 221; x_wconf 73' lang='lat' dir='ltr'><strong>natura:</strong></span> <span class='ocrx_word' id='word_1_12' title='bbox 517 193 637 220; x_wconf 81' lang='lat' dir='ltr'><strong>universi</strong></span> <span class='ocrx_word' id='word_1_13' title='bbox 657 197 799 221; x_wconf 89' lang='lat' dir='ltr'><strong>consortes</strong></span> <span class='ocrx_word' id='word_1_14' title='bbox 817 201 929 226; x_wconf 84' lang='lat' dir='ltr'><strong>sumus;</strong></span> <span class='ocrx_word' id='word_1_15' title='bbox 946 197 974 220; x_wconf 83' lang='lat' dir='ltr'><strong>at</strong></span> <span class='ocrx_word' id='word_1_16' title='bbox 989 193 1035 220; x_wconf 79' lang='lat' dir='ltr'><strong>illit</strong></span> 
     </span>
    </p>
   </div>
   <div class='ocr_carea' id='block_1_5' title="bbox 1085 193 1886 230">
    <p class='ocr_par' dir='ltr' id='par_1_5' title="bbox 1095 193 1886 230">
     <span class='ocr_line' id='line_1_5' title="bbox 1095 193 1886 230; baseline 0.005 -10"><span class='ocrx_word' id='word_1_17' title='bbox 1095 193 1208 229; x_wconf 79' lang='grc' dir='ltr'><strong>κόσμου,</strong></span> <span class='ocrx_word' id='word_1_18' title='bbox 1224 194 1380 228; x_wconf 74' lang='grc' dir='ltr'>ἀναγκαίως</span> <span class='ocrx_word' id='word_1_19' title='bbox 1395 194 1444 230; x_wconf 77' lang='grc' dir='ltr'>τῆς</span> <span class='ocrx_word' id='word_1_20' title='bbox 1457 194 1504 221; x_wconf 75' lang='grc' dir='ltr'><strong>τοῦ</strong></span> <span class='ocrx_word' id='word_1_21' title='bbox 1521 196 1618 227; x_wconf 78' lang='grc' dir='ltr'>παντὸς</span> <span class='ocrx_word' id='word_1_22' title='bbox 1635 196 1741 230; x_wconf 75' lang='grc' dir='ltr'>φύσεως</span> <span class='ocrx_word' id='word_1_23' title='bbox 1755 197 1886 224; x_wconf 81' lang='grc' dir='ltr'>ἀπολαύο-</span> 
     </span>
    </p>
   </div>
   <div class='ocr_carea' id='block_1_6' title="bbox 258 238 1044 274">
    <p class='ocr_par' dir='ltr' id='par_1_6' title="bbox 258 238 1044 274">
     <span class='ocr_line' id='line_1_6' title="bbox 258 238 1044 274; baseline 0 -7"><span class='ocrx_word' id='word_1_24' title='bbox 258 249 312 268; x_wconf 90' lang='lat' dir='ltr'><strong>non</strong></span> <span class='ocrx_word' id='word_1_25' title='bbox 332 244 375 267; x_wconf 78' lang='lat' dir='ltr'><strong>est</strong></span> <span class='ocrx_word' id='word_1_26' title='bbox 390 240 542 267; x_wconf 70' lang='lat' dir='ltr'><strong>inmutatio</strong></span> <span class='ocrx_word' id='word_1_27' title='bbox 558 239 599 266; x_wconf 87' lang='lat' dir='ltr'><strong>vel</strong></span> <span class='ocrx_word' id='word_1_28' title='bbox 619 239 743 274; x_wconf 89' lang='lat' dir='ltr'><strong>corporis</strong></span> <span class='ocrx_word' id='word_1_29' title='bbox 766 239 807 266; x_wconf 90' lang='lat' dir='ltr'><strong>vel</strong></span> <span class='ocrx_word' id='word_1_30' title='bbox 828 239 935 266; x_wconf 67' lang='lat' dir='ltr'><strong>animae.</strong></span> <span class='ocrx_word' id='word_1_31' title='bbox 951 238 1044 274; x_wconf 83' lang='lat' dir='ltr'><strong>Neque</strong></span> 
     </span>
    </p>
   </div>
   <div class='ocr_carea' id='block_1_7' title="bbox 257 285 1044 321">
    <p class='ocr_par' dir='ltr' id='par_1_7' title="bbox 257 285 1044 321">
     <span class='ocr_line' id='line_1_7' title="bbox 257 285 1044 321; baseline -0.001 -8"><span class='ocrx_word' id='word_1_32' title='bbox 257 287 329 314; x_wconf 92' lang='lat' dir='ltr'><strong>enim</strong></span> <span class='ocrx_word' id='word_1_33' title='bbox 356 290 398 313; x_wconf 89' lang='lat' dir='ltr'><strong>est</strong></span> <span class='ocrx_word' id='word_1_34' title='bbox 423 286 596 321; x_wconf 72' lang='lat' dir='ltr'><strong>cogitationis</strong></span> <span class='ocrx_word' id='word_1_35' title='bbox 621 285 770 316; x_wconf 82' lang='lat' dir='ltr'><strong>aberratio,</strong></span> <span class='ocrx_word' id='word_1_36' title='bbox 795 292 883 320; x_wconf 91' lang='lat' dir='ltr'><strong>neque</strong></span> <span class='ocrx_word' id='word_1_37' title='bbox 903 286 1044 313; x_wconf 73' lang='lat' dir='ltr'><strong>sententiae</strong></span> 
     </span>
    </p>
   </div>
   <div class='ocr_carea' id='block_1_8' title="bbox 257 329 1044 364">
    <p class='ocr_par' dir='ltr' id='par_1_8' title="bbox 257 329 1044 364">
     <span class='ocr_line' id='line_1_8' title="bbox 257 329 1044 364; baseline -0.004 -6"><span class='ocrx_word' id='word_1_38' title='bbox 257 331 382 364; x_wconf 85' lang='lat' dir='ltr'><strong>variatio,</strong></span> <span class='ocrx_word' id='word_1_39' title='bbox 395 338 458 358; x_wconf 89' lang='lat' dir='ltr'><strong>cum</strong></span> <span class='ocrx_word' id='word_1_40' title='bbox 473 330 546 357; x_wconf 86' lang='lat' dir='ltr'><strong>nulla</strong></span> <span class='ocrx_word' id='word_1_41' title='bbox 558 330 700 357; x_wconf 74' lang='lat' dir='ltr'><strong>calamitas</strong></span> <span class='ocrx_word' id='word_1_42' title='bbox 714 332 840 364; x_wconf 88' lang='lat' dir='ltr'><strong>pacatum</strong></span> <span class='ocrx_word' id='word_1_43' title='bbox 855 329 1044 364; x_wconf 81' lang='lat' dir='ltr'><strong>tranquillum-</strong></span> 
     </span>
    </p>
   </div>
   <div class='ocr_carea' id='block_1_9' title="bbox 257 373 1043 412">
    <p class='ocr_par' dir='ltr' id='par_1_9' title="bbox 257 373 1043 412">
     <span class='ocr_line' id='line_1_9' title="bbox 257 373 1043 412; baseline -0.005 -8"><span class='ocrx_word' id='word_1_44' title='bbox 257 385 309 412; x_wconf 90' lang='lat' dir='ltr'><strong>que</strong></span> <span class='ocrx_word' id='word_1_45' title='bbox 328 377 524 412; x_wconf 74' lang='lat' dir='ltr'><strong>cogitationum</strong></span> <span class='ocrx_word' id='word_1_46' title='bbox 550 375 675 403; x_wconf 89' lang='lat' dir='ltr'><strong>ordinem</strong></span> <span class='ocrx_word' id='word_1_47' title='bbox 700 374 816 402; x_wconf 83' lang='lat' dir='ltr'><strong>auferat.</strong></span> <span class='ocrx_word' id='word_1_48' title='bbox 839 373 887 401; x_wconf 90' lang='lat' dir='ltr'><strong>Illa</strong></span> <span class='ocrx_word' id='word_1_49' title='bbox 911 375 974 401; x_wconf 85' lang='lat' dir='ltr'><strong>item</strong></span> <span class='ocrx_word' id='word_1_50' title='bbox 1001 379 1043 402; x_wconf 88' lang='lat' dir='ltr'><strong>est</strong></span> 
     </span>
    </p>
   </div>
   <div class='ocr_carea' id='block_1_10' title="bbox 256 420 1042 459">
    <p class='ocr_par' dir='ltr' id='par_1_10' title="bbox 256 420 1042 459">
     <span class='ocr_line' id='line_1_10' title="bbox 256 420 1042 459; baseline -0.005 -8"><span class='ocrx_word' id='word_1_51' title='bbox 256 423 332 459; x_wconf 79' lang='lat' dir='ltr'><strong>regio</strong></span> <span class='ocrx_word' id='word_1_52' title='bbox 352 423 517 455; x_wconf 79' lang='lat' dir='ltr'><strong>viventium,</strong></span> <span class='ocrx_word' id='word_1_53' title='bbox 541 421 586 449; x_wconf 90' lang='lat' dir='ltr'><strong>ubi</strong></span> <span class='ocrx_word' id='word_1_54' title='bbox 613 429 644 449; x_wconf 87' lang='lat' dir='ltr'><strong>se</strong></span> <span class='ocrx_word' id='word_1_55' title='bbox 668 421 786 448; x_wconf 82' lang='lat' dir='ltr'><strong>maxime</strong></span> <span class='ocrx_word' id='word_1_56' title='bbox 805 420 860 449; x_wconf 88' lang='lat' dir='ltr'><strong>Deo</strong></span> <span class='ocrx_word' id='word_1_57' title='bbox 880 421 1042 455; x_wconf 85' lang='lat' dir='ltr'><strong>placiturum</strong></span> 
     </span>
    </p>
   </div>
   <div class='ocr_carea' id='block_1_11' title="bbox 255 467 1042 506">
    <p class='ocr_par' dir='ltr' id='par_1_11' title="bbox 255 467 1042 506">
     <span class='ocr_line' id='line_1_11' title="bbox 255 467 1042 506; baseline -0.004 -9"><span class='ocrx_word' id='word_1_58' title='bbox 255 469 386 506; x_wconf 76' lang='lat' dir='ltr'><strong>propheta</strong></span> <span class='ocrx_word' id='word_1_59' title='bbox 406 469 586 505; x_wconf 75' lang='lat' dir='ltr'><strong>praenuntiat;</strong></span> <span class='ocrx_word' id='word_1_60' title='bbox 611 472 641 495; x_wconf 90' lang='lat' dir='ltr'><strong>ut</strong></span> <span class='ocrx_word' id='word_1_61' title='bbox 664 468 711 503; x_wconf 92' lang='lat' dir='ltr'><strong>qui</strong></span> <span class='ocrx_word' id='word_1_62' title='bbox 730 477 745 494; x_wconf 86' lang='lat' dir='ltr'><strong>a</strong></span> <span class='ocrx_word' id='word_1_63' title='bbox 767 467 843 495; x_wconf 90' lang='lat' dir='ltr'><strong>nullo</strong></span> <span class='ocrx_word' id='word_1_64' title='bbox 861 471 992 495; x_wconf 88' lang='lat' dir='ltr'><strong>extraneo</strong></span> <span class='ocrx_word' id='word_1_65' title='bbox 1008 474 1042 494; x_wconf 86' lang='lat' dir='ltr'><strong>ex</strong></span> 
     </span>
    </p>
   </div>
   <div class='ocr_carea' id='block_1_12' title="bbox 255 512 1041 548">
    <p class='ocr_par' dir='ltr' id='par_1_12' title="bbox 255 512 1041 548">
     <span class='ocr_line' id='line_1_12' title="bbox 255 512 1041 548; baseline -0.005 -5"><span class='ocrx_word' id='word_1_66' title='bbox 255 523 371 543; x_wconf 89' lang='lat' dir='ltr'><strong>numero</strong></span> <span class='ocrx_word' id='word_1_67' title='bbox 384 515 532 543; x_wconf 89' lang='lat' dir='ltr'><strong>viventium</strong></span> <span class='ocrx_word' id='word_1_68' title='bbox 549 513 754 542; x_wconf 85' lang='lat' dir='ltr'><strong>abscindendus</strong></span> <span class='ocrx_word' id='word_1_69' title='bbox 771 513 817 541; x_wconf 89' lang='lat' dir='ltr'><strong>sit.</strong></span> <span class='ocrx_word' id='word_1_70' title='bbox 834 512 880 540; x_wconf 87' lang='lat' dir='ltr'><strong>Hla</strong></span> <span class='ocrx_word' id='word_1_71' title='bbox 897 513 973 548; x_wconf 77' lang='lat' dir='ltr'><strong>regio</strong></span> <span class='ocrx_word' id='word_1_72' title='bbox 988 516 1041 546; x_wconf 89' lang='lat' dir='ltr'><strong>est,</strong></span> 
     </span>
    </p>
   </div>
   <div class='ocr_carea' id='block_1_13' title="bbox 254 558 1039 596">
    <p class='ocr_par' dir='ltr' id='par_1_13' title="bbox 254 558 1039 596">
     <span class='ocr_line' id='line_1_13' title="bbox 254 558 1039 596; baseline -0.003 -8"><span class='ocrx_word' id='word_1_73' title='bbox 254 562 281 589; x_wconf 84' lang='lat' dir='ltr'><strong>in</strong></span> <span class='ocrx_word' id='word_1_74' title='bbox 297 569 350 596; x_wconf 83' lang='lat' dir='ltr'><strong>qua</strong></span> <span class='ocrx_word' id='word_1_75' title='bbox 364 569 453 596; x_wconf 90' lang='lat' dir='ltr'><strong>neque</strong></span> <span class='ocrx_word' id='word_1_76' title='bbox 470 568 535 593; x_wconf 88' lang='lat' dir='ltr'><strong>nox,</strong></span> <span class='ocrx_word' id='word_1_77' title='bbox 560 567 650 595; x_wconf 87' lang='lat' dir='ltr'><strong>neque</strong></span> <span class='ocrx_word' id='word_1_78' title='bbox 674 566 798 591; x_wconf 82' lang='lat' dir='ltr'><strong>somnus.</strong></span> <span class='ocrx_word' id='word_1_79' title='bbox 820 558 917 586; x_wconf 90' lang='lat' dir='ltr'><strong>mortis</strong></span> <span class='ocrx_word' id='word_1_80' title='bbox 940 559 1039 594; x_wconf 75' lang='lat' dir='ltr'><strong>imago,</strong></span> 
     </span>
    </p>
   </div>
   <div class='ocr_carea' id='block_1_14' title="bbox 254 606 1042 644">
    <p class='ocr_par' dir='ltr' id='par_1_14' title="bbox 254 606 1042 644">
     <span class='ocr_line' id='line_1_14' title="bbox 254 606 1042 644; baseline -0.003 -8"><span class='ocrx_word' id='word_1_81' title='bbox 254 617 342 644; x_wconf 87' lang='lat' dir='ltr'><strong>neque</strong></span> <span class='ocrx_word' id='word_1_82' title='bbox 359 609 448 641; x_wconf 84' lang='lat' dir='ltr'><strong>cibus,</strong></span> <span class='ocrx_word' id='word_1_83' title='bbox 461 615 548 643; x_wconf 88' lang='lat' dir='ltr'><strong>neque</strong></span> <span class='ocrx_word' id='word_1_84' title='bbox 560 611 650 642; x_wconf 86' lang='lat' dir='ltr'><strong>potus,</strong></span> <span class='ocrx_word' id='word_1_85' title='bbox 665 606 832 635; x_wconf 57' lang='lat' dir='ltr'><strong>inbmitatis</strong></span> <span class='ocrx_word' id='word_1_86' title='bbox 847 611 947 634; x_wconf 64' lang='lat' dir='ltr'><strong>nostra;</strong></span> <span class='ocrx_word' id='word_1_87' title='bbox 962 606 1042 634; x_wconf 88' lang='lat' dir='ltr'><strong>fulci-</strong></span> 
     </span>
    </p>
   </div>
   <div class='ocr_carea' id='block_1_15' title="bbox 253 652 1042 688">
    <p class='ocr_par' dir='ltr' id='par_1_15' title="bbox 253 652 1042 688">
     <span class='ocr_line' id='line_1_15' title="bbox 253 652 1042 688; baseline -0.004 -6"><span class='ocrx_word' id='word_1_88' title='bbox 253 658 355 687; x_wconf 89' lang='lat' dir='ltr'><strong>menta,</strong></span> <span class='ocrx_word' id='word_1_89' title='bbox 370 661 421 681; x_wconf 87' lang='lat' dir='ltr'><strong>nec</strong></span> <span class='ocrx_word' id='word_1_90' title='bbox 437 653 576 688; x_wconf 85' lang='lat' dir='ltr'><strong>quidpiam</strong></span> <span class='ocrx_word' id='word_1_91' title='bbox 597 660 692 680; x_wconf 92' lang='lat' dir='ltr'><strong>eorum</strong></span> <span class='ocrx_word' id='word_1_92' title='bbox 716 659 775 687; x_wconf 61' lang='lat' dir='ltr'><strong>qua</strong></span> <span class='ocrx_word' id='word_1_93' title='bbox 796 652 969 680; x_wconf 86' lang='lat' dir='ltr'><strong>extrinsecus</strong></span> <span class='ocrx_word' id='word_1_94' title='bbox 983 660 1042 679; x_wconf 88' lang='lat' dir='ltr'><strong>mo-</strong></span> 
     </span>
    </p>
   </div>
   <div class='ocr_carea' id='block_1_16' title="bbox 253 698 1041 734">
    <p class='ocr_par' dir='ltr' id='par_1_16' title="bbox 253 698 1041 734">
     <span class='ocr_line' id='line_1_16' title="bbox 253 698 1041 734; baseline -0.004 -6"><span class='ocrx_word' id='word_1_95' title='bbox 253 701 358 728; x_wconf 83' lang='lat' dir='ltr'><strong>lestiam</strong></span> <span class='ocrx_word' id='word_1_96' title='bbox 375 703 487 732; x_wconf 88' lang='lat' dir='ltr'><strong>creant;</strong></span> <span class='ocrx_word' id='word_1_97' title='bbox 506 698 554 727; x_wconf 87' lang='lat' dir='ltr'><strong>sed</strong></span> <span class='ocrx_word' id='word_1_98' title='bbox 574 698 649 733; x_wconf 77' lang='lat' dir='ltr'><strong>regio</strong></span> <span class='ocrx_word' id='word_1_99' title='bbox 664 698 826 730; x_wconf 83' lang='lat' dir='ltr'><strong>viventium,</strong></span> <span class='ocrx_word' id='word_1_100' title='bbox 849 706 900 725; x_wconf 88' lang='lat' dir='ltr'><strong>nec</strong></span> <span class='ocrx_word' id='word_1_101' title='bbox 915 706 964 734; x_wconf 89' lang='lat' dir='ltr'><strong>per</strong></span> <span class='ocrx_word' id='word_1_102' title='bbox 978 706 1041 733; x_wconf 88' lang='lat' dir='ltr'><strong>pec-</strong></span> 
     </span>
    </p>
   </div>
   <div class='ocr_carea' id='block_1_17' title="bbox 252 742 1040 775">
    <p class='ocr_par' dir='ltr' id='par_1_17' title="bbox 252 742 1040 775">
     <span class='ocr_line' id='line_1_17' title="bbox 252 742 1040 775; baseline 0.001 -5"><span class='ocrx_word' id='word_1_103' title='bbox 252 748 343 770; x_wconf 92' lang='lat' dir='ltr'><strong>catum</strong></span> <span class='ocrx_word' id='word_1_104' title='bbox 358 742 546 775; x_wconf 88' lang='lat' dir='ltr'><strong>morientium;</strong></span> <span class='ocrx_word' id='word_1_105' title='bbox 565 746 592 769; x_wconf 86' lang='lat' dir='ltr'><strong>at</strong></span> <span class='ocrx_word' id='word_1_106' title='bbox 606 749 670 769; x_wconf 85' lang='lat' dir='ltr'><strong>vera</strong></span> <span class='ocrx_word' id='word_1_107' title='bbox 685 742 740 770; x_wconf 83' lang='lat' dir='ltr'><strong>vita</strong></span> <span class='ocrx_word' id='word_1_108' title='bbox 759 743 907 770; x_wconf 85' lang='lat' dir='ltr'><strong>viventium</strong></span> <span class='ocrx_word' id='word_1_109' title='bbox 922 743 949 770; x_wconf 90' lang='lat' dir='ltr'><strong>in</strong></span> <span class='ocrx_word' id='word_1_110' title='bbox 961 743 1040 771; x_wconf 86' lang='lat' dir='ltr'><strong>Chri—</strong></span> 
     </span>
    </p>
   </div>
   <div class='ocr_carea' id='block_1_18' title="bbox 253 787 390 815">
    <p class='ocr_par' dir='ltr' id='par_1_18' title="bbox 253 787 390 815">
     <span class='ocr_line' id='line_1_18' title="bbox 253 787 390 815; baseline -0.007 0"><span class='ocrx_word' id='word_1_111' title='bbox 253 791 297 815; x_wconf 85' lang='lat' dir='ltr'><strong>sto</strong></span> <span class='ocrx_word' id='word_1_112' title='bbox 311 787 390 815; x_wconf 83' lang='lat' dir='ltr'><strong>Jesu.</strong></span> 
     </span>
    </p>
   </div>
   <div class='ocr_carea' id='block_1_19' title="bbox 505 843 790 872">
    <p class='ocr_par' dir='ltr' id='par_1_19' title="bbox 505 843 790 872">
     <span class='ocr_line' id='line_1_19' title="bbox 505 843 790 872; baseline 0.007 -2"><span class='ocrx_word' id='word_1_113' title='bbox 505 843 686 871; x_wconf 80' lang='lat' dir='ltr'><strong>ALLELUIA.</strong></span> <span class='ocrx_word' id='word_1_114' title='bbox 708 844 790 872; x_wconf 75' lang='lat' dir='ltr'><strong>CXV.</strong></span> 
     </span>
    </p>
   </div>
   <div class='ocr_carea' id='block_1_20' title="bbox 248 901 1038 938">
    <p class='ocr_par' dir='ltr' id='par_1_20' title="bbox 248 901 1038 938">
     <span class='ocr_line' id='line_1_20' title="bbox 248 901 1038 938; baseline 0.001 -9"><span class='ocrx_word' id='word_1_115' title='bbox 248 904 262 925; x_wconf 94' lang='lat'><strong><em>/</em></strong></span> <span class='ocrx_word' id='word_1_116' title='bbox 287 902 368 930; x_wconf 76' lang='lat' dir='ltr'><strong>Vens.</strong></span> <span class='ocrx_word' id='word_1_117' title='bbox 379 902 465 930; x_wconf 77' lang='grc'><strong>10-12.</strong></span> <span class='ocrx_word' id='word_1_118' title='bbox 473 901 590 933; x_wconf 85' lang='lat' dir='ltr'><strong>Credidi,</strong></span> <span class='ocrx_word' id='word_1_119' title='bbox 602 909 707 936; x_wconf 88' lang='lat' dir='ltr'><strong>propter</strong></span> <span class='ocrx_word' id='word_1_120' title='bbox 716 902 784 937; x_wconf 84' lang='lat' dir='ltr'><strong>quod</strong></span> <span class='ocrx_word' id='word_1_121' title='bbox 794 903 896 929; x_wconf 78' lang='lat' dir='ltr'><strong>locutus</strong></span> <span class='ocrx_word' id='word_1_122' title='bbox 907 911 965 929; x_wconf 66' lang='lat' dir='ltr'><strong>sum</strong></span> <span class='ocrx_word' id='word_1_123' title='bbox 977 911 1038 938; x_wconf 86' lang='lat' dir='ltr'><strong>:ego</strong></span> 
     </span>
    </p>
   </div>
   <div class='ocr_carea' id='block_1_21' title="bbox 252 948 1039 984">
    <p class='ocr_par' dir='ltr' id='par_1_21' title="bbox 252 948 1039 984">
     <span class='ocr_line' id='line_1_21' title="bbox 252 948 1039 984; baseline 0 -7"><span class='ocrx_word' id='word_1_124' title='bbox 252 955 337 977; x_wconf 86' lang='lat' dir='ltr'><strong>autem</strong></span> <span class='ocrx_word' id='word_1_125' title='bbox 352 950 505 976; x_wconf 74' lang='lat' dir='ltr'><strong>humiliatus</strong></span> <span class='ocrx_word' id='word_1_126' title='bbox 521 957 580 976; x_wconf 71' lang='lat' dir='ltr'><strong>sum</strong></span> <span class='ocrx_word' id='word_1_127' title='bbox 594 949 683 976; x_wconf 79' lang='lat' dir='ltr'><strong>nimis.</strong></span> <span class='ocrx_word' id='word_1_128' title='bbox 696 948 751 984; x_wconf 81' lang='lat' dir='ltr'><strong>Ego</strong></span> <span class='ocrx_word' id='word_1_129' title='bbox 771 954 858 976; x_wconf 83' lang='lat' dir='ltr'><strong>autem</strong></span> <span class='ocrx_word' id='word_1_130' title='bbox 868 949 926 976; x_wconf 71' lang='lat' dir='ltr'><strong>dixi</strong></span> <span class='ocrx_word' id='word_1_131' title='bbox 943 950 969 977; x_wconf 87' lang='lat' dir='ltr'><strong>in</strong></span> <span class='ocrx_word' id='word_1_132' title='bbox 992 958 1039 977; x_wconf 75' lang='lat' dir='ltr'><strong>ex-</strong></span> 
     </span>
    </p>
   </div>
   <div class='ocr_carea' id='block_1_22' title="bbox 252 994 1038 1027">
    <p class='ocr_par' dir='ltr' id='par_1_22' title="bbox 252 994 1038 1027">
     <span class='ocr_line' id='line_1_22' title="bbox 252 994 1038 1027; baseline -0.001 -5"><span class='ocrx_word' id='word_1_133' title='bbox 252 1003 326 1022; x_wconf 67' lang='lat' dir='ltr'><strong>cessu</strong></span> <span class='ocrx_word' id='word_1_134' title='bbox 353 994 532 1022; x_wconf 76' lang='lat' dir='ltr'><strong>meo:0nmis</strong></span> <span class='ocrx_word' id='word_1_135' title='bbox 553 994 630 1021; x_wconf 87' lang='lat' dir='ltr'><strong>homo</strong></span> <span class='ocrx_word' id='word_1_136' title='bbox 654 994 777 1020; x_wconf 73' lang='lat' dir='ltr'><strong>mendax.</strong></span> <span class='ocrx_word' id='word_1_137' title='bbox 797 994 866 1027; x_wconf 81' lang='lat' dir='ltr'><strong>Quid</strong></span> <span class='ocrx_word' id='word_1_138' title='bbox 895 995 1038 1021; x_wconf 79' lang='lat' dir='ltr'><strong>retribuam</strong></span> 
     </span>
    </p>
   </div>
   <div class='ocr_carea' id='block_1_23' title="bbox 251 1038 1038 1075">
    <p class='ocr_par' dir='ltr' id='par_1_23' title="bbox 251 1038 1038 1075">
     <span class='ocr_line' id='line_1_23' title="bbox 251 1038 1038 1075; baseline 0 -8"><span class='ocrx_word' id='word_1_139' title='bbox 251 1041 364 1068; x_wconf 79' lang='lat' dir='ltr'><strong>Domino</strong></span> <span class='ocrx_word' id='word_1_140' title='bbox 378 1048 425 1075; x_wconf 81' lang='lat' dir='ltr'><strong>pro</strong></span> <span class='ocrx_word' id='word_1_141' title='bbox 439 1039 558 1066; x_wconf 73' lang='lat' dir='ltr'><strong>omnibus</strong></span> <span class='ocrx_word' id='word_1_142' title='bbox 569 1047 627 1075; x_wconf 64' lang='lat' dir='ltr'><strong>qui:</strong></span> <span class='ocrx_word' id='word_1_143' title='bbox 638 1038 759 1066; x_wconf 78' lang='lat' dir='ltr'><strong>retribuit</strong></span> <span class='ocrx_word' id='word_1_144' title='bbox 771 1039 854 1067; x_wconf 82' lang='lat' dir='ltr'><strong>mihi?</strong></span> <span class='ocrx_word' id='word_1_145' title='bbox 865 1039 893 1066; x_wconf 94' lang='lat' dir='ltr'><strong>In</strong></span> <span class='ocrx_word' id='word_1_146' title='bbox 904 1038 1038 1067; x_wconf 85' lang='lat' dir='ltr'><strong>Hebraico</strong></span> 
     </span>
    </p>
   </div>
   <div class='ocr_carea' id='block_1_24' title="bbox 250 1084 1036 1122">
    <p class='ocr_par' dir='ltr' id='par_1_24' title="bbox 250 1084 1036 1122">
     <span class='ocr_line' id='line_1_24' title="bbox 250 1084 1036 1122; baseline -0.003 -8"><span class='ocrx_word' id='word_1_147' title='bbox 250 1087 398 1122; x_wconf 83' lang='lat' dir='ltr'><strong>exemplari</strong></span> <span class='ocrx_word' id='word_1_148' title='bbox 413 1086 470 1113; x_wconf 63' lang='lat' dir='ltr'><strong>haec</strong></span> <span class='ocrx_word' id='word_1_149' title='bbox 483 1093 545 1112; x_wconf 82' lang='lat' dir='ltr'><strong>cum</strong></span> <span class='ocrx_word' id='word_1_150' title='bbox 561 1084 778 1120; x_wconf 61' lang='lat' dir='ltr'><strong>praecedentibus</strong></span> <span class='ocrx_word' id='word_1_151' title='bbox 797 1086 944 1120; x_wconf 84' lang='lat' dir='ltr'><strong>conjuncta</strong></span> <span class='ocrx_word' id='word_1_152' title='bbox 961 1091 1036 1119; x_wconf 87' lang='lat' dir='ltr'><strong>sunt,</strong></span> 
     </span>
    </p>
   </div>
   <div class='ocr_carea' id='block_1_25' title="bbox 250 1131 1040 1166">
    <p class='ocr_par' dir='ltr' id='par_1_25' title="bbox 250 1131 1040 1166">
     <span class='ocr_line' id='line_1_25' title="bbox 250 1131 1040 1166; baseline -0.003 -5"><span class='ocrx_word' id='word_1_153' title='bbox 250 1133 287 1161; x_wconf 80' lang='lat' dir='ltr'><strong>ita</strong></span> <span class='ocrx_word' id='word_1_154' title='bbox 300 1137 329 1161; x_wconf 85' lang='lat' dir='ltr'><strong>ut</strong></span> <span class='ocrx_word' id='word_1_155' title='bbox 347 1133 442 1160; x_wconf 90' lang='lat' dir='ltr'><strong>horutn</strong></span> <span class='ocrx_word' id='word_1_156' title='bbox 459 1132 594 1160; x_wconf 82' lang='lat' dir='ltr'><strong>sententia</strong></span> <span class='ocrx_word' id='word_1_157' title='bbox 611 1139 674 1158; x_wconf 87' lang='lat' dir='ltr'><strong>cum</strong></span> <span class='ocrx_word' id='word_1_158' title='bbox 687 1131 837 1166; x_wconf 63' lang='lat' dir='ltr'><strong>praemissis</strong></span> <span class='ocrx_word' id='word_1_159' title='bbox 852 1131 997 1165; x_wconf 68' lang='lat' dir='ltr'><strong>cohaereat,</strong></span> <span class='ocrx_word' id='word_1_160' title='bbox 1011 1136 1040 1160; x_wconf 91' lang='lat' dir='ltr'><strong>et</strong></span> 
     </span>
    </p>
   </div>
   <div class='ocr_carea' id='block_1_26' title="bbox 250 1177 1036 1215">
    <p class='ocr_par' dir='ltr' id='par_1_26' title="bbox 250 1177 1036 1215">
     <span class='ocr_line' id='line_1_26' title="bbox 250 1177 1036 1215; baseline 0 -9"><span class='ocrx_word' id='word_1_161' title='bbox 250 1187 314 1215; x_wconf 89' lang='lat' dir='ltr'><strong>pars</strong></span> <span class='ocrx_word' id='word_1_162' title='bbox 325 1187 420 1207; x_wconf 91' lang='lat' dir='ltr'><strong>eorum</strong></span> <span class='ocrx_word' id='word_1_163' title='bbox 448 1179 494 1206; x_wconf 88' lang='lat' dir='ltr'><strong>sit.</strong></span> <span class='ocrx_word' id='word_1_164' title='bbox 522 1177 589 1205; x_wconf 77' lang='lat' dir='ltr'><strong>Nam</strong></span> <span class='ocrx_word' id='word_1_165' title='bbox 600 1185 662 1205; x_wconf 91' lang='lat' dir='ltr'><strong>cum</strong></span> <span class='ocrx_word' id='word_1_166' title='bbox 675 1177 789 1205; x_wconf 74' lang='lat' dir='ltr'><strong>dixisset</strong></span> <span class='ocrx_word' id='word_1_167' title='bbox 801 1177 838 1204; x_wconf 89' lang='lat' dir='ltr'><strong>ibi</strong></span> <span class='ocrx_word' id='word_1_168' title='bbox 854 1186 861 1204; x_wconf 89' lang='lat'>:</span> <span class='ocrx_word' id='word_1_169' title='bbox 873 1177 1036 1210; x_wconf 78' lang='lat' dir='ltr'><strong>Convertere,</strong></span> 
     </span>
    </p>
   </div>
   <div class='ocr_carea' id='block_1_27' title="bbox 251 1223 1038 1259">
    <p class='ocr_par' dir='ltr' id='par_1_27' title="bbox 251 1223 1038 1259">
     <span class='ocr_line' id='line_1_27' title="bbox 251 1223 1038 1259; baseline -0.001 -7"><span class='ocrx_word' id='word_1_170' title='bbox 251 1226 341 1252; x_wconf 80' lang='lat' dir='ltr'><strong>anima</strong></span> <span class='ocrx_word' id='word_1_171' title='bbox 356 1233 424 1256; x_wconf 86' lang='lat' dir='ltr'><strong>mea,</strong></span> <span class='ocrx_word' id='word_1_172' title='bbox 444 1225 471 1250; x_wconf 85' lang='lat' dir='ltr'><strong>in</strong></span> <span class='ocrx_word' id='word_1_173' title='bbox 486 1224 600 1259; x_wconf 79' lang='lat' dir='ltr'><strong>requiem</strong></span> <span class='ocrx_word' id='word_1_174' title='bbox 615 1228 706 1256; x_wconf 88' lang='lat' dir='ltr'><strong>tuam;</strong></span> <span class='ocrx_word' id='word_1_175' title='bbox 721 1231 753 1250; x_wconf 87' lang='lat' dir='ltr'><strong>ac</strong></span> <span class='ocrx_word' id='word_1_176' title='bbox 775 1231 885 1250; x_wconf 89' lang='lat' dir='ltr'><strong>rursum</strong></span> <span class='ocrx_word' id='word_1_177' title='bbox 901 1233 908 1250; x_wconf 85' lang='lat'><strong>:</strong></span> <span class='ocrx_word' id='word_1_178' title='bbox 924 1223 1038 1251; x_wconf 82' lang='lat' dir='ltr'><strong>Placebo</strong></span> 
     </span>
    </p>
   </div>
   <div class='ocr_carea' id='block_1_28' title="bbox 251 1270 1036 1305">
    <p class='ocr_par' dir='ltr' id='par_1_28' title="bbox 251 1270 1036 1305">
     <span class='ocr_line' id='line_1_28' title="bbox 251 1270 1036 1305; baseline -0.001 -6"><span class='ocrx_word' id='word_1_179' title='bbox 251 1273 278 1299; x_wconf 89' lang='lat' dir='ltr'><strong>in</strong></span> <span class='ocrx_word' id='word_1_180' title='bbox 293 1276 429 1303; x_wconf 79' lang='lat' dir='ltr'><strong>conspectu</strong></span> <span class='ocrx_word' id='word_1_181' title='bbox 448 1271 554 1298; x_wconf 81' lang='lat' dir='ltr'><strong>Domini</strong></span> <span class='ocrx_word' id='word_1_182' title='bbox 570 1271 597 1296; x_wconf 90' lang='lat' dir='ltr'><strong>in</strong></span> <span class='ocrx_word' id='word_1_183' title='bbox 613 1270 717 1305; x_wconf 81' lang='lat' dir='ltr'><strong>regione</strong></span> <span class='ocrx_word' id='word_1_184' title='bbox 741 1270 895 1301; x_wconf 81' lang='lat' dir='ltr'><strong>viventium;</strong></span> <span class='ocrx_word' id='word_1_185' title='bbox 913 1270 955 1297; x_wconf 90' lang='lat' dir='ltr'><strong>hic</strong></span> <span class='ocrx_word' id='word_1_186' title='bbox 971 1271 1036 1298; x_wconf 90' lang='lat' dir='ltr'><strong>sub-</strong></span> 
     </span>
    </p>
   </div>
   <div class='ocr_carea' id='block_1_29' title="bbox 248 1314 1036 1353">
    <p class='ocr_par' dir='ltr' id='par_1_29' title="bbox 248 1314 1036 1353">
     <span class='ocr_line' id='line_1_29' title="bbox 248 1314 1036 1353; baseline -0.003 -8"><span class='ocrx_word' id='word_1_187' title='bbox 248 1317 338 1353; x_wconf 81' lang='lat' dir='ltr'><strong>jungit</strong></span> <span class='ocrx_word' id='word_1_188' title='bbox 347 1317 402 1344; x_wconf 60' lang='lat' dir='ltr'><strong>haec</strong></span> <span class='ocrx_word' id='word_1_189' title='bbox 413 1317 496 1344; x_wconf 86' lang='lat' dir='ltr'><strong>verba</strong></span> <span class='ocrx_word' id='word_1_190' title='bbox 507 1326 513 1343; x_wconf 85' lang='lat'><strong>:</strong></span> <span class='ocrx_word' id='word_1_191' title='bbox 523 1314 641 1347; x_wconf 83' lang='lat' dir='ltr'><strong>Credidi,</strong></span> <span class='ocrx_word' id='word_1_192' title='bbox 654 1320 759 1350; x_wconf 85' lang='lat' dir='ltr'><strong>propter</strong></span> <span class='ocrx_word' id='word_1_193' title='bbox 770 1315 839 1351; x_wconf 82' lang='lat' dir='ltr'><strong>quod</strong></span> <span class='ocrx_word' id='word_1_194' title='bbox 850 1316 951 1343; x_wconf 78' lang='lat' dir='ltr'><strong>locutus</strong></span> <span class='ocrx_word' id='word_1_195' title='bbox 968 1324 1036 1343; x_wconf 76' lang='lat' dir='ltr'><strong>sum.</strong></span> 
     </span>
    </p>
   </div>
   <div class='ocr_carea' id='block_1_30' title="bbox 250 1360 1039 1397">
    <p class='ocr_par' dir='ltr' id='par_1_30' title="bbox 250 1360 1039 1397">
     <span class='ocr_line' id='line_1_30' title="bbox 250 1360 1039 1397; baseline -0.003 -8"><span class='ocrx_word' id='word_1_196' title='bbox 250 1363 339 1389; x_wconf 79' lang='lat' dir='ltr'><strong>Aliam</strong></span> <span class='ocrx_word' id='word_1_197' title='bbox 354 1362 453 1397; x_wconf 80' lang='lat' dir='ltr'><strong>quippe</strong></span> <span class='ocrx_word' id='word_1_198' title='bbox 469 1368 531 1388; x_wconf 88' lang='lat' dir='ltr'><strong>esse</strong></span> <span class='ocrx_word' id='word_1_199' title='bbox 546 1360 686 1396; x_wconf 73' lang='lat' dir='ltr'><strong>regionem</strong></span> <span class='ocrx_word' id='word_1_200' title='bbox 701 1360 851 1388; x_wconf 84' lang='lat' dir='ltr'><strong>viventium</strong></span> <span class='ocrx_word' id='word_1_201' title='bbox 869 1365 967 1396; x_wconf 80' lang='lat' dir='ltr'><strong>praeter</strong></span> <span class='ocrx_word' id='word_1_202' title='bbox 987 1361 1039 1388; x_wconf 35' lang='lat' dir='ltr'><strong>hua</strong></span> 
     </span>
    </p>
   </div>
   <div class='ocr_carea' id='block_1_31' title="bbox 251 1406 1037 1442">
    <p class='ocr_par' dir='ltr' id='par_1_31' title="bbox 251 1406 1037 1442">
     <span class='ocr_line' id='line_1_31' title="bbox 251 1406 1037 1442; baseline -0.001 -7"><span class='ocrx_word' id='word_1_203' title='bbox 251 1416 358 1436; x_wconf 88' lang='lat' dir='ltr'><strong>manam</strong></span> <span class='ocrx_word' id='word_1_204' title='bbox 374 1409 454 1434; x_wconf 79' lang='lat' dir='ltr'><strong>vitam</strong></span> <span class='ocrx_word' id='word_1_205' title='bbox 472 1406 586 1439; x_wconf 89' lang='lat' dir='ltr'><strong>credidi,</strong></span> <span class='ocrx_word' id='word_1_206' title='bbox 603 1414 719 1442; x_wconf 86' lang='lat' dir='ltr'><strong>esseque</strong></span> <span class='ocrx_word' id='word_1_207' title='bbox 731 1407 794 1434; x_wconf 90' lang='lat' dir='ltr'><strong>item</strong></span> <span class='ocrx_word' id='word_1_208' title='bbox 807 1407 904 1434; x_wconf 72' lang='lat' dir='ltr'><strong>anime</strong></span> <span class='ocrx_word' id='word_1_209' title='bbox 915 1408 1037 1442; x_wconf 88' lang='lat' dir='ltr'><strong>requiem</strong></span> 
     </span>
    </p>
   </div>
   <div class='ocr_carea' id='block_1_32' title="bbox 250 1452 1037 1489">
    <p class='ocr_par' dir='ltr' id='par_1_32' title="bbox 250 1452 1037 1489">
     <span class='ocr_line' id='line_1_32' title="bbox 250 1452 1037 1489; baseline -0.004 -7"><span class='ocrx_word' id='word_1_210' title='bbox 250 1455 330 1482; x_wconf 88' lang='lat' dir='ltr'><strong>aliam</strong></span> <span class='ocrx_word' id='word_1_211' title='bbox 346 1459 443 1489; x_wconf 66' lang='lat' dir='ltr'><strong>prieter</strong></span> <span class='ocrx_word' id='word_1_212' title='bbox 460 1457 595 1480; x_wconf 66' lang='lat' dir='ltr'><strong>terrenam</strong></span> <span class='ocrx_word' id='word_1_213' title='bbox 608 1452 814 1481; x_wconf 89' lang='lat' dir='ltr'><strong>habitationem.</strong></span> <span class='ocrx_word' id='word_1_214' title='bbox 832 1453 950 1485; x_wconf 78' lang='lat' dir='ltr'><strong>Credidi,</strong></span> <span class='ocrx_word' id='word_1_215' title='bbox 975 1461 1037 1487; x_wconf 89' lang='lat' dir='ltr'><strong>pro-</strong></span> 
     </span>
    </p>
   </div>
   <div class='ocr_carea' id='block_1_33' title="bbox 249 1499 1036 1536">
    <p class='ocr_par' dir='ltr' id='par_1_33' title="bbox 249 1499 1036 1536">
     <span class='ocr_line' id='line_1_33' title="bbox 249 1499 1036 1536; baseline -0.003 -8"><span class='ocrx_word' id='word_1_216' title='bbox 249 1507 306 1536; x_wconf 83' lang='lat' dir='ltr'><strong>pter</strong></span> <span class='ocrx_word' id='word_1_217' title='bbox 321 1500 389 1536; x_wconf 85' lang='lat' dir='ltr'><strong>quod</strong></span> <span class='ocrx_word' id='word_1_218' title='bbox 413 1501 514 1527; x_wconf 74' lang='lat' dir='ltr'><strong>locutus</strong></span> <span class='ocrx_word' id='word_1_219' title='bbox 539 1508 597 1526; x_wconf 75' lang='lat' dir='ltr'><strong>sum</strong></span> <span class='ocrx_word' id='word_1_220' title='bbox 613 1507 681 1535; x_wconf 82' lang='lat' dir='ltr'><strong>:ega</strong></span> <span class='ocrx_word' id='word_1_221' title='bbox 700 1504 786 1526; x_wconf 87' lang='lat' dir='ltr'><strong>autem</strong></span> <span class='ocrx_word' id='word_1_222' title='bbox 806 1499 961 1526; x_wconf 76' lang='lat' dir='ltr'><strong>humiliatus</strong></span> <span class='ocrx_word' id='word_1_223' title='bbox 977 1508 1036 1526; x_wconf 74' lang='lat' dir='ltr'><strong>sum</strong></span> 
     </span>
    </p>
   </div>
   <div class='ocr_carea' id='block_1_34' title="bbox 249 1545 1069 1584">
    <p class='ocr_par' dir='ltr' id='par_1_34' title="bbox 249 1545 1069 1584">
     <span class='ocr_line' id='line_1_34' title="bbox 249 1545 1069 1584; baseline -0.002 -10"><span class='ocrx_word' id='word_1_224' title='bbox 249 1547 339 1574; x_wconf 72' lang='lat' dir='ltr'><strong>nimis.</strong></span> <span class='ocrx_word' id='word_1_225' title='bbox 354 1546 409 1582; x_wconf 75' lang='lat' dir='ltr'><strong>Ego</strong></span> <span class='ocrx_word' id='word_1_226' title='bbox 425 1551 511 1573; x_wconf 88' lang='lat' dir='ltr'><strong>autem</strong></span> <span class='ocrx_word' id='word_1_227' title='bbox 523 1545 580 1572; x_wconf 69' lang='lat' dir='ltr'><strong>dimi</strong></span> <span class='ocrx_word' id='word_1_228' title='bbox 599 1546 627 1573; x_wconf 84' lang='lat' dir='ltr'><strong>in</strong></span> <span class='ocrx_word' id='word_1_229' title='bbox 643 1553 749 1573; x_wconf 66' lang='lat' dir='ltr'><strong>excessu</strong></span> <span class='ocrx_word' id='word_1_230' title='bbox 765 1553 838 1572; x_wconf 86' lang='lat' dir='ltr'><strong>meo:</strong></span> <span class='ocrx_word' id='word_1_231' title='bbox 855 1545 947 1573; x_wconf 78' lang='lat' dir='ltr'><strong>Omnis</strong></span> <span class='ocrx_word' id='word_1_232' title='bbox 959 1546 1035 1573; x_wconf 87' lang='lat' dir='ltr'><strong>homo</strong></span> <span class='ocrx_word' id='word_1_233' title='bbox 1049 1555 1069 1584; x_wconf 71' lang='grc' dir='ltr'><strong>ρ</strong></span> 
     </span>
    </p>
   </div>
   <div class='ocr_carea' id='block_1_35' title="bbox 249 1590 1033 1626">
    <p class='ocr_par' dir='ltr' id='par_1_35' title="bbox 249 1590 1033 1626">
     <span class='ocr_line' id='line_1_35' title="bbox 249 1590 1033 1626; baseline 0 -8"><span class='ocrx_word' id='word_1_234' title='bbox 249 1592 372 1619; x_wconf 67' lang='lat' dir='ltr'><strong>mendax.</strong></span> <span class='ocrx_word' id='word_1_235' title='bbox 387 1591 572 1626; x_wconf 82' lang='lat' dir='ltr'><strong>Memetipsum</strong></span> <span class='ocrx_word' id='word_1_236' title='bbox 585 1590 735 1623; x_wconf 88' lang='lat' dir='ltr'><strong>humiliavi,</strong></span> <span class='ocrx_word' id='word_1_237' title='bbox 745 1595 771 1617; x_wconf 83' lang='lat' dir='ltr'><strong>et</strong></span> <span class='ocrx_word' id='word_1_238' title='bbox 782 1590 927 1618; x_wconf 84' lang='lat' dir='ltr'><strong>admodum</strong></span> <span class='ocrx_word' id='word_1_239' title='bbox 937 1591 1017 1618; x_wconf 80' lang='lat' dir='ltr'><strong>alllixi</strong></span> <span class='ocrx_word' id='word_1_240' title='bbox 1028 1602 1033 1618; x_wconf 94' lang='lat'><strong>:</strong></span> 
     </span>
    </p>
   </div>
   <div class='ocr_carea' id='block_1_36' title="bbox 248 1635 1033 1672">
    <p class='ocr_par' dir='ltr' id='par_1_36' title="bbox 248 1635 1033 1672">
     <span class='ocr_line' id='line_1_36' title="bbox 248 1635 1033 1672; baseline 0.001 -8"><span class='ocrx_word' id='word_1_241' title='bbox 248 1637 286 1664; x_wconf 91' lang='lat' dir='ltr'><strong>ita</strong></span> <span class='ocrx_word' id='word_1_242' title='bbox 313 1638 386 1664; x_wconf 89' lang='lat' dir='ltr'><strong>enim</strong></span> <span class='ocrx_word' id='word_1_243' title='bbox 412 1637 607 1672; x_wconf 86' lang='lat' dir='ltr'><strong>interpretatus</strong></span> <span class='ocrx_word' id='word_1_244' title='bbox 639 1635 820 1672; x_wconf 83' lang='lat' dir='ltr'><strong>Symmachus</strong></span> <span class='ocrx_word' id='word_1_245' title='bbox 841 1641 894 1669; x_wconf 82' lang='lat' dir='ltr'><strong>est,</strong></span> <span class='ocrx_word' id='word_1_246' title='bbox 920 1637 1033 1665; x_wconf 87' lang='lat' dir='ltr'><strong>dicens:</strong></span> 
     </span>
    </p>
   </div>
   <div class='ocr_carea' id='block_1_37' title="bbox 250 1680 1033 1718">
    <p class='ocr_par' dir='ltr' id='par_1_37' title="bbox 250 1680 1033 1718">
     <span class='ocr_line' id='line_1_37' title="bbox 250 1680 1033 1718; baseline -0.001 -9"><span class='ocrx_word' id='word_1_247' title='bbox 250 1683 369 1718; x_wconf 75' lang='lat' dir='ltr'><strong>Aﬂlictus</strong></span> <span class='ocrx_word' id='word_1_248' title='bbox 384 1690 443 1709; x_wconf 75' lang='lat' dir='ltr'><strong>sum</strong></span> <span class='ocrx_word' id='word_1_249' title='bbox 458 1681 543 1709; x_wconf 85' lang='lat' dir='ltr'><strong>valde.</strong></span> <span class='ocrx_word' id='word_1_250' title='bbox 565 1680 594 1708; x_wconf 89' lang='lat' dir='ltr'><strong>Id</strong></span> <span class='ocrx_word' id='word_1_251' title='bbox 606 1689 671 1710; x_wconf 86' lang='lat' dir='ltr'><strong>vero</strong></span> <span class='ocrx_word' id='word_1_252' title='bbox 685 1682 811 1717; x_wconf 75' lang='lat' dir='ltr'><strong>praestiti,</strong></span> <span class='ocrx_word' id='word_1_253' title='bbox 829 1682 901 1717; x_wconf 86' lang='lat' dir='ltr'><strong>quod</strong></span> <span class='ocrx_word' id='word_1_254' title='bbox 923 1683 1033 1714; x_wconf 78' lang='lat' dir='ltr'><strong>scirem,</strong></span> 
     </span>
    </p>
   </div>
   <div class='ocr_carea' id='block_1_38' title="bbox 248 1727 1033 1762">
    <p class='ocr_par' dir='ltr' id='par_1_38' title="bbox 248 1727 1033 1762">
     <span class='ocr_line' id='line_1_38' title="bbox 248 1727 1033 1762; baseline 0.003 -9"><span class='ocrx_word' id='word_1_255' title='bbox 248 1735 356 1754; x_wconf 86' lang='lat' dir='ltr'><strong>omnem</strong></span> <span class='ocrx_word' id='word_1_256' title='bbox 379 1727 516 1754; x_wconf 91' lang='lat' dir='ltr'><strong>hominem</strong></span> <span class='ocrx_word' id='word_1_257' title='bbox 533 1734 594 1754; x_wconf 88' lang='lat' dir='ltr'><strong>esse</strong></span> <span class='ocrx_word' id='word_1_258' title='bbox 609 1727 768 1754; x_wconf 80' lang='lat' dir='ltr'><strong>mendacem</strong></span> <span class='ocrx_word' id='word_1_259' title='bbox 786 1736 792 1755; x_wconf 94' lang='lat'>:</span> <span class='ocrx_word' id='word_1_260' title='bbox 809 1735 894 1762; x_wconf 86' lang='lat' dir='ltr'><strong>quare</strong></span> <span class='ocrx_word' id='word_1_261' title='bbox 920 1732 1033 1756; x_wconf 82' lang='lat' dir='ltr'><strong>COlllCtt-</strong></span> 
     </span>
    </p>
   </div>
   <div class='ocr_carea' id='block_1_39' title="bbox 247 1773 1032 1810">
    <p class='ocr_par' dir='ltr' id='par_1_39' title="bbox 247 1773 1032 1810">
     <span class='ocr_line' id='line_1_39' title="bbox 247 1773 1032 1810; baseline 0 -8"><span class='ocrx_word' id='word_1_262' title='bbox 247 1774 316 1802; x_wconf 87' lang='lat' dir='ltr'><strong>dens</strong></span> <span class='ocrx_word' id='word_1_263' title='bbox 344 1781 376 1801; x_wconf 84' lang='lat' dir='ltr'><strong>ac</strong></span> <span class='ocrx_word' id='word_1_264' title='bbox 397 1773 608 1801; x_wconf 87' lang='lat' dir='ltr'><strong>sollicitudinem</strong></span> <span class='ocrx_word' id='word_1_265' title='bbox 630 1781 737 1809; x_wconf 80' lang='lat' dir='ltr'><strong>gerens,</strong></span> <span class='ocrx_word' id='word_1_266' title='bbox 761 1782 804 1806; x_wconf 90' lang='lat' dir='ltr'><strong>ne,</strong></span> <span class='ocrx_word' id='word_1_267' title='bbox 822 1780 915 1810; x_wconf 80' lang='lat' dir='ltr'><strong>utpote</strong></span> <span class='ocrx_word' id='word_1_268' title='bbox 941 1775 1032 1807; x_wconf 83' lang='lat' dir='ltr'><strong>homo,</strong></span> 
     </span>
    </p>
   </div>
   <div class='ocr_carea' id='block_1_40' title="bbox 247 1819 1032 1855">
    <p class='ocr_par' dir='ltr' id='par_1_40' title="bbox 247 1819 1032 1855">
     <span class='ocr_line' id='line_1_40' title="bbox 247 1819 1032 1855; baseline 0.001 -8"><span class='ocrx_word' id='word_1_269' title='bbox 247 1820 318 1848; x_wconf 86' lang='lat' dir='ltr'><strong>falso</strong></span> <span class='ocrx_word' id='word_1_270' title='bbox 331 1819 364 1848; x_wconf 90' lang='lat' dir='ltr'><strong>de</strong></span> <span class='ocrx_word' id='word_1_271' title='bbox 375 1827 419 1847; x_wconf 92' lang='lat' dir='ltr'><strong>me</strong></span> <span class='ocrx_word' id='word_1_272' title='bbox 434 1819 504 1847; x_wconf 85' lang='lat' dir='ltr'><strong>hanc</strong></span> <span class='ocrx_word' id='word_1_273' title='bbox 517 1820 677 1847; x_wconf 85' lang='lat' dir='ltr'><strong>sententiam</strong></span> <span class='ocrx_word' id='word_1_274' title='bbox 689 1820 848 1855; x_wconf 72' lang='lat' dir='ltr'><strong>protulerint</strong></span> <span class='ocrx_word' id='word_1_275' title='bbox 861 1828 867 1847; x_wconf 90' lang='lat'>:</span> <span class='ocrx_word' id='word_1_276' title='bbox 883 1821 994 1848; x_wconf 72' lang='grc' dir='ltr'>[Ἰασεῡο</span> <span class='ocrx_word' id='word_1_277' title='bbox 1006 1822 1032 1848; x_wconf 87' lang='lat' dir='ltr'><strong>in</strong></span> 
     </span>
    </p>
   </div>
   <div class='ocr_carea' id='block_1_41' title="bbox 247 1865 1033 1901">
    <p class='ocr_par' dir='ltr' id='par_1_41' title="bbox 247 1865 1033 1901">
     <span class='ocr_line' id='line_1_41' title="bbox 247 1865 1033 1901; baseline 0.004 -9"><span class='ocrx_word' id='word_1_278' title='bbox 247 1870 384 1900; x_wconf 76' lang='lat' dir='ltr'><strong>conspectu</strong></span> <span class='ocrx_word' id='word_1_279' title='bbox 401 1865 508 1892; x_wconf 87' lang='lat' dir='ltr'><strong>Domini</strong></span> <span class='ocrx_word' id='word_1_280' title='bbox 522 1865 549 1892; x_wconf 85' lang='lat' dir='ltr'><strong>in</strong></span> <span class='ocrx_word' id='word_1_281' title='bbox 566 1866 668 1901; x_wconf 80' lang='lat' dir='ltr'><strong>regione</strong></span> <span class='ocrx_word' id='word_1_282' title='bbox 677 1866 826 1893; x_wconf 80' lang='lat' dir='ltr'><strong>viventium.</strong></span> <span class='ocrx_word' id='word_1_283' title='bbox 838 1865 900 1894; x_wconf 86' lang='lat' dir='ltr'><strong>[deo</strong></span> <span class='ocrx_word' id='word_1_284' title='bbox 914 1874 976 1895; x_wconf 92' lang='lat' dir='ltr'><strong>cum</strong></span> <span class='ocrx_word' id='word_1_285' title='bbox 990 1868 1033 1895; x_wconf 87' lang='lat' dir='ltr'><strong>fu-</strong></span> 
     </span>
    </p>
   </div>
   <div class='ocr_carea' id='block_1_42' title="bbox 247 1911 1030 1949">
    <p class='ocr_par' dir='ltr' id='par_1_42' title="bbox 247 1911 1030 1949">
     <span class='ocr_line' id='line_1_42' title="bbox 247 1911 1030 1949; baseline 0.004 -11"><span class='ocrx_word' id='word_1_286' title='bbox 247 1917 314 1938; x_wconf 69' lang='lat' dir='ltr'><strong>tura:</strong></span> <span class='ocrx_word' id='word_1_287' title='bbox 330 1911 390 1939; x_wconf 65' lang='lat' dir='ltr'><strong>vitae</strong></span> <span class='ocrx_word' id='word_1_288' title='bbox 405 1915 432 1939; x_wconf 90' lang='lat' dir='ltr'><strong>et</strong></span> <span class='ocrx_word' id='word_1_289' title='bbox 448 1911 547 1939; x_wconf 76' lang='lat' dir='ltr'><strong>anima:</strong></span> <span class='ocrx_word' id='word_1_290' title='bbox 564 1911 678 1947; x_wconf 87' lang='lat' dir='ltr'><strong>requiei,</strong></span> <span class='ocrx_word' id='word_1_291' title='bbox 695 1919 801 1939; x_wconf 89' lang='lat' dir='ltr'><strong>necnon</strong></span> <span class='ocrx_word' id='word_1_292' title='bbox 816 1913 919 1949; x_wconf 71' lang='lat' dir='ltr'><strong>regioni</strong></span> <span class='ocrx_word' id='word_1_293' title='bbox 936 1914 1030 1941; x_wconf 89' lang='lat' dir='ltr'><strong>viven-</strong></span> 
     </span>
    </p>
   </div>
   <div class='ocr_carea' id='block_1_43' title="bbox 247 1956 1029 1995">
    <p class='ocr_par' dir='ltr' id='par_1_43' title="bbox 247 1956 1029 1995">
     <span class='ocr_line' id='line_1_43' title="bbox 247 1956 1029 1995; baseline 0.004 -11"><span class='ocrx_word' id='word_1_294' title='bbox 247 1958 314 1984; x_wconf 89' lang='lat' dir='ltr'><strong>tium</strong></span> <span class='ocrx_word' id='word_1_295' title='bbox 331 1956 408 1984; x_wconf 86' lang='lat' dir='ltr'><strong>lidem</strong></span> <span class='ocrx_word' id='word_1_296' title='bbox 425 1957 555 1990; x_wconf 86' lang='lat' dir='ltr'><strong>habeam,</strong></span> <span class='ocrx_word' id='word_1_297' title='bbox 570 1962 598 1984; x_wconf 92' lang='lat' dir='ltr'><strong>et</strong></span> <span class='ocrx_word' id='word_1_298' title='bbox 621 1958 677 1985; x_wconf 73' lang='lat' dir='ltr'><strong>haec</strong></span> <span class='ocrx_word' id='word_1_299' title='bbox 694 1958 802 1986; x_wconf 87' lang='lat' dir='ltr'><strong>locutus</strong></span> <span class='ocrx_word' id='word_1_300' title='bbox 819 1959 870 1986; x_wconf 87' lang='lat' dir='ltr'><strong>sim</strong></span> <span class='ocrx_word' id='word_1_301' title='bbox 885 1959 949 1995; x_wconf 88' lang='lat' dir='ltr'><strong>quia</strong></span> <span class='ocrx_word' id='word_1_302' title='bbox 969 1968 1029 1987; x_wconf 89' lang='lat' dir='ltr'><strong>cre-</strong></span> 
     </span>
    </p>
   </div>
   <div class='ocr_carea' id='block_1_44' title="bbox 245 2003 1030 2040">
    <p class='ocr_par' dir='ltr' id='par_1_44' title="bbox 245 2003 1030 2040">
     <span class='ocr_line' id='line_1_44' title="bbox 245 2003 1030 2040; baseline 0.005 -11"><span class='ocrx_word' id='word_1_303' title='bbox 245 2003 342 2030; x_wconf 81' lang='lat' dir='ltr'><strong>debam</strong></span> <span class='ocrx_word' id='word_1_304' title='bbox 353 2024 360 2037; x_wconf 87' lang='lat'><strong>,</strong></span> <span class='ocrx_word' id='word_1_305' title='bbox 373 2011 407 2030; x_wconf 89' lang='lat' dir='ltr'><strong>ne</strong></span> <span class='ocrx_word' id='word_1_306' title='bbox 423 2010 436 2029; x_wconf 87' lang='lat' dir='ltr'><strong>a</strong></span> <span class='ocrx_word' id='word_1_307' title='bbox 454 2003 636 2039; x_wconf 89' lang='lat' dir='ltr'><strong>promissione</strong></span> <span class='ocrx_word' id='word_1_308' title='bbox 653 2003 740 2036; x_wconf 83' lang='lat' dir='ltr'><strong>labar,</strong></span> <span class='ocrx_word' id='word_1_309' title='bbox 756 2011 807 2032; x_wconf 88' lang='lat' dir='ltr'><strong>nec</strong></span> <span class='ocrx_word' id='word_1_310' title='bbox 818 2012 866 2040; x_wconf 84' lang='lat' dir='ltr'><strong>spe</strong></span> <span class='ocrx_word' id='word_1_311' title='bbox 882 2005 1030 2034; x_wconf 87' lang='lat' dir='ltr'><strong>frustratus</strong></span> 
     </span>
    </p>
   </div>
   <div class='ocr_carea' id='block_1_45' title="bbox 245 2048 829 2083">
    <p class='ocr_par' dir='ltr' id='par_1_45' title="bbox 245 2048 829 2083">
     <span class='ocr_line' id='line_1_45' title="bbox 245 2048 829 2083; baseline 0.007 -9"><span class='ocrx_word' id='word_1_312' title='bbox 245 2048 369 2080; x_wconf 86' lang='lat' dir='ltr'><strong>evadam,</strong></span> <span class='ocrx_word' id='word_1_313' title='bbox 382 2048 572 2083; x_wconf 87' lang='lat' dir='ltr'><strong>memetipsum</strong></span> <span class='ocrx_word' id='word_1_314' title='bbox 590 2048 666 2077; x_wconf 88' lang='lat' dir='ltr'><strong>valde</strong></span> <span class='ocrx_word' id='word_1_315' title='bbox 678 2049 829 2078; x_wconf 89' lang='lat' dir='ltr'><strong>humiliavi.</strong></span> 
     </span>
    </p>
   </div>
   <div class='ocr_carea' id='block_1_46' title="bbox 282 2177 1028 2213">
    <p class='ocr_par' dir='ltr' id='par_1_46' title="bbox 282 2177 1028 2213">
     <span class='ocr_line' id='line_1_46' title="bbox 282 2177 1028 2213; baseline 0.011 -10"><span class='ocrx_word' id='word_1_316' title='bbox 282 2177 337 2213; x_wconf 86' lang='lat' dir='ltr'><strong>Ego</strong></span> <span class='ocrx_word' id='word_1_317' title='bbox 351 2182 437 2205; x_wconf 86' lang='lat' dir='ltr'><strong>autem</strong></span> <span class='ocrx_word' id='word_1_318' title='bbox 448 2178 504 2204; x_wconf 71' lang='lat' dir='ltr'><strong>dixi</strong></span> <span class='ocrx_word' id='word_1_319' title='bbox 523 2179 549 2205; x_wconf 86' lang='lat' dir='ltr'><strong>in</strong></span> <span class='ocrx_word' id='word_1_320' title='bbox 561 2187 665 2206; x_wconf 72' lang='lat' dir='ltr'><strong>excessu</strong></span> <span class='ocrx_word' id='word_1_321' title='bbox 677 2188 747 2208; x_wconf 85' lang='lat' dir='ltr'><strong>meo:</strong></span> <span class='ocrx_word' id='word_1_322' title='bbox 759 2180 850 2208; x_wconf 73' lang='lat' dir='ltr'><strong>Omnis</strong></span> <span class='ocrx_word' id='word_1_323' title='bbox 870 2182 946 2210; x_wconf 80' lang='lat' dir='ltr'><strong>homo</strong></span> <span class='ocrx_word' id='word_1_324' title='bbox 957 2191 1028 2211; x_wconf 88' lang='lat' dir='ltr'><strong>men-</strong></span> 
     </span>
    </p>
   </div>
   <div class='ocr_carea' id='block_1_47' title="bbox 1097 240 1885 278">
    <p class='ocr_par' dir='ltr' id='par_1_47' title="bbox 1097 240 1885 278">
     <span class='ocr_line' id='line_1_47' title="bbox 1097 240 1885 278; baseline 0.008 -13"><span class='ocrx_word' id='word_1_325' title='bbox 1097 248 1146 274; x_wconf 85' lang='grc' dir='ltr'><strong>μεν</strong></span> <span class='ocrx_word' id='word_1_326' title='bbox 1155 247 1162 254; x_wconf 90' lang='grc'><strong>·</strong></span> <span class='ocrx_word' id='word_1_327' title='bbox 1178 241 1237 266; x_wconf 82' lang='grc' dir='ltr'>ἐκεῖ</span> <span class='ocrx_word' id='word_1_328' title='bbox 1249 240 1277 266; x_wconf 77' lang='grc' dir='ltr'><strong>δὲ</strong></span> <span class='ocrx_word' id='word_1_329' title='bbox 1287 241 1336 267; x_wconf 68' lang='grc' dir='ltr'>οὐκ</span> <span class='ocrx_word' id='word_1_330' title='bbox 1350 241 1423 267; x_wconf 72' lang='grc' dir='ltr'>ἐστιν</span> <span class='ocrx_word' id='word_1_331' title='bbox 1440 241 1591 273; x_wconf 78' lang='grc' dir='ltr'><strong>ἀλλοίωσις,</strong></span> <span class='ocrx_word' id='word_1_332' title='bbox 1608 241 1667 268; x_wconf 72' lang='grc' dir='ltr'>οὒτε</span> <span class='ocrx_word' id='word_1_333' title='bbox 1677 242 1812 278; x_wconf 75' lang='grc' dir='ltr'>σώματος,</span> <span class='ocrx_word' id='word_1_334' title='bbox 1821 243 1885 271; x_wconf 73' lang='grc' dir='ltr'>οὔτε</span> 
     </span>
    </p>
   </div>
   <div class='ocr_carea' id='block_1_48' title="bbox 1094 283 1886 324">
    <p class='ocr_par' dir='ltr' id='par_1_48' title="bbox 1094 283 1886 324">
     <span class='ocr_line' id='line_1_48' title="bbox 1094 283 1886 324; baseline 0.006 -14"><span class='ocrx_word' id='word_1_335' title='bbox 1094 283 1192 320; x_wconf 77' lang='grc' dir='ltr'>ψυχῆς.</span> <span class='ocrx_word' id='word_1_336' title='bbox 1207 284 1273 311; x_wconf 79' lang='grc' dir='ltr'><strong>Οὐδὲ</strong></span> <span class='ocrx_word' id='word_1_337' title='bbox 1285 284 1340 321; x_wconf 81' lang='grc' dir='ltr'>γάρ</span> <span class='ocrx_word' id='word_1_338' title='bbox 1354 287 1411 312; x_wconf 84' lang='grc' dir='ltr'>ἐστι</span> <span class='ocrx_word' id='word_1_339' title='bbox 1425 285 1556 321; x_wconf 76' lang='grc' dir='ltr'><strong>λογισμοῦ</strong></span> <span class='ocrx_word' id='word_1_340' title='bbox 1569 287 1742 324; x_wconf 80' lang='grc' dir='ltr'>παρατροπὴ,</span> <span class='ocrx_word' id='word_1_341' title='bbox 1758 288 1820 315; x_wconf 79' lang='grc' dir='ltr'>οὺδέ</span> <span class='ocrx_word' id='word_1_342' title='bbox 1833 297 1886 324; x_wconf 77' lang='grc' dir='ltr'>με·</span> 
     </span>
    </p>
   </div>
   <div class='ocr_carea' id='block_1_49' title="bbox 1094 329 1885 366">
    <p class='ocr_par' dir='ltr' id='par_1_49' title="bbox 1094 329 1885 366">
     <span class='ocr_line' id='line_1_49' title="bbox 1094 329 1885 366; baseline 0.006 -10"><span class='ocrx_word' id='word_1_343' title='bbox 1094 330 1203 362; x_wconf 82' lang='grc' dir='ltr'>τάθεσις</span> <span class='ocrx_word' id='word_1_344' title='bbox 1216 329 1336 366; x_wconf 82' lang='grc' dir='ltr'><strong>γνώμης,</strong></span> <span class='ocrx_word' id='word_1_345' title='bbox 1351 331 1478 366; x_wconf 72' lang='grc' dir='ltr'>οὐδεμιᾶς</span> <span class='ocrx_word' id='word_1_346' title='bbox 1503 332 1688 366; x_wconf 74' lang='grc' dir='ltr'><strong>περιστάσεως</strong></span> <span class='ocrx_word' id='word_1_347' title='bbox 1709 333 1740 360; x_wconf 81' lang='grc' dir='ltr'>τὸ</span> <span class='ocrx_word' id='word_1_348' title='bbox 1753 333 1885 366; x_wconf 76' lang='grc' dir='ltr'><strong>εὐσταθὲς</strong></span> 
     </span>
    </p>
   </div>
   <div class='ocr_carea' id='block_1_50' title="bbox 1096 376 1884 416">
    <p class='ocr_par' dir='ltr' id='par_1_50' title="bbox 1096 376 1884 416">
     <span class='ocr_line' id='line_1_50' title="bbox 1096 376 1884 416; baseline 0.005 -14"><span class='ocrx_word' id='word_1_349' title='bbox 1096 376 1141 402; x_wconf 84' lang='grc' dir='ltr'><strong>καὶ</strong></span> <span class='ocrx_word' id='word_1_350' title='bbox 1162 376 1297 412; x_wconf 79' lang='grc' dir='ltr'><strong>ἀτάραχον</strong></span> <span class='ocrx_word' id='word_1_351' title='bbox 1322 376 1376 403; x_wconf 83' lang='grc' dir='ltr'><strong>τῶν</strong></span> <span class='ocrx_word' id='word_1_352' title='bbox 1404 377 1541 413; x_wconf 79' lang='grc' dir='ltr'>λογισμῶν</span> <span class='ocrx_word' id='word_1_353' title='bbox 1560 378 1776 415; x_wconf 74' lang='grc' dir='ltr'><strong>ἀφαιρουμένης.</strong></span> <span class='ocrx_word' id='word_1_354' title='bbox 1799 379 1884 416; x_wconf 77' lang='grc' dir='ltr'>Χώρα</span> 
     </span>
    </p>
   </div>
   <div class='ocr_carea' id='block_1_51' title="bbox 1094 421 1884 461">
    <p class='ocr_par' dir='ltr' id='par_1_51' title="bbox 1094 421 1884 461">
     <span class='ocr_line' id='line_1_51' title="bbox 1094 421 1884 461; baseline 0.006 -14"><span class='ocrx_word' id='word_1_355' title='bbox 1094 421 1168 448; x_wconf 69' lang='grc' dir='ltr'>ἐστὶν</span> <span class='ocrx_word' id='word_1_356' title='bbox 1190 422 1282 458; x_wconf 62' lang='grc' dir='ltr'>ἐκείνη</span> <span class='ocrx_word' id='word_1_357' title='bbox 1297 423 1350 449; x_wconf 84' lang='grc' dir='ltr'>τῶν</span> <span class='ocrx_word' id='word_1_358' title='bbox 1374 423 1414 449; x_wconf 85' lang='grc' dir='ltr'><strong>ἐτι</strong></span> <span class='ocrx_word' id='word_1_359' title='bbox 1429 423 1547 455; x_wconf 81' lang='grc' dir='ltr'><strong>ζώντων,</strong></span> <span class='ocrx_word' id='word_1_360' title='bbox 1562 424 1590 450; x_wconf 83' lang='grc' dir='ltr'><strong>ἐν</strong></span> <span class='ocrx_word' id='word_1_361' title='bbox 1647 423 1765 459; x_wconf 82' lang='grc' dir='ltr'>μάλιστα</span> <span class='ocrx_word' id='word_1_362' title='bbox 1784 423 1884 461; x_wconf 74' lang='grc' dir='ltr'>εὐαρι-</span> 
     </span>
    </p>
   </div>
   <div class='ocr_carea' id='block_1_52' title="bbox 1096 467 1884 504">
    <p class='ocr_par' dir='ltr' id='par_1_52' title="bbox 1096 467 1884 504">
     <span class='ocr_line' id='line_1_52' title="bbox 1096 467 1884 504; baseline 0.005 -11"><span class='ocrx_word' id='word_1_363' title='bbox 1096 467 1206 503; x_wconf 84' lang='grc' dir='ltr'>στήσειν</span> <span class='ocrx_word' id='word_1_364' title='bbox 1216 467 1255 503; x_wconf 82' lang='grc' dir='ltr'>τῷ</span> <span class='ocrx_word' id='word_1_365' title='bbox 1276 467 1335 503; x_wconf 87' lang='grc' dir='ltr'><strong>Θεῷ</strong></span> <span class='ocrx_word' id='word_1_366' title='bbox 1359 468 1374 494; x_wconf 82' lang='grc' dir='ltr'><strong>ὁ</strong></span> <span class='ocrx_word' id='word_1_367' title='bbox 1397 469 1539 504; x_wconf 79' lang='grc' dir='ltr'><strong>προφήτης</strong></span> <span class='ocrx_word' id='word_1_368' title='bbox 1561 469 1821 504; x_wconf 79' lang='grc' dir='ltr'><strong>κατεπαγγέλλεται,</strong></span> <span class='ocrx_word' id='word_1_369' title='bbox 1843 471 1884 503; x_wconf 83' lang='grc' dir='ltr'>ὡς</span> 
     </span>
    </p>
   </div>
   <div class='ocr_carea' id='block_1_53' title="bbox 1095 511 1883 548">
    <p class='ocr_par' dir='ltr' id='par_1_53' title="bbox 1095 511 1883 548">
     <span class='ocr_line' id='line_1_53' title="bbox 1095 511 1883 548; baseline 0.005 -10"><span class='ocrx_word' id='word_1_370' title='bbox 1095 511 1140 538; x_wconf 78' lang='grc' dir='ltr'>ὑπ’</span> <span class='ocrx_word' id='word_1_371' title='bbox 1156 512 1262 544; x_wconf 78' lang='grc' dir='ltr'>οὐδενὸς</span> <span class='ocrx_word' id='word_1_372' title='bbox 1275 512 1378 548; x_wconf 84' lang='grc' dir='ltr'>μέλλων</span> <span class='ocrx_word' id='word_1_373' title='bbox 1392 513 1445 539; x_wconf 83' lang='grc' dir='ltr'>τῶν</span> <span class='ocrx_word' id='word_1_374' title='bbox 1454 513 1551 547; x_wconf 73' lang='grc' dir='ltr'>ἔξωθεν</span> <span class='ocrx_word' id='word_1_375' title='bbox 1559 514 1753 542; x_wconf 76' lang='grc' dir='ltr'>διακόπτεσθαι</span> <span class='ocrx_word' id='word_1_376' title='bbox 1762 515 1883 547; x_wconf 85' lang='grc' dir='ltr'>ζώντων.</span> 
     </span>
    </p>
   </div>
   <div class='ocr_carea' id='block_1_54' title="bbox 1100 556 1883 596">
    <p class='ocr_par' dir='ltr' id='par_1_54' title="bbox 1100 556 1883 596">
     <span class='ocr_line' id='line_1_54' title="bbox 1100 556 1883 596; baseline 0.006 -13"><span class='ocrx_word' id='word_1_377' title='bbox 1100 557 1205 593; x_wconf 81' lang='grc' dir='ltr'>Ἐκείνη</span> <span class='ocrx_word' id='word_1_378' title='bbox 1218 557 1294 594; x_wconf 83' lang='grc' dir='ltr'>χώρα</span> <span class='ocrx_word' id='word_1_379' title='bbox 1311 558 1338 585; x_wconf 87' lang='grc' dir='ltr'><strong>ἐν</strong></span> <span class='ocrx_word' id='word_1_380' title='bbox 1384 558 1434 585; x_wconf 85' lang='grc' dir='ltr'>οὑκ</span> <span class='ocrx_word' id='word_1_381' title='bbox 1451 559 1489 586; x_wconf 82' lang='grc' dir='ltr'>ἔνι</span> <span class='ocrx_word' id='word_1_382' title='bbox 1501 559 1559 593; x_wconf 72' lang='grc' dir='ltr'><strong>νὺξ,</strong></span> <span class='ocrx_word' id='word_1_383' title='bbox 1571 560 1621 587; x_wconf 83' lang='grc' dir='ltr'><strong>οὐκ</strong></span> <span class='ocrx_word' id='word_1_384' title='bbox 1641 560 1679 587; x_wconf 74' lang='grc' dir='ltr'>ἔνι</span> <span class='ocrx_word' id='word_1_385' title='bbox 1695 560 1778 594; x_wconf 78' lang='grc' dir='ltr'>ὕπνος</span> <span class='ocrx_word' id='word_1_386' title='bbox 1789 561 1819 588; x_wconf 80' lang='grc' dir='ltr'>τὸ</span> <span class='ocrx_word' id='word_1_387' title='bbox 1833 561 1883 589; x_wconf 79' lang='grc' dir='ltr'>τοῦ</span> 
     </span>
    </p>
   </div>
   <div class='ocr_carea' id='block_1_55' title="bbox 1093 601 1883 641">
    <p class='ocr_par' dir='ltr' id='par_1_55' title="bbox 1093 601 1883 641">
     <span class='ocr_line' id='line_1_55' title="bbox 1093 601 1883 641; baseline 0.006 -13"><span class='ocrx_word' id='word_1_388' title='bbox 1093 601 1209 629; x_wconf 85' lang='grc' dir='ltr'>θανάτου</span> <span class='ocrx_word' id='word_1_389' title='bbox 1225 602 1346 638; x_wconf 86' lang='grc' dir='ltr'>μίμημα,</span> <span class='ocrx_word' id='word_1_390' title='bbox 1360 604 1409 630; x_wconf 84' lang='grc' dir='ltr'><strong>οὐκ</strong></span> <span class='ocrx_word' id='word_1_391' title='bbox 1417 603 1456 630; x_wconf 77' lang='grc' dir='ltr'><strong>ενι</strong></span> <span class='ocrx_word' id='word_1_392' title='bbox 1468 603 1580 640; x_wconf 81' lang='grc' dir='ltr'>βρῶσις,</span> <span class='ocrx_word' id='word_1_393' title='bbox 1591 606 1641 632; x_wconf 81' lang='grc' dir='ltr'><strong>οὐκ</strong></span> <span class='ocrx_word' id='word_1_394' title='bbox 1649 605 1688 632; x_wconf 86' lang='grc' dir='ltr'><strong>ἐνι</strong></span> <span class='ocrx_word' id='word_1_395' title='bbox 1698 605 1777 637; x_wconf 82' lang='grc' dir='ltr'><strong>πόσις</strong></span> <span class='ocrx_word' id='word_1_396' title='bbox 1787 605 1821 632; x_wconf 80' lang='grc' dir='ltr'><strong>τὰ</strong></span> <span class='ocrx_word' id='word_1_397' title='bbox 1830 605 1883 641; x_wconf 81' lang='grc' dir='ltr'>τῆς</span> 
     </span>
    </p>
   </div>
   <div class='ocr_carea' id='block_1_56' title="bbox 1092 647 1883 685">
    <p class='ocr_par' dir='ltr' id='par_1_56' title="bbox 1092 647 1883 685">
     <span class='ocr_line' id='line_1_56' title="bbox 1092 647 1883 685; baseline 0.005 -10"><span class='ocrx_word' id='word_1_398' title='bbox 1092 647 1234 679; x_wconf 74' lang='grc' dir='ltr'><strong>ἀσθενείας</strong></span> <span class='ocrx_word' id='word_1_399' title='bbox 1249 649 1328 684; x_wconf 82' lang='grc' dir='ltr'><strong>ἡμῶν</strong></span> <span class='ocrx_word' id='word_1_400' title='bbox 1344 649 1543 685; x_wconf 79' lang='grc' dir='ltr'>ὑπερείσματα,</span> <span class='ocrx_word' id='word_1_401' title='bbox 1560 651 1591 677; x_wconf 87' lang='grc' dir='ltr'>οὐ</span> <span class='ocrx_word' id='word_1_402' title='bbox 1600 650 1654 678; x_wconf 82' lang='grc' dir='ltr'>τῶν</span> <span class='ocrx_word' id='word_1_403' title='bbox 1670 650 1768 684; x_wconf 78' lang='grc' dir='ltr'>ἔξωθέν</span> <span class='ocrx_word' id='word_1_404' title='bbox 1787 660 1814 678; x_wconf 84' lang='grc' dir='ltr'><strong>τι</strong></span> <span class='ocrx_word' id='word_1_405' title='bbox 1832 660 1883 678; x_wconf 85' lang='grc' dir='ltr'>πε-</span> 
     </span>
    </p>
   </div>
   <div class='ocr_carea' id='block_1_57' title="bbox 1093 694 1883 733">
    <p class='ocr_par' dir='ltr' id='par_1_57' title="bbox 1093 694 1883 733">
     <span class='ocr_line' id='line_1_57' title="bbox 1093 694 1883 733; baseline 0.006 -13"><span class='ocrx_word' id='word_1_406' title='bbox 1093 694 1254 729; x_wconf 84' lang='grc' dir='ltr'>ριστατικῶν</span> <span class='ocrx_word' id='word_1_407' title='bbox 1264 703 1271 709; x_wconf 70' lang='grc' dir='ltr'><strong>ο</strong></span> <span class='ocrx_word' id='word_1_408' title='bbox 1286 694 1354 722; x_wconf 81' lang='grc' dir='ltr'>ἀλλὰ</span> <span class='ocrx_word' id='word_1_409' title='bbox 1363 694 1439 731; x_wconf 82' lang='grc' dir='ltr'><strong>χώρα</strong></span> <span class='ocrx_word' id='word_1_410' title='bbox 1453 696 1571 729; x_wconf 82' lang='grc' dir='ltr'><strong>ζώντων,</strong></span> <span class='ocrx_word' id='word_1_411' title='bbox 1589 697 1638 724; x_wconf 85' lang='grc' dir='ltr'>οὐκ</span> <span class='ocrx_word' id='word_1_412' title='bbox 1655 698 1883 733; x_wconf 82' lang='grc' dir='ltr'><strong>ἀποθνησκόντων</strong></span> 
     </span>
    </p>
   </div>
   <div class='ocr_carea' id='block_1_58' title="bbox 1091 739 1883 780">
    <p class='ocr_par' dir='ltr' id='par_1_58' title="bbox 1091 739 1883 780">
     <span class='ocr_line' id='line_1_58' title="bbox 1091 739 1883 780; baseline 0.006 -14"><span class='ocrx_word' id='word_1_413' title='bbox 1091 739 1134 766; x_wconf 80' lang='grc' dir='ltr'>διὰ</span> <span class='ocrx_word' id='word_1_414' title='bbox 1148 740 1199 775; x_wconf 81' lang='grc' dir='ltr'>τῆς</span> <span class='ocrx_word' id='word_1_415' title='bbox 1214 741 1361 777; x_wconf 79' lang='grc' dir='ltr'>ἁμαρτίας,</span> <span class='ocrx_word' id='word_1_416' title='bbox 1379 742 1445 768; x_wconf 86' lang='grc' dir='ltr'><strong>ἀλλά</strong></span> <span class='ocrx_word' id='word_1_417' title='bbox 1463 742 1571 775; x_wconf 81' lang='grc' dir='ltr'><strong>ζώντων</strong></span> <span class='ocrx_word' id='word_1_418' title='bbox 1589 743 1639 779; x_wconf 80' lang='grc' dir='ltr'><strong>τὴν</strong></span> <span class='ocrx_word' id='word_1_419' title='bbox 1656 743 1786 779; x_wconf 69' lang='grc' dir='ltr'>ἀληθινὴν</span> <span class='ocrx_word' id='word_1_420' title='bbox 1809 743 1883 780; x_wconf 79' lang='grc' dir='ltr'>ζωὴν</span> 
     </span>
    </p>
   </div>
   <div class='ocr_carea' id='block_1_59' title="bbox 1091 786 1424 823">
    <p class='ocr_par' dir='ltr' id='par_1_59' title="bbox 1091 786 1424 823">
     <span class='ocr_line' id='line_1_59' title="bbox 1091 786 1424 823; baseline 0.006 -11"><span class='ocrx_word' id='word_1_421' title='bbox 1091 786 1140 822; x_wconf 74' lang='grc' dir='ltr'>τὴν</span> <span class='ocrx_word' id='word_1_422' title='bbox 1156 787 1185 813; x_wconf 93' lang='grc' dir='ltr'><strong>ἐν</strong></span> <span class='ocrx_word' id='word_1_423' title='bbox 1200 787 1310 823; x_wconf 84' lang='grc' dir='ltr'><strong>Χριστῷ</strong></span> <span class='ocrx_word' id='word_1_424' title='bbox 1326 787 1424 823; x_wconf 82' lang='grc' dir='ltr'>Ἰησοῦ.</span> 
     </span>
    </p>
   </div>
   <div class='ocr_carea' id='block_1_60' title="bbox 1337 844 1635 874">
    <p class='ocr_par' dir='ltr' id='par_1_60' title="bbox 1337 844 1635 874">
     <span class='ocr_line' id='line_1_60' title="bbox 1337 844 1635 874; baseline 0.01 -4"><span class='ocrx_word' id='word_1_425' title='bbox 1337 844 1548 872; x_wconf 79' lang='grc' dir='ltr'><strong>ΑΛΛΗΛΟΥῘΑ.</strong></span> <span class='ocrx_word' id='word_1_426' title='bbox 1563 844 1635 874; x_wconf 82' lang='lat' dir='ltr'><strong>PIE&#39;.</strong></span> 
     </span>
    </p>
   </div>
   <div class='ocr_carea' id='block_1_61' title="bbox 1130 900 1881 938">
    <p class='ocr_par' dir='ltr' id='par_1_61' title="bbox 1130 900 1881 938">
     <span class='ocr_line' id='line_1_61' title="bbox 1130 900 1881 938; baseline 0.004 -11"><span class='ocrx_word' id='word_1_427' title='bbox 1130 900 1319 933; x_wconf 81' lang='grc' dir='ltr'><strong>Ἐπίστευσα,</strong></span> <span class='ocrx_word' id='word_1_428' title='bbox 1331 900 1377 928; x_wconf 81' lang='grc' dir='ltr'><strong>διὸ</strong></span> <span class='ocrx_word' id='word_1_429' title='bbox 1396 901 1542 936; x_wconf 72' lang='grc' dir='ltr'><strong>ἐλάλησα,</strong></span> <span class='ocrx_word' id='word_1_430' title='bbox 1560 901 1617 936; x_wconf 74' lang='grc' dir='ltr'>ἐγὼ</span> <span class='ocrx_word' id='word_1_431' title='bbox 1631 901 1665 929; x_wconf 76' lang='grc' dir='ltr'><strong>δὲ</strong></span> <span class='ocrx_word' id='word_1_432' title='bbox 1680 902 1881 938; x_wconf 72' lang='grc' dir='ltr'>ὲτιιπεινὼθην</span> 
     </span>
    </p>
   </div>
   <div class='ocr_carea' id='block_1_62' title="bbox 1089 946 1879 984">
    <p class='ocr_par' dir='ltr' id='par_1_62' title="bbox 1089 946 1879 984">
     <span class='ocr_line' id='line_1_62' title="bbox 1089 946 1879 984; baseline 0.004 -10"><span class='ocrx_word' id='word_1_433' title='bbox 1089 947 1216 982; x_wconf 61' lang='grc' dir='ltr'><strong>σφόδρα.</strong></span> <span class='ocrx_word' id='word_1_434' title='bbox 1245 947 1315 983; x_wconf 75' lang='grc' dir='ltr'><strong>Ἐγὼ</strong></span> <span class='ocrx_word' id='word_1_435' title='bbox 1331 947 1364 974; x_wconf 77' lang='grc' dir='ltr'><strong><em>δὲ</em></strong></span> <span class='ocrx_word' id='word_1_436' title='bbox 1381 946 1450 975; x_wconf 76' lang='grc' dir='ltr'>εἶπα</span> <span class='ocrx_word' id='word_1_437' title='bbox 1463 949 1498 975; x_wconf 85' lang='grc' dir='ltr'><strong>ἐν</strong></span> <span class='ocrx_word' id='word_1_438' title='bbox 1513 948 1550 983; x_wconf 79' lang='grc' dir='ltr'><strong>τῇ</strong></span> <span class='ocrx_word' id='word_1_439' title='bbox 1565 948 1707 976; x_wconf 75' lang='grc' dir='ltr'><strong>ἐκστάσει</strong></span> <span class='ocrx_word' id='word_1_440' title='bbox 1725 958 1795 984; x_wconf 85' lang='grc' dir='ltr'>μου·</span> <span class='ocrx_word' id='word_1_441' title='bbox 1817 949 1879 983; x_wconf 81' lang='grc' dir='ltr'><strong>Πᾶς</strong></span> 
     </span>
    </p>
   </div>
   <div class='ocr_carea' id='block_1_63' title="bbox 1088 993 1880 1029">
    <p class='ocr_par' dir='ltr' id='par_1_63' title="bbox 1088 993 1880 1029">
     <span class='ocr_line' id='line_1_63' title="bbox 1088 993 1880 1029; baseline 0.003 -9"><span class='ocrx_word' id='word_1_442' title='bbox 1088 993 1244 1028; x_wconf 70' lang='grc' dir='ltr'>ἅνθρωπος</span> <span class='ocrx_word' id='word_1_443' title='bbox 1273 995 1420 1029; x_wconf 70' lang='grc' dir='ltr'>ψεύστης.</span> <span class='ocrx_word' id='word_1_444' title='bbox 1447 994 1477 1021; x_wconf 89' lang='grc' dir='ltr'><em>Τί</em></span> <span class='ocrx_word' id='word_1_445' title='bbox 1500 995 1702 1022; x_wconf 77' lang='grc' dir='ltr'><strong>ἀνταποδώσω</strong></span> <span class='ocrx_word' id='word_1_446' title='bbox 1724 994 1766 1028; x_wconf 84' lang='grc' dir='ltr'><strong>τῷ</strong></span> <span class='ocrx_word' id='word_1_447' title='bbox 1783 996 1880 1029; x_wconf 72' lang='grc' dir='ltr'>Κιιρίῳ</span> 
     </span>
    </p>
   </div>
   <div class='ocr_carea' id='block_1_64' title="bbox 1089 1036 1878 1076">
    <p class='ocr_par' dir='ltr' id='par_1_64' title="bbox 1089 1036 1878 1076">
     <span class='ocr_line' id='line_1_64' title="bbox 1089 1036 1878 1076; baseline 0.003 -11"><span class='ocrx_word' id='word_1_448' title='bbox 1089 1039 1155 1072; x_wconf 79' lang='grc' dir='ltr'>περὶ</span> <span class='ocrx_word' id='word_1_449' title='bbox 1171 1038 1292 1065; x_wconf 78' lang='grc' dir='ltr'>πάντων</span> <span class='ocrx_word' id='word_1_450' title='bbox 1306 1036 1350 1066; x_wconf 83' lang='grc' dir='ltr'><strong>ὧν</strong></span> <span class='ocrx_word' id='word_1_451' title='bbox 1364 1039 1555 1066; x_wconf 78' lang='grc' dir='ltr'>ἀνταπέδωκέ</span> <span class='ocrx_word' id='word_1_452' title='bbox 1576 1048 1627 1074; x_wconf 83' lang='grc' dir='ltr'><strong>μοι</strong></span> <span class='ocrx_word' id='word_1_453' title='bbox 1640 1048 1649 1071; x_wconf 90' lang='grc'><em>;</em></span> <span class='ocrx_word' id='word_1_454' title='bbox 1669 1039 1806 1076; x_wconf 84' lang='grc' dir='ltr'>Συνῆπται</span> <span class='ocrx_word' id='word_1_455' title='bbox 1832 1040 1878 1067; x_wconf 79' lang='grc' dir='ltr'><strong>καὶ</strong></span> 
     </span>
    </p>
   </div>
   <div class='ocr_carea' id='block_1_65' title="bbox 1087 1085 1876 1123">
    <p class='ocr_par' dir='ltr' id='par_1_65' title="bbox 1087 1085 1876 1123">
     <span class='ocr_line' id='line_1_65' title="bbox 1087 1085 1876 1123; baseline 0.004 -12"><span class='ocrx_word' id='word_1_456' title='bbox 1087 1085 1174 1112; x_wconf 81' lang='grc' dir='ltr'>ταῦτα</span> <span class='ocrx_word' id='word_1_457' title='bbox 1187 1087 1243 1118; x_wconf 82' lang='grc' dir='ltr'><strong>τοίς</strong></span> <span class='ocrx_word' id='word_1_458' title='bbox 1267 1086 1320 1122; x_wconf 85' lang='grc' dir='ltr'>πρὸ</span> <span class='ocrx_word' id='word_1_459' title='bbox 1341 1086 1430 1113; x_wconf 81' lang='grc' dir='ltr'>αὐτῶν</span> <span class='ocrx_word' id='word_1_460' title='bbox 1451 1087 1479 1113; x_wconf 80' lang='grc' dir='ltr'><strong>ἐν</strong></span> <span class='ocrx_word' id='word_1_461' title='bbox 1495 1087 1534 1122; x_wconf 84' lang='grc' dir='ltr'>τῷ</span> <span class='ocrx_word' id='word_1_462' title='bbox 1549 1087 1684 1123; x_wconf 76' lang='grc' dir='ltr'>Ἐϐραῖχῷ</span> <span class='ocrx_word' id='word_1_463' title='bbox 1708 1088 1876 1123; x_wconf 78' lang='grc' dir='ltr'>ἀντιγράφῳ,</span> 
     </span>
    </p>
   </div>
   <div class='ocr_carea' id='block_1_66' title="bbox 1087 1131 1876 1169">
    <p class='ocr_par' dir='ltr' id='par_1_66' title="bbox 1087 1131 1876 1169">
     <span class='ocr_line' id='line_1_66' title="bbox 1087 1131 1876 1169; baseline 0.004 -12"><span class='ocrx_word' id='word_1_464' title='bbox 1087 1131 1158 1158; x_wconf 80' lang='grc' dir='ltr'>ὥστε</span> <span class='ocrx_word' id='word_1_465' title='bbox 1173 1131 1348 1167; x_wconf 82' lang='grc' dir='ltr'><strong>ἀπηρτῆσθαι</strong></span> <span class='ocrx_word' id='word_1_466' title='bbox 1359 1133 1409 1168; x_wconf 84' lang='grc' dir='ltr'>τὴν</span> <span class='ocrx_word' id='word_1_467' title='bbox 1426 1133 1455 1159; x_wconf 82' lang='grc' dir='ltr'><strong>ἐν</strong></span> <span class='ocrx_word' id='word_1_468' title='bbox 1468 1133 1559 1164; x_wconf 77' lang='grc' dir='ltr'>αὐτοῖς</span> <span class='ocrx_word' id='word_1_469' title='bbox 1578 1133 1697 1160; x_wconf 83' lang='grc' dir='ltr'>διάνοιαν</span> <span class='ocrx_word' id='word_1_470' title='bbox 1714 1133 1768 1160; x_wconf 85' lang='grc' dir='ltr'><strong>τῶν</strong></span> <span class='ocrx_word' id='word_1_471' title='bbox 1780 1134 1876 1169; x_wconf 79' lang='grc' dir='ltr'>προλε-</span> 
     </span>
    </p>
   </div>
   <div class='ocr_carea' id='block_1_67' title="bbox 1087 1176 1875 1216">
    <p class='ocr_par' dir='ltr' id='par_1_67' title="bbox 1087 1176 1875 1216">
     <span class='ocr_line' id='line_1_67' title="bbox 1087 1176 1875 1216; baseline 0.004 -13"><span class='ocrx_word' id='word_1_472' title='bbox 1087 1176 1237 1213; x_wconf 84' lang='grc' dir='ltr'>λεγμένων,</span> <span class='ocrx_word' id='word_1_473' title='bbox 1263 1179 1310 1204; x_wconf 78' lang='grc' dir='ltr'><strong>καὶ</strong></span> <span class='ocrx_word' id='word_1_474' title='bbox 1334 1178 1417 1216; x_wconf 74' lang='grc' dir='ltr'>μέρος</span> <span class='ocrx_word' id='word_1_475' title='bbox 1434 1177 1503 1206; x_wconf 84' lang='grc' dir='ltr'>εἶναι</span> <span class='ocrx_word' id='word_1_476' title='bbox 1524 1179 1624 1206; x_wconf 80' lang='grc' dir='ltr'>αὐτῶν.</span> <span class='ocrx_word' id='word_1_477' title='bbox 1655 1179 1731 1206; x_wconf 77' lang='grc' dir='ltr'>Ἐπεὶ</span> <span class='ocrx_word' id='word_1_478' title='bbox 1751 1179 1800 1214; x_wconf 85' lang='grc' dir='ltr'>μὲν</span> <span class='ocrx_word' id='word_1_479' title='bbox 1823 1180 1875 1216; x_wconf 69' lang='grc' dir='ltr'>γὰρ</span> 
     </span>
    </p>
   </div>
   <div class='ocr_carea' id='block_1_68' title="bbox 1088 1223 1876 1260">
    <p class='ocr_par' dir='ltr' id='par_1_68' title="bbox 1088 1223 1876 1260">
     <span class='ocr_line' id='line_1_68' title="bbox 1088 1223 1876 1260; baseline 0.005 -11"><span class='ocrx_word' id='word_1_480' title='bbox 1088 1223 1193 1259; x_wconf 82' lang='grc' dir='ltr'>εἰρήκει</span> <span class='ocrx_word' id='word_1_481' title='bbox 1210 1232 1216 1238; x_wconf 94' lang='grc'><strong>·</strong></span> <span class='ocrx_word' id='word_1_482' title='bbox 1243 1223 1454 1259; x_wconf 71' lang='grc' dir='ltr'>Ἐπίστρεψον,</span> <span class='ocrx_word' id='word_1_483' title='bbox 1479 1224 1565 1260; x_wconf 69' lang='grc' dir='ltr'>ψυχή</span> <span class='ocrx_word' id='word_1_484' title='bbox 1579 1234 1649 1260; x_wconf 85' lang='grc' dir='ltr'>μου,</span> <span class='ocrx_word' id='word_1_485' title='bbox 1667 1226 1711 1258; x_wconf 82' lang='grc' dir='ltr'>εις</span> <span class='ocrx_word' id='word_1_486' title='bbox 1733 1225 1791 1258; x_wconf 81' lang='grc' dir='ltr'><strong>τὴν</strong></span> <span class='ocrx_word' id='word_1_487' title='bbox 1805 1225 1876 1253; x_wconf 82' lang='grc' dir='ltr'>ἀνά-</span> 
     </span>
    </p>
   </div>
   <div class='ocr_carea' id='block_1_69' title="bbox 1087 1269 1875 1304">
    <p class='ocr_par' dir='ltr' id='par_1_69' title="bbox 1087 1269 1875 1304">
     <span class='ocr_line' id='line_1_69' title="bbox 1087 1269 1875 1304; baseline 0.005 -10"><span class='ocrx_word' id='word_1_488' title='bbox 1087 1269 1203 1295; x_wconf 84' lang='grc' dir='ltr'>παυσίν</span> <span class='ocrx_word' id='word_1_489' title='bbox 1224 1277 1282 1297; x_wconf 90' lang='grc' dir='ltr'><strong>σου</strong></span> <span class='ocrx_word' id='word_1_490' title='bbox 1296 1277 1302 1284; x_wconf 93' lang='grc'><strong>·</strong></span> <span class='ocrx_word' id='word_1_491' title='bbox 1324 1270 1371 1296; x_wconf 80' lang='grc' dir='ltr'>καὶ</span> <span class='ocrx_word' id='word_1_492' title='bbox 1394 1269 1495 1296; x_wconf 67' lang='grc' dir='ltr'>πάλινη</span> <span class='ocrx_word' id='word_1_493' title='bbox 1514 1270 1716 1304; x_wconf 78' lang='grc' dir='ltr'>Εὑαρεστήσω</span> <span class='ocrx_word' id='word_1_494' title='bbox 1749 1270 1875 1298; x_wconf 78' lang='grc' dir='ltr'>ἐνώπιον</span> 
     </span>
    </p>
   </div>
   <div class='ocr_carea' id='block_1_70' title="bbox 1087 1313 1873 1348">
    <p class='ocr_par' dir='ltr' id='par_1_70' title="bbox 1087 1313 1873 1348">
     <span class='ocr_line' id='line_1_70' title="bbox 1087 1313 1873 1348; baseline 0.004 -9"><span class='ocrx_word' id='word_1_495' title='bbox 1087 1314 1196 1347; x_wconf 80' lang='grc' dir='ltr'><strong>Κυρίου</strong></span> <span class='ocrx_word' id='word_1_496' title='bbox 1225 1313 1259 1340; x_wconf 79' lang='grc' dir='ltr'><strong>ἐν</strong></span> <span class='ocrx_word' id='word_1_497' title='bbox 1288 1313 1369 1348; x_wconf 80' lang='grc' dir='ltr'>χώρᾳ</span> <span class='ocrx_word' id='word_1_498' title='bbox 1392 1313 1506 1344; x_wconf 77' lang='grc' dir='ltr'><strong>ζώντων</strong></span> <span class='ocrx_word' id='word_1_499' title='bbox 1529 1323 1536 1330; x_wconf 88' lang='grc'><strong>·</strong></span> <span class='ocrx_word' id='word_1_500' title='bbox 1561 1314 1678 1342; x_wconf 83' lang='grc' dir='ltr'>ἐνταῦθα</span> <span class='ocrx_word' id='word_1_501' title='bbox 1713 1315 1742 1342; x_wconf 85' lang='grc' dir='ltr'><strong>δὲ</strong></span> <span class='ocrx_word' id='word_1_502' title='bbox 1763 1316 1873 1342; x_wconf 75' lang='grc' dir='ltr'>ἐπισυν-</span> 
     </span>
    </p>
   </div>
   <div class='ocr_carea' id='block_1_71' title="bbox 1087 1360 1873 1395">
    <p class='ocr_par' dir='ltr' id='par_1_71' title="bbox 1087 1360 1873 1395">
     <span class='ocr_line' id='line_1_71' title="bbox 1087 1360 1873 1395; baseline 0.004 -9"><span class='ocrx_word' id='word_1_503' title='bbox 1087 1361 1166 1386; x_wconf 78' lang='grc' dir='ltr'>άπτει</span> <span class='ocrx_word' id='word_1_504' title='bbox 1189 1360 1275 1394; x_wconf 82' lang='grc' dir='ltr'>λέγων</span> <span class='ocrx_word' id='word_1_505' title='bbox 1291 1369 1298 1375; x_wconf 93' lang='grc'><strong>·</strong></span> <span class='ocrx_word' id='word_1_506' title='bbox 1324 1360 1524 1392; x_wconf 80' lang='grc' dir='ltr'><strong>Ἐπίστευσα,</strong></span> <span class='ocrx_word' id='word_1_507' title='bbox 1546 1361 1591 1388; x_wconf 79' lang='grc' dir='ltr'><strong>διὸ</strong></span> <span class='ocrx_word' id='word_1_508' title='bbox 1616 1361 1765 1395; x_wconf 71' lang='grc' dir='ltr'>ἐλαλησα.</span> <span class='ocrx_word' id='word_1_509' title='bbox 1799 1360 1873 1389; x_wconf 79' lang='grc' dir='ltr'>Εἶναι</span> 
     </span>
    </p>
   </div>
   <div class='ocr_carea' id='block_1_72' title="bbox 1088 1404 1873 1443">
    <p class='ocr_par' dir='ltr' id='par_1_72' title="bbox 1088 1404 1873 1443">
     <span class='ocr_line' id='line_1_72' title="bbox 1088 1404 1873 1443; baseline 0.004 -13"><span class='ocrx_word' id='word_1_510' title='bbox 1088 1404 1141 1439; x_wconf 77' lang='grc' dir='ltr'><strong>γὰρ</strong></span> <span class='ocrx_word' id='word_1_511' title='bbox 1152 1404 1242 1440; x_wconf 85' lang='grc' dir='ltr'>χώραν</span> <span class='ocrx_word' id='word_1_512' title='bbox 1254 1405 1361 1438; x_wconf 76' lang='grc' dir='ltr'>ζώντων</span> <span class='ocrx_word' id='word_1_513' title='bbox 1372 1406 1468 1441; x_wconf 80' lang='grc' dir='ltr'>ἑτέραν</span> <span class='ocrx_word' id='word_1_514' title='bbox 1483 1406 1559 1443; x_wconf 85' lang='grc' dir='ltr'>παρὰ</span> <span class='ocrx_word' id='word_1_515' title='bbox 1570 1406 1616 1433; x_wconf 83' lang='grc' dir='ltr'><strong>τὸν</strong></span> <span class='ocrx_word' id='word_1_516' title='bbox 1636 1406 1806 1442; x_wconf 80' lang='grc' dir='ltr'>ἀνθρώπινον</span> <span class='ocrx_word' id='word_1_517' title='bbox 1820 1407 1873 1442; x_wconf 83' lang='grc' dir='ltr'>βίον</span> 
     </span>
    </p>
   </div>
   <div class='ocr_carea' id='block_1_73' title="bbox 1087 1449 1873 1489">
    <p class='ocr_par' dir='ltr' id='par_1_73' title="bbox 1087 1449 1873 1489">
     <span class='ocr_line' id='line_1_73' title="bbox 1087 1449 1873 1489; baseline 0.003 -13"><span class='ocrx_word' id='word_1_518' title='bbox 1087 1451 1242 1483; x_wconf 83' lang='grc' dir='ltr'>ἐπίστευσα,</span> <span class='ocrx_word' id='word_1_519' title='bbox 1259 1452 1305 1478; x_wconf 77' lang='grc' dir='ltr'>καὶ</span> <span class='ocrx_word' id='word_1_520' title='bbox 1326 1449 1396 1478; x_wconf 73' lang='grc' dir='ltr'>εἶναι</span> <span class='ocrx_word' id='word_1_521' title='bbox 1416 1451 1465 1487; x_wconf 85' lang='grc' dir='ltr'>τῆς</span> <span class='ocrx_word' id='word_1_522' title='bbox 1492 1452 1580 1489; x_wconf 84' lang='grc' dir='ltr'>ψυχῆς</span> <span class='ocrx_word' id='word_1_523' title='bbox 1603 1452 1756 1480; x_wconf 80' lang='grc' dir='ltr'>ἀνάπαυσιν</span> <span class='ocrx_word' id='word_1_524' title='bbox 1779 1454 1873 1488; x_wconf 86' lang='grc' dir='ltr'>ἐτέραν</span> 
     </span>
    </p>
   </div>
   <div class='ocr_carea' id='block_1_74' title="bbox 1087 1496 1873 1533">
    <p class='ocr_par' dir='ltr' id='par_1_74' title="bbox 1087 1496 1873 1533">
     <span class='ocr_line' id='line_1_74' title="bbox 1087 1496 1873 1533; baseline 0.004 -11"><span class='ocrx_word' id='word_1_525' title='bbox 1087 1497 1162 1531; x_wconf 82' lang='grc' dir='ltr'><strong>παρά</strong></span> <span class='ocrx_word' id='word_1_526' title='bbox 1188 1496 1237 1531; x_wconf 84' lang='grc' dir='ltr'>τὴν</span> <span class='ocrx_word' id='word_1_527' title='bbox 1262 1497 1308 1523; x_wconf 76' lang='grc' dir='ltr'>ἐπὶ</span> <span class='ocrx_word' id='word_1_528' title='bbox 1340 1497 1392 1532; x_wconf 80' lang='grc' dir='ltr'>γῆς</span> <span class='ocrx_word' id='word_1_529' title='bbox 1422 1497 1576 1533; x_wconf 72' lang='grc' dir='ltr'>διατριϐήν·</span> <span class='ocrx_word' id='word_1_530' title='bbox 1606 1497 1805 1531; x_wconf 77' lang='grc' dir='ltr'><strong>Ἐπίστευσα,</strong></span> <span class='ocrx_word' id='word_1_531' title='bbox 1829 1499 1873 1525; x_wconf 81' lang='grc' dir='ltr'>διὸ</span> 
     </span>
    </p>
   </div>
   <div class='ocr_carea' id='block_1_75' title="bbox 1086 1541 1873 1578">
    <p class='ocr_par' dir='ltr' id='par_1_75' title="bbox 1086 1541 1873 1578">
     <span class='ocr_line' id='line_1_75' title="bbox 1086 1541 1873 1578; baseline 0.004 -10"><span class='ocrx_word' id='word_1_532' title='bbox 1086 1541 1232 1575; x_wconf 72' lang='grc' dir='ltr'>ἐλάλησα,</span> <span class='ocrx_word' id='word_1_533' title='bbox 1252 1542 1309 1577; x_wconf 76' lang='grc' dir='ltr'>ἐγὼ</span> <span class='ocrx_word' id='word_1_534' title='bbox 1322 1542 1356 1569; x_wconf 81' lang='grc' dir='ltr'><strong>δὲ</strong></span> <span class='ocrx_word' id='word_1_535' title='bbox 1383 1543 1584 1577; x_wconf 81' lang='grc' dir='ltr'>ὲταπεινώθην</span> <span class='ocrx_word' id='word_1_536' title='bbox 1602 1544 1728 1578; x_wconf 68' lang='grc' dir='ltr'><strong>σφόδρα.</strong></span> <span class='ocrx_word' id='word_1_537' title='bbox 1746 1544 1820 1578; x_wconf 69' lang='grc' dir='ltr'><strong>Ἐγὼ</strong></span> <span class='ocrx_word' id='word_1_538' title='bbox 1840 1543 1873 1571; x_wconf 75' lang='grc' dir='ltr'><strong><em>δὲ</em></strong></span> 
     </span>
    </p>
   </div>
   <div class='ocr_carea' id='block_1_76' title="bbox 1086 1585 1870 1624">
    <p class='ocr_par' dir='ltr' id='par_1_76' title="bbox 1086 1585 1870 1624">
     <span class='ocr_line' id='line_1_76' title="bbox 1086 1585 1870 1624; baseline 0.004 -10"><span class='ocrx_word' id='word_1_539' title='bbox 1086 1585 1154 1614; x_wconf 73' lang='grc' dir='ltr'>εἶπα</span> <span class='ocrx_word' id='word_1_540' title='bbox 1164 1588 1199 1614; x_wconf 76' lang='grc' dir='ltr'>ἐν</span> <span class='ocrx_word' id='word_1_541' title='bbox 1209 1587 1247 1622; x_wconf 77' lang='grc' dir='ltr'><strong>τῇ</strong></span> <span class='ocrx_word' id='word_1_542' title='bbox 1256 1588 1397 1616; x_wconf 80' lang='grc' dir='ltr'><strong>ἐκστάσει</strong></span> <span class='ocrx_word' id='word_1_543' title='bbox 1405 1598 1464 1624; x_wconf 79' lang='grc' dir='ltr'>μου</span> <span class='ocrx_word' id='word_1_544' title='bbox 1475 1597 1480 1604; x_wconf 92' lang='grc'><strong>·</strong></span> <span class='ocrx_word' id='word_1_545' title='bbox 1491 1588 1554 1622; x_wconf 87' lang='grc' dir='ltr'><strong>Πᾶς</strong></span> <span class='ocrx_word' id='word_1_546' title='bbox 1564 1589 1717 1624; x_wconf 77' lang='grc' dir='ltr'>ἄνθρωπος</span> <span class='ocrx_word' id='word_1_547' title='bbox 1726 1591 1870 1624; x_wconf 75' lang='grc' dir='ltr'>ψεύστης.</span> 
     </span>
    </p>
   </div>
   <div class='ocr_carea' id='block_1_77' title="bbox 1091 1634 1872 1670">
    <p class='ocr_par' dir='ltr' id='par_1_77' title="bbox 1091 1634 1872 1670">
     <span class='ocr_line' id='line_1_77' title="bbox 1091 1634 1872 1670; baseline 0.004 -11"><span class='ocrx_word' id='word_1_548' title='bbox 1091 1634 1275 1660; x_wconf 79' lang='grc' dir='ltr'>Ἐταπείνωσα</span> <span class='ocrx_word' id='word_1_549' title='bbox 1298 1635 1426 1670; x_wconf 69' lang='grc' dir='ltr'>ἐμαυτὸν,</span> <span class='ocrx_word' id='word_1_550' title='bbox 1452 1635 1499 1661; x_wconf 75' lang='grc' dir='ltr'><strong>καὶ</strong></span> <span class='ocrx_word' id='word_1_551' title='bbox 1512 1635 1615 1670; x_wconf 72' lang='grc' dir='ltr'>σφόδρα</span> <span class='ocrx_word' id='word_1_552' title='bbox 1636 1635 1764 1662; x_wconf 78' lang='grc' dir='ltr'>ἐκάκωσα</span> <span class='ocrx_word' id='word_1_553' title='bbox 1779 1643 1787 1652; x_wconf 87' lang='grc'><strong>·</strong></span> <span class='ocrx_word' id='word_1_554' title='bbox 1804 1635 1872 1662; x_wconf 82' lang='grc' dir='ltr'>οὕτω</span> 
     </span>
    </p>
   </div>
   <div class='ocr_carea' id='block_1_78' title="bbox 1085 1680 1872 1716">
    <p class='ocr_par' dir='ltr' id='par_1_78' title="bbox 1085 1680 1872 1716">
     <span class='ocr_line' id='line_1_78' title="bbox 1085 1680 1872 1716; baseline 0.003 -10"><span class='ocrx_word' id='word_1_555' title='bbox 1085 1680 1139 1716; x_wconf 70' lang='grc' dir='ltr'><strong>γὰρ</strong></span> <span class='ocrx_word' id='word_1_556' title='bbox 1165 1681 1335 1716; x_wconf 77' lang='grc' dir='ltr'>ἠρμήνευσεν</span> <span class='ocrx_word' id='word_1_557' title='bbox 1365 1681 1379 1708; x_wconf 81' lang='grc' dir='ltr'>ὁ</span> <span class='ocrx_word' id='word_1_558' title='bbox 1408 1681 1556 1716; x_wconf 81' lang='grc' dir='ltr'><strong>Σύμμαχος</strong></span> <span class='ocrx_word' id='word_1_559' title='bbox 1579 1681 1683 1708; x_wconf 84' lang='grc' dir='ltr'>εἰπὼν·</span> <span class='ocrx_word' id='word_1_560' title='bbox 1703 1682 1872 1716; x_wconf 76' lang='grc' dir='ltr'>Ἑκαχώθην</span> 
     </span>
    </p>
   </div>
   <div class='ocr_carea' id='block_1_79' title="bbox 1084 1725 1869 1764">
    <p class='ocr_par' dir='ltr' id='par_1_79' title="bbox 1084 1725 1869 1764">
     <span class='ocr_line' id='line_1_79' title="bbox 1084 1725 1869 1764; baseline 0.004 -12"><span class='ocrx_word' id='word_1_561' title='bbox 1084 1725 1211 1761; x_wconf 66' lang='grc' dir='ltr'>σφόδρα.</span> <span class='ocrx_word' id='word_1_562' title='bbox 1229 1726 1313 1753; x_wconf 76' lang='grc' dir='ltr'>Τοῦτο</span> <span class='ocrx_word' id='word_1_563' title='bbox 1335 1726 1364 1752; x_wconf 82' lang='grc' dir='ltr'><strong>δὲ</strong></span> <span class='ocrx_word' id='word_1_564' title='bbox 1387 1726 1512 1762; x_wconf 85' lang='grc' dir='ltr'>ἐποίησα,</span> <span class='ocrx_word' id='word_1_565' title='bbox 1540 1727 1688 1763; x_wconf 77' lang='grc' dir='ltr'>ἐπειδήπερ</span> <span class='ocrx_word' id='word_1_566' title='bbox 1703 1728 1869 1764; x_wconf 76' lang='grc' dir='ltr'>ἠπιστάμην,</span> 
     </span>
    </p>
   </div>
   <div class='ocr_carea' id='block_1_80' title="bbox 1083 1771 1870 1808">
    <p class='ocr_par' dir='ltr' id='par_1_80' title="bbox 1083 1771 1870 1808">
     <span class='ocr_line' id='line_1_80' title="bbox 1083 1771 1870 1808; baseline 0.004 -10"><span class='ocrx_word' id='word_1_567' title='bbox 1083 1772 1124 1798; x_wconf 78' lang='grc' dir='ltr'>ὅτι</span> <span class='ocrx_word' id='word_1_568' title='bbox 1148 1773 1202 1803; x_wconf 80' lang='grc' dir='ltr'><strong>πᾶς</strong></span> <span class='ocrx_word' id='word_1_569' title='bbox 1228 1771 1370 1808; x_wconf 77' lang='grc' dir='ltr'>ἄνθρωπος</span> <span class='ocrx_word' id='word_1_570' title='bbox 1394 1772 1535 1807; x_wconf 76' lang='grc' dir='ltr'><strong>ψεύστης·</strong></span> <span class='ocrx_word' id='word_1_571' title='bbox 1551 1772 1646 1808; x_wconf 85' lang='grc' dir='ltr'>διόπερ</span> <span class='ocrx_word' id='word_1_572' title='bbox 1674 1774 1799 1808; x_wconf 82' lang='grc' dir='ltr'>ἀγωνιῶν</span> <span class='ocrx_word' id='word_1_573' title='bbox 1824 1774 1870 1801; x_wconf 81' lang='grc' dir='ltr'><strong>καὶ</strong></span> 
     </span>
    </p>
   </div>
   <div class='ocr_carea' id='block_1_81' title="bbox 1083 1815 1868 1854">
    <p class='ocr_par' dir='ltr' id='par_1_81' title="bbox 1083 1815 1868 1854">
     <span class='ocr_line' id='line_1_81' title="bbox 1083 1815 1868 1854; baseline 0.006 -12"><span class='ocrx_word' id='word_1_574' title='bbox 1083 1815 1240 1852; x_wconf 78' lang='grc' dir='ltr'>φροντίζων,</span> <span class='ocrx_word' id='word_1_575' title='bbox 1269 1817 1306 1852; x_wconf 85' lang='grc' dir='ltr'>μὴ</span> <span class='ocrx_word' id='word_1_576' title='bbox 1331 1817 1385 1852; x_wconf 76' lang='grc' dir='ltr'>ἄρα</span> <span class='ocrx_word' id='word_1_577' title='bbox 1402 1818 1449 1844; x_wconf 79' lang='grc' dir='ltr'>καὶ</span> <span class='ocrx_word' id='word_1_578' title='bbox 1472 1817 1619 1850; x_wconf 80' lang='grc' dir='ltr'>αὐτὸς,ὠς</span> <span class='ocrx_word' id='word_1_579' title='bbox 1644 1818 1786 1854; x_wconf 71' lang='grc' dir='ltr'>ἄνθρωπος</span> <span class='ocrx_word' id='word_1_580' title='bbox 1802 1820 1868 1847; x_wconf 85' lang='grc' dir='ltr'>ἀπο-</span> 
     </span>
    </p>
   </div>
   <div class='ocr_carea' id='block_1_82' title="bbox 1082 1862 1868 1900">
    <p class='ocr_par' dir='ltr' id='par_1_82' title="bbox 1082 1862 1868 1900">
     <span class='ocr_line' id='line_1_82' title="bbox 1082 1862 1868 1900; baseline 0.005 -12"><span class='ocrx_word' id='word_1_581' title='bbox 1082 1862 1234 1897; x_wconf 79' lang='grc' dir='ltr'>φηνάμενος</span> <span class='ocrx_word' id='word_1_582' title='bbox 1260 1863 1324 1898; x_wconf 80' lang='grc' dir='ltr'>περὶ</span> <span class='ocrx_word' id='word_1_583' title='bbox 1341 1863 1460 1898; x_wconf 75' lang='grc' dir='ltr'>ἐμαυτοῦ</span> <span class='ocrx_word' id='word_1_584' title='bbox 1476 1864 1522 1890; x_wconf 72' lang='grc' dir='ltr'><strong>καὶ</strong></span> <span class='ocrx_word' id='word_1_585' title='bbox 1543 1863 1627 1891; x_wconf 77' lang='grc' dir='ltr'>εἰπὼν</span> <span class='ocrx_word' id='word_1_586' title='bbox 1644 1873 1651 1880; x_wconf 66' lang='grc' dir='ltr'><strong>θ</strong></span> <span class='ocrx_word' id='word_1_587' title='bbox 1665 1865 1868 1900; x_wconf 76' lang='grc' dir='ltr'>Εὑαρεστήσω</span> 
     </span>
    </p>
   </div>
   <div class='ocr_carea' id='block_1_83' title="bbox 1081 1907 1867 1946">
    <p class='ocr_par' dir='ltr' id='par_1_83' title="bbox 1081 1907 1867 1946">
     <span class='ocr_line' id='line_1_83' title="bbox 1081 1907 1867 1946; baseline 0.004 -12"><span class='ocrx_word' id='word_1_588' title='bbox 1081 1907 1209 1935; x_wconf 77' lang='grc' dir='ltr'>ἐνώπιον</span> <span class='ocrx_word' id='word_1_589' title='bbox 1220 1909 1331 1942; x_wconf 84' lang='grc' dir='ltr'>Κυρίου</span> <span class='ocrx_word' id='word_1_590' title='bbox 1347 1909 1382 1935; x_wconf 85' lang='grc' dir='ltr'><strong>ἐν</strong></span> <span class='ocrx_word' id='word_1_591' title='bbox 1399 1908 1480 1944; x_wconf 81' lang='grc' dir='ltr'>χώρᾳ</span> <span class='ocrx_word' id='word_1_592' title='bbox 1502 1909 1624 1942; x_wconf 77' lang='grc' dir='ltr'><strong>ζώντων,</strong></span> <span class='ocrx_word' id='word_1_593' title='bbox 1643 1909 1797 1946; x_wconf 78' lang='grc' dir='ltr'>ψεύσωμαι·</span> <span class='ocrx_word' id='word_1_594' title='bbox 1809 1911 1867 1938; x_wconf 80' lang='grc' dir='ltr'>τού-</span> 
     </span>
    </p>
   </div>
   <div class='ocr_carea' id='block_1_84' title="bbox 1081 1953 1867 1992">
    <p class='ocr_par' dir='ltr' id='par_1_84' title="bbox 1081 1953 1867 1992">
     <span class='ocr_line' id='line_1_84' title="bbox 1081 1953 1867 1992; baseline 0.004 -12"><span class='ocrx_word' id='word_1_595' title='bbox 1081 1962 1127 1980; x_wconf 88' lang='grc' dir='ltr'><strong>του</strong></span> <span class='ocrx_word' id='word_1_596' title='bbox 1141 1954 1219 1989; x_wconf 85' lang='grc' dir='ltr'>χάριν</span> <span class='ocrx_word' id='word_1_597' title='bbox 1235 1953 1383 1986; x_wconf 79' lang='grc' dir='ltr'>πιστεύσας</span> <span class='ocrx_word' id='word_1_598' title='bbox 1407 1956 1439 1990; x_wconf 84' lang='grc' dir='ltr'><strong>τῇ</strong></span> <span class='ocrx_word' id='word_1_599' title='bbox 1469 1955 1602 1992; x_wconf 81' lang='grc' dir='ltr'>μελλούσῃ</span> <span class='ocrx_word' id='word_1_600' title='bbox 1627 1955 1682 1991; x_wconf 77' lang='grc' dir='ltr'>ζωῇ</span> <span class='ocrx_word' id='word_1_601' title='bbox 1698 1956 1746 1982; x_wconf 81' lang='grc' dir='ltr'><strong>καὶ</strong></span> <span class='ocrx_word' id='word_1_602' title='bbox 1767 1957 1802 1991; x_wconf 82' lang='grc' dir='ltr'>τῇ</span> <span class='ocrx_word' id='word_1_603' title='bbox 1819 1958 1867 1992; x_wconf 79' lang='grc' dir='ltr'>τῆς</span> 
     </span>
    </p>
   </div>
   <div class='ocr_carea' id='block_1_85' title="bbox 1079 2000 1865 2037">
    <p class='ocr_par' dir='ltr' id='par_1_85' title="bbox 1079 2000 1865 2037">
     <span class='ocr_line' id='line_1_85' title="bbox 1079 2000 1865 2037; baseline 0.004 -10"><span class='ocrx_word' id='word_1_604' title='bbox 1079 2000 1166 2036; x_wconf 82' lang='grc' dir='ltr'>ψυχῆς</span> <span class='ocrx_word' id='word_1_605' title='bbox 1180 2000 1341 2033; x_wconf 80' lang='grc' dir='ltr'>ἀναπαύσει,</span> <span class='ocrx_word' id='word_1_606' title='bbox 1357 2002 1403 2028; x_wconf 77' lang='grc' dir='ltr'><strong>καὶ</strong></span> <span class='ocrx_word' id='word_1_607' title='bbox 1419 2003 1452 2037; x_wconf 86' lang='grc' dir='ltr'>τῇ</span> <span class='ocrx_word' id='word_1_608' title='bbox 1467 2001 1543 2037; x_wconf 83' lang='grc' dir='ltr'>χώρᾳ</span> <span class='ocrx_word' id='word_1_609' title='bbox 1561 2001 1616 2028; x_wconf 87' lang='grc' dir='ltr'>τῶν</span> <span class='ocrx_word' id='word_1_610' title='bbox 1631 2001 1749 2034; x_wconf 80' lang='grc' dir='ltr'>ζώντων,</span> <span class='ocrx_word' id='word_1_611' title='bbox 1766 2003 1813 2030; x_wconf 80' lang='grc' dir='ltr'>καὶ</span> <span class='ocrx_word' id='word_1_612' title='bbox 1824 2003 1865 2030; x_wconf 76' lang='grc' dir='ltr'>διὰ</span> 
     </span>
    </p>
   </div>
   <div class='ocr_carea' id='block_1_86' title="bbox 1079 2045 1864 2084">
    <p class='ocr_par' dir='ltr' id='par_1_86' title="bbox 1079 2045 1864 2084">
     <span class='ocr_line' id='line_1_86' title="bbox 1079 2045 1864 2084; baseline 0.004 -12"><span class='ocrx_word' id='word_1_613' title='bbox 1079 2045 1126 2072; x_wconf 81' lang='grc' dir='ltr'>τοῦ</span> <span class='ocrx_word' id='word_1_614' title='bbox 1153 2046 1296 2073; x_wconf 84' lang='grc' dir='ltr'>πιστεῦσαι</span> <span class='ocrx_word' id='word_1_615' title='bbox 1321 2047 1437 2083; x_wconf 79' lang='grc' dir='ltr'>λαλήσας</span> <span class='ocrx_word' id='word_1_616' title='bbox 1465 2047 1551 2074; x_wconf 77' lang='grc' dir='ltr'>ταῦτα</span> <span class='ocrx_word' id='word_1_617' title='bbox 1579 2047 1662 2080; x_wconf 83' lang='grc' dir='ltr'>αὐτὰ,</span> <span class='ocrx_word' id='word_1_618' title='bbox 1692 2048 1736 2074; x_wconf 85' lang='grc' dir='ltr'><strong>ἴνα</strong></span> <span class='ocrx_word' id='word_1_619' title='bbox 1763 2050 1864 2084; x_wconf 79' lang='grc' dir='ltr'>μήποτε</span> 
     </span>
    </p>
   </div>
   <div class='ocr_carea' id='block_1_87' title="bbox 1080 2091 1864 2130">
    <p class='ocr_par' dir='ltr' id='par_1_87' title="bbox 1080 2091 1864 2130">
     <span class='ocr_line' id='line_1_87' title="bbox 1080 2091 1864 2130; baseline 0.005 -13"><span class='ocrx_word' id='word_1_620' title='bbox 1080 2091 1188 2118; x_wconf 80' lang='grc' dir='ltr'>ἐκπέσω</span> <span class='ocrx_word' id='word_1_621' title='bbox 1209 2091 1259 2127; x_wconf 85' lang='grc' dir='ltr'>τῆς</span> <span class='ocrx_word' id='word_1_622' title='bbox 1282 2093 1456 2127; x_wconf 84' lang='grc' dir='ltr'>ἐπαγγελίας,</span> <span class='ocrx_word' id='word_1_623' title='bbox 1476 2094 1523 2120; x_wconf 82' lang='grc' dir='ltr'>καὶ</span> <span class='ocrx_word' id='word_1_624' title='bbox 1549 2093 1658 2128; x_wconf 90' lang='grc' dir='ltr'>ψευσθῶ</span> <span class='ocrx_word' id='word_1_625' title='bbox 1679 2094 1728 2130; x_wconf 78' lang='grc' dir='ltr'>τῆς</span> <span class='ocrx_word' id='word_1_626' title='bbox 1749 2095 1864 2126; x_wconf 83' lang='grc' dir='ltr'>ἐλπίδος,</span> 
     </span>
    </p>
   </div>
   <div class='ocr_carea' id='block_1_88' title="bbox 1077 2137 1517 2174">
    <p class='ocr_par' dir='ltr' id='par_1_88' title="bbox 1077 2137 1517 2174">
     <span class='ocr_line' id='line_1_88' title="bbox 1077 2137 1517 2174; baseline 0.005 -11"><span class='ocrx_word' id='word_1_627' title='bbox 1077 2137 1245 2164; x_wconf 83' lang='grc' dir='ltr'>ἐταπείνωσα</span> <span class='ocrx_word' id='word_1_628' title='bbox 1273 2138 1390 2174; x_wconf 79' lang='grc' dir='ltr'>ἐμαυτὸν</span> <span class='ocrx_word' id='word_1_629' title='bbox 1407 2139 1517 2174; x_wconf 76' lang='grc' dir='ltr'>σφόδρα.</span> 
     </span>
    </p>
   </div>
   <div class='ocr_carea' id='block_1_89' title="bbox 1119 2182 1862 2220">
    <p class='ocr_par' dir='ltr' id='par_1_89' title="bbox 1119 2182 1862 2220">
     <span class='ocr_line' id='line_1_89' title="bbox 1119 2182 1862 2220; baseline 0.004 -10"><span class='ocrx_word' id='word_1_630' title='bbox 1119 2183 1189 2218; x_wconf 73' lang='grc' dir='ltr'><strong>Ἐγὼ</strong></span> <span class='ocrx_word' id='word_1_631' title='bbox 1212 2184 1246 2210; x_wconf 76' lang='grc' dir='ltr'><strong>δὲ</strong></span> <span class='ocrx_word' id='word_1_632' title='bbox 1269 2182 1339 2212; x_wconf 76' lang='grc' dir='ltr'>εἶπα</span> <span class='ocrx_word' id='word_1_633' title='bbox 1361 2185 1396 2211; x_wconf 74' lang='grc' dir='ltr'><strong>ἐν</strong></span> <span class='ocrx_word' id='word_1_634' title='bbox 1413 2184 1451 2219; x_wconf 81' lang='grc' dir='ltr'><strong>τῇ</strong></span> <span class='ocrx_word' id='word_1_635' title='bbox 1475 2184 1617 2212; x_wconf 82' lang='grc' dir='ltr'><strong>ἐκστάσει</strong></span> <span class='ocrx_word' id='word_1_636' title='bbox 1634 2194 1695 2220; x_wconf 82' lang='grc' dir='ltr'>μου</span> <span class='ocrx_word' id='word_1_637' title='bbox 1710 2195 1716 2201; x_wconf 93' lang='grc'><strong>·</strong></span> <span class='ocrx_word' id='word_1_638' title='bbox 1734 2185 1798 2219; x_wconf 83' lang='grc' dir='ltr'><strong>Πᾶς</strong></span> <span class='ocrx_word' id='word_1_639' title='bbox 1814 2186 1862 2213; x_wconf 82' lang='grc' dir='ltr'><strong>ἇν-</strong></span> 
     </span>
    </p>
   </div>
   <div class='ocr_carea' id='block_1_90' title="bbox 244 2223 1035 2268">
    <p class='ocr_par' dir='ltr' id='par_1_90' title="bbox 244 2223 1028 2261">
     <span class='ocr_line' id='line_1_90' title="bbox 244 2223 1028 2261; baseline 0.009 -11"><span class='ocrx_word' id='word_1_640' title='bbox 244 2224 307 2251; x_wconf 69' lang='lat' dir='ltr'><strong>daz.</strong></span> <span class='ocrx_word' id='word_1_641' title='bbox 318 2223 385 2251; x_wconf 83' lang='lat' dir='ltr'><strong>Nam</strong></span> <span class='ocrx_word' id='word_1_642' title='bbox 395 2224 537 2251; x_wconf 87' lang='lat' dir='ltr'><strong>ratiocinia</strong></span> <span class='ocrx_word' id='word_1_643' title='bbox 549 2225 689 2253; x_wconf 85' lang='lat' dir='ltr'><strong>hominum</strong></span> <span class='ocrx_word' id='word_1_644' title='bbox 699 2227 874 2261; x_wconf 85' lang='lat' dir='ltr'><strong>miserabilia,</strong></span> <span class='ocrx_word' id='word_1_645' title='bbox 882 2233 908 2256; x_wconf 87' lang='lat' dir='ltr'><strong>et</strong></span> <span class='ocrx_word' id='word_1_646' title='bbox 920 2228 1028 2259; x_wconf 80' lang='lat' dir='ltr'><strong>fallaces</strong></span> 
     </span>
    </p>
   </div>
   <div class='ocr_carea' id='block_1_91' title="bbox 1085 2223 1860 2268">
    <p class='ocr_par' dir='ltr' id='par_1_91' title="bbox 1085 2231 1860 2268">
     <span class='ocr_line' id='line_1_91' title="bbox 1085 2231 1860 2268; baseline 0.004 -12"><span class='ocrx_word' id='word_1_647' title='bbox 1085 2231 1194 2263; x_wconf 73' lang='grc' dir='ltr'>θρωπος</span> <span class='ocrx_word' id='word_1_648' title='bbox 1210 2231 1355 2264; x_wconf 73' lang='grc' dir='ltr'>ψεύστης.</span> <span class='ocrx_word' id='word_1_649' title='bbox 1381 2231 1512 2267; x_wconf 82' lang='grc' dir='ltr'>Λογισμοὶ</span> <span class='ocrx_word' id='word_1_650' title='bbox 1531 2231 1586 2267; x_wconf 86' lang='grc' dir='ltr'><strong>γὰρ</strong></span> <span class='ocrx_word' id='word_1_651' title='bbox 1600 2231 1750 2268; x_wconf 85' lang='grc' dir='ltr'>ἀνθρώπων</span> <span class='ocrx_word' id='word_1_652' title='bbox 1771 2233 1860 2263; x_wconf 79' lang='grc' dir='ltr'>δειλοὶ,</span> 
     </span>
    </p>
   </div>
   <div class='ocr_carea' id='block_1_92' title="bbox 244 2271 1029 2310">
    <p class='ocr_par' dir='ltr' id='par_1_92' title="bbox 244 2271 1029 2310">
     <span class='ocr_line' id='line_1_92' title="bbox 244 2271 1029 2310; baseline 0.006 -12"><span class='ocrx_word' id='word_1_653' title='bbox 244 2271 424 2306; x_wconf 81' lang='lat' dir='ltr'><strong>cogitationes</strong></span> <span class='ocrx_word' id='word_1_654' title='bbox 451 2274 552 2299; x_wconf 68' lang='lat' dir='ltr'><strong>nostrae</strong></span> <span class='ocrx_word' id='word_1_655' title='bbox 578 2275 660 2304; x_wconf 88' lang='lat' dir='ltr'><strong>sunt;</strong></span> <span class='ocrx_word' id='word_1_656' title='bbox 693 2272 827 2308; x_wconf 88' lang='lat' dir='ltr'><strong>siquidem</strong></span> <span class='ocrx_word' id='word_1_657' title='bbox 853 2276 1029 2310; x_wconf 85' lang='lat' dir='ltr'><strong>corruptibile</strong></span> 
     </span>
    </p>
   </div>
   <div class='ocr_carea' id='block_1_93' title="bbox 244 2317 1029 2353">
    <p class='ocr_par' dir='ltr' id='par_1_93' title="bbox 244 2317 1029 2353">
     <span class='ocr_line' id='line_1_93' title="bbox 244 2317 1029 2353; baseline 0.008 -10"><span class='ocrx_word' id='word_1_658' title='bbox 244 2324 345 2352; x_wconf 90' lang='lat' dir='ltr'><strong>corpus</strong></span> <span class='ocrx_word' id='word_1_659' title='bbox 368 2320 496 2353; x_wconf 68' lang='lat' dir='ltr'><strong>aggravet</strong></span> <span class='ocrx_word' id='word_1_660' title='bbox 522 2317 652 2349; x_wconf 82' lang='lat' dir='ltr'><strong>animam.</strong></span> <span class='ocrx_word' id='word_1_661' title='bbox 670 2321 697 2345; x_wconf 90' lang='lat' dir='ltr'><strong>et</strong></span> <span class='ocrx_word' id='word_1_662' title='bbox 711 2323 848 2347; x_wconf 90' lang='lat' dir='ltr'><strong>terrenum</strong></span> <span class='ocrx_word' id='word_1_663' title='bbox 865 2321 1029 2349; x_wconf 85' lang='lat' dir='ltr'><strong>tabernacu-</strong></span> 
     </span>
    </p>
   </div>
   <div class='ocr_carea' id='block_1_94' title="bbox 244 2363 1027 2401">
    <p class='ocr_par' dir='ltr' id='par_1_94' title="bbox 244 2363 1027 2401">
     <span class='ocr_line' id='line_1_94' title="bbox 244 2363 1027 2401; baseline 0.006 -11"><span class='ocrx_word' id='word_1_664' title='bbox 244 2363 300 2390; x_wconf 88' lang='lat' dir='ltr'><strong>lum</strong></span> <span class='ocrx_word' id='word_1_665' title='bbox 324 2367 444 2391; x_wconf 91' lang='lat' dir='ltr'><strong>mentem</strong></span> <span class='ocrx_word' id='word_1_666' title='bbox 464 2363 539 2390; x_wconf 90' lang='lat' dir='ltr'><strong>curis</strong></span> <span class='ocrx_word' id='word_1_667' title='bbox 555 2371 662 2399; x_wconf 79' lang='lat' dir='ltr'><strong>gravent</strong></span> <span class='ocrx_word' id='word_1_668' title='bbox 677 2370 772 2392; x_wconf 87' lang='lat' dir='ltr'><strong>onerat</strong></span> <span class='ocrx_word' id='word_1_669' title='bbox 785 2375 791 2392; x_wconf 91' lang='lat'>:</span> <span class='ocrx_word' id='word_1_670' title='bbox 808 2365 907 2401; x_wconf 83' lang='lat' dir='ltr'><strong>vixque</strong></span> <span class='ocrx_word' id='word_1_671' title='bbox 921 2371 1027 2395; x_wconf 89' lang='lat' dir='ltr'><strong>terrena</strong></span> 
     </span>
    </p>
   </div>
   <div class='ocr_carea' id='block_1_95' title="bbox 243 2409 1028 2446">
    <p class='ocr_par' dir='ltr' id='par_1_95' title="bbox 243 2409 1028 2446">
     <span class='ocr_line' id='line_1_95' title="bbox 243 2409 1028 2446; baseline 0.006 -10"><span class='ocrx_word' id='word_1_672' title='bbox 243 2409 398 2443; x_wconf 81' lang='lat' dir='ltr'><strong>conjectare</strong></span> <span class='ocrx_word' id='word_1_673' title='bbox 423 2417 578 2445; x_wconf 88' lang='lat' dir='ltr'><strong>possumus,</strong></span> <span class='ocrx_word' id='word_1_674' title='bbox 599 2417 631 2437; x_wconf 91' lang='lat' dir='ltr'><strong>ac</strong></span> <span class='ocrx_word' id='word_1_675' title='bbox 659 2418 719 2445; x_wconf 66' lang='lat' dir='ltr'><strong>qua:</strong></span> <span class='ocrx_word' id='word_1_676' title='bbox 743 2419 798 2446; x_wconf 67' lang='lat' dir='ltr'><strong>pra:</strong></span> <span class='ocrx_word' id='word_1_677' title='bbox 821 2413 948 2441; x_wconf 85' lang='lat' dir='ltr'><strong>manibus</strong></span> <span class='ocrx_word' id='word_1_678' title='bbox 965 2418 1028 2441; x_wconf 87' lang='lat' dir='ltr'><strong>sunt</strong></span> 
     </span>
    </p>
   </div>
   <div class='ocr_carea' id='block_1_96' title="bbox 243 2456 1028 2495">
    <p class='ocr_par' dir='ltr' id='par_1_96' title="bbox 243 2456 1028 2495">
     <span class='ocr_line' id='line_1_96' title="bbox 243 2456 1028 2495; baseline 0.006 -11"><span class='ocrx_word' id='word_1_679' title='bbox 243 2463 305 2484; x_wconf 87' lang='lat' dir='ltr'><strong>cum</strong></span> <span class='ocrx_word' id='word_1_680' title='bbox 331 2457 423 2485; x_wconf 86' lang='lat' dir='ltr'><strong>labore</strong></span> <span class='ocrx_word' id='word_1_681' title='bbox 437 2456 677 2493; x_wconf 85' lang='lat' dir='ltr'><strong>deprehendimus.</strong></span> <span class='ocrx_word' id='word_1_682' title='bbox 692 2456 819 2486; x_wconf 71' lang='lat' dir='ltr'><strong>Caelestia</strong></span> <span class='ocrx_word' id='word_1_683' title='bbox 830 2467 894 2487; x_wconf 87' lang='lat' dir='ltr'><strong>vero</strong></span> <span class='ocrx_word' id='word_1_684' title='bbox 909 2461 969 2495; x_wconf 89' lang='lat' dir='ltr'><strong>quis</strong></span> <span class='ocrx_word' id='word_1_685' title='bbox 986 2461 1028 2489; x_wconf 93' lang='lat' dir='ltr'><strong>in-</strong></span> 
     </span>
    </p>
   </div>
   <div class='ocr_carea' id='block_1_97' title="bbox 243 2501 1025 2543">
    <p class='ocr_par' dir='ltr' id='par_1_97' title="bbox 243 2501 1025 2543">
     <span class='ocr_line' id='line_1_97' title="bbox 243 2501 1025 2543; baseline 0.009 -16"><span class='ocrx_word' id='word_1_686' title='bbox 243 2501 404 2543; x_wconf 71' lang='lat' dir='ltr'><strong>vestigavit?</strong></span> <span class='ocrx_word' id='word_1_687' title='bbox 416 2504 543 2531; x_wconf 80' lang='lat' dir='ltr'><strong>Attamen</strong></span> <span class='ocrx_word' id='word_1_688' title='bbox 556 2510 606 2539; x_wconf 80' lang='lat' dir='ltr'><strong>ego</strong></span> <span class='ocrx_word' id='word_1_689' title='bbox 616 2511 672 2530; x_wconf 90' lang='lat' dir='ltr'><strong>non</strong></span> <span class='ocrx_word' id='word_1_690' title='bbox 684 2506 714 2530; x_wconf 92' lang='lat' dir='ltr'><strong>ut</strong></span> <span class='ocrx_word' id='word_1_691' title='bbox 729 2504 809 2531; x_wconf 89' lang='lat' dir='ltr'><strong>homo</strong></span> <span class='ocrx_word' id='word_1_692' title='bbox 824 2504 933 2534; x_wconf 89' lang='lat' dir='ltr'><strong>locutus</strong></span> <span class='ocrx_word' id='word_1_693' title='bbox 948 2514 1025 2540; x_wconf 86' lang='lat' dir='ltr'><strong>sum;</strong></span> 
     </span>
    </p>
   </div>
   <div class='ocr_carea' id='block_1_98' title="bbox 243 2547 1027 2587">
    <p class='ocr_par' dir='ltr' id='par_1_98' title="bbox 243 2547 1027 2587">
     <span class='ocr_line' id='line_1_98' title="bbox 243 2547 1027 2587; baseline 0.008 -14"><span class='ocrx_word' id='word_1_694' title='bbox 243 2547 311 2573; x_wconf 88' lang='lat' dir='ltr'><strong>alias</strong></span> <span class='ocrx_word' id='word_1_695' title='bbox 326 2547 398 2574; x_wconf 91' lang='lat' dir='ltr'><strong>enim</strong></span> <span class='ocrx_word' id='word_1_696' title='bbox 417 2549 546 2577; x_wconf 87' lang='lat' dir='ltr'><strong>mentitus</strong></span> <span class='ocrx_word' id='word_1_697' title='bbox 561 2556 650 2577; x_wconf 83' lang='lat' dir='ltr'><strong>essem</strong></span> <span class='ocrx_word' id='word_1_698' title='bbox 668 2559 674 2575; x_wconf 91' lang='lat'><strong>:</strong></span> <span class='ocrx_word' id='word_1_699' title='bbox 692 2549 739 2577; x_wconf 90' lang='lat' dir='ltr'><strong>sed</strong></span> <span class='ocrx_word' id='word_1_700' title='bbox 753 2549 800 2577; x_wconf 84' lang='lat' dir='ltr'><strong>Dei</strong></span> <span class='ocrx_word' id='word_1_701' title='bbox 814 2551 906 2579; x_wconf 75' lang='lat' dir='ltr'><strong>verbis</strong></span> <span class='ocrx_word' id='word_1_702' title='bbox 918 2559 950 2579; x_wconf 88' lang='lat' dir='ltr'><strong>ac</strong></span> <span class='ocrx_word' id='word_1_703' title='bbox 968 2553 1027 2587; x_wconf 90' lang='lat' dir='ltr'><strong>pol-</strong></span> 
     </span>
    </p>
   </div>
   <div class='ocr_carea' id='block_1_99' title="bbox 243 2593 561 2630">
    <p class='ocr_par' dir='ltr' id='par_1_99' title="bbox 243 2593 561 2630">
     <span class='ocr_line' id='line_1_99' title="bbox 243 2593 561 2630; baseline 0.009 -11"><span class='ocrx_word' id='word_1_704' title='bbox 243 2593 438 2630; x_wconf 74' lang='lat' dir='ltr'><strong>licitationibus</strong></span> <span class='ocrx_word' id='word_1_705' title='bbox 449 2594 561 2622; x_wconf 88' lang='lat' dir='ltr'><strong>credidi.</strong></span> 
     </span>
    </p>
   </div>
   <div class='ocr_carea' id='block_1_100' title="bbox 283 2637 1026 2677">
    <p class='ocr_par' dir='ltr' id='par_1_100' title="bbox 283 2637 1026 2677">
     <span class='ocr_line' id='line_1_100' title="bbox 283 2637 1026 2677; baseline 0.007 -13"><span class='ocrx_word' id='word_1_706' title='bbox 283 2637 361 2665; x_wconf 72' lang='lat' dir='ltr'><strong>Vnus.</strong></span> <span class='ocrx_word' id='word_1_707' title='bbox 371 2638 414 2665; x_wconf 81' lang='grc'><strong>17.</strong></span> <span class='ocrx_word' id='word_1_708' title='bbox 426 2638 494 2672; x_wconf 81' lang='lat' dir='ltr'><strong>Quid</strong></span> <span class='ocrx_word' id='word_1_709' title='bbox 507 2640 647 2667; x_wconf 84' lang='lat' dir='ltr'><strong>retribuam</strong></span> <span class='ocrx_word' id='word_1_710' title='bbox 663 2640 775 2667; x_wconf 79' lang='lat' dir='ltr'><strong>Domino</strong></span> <span class='ocrx_word' id='word_1_711' title='bbox 785 2648 831 2674; x_wconf 88' lang='lat' dir='ltr'><strong>pro</strong></span> <span class='ocrx_word' id='word_1_712' title='bbox 840 2641 957 2668; x_wconf 68' lang='lat' dir='ltr'><strong>omnibus</strong></span> <span class='ocrx_word' id='word_1_713' title='bbox 969 2651 1026 2677; x_wconf 70' lang='lat' dir='ltr'><strong>qua:</strong></span> 
     </span>
    </p>
   </div>
   <div class='ocr_carea' id='block_1_101' title="bbox 242 2683 1024 2720">
    <p class='ocr_par' dir='ltr' id='par_1_101' title="bbox 242 2683 1024 2720">
     <span class='ocr_line' id='line_1_101' title="bbox 242 2683 1024 2720; baseline 0.005 -11"><span class='ocrx_word' id='word_1_714' title='bbox 242 2683 363 2710; x_wconf 78' lang='lat' dir='ltr'><strong>retribuit</strong></span> <span class='ocrx_word' id='word_1_715' title='bbox 386 2684 469 2711; x_wconf 85' lang='lat' dir='ltr'><strong>mihi?</strong></span> <span class='ocrx_word' id='word_1_716' title='bbox 486 2683 600 2712; x_wconf 85' lang='lat' dir='ltr'><strong>Calicem</strong></span> <span class='ocrx_word' id='word_1_717' title='bbox 624 2686 751 2713; x_wconf 73' lang='lat' dir='ltr'><strong>salutaris</strong></span> <span class='ocrx_word' id='word_1_718' title='bbox 773 2687 910 2720; x_wconf 78' lang='lat' dir='ltr'><strong>accipiant,</strong></span> <span class='ocrx_word' id='word_1_719' title='bbox 928 2691 953 2714; x_wconf 80' lang='lat' dir='ltr'><strong>et</strong></span> <span class='ocrx_word' id='word_1_720' title='bbox 977 2696 1024 2713; x_wconf 90' lang='grc' dir='ltr'>ηο-</span> 
     </span>
    </p>
   </div>
   <div class='ocr_carea' id='block_1_102' title="bbox 243 2729 1025 2760">
    <p class='ocr_par' dir='ltr' id='par_1_102' title="bbox 243 2729 1025 2760">
     <span class='ocr_line' id='line_1_102' title="bbox 243 2729 1025 2760; baseline 0.006 -5"><span class='ocrx_word' id='word_1_721' title='bbox 243 2738 301 2760; x_wconf 72' lang='lat' dir='ltr'><strong>men</strong></span> <span class='ocrx_word' id='word_1_722' title='bbox 332 2729 438 2756; x_wconf 85' lang='lat' dir='ltr'><strong>Domini</strong></span> <span class='ocrx_word' id='word_1_723' title='bbox 465 2730 598 2758; x_wconf 69' lang='lat' dir='ltr'><strong>invocabo.</strong></span> <span class='ocrx_word' id='word_1_724' title='bbox 624 2731 689 2758; x_wconf 78' lang='lat' dir='ltr'><strong>Vota</strong></span> <span class='ocrx_word' id='word_1_725' title='bbox 709 2740 767 2759; x_wconf 87' lang='lat' dir='ltr'><strong>mea</strong></span> <span class='ocrx_word' id='word_1_726' title='bbox 789 2731 902 2760; x_wconf 86' lang='lat' dir='ltr'><strong>Domino</strong></span> <span class='ocrx_word' id='word_1_727' title='bbox 917 2733 1025 2760; x_wconf 77' lang='lat' dir='ltr'><strong>reddant</strong></span> 
     </span>
    </p>
   </div>
   <div class='ocr_carea' id='block_1_103' title="bbox 241 2775 1023 2814">
    <p class='ocr_par' dir='ltr' id='par_1_103' title="bbox 241 2775 1023 2814">
     <span class='ocr_line' id='line_1_103' title="bbox 241 2775 1023 2814; baseline 0.006 -13"><span class='ocrx_word' id='word_1_728' title='bbox 241 2784 331 2802; x_wconf 87' lang='lat' dir='ltr'><strong>coram</strong></span> <span class='ocrx_word' id='word_1_729' title='bbox 346 2775 417 2802; x_wconf 87' lang='lat' dir='ltr'><strong>omni</strong></span> <span class='ocrx_word' id='word_1_730' title='bbox 435 2776 529 2811; x_wconf 84' lang='lat' dir='ltr'><strong>populo</strong></span> <span class='ocrx_word' id='word_1_731' title='bbox 549 2777 604 2810; x_wconf 72' lang='lat' dir='ltr'><strong>ejus</strong></span> <span class='ocrx_word' id='word_1_732' title='bbox 619 2785 628 2803; x_wconf 91' lang='lat'><em>:</em></span> <span class='ocrx_word' id='word_1_733' title='bbox 643 2780 757 2809; x_wconf 75' lang='lat' dir='ltr'><strong>pretiosa</strong></span> <span class='ocrx_word' id='word_1_734' title='bbox 770 2780 795 2806; x_wconf 86' lang='lat' dir='ltr'><strong>in</strong></span> <span class='ocrx_word' id='word_1_735' title='bbox 814 2784 951 2814; x_wconf 80' lang='lat' dir='ltr'><strong>conspectu</strong></span> <span class='ocrx_word' id='word_1_736' title='bbox 972 2779 1023 2806; x_wconf 90' lang='lat' dir='ltr'><strong>Do-</strong></span> 
     </span>
    </p>
   </div>
   <div class='ocr_carea' id='block_1_104' title="bbox 241 2822 1023 2860">
    <p class='ocr_par' dir='ltr' id='par_1_104' title="bbox 241 2822 1023 2860">
     <span class='ocr_line' id='line_1_104' title="bbox 241 2822 1023 2860; baseline 0.005 -12"><span class='ocrx_word' id='word_1_737' title='bbox 241 2822 306 2848; x_wconf 81' lang='lat' dir='ltr'><strong>mini</strong></span> <span class='ocrx_word' id='word_1_738' title='bbox 337 2830 406 2848; x_wconf 74' lang='lat' dir='ltr'><strong>mors</strong></span> <span class='ocrx_word' id='word_1_739' title='bbox 434 2826 584 2849; x_wconf 69' lang='lat' dir='ltr'><strong>sanctorum</strong></span> <span class='ocrx_word' id='word_1_740' title='bbox 610 2824 717 2857; x_wconf 78' lang='lat' dir='ltr'><strong>cjus.-0</strong></span> <span class='ocrx_word' id='word_1_741' title='bbox 733 2825 852 2857; x_wconf 81' lang='lat' dir='ltr'><strong>Domine,</strong></span> <span class='ocrx_word' id='word_1_742' title='bbox 874 2834 920 2860; x_wconf 85' lang='lat' dir='ltr'><strong>ego</strong></span> <span class='ocrx_word' id='word_1_743' title='bbox 936 2834 1023 2852; x_wconf 67' lang='lat' dir='ltr'><strong>serens</strong></span> 
     </span>
    </p>
   </div>
   <div class='ocr_carea' id='block_1_105' title="bbox 241 2863 1022 2906">
    <p class='ocr_par' dir='ltr' id='par_1_105' title="bbox 241 2863 1022 2906">
     <span class='ocr_line' id='line_1_105' title="bbox 241 2863 1022 2906; baseline 0.005 -12"><span class='ocrx_word' id='word_1_744' title='bbox 241 2872 311 2900; x_wconf 69' lang='lat' dir='ltr'><strong>tuus,</strong></span> <span class='ocrx_word' id='word_1_745' title='bbox 325 2875 370 2904; x_wconf 73' lang='lat' dir='ltr'><strong>ego</strong></span> <span class='ocrx_word' id='word_1_746' title='bbox 390 2876 477 2895; x_wconf 68' lang='lat' dir='ltr'><strong>san-us</strong></span> <span class='ocrx_word' id='word_1_747' title='bbox 490 2873 549 2894; x_wconf 82' lang='lat' dir='ltr'><strong>tuus</strong></span> <span class='ocrx_word' id='word_1_748' title='bbox 565 2863 589 2894; x_wconf 77' lang='grc' dir='ltr'><em>ἒί</em></span> <span class='ocrx_word' id='word_1_749' title='bbox 608 2869 680 2902; x_wconf 74' lang='lat' dir='ltr'><strong>ﬁlius</strong></span> <span class='ocrx_word' id='word_1_750' title='bbox 696 2871 799 2897; x_wconf 78' lang='lat' dir='ltr'><strong>ancilla:</strong></span> <span class='ocrx_word' id='word_1_751' title='bbox 815 2876 876 2900; x_wconf 69' lang='lat' dir='ltr'><strong>tum.</strong></span> <span class='ocrx_word' id='word_1_752' title='bbox 891 2871 1022 2906; x_wconf 71' lang='lat' dir='ltr'><strong>Dirupisti</strong></span> 
     </span>
    </p>
   </div>
   <div class='ocr_carea' id='block_1_106' title="bbox 1081 2275 1862 2314">
    <p class='ocr_par' dir='ltr' id='par_1_106' title="bbox 1081 2275 1862 2314">
     <span class='ocr_line' id='line_1_106' title="bbox 1081 2275 1862 2314; baseline 0.005 -13"><span class='ocrx_word' id='word_1_753' title='bbox 1081 2275 1128 2302; x_wconf 81' lang='grc' dir='ltr'><strong>καὶ</strong></span> <span class='ocrx_word' id='word_1_754' title='bbox 1138 2276 1297 2310; x_wconf 74' lang='grc' dir='ltr'>ἐπισφαλεῖς</span> <span class='ocrx_word' id='word_1_755' title='bbox 1311 2277 1340 2303; x_wconf 80' lang='grc' dir='ltr'>αἱ</span> <span class='ocrx_word' id='word_1_756' title='bbox 1353 2277 1468 2304; x_wconf 80' lang='grc' dir='ltr'>ἐπίνοιαι</span> <span class='ocrx_word' id='word_1_757' title='bbox 1481 2277 1570 2312; x_wconf 84' lang='grc' dir='ltr'><strong>ἡμῶν.</strong></span> <span class='ocrx_word' id='word_1_758' title='bbox 1583 2278 1704 2313; x_wconf 81' lang='grc' dir='ltr'>Φθαρτὸν</span> <span class='ocrx_word' id='word_1_759' title='bbox 1720 2279 1775 2314; x_wconf 81' lang='grc' dir='ltr'>γὰρ</span> <span class='ocrx_word' id='word_1_760' title='bbox 1785 2278 1862 2313; x_wconf 77' lang='grc' dir='ltr'>σῶμα</span> 
     </span>
    </p>
   </div>
   <div class='ocr_carea' id='block_1_107' title="bbox 1081 2321 1861 2360">
    <p class='ocr_par' dir='ltr' id='par_1_107' title="bbox 1081 2321 1861 2360">
     <span class='ocr_line' id='line_1_107' title="bbox 1081 2321 1861 2360; baseline 0.004 -12"><span class='ocrx_word' id='word_1_761' title='bbox 1081 2321 1191 2358; x_wconf 83' lang='grc' dir='ltr'>βαρύνει</span> <span class='ocrx_word' id='word_1_762' title='bbox 1211 2322 1310 2358; x_wconf 78' lang='grc' dir='ltr'>ψυχὴν,</span> <span class='ocrx_word' id='word_1_763' title='bbox 1330 2323 1376 2350; x_wconf 76' lang='grc' dir='ltr'><strong>καὶ</strong></span> <span class='ocrx_word' id='word_1_764' title='bbox 1397 2322 1484 2359; x_wconf 89' lang='grc' dir='ltr'>βρίθει</span> <span class='ocrx_word' id='word_1_765' title='bbox 1506 2323 1537 2350; x_wconf 83' lang='grc' dir='ltr'>τὸ</span> <span class='ocrx_word' id='word_1_766' title='bbox 1556 2323 1658 2358; x_wconf 86' lang='grc' dir='ltr'>γεῶδες</span> <span class='ocrx_word' id='word_1_767' title='bbox 1681 2325 1779 2360; x_wconf 80' lang='grc' dir='ltr'>σκῆνος</span> <span class='ocrx_word' id='word_1_768' title='bbox 1802 2324 1861 2351; x_wconf 82' lang='grc' dir='ltr'>νοῦν</span> 
     </span>
    </p>
   </div>
   <div class='ocr_carea' id='block_1_108' title="bbox 1080 2368 1860 2406">
    <p class='ocr_par' dir='ltr' id='par_1_108' title="bbox 1080 2368 1860 2406">
     <span class='ocr_line' id='line_1_108' title="bbox 1080 2368 1860 2406; baseline 0.005 -12"><span class='ocrx_word' id='word_1_769' title='bbox 1080 2368 1274 2404; x_wconf 80' lang='grc' dir='ltr'>πολυφρόντιδα</span> <span class='ocrx_word' id='word_1_770' title='bbox 1292 2377 1299 2384; x_wconf 91' lang='grc'>·</span> <span class='ocrx_word' id='word_1_771' title='bbox 1316 2369 1363 2396; x_wconf 78' lang='grc' dir='ltr'><strong>καὶ</strong></span> <span class='ocrx_word' id='word_1_772' title='bbox 1380 2369 1455 2404; x_wconf 85' lang='grc' dir='ltr'>μόλις</span> <span class='ocrx_word' id='word_1_773' title='bbox 1468 2369 1612 2406; x_wconf 75' lang='grc' dir='ltr'>είκάζομεν</span> <span class='ocrx_word' id='word_1_774' title='bbox 1627 2369 1662 2397; x_wconf 81' lang='grc' dir='ltr'>τὰ</span> <span class='ocrx_word' id='word_1_775' title='bbox 1675 2371 1720 2397; x_wconf 81' lang='grc' dir='ltr'><strong>ἐπὶ</strong></span> <span class='ocrx_word' id='word_1_776' title='bbox 1735 2370 1785 2405; x_wconf 84' lang='grc' dir='ltr'><strong>τῆς</strong></span> <span class='ocrx_word' id='word_1_777' title='bbox 1800 2372 1860 2406; x_wconf 81' lang='grc' dir='ltr'>γῆς,</span> 
     </span>
    </p>
   </div>
   <div class='ocr_carea' id='block_1_109' title="bbox 1079 2415 1861 2451">
    <p class='ocr_par' dir='ltr' id='par_1_109' title="bbox 1079 2415 1861 2451">
     <span class='ocr_line' id='line_1_109' title="bbox 1079 2415 1861 2451; baseline 0.003 -11"><span class='ocrx_word' id='word_1_778' title='bbox 1079 2415 1125 2440; x_wconf 77' lang='grc' dir='ltr'><strong>καὶ</strong></span> <span class='ocrx_word' id='word_1_779' title='bbox 1145 2415 1178 2441; x_wconf 83' lang='grc' dir='ltr'>τὰ</span> <span class='ocrx_word' id='word_1_780' title='bbox 1194 2415 1222 2441; x_wconf 83' lang='grc' dir='ltr'><strong>ἐν</strong></span> <span class='ocrx_word' id='word_1_781' title='bbox 1240 2415 1334 2451; x_wconf 71' lang='grc' dir='ltr'>χερσὶν</span> <span class='ocrx_word' id='word_1_782' title='bbox 1352 2415 1514 2451; x_wconf 83' lang='grc' dir='ltr'>εὑρίσκομεν</span> <span class='ocrx_word' id='word_1_783' title='bbox 1540 2416 1609 2451; x_wconf 84' lang='grc' dir='ltr'>μετὰ</span> <span class='ocrx_word' id='word_1_784' title='bbox 1630 2416 1722 2443; x_wconf 80' lang='grc' dir='ltr'>πόνου.</span> <span class='ocrx_word' id='word_1_785' title='bbox 1737 2417 1778 2444; x_wconf 83' lang='grc' dir='ltr'><strong>Τὰ</strong></span> <span class='ocrx_word' id='word_1_786' title='bbox 1795 2417 1818 2443; x_wconf 75' lang='grc' dir='ltr'><strong>δ’</strong></span> <span class='ocrx_word' id='word_1_787' title='bbox 1834 2418 1861 2443; x_wconf 85' lang='grc' dir='ltr'><strong>ἐν</strong></span> 
     </span>
    </p>
   </div>
   <div class='ocr_carea' id='block_1_110' title="bbox 1077 2459 1860 2497">
    <p class='ocr_par' dir='ltr' id='par_1_110' title="bbox 1077 2459 1860 2497">
     <span class='ocr_line' id='line_1_110' title="bbox 1077 2459 1860 2497; baseline 0.004 -12"><span class='ocrx_word' id='word_1_788' title='bbox 1077 2459 1200 2494; x_wconf 77' lang='grc' dir='ltr'>οὐρανοῖς</span> <span class='ocrx_word' id='word_1_789' title='bbox 1210 2459 1249 2491; x_wconf 87' lang='grc' dir='ltr'><strong>τίς</strong></span> <span class='ocrx_word' id='word_1_790' title='bbox 1263 2460 1427 2495; x_wconf 77' lang='grc' dir='ltr'>ἐξιχνίασεν;</span> <span class='ocrx_word' id='word_1_791' title='bbox 1442 2461 1534 2496; x_wconf 86' lang='grc' dir='ltr'>Ὂμως</span> <span class='ocrx_word' id='word_1_792' title='bbox 1545 2460 1598 2495; x_wconf 86' lang='grc' dir='ltr'>ἐγὼ</span> <span class='ocrx_word' id='word_1_793' title='bbox 1605 2461 1652 2496; x_wconf 77' lang='grc' dir='ltr'>οὐχ</span> <span class='ocrx_word' id='word_1_794' title='bbox 1667 2461 1705 2493; x_wconf 87' lang='grc' dir='ltr'>ὼς</span> <span class='ocrx_word' id='word_1_795' title='bbox 1720 2461 1860 2497; x_wconf 82' lang='grc' dir='ltr'>ἄνθρωπος</span> 
     </span>
    </p>
   </div>
   <div class='ocr_carea' id='block_1_111' title="bbox 1078 2503 1859 2542">
    <p class='ocr_par' dir='ltr' id='par_1_111' title="bbox 1078 2503 1859 2542">
     <span class='ocr_line' id='line_1_111' title="bbox 1078 2503 1859 2542; baseline 0.004 -12"><span class='ocrx_word' id='word_1_796' title='bbox 1078 2503 1195 2539; x_wconf 75' lang='grc' dir='ltr'>ἐλάλησα</span> <span class='ocrx_word' id='word_1_797' title='bbox 1210 2513 1217 2519; x_wconf 90' lang='grc'><strong>·</strong></span> <span class='ocrx_word' id='word_1_798' title='bbox 1232 2504 1249 2540; x_wconf 73' lang='grc' dir='ltr'>ἢ</span> <span class='ocrx_word' id='word_1_799' title='bbox 1266 2504 1320 2540; x_wconf 88' lang='grc' dir='ltr'><strong>γὰρ</strong></span> <span class='ocrx_word' id='word_1_800' title='bbox 1337 2505 1370 2531; x_wconf 83' lang='grc' dir='ltr'><strong>ἂν</strong></span> <span class='ocrx_word' id='word_1_801' title='bbox 1384 2506 1431 2532; x_wconf 80' lang='grc' dir='ltr'><strong>καὶ</strong></span> <span class='ocrx_word' id='word_1_802' title='bbox 1445 2505 1602 2542; x_wconf 82' lang='grc' dir='ltr'>ἐψευσάμην</span> <span class='ocrx_word' id='word_1_803' title='bbox 1617 2514 1624 2521; x_wconf 89' lang='grc'>·</span> <span class='ocrx_word' id='word_1_804' title='bbox 1642 2506 1699 2533; x_wconf 80' lang='grc' dir='ltr'>ἀλλ’</span> <span class='ocrx_word' id='word_1_805' title='bbox 1715 2507 1859 2534; x_wconf 74' lang='grc' dir='ltr'>ἐπίστευσα</span> 
     </span>
    </p>
   </div>
   <div class='ocr_carea' id='block_1_112' title="bbox 1077 2550 1858 2587">
    <p class='ocr_par' dir='ltr' id='par_1_112' title="bbox 1077 2550 1858 2587">
     <span class='ocr_line' id='line_1_112' title="bbox 1077 2550 1858 2587; baseline 0.005 -11"><span class='ocrx_word' id='word_1_806' title='bbox 1077 2551 1132 2582; x_wconf 84' lang='grc' dir='ltr'>τοῖς</span> <span class='ocrx_word' id='word_1_807' title='bbox 1156 2550 1202 2577; x_wconf 79' lang='grc' dir='ltr'>τοῦ</span> <span class='ocrx_word' id='word_1_808' title='bbox 1227 2551 1294 2578; x_wconf 84' lang='grc' dir='ltr'>Θεοῦ</span> <span class='ocrx_word' id='word_1_809' title='bbox 1319 2550 1422 2586; x_wconf 45' lang='grc' dir='ltr'>λόγοιςι</span> <span class='ocrx_word' id='word_1_810' title='bbox 1447 2552 1494 2578; x_wconf 76' lang='grc' dir='ltr'>καὶ</span> <span class='ocrx_word' id='word_1_811' title='bbox 1522 2553 1583 2584; x_wconf 83' lang='grc' dir='ltr'>ταῖς</span> <span class='ocrx_word' id='word_1_812' title='bbox 1610 2552 1657 2579; x_wconf 81' lang='grc' dir='ltr'><strong>τοῦ</strong></span> <span class='ocrx_word' id='word_1_813' title='bbox 1681 2552 1748 2579; x_wconf 85' lang='grc' dir='ltr'>Θεοῦ</span> <span class='ocrx_word' id='word_1_814' title='bbox 1774 2553 1858 2587; x_wconf 78' lang='grc' dir='ltr'>ἐπαγ-</span> 
     </span>
    </p>
   </div>
   <div class='ocr_carea' id='block_1_113' title="bbox 1076 2596 1191 2630">
    <p class='ocr_par' dir='ltr' id='par_1_113' title="bbox 1076 2596 1191 2630">
     <span class='ocr_line' id='line_1_113' title="bbox 1076 2596 1191 2630; baseline 0.017 -9"><span class='ocrx_word' id='word_1_815' title='bbox 1076 2596 1191 2630; x_wconf 88' lang='grc' dir='ltr'>γελίαις.</span> 
     </span>
    </p>
   </div>
   <div class='ocr_carea' id='block_1_114' title="bbox 1114 2641 1857 2679">
    <p class='ocr_par' dir='ltr' id='par_1_114' title="bbox 1114 2641 1857 2679">
     <span class='ocr_line' id='line_1_114' title="bbox 1114 2641 1857 2679; baseline 0.003 -11"><span class='ocrx_word' id='word_1_816' title='bbox 1114 2641 1145 2668; x_wconf 89' lang='grc' dir='ltr'><strong>Τί</strong></span> <span class='ocrx_word' id='word_1_817' title='bbox 1156 2641 1355 2669; x_wconf 76' lang='grc' dir='ltr'>ἀνταποδώσω</span> <span class='ocrx_word' id='word_1_818' title='bbox 1370 2643 1409 2676; x_wconf 83' lang='grc' dir='ltr'><strong>τῷ</strong></span> <span class='ocrx_word' id='word_1_819' title='bbox 1421 2644 1517 2678; x_wconf 57' lang='grc' dir='ltr'>Κυρίῳ</span> <span class='ocrx_word' id='word_1_820' title='bbox 1524 2644 1589 2679; x_wconf 76' lang='grc' dir='ltr'>περὶ</span> <span class='ocrx_word' id='word_1_821' title='bbox 1605 2644 1726 2671; x_wconf 73' lang='grc' dir='ltr'>πάντων</span> <span class='ocrx_word' id='word_1_822' title='bbox 1735 2641 1780 2672; x_wconf 76' lang='grc' dir='ltr'><strong>ὧν</strong></span> <span class='ocrx_word' id='word_1_823' title='bbox 1790 2645 1857 2672; x_wconf 82' lang='grc' dir='ltr'>ἀντ-</span> 
     </span>
    </p>
   </div>
   <div class='ocr_carea' id='block_1_115' title="bbox 1075 2687 1854 2725">
    <p class='ocr_par' dir='ltr' id='par_1_115' title="bbox 1075 2687 1854 2725">
     <span class='ocr_line' id='line_1_115' title="bbox 1075 2687 1854 2725; baseline 0.005 -11"><span class='ocrx_word' id='word_1_824' title='bbox 1075 2687 1208 2715; x_wconf 74' lang='grc' dir='ltr'><strong>ηπέδωκέ</strong></span> <span class='ocrx_word' id='word_1_825' title='bbox 1212 2697 1260 2723; x_wconf 80' lang='grc' dir='ltr'>μοι</span> <span class='ocrx_word' id='word_1_826' title='bbox 1268 2697 1276 2721; x_wconf 82' lang='grc'><em>;</em></span> <span class='ocrx_word' id='word_1_827' title='bbox 1287 2689 1431 2723; x_wconf 82' lang='grc' dir='ltr'>Ποτήριον</span> <span class='ocrx_word' id='word_1_828' title='bbox 1440 2690 1492 2717; x_wconf 81' lang='grc' dir='ltr'><strong>τοῦ</strong></span> <span class='ocrx_word' id='word_1_829' title='bbox 1498 2692 1647 2725; x_wconf 80' lang='grc' dir='ltr'>σωτηρίου</span> <span class='ocrx_word' id='word_1_830' title='bbox 1655 2691 1799 2725; x_wconf 70' lang='grc' dir='ltr'>λήψομαι,</span> <span class='ocrx_word' id='word_1_831' title='bbox 1808 2691 1854 2718; x_wconf 71' lang='grc' dir='ltr'><strong>καὶ</strong></span> 
     </span>
    </p>
   </div>
   <div class='ocr_carea' id='block_1_116' title="bbox 1075 2734 1855 2772">
    <p class='ocr_par' dir='ltr' id='par_1_116' title="bbox 1075 2734 1855 2772">
     <span class='ocr_line' id='line_1_116' title="bbox 1075 2734 1855 2772; baseline 0.006 -12"><span class='ocrx_word' id='word_1_832' title='bbox 1075 2735 1107 2761; x_wconf 80' lang='grc' dir='ltr'><strong>τὸ</strong></span> <span class='ocrx_word' id='word_1_833' title='bbox 1123 2734 1215 2769; x_wconf 81' lang='grc' dir='ltr'>ὄνομα</span> <span class='ocrx_word' id='word_1_834' title='bbox 1232 2736 1342 2770; x_wconf 85' lang='grc' dir='ltr'>Κυρίου</span> <span class='ocrx_word' id='word_1_835' title='bbox 1362 2736 1585 2771; x_wconf 74' lang='grc' dir='ltr'>ἑπικαλέσομαι.</span> <span class='ocrx_word' id='word_1_836' title='bbox 1615 2737 1670 2770; x_wconf 84' lang='grc' dir='ltr'><strong>Τὰς</strong></span> <span class='ocrx_word' id='word_1_837' title='bbox 1693 2736 1787 2772; x_wconf 81' lang='grc' dir='ltr'>εὐχάς</span> <span class='ocrx_word' id='word_1_838' title='bbox 1798 2745 1855 2772; x_wconf 82' lang='grc' dir='ltr'><strong>μου</strong></span> 
     </span>
    </p>
   </div>
   <div class='ocr_carea' id='block_1_117' title="bbox 1075 2779 1854 2816">
    <p class='ocr_par' dir='ltr' id='par_1_117' title="bbox 1075 2779 1854 2816">
     <span class='ocr_line' id='line_1_117' title="bbox 1075 2779 1854 2816; baseline 0.005 -10"><span class='ocrx_word' id='word_1_839' title='bbox 1075 2779 1114 2812; x_wconf 87' lang='grc' dir='ltr'><strong>τῷ</strong></span> <span class='ocrx_word' id='word_1_840' title='bbox 1127 2781 1224 2814; x_wconf 85' lang='grc' dir='ltr'>Κυρίῳ</span> <span class='ocrx_word' id='word_1_841' title='bbox 1248 2781 1393 2809; x_wconf 79' lang='grc' dir='ltr'>ἀποδώσω</span> <span class='ocrx_word' id='word_1_842' title='bbox 1416 2783 1554 2809; x_wconf 77' lang='grc' dir='ltr'>ἐναντίον</span> <span class='ocrx_word' id='word_1_843' title='bbox 1578 2783 1690 2816; x_wconf 82' lang='grc' dir='ltr'>παντὸς</span> <span class='ocrx_word' id='word_1_844' title='bbox 1706 2783 1759 2809; x_wconf 83' lang='grc' dir='ltr'><strong>τοῦ</strong></span> <span class='ocrx_word' id='word_1_845' title='bbox 1780 2782 1854 2810; x_wconf 70' lang='grc' dir='ltr'>λαοῦ</span> 
     </span>
    </p>
   </div>
   <div class='ocr_carea' id='block_1_118' title="bbox 1073 2826 1854 2863">
    <p class='ocr_par' dir='ltr' id='par_1_118' title="bbox 1073 2826 1854 2863">
     <span class='ocr_line' id='line_1_118' title="bbox 1073 2826 1854 2863; baseline 0.004 -10"><span class='ocrx_word' id='word_1_846' title='bbox 1073 2826 1166 2853; x_wconf 83' lang='grc' dir='ltr'>αὑτοῦ</span> <span class='ocrx_word' id='word_1_847' title='bbox 1179 2834 1186 2842; x_wconf 80' lang='grc'><em>’</em></span> <span class='ocrx_word' id='word_1_848' title='bbox 1200 2827 1294 2862; x_wconf 79' lang='grc' dir='ltr'>τίμιος</span> <span class='ocrx_word' id='word_1_849' title='bbox 1311 2828 1449 2855; x_wconf 79' lang='grc' dir='ltr'>ἐναντίον</span> <span class='ocrx_word' id='word_1_850' title='bbox 1474 2830 1584 2863; x_wconf 67' lang='grc' dir='ltr'>Κίιρίου</span> <span class='ocrx_word' id='word_1_851' title='bbox 1609 2831 1625 2856; x_wconf 83' lang='grc' dir='ltr'><em>ό</em></span> <span class='ocrx_word' id='word_1_852' title='bbox 1648 2828 1773 2861; x_wconf 79' lang='grc' dir='ltr'>θάνατος</span> <span class='ocrx_word' id='word_1_853' title='bbox 1798 2828 1854 2856; x_wconf 75' lang='grc' dir='ltr'><strong>τῶν</strong></span> 
     </span>
    </p>
   </div>
   <div class='ocr_carea' id='block_1_119' title="bbox 1073 2872 1853 2911">
    <p class='ocr_par' dir='ltr' id='par_1_119' title="bbox 1073 2872 1853 2911">
     <span class='ocr_line' id='line_1_119' title="bbox 1073 2872 1853 2911; baseline 0.004 -12"><span class='ocrx_word' id='word_1_854' title='bbox 1073 2872 1163 2901; x_wconf 77' lang='grc' dir='ltr'>ὁσίων</span> <span class='ocrx_word' id='word_1_855' title='bbox 1180 2874 1282 2904; x_wconf 77' lang='grc' dir='ltr'>αὐτοῦ.</span> <span class='ocrx_word' id='word_1_856' title='bbox 1300 2872 1333 2902; x_wconf 85' lang='grc' dir='ltr'><strong><em>Ὦ</em></strong></span> <span class='ocrx_word' id='word_1_857' title='bbox 1353 2875 1450 2909; x_wconf 79' lang='grc' dir='ltr'>Κύριε,</span> <span class='ocrx_word' id='word_1_858' title='bbox 1474 2875 1530 2910; x_wconf 71' lang='grc' dir='ltr'>ἐγὼ</span> <span class='ocrx_word' id='word_1_859' title='bbox 1543 2878 1559 2904; x_wconf 82' lang='grc' dir='ltr'><em>ὁ</em></span> <span class='ocrx_word' id='word_1_860' title='bbox 1572 2876 1681 2908; x_wconf 75' lang='grc' dir='ltr'>δοῦλος</span> <span class='ocrx_word' id='word_1_861' title='bbox 1705 2877 1772 2909; x_wconf 77' lang='grc' dir='ltr'>σος,</span> <span class='ocrx_word' id='word_1_862' title='bbox 1797 2872 1853 2911; x_wconf 65' lang='grc' dir='ltr'><strong>ὲιὼ</strong></span> 
     </span>
    </p>
   </div>
  </div>
