2044 3212
271 242 338 270 1565

602 240 736 269 EUSEBII
756 240 995 269 CESARIENSIS
1007 240 1083 268 OPP.
1102 239 1191 267 PARS
1209 239 1254 268 lll.
1274 254 1307 259 -—
1325 237 1528 266 EXEGETICA.

1818 236 1831 262 ί
1836 237 1884 265 564

269 305 327 326 rem
346 298 553 330 exanilnaverit,
573 298 655 325 etiam
673 306 724 334 pro
744 298 861 326 adventu
888 298 990 326 Christi
1007 297 1040 324 Ju

1104 305 1146 328 τις
1161 296 1282 332 ἀκρισῶς
1299 295 1445 327 ἐξετάσειε,
1462 295 1509 322 καὶ
1525 294 1596 329 ὑπὲρ
1610 294 1659 329 τῆς
1675 293 1825 329 παρουσίας
1840 295 1884 321 αὑ-

269 346 343 372 dmos
362 344 389 371 in
417 343 511 378 primis
531 343 633 378 gratias
649 350 729 377 agere
743 342 831 370 decet.
866 341 932 368 Nam
948 341 1053 369 etiamsi

269 390 383 417 adversa
397 389 451 417 sint
466 388 598 424 perpessi,
615 392 643 415 at
657 397 710 415 non
725 389 758 416 ab
768 396 801 416 eo
812 389 863 424 "qui
879 389 906 415 in
924 387 1054 414 mundum

268 435 361 469 venit;
387 434 435 462 sed
451 434 549 468 ingrati
573 434 656 461 animi
674 441 768 468 pmnas
786 434 904 460 luerunt.
928 432 993 459 Nam
1009 432 1054 460 ille

268 480 378 518 quidem
397 480 431 507 ad
454 480 528 515 ipsos
545 479 743 514 peregrinatus,
761 479 915 514 frequenter
927 479 1051 505 dicebat:

268 526 331 553 Non
342 527 398 553 veni
413 525 464 552 msi
476 525 510 552 ad
522 534 578 552 oves
594 533 652 560 qua:
665 526 798 559 perierunt
811 525 903 551 domus
917 523 1004 551 Israel
1017 524 1026 539 ⁷
1045 534 1050 551 ;

267 572 341 608 quod
360 573 383 600 si
405 572 457 599 hoc
474 572 607 599 beneﬁcio
636 572 739 607 indigni
755 577 819 598 sunt
838 571 933 602 habiti.
951 570 977 598 id
995 571 1052 598 suis

266 618 460 654 iniquitatibus
482 621 508 645 et
537 618 643 653 ingrato
669 617 784 645 nimium
807 617 898 644 animo
926 624 975 645 suo
1001 617 1052 644 im-

287 668 375 692 utent.

287 672 375 692 utent.

268 672 286 699 Ρ
302 709 385 738 Vens.
402 709 476 738 545.
505 709 540 736 De
554 708 722 735 tribulatione
732 709 849 735 invocavi
867 708 1016 740 Dominum,
1028 714 1051 735 et

265 756 400 784 exaudivit
415 765 455 783 me
471 756 497 783 in
511 756 661 783 latitudine.
677 755 803 782 Dominus
817 755 881 781 nti/ti
896 755 1012 788 adiutor,
1027 760 1052 782 et

265 810 318 829 non
335 802 429 829 timebo
453 802 515 837 quid
537 802 619 837 faciat
645 802 709 828 mihi
727 802 815 829 homo.
842 801 970 829 Dominus
988 802 1052 828 mihi

265 848 384 883 adjutor,
396 853 421 875 et
435 856 480 883 ego
492 847 634 883 despiciant
649 848 769 874 inimicos
783 855 864 875 meos.
892 848 994 875 Battum
1012 853 1050 875 est

265 894 396 929 conﬁdere
423 895 450 921 in
472 894 596 926 Domino,
627 903 706 929 quant
728 894 859 929 conﬁdere
886 895 914 921 in
936 894 1048 921 homine.

264 940 368 967 Bonum
378 945 417 967 est
429 949 535 975 sperare
549 941 576 967 in
589 939 715 972 Domino,
727 948 806 975 quam
820 947 923 974 sperare
934 940 960 966 in
973 940 1046 973 prin-

1105 343 1154 379 τῆς
1171 343 1216 370 τοῦ
1227 342 1344 378 Χριστοῦ
1357 342 1472 377 μάλιστα
1485 342 1548 372 τοὺς
1566 341 1704 372 Ἰουδαίους
1719 342 1884 376 εὐχαριστεῖν

1103 388 1152 416 δεῖ.
1170 389 1201 415 Ei
1213 388 1266 424 γὰρ
1281 388 1327 415 καὶ
1342 387 1376 414 τὰ
1396 387 1505 415 ἐναντία
1524 387 1681 422 ὑπέμειναν,
1699 386 1754 413 ἀλλ’
1770 387 1800 413 οὐ
1813 387 1883 422 παρὰ

1101 434 1148 461 τὸν
1171 434 1402 471 παραγενόμενον,
1424 433 1492 460 ἀλλὰ
1508 433 1582 468 παρὰ
1602 432 1651 468 τὴν
1672 433 1774 459 οἰκείαν
1798 434 1882 467 ἀγνω-

1104 480 1231 516 μοσύνην.
1259 481 1345 512 Αὐτὸς
1373 480 1421 516 μὲν
1447 479 1500 514 γὰρ
1523 479 1590 515 πρὸς
1614 479 1710 510 αὐτοὺς
1730 479 1880 512 ἀφικνεῖτο,

1103 527 1149 553 καὶ
1163 526 1281 560 συνεχῶς
1304 526 1395 560 ἔλεγεν
1405 535 1411 540 ·
1426 527 1487 553 Οὐκ
1505 524 1600 561 ἦλθον
1619 525 1687 552 ἀλλ’
1700 526 1743 557 εὶς
1760 525 1796 551 τὰ
1813 526 1881 558 πρό-

1102 574 1175 600 ϐατα
1191 573 1226 600 τὰ
1245 573 1424 600 ἀπολωλότα
1439 573 1523 599 οἵκου
1545 572 1678 606 Ἰσραήλ·
1697 573 1720 598 εξ
1740 571 1768 598 δὲ
1782 572 1881 604 ἀνάξιοι
1917 598 1920 601 ⁴

1101 618 1150 654 τῆς
1164 617 1323 653 εὐεργεσίας
1336 618 1485 653 ἐφάνησαν,
1497 619 1556 650 ταῖς
1569 617 1671 644 ἑαυτῶν
1687 613 1881 660 λόγιζέσῳσαν

1102 664 1284 699 παρανομίαις
1298 665 1345 690 καὶ
1361 665 1393 699 τῇ
1410 664 1459 699 τῆς
1474 663 1669 699 ἀγνωμοσύνης
1685 663 1829 699 ὑπερϐολῇ.

1142 710 1188 736 Ἐκ
1210 710 1340 744 θλίψεως
1362 709 1593 744 ἐπεκαλεσάμην
1610 709 1664 736 τὸν
1685 710 1813 743 Κύριον,
1834 707 1881 736 και

1100 754 1254 787 ἐπήκουσέ
1271 764 1330 790 μου
1347 757 1391 789 εἰς
1404 757 1592 791 πλατυσμόν.
1607 757 1712 790 Κύριος
1728 756 1792 790 ἐμοὶ
1806 756 1880 790 ,ϐοη-

1101 801 1161 834 θὸς,
1179 801 1227 827 καὶ
1240 802 1275 827 οὐ
1288 801 1494 836 φοϐηθήσομαι
1516 802 1545 828 τί
1563 801 1681 834 ποιήσει
1703 811 1750 835 μοι
1771 801 1880 836 ἀνθρω-

1100 855 1165 880 πος.
1182 848 1290 881 Κύριος
1314 847 1379 881 ἐμοὶ
1392 847 1519 881 βοηθὸς,
1542 847 1621 882 κάγὼ
1647 848 1794 882 ἐπόψομαι
1813 848 1881 882 τοὺς

1099 893 1225 926 ἐχθρούς
1244 901 1313 927 μου.
1346 893 1470 928 Ἀγαθὸν
1492 893 1664 920 πεποιθέναι
1685 895 1734 920 ἐπὶ
1757 895 1879 928 Κύριον,

1099 938 1119 972 ἢ
1144 939 1314 965 πεποιθέναι
1338 938 1383 965 ἐπ’
1409 938 1581 973 ἄνθρωπον·
1609 939 1722 974 ἀγαθὸν
1753 939 1880 970 ἐλπίζειν

263 986 374 1020 cipibus.
393 985 488 1013 Omnes
500 991 587 1021 gentes
604 987 762 1012 circuierunt
775 994 826 1019 me,
839 991 863 1012 et
875 986 978 1012 nomine
991 985 1043 1012 Do-

1097 984 1146 1010 ἐπὶ
1162 985 1283 1018 Κύριον,
1303 984 1323 1018 ἡ
1340 984 1470 1015 ἐλπίζειν
1489 985 1536 1011 ἐπ’
1554 985 1692 1020 ἄρχουσι.
1723 985 1820 1012 Πάντα
1844 986 1880 1013 τὰ

262 1033 328 1059 mini
349 1033 421 1059 nllus
444 1041 500 1060 sum
518 1040 571 1060 eos.
599 1031 799 1059 Circumdantes
823 1032 1047 1058 circumdederunt

261 1087 312 1110 me,
325 1083 349 1106 et
369 1079 473 1106 nomine
497 1078 600 1105 Domini
614 1078 686 1105 ultus
709 1086 768 1105 sum
782 1086 836 1104 eos.
863 1077 1048 1104 Circumdede-

260 1130 323 1154 runt
337 1133 377 1152 me
393 1126 461 1152 sicut
477 1133 536 1160 apes
558 1125 657 1159 favum,
679 1129 703 1151 et
727 1129 881 1151 exarserunt
896 1125 962 1150 sicut
978 1124 1046 1158 ignis

260 1173 287 1199 in
302 1171 396 1205 spinis,
413 1176 437 1198 et
452 1171 556 1198 nomine
573 1170 680 1197 Domini
694 1172 765 1197 ultus
776 1178 833 1197 sum
844 1179 896 1197 eos.
913 1169 1046 1204 Impulsus

259 1225 363 1245 eversus
378 1225 436 1244 sum
450 1221 478 1243 ut
492 1216 623 1249 caderem,
647 1221 672 1243 et
700 1216 828 1243 Dominus
854 1216 966 1250 suscepit
994 1223 1043 1243 me.

260 1262 406 1290 Fortitudo
431 1271 488 1290 mea
512 1267 536 1289 et
552 1263 610 1290 laus
624 1271 681 1290 mea
700 1262 838 1294 Dominus,
861 1267 884 1289 et
902 1262 987 1294 {actus
1007 1266 1046 1288 est

259 1310 324 1337 mihi
332 1310 359 1336 in
374 1309 495 1337 salutem.
509 1309 565 1336 Vox
575 1309 762 1337 exsultationis
772 1313 796 1335 et
809 1309 904 1335 salutis
917 1309 944 1335 in
956 1308 1045 1336 taber-

258 1355 362 1382 naculis
377 1355 519 1390 iustorum.
533 1355 598 1382 Mihi
614 1363 680 1383 sane
691 1355 794 1390 profuit
809 1354 882 1390 quod
899 1355 1044 1389 impiorum

259 1402 340 1428 tinem
358 1401 424 1436 ipsis
438 1402 525 1429 oculis
543 1402 721 1437 perciperent.
737 1400 804 1428 Novi
820 1401 892 1428 enim
906 1408 953 1429 eos
964 1409 1044 1428 exar-

258 1448 330 1475 sisse
341 1448 408 1475 sicut
422 1448 489 1483 ignis
506 1449 534 1475 in
556 1448 648 1482 spinis,
669 1452 715 1475 aut
730 1447 880 1475 exstinctos
900 1455 961 1475 esse
977 1447 1044 1474 sicut

258 1494 327 1528 ignis
340 1494 368 1520 in
382 1495 482 1529 spinis;
502 1494 538 1521 ita
554 1500 583 1522 ut
597 1502 651 1521 non
662 1494 778 1521 ulterius
795 1494 947 1529 perturber.
964 1494 986 1521 si
1002 1494 1043 1520 vi-

258 1540 338 1567 deam
358 1540 456 1576 impios
486 1548 546 1568 sese
569 1540 705 1576 erigentes
733 1544 761 1567 et
785 1540 813 1567 in
841 1540 969 1575 populum
996 1540 1043 1567 Dei

258 1586 442 1622 insurgentes.
458 1586 562 1614 Etlidici
584 1587 685 1622 quippe
698 1587 810 1622 quinam
827 1587 900 1622 ipsos
917 1586 978 1614 finis
996 1594 1043 1614 ex-

258 1635 372 1665 spectet.

294 1760 375 1788 Vt-zns.
384 1761 472 1788 1648.
481 1762 595 1789 Dextera
605 1762 710 1789 Domini
722 1763 783 1798 fecit
794 1763 924 1795 virtutem.
934 1763 1042 1791 dextera

256 1807 364 1834 Domini
382 1809 509 1835 exultavit
525 1817 574 1841 me.
591 1809 700 1837 dextera
712 1809 819 1837 Domini
833 1811 893 1845 fecit
907 1812 1039 1838 uirtutem.

256 1852 320 1880 Non
343 1855 451 1887 moriar,
468 1855 513 1882 sed
533 1856 628 1889 vivam,
653 1861 677 1883 et
695 1857 810 1883 narrabo
827 1865 906 1892 opera
923 1857 1038 1885 Domini.

256 1897 396 1934 Castigans
410 1901 548 1935 castigavit
562 1909 602 1928 me
618 1901 757 1934 Dominus,
782 1907 807 1929 et
818 1903 899 1930 morti
913 1911 964 1930 non
985 1909 1040 1930 tra-

255 1944 323 1972 didit
344 1954 392 1972 me.
408 1946 484 1979 Quod
497 1948 701 1987 persecutiones
719 1956 772 1976 non
790 1949 900 1977 inutiles
912 1950 978 1981 sint,
993 1950 1039 1977 sed

255 1991 289 2017 nd
318 1991 464 2019 utilitatem
490 1997 517 2020 et
537 1993 724 2028 probationem
748 1999 907 2022 venatorum
932 1996 1038 2028 cedant,

254 2036 334 2064 docet
352 2037 395 2065 his
413 2039 502 2066 verbis
518 2039 676 2075 :Custigans
692 2041 831 2075 castigavit
846 2050 885 2068 me
899 2041 1038 2070 Dominus.

254 2081 323 2110 Novi
341 2083 413 2110 enim
433 2084 618 2112 inﬁrmitatem
634 2093 733 2118 meam,
747 2091 773 2113 et
787 2094 802 2113 a
817 2086 872 2114 Deo
888 2087 954 2115 mihi
971 2096 1040 2123 pra:-

253 2128 346 2156 stitam
366 2129 492 2156 virtutem
510 2138 564 2157 non
580 2131 711 2166 ignoravi.
744 2131 848 2159 Edidici
865 2141 930 2160 vero
944 2135 1038 2169 cujus-

253 2174 328 2202 modi
352 2174 388 2202 sit
414 2174 523 2203 dextera
551 2176 596 2203 illa
624 2176 742 2209 Domini,
765 2186 825 2213 qua:
849 2179 974 2208 inimicos
992 2180 1040 2209 de-

252 2221 363 2256 pressit.

288 2278 372 2307 VERS.
398 2279 489 2306 19-21.
513 2279 618 2314 Aperite
648 2279 712 2307 milii
743 2286 833 2315 portas
852 2282 976 2316 justititr,
997 2285 1039 2312 in-

251 2332 355 2358 gressus
371 2325 449 2352 ineas
458 2325 602 2360 conﬁtebor
613 2324 724 2352 Domino
734 2334 743 2352 :
763 2327 818 2353 Ιιιιέ
832 2332 908 2361 porta
918 2327 1035 2362 Domini,
1054 2320 1076 2347 D

245 2369 316 2403 justi
336 2370 471 2397 intrabunt
497 2371 524 2398 in
547 2379 615 2398 eam.
655 2370 804 2406 Conﬁtebor
832 2373 889 2406 tibi,
913 2375 1036 2409 quoniam

249 2415 383 2443 exaudisti
398 2425 448 2449 me,
463 2422 487 2443 et
502 2417 588 2451 factus
608 2425 634 2444 es
649 2418 713 2444 mihi
732 2418 760 2445 in
770 2419 892 2446 salutent.
905 2419 1037 2449 Cencrale

250 2463 333 2498 igitur
341 2464 462 2490 omnium
481 2464 612 2491 virtutum
633 2472 731 2492 nomen
749 2465 863 2500 iustitiae
873 2467 1030 2499 ascribitur,

250 2516 320 2544 quas
348 2509 375 2535 in
398 2510 488 2544 specie
508 2510 634 2539 dividens
659 2511 794 2546 quispiam
820 2513 882 2547 jure
913 2513 1033 2541 dixerit:

249 2555 357 2589 Aperite
370 2555 434 2582 mihi
450 2561 541 2590 portas
551 2557 676 2592 justiiiw,
689 2562 781 2593 portas
794 2559 857 2586 item
873 2560 1033 2594 prudentiae,

250 2604 278 2628 et
302 2600 470 2635 reliquarum
494 2602 644 2631 secundum
670 2602 753 2631 Deum
782 2605 930 2632 actionum.
958 2605 1034 2634 Post-

250 2654 331 2680 quam
351 2651 440 2673 autem
464 2651 558 2682 portas
585 2656 679 2677 omnes
706 2654 916 2686 praetergressus
938 2651 1033 2686 fuerit;

250 2693 359 2720 demum
375 2692 403 2719 in
423 2692 518 2720 intima
545 2698 715 2729 sanctorum,
729 2701 758 2723 ut
769 2697 903 2732 quispiam
923 2697 1033 2732 dixerit,

249 2739 421 2774 perveniens,
439 2746 495 2766 non
516 2739 626 2771 multas.
653 2741 700 2768 sed
715 2749 796 2769 unam
809 2742 910 2770 videbit
929 2749 1035 2778 portam

249 2784 337 2818 ipsius
348 2783 465 2816 Domini,
483 2792 532 2820 per
548 2792 630 2819 quam
649 2793 744 2814 omnes
755 2787 822 2822 justi
837 2788 1033 2823 ingredientur.

248 2828 353 2858 Diierit
367 2838 449 2866 porro
460 2831 609 2866 quispiam,
626 2831 697 2859 hanc
710 2833 831 2861 ultimam
848 2842 910 2862 esse
923 2838 949 2863 et
973 2843 1034 2870 pos-

249 2881 363 2905 tremam
385 2882 503 2914 portam,
524 2879 595 2906 ultra
613 2887 693 2916 quam
717 2882 844 2917 progredi
871 2891 925 2911 non
943 2884 1032 2913 liceat.

282 2955 292 2966 '
313 2955 407 2984 Matth.
426 2964 470 2991 xv,
488 2957 532 2984 24.

1097 1031 1169 1064 ἔθνη
1194 1029 1372 1057 ὲκύκλωσάν
1396 1040 1452 1066 με,
1479 1031 1528 1058 καὶ
1555 1031 1595 1064 τῷ
1623 1032 1744 1065 ὀνόματι
1772 1033 1879 1066 Κυρίου
1911 1065 1913 1067 _

1096 1076 1257 1110 ἠμυνάμην
1271 1077 1392 1109 αὐτούς.
1408 1077 1627 1110 Κυκλὼσαντες
1646 1077 1824 1104 ὲκύκλωσάν
1831 1086 1877 1112 με,

1096 1121 1197 1154 καὶτῷ
1213 1123 1335 1157 ὀνόματι
1349 1124 1458 1157 Κιιοίου
1479 1123 1640 1158 ἠμυνάμην
1657 1124 1776 1156 αὐτούς.
1801 1124 1880 1150 Ἐκύ-

1096 1167 1218 1194 κλωσάν
1228 1177 1266 1203 με
1281 1169 1352 1195 ὡσεὶ
1366 1169 1512 1203 μέλισσαι
1526 1170 1640 1203 κηρίον,
1658 1170 1707 1196 καὶ
1722 1169 1880 1203 ἐξεκαύθη-

1095 1220 1156 1239 σαν
1165 1213 1235 1240 ὡσεὶ
1246 1214 1305 1248 πῦρ
1316 1214 1350 1240 ἐν
1362 1213 1516 1247 ἀκάνθαις,
1528 1215 1576 1241 καὶ
1587 1215 1626 1248 τῷ
1640 1216 1761 1250 ὀνόματι
1771 1216 1879 1249 Κυρίου

1095 1259 1254 1295 ἠμυνάμην
1264 1263 1382 1295 αὐτούς.
1399 1263 1512 1296 Ὼσθεὶς
1522 1263 1692 1298 ἀνετράπην
1703 1263 1756 1290 τοῦ
1765 1262 1879 1296 πεσεῖν,

1095 1305 1144 1331 καὶ
1162 1307 1179 1332 ό
1203 1307 1310 1341 Κύριος
1333 1307 1514 1334 ἀντελάϐετό
1540 1317 1610 1343 μου.
1635 1309 1731 1343 Ἰσχύς
1752 1317 1812 1343 μου
1831 1307 1878 1335 καὶ

1094 1351 1224 1385 ὒμνησίς
1235 1361 1295 1386 μου
1311 1354 1327 1380 ὀ
1341 1354 1457 1386 Κύριος,
1471 1354 1519 1380 καὶ
1533 1354 1653 1389 ἐγένετό
1664 1363 1715 1389 μοι
1728 1355 1772 1387 είς
1783 1362 1880 1388 σωτη-

1090 1397 1171 1431 ρίαν.
1189 1398 1274 1432 Φωνὴ
1290 1399 1499 1434 ἀγαλλιάσεως
1520 1400 1569 1427 καὶ
1591 1401 1740 1434 σωτηρίας
1755 1401 1790 1427 ὲν
1805 1409 1879 1433 σκη-

1093 1442 1160 1474 ναῖς
1175 1441 1309 1470 δικαίων.
1337 1444 1487 1480 Ὠφελήθην
1503 1445 1532 1472 δὲ
1557 1445 1605 1472 καὶ⁵
1621 1445 1769 1481 ὀφθαλμοῖς
1789 1454 1877 1481 παρα-

1093 1487 1182 1515 λαϐὼν
1197 1489 1230 1517 τὰ
1244 1489 1307 1526 τέλη
1324 1490 1377 1518 τῶν
1394 1491 1508 1518 ἀσεϐῶν.
1524 1492 1628 1527 Ἐγνιον
1640 1492 1702 1529 γὰρ,
1713 1493 1753 1519 ὅτι
1767 1492 1874 1524 ἐξεκαύ-

1093 1535 1179 1571 θησαν
1196 1536 1236 1569 ὡς
1253 1537 1312 1571 πῦρ
1337 1537 1372 1564 ἐν
1388 1538 1532 1572 ἀκάνθαις
1543 1560 1551 1572 ,
1578 1539 1594 1574 ἢ
1612 1538 1815 1574 ὲπεσὸέσθησαν
1839 1539 1877 1572 ὠς

1093 1581 1152 1615 πῦρ
1169 1582 1203 1608 ἐν
1217 1583 1358 1609 ἀκανθῶν
1374 1583 1433 1618 (sic)
1448 1583 1485 1615 ὡς
1506 1584 1604 1620 μηκέτι
1622 1593 1655 1619 με
1677 1584 1857 1619 ταράττεσθαι
1868 1604 1874 1613 ,

1093 1626 1120 1652 εί
1133 1635 1197 1654 ποτε
1213 1628 1283 1664 ὀρῶν
1297 1628 1405 1660 ἀσεϐεῖς
1420 1629 1625 1665 ἐπαιρομένους.
1635 1631 1682 1657 καὶ
1695 1630 1734 1665 τῷ
1743 1630 1799 1664 λαῷ
1811 1630 1876 1656 Θεοῦ

1093 1671 1332 1707 ἐπανισταμένους.
1340 1673 1527 1708 Πεπαίδευμαι
1536 1673 1590 1709 γὰρ
1598 1675 1687 1700 ὁποῖον
1697 1674 1793 1705 αὐτοὺς
1805 1674 1877 1705 τέλος

1092 1718 1243 1753 περιμένει.

1126 1773 1213 1805 Δεξιὰ
1233 1775 1343 1808 Κυρίου
1356 1775 1480 1809 ἐποίησε
1497 1775 1624 1810 δύναμιν
1636 1796 1643 1809 ,
1670 1775 1754 1808 δεξιὰ
1768 1777 1876 1811 Κυρίου

1090 1819 1196 1854 ὕψωσέ
1214 1829 1269 1854 με,
1290 1821 1374 1853 δεξιὰ
1390 1822 1501 1855 Κυρίου
1516 1822 1640 1856 ἐποίησε
1660 1822 1797 1858 δύναμιν.
1817 1825 1876 1851 Οὐκ

1090 1866 1310 1900 ἀποθανοῦμαι,
1333 1867 1413 1894 ἀλλὰ
1429 1866 1563 1903 ζῆσομαι,
1579 1868 1627 1895 καὶ
1649 1868 1828 1904 διηγήσομαι
1842 1870 1875 1896 τὰ

1090 1911 1161 1946 ἔργα
1174 1913 1292 1946 Κυρίου.
1316 1913 1468 1940 Παιὸεύων
1486 1914 1648 1942 ἐπαίδευσέ
1670 1924 1706 1949 με
1727 1917 1743 1942 ὁ
1760 1917 1875 1949 Κύριος,

1089 1957 1129 1991 τῷ
1145 1957 1179 1984 δὲ
1195 1957 1310 1991 θανάτῳ
1326 1960 1362 1985 οὐ
1378 1959 1530 1993 παρέδωκέ
1543 1969 1591 1995 με.
1608 1961 1668 1987 Ὀτι
1686 1961 1722 1996 μὴ
1740 1961 1779 1993 εἰς
1792 1961 1873 1997 ἄχρη-

1091 2011 1152 2030 στον
1169 2004 1193 2030 οἱ
1210 2003 1335 2040 διωγμοὶ,
1361 2004 1418 2031 ἀλλ’
1437 2006 1480 2032 ἐπ’
1508 2005 1626 2042 ὠφελείᾳ
1641 2007 1687 2033 καὶ
1711 2007 1808 2042 δοκιμῇ
1823 2006 1875 2034 τῶν

1089 2050 1315 2086 πεπειρασμένων
1327 2050 1464 2085 γεγόνασι,
1477 2051 1595 2078 διδάσκει
1610 2052 1695 2086 λέγων
1707 2061 1712 2066 ·
1725 2052 1876 2080 Παιδεύων

1088 2095 1249 2122 ἐπαίδευσέ
1261 2105 1299 2130 με
1321 2098 1338 2123 ὀ
1356 2097 1474 2131 Κύριος.
1497 2097 1605 2131 Ἔγνων
1621 2098 1674 2134 γὰρ
1690 2099 1739 2133 τὴν
1756 2098 1873 2134 ἐμαυτοῦ

1089 2140 1240 2174 ἀσθένειαν,
1248 2142 1297 2168 καῖ
1303 2142 1350 2177 τὴν
1358 2143 1390 2168 ἐκ
1398 2142 1464 2169 Θεοῦ
1476 2151 1520 2178 μοι
1531 2144 1748 2179 παραπχεῡεῖςαν
1760 2144 1872 2180 δύναμιν

1089 2186 1138 2213 οὐκ
1159 2186 1290 2223 ἠγνόησα.
1310 2188 1487 2224 Ἐπαιδεύθην
1503 2189 1531 2215 δὲ
1552 2190 1630 2216 ὁποία
1647 2199 1688 2222 τις
1709 2188 1744 2227 ἦν
1771 2191 1788 2226 ἡ
1804 2191 1874 2223 δεξιὰ

1087 2231 1134 2259 τοῦ
1150 2233 1263 2268 Κυρίου,
1280 2234 1296 2269 ἢ
1312 2234 1374 2266 τοὺς
1388 2235 1533 2270 πολεμίους
1547 2236 1749 2264 ταπεινώσασα.

1131 2289 1276 2322 Ἆνοίξατέ
1299 2299 1350 2325 μοι
1377 2291 1476 2324 πύλας
1498 2291 1713 2327 δικαιοσύνης,
1731 2294 1874 2321 εἰσελθὼν

1088 2336 1122 2363 ἐν
1148 2336 1252 2370 αὐταῖς
1276 2337 1536 2373 ὲξομολογήσομαι
1562 2338 1602 2370 τῷ
1620 2339 1733 2373 Κυρίῳ·
1758 2340 1832 2374 αὕτη
1853 2341 1872 2374 ἠ

1089 2383 1170 2416 πύλη
1184 2382 1236 2409 τοῦ
1248 2384 1368 2417 Κυρίου,
1378 2383 1485 2410 δίκαιοι
1499 2385 1724 2412 εἰσελεύσονται
1738 2386 1774 2412 ἐν
1787 2385 1871 2420 αὐτῇ.

1096 2427 1368 2464 Ἐξομολογήσομαί
1393 2437 1452 2461 σοι,
1473 2429 1518 2455 ὅτι
1537 2429 1712 2464 ἑπήκουσάς
1732 2440 1809 2465 μου,
1825 2431 1872 2458 καὶ

1088 2473 1192 2508 ἐγένου
1199 2482 1250 2508 μοι
1266 2475 1310 2507 εἰς
1322 2475 1482 2509 σωτηρίαν.
1497 2475 1532 2501 Τὸ
1547 2476 1594 2510 μὲν
1609 2474 1655 2502 οὖν
1668 2477 1776 2510 γενικὺν
1790 2477 1872 2512 ὄνομα

1088 2519 1183 2547 πασῶν
1213 2519 1267 2546 τῶν
1293 2520 1398 2556 ἀρετῶν
1424 2522 1457 2556 τῇ
1484 2521 1639 2557 δικαιοσύνῃ
1671 2524 1868 2559 προγράφεται·

1088 2567 1148 2593 κατ’
1165 2563 1233 2598 εῖδος
1252 2566 1280 2594 δὲ
1292 2566 1384 2594 λοιπὸν
1398 2567 1509 2603 διαιρῶν
1525 2577 1576 2600 τις,
1593 2569 1665 2595 εἴποι
1683 2569 1821 2603 ἀναλόγως
1833 2569 1870 2599 τὶ,

1094 2612 1241 2644 Ἆνοίξατέ
1252 2622 1303 2647 μοι
1316 2614 1414 2647 πύλας
1426 2614 1632 2649 δικαιοσύνης,
1647 2617 1695 2642 καὶ
1709 2616 1796 2648 πύλας
1810 2625 1871 2652 φρο-

1087 2657 1208 2692 νήσεως,
1224 2658 1271 2684 καὶ
1287 2658 1340 2686 τῶν
1365 2658 1466 2686 λοιπῶν
1484 2660 1538 2686 τῶν
1552 2660 1624 2688 κατὰ
1647 2661 1713 2688 Θεὸν
1736 2662 1869 2698 πράξεων.

1093 2703 1216 2730 Ἐπειδὰν
1237 2703 1281 2730 διὰ
1310 2705 1404 2731 πασῶν
1431 2705 1554 2742 παρέλθῃ
1579 2707 1634 2734 τῶν
1657 2707 1764 2739 πυλῶν,
1781 2707 1871 2734 λοιπὸν

1085 2748 1131 2774 ἐπὶ
1146 2748 1176 2775 τὸ
1190 2749 1264 2781 τέλος
1287 2750 1352 2782 τῶν,
1368 2751 1406 2783 ὡς
1427 2751 1459 2779 ἂν
1475 2752 1547 2780 εἴποι
1570 2762 1621 2786 τις,
1638 2754 1771 2780 ἐνδοτάτω
1787 2754 1869 2787 ἁγίων

1086 2794 1180 2827 ἐλθὼν,
1197 2795 1289 2822 οὐκέτι
1306 2797 1416 2830 πολλὰς,
1435 2797 1508 2824 me:
1521 2800 1585 2834 μίαν
1601 2800 1693 2835 ὄψεται
1717 2800 1804 2835 ττὺλην
1823 2799 1869 2834 τὴν

1085 2839 1167 2867 αὐτοῦ
1186 2841 1233 2868 τοῦ
1249 2843 1355 2878 Κυρίου
1368 2862 1376 2875 ,
1393 2842 1427 2869 δι’
1448 2841 1482 2879 ἧς
1511 2844 1610 2876 πάντες
1635 2844 1829 2872 εῑπελεύσὸνται
1844 2845 1868 2871 οἱ

1086 2887 1193 2914 δίκαιοι.
1216 2888 1295 2916 Εἴποι
1320 2889 1341 2915 δ’
1359 2889 1391 2916 ἄν
1422 2897 1462 2922 τις
1485 2889 1586 2925 ταύτην
1611 2890 1658 2926 τὴν
1681 2891 1799 2927 ὑστάτην
1823 2891 1868 2917 καὶ
