2044 3212
196 195 265 226 i363

743 195 994 225 COMMENTARIA
1010 195 1044 224 IN
1063 195 1230 224 PSALMOS.

1451 161 1596 215 υνυς
1743 193 1812 222 nos

196 257 363 288 τελευταίαν,
379 254 413 293 ἧς
436 256 564 284 ὲπέκεινα
579 255 669 283 οὐκέτι
682 253 737 284 οἷὸν
758 265 788 283 τε
808 255 876 285 εἶναι
895 265 980 293 προσ-

1036 256 1170 284 Postrema
1189 260 1279 284 autem
1298 255 1407 284 Domini
1425 259 1503 291 porta
1521 256 1602 283 fuerit
1621 254 1814 290 contemplatio

196 302 293 330 ελθεῖν.
311 302 428 337 ’Υστάτη
444 302 474 329 δὲ
499 301 569 338 πύλη
591 300 637 328 τοῦ
663 301 765 337 Κυρίου
781 302 798 337 ὴ
823 301 924 338 θεωρία
946 302 978 328 ἂν

196 349 238 384 εἴη
250 347 343 380 αὑτοῦ,
354 348 424 375 κατὰ
438 347 478 379 τὸ,
487 348 632 382 Μακάριοι
643 348 669 374 οἱ
680 347 801 374 καθαροὶ
813 347 851 382 τῇ
862 348 978 383 καρδίᾳ,

196 394 240 422 ὅτι
258 394 342 421 αὐτοὶ
361 393 413 421 τὸν
431 394 504 420 Θεὸν
518 393 653 428 ὄψονται.

232 440 324 467 Λίθον
349 439 385 466 ὃν
414 439 640 474 ἀπεδοκίμασαν
670 440 697 466 οι
735 439 978 475 οἰκοδομοῦντες·

196 484 285 519 οὗτος
295 486 422 522 ἐγενήθη
437 487 480 518 εἰς
492 484 630 520 κεφαλὴν
643 485 760 521 γωνίας.
775 486 858 520 Παρὰ
870 486 980 520 Κυρίου

196 533 314 568 ἐγένετο
330 533 416 567 αὕτη,
434 531 483 559 καὶ
497 532 563 560 ἐστι
588 531 744 566 θαυμαστὴ
764 531 799 559 ἐν
817 532 981 567 ὀφθαλμοῖς

196 578 291 614 ἡμῶν.
319 578 397 612 Αὕτη
422 579 442 612 ἡ
467 577 564 612 ἡμέρα
584 577 623 611 ἣν
643 577 789 611 ἐποίησεν
814 578 830 604 ὁ
854 577 979 611 Κύριος,

196 624 445 660 ἁγααιιιασώμεθα
470 623 519 651 καὶ
541 622 753 658 εὐφρανθῶμεν
771 623 805 649 ἐν
828 622 916 657 αὐτῇ.
944 620 981 650 Ὦ

197 672 294 706 Κύριε,
309 670 412 698 σῶσον
426 669 476 703 δὴ,
496 667 519 697 ὦ
532 670 634 703 Κύριε,
649 668 801 695 εὑόδωσον
816 668 865 703 δή.
885 669 981 695 Εὐλο-

196 718 325 753 γημένος
341 718 357 744 ὁ
372 717 533 751 ἐρχόμενος
551 716 585 743 ὲν
597 716 719 750 ὀνόματι
733 715 854 749 Κυρίου.
873 714 982 750 Ἐπειδὴ

196 762 249 791 εἶδε
276 764 325 799 τῆς
351 762 512 798 οἰκουμένης
527 761 577 798 τὴν
601 761 759 797 εὐεργεσίαν
784 761 830 788 καὶ
855 761 905 796 τὴν
929 760 983 788 τῶν

197 809 368 845 πραγμάτων
383 808 549 844 μετασολὴν,
573 808 621 834 καὶ
641 808 708 843 πρὸς
727 808 757 835 τὸ
781 807 883 843 βέλτιον
899 807 982 843 μετά-

198 863 301 887 στασιν,
313 855 468 890 συγχαίρων
483 855 539 886 τοῖς
553 854 717 881 ἀπολαύουσί
730 863 811 890 φησιν
822 863 828 869 ·
838 853 872 881 Ὦ
885 855 982 888 Κύριε,

197 900 301 929 σῶσον
313 900 367 934 61}-
381 899 405 928 ὦ
422 901 519 935 Κύριε,
534 900 688 928 εὐόὸωσον
699 900 747 934 δή.
770 900 908 933 Τουτέστι,
927 901 984 927 διά-

197 956 284 975 σωσον
303 947 365 979 τοὺς
387 946 590 979 ἀπολαύοντας,
612 947 682 973 ὥστε
704 947 910 983 ἐμπλησθῆναι,
938 947 983 974 xui.

197 994 319 1030 καρποὺς
343 993 434 1027 ἀξίους
456 992 637 1027 διαδείξασοαι
663 993 712 1028 τῆς
733 993 860 1029 χάριτος·
888 993 982 1029 ῥᾳδίαν

196 1042 287 1073 αὐτοῖς
301 1040 413 1076 ποίησον
428 1040 476 1075 τὴν
495 1040 562 1072 ὁδὸν,
579 1039 658 1071 ὥστε,
683 1039 751 1075 μετὰ
774 1039 804 1065 τὸ
826 1041 926 1075 τυχεῖν,
946 1039 983 1075 μὴ

196 1088 324 1114 ικπεσεῖν
338 1086 392 1113 τῶν
405 1085 532 1113 τοιούτων
548 1085 647 1112 καλῶν.

233 1131 450 1167 Εὐλογήκιιμεν
473 1131 551 1166 ὑμᾶς
574 1131 608 1164 ἐξ
639 1131 724 1158 οἴκου
752 1131 862 1165 Κυρίου
877 1151 885 1164 ,
912 1131 984 1164 Θεὸς

197 1180 303 1213 Κύριος
331 1173 552 1212 καὶ’ὲπέφανεν
575 1177 657 1213 ἡμῖν.
690 1176 918 1213 Ὀμολογοῦντες,
944 1178 984 1205 ὃτι

198 1225 282 1252 ταῦτα
302 1224 394 1256 αὐτοῖς
409 1223 496 1255 οὐδεὶς
507 1223 586 1255 ἄλλος
602 1223 618 1259 ἢ
630 1223 710 1256 αὐτὸς
720 1224 734 1250 ὁ
752 1223 853 1260 Κύριος
865 1224 985 1259 ὲπέφανέ

196 1280 227 1298 τε
245 1272 292 1298 καὶ
306 1270 410 1303 ἔδειξει
426 1269 466 1296 διό
483 1278 574 1303 φασιν,
596 1270 812 1304 Εὐλογήκαμεν
836 1268 928 1305 ὑμᾶς’
945 1271 984 1298 ὅτι

198 1317 315 1352 ἑπέφανε
343 1317 393 1353 τὴν
416 1316 551 1352 ὑμετέραν
573 1316 664 1348 δείξας
686 1316 831 1352 σωτηρίαν.
857 1316 986 1349 Ἐπευξά-

200 1372 274 1398 μενοι
302 1362 349 1389 καὶ
376 1362 410 1389 τὰ
438 1362 570 1398 μέλλοντα
590 1361 832 1398 προθεωρήσαντες
854 1361 893 1397 τῷ
915 1361 986 1397 ἁγίῳ

198 1409 336 1444 Πνεύματι
352 1409 386 1435 τὰ
402 1408 569 1444 προκείμενα
589 1408 613 1434 ot
637 1407 786 1443 προφῆται,
805 1407 986 1443 μακαρίζουσι

198 1456 261 1487 τοὺς
278 1454 426 1491 μέλλοντας
445 1454 500 1481 τῶν
516 1453 744 1489 ἀποτελεσμάτων
766 1453 830 1480 ποτὲ
844 1453 987 1487 καταξιοῦ-

199 1501 272 1528 creat.
295 1500 496 1533 Συστήσασθε
515 1499 624 1534 ἑορτὴν
650 1499 686 1526 ἐν
716 1499 778 1532 τοῖς
801 1499 987 1530 πυκάζουσιν

198 1548 253 1581 ἕως
271 1546 329 1574 τῶν
351 1547 482 1581 κεράτων
497 1546 549 1573 τοῦ
566 1546 797 1580 θυσιαστηρίου,
819 1547 897 1581 ὑμεῖς
916 1547 940 1573 οἱ
958 1547 987 1580 ἐξ

1030 304 1101 338 ejus,
1117 303 1268 331 secundum
1284 302 1350 330 illud
1367 312 1374 330 :
1390 302 1466 329 Beati
1481 301 1576 329 mundo
1589 300 1676 334 corde,
1688 302 1813 336 quoniam

1030 349 1082 383 ipsi
1092 349 1176 376 Deum
1187 348 1306 376 videbunt
1316 348 1337 376 ⁸.

1066 439 1150 468 Vens.
1163 439 1254 467 ἘΞ-26.
1273 439 1410 474 Lapidem,
1426 446 1501 474 quem
1520 437 1721 472 reprobaverunt
1747 434 1814 462 cedi-

1031 487 1158 521 ficantes,
1175 486 1216 512 hic
1234 486 1321 520 factus
1340 490 1378 513 est
1393 486 1421 512 in
1447 489 1524 519 caput
1543 483 1644 518 anguli.
1667 483 1688 509 Α
1704 481 1816 508 Domino

1032 533 1131 567 factum
1144 537 1182 559 est
1203 531 1287 565 istud,
1301 535 1379 558 etest
1406 530 1527 557 mirabile
1556 528 1683 557 inoculis
1707 527 1816 554 nostris.

1033 579 1098 606 Ηίεε
1113 579 1167 606 dies
1182 586 1260 613 quam
1273 577 1332 612 fecit
1343 577 1483 608 Dominus,
1492 575 1652 602 exsultemus
1663 579 1688 600 et
1699 574 1818 601 latenmr

1033 626 1060 652 in
1073 633 1114 652 ea.
1140 624 1162 651 0
1180 623 1300 655 Domine,
1329 622 1414 654 salva,
1443 629 1531 656 qua'so
1546 629 1555 647 :
1570 629 1585 647 ο
1608 619 1726 650 Domine,
1756 618 1817 645 bene

1032 678 1186 705 prosperare
1197 669 1250 704 fac,
1264 676 1368 703 qureso;
1381 667 1528 694 benedictus
1541 667 1585 702 qui
1596 666 1664 693 venit
1677 665 1704 692 iu
1715 666 1818 690 nantiue

1033 715 1152 743 Domini.
1179 713 1313 748 Quoniam
1343 712 1452 740 videbat
1485 710 1646 739 beneﬁcium
1671 710 1698 736 in
1724 709 1818 736 orbem

1034 767 1113 790 terra:
1129 759 1323 788 conferendum
1337 779 1344 791 ,
1366 765 1514 792 rerumque
1530 756 1710 784 mulationem
1737 762 1768 781 ac
1791 754 1820 781 in

1034 809 1132 836 melius
1154 806 1372 836 conversionem.
1394 805 1445 831 hoc
1463 804 1535 831 bono
1551 802 1704 830 {ruentibus
1726 804 1821 836 grutm

1035 855 1095 881 laus
1114 853 1171 881 ait:
1185 852 1208 880 0
1225 852 1343 882 Domine,
1359 849 1444 881 salva,
1459 856 1565 884 quaso;
1588 856 1602 875 ο
1616 847 1738 878 Domine,
1759 845 1822 873 bene

1034 907 1187 934 prosperare
1202 898 1255 932 fac,
1274 905 1373 933 quwso.
1384 896 1410 923 ld
1425 899 1477 928 est,
1496 901 1629 922 conserva
1645 893 1706 920 illos
1716 892 1761 927 qui
1777 892 1823 919 his

1036 946 1175 976 fruuntur,
1192 945 1229 972 ita
1251 948 1280 971 ut
1305 943 1471 978 repleantur,
1502 945 1529 969 et
1558 940 1664 967 fructus
1680 938 1766 973 gratia
1780 937 1823 965 di-

1036 1001 1104 1029 gnos
1115 991 1262 1020 exhibeant
1277 998 1283 1016 :
1302 989 1408 1017 facilem
1425 988 1493 1023 ipsis
1508 988 1578 1015 viam
1602 993 1678 1021 para.
1702 989 1732 1012 ut
1747 988 1823 1019 βοείη

1035 1047 1117 1075 quam
1136 1039 1193 1066 haec
1219 1035 1361 1065 consecuti
1386 1034 1497 1067 fuerint,
1525 1041 1540 1060 a
1567 1033 1667 1059 talibus
1687 1030 1766 1058 bouis
1789 1037 1825 1057 ne

1035 1085 1174 1113 excidant.

1071 1132 1155 1159 Vens.
1169 1131 1216 1158 27.
1245 1129 1431 1158 Benediaimus
1446 1127 1519 1154 vobis
1547 1125 1578 1152 de
1593 1124 1669 1151 domo
1691 1121 1796 1150 Domini
1813 1129 1823 1148 :

1036 1179 1107 1206 Deus
1129 1177 1257 1205 Dominus
1280 1181 1306 1203 et
1330 1175 1420 1202 iiluxit
1440 1173 1525 1201 nobis.
1550 1170 1718 1199 Conﬁtentes
1737 1167 1824 1195 nemi-

1036 1231 1098 1252 nem
1111 1223 1196 1250 alium
1213 1230 1296 1257 quam
1311 1221 1402 1257 ipsum
1416 1219 1562 1247 Dominum
1576 1217 1633 1244 haec
1648 1215 1716 1250 ipsis
1730 1218 1824 1241 ostem

1037 1271 1111 1299 disse
1127 1278 1159 1298 ac
1172 1268 1341 1301 exhibuisse,
1358 1275 1443 1302 quare
1459 1266 1572 1293 dicunt:
1583 1262 1767 1291 Benediximus
1780 1269 1826 1287 00-.

1037 1317 1087 1349 bis,
1101 1316 1164 1352 quia
1183 1315 1272 1343 illuxit
1296 1318 1414 1341 vestram
1438 1312 1554 1340 salutem
1570 1309 1729 1338 ostendens.
1746 1306 1825 1334 Post—

1036 1371 1118 1398 quam
1145 1365 1235 1390 autem
1254 1362 1402 1388 oraverunt
1420 1362 1448 1386 et
1470 1358 1497 1385 iu
1517 1355 1621 1392 Spiritu
1648 1357 1743 1381 sancto
1768 1353 1826 1379 hzec

1037 1409 1129 1436 futura
1150 1409 1350 1443 prospexerunt
1380 1404 1529 1440 prophetae,
1556 1402 1651 1429 beatos
1676 1399 1826 1435 praedicant

1037 1463 1084 1483 eos
1102 1455 1148 1490 qui
1168 1454 1265 1481 horum
1282 1452 1362 1480 ﬁnem
1377 1455 1404 1478 et
1427 1449 1554 1478 eﬁ‘ectu’m
1571 1445 1716 1482 aliquando
1731 1451 1827 1472 conse-

1037 1501 1127 1528 cuturi
1141 1504 1215 1528 sunt.
1233 1497 1395 1526 Constituite
1409 1497 1477 1524 diem
1491 1494 1632 1522 solemnem
1646 1493 1673 1519 in
1688 1490 1825 1519 condensis

1037 1556 1118 1582 usque
1135 1546 1173 1573 ad.
1193 1554 1293 1573 cornua
1309 1544 1416 1574 altaris,
1443 1549 1493 1570 vos
1512 1550 1545 1569 ex
1571 1539 1697 1576 gentibus
1721 1538 1767 1573 qui
1797 1537 1825 1564 in

199 1593 283 1620 ὲθνῶν
299 1594 328 1620 ἐν
343 1594 399 1624 τοῖς
422 1592 582 1624 πυκάζουσι.
601 1591 686 1618 Τοῦτο
702 1591 730 1617 δὲ
754 1593 767 1619 ὁ
795 1592 844 1627 μὲν
870 1592 985 1624 Ἀκύλας

1039 1593 1184 1621 condensis
1199 1592 1277 1619 estis.
1287 1589 1345 1618 Hoc
1360 1593 1450 1616 autem
1464 1588 1504 1616 sic
1518 1587 1615 1622 Aquila
1630 1586 1826 1619 interpretatus

199 1639 370 1676 ἡρμήνευσεν
386 1638 484 1665 εἰπών·
500 1637 617 1671 Δήσατε
635 1637 744 1673 ἑορτὴν
757 1638 792 1664 ἐν
807 1637 967 1673 πιμελέσιν
978 1647 985 1653 -

198 1684 213 1710 ὀ
228 1684 256 1711 δὲ
271 1684 433 1720 Σύμμαχος·
457 1683 634 1718 Συνδήσατε
654 1683 688 1710 ἐν
707 1683 871 1718 πανηγύρει
894 1683 987 1710 πυκιὶη

198 1739 297 1766 quam
310 1730 363 1764 ἕως
375 1730 434 1757 τῶν
448 1729 578 1765 κεράτων
589 1729 640 1756 τοῦ
657 1729 884 1763 θυσιαστηρίου.
900 1730 987 1765 Προσ-

199 1777 326 1804 τάττειδὲ
340 1776 383 1804 διὰ
397 1776 500 1803 τούτων
516 1776 622 1807 πολλοῖς
639 1775 790 1812 κειμηλίοις
807 1775 928 1812 πληροῦν
941 1776 988 1803 τὸν

199 1821 272 1850 οἷκον
291 1823 336 1850 τοῦ
361 1822 428 1850 Θεοῦ
451 1823 497 1850 καὶ
520 1823 676 1858 ἀναθήμασι
699 1823 811 1854 πυκνοῖς
839 1822 990 1858 στεφανοῦν

200 1869 280 1895 αὑτὸν
293 1869 364 1896 κατά
378 1870 441 1901 τοὺς
453 1868 507 1895 τῶν
522 1867 623 1904 ἑορτῶν
635 1868 758 1904 καιρούς.

236 1917 306 1949 Θεός
322 1925 380 1950 μου
395 1915 422 1942 εἴ
438 1915 489 1947 σὺ,
502 1915 550 1941 καὶ
565 1914 824 1950 ἐξομολογηὶσομαί
837 1923 901 1942 σοι⁶
917 1915 988 1947 Θεός

197 1973 256 2000 μου
273 1962 301 1992 εἷ
318 1963 369 1995 σὺ.
383 1963 431 1990 καὶ
444 1962 557 1997 ὺψώσω
571 1971 618 1990 σε.
633 1963 833 1999 Προστάττεται
848 1963 878 1989 δὲ
891 1964 906 1990 ὁ
921 1971 987 1997 συγ-

200 2011 343 2048 κροτηθεὶς
356 2010 385 2036 ὲν
406 2008 516 2045 Χριστῷ
531 2009 594 2041 λαὸς
615 2010 647 2036 ὲκ
659 2018 688 2036 τε
703 2009 756 2036 τοῦ.
770 2009 878 2045 Ἰσραὴλ
895 2010 942 2036 καὶ
957 2010 989 2036 ἐκ

200 2057 246 2084 τοῦ
263 2057 337 2084 οἴκου
360 2055 474 2092 Ἀαρὼν,
492 2056 540 2083 καὶ
562 2056 594 2082 ἐκ
609 2055 662 2082 τῶν
678 2055 852 2091 φοῦουμένων
867 2055 912 2082 τὸν
932 2055 987 2081 K13”-

202 2112 258 2141 ριον
284 2103 501 2138 ἐξομολογεῖσθαι
518 2102 564 2130 καὶ
585 2101 674 2136 λέγειν
695 2102 725 2128 ἐν
739 2102 776 2137 τῇ
797 2100 988 2136 ἐξομολογήσει

200 2149 240 2180 τὸ,
257 2149 328 2181 Θεός
347 2158 407 2183 μου
429 2146 458 2175 εἴ
481 2148 539 2180 σὺι,
564 2148 612 2175 καὶ
638 2146 900 2182 ὲξομολογήσομαι
921 2155 986 2174 σοι·

202 2195 273 2227 Θεός
286 2203 345 2229 μου
357 2192 386 2220 εἷ
397 2194 449 2226 σὺ,
463 2194 512 2220 καὶ
523 2193 636 2228 ὑψώσω
650 2201 696 2220 σε.
713 2193 990 2228 Ἐξομολογήσομαι

201 2250 259 2272 σοι,
277 2240 321 2267 ὅτι
334 2239 508 2273 ἑπήκουσάς
519 2249 578 2274 μου
588 2259 595 2271 ,
613 2240 662 2266 καὶ
685 2240 793 2275 ἐγένου
803 2248 854 2275 μοι
870 2241 912 2272 εἰς
932 2248 989 2267 σω-

201 2287 315 2321 τηρίαν.
332 2286 391 2313 Τίνι
406 2286 434 2313 δὲ
449 2285 535 2313 ταῦτα
555 2285 628 2320 λέγει
641 2286 657 2321 ἢ
676 2285 714 2322 τῷ
730 2286 859 2322 ἀνωτέρω
873 2286 989 2321 δεδηλω-

204 2333 277 2369 μένῳ
301 2332 396 2369 Κυρίῳ
413 2331 453 2367 τῷ
477 2332 524 2358 καὶ
547 2332 580 2358 ὲκ
601 2331 715 2367 θλίψεως
734 2331 877 2367 ῥυσαμένῳ
896 2331 986 2363 αὑτὸν,

202 2380 241 2415 τῷ
261 2380 307 2406 καὶ
332 2379 396 2411 τοὺς
412 2378 525 2414 ἐχθροὺς
540 2377 623 2404 αὑτοῦ
652 2377 860 2410 ταπεινώσαντι,
879 2377 917 2412 τῷ
940 2377 988 2404 καὶ

203 2425 247 2452 τὸν
273 2425 345 2452 λίθον
371 2425 417 2450 τὸν
447 2423 638 2459 ἀποϐληθέντα
664 2423 733 2458 πρὸς
762 2423 816 2450 τῶν
839 2423 988 2458 οἰκοδόμων

204 2471 351 2506 ὑψώσειντι,
369 2470 407 2506 τῷ
421 2470 469 2497 καὶ
488 2469 651 2497 εὐοδὼσαντι
673 2469 719 2496 καὶ
736 2469 852 2497 σώσαντι
871 2469 934 2501 τοὺς
952 2471 992 2502 εἰς

202 2517 283 2544 αὑτὸν
305 2516 490 2548 πιστεύοντας.
510 2515 752 2550 Ἐξομολογεῖσθε
773 2515 814 2547 τῷ
831 2515 928 2549 Κυρίῳ
947 2515 992 2542 ὅτι

203 2561 323 2597 ἀγαθὸς,
341 2561 385 2589 ὅτι
400 2563 443 2595 εις
457 2561 510 2588 τὸν
520 2560 615 2588 αἰῶνα
627 2560 660 2587 τὸ
676 2561 762 2594 ἕλεος
778 2560 882 2588 αὐτοῦ.

448 2619 659 2647 ΑΛΛΗΛΟΥΙΛ.
667 2619 727 2645 ΡΠῐ

237 2665 381 2699 Μακάριοι
401 2667 428 2694 οὶ
439 2666 551 2701 ἄμωμοι
566 2666 601 2693 ἐν
616 2665 654 2700 τῇ
671 2664 740 2698 ὁδῷ,
753 2666 786 2692 ol'
797 2664 992 2699 πορευόμενοι

203 2712 237 2739 ἐν
259 2713 339 2747 νόμῳ
367 2712 488 2746 Κυρίου.
506 2712 649 2746 Μακάριοι
665 2713 692 2739 οι
713 2709 928 2746 ἐξερευνῶντες
955 2710 992 2737 τὰ

201 2758 346 2792 μαρτύρια
364 2756 467 2789 αὐτοῦ,
481 2757 516 2784 ὲν
530 2758 585 2792 ὅλῃ
600 2758 636 2793 τῇ
656 2757 760 2792 καρδίᾳ
773 2755 991 2791 ἐκζητήσουσιν

204 2804 307 2848 αὐτόν,
320 2804 361 2830 Οὐ
373 2803 428 2837 γὰρ
437 2805 464 2830 οι
475 2803 660 2838 ἐργαζόμενοι
672 2803 729 2838 τὴν
741 2804 868 2839 ἀνομίαν
879 2802 914 2829 ἐν
925 2801 990 2834 ταῖς

206 2849 285 2882 ὁδοῖς
300 2849 394 2876 αὑτοῦ
414 2850 633 2885 ἐπορεύθησαν.
654 2850 696 2878 Σὺ
712 2849 850 2877 ἐνετείλω
873 2849 926 2881 τὰς
942 2848 986 2875 ἐν·

240 2926 252 2942 ⁸
269 2926 363 2956 Matth.
380 2935 412 2960 ν,
426 2927 452 2955 8.

1036 1643 1079 1667 est
1095 1649 1102 1666 :
1119 1638 1212 1673 Ligate
1227 1636 1421 1664 solemnitatem
1437 1635 1465 1661 in
1476 1632 1630 1669 pinguibus;
1645 1628 1826 1666 Symmachus

1037 1694 1102 1713 vero
1119 1695 1125 1712 :
1142 1684 1283 1719 Colligate-
1295 1683 1323 1709 in
1336 1681 1489 1709 celebritate
1513 1679 1667 1710 densitates,
1693 1682 1775 1709 usque
1791 1673 1826 1700 ad

1037 1739 1137 1758 cornua
1149 1730 1255 1758 altaris.
1271 1727 1320 1756 llis
1333 1730 1424 1755 autem
1450 1724 1584 1761 praecipit,
1603 1721 1697 1750 multis
1711 1719 1827 1748 cimeliis

1037 1777 1148 1805 domum
1171 1775 1218 1804 Dei
1242 1775 1361 1811 replere,
1384 1777 1466 1808 atque
1491 1770 1614 1800 donariis
1638 1766 1831 1802 frequentibus

1038 1824 1124 1859 ipsam
1143 1822 1314 1857 temporibus
1332 1819 1536 1848 solemnitatum
1554 1821 1696 1844 coronare.

1076 1914 1157 1942 Vens.
1173 1912 1218 1944 28,
1235 1912 1280 1939 29.
1297 1911 1364 1938 Deus
1381 1917 1453 1937 meus
1468 1917 1494 1936 es
1509 1912 1547 1941 tu,
1563 1911 1587 1935 et
1601 1905 1745 1941 conﬁtebor
1762 1904 1828 1931 tibi:

1039 1961 1110 1988 Deus
1126 1968 1198 1987 meus
1212 1967 1238 1986 es
1253 1963 1292 1991 tu,
1310 1962 1334 1984 et
1351 1955 1473 1984 exaltabo
1490 1959 1523 1982 te.
1546 1953 1668 1989 Populus
1683 1961 1717 1980 ex
1732 1950 1843 1984 lsrael,‘

1038 2014 1071 2034 ex
1086 2006 1167 2033 domo
1179 2004 1270 2031 Aaron
1280 2007 1307 2031 et
1320 2010 1353 2030 ex
1369 2001 1528 2028 timentibus
1540 1999 1695 2030 Dominum,
1712 1998 1738 2025 iu
1750 1997 1830 2024 Chri‘

1039 2058 1082 2080 slo
1103 2053 1297 2087 congregatus,
1311 2048 1428 2084 jubetur-
1442 2046 1567 2074 conﬁteri
1584 2053 1617 2073 ac
1631 2045 1741 2072 dicere:
1758 2043 1828 2070 Deut

1039 2107 1111 2126 meus
1125 2106 1152 2125 es
1167 2102 1205 2129 tu,
1227 2102 1251 2123 et
1273 2094 1416 2130 conﬁtebor
1436 2092 1502 2120 tibi:
1517 2093 1586 2119 Deus
1609 2100 1681 2119 meus
1704 2099 1731 2118 es
1750 2094 1787 2121 tu,
1804 2093 1830 2116 et

1038 2145 1162 2173 exaltabo
1178 2149 1211 2171 te.
1231 2142 1383 2178 Conﬁtebor
1399 2141 1455 2172 tibi,
1479 2140 1603 2176 quoniam
1623 2137 1757 2165 exaudisti
1777 2144 1827 2167 me,

1039 2199 1063 2220 et
1079 2192 1165 2226 factus
1184 2199 1211 2218 es
1231 2189 1296 2216 mihi
1317 2189 1345 2215 in
1359 2187 1482 2216 salutem.
1499 2186 1550 2214 Cui
1572 2192 1654 2220 porro
1667 2184 1726 2211 hmc
1749 2182 1827 2212 dicit.
1867 2204 1874 2214 ,

1040 2240 1093 2267 nisi
1119 2238 1232 2265 Domino
1253 2236 1380 2271 superius
1409 2235 1560 2265 declarato,
1588 2231 1634 2266 qui
1657 2230 1692 2258 de
1714 2227 1828 2256 Iribula-
1868 2262 1870 2265 ι

1006 2274 1027 2302 D
1042 2286 1116 2312 tiouc
1137 2284 1226 2319 ipsum
1241 2281 1376 2313 liberavit,
1389 2280 1435 2315 qui
1460 2279 1541 2307 etiam
1562 2277 1688 2304 inimicos
1707 2274 1767 2309 ejus
1782 2274 1830 2310 dc-
1866 2299 1869 2302 .

1042 2331 1153 2368 pressit,
1174 2330 1219 2366 qui
1242 2328 1416 2363 reprobatqu
1441 2325 1476 2352 ab
1491 2322 1689 2352 aediﬁcantibus
1713 2319 1829 2354 lapidem

1042 2365 1181 2409 exultavit,
1198 2374 1243 2410 qui
1260 2373 1351 2401 ﬁdeles
1372 2380 1436 2400 suos
1453 2371 1522 2398 bene
1544 2374 1705 2404 prosperare
1726 2365 1791 2393 fecit
1803 2368 1833 2391 et

1043 2424 1131 2452 salute
1145 2421 1267 2450 donavit.
1282 2418 1449 2454 Cou/itemini
1467 2416 1578 2443 Domino
1596 2413 1720 2450 quoniam
1736 2411 1829 2442 bonus,

1041 2470 1164 2506 quoniam
1180 2468 1208 2494 in
1221 2466 1347 2494 sceculum
1361 2461 1544 2492 misericordia
1554 2461 1621 2496 ejus.

1283 2606 1465 2636 ALLELUIA.
1484 2603 1600 2632 CXVIII.-

1077 2659 1163 2687 νεεδ.
1185 2656 1256 2685 1-8.
1276 2655 1353 2682 Beati
1377 2652 1543 2681 immaculati
1558 2651 1585 2678 in
1607 2658 1658 2681 ma,
1675 2657 1720 2684 qui
1736 2647 1831 2675 ambu-

1044 2707 1100 2734 lant
1117 2707 1144 2733 in
1161 2705 1213 2740 lege
1228 2702 1345 2731 Domini.
1363 2700 1439 2728 Beati
1458 2700 1503 2735 qui
1517 2695 1832 2726 serutanturtestimonia

1041 2754 1109 2788 ejus,
1126 2753 1153 2780 in
1167 2756 1220 2778 toto
1234 2750 1311 2777 corde
1324 2747 1460 2784 exquirent
1470 2755 1539 2774 eum.
1555 2745 1617 2772 Non
1629 2743 1697 2771 enim
1712 2742 1756 2777 qui
1771 2749 1832 2775 ope-

1043 2805 1137 2826 rantur
1160 2797 1342 2833 iniquitatem,
1364 2795 1392 2821 in
1411 2793 1458 2820 viis
1481 2792 1536 2827 ejus
1559 2789 1767 2818 ambulaverunt.
1792 2785 1832 2811 Tu

1044 2845 1176 2873 mandasti
1195 2832 1321 2872 mandata
1337 2847 1383 2869 tua
1393 2839 1523 2868 custodiri
1538 2837 1625 2865 nimis.
1644 2834 1750 2862 Utinam
1765 2832 1831 2858 diri—
