2044 3212
287 208 354 238 1571

628 207 762 236 EUSEBII
779 205 1018 235 CAESARlENSIS
1036 206 1110 235 OPP.
1121 205 1211 234 PARS
1230 205 1274 234 Ill.
1293 220 1329 227 ——
1347 205 1547 233 EXEGETlCA.

1837 205 1910 233 137!

321 263 405 292 Vens.
421 264 465 292 34.
481 263 522 290 Da
538 263 601 290 mihi
616 263 784 293 intellectum.
801 269 825 290 et
840 263 978 290 scrutabor
990 262 1070 297 legem

1156 260 1320 288 Συνέτισόν
1329 269 1377 296 με,
1396 261 1443 288 καὶ
1456 260 1643 295 ἐξερευνήσω
1662 261 1715 289 τὸν
1728 262 1821 297 νόμον
1837 270 1908 293 σου.

288 313 372 340 tuam,
394 314 418 335 et
435 309 581 335 custodiam
608 307 683 334 illam
707 308 734 335 in
755 313 809 335 toto
825 308 902 335 corde
922 316 988 334 meo.
1006 306 1070 334 Vult

288 355 418 390 propheta
435 355 520 390 legem
539 354 587 382 Dei
605 354 734 387 scrutari,
751 363 852 390 gnarus
867 362 926 382 eam
942 362 996 382 non
1016 354 1072 381 cla-

288 407 346 426 ram
363 403 390 427 et
409 405 488 434 captu
506 399 624 427 facilem.
650 399 742 434 ltaque
763 399 797 426 da
814 399 878 426 mihi
895 399 1071 432 intellectum,

288 447 336 479 ait,
352 453 382 474 ut
402 446 563 482 congruenti
578 453 640 473 cum
657 445 781 473 examine
803 449 830 473 et
849 446 998 472 attentione
1012 452 1073 480 per-

289 492 395 527 quiram
419 491 507 524 illam;
522 495 551 517 ut
565 499 598 518 ex
622 490 668 518 illa
683 498 772 518 rerum
785 498 854 526 quas
867 491 909 518 vel
933 498 1012 526 agere
1032 489 1073 518 vel

288 536 466 572 contemplari
480 543 549 570 opus
562 539 613 567 est,
629 543 709 563 usum
733 539 897 570 captumque
917 542 1047 569 assequar
1064 544 1070 561 ε

289 584 329 611 sic
346 589 462 617 namque
478 587 573 617 potero
588 588 646 608 eam
664 581 691 608 in
705 584 762 607 toto
776 580 858 607 corde
873 581 1025 612 custodire,
1041 587 1074 607 ac

289 629 349 656 sine
360 627 531 655 dubitatione
542 627 617 654 adire
630 627 713 654 illam.
726 626 804 658 Quod
817 627 839 654 si
855 627 993 654 intellectu
1006 634 1074 661 opus

289 673 325 701 sit
340 677 368 700 ut
383 673 468 708 legem
483 673 615 700 duntaxat
629 672 771 703 scruteris,
786 676 914 707 quautam
931 679 946 698 a
968 672 1021 698 Deo
1033 672 1075 698 in-

290 719 468 754 telligentiam
483 720 606 754 accipere
621 727 689 753 opus
703 719 798 747 habes.
813 723 841 746 ut
859 718 938 746 linem
958 718 1017 753 ejus
1034 727 1075 746 re-

291 765 403 800 peritis?

326 809 408 837 Vsus.
425 811 468 837 55.
492 810 579 836 Deduc
595 819 635 836 me
650 810 676 836 in
690 811 810 836 semitam
822 809 1007 836 mandatorum
1022 814 1078 836 tuo-

292 864 360 887 rum,
376 856 438 891 quia
455 856 539 890 ipsam
555 856 635 883 volui.
650 855 700 882 Hic
712 857 833 882 semitam
852 863 901 890 pro
915 856 973 890 lege
988 855 1054 882 dicit
1069 864 1075 882 :

291 909 353 928 nam
376 901 565 928 mandatorum
584 902 680 929 semita
695 902 819 936 quaedam
835 905 885 929 est.
909 901 1012 928 Semita
1027 908 1076 927 an-

291 951 345 975 tem
362 947 462 975 dicitur
477 948 517 974 via
535 949 610 979 trita,
637 948 664 975 in
680 956 732 983 qua
749 948 827 975 multi
851 952 913 975 ante
936 954 987 974 nos
1009 947 1076 981 justi

291 993 475 1021 ambularunt.
501 994 528 1021 Si
543 995 604 1029 quis
625 1000 714 1022 autem
728 995 803 1029 justo
818 994 887 1022 duce
901 1001 955 1021 non
974 996 1076 1026 utatur,

290 1046 345 1066 non
358 1043 447 1074 potest
465 1039 614 1067 secundum
632 1043 764 1074 przecepta
780 1038 827 1065 Dei
848 1038 996 1065 ambulare.
1010 1037 1076 1063 Nam

291 1084 394 1112 Christi
423 1092 474 1112 nos
503 1084 654 1112 imitatores
683 1092 755 1118 esse,
778 1092 810 1111 ac
832 1084 928 1111 tollere
956 1090 1076 1115 crucem,

292 1131 438 1166 ipsumque
459 1131 536 1164 sequi
557 1133 675 1164 oportet.

328 1175 412 1203 Vsus.
429 1176 464 1203 56
474 1190 487 1196 -
495 1176 539 1203 40.
553 1175 657 1202 lnclina
668 1184 714 1202 cor
726 1183 811 1202 meum
821 1175 848 1201 in
860 1174 1008 1202 testimonia
1021 1179 1078 1206 tua,

293 1227 318 1248 et
341 1222 433 1248 nonin
449 1222 600 1248 avaritiam.
618 1222 710 1248 Averte
734 1221 823 1248 oculos
841 1230 910 1248 meos
928 1229 958 1248 ne
972 1220 1078 1247 videant

294 1268 453 1298 sanitatem;
470 1268 497 1294 in
514 1268 555 1294 via
576 1272 620 1294 tua
637 1268 738 1301 vivi/ica
763 1275 811 1295 me.
835 1267 929 1295 Statue
942 1275 1015 1294 serva
1036 1272 1080 1294 tuo

294 1314 424 1348 eloquium
446 1319 518 1340 tuum
539 1315 565 1340 in
582 1315 675 1340 timore
698 1318 754 1341 tuo.
777 1315 893 1348 Amputa
913 1314 1081 1349 opprobrium

295 1367 381 1386 meum
392 1359 460 1394 quod
471 1360 620 1394 suspicatus
631 1367 700 1391 sum,
713 1361 775 1394 quia
784 1360 887 1394 judicia
899 1365 943 1387 tua
949 1360 1080 1395 jucunda.

298 1405 364 1434 Ecce
377 1407 511 1440 concupiui
526 1406 652 1432 mandata
677 1410 732 1438 tua,
753 1407 779 1432 in
798 1406 906 1440 justilia
922 1411 966 1432 tua
981 1406 1082 1440 viviﬁca

297 1460 347 1478 me.
365 1451 463 1479 Omnia
477 1451 511 1479 ad
528 1451 611 1479 Deum
629 1451 680 1479 viri
696 1452 783 1479 sancti
800 1451 932 1483 referunt,
951 1451 1082 1478 docentes

297 1497 366 1524 nihil
381 1505 431 1525 nos
448 1498 508 1525 sine
523 1497 578 1525 Deo
591 1505 682 1533 posse.
699 1497 758 1524 Nisi
774 1498 843 1524 enim
863 1498 889 1524 in
904 1505 944 1524 me
957 1497 1084 1524 manseri-

299 1543 345 1574 tis.
359 1543 456 1578 inquit,
473 1543 539 1569 nihil
551 1544 658 1577 potestis
671 1543 756 1578 facere
771 1543 802 1570 ‘°.
820 1542 873 1570 Sed
888 1543 1005 1570 fortasse
1015 1550 1085 1569 non-

299 1596 380 1616 nemo
394 1589 494 1616 dixerit
520 1599 526 1616 :
544 1588 572 1616 Si
592 1589 683 1616 omnia
697 1589 731 1616 ad
747 1588 832 1616 Deum
856 1587 1022 1620 referuntur,
1039 1587 1085 1615 ubi

299 1639 342 1663 est
361 1635 388 1662 id
403 1635 476 1670 quod
491 1643 558 1662 mea:
573 1635 712 1663 facultatis
728 1636 792 1663 est?
803 1635 852 1662 Sin
869 1635 971 1667 minus,
983 1635 1087 1670 ubique

301 1689 367 1708 sane
384 1681 480 1709 miscet
491 1689 522 1708 ea
534 1689 594 1716 qua
608 1689 623 1708 a
637 1681 693 1709 Deo
709 1685 774 1709 sunt
789 1689 850 1708 cum
866 1681 902 1708 iis
922 1689 983 1716 qua
996 1681 1023 1708 in
1036 1688 1088 1708 no-

302 1732 360 1755 stra
380 1732 444 1755 sunt
461 1732 608 1763 potestate.
627 1728 650 1754 Δ
670 1727 727 1755 Deo
742 1732 817 1754 certe
833 1727 899 1754 illud
912 1731 954 1754 est
972 1737 979 1754 :
996 1726 1089 1761 Legem

301 1782 368 1809 pone
382 1773 457 1805 mihi,
475 1773 597 1807 Domine,
621 1774 691 1800 uiam
711 1773 937 1808 justiﬁcationum
961 1777 1088 1805 tuarum;

303 1823 458 1847 nostrarum
472 1823 562 1846 autem
578 1820 695 1854 parti’um
720 1823 762 1847 est
778 1818 844 1846 illud
871 1829 876 1846 :
904 1817 938 1846 Et
953 1819 1090 1853 exquiram

303 1874 361 1893 eam
376 1874 485 1901 semper.
502 1865 524 1892 Λ
543 1866 596 1892 Deo
613 1874 721 1893 rursum
737 1865 844 1901 postulo
860 1873 866 1891 ε
885 1865 925 1892 Da
940 1865 1004 1892 mihi
1017 1864 1091 1892 intel-

305 1912 410 1944 lectum,
430 1917 454 1938 et
467 1911 605 1938 scrutabor
623 1912 703 1947 legem
728 1917 812 1942 tuam,
827 1911 861 1939 ad
882 1919 924 1939 me
945 1919 1010 1940 vero
1027 1919 1091 1947 per-

305 1958 371 1985 tinet
387 1957 454 1985 illud
471 1967 477 1984 :
492 1956 526 1983 Et
541 1957 689 1984 custodiam
704 1957 779 1984 illam
796 1957 825 1984 in
846 1961 900 1985 toto
922 1956 1000 1984 corde
1023 1966 1089 1985 meo.

305 2003 399 2030 Tertio
411 2003 500 2030 itema
511 2002 567 2030 Deo
583 2003 609 2030 id
630 2007 728 2038 expeto
742 2012 748 2030 :
765 2002 854 2030 Deduc
872 2011 911 2030 me
932 2004 959 2029 in
971 2004 1091 2030 semitam

307 2049 491 2076 mandatorum
509 2053 612 2075 tuarum
632 2056 641 2074 :
658 2048 723 2083 quid
743 2052 833 2076 autem
851 2048 884 2075 ad
909 2057 950 2075 me
967 2049 1093 2083 spectat?

307 2093 378 2126 Quia
402 2093 486 2127 ipsam
503 2093 583 2125 volui,
598 2093 724 2120 videlicet
751 2093 837 2128 legem
855 2100 937 2128 supra
958 2101 1092 2120 memora-

308 2143 377 2172 tam;
394 2139 430 2165 ita
446 2142 475 2164 ut
492 2142 615 2173 petamus
637 2143 666 2165 ut
680 2146 740 2174 quae
753 2147 769 2166 a
783 2138 838 2167 Deo
853 2143 918 2167 sunt
932 2139 1022 2166 adsint
1043 2147 1094 2166 no-

309 2183 362 2216 bis,
375 2191 406 2211 ea
421 2184 609 2218 promittentes
623 2191 683 2219 quae
694 2188 796 2212 nostra:
808 2184 948 2211 facultatis
961 2188 1034 2216 sunt,
1050 2192 1096 2211 ne-

1095 932 1115 959 Β

1099 1611 1121 1640 ο

1122 307 1172 334 καὶ
1195 307 1320 343 φυλάξω
1331 308 1424 337 αὑτὸν
1441 308 1476 335 ὲν
1489 307 1545 342 ὅλῃ
1560 309 1666 343 καρδίᾳ
1686 318 1756 344 μου.
1779 309 1910 335 Boiis-.3:

1122 353 1295 389 ὲξερευνῆσαι
1309 354 1355 380 τὸν
1375 354 1455 389 νόμον
1469 354 1515 381 τοῦ
1532 354 1599 381 Θεοῦ
1612 356 1626 381 ὁ
1642 355 1783 391 προφήτης
1797 354 1912 381 ἐπιπτά-

1124 407 1212 434 μενος,
1226 399 1269 426 ὅτι
1282 400 1331 426 οὐκ
1346 399 1402 426 ἐστι
1416 400 1503 435 σαφὴς
1517 401 1563 426 καὶ
1577 401 1819 437 εὐκαταφρόνητος.
1843 402 1911 427 Euv-

1123 445 1210 472 ἑτισόν
1219 454 1252 480 με
1260 446 1358 477 τοίνυν,
1366 446 1409 472 ἵνα
1416 446 1524 481 ζητήσω
1532 446 1611 472 αὑτὸν
1619 447 1687 482 μετὰ
1695 447 1743 482 τῆς
1750 448 1911 483 πρεπούσης

1123 491 1236 527 ἐρεύνης
1249 492 1297 518 καὶ
1308 491 1478 525 ἐπιστασίας,
1489 492 1527 523 ὡς
1541 492 1570 524 ἐξ
1583 493 1664 519 αὑτοῦ
1676 493 1765 519 λαϐεῖν
1777 493 1830 520 τῶν
1841 502 1912 528 πρα-

1124 538 1209 565 κτέων
1223 537 1269 564 καὶ
1280 537 1424 574 θεωρητῶν
1435 538 1484 574 τὴν
1496 538 1592 574 χρῆσιν
1606 539 1651 565 καὶ
1665 539 1825 574 κατάληψιν·
1841 539 1912 566 οὕτω

1123 583 1178 619 γὰρ
1193 584 1343 620 δυνήσομαι
1360 583 1474 618 φυλάξαι
1499 585 1579 612 αὑτὸν
1596 585 1625 610 ὲν
1647 585 1693 620 ὅλῃ
1717 585 1814 621 καρδίᾳ
1834 586 1912 612 ἁνενο

1124 630 1256 662 δοιάστως
1265 630 1338 666 αὐτῷ
1352 631 1579 666 προσερχόμενος.
1597 631 1628 657 El
1642 631 1670 657 δὲ
1681 631 1816 663 συνέσεως
1827 631 1915 657 δεῖται

1125 675 1168 702 ῐνα
1182 675 1259 710 μόνον
1273 677 1406 712 ὲρευνήσῃ
1421 676 1466 703 τὸν
1479 677 1570 711 νόμον,
1586 677 1656 708 τινος
1671 677 1768 709 δεῖται,
1780 677 1915 708 συνέσεως

1125 721 1178 747 ἀπὸ
1190 721 1256 748 Θεοῦ
1270 721 1419 758 διδομένης,
1433 722 1476 748 ἴνα
1491 722 1557 758 εῦρῃ
1571 722 1601 748 τὸ
1612 722 1704 754 τέλος

1168 808 1332 844 Ὁὸήγησόν
1349 817 1386 842 με
1409 809 1444 835 ἐν
1464 808 1502 843 τῇ
1522 809 1608 842 τρίϐῳ
1628 808 1688 835 τῶν
1699 808 1831 835 ἐντολῶν
1844 817 1916 839 σου.

1127 855 1171 882 ὅτι
1187 855 1283 888 αὐτὴν
1293 854 1439 889 ἠθέλησα.
1466 855 1523 881 Ἰνα
1538 854 1603 891 εἴπῃ
1618 855 1663 881 τὸν
1679 855 1769 889 νόμον,
1791 854 1851 889 ἤτοι
1866 855 1919 889 τὴν

1128 901 1228 937 τρίϐον·
1256 901 1313 927 ἐστι
1333 901 1387 936 γὰρ
1400 901 1514 928 ἐντολῶν
1529 901 1631 937 τρίϐος.
1646 900 1744 937 Τρῑϐος
1759 900 1787 927 δὲ
1810 900 1918 934 λέγεται

1129 948 1146 983 ὴ
1161 947 1327 983 τετριμμένη
1344 947 1411 979 ὁδὸς,
1423 948 1456 982 ἢν
1472 948 1564 974 πολλοὶ
1576 947 1628 982 πρὸ
1639 947 1716 983 ὴμῶν
1731 947 1920 983 ἐπορεύθησαν

1129 993 1183 1020 τῶν
1199 993 1320 1020 δικαίων.
1343 993 1405 1020 Ἐὰν
1421 993 1449 1020 δέ
1462 1003 1503 1025 τις
1519 994 1555 1030 μὴ
1568 993 1657 1029 ὁδηγῷ
1671 994 1804 1029 χρήσηται
1825 993 1864 1028 τῷ
1880 994 1921 1019 δι-

1131 1041 1209 1075 καίῳ,
1224 1040 1254 1066 οὑ
1268 1039 1377 1066 δύναται
1390 1040 1496 1067 ὁδεῦσαι
1511 1040 1581 1066 κατὰ.
1595 1041 1647 1072 τὰς
1659 1040 1768 1071 ἐντολὰς
1779 1039 1827 1066 τοῦ
1839 1038 1909 1065 Θεοῦ

1131 1086 1248 1121 Χριστοῦ
1262 1086 1316 1122 γὰρ
1328 1087 1399 1121 ἡμᾶς
1416 1086 1456 1112 δεῖ
1478 1086 1596 1120 γίνεσθαι
1617 1087 1747 1122 μιμητὰς,
1771 1085 1818 1112 καὶ
1832 1085 1923 1120 αἴρειν

1130 1132 1176 1158 τὸν
1188 1132 1312 1168 σταυρὸν,
1331 1133 1376 1159 καὶ
1391 1132 1545 1159 ἀκολουθεῖν
1559 1132 1647 1160 ὀπίσω
1666 1132 1747 1159 αὑτοῦ

1167 1177 1278 1205 Κλῖνον
1293 1177 1350 1212 τὴν
1370 1178 1496 1212 καρδίαν
1506 1187 1566 1213 μου
1585 1179 1628 1210 εὶς
1647 1178 1682 1205 τὰ
1690 1177 1838 1212 μαρτύριά
1852 1186 1923 1209 σου,

1132 1223 1181 1250 καὶ
1202 1223 1246 1258 μὴ
1269 1224 1313 1256 εὶς
1334 1223 1524 1256 πλεονεξίαν.
1549 1225 1757 1258 Ἀπόστρεψον
1777 1223 1849 1256 τοὺς
1870 1223 1925 1257 dg-

1133 1270 1265 1304 θαλμούς
1274 1279 1334 1304 μου
1348 1271 1402 1296 τοῦ
1412 1269 1454 1304 μὴ
1473 1270 1545 1297 ἰδεῖν
1555 1271 1746 1305 ματαιότητα·
1767 1270 1802 1296 ἐν
1814 1268 1852 1303 τῇ
1866 1268 1927 1301 ὀδῷ

1134 1323 1191 1342 σου
1211 1315 1303 1349 ζῆσόν
1320 1324 1367 1350 με.
1394 1316 1514 1350 Στῆσον
1532 1315 1571 1348 τῷ
1586 1316 1685 1351 δούλῳ
1698 1323 1757 1342 σου
1772 1314 1806 1341 τὸ
1821 1315 1927 1348 λόγιόν

1134 1369 1192 1388 σου
1210 1362 1254 1394 εὶς
1272 1361 1325 1387 τὸν
1344 1362 1438 1395 φόϐον
1453 1369 1522 1389 σου.
1544 1363 1666 1396 Περίελε
1684 1361 1737 1388 τὸν
1753 1360 1928 1395 ἀνειδισμὼ*

1132 1415 1191 1442 μου
1206 1406 1241 1433 ὃν
1254 1405 1446 1439 ὑπώπτευσα.
1462 1407 1507 1434 ὅτι
1523 1407 1558 1434 τὰ
1576 1407 1702 1441 κρίματὰ
1721 1414 1780 1434 σου
1795 1405 1916 1441 χρηστά

1142 1451 1213 1478 Ἰδοὺ
1228 1452 1402 1487 ἐπεθύμησα
1414 1453 1466 1486 τὰς
1481 1453 1607 1486 ἐντολάς
1619 1460 1688 1485 σου,
1705 1453 1740 1479 ἐν
1758 1452 1796 1486 τῇ
1816 1452 1927 1479 δικαιο-

1136 1497 1218 1530 σύνῃ
1246 1505 1305 1524 σου
1334 1497 1425 1532 ζῆσόν
1441 1507 1488 1533 με.
1517 1498 1608 1525 Πάντα
1638 1499 1683 1525 ἐπὶ
1706 1498 1751 1525 τὸν
1776 1498 1844 1524 Θεον
1861 1498 1928 1524 ἁνα-

1138 1543 1263 1578 φέρουσιν
1277 1543 1302 1569 οἱ
1316 1544 1400 1577 ἆγιοι,
1421 1543 1588 1576 διδάσκοντες
1608 1545 1691 1580 ἡμᾶς,
1708 1545 1748 1570 ὅτι
1762 1545 1846 1580 χωρὶς
1861 1541 1928 1569 Θεοῦ

1137 1590 1212 1618 οὐδὲν
1219 1590 1366 1626 δυνάμεθα.
1385 1590 1455 1617 Ἐὰν
1463 1590 1518 1625 γὰρ
1527 1589 1570 1625 μὴ
1583 1590 1618 1616 ἐν
1630 1590 1705 1624 ἐμοὶ,
1719 1591 1796 1626 φησὶ,
1806 1589 1928 1624 μένητε,

1138 1635 1227 1664 οὐδὲν
1239 1635 1372 1662 δύνασθε
1383 1634 1488 1662 ποιεῖν.
1508 1635 1576 1662 Ἀλλ’
1587 1635 1650 1667 ἴσως
1663 1644 1703 1666 τις
1715 1635 1782 1670 ἐρεῖο
1794 1635 1828 1661 El
1842 1633 1931 1661 πάντα

1138 1680 1302 1716 ἀναφέρεται
1316 1680 1362 1706 ἐπὶ
1375 1679 1421 1706 τὸν
1436 1680 1513 1713 Θεὸν,
1528 1680 1580 1707 ποῦ
1593 1680 1624 1706 τὸ
1636 1681 1678 1707 ἐπ’
1694 1681 1772 1715 ἐμοί;
1792 1680 1824 1706 Εἰ
1837 1680 1866 1706 δὲ
1881 1679 1930 1716 μὴ,

1139 1725 1275 1761 πανταχοῦ
1295 1725 1426 1759 ὲπέπλεξε
1451 1728 1508 1758 τοῖς
1529 1726 1583 1753 ἀπὸ
1599 1726 1646 1753 τοῦ
1661 1726 1728 1753 Θεοῦ
1747 1725 1782 1752 τὰ
1796 1727 1839 1761 ἐφ’
1854 1727 1929 1762 ἡμῖν.

1145 1771 1211 1797 Ἀπὸ
1229 1772 1276 1798 τοῦ
1300 1771 1366 1798 Θεοῦ
1388 1772 1428 1798 τό·
1454 1772 1665 1807 Νομοθέτησόν
1678 1781 1726 1807 με,
1750 1773 1852 1806 Κύριε,
1874 1772 1932 1806 τὴν

1139 1816 1211 1844 ὁδὸν
1223 1817 1282 1845 τῶν
1295 1817 1500 1852 δικαιωμάτων
1513 1825 1581 1845 σου·
1597 1818 1628 1844 τὸ
1641 1818 1663 1845 δ’
1677 1819 1719 1853 ἐφ’
1732 1819 1809 1854 ἡμῖν’
1816 1818 1871 1845 Καὶ
1883 1818 1934 1844 ἐκ·

1139 1862 1255 1897 ζητήσω
1273 1864 1370 1898 αὐτὴν
1391 1865 1562 1897 διαπαντός.
1585 1865 1651 1891 Ἀπὸ
1667 1864 1734 1891 Θεοῦ
1752 1864 1821 1891 αἰτῶ
1839 1864 1930 1891 πάλιν·

1141 1908 1307 1936 Συνὲτισόν
1325 1917 1373 1944 με,
1392 1910 1442 1937 καὶ
1459 1909 1647 1944 ἐξερευνήσω
1666 1909 1719 1937 τὸν
1745 1910 1841 1944 νόμον
1861 1918 1932 1938 σου.

1141 1954 1178 1981 Τὸ
1192 1955 1219 1981 δ’
1231 1954 1276 1981 ἐπ’
1289 1955 1360 1990 ἐμοί·
1377 1955 1431 1983 Kal
1449 1955 1572 1990 φυλάξω
1586 1955 1680 1983 αὐτὸν
1693 1956 1728 1982 ἐν
1742 1956 1799 1990 ὅλῃ
1814 1956 1930 1990 καρδίᾳ.

1142 2001 1198 2028 Καὶ
1213 2001 1304 2036 τρίτον
1319 2001 1373 2027 ἀπὸ
1386 2001 1452 2028 Θεοῦ
1470 2001 1537 2028 αἰτῶ
1551 2001 1647 2036 ὶέγωψ
1670 2001 1836 2035 Ὀδήγησόν
1845 2009 1883 2035 με
1897 2001 1935 2027 ὲν

1142 2047 1229 2080 τρίϐῳ
1247 2046 1306 2073 τῶν
1321 2047 1452 2074 ἐντολῶν
1471 2055 1538 2074 σουε
1553 2048 1579 2074 τι
1596 2047 1625 2074 τὺ
1639 2047 1682 2073 ἐπ’
1704 2047 1782 2082 ἑμοί;
1800 2047 1865 2073 Ὀτι
1880 2047 1935 2073 αὺ-

1143 2091 1195 2118 τὸν
1208 2091 1352 2126 ἠθέλησα·
1375 2092 1454 2127 δῆλον
1468 2092 1496 2118 δὲ
1525 2093 1566 2119 ὅτι
1581 2092 1625 2118 τὸν
1639 2092 1767 2128 ἀνωτέρω
1789 2091 1935 2126 εἰρημένον

1142 2136 1234 2172 νόμον,
1245 2137 1315 2164 ὥστε
1327 2137 1446 2173 αἰτῶμεν
1456 2138 1489 2164 τὰ
1501 2138 1554 2164 ἀπὸ
1568 2137 1635 2164 Θεοῦ
1646 2137 1845 2173 προσγενέσθαι
1855 2138 1935 2172 ἡμῖν,

1143 2181 1370 2218 ἐπαγγελλόμενοι
1387 2183 1433 2209 καὶ
1456 2182 1490 2209 τὰ
1509 2182 1551 2216 ἐφ’
1571 2183 1636 2217 ἡμῖν
1649 2183 1696 2211 καὶ
1711 2181 1748 2217 μὴ
1762 2181 1936 2217 ψευδόμενοι,

309 2236 363 2264 que
385 2228 462 2256 irrita
479 2229 524 2256 illa
549 2228 691 2262 facientes,
707 2237 742 2256 ne
754 2232 834 2264 pacta
849 2236 911 2256 cum
929 2228 984 2256 Deo
1000 2233 1085 2256 nostr:

1144 2226 1188 2253 ἴνα
1203 2227 1240 2263 μὴ
1256 2227 1305 2259 τὰς
1320 2227 1387 2263 πρὸς
1403 2228 1468 2254 θεὸν
1484 2227 1623 2262 ἀθετῶμεν
1638 2228 1782 2262 συνθήκας.

309 2276 450 2303 violemus.

347 2322 428 2350 Vens.
441 2322 473 2348 Al
483 2337 497 2342 -
506 2321 549 2349 48.
564 2321 598 2348 Et
610 2321 693 2348 ueniat
705 2328 782 2355 super
790 2328 829 2347 me
843 2320 1022 2346 misericordia
1036 2325 1095 2352 tua,

311 2370 432 2401 Domine,
450 2369 568 2396 salutare
584 2373 658 2394 tuum
673 2366 815 2394 secundum
835 2366 939 2393 verbum
958 2371 1041 2394 tuum.
1064 2366 1098 2393 Et

311 2415 470 2451 respondebo
484 2413 703 2450 exprobrantibus
715 2412 778 2439 milii
793 2412 909 2444 verbum,
923 2413 985 2447 quia
997 2411 1099 2446 speravi

313 2463 339 2488 in
354 2461 517 2489 sermonibus
532 2461 594 2487 tuis.
611 2459 644 2486 Et
661 2468 693 2486 ne
705 2459 811 2494 auferas
822 2458 853 2485 de
864 2466 909 2485 ore
923 2466 979 2486 meo
995 2458 1099 2485 verbum

312 2508 430 2535 Ueritatis
448 2515 528 2542 usque
543 2506 628 2538 valde,
646 2506 707 2541 quia
726 2506 752 2531 in
770 2505 882 2539 judiciis
896 2505 947 2532 tuis
963 2511 1098 2539 ευριπ-δρε-

315 2553 380 2580 ravi.
403 2552 436 2579 Et
456 2552 603 2579 custodiam
619 2551 698 2586 legem
718 2555 789 2577 tuam
804 2558 914 2584 semper,
929 2550 956 2576 in
973 2549 1099 2576 steculum

314 2604 339 2626 et
357 2599 384 2625 in
402 2598 528 2625 suculam
544 2597 644 2625 srcculi.
662 2597 695 2624 Et
711 2596 880 2624 ambulabunt
900 2596 927 2623 in
948 2596 1098 2628 latitudine,

315 2645 378 2681 quia
390 2645 518 2671 mundata
535 2650 581 2671 tua
593 2643 731 2678 exquisivi.
752 2643 786 2670 Et
802 2643 924 2678 loquebar
941 2643 968 2670 in
983 2642 1101 2669 testimo-

316 2692 367 2719 niis
382 2692 434 2718 tuis
463 2692 491 2717 in
515 2696 652 2725 conspectu
673 2699 773 2726 regum,
791 2694 815 2716 et
842 2698 893 2716 non
910 2688 1099 2723 confundebar.

317 2738 374 2766 lloc
387 2737 499 2773 pulchre
509 2737 683 2772 quadraverit
695 2737 722 2764 in
734 2744 796 2764 eum
807 2736 853 2771 qui
864 2734 898 2762 ad
913 2742 1010 2762 nomen
1022 2733 1102 2761 Chri-

318 2786 352 2812 sti
367 2783 551 2818 conlitendum
565 2788 627 2810 ante
647 2791 723 2819 reges
738 2788 765 2811 et
783 2782 913 2818 praesides
927 2781 1045 2808 ducitur.
1068 2779 1102 2807 Et

318 2830 465 2859 meditabar
481 2830 507 2856 in
523 2828 655 2856 mandatis
674 2830 738 2862 tuis,
753 2837 811 2863 quae
823 2828 906 2855 dilexi
917 2827 1000 2855 valde.
1022 2826 1053 2854 Et
1067 2826 1103 2854 lc-

354 2922 378 2939 ιο
392 2920 471 2949 Joan.
491 2929 532 2952 xv.
551 2919 577 2946 ι.

1107 2279 1129 2306 D

1183 2323 1238 2350 Καὶ
1254 2323 1336 2351 ἔλθοι
1351 2323 1396 2350 ἐπ’
1419 2323 1472 2358 ἐμὲ
1487 2325 1518 2351 τὸ
1536 2324 1622 2358 ἔλεός
1633 2331 1701 2356 σου,
1718 2324 1818 2358 Κύριε,
1831 2324 1863 2350 τὸ
1880 2327 1937 2350 aer

1149 2369 1249 2404 τήριόν
1260 2377 1317 2398 σου
1328 2370 1402 2397 κατὰ
1416 2370 1469 2397 τὸν
1479 2371 1573 2405 λόγον
1584 2378 1652 2397 σου.
1667 2370 1721 2397 Καὶ
1737 2369 1938 2404 ἀποκριθήσο-

1146 2425 1199 2451 μαι
1218 2416 1281 2450 τοῖς
1299 2416 1476 2446 ὀνειδίζουσί
1490 2425 1539 2451 μοι
1562 2417 1664 2451 λόγον,
1684 2415 1729 2442 ὅτι
1750 2415 1869 2450 ἤλπισα
1888 2414 1938 2441 ἐπὶ

1149 2463 1210 2496 τοῖς
1224 2464 1326 2498 λόγοις
1345 2470 1412 2490 σου.
1434 2463 1488 2490 Kal
1499 2462 1542 2498 μὴ
1557 2462 1742 2497 περιέλῃςηὲιι
1760 2462 1813 2489 τοῦ
1825 2462 1935 2496 στόμα-

1149 2510 1200 2543 τός
1213 2518 1272 2544 μου
1285 2511 1379 2544 λόγον
1392 2510 1533 2544 ἀληθείας
1546 2509 1601 2542 ἕως
1615 2509 1742 2544 σφόδρα,
1755 2509 1801 2535 ὅτι
1813 2509 1863 2535 ἐπὶ
1876 2508 1939 2540 τοῖς

1149 2555 1272 2591 κρίμασι
1281 2563 1339 2583 σου
1344 2555 1511 2589 ἐπήλπισα.
1521 2555 1576 2582 Kal
1585 2555 1711 2589 φυλάξω
1719 2555 1872 2589 tdrrtipor
1878 2562 1936 2580 σου

1150 2600 1311 2633 διαπαντὸς
1317 2601 1361 2634 εὶς
1371 2599 1424 2627 τὸν
1431 2599 1522 2626 αἰῶνα
1530 2599 1577 2626 καὶ
1589 2600 1633 2632 εὶς
1642 2598 1696 2625 τὸν
1703 2597 1797 2626 αιῶνιι
1806 2597 1861 2625 τοῦ
1867 2596 1936 2624 altis-

1149 2655 1212 2680 roc.
1221 2646 1275 2674 Kal
1282 2645 1506 2680 ἐπορευόμηνὲν
1513 2644 1688 2680 πλατυσμῷ,
1697 2644 1741 2671 ὅτι
1749 2645 1802 2678 τὰς
1811 2641 1937 2674 ἐντολάς

1150 2700 1208 2720 σου
1226 2691 1400 2726 ἐξεζῆτησα.
1421 2691 1477 2718 Καὶ
1493 2689 1624 2718 ἐλάλουν
1637 2691 1673 2717 ἐν
1690 2689 1752 2724 τοῖς
1763 2689 1939 2724 μαρτυρίοις

1151 2746 1209 2765 σου
1232 2738 1371 2765 ἐναντίον
1398 2736 1561 2769 βασιλέων,
1593 2736 1641 2764 καὶ
1666 2737 1722 2763 οὐκ
1745 2735 1942 2770 ᾐσχυνόμην.»

1152 2783 1306 2819 Χαριέντως
1322 2783 1450 2818 ἁρμόσειε
1466 2782 1543 2809 τοῦτο
1560 2781 1598 2818 τῷ
1615 2782 1660 2808 ἐπὶ
1675 2781 1811 2817 ἡγεμόνας
1827 2780 1873 2807 καὶ
1890 2780 1938 2813 βα-

1155 2829 1235 2861 σιλεῖς
1249 2828 1373 2864 ἀγομένῳ
1390 2827 1481 2855 ἕνεκεν
1500 2827 1547 2855 τοῦ
1559 2828 1687 2863 ὀνόματος
1699 2826 1816 2862 Χριστοῦ
1833 2833 1941 2863 μαριυς
