2044 3212
143 187 157 214 1
162 187 214 215 375

705 192 957 221 COMMENTARIA
971 194 1006 222 ῐΝ
1026 194 1195 223 PSALMOS.

1303 184 1325 211 "
1338 179 1359 208 δ
1694 195 1767 224 ’ὅτι

144 248 212 283 ρεῖν.
226 247 279 274 Kal
291 247 436 282 ἐμελέτων
450 250 484 276 ἐν
493 249 557 283 ταῖς
569 250 706 284 ἐντολαῖς
718 260 786 284 σου,
801 250 849 286 αἶς
862 252 928 288 ήγὰι

985 254 1043 281 vavi
1055 263 1148 281 manus
1160 253 1196 281 ad
1213 254 1340 281 mandata
1356 259 1400 281 tua
1412 263 1469 289 qme
1483 255 1576 287 dilexi,
1593 260 1617 282 et
1628 256 1768 283 exercebar

141 301 229 327 πησα
237 294 362 328 σφόδρα.
384 295 438 322 Kal
454 293 512 331 ᾖρα
526 296 580 329 τὰς
591 296 690 331 χεῖρας
701 298 774 332 πρὸς
785 299 838 331 τὰς
847 299 930 326 ἐντο-

142 339 202 373 λάς
218 348 286 372 οόυ⁷
303 340 340 372 ἂς
354 341 505 376 ἠγάπησα,
531 341 579 369 καὶ
602 342 794 378 ἡδολὲσχουν
816 345 851 371 ἐν
868 345 930 378 τοῖς

142 384 319 418 δικαιώμασί
332 394 398 412 σου.
417 385 499 422 Ἃραι
510 389 603 423 χεῖρας
620 389 686 423 πρὸς
704 389 812 421 ἐντολάς
828 391 886 416 ἐστι
900 391 930 417 τὸ

143 433 234 458 πᾶσαν
251 432 348 467 πρᾶξιν
362 433 428 468 πρὸς
441 433 549 465 ἐντολὰς
561 434 633 465 Θείας
647 435 834 471 ἁρμοζομένην
849 436 931 471 ἐργά-

145 477 247 510 ζεσθαι.
260 478 363 504 Οὐκοῦν
373 479 501 514 ἑκάτερον
514 480 583 514 μὲνὸ
593 480 744 516 Ψαλμῳδὸς
757 481 845 517 ἑαυτῷ
860 490 929 517 μαρ-
946 483 949 485 ’

144 524 231 558 ¹ιε’..ιρεῖι
260 523 327 557 ὁμοῦ
354 523 381 550 δὲ
405 525 469 559 ἡμῖν
495 525 634 560 νομοθετεί
659 527 717 557 ταῖς
742 526 861 558 ἐντολαῖς
883 527 929 554 τοῦ

143 567 211 593 Θεοῦ
232 568 360 604 παρέχειν
372 570 421 604 τὴν
440 569 614 604 κατόρθωσιν,
633 571 762 606 παρέχειν
778 572 806 598 δὲ
821 572 866 598 καὶ
881 573 930 607 τὴν

144 613 190 640 ἰπὶ
209 614 275 640 πολὺ
299 615 413 650 μελέτην
435 617 481 643 καὶ
499 617 623 653 θεωρὶαν-
643 617 714 644 οὕτω
735 617 789 653 γὰρ
809 618 885 645 αὐτοί
901 627 930 645 τε

142 659 290 694 κατορθοῦν
305 661 507 698 ἀκριϐέστερον,
521 663 566 689 καὶ
582 663 643 694 τοὺς
661 663 756 694 ἄλλους
771 663 877 698 ἐνάγειν
891 665 931 696 εἰς

141 705 310 740 κατόρθωσιν
323 706 429 741 ἕξομεν.

178 751 333 786 Μνήσθητι
360 752 418 779 τῶν
439 754 537 788 λόγων
561 763 618 781 σου
639 754 679 787 τῷ
701 755 800 789 δούλῳ
820 763 888 786 σου,
906 751 930 788 ᾦ

141 797 314 831 ὲπήλπισάς
328 807 375 832 με.
395 799 474 833 Αὕτη
495 809 533 834 με
546 800 753 834 παρεκάλεσεν
764 801 799 827 ὲν
817 800 855 835 τῇ
878 809 929 828 τα-

141 842 279 870 πεινώσει
296 853 365 878 μου,
378 845 422 871 ὅτι
432 845 466 872 τὸ
479 846 583 880 λόγιόν
596 855 654 874 σου
664 846 750 879 ἕζησέ
758 855 806 881 με.
829 847 930 881 Ὑπερ-

141 888 251 922 ήφανοι
265 892 461 925 παρηνόμουν
474 891 528 924 ἓως
544 892 672 926 σφόδρα,
692 892 750 919 ἀπὸ
764 892 798 918 δὲ
810 892 864 918 τοῦ
881 893 929 919 νό-

982 299 1010 326 in
1021 299 1257 334 justiﬁcationibus
1273 300 1334 326 tuis.
1349 299 1450 327 Levare
1465 308 1563 328 manus
1579 300 1614 327 ad
1626 301 1766 333 mandata,

982 350 1024 372 est
1041 353 1148 372 omnem
1161 345 1294 372 actionem
1307 345 1341 372 ad
1352 345 1441 372 divina
1453 346 1580 373 mandata
1598 350 1766 382 spectantem

981 391 1071 418 edere.
1084 390 1234 426 Utrumque
1247 392 1328 427 igitur
1340 392 1373 419 de
1386 399 1415 419 se
1426 392 1569 420 Psalmista
1583 395 1744 421 testiﬁcatur
1757 404 1764 421 :

982 442 1063 471 atque
1078 445 1132 464 una
1148 437 1227 465 nobis
1246 438 1368 473 pracipit
1388 441 1418 466 ut
1437 438 1563 466 mandata
1580 439 1625 467 Dei
1642 440 1766 474 perﬁcia-

982 490 1062 516 mus;
1088 483 1154 518 quin
1171 483 1253 510 etiam
1275 488 1305 511 ut
1325 485 1471 519 plurimum
1502 485 1547 511 illa
1561 486 1721 513 meditemur
1739 490 1766 513 et

982 529 1215 563 contemplemur;
1231 529 1267 556 ita
1291 530 1362 557 enim
1384 529 1411 557 id
1425 530 1618 562 obtmebimus,
1634 536 1663 558 ut
1676 535 1702 558 et
1715 532 1765 565 ipsi

983 575 1137 602 accuratius
1152 582 1345 610 exsequamur,
1358 579 1385 603 et
1394 576 1455 603 aliis
1464 577 1629 612 exsequendi
1641 581 1766 604 auctores

982 627 1078 647 Simus.

1017 748 1099 776 Vens.
1117 750 1217 778 49ο51.
1236 750 1337 777 Memor
1353 755 1408 777 esto
1423 750 1558 778 verborum
1573 756 1684 779 tuorum.
1695 761 1766 779 servo

982 799 1035 826 tuo,
1050 796 1078 822 in
1091 804 1142 829 quo
1158 796 1221 822 mihi
1234 804 1304 830 spem
1316 796 1421 825 dedisti.
1440 797 1507 824 Hwe
1522 806 1562 824 me
1575 798 1711 825 consolata
1727 804 1766 825 est

979 841 1008 868 in
1027 841 1175 869 humilitate
1189 850 1257 874 mea,
1282 843 1344 877 quia
1371 843 1502 877 eloquium
1531 847 1603 870 tuum
1627 845 1766 878 viviﬁcavit

980 896 1031 914 me.
1053 888 1163 922 Superbi
1188 889 1276 923 inique
1294 889 1406 923 agebant
1427 897 1506 924 usque
1521 889 1605 922 valde,
1622 899 1637 916 a
1653 891 1705 925 lege
1721 899 1767 917 au-

137 942 198 968 μου
211 942 270 961 σου
290 937 345 962 οὐκ
367 924 514 967 ἐξέκλινα.
537 924 596 964 Τῶν
610 924 770 973 ἑτεροδόξων
785 938 928 971 ἀλαζονευ-

981 936 1032 959 tem
1043 937 1088 959 tua
1100 941 1152 960 non
1164 933 1300 960 declinavi.
1318 933 1386 960 Cum
1401 933 1557 961 belerodoxi
1570 924 1686 970 superbe
1700 943 1766 962 con-

140 979 245 1014 ομένων
267 981 336 1007 κατὰ
356 981 403 1008 τοῦ
427 982 508 1016 νόμον
520 982 558 1018 τῷ
581 983 733 1010 διαϐάλλειν
750 984 849 1016 αὐτὸν,
874 984 929 1018 ἐγὼ

141 1025 244 1061 σφόδρα
255 1026 303 1061 τῆς
327 1026 448 1063 φυλακῆς
464 1028 544 1054 αὐτοῦ
569 1030 758 1065 περιειχόμην,
778 1030 845 1065 μηδὲ
869 1031 929 1057 κατ’

139 1071 228 1105 ὀλίγον
242 1071 369 1107 κλονῆσαι
382 1074 431 1110 τὴν
446 1074 513 1110 πρὸς
525 1075 604 1101 αὐτὸν
623 1076 820 1109 συγκατάθεσιν
836 1077 930 1111 ἀνεχό-

141 1125 232 1152 μενος.
255 1118 424 1153 Ἐμνήσθην
440 1119 499 1146 τῶν
518 1120 665 1154 χριμάτων
677 1129 735 1148 σου
748 1122 798 1148 ἀπ’
811 1122 927 1155 ιιιῶνος,

139 1163 238 1197 Κύριε,
250 1164 298 1190 καὶ
310 1165 512 1204 παρεκλήθην.
539 1166 660 1202 Ἀθυμία
677 1167 806 1202 κατέσχε
817 1176 856 1202 με
869 1168 929 1195 ἀπὸ

139 1208 320 1243 ἁμαρτωλῶν
341 1209 401 1236 τῶν
421 1211 742 1246 ἐγκαταλιμπανόντων
765 1213 818 1240 τὸν
836 1214 930 1248 νόμον

139 1262 209 1282 σου.
228 1256 330 1282 eum
342 1254 424 1291 ἦσάν
431 1266 481 1291 μοι
495 1258 530 1284 τὰ
544 1257 722 1293 δικαιώματά
733 1265 793 1286 σου
805 1260 840 1287 ἐν
849 1261 929 1294 τόπῳ

140 1301 294 1334 παροικίας
311 1310 381 1335 μου.
404 1303 577 1337 Ἐμνήσθην
596 1304 630 1330 ἐν
653 1305 738 1331 νυκτὶ
755 1305 808 1332 τοῦ
824 1306 929 1340 ὀνόμα-

140 1345 190 1376 τός
201 1352 269 1376 σου,
286 1345 383 1380 Κύριε,
400 1347 448 1373 καὶ
466 1348 602 1382 ἐφύλαξα
618 1348 671 1375 τὸν
682 1350 777 1383 νόμον
791 1358 858 1377 σου.
873 1350 929 1377 Αὔ-

139 1395 175 1422 τη
186 1389 312 1423 ἐγενήθη
321 1399 380 1425 μοι,
394 1391 437 1418 ὅτι
451 1393 486 1419 τὰ
498 1391 674 1427 δικαιώματά
687 1401 744 1421 σου
755 1394 927 1429 ἑξεζήτησα.

174 1435 264 1468 Ms:ch
274 1444 334 1469 μου
347 1434 383 1467 εἷ,
399 1437 501 1470 Κύριε·
522 1436 591 1464 εἶπα
606 1439 798 1473 φυλάξασθαι
813 1440 866 1466 τὸν
880 1441 929 1468 νό-

136 1487 197 1513 μον
208 1486 276 1505 σου.
295 1480 323 1506 '0
338 1481 541 1517 ἀποταξάμενος
555 1484 610 1515 τοῖς
624 1483 761 1518 βιωτικοῖς
772 1485 928 1521 πράγμασι,

141 1526 187 1552 καὶ
203 1525 337 1562 μηδεμίαν
352 1527 421 1562 ἔχων
435 1528 530 1564 μερίδα
543 1529 589 1556 ἐπὶ
600 1529 662 1564 γῆς,
680 1530 779 1566 μηδ’ὲν
791 1530 830 1566 τῷ
842 1530 929 1559 θέλειν

139 1571 174 1625 ἰὰ
182 1572 303 1605 τοιαῦτα,
316 1573 372 1600 ἀλλ’
389 1574 557 1609 ἀρκούμενος
571 1575 632 1602 ἀντὶ
649 1576 757 1603 πάντων
770 1576 810 1611 τῷ
824 1576 927 1612 Κυρίῳ,
943 1595 964 1625 C

141 1618 198 1653 ipsi
209 1627 216 1633 ·
229 1619 319 1653 Μερίς
326 1629 386 1654 μου
396 1621 514 1655 Κύριος.
527 1620 620 1656 Τούτῳ
634 1621 662 1648 δὲ
675 1622 815 1649 ἀκολουθεῖ
825 1622 928 1657 λέγειν·

144 1661 219 1691 Εἷπα
244 1665 435 1698 φυλάξασθαι
460 1667 513 1693 τὸν
535 1667 630 1702 νόμον
651 1675 719 1699 σου,
747 1668 869 1695 τουτέστι
885 1669 930 1696 τδν

142 1711 335 1745 πνευματικὸν,
365 1712 428 1747 περὶ
451 1709 481 1739 οὗ
510 1713 524 1739 ὁ
552 1713 657 1745 Παῦλος
677 1713 771 1748 λέγει·
803 1714 930 1749 Οἴδαμεν

141 1754 184 1781 ὅτι
196 1757 393 1790 πνευματικός
405 1757 469 1784 ἐστι
486 1759 587 1792 νόμος,
603 1758 649 1784 καὶ
663 1758 696 1784 τὰ
709 1759 782 1793 ἑξῆς.
799 1759 861 1790 Πῶς
876 1759 930 1795 γὰρ

140 1801 169 1827 οὗ
187 1801 333 1834 φυλάξουσι
352 1803 397 1829 τὸν
414 1803 495 1839 νόμον
512 1803 527 1839 ἢ
543 1803 593 1835 τὰς
605 1803 714 1836 ἐντολὰς
727 1804 773 1831 τοῦ
787 1805 888 1841 Κυρίου
904 1805 930 1832 οι

143 1846 237 1882 μερίδα
255 1849 336 1875 αὐτὸν
351 1849 456 1884 ἔχοντες
474 1849 545 1877 κατὰ
560 1850 623 1883 τοὺς
636 1850 765 1883 Λευῖτας,
786 1848 826 1883 οἷς
839 1851 929 1887 διηγό-

141 1901 233 1927 ρευται
262 1895 344 1930 μηδὲν
371 1895 517 1931 κεκτῆσθαι
542 1895 613 1923 κατὰ
639 1896 684 1923 τὸν
700 1896 773 1931 βίον;
798 1896 928 1924 Λέλεκται

141 1941 195 1974 γάρ
206 1947 211 1953 ·
225 1940 288 1973 Τοῖς
299 1941 434 1974 Λευΐταις
447 1941 495 1968 καὶ
506 1941 566 1975 τοῖς
576 1942 708 1976 ἱερεῦσιν
720 1942 796 1975 υἱοῖς
811 1942 927 1976 Ἀαρὼν,

141 1985 195 2011 οὐκ
216 1985 280 2012 ἐστι
305 1985 400 2020 μερὶς,
414 1987 485 2013 οὐδὲ
505 1988 688 2022 κληρονομία
708 1988 742 2014 ἐν
771 1988 833 2020 τοῖς
853 1987 928 2021 υἱοῖς

147 2031 279 2065 Ἰσραὴλ.
295 2031 369 2058 διότι
382 2033 487 2066 Κύριος
498 2033 582 2066 μερὶς
600 2032 708 2059 αὐτῶν.

181 2075 322 2109 Ἑδεήθην
342 2077 394 2103 τοῦ
423 2077 584 2111 προσώπου
611 2086 670 2105 σου
690 2078 725 2104 ἐν
744 2078 799 2113 ὅλῃ
823 2079 928 2113 καρδίᾳ

137 2131 195 2157 μου
206 2131 212 2137 ·
229 2121 360 2156 ἐλέησόν
376 2131 414 2157 με
426 2124 500 2161 παρὰ
513 2124 545 2150 τὸ
560 2124 666 2158 λόγιόν
678 2132 746 2152 σου,
758 2125 927 2160 Διελοτισά-

137 2177 198 2203 μην
214 2167 267 2201 τὰς
292 2168 381 2201 ὁδούς
395 2176 463 2201 σου,
490 2169 539 2195 καὶ
552 2169 722 2204 ἐπέστρεψα
746 2170 817 2204 τοὺς
833 2171 927 2204 πόδας

137 2223 195 2248 μου
209 2215 253 2247 εἰς
274 2213 309 2241 τὰ
324 2214 470 2248 μαρτύριά
489 2223 557 2242 σου.
578 2216 787 2250 Ἡτοιμάσθην,
808 2217 858 2243 καὶ
871 2218 927 2244 οὐκ

140 2260 306 2294 ἐταράχθην
330 2260 382 2287 τοῦ
405 2260 595 2295 φυλάξασθαι
621 2262 674 2295 τὰς
698 2262 825 2296 ἐντολάς
855 2271 923 2291 σου.

141 2306 262 2343 Σχοινίς
273 2306 454 2341 ἁμαρτωλῶν
470 2307 716 2341 περιεπλάκησάν
727 2316 788 2342 μοι⁷
804 2307 854 2334 καὶ
870 2308 923 2334 τοῦ

140 2352 231 2385 νόμου
243 2360 300 2378 σου
308 2353 363 2379 οὐκ
372 2352 571 2387 ἐπελαθόμην.
583 2353 789 2380 Μεσονύκτιον
800 2355 854 2380 οὐκ
864 2352 922 2388 (sic)

140 2397 328 2432 ἑξεγειρόμην
341 2398 394 2425 τοῦ
407 2397 651 2433 ἐξομολογεῖσθαι
672 2405 722 2425 σοι
742 2399 792 2426 ἐπὶ
809 2399 846 2426 τὰ
861 2398 923 2433 κρί-

137 2451 215 2478 ματα
239 2443 294 2478 τῆς
321 2443 516 2477 δικαιοσύνης
536 2451 602 2471 σου.
637 2444 769 2478 Μέτοχος
791 2444 848 2479 ἐγώ
866 2446 924 2479 ειμι

140 2489 258 2516 πάντων
279 2489 338 2516 τῶν
365 2489 556 2526 φοϐουμένων-
574 2498 620 2522 (re,
647 2491 696 2517 καὶ
722 2490 782 2517 τῶν
805 2493 923 2525 φυλασ-

140 2536 255 2562 σόντων
280 2536 332 2568 τὰς
358 2536 484 2570 ἐντολάς
504 2544 573 2564 σου.
610 2535 663 2563 Τοῦ
688 2537 793 2569 ἐλέους
815 2537 923 2571 Κυρίου

140 2580 256 2615 πλήρης
271 2581 290 2614 ’ἠ
309 2580 358 2615 γῆ,
387 2581 423 2608 τὰ
449 2580 628 2616 δικαιώματά
653 2589 711 2608 σου
736 2581 859 2613 ὃίδαξόν
874 2590 922 2615 με.

146 2626 206 2652 Ἐὰν
222 2626 391 2661 κατανοήσῃς
405 2627 435 2653 τὸ
453 2627 553 2662 πλῆθος
564 2627 617 2653 τῶν
632 2627 854 2662 ἁμαρτανόντων,
869 2627 924 2653 τῶν

140 2671 316 2702 ἀσεϐούντων,
333 2671 386 2698 τῶν
410 2672 515 2699 ἀδικίαν
530 2674 570 2705 εἰς
594 2672 680 2707 ’Ὕψος
705 2672 864 2705 λαλούντων,
879 2673 925 2699 καὶ

141 2717 197 2752 ῐδῃς
219 2717 268 2743 τοῦ
292 2717 360 2744 Θεοῦ
387 2718 435 2753 τὴν
464 2717 653 2753 μακροθυμίαν
681 2718 726 2744 ἐπὶ
751 2718 786 2745 τὰ
806 2718 924 2744 τοσαῦτα

141 2763 332 2799 ἁμαρτήματα,
348 2763 406 2795 πῶς
421 2764 467 2790 καὶ
483 2764 552 2799 μετὰ
567 2764 684 2791 τοσαῦτα
709 2764 796 2791 πάντα
811 2763 923 2790 ἀνατέλ-

140 2809 180 2836 λει
198 2810 242 2837 τὸν
258 2809 333 2845 ἥλιον
349 2810 431 2838 αὑτοῦ
445 2811 490 2837 ἐπὶ
507 2812 639 2848 πονηροὺς
669 2811 715 2837 καὶ
734 2810 861 2845 ἀγαθοὺς,
878 2811 924 2837 καὶ

980 983 1021 1006 tra
1039 979 1124 1014 legem
1142 984 1262 1014 agerent,
1281 982 1310 1006 ut
1336 986 1396 1006 eum
1420 979 1604 1011 traducerent,
1632 987 1682 1013 ego
1706 979 1766 1013 ejus

979 1025 1162 1053 observationi
1188 1025 1334 1052 admodum
1359 1025 1549 1058 attendebam,
1577 1033 1668 1052 meum
1701 1033 1765 1060 erga

980 1072 1053 1098 illam
1067 1070 1191 1098 aﬂ‘ectum
1209 1079 1243 1098 ne
1265 1071 1407 1097 minimum
1431 1071 1540 1105 quidem
1566 1071 1685 1098 titubare
1702 1079 1765 1105 per—

979 1119 1100 1145 mittens.
1125 1133 1160 1138 ——
1183 1117 1265 1144 VERS.
1284 1117 1390 1144 52-56.
1416 1116 1518 1144 Memor
1541 1117 1581 1152 fui
1604 1117 1765 1152 judiciorum

981 1169 1085 1191 tuorum
1103 1173 1119 1190 ιι
1134 1164 1240 1195 swculo,
1257 1164 1377 1196 Domine,
1397 1169 1420 1190 et
1437 1164 1589 1191 consolatus
1603 1172 1670 1190 sum.
1688 1163 1766 1198 Defe-

979 1210 1030 1237 ctio
1048 1210 1129 1237 tenuit
1153 1218 1192 1236 me
1210 1218 1257 1244 pro
1272 1209 1450 1243 peccatoribus
1467 1209 1705 1245 derelinquentibus
1729 1210 1766 1236 le-

979 1265 1035 1292 gem
1054 1261 1136 1282 tuam.
1153 1255 1304 1282 Cantabiles
1320 1256 1383 1282 mihi
1400 1259 1475 1282 erant
1491 1256 1698 1290 justiﬁcationes
1714 1260 1765 1282 tua:

979 1302 1006 1328 in
1020 1302 1076 1328 loco
1087 1301 1304 1336 peregrinationis
1319 1309 1392 1328 mete.
1403 1301 1505 1328 Memor
1521 1302 1560 1336 fui
1569 1305 1643 1328 nocte
1651 1301 1764 1328 nominis

980 1348 1028 1378 tui.
1045 1347 1166 1379 Domine,
1183 1352 1206 1374 et
1226 1347 1354 1374 custodivi
1372 1347 1453 1382 legem
1467 1352 1548 1374 tuam.
1571 1347 1633 1373 llwc
1643 1347 1714 1381 [actu
1726 1353 1764 1373 est

980 1393 1053 1424 mihi,
1074 1395 1135 1428 quia
1148 1393 1353 1428 justi/icationes
1370 1399 1429 1420 tuas
1443 1393 1583 1428 exquisivi.

1015 1438 1096 1466 Vens.
1121 1439 1164 1466 57.
1185 1439 1280 1466 Portio
1308 1447 1366 1466 mea
1385 1448 1423 1472 es,
1445 1439 1554 1465 Domine
1573 1447 1581 1466 :
1597 1439 1655 1465 dixi
1674 1443 1760 1467 custo-

979 1484 1037 1511 dire
1050 1484 1131 1520 legem
1141 1489 1225 1514 tuam.
1246 1485 1297 1518 Qui
1310 1485 1488 1513 saecularibus
1503 1485 1585 1519 hujus
1605 1485 1667 1512 vitae
1684 1485 1764 1512 rebus

979 1530 1130 1562 renuntiat,
1152 1530 1310 1566 nullamque
1342 1531 1369 1556 in
1399 1533 1472 1557 terra
1498 1530 1648 1564 portionem
1673 1530 1763 1561 habet,

980 1584 1068 1612 neque
1084 1584 1129 1605 res
1145 1576 1300 1604 istiusmodi
1316 1576 1497 1611 concupiscit,
1517 1576 1562 1603 sed
1577 1575 1691 1602 Domino
1706 1576 1766 1603 vice

980 1623 1100 1650 omnium
1117 1626 1262 1650 contentus
1275 1627 1326 1653 est,
1342 1621 1414 1649 dicet
1428 1631 1434 1649 :
1451 1621 1544 1648 Portio
1557 1630 1614 1648 mea
1628 1621 1763 1649 Dominus.

979 1668 1049 1696 lluic
1066 1673 1156 1696 autem
1172 1668 1303 1703 competit
1318 1667 1409 1694 dicere
1428 1675 1434 1693 :
1452 1667 1516 1694 Dixi
1535 1667 1668 1693 custodire
1684 1666 1765 1701 legem

980 1719 1063 1747 tuam,
1080 1714 1185 1741 scilicet
1197 1713 1378 1748 spiritualem,
1398 1713 1431 1740 de
1443 1721 1497 1747 qua
1518 1712 1619 1740 Paulus
1630 1712 1691 1739 ait:
1709 1711 1767 1738 Sci—

979 1769 1037 1787 mus
1064 1760 1133 1787 enim
1161 1759 1230 1794 quod
1259 1759 1300 1786 (ea:
1331 1758 1481 1792 spiritualis
1510 1762 1549 1785 est
1565 1759 1598 1790 “,
1613 1761 1640 1784 et
1657 1761 1765 1784 caetera.

979 1805 1121 1839 Quomodo
1135 1805 1208 1832 enim
1226 1805 1311 1838 legem
1324 1808 1350 1831 et
1363 1808 1497 1839 przecepta
1520 1803 1627 1830 Domini
1645 1811 1700 1829 non
1715 1810 1765 1829 cu-

979 1851 1108 1884 stodierit,
1126 1851 1173 1886 qui
1190 1850 1266 1877 illum
1282 1850 1309 1876 in
1331 1850 1484 1884 portionem
1501 1849 1614 1881 habent,
1633 1849 1765 1884 quemad-

977 1896 1088 1924 modum
1112 1899 1139 1924 et
1157 1895 1269 1928 Levitaa,
1285 1894 1386 1930 quibus
1402 1895 1518 1922 vetitum
1543 1898 1584 1921 cst
1610 1893 1710 1929 aliquid
1738 1894 1765 1920 in

977 1943 1033 1970 vita
1045 1942 1206 1978 possidere‘.t
1219 1941 1287 1968 Nam
1303 1941 1406 1968 dictum
1434 1944 1475 1968 est
1490 1949 1497 1967 :
1525 1940 1620 1967 Levitis
1635 1945 1660 1966 et
1677 1947 1765 1966 sacer-

978 1989 1084 2016 dotibus
1099 1988 1165 2023 fitiis
1181 1989 1271 2015 Aaron
1286 1996 1338 2015 non
1349 1992 1387 2014 est
1407 1995 1470 2022 pars
1485 1995 1565 2022 neque
1582 1985 1722 2013 htereditas
1737 1987 1764 2014 in

978 2034 1043 2069 ﬁliis
1062 2033 1159 2063 Israel.
1171 2033 1234 2069 quia
1250 2033 1380 2060 Dominus
1395 2040 1457 2067 pars
1472 2040 1562 2059 eorum
1573 2033 1605 2059 ¹¹.

1012 2080 1206 2108 Vens.58-6i.
1235 2079 1395 2113 Deprecatus
1425 2087 1483 2106 sum
1508 2079 1603 2113 faciem
1631 2083 1706 2105 tuam
1736 2079 1764 2105 in

979 2133 1032 2154 toto
1060 2128 1136 2154 corde
1162 2135 1217 2154 meo
1237 2127 1383 2154 :miserere
1400 2127 1450 2154 mei
1467 2126 1608 2153 secundum
1633 2125 1763 2161 eloquium

978 2179 1061 2200 qum.
1081 2173 1201 2207 Cogitavi
1215 2173 1270 2200 vias
1295 2177 1366 2203 tuas,
1380 2177 1405 2199 et
1431 2173 1545 2199 converti
1561 2171 1637 2206 pedes
1653 2179 1722 2198 meos
1737 2171 1764 2197 in

978 2219 1128 2246 testimonia
1144 2224 1200 2246 tua.
1216 2218 1334 2246 Paratus
1352 2227 1421 2249 sum,
1438 2223 1462 2245 et
1482 2226 1534 2244 non
1551 2225 1609 2244 sum
1633 2217 1763 2248 turbatus,

941 2267 963 2294 D
978 2270 1004 2291 ul
1018 2265 1167 2291 custodiam
1185 2264 1311 2290 mandata
1328 2268 1384 2290 tua.
1414 2262 1503 2290 Funes
1522 2266 1688 2296 peccatorum
1711 2261 1765 2286 cir-

977 2310 1109 2343 cumplexi
1120 2316 1180 2336 sunt
1196 2318 1245 2341 me,
1275 2315 1298 2336 et
1324 2309 1404 2343 legem
1424 2313 1496 2335 tuam
1516 2316 1567 2334 non
1581 2315 1639 2334 sum
1654 2306 1762 2333 oblitus.

977 2354 1067 2382 Media
1084 2360 1156 2381 nocte
1172 2355 1308 2389 surgebam
1325 2353 1359 2380 ad
1373 2353 1550 2388 conﬁtendum
1568 2351 1615 2379 tibi
1626 2359 1704 2386 super
1715 2351 1762 2385 ju-

977 2400 1048 2426 dicia
1063 2400 1180 2434 justitiw
1201 2405 1262 2426 tuw.
1283 2400 1418 2433 Particeps
1441 2407 1486 2433 ego
1512 2406 1570 2424 sum
1594 2398 1709 2423 omnium
1728 2397 1763 2423 Ii-

978 2447 1104 2473 meutium
1121 2451 1145 2473 te
1160 2450 1184 2472 et
1200 2446 1402 2472 custodientium
1428 2444 1554 2471 mandata
1575 2449 1629 2470 tua.
1661 2442 1764 2470 Miseri-

978 2490 1069 2518 cordia
1085 2490 1191 2518 Domini
1218 2491 1294 2525 plena
1306 2495 1344 2518 est
1368 2495 1438 2517 terra
1451 2498 1459 2521 ,'
1472 2488 1681 2523 iustificationes
1703 2492 1762 2514 tua:

977 2535 1040 2562 doce
1055 2544 1104 2562 me.
1124 2535 1153 2562 Si
1176 2535 1393 2563 consideraveris
1419 2534 1620 2561 multitudinem
1646 2540 1762 2568 peccan-

979 2582 1057 2614 tium,
1082 2581 1165 2617 impie
1190 2582 1339 2616 agentium,
1362 2585 1388 2608 et
1410 2580 1578 2616 iniquitatem
1599 2583 1694 2606 contra
1709 2579 1763 2605 Ex-

978 2628 1080 2655 celsum
1096 2628 1275 2663 loquentium,
1291 2627 1393 2662 Deique
1407 2627 1434 2654 in
1453 2630 1492 2653 tot
1510 2627 1630 2661 peccatis
1644 2626 1762 2653 toleran-

978 2675 1044 2701 tiam
1059 2674 1247 2709 perpenderis,
1265 2674 1400 2709 quomodo
1415 2673 1496 2700 ctiam
1511 2677 1573 2708 post
1595 2673 1652 2699 hmo
1669 2671 1761 2698 omnia

978 2718 1044 2745 oriri
1064 2719 1146 2746 luciat
1169 2719 1254 2746 solem
1273 2726 1352 2746 suum
1373 2726 1454 2753 super
1471 2719 1556 2745 malos
1571 2721 1598 2745 et
1620 2717 1717 2745 bonos.
1733 2721 1761 2742 et

977 2763 1051 2798 pluat
1067 2772 1148 2798 super
1161 2764 1250 2799 justos
1260 2768 1287 2791 et
1303 2763 1461 2798 iniustos",
1471 2763 1562 2790 dices:
1573 2760 1759 2788 Misericordia

977 2810 1084 2846 Domini
1101 2811 1177 2844 plena
1192 2815 1230 2838 est
1247 2816 1327 2839 terra.
1342 2810 1547 2845 justiﬁcaliones
1564 2813 1622 2835 tuas
1634 2809 1696 2834 doce
1708 2813 1757 2833 me.

177 2887 198 2904 ²¹
219 2885 298 2914 Rom.
315 2894 365 2921 vn,
384 2887 427 2915 ll.
466 2888 486 2903 "
506 2887 584 2914 Num.
605 2895 686 2916 XVIII.
703 2886 746 2914 20.
788 2887 808 2902 ’³
830 2886 923 2914 Matth.
942 2895 967 2917 ν.
985 2886 1030 2914 45.
