2044 3212
285 214 353 243 15ἴὸ

635 211 768 240 EUSEBll
787 209 1023 238 C/ESARIENSIS
1034 209 1108 237 OPP.
1127 207 1216 234 PARS
1234 206 1277 233 Ill.
1292 221 1327 226 —
1345 202 1548 232 ESEGETICA.

1839 197 1904 226 1576

288 275 378 311 βρέχει
400 276 446 302 ἐπὶ
459 275 577 307 δικαίους
592 275 638 302 καὶ
652 274 770 305 ἀδίκους,
792 274 878 307 ὲρεῖς·
902 272 955 299 Τοῦ
970 270 1075 303 ἐλέους
1097 269 1207 303 Kt'plov
1225 268 1342 301 πλήρης
1363 266 1381 299 ὴ
1410 264 1459 299 γῆ,
1477 264 1513 290 τὰ
1545 260 1722 296 δικαιώματὰ
1745 268 1804 287 σου
1825 258 1905 285 δίδα-

287 321 342 353 ξόν
350 330 397 356 με.

323 367 406 396 Vens.
420 367 465 399 65,
483 367 528 395 66.
559 367 707 394 Bonitatem
736 367 822 401 fecisti
846 374 904 393 cum
922 372 995 392 seruo
1016 370 1071 393 tuo.

1159 356 1350 392 Χρηστότητιι
1373 354 1519 387 ἐποίησας
1542 351 1617 388 μετὰ
1636 351 1688 378 τοῦ
1713 350 1825 377 δούλου
1839 359 1907 384 σου,

288 414 410 446 Domine,
423 414 565 441 secundant
577 412 680 440 uerbum
695 418 779 441 tuum.
795 412 943 439 Bonitatem
956 418 981 438 et
990 411 1072 438 disci-

288 459 388 492 plinam
401 462 425 486 et
435 459 572 486 scientiam
587 458 650 485 doce
662 467 711 490 me,
724 459 786 493 quia
803 457 936 485 mandatis
949 458 1000 484 tuis
1017 465 1073 484 cre-

289 503 356 530 didi.
372 503 426 530 Pro
447 504 493 530 illo
510 513 516 530 ι
535 503 685 530 Bonitatem
700 503 796 538 fecisti,
818 502 997 539 Symmachus
1015 503 1073 530 edi-

289 549 328 576 dit
342 556 348 574 :
368 549 524 583 Bencfccisti
552 556 625 575 seruo
639 553 694 575 tuo.
721 548 840 575 Docctur
863 552 952 576 autem
969 548 1009 580 is,
1026 547 1072 583 qui

290 594 392 622 divinis
406 595 549 623 institutus
564 599 617 628 est,
635 603 670 623 ne
689 596 813 630 ingratus
831 596 866 622 sit
882 603 931 629 pro
942 595 1074 622 beneﬁcio

290 648 338 675 per
355 639 439 668 Deum
458 641 509 668 sibi
524 641 642 675 collato;
673 641 720 669 sed
745 642 824 672 sciat.
842 642 963 669 bonitate
980 641 1027 669 Dei
1039 642 1074 669 ad

290 693 320 713 se
337 686 522 720 perveniente,
535 694 564 713 se
580 686 691 722 dignum
717 687 839 714 habitum
858 686 943 714 fuisse
958 687 1004 722 qui
1018 695 1073 714 scr-

290 739 341 758 vus
353 731 399 758 Dei
415 737 568 766 vocaretur,
586 733 736 760 secundum
748 733 859 760 verbum
875 733 936 767 ejus
952 732 1013 760 talis
1035 731 1076 759 ef-

291 776 389 806 iectus.

299 821 304 826 ⁴
328 821 411 850 Vens.
427 822 470 849 67.
498 822 659 857 Priusquam
696 824 864 856 Itumitiurer,
893 832 940 859 ego
965 824 1074 859 deliqui,

291 873 428 902 propterea
441 869 572 903 eloquium
584 874 657 896 tuum
679 870 818 897 custodiri.
832 869 946 905 Propter
970 870 1074 905 priora,

293 914 392 953 inquit,
412 921 523 950 peccata
539 923 601 950 quae
615 916 792 948 admiseram,
805 917 933 948 traditus,
950 917 1077 944 humilia-

292 965 336 986 tus
351 967 423 992 sum,
437 960 540 996 Deique
551 961 656 996 judicio
670 961 695 988 id
712 970 773 989 sum
793 969 950 997 perpessus.
973 963 1068 996 Quam-

291 1006 386 1034 obrem
409 1006 561 1042 disciplina:
588 1008 716 1041 traditus,
732 1008 885 1036 doctrinam
910 1010 1028 1044 postulo,
1045 1012 1076 1036 υι

1123 405 1222 437 Κύριε,
1233 401 1308 429 κατὰ
1320 400 1373 428 τὸν
1385 401 1478 435 λόγον
1489 407 1558 425 σου.
1573 397 1764 432 Χρηστότητα
1778 397 1827 423 καὶ
1841 404 1905 422 παι-

1122 449 1207 476 δείαν
1227 447 1275 474 καὶ
1298 446 1412 482 γνῶσιν
1425 444 1549 477 δίδαξόν
1569 452 1617 478 με,
1634 443 1678 470 ὅτι
1697 442 1762 474 ταῖς
1773 442 1906 476 ἐντολαῖς

1105 506 1108 510 -
1123 503 1180 522 σου
1190 494 1365 521 ἐπίστευσα.
1383 491 1454 518 Ἀντὶ
1476 490 1537 517 τοῦ·
1553 490 1742 524 Χρηστὰητα
1752 489 1906 522 ἐποίησας,

1123 539 1328 574 εἰιηρτέτησας
1344 536 1525 579 uir/6017.10?
1541 544 1610 566 σου,
1622 534 1749 568 ἐξέδωκεν
1762 535 1776 559 6
1795 533 1907 579 Suppa-

1124 596 1180 623 χος.
1206 585 1366 612 Διδάσκεται
1394 582 1422 609 δὲ
1448 583 1463 609 ὁ
1485 581 1519 608 τὰ
1539 581 1597 607 θεῖα
1627 579 1842 615 πεπαιδευμένος
1874 578 1907 613 μὴ

1125 631 1294 667 ἀναισθήτως
1325 629 1396 665 ἔχειν
1414 628 1465 663 τῆς
1489 627 1529 659 εἰς
1555 626 1635 653 αὑτὸν
1660 625 1843 661 γεγενημένος
1864 625 1908 652 τοῦ

1125 678 1192 704 Θεοῦ
1207 675 1379 711 εὐεργεσίας·
1405 674 1501 700 ειδέναι
1516 672 1554 704 δὲ,
1572 672 1623 702 ὅτι.
1647 672 1832 707 χρηστότητος
1845 671 1909 698 θεοῦ

1126 723 1278 759 φθανούσης
1292 723 1332 752 εἰς
1347 720 1437 752 αὑτὸν,
1456 718 1620 754 κατηξίωται
1639 717 1731 749 δοῦλος
1746 717 1910 752 χρηματίσαι

1125 768 1204 799 Θεοῦ,
1215 767 1286 794 κατὰ
1301 766 1346 793 τὸν
1359 766 1438 799 λόγον
1453 764 1533 791 αὑτοῦ
1546 764 1700 799 γενόμενος.

1161 812 1221 846 Πρὸ
1237 811 1290 839 τοῦ
1308 809 1525 844 ταπεινωθῆναι
1549 808 1605 843 ἐγὼ
1620 808 1850 843 ἐπλημμένῑησα,
1866 807 1912 834 διὰ

1127 859 1214 886 τοῦτο
1231 857 1263 884 τὸ
1281 857 1384 892 λόγιόν
1401 864 1458 883 σου
1473 856 1619 890 ἐφύλαξα.
1637 855 1685 881 Διὰ
1705 855 1754 886 τὰς
1770 854 1912 890 προτέρας,

1128 905 1204 940 φησι,
1221 903 1388 939 πραχθεισας
1401 902 1535 938 ἁμαρτίας
1549 901 1707 937 παραδοθεὶς
1721 900 1912 935 ἐταπεινώθην,

1128 949 1218 986 κρίσει
1234 947 1302 975 Θεοῦ
1319 947 1405 974 ταῦτα
1422 946 1524 974 παθών.
1541 943 1577 973 Οῧ
1592 945 1624 982 δὴ
1638 946 1683 972 καὶ
1707 944 1786 980 χάριν
1805 944 1914 979 παιδείᾳ

1129 995 1302 1031 παραδοθεὶς,
1318 993 1412 1024 δέομαι
1426 993 1609 1024 διδασκαλίας,
1624 992 1662 1024 ὡς
1678 992 1711 1018 ἄν
1724 991 1778 1025 γνῶ
1787 991 1828 1018 δτι
1838 992 1856 1026 ἡ
1869 999 1914 1017 τα-

292 1060 456 1087 cognoscam
469 1053 540 1080 hau'c
557 1054 785 1087 humiliationem,
803 1063 864 1090 quae
881 1055 946 1082 mihi
968 1055 1077 1087 accidit,

1132 1042 1257 1073 πείνωσις
1275 1042 1291 1076 ἡ
1307 1040 1438 1076 γενομένη
1458 1048 1501 1075 μοι
1517 1038 1585 1066 κατὰ
1602 1038 1773 1074 χρηστότητα.
1791 1037 1839 1062 καὶ
1855 1044 1915 1063 παι-

291 1105 326 1124 οι
340 1097 460 1125 bonitate
477 1103 505 1125 et
519 1098 665 1134 disciplina
683 1100 807 1127 evenisse
825 1100 902 1128 mihi.

328 1142 411 1170 Vnus.
428 1144 473 1171 68.
491 1143 622 1179 Beuignu:
636 1153 663 1172 es
675 1151 714 1177 tu,
729 1145 848 1178 Domine,
861 1151 886 1173 et
909 1147 934 1173 in
963 1147 1079 1174 bonitate

293 1192 340 1214 tua
355 1188 418 1215 doce
439 1196 479 1215 me
487 1189 693 1224 justi/icationes
710 1195 780 1217 tuas.
808 1189 883 1225 Opus
905 1191 973 1225 justi
989 1196 1041 1224 est,
1052 1192 1079 1218 in

294 1233 423 1261 omnibus
435 1243 496 1269 quae
525 1235 665 1267 accidunt,
684 1237 812 1263 alacriter
829 1245 858 1264 se
878 1237 990 1269 habere,
1006 1237 1079 1272 quod

294 1278 352 1305 hac
367 1286 381 1305 a
395 1279 567 1308 Providentia
579 1281 782 1316 dispensentur,
795 1287 877 1318 atque
888 1283 928 1311 vel
938 1283 1080 1310 acerbiora

294 1323 418 1352 hilariter
433 1326 593 1361 accipiendo
606 1326 661 1354 Deo
670 1327 761 1355 dicere
774 1337 780 1354 :
798 1328 929 1364 Benignu:
942 1337 970 1355 es
982 1333 1078 1360 tu;ct:

294 1371 576 1400 IieuedicamDomino
588 1374 615 1400 in
636 1374 707 1400 omni
723 1379 846 1408 tempore,
862 1376 889 1401 in
906 1375 957 1402 hoc
974 1381 1082 1408 semper

295 1419 436 1454 proposito
453 1420 614 1448 insistendo.
626 1419 678 1448 Pro
692 1421 738 1447 illo
751 1431 757 1448 :
769 1421 902 1456 Benignus
915 1430 942 1448 es
963 1426 1001 1454 tu,
1016 1421 1080 1448 reli-

295 1472 355 1499 quae
371 1463 506 1492 editiones
523 1474 528 1491 :
540 1464 630 1491 Bonus
645 1473 671 1492 es
684 1470 723 1497 tu,
737 1465 921 1500 interpretata:
933 1470 1007 1493 sunt.
1017 1464 1081 1493 Scio

296 1507 402 1542 utique.
418 1508 466 1538 ait.
486 1516 574 1543 neque
590 1509 685 1536 dubito
702 1509 736 1536 de
758 1515 858 1537 natura
870 1515 926 1543 tua,
945 1511 1017 1546 quod
1039 1511 1078 1538 ni-

296 1553 396 1580 mirum
424 1553 483 1588 ipsa
511 1554 619 1582 bonitas
643 1555 696 1588 sit;
716 1555 764 1582 sed
791 1556 900 1590 postulo
928 1556 1081 1583 doctrinam

292 1598 521 1633 jnstilicationum
552 1604 672 1632 tuarum,
696 1609 750 1636 qua
773 1609 817 1628 me
850 1601 956 1628 institui
989 1610 1080 1637 rogo:

295 1652 358 1671 nam
375 1645 500 1673 doctrina
519 1654 597 1681 egeo,
614 1650 643 1673 ut
667 1655 808 1675 sermones
826 1648 860 1675 de
882 1649 1008 1683 superbis
1036 1656 1082 1675 co-

295 1698 436 1725 gnoscam.

332 1770 416 1798 Vsus.
434 1770 478 1798 69.
498 1770 678 1806 Multipticuta
691 1776 730 1798 est
745 1779 822 1806 super
840 1779 879 1798 me
895 1771 1020 1806 iniquitas
1037 1779 1079 1798 su-

296 1815 454 1850 perborum;
469 1824 515 1851 ego
529 1821 615 1842 autent
634 1816 661 1842 in
688 1820 742 1843 toto
770 1816 848 1843 corde
874 1824 929 1842 meo
945 1816 1083 1842 scrutabor

297 1861 426 1889 mandata
444 1867 500 1889 tua.
515 1861 622 1895 Quanto
640 1862 741 1896 jnstior
754 1861 890 1897 quispiam
903 1866 956 1894 est,
976 1861 1084 1897 θεοίνια

297 1909 386 1944 magis
409 1908 539 1939 adlmret,
556 1916 588 1936 ac
612 1909 640 1936 in
665 1916 697 1936 eo
718 1916 771 1944 pax
797 1908 844 1936 Dei
867 1909 1083 1944 multiplicatur;

297 1959 375 1983 tanto
391 1955 476 1991 magis
492 1955 520 1983 in
531 1963 574 1988 eo,
590 1959 683 1990 utpote
698 1956 880 1991 praestantiori
899 1955 1011 1989 athleta,
1028 1956 1070 1982 vir

298 2004 344 2028 tus
366 2001 510 2034 accrescit,
544 2001 688 2037 plusquam
715 2000 896 2035 superborum
924 2000 1014 2035 ipsum
1038 2000 1084 2027 lte-

299 2048 364 2075 dere
380 2047 546 2081 volentium;
561 2048 619 2074 sive
633 2046 853 2074 adversariarnm
870 2047 1012 2077 virtutum.
1028 2047 1085 2074 sive

301 2093 452 2120 hominum.
471 2092 528 2120 Hoc
556 2098 646 2120 autem
671 2097 793 2128 peracto.
820 2100 854 2120 ne
873 2092 912 2119 vel
942 2093 1084 2119 minimum

300 2139 410 2174 quidem
425 2140 566 2167 remissior
584 2140 683 2173 evadit,
701 2139 848 2174 quominus
881 2139 908 2166 in
933 2142 991 2166 toto
1003 2138 1086 2166 corde

301 2189 440 2214 scrutetur
457 2185 583 2212 mandata
598 2184 656 2216 Dei,
672 2190 701 2212 ut
715 2185 798 2212 faciat
812 2193 855 2213 ea.

335 2229 418 2256 Vens.
435 2229 527 2257 70-72.
541 2229 717 2264 Coagulatnm
729 2235 766 2257 est
783 2230 902 2257 sicutlac
919 2239 964 2257 cor
979 2238 1086 2258 eorum:

299 2284 346 2312 ego
364 2284 422 2303 vero
438 2277 518 2311 legem
542 2281 615 2303 tuam
636 2276 777 2304 meditatus
803 2285 873 2304 sum.
894 2277 998 2304 Bonum
1023 2278 1087 2304 mihi

299 2323 363 2357 quia
379 2322 528 2350 humilitati
544 2331 594 2355 me,
611 2327 640 2349 ut
659 2322 760 2350 discam
783 2323 990 2358 justi/icationes
1015 2328 1085 2351 tuas.

300 2369 405 2397 Bonum
419 2369 485 2397 mihi
499 2370 541 2397 lex
553 2371 605 2397 oris
620 2371 658 2397 tui
669 2378 747 2405 super
756 2371 841 2398 millia
857 2371 918 2398 auri
932 2377 958 2399 et
973 2372 1085 2408 argenti.

1128 1088 1200 1115 δείαν
1212 1087 1328 1122 ἐγένετο.

1163 1132 1299 1167 Χρηστὸς
1320 1131 1350 1160 εἴ
1364 1132 1416 1163 σὺ,
1433 1131 1530 1166 Κύριε,
1548 1130 1597 1157 καὶ
1615 1129 1652 1164 τῇ
1667 1129 1848 1164 χρηστότητί
1860 1135 1915 1155 σου

1129 1179 1253 1212 δίδαξόν
1274 1187 1312 1214 με
1333 1178 1369 1206 τὰ
1393 1177 1571 1213 δικαιώματά
1597 1184 1665 1204 σου,
1699 1176 1810 1202 Δικαῐου
1840 1176 1916 1211 ἔργον

1129 1226 1213 1257 ἐστὶν,
1222 1225 1268 1251 ἐπὶ
1277 1225 1343 1251 πᾶσι
1355 1225 1410 1256 τοῖς
1427 1223 1618 1260 συμῦαίνουσιν
1631 1223 1861 1258 εὐαρεστοὺμενον
1873 1222 1918 1249 καὶ

1130 1270 1386 1307 κατακληρούμενον
1401 1270 1455 1297 ἀπὸ
1469 1271 1518 1306 τῆς
1536 1270 1677 1306 Προνοίας,
1692 1270 1791 1306 ἱλαρῶς
1807 1268 1917 1305 δεχομέ-

1130 1325 1174 1343 νου
1186 1316 1284 1350 λέγειν,
1293 1316 1340 1342 καὶ
1349 1316 1395 1342 ἐπὶ
1405 1317 1458 1346 τοῖς
1466 1316 1634 1351 πικροτέροις
1642 1313 1711 1342 εἶναι
1721 1316 1917 1351 νομιζομένοις,

1131 1363 1170 1397 τῷ
1183 1362 1242 1398 Θεῷ
1255 1362 1299 1388 τό·
1320 1361 1456 1396 Χρηστὸς
1467 1359 1496 1388 εἷ
1508 1361 1558 1393 σὺ,
1575 1362 1620 1388 καὶ
1632 1361 1676 1388 τό·
1690 1361 1858 1395 Εὐλογήσω
1868 1360 1918 1387 τὸν

1132 1408 1241 1442 Kt'vpror
1269 1407 1304 1433 ἐν
1332 1406 1420 1433 παντὶ
1454 1406 1554 1440 καιρῷ,
1586 1406 1636 1440 τῆς
1670 1405 1753 1441 αὐτῆς
1793 1406 1917 1441 ἐχόμενον

1134 1453 1326 1489 προαιρέσεως.
1350 1452 1422 1478 Ἀντὶ
1437 1452 1494 1485 τοῦ,
1512 1453 1646 1486 Χρηστὸς
1659 1450 1686 1479 εἴ
1707 1452 1758 1483 σὺ,
1776 1453 1803 1478 αἱ
1828 1451 1917 1478 λοιπαὶ

1132 1498 1251 1530 ἐκδόσεις
1261 1507 1267 1512 ·
1283 1498 1399 1532 Ἀγαθός
1412 1495 1441 1524 εἶ
1450 1497 1501 1527 σὺ,
1515 1498 1700 1532 ἡρμήνευσαν.
1710 1497 1776 1524 Οἶδα
1792 1497 1842 1532 μὲν
1861 1495 1916 1528 οὖν,

1132 1545 1210 1580 φησὶ,
1219 1544 1265 1571 καὶ
1277 1545 1326 1571 οὐκ
1345 1543 1507 1579 ἁμψιὸάλλω
1519 1544 1581 1579 περὶ
1593 1544 1641 1579 τῆς
1654 1543 1703 1578 σῆς
1717 1543 1822 1575 οὐσίας,
1837 1543 1918 1577 ὁτιδὴ

1133 1590 1300 1624 αὐτοάγαθον
1319 1590 1458 1625 πέφυκεν·
1473 1589 1539 1616 ἀλλὰ
1559 1590 1653 1625 δέομαι
1672 1590 1847 1621 διδασκαλίας
1868 1590 1919 1616 τῶν

1132 1635 1322 1671 δικαιωμάτων
1339 1644 1395 1666 σου,
1411 1635 1444 1671 ἥν
1460 1635 1527 1667 ἁξιῶ
1546 1635 1650 1667 διδάξαι
1679 1643 1727 1670 με·
1748 1635 1919 1666 διδασκαλίας

1133 1682 1188 1718 γάρ
1212 1690 1256 1717 μοι
1280 1682 1330 1712 δεῖ,
1359 1682 1398 1713 εἰς
1419 1681 1450 1707 τὸ
1472 1681 1572 1715 γνῶναι
1593 1682 1655 1713 τοὺς
1679 1681 1742 1718 περὶ
1765 1681 1819 1707 τῶν
1841 1681 1919 1717 ὑπερ-

1097 1723 1118 1750 C
1133 1727 1246 1763 ηφὰνων
1261 1728 1366 1761 λόγους.

1175 1774 1361 1808 Ἐπληθύνθη
1371 1773 1419 1800 ἐπ’
1440 1773 1492 1808 ἐμὲ
1514 1773 1615 1801 ἀδικία
1636 1772 1852 1808 ὑπερηφάνων·
1867 1771 1921 1807 ἐγὼ

1132 1818 1281 1854 δὲέν-ὅλῃ
1305 1820 1411 1854 καρδίᾳ
1424 1828 1483 1854 μου
1507 1819 1697 1854 ἐξερευνήσω
1719 1819 1772 1853 τὰς
1797 1819 1921 1851 ἐντολάς

1133 1873 1200 1893 σου.
1210 1866 1284 1901 ’Ὀσῳ
1293 1865 1396 1898 δίκαιός
1409 1866 1450 1898 τίς
1461 1867 1532 1898 ἐστι,
1541 1865 1753 1901 προστιθέμενος
1772 1866 1818 1892 ἐπὶ
1835 1865 1921 1891 πλεῖον

1134 1911 1172 1946 τῷ
1190 1910 1259 1946 Θεῷ,
1278 1911 1325 1938 καὶ
1337 1911 1501 1947 πληθύνεται
1515 1913 1544 1939 ὲν
1556 1911 1630 1947 αὐτῷ
1644 1913 1661 1948 ἡ
1675 1912 1771 1948 εἰρήνη
1785 1911 1832 1938 τοῦ
1846 1910 1920 1942 Θεοῦ,

1133 1957 1262 1993 τοσούτῳ,
1281 1957 1318 1988 ὡς
1336 1957 1382 1984 ἐπὶ
1410 1957 1529 1993 ἀθλητὴν
1549 1957 1661 1992 μείζονα
1690 1957 1734 1984 ἐπ’
1760 1957 1835 1993 αὐτῷ
1859 1957 1922 1992 πλη-

1135 2003 1253 2035 θύνεται,
1271 2003 1288 2038 ἢ
1302 2003 1356 2030 τῶν
1370 2003 1471 2030 ἀδικεῖν
1482 2004 1563 2030 αὑτὸν
1581 2003 1712 2030 θελόντων
1730 2003 1921 2039 ὑπερηφάνων,

1135 2049 1190 2076 εἴτε
1218 2049 1360 2084 δυνάμεων
1380 2049 1587 2084 ἀντικειμένων,
1605 2050 1660 2076 εἴτε
1676 2048 1837 2084 ἀνθρώπιον.
1858 2048 1923 2074 Τού-

1135 2104 1181 2122 του
1196 2094 1224 2121 δὲ
1240 2094 1394 2130 γινομένου,
1410 2094 1470 2121 οὐδὲ
1487 2094 1557 2125 κατὰ
1576 2095 1608 2121 τὸ
1633 2095 1708 2122 ποιὸν
1728 2094 1865 2121 ἐνδίδωσιν
1878 2092 1922 2120 τοῦ

1137 2141 1175 2176 μὴ
1193 2142 1222 2168 ὲν
1241 2140 1289 2176 ὅλῃ
1305 2140 1404 2176 καρδίᾳ
1427 2140 1571 2176 ὲξερευνᾷν
1587 2140 1637 2173 τὰς
1652 2140 1761 2173 ἐντολὰς
1786 2140 1833 2167 τοῦ
1857 2140 1922 2167 Θεοῦ

1137 2187 1204 2222 πρὸς
1220 2187 1250 2213 τὸ
1269 2187 1315 2213 καὶ
1327 2187 1438 2222 ποιῆσαι
1450 2187 1545 2219 αὑτάς.

1177 2233 1325 2267 Ἐτυρώθη
1343 2233 1384 2266 ὡς
1402 2233 1480 2268 τάλα
1501 2235 1520 2268 ἡ
1544 2233 1650 2268 καρδία
1679 2232 1793 2260 αὐτῶν·
1813 2232 1870 2266 ἐγὼ
1891 2231 1924 2258 δὲ

1136 2279 1189 2305 τὸν
1202 2279 1295 2313 νόμον
1312 2287 1370 2306 σου
1388 2278 1564 2314 eliciet-nua.
1585 2279 1705 2314 Ὰγπθόν
1713 2287 1776 2312 μοι,
1800 2277 1845 2304 ὅτι
1859 2277 1924 2304 ἑτα-

1136 2323 1286 2357 πείνωσάς
1301 2332 1350 2358 με,
1370 2323 1450 2357 ὅπως
1468 2323 1506 2350 ἂν
1516 2323 1600 2358 μάθω
1615 2324 1650 2350 τὰ
1661 2322 1841 2365 δικαιώματά
1857 2331 1922 2350 σου.

1143 2368 1260 2402 Ἀγαθός
1273 2377 1324 2402 μοι
1337 2369 1354 2395 ὁ
1372 2369 1465 2403 νόμος
1480 2368 1533 2395 τοῦ
1550 2369 1698 2403 στόματός
1716 2376 1774 2396 σου
1788 2367 1865 2402 ὑπὲρ
1880 2377 1923 2403 χι-

300 2414 367 2442 Nam
391 2422 454 2443 ante
476 2416 632 2451 superbiam
652 2417 772 2451 quidem,
790 2417 941 2445 incolumes
958 2421 985 2445 et
1003 2417 1080 2445 corde

1137 2414 1243 2447 λιάδας
1265 2414 1393 2448 χρυσίου
1415 2415 1463 2441 καὶ
1488 2414 1639 2449 ἀργυρίου.
1666 2415 1723 2451 Πρὸ
1739 2415 1790 2451 μὲν
1810 2415 1865 2452 γὰρ
1878 2415 1925 2450 τῆς

302 2461 424 2496 vigentes
452 2467 539 2495 erant,
555 2467 647 2498 atque,
666 2467 696 2490 ut
718 2463 756 2490 ita
777 2463 877 2496 dicam,
894 2463 1039 2499 potabiles,
1056 2467 1086 2491 ut

301 2508 384 2534 etiam
400 2509 462 2536 lacti
485 2509 519 2536 ad
548 2517 640 2537 escam
669 2510 816 2538 utilissimo
843 2515 1084 2545 compararentur;

302 2559 445 2589 postquam
460 2559 550 2582 autem
576 2555 731 2591 superbiam
761 2556 919 2589 induerunt,
933 2564 1027 2584 omnes
1043 2557 1085 2584 in-

302 2599 393 2626 durati
419 2600 498 2634 quasi
516 2608 531 2627 e
550 2600 620 2628 lacte
646 2600 673 2627 in
688 2607 799 2628 caseum
825 2600 984 2627 commutati
1010 2604 1084 2627 sunt.

302 2644 356 2672 Pro
381 2645 428 2672 illo
445 2650 546 2676 autem,
562 2647 730 2681 coagulatum
741 2651 790 2678 est,
810 2646 906 2680 Aquila
921 2645 989 2673 dicit
1005 2654 1012 2671 :
1029 2645 1087 2672 1m-

303 2691 458 2725 pinguatum
472 2696 510 2717 est
526 2692 604 2726 quasi
624 2692 704 2726 adeps
728 2699 888 2722 ocrearum;
905 2691 1086 2726 Symmachus

303 2740 396 2764 autem
415 2744 423 2762 :
439 2735 615 2764 Hedullatum
625 2744 664 2765 est
675 2738 744 2764 sicut
759 2738 838 2773 adeps
849 2745 895 2765 cor
909 2745 1009 2764 eorum.
1028 2738 1086 2764 Ca;-

304 2787 393 2810 terum
409 2783 473 2810 licet
493 2782 530 2810 illi
547 2783 574 2810 in
591 2783 634 2811 his
647 2789 835 2816 versarentur,
853 2792 902 2820 ego
917 2792 931 2811 a
947 2784 1089 2819 proposito

304 2828 416 2857 minime
427 2829 546 2862 recessi;
565 2830 612 2857 sed
629 2834 686 2857 toto
698 2831 781 2858 corde
798 2832 941 2858 serntabar
959 2831 1084 2858 mandata

304 2878 350 2901 tua
369 2885 375 2902 :
393 2875 426 2902 ab
450 2875 608 2902 earumdem
643 2876 812 2904 scrutatione
834 2877 1011 2911 providentiae
1034 2881 1086 2904 tum:

304 2928 335 2947 ae
350 2923 540 2949 universorum
557 2922 801 2951 administrationis
816 2923 938 2951 notitiam
963 2928 1085 2958 captans.

1140 2459 1327 2495 ὑπερηφανίας
1341 2459 1446 2487 εὕεκτοι
1458 2468 1529 2492 τινες
1542 2461 1589 2488 καὶ
1600 2461 1698 2488 ἁπαλοὶ
1712 2459 1783 2497 ἦσαν
1794 2461 1845 2498 τὴν
1861 2470 1926 2497 uap—

1139 2506 1207 2539 δίαν,
1232 2506 1280 2532 καὶ
1308 2506 1418 2541 πότιμοι
1444 2506 1481 2538 ὡς
1508 2507 1547 2542 τῲ
1574 2507 1690 2541 γάλακτι
1719 2507 1804 2543 αὐτὴν
1836 2515 1925 2542 παρα-

1138 2551 1282 2578 ϐάλλεσθαι
1299 2553 1508 2588 τροφιμωτάτῳ·
1531 2545 1611 2589 ἡνίκᾶ
1630 2553 1658 2580 δὲ
1675 2553 1724 2589 τὴν
1738 2554 1924 2589 ὑπερηφανίαν

1140 2598 1296 2626 ἐνεδύσαντο
1321 2600 1431 2631 πάντες,
1454 2600 1500 2626 καὶ
1525 2600 1746 2635 σκληρυνθέντες,
1766 2600 1848 2626 οἱονεὶ
1873 2600 1924 2627 ἀπὸ

1139 2643 1273 2677 γάλακτος
1288 2644 1328 2675 εἰς
1350 2644 1431 2679 τυρὸν
1449 2644 1692 2680 μεταῦεὸλήκασιν.
1716 2645 1788 2671 ’Δντὶ
1813 2645 1842 2671 δὲ
1867 2644 1924 2675 τοῦ,

1138 2689 1284 2724 ἑτιφώθη,
1308 2691 1322 2716 ὁ
1349 2691 1399 2726 μὲν
1427 2691 1541 2722 Ἀκύλας
1571 2691 1670 2726 φησιν·
1694 2690 1854 2724 Ἑλιπάνθη
1886 2691 1924 2722 ὡς

1139 2735 1229 2770 στέαρ
1238 2737 1256 2770 ἡ
1265 2737 1371 2771 καρδία
1385 2737 1483 2764 αὐτῶν
1492 2745 1499 2752 '
1513 2737 1561 2764 ὁδὲ
1576 2737 1721 2773 Σύμμαχος
1732 2746 1738 2751 ·
1756 2736 1924 2772 Ἐμυιιιώθη

1141 2783 1181 2815 ὠς
1198 2782 1290 2817 στέαρ
1307 2785 1327 2818 ἢ
1342 2784 1447 2819 καρδία
1467 2784 1575 2811 αὐτῶν.
1592 2785 1665 2820 Πλὴν
1681 2784 1739 2810 ἀλλ’
1754 2784 1780 2810 εἰ
1804 2785 1924 2810 κάκεῖνοι

1142 2830 1170 2856 ὲν
1189 2829 1292 2861 τούτοις
1316 2828 1397 2866 ἦσαν,
1425 2830 1480 2865 ἐγὼ
1507 2831 1560 2858 τῶν
1579 2831 1639 2866 ἐμοὶ
1665 2831 1851 2866 προκειμένων
1877 2830 1923 2856 οὐκ

1140 2877 1301 2912 ἀνεχώρουν,
1315 2878 1343 2904 ὲν
1354 2878 1402 2913 ὅλῃ
1415 2877 1511 2913 καρδίᾳ
1523 2877 1669 2913 ἐξερευνῶν
1678 2877 1727 2909 τὰς
1741 2877 1850 2909 ἐντολάς
1866 2884 1920 2903 σου.

1142 2923 1194 2948 ἀπὸ
1217 2922 1264 2957 τῆς
1282 2921 1383 2948 τούτων
1407 2922 1519 2958 ἐρεύνης
1533 2923 1580 2958 τὴν
1600 2921 1699 2956 γνῶσιν
1720 2921 1771 2956 τῆς
1787 2922 1837 2955 σῆς
1859 2927 1922 2954 προ-
