2044 3212
117 153 185 180 ίὲιΠ

704 148 956 178 COMMENTARIA
976 148 1008 176 IN
1030 147 1200 176 PSALMOS.

1351 133 1407 166 "5
1670 150 1741 178 157s

113 212 188 243 νοίας
205 210 252 237 καὶ
273 210 320 246 τῆς
344 209 459 236 καθόλου
483 209 641 244 διοικήσεως
668 207 835 244 θηρώμενος,
859 206 901 233 καλ

958 206 1047 241 Atque
1064 206 1174 233 illorum
1190 205 1299 240 quidem
1317 213 1370 233 cor
1390 205 1516 241 praesenti
1542 206 1604 233 cibo
1628 214 1678 234 suo
1692 207 1744 251 im—

112 258 167 286 τῶν
184 257 232 292 μὲν
248 257 264 292 ἡ
282 255 379 292 καρδία
400 255 552 282 ὲλιπαίνετο
575 256 603 281 ὲν
620 255 653 290 τῇ
668 254 794 289 παρούσῃ
813 253 903 285 αὐτοῖς

112 304 199 339 τροφῇ
209 311 215 317 ·
233 301 287 336 ἐγὼ
297 301 326 328 δὲ
337 301 383 328 τὸν
397 301 476 337 νόμον
488 310 535 328 σου
554 300 715 336 ἐμελέτησα.

144 350 178 376 AI
197 347 295 382 χεῖρές
318 354 377 374 σου
401 347 550 382 ἐποίησάν
563 355 602 382 με
625 346 676 373 καὶ
691 346 830 374 ἔπλασαν
846 355 883 381 με
894 354 901 361 σ

112 395 276 423 συνέτσόν
294 403 333 430 με
355 394 405 420 καὶ
420 394 592 429 μαθήσομαι
616 393 671 426 τὰς
692 392 818 425 ἐντολάς
834 400 901 420 σου.

112 441 232 478 Οὐρανὸν
250 440 298 476 μὲν
317 439 370 476 γὰρ
394 439 442 467 καὶ
468 440 520 476 γῆν
542 439 589 467 καὶ
607 439 696 466 πάντα
718 439 753 466 τὰ
768 440 797 467 ἐν
813 439 904 471 αὐτοῖς

111 488 183 523 λόγῳ
196 487 400 523 δημιουργήσας
426 486 474 514 καὶ
490 486 693 522 προστάγματι,
707 486 750 512 ὅτε
762 483 843 522 ἦλθεν
857 486 904 513 ἐπὶ

110 534 156 561 τὸν
173 533 315 569 ἄνθρωπον
328 530 404 559 εἶπεν
412 541 419 548 ⁸
433 531 610 567 Ποιήσωμεν
622 532 778 567 ἄνθρωπον
791 532 854 558 κατ’
864 533 903 559 ει-

111 579 187 606 κόνα
203 578 282 606 ἰδίαν
292 578 341 605 καὶ
360 578 423 605 καθ’
443 578 594 613 ὁμοίωσιν.
611 577 670 604 Τίνι
687 577 714 604 δὲ
731 577 804 612 ἄλλῳ
818 577 902 611 λέγει,

111 624 287 658 Ποιήσωμεν
310 625 476 658 ἄνθρωπον,
493 623 510 660 ἢ
537 623 576 660 τῷ
591 625 738 658 Μονογενεῖ
760 623 841 651 αὐτοῦ
857 623 903 650 καὶ

111 671 150 706 τῷ
165 671 304 707 Πνεύματι
329 671 408 707 ἁγίῳ,
432 670 479 702 οὒς
502 670 549 697 καὶ
573 671 667 706 χεῖρας
687 669 736 697 νῦν
752 669 901 702 ἀποκαλεῖς

112 717 168 744 Καὶ
182 717 210 743 ἐν
227 716 265 752 τῷ
283 715 341 742 Ἰὼΰ
355 716 383 742 δὲ
394 716 547 751 γέγραπται
556 724 564 730 ·
578 717 612 743 At
628 715 725 750 χεῖρές
736 723 794 742 σου
803 715 904 749 ἐποίη-

110 761 172 789 σάν
182 769 232 796 με,
248 761 296 788 καὶ
315 759 454 787 ἔπλασαν
464 769 503 794 με
514 766 521 774 ’
539 760 614 795 μετὰ
628 759 719 786 ταῦτα
728 758 903 794 μεταϐαλών

108 816 148 843 με
170 807 275 840 δεινῶς
302 807 428 840 ὀλέκεις,
450 806 686 837 ἐπανακαινίζων
703 806 749 833 ἐπ’
769 805 821 841 ἐμὲ
846 804 903 839 τὴν

112 853 219 880 ἔτασίν
230 862 299 888 μου.
319 852 424 879 Οὐκοῦν
439 853 466 879 at
496 853 585 888 χεῖρες
597 851 643 878 τοῦ
658 851 725 878 Θεοῦ
742 852 789 878 καὶ
808 851 902 886 ἐποίη-

958 252 1152 287 pinguabatur,
1167 252 1231 278 dum
1248 259 1298 287 ego
1312 252 1399 288 legem
1416 255 1490 279 tuam
1507 252 1662 279 meditarer.

992 339 1076 367 Vens.
1093 340 1136 368 73.
1149 339 1245 367 Manus
1261 344 1312 368 tua:
1324 339 1441 375 fecerunt
1457 349 1496 367 me
1513 346 1537 367 et
1547 340 1743 375 plasmat'erunt

957 395 997 414 me
1013 395 1022 413 :
1037 386 1074 413 da
1089 386 1153 413 mihi
1172 386 1346 418 intellectum,
1363 390 1388 413 et
1411 387 1513 414 discam
1535 387 1663 414 mandata
1685 391 1741 414 tua.

956 433 1024 461 Cum
1044 432 1116 460 Deus
1129 434 1228 461 coelum
1246 437 1273 461 et
1299 437 1400 461 terram
1421 436 1448 461 et
1477 434 1568 461 omnia
1584 441 1645 469 quae
1659 434 1686 461 in
1701 434 1742 462 eis

956 483 1021 508 sunt
1045 479 1129 507 verbo
1153 484 1180 507 et
1206 484 1342 515 pracepto
1364 487 1415 508 suo
1439 479 1616 511 condidisset.
1632 481 1742 516 quando

955 527 1031 554 venit
1045 526 1078 554 ad
1099 526 1249 558 hominem,
1276 525 1345 553 dixit
1361 535 1368 553 :
1386 524 1533 553 Faciamus
1551 526 1680 553 hominem
1707 526 1741 553 ad

956 573 1096 608 imaginem
1110 576 1135 599 et
1148 571 1348 599 similitudinem
1363 577 1482 599 nostram
1495 572 1527 600 “.
1541 572 1657 600 Cuinam
1677 579 1742 601 vero

956 618 1002 645 alii
1014 618 1081 645 dicit
1099 627 1106 645 :
1124 617 1268 645 Faciamus
1289 617 1430 650 hominem,
1446 618 1499 645 nisi
1529 617 1674 653 Unigenito
1691 626 1741 646 suo

956 668 983 691 et
992 662 1105 699 Spiritui
1119 668 1225 696 sancto.
1235 672 1305 699 quos
1315 664 1370 699 jam
1385 671 1483 691 manus
1498 664 1634 699 appellat?
1647 663 1676 690 ln
1691 663 1741 691 Job

956 709 1020 737 item
1036 709 1167 736 scribitur
1183 719 1189 736 :
1207 709 1302 736 Manus
1323 714 1375 736 tua:
1386 709 1502 744 fecerunt
1515 718 1564 742 me,
1580 714 1604 736 et
1624 709 1742 744 plasma-

956 760 1046 783 t'erunt
1057 764 1097 783 me
1108 764 1116 782 :
1127 760 1217 790 postea
1236 760 1353 783 mutatus
1368 764 1408 783 me
1423 756 1479 783 dire
1496 755 1595 789 perdis.
1613 764 1741 783 renovans

955 801 982 828 in
996 809 1035 828 me
1045 809 1154 829 examen
1168 809 1253 828 meum
1264 801 1296 829 "‘.
1311 800 1405 837 Itaque
1423 809 1521 830 manus
1546 801 1592 830 Dei
1617 802 1742 830 fecerunt

955 852 982 875 et
1006 848 1222 882 plasmaverunt.
1247 847 1286 876 Ac
1307 847 1440 884 Origenes
1450 848 1560 883 quidem
1573 853 1600 876 et
1615 849 1740 877 nonnulli

113 907 162 926 σαν
177 899 224 925 καὶ
237 898 366 925 ἔπλασαν.
379 897 434 924 Καὶ
450 898 589 933 Ὧριγένης
607 897 656 934 μὲν
667 897 714 924 καὶ
729 897 817 933 ἕτεροί
831 905 901 929 τινες

954 894 1000 921 alii
1014 894 1090 926 illud,
1106 894 1234 928 fecerunt,
1247 893 1281 922 de
1291 894 1381 922 anima
1395 894 1500 922 dictum
1515 895 1553 922 ait
1566 903 1573 928 ;
1585 895 1651 922 illud
1664 903 1739 929 vero.

111 945 151 976 τὸ,
173 945 331 978 ἐποίησαν,
359 944 405 970 ἐπὶ
427 943 478 978 τῆς
507 943 595 979 ψυχῆς
612 943 738 979 είρῆσθαί
754 951 846 978 φασιν,
871 942 902 969 τὸ

111 991 151 1022 δὲ,
166 990 315 1022 ἔπλασαν,
344 989 391 1015 ἐπὶ
415 988 462 1015 τοῦ
492 987 627 1024 σώματος.
646 988 738 1015 Ἄλλοι
751 989 779 1015 δὲ
793 988 824 1014 τὸ
840 987 900 1023 μὲν,

112 1037 271 1070 ἐποίησαν,
296 1035 342 1062 ἐπὶ
358 1036 408 1071 τῆς
428 1034 538 1071 πρώτης
565 1034 745 1071 δημιουργίας
768 1034 848 1070 φασὶν
864 1035 902 1061 εί-

113 1081 223 1118 ρῆσθαι,
238 1081 268 1108 τὸ
276 1081 471 1114 δὲ,ἐπλασαν,
488 1081 534 1108 ἐπὶ
550 1081 598 1117 τῆς
616 1081 662 1108 τοῦ
676 1080 789 1117 λουτροῦ
803 1081 901 1115 παλιγ-

112 1128 237 1162 γενεσίας
253 1127 300 1154 καὶ
315 1127 503 1160 ἁναπλάσεως.

149 1175 181 1200 οι
199 1173 378 1208 φοϐούμενοί
391 1181 428 1200 σε
449 1173 575 1207 ὄψονται
592 1181 640 1207 με,
670 1173 719 1200 καὶ
733 1171 902 1207 εὐφρανθή-

113 1227 227 1250 σονται,
236 1218 280 1245 ὅτι
286 1219 330 1251 εἰς
337 1218 408 1251 τοὺς
417 1218 527 1253 λόγους
534 1225 592 1244 σου
603 1218 769 1252 ἐπήλπισα.
775 1218 899 1252 Ἐγ-νων,

113 1266 212 1299 Κυριε.
233 1265 277 1291 ὅτι
291 1264 470 1299 δικαιοσύνη
484 1264 520 1291 τὰ
536 1263 663 1299 κρίματά
678 1272 746 1297 σου,
765 1264 813 1291 καὶ
828 1264 902 1297 ἀλη-

114 1311 178 1344 θείᾳ
193 1310 391 1343 ἐταπείνωσάς
403 1318 451 1344 με.
465 1307 630 1344 Τενηθήτω
644 1309 682 1344 δὴ
695 1309 729 1336 τὸ
740 1309 826 1342 ἔλεός
843 1316 901 1336 σου

113 1357 168 1385 τοῦ
187 1356 394 1392 παρακαλέσαι
422 1365 475 1391 με,
499 1356 575 1383 κατὰ
604 1355 637 1382 τὸ
660 1356 765 1390 λόγιόν
786 1363 844 1382 σου
861 1354 902 1388 τῷ

113 1403 213 1436 δούλῳ
239 1411 307 1430 σου.
330 1402 514 1430 Ἐλθέτωσάν
535 1411 586 1437 μοι
612 1403 639 1429 oi
666 1402 810 1436 οἰκτιρμοί
831 1408 900 1434 σου,

114 1451 162 1478 καὶ
178 1450 312 1484 ζῆσομαι,
325 1449 370 1476 ὅτι
391 1450 408 1476 d
420 1449 511 1484 νόμος
525 1457 583 1476 om;
595 1448 705 1483 μελέτη
724 1457 784 1483 μου
803 1448 899 1475 ἐστίν.

115 1497 146 1524 Εἰ
162 1496 233 1523 ἔλθοι
249 1496 291 1522 ἐπ’
308 1495 358 1530 ἐμὲ
375 1495 405 1521 τὸ
423 1494 496 1526 ἔλεός
515 1503 572 1527 σου,
593 1494 640 1520 καὶ
650 1493 783 1529 φθήσαιεν
796 1494 858 1529 ἐμοὶ
875 1495 900 1520 οἱ

114 1542 250 1579 οἰκτιρμοί
265 1551 321 1574 σου,
345 1541 375 1568 οὗ
392 1540 618 1575 καταποθήσομαι
638 1540 690 1566 ὑπὸ
705 1540 755 1575 τῆς
769 1539 900 1567 ταπεινὼα

115 1597 194 1620 σεως,
212 1587 268 1614 ἀλλ’
282 1587 489 1622 ἐγκαρτερήσας
503 1585 546 1612 διὰ
556 1586 605 1621 τῆς
624 1585 773 1621 ὑπομονῆς,
795 1583 824 1612 εὖ
841 1583 899 1612 οἶδα

115 1634 155 1660 ὅτι
182 1633 311 1669 ζήσομαι.
341 1633 437 1667 Τυχεῖν
465 1632 494 1658 δὲ
516 1631 562 1658 τοῦ
587 1631 678 1663 ἐλέους
703 1640 750 1658 σου
778 1632 825 1658 καὶ
848 1631 902 1657 τῶν

114 1678 265 1715 οἰκτιρμῶν
280 1687 326 1705 σου
343 1678 423 1711 ἁξιῶ”
443 1679 504 1704 ἐπεὶ
524 1678 570 1704 καὶ
586 1678 666 1708 αὐτὸς
684 1677 719 1704 τὰ
736 1678 799 1714 παρ’
815 1678 901 1713 ἐμαυ-

114 1725 161 1753 τοῦ
174 1726 263 1752 πάντα
282 1725 391 1761 πληρῶν
412 1724 442 1751 οὺ
459 1724 648 1759 διαλιμπάνω,
668 1724 715 1751 καὶ
735 1725 764 1750 ὲν
786 1723 854 1759 αὑτῇ
867 1724 900 1758 τῇ

114 1770 278 1799 ταπεινώσει
290 1771 335 1797 τὸν
348 1770 429 1806 νόμον
443 1779 489 1796 σου
509 1770 658 1806 μελετήσω.

149 1817 407 1852 Αίσχυνθήτωσαν
428 1816 623 1850 ὑπερήφανοι,
643 1815 688 1843 ὅτι
706 1815 816 1848 ἀδίκως
831 1816 901 1849 ἠνύ-

113 1871 218 1898 μησαν
233 1865 277 1897 είς
298 1863 360 1898 ἐμὲ,
374 1862 431 1897 ἐγὼ
451 1862 486 1889 δὲ
505 1861 705 1897 ἁδολεσχήσω
720 1861 756 1888 ἐν
769 1861 833 1895 ταῖς
851 1862 901 1888 ὲν-

115 1909 221 1943 τολαῖς
237 1917 306 1936 σου.
331 1907 615 1943 Ἐπιστρεψάτωσάν
630 1916 669 1942 με
684 1909 711 1935 οὶ
724 1908 902 1943 φοϐούμενοί

115 1963 163 1988 σε,
180 1955 229 1982 καὶ
242 1956 269 1982 οἱ
288 1954 488 1990 γινώσκοντες
512 1953 548 1980 τὰ
565 1953 712 1988 μαρτύριά
726 1961 793 1980 σου.
808 1954 902 1987 Γενη-

115 2001 194 2036 θήτω
215 2002 234 2036 ἡ
255 2001 362 2036 καρδία
373 2009 432 2035 μου
458 2001 576 2035 ἄμωμος
597 2000 632 2027 ἐν
648 1999 709 2032 τοῖς
728 1998 902 2033 δικαιώμίισί

114 2055 185 2080 σου,
200 2047 280 2082 ὅπως
295 2048 333 2075 ἂν
343 2047 387 2082 μὴ
403 2046 566 2082 αίσχυνθῶ.
584 2047 676 2073 Πάντα
689 2045 744 2082 γὰρ
761 2045 796 2072 τὰ
811 2046 901 2081 ἀμαρ-

116 2095 228 2130 τὴματα
249 2094 380 2130 αἰσχύνης
401 2094 475 2121 ἐστὶν
492 2093 565 2126 ἄξια.
591 2093 663 2125 Ἕως
685 2092 734 2128 μὲν
757 2092 811 2127 γὰρ
832 2100 901 2128 καρ-

116 2141 158 2168 δία
177 2140 276 2175 ἀτελὴς
288 2140 428 2174 τυγχάνει,
445 2140 529 2175 πολλὴ
548 2140 658 2176 φροντὶς
674 2139 721 2166 καὶ
739 2139 844 2174 ἀγωνία
864 2140 901 2176 μή

117 2195 154 2222 πη
169 2187 224 2222 ἄρα
248 2186 295 2212 καὶ
311 2184 446 2222 ἀσθενήσῃ
471 2186 519 2213 καὶ
545 2185 641 2221 χείρων
657 2186 756 2221 εαυτῆς
769 2186 879 2221 γένηται
893 2194 900 2200 ·

952 941 1159 976 plasmaverunt,
1173 940 1207 968 de
1221 948 1346 976 corpore.
1362 939 1415 968 Alii
1431 949 1496 969 vero
1519 941 1596 973 illud,
1611 942 1738 975 fecerunt,

951 987 1081 1022 deprima
1100 987 1241 1014 creatione
1266 987 1370 1014 dictum
1388 986 1540 1021 allirmant;
1555 987 1622 1015 illud
1637 992 1738 1022 autem,

950 1033 1158 1067 plasmauerunt,
1175 1033 1208 1061 de
1225 1027 1336 1061 lavacro
1363 1034 1580 1069 regenerationis
1597 1041 1628 1061 ac
1651 1033 1740 1062 refor-

951 1081 1082 1108 matione.

985 1169 1069 1198 Vens.
1085 1170 1179 1198 74-77.
1201 1170 1253 1203 Qui
1270 1171 1361 1197 timent
1379 1174 1411 1202 te,
1429 1170 1551 1197 uidebunt
1569 1178 1619 1203 me,
1643 1175 1668 1197 et
1692 1169 1739 1197 la:-

953 1217 1089 1249 tabmttur,
1105 1217 1168 1252 quia
1189 1217 1216 1243 in
1237 1215 1316 1244 verba
1339 1220 1385 1243 tua
1402 1217 1591 1251 supersperavi.
1613 1216 1737 1252 Cognovi,

952 1264 1074 1296 Domine,
1090 1264 1152 1298 quia
1168 1263 1279 1298 aequitas
1294 1262 1399 1297 judicia
1416 1267 1472 1294 tua.
1486 1267 1511 1290 et
1527 1263 1553 1289 in
1570 1263 1679 1290 veritate
1689 1262 1740 1289 Itu-

951 1310 1062 1337 mitiasti
1078 1317 1128 1336 me.
1148 1308 1210 1335 Fiat
1227 1307 1410 1336 misericordia
1425 1313 1470 1334 tua
1486 1313 1514 1334 ut
1531 1307 1680 1335 consoletur
1688 1316 1738 1340 me,

951 1356 1093 1382 secundum
1111 1355 1243 1390 eloquium
1268 1359 1341 1381 tuum
1364 1363 1436 1381 servo
1463 1359 1518 1382 tuo.
1546 1354 1655 1382 Veniant
1677 1355 1741 1381 mihi

951 1401 1134 1428 miserationes
1151 1405 1201 1427 tua:
1219 1405 1244 1427 et
1269 1401 1363 1432 cit-am,
1376 1400 1438 1435 quia
1464 1401 1506 1427 lea:
1528 1405 1573 1427 tua
1602 1399 1739 1427 meditatio

951 1456 1010 1475 mea
1026 1452 1076 1475 est.
1098 1447 1128 1474 Si
1144 1447 1271 1475 adveniat
1287 1447 1353 1474 mihi
1371 1446 1558 1474 misericordia
1576 1451 1633 1480 tua,
1645 1450 1672 1474 et
1686 1446 1737 1474 mi-

952 1494 1103 1522 serationes
1120 1498 1173 1521 tua
1192 1493 1224 1521 ad
1248 1501 1292 1520 me
1309 1493 1487 1525 accesserint,
1503 1500 1674 1528 nequaquam
1689 1493 1739 1520 ab-

953 1540 1086 1568 sorbebor
1124 1539 1331 1573 lmmiliatione;
1352 1539 1400 1567 sed
1422 1547 1469 1574 per
1492 1539 1651 1574 patientiam
1673 1547 1739 1574 per-

953 1594 1092 1618 severans,
1108 1585 1178 1613 bene
1200 1586 1263 1612 novi
1288 1593 1332 1613 me
1357 1586 1384 1612 in
1404 1586 1460 1613 vita
1485 1593 1644 1613 mansurum
1667 1593 1737 1613 esse.

953 1632 1169 1661 Misericordiam
1195 1639 1260 1659 vero
1283 1635 1310 1659 et
1333 1631 1524 1659 miserationes
1550 1635 1612 1659 tuas
1641 1639 1739 1660 conse-

952 1679 998 1714 qui
1023 1686 1090 1714 rogo
1103 1687 1110 1712 ;
1125 1679 1189 1713 quia
1205 1682 1232 1705 et
1248 1678 1306 1713 ipse
1320 1677 1412 1705 omnia
1430 1685 1491 1712 quae
1516 1677 1655 1706 facultatis
1673 1686 1739 1706 mea:

952 1729 1016 1753 sunt
1031 1725 1143 1760 implere
1154 1732 1208 1752 non
1222 1724 1397 1756 desino,etin
1412 1725 1470 1760 ipsa
1479 1724 1667 1753 humiliatione
1679 1733 1738 1753 mea

952 1771 1038 1806 legem
1054 1775 1127 1798 tuam
1144 1771 1307 1798 meditabor.

988 1816 1072 1844 Vens.
1100 1816 1191 1844 78-80.
1207 1815 1412 1850 Con/mutantur
1428 1816 1543 1849 superbi,
1566 1816 1628 1851 quia
1643 1815 1739 1850 injuste

951 1863 1117 1898 iniquitatem
1131 1862 1246 1897 fecerunt
1261 1863 1289 1888 in
1313 1870 1364 1892 me,
1380 1869 1425 1896 ego
1449 1866 1536 1888 autent
1558 1861 1696 1888 exercebar
1711 1861 1738 1887 in

952 1908 1086 1935 mandatis
1109 1908 1170 1935 tuis.
1187 1906 1380 1934 Convertuntur
1394 1906 1458 1932 mihi
1473 1907 1590 1932 timentes
1605 1911 1637 1938 te,
1657 1910 1682 1933 et
1693 1907 1738 1941 qui

952 1959 1077 1982 noverunt
1093 1954 1244 1981 testimonia
1269 1957 1324 1979 tua.
1342 1951 1405 1979 Fiat
1420 1959 1466 1978 cor
1481 1960 1565 1978 nteant
1581 1952 1738 1979 immacula-

953 2003 1007 2025 tum
1023 1998 1291 2034 injustiﬁcationibus
1310 1999 1373 2029 tuis,
1391 2003 1418 2024 ut
1432 2006 1483 2024 non
1496 1997 1658 2032 confundor.
1673 1996 1739 2025 0m-

952 2046 998 2072 nia
1014 2052 1133 2079 namque
1147 2048 1259 2080 peccata
1279 2043 1441 2071 confusione
1455 2044 1535 2079 digna
1548 2048 1623 2072 sunt.
1644 2045 1737 2078 Quan-

951 2090 998 2118 diu
1021 2091 1093 2118 enim
1113 2097 1161 2117 cor
1182 2090 1371 2125 imperfectum
1393 2089 1512 2121 exsistit,
1534 2090 1619 2116 multa
1635 2090 1738 2118 sollici-

952 2136 1017 2163 tudo
1037 2139 1064 2163 et
1090 2135 1231 2163 contentio
1255 2138 1308 2167 est,
1331 2143 1366 2162 ne
1381 2134 1533 2162 intirmctur
1558 2139 1586 2163 et
1613 2135 1735 2164 deterius

951 2181 1048 2209 evadat
1065 2181 1194 2217 :quando
1212 2185 1302 2209 autem
1327 2181 1482 2216 pervenerit
1501 2181 1535 2208 ad
1552 2181 1658 2217 apicem
1674 2190 1736 2217 per-

117 2233 161 2259 ὂτε
178 2233 206 2259 δὲ
223 2232 263 2264 εἰς
289 2232 373 2267 ἄκρον
399 2231 491 2268 φθάσῃ
516 2231 564 2267 τῆς
588 2231 765 2266 τελειότητος,
791 2232 820 2258 ὲν
845 2232 900 2265 ἕξει

953 2227 1090 2260 tectionis,
1106 2228 1136 2254 in
1158 2227 1268 2254 virtutis
1289 2227 1384 2254 habitu
1403 2230 1430 2254 et
1446 2226 1646 2254 consuetudine
1672 2234 1736 2255 con-

117 2278 218 2315 ἀρετῆς
241 2278 410 2309 καταστᾶσα,
439 2276 491 2308 ἔξω
516 2277 661 2313 γενήσεται
687 2276 786 2309 παντὸς
808 2277 901 2312 φόϐου,

116 2326 208 2352 οὐκέτι
221 2323 428 2360 ὰμφιὸἁλλουσα
446 2323 484 2359 μή
503 2331 568 2350 ποτε
584 2324 638 2360 ἄρα
653 2323 847 2359 καταισχυνθῇ.

93 2370 96 2373 ’
160 2371 308 2398 Ἐκλείπει
324 2371 368 2403 εις
390 2369 422 2396 τὸ
450 2368 598 2406 σωτήριόν
618 2377 677 2396 σου
694 2370 713 2404 ἡ
732 2370 818 2404 ψυχή
830 2379 901 2405 μου,

116 2419 160 2451 εὶς
179 2417 250 2450 τοὺς
274 2417 384 2452 λόγους
400 2423 458 2443 σου
479 2415 645 2449 ὲπήλπισα.
663 2416 770 2452 Σφόδρα
790 2416 902 2442 ἀκολού-

117 2464 170 2496 θως
185 2462 343 2500 ἑρμηνεύων
365 2463 392 2489 τί
409 2462 473 2489 ποτέ
497 2463 554 2489 ἐστι
576 2461 607 2488 τδ
623 2462 755 2498 σωτήριον
779 2462 899 2497 ἐπιλέγει

118 2511 182 2546 ἑξῆς
192 2519 199 2526 ·
220 2511 273 2543 Εὶς
283 2509 336 2536 τὸν
346 2510 438 2545 λόγον
449 2516 506 2536 σου
518 2508 683 2544 ἑπήλπιοα,
695 2508 844 2544 σημαίνων,
859 2509 901 2535 ὅτι

117 2557 148 2584 τὺ
156 2556 289 2592 σωτήριον
295 2556 309 2582 ὁ
315 2555 378 2587 Υἱὸς
385 2555 432 2582 τοῦ
442 2555 509 2582 Θεοῦ
518 2556 586 2582 ἐστι.
595 2554 751 2587 Ἐξέλιπον
759 2556 786 2582 οἱ
795 2555 902 2590 ὀφθαλ-

116 2603 168 2638 μοί
183 2611 243 2637 μου
257 2602 300 2634 είς
307 2601 340 2628 τὸ
352 2601 455 2636 λόγιόν
465 2608 534 2633 σου,
548 2601 700 2636 λέγοντος·
720 2601 794 2628 Πότε
809 2609 901 2635 παρα-

119 2647 259 2681 καλέσεις
268 2655 323 2682 με;
342 2647 385 2673 ὅτι
404 2647 550 2682 ἐγενήθην
567 2647 607 2681 ὠς
625 2647 720 2680 ἀσκὸς
736 2647 771 2674 ἐν
787 2646 898 2682 πάχνη,

119 2694 155 2721 τὰ
177 2693 356 2729 δικαιώματά
377 2701 435 2721 σου
454 2695 510 2721 οὐκ
528 2695 726 2729 ἐπελαθόμην.
747 2695 842 2722 Πόσαι
863 2695 901 2722 ει-

952 2273 1088 2305 stitutum,
1105 2273 1178 2300 omni
1200 2276 1275 2299 metu
1290 2279 1406 2300 vacuum
1425 2272 1488 2303 erit,
1501 2279 1590 2307 neque
1607 2271 1736 2300 haesitans

950 2319 1090 2347 verebitur
1105 2326 1140 2346 ne
1152 2317 1348 2346 confundatur.

985 2364 1070 2394 Vens.
1087 2365 1131 2393 8L
1152 2365 1247 2399 Deﬁcit
1269 2365 1298 2391 in
1312 2366 1430 2392 salutare
1451 2369 1524 2390 tuum
1542 2363 1633 2390 anima
1648 2371 1705 2389 mea
1726 2371 1735 2389 :

951 2412 978 2438 in
993 2411 1071 2438 verba
1088 2415 1134 2438 tua
1153 2411 1347 2445 supersperavi.
1366 2409 1520 2437 Admodum
1535 2413 1737 2443 consequenter

952 2457 1093 2492 explicans
1107 2457 1173 2492 quid
1186 2458 1221 2485 sit
1238 2457 1359 2484 salutare
1378 2456 1456 2488 illud,
1469 2455 1562 2490 adjicit
1573 2458 1668 2490 postea
1683 2464 1689 2482 :
1702 2455 1736 2482 In

953 2504 1058 2531 verbum
1071 2508 1144 2530 tuum
1157 2504 1348 2538 supersperavi,
1368 2502 1526 2538 signiﬁcans
1538 2501 1656 2529 salutare
1668 2500 1735 2527 illud

953 2559 1013 2579 esse
1030 2545 1128 2578 Filium
1146 2550 1203 2578 Dei.
1220 2566 1256 2571 —
1271 2549 1353 2578 Vens.
1371 2549 1464 2577 82.88.
1486 2548 1641 2583 Defecerunt
1666 2547 1736 2574 oculi

953 2599 1004 2625 mei
1018 2598 1045 2624 in
1058 2597 1189 2633 eloquium
1209 2601 1292 2630 tuum,
1305 2596 1417 2624 dicentes
1432 2604 1441 2623 :
1457 2595 1568 2629 Quando
1584 2593 1736 2622 consolabo-

952 2645 989 2671 ris
1008 2645 1071 2672 me?
1086 2644 1155 2677 Quia
1174 2644 1260 2679 factus
1275 2651 1332 2670 sum
1348 2643 1415 2670 sicut
1430 2647 1487 2669 uter
1503 2643 1530 2668 in
1538 2641 1643 2676 pruina,
1653 2640 1736 2675 justi-

954 2691 1090 2726 ﬁcationes
1108 2697 1167 2718 tua:
1178 2699 1229 2719 non
1243 2699 1302 2718 sum
1322 2689 1429 2717 oblitus.
1441 2688 1511 2722 Quot
1523 2692 1584 2715 sunt
1597 2687 1652 2715 dies
1669 2686 1736 2714 servi

119 2741 172 2767 σίν
188 2742 218 2767 αἱ
233 2740 338 2775 ἡμέραι
363 2740 416 2767 τοῦ
435 2739 547 2767 δούλου
572 2748 630 2768 σου
638 2749 648 2774 ;
677 2742 748 2768 πότε
766 2741 901 2775 ποιήσεις

957 2738 995 2765 tui
1006 2739 1018 2766 ?
1030 2738 1135 2773 quando
1150 2738 1230 2771 facies
1247 2737 1311 2765 mihi
1325 2737 1357 2764 de
1375 2735 1585 2772 persequentibus
1604 2743 1644 2762 me
1659 2733 1735 2769 judi-

117 2795 168 2822 μοι
193 2786 228 2813 ἐκ
257 2786 317 2812 τῶν
341 2785 585 2813 κωαδιωκόντων
605 2796 643 2822 με
669 2788 784 2824 κρίσιν;
800 2787 901 2823 Διητή-

957 2786 1027 2813 cium
1039 2787 1051 2814 7
1063 2785 1246 2814 Narraverunt
1257 2784 1320 2812 mihi
1334 2784 1415 2819 iniqui
1429 2783 1614 2818 fabulationes,
1629 2781 1672 2808 sed
1684 2788 1735 2807 non

102 2878 107 2882 '
156 2875 179 2891 “
197 2873 264 2903 Gen.
282 2885 307 2909 ι,
324 2875 368 2903 26.
407 2875 427 2891 "
448 2874 499 2903 Job
515 2881 547 2908 ι,
563 2874 590 2902 8.
