  <div class='ocr_page' id='page_1' title='image "/cluster/home/n/w/nwhite01/storage/ocr_20150623/23/njp.32101077772505/699.png"; bbox 0 0 2044 3212; ppageno 0'>
   <div class='ocr_carea' id='block_1_1' title="bbox 340 136 406 163">
    <p class='ocr_par' dir='ltr' id='par_1_1' title="bbox 340 136 406 163">
     <span class='ocr_line' id='line_1_1' title="bbox 340 136 406 163; baseline 0 -1"><span class='ocrx_word' id='word_1_1' title='bbox 340 136 406 163; x_wconf 72' lang='grc' dir='ltr'><strong><em>ίδτθ</em></strong></span> 
     </span>
    </p>
   </div>
   <div class='ocr_carea' id='block_1_2' title="bbox 690 132 1618 163">
    <p class='ocr_par' dir='ltr' id='par_1_2' title="bbox 690 132 1618 163">
     <span class='ocr_line' id='line_1_2' title="bbox 690 132 1618 163; baseline 0.001 -1"><span class='ocrx_word' id='word_1_2' title='bbox 690 134 822 163; x_wconf 81' lang='lat' dir='ltr'><strong><em>EUSEBII</em></strong></span> <span class='ocrx_word' id='word_1_3' title='bbox 838 133 1078 162; x_wconf 63' lang='lat' dir='ltr'><strong><em>CESABIENSIS</em></strong></span> <span class='ocrx_word' id='word_1_4' title='bbox 1097 132 1172 161; x_wconf 87' lang='grc' dir='ltr'><strong><em>ΟΡΡ.</em></strong></span> <span class='ocrx_word' id='word_1_5' title='bbox 1193 133 1283 161; x_wconf 76' lang='lat' dir='ltr'><strong><em>PARS</em></strong></span> <span class='ocrx_word' id='word_1_6' title='bbox 1300 133 1344 162; x_wconf 89' lang='lat' dir='ltr'><strong><em>Ill.</em></strong></span> <span class='ocrx_word' id='word_1_7' title='bbox 1365 149 1399 156; x_wconf 83' lang='lat'><strong><em>——</em></strong></span> <span class='ocrx_word' id='word_1_8' title='bbox 1417 134 1618 163; x_wconf 74' lang='lat' dir='ltr'><strong><em>EXEGETICA.</em></strong></span> 
     </span>
    </p>
   </div>
   <div class='ocr_carea' id='block_1_3' title="bbox 1892 136 1953 164">
    <p class='ocr_par' dir='ltr' id='par_1_3' title="bbox 1892 136 1953 164">
     <span class='ocr_line' id='line_1_3' title="bbox 1892 136 1953 164; baseline 0 -1"><span class='ocrx_word' id='word_1_9' title='bbox 1892 136 1953 164; x_wconf 65' lang='lat'><strong><em>£380</em></strong></span> 
     </span>
    </p>
   </div>
   <div class='ocr_carea' id='block_1_4' title="bbox 339 189 1115 231">
    <p class='ocr_par' dir='ltr' id='par_1_4' title="bbox 339 189 1115 228">
     <span class='ocr_line' id='line_1_4' title="bbox 339 189 1115 228; baseline 0 -7"><span class='ocrx_word' id='word_1_10' title='bbox 339 199 367 221; x_wconf 72' lang='lat' dir='ltr'><strong><em>ut</em></strong></span> <span class='ocrx_word' id='word_1_11' title='bbox 387 195 428 221; x_wconf 72' lang='lat' dir='ltr'><strong><em>lea:</em></strong></span> <span class='ocrx_word' id='word_1_12' title='bbox 457 200 512 228; x_wconf 80' lang='lat' dir='ltr'><strong><em>tua,</em></strong></span> <span class='ocrx_word' id='word_1_13' title='bbox 533 194 653 222; x_wconf 86' lang='lat' dir='ltr'><strong><em>Domine.</em></strong></span> <span class='ocrx_word' id='word_1_14' title='bbox 672 189 768 223; x_wconf 81' lang='lat' dir='ltr'><strong><em>Omnia</em></strong></span> <span class='ocrx_word' id='word_1_15' title='bbox 787 195 914 222; x_wconf 82' lang='lat' dir='ltr'><strong><em>mandata</em></strong></span> <span class='ocrx_word' id='word_1_16' title='bbox 945 200 989 222; x_wconf 86' lang='lat' dir='ltr'><strong><em>tua</em></strong></span> <span class='ocrx_word' id='word_1_17' title='bbox 1002 195 1097 222; x_wconf 79' lang='lat' dir='ltr'><strong><em>veritas</em></strong></span> <span class='ocrx_word' id='word_1_18' title='bbox 1113 216 1115 221; x_wconf 91' lang='grc'>.</span> 
     </span>
    </p>
   </div>
   <div class='ocr_carea' id='block_1_5' title="bbox 1166 189 1953 231">
    <p class='ocr_par' dir='ltr' id='par_1_5' title="bbox 1174 195 1953 231">
     <span class='ocr_line' id='line_1_5' title="bbox 1174 195 1953 231; baseline 0.003 -10"><span class='ocrx_word' id='word_1_19' title='bbox 1174 202 1268 222; x_wconf 69' lang='grc' dir='ltr'>σαν-το</span> <span class='ocrx_word' id='word_1_20' title='bbox 1282 205 1332 229; x_wconf 80' lang='grc' dir='ltr'><strong><em>μοι</em></strong></span> <span class='ocrx_word' id='word_1_21' title='bbox 1348 195 1510 231; x_wconf 76' lang='grc' dir='ltr'><strong><em>παράνομοι</em></strong></span> <span class='ocrx_word' id='word_1_22' title='bbox 1531 196 1711 230; x_wconf 76' lang='grc' dir='ltr'><strong><em>ἀδολεσχίας</em></strong></span> <span class='ocrx_word' id='word_1_23' title='bbox 1722 216 1729 228; x_wconf 88' lang='grc'>,</span> <span class='ocrx_word' id='word_1_24' title='bbox 1754 196 1823 223; x_wconf 65' lang='grc' dir='ltr'><strong><em>ἀλλ’</em></strong></span> <span class='ocrx_word' id='word_1_25' title='bbox 1844 197 1900 230; x_wconf 79' lang='grc' dir='ltr'><strong><em>οὐχ</em></strong></span> <span class='ocrx_word' id='word_1_26' title='bbox 1918 197 1953 228; x_wconf 85' lang='grc' dir='ltr'>ὠς</span> 
     </span>
    </p>
   </div>
   <div class='ocr_carea' id='block_1_6' title="bbox 339 240 1122 276">
    <p class='ocr_par' dir='ltr' id='par_1_6' title="bbox 339 240 1122 276">
     <span class='ocr_line' id='line_1_6' title="bbox 339 240 1122 276; baseline 0.001 -9"><span class='ocrx_word' id='word_1_27' title='bbox 339 241 424 274; x_wconf 75' lang='lat' dir='ltr'><strong><em>inique</em></strong></span> <span class='ocrx_word' id='word_1_28' title='bbox 437 241 567 275; x_wconf 72' lang='lat' dir='ltr'><strong><em>persecuti</em></strong></span> <span class='ocrx_word' id='word_1_29' title='bbox 594 246 654 268; x_wconf 78' lang='lat' dir='ltr'><strong><em>sunt</em></strong></span> <span class='ocrx_word' id='word_1_30' title='bbox 681 249 732 272; x_wconf 78' lang='lat' dir='ltr'><strong><em>me,</em></strong></span> <span class='ocrx_word' id='word_1_31' title='bbox 746 241 844 276; x_wconf 80' lang='lat' dir='ltr'><strong><em>adjuva</em></strong></span> <span class='ocrx_word' id='word_1_32' title='bbox 863 249 913 268; x_wconf 89' lang='lat' dir='ltr'><strong><em>me.</em></strong></span> <span class='ocrx_word' id='word_1_33' title='bbox 933 240 1018 268; x_wconf 82' lang='lat' dir='ltr'><strong><em>Paulo</em></strong></span> <span class='ocrx_word' id='word_1_34' title='bbox 1036 241 1122 268; x_wconf 78' lang='lat' dir='ltr'><strong><em>minus</em></strong></span> 
     </span>
    </p>
   </div>
   <div class='ocr_carea' id='block_1_7' title="bbox 338 287 1122 322">
    <p class='ocr_par' dir='ltr' id='par_1_7' title="bbox 338 287 1122 322">
     <span class='ocr_line' id='line_1_7' title="bbox 338 287 1122 322; baseline 0.003 -10"><span class='ocrx_word' id='word_1_35' title='bbox 338 292 584 314; x_wconf 78' lang='lat' dir='ltr'><strong><em>consummaverunt</em></strong></span> <span class='ocrx_word' id='word_1_36' title='bbox 600 296 641 314; x_wconf 91' lang='lat' dir='ltr'><strong><em>me</em></strong></span> <span class='ocrx_word' id='word_1_37' title='bbox 653 288 678 314; x_wconf 89' lang='lat' dir='ltr'><strong><em>in</em></strong></span> <span class='ocrx_word' id='word_1_38' title='bbox 696 293 775 314; x_wconf 88' lang='lat' dir='ltr'><strong><em>terra.</em></strong></span> <span class='ocrx_word' id='word_1_39' title='bbox 802 287 857 322; x_wconf 86' lang='lat' dir='ltr'><strong><em>Ego</em></strong></span> <span class='ocrx_word' id='word_1_40' title='bbox 876 292 963 314; x_wconf 88' lang='lat' dir='ltr'><strong><em>autem</em></strong></span> <span class='ocrx_word' id='word_1_41' title='bbox 984 296 1034 314; x_wconf 86' lang='lat' dir='ltr'><strong><em>non</em></strong></span> <span class='ocrx_word' id='word_1_42' title='bbox 1049 287 1122 314; x_wconf 86' lang='lat' dir='ltr'><strong><em>dere-</em></strong></span> 
     </span>
    </p>
   </div>
   <div class='ocr_carea' id='block_1_8' title="bbox 339 331 1122 365">
    <p class='ocr_par' dir='ltr' id='par_1_8' title="bbox 339 331 1122 365">
     <span class='ocr_line' id='line_1_8' title="bbox 339 331 1122 365; baseline 0.003 -9"><span class='ocrx_word' id='word_1_43' title='bbox 339 331 402 365; x_wconf 84' lang='lat' dir='ltr'><strong><em>liqui</em></strong></span> <span class='ocrx_word' id='word_1_44' title='bbox 420 331 547 358; x_wconf 87' lang='lat' dir='ltr'><strong><em>mandata</em></strong></span> <span class='ocrx_word' id='word_1_45' title='bbox 563 336 619 358; x_wconf 84' lang='lat' dir='ltr'><strong><em>tua.</em></strong></span> <span class='ocrx_word' id='word_1_46' title='bbox 643 331 791 359; x_wconf 80' lang='lat' dir='ltr'><strong><em>Secundum</em></strong></span> <span class='ocrx_word' id='word_1_47' title='bbox 817 332 1024 359; x_wconf 79' lang='lat' dir='ltr'><strong><em>misericordiam</em></strong></span> <span class='ocrx_word' id='word_1_48' title='bbox 1049 338 1122 359; x_wconf 86' lang='lat' dir='ltr'><strong><em>luam</em></strong></span> 
     </span>
    </p>
   </div>
   <div class='ocr_carea' id='block_1_9' title="bbox 338 377 1122 411">
    <p class='ocr_par' dir='ltr' id='par_1_9' title="bbox 338 377 1122 411">
     <span class='ocr_line' id='line_1_9' title="bbox 338 377 1122 411; baseline 0 -7"><span class='ocrx_word' id='word_1_49' title='bbox 338 378 441 411; x_wconf 82' lang='lat' dir='ltr'><strong><em>viviﬁca</em></strong></span> <span class='ocrx_word' id='word_1_50' title='bbox 461 386 511 410; x_wconf 86' lang='lat' dir='ltr'><strong><em>me,</em></strong></span> <span class='ocrx_word' id='word_1_51' title='bbox 522 382 547 404; x_wconf 87' lang='lat' dir='ltr'><strong><em>et</em></strong></span> <span class='ocrx_word' id='word_1_52' title='bbox 565 378 714 404; x_wconf 72' lang='lat' dir='ltr'><strong><em>custodiam</em></strong></span> <span class='ocrx_word' id='word_1_53' title='bbox 727 378 877 404; x_wconf 73' lang='lat' dir='ltr'><strong><em>testimonia</em></strong></span> <span class='ocrx_word' id='word_1_54' title='bbox 891 379 944 404; x_wconf 86' lang='lat' dir='ltr'><strong><em>oris</em></strong></span> <span class='ocrx_word' id='word_1_55' title='bbox 957 379 1005 405; x_wconf 86' lang='lat' dir='ltr'><strong><em>tui.</em></strong></span> <span class='ocrx_word' id='word_1_56' title='bbox 1023 377 1122 405; x_wconf 77' lang='lat' dir='ltr'><strong><em>Securi-</em></strong></span> 
     </span>
    </p>
   </div>
   <div class='ocr_carea' id='block_1_10' title="bbox 337 424 1120 459">
    <p class='ocr_par' dir='ltr' id='par_1_10' title="bbox 337 424 1120 459">
     <span class='ocr_line' id='line_1_10' title="bbox 337 424 1120 459; baseline 0.001 -9"><span class='ocrx_word' id='word_1_57' title='bbox 337 424 401 451; x_wconf 87' lang='lat' dir='ltr'><strong><em>dum</em></strong></span> <span class='ocrx_word' id='word_1_58' title='bbox 431 424 568 459; x_wconf 85' lang='lat' dir='ltr'><strong><em>eloquium</em></strong></span> <span class='ocrx_word' id='word_1_59' title='bbox 590 424 635 451; x_wconf 86' lang='lat' dir='ltr'><strong><em>Dei</em></strong></span> <span class='ocrx_word' id='word_1_60' title='bbox 653 424 752 455; x_wconf 83' lang='lat' dir='ltr'><strong><em>vivere.</em></strong></span> <span class='ocrx_word' id='word_1_61' title='bbox 770 428 811 451; x_wconf 86' lang='lat' dir='ltr'><strong><em>est</em></strong></span> <span class='ocrx_word' id='word_1_62' title='bbox 829 433 891 451; x_wconf 89' lang='lat' dir='ltr'><strong><em>cum</em></strong></span> <span class='ocrx_word' id='word_1_63' title='bbox 915 425 1014 459; x_wconf 86' lang='lat' dir='ltr'><strong><em>pietate</em></strong></span> <span class='ocrx_word' id='word_1_64' title='bbox 1037 426 1120 452; x_wconf 89' lang='lat' dir='ltr'><strong><em>vitam</em></strong></span> 
     </span>
    </p>
   </div>
   <div class='ocr_carea' id='block_1_11' title="bbox 337 469 1119 505">
    <p class='ocr_par' dir='ltr' id='par_1_11' title="bbox 337 469 1119 505">
     <span class='ocr_line' id='line_1_11' title="bbox 337 469 1119 505; baseline 0.003 -9"><span class='ocrx_word' id='word_1_65' title='bbox 337 477 427 505; x_wconf 84' lang='lat' dir='ltr'><strong><em>agere,</em></strong></span> <span class='ocrx_word' id='word_1_66' title='bbox 443 478 530 505; x_wconf 85' lang='lat' dir='ltr'><strong><em>neque</em></strong></span> <span class='ocrx_word' id='word_1_67' title='bbox 553 469 681 497; x_wconf 87' lang='lat' dir='ltr'><strong><em>seusilem</em></strong></span> <span class='ocrx_word' id='word_1_68' title='bbox 702 471 990 497; x_wconf 81' lang='lat' dir='ltr'><strong><em>tantummodo&#39;vitam</em></strong></span> <span class='ocrx_word' id='word_1_69' title='bbox 1009 471 1119 499; x_wconf 86' lang='lat' dir='ltr'><strong><em>ducere.</em></strong></span> 
     </span>
    </p>
   </div>
   <div class='ocr_carea' id='block_1_12' title="bbox 337 514 1121 552">
    <p class='ocr_par' dir='ltr' id='par_1_12' title="bbox 337 514 1121 552">
     <span class='ocr_line' id='line_1_12' title="bbox 337 514 1121 552; baseline 0.003 -11"><span class='ocrx_word' id='word_1_70' title='bbox 337 514 403 542; x_wconf 81' lang='lat' dir='ltr'><strong><em>Nam</em></strong></span> <span class='ocrx_word' id='word_1_71' title='bbox 422 515 548 550; x_wconf 88' lang='lat' dir='ltr'><strong><em>quisquis</em></strong></span> <span class='ocrx_word' id='word_1_72' title='bbox 563 516 590 542; x_wconf 92' lang='lat' dir='ltr'><strong><em>id</em></strong></span> <span class='ocrx_word' id='word_1_73' title='bbox 605 516 800 550; x_wconf 87' lang='lat' dir='ltr'><strong><em>consequitur,</em></strong></span> <span class='ocrx_word' id='word_1_74' title='bbox 817 516 915 542; x_wconf 85' lang='lat' dir='ltr'><strong>bonam</strong></span> <span class='ocrx_word' id='word_1_75' title='bbox 933 517 1066 552; x_wconf 83' lang='lat' dir='ltr'><strong><em>transigct</em></strong></span> <span class='ocrx_word' id='word_1_76' title='bbox 1081 516 1121 543; x_wconf 83' lang='lat' dir='ltr'><strong><em>vi-</em></strong></span> 
     </span>
    </p>
   </div>
   <div class='ocr_carea' id='block_1_13' title="bbox 337 561 1120 596">
    <p class='ocr_par' dir='ltr' id='par_1_13' title="bbox 337 561 1120 596">
     <span class='ocr_line' id='line_1_13' title="bbox 337 561 1120 596; baseline 0.001 -9"><span class='ocrx_word' id='word_1_77' title='bbox 337 566 408 594; x_wconf 83' lang='lat' dir='ltr'><strong><em>tam;</em></strong></span> <span class='ocrx_word' id='word_1_78' title='bbox 426 562 462 588; x_wconf 83' lang='lat' dir='ltr'><strong><em>ita</em></strong></span> <span class='ocrx_word' id='word_1_79' title='bbox 487 566 516 588; x_wconf 88' lang='lat' dir='ltr'><strong><em>ut</em></strong></span> <span class='ocrx_word' id='word_1_80' title='bbox 541 561 676 588; x_wconf 87' lang='lat' dir='ltr'><strong><em>custodiat</em></strong></span> <span class='ocrx_word' id='word_1_81' title='bbox 703 561 857 589; x_wconf 88' lang='lat' dir='ltr'><strong><em>testimonia</em></strong></span> <span class='ocrx_word' id='word_1_82' title='bbox 874 561 930 588; x_wconf 91' lang='lat' dir='ltr'><strong><em>oris</em></strong></span> <span class='ocrx_word' id='word_1_83' title='bbox 947 561 993 588; x_wconf 87' lang='lat' dir='ltr'><strong><em>Dei</em></strong></span> <span class='ocrx_word' id='word_1_84' title='bbox 1011 569 1091 596; x_wconf 69' lang='lat' dir='ltr'><strong><em>:quaa</em></strong></span> <span class='ocrx_word' id='word_1_85' title='bbox 1105 569 1120 588; x_wconf 88' lang='lat' dir='ltr'><strong><em>a</em></strong></span> 
     </span>
    </p>
   </div>
   <div class='ocr_carea' id='block_1_14' title="bbox 336 606 1120 642">
    <p class='ocr_par' dir='ltr' id='par_1_14' title="bbox 336 606 1120 642">
     <span class='ocr_line' id='line_1_14' title="bbox 336 606 1120 642; baseline 0.001 -9"><span class='ocrx_word' id='word_1_86' title='bbox 336 606 427 634; x_wconf 78' lang='lat' dir='ltr'><strong><em>Verbo</em></strong></span> <span class='ocrx_word' id='word_1_87' title='bbox 441 607 499 638; x_wconf 85' lang='lat' dir='ltr'><strong>Dei,</strong></span> <span class='ocrx_word' id='word_1_88' title='bbox 514 607 586 642; x_wconf 90' lang='lat' dir='ltr'><strong><em>quod</em></strong></span> <span class='ocrx_word' id='word_1_89' title='bbox 601 615 631 635; x_wconf 89' lang='lat' dir='ltr'><strong><em>os</em></strong></span> <span class='ocrx_word' id='word_1_90' title='bbox 646 607 705 642; x_wconf 84' lang='lat' dir='ltr'><strong><em>ejus</em></strong></span> <span class='ocrx_word' id='word_1_91' title='bbox 719 615 781 635; x_wconf 87' lang='lat' dir='ltr'><strong><em>esse</em></strong></span> <span class='ocrx_word' id='word_1_92' title='bbox 798 607 867 640; x_wconf 82' lang='lat' dir='ltr'><strong><em>dixi,</em></strong></span> <span class='ocrx_word' id='word_1_93' title='bbox 883 608 1039 635; x_wconf 89' lang='lat' dir='ltr'><strong><em>testimonio</em></strong></span> <span class='ocrx_word' id='word_1_94' title='bbox 1054 615 1120 635; x_wconf 78' lang='lat' dir='ltr'><strong><em>con—</em></strong></span> 
     </span>
    </p>
   </div>
   <div class='ocr_carea' id='block_1_15' title="bbox 337 653 725 681">
    <p class='ocr_par' dir='ltr' id='par_1_15' title="bbox 337 653 725 681">
     <span class='ocr_line' id='line_1_15' title="bbox 337 653 725 681; baseline 0.003 -2"><span class='ocrx_word' id='word_1_95' title='bbox 337 654 442 680; x_wconf 84' lang='lat' dir='ltr'><strong><em>lirmata</em></strong></span> <span class='ocrx_word' id='word_1_96' title='bbox 457 657 484 681; x_wconf 83' lang='lat' dir='ltr'><strong><em>et</em></strong></span> <span class='ocrx_word' id='word_1_97' title='bbox 500 653 638 680; x_wconf 89' lang='lat' dir='ltr'><strong><em>declarata</em></strong></span> <span class='ocrx_word' id='word_1_98' title='bbox 650 658 725 680; x_wconf 86' lang='lat' dir='ltr'><strong><em>sunt.</em></strong></span> 
     </span>
    </p>
   </div>
   <div class='ocr_carea' id='block_1_16' title="bbox 373 742 1118 776">
    <p class='ocr_par' dir='ltr' id='par_1_16' title="bbox 373 742 1118 776">
     <span class='ocr_line' id='line_1_16' title="bbox 373 742 1118 776; baseline 0.001 -7"><span class='ocrx_word' id='word_1_99' title='bbox 373 742 456 770; x_wconf 71' lang='lat' dir='ltr'><strong><em>Vatis.</em></strong></span> <span class='ocrx_word' id='word_1_100' title='bbox 472 743 566 770; x_wconf 75' lang='lat'><strong><em>89-91.</em></strong></span> <span class='ocrx_word' id='word_1_101' title='bbox 579 742 611 769; x_wconf 90' lang='lat' dir='ltr'><strong><em>In</em></strong></span> <span class='ocrx_word' id='word_1_102' title='bbox 626 748 764 775; x_wconf 70' lang='lat' dir='ltr'><strong><em>a&#39;termtm,</em></strong></span> <span class='ocrx_word' id='word_1_103' title='bbox 782 743 903 776; x_wconf 80' lang='lat' dir='ltr'><strong><em>Domine,</em></strong></span> <span class='ocrx_word' id='word_1_104' title='bbox 919 745 1022 770; x_wconf 75' lang='lat' dir='ltr'><strong><em>uerbum</em></strong></span> <span class='ocrx_word' id='word_1_105' title='bbox 1046 750 1118 771; x_wconf 83' lang='lat' dir='ltr'><strong><em>tuum</em></strong></span> 
     </span>
    </p>
   </div>
   <div class='ocr_carea' id='block_1_17' title="bbox 335 788 1118 825">
    <p class='ocr_par' dir='ltr' id='par_1_17' title="bbox 335 788 1118 825">
     <span class='ocr_line' id='line_1_17' title="bbox 335 788 1118 825; baseline 0.001 -10"><span class='ocrx_word' id='word_1_106' title='bbox 335 794 467 822; x_wconf 77' lang='lat' dir='ltr'><strong><em>permanet</em></strong></span> <span class='ocrx_word' id='word_1_107' title='bbox 483 789 510 815; x_wconf 89' lang='lat' dir='ltr'><strong><em>in</em></strong></span> <span class='ocrx_word' id='word_1_108' title='bbox 525 789 598 816; x_wconf 71' lang='lat' dir='ltr'><strong><em>caelo.</em></strong></span> <span class='ocrx_word' id='word_1_109' title='bbox 619 788 652 816; x_wconf 81' lang='lat' dir='ltr'><strong><em>In</em></strong></span> <span class='ocrx_word' id='word_1_110' title='bbox 666 790 859 824; x_wconf 76' lang='lat' dir='ltr'><strong><em>generationem</em></strong></span> <span class='ocrx_word' id='word_1_111' title='bbox 880 795 904 816; x_wconf 89' lang='lat' dir='ltr'><strong><em>et</em></strong></span> <span class='ocrx_word' id='word_1_112' title='bbox 926 791 1118 825; x_wconf 80' lang='lat' dir='ltr'><strong><em>generationem</em></strong></span> 
     </span>
    </p>
   </div>
   <div class='ocr_carea' id='block_1_18' title="bbox 336 831 1118 870">
    <p class='ocr_par' dir='ltr' id='par_1_18' title="bbox 336 831 1118 870">
     <span class='ocr_line' id='line_1_18' title="bbox 336 831 1118 870; baseline 0 -8"><span class='ocrx_word' id='word_1_113' title='bbox 336 836 432 862; x_wconf 61' lang='lat' dir='ltr'><strong><em>veritas</em></strong></span> <span class='ocrx_word' id='word_1_114' title='bbox 447 839 502 867; x_wconf 86' lang='lat' dir='ltr'><strong><em>tua,</em></strong></span> <span class='ocrx_word' id='word_1_115' title='bbox 515 835 634 868; x_wconf 76' lang='lat' dir='ltr'><strong><em>fundasti</em></strong></span> <span class='ocrx_word' id='word_1_116' title='bbox 644 840 752 867; x_wconf 82' lang='lat' dir='ltr'><strong><em>terram,</em></strong></span> <span class='ocrx_word' id='word_1_117' title='bbox 766 839 790 862; x_wconf 87' lang='lat' dir='ltr'><strong><em>et</em></strong></span> <span class='ocrx_word' id='word_1_118' title='bbox 805 841 947 870; x_wconf 79' lang='lat' dir='ltr'><strong><em>permanet.</em></strong></span> <span class='ocrx_word' id='word_1_119' title='bbox 963 831 1118 863; x_wconf 76' lang='lat' dir='ltr'><strong><em>ordinatio-</em></strong></span> 
     </span>
    </p>
   </div>
   <div class='ocr_carea' id='block_1_19' title="bbox 1176 241 1955 276">
    <p class='ocr_par' dir='ltr' id='par_1_19' title="bbox 1176 241 1955 276">
     <span class='ocr_line' id='line_1_19' title="bbox 1176 241 1955 276; baseline 0.003 -9"><span class='ocrx_word' id='word_1_120' title='bbox 1176 243 1192 267; x_wconf 83' lang='grc' dir='ltr'><em>ὁ</em></span> <span class='ocrx_word' id='word_1_121' title='bbox 1208 241 1299 275; x_wconf 80' lang='grc' dir='ltr'>νόμος</span> <span class='ocrx_word' id='word_1_122' title='bbox 1312 250 1381 274; x_wconf 76' lang='grc' dir='ltr'>σου,</span> <span class='ocrx_word' id='word_1_123' title='bbox 1402 242 1500 276; x_wconf 77' lang='grc' dir='ltr'>Κύριε.</span> <span class='ocrx_word' id='word_1_124' title='bbox 1517 242 1615 270; x_wconf 82' lang='grc' dir='ltr'><em>Πᾶσαι</em></span> <span class='ocrx_word' id='word_1_125' title='bbox 1633 244 1663 269; x_wconf 83' lang='lat' dir='ltr'><strong><em>at</em></strong></span> <span class='ocrx_word' id='word_1_126' title='bbox 1681 242 1801 270; x_wconf 74' lang='grc' dir='ltr'>ὲντολαί</span> <span class='ocrx_word' id='word_1_127' title='bbox 1817 249 1876 269; x_wconf 82' lang='grc' dir='ltr'>σου</span> <span class='ocrx_word' id='word_1_128' title='bbox 1889 242 1955 276; x_wconf 57' lang='lat' dir='ltr'><strong><em>dbi-</em></strong></span> 
     </span>
    </p>
   </div>
   <div class='ocr_carea' id='block_1_20' title="bbox 1175 287 1953 322">
    <p class='ocr_par' dir='ltr' id='par_1_20' title="bbox 1175 287 1953 322">
     <span class='ocr_line' id='line_1_20' title="bbox 1175 287 1953 322; baseline 0.001 -9"><span class='ocrx_word' id='word_1_129' title='bbox 1175 287 1247 318; x_wconf 82' lang='grc' dir='ltr'>θεια,</span> <span class='ocrx_word' id='word_1_130' title='bbox 1261 287 1370 320; x_wconf 80' lang='grc' dir='ltr'><strong><em>ἀδίκως</em></strong></span> <span class='ocrx_word' id='word_1_131' title='bbox 1382 287 1565 320; x_wconf 61' lang='grc' dir='ltr'>κατῶίωξάν</span> <span class='ocrx_word' id='word_1_132' title='bbox 1573 296 1622 322; x_wconf 78' lang='grc' dir='ltr'>με,</span> <span class='ocrx_word' id='word_1_133' title='bbox 1633 287 1792 322; x_wconf 76' lang='grc' dir='ltr'><strong><em>βοήθησόν</em></strong></span> <span class='ocrx_word' id='word_1_134' title='bbox 1801 297 1861 322; x_wconf 79' lang='grc' dir='ltr'>μοι.</span> <span class='ocrx_word' id='word_1_135' title='bbox 1874 290 1953 321; x_wconf 80' lang='grc' dir='ltr'>Παρὰ</span> 
     </span>
    </p>
   </div>
   <div class='ocr_carea' id='block_1_21' title="bbox 1171 333 1952 369">
    <p class='ocr_par' dir='ltr' id='par_1_21' title="bbox 1171 333 1952 369">
     <span class='ocr_line' id='line_1_21' title="bbox 1171 333 1952 369; baseline 0 -9"><span class='ocrx_word' id='word_1_136' title='bbox 1171 333 1271 367; x_wconf 82' lang='grc' dir='ltr'><strong><em>,βραχὺ</em></strong></span> <span class='ocrx_word' id='word_1_137' title='bbox 1284 333 1428 360; x_wconf 75' lang='grc' dir='ltr'>ἐτέλει-σάν</span> <span class='ocrx_word' id='word_1_138' title='bbox 1438 343 1476 368; x_wconf 82' lang='grc' dir='ltr'><strong><em>με</em></strong></span> <span class='ocrx_word' id='word_1_139' title='bbox 1488 334 1522 360; x_wconf 81' lang='grc' dir='ltr'>ἐν</span> <span class='ocrx_word' id='word_1_140' title='bbox 1534 333 1572 368; x_wconf 80' lang='grc' dir='ltr'>τῇ</span> <span class='ocrx_word' id='word_1_141' title='bbox 1590 333 1628 368; x_wconf 77' lang='grc' dir='ltr'><strong><em>τῇ</em></strong></span> <span class='ocrx_word' id='word_1_142' title='bbox 1636 343 1643 350; x_wconf 85' lang='grc'><strong>-</strong></span> <span class='ocrx_word' id='word_1_143' title='bbox 1660 333 1716 369; x_wconf 71' lang='grc' dir='ltr'><strong><em>ἐγὼ</em></strong></span> <span class='ocrx_word' id='word_1_144' title='bbox 1736 334 1770 360; x_wconf 82' lang='grc' dir='ltr'><strong><em>δὲ</em></strong></span> <span class='ocrx_word' id='word_1_145' title='bbox 1784 335 1840 361; x_wconf 83' lang='grc' dir='ltr'>οὐκ</span> <span class='ocrx_word' id='word_1_146' title='bbox 1856 333 1952 368; x_wconf 75' lang='grc' dir='ltr'>ἐγκατ-</span> 
     </span>
    </p>
   </div>
   <div class='ocr_carea' id='block_1_22' title="bbox 1173 378 1950 412">
    <p class='ocr_par' dir='ltr' id='par_1_22' title="bbox 1173 378 1950 412">
     <span class='ocr_line' id='line_1_22' title="bbox 1173 378 1950 412; baseline 0.001 -7"><span class='ocrx_word' id='word_1_147' title='bbox 1173 378 1280 406; x_wconf 78' lang='grc' dir='ltr'>έ.1ιπον</span> <span class='ocrx_word' id='word_1_148' title='bbox 1313 379 1366 412; x_wconf 77' lang='grc' dir='ltr'>τὰς</span> <span class='ocrx_word' id='word_1_149' title='bbox 1393 379 1519 412; x_wconf 77' lang='grc' dir='ltr'>ἐντολάς</span> <span class='ocrx_word' id='word_1_150' title='bbox 1542 387 1612 407; x_wconf 88' lang='grc' dir='ltr'>σου.</span> <span class='ocrx_word' id='word_1_151' title='bbox 1639 380 1719 407; x_wconf 82' lang='grc' dir='ltr'>Κατὰ</span> <span class='ocrx_word' id='word_1_152' title='bbox 1737 380 1769 406; x_wconf 81' lang='grc' dir='ltr'>τὸ</span> <span class='ocrx_word' id='word_1_153' title='bbox 1791 380 1878 412; x_wconf 76' lang='grc' dir='ltr'>ἔλεός</span> <span class='ocrx_word' id='word_1_154' title='bbox 1896 388 1950 406; x_wconf 83' lang='grc' dir='ltr'><strong><em>σου</em></strong></span> 
     </span>
    </p>
   </div>
   <div class='ocr_carea' id='block_1_23' title="bbox 1174 423 1952 460">
    <p class='ocr_par' dir='ltr' id='par_1_23' title="bbox 1174 423 1952 460">
     <span class='ocr_line' id='line_1_23' title="bbox 1174 423 1952 460; baseline -0.003 -7"><span class='ocrx_word' id='word_1_155' title='bbox 1174 423 1267 458; x_wconf 60' lang='lat' dir='ltr'><strong><em>{Fiedr-</em></strong></span> <span class='ocrx_word' id='word_1_156' title='bbox 1291 433 1339 459; x_wconf 80' lang='grc' dir='ltr'>με,</span> <span class='ocrx_word' id='word_1_157' title='bbox 1358 424 1407 451; x_wconf 74' lang='grc' dir='ltr'>καὶ</span> <span class='ocrx_word' id='word_1_158' title='bbox 1429 424 1554 459; x_wconf 72' lang='grc' dir='ltr'>φυλάξω</span> <span class='ocrx_word' id='word_1_159' title='bbox 1586 426 1622 452; x_wconf 77' lang='grc' dir='ltr'>τὰ</span> <span class='ocrx_word' id='word_1_160' title='bbox 1641 426 1785 460; x_wconf 80' lang='grc' dir='ltr'>μαρτύρια</span> <span class='ocrx_word' id='word_1_161' title='bbox 1808 425 1862 452; x_wconf 85' lang='grc' dir='ltr'>τοῦ</span> <span class='ocrx_word' id='word_1_162' title='bbox 1886 425 1952 451; x_wconf 81' lang='grc' dir='ltr'><strong><em>στό-</em></strong></span> 
     </span>
    </p>
   </div>
   <div class='ocr_carea' id='block_1_24' title="bbox 1170 470 1951 506">
    <p class='ocr_par' dir='ltr' id='par_1_24' title="bbox 1170 470 1951 506">
     <span class='ocr_line' id='line_1_24' title="bbox 1170 470 1951 506; baseline 0.001 -10"><span class='ocrx_word' id='word_1_163' title='bbox 1170 471 1265 504; x_wconf 82' lang='grc' dir='ltr'>ματός</span> <span class='ocrx_word' id='word_1_164' title='bbox 1292 479 1359 497; x_wconf 86' lang='grc' dir='ltr'>σου.</span> <span class='ocrx_word' id='word_1_165' title='bbox 1386 471 1422 496; x_wconf 87' lang='grc' dir='ltr'><strong>Τὸ</strong></span> <span class='ocrx_word' id='word_1_166' title='bbox 1445 470 1515 497; x_wconf 78' lang='grc' dir='ltr'>κατὰ</span> <span class='ocrx_word' id='word_1_167' title='bbox 1537 471 1568 497; x_wconf 84' lang='grc' dir='ltr'>τὸ</span> <span class='ocrx_word' id='word_1_168' title='bbox 1589 471 1677 505; x_wconf 86' lang='grc' dir='ltr'>λόγιον</span> <span class='ocrx_word' id='word_1_169' title='bbox 1696 471 1744 498; x_wconf 80' lang='grc' dir='ltr'><strong><em>τοῦ</em></strong></span> <span class='ocrx_word' id='word_1_170' title='bbox 1770 471 1838 497; x_wconf 74' lang='grc' dir='ltr'>Θεοῦ</span> <span class='ocrx_word' id='word_1_171' title='bbox 1854 470 1903 506; x_wconf 78' lang='grc' dir='ltr'><strong><em>ζῇν</em></strong></span> <span class='ocrx_word' id='word_1_172' title='bbox 1925 471 1951 497; x_wconf 77' lang='grc' dir='ltr'>τὸ</span> 
     </span>
    </p>
   </div>
   <div class='ocr_carea' id='block_1_25' title="bbox 1174 516 1950 553">
    <p class='ocr_par' dir='ltr' id='par_1_25' title="bbox 1174 516 1950 553">
     <span class='ocr_line' id='line_1_25' title="bbox 1174 516 1950 553; baseline 0 -11"><span class='ocrx_word' id='word_1_173' title='bbox 1174 517 1221 542; x_wconf 78' lang='grc' dir='ltr'><strong><em>σὺν</em></strong></span> <span class='ocrx_word' id='word_1_174' title='bbox 1235 516 1360 552; x_wconf 73' lang='grc' dir='ltr'>εὐσεϐείᾳ</span> <span class='ocrx_word' id='word_1_175' title='bbox 1377 517 1425 552; x_wconf 81' lang='grc' dir='ltr'><strong><em>ζῇν</em></strong></span> <span class='ocrx_word' id='word_1_176' title='bbox 1453 517 1537 549; x_wconf 70' lang='grc' dir='ltr'>ἐστιν,</span> <span class='ocrx_word' id='word_1_177' title='bbox 1562 518 1611 552; x_wconf 76' lang='grc' dir='ltr'><strong><em>οὐχ</em></strong></span> <span class='ocrx_word' id='word_1_178' title='bbox 1636 517 1728 548; x_wconf 85' lang='grc' dir='ltr'>ἁπλῶς</span> <span class='ocrx_word' id='word_1_179' title='bbox 1752 517 1800 553; x_wconf 79' lang='grc' dir='ltr'>τὴν</span> <span class='ocrx_word' id='word_1_180' title='bbox 1823 517 1950 551; x_wconf 77' lang='grc' dir='ltr'>αἰσθητὴν</span> 
     </span>
    </p>
   </div>
   <div class='ocr_carea' id='block_1_26' title="bbox 1172 561 1948 598">
    <p class='ocr_par' dir='ltr' id='par_1_26' title="bbox 1172 561 1948 598">
     <span class='ocr_line' id='line_1_26' title="bbox 1172 561 1948 598; baseline 0 -10"><span class='ocrx_word' id='word_1_181' title='bbox 1172 561 1273 597; x_wconf 85' lang='grc' dir='ltr'>ταύτην</span> <span class='ocrx_word' id='word_1_182' title='bbox 1290 561 1372 598; x_wconf 79' lang='grc' dir='ltr'>ζωήν.</span> <span class='ocrx_word' id='word_1_183' title='bbox 1398 562 1499 589; x_wconf 85' lang='grc' dir='ltr'><strong><em>Τούτου</em></strong></span> <span class='ocrx_word' id='word_1_184' title='bbox 1516 562 1571 598; x_wconf 85' lang='grc' dir='ltr'><strong><em>γὰρ</em></strong></span> <span class='ocrx_word' id='word_1_185' title='bbox 1587 563 1687 598; x_wconf 84' lang='grc' dir='ltr'>τυχὼν,</span> <span class='ocrx_word' id='word_1_186' title='bbox 1708 564 1736 589; x_wconf 78' lang='grc' dir='ltr'>ἐν</span> <span class='ocrx_word' id='word_1_187' title='bbox 1750 562 1851 598; x_wconf 73' lang='grc' dir='ltr'>εὐζωῗᾳ</span> <span class='ocrx_word' id='word_1_188' title='bbox 1869 562 1948 594; x_wconf 74' lang='grc' dir='ltr'>ἔσται,</span> 
     </span>
    </p>
   </div>
   <div class='ocr_carea' id='block_1_27' title="bbox 1171 607 1949 644">
    <p class='ocr_par' dir='ltr' id='par_1_27' title="bbox 1171 607 1949 644">
     <span class='ocr_line' id='line_1_27' title="bbox 1171 607 1949 644; baseline 0.001 -11"><span class='ocrx_word' id='word_1_189' title='bbox 1171 607 1208 639; x_wconf 75' lang='grc' dir='ltr'>ὡς</span> <span class='ocrx_word' id='word_1_190' title='bbox 1224 608 1369 642; x_wconf 76' lang='grc' dir='ltr'><strong><em>φυλάσσειν</em></strong></span> <span class='ocrx_word' id='word_1_191' title='bbox 1386 609 1420 636; x_wconf 84' lang='grc' dir='ltr'>τὰ</span> <span class='ocrx_word' id='word_1_192' title='bbox 1438 608 1576 644; x_wconf 83' lang='grc' dir='ltr'>μαρτύρια</span> <span class='ocrx_word' id='word_1_193' title='bbox 1591 609 1637 635; x_wconf 80' lang='grc' dir='ltr'><strong><em>τοῦ</em></strong></span> <span class='ocrx_word' id='word_1_194' title='bbox 1660 608 1793 643; x_wconf 78' lang='grc' dir='ltr'>στόματος</span> <span class='ocrx_word' id='word_1_195' title='bbox 1811 608 1859 634; x_wconf 82' lang='grc' dir='ltr'>τοῦ</span> <span class='ocrx_word' id='word_1_196' title='bbox 1876 608 1949 640; x_wconf 78' lang='grc' dir='ltr'>θεοῦ,</span> 
     </span>
    </p>
   </div>
   <div class='ocr_carea' id='block_1_28' title="bbox 1173 653 1948 690">
    <p class='ocr_par' dir='ltr' id='par_1_28' title="bbox 1173 653 1948 690">
     <span class='ocr_line' id='line_1_28' title="bbox 1173 653 1948 690; baseline 0.001 -11"><span class='ocrx_word' id='word_1_197' title='bbox 1173 654 1378 690; x_wconf 78' lang='grc' dir='ltr'><strong><em>μαρτυρηθέντα</em></strong></span> <span class='ocrx_word' id='word_1_198' title='bbox 1390 656 1435 682; x_wconf 80' lang='grc' dir='ltr'>καὶ</span> <span class='ocrx_word' id='word_1_199' title='bbox 1447 655 1640 690; x_wconf 79' lang='grc' dir='ltr'><strong><em>ἀποδειχθέντα</em></strong></span> <span class='ocrx_word' id='word_1_200' title='bbox 1652 655 1704 681; x_wconf 72' lang='grc' dir='ltr'><strong><em>ὑπὸ</em></strong></span> <span class='ocrx_word' id='word_1_201' title='bbox 1717 655 1802 688; x_wconf 84' lang='grc' dir='ltr'>Λόγου</span> <span class='ocrx_word' id='word_1_202' title='bbox 1815 654 1862 681; x_wconf 84' lang='grc' dir='ltr'>τοῦ</span> <span class='ocrx_word' id='word_1_203' title='bbox 1875 653 1948 685; x_wconf 75' lang='grc' dir='ltr'>Θεοῦ,</span> 
     </span>
    </p>
   </div>
   <div class='ocr_carea' id='block_1_29' title="bbox 1171 695 1586 735">
    <p class='ocr_par' dir='ltr' id='par_1_29' title="bbox 1171 695 1586 735">
     <span class='ocr_line' id='line_1_29' title="bbox 1171 695 1586 735; baseline 0.005 -10"><span class='ocrx_word' id='word_1_204' title='bbox 1171 695 1201 725; x_wconf 77' lang='grc' dir='ltr'><strong><em>οὗ</em></strong></span> <span class='ocrx_word' id='word_1_205' title='bbox 1217 697 1294 726; x_wconf 88' lang='grc' dir='ltr'>εἷπον</span> <span class='ocrx_word' id='word_1_206' title='bbox 1310 700 1391 729; x_wconf 82' lang='grc' dir='ltr'>αὐτοῦ</span> <span class='ocrx_word' id='word_1_207' title='bbox 1409 701 1494 735; x_wconf 84' lang='grc' dir='ltr'>στόμα</span> <span class='ocrx_word' id='word_1_208' title='bbox 1507 698 1586 727; x_wconf 87' lang='grc' dir='ltr'>εἶναι.</span> 
     </span>
    </p>
   </div>
   <div class='ocr_carea' id='block_1_30' title="bbox 1205 744 1948 779">
    <p class='ocr_par' dir='ltr' id='par_1_30' title="bbox 1205 744 1948 779">
     <span class='ocr_line' id='line_1_30' title="bbox 1205 744 1948 779; baseline 0 -9"><span class='ocrx_word' id='word_1_209' title='bbox 1205 745 1257 776; x_wconf 83' lang='grc' dir='ltr'><strong><em>Εἰς</em></strong></span> <span class='ocrx_word' id='word_1_210' title='bbox 1281 744 1335 771; x_wconf 86' lang='grc' dir='ltr'><em>τὸν</em></span> <span class='ocrx_word' id='word_1_211' title='bbox 1346 745 1449 776; x_wconf 72' lang='grc' dir='ltr'>αἰῶνα,</span> <span class='ocrx_word' id='word_1_212' title='bbox 1478 745 1577 779; x_wconf 82' lang='grc' dir='ltr'>Κύριε,</span> <span class='ocrx_word' id='word_1_213' title='bbox 1600 746 1616 771; x_wconf 79' lang='grc' dir='ltr'><strong><em>ό</em></strong></span> <span class='ocrx_word' id='word_1_214' title='bbox 1633 745 1722 779; x_wconf 77' lang='grc' dir='ltr'>λόγος</span> <span class='ocrx_word' id='word_1_215' title='bbox 1747 754 1806 772; x_wconf 86' lang='grc' dir='ltr'>σου</span> <span class='ocrx_word' id='word_1_216' title='bbox 1823 744 1948 779; x_wconf 77' lang='grc' dir='ltr'>διαμένει</span> 
     </span>
    </p>
   </div>
   <div class='ocr_carea' id='block_1_31' title="bbox 1170 789 1948 825">
    <p class='ocr_par' dir='ltr' id='par_1_31' title="bbox 1170 789 1948 825">
     <span class='ocr_line' id='line_1_31' title="bbox 1170 789 1948 825; baseline 0.001 -10"><span class='ocrx_word' id='word_1_217' title='bbox 1170 789 1248 822; x_wconf 82' lang='grc' dir='ltr'>ἐντῷ</span> <span class='ocrx_word' id='word_1_218' title='bbox 1255 789 1436 824; x_wconf 55' lang='lat' dir='ltr'><strong><em>impar-6.152;</em></strong></span> <span class='ocrx_word' id='word_1_219' title='bbox 1443 790 1549 825; x_wconf 77' lang='grc' dir='ltr'>γενεὰν</span> <span class='ocrx_word' id='word_1_220' title='bbox 1556 790 1603 816; x_wconf 71' lang='grc' dir='ltr'>καὶ</span> <span class='ocrx_word' id='word_1_221' title='bbox 1614 790 1718 825; x_wconf 70' lang='grc' dir='ltr'><strong><em>γενεὰν</em></strong></span> <span class='ocrx_word' id='word_1_222' title='bbox 1725 790 1744 824; x_wconf 80' lang='grc' dir='ltr'><em>ἠ</em></span> <span class='ocrx_word' id='word_1_223' title='bbox 1751 789 1876 824; x_wconf 66' lang='grc' dir='ltr'>ἀλήθειά</span> <span class='ocrx_word' id='word_1_224' title='bbox 1883 798 1948 820; x_wconf 85' lang='grc' dir='ltr'>σου,</span> 
     </span>
    </p>
   </div>
   <div class='ocr_carea' id='block_1_32' title="bbox 1170 835 1949 871">
    <p class='ocr_par' dir='ltr' id='par_1_32' title="bbox 1170 835 1949 871">
     <span class='ocr_line' id='line_1_32' title="bbox 1170 835 1949 871; baseline 0 -9"><span class='ocrx_word' id='word_1_225' title='bbox 1170 835 1367 869; x_wconf 78' lang='grc' dir='ltr'><strong><em>ἐθεμελίωσας</em></strong></span> <span class='ocrx_word' id='word_1_226' title='bbox 1383 836 1440 870; x_wconf 80' lang='grc' dir='ltr'>τὴν</span> <span class='ocrx_word' id='word_1_227' title='bbox 1456 836 1524 871; x_wconf 74' lang='grc' dir='ltr'><strong><em>γῆν,</em></strong></span> <span class='ocrx_word' id='word_1_228' title='bbox 1536 836 1586 862; x_wconf 70' lang='grc' dir='ltr'>καὶ</span> <span class='ocrx_word' id='word_1_229' title='bbox 1605 836 1743 870; x_wconf 75' lang='grc' dir='ltr'>διαμένει.</span> <span class='ocrx_word' id='word_1_230' title='bbox 1765 835 1804 869; x_wconf 74' lang='grc' dir='ltr'><em>Τῇ</em></span> <span class='ocrx_word' id='word_1_231' title='bbox 1821 835 1949 868; x_wconf 76' lang='grc' dir='ltr'><strong><em>διατάξει</em></strong></span> 
     </span>
    </p>
   </div>
   <div class='ocr_carea' id='block_1_33' title="bbox 336 877 1115 915">
    <p class='ocr_par' dir='ltr' id='par_1_33' title="bbox 336 881 1115 915">
     <span class='ocr_line' id='line_1_33' title="bbox 336 881 1115 915; baseline 0.003 -9"><span class='ocrx_word' id='word_1_232' title='bbox 336 889 367 907; x_wconf 86' lang='lat' dir='ltr'><strong><em>ne</em></strong></span> <span class='ocrx_word' id='word_1_233' title='bbox 382 885 427 907; x_wconf 88' lang='lat' dir='ltr'><strong><em>tua</em></strong></span> <span class='ocrx_word' id='word_1_234' title='bbox 441 885 589 914; x_wconf 78' lang='lat' dir='ltr'><strong><em>perseverat</em></strong></span> <span class='ocrx_word' id='word_1_235' title='bbox 606 881 673 911; x_wconf 81' lang='lat' dir='ltr'><strong><em>dies,</em></strong></span> <span class='ocrx_word' id='word_1_236' title='bbox 690 881 816 915; x_wconf 85' lang='lat' dir='ltr'><strong><em>quoniam</em></strong></span> <span class='ocrx_word' id='word_1_237' title='bbox 828 882 917 908; x_wconf 82' lang='lat' dir='ltr'><strong><em>omnia</em></strong></span> <span class='ocrx_word' id='word_1_238' title='bbox 929 883 1044 909; x_wconf 84' lang='lat' dir='ltr'><strong><em>serviunt</em></strong></span> <span class='ocrx_word' id='word_1_239' title='bbox 1060 882 1115 908; x_wconf 76' lang='lat' dir='ltr'><strong><em>tibi.</em></strong></span> 
     </span>
    </p>
   </div>
   <div class='ocr_carea' id='block_1_34' title="bbox 1166 877 1947 915">
    <p class='ocr_par' dir='ltr' id='par_1_34' title="bbox 1169 879 1947 915">
     <span class='ocr_line' id='line_1_34' title="bbox 1169 879 1947 915; baseline -0.001 -8"><span class='ocrx_word' id='word_1_240' title='bbox 1169 887 1226 907; x_wconf 87' lang='grc' dir='ltr'>σου</span> <span class='ocrx_word' id='word_1_241' title='bbox 1245 881 1373 915; x_wconf 81' lang='grc' dir='ltr'>διαμένει</span> <span class='ocrx_word' id='word_1_242' title='bbox 1386 881 1490 915; x_wconf 75' lang='grc' dir='ltr'>ἡμέρα,</span> <span class='ocrx_word' id='word_1_243' title='bbox 1510 879 1606 908; x_wconf 67' lang='grc' dir='ltr'>ὅτιτὰ</span> <span class='ocrx_word' id='word_1_244' title='bbox 1617 882 1777 915; x_wconf 74' lang='grc' dir='ltr'>σύμπαντα</span> <span class='ocrx_word' id='word_1_245' title='bbox 1787 880 1883 907; x_wconf 72' lang='grc' dir='ltr'>δοῦλα</span> <span class='ocrx_word' id='word_1_246' title='bbox 1900 880 1947 906; x_wconf 82' lang='grc' dir='ltr'><strong><em>σά.</em></strong></span> 
     </span>
    </p>
   </div>
   <div class='ocr_carea' id='block_1_35' title="bbox 336 925 1116 964">
    <p class='ocr_par' dir='ltr' id='par_1_35' title="bbox 336 925 1116 964">
     <span class='ocr_line' id='line_1_35' title="bbox 336 925 1116 964; baseline 0.004 -12"><span class='ocrx_word' id='word_1_247' title='bbox 336 925 483 954; x_wconf 71' lang='lat' dir='ltr'><strong><em>Veritatem</em></strong></span> <span class='ocrx_word' id='word_1_248' title='bbox 500 932 590 954; x_wconf 88' lang='lat' dir='ltr'><strong><em>autem</em></strong></span> <span class='ocrx_word' id='word_1_249' title='bbox 612 932 691 954; x_wconf 88' lang='lat' dir='ltr'><strong><em>vocat</em></strong></span> <span class='ocrx_word' id='word_1_250' title='bbox 712 928 783 955; x_wconf 91' lang='lat' dir='ltr'><strong><em>hanc</em></strong></span> <span class='ocrx_word' id='word_1_251' title='bbox 800 929 1020 963; x_wconf 84' lang='lat' dir='ltr'><strong><em>promissionem,</em></strong></span> <span class='ocrx_word' id='word_1_252' title='bbox 1036 937 1116 964; x_wconf 86' lang='lat' dir='ltr'><strong><em>quam</em></strong></span> 
     </span>
    </p>
   </div>
   <div class='ocr_carea' id='block_1_36' title="bbox 335 973 1119 1010">
    <p class='ocr_par' dir='ltr' id='par_1_36' title="bbox 335 973 1119 1010">
     <span class='ocr_line' id='line_1_36' title="bbox 335 973 1119 1010; baseline 0.003 -10"><span class='ocrx_word' id='word_1_253' title='bbox 335 973 439 1001; x_wconf 77' lang='lat' dir='ltr'><strong><em>sciebat</em></strong></span> <span class='ocrx_word' id='word_1_254' title='bbox 453 974 566 1001; x_wconf 88' lang='lat' dir='ltr'><strong><em>omnino</em></strong></span> <span class='ocrx_word' id='word_1_255' title='bbox 579 973 697 1001; x_wconf 83' lang='lat' dir='ltr'><strong><em>futuram</em></strong></span> <span class='ocrx_word' id='word_1_256' title='bbox 715 974 742 1000; x_wconf 90' lang='lat' dir='ltr'><strong><em>in</em></strong></span> <span class='ocrx_word' id='word_1_257' title='bbox 757 975 956 1008; x_wconf 86' lang='lat' dir='ltr'><strong><em>generationem</em></strong></span> <span class='ocrx_word' id='word_1_258' title='bbox 971 979 998 1002; x_wconf 85' lang='lat' dir='ltr'><strong><em>et</em></strong></span> <span class='ocrx_word' id='word_1_259' title='bbox 1009 983 1119 1010; x_wconf 76' lang='lat' dir='ltr'><strong><em>genera-</em></strong></span> 
     </span>
    </p>
   </div>
   <div class='ocr_carea' id='block_1_37' title="bbox 335 1018 1118 1055">
    <p class='ocr_par' dir='ltr' id='par_1_37' title="bbox 335 1018 1118 1055">
     <span class='ocr_line' id='line_1_37' title="bbox 335 1018 1118 1055; baseline 0.003 -10"><span class='ocrx_word' id='word_1_260' title='bbox 335 1019 447 1047; x_wconf 89' lang='lat' dir='ltr'><strong><em>tionem.</em></strong></span> <span class='ocrx_word' id='word_1_261' title='bbox 474 1018 504 1046; x_wconf 88' lang='lat' dir='ltr'><strong><em>ln</em></strong></span> <span class='ocrx_word' id='word_1_262' title='bbox 525 1019 642 1055; x_wconf 77' lang='lat' dir='ltr'><strong><em>singulis</em></strong></span> <span class='ocrx_word' id='word_1_263' title='bbox 659 1020 760 1054; x_wconf 84' lang='lat' dir='ltr'><strong><em>quippe</em></strong></span> <span class='ocrx_word' id='word_1_264' title='bbox 784 1020 1007 1055; x_wconf 75' lang='lat' dir='ltr'><strong><em>generationibus</em></strong></span> <span class='ocrx_word' id='word_1_265' title='bbox 1028 1025 1118 1055; x_wconf 86' lang='lat' dir='ltr'><strong><em>partes</em></strong></span> 
     </span>
    </p>
   </div>
   <div class='ocr_carea' id='block_1_38' title="bbox 334 1065 1118 1101">
    <p class='ocr_par' dir='ltr' id='par_1_38' title="bbox 334 1065 1118 1101">
     <span class='ocr_line' id='line_1_38' title="bbox 334 1065 1118 1101; baseline 0 -8"><span class='ocrx_word' id='word_1_266' title='bbox 334 1065 467 1101; x_wconf 74' lang='lat' dir='ltr'><strong><em>quasdam</em></strong></span> <span class='ocrx_word' id='word_1_267' title='bbox 496 1066 619 1094; x_wconf 83' lang='lat' dir='ltr'><strong><em>veritatis</em></strong></span> <span class='ocrx_word' id='word_1_268' title='bbox 649 1066 803 1093; x_wconf 87' lang='lat' dir='ltr'><strong><em>hominibus</em></strong></span> <span class='ocrx_word' id='word_1_269' title='bbox 831 1067 937 1098; x_wconf 79' lang='lat' dir='ltr'><strong><em>mittis.</em></strong></span> <span class='ocrx_word' id='word_1_270' title='bbox 970 1073 1118 1100; x_wconf 86' lang='lat' dir='ltr'><strong><em>omnesque</em></strong></span> 
     </span>
    </p>
   </div>
   <div class='ocr_carea' id='block_1_39' title="bbox 334 1112 1115 1148">
    <p class='ocr_par' dir='ltr' id='par_1_39' title="bbox 334 1112 1115 1148">
     <span class='ocr_line' id='line_1_39' title="bbox 334 1112 1115 1148; baseline -0.001 -9"><span class='ocrx_word' id='word_1_271' title='bbox 334 1112 428 1139; x_wconf 90' lang='lat' dir='ltr'><strong><em>mundi</em></strong></span> <span class='ocrx_word' id='word_1_272' title='bbox 447 1116 549 1148; x_wconf 82' lang='lat' dir='ltr'><strong><em>partes.</em></strong></span> <span class='ocrx_word' id='word_1_273' title='bbox 566 1115 593 1139; x_wconf 89' lang='lat' dir='ltr'><strong><em>et</em></strong></span> <span class='ocrx_word' id='word_1_274' title='bbox 615 1120 647 1140; x_wconf 87' lang='lat' dir='ltr'><strong><em>ea</em></strong></span> <span class='ocrx_word' id='word_1_275' title='bbox 672 1120 732 1147; x_wconf 63' lang='lat' dir='ltr'><strong><em>quae</em></strong></span> <span class='ocrx_word' id='word_1_276' title='bbox 759 1113 812 1140; x_wconf 85' lang='lat' dir='ltr'><strong><em>sub</em></strong></span> <span class='ocrx_word' id='word_1_277' title='bbox 839 1117 979 1147; x_wconf 82' lang='lat' dir='ltr'><strong><em>aspectum</em></strong></span> <span class='ocrx_word' id='word_1_278' title='bbox 1003 1113 1115 1144; x_wconf 87' lang='lat' dir='ltr'><strong><em>cadunt,</em></strong></span> 
     </span>
    </p>
   </div>
   <div class='ocr_carea' id='block_1_40' title="bbox 334 1158 1117 1190">
    <p class='ocr_par' dir='ltr' id='par_1_40' title="bbox 334 1158 1117 1190">
     <span class='ocr_line' id='line_1_40' title="bbox 334 1158 1117 1190; baseline 0.001 -6"><span class='ocrx_word' id='word_1_279' title='bbox 334 1158 508 1185; x_wconf 84' lang='lat' dir='ltr'><strong><em>ordinatione</em></strong></span> <span class='ocrx_word' id='word_1_280' title='bbox 524 1162 571 1185; x_wconf 82' lang='lat' dir='ltr'><strong><em>tua</em></strong></span> <span class='ocrx_word' id='word_1_281' title='bbox 592 1162 730 1190; x_wconf 80' lang='lat' dir='ltr'><strong><em>constant,</em></strong></span> <span class='ocrx_word' id='word_1_282' title='bbox 747 1166 803 1185; x_wconf 90' lang='lat' dir='ltr'><strong><em>non</em></strong></span> <span class='ocrx_word' id='word_1_283' title='bbox 821 1166 836 1185; x_wconf 91' lang='lat' dir='ltr'><strong><em>a</em></strong></span> <span class='ocrx_word' id='word_1_284' title='bbox 847 1158 971 1186; x_wconf 85' lang='lat' dir='ltr'><strong><em>terminis</em></strong></span> <span class='ocrx_word' id='word_1_285' title='bbox 988 1158 1045 1186; x_wconf 90' lang='lat' dir='ltr'><strong><em>suis</em></strong></span> <span class='ocrx_word' id='word_1_286' title='bbox 1060 1166 1117 1185; x_wconf 93' lang='lat' dir='ltr'><strong><em>mo-</em></strong></span> 
     </span>
    </p>
   </div>
   <div class='ocr_carea' id='block_1_41' title="bbox 334 1203 1114 1239">
    <p class='ocr_par' dir='ltr' id='par_1_41' title="bbox 334 1203 1114 1239">
     <span class='ocr_line' id='line_1_41' title="bbox 334 1203 1114 1239; baseline -0.001 -7"><span class='ocrx_word' id='word_1_287' title='bbox 334 1209 373 1236; x_wconf 80' lang='lat' dir='ltr'><strong><em>ta.</em></strong></span> <span class='ocrx_word' id='word_1_288' title='bbox 404 1211 494 1239; x_wconf 85' lang='lat' dir='ltr'><strong><em>neque</em></strong></span> <span class='ocrx_word' id='word_1_289' title='bbox 519 1203 572 1231; x_wconf 88' lang='lat' dir='ltr'><strong><em>sibi</em></strong></span> <span class='ocrx_word' id='word_1_290' title='bbox 599 1207 730 1231; x_wconf 84' lang='lat' dir='ltr'><strong><em>statutam</em></strong></span> <span class='ocrx_word' id='word_1_291' title='bbox 757 1203 843 1238; x_wconf 85' lang='lat' dir='ltr'><strong><em>legem</em></strong></span> <span class='ocrx_word' id='word_1_292' title='bbox 875 1203 1114 1239; x_wconf 84' lang='lat' dir='ltr'><strong><em>transgredientia.</em></strong></span> 
     </span>
    </p>
   </div>
   <div class='ocr_carea' id='block_1_42' title="bbox 334 1248 1115 1284">
    <p class='ocr_par' dir='ltr' id='par_1_42' title="bbox 334 1248 1115 1284">
     <span class='ocr_line' id='line_1_42' title="bbox 334 1248 1115 1284; baseline 0 -7"><span class='ocrx_word' id='word_1_293' title='bbox 334 1250 423 1278; x_wconf 82' lang='lat' dir='ltr'><strong><em>Causa</em></strong></span> <span class='ocrx_word' id='word_1_294' title='bbox 439 1257 503 1277; x_wconf 85' lang='lat' dir='ltr'><strong><em>vero</em></strong></span> <span class='ocrx_word' id='word_1_295' title='bbox 515 1249 613 1277; x_wconf 86' lang='lat' dir='ltr'><strong><em>horum</em></strong></span> <span class='ocrx_word' id='word_1_296' title='bbox 629 1249 750 1276; x_wconf 90' lang='lat' dir='ltr'><strong><em>omnium</em></strong></span> <span class='ocrx_word' id='word_1_297' title='bbox 764 1248 964 1284; x_wconf 86' lang='lat' dir='ltr'><strong><em>permansionis</em></strong></span> <span class='ocrx_word' id='word_1_298' title='bbox 981 1253 1032 1282; x_wconf 84' lang='lat' dir='ltr'><strong><em>est,</em></strong></span> <span class='ocrx_word' id='word_1_299' title='bbox 1044 1250 1115 1283; x_wconf 88' lang='lat' dir='ltr'><strong><em>quod</em></strong></span> 
     </span>
    </p>
   </div>
   <div class='ocr_carea' id='block_1_43' title="bbox 333 1295 1114 1330">
    <p class='ocr_par' dir='ltr' id='par_1_43' title="bbox 333 1295 1114 1330">
     <span class='ocr_line' id='line_1_43' title="bbox 333 1295 1114 1330; baseline 0 -8"><span class='ocrx_word' id='word_1_300' title='bbox 333 1300 363 1323; x_wconf 89' lang='lat' dir='ltr'><strong><em>tu</em></strong></span> <span class='ocrx_word' id='word_1_301' title='bbox 378 1296 453 1324; x_wconf 87' lang='lat' dir='ltr'><strong><em>solus</em></strong></span> <span class='ocrx_word' id='word_1_302' title='bbox 473 1295 604 1323; x_wconf 85' lang='lat' dir='ltr'><strong><em>Dominus</em></strong></span> <span class='ocrx_word' id='word_1_303' title='bbox 622 1295 660 1322; x_wconf 87' lang='lat' dir='ltr'><strong><em>sis</em></strong></span> <span class='ocrx_word' id='word_1_304' title='bbox 682 1295 888 1327; x_wconf 82' lang='lat' dir='ltr'><strong><em>universorum;</em></strong></span> <span class='ocrx_word' id='word_1_305' title='bbox 905 1295 1009 1330; x_wconf 88' lang='lat' dir='ltr'><strong><em>reliqua</em></strong></span> <span class='ocrx_word' id='word_1_306' title='bbox 1026 1299 1114 1322; x_wconf 83' lang='lat' dir='ltr'><strong><em>autem</em></strong></span> 
     </span>
    </p>
   </div>
   <div class='ocr_carea' id='block_1_44' title="bbox 333 1341 1116 1377">
    <p class='ocr_par' dir='ltr' id='par_1_44' title="bbox 333 1341 1116 1377">
     <span class='ocr_line' id='line_1_44' title="bbox 333 1341 1116 1377; baseline -0.001 -8"><span class='ocrx_word' id='word_1_307' title='bbox 333 1343 425 1369; x_wconf 85' lang='lat' dir='ltr'><strong><em>omnia</em></strong></span> <span class='ocrx_word' id='word_1_308' title='bbox 442 1342 492 1369; x_wconf 87' lang='lat' dir='ltr'><strong><em>tibi</em></strong></span> <span class='ocrx_word' id='word_1_309' title='bbox 506 1342 636 1374; x_wconf 82' lang='lat' dir='ltr'><strong><em>serviant,</em></strong></span> <span class='ocrx_word' id='word_1_310' title='bbox 648 1349 680 1369; x_wconf 91' lang='lat' dir='ltr'><strong><em>ac</em></strong></span> <span class='ocrx_word' id='word_1_311' title='bbox 696 1345 825 1377; x_wconf 83' lang='lat' dir='ltr'><strong><em>tanquam</em></strong></span> <span class='ocrx_word' id='word_1_312' title='bbox 842 1342 976 1376; x_wconf 88' lang='lat' dir='ltr'><strong><em>mancipia</em></strong></span> <span class='ocrx_word' id='word_1_313' title='bbox 993 1341 1116 1376; x_wconf 89' lang='lat' dir='ltr'><strong><em>subjecta</em></strong></span> 
     </span>
    </p>
   </div>
   <div class='ocr_carea' id='block_1_45' title="bbox 333 1388 399 1416">
    <p class='ocr_par' dir='ltr' id='par_1_45' title="bbox 333 1388 399 1416">
     <span class='ocr_line' id='line_1_45' title="bbox 333 1388 399 1416; baseline 0.015 -1"><span class='ocrx_word' id='word_1_314' title='bbox 333 1388 399 1416; x_wconf 88' lang='lat' dir='ltr'><strong><em>sint.</em></strong></span> 
     </span>
    </p>
   </div>
   <div class='ocr_carea' id='block_1_46' title="bbox 369 1432 1113 1469">
    <p class='ocr_par' dir='ltr' id='par_1_46' title="bbox 369 1432 1113 1469">
     <span class='ocr_line' id='line_1_46' title="bbox 369 1432 1113 1469; baseline 0.001 -8"><span class='ocrx_word' id='word_1_315' title='bbox 369 1433 452 1462; x_wconf 72' lang='lat' dir='ltr'><strong><em>Vens.</em></strong></span> <span class='ocrx_word' id='word_1_316' title='bbox 471 1433 516 1461; x_wconf 68' lang='lat'><strong><em>92.</em></strong></span> <span class='ocrx_word' id='word_1_317' title='bbox 531 1433 590 1460; x_wconf 82' lang='lat' dir='ltr'><strong><em>Nisi</em></strong></span> <span class='ocrx_word' id='word_1_318' title='bbox 605 1432 674 1468; x_wconf 82' lang='lat' dir='ltr'><strong><em>quod</em></strong></span> <span class='ocrx_word' id='word_1_319' title='bbox 697 1433 739 1460; x_wconf 70' lang='lat' dir='ltr'><strong><em>[ex</em></strong></span> <span class='ocrx_word' id='word_1_320' title='bbox 762 1438 808 1460; x_wconf 86' lang='lat' dir='ltr'><strong><em>tua</em></strong></span> <span class='ocrx_word' id='word_1_321' title='bbox 833 1433 970 1461; x_wconf 80' lang='lat' dir='ltr'><strong><em>meditatio</em></strong></span> <span class='ocrx_word' id='word_1_322' title='bbox 991 1443 1048 1462; x_wconf 70' lang='lat' dir='ltr'><strong><em>n&#39;ea</em></strong></span> <span class='ocrx_word' id='word_1_323' title='bbox 1064 1440 1113 1469; x_wconf 85' lang='lat' dir='ltr'><strong><em>est,</em></strong></span> 
     </span>
    </p>
   </div>
   <div class='ocr_carea' id='block_1_47' title="bbox 333 1479 1114 1515">
    <p class='ocr_par' dir='ltr' id='par_1_47' title="bbox 333 1479 1114 1515">
     <span class='ocr_line' id='line_1_47' title="bbox 333 1479 1114 1515; baseline 0 -7"><span class='ocrx_word' id='word_1_324' title='bbox 333 1487 395 1508; x_wconf 79' lang='lat' dir='ltr'><strong><em>tunc</em></strong></span> <span class='ocrx_word' id='word_1_325' title='bbox 415 1481 483 1515; x_wconf 73' lang='lat' dir='ltr'><strong><em>forte</em></strong></span> <span class='ocrx_word' id='word_1_326' title='bbox 507 1480 643 1515; x_wconf 78' lang='lat' dir='ltr'><strong><em>periissem</em></strong></span> <span class='ocrx_word' id='word_1_327' title='bbox 666 1479 693 1506; x_wconf 80' lang='lat' dir='ltr'><strong><em>in</em></strong></span> <span class='ocrx_word' id='word_1_328' title='bbox 715 1479 898 1506; x_wconf 81' lang='lat' dir='ltr'><strong><em>humiliatione</em></strong></span> <span class='ocrx_word' id='word_1_329' title='bbox 923 1488 992 1508; x_wconf 85' lang='lat' dir='ltr'><strong><em>mea.</em></strong></span> <span class='ocrx_word' id='word_1_330' title='bbox 1008 1480 1114 1508; x_wconf 88' lang='lat' dir='ltr'><strong><em>Dictum</em></strong></span> 
     </span>
    </p>
   </div>
   <div class='ocr_carea' id='block_1_48' title="bbox 318 1517 1114 1562">
    <p class='ocr_par' dir='ltr' id='par_1_48' title="bbox 318 1517 1114 1562">
     <span class='ocr_line' id='line_1_48' title="bbox 318 1517 1114 1562; baseline -0.001 -8"><span class='ocrx_word' id='word_1_331' title='bbox 318 1517 386 1558; x_wconf 14' lang='lat' dir='ltr'><strong><em>iest,</em></strong></span> <span class='ocrx_word' id='word_1_332' title='bbox 402 1531 510 1562; x_wconf 87' lang='lat' dir='ltr'><strong><em>tempus</em></strong></span> <span class='ocrx_word' id='word_1_333' title='bbox 525 1526 706 1553; x_wconf 84' lang='lat' dir='ltr'><strong><em>tentationum</em></strong></span> <span class='ocrx_word' id='word_1_334' title='bbox 723 1533 754 1552; x_wconf 92' lang='lat' dir='ltr'><strong><em>ac</em></strong></span> <span class='ocrx_word' id='word_1_335' title='bbox 777 1525 963 1552; x_wconf 82' lang='lat' dir='ltr'><strong><em>calamitatum</em></strong></span> <span class='ocrx_word' id='word_1_336' title='bbox 987 1526 1114 1553; x_wconf 89' lang='lat' dir='ltr'><strong><em>humilia-</em></strong></span> 
     </span>
    </p>
   </div>
   <div class='ocr_carea' id='block_1_49' title="bbox 333 1569 1116 1606">
    <p class='ocr_par' dir='ltr' id='par_1_49' title="bbox 333 1569 1116 1606">
     <span class='ocr_line' id='line_1_49' title="bbox 333 1569 1116 1606; baseline -0.004 -7"><span class='ocrx_word' id='word_1_337' title='bbox 333 1574 434 1599; x_wconf 89' lang='lat' dir='ltr'><strong><em>tionem</em></strong></span> <span class='ocrx_word' id='word_1_338' title='bbox 448 1571 610 1606; x_wconf 79' lang='lat' dir='ltr'><strong><em>nuncupari.</em></strong></span> <span class='ocrx_word' id='word_1_339' title='bbox 624 1569 682 1597; x_wconf 79' lang='lat' dir='ltr'><strong><em>Viri</em></strong></span> <span class='ocrx_word' id='word_1_340' title='bbox 698 1571 780 1604; x_wconf 76' lang='lat' dir='ltr'><strong><em>igitur</em></strong></span> <span class='ocrx_word' id='word_1_341' title='bbox 792 1570 863 1597; x_wconf 87' lang='lat' dir='ltr'><strong><em>beati</em></strong></span> <span class='ocrx_word' id='word_1_342' title='bbox 875 1575 916 1598; x_wconf 86' lang='lat' dir='ltr'><strong><em>est</em></strong></span> <span class='ocrx_word' id='word_1_343' title='bbox 927 1570 1010 1598; x_wconf 83' lang='lat' dir='ltr'><strong><em>fuisse</em></strong></span> <span class='ocrx_word' id='word_1_344' title='bbox 1025 1571 1052 1597; x_wconf 89' lang='lat' dir='ltr'><strong><em>in</em></strong></span> <span class='ocrx_word' id='word_1_345' title='bbox 1066 1570 1116 1597; x_wconf 77' lang='grc' dir='ltr'>Ιιιι-</span> 
     </span>
    </p>
   </div>
   <div class='ocr_carea' id='block_1_50' title="bbox 332 1616 1116 1650">
    <p class='ocr_par' dir='ltr' id='par_1_50' title="bbox 332 1616 1116 1650">
     <span class='ocr_line' id='line_1_50' title="bbox 332 1616 1116 1650; baseline -0.003 -6"><span class='ocrx_word' id='word_1_346' title='bbox 332 1617 495 1648; x_wconf 83' lang='lat' dir='ltr'><strong><em>miliatione,</em></strong></span> <span class='ocrx_word' id='word_1_347' title='bbox 512 1621 539 1644; x_wconf 90' lang='lat' dir='ltr'><strong><em>et</em></strong></span> <span class='ocrx_word' id='word_1_348' title='bbox 554 1623 608 1643; x_wconf 88' lang='lat' dir='ltr'><strong><em>n0n</em></strong></span> <span class='ocrx_word' id='word_1_349' title='bbox 634 1616 749 1650; x_wconf 81' lang='lat' dir='ltr'><strong><em>periisse</em></strong></span> <span class='ocrx_word' id='word_1_350' title='bbox 770 1625 777 1642; x_wconf 91' lang='lat'><strong>:</strong></span> <span class='ocrx_word' id='word_1_351' title='bbox 794 1621 824 1642; x_wconf 86' lang='lat' dir='ltr'><strong><em>ut</em></strong></span> <span class='ocrx_word' id='word_1_352' title='bbox 838 1616 872 1648; x_wconf 84' lang='lat' dir='ltr'><strong><em>si,</em></strong></span> <span class='ocrx_word' id='word_1_353' title='bbox 893 1624 920 1643; x_wconf 79' lang='grc' dir='ltr'>ν.</span> <span class='ocrx_word' id='word_1_354' title='bbox 943 1624 980 1650; x_wconf 66' lang='lat'><strong><em>3.,</em></strong></span> <span class='ocrx_word' id='word_1_355' title='bbox 996 1616 1116 1643; x_wconf 78' lang='lat' dir='ltr'><strong><em>venerim</em></strong></span> 
     </span>
    </p>
   </div>
   <div class='ocr_carea' id='block_1_51' title="bbox 332 1661 1116 1696">
    <p class='ocr_par' dir='ltr' id='par_1_51' title="bbox 332 1661 1116 1696">
     <span class='ocr_line' id='line_1_51' title="bbox 332 1661 1116 1696; baseline 0 -7"><span class='ocrx_word' id='word_1_356' title='bbox 332 1663 556 1690; x_wconf 77' lang='lat' dir='ltr'><strong><em>intentationem</em></strong></span> <span class='ocrx_word' id='word_1_357' title='bbox 579 1661 714 1696; x_wconf 84' lang='lat' dir='ltr'><strong><em>martyrii,</em></strong></span> <span class='ocrx_word' id='word_1_358' title='bbox 736 1661 759 1688; x_wconf 88' lang='lat' dir='ltr'><strong><em>si</em></strong></span> <span class='ocrx_word' id='word_1_359' title='bbox 785 1661 894 1696; x_wconf 86' lang='lat' dir='ltr'><strong><em>quidem</em></strong></span> <span class='ocrx_word' id='word_1_360' title='bbox 925 1666 1069 1696; x_wconf 87' lang='lat' dir='ltr'><strong><em>antequam</em></strong></span> <span class='ocrx_word' id='word_1_361' title='bbox 1087 1662 1116 1689; x_wconf 89' lang='lat' dir='ltr'><strong><em>in</em></strong></span> 
     </span>
    </p>
   </div>
   <div class='ocr_carea' id='block_1_52' title="bbox 331 1706 1116 1741">
    <p class='ocr_par' dir='ltr' id='par_1_52' title="bbox 331 1706 1116 1741">
     <span class='ocr_line' id='line_1_52' title="bbox 331 1706 1116 1741; baseline -0.001 -7"><span class='ocrx_word' id='word_1_362' title='bbox 331 1715 391 1734; x_wconf 79' lang='lat' dir='ltr'><strong><em>eam</em></strong></span> <span class='ocrx_word' id='word_1_363' title='bbox 410 1707 559 1734; x_wconf 87' lang='lat' dir='ltr'><strong><em>inciderem</em></strong></span> <span class='ocrx_word' id='word_1_364' title='bbox 576 1707 617 1734; x_wconf 82' lang='lat' dir='ltr'><strong><em>lex</em></strong></span> <span class='ocrx_word' id='word_1_365' title='bbox 629 1711 675 1733; x_wconf 84' lang='lat' dir='ltr'><strong><em>tua</em></strong></span> <span class='ocrx_word' id='word_1_366' title='bbox 694 1706 833 1734; x_wconf 86' lang='lat' dir='ltr'><strong><em>meditatio</em></strong></span> <span class='ocrx_word' id='word_1_367' title='bbox 852 1706 918 1733; x_wconf 89' lang='lat' dir='ltr'><strong><em>mibi</em></strong></span> <span class='ocrx_word' id='word_1_368' title='bbox 932 1714 1040 1741; x_wconf 87' lang='lat' dir='ltr'><strong><em>semper</em></strong></span> <span class='ocrx_word' id='word_1_369' title='bbox 1056 1707 1116 1734; x_wconf 80' lang='lat' dir='ltr'><strong><em>fue-</em></strong></span> 
     </span>
    </p>
   </div>
   <div class='ocr_carea' id='block_1_53' title="bbox 331 1752 1114 1786">
    <p class='ocr_par' dir='ltr' id='par_1_53' title="bbox 331 1752 1114 1786">
     <span class='ocr_line' id='line_1_53' title="bbox 331 1752 1114 1786; baseline -0.001 -6"><span class='ocrx_word' id='word_1_370' title='bbox 331 1753 379 1786; x_wconf 80' lang='lat' dir='ltr'><strong><em>rit,</em></strong></span> <span class='ocrx_word' id='word_1_371' title='bbox 391 1757 418 1780; x_wconf 86' lang='lat' dir='ltr'><strong><em>et</em></strong></span> <span class='ocrx_word' id='word_1_372' title='bbox 436 1761 497 1780; x_wconf 87' lang='lat' dir='ltr'><strong><em>eam</em></strong></span> <span class='ocrx_word' id='word_1_373' title='bbox 511 1756 660 1780; x_wconf 80' lang='lat' dir='ltr'><strong><em>exsecutus</em></strong></span> <span class='ocrx_word' id='word_1_374' title='bbox 680 1753 747 1785; x_wconf 87' lang='lat' dir='ltr'><strong><em>sim;</em></strong></span> <span class='ocrx_word' id='word_1_375' title='bbox 763 1760 825 1778; x_wconf 86' lang='lat' dir='ltr'><strong><em>cum</em></strong></span> <span class='ocrx_word' id='word_1_376' title='bbox 845 1752 872 1779; x_wconf 91' lang='lat' dir='ltr'><strong><em>in</em></strong></span> <span class='ocrx_word' id='word_1_377' title='bbox 899 1752 1114 1780; x_wconf 84' lang='lat' dir='ltr'><strong><em>humiliationem</em></strong></span> 
     </span>
    </p>
   </div>
   <div class='ocr_carea' id='block_1_54' title="bbox 332 1798 1115 1834">
    <p class='ocr_par' dir='ltr' id='par_1_54' title="bbox 332 1798 1115 1834">
     <span class='ocr_line' id='line_1_54' title="bbox 332 1798 1115 1834; baseline -0.003 -8"><span class='ocrx_word' id='word_1_378' title='bbox 332 1807 379 1834; x_wconf 84' lang='lat' dir='ltr'><strong><em>per</em></strong></span> <span class='ocrx_word' id='word_1_379' title='bbox 395 1798 574 1826; x_wconf 87' lang='lat' dir='ltr'><strong><em>tentationem</em></strong></span> <span class='ocrx_word' id='word_1_380' title='bbox 593 1798 717 1834; x_wconf 77' lang='lat' dir='ltr'><strong><em>martyrii</em></strong></span> <span class='ocrx_word' id='word_1_381' title='bbox 737 1805 847 1830; x_wconf 84' lang='lat' dir='ltr'><strong><em>venero,</em></strong></span> <span class='ocrx_word' id='word_1_382' title='bbox 866 1805 920 1824; x_wconf 88' lang='lat' dir='ltr'><strong><em>non</em></strong></span> <span class='ocrx_word' id='word_1_383' title='bbox 936 1799 1041 1832; x_wconf 82' lang='lat' dir='ltr'><strong><em>peribo.</em></strong></span> <span class='ocrx_word' id='word_1_384' title='bbox 1068 1798 1115 1825; x_wconf 84' lang='lat' dir='ltr'><strong><em>Sic</em></strong></span> 
     </span>
    </p>
   </div>
   <div class='ocr_carea' id='block_1_55' title="bbox 330 1842 1116 1879">
    <p class='ocr_par' dir='ltr' id='par_1_55' title="bbox 330 1842 1116 1879">
     <span class='ocr_line' id='line_1_55' title="bbox 330 1842 1116 1879; baseline 0 -8"><span class='ocrx_word' id='word_1_385' title='bbox 330 1844 360 1871; x_wconf 91' lang='lat' dir='ltr'><strong><em>in</em></strong></span> <span class='ocrx_word' id='word_1_386' title='bbox 383 1844 458 1871; x_wconf 92' lang='lat' dir='ltr'><strong><em>omni</em></strong></span> <span class='ocrx_word' id='word_1_387' title='bbox 481 1844 634 1871; x_wconf 85' lang='lat' dir='ltr'><strong><em>tentatione</em></strong></span> <span class='ocrx_word' id='word_1_388' title='bbox 661 1843 735 1878; x_wconf 89' lang='lat' dir='ltr'><strong><em>loqui</em></strong></span> <span class='ocrx_word' id='word_1_389' title='bbox 750 1850 800 1877; x_wconf 86' lang='lat' dir='ltr'><strong><em>par</em></strong></span> <span class='ocrx_word' id='word_1_390' title='bbox 817 1842 917 1870; x_wconf 80' lang='lat' dir='ltr'><strong><em>fuerit:</em></strong></span> <span class='ocrx_word' id='word_1_391' title='bbox 932 1847 969 1876; x_wconf 86' lang='lat' dir='ltr'><strong><em>at.</em></strong></span> <span class='ocrx_word' id='word_1_392' title='bbox 988 1844 1116 1879; x_wconf 82' lang='lat' dir='ltr'><strong><em>malignis</em></strong></span> 
     </span>
    </p>
   </div>
   <div class='ocr_carea' id='block_1_56' title="bbox 331 1889 1114 1926">
    <p class='ocr_par' dir='ltr' id='par_1_56' title="bbox 331 1889 1114 1926">
     <span class='ocr_line' id='line_1_56' title="bbox 331 1889 1114 1926; baseline 0.001 -10"><span class='ocrx_word' id='word_1_393' title='bbox 331 1889 543 1924; x_wconf 76' lang='lat' dir='ltr'><strong><em>cogitationibus</em></strong></span> <span class='ocrx_word' id='word_1_394' title='bbox 563 1893 588 1916; x_wconf 89' lang='lat' dir='ltr'><strong><em>et</em></strong></span> <span class='ocrx_word' id='word_1_395' title='bbox 611 1889 778 1916; x_wconf 84' lang='lat' dir='ltr'><strong><em>adversariis</em></strong></span> <span class='ocrx_word' id='word_1_396' title='bbox 794 1890 941 1918; x_wconf 84' lang='lat' dir='ltr'><strong><em>virtutibus</em></strong></span> <span class='ocrx_word' id='word_1_397' title='bbox 961 1897 1004 1918; x_wconf 89' lang='lat' dir='ltr'><strong><em>me</em></strong></span> <span class='ocrx_word' id='word_1_398' title='bbox 1027 1891 1114 1926; x_wconf 90' lang='lat' dir='ltr'><strong><em>impu-</em></strong></span> 
     </span>
    </p>
   </div>
   <div class='ocr_carea' id='block_1_57' title="bbox 331 1933 1114 1968">
    <p class='ocr_par' dir='ltr' id='par_1_57' title="bbox 331 1933 1114 1968">
     <span class='ocr_line' id='line_1_57' title="bbox 331 1933 1114 1968; baseline 0.003 -8"><span class='ocrx_word' id='word_1_399' title='bbox 331 1934 488 1968; x_wconf 78' lang='lat' dir='ltr'><strong><em>gnantibus.</em></strong></span> <span class='ocrx_word' id='word_1_400' title='bbox 504 1933 673 1968; x_wconf 89' lang='lat' dir='ltr'><strong><em>pereundum</em></strong></span> <span class='ocrx_word' id='word_1_401' title='bbox 695 1934 760 1961; x_wconf 89' lang='lat' dir='ltr'><strong><em>mihi</em></strong></span> <span class='ocrx_word' id='word_1_402' title='bbox 775 1938 845 1966; x_wconf 70' lang='lat' dir='ltr'><strong><em>erat,</em></strong></span> <span class='ocrx_word' id='word_1_403' title='bbox 862 1935 915 1962; x_wconf 89' lang='lat' dir='ltr'><strong><em>nisi</em></strong></span> <span class='ocrx_word' id='word_1_404' title='bbox 931 1935 974 1962; x_wconf 76' lang='lat' dir='ltr'><strong><em>lex</em></strong></span> <span class='ocrx_word' id='word_1_405' title='bbox 989 1939 1037 1963; x_wconf 85' lang='lat' dir='ltr'><strong><em>tua</em></strong></span> <span class='ocrx_word' id='word_1_406' title='bbox 1060 1936 1114 1963; x_wconf 79' lang='lat' dir='ltr'><strong><em>ful-</em></strong></span> 
     </span>
    </p>
   </div>
   <div class='ocr_carea' id='block_1_58' title="bbox 331 1980 573 2007">
    <p class='ocr_par' dir='ltr' id='par_1_58' title="bbox 331 1980 573 2007">
     <span class='ocr_line' id='line_1_58' title="bbox 331 1980 573 2007; baseline 0 -1"><span class='ocrx_word' id='word_1_407' title='bbox 331 1980 455 2007; x_wconf 88' lang='lat' dir='ltr'><strong><em>cro-mihi</em></strong></span> <span class='ocrx_word' id='word_1_408' title='bbox 467 1980 573 2007; x_wconf 82' lang='lat' dir='ltr'><strong><em>fuisset.</em></strong></span> 
     </span>
    </p>
   </div>
   <div class='ocr_carea' id='block_1_59' title="bbox 366 2024 1116 2061">
    <p class='ocr_par' dir='ltr' id='par_1_59' title="bbox 366 2024 1116 2061">
     <span class='ocr_line' id='line_1_59' title="bbox 366 2024 1116 2061; baseline 0.004 -10"><span class='ocrx_word' id='word_1_409' title='bbox 366 2024 449 2052; x_wconf 62' lang='lat' dir='ltr'><strong><em>Vens.</em></strong></span> <span class='ocrx_word' id='word_1_410' title='bbox 466 2025 511 2052; x_wconf 82' lang='grc'><strong><em>95.</em></strong></span> <span class='ocrx_word' id='word_1_411' title='bbox 527 2024 560 2052; x_wconf 81' lang='lat' dir='ltr'><strong><em>In</em></strong></span> <span class='ocrx_word' id='word_1_412' title='bbox 581 2031 707 2052; x_wconf 71' lang='lat' dir='ltr'><strong><em>azternum</em></strong></span> <span class='ocrx_word' id='word_1_413' title='bbox 724 2034 774 2052; x_wconf 88' lang='lat' dir='ltr'><strong><em>non</em></strong></span> <span class='ocrx_word' id='word_1_414' title='bbox 792 2025 933 2053; x_wconf 83' lang='lat' dir='ltr'><strong><em>obliviscar</em></strong></span> <span class='ocrx_word' id='word_1_415' title='bbox 945 2026 1116 2061; x_wconf 81' lang='lat' dir='ltr'><strong><em>justi/icatio-</em></strong></span> 
     </span>
    </p>
   </div>
   <div class='ocr_carea' id='block_1_60' title="bbox 331 2071 1114 2106">
    <p class='ocr_par' dir='ltr' id='par_1_60' title="bbox 331 2071 1114 2106">
     <span class='ocr_line' id='line_1_60' title="bbox 331 2071 1114 2106; baseline 0.001 -8"><span class='ocrx_word' id='word_1_416' title='bbox 331 2079 376 2098; x_wconf 76' lang='lat' dir='ltr'><strong><em>nes</em></strong></span> <span class='ocrx_word' id='word_1_417' title='bbox 389 2078 459 2102; x_wconf 84' lang='lat' dir='ltr'><strong><em>tuas,</em></strong></span> <span class='ocrx_word' id='word_1_418' title='bbox 475 2071 537 2106; x_wconf 78' lang='lat' dir='ltr'><strong><em>quia</em></strong></span> <span class='ocrx_word' id='word_1_419' title='bbox 552 2072 578 2097; x_wconf 82' lang='lat' dir='ltr'><strong><em>in</em></strong></span> <span class='ocrx_word' id='word_1_420' title='bbox 590 2072 653 2105; x_wconf 80' lang='lat' dir='ltr'><strong><em>ipsis</em></strong></span> <span class='ocrx_word' id='word_1_421' title='bbox 673 2072 811 2106; x_wconf 74' lang='lat' dir='ltr'><strong><em>viviﬁeasti</em></strong></span> <span class='ocrx_word' id='word_1_422' title='bbox 829 2080 879 2098; x_wconf 88' lang='lat' dir='ltr'><strong><em>me.</em></strong></span> <span class='ocrx_word' id='word_1_423' title='bbox 896 2071 994 2098; x_wconf 78' lang='lat' dir='ltr'><strong><em>Verum</em></strong></span> <span class='ocrx_word' id='word_1_424' title='bbox 1011 2079 1114 2099; x_wconf 88' lang='lat' dir='ltr'><strong><em>memor</em></strong></span> 
     </span>
    </p>
   </div>
   <div class='ocr_carea' id='block_1_61' title="bbox 331 2117 1111 2152">
    <p class='ocr_par' dir='ltr' id='par_1_61' title="bbox 331 2117 1111 2152">
     <span class='ocr_line' id='line_1_61' title="bbox 331 2117 1111 2152; baseline 0 -7"><span class='ocrx_word' id='word_1_425' title='bbox 331 2124 379 2145; x_wconf 85' lang='lat' dir='ltr'><strong><em>ero</em></strong></span> <span class='ocrx_word' id='word_1_426' title='bbox 403 2117 610 2152; x_wconf 87' lang='lat' dir='ltr'><strong><em>disciplinarum</em></strong></span> <span class='ocrx_word' id='word_1_427' title='bbox 637 2122 762 2149; x_wconf 89' lang='lat' dir='ltr'><strong><em>tuarum,</em></strong></span> <span class='ocrx_word' id='word_1_428' title='bbox 777 2125 845 2152; x_wconf 91' lang='lat' dir='ltr'><strong><em>quas</em></strong></span> <span class='ocrx_word' id='word_1_429' title='bbox 864 2117 891 2144; x_wconf 92' lang='lat' dir='ltr'><strong><em>in</em></strong></span> <span class='ocrx_word' id='word_1_430' title='bbox 910 2117 964 2144; x_wconf 86' lang='lat' dir='ltr'><strong><em>vita</em></strong></span> <span class='ocrx_word' id='word_1_431' title='bbox 986 2117 1085 2145; x_wconf 88' lang='lat' dir='ltr'><strong><em>edidici</em></strong></span> <span class='ocrx_word' id='word_1_432' title='bbox 1104 2128 1111 2145; x_wconf 85' lang='lat'><strong>:</strong></span> 
     </span>
    </p>
   </div>
   <div class='ocr_carea' id='block_1_62' title="bbox 331 2162 1112 2197">
    <p class='ocr_par' dir='ltr' id='par_1_62' title="bbox 331 2162 1112 2197">
     <span class='ocr_line' id='line_1_62' title="bbox 331 2162 1112 2197; baseline 0.001 -8"><span class='ocrx_word' id='word_1_433' title='bbox 331 2170 380 2197; x_wconf 89' lang='lat' dir='ltr'><strong><em>per</em></strong></span> <span class='ocrx_word' id='word_1_434' title='bbox 392 2162 453 2189; x_wconf 84' lang='lat' dir='ltr'><strong><em>illas</em></strong></span> <span class='ocrx_word' id='word_1_435' title='bbox 461 2163 532 2189; x_wconf 88' lang='lat' dir='ltr'><strong><em>enim</em></strong></span> <span class='ocrx_word' id='word_1_436' title='bbox 544 2170 559 2188; x_wconf 89' lang='lat' dir='ltr'><strong><em>a</em></strong></span> <span class='ocrx_word' id='word_1_437' title='bbox 571 2167 644 2190; x_wconf 85' lang='lat' dir='ltr'><strong><em>terra</em></strong></span> <span class='ocrx_word' id='word_1_438' title='bbox 657 2162 685 2189; x_wconf 93' lang='lat' dir='ltr'><strong><em>in</em></strong></span> <span class='ocrx_word' id='word_1_439' title='bbox 695 2163 794 2189; x_wconf 69' lang='lat' dir='ltr'><strong><em>caelum</em></strong></span> <span class='ocrx_word' id='word_1_440' title='bbox 810 2163 957 2194; x_wconf 83' lang='lat' dir='ltr'><strong><em>transiens.</em></strong></span> <span class='ocrx_word' id='word_1_441' title='bbox 974 2170 1036 2190; x_wconf 88' lang='lat' dir='ltr'><strong><em>cum</em></strong></span> <span class='ocrx_word' id='word_1_442' title='bbox 1063 2171 1112 2190; x_wconf 80' lang='lat' dir='ltr'><strong><em>an-</em></strong></span> 
     </span>
    </p>
   </div>
   <div class='ocr_carea' id='block_1_63' title="bbox 1176 924 1947 961">
    <p class='ocr_par' dir='ltr' id='par_1_63' title="bbox 1176 924 1947 961">
     <span class='ocr_line' id='line_1_63' title="bbox 1176 924 1947 961; baseline 0 -9"><span class='ocrx_word' id='word_1_443' title='bbox 1176 925 1314 960; x_wconf 82' lang='grc' dir='ltr'>’Δλήθειαν</span> <span class='ocrx_word' id='word_1_444' title='bbox 1328 926 1355 952; x_wconf 81' lang='grc' dir='ltr'><strong><em>δὲ</em></strong></span> <span class='ocrx_word' id='word_1_445' title='bbox 1369 926 1442 960; x_wconf 79' lang='grc' dir='ltr'>λέγει</span> <span class='ocrx_word' id='word_1_446' title='bbox 1459 926 1507 961; x_wconf 84' lang='grc' dir='ltr'>τὴν</span> <span class='ocrx_word' id='word_1_447' title='bbox 1522 926 1685 960; x_wconf 74' lang='grc' dir='ltr'>ἐπαγγελίαν</span> <span class='ocrx_word' id='word_1_448' title='bbox 1705 926 1817 961; x_wconf 77' lang='grc' dir='ltr'>ταύτην,</span> <span class='ocrx_word' id='word_1_449' title='bbox 1843 926 1877 960; x_wconf 81' lang='grc' dir='ltr'>ἣν</span> <span class='ocrx_word' id='word_1_450' title='bbox 1897 924 1947 952; x_wconf 81' lang='grc' dir='ltr'>οῐδε</span> 
     </span>
    </p>
   </div>
   <div class='ocr_carea' id='block_1_64' title="bbox 1170 971 1949 1007">
    <p class='ocr_par' dir='ltr' id='par_1_64' title="bbox 1170 971 1949 1007">
     <span class='ocr_line' id='line_1_64' title="bbox 1170 971 1949 1007; baseline 0 -9"><span class='ocrx_word' id='word_1_451' title='bbox 1170 971 1278 1003; x_wconf 76' lang='grc' dir='ltr'>πάντως</span> <span class='ocrx_word' id='word_1_452' title='bbox 1294 972 1478 1007; x_wconf 81' lang='grc' dir='ltr'>γενησομένην</span> <span class='ocrx_word' id='word_1_453' title='bbox 1503 973 1543 1002; x_wconf 74' lang='grc' dir='ltr'>εἰς</span> <span class='ocrx_word' id='word_1_454' title='bbox 1568 972 1664 1006; x_wconf 81' lang='grc' dir='ltr'>γενεὰν</span> <span class='ocrx_word' id='word_1_455' title='bbox 1686 972 1732 998; x_wconf 76' lang='grc' dir='ltr'>καὶ</span> <span class='ocrx_word' id='word_1_456' title='bbox 1753 971 1859 1005; x_wconf 75' lang='grc' dir='ltr'>γενεάν.</span> <span class='ocrx_word' id='word_1_457' title='bbox 1881 971 1949 998; x_wconf 81' lang='grc' dir='ltr'>Καθ’</span> 
     </span>
    </p>
   </div>
   <div class='ocr_carea' id='block_1_65' title="bbox 1170 1017 1950 1053">
    <p class='ocr_par' dir='ltr' id='par_1_65' title="bbox 1170 1017 1950 1053">
     <span class='ocr_line' id='line_1_65' title="bbox 1170 1017 1950 1053; baseline -0.001 -9"><span class='ocrx_word' id='word_1_458' title='bbox 1170 1017 1286 1052; x_wconf 73' lang='grc' dir='ltr'>ἑκάστην</span> <span class='ocrx_word' id='word_1_459' title='bbox 1295 1018 1350 1053; x_wconf 86' lang='grc' dir='ltr'><strong><em>γὰρ</em></strong></span> <span class='ocrx_word' id='word_1_460' title='bbox 1361 1017 1456 1051; x_wconf 80' lang='grc' dir='ltr'>γενεὰν</span> <span class='ocrx_word' id='word_1_461' title='bbox 1473 1018 1544 1053; x_wconf 85' lang='grc' dir='ltr'>μέρη</span> <span class='ocrx_word' id='word_1_462' title='bbox 1557 1017 1617 1045; x_wconf 85' lang='grc' dir='ltr'>τινὰ</span> <span class='ocrx_word' id='word_1_463' title='bbox 1633 1017 1682 1052; x_wconf 81' lang='grc' dir='ltr'>τῆς</span> <span class='ocrx_word' id='word_1_464' title='bbox 1697 1017 1823 1053; x_wconf 79' lang='grc' dir='ltr'><strong><em>ἀληθείας</em></strong></span> <span class='ocrx_word' id='word_1_465' title='bbox 1846 1017 1950 1052; x_wconf 85' lang='grc' dir='ltr'>ἀνθρώ-</span> 
     </span>
    </p>
   </div>
   <div class='ocr_carea' id='block_1_66' title="bbox 1170 1063 1947 1099">
    <p class='ocr_par' dir='ltr' id='par_1_66' title="bbox 1170 1063 1947 1099">
     <span class='ocr_line' id='line_1_66' title="bbox 1170 1063 1947 1099; baseline -0.001 -9"><span class='ocrx_word' id='word_1_466' title='bbox 1170 1072 1230 1094; x_wconf 83' lang='grc' dir='ltr'>ποις</span> <span class='ocrx_word' id='word_1_467' title='bbox 1244 1063 1426 1096; x_wconf 72' lang='grc' dir='ltr'>ἀποστὰλὶεις,</span> <span class='ocrx_word' id='word_1_468' title='bbox 1439 1064 1486 1090; x_wconf 74' lang='grc' dir='ltr'>καὶ</span> <span class='ocrx_word' id='word_1_469' title='bbox 1498 1064 1532 1090; x_wconf 78' lang='grc' dir='ltr'>τὰ</span> <span class='ocrx_word' id='word_1_470' title='bbox 1546 1063 1690 1099; x_wconf 78' lang='grc' dir='ltr'>σύμπαντα</span> <span class='ocrx_word' id='word_1_471' title='bbox 1702 1063 1748 1089; x_wconf 78' lang='grc' dir='ltr'>τοῦ</span> <span class='ocrx_word' id='word_1_472' title='bbox 1761 1063 1863 1098; x_wconf 78' lang='grc' dir='ltr'><strong><em>κόσμου</em></strong></span> <span class='ocrx_word' id='word_1_473' title='bbox 1881 1063 1947 1098; x_wconf 85' lang='grc' dir='ltr'>μέρη</span> 
     </span>
    </p>
   </div>
   <div class='ocr_carea' id='block_1_67' title="bbox 1169 1108 1947 1145">
    <p class='ocr_par' dir='ltr' id='par_1_67' title="bbox 1169 1108 1947 1145">
     <span class='ocr_line' id='line_1_67' title="bbox 1169 1108 1947 1145; baseline -0.001 -10"><span class='ocrx_word' id='word_1_474' title='bbox 1169 1110 1203 1135; x_wconf 77' lang='grc' dir='ltr'>τά</span> <span class='ocrx_word' id='word_1_475' title='bbox 1218 1118 1246 1135; x_wconf 86' lang='grc' dir='ltr'><strong><em>τε</em></strong></span> <span class='ocrx_word' id='word_1_476' title='bbox 1261 1109 1347 1144; x_wconf 79' lang='grc' dir='ltr'>ὀρατὰ</span> <span class='ocrx_word' id='word_1_477' title='bbox 1366 1111 1398 1145; x_wconf 87' lang='grc' dir='ltr'>τῇ</span> <span class='ocrx_word' id='word_1_478' title='bbox 1415 1111 1447 1144; x_wconf 83' lang='grc' dir='ltr'><strong><em>σῇ</em></strong></span> <span class='ocrx_word' id='word_1_479' title='bbox 1471 1109 1591 1142; x_wconf 76' lang='grc' dir='ltr'>διατάξει</span> <span class='ocrx_word' id='word_1_480' title='bbox 1607 1109 1781 1144; x_wconf 76' lang='grc' dir='ltr'>συνέστηκεν,</span> <span class='ocrx_word' id='word_1_481' title='bbox 1808 1108 1846 1144; x_wconf 84' lang='grc' dir='ltr'>μὴ</span> <span class='ocrx_word' id='word_1_482' title='bbox 1863 1108 1947 1134; x_wconf 74' lang='grc' dir='ltr'>κινού-</span> 
     </span>
    </p>
   </div>
   <div class='ocr_carea' id='block_1_68' title="bbox 1171 1154 1946 1191">
    <p class='ocr_par' dir='ltr' id='par_1_68' title="bbox 1171 1154 1946 1191">
     <span class='ocr_line' id='line_1_68' title="bbox 1171 1154 1946 1191; baseline 0 -10"><span class='ocrx_word' id='word_1_483' title='bbox 1171 1163 1238 1190; x_wconf 85' lang='grc' dir='ltr'>μενα</span> <span class='ocrx_word' id='word_1_484' title='bbox 1253 1155 1306 1181; x_wconf 79' lang='grc' dir='ltr'><strong><em>τῶν</em></strong></span> <span class='ocrx_word' id='word_1_485' title='bbox 1320 1155 1400 1190; x_wconf 85' lang='grc' dir='ltr'>ὀρῶν,</span> <span class='ocrx_word' id='word_1_486' title='bbox 1429 1155 1495 1191; x_wconf 85' lang='grc' dir='ltr'>μηδὲ</span> <span class='ocrx_word' id='word_1_487' title='bbox 1511 1156 1555 1182; x_wconf 82' lang='grc' dir='ltr'><strong><em>τὺν</em></strong></span> <span class='ocrx_word' id='word_1_488' title='bbox 1574 1155 1654 1190; x_wconf 84' lang='grc' dir='ltr'>νόμον</span> <span class='ocrx_word' id='word_1_489' title='bbox 1676 1155 1720 1180; x_wconf 84' lang='grc' dir='ltr'>τὸν</span> <span class='ocrx_word' id='word_1_490' title='bbox 1745 1154 1887 1190; x_wconf 82' lang='grc' dir='ltr'><strong><em>ὁρισθέντα</em></strong></span> <span class='ocrx_word' id='word_1_491' title='bbox 1900 1155 1946 1180; x_wconf 79' lang='grc' dir='ltr'><strong><em>αὗ-</em></strong></span> 
     </span>
    </p>
   </div>
   <div class='ocr_carea' id='block_1_69' title="bbox 1168 1200 1945 1237">
    <p class='ocr_par' dir='ltr' id='par_1_69' title="bbox 1168 1200 1945 1237">
     <span class='ocr_line' id='line_1_69' title="bbox 1168 1200 1945 1237; baseline 0 -10"><span class='ocrx_word' id='word_1_492' title='bbox 1168 1202 1225 1232; x_wconf 85' lang='grc' dir='ltr'><strong><em>τοίς</em></strong></span> <span class='ocrx_word' id='word_1_493' title='bbox 1243 1201 1450 1237; x_wconf 71' lang='grc' dir='ltr'>παραϐαίνοντα.</span> <span class='ocrx_word' id='word_1_494' title='bbox 1476 1201 1564 1228; x_wconf 68' lang='grc' dir='ltr'>Αἴτιον</span> <span class='ocrx_word' id='word_1_495' title='bbox 1590 1201 1618 1228; x_wconf 80' lang='grc' dir='ltr'><strong><em>δὲ</em></strong></span> <span class='ocrx_word' id='word_1_496' title='bbox 1637 1201 1685 1236; x_wconf 82' lang='grc' dir='ltr'><strong><em>τῆς</em></strong></span> <span class='ocrx_word' id='word_1_497' title='bbox 1700 1200 1803 1228; x_wconf 81' lang='grc' dir='ltr'>τούτων</span> <span class='ocrx_word' id='word_1_498' title='bbox 1823 1201 1945 1228; x_wconf 82' lang='grc' dir='ltr'>ἁπάντων</span> 
     </span>
    </p>
   </div>
   <div class='ocr_carea' id='block_1_70' title="bbox 1168 1245 1945 1283">
    <p class='ocr_par' dir='ltr' id='par_1_70' title="bbox 1168 1245 1945 1283">
     <span class='ocr_line' id='line_1_70' title="bbox 1168 1245 1945 1283; baseline 0.001 -10"><span class='ocrx_word' id='word_1_499' title='bbox 1168 1245 1297 1282; x_wconf 84' lang='grc' dir='ltr'>διαμονῆς</span> <span class='ocrx_word' id='word_1_500' title='bbox 1313 1247 1345 1273; x_wconf 74' lang='grc' dir='ltr'><strong><em>τὺ</em></strong></span> <span class='ocrx_word' id='word_1_501' title='bbox 1369 1247 1398 1273; x_wconf 86' lang='grc' dir='ltr'><strong><em>σὲ</em></strong></span> <span class='ocrx_word' id='word_1_502' title='bbox 1416 1248 1494 1282; x_wconf 83' lang='grc' dir='ltr'>μόνον</span> <span class='ocrx_word' id='word_1_503' title='bbox 1514 1247 1615 1283; x_wconf 86' lang='grc' dir='ltr'>Κύριον</span> <span class='ocrx_word' id='word_1_504' title='bbox 1631 1245 1700 1274; x_wconf 80' lang='grc' dir='ltr'>εἶναι</span> <span class='ocrx_word' id='word_1_505' title='bbox 1719 1247 1774 1273; x_wconf 84' lang='grc' dir='ltr'><strong><em>τῶν</em></strong></span> <span class='ocrx_word' id='word_1_506' title='bbox 1798 1247 1867 1273; x_wconf 81' lang='grc' dir='ltr'>ὅλων</span> <span class='ocrx_word' id='word_1_507' title='bbox 1885 1255 1893 1263; x_wconf 62' lang='grc' dir='ltr'><strong><em>ν</em></strong></span> <span class='ocrx_word' id='word_1_508' title='bbox 1913 1247 1945 1274; x_wconf 79' lang='grc' dir='ltr'>τὰ</span> 
     </span>
    </p>
   </div>
   <div class='ocr_carea' id='block_1_71' title="bbox 1167 1290 1944 1324">
    <p class='ocr_par' dir='ltr' id='par_1_71' title="bbox 1167 1290 1944 1324">
     <span class='ocr_line' id='line_1_71' title="bbox 1167 1290 1944 1324; baseline 0.003 -7"><span class='ocrx_word' id='word_1_509' title='bbox 1167 1290 1196 1318; x_wconf 79' lang='grc' dir='ltr'><strong><em>δὲ</em></strong></span> <span class='ocrx_word' id='word_1_510' title='bbox 1212 1291 1290 1318; x_wconf 83' lang='grc' dir='ltr'>λοιπὰ</span> <span class='ocrx_word' id='word_1_511' title='bbox 1313 1292 1401 1319; x_wconf 82' lang='grc' dir='ltr'>πάντα</span> <span class='ocrx_word' id='word_1_512' title='bbox 1423 1295 1457 1319; x_wconf 81' lang='grc' dir='ltr'>σα</span> <span class='ocrx_word' id='word_1_513' title='bbox 1471 1292 1566 1324; x_wconf 78' lang='grc' dir='ltr'>δοῦλα,</span> <span class='ocrx_word' id='word_1_514' title='bbox 1593 1293 1641 1319; x_wconf 84' lang='grc' dir='ltr'>καὶ</span> <span class='ocrx_word' id='word_1_515' title='bbox 1662 1292 1699 1324; x_wconf 82' lang='grc' dir='ltr'>ὡς</span> <span class='ocrx_word' id='word_1_516' title='bbox 1717 1291 1799 1319; x_wconf 83' lang='grc' dir='ltr'>δοῦλα</span> <span class='ocrx_word' id='word_1_517' title='bbox 1817 1292 1944 1319; x_wconf 75' lang='grc' dir='ltr'>ὑποτέτα-</span> 
     </span>
    </p>
   </div>
   <div class='ocr_carea' id='block_1_72' title="bbox 1168 1345 1241 1364">
    <p class='ocr_par' dir='ltr' id='par_1_72' title="bbox 1168 1345 1241 1364">
     <span class='ocr_line' id='line_1_72' title="bbox 1168 1345 1241 1364; baseline -0.014 0"><span class='ocrx_word' id='word_1_518' title='bbox 1168 1345 1241 1364; x_wconf 83' lang='grc' dir='ltr'>κται.</span> 
     </span>
    </p>
   </div>
   <div class='ocr_carea' id='block_1_73' title="bbox 1204 1385 1946 1420">
    <p class='ocr_par' dir='ltr' id='par_1_73' title="bbox 1204 1385 1946 1420">
     <span class='ocr_line' id='line_1_73' title="bbox 1204 1385 1946 1420; baseline 0.001 -9"><span class='ocrx_word' id='word_1_519' title='bbox 1204 1386 1237 1411; x_wconf 86' lang='lat' dir='ltr'><strong><em>Et</em></strong></span> <span class='ocrx_word' id='word_1_520' title='bbox 1254 1385 1296 1419; x_wconf 84' lang='grc' dir='ltr'>μὴ</span> <span class='ocrx_word' id='word_1_521' title='bbox 1312 1385 1357 1412; x_wconf 83' lang='grc' dir='ltr'>ὅτι</span> <span class='ocrx_word' id='word_1_522' title='bbox 1377 1387 1392 1412; x_wconf 81' lang='grc' dir='ltr'><em>ὁ</em></span> <span class='ocrx_word' id='word_1_523' title='bbox 1406 1386 1497 1420; x_wconf 82' lang='grc' dir='ltr'>νόμος</span> <span class='ocrx_word' id='word_1_524' title='bbox 1512 1393 1570 1412; x_wconf 87' lang='grc' dir='ltr'>σου</span> <span class='ocrx_word' id='word_1_525' title='bbox 1586 1385 1698 1420; x_wconf 82' lang='grc' dir='ltr'><strong><em>μελέτη</em></strong></span> <span class='ocrx_word' id='word_1_526' title='bbox 1714 1395 1774 1420; x_wconf 85' lang='grc' dir='ltr'><strong><em>μου</em></strong></span> <span class='ocrx_word' id='word_1_527' title='bbox 1788 1386 1867 1418; x_wconf 72' lang='grc' dir='ltr'><strong><em>ἐστὶ,</em></strong></span> <span class='ocrx_word' id='word_1_528' title='bbox 1884 1386 1946 1412; x_wconf 76' lang='grc' dir='ltr'>τότε</span> 
     </span>
    </p>
   </div>
   <div class='ocr_carea' id='block_1_74' title="bbox 1168 1432 1945 1468">
    <p class='ocr_par' dir='ltr' id='par_1_74' title="bbox 1168 1432 1945 1468">
     <span class='ocr_line' id='line_1_74' title="bbox 1168 1432 1945 1468; baseline 0.001 -9"><span class='ocrx_word' id='word_1_529' title='bbox 1168 1432 1208 1459; x_wconf 76' lang='grc' dir='ltr'><em>ἂν</em></span> <span class='ocrx_word' id='word_1_530' title='bbox 1220 1433 1382 1467; x_wconf 70' lang='grc' dir='ltr'>ἀπωλόμην·</span> <span class='ocrx_word' id='word_1_531' title='bbox 1402 1434 1435 1460; x_wconf 85' lang='grc' dir='ltr'>ἑν</span> <span class='ocrx_word' id='word_1_532' title='bbox 1448 1433 1485 1468; x_wconf 77' lang='grc' dir='ltr'>τῇ</span> <span class='ocrx_word' id='word_1_533' title='bbox 1501 1433 1675 1461; x_wconf 80' lang='grc' dir='ltr'>ταπεινώσει</span> <span class='ocrx_word' id='word_1_534' title='bbox 1693 1442 1762 1468; x_wconf 81' lang='grc' dir='ltr'>μου.</span> <span class='ocrx_word' id='word_1_535' title='bbox 1777 1433 1892 1468; x_wconf 81' lang='grc' dir='ltr'><strong><em>Εἴρηται</em></strong></span> <span class='ocrx_word' id='word_1_536' title='bbox 1910 1434 1945 1464; x_wconf 82' lang='grc' dir='ltr'>ὡς</span> 
     </span>
    </p>
   </div>
   <div class='ocr_carea' id='block_1_75' title="bbox 1167 1478 1946 1515">
    <p class='ocr_par' dir='ltr' id='par_1_75' title="bbox 1167 1478 1946 1515">
     <span class='ocr_line' id='line_1_75' title="bbox 1167 1478 1946 1515; baseline 0.003 -11"><span class='ocrx_word' id='word_1_537' title='bbox 1167 1479 1182 1504; x_wconf 82' lang='grc' dir='ltr'>ὁ</span> <span class='ocrx_word' id='word_1_538' title='bbox 1197 1478 1291 1514; x_wconf 76' lang='grc' dir='ltr'>καιρὸς</span> <span class='ocrx_word' id='word_1_539' title='bbox 1307 1479 1360 1505; x_wconf 80' lang='grc' dir='ltr'><strong><em>τῶν</em></strong></span> <span class='ocrx_word' id='word_1_540' title='bbox 1384 1479 1542 1515; x_wconf 85' lang='grc' dir='ltr'>πειρασμῶν</span> <span class='ocrx_word' id='word_1_541' title='bbox 1563 1479 1610 1506; x_wconf 76' lang='grc' dir='ltr'>καὶ</span> <span class='ocrx_word' id='word_1_542' title='bbox 1630 1478 1684 1506; x_wconf 85' lang='grc' dir='ltr'><strong><em>τῶν</em></strong></span> <span class='ocrx_word' id='word_1_543' title='bbox 1698 1479 1883 1514; x_wconf 79' lang='grc' dir='ltr'>περιστάσεων</span> <span class='ocrx_word' id='word_1_544' title='bbox 1906 1487 1946 1506; x_wconf 79' lang='grc' dir='ltr'><strong><em>τι·</em></strong></span> 
     </span>
    </p>
   </div>
   <div class='ocr_carea' id='block_1_76' title="bbox 1168 1524 1944 1561">
    <p class='ocr_par' dir='ltr' id='par_1_76' title="bbox 1168 1524 1944 1561">
     <span class='ocr_line' id='line_1_76' title="bbox 1168 1524 1944 1561; baseline 0.001 -11"><span class='ocrx_word' id='word_1_545' title='bbox 1168 1524 1295 1556; x_wconf 79' lang='grc' dir='ltr'>πείνωσις</span> <span class='ocrx_word' id='word_1_546' title='bbox 1310 1525 1477 1560; x_wconf 81' lang='grc' dir='ltr'>ὀνομάζεται.</span> <span class='ocrx_word' id='word_1_547' title='bbox 1497 1525 1638 1560; x_wconf 85' lang='grc' dir='ltr'>Μακαρίου</span> <span class='ocrx_word' id='word_1_548' title='bbox 1654 1524 1743 1551; x_wconf 82' lang='grc' dir='ltr'>τοίνυν</span> <span class='ocrx_word' id='word_1_549' title='bbox 1761 1525 1837 1551; x_wconf 71' lang='grc' dir='ltr'>ἐστὶν</span> <span class='ocrx_word' id='word_1_550' title='bbox 1854 1525 1944 1561; x_wconf 75' lang='grc' dir='ltr'>ἀνδρὸς</span> 
     </span>
    </p>
   </div>
   <div class='ocr_carea' id='block_1_77' title="bbox 1166 1570 1943 1606">
    <p class='ocr_par' dir='ltr' id='par_1_77' title="bbox 1166 1570 1943 1606">
     <span class='ocr_line' id='line_1_77' title="bbox 1166 1570 1943 1606; baseline 0 -9"><span class='ocrx_word' id='word_1_551' title='bbox 1166 1570 1197 1597; x_wconf 82' lang='grc' dir='ltr'>τὸ</span> <span class='ocrx_word' id='word_1_552' title='bbox 1210 1570 1334 1604; x_wconf 77' lang='grc' dir='ltr'>γενέσθαι</span> <span class='ocrx_word' id='word_1_553' title='bbox 1350 1571 1378 1597; x_wconf 85' lang='grc' dir='ltr'>ὲν</span> <span class='ocrx_word' id='word_1_554' title='bbox 1400 1572 1433 1606; x_wconf 82' lang='grc' dir='ltr'>τῇ</span> <span class='ocrx_word' id='word_1_555' title='bbox 1460 1570 1632 1602; x_wconf 83' lang='grc' dir='ltr'>ταπεινώσει,</span> <span class='ocrx_word' id='word_1_556' title='bbox 1654 1571 1701 1597; x_wconf 80' lang='grc' dir='ltr'>καὶ</span> <span class='ocrx_word' id='word_1_557' title='bbox 1719 1571 1757 1606; x_wconf 86' lang='grc' dir='ltr'>μὴ</span> <span class='ocrx_word' id='word_1_558' title='bbox 1783 1571 1943 1598; x_wconf 71' lang='grc' dir='ltr'>ἀπολέσθαι·</span> 
     </span>
    </p>
   </div>
   <div class='ocr_carea' id='block_1_78' title="bbox 1165 1616 1944 1654">
    <p class='ocr_par' dir='ltr' id='par_1_78' title="bbox 1165 1616 1944 1654">
     <span class='ocr_line' id='line_1_78' title="bbox 1165 1616 1944 1654; baseline 0 -12"><span class='ocrx_word' id='word_1_559' title='bbox 1165 1616 1246 1642; x_wconf 79' lang='grc' dir='ltr'>οἱονεὶ</span> <span class='ocrx_word' id='word_1_560' title='bbox 1261 1616 1376 1651; x_wconf 78' lang='grc' dir='ltr'><strong><em>ἐλήλυθα</em></strong></span> <span class='ocrx_word' id='word_1_561' title='bbox 1391 1618 1431 1649; x_wconf 84' lang='grc' dir='ltr'>είς</span> <span class='ocrx_word' id='word_1_562' title='bbox 1449 1617 1598 1654; x_wconf 67' lang='grc' dir='ltr'>τπιρασμὺν</span> <span class='ocrx_word' id='word_1_563' title='bbox 1624 1617 1791 1652; x_wconf 84' lang='grc' dir='ltr'>μαρτυρίου·</span> <span class='ocrx_word' id='word_1_564' title='bbox 1815 1618 1841 1643; x_wconf 77' lang='grc' dir='ltr'><em>εί</em></span> <span class='ocrx_word' id='word_1_565' title='bbox 1865 1617 1912 1652; x_wconf 85' lang='grc' dir='ltr'>μὲν</span> <span class='ocrx_word' id='word_1_566' title='bbox 1931 1618 1944 1643; x_wconf 89' lang='grc' dir='ltr'><strong>ό</strong></span> 
     </span>
    </p>
   </div>
   <div class='ocr_carea' id='block_1_79' title="bbox 1165 1660 1943 1698">
    <p class='ocr_par' dir='ltr' id='par_1_79' title="bbox 1165 1660 1943 1698">
     <span class='ocr_line' id='line_1_79' title="bbox 1165 1660 1943 1698; baseline -0.001 -10"><span class='ocrx_word' id='word_1_567' title='bbox 1165 1661 1246 1696; x_wconf 78' lang='grc' dir='ltr'>νόμος</span> <span class='ocrx_word' id='word_1_568' title='bbox 1259 1662 1306 1688; x_wconf 78' lang='grc' dir='ltr'><strong><em>τοῦ</em></strong></span> <span class='ocrx_word' id='word_1_569' title='bbox 1323 1662 1389 1689; x_wconf 86' lang='grc' dir='ltr'><strong><em>Θεοῦ</em></strong></span> <span class='ocrx_word' id='word_1_570' title='bbox 1408 1662 1506 1698; x_wconf 80' lang='grc' dir='ltr'>μελέτη</span> <span class='ocrx_word' id='word_1_571' title='bbox 1533 1671 1582 1698; x_wconf 88' lang='grc' dir='ltr'><strong><em>μου</em></strong></span> <span class='ocrx_word' id='word_1_572' title='bbox 1603 1660 1637 1697; x_wconf 82' lang='grc' dir='ltr'>ἦν</span> <span class='ocrx_word' id='word_1_573' title='bbox 1657 1662 1700 1688; x_wconf 70' lang='grc' dir='ltr'><strong><em>ἀεὶ</em></strong></span> <span class='ocrx_word' id='word_1_574' title='bbox 1722 1661 1776 1696; x_wconf 84' lang='grc' dir='ltr'><strong><em>πρὸ</em></strong></span> <span class='ocrx_word' id='word_1_575' title='bbox 1798 1661 1845 1687; x_wconf 81' lang='grc' dir='ltr'>τοῦ</span> <span class='ocrx_word' id='word_1_576' title='bbox 1863 1662 1943 1696; x_wconf 75' lang='grc' dir='ltr'>ἑμπε·</span> 
     </span>
    </p>
   </div>
   <div class='ocr_carea' id='block_1_80' title="bbox 1165 1706 1943 1742">
    <p class='ocr_par' dir='ltr' id='par_1_80' title="bbox 1165 1706 1943 1742">
     <span class='ocr_line' id='line_1_80' title="bbox 1165 1706 1943 1742; baseline -0.001 -9"><span class='ocrx_word' id='word_1_577' title='bbox 1165 1709 1233 1738; x_wconf 85' lang='grc' dir='ltr'>σεῐν,</span> <span class='ocrx_word' id='word_1_578' title='bbox 1259 1707 1303 1734; x_wconf 81' lang='grc' dir='ltr'>καὶ</span> <span class='ocrx_word' id='word_1_579' title='bbox 1321 1708 1421 1742; x_wconf 74' lang='grc' dir='ltr'>ἤσκουν</span> <span class='ocrx_word' id='word_1_580' title='bbox 1437 1707 1527 1739; x_wconf 74' lang='grc' dir='ltr'>αὑτὸν,</span> <span class='ocrx_word' id='word_1_581' title='bbox 1550 1706 1634 1733; x_wconf 78' lang='grc' dir='ltr'>ἐλθὼν</span> <span class='ocrx_word' id='word_1_582' title='bbox 1657 1707 1702 1733; x_wconf 74' lang='grc' dir='ltr'><strong><em>ἐπὶ</em></strong></span> <span class='ocrx_word' id='word_1_583' title='bbox 1718 1706 1767 1741; x_wconf 84' lang='grc' dir='ltr'>τὴν</span> <span class='ocrx_word' id='word_1_584' title='bbox 1782 1707 1943 1733; x_wconf 78' lang='grc' dir='ltr'>ταπείνωσιν</span> 
     </span>
    </p>
   </div>
   <div class='ocr_carea' id='block_1_81' title="bbox 1164 1751 1942 1788">
    <p class='ocr_par' dir='ltr' id='par_1_81' title="bbox 1164 1751 1942 1788">
     <span class='ocr_line' id='line_1_81' title="bbox 1164 1751 1942 1788; baseline 0 -10"><span class='ocrx_word' id='word_1_585' title='bbox 1164 1752 1212 1788; x_wconf 88' lang='grc' dir='ltr'>τὴν</span> <span class='ocrx_word' id='word_1_586' title='bbox 1229 1753 1299 1779; x_wconf 85' lang='grc' dir='ltr'>κατὰ</span> <span class='ocrx_word' id='word_1_587' title='bbox 1312 1753 1358 1779; x_wconf 76' lang='grc' dir='ltr'><strong><em>τὸν</em></strong></span> <span class='ocrx_word' id='word_1_588' title='bbox 1378 1753 1528 1788; x_wconf 83' lang='grc' dir='ltr'>πειρασμὸν</span> <span class='ocrx_word' id='word_1_589' title='bbox 1551 1751 1598 1778; x_wconf 84' lang='grc' dir='ltr'>τοῦ</span> <span class='ocrx_word' id='word_1_590' title='bbox 1619 1751 1780 1787; x_wconf 82' lang='grc' dir='ltr'>μαρτυρίου,</span> <span class='ocrx_word' id='word_1_591' title='bbox 1799 1752 1851 1778; x_wconf 75' lang='grc' dir='ltr'><strong><em>οὐχ</em></strong></span> <span class='ocrx_word' id='word_1_592' title='bbox 1865 1751 1942 1778; x_wconf 71' lang='grc' dir='ltr'>ἀπόλ-</span> 
     </span>
    </p>
   </div>
   <div class='ocr_carea' id='block_1_82' title="bbox 1164 1797 1941 1835">
    <p class='ocr_par' dir='ltr' id='par_1_82' title="bbox 1164 1797 1941 1835">
     <span class='ocr_line' id='line_1_82' title="bbox 1164 1797 1941 1835; baseline -0.001 -10"><span class='ocrx_word' id='word_1_593' title='bbox 1164 1797 1257 1834; x_wconf 87' lang='grc' dir='ltr'>λυμαι.</span> <span class='ocrx_word' id='word_1_594' title='bbox 1277 1799 1368 1830; x_wconf 77' lang='grc' dir='ltr'>Οὕτως</span> <span class='ocrx_word' id='word_1_595' title='bbox 1387 1799 1499 1835; x_wconf 78' lang='grc' dir='ltr'>ἁρμόζει</span> <span class='ocrx_word' id='word_1_596' title='bbox 1522 1799 1569 1825; x_wconf 76' lang='grc' dir='ltr'>καὶ</span> <span class='ocrx_word' id='word_1_597' title='bbox 1593 1798 1639 1824; x_wconf 77' lang='grc' dir='ltr'><strong><em>ἐπὶ</em></strong></span> <span class='ocrx_word' id='word_1_598' title='bbox 1668 1797 1768 1829; x_wconf 84' lang='grc' dir='ltr'>παντὸς</span> <span class='ocrx_word' id='word_1_599' title='bbox 1792 1797 1941 1833; x_wconf 74' lang='grc' dir='ltr'>πειρασμοῦ</span> 
     </span>
    </p>
   </div>
   <div class='ocr_carea' id='block_1_83' title="bbox 1164 1844 1941 1880">
    <p class='ocr_par' dir='ltr' id='par_1_83' title="bbox 1164 1844 1941 1880">
     <span class='ocr_line' id='line_1_83' title="bbox 1164 1844 1941 1880; baseline 0 -10"><span class='ocrx_word' id='word_1_600' title='bbox 1164 1845 1265 1870; x_wconf 74' lang='grc' dir='ltr'>εἰπεῖν’</span> <span class='ocrx_word' id='word_1_601' title='bbox 1283 1844 1349 1871; x_wconf 78' lang='grc' dir='ltr'>ἀλλὰ</span> <span class='ocrx_word' id='word_1_602' title='bbox 1373 1845 1420 1871; x_wconf 78' lang='grc' dir='ltr'>καὶ</span> <span class='ocrx_word' id='word_1_603' title='bbox 1438 1844 1491 1871; x_wconf 85' lang='grc' dir='ltr'><strong><em>τῶν</em></strong></span> <span class='ocrx_word' id='word_1_604' title='bbox 1514 1844 1639 1880; x_wconf 82' lang='grc' dir='ltr'>πονηρῶν</span> <span class='ocrx_word' id='word_1_605' title='bbox 1655 1844 1791 1879; x_wconf 80' lang='grc' dir='ltr'>λογισμῶν</span> <span class='ocrx_word' id='word_1_606' title='bbox 1819 1845 1866 1870; x_wconf 80' lang='grc' dir='ltr'>καὶ</span> <span class='ocrx_word' id='word_1_607' title='bbox 1891 1844 1941 1870; x_wconf 82' lang='grc' dir='ltr'><strong><em>τῶν</em></strong></span> 
     </span>
    </p>
   </div>
   <div class='ocr_carea' id='block_1_84' title="bbox 1163 1889 1941 1925">
    <p class='ocr_par' dir='ltr' id='par_1_84' title="bbox 1163 1889 1941 1925">
     <span class='ocr_line' id='line_1_84' title="bbox 1163 1889 1941 1925; baseline 0.003 -11"><span class='ocrx_word' id='word_1_608' title='bbox 1163 1889 1358 1924; x_wconf 83' lang='grc' dir='ltr'>ἀντικειμένων</span> <span class='ocrx_word' id='word_1_609' title='bbox 1382 1890 1520 1925; x_wconf 84' lang='grc' dir='ltr'>δυνάμεων</span> <span class='ocrx_word' id='word_1_610' title='bbox 1538 1889 1712 1924; x_wconf 86' lang='grc' dir='ltr'>πολεμουσῶν</span> <span class='ocrx_word' id='word_1_611' title='bbox 1729 1890 1801 1925; x_wconf 73' lang='grc' dir='ltr'>ἐμοί.</span> <span class='ocrx_word' id='word_1_612' title='bbox 1819 1889 1898 1925; x_wconf 79' lang='grc' dir='ltr'>Εἶχον</span> <span class='ocrx_word' id='word_1_613' title='bbox 1910 1889 1941 1916; x_wconf 77' lang='grc' dir='ltr'><strong><em>ἄν</em></strong></span> 
     </span>
    </p>
   </div>
   <div class='ocr_carea' id='block_1_85' title="bbox 1164 1933 1940 1971">
    <p class='ocr_par' dir='ltr' id='par_1_85' title="bbox 1164 1933 1940 1971">
     <span class='ocr_line' id='line_1_85' title="bbox 1164 1933 1940 1971; baseline 0.003 -12"><span class='ocrx_word' id='word_1_614' title='bbox 1164 1933 1333 1967; x_wconf 71' lang='grc' dir='ltr'>ἀπολεῖσθαι,</span> <span class='ocrx_word' id='word_1_615' title='bbox 1358 1935 1382 1961; x_wconf 85' lang='grc' dir='ltr'>εἰ</span> <span class='ocrx_word' id='word_1_616' title='bbox 1405 1935 1441 1971; x_wconf 86' lang='grc' dir='ltr'>μὴ</span> <span class='ocrx_word' id='word_1_617' title='bbox 1464 1937 1478 1962; x_wconf 77' lang='grc' dir='ltr'>ὁ</span> <span class='ocrx_word' id='word_1_618' title='bbox 1494 1936 1539 1967; x_wconf 84' lang='grc' dir='ltr'><strong><em>σὸς</em></strong></span> <span class='ocrx_word' id='word_1_619' title='bbox 1562 1935 1642 1971; x_wconf 82' lang='grc' dir='ltr'>νόμος</span> <span class='ocrx_word' id='word_1_620' title='bbox 1664 1935 1867 1971; x_wconf 78' lang='grc' dir='ltr'>ἀντιστηριγμὰ</span> <span class='ocrx_word' id='word_1_621' title='bbox 1893 1943 1940 1971; x_wconf 83' lang='grc' dir='ltr'><strong><em>μου</em></strong></span> 
     </span>
    </p>
   </div>
   <div class='ocr_carea' id='block_1_86' title="bbox 1163 1980 1283 2016">
    <p class='ocr_par' dir='ltr' id='par_1_86' title="bbox 1163 1980 1283 2016">
     <span class='ocr_line' id='line_1_86' title="bbox 1163 1980 1283 2016; baseline 0.017 -10"><span class='ocrx_word' id='word_1_622' title='bbox 1163 1980 1283 2016; x_wconf 83' lang='grc' dir='ltr'>γένηται.</span> 
     </span>
    </p>
   </div>
   <div class='ocr_carea' id='block_1_87' title="bbox 1193 2025 1939 2060">
    <p class='ocr_par' dir='ltr' id='par_1_87' title="bbox 1193 2025 1939 2060">
     <span class='ocr_line' id='line_1_87' title="bbox 1193 2025 1939 2060; baseline -0.001 -8"><span class='ocrx_word' id='word_1_623' title='bbox 1193 2027 1244 2058; x_wconf 84' lang='grc' dir='ltr'><strong><em>Εἰς</em></strong></span> <span class='ocrx_word' id='word_1_624' title='bbox 1263 2026 1315 2052; x_wconf 74' lang='grc' dir='ltr'><strong><em>τὸν</em></strong></span> <span class='ocrx_word' id='word_1_625' title='bbox 1332 2025 1424 2052; x_wconf 81' lang='grc' dir='ltr'>αἰῶνα</span> <span class='ocrx_word' id='word_1_626' title='bbox 1438 2027 1474 2053; x_wconf 87' lang='grc' dir='ltr'>οὐ</span> <span class='ocrx_word' id='word_1_627' title='bbox 1487 2026 1529 2060; x_wconf 80' lang='grc' dir='ltr'>μὴ</span> <span class='ocrx_word' id='word_1_628' title='bbox 1550 2025 1731 2060; x_wconf 75' lang='grc' dir='ltr'><strong><em>ἐπιλάθωμαι</em></strong></span> <span class='ocrx_word' id='word_1_629' title='bbox 1750 2025 1809 2052; x_wconf 83' lang='grc' dir='ltr'><strong><em>τῶν</em></strong></span> <span class='ocrx_word' id='word_1_630' title='bbox 1828 2025 1939 2052; x_wconf 76' lang='grc' dir='ltr'>δικαιω-</span> 
     </span>
    </p>
   </div>
   <div class='ocr_carea' id='block_1_88' title="bbox 1160 2071 1940 2107">
    <p class='ocr_par' dir='ltr' id='par_1_88' title="bbox 1160 2071 1940 2107">
     <span class='ocr_line' id='line_1_88' title="bbox 1160 2071 1940 2107; baseline -0.001 -9"><span class='ocrx_word' id='word_1_631' title='bbox 1160 2072 1260 2106; x_wconf 81' lang='grc' dir='ltr'>μάτων</span> <span class='ocrx_word' id='word_1_632' title='bbox 1267 2079 1337 2103; x_wconf 83' lang='grc' dir='ltr'>σου,</span> <span class='ocrx_word' id='word_1_633' title='bbox 1351 2072 1395 2098; x_wconf 80' lang='grc' dir='ltr'>ὅτι</span> <span class='ocrx_word' id='word_1_634' title='bbox 1405 2073 1440 2099; x_wconf 65' lang='grc' dir='ltr'>ἐν</span> <span class='ocrx_word' id='word_1_635' title='bbox 1447 2073 1548 2105; x_wconf 78' lang='grc' dir='ltr'>αὺτοῖς</span> <span class='ocrx_word' id='word_1_636' title='bbox 1561 2071 1667 2105; x_wconf 80' lang='grc' dir='ltr'>ἕζησάς</span> <span class='ocrx_word' id='word_1_637' title='bbox 1675 2080 1722 2106; x_wconf 81' lang='grc' dir='ltr'>με.</span> <span class='ocrx_word' id='word_1_638' title='bbox 1739 2071 1820 2098; x_wconf 76' lang='grc' dir='ltr'>Ἀλλὰ</span> <span class='ocrx_word' id='word_1_639' title='bbox 1838 2071 1940 2107; x_wconf 82' lang='grc' dir='ltr'>μεμνή-</span> 
     </span>
    </p>
   </div>
   <div class='ocr_carea' id='block_1_89' title="bbox 1163 2115 1940 2153">
    <p class='ocr_par' dir='ltr' id='par_1_89' title="bbox 1163 2115 1940 2153">
     <span class='ocr_line' id='line_1_89' title="bbox 1163 2115 1940 2153; baseline -0.003 -9"><span class='ocrx_word' id='word_1_640' title='bbox 1163 2126 1244 2152; x_wconf 87' lang='grc' dir='ltr'>σομαι</span> <span class='ocrx_word' id='word_1_641' title='bbox 1254 2117 1309 2144; x_wconf 83' lang='grc' dir='ltr'><strong><em>τῶν</em></strong></span> <span class='ocrx_word' id='word_1_642' title='bbox 1320 2117 1487 2153; x_wconf 83' lang='grc' dir='ltr'>μαθημάτων</span> <span class='ocrx_word' id='word_1_643' title='bbox 1499 2126 1555 2150; x_wconf 84' lang='grc' dir='ltr'>σου,</span> <span class='ocrx_word' id='word_1_644' title='bbox 1575 2115 1612 2144; x_wconf 86' lang='grc' dir='ltr'>ὧν</span> <span class='ocrx_word' id='word_1_645' title='bbox 1625 2118 1724 2153; x_wconf 79' lang='grc' dir='ltr'>ἔμαθον</span> <span class='ocrx_word' id='word_1_646' title='bbox 1739 2118 1768 2143; x_wconf 83' lang='grc' dir='ltr'>ὲν</span> <span class='ocrx_word' id='word_1_647' title='bbox 1784 2117 1822 2152; x_wconf 80' lang='grc' dir='ltr'>τῷ</span> <span class='ocrx_word' id='word_1_648' title='bbox 1834 2117 1893 2152; x_wconf 66' lang='grc' dir='ltr'><strong><em>βίῳε</em></strong></span> <span class='ocrx_word' id='word_1_649' title='bbox 1909 2116 1940 2142; x_wconf 84' lang='grc' dir='ltr'><strong><em>δι’</em></strong></span> 
     </span>
    </p>
   </div>
   <div class='ocr_carea' id='block_1_90' title="bbox 1163 2161 1941 2199">
    <p class='ocr_par' dir='ltr' id='par_1_90' title="bbox 1163 2161 1941 2199">
     <span class='ocr_line' id='line_1_90' title="bbox 1163 2161 1941 2199; baseline -0.004 -9"><span class='ocrx_word' id='word_1_650' title='bbox 1163 2165 1253 2190; x_wconf 75' lang='grc' dir='ltr'>ἐκεῖνα</span> <span class='ocrx_word' id='word_1_651' title='bbox 1266 2164 1320 2199; x_wconf 85' lang='grc' dir='ltr'><strong><em>γὰρ</em></strong></span> <span class='ocrx_word' id='word_1_652' title='bbox 1335 2164 1388 2190; x_wconf 75' lang='grc' dir='ltr'><strong><em>ἀπὸ</em></strong></span> <span class='ocrx_word' id='word_1_653' title='bbox 1400 2164 1451 2199; x_wconf 86' lang='grc' dir='ltr'>γῆς</span> <span class='ocrx_word' id='word_1_654' title='bbox 1464 2164 1504 2195; x_wconf 76' lang='grc' dir='ltr'>εἰς</span> <span class='ocrx_word' id='word_1_655' title='bbox 1520 2164 1633 2198; x_wconf 83' lang='grc' dir='ltr'>οὐρανὸν</span> <span class='ocrx_word' id='word_1_656' title='bbox 1654 2162 1787 2198; x_wconf 85' lang='grc' dir='ltr'>μετελθὼν</span> <span class='ocrx_word' id='word_1_657' title='bbox 1804 2162 1871 2189; x_wconf 76' lang='grc' dir='ltr'>οἰκῶ</span> <span class='ocrx_word' id='word_1_658' title='bbox 1884 2161 1941 2197; x_wconf 78' lang='grc' dir='ltr'>μετ’</span> 
     </span>
    </p>
   </div>
   <div class='ocr_carea' id='block_1_91' title="bbox 330 2207 1115 2246">
    <p class='ocr_par' dir='ltr' id='par_1_91' title="bbox 330 2207 1109 2244">
     <span class='ocr_line' id='line_1_91' title="bbox 330 2207 1109 2244; baseline -0.001 -8"><span class='ocrx_word' id='word_1_659' title='bbox 330 2209 398 2244; x_wconf 88' lang='lat' dir='ltr'><strong><em>gelis</em></strong></span> <span class='ocrx_word' id='word_1_660' title='bbox 421 2208 523 2235; x_wconf 87' lang='lat' dir='ltr'><strong><em>habito.</em></strong></span> <span class='ocrx_word' id='word_1_661' title='bbox 555 2207 789 2240; x_wconf 83' lang='lat' dir='ltr'><strong><em>Quemadmodum</em></strong></span> <span class='ocrx_word' id='word_1_662' title='bbox 814 2210 885 2235; x_wconf 81' lang='lat' dir='ltr'><strong><em>eiiim</em></strong></span> <span class='ocrx_word' id='word_1_663' title='bbox 909 2208 954 2242; x_wconf 92' lang='lat' dir='ltr'><strong><em>qui</em></strong></span> <span class='ocrx_word' id='word_1_664' title='bbox 980 2216 1012 2236; x_wconf 84' lang='lat' dir='ltr'><strong><em>ex</em></strong></span> <span class='ocrx_word' id='word_1_665' title='bbox 1035 2209 1109 2244; x_wconf 87' lang='lat' dir='ltr'><strong><em>gravi</em></strong></span> 
     </span>
    </p>
   </div>
   <div class='ocr_carea' id='block_1_92' title="bbox 1166 2207 1941 2246">
    <p class='ocr_par' dir='ltr' id='par_1_92' title="bbox 1166 2208 1941 2245">
     <span class='ocr_line' id='line_1_92' title="bbox 1166 2208 1941 2245; baseline -0.004 -9"><span class='ocrx_word' id='word_1_666' title='bbox 1166 2210 1293 2244; x_wconf 67' lang='grc' dir='ltr'>ἀγγέλων.</span> <span class='ocrx_word' id='word_1_667' title='bbox 1311 2210 1416 2245; x_wconf 78' lang='grc' dir='ltr'>Ὥσπερ</span> <span class='ocrx_word' id='word_1_668' title='bbox 1440 2209 1494 2245; x_wconf 81' lang='grc' dir='ltr'>γὰρ</span> <span class='ocrx_word' id='word_1_669' title='bbox 1519 2210 1533 2236; x_wconf 87' lang='grc' dir='ltr'><strong><em>ὸ</em></strong></span> <span class='ocrx_word' id='word_1_670' title='bbox 1559 2210 1591 2236; x_wconf 82' lang='grc' dir='ltr'>ἐκ</span> <span class='ocrx_word' id='word_1_671' title='bbox 1614 2209 1734 2244; x_wconf 73' lang='grc' dir='ltr'>μεγάλης</span> <span class='ocrx_word' id='word_1_672' title='bbox 1749 2209 1828 2235; x_wconf 81' lang='grc' dir='ltr'>νόσου</span> <span class='ocrx_word' id='word_1_673' title='bbox 1843 2208 1888 2235; x_wconf 81' lang='grc' dir='ltr'><strong><em>διά</em></strong></span> <span class='ocrx_word' id='word_1_674' title='bbox 1903 2216 1941 2234; x_wconf 89' lang='grc' dir='ltr'>τι-</span> 
     </span>
    </p>
   </div>
   <div class='ocr_carea' id='block_1_93' title="bbox 331 2254 1108 2283">
    <p class='ocr_par' dir='ltr' id='par_1_93' title="bbox 331 2254 1108 2283">
     <span class='ocr_line' id='line_1_93' title="bbox 331 2254 1108 2283; baseline 0 -1"><span class='ocrx_word' id='word_1_675' title='bbox 331 2255 427 2282; x_wconf 90' lang='lat' dir='ltr'><strong><em>morbo</em></strong></span> <span class='ocrx_word' id='word_1_676' title='bbox 443 2254 610 2282; x_wconf 89' lang='lat' dir='ltr'><strong><em>medicorum</em></strong></span> <span class='ocrx_word' id='word_1_677' title='bbox 625 2254 755 2282; x_wconf 89' lang='lat' dir='ltr'><strong><em>subsidiis</em></strong></span> <span class='ocrx_word' id='word_1_678' title='bbox 771 2254 876 2281; x_wconf 82' lang='lat' dir='ltr'><strong><em>ﬁrmam</em></strong></span> <span class='ocrx_word' id='word_1_679' title='bbox 889 2259 915 2282; x_wconf 87' lang='lat' dir='ltr'><strong><em>et</em></strong></span> <span class='ocrx_word' id='word_1_680' title='bbox 932 2255 1054 2282; x_wconf 85' lang='lat' dir='ltr'><strong><em>stabilem</em></strong></span> <span class='ocrx_word' id='word_1_681' title='bbox 1068 2263 1108 2283; x_wconf 86' lang='lat' dir='ltr'><strong><em>sa-</em></strong></span> 
     </span>
    </p>
   </div>
   <div class='ocr_carea' id='block_1_94' title="bbox 330 2299 1111 2335">
    <p class='ocr_par' dir='ltr' id='par_1_94' title="bbox 330 2299 1111 2335">
     <span class='ocr_line' id='line_1_94' title="bbox 330 2299 1111 2335; baseline -0.003 -7"><span class='ocrx_word' id='word_1_682' title='bbox 330 2300 444 2328; x_wconf 84' lang='lat' dir='ltr'><strong><em>nitatem</em></strong></span> <span class='ocrx_word' id='word_1_683' title='bbox 460 2299 569 2335; x_wconf 79' lang='lat' dir='ltr'><strong><em>accipit,</em></strong></span> <span class='ocrx_word' id='word_1_684' title='bbox 583 2299 655 2335; x_wconf 86' lang='lat' dir='ltr'><strong><em>quod</em></strong></span> <span class='ocrx_word' id='word_1_685' title='bbox 672 2299 816 2326; x_wconf 87' lang='lat' dir='ltr'><strong><em>incolumis</em></strong></span> <span class='ocrx_word' id='word_1_686' title='bbox 833 2303 860 2327; x_wconf 89' lang='lat' dir='ltr'><strong><em>et</em></strong></span> <span class='ocrx_word' id='word_1_687' title='bbox 874 2299 944 2326; x_wconf 87' lang='lat' dir='ltr'><strong><em>bona</em></strong></span> <span class='ocrx_word' id='word_1_688' title='bbox 959 2300 1111 2327; x_wconf 85' lang='lat' dir='ltr'><strong><em>valetudine</em></strong></span> 
     </span>
    </p>
   </div>
   <div class='ocr_carea' id='block_1_95' title="bbox 331 2344 1112 2380">
    <p class='ocr_par' dir='ltr' id='par_1_95' title="bbox 331 2344 1112 2380">
     <span class='ocr_line' id='line_1_95' title="bbox 331 2344 1112 2380; baseline -0.001 -6"><span class='ocrx_word' id='word_1_689' title='bbox 331 2347 377 2379; x_wconf 76' lang='lat' dir='ltr'><strong><em>sit,</em></strong></span> <span class='ocrx_word' id='word_1_690' title='bbox 396 2354 449 2373; x_wconf 92' lang='lat' dir='ltr'><strong><em>non</em></strong></span> <span class='ocrx_word' id='word_1_691' title='bbox 470 2345 530 2373; x_wconf 90' lang='lat' dir='ltr'><strong><em>ideo</em></strong></span> <span class='ocrx_word' id='word_1_692' title='bbox 544 2345 715 2372; x_wconf 89' lang='lat' dir='ltr'><strong><em>obliviscitur</em></strong></span> <span class='ocrx_word' id='word_1_693' title='bbox 729 2344 902 2375; x_wconf 79' lang='lat' dir='ltr'><strong><em>medicinam.</em></strong></span> <span class='ocrx_word' id='word_1_694' title='bbox 920 2352 972 2379; x_wconf 91' lang='lat' dir='ltr'><strong><em>qua</em></strong></span> <span class='ocrx_word' id='word_1_695' title='bbox 995 2345 1053 2380; x_wconf 90' lang='lat' dir='ltr'><strong><em>ipse</em></strong></span> <span class='ocrx_word' id='word_1_696' title='bbox 1067 2354 1112 2373; x_wconf 36' lang='lat' dir='ltr'><strong><em>sas</em></strong></span> 
     </span>
    </p>
   </div>
   <div class='ocr_carea' id='block_1_96' title="bbox 331 2390 1112 2424">
    <p class='ocr_par' dir='ltr' id='par_1_96' title="bbox 331 2390 1112 2424">
     <span class='ocr_line' id='line_1_96' title="bbox 331 2390 1112 2424; baseline -0.001 -5"><span class='ocrx_word' id='word_1_697' title='bbox 331 2392 442 2419; x_wconf 87' lang='lat' dir='ltr'><strong><em>nitatem</em></strong></span> <span class='ocrx_word' id='word_1_698' title='bbox 454 2396 618 2418; x_wconf 87' lang='lat' dir='ltr'><strong><em>consecutus</em></strong></span> <span class='ocrx_word' id='word_1_699' title='bbox 631 2394 689 2424; x_wconf 83' lang='lat' dir='ltr'><strong><em>est;</em></strong></span> <span class='ocrx_word' id='word_1_700' title='bbox 702 2391 738 2417; x_wconf 81' lang='lat' dir='ltr'><strong><em>ita</em></strong></span> <span class='ocrx_word' id='word_1_701' title='bbox 752 2391 803 2418; x_wconf 88' lang='lat' dir='ltr'><strong><em>iste</em></strong></span> <span class='ocrx_word' id='word_1_702' title='bbox 817 2394 928 2417; x_wconf 85' lang='lat' dir='ltr'><strong><em>sanctus</em></strong></span> <span class='ocrx_word' id='word_1_703' title='bbox 940 2398 955 2417; x_wconf 92' lang='lat' dir='ltr'><strong><em>a</em></strong></span> <span class='ocrx_word' id='word_1_704' title='bbox 967 2390 1022 2419; x_wconf 90' lang='lat' dir='ltr'><strong><em>Deo</em></strong></span> <span class='ocrx_word' id='word_1_705' title='bbox 1034 2391 1112 2424; x_wconf 88' lang='lat' dir='ltr'><strong><em>justi-</em></strong></span> 
     </span>
    </p>
   </div>
   <div class='ocr_carea' id='block_1_97' title="bbox 330 2436 1111 2471">
    <p class='ocr_par' dir='ltr' id='par_1_97' title="bbox 330 2436 1111 2471">
     <span class='ocr_line' id='line_1_97' title="bbox 330 2436 1111 2471; baseline 0.001 -8"><span class='ocrx_word' id='word_1_706' title='bbox 330 2436 504 2465; x_wconf 76' lang='lat' dir='ltr'><strong><em>ﬂcationibus</em></strong></span> <span class='ocrx_word' id='word_1_707' title='bbox 514 2443 582 2471; x_wconf 82' lang='lat' dir='ltr'><strong><em>quas</em></strong></span> <span class='ocrx_word' id='word_1_708' title='bbox 598 2436 704 2471; x_wconf 84' lang='lat' dir='ltr'><strong><em>accepit</em></strong></span> <span class='ocrx_word' id='word_1_709' title='bbox 720 2436 884 2468; x_wconf 84' lang='lat' dir='ltr'><strong><em>viviﬁcatus,</em></strong></span> <span class='ocrx_word' id='word_1_710' title='bbox 900 2444 948 2471; x_wconf 88' lang='lat' dir='ltr'><strong><em>per</em></strong></span> <span class='ocrx_word' id='word_1_711' title='bbox 965 2444 1045 2464; x_wconf 85' lang='lat' dir='ltr'><strong><em>omne</em></strong></span> <span class='ocrx_word' id='word_1_712' title='bbox 1061 2445 1111 2464; x_wconf 72' lang='lat' dir='ltr'><strong><em>sa:-</em></strong></span> 
     </span>
    </p>
   </div>
   <div class='ocr_carea' id='block_1_98' title="bbox 331 2482 1112 2515">
    <p class='ocr_par' dir='ltr' id='par_1_98' title="bbox 331 2482 1112 2515">
     <span class='ocr_line' id='line_1_98' title="bbox 331 2482 1112 2515; baseline 0.001 -5"><span class='ocrx_word' id='word_1_713' title='bbox 331 2482 422 2510; x_wconf 83' lang='lat' dir='ltr'><strong><em>cnlum</em></strong></span> <span class='ocrx_word' id='word_1_714' title='bbox 438 2483 476 2510; x_wconf 81' lang='lat' dir='ltr'><strong><em>ait</em></strong></span> <span class='ocrx_word' id='word_1_715' title='bbox 492 2491 521 2510; x_wconf 81' lang='lat' dir='ltr'><strong><em>se</em></strong></span> <span class='ocrx_word' id='word_1_716' title='bbox 533 2490 626 2510; x_wconf 82' lang='lat' dir='ltr'><strong><em>earum</em></strong></span> <span class='ocrx_word' id='word_1_717' title='bbox 643 2482 755 2509; x_wconf 92' lang='lat' dir='ltr'><strong><em>minime</em></strong></span> <span class='ocrx_word' id='word_1_718' title='bbox 769 2482 882 2510; x_wconf 84' lang='lat' dir='ltr'><strong><em>oblitum</em></strong></span> <span class='ocrx_word' id='word_1_719' title='bbox 901 2482 952 2515; x_wconf 84' lang='lat' dir='ltr'><strong><em>iri;</em></strong></span> <span class='ocrx_word' id='word_1_720' title='bbox 967 2482 1037 2510; x_wconf 87' lang='lat' dir='ltr'><strong><em>hanc</em></strong></span> <span class='ocrx_word' id='word_1_721' title='bbox 1050 2483 1112 2511; x_wconf 87' lang='lat' dir='ltr'><strong><em>red-</em></strong></span> 
     </span>
    </p>
   </div>
   <div class='ocr_carea' id='block_1_99' title="bbox 331 2527 1072 2562">
    <p class='ocr_par' dir='ltr' id='par_1_99' title="bbox 331 2527 1072 2562">
     <span class='ocr_line' id='line_1_99' title="bbox 331 2527 1072 2562; baseline 0.003 -8"><span class='ocrx_word' id='word_1_722' title='bbox 331 2527 397 2556; x_wconf 84' lang='lat' dir='ltr'><strong><em>dens</em></strong></span> <span class='ocrx_word' id='word_1_723' title='bbox 411 2529 560 2562; x_wconf 85' lang='lat' dir='ltr'><strong><em>rationem,</em></strong></span> <span class='ocrx_word' id='word_1_724' title='bbox 573 2536 602 2556; x_wconf 91' lang='lat' dir='ltr'><strong><em>se</em></strong></span> <span class='ocrx_word' id='word_1_725' title='bbox 622 2528 649 2555; x_wconf 90' lang='lat' dir='ltr'><strong><em>in</em></strong></span> <span class='ocrx_word' id='word_1_726' title='bbox 664 2528 698 2555; x_wconf 91' lang='lat' dir='ltr'><strong><em>iis</em></strong></span> <span class='ocrx_word' id='word_1_727' title='bbox 713 2535 727 2554; x_wconf 91' lang='lat' dir='ltr'><strong><em>a</em></strong></span> <span class='ocrx_word' id='word_1_728' title='bbox 750 2527 803 2555; x_wconf 86' lang='lat' dir='ltr'><strong><em>Deo</em></strong></span> <span class='ocrx_word' id='word_1_729' title='bbox 819 2528 983 2556; x_wconf 80' lang='lat' dir='ltr'><strong><em>viviﬁcatum</em></strong></span> <span class='ocrx_word' id='word_1_730' title='bbox 1002 2535 1072 2557; x_wconf 84' lang='lat' dir='ltr'><strong><em>esse.</em></strong></span> 
     </span>
    </p>
   </div>
   <div class='ocr_carea' id='block_1_100' title="bbox 366 2616 1108 2655">
    <p class='ocr_par' dir='ltr' id='par_1_100' title="bbox 366 2616 1108 2655">
     <span class='ocr_line' id='line_1_100' title="bbox 366 2616 1108 2655; baseline 0.004 -11"><span class='ocrx_word' id='word_1_731' title='bbox 366 2616 552 2645; x_wconf 71' lang='lat' dir='ltr'><strong><em>Vns.‘9l—96.</em></strong></span> <span class='ocrx_word' id='word_1_732' title='bbox 564 2618 635 2645; x_wconf 88' lang='lat' dir='ltr'><strong><em>Tuus</em></strong></span> <span class='ocrx_word' id='word_1_733' title='bbox 649 2626 706 2645; x_wconf 73' lang='lat' dir='ltr'><strong><em>sum</em></strong></span> <span class='ocrx_word' id='word_1_734' title='bbox 725 2626 781 2652; x_wconf 84' lang='lat' dir='ltr'><strong><em>ego,</em></strong></span> <span class='ocrx_word' id='word_1_735' title='bbox 793 2618 894 2645; x_wconf 77' lang='lat' dir='ltr'><strong><em>saluum</em></strong></span> <span class='ocrx_word' id='word_1_736' title='bbox 915 2627 954 2646; x_wconf 86' lang='lat' dir='ltr'><strong><em>me</em></strong></span> <span class='ocrx_word' id='word_1_737' title='bbox 976 2619 1029 2653; x_wconf 79' lang='lat' dir='ltr'><strong><em>fac.</em></strong></span> <span class='ocrx_word' id='word_1_738' title='bbox 1045 2629 1108 2655; x_wconf 79' lang='lat' dir='ltr'><strong><em>quo-</em></strong></span> 
     </span>
    </p>
   </div>
   <div class='ocr_carea' id='block_1_101' title="bbox 330 2663 1109 2699">
    <p class='ocr_par' dir='ltr' id='par_1_101' title="bbox 330 2663 1109 2699">
     <span class='ocr_line' id='line_1_101' title="bbox 330 2663 1109 2699; baseline 0.005 -9"><span class='ocrx_word' id='word_1_739' title='bbox 330 2663 403 2690; x_wconf 84' lang='lat' dir='ltr'><strong><em>niam</em></strong></span> <span class='ocrx_word' id='word_1_740' title='bbox 421 2663 625 2698; x_wconf 75' lang='lat' dir='ltr'><strong><em>justiﬁcationes</em></strong></span> <span class='ocrx_word' id='word_1_741' title='bbox 646 2669 705 2690; x_wconf 81' lang='lat' dir='ltr'><strong><em>tuas</em></strong></span> <span class='ocrx_word' id='word_1_742' title='bbox 727 2664 863 2699; x_wconf 64' lang='lat' dir='ltr'><strong><em>exquisivi.</em></strong></span> <span class='ocrx_word' id='word_1_743' title='bbox 882 2664 925 2691; x_wconf 78' lang='lat' dir='ltr'><strong><em>Me</em></strong></span> <span class='ocrx_word' id='word_1_744' title='bbox 945 2671 1109 2699; x_wconf 69' lang='lat' dir='ltr'><strong><em>exspectave-</em></strong></span> 
     </span>
    </p>
   </div>
   <div class='ocr_carea' id='block_1_102' title="bbox 330 2709 1108 2744">
    <p class='ocr_par' dir='ltr' id='par_1_102' title="bbox 330 2709 1108 2744">
     <span class='ocr_line' id='line_1_102' title="bbox 330 2709 1108 2744; baseline 0.003 -8"><span class='ocrx_word' id='word_1_745' title='bbox 330 2713 392 2736; x_wconf 72' lang='lat' dir='ltr'><strong><em>runt</em></strong></span> <span class='ocrx_word' id='word_1_746' title='bbox 405 2713 563 2743; x_wconf 76' lang='lat' dir='ltr'><strong><em>peccatores,</em></strong></span> <span class='ocrx_word' id='word_1_747' title='bbox 580 2715 608 2736; x_wconf 88' lang='lat' dir='ltr'><strong><em>ut</em></strong></span> <span class='ocrx_word' id='word_1_748' title='bbox 626 2709 762 2744; x_wconf 79' lang='lat' dir='ltr'><strong><em>perderent</em></strong></span> <span class='ocrx_word' id='word_1_749' title='bbox 775 2719 825 2742; x_wconf 76' lang='lat' dir='ltr'><strong><em>me.</em></strong></span> <span class='ocrx_word' id='word_1_750' title='bbox 838 2711 988 2738; x_wconf 87' lang='lat' dir='ltr'><strong><em>testimonia</em></strong></span> <span class='ocrx_word' id='word_1_751' title='bbox 1005 2716 1050 2738; x_wconf 85' lang='lat' dir='ltr'><strong><em>tua</em></strong></span> <span class='ocrx_word' id='word_1_752' title='bbox 1067 2713 1108 2738; x_wconf 79' lang='lat' dir='ltr'><strong><em>in—</em></strong></span> 
     </span>
    </p>
   </div>
   <div class='ocr_carea' id='block_1_103' title="bbox 331 2754 1106 2791">
    <p class='ocr_par' dir='ltr' id='par_1_103' title="bbox 331 2754 1106 2791">
     <span class='ocr_line' id='line_1_103' title="bbox 331 2754 1106 2791; baseline 0.004 -9"><span class='ocrx_word' id='word_1_753' title='bbox 331 2756 429 2784; x_wconf 73' lang='lat' dir='ltr'><strong><em>tellexi.</em></strong></span> <span class='ocrx_word' id='word_1_754' title='bbox 452 2754 543 2782; x_wconf 78' lang='lat' dir='ltr'><strong><em>Omnis</em></strong></span> <span class='ocrx_word' id='word_1_755' title='bbox 573 2757 806 2783; x_wconf 79' lang='lat' dir='ltr'><strong><em>consummationis</em></strong></span> <span class='ocrx_word' id='word_1_756' title='bbox 827 2756 879 2783; x_wconf 73' lang='lat' dir='ltr'><strong><em>vidi</em></strong></span> <span class='ocrx_word' id='word_1_757' title='bbox 900 2757 978 2791; x_wconf 80' lang='lat' dir='ltr'><strong><em>finem</em></strong></span> <span class='ocrx_word' id='word_1_758' title='bbox 1022 2758 1106 2785; x_wconf 85' lang='lat' dir='ltr'><strong><em>lutum</em></strong></span> 
     </span>
    </p>
   </div>
   <div class='ocr_carea' id='block_1_104' title="bbox 330 2802 665 2829">
    <p class='ocr_par' dir='ltr' id='par_1_104' title="bbox 330 2802 665 2829">
     <span class='ocr_line' id='line_1_104' title="bbox 330 2802 665 2829; baseline 0 0"><span class='ocrx_word' id='word_1_759' title='bbox 330 2802 482 2829; x_wconf 74' lang='lat' dir='ltr'><strong><em>mandatum</em></strong></span> <span class='ocrx_word' id='word_1_760' title='bbox 496 2806 568 2828; x_wconf 86' lang='lat' dir='ltr'><strong><em>tuum</em></strong></span> <span class='ocrx_word' id='word_1_761' title='bbox 577 2802 665 2829; x_wconf 83' lang='lat' dir='ltr'><strong><em>nimis.</em></strong></span> 
     </span>
    </p>
   </div>
   <div class='ocr_carea' id='block_1_105' title="bbox 367 2847 1102 2884">
    <p class='ocr_par' dir='ltr' id='par_1_105' title="bbox 367 2847 1102 2884">
     <span class='ocr_line' id='line_1_105' title="bbox 367 2847 1102 2884; baseline 0.003 -8"><span class='ocrx_word' id='word_1_762' title='bbox 367 2848 449 2876; x_wconf 72' lang='lat' dir='ltr'><strong><em>Vsus.</em></strong></span> <span class='ocrx_word' id='word_1_763' title='bbox 465 2847 572 2876; x_wconf 71' lang='lat'><strong><em>97-100.</em></strong></span> <span class='ocrx_word' id='word_1_764' title='bbox 594 2847 730 2881; x_wconf 82' lang='lat' dir='ltr'><strong><em>Quomodo</em></strong></span> <span class='ocrx_word' id='word_1_765' title='bbox 750 2848 831 2875; x_wconf 65' lang='lat' dir='ltr'><strong><em>dilexi</em></strong></span> <span class='ocrx_word' id='word_1_766' title='bbox 851 2848 930 2884; x_wconf 82' lang='lat' dir='ltr'><strong><em>legem</em></strong></span> <span class='ocrx_word' id='word_1_767' title='bbox 951 2854 1033 2884; x_wconf 84' lang='lat' dir='ltr'><strong><em>tuam,</em></strong></span> <span class='ocrx_word' id='word_1_768' title='bbox 1051 2850 1102 2878; x_wconf 76' lang='lat' dir='ltr'><strong><em>Do~</em></strong></span> 
     </span>
    </p>
   </div>
   <div class='ocr_carea' id='block_1_106' title="bbox 1163 2253 1940 2291">
    <p class='ocr_par' dir='ltr' id='par_1_106' title="bbox 1163 2253 1940 2291">
     <span class='ocr_line' id='line_1_106' title="bbox 1163 2253 1940 2291; baseline -0.005 -9"><span class='ocrx_word' id='word_1_769' title='bbox 1163 2264 1215 2282; x_wconf 86' lang='grc' dir='ltr'><strong><em>νων</em></strong></span> <span class='ocrx_word' id='word_1_770' title='bbox 1233 2255 1360 2291; x_wconf 78' lang='grc' dir='ltr'>ἰατρικῶν</span> <span class='ocrx_word' id='word_1_771' title='bbox 1378 2255 1557 2290; x_wconf 78' lang='grc' dir='ltr'>βοηθημάτων</span> <span class='ocrx_word' id='word_1_772' title='bbox 1568 2255 1668 2288; x_wconf 81' lang='grc' dir='ltr'>παγὶαν</span> <span class='ocrx_word' id='word_1_773' title='bbox 1687 2253 1734 2280; x_wconf 74' lang='grc' dir='ltr'>καὶ</span> <span class='ocrx_word' id='word_1_774' title='bbox 1748 2253 1859 2288; x_wconf 77' lang='grc' dir='ltr'>βεϐαίαν</span> <span class='ocrx_word' id='word_1_775' title='bbox 1876 2253 1940 2279; x_wconf 80' lang='grc' dir='ltr'>ἁνα-</span> 
     </span>
    </p>
   </div>
   <div class='ocr_carea' id='block_1_107' title="bbox 1162 2299 1941 2335">
    <p class='ocr_par' dir='ltr' id='par_1_107' title="bbox 1162 2299 1941 2335">
     <span class='ocr_line' id='line_1_107' title="bbox 1162 2299 1941 2335; baseline -0.006 -7"><span class='ocrx_word' id='word_1_776' title='bbox 1162 2300 1251 2328; x_wconf 82' lang='grc' dir='ltr'>λαϐὼν</span> <span class='ocrx_word' id='word_1_777' title='bbox 1269 2301 1375 2335; x_wconf 86' lang='grc' dir='ltr'>ὑγίειαν</span> <span class='ocrx_word' id='word_1_778' title='bbox 1389 2301 1421 2327; x_wconf 78' lang='grc' dir='ltr'><strong><em>δι’</em></strong></span> <span class='ocrx_word' id='word_1_779' title='bbox 1439 2300 1520 2327; x_wconf 77' lang='grc' dir='ltr'>αὑτοῦ</span> <span class='ocrx_word' id='word_1_780' title='bbox 1541 2300 1586 2327; x_wconf 78' lang='grc' dir='ltr'>τοῦ</span> <span class='ocrx_word' id='word_1_781' title='bbox 1603 2299 1734 2334; x_wconf 81' lang='grc' dir='ltr'>ὑγιαίνειν</span> <span class='ocrx_word' id='word_1_782' title='bbox 1756 2299 1803 2326; x_wconf 69' lang='grc' dir='ltr'><strong><em>καὶ</em></strong></span> <span class='ocrx_word' id='word_1_783' title='bbox 1823 2299 1941 2325; x_wconf 76' lang='grc' dir='ltr'>εὐεκτεῖν</span> 
     </span>
    </p>
   </div>
   <div class='ocr_carea' id='block_1_108' title="bbox 1161 2342 1956 2381">
    <p class='ocr_par' dir='ltr' id='par_1_108' title="bbox 1161 2342 1956 2381">
     <span class='ocr_line' id='line_1_108' title="bbox 1161 2342 1956 2381; baseline -0.004 -8"><span class='ocrx_word' id='word_1_784' title='bbox 1161 2346 1211 2373; x_wconf 77' lang='grc' dir='ltr'>οὐκ</span> <span class='ocrx_word' id='word_1_785' title='bbox 1235 2346 1441 2373; x_wconf 75' lang='grc' dir='ltr'>ἐπιλανθάνεται</span> <span class='ocrx_word' id='word_1_786' title='bbox 1459 2345 1513 2372; x_wconf 88' lang='grc' dir='ltr'><strong><em>τῶν</em></strong></span> <span class='ocrx_word' id='word_1_787' title='bbox 1541 2346 1668 2381; x_wconf 74' lang='grc' dir='ltr'>ἰατρικῶν</span> <span class='ocrx_word' id='word_1_788' title='bbox 1684 2345 1795 2371; x_wconf 71' lang='grc' dir='ltr'>ἐκείνων</span> <span class='ocrx_word' id='word_1_789' title='bbox 1817 2342 1858 2375; x_wconf 70' lang='grc' dir='ltr'>οἷς</span> <span class='ocrx_word' id='word_1_790' title='bbox 1878 2345 1956 2379; x_wconf 61' lang='lat' dir='ltr'><strong><em>ﬁxo--</em></strong></span> 
     </span>
    </p>
   </div>
   <div class='ocr_carea' id='block_1_109' title="bbox 1161 2389 1940 2427">
    <p class='ocr_par' dir='ltr' id='par_1_109' title="bbox 1161 2389 1940 2427">
     <span class='ocr_line' id='line_1_109' title="bbox 1161 2389 1940 2427; baseline -0.004 -8"><span class='ocrx_word' id='word_1_791' title='bbox 1161 2392 1275 2427; x_wconf 85' lang='grc' dir='ltr'>λούθησε</span> <span class='ocrx_word' id='word_1_792' title='bbox 1292 2392 1322 2418; x_wconf 87' lang='grc' dir='ltr'><strong><em>τὺ</em></strong></span> <span class='ocrx_word' id='word_1_793' title='bbox 1339 2391 1423 2424; x_wconf 78' lang='grc' dir='ltr'>οὕτως</span> <span class='ocrx_word' id='word_1_794' title='bbox 1439 2392 1520 2418; x_wconf 78' lang='grc' dir='ltr'>αὐτὸν</span> <span class='ocrx_word' id='word_1_795' title='bbox 1536 2393 1593 2427; x_wconf 84' lang='grc' dir='ltr'>μετ’</span> <span class='ocrx_word' id='word_1_796' title='bbox 1610 2391 1714 2422; x_wconf 77' lang='grc' dir='ltr'>εὐεξίας</span> <span class='ocrx_word' id='word_1_797' title='bbox 1731 2391 1878 2424; x_wconf 77' lang='grc' dir='ltr'>ὑγιαίνειν·</span> <span class='ocrx_word' id='word_1_798' title='bbox 1896 2389 1940 2416; x_wconf 76' lang='grc' dir='ltr'><strong><em>οὗ·</em></strong></span> 
     </span>
    </p>
   </div>
   <div class='ocr_carea' id='block_1_110' title="bbox 1160 2432 1939 2472">
    <p class='ocr_par' dir='ltr' id='par_1_110' title="bbox 1160 2432 1939 2472">
     <span class='ocr_line' id='line_1_110' title="bbox 1160 2432 1939 2472; baseline -0.005 -7"><span class='ocrx_word' id='word_1_799' title='bbox 1160 2447 1214 2470; x_wconf 87' lang='grc' dir='ltr'><strong><em>τως</em></strong></span> <span class='ocrx_word' id='word_1_800' title='bbox 1236 2439 1250 2465; x_wconf 80' lang='grc' dir='ltr'><strong><em>ὁ</em></strong></span> <span class='ocrx_word' id='word_1_801' title='bbox 1273 2439 1348 2472; x_wconf 84' lang='grc' dir='ltr'>ἇγιος</span> <span class='ocrx_word' id='word_1_802' title='bbox 1373 2434 1460 2470; x_wconf 75' lang='grc' dir='ltr'>οὗτος,</span> <span class='ocrx_word' id='word_1_803' title='bbox 1482 2437 1534 2464; x_wconf 84' lang='grc' dir='ltr'><strong><em>ὑπὸ</em></strong></span> <span class='ocrx_word' id='word_1_804' title='bbox 1557 2435 1625 2464; x_wconf 86' lang='grc' dir='ltr'><strong><em>Θεοῦ</em></strong></span> <span class='ocrx_word' id='word_1_805' title='bbox 1649 2436 1829 2471; x_wconf 80' lang='grc' dir='ltr'>ζωοποιηθεὶς</span> <span class='ocrx_word' id='word_1_806' title='bbox 1851 2436 1880 2462; x_wconf 72' lang='grc' dir='ltr'>ἐν</span> <span class='ocrx_word' id='word_1_807' title='bbox 1901 2432 1939 2466; x_wconf 75' lang='grc' dir='ltr'>οἷς</span> 
     </span>
    </p>
   </div>
   <div class='ocr_carea' id='block_1_111' title="bbox 1161 2481 1940 2519">
    <p class='ocr_par' dir='ltr' id='par_1_111' title="bbox 1161 2481 1940 2519">
     <span class='ocr_line' id='line_1_111' title="bbox 1161 2481 1940 2519; baseline -0.004 -9"><span class='ocrx_word' id='word_1_808' title='bbox 1161 2483 1222 2519; x_wconf 73' lang='grc' dir='ltr'><strong><em>ἔσχε</em></strong></span> <span class='ocrx_word' id='word_1_809' title='bbox 1251 2485 1316 2519; x_wconf 77' lang='grc' dir='ltr'>παρ’</span> <span class='ocrx_word' id='word_1_810' title='bbox 1341 2483 1422 2510; x_wconf 74' lang='grc' dir='ltr'>αὑτοῦ</span> <span class='ocrx_word' id='word_1_811' title='bbox 1450 2483 1613 2518; x_wconf 77' lang='grc' dir='ltr'>δικαιώμασι</span> <span class='ocrx_word' id='word_1_812' title='bbox 1637 2482 1710 2516; x_wconf 80' lang='grc' dir='ltr'>λέγει</span> <span class='ocrx_word' id='word_1_813' title='bbox 1733 2481 1797 2518; x_wconf 78' lang='grc' dir='ltr'>παρ’</span> <span class='ocrx_word' id='word_1_814' title='bbox 1815 2481 1875 2508; x_wconf 79' lang='grc' dir='ltr'>ὅλον</span> <span class='ocrx_word' id='word_1_815' title='bbox 1896 2481 1940 2508; x_wconf 79' lang='grc' dir='ltr'>τὸν</span> 
     </span>
    </p>
   </div>
   <div class='ocr_carea' id='block_1_112' title="bbox 1159 2527 1939 2565">
    <p class='ocr_par' dir='ltr' id='par_1_112' title="bbox 1159 2527 1939 2565">
     <span class='ocr_line' id='line_1_112' title="bbox 1159 2527 1939 2565; baseline -0.005 -8"><span class='ocrx_word' id='word_1_816' title='bbox 1159 2530 1244 2557; x_wconf 85' lang='grc' dir='ltr'>αἰῶνα</span> <span class='ocrx_word' id='word_1_817' title='bbox 1260 2529 1297 2565; x_wconf 85' lang='grc' dir='ltr'>μὴ</span> <span class='ocrx_word' id='word_1_818' title='bbox 1314 2529 1538 2556; x_wconf 77' lang='grc' dir='ltr'>ἐπιλανθάνεσθαι</span> <span class='ocrx_word' id='word_1_819' title='bbox 1565 2528 1663 2560; x_wconf 76' lang='grc' dir='ltr'>αὐτῶν,</span> <span class='ocrx_word' id='word_1_820' title='bbox 1678 2528 1821 2559; x_wconf 80' lang='grc' dir='ltr'>ἀποδιδοὺς</span> <span class='ocrx_word' id='word_1_821' title='bbox 1834 2527 1883 2564; x_wconf 78' lang='grc' dir='ltr'>τὴν</span> <span class='ocrx_word' id='word_1_822' title='bbox 1899 2528 1939 2554; x_wconf 81' lang='grc' dir='ltr'><strong><em>αἰ-</em></strong></span> 
     </span>
    </p>
   </div>
   <div class='ocr_carea' id='block_1_113' title="bbox 1159 2573 1887 2609">
    <p class='ocr_par' dir='ltr' id='par_1_113' title="bbox 1159 2573 1887 2609">
     <span class='ocr_line' id='line_1_113' title="bbox 1159 2573 1887 2609; baseline -0.003 -7"><span class='ocrx_word' id='word_1_823' title='bbox 1159 2576 1230 2607; x_wconf 80' lang='grc' dir='ltr'>τίαν,</span> <span class='ocrx_word' id='word_1_824' title='bbox 1245 2576 1275 2602; x_wconf 76' lang='grc' dir='ltr'>τὸ</span> <span class='ocrx_word' id='word_1_825' title='bbox 1291 2577 1320 2601; x_wconf 80' lang='grc' dir='ltr'>ἐν</span> <span class='ocrx_word' id='word_1_826' title='bbox 1334 2576 1425 2607; x_wconf 80' lang='grc' dir='ltr'>αὐτοῖς</span> <span class='ocrx_word' id='word_1_827' title='bbox 1437 2575 1481 2602; x_wconf 88' lang='grc' dir='ltr'>τὸν</span> <span class='ocrx_word' id='word_1_828' title='bbox 1495 2575 1561 2601; x_wconf 81' lang='grc' dir='ltr'>Θεὸν</span> <span class='ocrx_word' id='word_1_829' title='bbox 1575 2574 1656 2601; x_wconf 81' lang='grc' dir='ltr'>αὐτὸν</span> <span class='ocrx_word' id='word_1_830' title='bbox 1670 2574 1797 2609; x_wconf 70' lang='grc' dir='ltr'>ἐζηκέναι</span> <span class='ocrx_word' id='word_1_831' title='bbox 1813 2573 1887 2609; x_wconf 80' lang='lat' dir='ltr'><strong><em>(sic).</em></strong></span> 
     </span>
    </p>
   </div>
   <div class='ocr_carea' id='block_1_114' title="bbox 1194 2617 1938 2654">
    <p class='ocr_par' dir='ltr' id='par_1_114' title="bbox 1194 2617 1938 2654">
     <span class='ocr_line' id='line_1_114' title="bbox 1194 2617 1938 2654; baseline -0.004 -7"><span class='ocrx_word' id='word_1_832' title='bbox 1194 2620 1252 2652; x_wconf 85' lang='grc' dir='ltr'>Σός</span> <span class='ocrx_word' id='word_1_833' title='bbox 1275 2621 1332 2654; x_wconf 76' lang='grc' dir='ltr'>ειμι</span> <span class='ocrx_word' id='word_1_834' title='bbox 1357 2619 1424 2654; x_wconf 77' lang='grc' dir='ltr'><strong><em>ἐγὼ,</em></strong></span> <span class='ocrx_word' id='word_1_835' title='bbox 1450 2618 1553 2646; x_wconf 78' lang='grc' dir='ltr'>σῶσόν</span> <span class='ocrx_word' id='word_1_836' title='bbox 1566 2627 1614 2653; x_wconf 81' lang='grc' dir='ltr'>με,</span> <span class='ocrx_word' id='word_1_837' title='bbox 1633 2618 1679 2645; x_wconf 79' lang='grc' dir='ltr'>ὅτι</span> <span class='ocrx_word' id='word_1_838' title='bbox 1702 2618 1739 2645; x_wconf 83' lang='grc' dir='ltr'>τὰ</span> <span class='ocrx_word' id='word_1_839' title='bbox 1758 2617 1938 2653; x_wconf 74' lang='grc' dir='ltr'>δικαιώματά</span> 
     </span>
    </p>
   </div>
   <div class='ocr_carea' id='block_1_115' title="bbox 1158 2663 1938 2700">
    <p class='ocr_par' dir='ltr' id='par_1_115' title="bbox 1158 2663 1938 2700">
     <span class='ocr_line' id='line_1_115' title="bbox 1158 2663 1938 2700; baseline -0.003 -8"><span class='ocrx_word' id='word_1_840' title='bbox 1158 2674 1216 2693; x_wconf 87' lang='grc' dir='ltr'>σου</span> <span class='ocrx_word' id='word_1_841' title='bbox 1234 2665 1406 2699; x_wconf 72' lang='grc' dir='ltr'><strong><em>ἐξεζήτησα.</em></strong></span> <span class='ocrx_word' id='word_1_842' title='bbox 1442 2665 1507 2700; x_wconf 79' lang='grc' dir='ltr'><strong><em>Ἐμὲ</em></strong></span> <span class='ocrx_word' id='word_1_843' title='bbox 1527 2665 1690 2700; x_wconf 76' lang='grc' dir='ltr'>ὑπέμειναν</span> <span class='ocrx_word' id='word_1_844' title='bbox 1718 2666 1745 2692; x_wconf 88' lang='grc' dir='ltr'><em>οί</em></span> <span class='ocrx_word' id='word_1_845' title='bbox 1772 2663 1938 2700; x_wconf 65' lang='grc' dir='ltr'>ἁμαρτωλοὶ</span> 
     </span>
    </p>
   </div>
   <div class='ocr_carea' id='block_1_116' title="bbox 1158 2710 1938 2746">
    <p class='ocr_par' dir='ltr' id='par_1_116' title="bbox 1158 2710 1938 2746">
     <span class='ocr_line' id='line_1_116' title="bbox 1158 2710 1938 2746; baseline -0.003 -7"><span class='ocrx_word' id='word_1_846' title='bbox 1158 2712 1210 2739; x_wconf 81' lang='grc' dir='ltr'>τοῦ</span> <span class='ocrx_word' id='word_1_847' title='bbox 1223 2712 1371 2739; x_wconf 75' lang='grc' dir='ltr'>ἀπολέσαι</span> <span class='ocrx_word' id='word_1_848' title='bbox 1385 2720 1433 2746; x_wconf 82' lang='grc' dir='ltr'>με,</span> <span class='ocrx_word' id='word_1_849' title='bbox 1445 2712 1481 2738; x_wconf 85' lang='grc' dir='ltr'>τὰ</span> <span class='ocrx_word' id='word_1_850' title='bbox 1494 2711 1641 2746; x_wconf 71' lang='grc' dir='ltr'>μαρτύριά</span> <span class='ocrx_word' id='word_1_851' title='bbox 1657 2720 1714 2738; x_wconf 88' lang='grc' dir='ltr'>σου</span> <span class='ocrx_word' id='word_1_852' title='bbox 1733 2711 1865 2745; x_wconf 80' lang='grc' dir='ltr'>συνῆκα.</span> <span class='ocrx_word' id='word_1_853' title='bbox 1884 2710 1938 2738; x_wconf 76' lang='grc' dir='ltr'><strong><em>Πά-</em></strong></span> 
     </span>
    </p>
   </div>
   <div class='ocr_carea' id='block_1_117' title="bbox 1158 2756 1936 2792">
    <p class='ocr_par' dir='ltr' id='par_1_117' title="bbox 1158 2756 1936 2792">
     <span class='ocr_line' id='line_1_117' title="bbox 1158 2756 1936 2792; baseline 0.001 -8"><span class='ocrx_word' id='word_1_854' title='bbox 1158 2766 1216 2792; x_wconf 83' lang='grc' dir='ltr'><strong><em>σης</em></strong></span> <span class='ocrx_word' id='word_1_855' title='bbox 1230 2758 1406 2791; x_wconf 78' lang='grc' dir='ltr'>συντελείας</span> <span class='ocrx_word' id='word_1_856' title='bbox 1421 2756 1502 2785; x_wconf 74' lang='grc' dir='ltr'>εἶδον</span> <span class='ocrx_word' id='word_1_857' title='bbox 1519 2757 1621 2792; x_wconf 79' lang='grc' dir='ltr'>πέρας,</span> <span class='ocrx_word' id='word_1_858' title='bbox 1647 2757 1774 2785; x_wconf 75' lang='grc' dir='ltr'>πλατεῖα</span> <span class='ocrx_word' id='word_1_859' title='bbox 1789 2759 1809 2792; x_wconf 81' lang='grc' dir='ltr'><strong><em>ἠ</em></strong></span> <span class='ocrx_word' id='word_1_860' title='bbox 1828 2756 1936 2791; x_wconf 72' lang='grc' dir='ltr'>ἐντολὴ</span> 
     </span>
    </p>
   </div>
   <div class='ocr_carea' id='block_1_118' title="bbox 1157 2806 1355 2840">
    <p class='ocr_par' dir='ltr' id='par_1_118' title="bbox 1157 2806 1355 2840">
     <span class='ocr_line' id='line_1_118' title="bbox 1157 2806 1355 2840; baseline -0.005 -7"><span class='ocrx_word' id='word_1_861' title='bbox 1157 2814 1214 2833; x_wconf 88' lang='grc' dir='ltr'>σου</span> <span class='ocrx_word' id='word_1_862' title='bbox 1229 2806 1355 2840; x_wconf 67' lang='grc' dir='ltr'><strong><em>σφόδρα.</em></strong></span> 
     </span>
    </p>
   </div>
   <div class='ocr_carea' id='block_1_119' title="bbox 1198 2850 1939 2887">
    <p class='ocr_par' dir='ltr' id='par_1_119' title="bbox 1198 2850 1939 2887">
     <span class='ocr_line' id='line_1_119' title="bbox 1198 2850 1939 2887; baseline -0.001 -9"><span class='ocrx_word' id='word_1_863' title='bbox 1198 2852 1244 2885; x_wconf 87' lang='grc' dir='ltr'>Ὡς</span> <span class='ocrx_word' id='word_1_864' title='bbox 1256 2851 1397 2887; x_wconf 60' lang='grc' dir='ltr'><strong><em>ἠγάπησα</em></strong></span> <span class='ocrx_word' id='word_1_865' title='bbox 1416 2851 1469 2880; x_wconf 69' lang='grc' dir='ltr'><strong><em>τὸν</em></strong></span> <span class='ocrx_word' id='word_1_866' title='bbox 1481 2852 1575 2887; x_wconf 74' lang='grc' dir='ltr'>νόμον</span> <span class='ocrx_word' id='word_1_867' title='bbox 1590 2860 1658 2886; x_wconf 84' lang='grc' dir='ltr'>σου,</span> <span class='ocrx_word' id='word_1_868' title='bbox 1672 2852 1770 2886; x_wconf 77' lang='grc' dir='ltr'>Κύριε,</span> <span class='ocrx_word' id='word_1_869' title='bbox 1789 2853 1866 2887; x_wconf 74' lang='grc' dir='ltr'>ὅλην</span> <span class='ocrx_word' id='word_1_870' title='bbox 1882 2850 1939 2886; x_wconf 75' lang='grc' dir='ltr'><strong><em>τὴν</em></strong></span> 
     </span>
    </p>
   </div>
  </div>
