2044 3212
110 161 176 191 1331

686 160 935 190 COMMENTARIA
954 161 987 188 IN
1007 161 1175 190 PSALMOS.

1244 150 1316 187 1'3
1657 166 1727 194 4:32

107 219 221 256 ἡμέραν
240 220 352 254 μελέτη
369 228 427 253 μου
445 219 541 247 ἐστίν.
565 219 655 254 ’Υπὲρ
678 220 748 253 τοὺς
765 220 891 255 ἐχθρούς

945 221 1023 252 mine.
1034 225 1089 247 tota
1103 220 1146 248 die
1159 221 1293 249 meditatio
1304 231 1360 250 mea
1371 228 1419 251 est.
1433 224 1516 258 Super
1527 224 1647 251 inimicos
1660 233 1729 252 naeus

105 274 165 301 μου
184 264 333 298 ἐσόφισάς
352 273 391 299 με
411 266 468 299 τὴν
487 264 616 299 ἐντολήν
639 273 707 297 σου,
725 265 769 292 ὅτι
782 267 826 298 εις
839 266 892 292 τὸν

107 310 200 337 αἰῶνα
220 309 275 344 ἐμή
293 310 387 337 ἐστιν.
409 309 491 345 ’Υπὲρ
513 310 628 343 πάντας
650 310 721 343 τοὺς
737 310 893 338 διδάσκον-

107 356 161 389 τάς
173 365 212 390 με
227 355 358 390 συνῆκα,
375 355 420 383 ὅτι
432 356 468 383 τὰ
478 356 624 392 μαρτύριά
636 365 694 384 σου
705 357 815 392 μελέτη
833 365 892 392 μου

107 402 204 429 ἐστίν.
232 401 317 436 Ὑπὲρ
329 401 549 436 πρεσϐυτέρους
559 402 689 437 συνῆκα,
710 403 754 430 ὅτι
773 403 826 436 τὰς
845 403 893 430 ὲν-

107 447 198 480 τολὰς
224 455 282 474 σου
304 446 477 482 ἐξεζήτησα.
497 449 529 474 El
543 448 571 474 δὲ
587 448 660 482 λέγοι
679 457 731 475 που
748 449 762 475 ὀ
786 449 890 484 Σωτήρ

109 493 169 519 οὐκ
183 492 249 519 ἐστι
262 492 399 527 μαθητὴς
416 493 492 527 ὑπὲρ
511 493 564 520 τὸν
578 493 775 525 διδάσκαλον,
793 493 838 520 καὶ
859 493 893 520 τὰ

108 538 183 573 ἑξῆς,
209 538 328 570 λεκτέον,
355 539 396 564 ὅτι
424 538 495 565 τοῦτ’
511 539 616 575 εἴρηται
631 539 670 574 τῷ
683 539 788 576 Σωτῆρι
807 549 892 575 προσ-

107 583 332 618 διαστειλαμένῳ,
353 584 399 610 καὶ
415 585 510 618 φάντι·
526 585 574 618 Μὴ
591 584 737 619 καλέσητε
752 584 893 612 διδάσκα-

106 631 165 656 λον
179 629 229 656 ἐπὶ
245 629 301 664 τῆς
319 630 376 665 γῆς
387 639 393 645 ·
412 628 455 663 εἷς
468 631 522 665 γάρ
532 631 618 658 ἐστιν
627 632 710 666 ὑμῶν
721 633 738 659 d
749 631 892 658 διδάσκα-

107 677 163 707 λος
177 677 193 702 ὸ
215 675 250 702 ἐν
263 675 326 709 τοῖς
346 676 494 710 οὐρανοῖς.
519 677 563 708 Ὠς
579 676 647 712 πρὸς
662 677 764 703 ἐκεῖνον
782 675 827 704 οὖν
847 677 892 703 τὸν

107 720 269 748 διδάσκαλον
295 721 344 749 οὐκ
363 722 420 748 ἐστι
438 722 561 758 μαθητὴς
585 722 726 758 κρείττων.
756 723 788 750 Οἱ
802 723 830 750 δὲ
854 724 894 750 ὲν-

108 765 194 793 ταῢθα
209 766 367 802 δηλούμενοι
393 766 485 793 πολλοὶ
511 767 666 794 διδάσκαλοι
687 768 774 804 ἕτεροι
798 769 894 803 τυγχά-

107 818 208 843 νουσιν,
223 808 261 838 ὦν
276 812 404 844 πολλάκις
418 813 432 838 ὁ
449 812 573 848 μαθητὴς
589 813 728 849 κρείττων.
747 814 854 840 Γίνεται
864 814 893 840 δὲ

108 857 230 889 πλείονος
245 859 292 885 καὶ
310 858 437 894 συνεχοῦς
453 859 503 894 τῆς
522 859 586 894 περὶ
607 860 670 892 τοὺς
689 859 777 892 θείους
798 860 893 894 λόγους

108 901 262 937 ἀσκήσεως.

150 948 197 975 Ἐκ
211 949 311 982 πάσης
324 949 394 976 ὀδοῦ
411 948 543 984 πονηρᾶς
555 949 693 978 ἐκώλυσα
709 949 779 983 τοὺς
799 950 893 984 πόδας

105 1003 176 1029 μου,
188 995 268 1028 ὅπως
282 994 320 1022 ἂν
331 995 454 1030 φυλάξω
469 996 540 1029 τοὺς
553 996 665 1031 λόγους
679 1004 747 1023 σου.
758 996 823 1024 Ἀπὸ
836 996 895 1023 τῶν

108 1040 258 1075 χριμάτων
273 1048 331 1067 σου
346 1042 402 1067 οὐκ
417 1039 567 1072 ἐξέκλινα,
590 1041 634 1068 ὅτι
658 1040 698 1068 σὺ
720 1041 894 1076 ἐνομοθέτη-

109 1087 167 1121 σάς
175 1096 235 1122 μοι.
244 1087 291 1120 Ὠς
302 1086 415 1121 γλυκέα
429 1086 469 1119 τῷ
480 1086 606 1121 λάρυγτί
614 1095 673 1121 μου
683 1087 718 1114 τὰ
728 1086 814 1120 λόγιά
823 1094 890 1113 σου·

107 1133 184 1167 ὑπὲρ
200 1131 269 1167 μέλι
281 1131 320 1164 τῷ
330 1132 455 1166 στόματί
461 1140 531 1166 μου.
541 1132 606 1159 Ἀπὸ
617 1132 675 1158 τῶν
686 1133 819 1160 ἐντολῶν
835 1139 894 1160 σου

108 1177 244 1213 συνῆκα,
266 1177 316 1205 διὰ
341 1177 427 1204 τοῦτο
453 1177 585 1211 ἐμίσησα
607 1177 710 1205 πᾶσαν
734 1177 806 1205 ὁδὸν
829 1177 893 1205 ἀδι-

109 1225 187 1257 κίας.

143 1269 263 1304 Λύχνος
288 1268 350 1302 τοῖς
372 1270 444 1297 ποσί
463 1277 523 1304 μου
547 1269 563 1295 ὀ
577 1270 668 1303 νόμος
682 1275 750 1302 σου,
767 1268 816 1296 καὶ
832 1268 894 1303 φῶς

109 1315 175 1348 ταῖς
198 1315 307 1349 τρίδσις
327 1316 515 1349 μου.Ὤμοσα
536 1314 585 1342 καὶ
600 1315 717 1348 bonum
731 1314 783 1341 τοῦ
797 1314 894 1348 φυλά-

110 1361 226 1393 ξασθαιι
241 1361 278 1388 τὰ
301 1361 427 1395 κρίματα
446 1359 500 1394 τῆς
520 1360 714 1394 δικαιοσύνης
730 1367 797 1387 σου.
807 1360 893 1393 Ἐπεὶ,

112 1406 225 1442 μηδενὸς
248 1406 457 1441 ὲκόιασαμένου,
472 1406 560 1442 οἰκείᾳ
575 1405 744 1441 χρησάμενος
759 1406 830 1441 ὁρμῇ
847 1406 894 1432 καὶ

110 1446 268 1488 ’π’ροαιρέσει
282 1451 381 1487 ἀγαθῇ,
396 1452 468 1487 ὅρκῳ
480 1451 575 1478 ἑαυτὸν
592 1451 755 1487 κατεδήσατο
767 1451 813 1478 καὶ
823 1450 895 1486 ὦμο-

111 1505 142 1523 a:
155 1496 201 1523 τοῦ
217 1496 384 1531 φυλάξασθαι
405 1497 438 1522 τὰ
456 1497 577 1531 κρίματα
597 1497 645 1531 τῆς
660 1496 831 1532 δικαιοσύνης
847 1497 894 1523 τοῦ

111 1541 189 1573 ὃεοῦ,
207 1541 314 1577 εὔχεται
328 1543 374 1569 τὸν
388 1542 467 1577 ὅρκον
486 1542 567 1568 αὐτοῦ
585 1542 718 1577 ἀποδοχῆς
732 1541 805 1573 ἄξιον
820 1542 894 1578 παρὰ

110 1587 150 1623 τῷ
166 1587 224 1623 Θεῷ
237 1588 375 1622 γενέσθαι·
395 1588 478 1614 δεῖται
489 1588 543 1623 γὰρ
555 1587 653 1622 πολλῆς
666 1587 838 1619 διδασκαλίας
848 1588 894 1614 καὶ

110 1635 127 1668 ἡ
142 1633 241 1668 γνῶσις
259 1633 312 1660 τῶν
326 1633 467 1669 χριμάτων
484 1634 530 1660 τοῦ
548 1633 625 1660 Θεοῦ.

152 1689 364 1723 Ὲταπεινώθην
386 1689 440 1722 ἕως
464 1689 589 1724 σφόδρα,
614 1690 719 1723 Κύριε’
743 1689 835 1724 ζῆσόν
857 1698 895 1723 με

109 1733 185 1762 κατὰ
208 1734 262 1761 τὸν
282 1734 374 1769 λόγον
392 1740 460 1760 σου.
481 1733 519 1760 Τὰ
533 1733 656 1760 ἑκούσια
679 1733 731 1759 τοῦ
747 1733 895 1767 στόματός

107 1787 166 1813 μου
188 1778 358 1813 εὺδὸκησον
385 1777 435 1811 δὴ,
452 1778 549 1811 Κύριε,
566 1777 616 1804 καὶ
637 1778 673 1803 τὰ
698 1777 823 1812 κρίματα
837 1785 895 1804 σου

110 1823 234 1856 δίδαξον
246 1831 292 1858 με.
302 1823 332 1850 Ἡ
347 1822 431 1857 ψυχή
447 1830 504 1854 μου
519 1821 554 1847 ἐν
567 1821 630 1853 ταῖς
652 1822 737 1855 χερσί
755 1829 815 1855 μου
832 1820 895 1847 δια-

110 1868 233 1902 παντὸς,
254 1868 301 1895 καὶ
329 1867 382 1894 τοῦ
410 1868 503 1901 νόμου
534 1873 591 1893 σου
616 1867 671 1893 οὐκ
694 1867 892 1901 ἐπελαθόμην.

113 1917 232 1943 Ἔθεντο
248 1913 411 1949 ἁμαρτωλοὶ
429 1912 538 1947 παγίδα
551 1921 612 1946 μοι,
628 1911 676 1938 καὶ
689 1912 723 1939 ἐκ
739 1911 796 1938 τῶν
812 1913 895 1938 ὲντο-

110 1960 173 1988 λῶν
188 1968 245 1987 σου
261 1960 316 1985 οὐκ
331 1956 555 1990 ἐπλανήθην.Ἦ
569 1956 641 1992 ψυχή
657 1965 728 1987 τινος
751 1956 780 1982 ὲν
803 1956 894 1991 χερσὶν

111 2005 193 2032 αὑτοῦ
208 2005 290 2034 ἐστιν.
300 2003 398 2029 εἴποτε
411 2002 439 2028 ἐν
456 2000 586 2032 κινδύνοις
599 2001 753 2036 γεγένηται,
763 2000 895 2027 καὶτοῦτο

110 2054 127 2088 ἡ
144 2050 273 2087 συνήθεια
291 2049 364 2083 λέγει
378 2048 418 2074 ὅτι
429 2056 435 2062 ·
454 2047 508 2083 Τὴν
519 2047 607 2082 ψυχήν
624 2055 676 2082 μου
692 2044 762 2081 εἶχον
783 2047 822 2077 εἰς
846 2046 895 2077 τὰς

111 2096 205 2134 χεῖράς
230 2104 290 2131 μου.
300 2094 370 2128 Ἐγὼ
394 2091 450 2125 οὖν,
468 2093 548 2128 φησὶν
570 2093 585 2118 ὁ
605 2092 715 2123 δίκαιος,
735 2090 895 2126 καθημέραν

111 2143 285 2177 ἀποθνήσκω,
299 2140 342 2166 ἀεὶ
356 2138 500 2166 κινδυνεύω
515 2138 558 2165 διὰ
570 2138 615 2164 τὸν
631 2137 707 2171 λόγον
721 2145 778 2169 σου,
791 2137 834 2163 διὰ
846 2137 894 2173 τὴν

111 2188 250 2224 ἀλήθειαν,
265 2186 308 2212 διὰ
324 2185 369 2211 τὸν
388 2184 507 2219 ἔλεγχον.
522 2184 566 2210 διὰ
579 2183 627 2219 τὴν
642 2183 779 2218 βασιλείαν
797 2184 829 2218 ἢν
848 2183 895 2218 βα-

945 267 1087 301 sapientem
1106 275 1147 294 me
1163 267 1247 301 fecisti
1265 269 1389 298 mandato
1410 276 1464 304 tuo,
1484 272 1545 306 quia
1561 272 1588 297 in
1604 276 1729 298 aeternum

945 321 1031 339 meum
1049 318 1098 340 est.
1112 313 1196 347 Super
1212 322 1300 341 omnes
1317 314 1436 342 docentes
1457 324 1498 343 me
1521 316 1639 343 intellexi
1649 336 1655 348 ,
1667 317 1729 350 quia

947 358 1097 385 testimonia
1112 363 1158 385 tua
1176 359 1312 387 meditatio
1326 368 1383 387 mea
1402 365 1450 389 est.
1471 360 1555 395 Super
1566 370 1636 388 senes
1649 362 1728 389 intel-

946 403 1008 434 texi,
1021 403 1084 437 quia
1109 404 1235 431 mandata
1250 410 1296 432 tua
1320 406 1437 441 quassioi.
1455 406 1532 440 Quod
1555 407 1578 435 si
1605 408 1728 435 Salvator

946 449 1046 476 alicubi
1055 450 1127 477 dicat
1140 460 1146 477 ε
1158 449 1220 477 Non
1234 456 1272 478 est
1281 451 1426 486 discipulus
1442 460 1518 486 super
1531 454 1685 488 magistratu
1695 455 1728 482 ¹⁶ο

946 499 973 523 et
987 499 1094 527 caetera,
1111 495 1256 523 dicendum
1277 500 1318 524 est
1338 497 1390 524 hoc
1413 499 1617 533 pronuntiatum
1632 507 1647 525 a
1670 498 1730 526 Sal-

945 545 1039 568 vatore
1054 540 1149 573 fuisse,
1169 548 1230 568 eum
1253 542 1328 576 prius
1351 542 1522 571 distinxisset
1540 551 1572 570 ac
1590 543 1705 572 dixisset
1720 554 1727 572 :

947 586 988 613 Ne
1000 587 1094 614 vocetis
1111 587 1266 622 magistrum
1286 591 1365 621 super
1381 592 1479 614 terram
1496 596 1505 615 :
1520 597 1586 615 unus
1604 589 1672 615 enim
1690 592 1730 616 est

946 631 1074 668 Magister
1089 638 1171 660 vester
1187 633 1280 668 quiest
1295 632 1321 658 in
1337 633 1408 660 omlis
1424 634 1455 660 ¹⁷.
1473 633 1547 661 illius
1566 634 1657 669 itaque
1672 641 1729 661 ma-

946 679 1024 713 gistri
1038 679 1242 714 comparatione
1254 687 1308 706 non
1323 683 1365 707 est
1379 680 1530 714 discipulus
1546 680 1727 715 praestantior.

947 724 1068 759 Magistri
1079 729 1182 757 autem,
1200 726 1246 760 qui
1263 725 1307 752 hic
1321 725 1398 752 multi
1413 733 1473 753 esse
1488 725 1672 758 declarantur,
1683 724 1729 753 alii

947 775 1021 802 sunt,
1051 771 1152 805 quibus
1176 771 1335 806 plerumque
1367 771 1518 806 discipulus
1545 772 1652 799 doctior
1676 775 1728 799 est.

947 817 1024 850 Quod
1049 818 1140 844 evenit
1164 825 1197 845 ex
1223 819 1326 851 majore
1337 822 1362 845 et
1381 817 1565 852 frequentiore
1585 818 1613 844 in
1629 817 1729 845 divinis

947 862 1120 890 sermonibus
1137 863 1342 889 exercitatione.

979 947 1062 976 Vnus.
1082 948 1130 975 101
1146 948 1223 976 -104,
1238 947 1277 974 Ab
1289 948 1359 975 omni
1373 948 1414 974 uia
1429 947 1499 974 ninia
1516 947 1635 982 prohibui
1652 947 1728 982 pedes

945 1002 1024 1025 meos,
1045 998 1073 1020 ut
1098 993 1246 1020 custodiam
1268 992 1344 1022 verba
1362 997 1417 1018 tua.
1435 993 1456 1018 Α
1475 993 1586 1028 judiciis
1610 994 1660 1019 tuis
1676 1001 1728 1020 non

943 1038 1084 1068 declinavi.
1107 1038 1169 1072 quia
1187 1043 1214 1064 tu
1229 1038 1309 1072 legem
1325 1038 1438 1072 posuisti
1459 1037 1531 1064 milii.
1559 1037 1645 1070 Quam
1666 1037 1728 1064 dui-

943 1085 985 1110 cia
1000 1083 1122 1118 faucibus
1144 1085 1208 1111 meis
1223 1084 1327 1118 eloquia
1350 1084 1412 1110 tua.’
1432 1092 1509 1118 super
1528 1084 1579 1110 mel
1597 1084 1637 1111 ori
1660 1092 1725 1110 meo.

943 1130 965 1157 Α
994 1130 1127 1157 mandatis
1153 1131 1205 1157 tuis
1223 1130 1350 1162 intellexi,
1380 1136 1515 1164 propterea
1539 1130 1608 1157 adiri
1626 1138 1726 1157 omnem

943 1178 1012 1204 aiant
1029 1177 1185 1210 iniquitatis.

982 1264 1065 1292 Vens.
1088 1264 1150 1295 105,
1173 1263 1234 1292 106.
1260 1262 1379 1289 Lucerna
1404 1262 1511 1296 pedibus
1533 1265 1595 1290 meis
1622 1265 1726 1291 verbum

945 1316 1030 1344 tuum,
1044 1315 1068 1338 et
1086 1311 1173 1337 lumen
1188 1309 1288 1336 semitis
1307 1309 1381 1335 meis.
1394 1307 1488 1335 Juravi
1502 1314 1525 1335 et
1540 1310 1622 1335 statui
1635 1315 1725 1336 custo-

944 1357 1001 1384 dire
1012 1357 1117 1391 judicia
1125 1356 1310 1390 justitiaetuaa.
1327 1355 1396 1388 Quia
1420 1355 1494 1382 nullo
1508 1355 1562 1383 vim
1583 1355 1726 1388 inferente,

945 1403 992 1430 sed
1008 1402 1117 1437 proprio
1128 1405 1196 1428 nutu
1207 1406 1234 1428 et
1250 1401 1321 1428 bono
1334 1402 1483 1436 proposito,
1501 1409 1561 1428 sese
1571 1402 1728 1436 jurejuran-

945 1451 979 1478 do
995 1450 1131 1481 astrinxit.
1148 1453 1175 1476 et
1188 1449 1290 1484 juravit
1305 1457 1334 1476 se
1358 1453 1528 1477 servaturum
1551 1457 1611 1477 esse
1623 1450 1726 1485 judicia

944 1495 1056 1530 iustitia:
1072 1494 1130 1526 Dei,
1144 1498 1221 1529 rogat
1236 1499 1264 1520 ut
1277 1494 1462 1527 juramentum
1476 1502 1557 1522 suum
1571 1496 1727 1530 acceptione

946 1541 1055 1576 dignum
1072 1541 1142 1575 apud
1158 1540 1242 1567 Deum
1257 1539 1353 1567 evadat
1369 1550 1375 1566 τ
1393 1548 1455 1568 nam
1474 1541 1594 1576 cognitio
1609 1541 1728 1576 judicio-

908 1574 928 1602 θ
945 1574 1005 1614 ιἰιιιι
1021 1587 1068 1615 Dei
1082 1574 1168 1614 multa
1183 1587 1306 1614 doctrina
1318 1592 1387 1622 eget.

981 1685 1062 1714 Vsus.
1085 1687 1233 1714 l0'l-ll2.
1262 1686 1425 1713 Humiliatus
1451 1694 1509 1712 sum
1534 1695 1725 1723 usquequaque.

946 1732 1056 1760 Domine
1073 1740 1083 1759 :
1102 1733 1205 1768 vivi/ica
1225 1741 1265 1760 me
1284 1732 1425 1759 secundum
1442 1732 1547 1759 verbum
1573 1738 1654 1760 tuum.
1678 1734 1728 1761 l'o-

945 1779 1062 1806 luntaria
1083 1779 1137 1805 oris
1152 1779 1201 1805 mei
1217 1778 1378 1813 beneplacila
1395 1777 1449 1812 fac,
1469 1777 1591 1810 Domine,
1611 1783 1636 1805 et
1651 1779 1728 1814 judi-

945 1825 986 1851 cia
1002 1829 1048 1851 tua
1067 1823 1129 1851 doce
1145 1831 1194 1851 me.
1209 1823 1306 1850 Anima
1322 1831 1378 1857 mea
1392 1823 1419 1848 in
1434 1823 1555 1850 manibus
1579 1824 1643 1850 meis
1657 1832 1726 1851 sem-

943 1879 999 1906 per,
1015 1875 1039 1898 et
1054 1871 1134 1905 legem
1150 1875 1222 1896 tuam
1238 1877 1290 1896 non
1303 1877 1361 1895 sum
1381 1868 1487 1895 oblitus.
1504 1869 1653 1896 Posuerunl
1671 1877 1727 1903 pee-

944 1922 1045 1943 catores
1057 1916 1178 1950 laqueum
1190 1914 1265 1946 milii,
1277 1918 1302 1940 et
1314 1913 1345 1940 de
1354 1913 1486 1940 mandatis
1501 1913 1553 1939 tuis
1568 1922 1618 1940 non
1628 1915 1724 1941 erraui.

944 1962 1041 1988 Anima
1062 1961 1183 1995 cujusvis
1199 1960 1226 1987 in
1242 1959 1368 1987 manibus
1382 1959 1442 1993 ejus
1465 1963 1516 1990 est.
1534 1958 1556 1986 si
1574 1960 1683 1994 quando
1698 1960 1726 1987 in

944 2007 1073 2042 periculis
1086 2009 1219 2037 versetur.
1235 2009 1316 2040 atque
1330 2013 1362 2032 ex
1379 2005 1576 2032 consuetudine
1593 2006 1643 2032 hoc
1656 2006 1726 2033 dici-

944 2055 988 2079 tur
1005 2052 1148 2079 :Animam
1165 2058 1252 2079 meam
1268 2051 1295 2077 in
1318 2050 1445 2078 manibus
1461 2050 1529 2077 meis
1551 2051 1641 2078 habui.
1670 2051 1725 2086 Ego

945 2097 1046 2132 itaque,
1058 2097 1096 2124 ait
1108 2097 1212 2131 justus,
1230 2096 1352 2131 quotidie
1367 2096 1478 2128 morior,
1498 2104 1603 2130 semper
1616 2097 1651 2123 ob
1664 2104 1722 2124 ser-

945 2151 1052 2170 monem
1068 2147 1144 2170 tuum
1158 2144 1184 2170 in
1200 2143 1321 2178 periculo
1334 2151 1438 2176 versor,
1454 2149 1562 2178 propter
1574 2143 1724 2175 veritatem.

945 2195 1056 2226 propter
1069 2189 1319 2224 reprehensionem,
1331 2193 1442 2225 propter
1458 2197 1569 2224 regnum
1581 2189 1623 2217 cui
1638 2190 1724 2225 impe-

112 2236 223 2263 σιλεύιιν
240 2233 287 2260 καὶ
302 2232 346 2259 διὰ
361 2232 447 2259 ταῦτα
464 2232 483 2265 ἢ
498 2230 582 2265 ψυχή
600 2239 659 2265 μου
678 2229 713 2256 ἐν
726 2229 790 2262 ταῖς
809 2229 893 2264 χερσί

946 2243 977 2263 ro
992 2245 999 2270 ;
1013 2239 1040 2263 et
1051 2235 1110 2263 ideo
1122 2235 1280 2272 animamea
1293 2235 1320 2261 in
1331 2235 1452 2262 manibus
1465 2235 1529 2261 meis
1544 2243 1649 2268 semper.
1666 2235 1725 2262 Non

108 2290 168 2317 μου
178 2279 348 2311 διαπαντός.
357 2277 394 2304 Οὐ
405 2277 458 2312 γὰρ
468 2278 481 2302 ὁ
489 2276 611 2307 κίνδυνος
621 2274 667 2302 τοῦ
680 2275 793 2302 θανάτου
809 2275 894 2301 ἐποίει

114 2324 338 2364 μειὲπιλιιθέσθαι
353 2323 399 2350 τοῦ
424 2323 505 2358 νόμου
520 2331 576 2350 σου.
593 2322 708 2349 Δύναται
731 2321 760 2348 δέ
785 2330 826 2353 τις
849 2321 895 2348 καὶ

112 2372 275 2408 ὑψηλότερον
292 2370 385 2406 νοῆσαι
400 2364 431 2395 ab
445 2367 535 2404 ῥητὸν,
550 2369 597 2395 καὶ
613 2369 709 2400 εἰπεῖν,
720 2368 760 2394 ὅτι
777 2368 796 2401 ἡ
810 2365 894 2401 ψυχή

109 2429 170 2457 μου
185 2420 220 2446 ἐν
234 2418 298 2451 ταῖς
314 2417 401 2453 χερσί
413 2424 472 2450 μου
489 2413 529 2450 ἦν
542 2413 713 2447 διαπαντὸς,
727 2414 787 2440 ἀντὶ
799 2413 856 2445 τοῦ,
866 2413 895 2438 ὲν

113 2464 244 2501 πράξεσιν
256 2463 383 2497 ἀγαθαῖς·
399 2462 415 2496 ἡ
431 2460 490 2496 χεὶρ
501 2459 554 2495 γὰρ
568 2459 613 2485 ἐπὶ
626 2458 679 2485 τῶν
697 2457 821 2493 πράξεων
834 2457 896 2484 πολ-

112 2511 192 2541 λάκις
208 2507 395 2543 παραδέδοται.
416 2505 447 2531 Εἰ
459 2505 487 2531 δὲ
501 2505 530 2530 ὲν
543 2505 602 2535 ταῖς
617 2503 693 2539 χερσί
709 2511 755 2529 σου
769 2503 822 2537 εἴη,
834 2503 896 2538 νοή-

115 2565 205 2591 σωμεν
216 2555 308 2590 χεῖρας
319 2550 386 2579 εἷναι
397 2551 444 2578 τοῦ
458 2550 524 2577 Θεοῦ
531 2550 581 2585 τὴν
587 2549 764 2585 δημιουργίαν
775 2545 895 2585 αὑτοῦ,

114 2602 256 2639 προσιτέον
276 2598 428 2629 διαπαντός.
437 2597 680 2631 Ἔκληρονόμησα
700 2595 735 2622 τὰ
750 2594 896 2630 μαρτύριά

113 2656 172 2675 σου
186 2648 229 2679 εις
246 2645 300 2673 τὸν
314 2643 423 2671 αἰῶνα·
447 2643 492 2669 ὅτι
507 2642 677 2676 ἀγαλλιαμα
698 2639 752 2675 τῆς
773 2640 895 2675 καρδίας

110 2701 171 2729 μου
182 2692 399 2720 εἰσιν.Ἐκλινα
410 2688 468 2722 τὴν
483 2687 607 2722 καρδίαν
624 2696 683 2721 μου
702 2686 755 2713 τοῦ
771 2685 894 2720 ποιῆσαι

112 2739 151 2767 τὰ
163 2736 342 2773 δικαιώματά
355 2743 412 2763 σου
427 2735 471 2767 εις
482 2733 535 2761 τὸν
548 2733 640 2760 αἰῶνα
649 2733 686 2759 δι’
701 2732 890 2768 ἀντάμειψιν.

96 2878 105 2891 τ
151 2872 175 2890 ι·
195 2854 287 2900 llattb.
304 2879 339 2907 x,
355 2873 400 2900 24.
441 2875 461 2892 *⁷
483 2871 577 2902 Halm.
597 2879 681 2905 xxul,
699 2872 734 2906 9,
752 2873 796 2900 10.

947 2282 1019 2309 enim
1035 2281 1185 2316 periculum
1202 2281 1298 2308 mortis
1312 2281 1380 2315 legis
1394 2286 1444 2307 tuae
1457 2281 1580 2308 oblivisci
1591 2288 1635 2308 me
1649 2280 1723 2308 fecit.

943 2327 1078 2355 Caeterum
1094 2331 1185 2362 potest
1210 2327 1345 2362 quispiam
1375 2327 1518 2354 sublimius
1546 2326 1597 2353 hoc
1621 2327 1725 2353 dictum

945 2373 1095 2408 intelligere
1110 2380 1142 2400 ac
1159 2373 1249 2400 dicere
1265 2382 1272 2399 :
1289 2373 1385 2399 Anima
1408 2381 1465 2399 mea
1479 2373 1506 2398 in
1527 2372 1646 2398 manibus
1661 2372 1724 2398 meis

944 2423 1003 2447 erat
1019 2427 1138 2454 semper;
1157 2419 1183 2446 id
1198 2423 1251 2450 est,
1267 2419 1293 2446 in
1308 2419 1387 2445 bonis
1404 2419 1510 2446 actibus
1525 2427 1531 2445 :
1549 2425 1611 2445 nam
1626 2426 1724 2446 manus

945 2471 994 2498 pro
1009 2463 1114 2491 actibus
1130 2463 1285 2498 frequenter
1302 2463 1428 2490 traditur.
1446 2462 1473 2489 Si
1490 2468 1581 2490 autem
1595 2463 1622 2490 in
1636 2463 1724 2490 mani-

946 2510 996 2537 bus
1007 2509 1062 2536 tuis
1074 2509 1165 2541 l'uerit,
1176 2509 1356 2544 intelligamus
1370 2515 1467 2536 manus
1480 2509 1526 2536 Dei
1540 2516 1600 2536 esse
1610 2508 1724 2536 creatio-

945 2564 1006 2583 nem
1019 2555 1090 2590 ejus.
1103 2555 1147 2583 cui
1161 2563 1267 2590 semper
1284 2554 1391 2582 animus
1407 2559 1447 2582 est
1462 2554 1642 2581 adhibendus.
1656 2553 1723 2581 Hse-

944 2601 1057 2628 reditate
1080 2601 1206 2636 acquisiui
1225 2600 1373 2627 testimonia
1391 2605 1437 2626 tua
1454 2601 1480 2625 in
1503 2604 1640 2632 wternum,
1661 2600 1722 2633 quia

943 2649 1085 2676 exsultatio
1100 2647 1187 2675 cordis
1201 2648 1252 2674 mei
1271 2651 1341 2674 sunt.
1367 2646 1496 2674 Inclinaoi
1514 2655 1559 2673 cor
1581 2653 1664 2673 meum
1688 2646 1722 2673 ad

945 2693 1080 2728 faciendas
1091 2693 1296 2728 justifieationes
1321 2697 1380 2719 tuas
1409 2693 1435 2719 in
1459 2697 1594 2726 cternum,
1619 2697 1725 2727 propter

944 2739 1148 2767 retributionem.
