2044 3212
319 143 333 172 1
338 143 390 172 385

689 141 820 168 EUSEBll
836 140 1074 168 CAESARIENSIS
1092 140 1167 168 OPP.
1188 139 1278 167 PARS
1295 139 1338 167 lll.
1358 156 1391 160 —
1409 139 1610 168 EXEGETICA.

1883 140 1952 168 I384

357 203 438 231 Vsus.
452 203 586 231 ΙΙῦ-Ηϐ.
606 202 712 236 Iniquos
728 202 787 229 odio
799 202 889 234 habui,
900 207 924 229 et
937 202 1017 236 legem
1031 207 1100 228 tuam

1190 201 1383 236 Παρανόμους
1406 202 1547 236 ἐμίσησα,
1561 202 1614 228 τὸν
1631 201 1665 228 δὲ
1684 203 1775 236 νόμον·
1794 209 1852 228 σου
1878 201 1951 236 ἠτά-

319 250 412 277 dilexi.
429 249 544 283 Adjutor
558 253 582 275 et
598 252 733 282 susceptor
747 257 818 275 meus
831 257 857 274 es
872 254 910 280 tu,
923 248 949 274 in
965 248 1043 274 verba
1059 252 1106 274 tua

319 294 508 329 supersperavi.
532 293 665 320 Declinate
683 302 700 320 ιι
713 302 763 325 me,
787 293 906 328 maligni,
920 298 945 320 et
967 293 1107 320 scrutabor

320 339 448 366 mandata
466 339 512 366 Dei
526 339 586 366 mei.
611 337 719 373 Suscipe
736 347 776 366 me
791 338 933 366 secundum
956 339 1106 365 misericor-

319 385 392 412 diam
410 391 493 417 tuam,
514 390 538 412 et
551 379 653 419 viviﬁca
675 393 725 417 me,
744 389 768 411 et
785 393 836 411 non
849 384 998 418 confundas
1013 393 1054 412 me
1073 385 1105 412 ab

318 432 510 465 exspectatione
527 439 594 458 mea.
610 431 756 466 Postquam
773 430 842 458 dixit
860 438 866 455 :
883 430 1016 457 Declinate
1027 439 1044 457 ιι
1055 439 1104 463 me,

320 475 440 510 maligni,
456 479 656 510 consequenter
678 475 760 502 Deum
775 475 808 502 ad
826 482 886 502 eam
901 482 958 502 rem
985 475 1104 508 invocat,

319 523 348 546 ut
363 519 422 554 ejus
436 520 535 547 virtute
549 520 658 555 maligni
671 520 705 547 ab
718 520 807 547 anima
821 527 871 547 sua
888 520 1024 555 pellantur
1040 529 1046 547 :
1064 525 1106 547 at-

318 573 372 600 que
387 565 472 592 otium
498 570 605 598 nactus,
625 566 707 593 vitam
723 570 750 593 et
775 566 903 599 salutem,
920 573 982 601 qua:
1007 574 1106 594 secun-

318 611 383 639 dum
399 611 482 639 Deum
500 615 551 644 est,
568 615 762 647 consequatur,
779 619 867 648 neque
883 612 993 640 excidat
1009 612 1043 639 ab
1058 620 1106 640 ex-

318 656 486 691 spectatione
501 664 549 683 sua
567 666 573 683 :
590 663 622 683 ac
637 663 744 683 rursum
758 664 836 692 opem
850 652 971 692 postulat
983 656 1017 684 ad
1032 657 1106 685 salu-

319 705 383 729 tem.
399 717 435 722 —
455 702 536 730 Vsus.
554 702 701 729 “7-120.
715 702 820 738 Adjuva
837 696 887 735 me,
901 709 926 730 et
944 703 1033 730 salvus
1048 712 1103 735 ero,

317 751 342 773 et
358 747 503 775 meditabor
516 748 540 774 in
554 748 793 782 justiﬁcationibus
807 749 860 775 tuis
876 757 985 783 semper.
1003 749 1105 783 Sprevi-

317 794 353 820 sti
381 802 469 821 omnes
494 794 683 821 discedentesa
704 795 814 829 jndiciis
835 796 898 826 tuis,
914 796 977 830 quia
1005 795 1104 829 injusta

317 840 441 874 cogitatio
463 848 564 867 eorum.
581 839 789 867 Prmvaricantes
804 842 922 875 reputavi
941 849 1029 868 omnes
1045 849 1105 875 pec-

1156 255 1250 282 πησα.
1266 249 1379 282 Βοηθός
1391 257 1451 283 μου
1466 248 1514 275 καὶ
1527 247 1715 281 ἁντιλήπτωρ
1724 256 1784 282 μου
1798 246 1829 274 εἴ
1841 247 1894 279 σὺ,
1905 247 1950 280 εις

1156 294 1227 327 τοὺς
1237 295 1348 329 λόγους
1364 301 1422 321 σου
1433 294 1598 327 ἐπήλπισα.
1612 293 1785 320 Ἐκπλίι-ατε
1798 293 1849 320 ἀπ’
1862 291 1949 327 ἐμοῦ,

1156 341 1397 375 ποτηιρευόμενοι,
1411 341 1459 367 καὶ
1475 339 1662 374 ἑξερευνήσω
1678 338 1730 371 τὰς
1747 338 1875 370 ἐντολὰς
1895 337 1948 364 τοῦ

1158 387 1232 414 Θεοῦ
1244 396 1313 421 μου.
1323 386 1492 414 Ἀνταλαϐοῦ
1502 395 1562 421 μου
1577 385 1651 412 κατὰ
1669 385 1700 411 τὸ
1714 385 1801 417 ἔλεός
1819 391 1878 410 σου
1897 383 1947 409 καὶ

1156 431 1249 466 madv
1261 441 1309 467 με,
1325 431 1374 459 καὶ
1384 431 1427 466 μὴ
1442 432 1647 466 καταισχύνῃς
1659 438 1697 465 με
1709 429 1768 456 ἀπὸ
1785 428 1840 462 τῆς
1853 436 1948 461 προσ-

1155 477 1259 510 δοκΙας
1277 486 1348 512 μου.
1376 476 1478 509 Εἰπὼν,
1494 476 1666 504 Έκκλίνατε
1682 476 1732 502 ἀπ’
1747 474 1821 509 ἐμοῦ
1831 493 1838 506 ,
1856 481 1948 506 πον-η-

1150 525 1318 559 ρευόμενοι,
1335 522 1488 555 ἀκολούθως
1501 522 1547 549 τὸν
1562 521 1627 548 Θεὸν
1641 522 1688 548 καὶ
1703 522 1742 552 εἰς
1758 519 1837 547 τοῦτο
1850 520 1946 546 ἐπικα-

1155 570 1250 601 λεῖται,
1269 569 1306 602 ὡς
1324 569 1357 596 ἂν
1416 568 1498 596 αὐτοῦ
1510 568 1623 603 δυνάμει
1639 566 1799 594 ἁπελαθεῖεν
1817 565 1867 600 τῆς
1880 566 1946 592 ἑαυ-

1155 616 1201 643 τοῦ
1215 616 1303 651 ψυχῆς
1317 616 1341 642 οἱ
1352 615 1570 651 πονηρευόμενοι,
1584 613 1680 649 σχολῆς
1691 621 1720 639 τε
1735 610 1823 647 τυχὼν
1837 611 1887 646 τῆς
1896 619 1946 637 κα-

1154 662 1188 688 τὰ
1204 662 1269 688 Θεὸν
1285 661 1357 697 ζωῆς
1371 670 1401 687 τε
1413 661 1460 688 καὶ
1477 659 1613 696 σωτηρίας
1624 658 1712 694 τύχοι,
1729 657 1776 685 καὶ
1789 657 1826 693 μὴ
1841 656 1945 683 ἀποπέ-

1156 715 1196 733 σοι
1209 707 1258 742 τῆς
1273 707 1368 734 ἑαυτοῦ
1384 706 1560 743 προσδοκίας·
1577 706 1624 732 καὶ
1641 704 1721 730 πάλιν
1734 703 1804 736 ἀξιοῖ
1820 701 1946 737 βοηθείας

1154 753 1243 786 τυχεῖν
1256 753 1295 783 εἰς
1311 752 1341 778 τὸ
1355 752 1528 787 διασωθῆναι.
1539 750 1699 785 Βοήθησόν
1710 757 1769 784 μοι,
1785 747 1835 775 καὶ
1851 746 1946 778 σωθή-

1154 806 1255 832 σομαι,
1269 798 1317 824 καὶ
1330 797 1486 832 μελετήσω
1503 798 1538 824 ἐν
1554 797 1616 829 τοῖς
1627 793 1802 829 δικαιώμασί
1814 800 1873 819 σου
1885 792 1946 818 δια-

1154 843 1276 875 παντός.
1286 841 1506 874 Έξυυδένωσας
1523 841 1638 874 πάντας
1655 840 1725 873 τοὺς
1739 836 1947 866 ἀποστατοῦν-

317 890 417 912 ratores
438 890 525 916 terrm,
543 885 600 913 ideo
625 886 707 913 dilexi
740 874 889 913 testimonia
921 891 976 913 tua.
995 874 1100 922 Con/iga

1153 895 1207 920 τας
1222 887 1280 914 ἀπὸ
1294 886 1353 914 τῶν
1366 886 1568 922 δικαιωμάτων
1580 894 1648 918 σου,
1665 886 1709 913 ὅτι
1727 885 1832 911 ἄδικον
1845 884 1878 910 τὸ
1892 883 1945 909 ὲν-

317 931 408 957 timore
432 936 477 957 tuo
503 939 594 958 carnes
624 940 706 965 meas,
733 940 749 958 a
767 932 877 967 judieiis
899 933 969 959 enim
990 933 1042 960 tuis
1069 933 1101 959 ti-

316 983 381 1003 mut.

1153 933 1272 967 θύμημα
1284 933 1392 960 αὐτῶν.
1410 933 1651 967 Παραόαίνοιτας
1665 931 1849 967 ἐλογισάμην
1864 929 1944 956 πάν-

1152 986 1206 1011 τας
1230 977 1300 1011 τοὺς
1323 978 1516 1013 ἁμαρτωλοὺς
1541 977 1596 1011 τῆς
1612 977 1678 1012 γῆς,
1697 977 1746 1003 διὰ
1763 975 1849 1003 τοῦτο
1868 972 1947 1009 ἠτό-

315 1029 398 1055 πησα
410 1022 445 1048 τὰ
454 1022 598 1056 μαρτύριά
614 1030 681 1049 σου.
695 1006 880 1056 Καθῆλωσον
891 1023 925 1050 ὲκ
939 1024 993 1051 τοῦ
1005 1024 1100 1059 φόϐου
1118 1032 1176 1052 σου
1194 1006 1244 1058 σὰς
1261 1006 1463 1059 σάρκας-μου·
1475 1006 1535 1052 ἀπὸ
1713 1022 1858 1058 χριμάτων
1879 1006 1945 1049 σου

314 1069 473 1103 ἐφοϐήθην.

351 1115 434 1143 Vsus.
451 1115 512 1142 12L
528 1113 590 1142 Feci
605 1114 737 1149 judicium
749 1115 927 1149 etjustitiam.
942 1124 993 1142 non
1007 1116 1098 1144 tradas

314 1171 355 1189 me
369 1162 495 1196 injuriam
508 1160 680 1195 inferentibus
696 1160 770 1187 milii.
784 1160 836 1193 Qui
860 1162 887 1188 in
902 1162 1037 1197 principio
1061 1164 1100 1190 in-

314 1209 425 1236 stitutus
442 1207 539 1238 fuerat,
563 1210 592 1233 ut
606 1207 662 1241 jam
687 1207 803 1234 multum
820 1207 969 1242 proiectus.
988 1216 1020 1236 ac
1041 1217 1099 1236 ma-

314 1260 366 1288 gna
381 1256 520 1288 operatus,
544 1256 622 1287 rogat
651 1259 685 1280 ne
709 1260 724 1279 a
752 1252 874 1288 profectu
904 1261 954 1280 suo
977 1255 1095 1283 excidat.

315 1298 416 1326 Deinde
431 1298 610 1325 considerans
629 1298 761 1332 plurimos
781 1306 842 1326 csse
854 1299 899 1333 qui
920 1300 1011 1333 probis
1027 1300 1096 1327 invi-

314 1344 405 1375 deant,
424 1351 487 1371 cum
508 1343 578 1370 nihil
601 1344 663 1370 mali
683 1343 717 1370 de
732 1344 798 1377 ipsis
814 1343 957 1372 dicendum
973 1345 1099 1377 habeant.

312 1390 518 1425 calumniasque
534 1394 624 1417 tamen
648 1394 772 1423 struant;
786 1391 912 1418 obsecrat
929 1395 954 1418 et
977 1397 1053 1426 rogat
1067 1393 1101 1420 ab

314 1436 348 1464 iis
364 1437 485 1464 liberari.
506 1435 560 1463 Pro
581 1435 627 1462 illo
648 1439 738 1462 autem
757 1443 764 1462 :
782 1435 909 1469 iniuriam
929 1436 1100 1470 inferentibus

314 1482 388 1514 mihi,
412 1482 510 1517 Aquila
526 1491 532 1509 :
551 1481 592 1508 Ne
608 1481 728 1508 dimittas
749 1489 788 1508 me
806 1481 1030 1509 calumniantibus
1046 1491 1096 1515 me,

313 1527 408 1554 edidit.

350 1572 431 1599 Vens.
453 1572 514 1599 122.
536 1571 598 1600 Feci
613 1573 748 1607 judicium
767 1577 790 1598 et
801 1572 947 1606 justitiam,
967 1581 1018 1600 non
1042 1579 1098 1600 tra-
1111 1558 1133 1588 α

312 1620 361 1646 das
379 1627 418 1646 me
434 1619 562 1654 injuriam
573 1618 744 1650 inferentibus
762 1618 835 1644 mihi.
864 1617 971 1652 Suscipe
993 1627 1097 1646 seruum

312 1669 385 1691 tuum
399 1665 426 1690 in
443 1663 551 1695 bonum.
570 1672 622 1690 non
641 1663 837 1690 calumnientur
852 1671 891 1689 me
915 1664 1028 1697 superbi.
1046 1664 1098 1698 Qui

313 1709 502 1744 penitentiam
520 1709 584 1744 egit,
603 1716 618 1734 a
636 1708 798 1735 vexantibus
818 1715 847 1736 se
861 1713 968 1741 erutus.
986 1714 1067 1745 atque
1083 1718 1098 1738 a

312 1754 468 1789 captivitate
484 1753 642 1788 redemptus
655 1753 693 1780 ait
714 1761 720 1777 :
738 1752 847 1788 Suscipe
866 1762 967 1780 seruum
983 1758 1054 1782 tuum
1071 1756 1098 1782 in

312 1800 427 1830 bonum;
441 1799 467 1826 hi
486 1806 603 1833 namque
621 1805 665 1825 me
680 1797 707 1824 in
720 1797 822 1824 malum
839 1803 1024 1833 susceperant.
1039 1799 1097 1826 Nisi

311 1847 384 1874 enim
405 1853 447 1872 me
460 1852 569 1872 servum
587 1848 661 1870 tuum
677 1843 796 1870 inimicis
810 1844 952 1871 subactum
969 1852 1098 1880 suscepe-

311 1892 369 1924 ris;
395 1891 422 1918 bi
447 1890 569 1925 superbi,
589 1889 716 1917 videlicet
747 1889 912 1918 adversaria:
936 1894 1096 1926 potestates.

311 1947 354 1966 me
367 1938 572 1966 calumniaturaa
585 1940 658 1964 sunt.
670 1935 812 1969 Quomodo
823 1940 913 1964 autem
929 1937 1098 1965 calumnian-

312 1985 374 2012 tur?
390 1984 458 2019 ipsa:
469 1992 512 2011 me
527 1983 679 2010 incitarunt
693 1982 815 2017 mihique
832 1974 978 2010 suaserunt
989 1986 1019 2009 ut
1035 1990 1097 2018 pec-

311 2034 388 2058 cator
404 2030 545 2058 evaderem
562 2039 568 2056 :
584 2037 615 2056 ac
632 2030 697 2065 ipsae
711 2029 767 2063 jam
789 2036 832 2056 me
855 2032 996 2060 accusant.
1011 2032 1096 2056 totam

311 2076 415 2111 peccati
432 2083 544 2104 causam
561 2076 587 2102 in
610 2083 653 2102 me
669 2074 851 2102 conferentes.
869 2074 1029 2102 Necessario
1052 2082 1097 2101 ro-

311 2127 357 2158 gat
382 2121 466 2149 Deum
494 2126 523 2149 ut
547 2127 689 2157 susceptor
707 2122 793 2156 ipsius
809 2121 854 2154 sit,
869 2121 1096 2156 quemadmodum

311 2173 338 2195 et
352 2175 484 2203 sponsor;
508 2172 537 2194 ut
556 2168 615 2202 ipse
635 2171 731 2195 custos
749 2168 834 2201 ipsius
850 2166 993 2198 elﬁciatur,
1015 2174 1097 2202 spon-

312 2214 416 2242 sionem
434 2221 546 2241 servans
561 2220 593 2240 ac
613 2212 783 2244 custodiens,
799 2215 828 2238 ut
844 2219 878 2239 ne
892 2211 1033 2238 minimam
1051 2219 1097 2238 au-
1111 2225 1134 2254 Β

311 2268 370 2289 sam
382 2260 499 2296 prazbeat
513 2258 708 2286 insidiantibus
725 2258 777 2285 sibi
788 2256 1042 2284 calumniatoribus.

348 2350 429 2378 Vens.
447 2348 586 2376 125-126.
609 2347 686 2375 Oculi
705 2347 756 2373 mei
776 2346 924 2381 defecerunt
938 2348 965 2374 in
978 2347 1096 2374 salutare

313 2404 396 2431 tuum,
414 2403 439 2424 et
458 2397 485 2423 in
507 2396 638 2430 eloquium
649 2394 765 2429 justitiaz
783 2397 843 2421 tute.
865 2392 922 2420 Fac
943 2402 1002 2420 eum
1024 2402 1096 2421 servo

313 2450 356 2471 tuo
374 2443 515 2471 secundum
529 2441 739 2468 misericordiam
757 2445 839 2473 tuam,
855 2444 879 2467 et
891 2439 1095 2474 justiﬁcationes

314 2496 372 2517 tuas
394 2490 457 2516 doce
475 2497 524 2516 me.
541 2488 636 2516 Servus
653 2491 712 2514 tuus
729 2495 787 2514 sum
803 2495 849 2522 ego
865 2494 874 2512 .'
892 2486 925 2512 da
938 2487 1002 2512 mihi
1019 2486 1096 2512 intel-

315 2537 407 2562 lectum
420 2555 427 2567 ,
455 2540 479 2561 et
497 2535 580 2561 sciam
601 2533 751 2560 testimonia
777 2537 832 2559 tua.
855 2531 965 2566 Tempus
981 2531 1095 2565 faciendi

314 2582 437 2612 Domino,
446 2581 636 2615 dissipaverunt
647 2580 726 2614 legem
740 2583 822 2605 tuam.
835 2578 949 2605 Sursum
960 2578 1095 2612 aspiciens

314 2627 347 2653 ad
373 2627 490 2654 salutare
504 2632 580 2653 tuum
597 2629 624 2653 et
639 2626 750 2653 verbum
767 2628 855 2657 tuum,
878 2627 973 2655 totam,
996 2623 1093 2657 inquit,

315 2681 389 2708 spem
405 2680 491 2700 meam
517 2672 580 2699 hinc
596 2671 714 2706 pendere
736 2669 798 2703 ieci,
814 2670 872 2697 erui
893 2677 935 2696 mc
954 2669 1094 2704 postulans

314 2720 347 2746 ab
361 2718 542 2746 invidentibus
557 2717 637 2745 saluti
657 2723 732 2744 meas.

348 2815 430 2842 Vsus.
450 2814 512 2840 1‘27.
534 2812 596 2839 Ideo
611 2811 690 2838 dilexi
704 2811 830 2837 mandata
846 2815 891 2837 tua
905 2817 981 2844 super
997 2818 1093 2836 aurum

313 2865 338 2888 et
352 2861 483 2896 topazicn.
502 2859 556 2894 Ego
573 2856 682 2892 quidem
696 2856 747 2884 ieci
761 2857 892 2891 judicium
909 2855 1089 2891 etjustitiam,

1189 1115 1332 1148 Ἐποίησα
1351 1114 1439 1148 κρίμα
1453 1114 1500 1140 καὶ
1518 1113 1726 1147 δικαιοσυνην,
1742 1112 1785 1147 μὴ
1801 1113 1945 1147 παραδῷς

1145 1169 1183 1195 με
1199 1160 1260 1192 τοῖς
1277 1159 1418 1186 ἀδικοῦσί
1430 1167 1478 1194 με.
1488 1159 1516 1185 Ὀ
1531 1158 1601 1185 κατὰ
1616 1158 1664 1194 τὴν
1684 1158 1770 1194 ἀρχὴν
1791 1160 1941 1195 στοιχειού-

1149 1215 1240 1242 μενος,
1252 1205 1290 1237 ὼς
1305 1205 1337 1232 ἂν
1349 1205 1399 1240 ἤδη
1415 1205 1553 1241 προκόψας
1568 1205 1614 1232 ἐπὶ
1628 1205 1705 1237 πολὺ,
1723 1205 1814 1231 καὶτὰ
1833 1206 1942 1241 μεγάλα

1149 1251 1334 1288 κατορθώσας,
1345 1251 1453 1286 εὔχεται
1469 1251 1506 1286 μὴ
1521 1252 1645 1278 ἐκπεσεῖν
1656 1251 1705 1286 τῆς
1716 1251 1865 1287 προκοπῆς.
1873 1250 1941 1278 Εἶτα

1150 1297 1280 1334 συνορῶν,
1294 1297 1335 1324 ὅτι
1352 1298 1407 1328 τοῖς
1419 1297 1510 1328 καλοῖς
1526 1296 1618 1323 πολλοὶ
1632 1296 1818 1332 βασκαίνουσι,
1831 1298 1879 1324 καὶ
1894 1297 1943 1324 λέ-

1148 1352 1207 1378 γειν
1226 1343 1274 1378 μέν
1288 1351 1312 1368 τι
1333 1341 1433 1376 φαῦλον
1449 1342 1511 1377 περὶ
1530 1342 1619 1368 αὐτῶν
1635 1342 1710 1368 οὐδὲν
1726 1342 1844 1378 ἔχουσιν,
1860 1352 1941 1379 περι-

1149 1388 1277 1415 πλέκουσι
1290 1388 1317 1414 δὲ
1331 1388 1522 1422 συκοφαντίας,
1539 1387 1653 1414 ἱκετεύει
1670 1388 1715 1414 καὶ
1730 1388 1819 1415 δέεται
1837 1389 1939 1416 τούτων

1150 1434 1292 1470 ρυσθῆνιι.
1302 1434 1374 1461 ’Λντὶ
1385 1434 1424 1465 δὲ,
1438 1433 1500 1466 τοῖς
1513 1434 1653 1461 ἀδικοῦσί
1662 1442 1711 1468 με,
1720 1434 1836 1466 Ἀκύλας
1846 1435 1940 1467 ἐξέδω-

1150 1489 1195 1508 κε·
1213 1480 1261 1515 Μὴ
1278 1479 1357 1514 ἀφῇς
1368 1489 1406 1515 με
1424 1480 1485 1513 τοῖς
1499 1480 1726 1515 συκοφαντοῦσι
1735 1489 1784 1515 με.

1190 1571 1331 1605 Ἐποίησα
1346 1571 1435 1606 κρίμα
1451 1571 1500 1598 καὶ
1515 1571 1721 1605 δικαιοσύνην,
1741 1571 1784 1606 μὴ
1798 1570 1939 1606 παραδῷς

1147 1625 1185 1651 με
1198 1617 1259 1650 τοῖς
1273 1617 1413 1644 ἀδικοῦσί
1423 1617 1618 1652 με.Ἔκδεξαι
1631 1617 1684 1644 τὸν
1696 1617 1810 1645 δοῦλόν
1820 1626 1878 1645 σου
1892 1619 1939 1651 εις

1149 1663 1270 1698 ἀγαθὸν,
1285 1663 1328 1697 μὴ
1346 1662 1663 1697 συκοφαντησάτωσάν
1678 1671 1717 1697 με
1737 1663 1932 1698 ὑπερήφανοι.

1155 1708 1184 1734 '0
1203 1709 1369 1743 μετανοήσας
1382 1708 1428 1734 καὶ
1447 1708 1501 1734 ἀπὸ
1515 1708 1568 1734 τῶν
1582 1708 1785 1744 ἐνεργησάντων
1802 1709 1842 1740 εὶς
1854 1708 1934 1735 αὑτὸν

1149 1753 1264 1786 ἐξελθὼν
1279 1755 1326 1781 καὶ
1339 1755 1387 1790 τῆς
1403 1754 1589 1790 αἰχμαλωσίας
1600 1754 1745 1790 λυτρωθείς
1757 1763 1856 1791 φησιν·
1871 1756 1935 1782 ’Έκ-

1148 1799 1231 1832 δεξαι
1243 1800 1294 1826 τὸν
1307 1800 1420 1827 δοῦλόν
1433 1809 1490 1827 σου
1501 1802 1544 1833 εἰς
1556 1801 1683 1835 ἀγαθόν·
1701 1797 1773 1827 οὗτοι
1785 1801 1839 1836 γάρ
1853 1810 1885 1836 με
1896 1801 1938 1832 εἰς

1148 1845 1264 1881 πονηρὸν
1279 1845 1440 1878 ἐξεδέξαντο.
1450 1846 1511 1873 Ἐὰν
1527 1845 1580 1881 γὰρ
1597 1846 1634 1882 μὴ
1648 1846 1742 1882 neten
1759 1855 1794 1882 με
1813 1848 1859 1874 τὸν
1878 1847 1938 1873 δοῦ-

1147 1891 1193 1918 λόν
1207 1900 1252 1917 σου
1269 1891 1422 1927 ὑποχείριον
1436 1892 1580 1927 γενόμενον
1591 1894 1646 1924 τοῖς
1664 1893 1812 1928 πολεμιοις,
1828 1891 1899 1920 οὗτοι
1911 1895 1936 1920 οἱ

1148 1937 1326 1973 ὑπερήφανοι,
1341 1938 1368 1964 αἱ
1390 1938 1573 1974 ἁντικείμεναι
1593 1939 1730 1974 δυνάμεις,
1749 1939 1876 1974 μέλλουσί
1901 1949 1936 1975 με

1149 1985 1334 2018 συκοφαντεῖν.
1351 1984 1413 2016 Πῶς
1432 1984 1460 2011 δὲ
1477 1985 1704 2019 συκοφαντοῦσιν;
1719 1983 1803 2013 Δῦται
1820 1987 1937 2022 ἐνήργη-

1148 2038 1197 2057 σαν
1218 2030 1265 2056 καὶ
1286 2029 1397 2057 ἔπεισαν
1415 2031 1447 2057 ἵν’
1463 2031 1624 2067 ἁμαρτωλὸς
1635 2032 1775 2067 γένωμαι’
1790 2033 1838 2059 καὶ
1855 2030 1937 2060 αὗται

1149 2084 1195 2110 μοι
1210 2076 1358 2112 κατήγοροι
1367 2077 1563 2112 γίνονται,ὃλην
1576 2077 1625 2113 τὴν
1639 2078 1729 2105 αἰτίαν
1743 2077 1798 2105 τῶν
1810 2079 1938 2114 ἁμαρτηα

1149 2121 1242 2156 μάτων
1263 2122 1303 2153 εἰς
1325 2122 1374 2157 ἐμὲ
1396 2122 1764 2158 ἀναφέρουσαι.Ἀναγκαίως
1781 2125 1938 2159 παρακαλεῖ

1146 2167 1192 2194 τὸν
1206 2167 1272 2194 Θεὸν
1284 2167 1413 2202 ἀνάδοχον
1427 2168 1509 2194 αὑτοῦ
1519 2169 1655 2202 γενέσθαι,
1668 2170 1761 2206 ὥσπερ
1773 2171 1820 2196 καὶ
1834 2171 1935 2205 ἐγγυη-

1147 2213 1210 2248 τήψ
1229 2212 1261 2239 ἵν’
1276 2213 1357 2244 αὐτὸς
1379 2213 1464 2247 φύλαξ
1485 2213 1566 2240 αὑτοῦ
1590 2214 1711 2250 γένηται,
1730 2215 1820 2250 ’τηρῶν
1845 2215 1936 2250 ἑαυτῴ

1149 2257 1196 2284 καὶ
1219 2257 1358 2292 φυλάττων
1373 2257 1420 2293 τὴν
1433 2258 1544 2294 ἐγγύην,
1563 2259 1631 2294 πρὸς
1651 2258 1682 2285 τὸ
1702 2259 1836 2295 μηδεμίαν
1849 2259 1935 2295 λαϐὴν

1147 2305 1296 2339 παρασχεῖν
1312 2305 1367 2335 τοῖς
1385 2304 1572 2339 ἐφεδρεύουσιν
1589 2304 1663 2340 αὺτῷ
1677 2306 1871 2340 συκοφάνταις.

1183 2351 1214 2376 οι
1231 2350 1378 2384 ὀφθαλμοί
1386 2359 1445 2384 μου
1457 2350 1596 2382 ἐξέλιπον
1604 2351 1646 2383 εὶς
1660 2351 1693 2377 τὸ
1705 2351 1854 2384 σωτήριόν
1863 2358 1931 2382 σοι’,

1145 2395 1194 2421 καὶ
1213 2397 1256 2428 εὶς
1274 2396 1307 2422 τὸ
1320 2397 1424 2430 λόγιον
1442 2395 1496 2430 τῆς
1509 2396 1701 2429 δικαιοσύνης
1711 2404 1780 2423 σου.
1799 2397 1933 2430 Ποίησον

1143 2442 1218 2475 μετὰ
1230 2442 1284 2468 τοῦ
1302 2441 1413 2469 δούλου
1427 2448 1484 2468 σου
1499 2441 1573 2468 κατὰ
1589 2441 1622 2468 τὸ
1640 2441 1726 2474 ἔλεός
1742 2450 1811 2474 σου,
1831 2442 1879 2468 καὶ
1896 2441 1931 2468 τὰ

1145 2486 1323 2521 δικαιώματά
1336 2496 1393 2514 σου
1407 2487 1530 2519 δίδαξον
1537 2495 1583 2521 με.
1593 2487 1706 2520 Δοῦλός
1719 2495 1777 2514 σου
1790 2488 1848 2522 εἰμὶ
1862 2487 1929 2523 ἐγὼ,

1145 2533 1308 2560 συνέτισόν
1329 2541 1378 2567 με,
1393 2533 1441 2559 καὶ
1461 2532 1609 2567 γνώσομαι
1634 2533 1670 2559 τὰ
1692 2533 1840 2567 μαρτύριὰ
1860 2542 1926 2560 σου.

1144 2579 1253 2613 Καιρὸς
1268 2579 1321 2606 τοῦ
1336 2578 1459 2613 ποιῆσαι
1482 2578 1521 2611 τῷ
1539 2579 1645 2612 Κυρίῳ,
1661 2579 1862 2606 διεσκέδασαν
1876 2579 1927 2605 τὸν

1144 2625 1237 2659 νόμον
1249 2626 1395 2652 σου.“’Ᾱνω
1407 2625 1510 2660 βλέπων
1524 2625 1570 2651 ἐπὶ
1585 2625 1614 2651 τὸ
1630 2626 1759 2661 σωτήριόν
1771 2634 1818 2652 σου
1827 2626 1926 2652 καὶτὸν

1144 2670 1221 2704 λόγον
1240 2680 1296 2704 σου,
1317 2672 1415 2703 πάσας,
1433 2672 1526 2707 φησὶν,
1543 2671 1683 2708 ἀνήρτησα
1705 2671 1751 2698 ἐπὶ
1773 2672 1860 2699 ταῦτα
1878 2671 1925 2703 τὰς

1145 2717 1263 2752 ἐμαυτοῦ
1280 2717 1398 2749 ἐλπίδας,
1413 2717 1541 2752 ρυσθῆναι
1553 2715 1740 2753 δεόμενοςῖιπὸ
1749 2718 1803 2744 τῶν
1817 2718 1924 2752 διαφθοο

1145 2763 1262 2790 νούντων
1279 2772 1329 2798 μου
1343 2765 1376 2798 τῇ
1394 2763 1522 2798 σωτηρίᾳ.

1180 2808 1231 2835 Διὰ
1243 2807 1329 2834 τοῦτο
1342 2806 1486 2841 ἠγάπησα
1503 2807 1555 2839 τὰς
1566 2806 1690 2839 ἐντολάς
1701 2814 1757 2834 σου
1769 2807 1846 2841 ὑπὲρ
1858 2814 1923 2841 χρυ-

1145 2855 1214 2882 σίον
1229 2854 1277 2881 καὶ
1297 2853 1440 2884 τοέισὶζιον.
1451 2853 1521 2888 Ἐγὼ
1536 2854 1584 2890 μὲν
1595 2853 1709 2890 ἐποίησα
1726 2848 1813 2890 κρίμα
1828 2854 1874 2881 καὶ
1885 2852 1922 2880 δι-
