2044 3212
185 201 254 229 1585

732 196 982 228 COMMENTARIA
1001 199 1034 229 IN
1052 199 1219 230 PSALMOS.

1286 188 1293 205 '
1309 181 1318 207 ¹
1336 173 1357 209 8
1742 203 1809 235 1338

184 258 339 294 ιιαιοσύνην,
355 259 401 285 καὶ
419 259 461 286 σοὶ
480 259 508 286 δὲ
521 258 561 293 τῷ
575 258 635 294 Θεῷ
655 259 731 286 ἔσται
750 260 815 286 ποτὲ
830 260 876 286 τοῦ
898 260 961 295 ποιῆ

1027 264 1109 296 atque
1129 261 1187 293 tibi,
1205 254 1286 292 Deus.
1305 264 1410 297 tempus
1434 260 1582 298 aliquando
1598 263 1685 292 aderit
1709 272 1741 293 ea
1770 265 1810 292 fac

184 313 228 330 σαι
245 304 350 340 καιρὸς,
363 304 484 339 δηλονότι
509 306 594 343 κρῖμα
617 306 664 331 καὶ
678 305 849 341 δικαιοσύνην
860 306 904 333 διὰ
918 306 972 333 τῶν

184 350 443 377 κατασκεδασάντων
458 350 504 377 τὸν
520 344 601 386 νόμον
616 350 762 378 σου.Τοῦτο
770 349 817 378 οὖν
829 351 907 383 εἰδὼς
917 352 972 386 ἐγὼ

184 397 230 423 καὶ
243 396 442 431 φυλαττόμενος
459 397 617 432 περιπεσεῖν
633 395 672 430 τῷ
684 396 771 432 καιρῷ
787 397 970 433 ὲκείνῳ,ὴγὰ-η

183 449 259 476 πησα
279 441 328 473 τὰς
351 441 459 473 ἐντολάς
476 449 522 467 σου
540 440 610 476 ὑπὲρ
628 440 717 467 πάντα
740 442 805 477 παρ’
820 441 973 478 ἀνθρώποις

183 486 260 521 τίμια
274 487 466 522 νενομισμένα.

218 542 269 569 Διὰ
284 542 370 569 τοῦτο
389 544 463 577 πρὸς
487 543 588 578 πάσας
610 546 663 579 τὰς
679 543 805 578 ἐντολάς
828 552 887 572 σου
901 550 970 572 κατ’·

184 587 347 620 ωρθούμην,
371 587 475 615 πᾶσαν
500 589 572 616 ὁδὸν
590 590 694 617 ἄδικον
712 591 854 625 ἐμίσησα.
878 590 910 616 Ἦ
927 590 971 616 ἀν-

184 631 305 667 θρωπίνη
325 632 398 668 ψυχὴ
413 635 637 670 συμπληρώσασα
651 633 696 661 τδν
714 636 803 670 λόγον,
819 636 927 667 πάντως
942 636 971 662 ἐν

183 677 267 712 κακίᾳ
291 678 405 712 γίνεται.
429 679 570 706 Ἀδύνατον
594 681 647 715 γὰρ
670 681 727 716 ἅμα
744 681 783 716 τῷ
807 681 971 716 συμπληρω-

184 721 261 756 θῆναι
278 723 323 749 τδν
346 723 428 759 νόμον
443 725 488 751 τὸν
503 725 615 759 φυσικὸν
635 726 664 752 ἐν
682 726 835 761 ἀνθρώποις
852 726 889 762 μὴ
909 727 972 752 ὐπο-

184 768 279 802 στῆναι
303 769 350 804 τὴν
376 769 520 804 ἁμαρτίαν.
549 771 633 798 Ἐπὰν
653 769 699 798 οὖν
713 772 825 807 γένηται
850 772 866 807 ή
888 770 971 798 κακία

184 813 231 840 καὶ
246 815 400 850 στρεϐλωθῇ
423 817 439 851 η
458 816 541 851 ψυχὴ,
565 817 650 843 δεῖται
674 817 879 853 κατορθώσεως.
903 817 970 844 Τίνα

183 856 229 885 οὖν
245 861 301 886 ὲστι
322 860 357 886 τὰ
372 861 573 896 κατορθοῦντας
591 862 647 888 Μία
664 863 756 898 ἐντολὴ
779 863 890 890 δύναταί
911 871 970 895 πως

182 905 232 944 τῂν
248 905 381 940 στρέϐλαν
405 907 454 940 τῆς
476 905 575 941 ψυχῆς,
601 907 650 943 τὴν
673 909 821 944 γενομένην
848 908 902 935 ἀπὸ
925 917 971 935 και

182 949 255 980 κίας,
278 944 450 978 κατευθῦναι.
475 950 511 978 Τὸ
538 952 628 986 μέντοι
654 953 747 988 ἄκρως
766 953 969 989 κατορθωθῆναι

181 993 230 1029 τὴν
248 994 336 1029 ψυχὴν
354 995 470 1022 ἐνταῦθα
483 996 622 1032 ἀμήχανόν
635 998 692 1023 ἐστι
704 998 787 1032 χωρὶς
809 998 903 1024 πασῶν
916 999 970 1026 τῶν

182 1037 305 1066 ἐντολῶν.
329 1038 360 1065 Et
379 1040 469 1074 μέντοι
491 1049 521 1074 γε
548 1041 642 1068 σκολιὰ
663 1041 828 1078 παραληφθῇ
849 1044 866 1078 ἡ
884 1043 967 1078 ψυχὴ,

181 1085 271 1112 οὐκέτι
287 1086 406 1118 ἐντολαῖς
419 1087 666 1123 κατορθωθήσεται,
675 1088 742 1114 ἀλλὰ
758 1090 825 1124 πυρὶ
839 1088 856 1124 ἢ
869 1090 966 1125 σκότῳ,

180 1130 197 1166 ἢ
214 1131 364 1167 διχοτομία,
378 1133 395 1168 ἢ
409 1141 461 1159 τινι
476 1133 530 1159 τῶν
549 1134 780 1170 σκυθρωποτέρων
796 1136 968 1171 προσαγομέ-

180 1185 232 1204 νων
247 1178 299 1204 ὑπὸ
313 1178 391 1205 Θεοῦ.
415 1179 477 1205 Ἐὰν
492 1180 581 1206 τοίνυν
600 1179 636 1215 μὴ
648 1181 805 1216 ποιήσωμεν
819 1181 908 1213 πάσας
919 1182 969 1214 τὰς

179 1222 298 1254 ἐντολὰς,
309 1223 338 1250 οὒ
352 1224 567 1260 κατορθούμεθα.
584 1225 664 1251 Ὅθεν
678 1225 836 1260 θαυμασίως
846 1227 966 1262 είρηταιο

179 1268 230 1294 Διὰ
249 1269 338 1296 τοῦτο
353 1269 426 1302 πρὸς
448 1267 549 1303 πάσας
571 1270 624 1303 τὰς
638 1271 765 1304 ἐντολάς
785 1279 843 1298 σου
858 1281 967 1306 κατωρ-

179 1314 314 1348 θούμεθα,
333 1314 436 1342 πᾶσαν
448 1315 520 1342 όδὸν
532 1315 636 1342 ἄδικον
647 1316 845 1351 ἐμισήσαμεν.
860 1317 896 1343 Οὐ
913 1317 966 1352 γὰρ

178 1358 223 1385 ετιι
234 1359 441 1395 περισπώμενος
456 1361 509 1387 ὑπὸ
530 1361 580 1396 τῆς
594 1362 634 1392 είς
650 1362 680 1388 τὸ
693 1361 793 1388 ἀδικεῖν
807 1362 964 1397 ἐπιθυμίας,

178 1404 310 1439 ἀπέχεται
332 1406 381 1441 τῆς
403 1406 518 1439 ἀδικίας,
544 1406 601 1433 ἀλλ’
620 1407 751 1441 ἀπέχεται
781 1408 898 1442 μισήσας
917 1408 965 1443 τὴν

178 1451 284 1478 ἀδικίαν
309 1452 324 1478 δ
348 1451 529 1487 κατορθωθιὶς
553 1451 620 1488 πρὸς
645 1452 735 1484 πάσας
755 1453 805 1484 τὰς
823 1452 870 1479 τοῦ
896 1453 964 1480 Θεοῦ

178 1495 299 1527 ιντολάς.

212 1552 372 1586 Θαυμαστὰ
390 1552 425 1579 τὰ
436 1553 581 1589 μαρτύριά
593 1560 661 1587 σου,
679 1554 727 1582 διὰ
742 1555 829 1582 τοῦτο
847 1555 964 1589 ἐξερεύ-

173 1604 269 1630 νησεν
286 1598 363 1624 αὐτὰ
383 1599 401 1632 ἡ
418 1599 502 1633 ψυχή
521 1608 590 1634 μου.
607 1598 639 1628 Ἠ
650 1597 781 1634 δήλωσις
796 1597 855 1627 τῶν
866 1601 964 1636 λόγων

165 1645 232 1668 ’σου
256 1642 365 1676 φωτιεῖ,
382 1644 430 1670 καὶ
444 1645 578 1672 συνετιεῖ
588 1646 724 1679 νηπίους.
742 1646 776 1673 Τὸ
790 1646 887 1681 στόμα
902 1655 963 1680 μου

173 1686 280 1720 ῆνοιξα
302 1689 350 1715 καὶ
373 1690 503 1717 εἶλκυσα
528 1691 663 1725 πνεῦμα,
687 1691 731 1718 ὅτι
757 1691 809 1724 τὰς
835 1691 962 1725 ἐντολάς

173 1741 232 1760 σου
252 1734 429 1762 ἐπεπόθουν.
452 1735 484 1761 Ἡ
502 1735 596 1770 πρώτη
614 1735 714 1770 γνῶσις
734 1736 781 1762 καὶ
801 1737 818 1771 ὴ
840 1737 869 1762 ἐν
888 1736 960 1772 ἀρχῇ

173 1778 374 1814 παραδιδομένη
392 1779 550 1806 διδασκαλία
572 1780 625 1806 τῶν
642 1779 728 1814 λόγων
743 1789 790 1806 σου
806 1781 902 1815 φωτιεῖ
915 1779 962 1807 καὶ

173 1825 290 1850 συνετιεί
312 1823 435 1860 νηπίους.
460 1823 499 1851 Τὰ
524 1823 552 1851 δὲ
574 1822 712 1861 μαρτύριά
737 1831 784 1852 σου
802 1825 957 1860 θαυμαστὰ,

172 1869 227 1900 καὶ,
249 1870 406 1905 ἐκπλήξεως
437 1870 538 1906 πλήρη.
572 1871 691 1903 arma;
719 1871 749 1898 τὺ
783 1872 885 1907 δοχεϊον
911 1872 960 1907 τῆς

171 1914 291 1946 ἐμαυτοῦ
317 1915 405 1950 ψυχῆς
427 1916 610 1948 ἀναπετάσας,
637 1917 684 1943 καὶ
711 1916 805 1954 ὥσπερ
817 1919 847 1945 τὸ
874 1919 960 1954 στόμα

170 1960 295 1993 ἀνοίξας,
321 1959 351 1988 τὸ
377 1962 452 1997 παρὰ
482 1962 529 1988 σοῦ
557 1962 626 1989 θεῖον
651 1961 763 1999 Πνεῦμα
789 1963 959 2000 ὑπεδεχόμην

169 2005 318 2038 πιστεύσας
335 2002 485 2043 ἐπαγγελία
506 2008 636 2044 λεγούσῃ·
663 2009 802 2041 Ἀνοιξον
817 2011 847 2036 τὸ
863 2010 959 2045 στόμα

169 2056 228 2076 σου
241 2051 288 2077 καὶ
310 2052 458 2086 κληρώσω
472 2054 555 2081 αὑτό.
572 2055 625 2081 Καὶ
642 2055 712 2081 τοῦτ’
728 2055 861 2091 ἔπραττον
878 2055 958 2090 ἐφελ-

169 2095 282 2131 κόμενος
299 2099 338 2129 είς
351 2097 445 2126 ἑαυτὸν
459 2099 489 2125 τὸ
500 2100 576 2134 παρά
595 2096 646 2127 σοῦ’
661 2100 780 2136 πνεῦμα,
794 2102 837 2128 ἵνα
856 2102 902 2128 καὶ
923 2101 958 2128 τὰ

170 2142 308 2178 μαρτύριά
331 2151 377 2169 σου
391 2145 425 2170 τὰ
437 2144 580 2180 θαυμαστὰ
596 2145 662 2179 γνῶ,
679 2146 725 2173 καὶ
740 2146 793 2174 τῶν
808 2145 893 2180 λόγων
910 2154 956 2174 σου

167 2188 213 2214 τὸν
229 2188 368 2222 φωτισμὸν
376 2190 529 2224 κτήσωμαι,
542 2190 586 2216 διὰ
604 2190 650 2217 τοῦ
669 2191 715 2218 σοῦ
732 2191 885 2228 πνεύματος
907 2193 956 2228 τὴν

167 2231 269 2259 τούτων
286 2231 403 2267 είληφὼς
419 2234 579 2269 κατάληψιν.
598 2236 632 2262 Τὸ
652 2237 749 2270 στόμα
768 2246 828 2271 μου
846 2237 954 2271 ἤνοιξα

167 2277 215 2303 καὶ
229 2277 357 2304 alia:an
370 2277 496 2312 πνεῦμα,
510 2278 554 2305 ὅτι
567 2279 619 2312 τὰς
631 2278 756 2313 ἐντολάς
773 2288 831 2308 σου
844 2281 953 2309 ἐπεπό-

166 2325 256 2349 θουν”
279 2323 363 2357 αὐτῆς
377 2322 427 2357 τῆς
445 2322 599 2355 ὑποθέσεως
619 2323 673 2350 τῶν
694 2323 807 2350 ἐντολῶν
827 2325 953 2352 ὲπισπω-

167 2367 252 2403 μένης
276 2369 322 2394 καὶ
346 2368 528 2403 ὲφελκομένης
550 2368 580 2395 τὺ
595 2368 715 2404 πνεῦμα.
736 2370 804 2405 Περὶ
824 2370 871 2397 τοῦ
889 2370 952 2397 στό-

166 2421 250 2452 ματος
258 2413 303 2440 τοῦ
317 2413 438 2449 κρυπτοῦ
454 2413 501 2440 ἀνθ
507 2413 596 2449 ρώπου
613 2413 688 2450 φησί·
699 2414 746 2441 καὶ
758 2415 868 2442 δύναται
883 2412 953 2442 εἶναι

163 2457 252 2493 ψυχῆς
266 2459 378 2494 στόμαὴ
392 2458 547 2494 διαῆοητικὴ
561 2459 645 2494 αὐτῆς
654 2458 778 2494 δύναμιςκ
800 2461 816 2495 ἢ
832 2459 952 2486 διανοουι

166 2503 234 2538 μὲνη
250 2503 379 2539 προφέρει
394 2505 439 2530 τὸν
455 2505 484 2530 ὲν
498 2504 601 2540 διανοίᾳ
616 2502 703 2538 λόγον.
723 2504 807 2531 Οὐδὲν
826 2505 950 2540 διαφέρει

164 2547 255 2575 λαϐεῖν
269 2548 347 2582 λόγον
373 2550 420 2576 καὶ
443 2547 554 2576 ὲλκῦσαι
583 2549 690 2583 πνεῦμα
717 2550 821 2576 εἰπεῖν·
847 2549 947 2576 ταυτὸν

162 2593 215 2628 γὰρ
233 2593 263 2619 τὸ
292 2594 400 2628 πνεῦμα
422 2595 461 2628 τῷ
478 2594 541 2630 θείῳ
564 2594 645 2630 λόγῳ.
670 2595 716 2621 Διὸ
733 2595 781 2621 καὶ
799 2595 813 2621 ό
842 2595 946 2630 Σωτὴρ,

162 2639 227 2674 περὶ
246 2635 276 2665 οὗ
293 2638 369 2673 ἔλεγε
389 2639 468 2674 λόγου
487 2640 533 2666 καὶ
556 2641 686 2676 ῥημάτων
703 2641 797 2676 εἴρηκε
810 2649 816 2656 ’
838 2641 876 2668 Τὰ
893 2640 950 2675 [51'1-

1024 305 1124 338 ciendi,
1142 305 1266 334 videlicet
1280 306 1416 341 judicium
1429 313 1456 335 et
1469 309 1618 344 justitiam,
1636 314 1749 345 propter
1761 318 1809 340 eos

1022 351 1068 385 qui
1081 350 1165 385 legem
1181 355 1256 378 tuam
1273 352 1459 386 pessumdant.
1475 353 1563 389 Hujus
1580 355 1672 390 itaque
1691 357 1730 384 rei
1742 365 1810 391 gnao

1022 401 1069 421 rus
1084 402 1145 430 ego,
1162 402 1195 421 ac
1209 403 1309 424 cavens
1322 404 1356 423 ne
1372 397 1491 425 incidam
1511 399 1540 426 in
1554 404 1660 435 tempus
1672 401 1749 433 illud.
1766 401 1808 428 di-

1022 438 1076 466 lexi
1096 440 1225 468 mandata
1240 444 1288 468 tua
1311 449 1393 477 super
1410 443 1502 470 omnia
1516 452 1576 479 quae
1595 445 1667 480 apud
1682 446 1808 475 homines

1021 485 1138 520 pretiosa
1154 486 1353 514 existimantur.

1056 539 1139 569 Vsus.
1169 541 1229 570 128.
1244 541 1387 577 Propterea
1402 544 1437 571 ad
1448 545 1538 572 omnia
1558 545 1685 574 mandata
1701 552 1746 575 tua
1763 545 1807 575 dl-

1022 587 1135 622 rigebar,
1147 596 1250 614 omnem
1264 589 1333 615 viam
1349 589 1467 624 iniquam
1493 590 1554 618 odio
1576 591 1665 620 habui.
1682 592 1806 621 Hmnann

1021 633 1111 660 anima
1132 638 1275 668 postquam
1291 642 1446 662 sermonem
1463 637 1650 671 compleverit,
1665 638 1691 665 in
1703 639 1806 666 malitia

1022 686 1134 714 prorsus
1146 683 1282 707 versatur.
1299 679 1371 707 Fieri
1388 681 1460 708 enim
1484 683 1590 717 nequit,
1609 687 1639 710 ut
1662 688 1804 719 postquam

1022 724 1064 751 lex
1084 724 1218 752 naturalis
1236 725 1263 751 in
1279 725 1436 754 hominibus
1462 727 1571 762 impleta
1596 733 1649 761 est,
1664 734 1805 764 peccatum

1022 775 1075 795 non
1093 768 1219 796 exsistat.
1235 768 1304 796 Cum
1322 769 1413 804 itaque
1425 771 1528 798 malitia
1543 773 1662 800 accessit
1676 777 1702 801 et
1714 774 1805 801 anima

1020 816 1145 840 tortuosa
1157 817 1210 846 est,
1228 813 1379 842 directione
1393 823 1462 850 opus
1477 815 1568 844 habet.
1586 817 1716 850 Quanam
1739 825 1804 848 vero

1021 862 1084 885 sunt
1095 865 1157 893 quin
1178 858 1300 894 dirigunt
1329 863 1356 886 et
1385 860 1544 895 corrigunt?
1562 860 1652 889 Unum
1671 863 1804 892 duntaxat

1021 903 1177 931 mandatum
1194 904 1292 932 animae
1307 907 1517 939 tortuositatem,
1536 914 1596 942 quae
1612 915 1660 942 per
1671 909 1804 937 malitiam

1019 948 1132 976 advecta
1143 952 1197 981 est,
1218 953 1309 984 potest
1337 951 1485 986 corrigere.
1501 951 1534 978 Et
1559 952 1669 987 quidem
1684 954 1803 981 animam

1019 995 1064 1022 hic
1092 995 1126 1022 ad
1157 1003 1311 1031 supremam
1338 997 1528 1024 rectitudinem
1552 998 1718 1033 pertingere,
1734 1000 1803 1026 citra

1018 1041 1140 1068 omnium
1156 1041 1347 1068 mandatorum
1369 1042 1588 1071 observationem
1616 1043 1675 1070 tieri
1697 1045 1801 1079 nequit.

1019 1086 1047 1113 Si
1064 1087 1156 1122 itaque
1170 1088 1260 1114 anima
1284 1091 1408 1116 tortuosa
1430 1088 1660 1123 deprehendatur,
1678 1096 1731 1116 non
1743 1097 1802 1117 am-

1018 1132 1116 1166 pliusa
1133 1133 1270 1160 mandatis
1296 1133 1466 1168 corrigetur;
1491 1134 1539 1162 sed
1564 1134 1640 1169 igne.
1668 1135 1801 1168 tenebris.

1017 1177 1139 1205 sectione
1169 1177 1286 1212 aliisque
1302 1179 1470 1206 tristioribus
1497 1186 1513 1206 a
1541 1178 1595 1207 Deo
1624 1180 1754 1208 advectis.
1772 1180 1802 1207 Si

1016 1229 1082 1258 ergo
1098 1230 1152 1250 non
1163 1223 1253 1250 omnia
1263 1223 1390 1251 mandata
1408 1231 1559 1257 servemus,
1572 1232 1627 1251 non
1639 1225 1799 1260 dirigemtn‘.

1016 1266 1079 1295 Ideo
1104 1269 1301 1296 admirabiliter
1328 1269 1429 1297 dicitur
1455 1278 1462 1297 :
1487 1269 1630 1304 Propterea
1652 1271 1687 1297 ad
1713 1271 1802 1298 omnia

1016 1313 1143 1340 mandata
1170 1317 1217 1340 tua
1247 1313 1436 1349 dirigebamar,
1455 1323 1557 1342 omnem
1587 1316 1656 1343 viam
1682 1317 1800 1352 iniquam

1016 1359 1076 1386 odio
1091 1359 1240 1386 habuimus.
1258 1359 1317 1386 Non
1333 1360 1406 1387 enim
1419 1361 1489 1387 ultra
1501 1360 1650 1389 distractus
1666 1369 1681 1388 a
1694 1369 1800 1390 concu-

1015 1404 1148 1439 piscentia
1165 1404 1256 1439 inique
1270 1405 1377 1440 agendi,
1393 1405 1426 1432 ab
1438 1406 1582 1440 iniquitate
1597 1406 1716 1435 abstinet
1727 1427 1734 1440 ,
1751 1405 1800 1435 sed

1014 1450 1135 1478 abstinet
1168 1451 1272 1485 utique,
1298 1451 1363 1485 quia
1396 1450 1568 1485 iniquitatem
1599 1451 1667 1484 odit,
1690 1452 1738 1487 qui
1765 1452 1799 1480 ad

1015 1497 1107 1523 omnia
1121 1496 1167 1524 Dei
1179 1496 1306 1524 mandata
1322 1497 1458 1532 dirigitur.

1051 1550 1133 1578 Vens.
1156 1551 1281 1579 129451.
1314 1551 1452 1579 Mirabitiu
1478 1552 1629 1580 testimonia
1658 1557 1714 1586 tua,
1741 1552 1799 1582 ideo

977 1595 998 1625 C
1014 1601 1135 1624 scrutata
1159 1600 1199 1623 est
1215 1604 1246 1624 ea
1265 1597 1355 1624 anima
1383 1605 1450 1624 mea.
1471 1597 1625 1625 Declaratio
1650 1606 1799 1626 sermonum

1013 1647 1118 1669 tuarum
1133 1642 1304 1674 illuminabit,
1318 1646 1343 1669 et
1356 1643 1515 1670 intellectum
1530 1642 1604 1670 dabit
1620 1643 1748 1677 parvulis.
1760 1643 1798 1671 Os

1013 1696 1098 1716 meum
1113 1689 1214 1723 aperui,
1227 1693 1252 1715 ει
1271 1688 1373 1715 attraxi
1390 1688 1522 1722 spiritum,
1536 1688 1598 1722 quia
1612 1687 1740 1714 mandata
1751 1692 1797 1715 tua

1011 1733 1204 1761 desiderabam.
1222 1731 1313 1760 Prima
1331 1732 1468 1768 cognitio,
1484 1736 1512 1760 et
1533 1739 1594 1766 qua:
1612 1731 1691 1759 initio
1713 1732 1798 1761 tradi-

1012 1782 1058 1806 tur
1071 1779 1196 1806 doctrina
1211 1784 1370 1805 sermonum
1395 1781 1516 1810 tuorum,
1534 1777 1701 1804 illuminabit
1714 1781 1742 1804 et
1755 1777 1798 1804 in.

1012 1823 1149 1851 tellectum
1177 1823 1253 1850 dabit
1277 1822 1399 1857 parvulis
1415 1829 1421 1847 ε
1437 1822 1592 1849 testimonia
1607 1829 1672 1848 vero
1688 1826 1733 1849 tua
1745 1821 1798 1848 mi-

1011 1868 1107 1896 rabilia
1124 1872 1189 1896 sunt
1203 1871 1230 1895 et
1246 1867 1390 1902 stupenda.
1408 1866 1505 1894 Merito
1520 1866 1603 1901 igitur
1619 1866 1717 1894 anima;
1730 1874 1797 1894 mem

1011 1913 1212 1948 receptaculum
1232 1911 1400 1947 expundens,
1419 1917 1446 1939 et
1459 1911 1538 1947 quasi
1552 1917 1585 1938 os
1601 1911 1738 1946 aperiens,
1753 1911 1797 1939 di-

1011 1959 1102 1985 vinum
1120 1965 1135 1985 a
1150 1962 1177 1985 te
1208 1957 1340 1992 Spiritum
1370 1957 1474 1992 accepi.
1487 1955 1602 1984 credens
1621 1956 1797 1990 promissioni

1009 2003 1112 2032 dicenti
1129 2011 1135 2030 ς
1152 2004 1230 2037 Aperi
1245 2011 1273 2030 os
1285 2007 1370 2034 tuum,
1396 2006 1421 2029 et
1444 2001 1556 2036 implebo
1573 2000 1679 2029 illud".
1694 2002 1728 2030 Et
1741 2003 1795 2031 hcc

1009 2048 1061 2077 ieci
1089 2049 1186 2084 spiritu
1200 2052 1247 2075 tuo
1259 2048 1340 2075 inme
1354 2050 1502 2082 pertracto,
1519 2051 1548 2074 ut
1569 2045 1724 2074 testimonia
1747 2047 1794 2074 illa

1008 2099 1055 2123 tua
1075 2094 1210 2122 mirabilia
1221 2101 1427 2129 cognoscerem,
1446 2096 1474 2121 et
1499 2100 1656 2122 sermonum
1684 2100 1792 2122 tuorum

1009 2140 1220 2169 illustrationem
1245 2139 1408 2171 obtinercm.
1431 2145 1484 2174 .per
1506 2138 1634 2173 spiritum
1654 2143 1731 2168 tuum
1746 2147 1793 2167 eo-

1007 2185 1132 2214 rumdem
1159 2185 1326 2212 intellectum
1355 2186 1383 2212 et
1411 2183 1536 2211 notitiam
1581 2184 1729 2219 accipiens.
1755 2183 1792 2211 οι

1008 2238 1093 2258 meum
1106 2229 1196 2265 aperui
1210 2234 1236 2257 et
1255 2229 1357 2256 attraxi
1371 2229 1505 2263 spiritum,
1522 2229 1584 2263 quia
1606 2230 1734 2255 mandata
1745 2232 1791 2254 tua

1006 2275 1188 2304 desiderabant:
1206 2282 1216 2301 :
1231 2275 1290 2310 ipsa
1300 2274 1492 2302 mandatorum
1506 2273 1642 2301 sententia
1662 2273 1789 2308 spiritum

1007 2322 1160 2350 attrahente
1176 2325 1201 2348 et
1221 2320 1385 2356 pelliciente.
1408 2319 1446 2347 De
1471 2327 1519 2347 ore
1535 2323 1626 2347 autem
1650 2319 1790 2347 interioris

1006 2367 1126 2396 hominis
1153 2366 1298 2402 loquitur:
1316 2370 1458 2400 potestque
1481 2372 1513 2393 os
1538 2365 1638 2392 anim
1656 2364 1724 2398 dici,
1748 2365 1790 2392 vis

1005 2414 1064 2449 ejus
1080 2412 1238 2441 enuntiandi
1254 2419 1315 2447 quat
1335 2411 1481 2447 cogitando
1503 2411 1530 2437 in
1559 2414 1650 2438 mente
1676 2410 1789 2439 verbum

1002 2459 1116 2495 profert.
1135 2457 1207 2486 Nihil
1221 2457 1322 2491 diil‘ert,
1341 2458 1364 2486 si
1375 2458 1452 2485 dicas
1471 2464 1609 2485 assumere
1623 2464 1787 2490 sermonem,

1003 2508 1030 2533 et
1044 2504 1181 2532 attrahere
1193 2503 1322 2538 spiritum
1345 2513 1352 2530 :
1370 2502 1488 2536 idipsum
1507 2502 1580 2529 enim
1603 2505 1646 2530 est
1662 2501 1786 2536 spiritus,

1000 2551 1073 2586 quod
1087 2549 1196 2578 divinus
1210 2556 1309 2577 sermo.
1328 2549 1510 2582 Quamobrem
1524 2547 1654 2575 Servator
1674 2547 1707 2576 de
1727 2556 1788 2575 ser-

1003 2603 1083 2623 mone
1097 2599 1124 2623 et
1138 2594 1229 2622 verbis
1242 2594 1280 2621 ait
1296 2603 1303 2621 :
1325 2593 1409 2622 Verba
1421 2601 1479 2628 quw
1502 2592 1604 2619 locutus
1622 2600 1681 2619 sum
1702 2592 1784 2623 vobis,

1001 2640 1110 2673 spiritus
1122 2644 1146 2666 et
1160 2639 1214 2666 vita
1227 2643 1289 2666 sunt
1300 2638 1332 2664 ⁸³.

158 2692 238 2718 ματα
261 2684 280 2711 d
295 2684 450 2718 λελάληκα
461 2685 547 2719 ὑμῖν,
571 2686 690 2720 πνεῦμά
715 2687 780 2713 ἐστι
811 2686 860 2714 καὶ
892 2685 947 2720 ζωή
964 2686 1040 2713 ἐστι.

201 2738 379 2773 Ἐπίϐλεψ-ον
402 2739 448 2765 ἐπ’
460 2739 512 2773 ἐμὲ
537 2740 586 2766 και
603 2740 733 2774 ἐλέησόν
744 2749 792 2776 με,
817 2741 891 2768 κατὰ
914 2741 947 2768 τὸ

160 2783 248 2818 κρῖμα
269 2783 328 2810 τῶν
347 2784 528 2818 ἀγαπώντων
543 2785 577 2812 τὸ
602 2786 696 2820 ὄνομά
721 2794 790 2814 σου.
814 2786 874 2814 Τῶν
896 2785 948 2813 ὑπὸ

199 2891 220 2907 ³⁸
239 2890 310 2919 Psal.
329 2898 416 2924 Lxxx,
434 2890 477 2918 Η.
516 2891 537 2907 "
557 2890 636 2919 Joan.
653 2898 680 2918 vr
693 2912 701 2924 ,
718 2892 762 2920 64.

319 2938 455 2968 Prrnoa.
485 2937 543 2968 Ga.
584 2937 702 2968 XXIII.

1040 2739 1121 2768 Vens.
1144 2738 1206 2767 132.
1223 2736 1329 2773 Respice
1354 2739 1381 2765 in
1407 2744 1447 2765 me
1469 2740 1494 2765 et
1518 2737 1641 2765 miserere
1665 2734 1727 2769 mei,
1744 2742 1785 2763 se-

1002 2786 1117 2813 cundum
1131 2785 1263 2821 judicium
1289 2784 1455 2821 diligentiam
1476 2791 1569 2812 nomen
1586 2787 1670 2810 tuum.
1696 2781 1734 2809 Ex
1751 2781 1784 2808 iis

1586 2931 1625 2963 Ιιτλ
