2044 3212
274 156 342 186 1587

590 149 724 184 EUSEDII
743 152 981 183 CAESARlENSlS
1001 153 1077 183 OPP.
1098 154 1188 183 PARS
1209 153 1254 182 Ill.
1275 171 1309 176 —
1325 155 1527 186 EXEGETICA.

1826 157 1896 185 1388

271 215 347 250 quia
367 204 669 250 Deo,.inisericordiam
689 217 903 248 consequuntur,
923 213 968 239 alii
993 219 1047 239 eam

1105 212 1172 238 Θεοῦ
1185 206 1362 248 ὲλεουμένων,
1377 215 1400 240 οἱ
1423 215 1473 250 μὲν
1493 213 1655 249 τυγχάνουσι
1671 213 1765 240 τούτου
1782 213 1827 240 διὰ
1845 223 1893 249 με-

271 269 320 296 per
335 261 522 296 paenitentiam
534 260 668 292 obtinent,
682 260 738 294 jam
754 266 769 286 a
787 259 907 293 peccatis
924 257 1053 285 receden-

271 311 312 334 tes
329 313 414 341 eaque
427 304 608 338 conﬁtentes;
630 304 676 332 alii
697 304 891 332 misericordia:
908 303 954 331 Dei
970 311 1052 339 expe-

263 350 416 378 rimentum
435 354 558 381 sumunt,
576 349 649 384 quod
665 348 790 384 profectu
806 349 879 376 aucti
906 348 940 376 ad
965 349 1054 383 ipsum

270 396 380 425 virtutis
390 396 470 424 linem
487 399 634 423 maturent.
658 395 708 422 Hic
721 395 814 429 itaque
829 399 957 430 precatur
970 393 1055 421 mise-

271 444 418 472 ricordiam
430 443 573 478 consequi,
586 449 639 469 non
655 441 804 469 secundum
813 440 946 474 judicium
961 445 1056 466 eorum

271 490 318 524 qui
335 488 524 523 paenitentiam
547 491 647 521 agunt;
670 485 717 513 sed
745 492 839 512 eorum
867 484 915 519 qui
939 484 1055 519 diligunt

272 541 371 561 nomen
399 532 506 560 Domini
522 540 529 558 :
545 538 607 557 nam
632 538 748 565 persona
773 537 833 564 qua:
862 529 984 564 loquitur
1013 531 1055 556 est

270 585 377 609 eorum,
393 577 440 611 qui
452 576 568 603 multum
589 575 617 602 in
644 576 743 602 virtute
761 579 789 602 et
806 574 931 601 veritatis
955 572 1053 600 notitia

271 622 454 657 proiecerunt.
481 619 664 653 Quamobrem
693 619 862 646 conﬁdenter
877 618 997 653 postulat
1025 617 1051 644 in

269 670 447 702 conspectum
468 665 514 693 Dei
529 673 559 693 se
583 665 684 692 venire.
701 664 826 700 Respice.
842 664 940 699 inquit,
956 664 983 690 iu
998 671 1050 695 Ille,

1107 257 1225 289 τανοίας,
1240 258 1301 293 ἄρτι
1322 259 1463 294 ἁμαρτιῶν
1482 259 1684 295 ἀναχωροῦντες
1704 259 1749 286 καὶ
1771 258 1892 294 ἐξομολο-

1107 303 1234 338 γοὺμενοι
1244 311 1250 317 ·
1267 304 1292 330 οἱ
1307 303 1336 330 δὲ
1357 306 1454 340 πεῖραν
1468 305 1543 331 ἐλέου
1557 305 1625 332 Θεοῦ
1638 305 1831 340 λαμὸάνουσιν¹
1848 305 1893 331 ἐπὶ

1108 348 1147 383 τῷ
1172 348 1376 383 προκόπτοντας
1401 350 1516 377 σπεῦσαι
1533 351 1580 377 ἐπὶ
1605 351 1636 377 τὸ
1655 351 1730 383 τέλος
1754 351 1821 377 αὐτὸ
1844 352 1892 386 τῆς

1108 392 1218 427 ἀρετῆς.
1243 391 1359 427 Εὕχεται
1380 391 1427 420 οὖν
1451 392 1527 426 οὗτος
1550 395 1693 430 ἐλεηθῆναι
1717 395 1748 422 οὐ
1771 395 1843 422 κατά
1863 396 1892 422 τὺ

1106 437 1194 472 κρῖμα
1206 437 1260 464 τῶν
1275 440 1487 474 μετανοούντων,
1501 439 1568 467 ἀλλὰ
1579 440 1633 467 τῶν
1648 440 1818 475 ἀγαπώντων
1835 441 1892 467 ὅνο-

1107 491 1144 517 μα
1169 483 1271 518 Κυρίου
1286 494 1291 499 '
1309 486 1363 512 τῶν
1383 477 1450 521 γὰρ’
1463 487 1522 513 κατ’
1539 486 1638 522 ἀρετὴν
1661 487 1709 513 καὶ
1725 486 1824 520 γνῶσιν
1843 487 1892 522 τῆς

1106 527 1235 563 ἀληθείας
1258 530 1325 556 πολὺ
1348 530 1542 566 προκοψάΝτων
1566 530 1597 558 τὸ
1622 531 1701 565 λέγον
1731 531 1890 567 πρόσωπον

1105 571 1146 598 διὸ
1160 573 1206 599 καὶ
1219 574 1435 610 παῤῥησιάζεται
1451 575 1566 610 ὀφθῆναι
1579 576 1618 612 τῷ
1633 576 1703 611 Θεῷ.
1720 576 1891 610 Ἐπίόλεψονν

1107 617 1160 652 γάρ
1175 626 1257 654 φησιν
1269 639 1277 652 ,
1290 620 1333 647 ἐπ’
1347 621 1396 656 ἐμὲ
1404 621 1450 647 καὶ
1463 621 1492 654 ἐξ
1504 621 1626 657 ἀνάγκης
1635 621 1728 663 ἕψεται
1740 622 1770 649 τὸ
1782 622 1892 657 ὲλεηθῆ-

1108 662 1151 688 ναί
1172 671 1216 697 με.

269 717 297 741 et
323 713 387 740 hinc
417 712 573 739 necessario
605 715 734 746 sequetur
769 719 812 739 me
833 709 1050 738 misericordiam
1069 709 1212 744 consequi.
1262 740 1266 744 _

306 767 388 795 Vsus.
404 768 466 795 155.
481 766 592 794 Cressus
612 775 683 794 meos
707 766 792 801 dirige
821 766 965 793 secundum
995 766 1050 793 elo-

267 813 357 848 quium
369 817 452 844 tuum,
469 817 495 839 et
508 820 559 839 non
573 812 722 838 dominetur
734 812 798 838 mihi
812 812 896 839 omnis
907 812 1050 846 injustitt'o.

1143 766 1183 793 Τὰ
1203 766 1368 801 mammam
1391 777 1451 802 μου
1471 770 1657 797 κατεύθυνον
1681 771 1757 797 κατὰ
1776 771 1811 799 τὸ
1840 774 1892 800 λό-

1105 811 1172 845 γιόν
1200 819 1276 844 σου,
1302 813 1350 839 καί
1373 813 1416 847 μὴ
1445 815 1703 848 κατακυριευσάτω
1725 826 1785 851 μου
1807 818 1892 846 πᾶσα

269 858 423 886 Secundum
434 857 572 892 eloquium
590 856 635 884 Dei
653 856 739 891 dirige
760 864 873 891 gressus
901 863 989 888 meos.
1005 856 1047 891 qui

1104 856 1222 891 ἀνομία.
1239 857 1318 884 Κατά
1338 857 1369 884 τὸ
1389 858 1478 893 λόγιον
1494 860 1540 887 τοῦ
1563 860 1631 887 Θεοῦ
1656 863 1819 890 κατευθύνει
1836 866 1843 874 “
1855 864 1890 891 τὰ

266 910 299 930 ex
316 902 418 929 malitia
431 906 459 929 et
469 901 621 936 ignorantia
638 901 673 928 ad
689 902 817 928 virtutem
831 905 859 928 et
867 901 1050 936 cognitionem

265 948 388 975 veritatis
399 946 569 982 proﬁciscor.
586 945 653 973 Nam
671 951 764 974 rectus
785 954 876 974 sermo
889 946 1009 974 director
1024 951 1051 974 et

265 993 320 1020 dux
334 993 426 1020 talium
442 1000 584 1028 gressuum
595 996 646 1020 est.

300 1090 383 1119 Vens.
417 1091 478 1119 154.
497 1090 603 1118 Redime
619 1097 659 1116 me
675 1098 691 1116 ιι
705 1090 840 1117 calumnia
864 1090 1010 1121 hominum,
1025 1093 1051 1116 et

264 1137 414 1164 custodiam
426 1136 553 1163 mandata
566 1141 623 1164 tua.
637 1136 666 1163 ln
685 1136 838 1164 mercedem
855 1135 1051 1163 misericordiae

263 1190 318 1216 qua
337 1182 469 1210 liberatus
491 1185 533 1209 est
555 1189 570 1208 a
589 1181 734 1209 calumniis
754 1181 906 1212 hominum,
926 1188 957 1208 se
973 1188 1051 1207 man-

264 1227 327 1253 data
352 1226 461 1254 Domini
486 1222 696 1255 observaturum
729 1226 873 1261 pollicetur
894 1236 901 1253 :
925 1227 967 1253 vel
993 1234 1049 1254 non

264 1275 321 1298 tam
335 1272 500 1305 mercedem,
522 1279 604 1307 quam
634 1271 785 1307 gratiarum
812 1271 946 1298 actionem
979 1279 1049 1306 prte-

266 1315 326 1347 bco,
343 1320 373 1343 ut
387 1315 508 1343 redimar
521 1323 536 1342 a
552 1316 687 1342 calumnia
717 1315 869 1343 hominum.
891 1314 968 1343 Hanc
984 1323 1049 1343 vero

265 1360 380 1394 gratiam
399 1360 579 1395 impetrarunt
594 1359 694 1394 Ioseph
711 1363 739 1387 et
761 1358 896 1387 Susanna.
913 1359 1047 1388 Caeterum

264 1403 368 1438 tropice
384 1403 509 1431 homines
531 1404 583 1431 dici
602 1404 709 1439 possint
727 1403 854 1431 diabolus
867 1407 895 1432 et
920 1405 1047 1431 adversa-

264 1452 312 1479 ria:
327 1452 388 1486 ejus
413 1451 495 1479 socia:
519 1454 678 1486 potestates,
694 1458 708 1478 a
725 1458 841 1486 quarum
868 1451 1046 1487 sycopliantia

263 1496 396 1524 redimere
406 1496 492 1524 solius
504 1495 550 1524 Dei
564 1502 615 1524 est.

1103 901 1258 937 διαϐήματά
1273 912 1335 938 μου,
1360 904 1392 930 ὲκ
1414 904 1513 936 κακίας
1533 906 1580 932 καὶ
1596 907 1707 940 ἀγνοίας
1727 909 1768 940 είς
1791 909 1889 945 ἀρετὴν

1103 947 1150 973 καὶ
1174 947 1275 981 γνῶσιν
1299 948 1349 984 τῆς
1373 949 1500 984 ἀληθείας
1524 951 1716 984 διαϐαίνοντος.
1750 954 1890 990 Εὑθυντὴρ

1102 991 1156 1025 γὰρ
1172 993 1219 1018 καὶ
1244 992 1355 1028 ἡγεμὼν
1371 993 1425 1020 τῶν
1445 994 1572 1022 τοιούτων
1592 996 1768 1032 διαδημάτων
1779 999 1793 1024 ὁ
1811 999 1889 1034 ὀρθὸς

1101 1035 1189 1070 λόγος.

1135 1083 1293 1117 Λύτρωσαι
1306 1093 1347 1118 με
1363 1085 1421 1112 ἀπὸ
1434 1087 1640 1121 συκοφαντίας
1653 1088 1826 1123 ἀνθρώπων,
1839 1091 1889 1118 καί

1100 1130 1225 1163 φυλάξω
1239 1130 1293 1163 τὰς
1307 1131 1433 1164 ἐντολάς
1449 1140 1516 1159 σου.
1534 1133 1636 1160 Μισθὸν
1653 1134 1700 1160 τοῦ
1720 1135 1796 1162 ὲλὲου
1814 1136 1889 1163 λελυ-

1100 1174 1221 1209 τρῶσθαι
1251 1176 1306 1202 ἀπὸ
1331 1177 1514 1210 συκοφαντίας
1540 1178 1690 1214 ἀνθρώπων
1719 1180 1888 1216 ὑπισχνεῖται

1099 1217 1196 1245 δώσειν
1214 1218 1263 1254 τὴν
1279 1219 1333 1245 τῶν
1356 1220 1472 1247 ἐντολῶν
1497 1222 1600 1257 Κυρίου
1619 1223 1744 1260 φυλακήν
1757 1234 1763 1240 ·
1782 1226 1799 1260 ἢ
1828 1226 1887 1252 οὐδὲ

1101 1263 1206 1297 μισθὸν,
1216 1264 1273 1290 ἀλλ’
1285 1264 1461 1300 εὐχαριστίαν
1482 1267 1522 1298 είς
1538 1267 1568 1293 τὸ
1583 1267 1753 1305 λυτρωθῆναί
1776 1279 1810 1306 με
1833 1272 1887 1298 ἀπὸ

1100 1309 1281 1342 συκοφαντίας
1301 1309 1462 1345 ἀνθρώπων.
1488 1311 1543 1337 Καὶ
1555 1313 1736 1348 τετυχήκασιν
1749 1315 1888 1351 αἰσθητῶς

1097 1353 1147 1388 τῆς
1161 1354 1294 1389 αἰτήσεως
1316 1355 1412 1391 Ἰωσὴφ
1434 1356 1480 1383 καὶ
1494 1357 1641 1385 Σουσάννα.
1664 1359 1785 1395 Ῥηθεῖεν
1799 1361 1827 1388 δὲ
1841 1362 1887 1388 ἂν·

1099 1397 1201 1433 θρωποι
1215 1400 1351 1434 τροπικῶς
1373 1401 1387 1427 ὀ
1401 1401 1523 1433 διάϐολος
1549 1403 1595 1429 καὶ
1618 1405 1647 1430 αί
1667 1406 1728 1431 κατ’
1745 1407 1825 1433 αὑτὸν
1839 1417 1886 1434 πο-

1097 1444 1179 1478 νηραὶ
1199 1443 1336 1479 δυνάμεις,
1354 1446 1400 1480 ἀφ’
1414 1442 1452 1473 ὧν
1463 1447 1513 1482 τῆς
1533 1450 1716 1483 συκοφαντίας
1735 1452 1816 1486 μόνου
1838 1454 1886 1480 τοῦ

1097 1488 1165 1514 Θεοῦ
1179 1488 1350 1524 λυτροῦσθαι.

300 1541 381 1569 Vsus.
398 1542 458 1572 l55.
474 1542 534 1569 156.
551 1541 661 1570 Faciem
672 1547 745 1569 tuam
759 1542 882 1570 illumina
897 1551 976 1578 super
991 1551 1046 1571 ser-

1135 1535 1170 1561 Τὸ
1195 1536 1356 1569 πρόσωπόν
1379 1544 1437 1565 σου
1463 1539 1612 1574 ἐπίφανον
1626 1542 1676 1568 ἐπὶ
1698 1544 1752 1570 τὸν
1773 1543 1886 1572 δοῦλόν

262 1594 321 1613 cum
343 1591 427 1619 tuum,
443 1592 468 1614 et
488 1589 551 1614 doce
565 1595 605 1614 me
622 1588 827 1623 justiﬁcationes
850 1593 920 1616 tuas.
940 1589 1045 1618 Secun-

261 1633 326 1661 dum
353 1633 505 1661 Salvatoris
531 1634 665 1662 illustrem
691 1635 840 1662 adventum
865 1635 957 1663 videre
985 1643 1046 1670 per-

261 1682 370 1713 optans,
398 1686 449 1714 pro
479 1686 511 1706 eo
533 1679 606 1706 Patri
632 1680 768 1715 supplicat
786 1681 881 1709 dicens
902 1691 909 1709 :
936 1681 1046 1709 Faciem

262 1729 345 1756 tuom,
363 1723 486 1756 Domine,
501 1724 624 1751 illumina
642 1731 652 1751 :
668 1732 750 1760 quam
777 1726 824 1760 qui
842 1726 918 1759 vidit,
932 1727 1000 1754 vidit
1018 1732 1046 1754 et

261 1769 379 1797 Patrem.
404 1769 472 1797 Nam
498 1770 557 1804 ipse
580 1769 614 1798 de
639 1770 731 1805 seipso
759 1771 797 1798 ait
814 1779 821 1797 :
836 1771 889 1804 Qui
910 1773 975 1799 vidit
994 1781 1044 1806 me,

261 1815 327 1842 vidit
356 1819 382 1842 et
410 1815 519 1842 Patrem
528 1816 562 1843 '°.
589 1814 684 1842 Exitus
718 1825 848 1851 aquarum
879 1818 1045 1846 deduxerunt

260 1860 330 1886 oculi
349 1859 410 1892 mei,
422 1861 484 1894 quia
498 1869 549 1887 non
561 1860 741 1888 custodierunt
757 1862 837 1897 legem
858 1867 942 1891 luant.

294 1905 376 1933 Vens.
392 1905 521 1933 157445.
544 1905 640 1933 Justus
660 1915 698 1938 es,
724 1907 847 1940 Domine,
863 1913 888 1936 et
912 1914 984 1936 recta
1000 1910 1045 1944 iu-

258 1950 331 1977 dicio
343 1955 399 1977 tua.
418 1949 557 1978 Mandasti
569 1951 705 1985 justitiam
721 1953 870 1980 testimonia
890 1959 947 1986 tuo,
963 1959 988 1981 et
1002 1963 1044 1982 ve-

258 1994 364 2020 ritatem
378 1998 449 2020 tuam
475 1995 561 2023 valde.
589 1995 731 2023 Tabescere
748 2005 788 2023 me
805 1997 864 2031 fecit
879 1998 950 2025 zelus
969 2004 1042 2032 tuus,

257 2038 321 2071 quia
333 2038 410 2064 obliti
425 2043 485 2065 sunt
504 2039 581 2066 verba
598 2045 645 2067 tua
657 2041 757 2068 inimici
769 2042 828 2068 mei.
849 2041 965 2076 Ignitum
985 2043 1041 2071 elo-

256 2083 347 2116 quium
360 2087 434 2108 tuum
452 2084 622 2117 vehementer,
638 2090 663 2112 et
673 2094 761 2112 seruus
779 2091 840 2113 tuus
854 2086 947 2115 dilexit
962 2088 1039 2118 illud.

256 2127 475 2156 Adolescentulus
487 2137 546 2156 sum
560 2139 606 2165 ego
619 2136 643 2157 et
655 2136 827 2165 contemptus.
834 2132 1040 2167 iustiﬁcationes

257 2176 316 2200 tuas
327 2181 378 2200 non
393 2181 452 2201 sum
472 2174 579 2202 oblitus.
596 2175 709 2202 Iustitia
728 2181 775 2203 tua
790 2177 900 2210 justitia
918 2179 947 2205 in
962 2184 1041 2207 (ater-
1056 2194 1078 2221 ι)

256 2226 330 2251 num,
344 2223 370 2246 et
389 2219 432 2247 lett;
447 2224 493 2247 tuo
509 2221 615 2248 veritas.
631 2220 826 2249 Tribulationes
849 2227 874 2249 et
896 2225 1040 2251 necessita-

257 2269 294 2292 tes
318 2265 472 2294 inuenerunt
497 2275 539 2294 me
553 2267 703 2294 :mandata
727 2272 773 2294 tua
803 2269 941 2297 meditatio
971 2279 1040 2298 mea.

256 2310 437 2347 Symmachus
449 2313 529 2340 aliam
540 2313 617 2342 elt‘ert
632 2314 795 2341 sententiam
808 2314 902 2343 dicens
919 2325 927 2344 :
945 2316 1042 2343 Tribu-

255 2359 366 2388 lationes
385 2365 411 2388 et
433 2362 584 2397 afﬂictione:
608 2364 857 2397 comprehenderunt
879 2374 919 2393 me
934 2374 944 2393 :
965 2375 1041 2394 man-

255 2404 320 2431 data
331 2414 390 2433 vero
402 2407 622 2435 delectabant-me
638 2415 648 2435 :
661 2416 693 2436 ac
720 2409 743 2437 si
763 2411 852 2438 omnis
874 2411 922 2439 Dei
951 2413 1042 2440 cultor

255 2449 373 2484 graviter
388 2455 415 2478 et
425 2459 497 2486 agre
517 2451 586 2480 [erat
601 2452 683 2488 hujus
698 2454 759 2481 vitae
774 2455 892 2490 negotia,
908 2461 990 2492 atque
1006 2465 1039 2485 ex

255 2495 396 2523 hominum
408 2497 513 2524 malitia
530 2502 652 2530 vexetur.
670 2500 814 2535 solamque
827 2502 925 2530 habeat
937 2510 1039 2531 conso-

255 2541 394 2572 lationem.
409 2545 605 2572 recreatiouem
627 2549 654 2572 et
676 2546 884 2576 delectationem
901 2549 930 2576 in
953 2557 1030 2577 man-

254 2586 381 2614 datorum
396 2587 440 2615 Dei
455 2587 639 2618 meditatione.

289 2653 372 2680 Vsus.
389 2654 449 2681 144.
478 2654 589 2683 Iustitia
605 2658 754 2684 testimonia
775 2662 820 2685 tua
845 2658 873 2685 in
896 2663 1037 2692 o'ternum,

254 2698 413 2726 intellectura
426 2699 461 2725 da
472 2700 546 2733 mihi,
570 2705 594 2727 et
612 2702 704 2730 vivam.
725 2701 787 2730 llaec
806 2703 925 2737 justitia,
952 2712 1034 2739 quam

288 2766 311 2782 ὀ
329 2765 408 2794 Joan.
427 2775 484 2801 xlv,
501 2768 531 2808 ρ.

208 2836 212 2837 ν
269 2821 276 2837 ι
292 2816 302 2829 ⁵
317 2815 449 2854 lnlcrpres
467 2818 529 2854 legit
545 2818 698 2847 κατεύουνε.
720 2821 798 2849 Eutr.
821 2821 938 2851 ΡΑτκοι.

1097 1587 1166 1612 σου,
1179 1581 1227 1608 καὶ
1237 1581 1362 1615 δίδαξόν
1374 1593 1413 1618 με
1426 1585 1463 1611 τὰ
1476 1584 1656 1622 δικαιώματά
1670 1596 1738 1616 σου,
1759 1590 1813 1625 Τὴν
1829 1591 1885 1617 δευ-

1096 1625 1178 1672 τέραν
1193 1626 1240 1653 τοῦ
1254 1628 1378 1664 Σωτῆρος
1394 1630 1542 1666 ὲπίλαμψιν
1556 1633 1619 1660 ίδεῖν
1637 1634 1727 1661 ποθῶν
1736 1635 1806 1668 ἀξιοί
1822 1637 1886 1672 περὶ

1096 1671 1190 1717 αὐτῆς,
1204 1672 1243 1707 τῷ
1252 1673 1339 1709 Πατρὶ
1354 1675 1475 1708 φάσκων,
1485 1677 1520 1704 Τὸ
1531 1679 1694 1712 πρόσωπόν
1706 1688 1775 1712 σου,
1785 1671 1884 1717 Κύριε,

1095 1716 1243 1750 ἐπίφανον
1256 1726 1263 1732 ·
1278 1718 1347 1754 ὅπερ
1367 1719 1428 1746 ίδὼν
1447 1729 1487 1752 τις
1503 1722 1608 1757 ἑώρακε
1631 1725 1737 1751 καὶτὸν
1760 1716 1882 1761 Πατέρα.

1094 1761 1180 1792 Αὐτὸς
1202 1762 1256 1797 γὰρ
1274 1763 1338 1798 περὶ
1350 1764 1445 1791 ἑαυτοῦ
1459 1765 1547 1800 λέγει·
1563 1767 1589 1793 '0
1605 1767 1740 1802 ἑωρακὼς
1753 1770 1815 1804 ἐμὲ,
1831 1771 1883 1797 ἑώ-

1090 1813 1165 1839 ρακε
1179 1806 1232 1832 τὸν
1242 1809 1367 1842 Πατέρα.
1382 1810 1537 1844 Δωξόὸους
1547 1811 1664 1839 ὑδάτων
1671 1814 1843 1842 κατέδυσαν
1855 1818 1883 1842 οί

1094 1851 1242 1885 ὀφθαλμοί
1249 1861 1318 1887 μου,
1331 1854 1397 1881 ἐπεὶ
1406 1857 1461 1882 οὐκ
1469 1856 1627 1890 ἐφύλαξαν
1634 1859 1688 1885 τὸν
1695 1861 1790 1894 νόμον
1811 1870 1881 1888 σου.

1128 1896 1246 1929 Δίκαιος
1263 1895 1299 1929 εἴ,
1316 1899 1415 1932 Κύριε,
1434 1900 1483 1927 καί
1505 1901 1602 1935 εὐαεῖς
1623 1904 1653 1929 ul
1671 1905 1787 1937 κρίσεις
1810 1913 1880 1932 σου.

1100 1940 1254 1968 Ἐνετείλω
1276 1943 1475 1979 δικαιοσύνην
1497 1946 1533 1974 τὰ
1553 1948 1701 1981 μαρτύριά
1727 1957 1804 1983 σου,
1831 1950 1881 1978 καί

1092 1985 1237 2020 ἀλήθειαν
1257 1988 1384 2022 σφόδρα.
1407 1990 1543 2024 Ἐξέτηξέ
1555 2001 1593 2025 με
1605 1994 1622 2019 ό
1635 1992 1725 2026 ζ’ῆλός
1745 2002 1814 2027 σου,
1835 1996 1880 2023 ὅτι

1091 2031 1274 2060 ἐπελάθοντο
1290 2033 1349 2060 τῶν
1362 2035 1460 2069 λόγων
1472 2044 1530 2063 σου
1543 2039 1570 2064 οἱ
1583 2038 1685 2073 ἐχθροί
1696 2049 1767 2074 μου.
1786 2043 1880 2068 Heuu-

1087 2077 1224 2111 pwpéror
1244 2079 1277 2105 τὸ
1299 2080 1404 2114 λόγιόν
1425 2088 1483 2108 σου
1505 2083 1632 2117 σφόδρα,
1655 2085 1703 2112 καί
1727 2087 1744 2113 d
1769 2087 1879 2120 δοῦλός

1092 2129 1150 2149 σου
1168 2123 1326 2157 ἠγάπησεν
1336 2127 1419 2154 αὐτό.
1433 2127 1578 2161 Νεώτερος
1591 2129 1648 2163 ἐγώ
1660 2132 1717 2165 εἰμι
1734 2132 1782 2159 καὶ
1798 2133 1878 2165 ἐξου-

1092 2166 1266 2203 δενωμένος,
1274 2171 1310 2198 τὰ
1319 2171 1497 2207 δικαιώματά
1504 2181 1562 2202 σου
1569 2176 1624 2203 οὐκ
1632 2177 1829 2212 ἐπελαθόμην.
1844 2179 1878 2205 Ἡ

1082 2213 1269 2250 ’δικαιοσύνη
1287 2225 1345 2244 σου
1363 2218 1540 2254 δικαιοσύνη
1558 2222 1600 2254 εις
1615 2222 1669 2248 τὸν
1683 2222 1784 2255 αἰῶνα,
1797 2224 1845 2250 καὶ
1861 2225 1878 2250 ὁ

1091 2259 1183 2294 νόμος
1192 2268 1249 2288 σου
1256 2263 1390 2296 ἀλήθεια.
1401 2265 1524 2299 Θλίψεις
1539 2266 1588 2293 καὶ
1609 2267 1735 2302 ἀνάγκαι
1746 2269 1878 2302 εῦροσᾱν

1089 2313 1127 2338 με
1136 2313 1142 2320 ·
1153 2306 1310 2334 αὶὲντολαί
1318 2315 1376 2335 σου
1382 2309 1492 2343 μελέτη
1497 2309 1557 2345 μου
1569 2331 1576 2337 .
1584 2311 1612 2338 ’0
1623 2313 1768 2348 Σύμμαχος
1782 2314 1877 2348 ἑτέραν

1091 2351 1245 2386 παρέστησε
1268 2351 1386 2380 διάνοιαν
1412 2354 1511 2387 εἰπὼν,
1532 2355 1654 2390 autem
1674 2358 1723 2384 καί
1747 2358 1876 2392 armami—

1091 2401 1156 2428 σεις
1170 2396 1335 2425 κατέλαϐόν
1345 2407 1385 2432 με
1394 2408 1400 2415 ·
1413 2401 1443 2427 al
1454 2400 1488 2426 δὲ
1500 2401 1619 2428 ἐντολαὶ
1635 2402 1762 2436 ἕτερπόν
1775 2412 1811 2437 με
1821 2412 1827 2418 ·
1839 2403 1878 2434 ὡς

1091 2439 1190 2471 παντὸς
1209 2440 1349 2474 θεοσεϐοῦς
1373 2442 1541 2479 βαρουμένοιι
1563 2446 1613 2480 μὲν
1627 2447 1673 2473 καὶ
1688 2447 1876 2483 δυσχεραίνον-

1089 2492 1135 2515 τος
1150 2485 1196 2512 ὲπὶ
1210 2488 1267 2517 τοῖς
1281 2487 1326 2513 τοῦ
1350 2488 1408 2522 βίου
1431 2491 1601 2525 πράγμασιν,
1622 2492 1826 2526 ἀποκακοῦντός
1845 2503 1875 2520 τε

1089 2530 1121 2556 ὲκ
1133 2530 1184 2566 τῆς
1197 2532 1250 2558 τῶν
1263 2533 1413 2566 ἀνθρώπων
1427 2536 1533 2568 κακίας,
1556 2537 1639 2572 μόνην
1656 2538 1683 2564 δὲ
1701 2539 1806 2573 ἔχοντος
1823 2549 1874 2566 πα-

1090 2576 1226 2611 ραμυθίαν
1237 2579 1284 2604 καὶ
1295 2579 1445 2615 ἀνάκτησιν
1459 2581 1504 2608 καὶ
1517 2582 1612 2617 τέρψιν
1626 2583 1674 2618 τὴν
1690 2584 1804 2620 μελέτην
1820 2585 1874 2611 τῶν

1088 2621 1202 2649 ἐντολῶν
1216 2623 1263 2649 τοῦ
1284 2624 1363 2650 Θεοῦ.

1123 2667 1300 2703 Δικαιοσύνη
1326 2670 1363 2696 τὰ
1385 2671 1531 2705 μαρτύριά
1556 2680 1614 2700 σου
1638 2675 1681 2706 είς
1705 2674 1758 2700 τὸν
1770 2674 1871 2705 αἰῶνα,

1087 2712 1250 2741 συνέτισόν
1259 2722 1308 2750 με,
1324 2715 1373 2742 καί
1387 2716 1521 2752 ζήσομαι.
1537 2718 1611 2754 Δῦτη
1626 2719 1643 2754 ἡ
1656 2719 1822 2755 δικαιοσύνη,
1839 2721 1872 2755 ἦν
