  <div class='ocr_page' id='page_1' title='image "/cluster/home/n/w/nwhite01/storage/ocr_20150623/23/njp.32101077772505/704.png"; bbox 0 0 2044 3212; ppageno 0'>
   <div class='ocr_carea' id='block_1_1' title="bbox 169 213 239 243">
    <p class='ocr_par' dir='ltr' id='par_1_1' title="bbox 169 213 239 243">
     <span class='ocr_line' id='line_1_1' title="bbox 169 213 239 243; baseline -0.014 0"><span class='ocrx_word' id='word_1_1' title='bbox 169 213 239 243; x_wconf 75' lang='grc'><strong>1589</strong></span> 
     </span>
    </p>
   </div>
   <div class='ocr_carea' id='block_1_2' title="bbox 737 193 1228 243">
    <p class='ocr_par' dir='ltr' id='par_1_2' title="bbox 737 193 1228 243">
     <span class='ocr_line' id='line_1_2' title="bbox 737 193 1228 243; baseline -0.004 -1"><span class='ocrx_word' id='word_1_2' title='bbox 737 213 989 243; x_wconf 76' lang='lat' dir='ltr'><strong>COMMENTARIA</strong></span> <span class='ocrx_word' id='word_1_3' title='bbox 1010 213 1043 241; x_wconf 86' lang='lat' dir='ltr'><strong>IN</strong></span> <span class='ocrx_word' id='word_1_4' title='bbox 1063 193 1228 242; x_wconf 75' lang='lat' dir='ltr'><strong>rSALuos.</strong></span> 
     </span>
    </p>
   </div>
   <div class='ocr_carea' id='block_1_3' title="bbox 1290 180 1365 215">
    <p class='ocr_par' dir='ltr' id='par_1_3' title="bbox 1290 180 1365 215">
     <span class='ocr_line' id='line_1_3' title="bbox 1290 180 1365 215; baseline -0.013 0"><span class='ocrx_word' id='word_1_5' title='bbox 1290 180 1365 215; x_wconf 73' lang='lat' dir='ltr'><strong>H3</strong></span> 
     </span>
    </p>
   </div>
   <div class='ocr_carea' id='block_1_4' title="bbox 167 270 955 309">
    <p class='ocr_par' dir='ltr' id='par_1_4' title="bbox 167 270 955 308">
     <span class='ocr_line' id='line_1_4' title="bbox 167 270 955 308; baseline 0.003 -10"><span class='ocrx_word' id='word_1_6' title='bbox 167 271 306 306; x_wconf 76' lang='grc' dir='ltr'>ἀσκοῦμεν</span> <span class='ocrx_word' id='word_1_7' title='bbox 327 270 372 297; x_wconf 70' lang='grc' dir='ltr'><strong>ἐπὶ</strong></span> <span class='ocrx_word' id='word_1_8' title='bbox 395 271 442 298; x_wconf 82' lang='grc' dir='ltr'><strong>τοῦ</strong></span> <span class='ocrx_word' id='word_1_9' title='bbox 460 272 601 307; x_wconf 75' lang='grc' dir='ltr'>παρόντος,</span> <span class='ocrx_word' id='word_1_10' title='bbox 619 272 669 299; x_wconf 78' lang='grc' dir='ltr'>οὐκ</span> <span class='ocrx_word' id='word_1_11' title='bbox 688 273 842 300; x_wconf 80' lang='grc' dir='ltr'>ἀποδίδοται</span> <span class='ocrx_word' id='word_1_12' title='bbox 856 275 920 308; x_wconf 88' lang='grc' dir='ltr'><strong>ἡμῖν</strong></span> <span class='ocrx_word' id='word_1_13' title='bbox 934 273 955 300; x_wconf 62' lang='grc' dir='ltr'>ἐι</span> 
     </span>
    </p>
   </div>
   <div class='ocr_carea' id='block_1_5' title="bbox 1007 270 1800 309">
    <p class='ocr_par' dir='ltr' id='par_1_5' title="bbox 1015 272 1800 309">
     <span class='ocr_line' id='line_1_5' title="bbox 1015 272 1800 309; baseline -0.001 -9"><span class='ocrx_word' id='word_1_14' title='bbox 1015 274 1041 300; x_wconf 93' lang='lat' dir='ltr'><strong>in</strong></span> <span class='ocrx_word' id='word_1_15' title='bbox 1063 273 1190 309; x_wconf 80' lang='lat' dir='ltr'><strong>praesenti</strong></span> <span class='ocrx_word' id='word_1_16' title='bbox 1209 280 1379 305; x_wconf 79' lang='lat' dir='ltr'><strong>exercemus,</strong></span> <span class='ocrx_word' id='word_1_17' title='bbox 1398 280 1451 300; x_wconf 94' lang='lat' dir='ltr'><strong>non</strong></span> <span class='ocrx_word' id='word_1_18' title='bbox 1479 273 1560 300; x_wconf 86' lang='lat' dir='ltr'><strong>datur</strong></span> <span class='ocrx_word' id='word_1_19' title='bbox 1576 272 1654 300; x_wconf 89' lang='lat' dir='ltr'><strong>nobis</strong></span> <span class='ocrx_word' id='word_1_20' title='bbox 1676 273 1709 299; x_wconf 86' lang='lat' dir='ltr'><strong>ad</strong></span> <span class='ocrx_word' id='word_1_21' title='bbox 1733 280 1800 307; x_wconf 89' lang='lat' dir='ltr'><strong>pau-</strong></span> 
     </span>
    </p>
   </div>
   <div class='ocr_carea' id='block_1_6' title="bbox 167 315 959 352">
    <p class='ocr_par' dir='ltr' id='par_1_6' title="bbox 167 315 959 352">
     <span class='ocr_line' id='line_1_6' title="bbox 167 315 959 352; baseline 0.003 -10"><span class='ocrx_word' id='word_1_22' title='bbox 167 317 270 350; x_wconf 82' lang='grc' dir='ltr'><strong>ὀλίγαις</strong></span> <span class='ocrx_word' id='word_1_23' title='bbox 291 315 418 352; x_wconf 81' lang='grc' dir='ltr'><strong>ἡμέραις,</strong></span> <span class='ocrx_word' id='word_1_24' title='bbox 434 316 490 342; x_wconf 73' lang='grc' dir='ltr'>ἀλλ*</span> <span class='ocrx_word' id='word_1_25' title='bbox 502 318 542 348; x_wconf 85' lang='grc' dir='ltr'>εἰς</span> <span class='ocrx_word' id='word_1_26' title='bbox 555 317 599 344; x_wconf 80' lang='grc' dir='ltr'>τὸν</span> <span class='ocrx_word' id='word_1_27' title='bbox 614 316 708 343; x_wconf 78' lang='grc' dir='ltr'>αἰῶνα.</span> <span class='ocrx_word' id='word_1_28' title='bbox 719 317 763 343; x_wconf 86' lang='grc' dir='ltr'>Ἐν</span> <span class='ocrx_word' id='word_1_29' title='bbox 783 317 887 348; x_wconf 81' lang='grc' dir='ltr'><strong>τούτοις</strong></span> <span class='ocrx_word' id='word_1_30' title='bbox 905 318 959 344; x_wconf 77' lang='grc' dir='ltr'><strong>πᾶ-</strong></span> 
     </span>
    </p>
   </div>
   <div class='ocr_carea' id='block_1_7' title="bbox 168 361 959 397">
    <p class='ocr_par' dir='ltr' id='par_1_7' title="bbox 168 361 959 397">
     <span class='ocr_line' id='line_1_7' title="bbox 168 361 959 397; baseline 0.003 -9"><span class='ocrx_word' id='word_1_31' title='bbox 168 370 210 388; x_wconf 89' lang='grc' dir='ltr'><strong>σιν</strong></span> <span class='ocrx_word' id='word_1_32' title='bbox 226 363 319 389; x_wconf 79' lang='grc' dir='ltr'>αίτεῐὸ</span> <span class='ocrx_word' id='word_1_33' title='bbox 330 362 476 397; x_wconf 80' lang='grc' dir='ltr'><strong>Προφήτης</strong></span> <span class='ocrx_word' id='word_1_34' title='bbox 491 362 545 388; x_wconf 76' lang='grc' dir='ltr'><strong>ἀπὸ</strong></span> <span class='ocrx_word' id='word_1_35' title='bbox 557 361 604 389; x_wconf 89' lang='grc' dir='ltr'><strong>τοῦ</strong></span> <span class='ocrx_word' id='word_1_36' title='bbox 619 361 686 388; x_wconf 89' lang='grc' dir='ltr'><strong>Θεοῦ</strong></span> <span class='ocrx_word' id='word_1_37' title='bbox 702 362 820 392; x_wconf 82' lang='grc' dir='ltr'>σύνεσιν.</span> <span class='ocrx_word' id='word_1_38' title='bbox 834 364 864 389; x_wconf 80' lang='grc' dir='ltr'>τὸ</span> <span class='ocrx_word' id='word_1_39' title='bbox 876 363 959 397; x_wconf 82' lang='grc' dir='ltr'>ἀναγ-</span> 
     </span>
    </p>
   </div>
   <div class='ocr_carea' id='block_1_8' title="bbox 167 406 957 443">
    <p class='ocr_par' dir='ltr' id='par_1_8' title="bbox 167 406 957 443">
     <span class='ocr_line' id='line_1_8' title="bbox 167 406 957 443; baseline 0.001 -10"><span class='ocrx_word' id='word_1_40' title='bbox 167 407 309 434; x_wconf 83' lang='grc' dir='ltr'>καιότατον</span> <span class='ocrx_word' id='word_1_41' title='bbox 320 407 374 433; x_wconf 85' lang='grc' dir='ltr'>τῶν</span> <span class='ocrx_word' id='word_1_42' title='bbox 388 407 435 433; x_wconf 84' lang='grc' dir='ltr'><strong>τοῦ</strong></span> <span class='ocrx_word' id='word_1_43' title='bbox 447 406 514 433; x_wconf 85' lang='grc' dir='ltr'>Θεοῦ</span> <span class='ocrx_word' id='word_1_44' title='bbox 528 407 707 443; x_wconf 83' lang='grc' dir='ltr'>δωρημάτων,</span> <span class='ocrx_word' id='word_1_45' title='bbox 721 407 767 434; x_wconf 74' lang='grc' dir='ltr'><strong>καὶ</strong></span> <span class='ocrx_word' id='word_1_46' title='bbox 777 407 866 441; x_wconf 78' lang='grc' dir='ltr'>λέγει·</span> <span class='ocrx_word' id='word_1_47' title='bbox 882 409 957 434; x_wconf 87' lang='grc' dir='ltr'>Συν-</span> 
     </span>
    </p>
   </div>
   <div class='ocr_carea' id='block_1_9' title="bbox 165 451 958 488">
    <p class='ocr_par' dir='ltr' id='par_1_9' title="bbox 165 451 958 488">
     <span class='ocr_line' id='line_1_9' title="bbox 165 451 958 488; baseline 0.001 -10"><span class='ocrx_word' id='word_1_48' title='bbox 165 453 269 479; x_wconf 80' lang='grc' dir='ltr'>έτισόν</span> <span class='ocrx_word' id='word_1_49' title='bbox 277 461 326 487; x_wconf 79' lang='grc' dir='ltr'>με,</span> <span class='ocrx_word' id='word_1_50' title='bbox 339 453 389 478; x_wconf 78' lang='grc' dir='ltr'>ἵνα</span> <span class='ocrx_word' id='word_1_51' title='bbox 401 451 479 485; x_wconf 74' lang='grc' dir='ltr'>ζήσω</span> <span class='ocrx_word' id='word_1_52' title='bbox 488 461 495 468; x_wconf 86' lang='grc'><strong>·</strong></span> <span class='ocrx_word' id='word_1_53' title='bbox 512 454 554 479; x_wconf 75' lang='grc' dir='ltr'><strong>ἐπ’</strong></span> <span class='ocrx_word' id='word_1_54' title='bbox 569 452 676 488; x_wconf 76' lang='grc' dir='ltr'>ἐκείνην</span> <span class='ocrx_word' id='word_1_55' title='bbox 687 452 740 488; x_wconf 83' lang='grc' dir='ltr'><strong>γὰρ</strong></span> <span class='ocrx_word' id='word_1_56' title='bbox 754 452 803 487; x_wconf 87' lang='grc' dir='ltr'>τὴν</span> <span class='ocrx_word' id='word_1_57' title='bbox 820 453 958 488; x_wconf 77' lang='grc' dir='ltr'><strong>μακαρίαν</strong></span> 
     </span>
    </p>
   </div>
   <div class='ocr_carea' id='block_1_10' title="bbox 167 498 957 534">
    <p class='ocr_par' dir='ltr' id='par_1_10' title="bbox 167 498 957 534">
     <span class='ocr_line' id='line_1_10' title="bbox 167 498 957 534; baseline 0 -10"><span class='ocrx_word' id='word_1_58' title='bbox 167 498 239 533; x_wconf 83' lang='grc' dir='ltr'>ζωὴν</span> <span class='ocrx_word' id='word_1_59' title='bbox 254 498 367 534; x_wconf 79' lang='grc' dir='ltr'>ἀνόητος</span> <span class='ocrx_word' id='word_1_60' title='bbox 380 498 430 524; x_wconf 80' lang='grc' dir='ltr'>οὐκ</span> <span class='ocrx_word' id='word_1_61' title='bbox 446 498 554 534; x_wconf 76' lang='grc' dir='ltr'>ἔρχεται</span> <span class='ocrx_word' id='word_1_62' title='bbox 569 498 585 534; x_wconf 79' lang='grc' dir='ltr'><strong>ἦ</strong></span> <span class='ocrx_word' id='word_1_63' title='bbox 603 498 740 529; x_wconf 83' lang='grc' dir='ltr'>ἀσύνετος,</span> <span class='ocrx_word' id='word_1_64' title='bbox 754 498 822 525; x_wconf 82' lang='grc' dir='ltr'>ἀλλὰ</span> <span class='ocrx_word' id='word_1_65' title='bbox 833 498 872 524; x_wconf 81' lang='grc' dir='ltr'>δεῖ</span> <span class='ocrx_word' id='word_1_66' title='bbox 882 499 957 534; x_wconf 77' lang='grc' dir='ltr'>αἰτῆ-</span> 
     </span>
    </p>
   </div>
   <div class='ocr_carea' id='block_1_11' title="bbox 167 543 956 579">
    <p class='ocr_par' dir='ltr' id='par_1_11' title="bbox 167 543 956 579">
     <span class='ocr_line' id='line_1_11' title="bbox 167 543 956 579; baseline 0 -9"><span class='ocrx_word' id='word_1_67' title='bbox 167 553 213 571; x_wconf 88' lang='grc' dir='ltr'><strong>σαι</strong></span> <span class='ocrx_word' id='word_1_68' title='bbox 230 544 305 579; x_wconf 85' lang='grc' dir='ltr'>παρὰ</span> <span class='ocrx_word' id='word_1_69' title='bbox 319 543 366 571; x_wconf 85' lang='grc' dir='ltr'><strong>τοῦ</strong></span> <span class='ocrx_word' id='word_1_70' title='bbox 378 544 446 571; x_wconf 83' lang='grc' dir='ltr'><strong>Θεοῦ</strong></span> <span class='ocrx_word' id='word_1_71' title='bbox 460 543 576 576; x_wconf 80' lang='grc' dir='ltr'>σύνεσιν,</span> <span class='ocrx_word' id='word_1_72' title='bbox 587 544 635 570; x_wconf 83' lang='grc' dir='ltr'><strong>τοῦ</strong></span> <span class='ocrx_word' id='word_1_73' title='bbox 649 543 764 575; x_wconf 80' lang='grc' dir='ltr'><strong>διδόντος</strong></span> <span class='ocrx_word' id='word_1_74' title='bbox 780 544 847 570; x_wconf 78' lang='grc' dir='ltr'>πᾶσι</span> <span class='ocrx_word' id='word_1_75' title='bbox 858 546 914 576; x_wconf 82' lang='grc' dir='ltr'>τοῖς</span> <span class='ocrx_word' id='word_1_76' title='bbox 928 545 956 578; x_wconf 80' lang='grc' dir='ltr'><strong>ἐξ</strong></span> 
     </span>
    </p>
   </div>
   <div class='ocr_carea' id='block_1_12' title="bbox 166 589 957 625">
    <p class='ocr_par' dir='ltr' id='par_1_12' title="bbox 166 589 957 625">
     <span class='ocr_line' id='line_1_12' title="bbox 166 589 957 625; baseline 0 -9"><span class='ocrx_word' id='word_1_77' title='bbox 166 590 230 625; x_wconf 82' lang='grc' dir='ltr'>ὅλης</span> <span class='ocrx_word' id='word_1_78' title='bbox 241 589 330 625; x_wconf 77' lang='grc' dir='ltr'>ψυχῆς</span> <span class='ocrx_word' id='word_1_79' title='bbox 341 589 461 616; x_wconf 75' lang='grc' dir='ltr'><strong>αἰτοῦσιν</strong></span> <span class='ocrx_word' id='word_1_80' title='bbox 474 589 566 621; x_wconf 76' lang='grc' dir='ltr'>αὑτὸν,</span> <span class='ocrx_word' id='word_1_81' title='bbox 580 589 623 615; x_wconf 80' lang='grc' dir='ltr'>ἵνα</span> <span class='ocrx_word' id='word_1_82' title='bbox 638 589 766 621; x_wconf 78' lang='grc' dir='ltr'>λαϐόντες</span> <span class='ocrx_word' id='word_1_83' title='bbox 784 589 901 622; x_wconf 76' lang='grc' dir='ltr'>σύνεσιν,</span> <span class='ocrx_word' id='word_1_84' title='bbox 912 590 957 616; x_wconf 89' lang='grc' dir='ltr'><strong>δυ-</strong></span> 
     </span>
    </p>
   </div>
   <div class='ocr_carea' id='block_1_13' title="bbox 166 635 885 671">
    <p class='ocr_par' dir='ltr' id='par_1_13' title="bbox 166 635 885 671">
     <span class='ocr_line' id='line_1_13' title="bbox 166 635 885 671; baseline -0.001 -9"><span class='ocrx_word' id='word_1_85' title='bbox 166 636 293 671; x_wconf 84' lang='grc' dir='ltr'>νηθῶμεν</span> <span class='ocrx_word' id='word_1_86' title='bbox 312 636 413 662; x_wconf 74' lang='grc' dir='ltr'>εἰπεῖν·</span> <span class='ocrx_word' id='word_1_87' title='bbox 433 635 598 662; x_wconf 81' lang='grc' dir='ltr'>Συνέτισόν</span> <span class='ocrx_word' id='word_1_88' title='bbox 615 644 665 669; x_wconf 81' lang='grc' dir='ltr'>με,</span> <span class='ocrx_word' id='word_1_89' title='bbox 682 635 732 662; x_wconf 72' lang='grc' dir='ltr'><strong>καὶ</strong></span> <span class='ocrx_word' id='word_1_90' title='bbox 749 635 885 670; x_wconf 79' lang='grc' dir='ltr'>ζήσομαι.</span> 
     </span>
    </p>
   </div>
   <div class='ocr_carea' id='block_1_14' title="bbox 207 679 956 714">
    <p class='ocr_par' dir='ltr' id='par_1_14' title="bbox 207 679 956 714">
     <span class='ocr_line' id='line_1_14' title="bbox 207 679 956 714; baseline -0.001 -8"><span class='ocrx_word' id='word_1_91' title='bbox 207 679 368 713; x_wconf 79' lang='grc' dir='ltr'>Ἑκέχραξα</span> <span class='ocrx_word' id='word_1_92' title='bbox 384 679 418 706; x_wconf 81' lang='grc' dir='ltr'>ἐν</span> <span class='ocrx_word' id='word_1_93' title='bbox 428 679 484 713; x_wconf 75' lang='grc' dir='ltr'><strong>ὅλῃ</strong></span> <span class='ocrx_word' id='word_1_94' title='bbox 497 679 603 714; x_wconf 66' lang='grc' dir='ltr'>καρδίᾳ</span> <span class='ocrx_word' id='word_1_95' title='bbox 613 688 683 714; x_wconf 83' lang='grc' dir='ltr'>μου,</span> <span class='ocrx_word' id='word_1_96' title='bbox 697 679 873 706; x_wconf 70' lang='grc' dir='ltr'><strong>ἐπάκουσόν</strong></span> <span class='ocrx_word' id='word_1_97' title='bbox 884 687 956 713; x_wconf 83' lang='grc' dir='ltr'>μου,</span> 
     </span>
    </p>
   </div>
   <div class='ocr_carea' id='block_1_15' title="bbox 166 723 957 759">
    <p class='ocr_par' dir='ltr' id='par_1_15' title="bbox 166 723 957 759">
     <span class='ocr_line' id='line_1_15' title="bbox 166 723 957 759; baseline -0.001 -7"><span class='ocrx_word' id='word_1_98' title='bbox 166 725 264 758; x_wconf 76' lang='grc' dir='ltr'>Κύριε,</span> <span class='ocrx_word' id='word_1_99' title='bbox 283 725 320 751; x_wconf 85' lang='grc' dir='ltr'>τὰ</span> <span class='ocrx_word' id='word_1_100' title='bbox 340 723 520 759; x_wconf 79' lang='grc' dir='ltr'>δικαιώματά</span> <span class='ocrx_word' id='word_1_101' title='bbox 544 732 602 751; x_wconf 79' lang='grc' dir='ltr'><strong>σου</strong></span> <span class='ocrx_word' id='word_1_102' title='bbox 626 723 957 758; x_wconf 77' lang='grc' dir='ltr'>ἐκζητήσω.Έκέκραξά</span> 
     </span>
    </p>
   </div>
   <div class='ocr_carea' id='block_1_16' title="bbox 165 769 955 805">
    <p class='ocr_par' dir='ltr' id='par_1_16' title="bbox 165 769 955 805">
     <span class='ocr_line' id='line_1_16' title="bbox 165 769 955 805; baseline 0 -9"><span class='ocrx_word' id='word_1_103' title='bbox 165 778 226 802; x_wconf 85' lang='grc' dir='ltr'>σοι,</span> <span class='ocrx_word' id='word_1_104' title='bbox 249 769 353 797; x_wconf 86' lang='grc' dir='ltr'>σῶσόν</span> <span class='ocrx_word' id='word_1_105' title='bbox 370 778 417 804; x_wconf 85' lang='grc' dir='ltr'>με,</span> <span class='ocrx_word' id='word_1_106' title='bbox 439 770 489 797; x_wconf 82' lang='grc' dir='ltr'><strong>καί</strong></span> <span class='ocrx_word' id='word_1_107' title='bbox 514 769 640 805; x_wconf 73' lang='grc' dir='ltr'><strong>φυλάξω</strong></span> <span class='ocrx_word' id='word_1_108' title='bbox 665 770 702 797; x_wconf 89' lang='grc' dir='ltr'>τὰ</span> <span class='ocrx_word' id='word_1_109' title='bbox 720 769 867 805; x_wconf 82' lang='grc' dir='ltr'>μαρτύριά</span> <span class='ocrx_word' id='word_1_110' title='bbox 886 778 955 797; x_wconf 86' lang='grc' dir='ltr'>σου.</span> 
     </span>
    </p>
   </div>
   <div class='ocr_carea' id='block_1_17' title="bbox 165 815 957 850">
    <p class='ocr_par' dir='ltr' id='par_1_17' title="bbox 165 815 957 850">
     <span class='ocr_line' id='line_1_17' title="bbox 165 815 957 850; baseline -0.001 -7"><span class='ocrx_word' id='word_1_111' title='bbox 165 816 344 850; x_wconf 61' lang='grc' dir='ltr'>Προέφθασα</span> <span class='ocrx_word' id='word_1_112' title='bbox 355 817 448 850; x_wconf 63' lang='lat' dir='ltr'><strong>amplo</strong></span> <span class='ocrx_word' id='word_1_113' title='bbox 465 816 514 842; x_wconf 75' lang='grc' dir='ltr'>καὶ</span> <span class='ocrx_word' id='word_1_114' title='bbox 527 815 685 850; x_wconf 74' lang='grc' dir='ltr'><strong>ἐκέκραξα,</strong></span> <span class='ocrx_word' id='word_1_115' title='bbox 699 817 743 848; x_wconf 82' lang='grc' dir='ltr'>εις</span> <span class='ocrx_word' id='word_1_116' title='bbox 760 815 831 848; x_wconf 85' lang='grc' dir='ltr'>τοὺς</span> <span class='ocrx_word' id='word_1_117' title='bbox 846 815 957 850; x_wconf 75' lang='grc' dir='ltr'>λόγους</span> 
     </span>
    </p>
   </div>
   <div class='ocr_carea' id='block_1_18' title="bbox 164 853 958 897">
    <p class='ocr_par' dir='ltr' id='par_1_18' title="bbox 164 853 958 897">
     <span class='ocr_line' id='line_1_18' title="bbox 164 853 958 897; baseline 0 -9"><span class='ocrx_word' id='word_1_118' title='bbox 164 855 223 889; x_wconf 64' lang='grc' dir='ltr'><strong>σου</strong></span> <span class='ocrx_word' id='word_1_119' title='bbox 235 862 399 895; x_wconf 76' lang='grc' dir='ltr'><strong>ἐπήλπισα.</strong></span> <span class='ocrx_word' id='word_1_120' title='bbox 410 863 606 896; x_wconf 72' lang='grc' dir='ltr'>Προέφθασαν</span> <span class='ocrx_word' id='word_1_121' title='bbox 617 864 643 889; x_wconf 86' lang='lat' dir='ltr'><strong>ol</strong></span> <span class='ocrx_word' id='word_1_122' title='bbox 655 863 802 897; x_wconf 69' lang='grc' dir='ltr'><strong>ὀφθαλμοί</strong></span> <span class='ocrx_word' id='word_1_123' title='bbox 813 853 872 897; x_wconf 63' lang='grc' dir='ltr'>μοι)</span> <span class='ocrx_word' id='word_1_124' title='bbox 884 862 958 896; x_wconf 82' lang='grc' dir='ltr'>πρὸς</span> 
     </span>
    </p>
   </div>
   <div class='ocr_carea' id='block_1_19' title="bbox 1013 318 1799 353">
    <p class='ocr_par' dir='ltr' id='par_1_19' title="bbox 1013 318 1799 353">
     <span class='ocr_line' id='line_1_19' title="bbox 1013 318 1799 353; baseline -0.004 -6"><span class='ocrx_word' id='word_1_125' title='bbox 1013 327 1061 347; x_wconf 84' lang='lat' dir='ltr'><strong>cos</strong></span> <span class='ocrx_word' id='word_1_126' title='bbox 1077 320 1147 352; x_wconf 86' lang='lat' dir='ltr'><strong>dies,</strong></span> <span class='ocrx_word' id='word_1_127' title='bbox 1160 319 1207 347; x_wconf 89' lang='lat' dir='ltr'><strong>sed</strong></span> <span class='ocrx_word' id='word_1_128' title='bbox 1220 320 1246 345; x_wconf 91' lang='lat' dir='ltr'><strong>in</strong></span> <span class='ocrx_word' id='word_1_129' title='bbox 1260 323 1403 346; x_wconf 65' lang='lat' dir='ltr'><strong>wternum.</strong></span> <span class='ocrx_word' id='word_1_130' title='bbox 1416 318 1445 346; x_wconf 92' lang='lat' dir='ltr'><strong>ln</strong></span> <span class='ocrx_word' id='word_1_131' title='bbox 1458 319 1500 346; x_wconf 91' lang='lat' dir='ltr'><strong>his</strong></span> <span class='ocrx_word' id='word_1_132' title='bbox 1518 319 1646 346; x_wconf 89' lang='lat' dir='ltr'><strong>omnibus</strong></span> <span class='ocrx_word' id='word_1_133' title='bbox 1664 318 1799 353; x_wconf 75' lang='lat' dir='ltr'><strong>Propheta</strong></span> 
     </span>
    </p>
   </div>
   <div class='ocr_carea' id='block_1_20' title="bbox 1013 363 1799 401">
    <p class='ocr_par' dir='ltr' id='par_1_20' title="bbox 1013 363 1799 401">
     <span class='ocr_line' id='line_1_20' title="bbox 1013 363 1799 401; baseline 0 -10"><span class='ocrx_word' id='word_1_134' title='bbox 1013 365 1184 401; x_wconf 86' lang='lat' dir='ltr'><strong>prudentiam</strong></span> <span class='ocrx_word' id='word_1_135' title='bbox 1202 371 1217 391; x_wconf 64' lang='grc' dir='ltr'><strong>τι</strong></span> <span class='ocrx_word' id='word_1_136' title='bbox 1242 363 1296 391; x_wconf 84' lang='lat' dir='ltr'><strong>Deo</strong></span> <span class='ocrx_word' id='word_1_137' title='bbox 1313 365 1425 399; x_wconf 81' lang='lat' dir='ltr'><strong>expetit,</strong></span> <span class='ocrx_word' id='word_1_138' title='bbox 1451 365 1522 400; x_wconf 91' lang='lat' dir='ltr'><strong>quod</strong></span> <span class='ocrx_word' id='word_1_139' title='bbox 1543 368 1586 392; x_wconf 88' lang='lat' dir='ltr'><strong>est</strong></span> <span class='ocrx_word' id='word_1_140' title='bbox 1603 365 1724 392; x_wconf 89' lang='lat' dir='ltr'><strong>omnium</strong></span> <span class='ocrx_word' id='word_1_141' title='bbox 1752 364 1799 392; x_wconf 79' lang='lat' dir='ltr'><strong>Dei</strong></span> 
     </span>
    </p>
   </div>
   <div class='ocr_carea' id='block_1_21' title="bbox 1012 409 1799 444">
    <p class='ocr_par' dir='ltr' id='par_1_21' title="bbox 1012 409 1799 444">
     <span class='ocr_line' id='line_1_21' title="bbox 1012 409 1799 444; baseline 0.001 -8"><span class='ocrx_word' id='word_1_142' title='bbox 1012 410 1146 437; x_wconf 86' lang='lat' dir='ltr'><strong>donorum</strong></span> <span class='ocrx_word' id='word_1_143' title='bbox 1158 409 1278 437; x_wconf 79' lang='lat' dir='ltr'><strong>maxime</strong></span> <span class='ocrx_word' id='word_1_144' title='bbox 1303 410 1508 444; x_wconf 81' lang='lat' dir='ltr'><strong>necessarium;</strong></span> <span class='ocrx_word' id='word_1_145' title='bbox 1540 418 1572 437; x_wconf 84' lang='lat' dir='ltr'><strong>ac</strong></span> <span class='ocrx_word' id='word_1_146' title='bbox 1591 410 1657 437; x_wconf 92' lang='lat' dir='ltr'><strong>dicit</strong></span> <span class='ocrx_word' id='word_1_147' title='bbox 1672 409 1799 437; x_wconf 81' lang='lat' dir='ltr'><strong>:lntelle-</strong></span> 
     </span>
    </p>
   </div>
   <div class='ocr_carea' id='block_1_22' title="bbox 1010 454 1798 490">
    <p class='ocr_par' dir='ltr' id='par_1_22' title="bbox 1010 454 1798 490">
     <span class='ocr_line' id='line_1_22' title="bbox 1010 454 1798 490; baseline 0.001 -10"><span class='ocrx_word' id='word_1_148' title='bbox 1010 459 1082 481; x_wconf 85' lang='lat' dir='ltr'><strong>ctum</strong></span> <span class='ocrx_word' id='word_1_149' title='bbox 1099 454 1136 481; x_wconf 88' lang='lat' dir='ltr'><strong>da</strong></span> <span class='ocrx_word' id='word_1_150' title='bbox 1152 454 1227 486; x_wconf 83' lang='lat' dir='ltr'><strong>mihi,</strong></span> <span class='ocrx_word' id='word_1_151' title='bbox 1240 458 1268 480; x_wconf 92' lang='lat' dir='ltr'><strong>ut</strong></span> <span class='ocrx_word' id='word_1_152' title='bbox 1282 455 1376 481; x_wconf 75' lang='lat' dir='ltr'><strong>vivam.</strong></span> <span class='ocrx_word' id='word_1_153' title='bbox 1390 454 1420 481; x_wconf 92' lang='lat' dir='ltr'><strong>In</strong></span> <span class='ocrx_word' id='word_1_154' title='bbox 1434 454 1506 481; x_wconf 90' lang='lat' dir='ltr'><strong>illam</strong></span> <span class='ocrx_word' id='word_1_155' title='bbox 1522 455 1622 490; x_wconf 78' lang='lat' dir='ltr'><strong>quippe</strong></span> <span class='ocrx_word' id='word_1_156' title='bbox 1629 456 1735 483; x_wconf 86' lang='lat' dir='ltr'><strong>beatam</strong></span> <span class='ocrx_word' id='word_1_157' title='bbox 1755 455 1798 482; x_wconf 24' lang='lat' dir='ltr'><strong>vit-</strong></span> 
     </span>
    </p>
   </div>
   <div class='ocr_carea' id='block_1_23' title="bbox 1010 500 1798 535">
    <p class='ocr_par' dir='ltr' id='par_1_23' title="bbox 1010 500 1798 535">
     <span class='ocr_line' id='line_1_23' title="bbox 1010 500 1798 535; baseline 0 -8"><span class='ocrx_word' id='word_1_158' title='bbox 1010 504 1066 527; x_wconf 84' lang='lat' dir='ltr'><strong>tam</strong></span> <span class='ocrx_word' id='word_1_159' title='bbox 1084 507 1180 528; x_wconf 89' lang='lat' dir='ltr'><strong>amens</strong></span> <span class='ocrx_word' id='word_1_160' title='bbox 1193 503 1221 527; x_wconf 92' lang='lat' dir='ltr'><strong>et</strong></span> <span class='ocrx_word' id='word_1_161' title='bbox 1238 500 1374 535; x_wconf 84' lang='lat' dir='ltr'><strong>insipiens</strong></span> <span class='ocrx_word' id='word_1_162' title='bbox 1388 507 1442 527; x_wconf 92' lang='lat' dir='ltr'><strong>non</strong></span> <span class='ocrx_word' id='word_1_163' title='bbox 1461 500 1631 535; x_wconf 79' lang='lat' dir='ltr'><strong>ingreditur;</strong></span> <span class='ocrx_word' id='word_1_164' title='bbox 1653 501 1701 529; x_wconf 85' lang='lat' dir='ltr'><strong>sed</strong></span> <span class='ocrx_word' id='word_1_165' title='bbox 1716 500 1798 528; x_wconf 84' lang='lat' dir='ltr'><strong>intel-</strong></span> 
     </span>
    </p>
   </div>
   <div class='ocr_carea' id='block_1_24' title="bbox 1010 544 1798 581">
    <p class='ocr_par' dir='ltr' id='par_1_24' title="bbox 1010 544 1798 581">
     <span class='ocr_line' id='line_1_24' title="bbox 1010 544 1798 581; baseline -0.001 -8"><span class='ocrx_word' id='word_1_166' title='bbox 1010 546 1109 573; x_wconf 91' lang='lat' dir='ltr'><strong>lectum</strong></span> <span class='ocrx_word' id='word_1_167' title='bbox 1126 552 1141 572; x_wconf 87' lang='lat' dir='ltr'><strong>a</strong></span> <span class='ocrx_word' id='word_1_168' title='bbox 1167 544 1222 572; x_wconf 88' lang='lat' dir='ltr'><strong>Deo</strong></span> <span class='ocrx_word' id='word_1_169' title='bbox 1240 549 1365 580; x_wconf 91' lang='lat' dir='ltr'><strong>petamus</strong></span> <span class='ocrx_word' id='word_1_170' title='bbox 1390 550 1508 580; x_wconf 88' lang='lat' dir='ltr'><strong>oportet,</strong></span> <span class='ocrx_word' id='word_1_171' title='bbox 1534 546 1580 581; x_wconf 82' lang='lat' dir='ltr'><strong>qui</strong></span> <span class='ocrx_word' id='word_1_172' title='bbox 1605 546 1652 573; x_wconf 89' lang='lat' dir='ltr'><strong>dat</strong></span> <span class='ocrx_word' id='word_1_173' title='bbox 1670 547 1798 574; x_wconf 82' lang='lat' dir='ltr'><strong>omnibus</strong></span> 
     </span>
    </p>
   </div>
   <div class='ocr_carea' id='block_1_25' title="bbox 1011 590 1798 626">
    <p class='ocr_par' dir='ltr' id='par_1_25' title="bbox 1011 590 1798 626">
     <span class='ocr_line' id='line_1_25' title="bbox 1011 590 1798 626; baseline 0 -8"><span class='ocrx_word' id='word_1_174' title='bbox 1011 594 1070 618; x_wconf 91' lang='lat' dir='ltr'><strong>toto</strong></span> <span class='ocrx_word' id='word_1_175' title='bbox 1085 590 1168 618; x_wconf 76' lang='lat' dir='ltr'><strong>corde</strong></span> <span class='ocrx_word' id='word_1_176' title='bbox 1183 590 1216 617; x_wconf 89' lang='lat' dir='ltr'><strong>ab</strong></span> <span class='ocrx_word' id='word_1_177' title='bbox 1237 597 1267 618; x_wconf 89' lang='lat' dir='ltr'><strong>se</strong></span> <span class='ocrx_word' id='word_1_178' title='bbox 1285 590 1441 625; x_wconf 80' lang='lat' dir='ltr'><strong>petentibus</strong></span> <span class='ocrx_word' id='word_1_179' title='bbox 1457 598 1463 615; x_wconf 93' lang='lat'>:</span> <span class='ocrx_word' id='word_1_180' title='bbox 1479 594 1509 616; x_wconf 92' lang='lat' dir='ltr'><strong>ut</strong></span> <span class='ocrx_word' id='word_1_181' title='bbox 1525 595 1637 626; x_wconf 75' lang='lat' dir='ltr'><strong>accepto</strong></span> <span class='ocrx_word' id='word_1_182' title='bbox 1658 591 1798 619; x_wconf 87' lang='lat' dir='ltr'><strong>intellectu</strong></span> 
     </span>
    </p>
   </div>
   <div class='ocr_carea' id='block_1_26' title="bbox 1009 635 1743 668">
    <p class='ocr_par' dir='ltr' id='par_1_26' title="bbox 1009 635 1743 668">
     <span class='ocr_line' id='line_1_26' title="bbox 1009 635 1743 668; baseline 0 -5"><span class='ocrx_word' id='word_1_183' title='bbox 1009 637 1100 664; x_wconf 79' lang='lat' dir='ltr'><strong>dicere</strong></span> <span class='ocrx_word' id='word_1_184' title='bbox 1113 636 1252 663; x_wconf 89' lang='lat' dir='ltr'><strong>valeamus</strong></span> <span class='ocrx_word' id='word_1_185' title='bbox 1267 645 1272 662; x_wconf 93' lang='lat'>:</span> <span class='ocrx_word' id='word_1_186' title='bbox 1289 635 1456 662; x_wconf 85' lang='lat' dir='ltr'><strong>Intellectum</strong></span> <span class='ocrx_word' id='word_1_187' title='bbox 1469 635 1503 662; x_wconf 89' lang='lat' dir='ltr'><strong>da</strong></span> <span class='ocrx_word' id='word_1_188' title='bbox 1521 636 1595 668; x_wconf 84' lang='lat' dir='ltr'><strong>mihi,</strong></span> <span class='ocrx_word' id='word_1_189' title='bbox 1611 640 1635 663; x_wconf 84' lang='lat' dir='ltr'><strong>et</strong></span> <span class='ocrx_word' id='word_1_190' title='bbox 1649 637 1743 664; x_wconf 72' lang='lat' dir='ltr'><strong>uisam.</strong></span> 
     </span>
    </p>
   </div>
   <div class='ocr_carea' id='block_1_27' title="bbox 1045 679 1798 713">
    <p class='ocr_par' dir='ltr' id='par_1_27' title="bbox 1045 679 1798 713">
     <span class='ocr_line' id='line_1_27' title="bbox 1045 679 1798 713; baseline -0.001 -5"><span class='ocrx_word' id='word_1_191' title='bbox 1045 680 1130 708; x_wconf 80' lang='lat' dir='ltr'><strong>Vens.</strong></span> <span class='ocrx_word' id='word_1_192' title='bbox 1143 680 1272 707; x_wconf 64' lang='lat'><strong>145-148.</strong></span> <span class='ocrx_word' id='word_1_193' title='bbox 1291 679 1413 707; x_wconf 84' lang='lat' dir='ltr'><strong>Clamavi</strong></span> <span class='ocrx_word' id='word_1_194' title='bbox 1427 680 1453 706; x_wconf 83' lang='lat' dir='ltr'><strong>in</strong></span> <span class='ocrx_word' id='word_1_195' title='bbox 1464 684 1519 707; x_wconf 86' lang='lat' dir='ltr'><strong>toto</strong></span> <span class='ocrx_word' id='word_1_196' title='bbox 1528 680 1607 707; x_wconf 83' lang='lat' dir='ltr'><strong>corde</strong></span> <span class='ocrx_word' id='word_1_197' title='bbox 1619 688 1686 713; x_wconf 84' lang='lat' dir='ltr'><strong>meo,</strong></span> <span class='ocrx_word' id='word_1_198' title='bbox 1701 680 1798 707; x_wconf 75' lang='lat' dir='ltr'><strong>exaudi</strong></span> 
     </span>
    </p>
   </div>
   <div class='ocr_carea' id='block_1_28' title="bbox 1009 725 1798 761">
    <p class='ocr_par' dir='ltr' id='par_1_28' title="bbox 1009 725 1798 761">
     <span class='ocr_line' id='line_1_28' title="bbox 1009 725 1798 761; baseline -0.003 -7"><span class='ocrx_word' id='word_1_199' title='bbox 1009 735 1059 759; x_wconf 77' lang='lat' dir='ltr'><strong>nte,</strong></span> <span class='ocrx_word' id='word_1_200' title='bbox 1079 726 1198 758; x_wconf 83' lang='lat' dir='ltr'><strong>Domine,</strong></span> <span class='ocrx_word' id='word_1_201' title='bbox 1210 725 1420 761; x_wconf 83' lang='lat' dir='ltr'><strong>justiﬁcationes</strong></span> <span class='ocrx_word' id='word_1_202' title='bbox 1441 730 1500 752; x_wconf 87' lang='lat' dir='ltr'><strong>tuas</strong></span> <span class='ocrx_word' id='word_1_203' title='bbox 1517 727 1657 761; x_wconf 84' lang='lat' dir='ltr'><strong>requiram.</strong></span> <span class='ocrx_word' id='word_1_204' title='bbox 1678 725 1798 753; x_wconf 84' lang='lat' dir='ltr'><strong>Clamavi</strong></span> 
     </span>
    </p>
   </div>
   <div class='ocr_carea' id='block_1_29' title="bbox 1009 770 1797 805">
    <p class='ocr_par' dir='ltr' id='par_1_29' title="bbox 1009 770 1797 805">
     <span class='ocr_line' id='line_1_29' title="bbox 1009 770 1797 805; baseline -0.001 -7"><span class='ocrx_word' id='word_1_205' title='bbox 1009 771 1043 798; x_wconf 85' lang='lat' dir='ltr'><strong>ad</strong></span> <span class='ocrx_word' id='word_1_206' title='bbox 1060 775 1094 803; x_wconf 86' lang='lat' dir='ltr'><strong>te,</strong></span> <span class='ocrx_word' id='word_1_207' title='bbox 1115 771 1218 798; x_wconf 81' lang='lat' dir='ltr'><strong>salvum</strong></span> <span class='ocrx_word' id='word_1_208' title='bbox 1236 779 1277 797; x_wconf 87' lang='lat' dir='ltr'><strong>me</strong></span> <span class='ocrx_word' id='word_1_209' title='bbox 1295 770 1348 805; x_wconf 77' lang='lat' dir='ltr'><strong>fac,</strong></span> <span class='ocrx_word' id='word_1_210' title='bbox 1364 774 1388 797; x_wconf 91' lang='lat' dir='ltr'><strong>et</strong></span> <span class='ocrx_word' id='word_1_211' title='bbox 1404 771 1554 798; x_wconf 74' lang='lat' dir='ltr'><strong>custodiam</strong></span> <span class='ocrx_word' id='word_1_212' title='bbox 1576 770 1726 799; x_wconf 76' lang='lat' dir='ltr'><strong>testimonia</strong></span> <span class='ocrx_word' id='word_1_213' title='bbox 1741 775 1797 798; x_wconf 88' lang='lat' dir='ltr'><strong>tua.</strong></span> 
     </span>
    </p>
   </div>
   <div class='ocr_carea' id='block_1_30' title="bbox 1009 815 1797 849">
    <p class='ocr_par' dir='ltr' id='par_1_30' title="bbox 1009 815 1797 849">
     <span class='ocr_line' id='line_1_30' title="bbox 1009 815 1797 849; baseline -0.001 -6"><span class='ocrx_word' id='word_1_214' title='bbox 1009 815 1132 843; x_wconf 70' lang='lat' dir='ltr'><strong>Prwveni</strong></span> <span class='ocrx_word' id='word_1_215' title='bbox 1147 816 1173 841; x_wconf 89' lang='lat' dir='ltr'><strong>in</strong></span> <span class='ocrx_word' id='word_1_216' title='bbox 1189 815 1342 849; x_wconf 77' lang='lat' dir='ltr'><strong>crepusculo</strong></span> <span class='ocrx_word' id='word_1_217' title='bbox 1357 819 1382 842; x_wconf 86' lang='lat' dir='ltr'><strong>et</strong></span> <span class='ocrx_word' id='word_1_218' title='bbox 1403 815 1528 848; x_wconf 72' lang='lat' dir='ltr'><strong>clamavi,</strong></span> <span class='ocrx_word' id='word_1_219' title='bbox 1554 816 1581 842; x_wconf 89' lang='lat' dir='ltr'><strong>in</strong></span> <span class='ocrx_word' id='word_1_220' title='bbox 1597 816 1673 843; x_wconf 81' lang='lat' dir='ltr'><strong>verba</strong></span> <span class='ocrx_word' id='word_1_221' title='bbox 1691 821 1740 847; x_wconf 69' lang='lat' dir='ltr'><strong>tua</strong></span> <span class='ocrx_word' id='word_1_222' title='bbox 1751 824 1797 843; x_wconf 73' lang='lat' dir='ltr'><strong>su-</strong></span> 
     </span>
    </p>
   </div>
   <div class='ocr_carea' id='block_1_31' title="bbox 1010 860 1799 896">
    <p class='ocr_par' dir='ltr' id='par_1_31' title="bbox 1010 860 1799 896">
     <span class='ocr_line' id='line_1_31' title="bbox 1010 860 1799 896; baseline 0 -8"><span class='ocrx_word' id='word_1_223' title='bbox 1010 862 1169 896; x_wconf 82' lang='lat' dir='ltr'><strong>persperovi.</strong></span> <span class='ocrx_word' id='word_1_224' title='bbox 1185 860 1371 888; x_wconf 70' lang='lat' dir='ltr'><strong>Pro-venerunt</strong></span> <span class='ocrx_word' id='word_1_225' title='bbox 1387 861 1458 889; x_wconf 85' lang='lat' dir='ltr'><strong>oculi</strong></span> <span class='ocrx_word' id='word_1_226' title='bbox 1470 861 1521 888; x_wconf 84' lang='lat' dir='ltr'><strong>mei</strong></span> <span class='ocrx_word' id='word_1_227' title='bbox 1533 861 1650 888; x_wconf 81' lang='lat' dir='ltr'><strong>diluculo</strong></span> <span class='ocrx_word' id='word_1_228' title='bbox 1670 862 1705 888; x_wconf 89' lang='lat' dir='ltr'><strong>ad</strong></span> <span class='ocrx_word' id='word_1_229' title='bbox 1715 862 1799 889; x_wconf 77' lang='lat' dir='ltr'><strong>medi-</strong></span> 
     </span>
    </p>
   </div>
   <div class='ocr_carea' id='block_1_32' title="bbox 165 906 955 944">
    <p class='ocr_par' dir='ltr' id='par_1_32' title="bbox 165 907 955 944">
     <span class='ocr_line' id='line_1_32' title="bbox 165 907 955 944; baseline -0.001 -10"><span class='ocrx_word' id='word_1_230' title='bbox 165 908 282 942; x_wconf 80' lang='grc' dir='ltr'><strong>ὄρθρον,</strong></span> <span class='ocrx_word' id='word_1_231' title='bbox 294 909 348 936; x_wconf 83' lang='grc' dir='ltr'><strong>τοῦ</strong></span> <span class='ocrx_word' id='word_1_232' title='bbox 357 907 489 943; x_wconf 78' lang='grc' dir='ltr'>μελετᾶν</span> <span class='ocrx_word' id='word_1_233' title='bbox 500 908 536 934; x_wconf 85' lang='grc' dir='ltr'>τὰ</span> <span class='ocrx_word' id='word_1_234' title='bbox 548 908 635 943; x_wconf 78' lang='grc' dir='ltr'><strong>λόγιά</strong></span> <span class='ocrx_word' id='word_1_235' title='bbox 642 917 711 936; x_wconf 91' lang='grc' dir='ltr'>σου.</span> <span class='ocrx_word' id='word_1_236' title='bbox 719 908 749 934; x_wconf 79' lang='grc'><strong>’0</strong></span> <span class='ocrx_word' id='word_1_237' title='bbox 758 909 786 934; x_wconf 82' lang='grc' dir='ltr'>ὲν</span> <span class='ocrx_word' id='word_1_238' title='bbox 794 907 882 944; x_wconf 85' lang='grc' dir='ltr'>ἀωρίᾳ</span> <span class='ocrx_word' id='word_1_239' title='bbox 891 915 955 943; x_wconf 82' lang='grc' dir='ltr'>προ-</span> 
     </span>
    </p>
   </div>
   <div class='ocr_carea' id='block_1_33' title="bbox 1007 906 1798 944">
    <p class='ocr_par' dir='ltr' id='par_1_33' title="bbox 1015 906 1798 941">
     <span class='ocr_line' id='line_1_33' title="bbox 1015 906 1798 941; baseline 0.001 -8"><span class='ocrx_word' id='word_1_240' title='bbox 1015 908 1124 934; x_wconf 85' lang='lat' dir='ltr'><strong>tandum</strong></span> <span class='ocrx_word' id='word_1_241' title='bbox 1138 906 1243 941; x_wconf 89' lang='lat' dir='ltr'><strong>eloquia</strong></span> <span class='ocrx_word' id='word_1_242' title='bbox 1256 911 1312 934; x_wconf 89' lang='lat' dir='ltr'><strong>tua.</strong></span> <span class='ocrx_word' id='word_1_243' title='bbox 1336 906 1389 940; x_wconf 86' lang='lat' dir='ltr'><strong>Qui</strong></span> <span class='ocrx_word' id='word_1_244' title='bbox 1405 906 1432 933; x_wconf 93' lang='lat' dir='ltr'><strong>in</strong></span> <span class='ocrx_word' id='word_1_245' title='bbox 1448 906 1612 941; x_wconf 87' lang='lat' dir='ltr'><strong>crepusculo</strong></span> <span class='ocrx_word' id='word_1_246' title='bbox 1625 907 1754 941; x_wconf 72' lang='lat' dir='ltr'><strong>praevenit</strong></span> <span class='ocrx_word' id='word_1_247' title='bbox 1771 911 1798 934; x_wconf 86' lang='lat' dir='ltr'><strong>et</strong></span> 
     </span>
    </p>
   </div>
   <div class='ocr_carea' id='block_1_34' title="bbox 164 941 955 989">
    <p class='ocr_par' dir='ltr' id='par_1_34' title="bbox 164 941 955 989">
     <span class='ocr_line' id='line_1_34' title="bbox 164 941 955 989; baseline 0 -9"><span class='ocrx_word' id='word_1_248' title='bbox 164 941 255 980; x_wconf 68' lang='grc' dir='ltr'>λαϐὼν</span> <span class='ocrx_word' id='word_1_249' title='bbox 271 955 318 980; x_wconf 83' lang='grc' dir='ltr'>καὶ</span> <span class='ocrx_word' id='word_1_250' title='bbox 336 941 381 981; x_wconf 65' lang='grc' dir='ltr'><strong>τον</strong></span> <span class='ocrx_word' id='word_1_251' title='bbox 395 954 461 981; x_wconf 79' lang='grc' dir='ltr'>Θεὸν</span> <span class='ocrx_word' id='word_1_252' title='bbox 475 941 604 980; x_wconf 68' lang='grc' dir='ltr'>ἐπικαλοῦ</span> <span class='ocrx_word' id='word_1_253' title='bbox 610 962 690 989; x_wconf 89' lang='grc' dir='ltr'>μενος</span> <span class='ocrx_word' id='word_1_254' title='bbox 702 941 890 989; x_wconf 75' lang='grc' dir='ltr'>ἐλευθεροῦται</span> <span class='ocrx_word' id='word_1_255' title='bbox 902 941 955 981; x_wconf 73' lang='grc' dir='ltr'><strong>τῶν</strong></span> 
     </span>
    </p>
   </div>
   <div class='ocr_carea' id='block_1_35' title="bbox 1007 941 1798 989">
    <p class='ocr_par' dir='ltr' id='par_1_35' title="bbox 1011 951 1798 984">
     <span class='ocr_line' id='line_1_35' title="bbox 1011 951 1798 984; baseline -0.001 -5"><span class='ocrx_word' id='word_1_256' title='bbox 1011 951 1095 979; x_wconf 88' lang='lat' dir='ltr'><strong>Deum</strong></span> <span class='ocrx_word' id='word_1_257' title='bbox 1121 952 1241 984; x_wconf 83' lang='lat' dir='ltr'><strong>invocat,</strong></span> <span class='ocrx_word' id='word_1_258' title='bbox 1269 958 1284 978; x_wconf 91' lang='lat' dir='ltr'><strong>a</strong></span> <span class='ocrx_word' id='word_1_259' title='bbox 1307 951 1450 979; x_wconf 84' lang='lat' dir='ltr'><strong>nocturnis</strong></span> <span class='ocrx_word' id='word_1_260' title='bbox 1476 951 1585 979; x_wconf 87' lang='lat' dir='ltr'><strong>insidiis</strong></span> <span class='ocrx_word' id='word_1_261' title='bbox 1603 951 1746 983; x_wconf 84' lang='lat' dir='ltr'><strong>liberatur,</strong></span> <span class='ocrx_word' id='word_1_262' title='bbox 1771 955 1798 979; x_wconf 92' lang='lat' dir='ltr'><strong>et</strong></span> 
     </span>
    </p>
   </div>
   <div class='ocr_carea' id='block_1_36' title="bbox 165 996 957 1036">
    <p class='ocr_par' dir='ltr' id='par_1_36' title="bbox 165 996 957 1036">
     <span class='ocr_line' id='line_1_36' title="bbox 165 996 957 1036; baseline -0.001 -10"><span class='ocrx_word' id='word_1_263' title='bbox 165 1000 328 1035; x_wconf 81' lang='grc' dir='ltr'><strong>νυκτερινῶν</strong></span> <span class='ocrx_word' id='word_1_264' title='bbox 343 1000 504 1032; x_wconf 72' lang='grc' dir='ltr'>ἐπιϐουλῶν,</span> <span class='ocrx_word' id='word_1_265' title='bbox 521 1001 567 1026; x_wconf 77' lang='grc' dir='ltr'>καὶ</span> <span class='ocrx_word' id='word_1_266' title='bbox 581 1001 610 1026; x_wconf 79' lang='grc' dir='ltr'>ὲν</span> <span class='ocrx_word' id='word_1_267' title='bbox 620 996 659 1035; x_wconf 85' lang='grc' dir='ltr'>τῷ</span> <span class='ocrx_word' id='word_1_268' title='bbox 674 999 766 1036; x_wconf 75' lang='grc' dir='ltr'><strong>ὄρθρῳ</strong></span> <span class='ocrx_word' id='word_1_269' title='bbox 776 999 869 1031; x_wconf 81' lang='grc' dir='ltr'>αὑτοῦ,</span> <span class='ocrx_word' id='word_1_270' title='bbox 881 1007 957 1026; x_wconf 85' lang='grc' dir='ltr'>τουτ-</span> 
     </span>
    </p>
   </div>
   <div class='ocr_carea' id='block_1_37' title="bbox 165 1043 958 1080">
    <p class='ocr_par' dir='ltr' id='par_1_37' title="bbox 165 1043 958 1080">
     <span class='ocr_line' id='line_1_37' title="bbox 165 1043 958 1080; baseline -0.001 -10"><span class='ocrx_word' id='word_1_271' title='bbox 165 1045 238 1071; x_wconf 78' lang='grc' dir='ltr'>έστιν</span> <span class='ocrx_word' id='word_1_272' title='bbox 251 1045 280 1070; x_wconf 85' lang='grc' dir='ltr'>ὲν</span> <span class='ocrx_word' id='word_1_273' title='bbox 296 1046 329 1080; x_wconf 80' lang='grc' dir='ltr'>τῇ</span> <span class='ocrx_word' id='word_1_274' title='bbox 348 1044 464 1080; x_wconf 77' lang='grc' dir='ltr'>ἀνατολῇ</span> <span class='ocrx_word' id='word_1_275' title='bbox 484 1044 531 1071; x_wconf 85' lang='grc' dir='ltr'><strong>τοῦ</strong></span> <span class='ocrx_word' id='word_1_276' title='bbox 551 1044 638 1078; x_wconf 69' lang='grc' dir='ltr'>φωτὸς</span> <span class='ocrx_word' id='word_1_277' title='bbox 659 1043 857 1079; x_wconf 79' lang='grc' dir='ltr'>προφθάνοντος</span> <span class='ocrx_word' id='word_1_278' title='bbox 876 1043 958 1078; x_wconf 84' lang='grc' dir='ltr'>δηλα-</span> 
     </span>
    </p>
   </div>
   <div class='ocr_carea' id='block_1_38' title="bbox 164 1087 957 1125">
    <p class='ocr_par' dir='ltr' id='par_1_38' title="bbox 164 1087 957 1125">
     <span class='ocr_line' id='line_1_38' title="bbox 164 1087 957 1125; baseline -0.004 -9"><span class='ocrx_word' id='word_1_279' title='bbox 164 1090 207 1125; x_wconf 78' lang='grc' dir='ltr'><strong>δὴ.</strong></span> <span class='ocrx_word' id='word_1_280' title='bbox 221 1090 285 1121; x_wconf 80' lang='grc' dir='ltr'>τοὺς</span> <span class='ocrx_word' id='word_1_281' title='bbox 308 1089 465 1124; x_wconf 76' lang='grc' dir='ltr'>ὀφθαλμοὺς</span> <span class='ocrx_word' id='word_1_282' title='bbox 489 1088 720 1124; x_wconf 84' lang='grc' dir='ltr'>προαπαντῶντας</span> <span class='ocrx_word' id='word_1_283' title='bbox 741 1088 883 1123; x_wconf 82' lang='grc' dir='ltr'>κέκτηται,</span> <span class='ocrx_word' id='word_1_284' title='bbox 909 1087 957 1114; x_wconf 74' lang='grc' dir='ltr'>καὶ</span> 
     </span>
    </p>
   </div>
   <div class='ocr_carea' id='block_1_39' title="bbox 166 1132 958 1172">
    <p class='ocr_par' dir='ltr' id='par_1_39' title="bbox 166 1132 958 1172">
     <span class='ocr_line' id='line_1_39' title="bbox 166 1132 958 1172; baseline -0.004 -10"><span class='ocrx_word' id='word_1_285' title='bbox 166 1136 266 1172; x_wconf 78' lang='grc' dir='ltr'>μελετᾷ</span> <span class='ocrx_word' id='word_1_286' title='bbox 279 1135 327 1162; x_wconf 86' lang='grc' dir='ltr'><strong>τοῦ</strong></span> <span class='ocrx_word' id='word_1_287' title='bbox 342 1135 410 1161; x_wconf 84' lang='grc' dir='ltr'>Θεοῦ</span> <span class='ocrx_word' id='word_1_288' title='bbox 426 1135 474 1161; x_wconf 83' lang='grc' dir='ltr'>σὺν</span> <span class='ocrx_word' id='word_1_289' title='bbox 490 1135 630 1171; x_wconf 76' lang='grc' dir='ltr'>παρρησίᾳ</span> <span class='ocrx_word' id='word_1_290' title='bbox 642 1133 677 1160; x_wconf 83' lang='grc' dir='ltr'><strong>τὰ</strong></span> <span class='ocrx_word' id='word_1_291' title='bbox 686 1134 772 1168; x_wconf 85' lang='grc' dir='ltr'>λόγια.</span> <span class='ocrx_word' id='word_1_292' title='bbox 782 1133 889 1168; x_wconf 81' lang='grc' dir='ltr'>Ἐκείνη</span> <span class='ocrx_word' id='word_1_293' title='bbox 904 1132 958 1169; x_wconf 88' lang='grc' dir='ltr'>γὰρ</span> 
     </span>
    </p>
   </div>
   <div class='ocr_carea' id='block_1_40' title="bbox 1009 996 1798 1031">
    <p class='ocr_par' dir='ltr' id='par_1_40' title="bbox 1009 996 1798 1031">
     <span class='ocr_line' id='line_1_40' title="bbox 1009 996 1798 1031; baseline -0.003 -7"><span class='ocrx_word' id='word_1_294' title='bbox 1009 997 1140 1029; x_wconf 88' lang='lat' dir='ltr'><strong>diluculo,</strong></span> <span class='ocrx_word' id='word_1_295' title='bbox 1163 997 1189 1023; x_wconf 93' lang='lat' dir='ltr'><strong>id</strong></span> <span class='ocrx_word' id='word_1_296' title='bbox 1203 1001 1245 1024; x_wconf 85' lang='lat' dir='ltr'><strong>est</strong></span> <span class='ocrx_word' id='word_1_297' title='bbox 1260 1000 1322 1023; x_wconf 87' lang='lat' dir='ltr'><strong>ortu</strong></span> <span class='ocrx_word' id='word_1_298' title='bbox 1336 996 1418 1028; x_wconf 86' lang='lat' dir='ltr'><strong>lucis,</strong></span> <span class='ocrx_word' id='word_1_299' title='bbox 1448 996 1505 1031; x_wconf 88' lang='lat' dir='ltr'><strong>jam</strong></span> <span class='ocrx_word' id='word_1_300' title='bbox 1523 996 1681 1028; x_wconf 85' lang='lat' dir='ltr'><strong>accedente,</strong></span> <span class='ocrx_word' id='word_1_301' title='bbox 1702 996 1798 1023; x_wconf 84' lang='lat' dir='ltr'><strong>oculos</strong></span> 
     </span>
    </p>
   </div>
   <div class='ocr_carea' id='block_1_41' title="bbox 1010 1039 1798 1075">
    <p class='ocr_par' dir='ltr' id='par_1_41' title="bbox 1010 1039 1798 1075">
     <span class='ocr_line' id='line_1_41' title="bbox 1010 1039 1798 1075; baseline -0.003 -6"><span class='ocrx_word' id='word_1_302' title='bbox 1010 1042 1034 1069; x_wconf 91' lang='lat' dir='ltr'><strong>ei</strong></span> <span class='ocrx_word' id='word_1_303' title='bbox 1050 1044 1229 1069; x_wconf 84' lang='lat' dir='ltr'><strong>occurrentes</strong></span> <span class='ocrx_word' id='word_1_304' title='bbox 1248 1041 1341 1074; x_wconf 85' lang='lat' dir='ltr'><strong>habet,</strong></span> <span class='ocrx_word' id='word_1_305' title='bbox 1365 1048 1398 1068; x_wconf 89' lang='lat' dir='ltr'><strong>ac</strong></span> <span class='ocrx_word' id='word_1_306' title='bbox 1415 1048 1477 1068; x_wconf 91' lang='lat' dir='ltr'><strong>cum</strong></span> <span class='ocrx_word' id='word_1_307' title='bbox 1502 1040 1601 1068; x_wconf 83' lang='lat' dir='ltr'><strong>ﬁducia</strong></span> <span class='ocrx_word' id='word_1_308' title='bbox 1624 1039 1672 1067; x_wconf 86' lang='lat' dir='ltr'><strong>Dei</strong></span> <span class='ocrx_word' id='word_1_309' title='bbox 1690 1040 1798 1075; x_wconf 81' lang='lat' dir='ltr'><strong>eloquia</strong></span> 
     </span>
    </p>
   </div>
   <div class='ocr_carea' id='block_1_42' title="bbox 1011 1084 1798 1120">
    <p class='ocr_par' dir='ltr' id='par_1_42' title="bbox 1011 1084 1798 1120">
     <span class='ocr_line' id='line_1_42' title="bbox 1011 1084 1798 1120; baseline -0.004 -7"><span class='ocrx_word' id='word_1_310' title='bbox 1011 1086 1169 1113; x_wconf 85' lang='lat' dir='ltr'><strong>meditatur.</strong></span> <span class='ocrx_word' id='word_1_311' title='bbox 1187 1084 1236 1113; x_wconf 89' lang='lat' dir='ltr'><strong>llla</strong></span> <span class='ocrx_word' id='word_1_312' title='bbox 1252 1093 1371 1120; x_wconf 84' lang='lat' dir='ltr'><strong>namque</strong></span> <span class='ocrx_word' id='word_1_313' title='bbox 1389 1085 1481 1112; x_wconf 88' lang='lat' dir='ltr'><strong>anima</strong></span> <span class='ocrx_word' id='word_1_314' title='bbox 1497 1085 1670 1120; x_wconf 84' lang='lat' dir='ltr'><strong>potissimum</strong></span> <span class='ocrx_word' id='word_1_315' title='bbox 1691 1085 1718 1112; x_wconf 91' lang='lat' dir='ltr'><strong>in</strong></span> <span class='ocrx_word' id='word_1_316' title='bbox 1739 1084 1798 1119; x_wconf 70' lang='lat' dir='ltr'><strong>lege</strong></span> 
     </span>
    </p>
   </div>
   <div class='ocr_carea' id='block_1_43' title="bbox 1013 1130 1742 1167">
    <p class='ocr_par' dir='ltr' id='par_1_43' title="bbox 1013 1130 1742 1167">
     <span class='ocr_line' id='line_1_43' title="bbox 1013 1130 1742 1167; baseline -0.001 -8"><span class='ocrx_word' id='word_1_317' title='bbox 1013 1130 1123 1167; x_wconf 77' lang='lat' dir='ltr'><strong>gaudet,</strong></span> <span class='ocrx_word' id='word_1_318' title='bbox 1139 1139 1201 1167; x_wconf 86' lang='lat' dir='ltr'><strong>quae</strong></span> <span class='ocrx_word' id='word_1_319' title='bbox 1217 1131 1270 1159; x_wconf 85' lang='lat' dir='ltr'><strong>sibi</strong></span> <span class='ocrx_word' id='word_1_320' title='bbox 1287 1131 1472 1159; x_wconf 78' lang='lat' dir='ltr'><strong>exsecutionis</strong></span> <span class='ocrx_word' id='word_1_321' title='bbox 1488 1131 1548 1166; x_wconf 90' lang='lat' dir='ltr'><strong>ejus</strong></span> <span class='ocrx_word' id='word_1_322' title='bbox 1564 1131 1676 1159; x_wconf 88' lang='lat' dir='ltr'><strong>conscia</strong></span> <span class='ocrx_word' id='word_1_323' title='bbox 1690 1134 1742 1159; x_wconf 87' lang='lat' dir='ltr'><strong>est.</strong></span> 
     </span>
    </p>
   </div>
   <div class='ocr_carea' id='block_1_44' title="bbox 166 1176 1320 1217">
    <p class='ocr_par' dir='ltr' id='par_1_44' title="bbox 166 1176 1320 1217">
     <span class='ocr_line' id='line_1_44' title="bbox 166 1176 1320 1217; baseline -0.005 -9"><span class='ocrx_word' id='word_1_324' title='bbox 166 1182 283 1216; x_wconf 79' lang='grc' dir='ltr'>μάλιστα</span> <span class='ocrx_word' id='word_1_325' title='bbox 303 1181 343 1217; x_wconf 85' lang='grc' dir='ltr'><strong>τῷ</strong></span> <span class='ocrx_word' id='word_1_326' title='bbox 359 1182 433 1217; x_wconf 83' lang='grc' dir='ltr'>νόμῳ</span> <span class='ocrx_word' id='word_1_327' title='bbox 453 1181 542 1216; x_wconf 77' lang='grc' dir='ltr'>χαίρει</span> <span class='ocrx_word' id='word_1_328' title='bbox 561 1179 645 1215; x_wconf 80' lang='grc' dir='ltr'>ψυχὴ,</span> <span class='ocrx_word' id='word_1_329' title='bbox 659 1179 721 1214; x_wconf 81' lang='grc' dir='ltr'>ἥτις</span> <span class='ocrx_word' id='word_1_330' title='bbox 745 1179 814 1214; x_wconf 79' lang='grc' dir='ltr'>αὑτὴ</span> <span class='ocrx_word' id='word_1_331' title='bbox 838 1179 957 1206; x_wconf 82' lang='grc' dir='ltr'>σύνοιδεν</span> <span class='ocrx_word' id='word_1_332' title='bbox 972 1177 1056 1212; x_wconf 73' lang='grc' dir='ltr'>ἑαυτῇ</span> <span class='ocrx_word' id='word_1_333' title='bbox 1072 1176 1120 1212; x_wconf 81' lang='grc' dir='ltr'>τὴν</span> <span class='ocrx_word' id='word_1_334' title='bbox 1139 1176 1320 1212; x_wconf 80' lang='grc' dir='ltr'>κατόρθωσιν.</span> 
     </span>
    </p>
   </div>
   <div class='ocr_carea' id='block_1_45' title="bbox 202 1235 957 1270">
    <p class='ocr_par' dir='ltr' id='par_1_45' title="bbox 202 1235 957 1270">
     <span class='ocr_line' id='line_1_45' title="bbox 202 1235 957 1270; baseline -0.001 -8"><span class='ocrx_word' id='word_1_335' title='bbox 202 1236 258 1269; x_wconf 81' lang='grc' dir='ltr'><strong>Τῆς</strong></span> <span class='ocrx_word' id='word_1_336' title='bbox 277 1235 380 1270; x_wconf 80' lang='grc' dir='ltr'><em>φωνῆς</em></span> <span class='ocrx_word' id='word_1_337' title='bbox 387 1244 446 1270; x_wconf 84' lang='grc' dir='ltr'><strong>μου</strong></span> <span class='ocrx_word' id='word_1_338' title='bbox 458 1235 603 1265; x_wconf 74' lang='grc' dir='ltr'>ἄκουσον,</span> <span class='ocrx_word' id='word_1_339' title='bbox 614 1235 712 1269; x_wconf 81' lang='grc' dir='ltr'>Κύριε,</span> <span class='ocrx_word' id='word_1_340' title='bbox 730 1235 805 1262; x_wconf 77' lang='grc' dir='ltr'>κατὰ</span> <span class='ocrx_word' id='word_1_341' title='bbox 819 1235 854 1262; x_wconf 85' lang='grc' dir='ltr'>τὸ</span> <span class='ocrx_word' id='word_1_342' title='bbox 869 1235 957 1267; x_wconf 71' lang='grc' dir='ltr'>ἔλεός</span> 
     </span>
    </p>
   </div>
   <div class='ocr_carea' id='block_1_46' title="bbox 163 1280 957 1316">
    <p class='ocr_par' dir='ltr' id='par_1_46' title="bbox 163 1280 957 1316">
     <span class='ocr_line' id='line_1_46' title="bbox 163 1280 957 1316; baseline -0.003 -7"><span class='ocrx_word' id='word_1_343' title='bbox 163 1290 232 1315; x_wconf 86' lang='grc' dir='ltr'>σου,</span> <span class='ocrx_word' id='word_1_344' title='bbox 245 1282 320 1309; x_wconf 80' lang='grc' dir='ltr'>κατὰ</span> <span class='ocrx_word' id='word_1_345' title='bbox 335 1281 368 1308; x_wconf 82' lang='grc' dir='ltr'>τὸ</span> <span class='ocrx_word' id='word_1_346' title='bbox 379 1281 467 1316; x_wconf 81' lang='grc' dir='ltr'>κρῖμά</span> <span class='ocrx_word' id='word_1_347' title='bbox 476 1289 534 1308; x_wconf 88' lang='grc' dir='ltr'>σου</span> <span class='ocrx_word' id='word_1_348' title='bbox 546 1280 637 1314; x_wconf 56' lang='lat' dir='ltr'><strong>(1700&#39;s-</strong></span> <span class='ocrx_word' id='word_1_349' title='bbox 644 1289 692 1315; x_wconf 82' lang='grc' dir='ltr'><strong>με.</strong></span> <span class='ocrx_word' id='word_1_350' title='bbox 706 1281 918 1316; x_wconf 74' lang='grc' dir='ltr'>Προσήτγισαν</span> <span class='ocrx_word' id='word_1_351' title='bbox 928 1281 957 1307; x_wconf 81' lang='grc' dir='ltr'>οι</span> 
     </span>
    </p>
   </div>
   <div class='ocr_carea' id='block_1_47' title="bbox 164 1326 956 1361">
    <p class='ocr_par' dir='ltr' id='par_1_47' title="bbox 164 1326 956 1361">
     <span class='ocr_line' id='line_1_47' title="bbox 164 1326 956 1361; baseline 0 -8"><span class='ocrx_word' id='word_1_352' title='bbox 164 1326 397 1361; x_wconf 79' lang='grc' dir='ltr'>καταδιώκοντές</span> <span class='ocrx_word' id='word_1_353' title='bbox 408 1335 446 1361; x_wconf 79' lang='grc' dir='ltr'>με</span> <span class='ocrx_word' id='word_1_354' title='bbox 465 1327 588 1361; x_wconf 73' lang='grc' dir='ltr'>ἁνομίᾳ-</span> <span class='ocrx_word' id='word_1_355' title='bbox 605 1326 665 1354; x_wconf 79' lang='grc' dir='ltr'><em>ἀπὸ</em></span> <span class='ocrx_word' id='word_1_356' title='bbox 677 1326 711 1354; x_wconf 77' lang='grc' dir='ltr'><em>δὲ</em></span> <span class='ocrx_word' id='word_1_357' title='bbox 727 1327 781 1354; x_wconf 83' lang='grc' dir='ltr'><strong>τοῦ</strong></span> <span class='ocrx_word' id='word_1_358' title='bbox 791 1327 885 1360; x_wconf 81' lang='grc' dir='ltr'>νόμου</span> <span class='ocrx_word' id='word_1_359' title='bbox 898 1333 956 1353; x_wconf 87' lang='grc' dir='ltr'>σου</span> 
     </span>
    </p>
   </div>
   <div class='ocr_carea' id='block_1_48' title="bbox 163 1370 956 1407">
    <p class='ocr_par' dir='ltr' id='par_1_48' title="bbox 163 1370 956 1407">
     <span class='ocr_line' id='line_1_48' title="bbox 163 1370 956 1407; baseline -0.001 -9"><span class='ocrx_word' id='word_1_360' title='bbox 163 1373 405 1406; x_wconf 83' lang='grc' dir='ltr'>ἐμακρύνθησαν.</span> <span class='ocrx_word' id='word_1_361' title='bbox 414 1372 519 1407; x_wconf 70' lang='grc' dir='ltr'><em>Ἐγγὺς</em></span> <span class='ocrx_word' id='word_1_362' title='bbox 529 1371 558 1399; x_wconf 86' lang='grc' dir='ltr'>εἷ</span> <span class='ocrx_word' id='word_1_363' title='bbox 570 1372 621 1404; x_wconf 86' lang='grc' dir='ltr'>σὺ,</span> <span class='ocrx_word' id='word_1_364' title='bbox 641 1372 739 1406; x_wconf 75' lang='grc' dir='ltr'>Κύριε,</span> <span class='ocrx_word' id='word_1_365' title='bbox 753 1371 801 1398; x_wconf 82' lang='grc' dir='ltr'>καί</span> <span class='ocrx_word' id='word_1_366' title='bbox 816 1370 911 1398; x_wconf 84' lang='grc' dir='ltr'>πᾶσαι</span> <span class='ocrx_word' id='word_1_367' title='bbox 926 1372 956 1397; x_wconf 82' lang='lat' dir='ltr'><strong>at</strong></span> 
     </span>
    </p>
   </div>
   <div class='ocr_carea' id='block_1_49' title="bbox 163 1417 951 1452">
    <p class='ocr_par' dir='ltr' id='par_1_49' title="bbox 163 1417 951 1452">
     <span class='ocr_line' id='line_1_49' title="bbox 163 1417 951 1452; baseline -0.004 -7"><span class='ocrx_word' id='word_1_368' title='bbox 163 1418 229 1445; x_wconf 77' lang='grc' dir='ltr'>ὁδοί</span> <span class='ocrx_word' id='word_1_369' title='bbox 244 1426 302 1446; x_wconf 85' lang='grc' dir='ltr'>σου</span> <span class='ocrx_word' id='word_1_370' title='bbox 317 1418 453 1451; x_wconf 79' lang='grc' dir='ltr'><strong>ἀλήθεια.</strong></span> <span class='ocrx_word' id='word_1_371' title='bbox 473 1418 629 1452; x_wconf 80' lang='grc' dir='ltr'>Καταρχὰς</span> <span class='ocrx_word' id='word_1_372' title='bbox 643 1418 739 1452; x_wconf 70' lang='grc' dir='ltr'>ἔγνων</span> <span class='ocrx_word' id='word_1_373' title='bbox 753 1417 788 1443; x_wconf 71' lang='grc' dir='ltr'><strong>ἐκ</strong></span> <span class='ocrx_word' id='word_1_374' title='bbox 803 1417 863 1443; x_wconf 83' lang='grc' dir='ltr'>τῶν</span> <span class='ocrx_word' id='word_1_375' title='bbox 879 1425 951 1451; x_wconf 79' lang='grc' dir='ltr'>μαρ-</span> 
     </span>
    </p>
   </div>
   <div class='ocr_carea' id='block_1_50' title="bbox 164 1462 952 1498">
    <p class='ocr_par' dir='ltr' id='par_1_50' title="bbox 164 1462 952 1498">
     <span class='ocr_line' id='line_1_50' title="bbox 164 1462 952 1498; baseline -0.004 -7"><span class='ocrx_word' id='word_1_376' title='bbox 164 1464 272 1498; x_wconf 71' lang='grc' dir='ltr'>τυρίων</span> <span class='ocrx_word' id='word_1_377' title='bbox 287 1471 355 1496; x_wconf 87' lang='grc' dir='ltr'>σου,</span> <span class='ocrx_word' id='word_1_378' title='bbox 364 1463 409 1490; x_wconf 84' lang='grc' dir='ltr'>ὅτι</span> <span class='ocrx_word' id='word_1_379' title='bbox 422 1465 464 1496; x_wconf 82' lang='grc' dir='ltr'>εις</span> <span class='ocrx_word' id='word_1_380' title='bbox 480 1465 534 1490; x_wconf 83' lang='grc' dir='ltr'>τὸν</span> <span class='ocrx_word' id='word_1_381' title='bbox 546 1463 640 1490; x_wconf 74' lang='grc' dir='ltr'>αἰῶνα</span> <span class='ocrx_word' id='word_1_382' title='bbox 656 1462 854 1497; x_wconf 82' lang='grc' dir='ltr'><strong>ἐθεμελίωσας</strong></span> <span class='ocrx_word' id='word_1_383' title='bbox 867 1462 952 1489; x_wconf 83' lang='grc' dir='ltr'>αὑτά.</span> 
     </span>
    </p>
   </div>
   <div class='ocr_carea' id='block_1_51' title="bbox 200 1557 953 1594">
    <p class='ocr_par' dir='ltr' id='par_1_51' title="bbox 200 1557 953 1594">
     <span class='ocr_line' id='line_1_51' title="bbox 200 1557 953 1594; baseline -0.007 -6"><span class='ocrx_word' id='word_1_384' title='bbox 200 1561 256 1588; x_wconf 79' lang='grc' dir='ltr'><strong>Ἴδε</strong></span> <span class='ocrx_word' id='word_1_385' title='bbox 277 1560 334 1594; x_wconf 79' lang='grc' dir='ltr'>τὴν</span> <span class='ocrx_word' id='word_1_386' title='bbox 352 1560 534 1587; x_wconf 81' lang='grc' dir='ltr'>ταπείνωσιν</span> <span class='ocrx_word' id='word_1_387' title='bbox 551 1569 620 1594; x_wconf 86' lang='grc' dir='ltr'>μου,</span> <span class='ocrx_word' id='word_1_388' title='bbox 643 1559 692 1586; x_wconf 76' lang='grc' dir='ltr'>καὶ</span> <span class='ocrx_word' id='word_1_389' title='bbox 705 1557 812 1590; x_wconf 78' lang='grc' dir='ltr'><strong>ὲξέλου</strong></span> <span class='ocrx_word' id='word_1_390' title='bbox 834 1566 883 1592; x_wconf 78' lang='grc' dir='ltr'>με,</span> <span class='ocrx_word' id='word_1_391' title='bbox 911 1557 953 1584; x_wconf 82' lang='grc' dir='ltr'>ὅτι</span> 
     </span>
    </p>
   </div>
   <div class='ocr_carea' id='block_1_52' title="bbox 164 1603 955 1641">
    <p class='ocr_par' dir='ltr' id='par_1_52' title="bbox 164 1603 955 1641">
     <span class='ocr_line' id='line_1_52' title="bbox 164 1603 955 1641; baseline -0.006 -8"><span class='ocrx_word' id='word_1_392' title='bbox 164 1606 216 1634; x_wconf 86' lang='grc' dir='ltr'><strong>τοῦ</strong></span> <span class='ocrx_word' id='word_1_393' title='bbox 230 1607 324 1641; x_wconf 78' lang='grc' dir='ltr'>νόμου</span> <span class='ocrx_word' id='word_1_394' title='bbox 345 1613 403 1633; x_wconf 88' lang='grc' dir='ltr'><strong>σου</strong></span> <span class='ocrx_word' id='word_1_395' title='bbox 415 1607 472 1633; x_wconf 74' lang='grc' dir='ltr'><strong>οὐκ</strong></span> <span class='ocrx_word' id='word_1_396' title='bbox 488 1605 688 1639; x_wconf 75' lang='grc' dir='ltr'><strong>ἐπελαθόμην.</strong></span> <span class='ocrx_word' id='word_1_397' title='bbox 702 1603 812 1638; x_wconf 86' lang='grc' dir='ltr'>Κρῖνον</span> <span class='ocrx_word' id='word_1_398' title='bbox 826 1603 882 1637; x_wconf 82' lang='grc' dir='ltr'>τὴν</span> <span class='ocrx_word' id='word_1_399' title='bbox 897 1603 955 1636; x_wconf 78' lang='grc' dir='ltr'>κρί-</span> 
     </span>
    </p>
   </div>
   <div class='ocr_carea' id='block_1_53' title="bbox 163 1647 956 1691">
    <p class='ocr_par' dir='ltr' id='par_1_53' title="bbox 163 1647 956 1691">
     <span class='ocr_line' id='line_1_53' title="bbox 163 1647 956 1691; baseline -0.006 -11"><span class='ocrx_word' id='word_1_400' title='bbox 163 1660 216 1680; x_wconf 86' lang='grc' dir='ltr'>σιν</span> <span class='ocrx_word' id='word_1_401' title='bbox 226 1662 286 1687; x_wconf 86' lang='grc' dir='ltr'><strong>μου</strong></span> <span class='ocrx_word' id='word_1_402' title='bbox 306 1653 354 1679; x_wconf 79' lang='grc' dir='ltr'>καὶ</span> <span class='ocrx_word' id='word_1_403' title='bbox 372 1652 525 1687; x_wconf 81' lang='grc' dir='ltr'>λύτρωσαί</span> <span class='ocrx_word' id='word_1_404' title='bbox 542 1660 588 1691; x_wconf 54' lang='lat' dir='ltr'><strong>ita,</strong></span> <span class='ocrx_word' id='word_1_405' title='bbox 605 1651 653 1678; x_wconf 82' lang='grc' dir='ltr'><strong>διὰ</strong></span> <span class='ocrx_word' id='word_1_406' title='bbox 665 1651 718 1678; x_wconf 89' lang='grc' dir='ltr'>τὸν</span> <span class='ocrx_word' id='word_1_407' title='bbox 731 1650 823 1684; x_wconf 77' lang='grc' dir='ltr'>λόγον</span> <span class='ocrx_word' id='word_1_408' title='bbox 838 1657 896 1676; x_wconf 85' lang='grc' dir='ltr'><strong>σου</strong></span> <span class='ocrx_word' id='word_1_409' title='bbox 912 1647 956 1683; x_wconf 83' lang='grc' dir='ltr'><strong>ζῆ-</strong></span> 
     </span>
    </p>
   </div>
   <div class='ocr_carea' id='block_1_54' title="bbox 163 1695 956 1734">
    <p class='ocr_par' dir='ltr' id='par_1_54' title="bbox 163 1695 956 1734">
     <span class='ocr_line' id='line_1_54' title="bbox 163 1695 956 1734; baseline -0.006 -9"><span class='ocrx_word' id='word_1_410' title='bbox 163 1699 222 1725; x_wconf 82' lang='grc' dir='ltr'>σόν</span> <span class='ocrx_word' id='word_1_411' title='bbox 230 1706 279 1733; x_wconf 76' lang='grc' dir='ltr'><strong>με.</strong></span> <span class='ocrx_word' id='word_1_412' title='bbox 296 1698 432 1734; x_wconf 81' lang='grc' dir='ltr'>Κριθῆναι</span> <span class='ocrx_word' id='word_1_413' title='bbox 445 1698 513 1733; x_wconf 83' lang='grc' dir='ltr'>πρὸς</span> <span class='ocrx_word' id='word_1_414' title='bbox 527 1698 591 1729; x_wconf 77' lang='grc' dir='ltr'>τοὺς</span> <span class='ocrx_word' id='word_1_415' title='bbox 604 1696 718 1731; x_wconf 75' lang='grc' dir='ltr'>ὲχοροῦς</span> <span class='ocrx_word' id='word_1_416' title='bbox 729 1696 801 1722; x_wconf 86' lang='grc' dir='ltr'>αἰτεῖ</span> <span class='ocrx_word' id='word_1_417' title='bbox 816 1695 878 1726; x_wconf 81' lang='grc' dir='ltr'>τοὺς</span> <span class='ocrx_word' id='word_1_418' title='bbox 888 1695 956 1729; x_wconf 83' lang='grc' dir='ltr'>ἀφα-</span> 
     </span>
    </p>
   </div>
   <div class='ocr_carea' id='block_1_55' title="bbox 165 1740 955 1780">
    <p class='ocr_par' dir='ltr' id='par_1_55' title="bbox 165 1740 955 1780">
     <span class='ocr_line' id='line_1_55' title="bbox 165 1740 955 1780; baseline -0.005 -10"><span class='ocrx_word' id='word_1_419' title='bbox 165 1744 217 1776; x_wconf 83' lang='grc' dir='ltr'>νῶς</span> <span class='ocrx_word' id='word_1_420' title='bbox 231 1744 248 1779; x_wconf 81' lang='grc' dir='ltr'><strong>ἢ</strong></span> <span class='ocrx_word' id='word_1_421' title='bbox 263 1743 390 1780; x_wconf 75' lang='grc' dir='ltr'>ἐμφανῶς</span> <span class='ocrx_word' id='word_1_422' title='bbox 404 1742 598 1779; x_wconf 80' lang='grc' dir='ltr'>πολεμοῦντας,</span> <span class='ocrx_word' id='word_1_423' title='bbox 611 1743 657 1769; x_wconf 74' lang='grc' dir='ltr'>καὶ</span> <span class='ocrx_word' id='word_1_424' title='bbox 670 1740 839 1778; x_wconf 82' lang='grc' dir='ltr'>λυτρωθῆναι</span> <span class='ocrx_word' id='word_1_425' title='bbox 849 1749 855 1756; x_wconf 92' lang='grc'>·</span> <span class='ocrx_word' id='word_1_426' title='bbox 875 1740 955 1776; x_wconf 84' lang='grc' dir='ltr'>μόνος</span> 
     </span>
    </p>
   </div>
   <div class='ocr_carea' id='block_1_56' title="bbox 164 1785 954 1825">
    <p class='ocr_par' dir='ltr' id='par_1_56' title="bbox 164 1785 954 1825">
     <span class='ocr_line' id='line_1_56' title="bbox 164 1785 954 1825; baseline -0.008 -8"><span class='ocrx_word' id='word_1_427' title='bbox 164 1791 217 1825; x_wconf 84' lang='grc' dir='ltr'>γάρ</span> <span class='ocrx_word' id='word_1_428' title='bbox 233 1791 306 1816; x_wconf 71' lang='grc' dir='ltr'>ἐστιν</span> <span class='ocrx_word' id='word_1_429' title='bbox 319 1790 333 1815; x_wconf 83' lang='grc' dir='ltr'>ὁ</span> <span class='ocrx_word' id='word_1_430' title='bbox 349 1789 414 1820; x_wconf 80' lang='grc' dir='ltr'>Θεὸς</span> <span class='ocrx_word' id='word_1_431' title='bbox 426 1789 440 1814; x_wconf 83' lang='grc' dir='ltr'><strong>ὸ</strong></span> <span class='ocrx_word' id='word_1_432' title='bbox 456 1789 485 1821; x_wconf 72' lang='grc' dir='ltr'><strong>ἐξ</strong></span> <span class='ocrx_word' id='word_1_433' title='bbox 501 1787 637 1823; x_wconf 81' lang='grc' dir='ltr'>ἑκατέρων</span> <span class='ocrx_word' id='word_1_434' title='bbox 650 1786 841 1822; x_wconf 81' lang='grc' dir='ltr'>λυτρούμενος,</span> <span class='ocrx_word' id='word_1_435' title='bbox 856 1785 904 1812; x_wconf 77' lang='grc' dir='ltr'>καὶ</span> <span class='ocrx_word' id='word_1_436' title='bbox 923 1786 954 1811; x_wconf 86' lang='grc' dir='ltr'>οὑ</span> 
     </span>
    </p>
   </div>
   <div class='ocr_carea' id='block_1_57' title="bbox 164 1830 955 1870">
    <p class='ocr_par' dir='ltr' id='par_1_57' title="bbox 164 1830 955 1870">
     <span class='ocr_line' id='line_1_57' title="bbox 164 1830 955 1870; baseline -0.008 -7"><span class='ocrx_word' id='word_1_437' title='bbox 164 1836 279 1863; x_wconf 81' lang='grc' dir='ltr'>θανάτου</span> <span class='ocrx_word' id='word_1_438' title='bbox 305 1835 384 1870; x_wconf 79' lang='grc' dir='ltr'>μόνον</span> <span class='ocrx_word' id='word_1_439' title='bbox 405 1834 478 1870; x_wconf 80' lang='grc' dir='ltr'><strong>ἡμᾶς</strong></span> <span class='ocrx_word' id='word_1_440' title='bbox 500 1832 690 1866; x_wconf 79' lang='grc' dir='ltr'>ἀπαλλάττων,</span> <span class='ocrx_word' id='word_1_441' title='bbox 702 1832 731 1858; x_wconf 81' lang='grc' dir='ltr'>ὅν</span> <span class='ocrx_word' id='word_1_442' title='bbox 745 1831 887 1858; x_wconf 79' lang='grc' dir='ltr'>ἀπειλοῦσι</span> <span class='ocrx_word' id='word_1_443' title='bbox 907 1830 955 1858; x_wconf 78' lang='grc' dir='ltr'>καὶ</span> 
     </span>
    </p>
   </div>
   <div class='ocr_carea' id='block_1_58' title="bbox 163 1875 955 1917">
    <p class='ocr_par' dir='ltr' id='par_1_58' title="bbox 163 1875 955 1917">
     <span class='ocr_line' id='line_1_58' title="bbox 163 1875 955 1917; baseline -0.005 -11"><span class='ocrx_word' id='word_1_444' title='bbox 163 1880 319 1917; x_wconf 77' lang='grc' dir='ltr'>ἐνεργοῦσιν</span> <span class='ocrx_word' id='word_1_445' title='bbox 334 1881 359 1906; x_wconf 78' lang='grc' dir='ltr'>οἱ</span> <span class='ocrx_word' id='word_1_446' title='bbox 372 1879 507 1915; x_wconf 81' lang='grc' dir='ltr'>δαίμονες,</span> <span class='ocrx_word' id='word_1_447' title='bbox 524 1878 592 1905; x_wconf 76' lang='grc' dir='ltr'>ἀλλὰ</span> <span class='ocrx_word' id='word_1_448' title='bbox 614 1877 660 1904; x_wconf 79' lang='grc' dir='ltr'>καὶ</span> <span class='ocrx_word' id='word_1_449' title='bbox 682 1876 754 1912; x_wconf 77' lang='grc' dir='ltr'>ζωὴν</span> <span class='ocrx_word' id='word_1_450' title='bbox 769 1876 896 1912; x_wconf 80' lang='grc' dir='ltr'><strong>παρέχων</strong></span> <span class='ocrx_word' id='word_1_451' title='bbox 911 1875 955 1902; x_wconf 82' lang='grc' dir='ltr'>διὰ</span> 
     </span>
    </p>
   </div>
   <div class='ocr_carea' id='block_1_59' title="bbox 163 1921 955 1959">
    <p class='ocr_par' dir='ltr' id='par_1_59' title="bbox 163 1921 955 1959">
     <span class='ocr_line' id='line_1_59' title="bbox 163 1921 955 1959; baseline -0.006 -7"><span class='ocrx_word' id='word_1_452' title='bbox 163 1926 210 1952; x_wconf 77' lang='grc' dir='ltr'>τὸν</span> <span class='ocrx_word' id='word_1_453' title='bbox 226 1925 305 1952; x_wconf 80' lang='grc' dir='ltr'>αὐτὸν</span> <span class='ocrx_word' id='word_1_454' title='bbox 324 1925 412 1959; x_wconf 74' lang='grc' dir='ltr'>λόγον.</span> <span class='ocrx_word' id='word_1_455' title='bbox 429 1924 554 1958; x_wconf 79' lang='grc' dir='ltr'>Μακρὰν</span> <span class='ocrx_word' id='word_1_456' title='bbox 578 1923 638 1951; x_wconf 77' lang='grc' dir='ltr'><strong>ἀπὸ</strong></span> <span class='ocrx_word' id='word_1_457' title='bbox 661 1921 844 1957; x_wconf 79' lang='grc' dir='ltr'>ἁμαρτωλῶν</span> <span class='ocrx_word' id='word_1_458' title='bbox 860 1928 955 1954; x_wconf 84' lang='grc' dir='ltr'>σωτη-</span> 
     </span>
    </p>
   </div>
   <div class='ocr_carea' id='block_1_60' title="bbox 163 1967 953 2006">
    <p class='ocr_par' dir='ltr' id='par_1_60' title="bbox 163 1967 953 2006">
     <span class='ocr_line' id='line_1_60' title="bbox 163 1967 953 2006; baseline -0.01 -6"><span class='ocrx_word' id='word_1_459' title='bbox 163 1973 222 2006; x_wconf 83' lang='grc' dir='ltr'>ρία,</span> <span class='ocrx_word' id='word_1_460' title='bbox 241 1973 285 1999; x_wconf 82' lang='grc' dir='ltr'>ὅτι</span> <span class='ocrx_word' id='word_1_461' title='bbox 301 1973 337 1999; x_wconf 84' lang='grc' dir='ltr'>τὰ</span> <span class='ocrx_word' id='word_1_462' title='bbox 359 1970 540 2006; x_wconf 81' lang='grc' dir='ltr'>δικαιώματά</span> <span class='ocrx_word' id='word_1_463' title='bbox 559 1977 618 1998; x_wconf 85' lang='grc' dir='ltr'>σου</span> <span class='ocrx_word' id='word_1_464' title='bbox 634 1970 690 1996; x_wconf 84' lang='grc' dir='ltr'><strong>οὐκ</strong></span> <span class='ocrx_word' id='word_1_465' title='bbox 709 1967 904 2000; x_wconf 76' lang='grc' dir='ltr'>ἐξεζήτησαν.</span> <span class='ocrx_word' id='word_1_466' title='bbox 918 1967 953 1992; x_wconf 83' lang='lat' dir='ltr'><strong>Ol</strong></span> 
     </span>
    </p>
   </div>
   <div class='ocr_carea' id='block_1_61' title="bbox 163 2011 954 2051">
    <p class='ocr_par' dir='ltr' id='par_1_61' title="bbox 163 2011 954 2051">
     <span class='ocr_line' id='line_1_61' title="bbox 163 2011 954 2051; baseline -0.009 -7"><span class='ocrx_word' id='word_1_467' title='bbox 163 2017 306 2051; x_wconf 72' lang='grc' dir='ltr'>οίκτιρμοί</span> <span class='ocrx_word' id='word_1_468' title='bbox 319 2024 377 2044; x_wconf 85' lang='grc' dir='ltr'><strong>σου</strong></span> <span class='ocrx_word' id='word_1_469' title='bbox 391 2017 510 2047; x_wconf 76' lang='grc' dir='ltr'>πολλοὶ,</span> <span class='ocrx_word' id='word_1_470' title='bbox 525 2015 622 2050; x_wconf 80' lang='grc' dir='ltr'>Κύριε,</span> <span class='ocrx_word' id='word_1_471' title='bbox 639 2013 714 2041; x_wconf 83' lang='grc' dir='ltr'>κατὰ</span> <span class='ocrx_word' id='word_1_472' title='bbox 736 2013 768 2039; x_wconf 81' lang='grc' dir='ltr'>τὸ</span> <span class='ocrx_word' id='word_1_473' title='bbox 791 2011 879 2046; x_wconf 64' lang='lat' dir='ltr'><strong>acde</strong></span> <span class='ocrx_word' id='word_1_474' title='bbox 896 2019 954 2038; x_wconf 89' lang='grc' dir='ltr'><strong>σου</strong></span> 
     </span>
    </p>
   </div>
   <div class='ocr_carea' id='block_1_62' title="bbox 163 2054 951 2096">
    <p class='ocr_par' dir='ltr' id='par_1_62' title="bbox 163 2054 951 2096">
     <span class='ocr_line' id='line_1_62' title="bbox 163 2054 951 2096; baseline -0.008 -8"><span class='ocrx_word' id='word_1_475' title='bbox 163 2061 257 2095; x_wconf 82' lang='grc' dir='ltr'>ζῆσόν</span> <span class='ocrx_word' id='word_1_476' title='bbox 269 2061 416 2096; x_wconf 81' lang='grc' dir='ltr'>με.“⁹Ελεος</span> <span class='ocrx_word' id='word_1_477' title='bbox 436 2060 581 2096; x_wconf 81' lang='grc' dir='ltr'>ἀνθρώπου</span> <span class='ocrx_word' id='word_1_478' title='bbox 602 2060 648 2086; x_wconf 71' lang='grc' dir='ltr'><strong>ἐπὶ</strong></span> <span class='ocrx_word' id='word_1_479' title='bbox 662 2059 707 2085; x_wconf 76' lang='grc' dir='ltr'>τὸν</span> <span class='ocrx_word' id='word_1_480' title='bbox 722 2057 834 2093; x_wconf 82' lang='grc' dir='ltr'>πλησίον</span> <span class='ocrx_word' id='word_1_481' title='bbox 848 2054 931 2083; x_wconf 79' lang='grc' dir='ltr'>αὑτοῦ</span> <span class='ocrx_word' id='word_1_482' title='bbox 944 2063 951 2070; x_wconf 88' lang='lat'><strong><em>°</em></strong></span> 
     </span>
    </p>
   </div>
   <div class='ocr_carea' id='block_1_63' title="bbox 163 2101 953 2141">
    <p class='ocr_par' dir='ltr' id='par_1_63' title="bbox 163 2101 953 2141">
     <span class='ocr_line' id='line_1_63' title="bbox 163 2101 953 2141; baseline -0.006 -9"><span class='ocrx_word' id='word_1_483' title='bbox 163 2106 237 2138; x_wconf 81' lang='grc' dir='ltr'>ἔλεος</span> <span class='ocrx_word' id='word_1_484' title='bbox 256 2106 285 2132; x_wconf 84' lang='grc' dir='ltr'>δὲ</span> <span class='ocrx_word' id='word_1_485' title='bbox 307 2107 410 2141; x_wconf 80' lang='grc' dir='ltr'>Κυρίου</span> <span class='ocrx_word' id='word_1_486' title='bbox 427 2106 474 2132; x_wconf 76' lang='grc' dir='ltr'><strong>ἐπὶ</strong></span> <span class='ocrx_word' id='word_1_487' title='bbox 498 2106 587 2132; x_wconf 80' lang='grc' dir='ltr'>πᾶσαν</span> <span class='ocrx_word' id='word_1_488' title='bbox 601 2105 700 2139; x_wconf 85' lang='grc' dir='ltr'>σάρκα,</span> <span class='ocrx_word' id='word_1_489' title='bbox 714 2103 743 2134; x_wconf 80' lang='grc' dir='ltr'>ὃς</span> <span class='ocrx_word' id='word_1_490' title='bbox 767 2103 814 2129; x_wconf 81' lang='grc' dir='ltr'><strong>καὶ</strong></span> <span class='ocrx_word' id='word_1_491' title='bbox 829 2101 899 2128; x_wconf 81' lang='grc' dir='ltr'>πάνυ</span> <span class='ocrx_word' id='word_1_492' title='bbox 912 2101 953 2127; x_wconf 87' lang='grc' dir='ltr'>δι·</span> 
     </span>
    </p>
   </div>
   <div class='ocr_carea' id='block_1_64' title="bbox 163 2147 954 2186">
    <p class='ocr_par' dir='ltr' id='par_1_64' title="bbox 163 2147 954 2186">
     <span class='ocr_line' id='line_1_64' title="bbox 163 2147 954 2186; baseline -0.008 -7"><span class='ocrx_word' id='word_1_493' title='bbox 163 2153 305 2182; x_wconf 81' lang='grc' dir='ltr'>καιότατος</span> <span class='ocrx_word' id='word_1_494' title='bbox 326 2150 395 2178; x_wconf 79' lang='grc' dir='ltr'>εἶναι</span> <span class='ocrx_word' id='word_1_495' title='bbox 415 2152 498 2178; x_wconf 85' lang='grc' dir='ltr'>δοκεῖ.</span> <span class='ocrx_word' id='word_1_496' title='bbox 522 2150 666 2186; x_wconf 85' lang='grc' dir='ltr'>Συγκρίσει</span> <span class='ocrx_word' id='word_1_497' title='bbox 681 2149 736 2183; x_wconf 85' lang='grc' dir='ltr'><strong>γὰρ</strong></span> <span class='ocrx_word' id='word_1_498' title='bbox 749 2147 899 2184; x_wconf 79' lang='grc' dir='ltr'>ἀνθρώπων</span> <span class='ocrx_word' id='word_1_499' title='bbox 915 2147 954 2178; x_wconf 89' lang='grc' dir='ltr'><strong>ὡς</strong></span> 
     </span>
    </p>
   </div>
   <div class='ocr_carea' id='block_1_65' title="bbox 163 2192 953 2234">
    <p class='ocr_par' dir='ltr' id='par_1_65' title="bbox 163 2192 953 2234">
     <span class='ocr_line' id='line_1_65' title="bbox 163 2192 953 2234; baseline -0.008 -10"><span class='ocrx_word' id='word_1_500' title='bbox 163 2198 232 2234; x_wconf 80' lang='grc' dir='ltr'>πρὸς</span> <span class='ocrx_word' id='word_1_501' title='bbox 245 2197 294 2232; x_wconf 88' lang='grc' dir='ltr'>τὴν</span> <span class='ocrx_word' id='word_1_502' title='bbox 310 2196 411 2232; x_wconf 77' lang='grc' dir='ltr'>ἀκριϐῆ</span> <span class='ocrx_word' id='word_1_503' title='bbox 424 2196 515 2231; x_wconf 88' lang='grc' dir='ltr'>κρίσιν</span> <span class='ocrx_word' id='word_1_504' title='bbox 531 2196 576 2222; x_wconf 82' lang='grc' dir='ltr'><strong>τοῦ</strong></span> <span class='ocrx_word' id='word_1_505' title='bbox 593 2195 671 2226; x_wconf 84' lang='grc' dir='ltr'>Θεοῦ,</span> <span class='ocrx_word' id='word_1_506' title='bbox 687 2194 761 2221; x_wconf 74' lang='grc' dir='ltr'>ἐλέου</span> <span class='ocrx_word' id='word_1_507' title='bbox 775 2194 860 2221; x_wconf 84' lang='grc' dir='ltr'>δεῖται</span> <span class='ocrx_word' id='word_1_508' title='bbox 872 2193 902 2219; x_wconf 81' lang='grc' dir='ltr'>τὸ</span> <span class='ocrx_word' id='word_1_509' title='bbox 916 2192 953 2218; x_wconf 84' lang='grc' dir='ltr'><strong>δί-</strong></span> 
     </span>
    </p>
   </div>
   <div class='ocr_carea' id='block_1_66' title="bbox 163 2237 991 2281">
    <p class='ocr_par' dir='ltr' id='par_1_66' title="bbox 163 2237 991 2281">
     <span class='ocr_line' id='line_1_66' title="bbox 163 2237 991 2281; baseline -0.007 -12"><span class='ocrx_word' id='word_1_510' title='bbox 163 2251 249 2269; x_wconf 84' lang='grc' dir='ltr'>καιον.</span> <span class='ocrx_word' id='word_1_511' title='bbox 266 2242 324 2268; x_wconf 84' lang='grc' dir='ltr'>Πᾶν</span> <span class='ocrx_word' id='word_1_512' title='bbox 349 2240 402 2277; x_wconf 73' lang='grc' dir='ltr'><strong>γὰρ</strong></span> <span class='ocrx_word' id='word_1_513' title='bbox 424 2241 438 2267; x_wconf 83' lang='grc' dir='ltr'><strong>ὃ</strong></span> <span class='ocrx_word' id='word_1_514' title='bbox 465 2241 538 2268; x_wconf 85' lang='grc' dir='ltr'>δοκεῖ</span> <span class='ocrx_word' id='word_1_515' title='bbox 554 2240 693 2274; x_wconf 82' lang='grc' dir='ltr'>γεγονέναι</span> <span class='ocrx_word' id='word_1_516' title='bbox 707 2239 767 2266; x_wconf 84' lang='grc' dir='ltr'>κατ’</span> <span class='ocrx_word' id='word_1_517' title='bbox 782 2238 864 2271; x_wconf 73' lang='grc' dir='ltr'>ἔλεον,</span> <span class='ocrx_word' id='word_1_518' title='bbox 884 2237 952 2272; x_wconf 79' lang='grc' dir='ltr'><strong>ὲλέῳ</strong></span> <span class='ocrx_word' id='word_1_519' title='bbox 969 2253 991 2281; x_wconf 80' lang='lat' dir='ltr'><strong>D</strong></span> 
     </span>
    </p>
   </div>
   <div class='ocr_carea' id='block_1_67' title="bbox 163 2283 951 2321">
    <p class='ocr_par' dir='ltr' id='par_1_67' title="bbox 163 2283 951 2321">
     <span class='ocr_line' id='line_1_67' title="bbox 163 2283 951 2321; baseline -0.008 -7"><span class='ocrx_word' id='word_1_520' title='bbox 163 2287 230 2314; x_wconf 84' lang='grc' dir='ltr'>Θεοῦ</span> <span class='ocrx_word' id='word_1_521' title='bbox 245 2287 358 2321; x_wconf 88' lang='grc' dir='ltr'>γίνεται.</span> <span class='ocrx_word' id='word_1_522' title='bbox 371 2286 404 2312; x_wconf 89' lang='grc' dir='ltr'><strong>Τί</strong></span> <span class='ocrx_word' id='word_1_523' title='bbox 414 2286 468 2321; x_wconf 86' lang='grc' dir='ltr'><strong>γάρ</strong></span> <span class='ocrx_word' id='word_1_524' title='bbox 482 2294 524 2317; x_wconf 90' lang='grc' dir='ltr'><strong>τις</strong></span> <span class='ocrx_word' id='word_1_525' title='bbox 540 2285 613 2318; x_wconf 77' lang='grc' dir='ltr'>ἄξιον</span> <span class='ocrx_word' id='word_1_526' title='bbox 628 2284 759 2319; x_wconf 87' lang='grc' dir='ltr'>πεποίηκε</span> <span class='ocrx_word' id='word_1_527' title='bbox 775 2283 882 2310; x_wconf 75' lang='grc' dir='ltr'>αἰωνίου</span> <span class='ocrx_word' id='word_1_528' title='bbox 899 2289 951 2318; x_wconf 84' lang='grc' dir='ltr'><strong>μα-</strong></span> 
     </span>
    </p>
   </div>
   <div class='ocr_carea' id='block_1_68' title="bbox 164 2327 953 2368">
    <p class='ocr_par' dir='ltr' id='par_1_68' title="bbox 164 2327 953 2368">
     <span class='ocr_line' id='line_1_68' title="bbox 164 2327 953 2368; baseline -0.006 -9"><span class='ocrx_word' id='word_1_529' title='bbox 164 2333 323 2368; x_wconf 85' lang='grc' dir='ltr'>καριότητος</span> <span class='ocrx_word' id='word_1_530' title='bbox 342 2332 388 2358; x_wconf 76' lang='grc' dir='ltr'>καὶ</span> <span class='ocrx_word' id='word_1_531' title='bbox 404 2330 540 2366; x_wconf 81' lang='grc' dir='ltr'>βασιλείας</span> <span class='ocrx_word' id='word_1_532' title='bbox 550 2329 681 2365; x_wconf 80' lang='grc' dir='ltr'>οὐρανῶν,</span> <span class='ocrx_word' id='word_1_533' title='bbox 697 2329 734 2364; x_wconf 83' lang='grc' dir='ltr'><strong>μὴ</strong></span> <span class='ocrx_word' id='word_1_534' title='bbox 750 2329 802 2355; x_wconf 78' lang='grc' dir='ltr'><strong>ὑπὸ</strong></span> <span class='ocrx_word' id='word_1_535' title='bbox 813 2327 881 2355; x_wconf 86' lang='grc' dir='ltr'>Θεοῦ</span> <span class='ocrx_word' id='word_1_536' title='bbox 894 2327 953 2362; x_wconf 84' lang='grc' dir='ltr'><strong>βοη-</strong></span> 
     </span>
    </p>
   </div>
   <div class='ocr_carea' id='block_1_69' title="bbox 163 2372 952 2412">
    <p class='ocr_par' dir='ltr' id='par_1_69' title="bbox 163 2372 952 2412">
     <span class='ocr_line' id='line_1_69' title="bbox 163 2372 952 2412; baseline -0.006 -8"><span class='ocrx_word' id='word_1_537' title='bbox 163 2377 209 2404; x_wconf 85' lang='grc' dir='ltr'><strong>οού</strong></span> <span class='ocrx_word' id='word_1_538' title='bbox 213 2386 291 2412; x_wconf 80' lang='grc' dir='ltr'>μενος</span> <span class='ocrx_word' id='word_1_539' title='bbox 299 2376 453 2410; x_wconf 78' lang='grc' dir='ltr'>;-Πολλοί</span> <span class='ocrx_word' id='word_1_540' title='bbox 462 2377 488 2402; x_wconf 89' lang='grc' dir='ltr'><strong>οί</strong></span> <span class='ocrx_word' id='word_1_541' title='bbox 499 2374 689 2407; x_wconf 72' lang='grc' dir='ltr'>ἐκδιώκοντές</span> <span class='ocrx_word' id='word_1_542' title='bbox 694 2383 732 2409; x_wconf 82' lang='grc' dir='ltr'>με</span> <span class='ocrx_word' id='word_1_543' title='bbox 743 2374 791 2400; x_wconf 78' lang='grc' dir='ltr'><strong>καί</strong></span> <span class='ocrx_word' id='word_1_544' title='bbox 800 2372 952 2404; x_wconf 79' lang='grc' dir='ltr'>θλίϐοντές</span> 
     </span>
    </p>
   </div>
   <div class='ocr_carea' id='block_1_70' title="bbox 161 2415 952 2457">
    <p class='ocr_par' dir='ltr' id='par_1_70' title="bbox 161 2415 952 2457">
     <span class='ocr_line' id='line_1_70' title="bbox 161 2415 952 2457; baseline -0.006 -8"><span class='ocrx_word' id='word_1_545' title='bbox 161 2431 210 2457; x_wconf 80' lang='grc' dir='ltr'>με,</span> <span class='ocrx_word' id='word_1_546' title='bbox 227 2423 261 2448; x_wconf 80' lang='grc' dir='ltr'>ἐκ</span> <span class='ocrx_word' id='word_1_547' title='bbox 276 2422 336 2448; x_wconf 82' lang='grc' dir='ltr'>τῶν</span> <span class='ocrx_word' id='word_1_548' title='bbox 349 2422 519 2457; x_wconf 82' lang='grc' dir='ltr'>μαρτυρίων</span> <span class='ocrx_word' id='word_1_549' title='bbox 545 2429 604 2448; x_wconf 87' lang='grc' dir='ltr'>σου</span> <span class='ocrx_word' id='word_1_550' title='bbox 621 2421 677 2446; x_wconf 82' lang='grc' dir='ltr'>οὐκ</span> <span class='ocrx_word' id='word_1_551' title='bbox 697 2419 847 2451; x_wconf 75' lang='grc' dir='ltr'>ἐξέκλινα.</span> <span class='ocrx_word' id='word_1_552' title='bbox 861 2415 952 2445; x_wconf 73' lang='grc' dir='ltr'>Εἶδον</span> 
     </span>
    </p>
   </div>
   <div class='ocr_carea' id='block_1_71' title="bbox 163 2462 953 2499">
    <p class='ocr_par' dir='ltr' id='par_1_71' title="bbox 163 2462 953 2499">
     <span class='ocr_line' id='line_1_71' title="bbox 163 2462 953 2499; baseline -0.004 -7"><span class='ocrx_word' id='word_1_553' title='bbox 163 2466 386 2499; x_wconf 81' lang='grc' dir='ltr'>ἀσυνετοῦντιις</span> <span class='ocrx_word' id='word_1_554' title='bbox 413 2465 463 2492; x_wconf 82' lang='grc' dir='ltr'><strong>καί</strong></span> <span class='ocrx_word' id='word_1_555' title='bbox 497 2465 691 2498; x_wconf 77' lang='grc' dir='ltr'><strong>ἐξετηκόμην,</strong></span> <span class='ocrx_word' id='word_1_556' title='bbox 713 2464 758 2490; x_wconf 84' lang='grc' dir='ltr'>ὅτι</span> <span class='ocrx_word' id='word_1_557' title='bbox 797 2464 834 2490; x_wconf 78' lang='grc' dir='ltr'>τὰ</span> <span class='ocrx_word' id='word_1_558' title='bbox 865 2462 953 2497; x_wconf 76' lang='grc' dir='ltr'><strong>λόγιά</strong></span> 
     </span>
    </p>
   </div>
   <div class='ocr_carea' id='block_1_72' title="bbox 163 2507 952 2545">
    <p class='ocr_par' dir='ltr' id='par_1_72' title="bbox 163 2507 952 2545">
     <span class='ocr_line' id='line_1_72' title="bbox 163 2507 952 2545; baseline -0.004 -8"><span class='ocrx_word' id='word_1_559' title='bbox 163 2519 221 2538; x_wconf 74' lang='lat' dir='ltr'><strong>om;</strong></span> <span class='ocrx_word' id='word_1_560' title='bbox 237 2511 293 2537; x_wconf 81' lang='grc' dir='ltr'><strong>οὐκ</strong></span> <span class='ocrx_word' id='word_1_561' title='bbox 311 2509 583 2545; x_wconf 77' lang='grc' dir='ltr'>ἐφυλάξαντο-Ἴδε,</span> <span class='ocrx_word' id='word_1_562' title='bbox 606 2509 651 2536; x_wconf 84' lang='grc' dir='ltr'>ὅτι</span> <span class='ocrx_word' id='word_1_563' title='bbox 674 2510 727 2541; x_wconf 84' lang='grc' dir='ltr'>τὰς</span> <span class='ocrx_word' id='word_1_564' title='bbox 747 2507 873 2541; x_wconf 81' lang='grc' dir='ltr'>ἐντολάς</span> <span class='ocrx_word' id='word_1_565' title='bbox 893 2515 952 2534; x_wconf 89' lang='grc' dir='ltr'><strong>σου</strong></span> 
     </span>
    </p>
   </div>
   <div class='ocr_carea' id='block_1_73' title="bbox 162 2549 951 2586">
    <p class='ocr_par' dir='ltr' id='par_1_73' title="bbox 162 2549 951 2586">
     <span class='ocr_line' id='line_1_73' title="bbox 162 2549 951 2586; baseline -0.001 -8"><span class='ocrx_word' id='word_1_566' title='bbox 162 2552 315 2586; x_wconf 76' lang='grc' dir='ltr'><strong>ἠγάπησα,</strong></span> <span class='ocrx_word' id='word_1_567' title='bbox 326 2552 424 2586; x_wconf 81' lang='grc' dir='ltr'>Κύριε,</span> <span class='ocrx_word' id='word_1_568' title='bbox 437 2552 472 2578; x_wconf 85' lang='grc' dir='ltr'>ἐν</span> <span class='ocrx_word' id='word_1_569' title='bbox 484 2551 524 2584; x_wconf 88' lang='grc' dir='ltr'>τῷ</span> <span class='ocrx_word' id='word_1_570' title='bbox 538 2552 615 2578; x_wconf 78' lang='grc' dir='ltr'>ἐλέει</span> <span class='ocrx_word' id='word_1_571' title='bbox 631 2558 689 2577; x_wconf 85' lang='grc' dir='ltr'>σου</span> <span class='ocrx_word' id='word_1_572' title='bbox 706 2550 798 2585; x_wconf 68' lang='grc' dir='ltr'>ϋῖσόν</span> <span class='ocrx_word' id='word_1_573' title='bbox 809 2558 856 2585; x_wconf 82' lang='grc' dir='ltr'><strong>με.</strong></span> <span class='ocrx_word' id='word_1_574' title='bbox 865 2549 951 2584; x_wconf 79' lang='grc' dir='ltr'><strong>Ἀρχὴ</strong></span> 
     </span>
    </p>
   </div>
   <div class='ocr_carea' id='block_1_74' title="bbox 163 2595 953 2631">
    <p class='ocr_par' dir='ltr' id='par_1_74' title="bbox 163 2595 953 2631">
     <span class='ocr_line' id='line_1_74' title="bbox 163 2595 953 2631; baseline -0.001 -8"><span class='ocrx_word' id='word_1_575' title='bbox 163 2596 222 2624; x_wconf 64' lang='grc' dir='ltr'>τῶν</span> <span class='ocrx_word' id='word_1_576' title='bbox 235 2597 334 2631; x_wconf 76' lang='grc' dir='ltr'>λόγων</span> <span class='ocrx_word' id='word_1_577' title='bbox 348 2604 407 2623; x_wconf 86' lang='grc' dir='ltr'><strong>σου</strong></span> <span class='ocrx_word' id='word_1_578' title='bbox 420 2596 546 2628; x_wconf 82' lang='grc' dir='ltr'>ἀλήθεια</span> <span class='ocrx_word' id='word_1_579' title='bbox 555 2605 561 2611; x_wconf 90' lang='grc'><strong>·</strong></span> <span class='ocrx_word' id='word_1_580' title='bbox 580 2596 629 2623; x_wconf 76' lang='grc' dir='ltr'><strong>καί</strong></span> <span class='ocrx_word' id='word_1_581' title='bbox 643 2598 686 2629; x_wconf 83' lang='grc' dir='ltr'><strong>είς</strong></span> <span class='ocrx_word' id='word_1_582' title='bbox 699 2597 752 2623; x_wconf 78' lang='grc' dir='ltr'>τὸν</span> <span class='ocrx_word' id='word_1_583' title='bbox 767 2595 860 2624; x_wconf 72' lang='grc' dir='ltr'>αἰῶνα</span> <span class='ocrx_word' id='word_1_584' title='bbox 878 2595 953 2622; x_wconf 80' lang='grc' dir='ltr'><strong>πάν-</strong></span> 
     </span>
    </p>
   </div>
   <div class='ocr_carea' id='block_1_75' title="bbox 163 2641 744 2677">
    <p class='ocr_par' dir='ltr' id='par_1_75' title="bbox 163 2641 744 2677">
     <span class='ocr_line' id='line_1_75' title="bbox 163 2641 744 2677; baseline 0 -9"><span class='ocrx_word' id='word_1_585' title='bbox 163 2651 200 2669; x_wconf 69' lang='grc' dir='ltr'><strong>τα</strong></span> <span class='ocrx_word' id='word_1_586' title='bbox 209 2642 246 2669; x_wconf 83' lang='grc' dir='ltr'>τὰ</span> <span class='ocrx_word' id='word_1_587' title='bbox 261 2642 386 2677; x_wconf 85' lang='grc' dir='ltr'>κρίματα</span> <span class='ocrx_word' id='word_1_588' title='bbox 400 2641 455 2676; x_wconf 83' lang='grc' dir='ltr'>τῆς</span> <span class='ocrx_word' id='word_1_589' title='bbox 469 2641 663 2676; x_wconf 72' lang='grc' dir='ltr'>δικαιοσύνης</span> <span class='ocrx_word' id='word_1_590' title='bbox 677 2649 744 2669; x_wconf 89' lang='grc' dir='ltr'>σου.</span> 
     </span>
    </p>
   </div>
   <div class='ocr_carea' id='block_1_76' title="bbox 199 2739 951 2774">
    <p class='ocr_par' dir='ltr' id='par_1_76' title="bbox 199 2739 951 2774">
     <span class='ocr_line' id='line_1_76' title="bbox 199 2739 951 2774; baseline 0.001 -8"><span class='ocrx_word' id='word_1_591' title='bbox 199 2740 359 2774; x_wconf 78' lang='grc' dir='ltr'>Ἄρχοντες</span> <span class='ocrx_word' id='word_1_592' title='bbox 375 2739 558 2772; x_wconf 79' lang='grc' dir='ltr'>κατεδίωξάν</span> <span class='ocrx_word' id='word_1_593' title='bbox 565 2748 603 2774; x_wconf 85' lang='grc' dir='ltr'>με</span> <span class='ocrx_word' id='word_1_594' title='bbox 618 2740 740 2774; x_wconf 79' lang='grc' dir='ltr'>δωρεὰν,</span> <span class='ocrx_word' id='word_1_595' title='bbox 755 2741 803 2767; x_wconf 81' lang='grc' dir='ltr'><strong>καί</strong></span> <span class='ocrx_word' id='word_1_596' title='bbox 819 2741 877 2768; x_wconf 81' lang='grc' dir='ltr'><strong>ἀπὸ</strong></span> <span class='ocrx_word' id='word_1_597' title='bbox 893 2740 951 2767; x_wconf 86' lang='grc' dir='ltr'>τῶν</span> 
     </span>
    </p>
   </div>
   <div class='ocr_carea' id='block_1_77' title="bbox 162 2784 950 2822">
    <p class='ocr_par' dir='ltr' id='par_1_77' title="bbox 162 2784 950 2822">
     <span class='ocr_line' id='line_1_77' title="bbox 162 2784 950 2822; baseline 0.001 -10"><span class='ocrx_word' id='word_1_598' title='bbox 162 2786 260 2819; x_wconf 69' lang='grc' dir='ltr'>λόγων</span> <span class='ocrx_word' id='word_1_599' title='bbox 270 2793 328 2812; x_wconf 88' lang='grc' dir='ltr'><strong>σου</strong></span> <span class='ocrx_word' id='word_1_600' title='bbox 342 2784 512 2812; x_wconf 49' lang='lat' dir='ltr'><strong>samiae”</strong></span> <span class='ocrx_word' id='word_1_601' title='bbox 531 2785 549 2819; x_wconf 80' lang='grc' dir='ltr'><strong>ή</strong></span> <span class='ocrx_word' id='word_1_602' title='bbox 564 2785 671 2819; x_wconf 83' lang='grc' dir='ltr'>καρδία</span> <span class='ocrx_word' id='word_1_603' title='bbox 680 2795 749 2820; x_wconf 83' lang='grc' dir='ltr'>μου.</span> <span class='ocrx_word' id='word_1_604' title='bbox 759 2785 950 2822; x_wconf 78' lang='grc' dir='ltr'>Ἁγαλλιάσο-</span> 
     </span>
    </p>
   </div>
   <div class='ocr_carea' id='block_1_78' title="bbox 160 2829 951 2865">
    <p class='ocr_par' dir='ltr' id='par_1_78' title="bbox 160 2829 951 2865">
     <span class='ocr_line' id='line_1_78' title="bbox 160 2829 951 2865; baseline 0.003 -9"><span class='ocrx_word' id='word_1_605' title='bbox 160 2838 214 2865; x_wconf 82' lang='grc' dir='ltr'>μαι</span> <span class='ocrx_word' id='word_1_606' title='bbox 228 2830 285 2865; x_wconf 54' lang='grc' dir='ltr'><strong>ἐγὼ</strong></span> <span class='ocrx_word' id='word_1_607' title='bbox 297 2830 346 2857; x_wconf 76' lang='grc' dir='ltr'><strong>ἐπὶ</strong></span> <span class='ocrx_word' id='word_1_608' title='bbox 362 2829 399 2856; x_wconf 81' lang='grc' dir='ltr'>τὰ</span> <span class='ocrx_word' id='word_1_609' title='bbox 417 2830 504 2865; x_wconf 75' lang='grc' dir='ltr'><strong>λύτιὰ</strong></span> <span class='ocrx_word' id='word_1_610' title='bbox 514 2838 583 2862; x_wconf 83' lang='grc' dir='ltr'>σου,</span> <span class='ocrx_word' id='word_1_611' title='bbox 597 2831 637 2864; x_wconf 89' lang='grc' dir='ltr'>ὼς</span> <span class='ocrx_word' id='word_1_612' title='bbox 654 2831 670 2858; x_wconf 85' lang='grc' dir='ltr'><em>ό</em></span> <span class='ocrx_word' id='word_1_613' title='bbox 688 2831 836 2865; x_wconf 79' lang='grc' dir='ltr'>εὑρίσκων</span> <span class='ocrx_word' id='word_1_614' title='bbox 851 2832 951 2859; x_wconf 81' lang='grc' dir='ltr'>σκῦλα</span> 
     </span>
    </p>
   </div>
   <div class='ocr_carea' id='block_1_79' title="bbox 161 2875 951 2915">
    <p class='ocr_par' dir='ltr' id='par_1_79' title="bbox 161 2875 951 2915">
     <span class='ocr_line' id='line_1_79' title="bbox 161 2875 951 2915; baseline 0.005 -13"><span class='ocrx_word' id='word_1_615' title='bbox 161 2875 271 2907; x_wconf 73' lang='grc' dir='ltr'><em>πολλά.</em></span> <span class='ocrx_word' id='word_1_616' title='bbox 281 2875 405 2910; x_wconf 75' lang='grc' dir='ltr'>Ἀδικίας</span> <span class='ocrx_word' id='word_1_617' title='bbox 417 2876 550 2912; x_wconf 79' lang='grc' dir='ltr'>ἐμίσησα</span> <span class='ocrx_word' id='word_1_618' title='bbox 562 2877 610 2904; x_wconf 76' lang='grc' dir='ltr'><strong>καί</strong></span> <span class='ocrx_word' id='word_1_619' title='bbox 623 2876 838 2913; x_wconf 66' lang='grc' dir='ltr'>ἑϐδενίινξάμην,</span> <span class='ocrx_word' id='word_1_620' title='bbox 856 2877 906 2915; x_wconf 77' lang='grc' dir='ltr'>τὸν</span> <span class='ocrx_word' id='word_1_621' title='bbox 918 2877 951 2906; x_wconf 76' lang='grc' dir='ltr'><strong>δὲ</strong></span> 
     </span>
    </p>
   </div>
   <div class='ocr_carea' id='block_1_80' title="bbox 1047 1230 1801 1264">
    <p class='ocr_par' dir='ltr' id='par_1_80' title="bbox 1047 1230 1801 1264">
     <span class='ocr_line' id='line_1_80' title="bbox 1047 1230 1801 1264; baseline 0 -6"><span class='ocrx_word' id='word_1_622' title='bbox 1047 1231 1276 1259; x_wconf 53' lang='lat' dir='ltr'><strong>meidii-152.</strong></span> <span class='ocrx_word' id='word_1_623' title='bbox 1297 1231 1391 1258; x_wconf 83' lang='lat' dir='ltr'><strong>Vocem</strong></span> <span class='ocrx_word' id='word_1_624' title='bbox 1417 1239 1503 1259; x_wconf 87' lang='lat' dir='ltr'><strong>meam</strong></span> <span class='ocrx_word' id='word_1_625' title='bbox 1519 1230 1594 1264; x_wconf 86' lang='lat' dir='ltr'><strong>audi,</strong></span> <span class='ocrx_word' id='word_1_626' title='bbox 1616 1230 1737 1263; x_wconf 79' lang='lat' dir='ltr'><strong>Domine,</strong></span> <span class='ocrx_word' id='word_1_627' title='bbox 1758 1239 1801 1258; x_wconf 80' lang='lat' dir='ltr'><strong>sc-</strong></span> 
     </span>
    </p>
   </div>
   <div class='ocr_carea' id='block_1_81' title="bbox 1010 1275 1798 1310">
    <p class='ocr_par' dir='ltr' id='par_1_81' title="bbox 1010 1275 1798 1310">
     <span class='ocr_line' id='line_1_81' title="bbox 1010 1275 1798 1310; baseline -0.001 -7"><span class='ocrx_word' id='word_1_628' title='bbox 1010 1276 1125 1303; x_wconf 87' lang='lat' dir='ltr'><strong>cundum</strong></span> <span class='ocrx_word' id='word_1_629' title='bbox 1150 1275 1360 1303; x_wconf 83' lang='lat' dir='ltr'><strong>misericordiam</strong></span> <span class='ocrx_word' id='word_1_630' title='bbox 1386 1281 1458 1303; x_wconf 85' lang='lat' dir='ltr'><strong>tuam</strong></span> <span class='ocrx_word' id='word_1_631' title='bbox 1473 1296 1480 1308; x_wconf 93' lang='lat'><strong>,</strong></span> <span class='ocrx_word' id='word_1_632' title='bbox 1507 1275 1659 1303; x_wconf 78' lang='lat' dir='ltr'><strong>secundum</strong></span> <span class='ocrx_word' id='word_1_633' title='bbox 1665 1275 1798 1310; x_wconf 82' lang='lat' dir='ltr'><strong>judicium</strong></span> 
     </span>
    </p>
   </div>
   <div class='ocr_carea' id='block_1_82' title="bbox 1008 1320 1798 1355">
    <p class='ocr_par' dir='ltr' id='par_1_82' title="bbox 1008 1320 1798 1355">
     <span class='ocr_line' id='line_1_82' title="bbox 1008 1320 1798 1355; baseline 0.003 -9"><span class='ocrx_word' id='word_1_634' title='bbox 1008 1325 1082 1346; x_wconf 82' lang='lat' dir='ltr'><strong>tuum</strong></span> <span class='ocrx_word' id='word_1_635' title='bbox 1096 1320 1198 1354; x_wconf 80' lang='lat' dir='ltr'><strong>vivi/ica</strong></span> <span class='ocrx_word' id='word_1_636' title='bbox 1210 1327 1259 1347; x_wconf 88' lang='lat' dir='ltr'><strong>me.</strong></span> <span class='ocrx_word' id='word_1_637' title='bbox 1274 1320 1555 1355; x_wconf 83' lang='lat' dir='ltr'><strong>Appropinquaveruut</strong></span> <span class='ocrx_word' id='word_1_638' title='bbox 1566 1325 1746 1355; x_wconf 72' lang='lat' dir='ltr'><strong>persequentes</strong></span> <span class='ocrx_word' id='word_1_639' title='bbox 1758 1329 1798 1348; x_wconf 80' lang='lat' dir='ltr'><strong>me</strong></span> 
     </span>
    </p>
   </div>
   <div class='ocr_carea' id='block_1_83' title="bbox 1007 1364 1798 1400">
    <p class='ocr_par' dir='ltr' id='par_1_83' title="bbox 1007 1364 1798 1400">
     <span class='ocr_line' id='line_1_83' title="bbox 1007 1364 1798 1400; baseline 0.003 -9"><span class='ocrx_word' id='word_1_640' title='bbox 1007 1365 1166 1399; x_wconf 83' lang='lat' dir='ltr'><strong>iniquitati:</strong></span> <span class='ocrx_word' id='word_1_641' title='bbox 1184 1373 1200 1391; x_wconf 78' lang='grc' dir='ltr'><strong>α</strong></span> <span class='ocrx_word' id='word_1_642' title='bbox 1220 1365 1274 1399; x_wconf 84' lang='lat' dir='ltr'><strong>lege</strong></span> <span class='ocrx_word' id='word_1_643' title='bbox 1287 1369 1374 1391; x_wconf 82' lang='lat' dir='ltr'><strong>autem</strong></span> <span class='ocrx_word' id='word_1_644' title='bbox 1389 1371 1434 1391; x_wconf 86' lang='lat' dir='ltr'><strong>tua</strong></span> <span class='ocrx_word' id='word_1_645' title='bbox 1450 1364 1525 1399; x_wconf 86' lang='lat' dir='ltr'><strong>longe</strong></span> <span class='ocrx_word' id='word_1_646' title='bbox 1533 1364 1599 1396; x_wconf 83' lang='lat' dir='ltr'><strong>facti</strong></span> <span class='ocrx_word' id='word_1_647' title='bbox 1616 1369 1688 1392; x_wconf 78' lang='lat' dir='ltr'><strong>sunt.</strong></span> <span class='ocrx_word' id='word_1_648' title='bbox 1713 1365 1798 1400; x_wconf 76' lang='lat' dir='ltr'><strong>Prope</strong></span> 
     </span>
    </p>
   </div>
   <div class='ocr_carea' id='block_1_84' title="bbox 1007 1409 1796 1442">
    <p class='ocr_par' dir='ltr' id='par_1_84' title="bbox 1007 1409 1796 1442">
     <span class='ocr_line' id='line_1_84' title="bbox 1007 1409 1796 1442; baseline 0.001 -5"><span class='ocrx_word' id='word_1_649' title='bbox 1007 1418 1034 1437; x_wconf 81' lang='lat' dir='ltr'><strong>es</strong></span> <span class='ocrx_word' id='word_1_650' title='bbox 1050 1414 1089 1441; x_wconf 85' lang='lat' dir='ltr'><strong>tu,</strong></span> <span class='ocrx_word' id='word_1_651' title='bbox 1118 1410 1245 1442; x_wconf 81' lang='lat' dir='ltr'><strong>Domine,</strong></span> <span class='ocrx_word' id='word_1_652' title='bbox 1273 1415 1297 1437; x_wconf 87' lang='lat' dir='ltr'><strong>et</strong></span> <span class='ocrx_word' id='word_1_653' title='bbox 1318 1418 1406 1438; x_wconf 80' lang='lat' dir='ltr'><strong>omnes</strong></span> <span class='ocrx_word' id='word_1_654' title='bbox 1426 1411 1476 1438; x_wconf 71' lang='lat' dir='ltr'><strong>via:</strong></span> <span class='ocrx_word' id='word_1_655' title='bbox 1502 1415 1554 1437; x_wconf 73' lang='lat' dir='ltr'><strong>tua:</strong></span> <span class='ocrx_word' id='word_1_656' title='bbox 1576 1410 1683 1438; x_wconf 84' lang='lat' dir='ltr'><strong>veritas.</strong></span> <span class='ocrx_word' id='word_1_657' title='bbox 1714 1409 1796 1438; x_wconf 76' lang='lat' dir='ltr'><strong>Initio</strong></span> 
     </span>
    </p>
   </div>
   <div class='ocr_carea' id='block_1_85' title="bbox 1008 1455 1797 1491">
    <p class='ocr_par' dir='ltr' id='par_1_85' title="bbox 1008 1455 1797 1491">
     <span class='ocr_line' id='line_1_85' title="bbox 1008 1455 1797 1491; baseline 0.001 -10"><span class='ocrx_word' id='word_1_658' title='bbox 1008 1455 1118 1490; x_wconf 77' lang='lat' dir='ltr'><strong>cognoui</strong></span> <span class='ocrx_word' id='word_1_659' title='bbox 1140 1455 1172 1482; x_wconf 85' lang='lat' dir='ltr'><strong>de</strong></span> <span class='ocrx_word' id='word_1_660' title='bbox 1194 1455 1352 1483; x_wconf 80' lang='lat' dir='ltr'><strong>testimoniis</strong></span> <span class='ocrx_word' id='word_1_661' title='bbox 1369 1456 1432 1488; x_wconf 88' lang='lat' dir='ltr'><strong>tuis,</strong></span> <span class='ocrx_word' id='word_1_662' title='bbox 1453 1456 1517 1491; x_wconf 82' lang='lat' dir='ltr'><strong>quia</strong></span> <span class='ocrx_word' id='word_1_663' title='bbox 1536 1456 1563 1483; x_wconf 88' lang='lat' dir='ltr'><strong>in</strong></span> <span class='ocrx_word' id='word_1_664' title='bbox 1580 1459 1707 1483; x_wconf 65' lang='lat' dir='ltr'><strong>aeternum</strong></span> <span class='ocrx_word' id='word_1_665' title='bbox 1728 1456 1797 1490; x_wconf 80' lang='lat' dir='ltr'><strong>fun-</strong></span> 
     </span>
    </p>
   </div>
   <div class='ocr_carea' id='block_1_86' title="bbox 1008 1499 1144 1528">
    <p class='ocr_par' dir='ltr' id='par_1_86' title="bbox 1008 1499 1144 1528">
     <span class='ocr_line' id='line_1_86' title="bbox 1008 1499 1144 1528; baseline 0.007 -2"><span class='ocrx_word' id='word_1_666' title='bbox 1008 1499 1081 1527; x_wconf 74' lang='lat' dir='ltr'><strong>dasti</strong></span> <span class='ocrx_word' id='word_1_667' title='bbox 1103 1508 1144 1528; x_wconf 86' lang='lat' dir='ltr'><strong>ea.</strong></span> 
     </span>
    </p>
   </div>
   <div class='ocr_carea' id='block_1_87' title="bbox 1048 1555 1797 1591">
    <p class='ocr_par' dir='ltr' id='par_1_87' title="bbox 1048 1555 1797 1591">
     <span class='ocr_line' id='line_1_87' title="bbox 1048 1555 1797 1591; baseline 0 -9"><span class='ocrx_word' id='word_1_668' title='bbox 1048 1555 1132 1584; x_wconf 76' lang='lat' dir='ltr'><strong>Vens.</strong></span> <span class='ocrx_word' id='word_1_669' title='bbox 1145 1555 1275 1583; x_wconf 66' lang='lat'><strong>155-156.</strong></span> <span class='ocrx_word' id='word_1_670' title='bbox 1309 1555 1373 1583; x_wconf 83' lang='lat' dir='ltr'><strong>Vide</strong></span> <span class='ocrx_word' id='word_1_671' title='bbox 1392 1556 1567 1584; x_wconf 82' lang='lat' dir='ltr'><strong>humilitatem</strong></span> <span class='ocrx_word' id='word_1_672' title='bbox 1586 1565 1669 1584; x_wconf 84' lang='lat' dir='ltr'><strong>meum</strong></span> <span class='ocrx_word' id='word_1_673' title='bbox 1689 1561 1713 1584; x_wconf 86' lang='lat' dir='ltr'><strong>et</strong></span> <span class='ocrx_word' id='word_1_674' title='bbox 1727 1557 1797 1591; x_wconf 72' lang='lat' dir='ltr'><strong>eripe</strong></span> 
     </span>
    </p>
   </div>
   <div class='ocr_carea' id='block_1_88' title="bbox 1011 1601 1796 1636">
    <p class='ocr_par' dir='ltr' id='par_1_88' title="bbox 1011 1601 1796 1636">
     <span class='ocr_line' id='line_1_88' title="bbox 1011 1601 1796 1636; baseline 0.001 -9"><span class='ocrx_word' id='word_1_675' title='bbox 1011 1609 1060 1632; x_wconf 87' lang='lat' dir='ltr'><strong>me,</strong></span> <span class='ocrx_word' id='word_1_676' title='bbox 1075 1601 1138 1636; x_wconf 85' lang='lat' dir='ltr'><strong>quia</strong></span> <span class='ocrx_word' id='word_1_677' title='bbox 1153 1601 1232 1636; x_wconf 72' lang='lat' dir='ltr'><strong>legem</strong></span> <span class='ocrx_word' id='word_1_678' title='bbox 1248 1605 1321 1628; x_wconf 80' lang='lat' dir='ltr'><strong>luant</strong></span> <span class='ocrx_word' id='word_1_679' title='bbox 1338 1610 1390 1629; x_wconf 83' lang='lat' dir='ltr'><strong>non</strong></span> <span class='ocrx_word' id='word_1_680' title='bbox 1409 1610 1469 1629; x_wconf 76' lang='lat' dir='ltr'><strong>sum</strong></span> <span class='ocrx_word' id='word_1_681' title='bbox 1483 1602 1592 1630; x_wconf 81' lang='lat' dir='ltr'><strong>oblitus.</strong></span> <span class='ocrx_word' id='word_1_682' title='bbox 1609 1602 1707 1629; x_wconf 81' lang='lat' dir='ltr'><strong>Iudico</strong></span> <span class='ocrx_word' id='word_1_683' title='bbox 1720 1602 1796 1636; x_wconf 82' lang='lat' dir='ltr'><strong>judi-</strong></span> 
     </span>
    </p>
   </div>
   <div class='ocr_carea' id='block_1_89' title="bbox 1007 1647 1796 1682">
    <p class='ocr_par' dir='ltr' id='par_1_89' title="bbox 1007 1647 1796 1682">
     <span class='ocr_line' id='line_1_89' title="bbox 1007 1647 1796 1682; baseline 0.001 -9"><span class='ocrx_word' id='word_1_684' title='bbox 1007 1647 1077 1673; x_wconf 84' lang='lat' dir='ltr'><strong>cium</strong></span> <span class='ocrx_word' id='word_1_685' title='bbox 1093 1655 1179 1673; x_wconf 85' lang='lat' dir='ltr'><strong>meum</strong></span> <span class='ocrx_word' id='word_1_686' title='bbox 1192 1651 1216 1674; x_wconf 93' lang='lat' dir='ltr'><strong>et</strong></span> <span class='ocrx_word' id='word_1_687' title='bbox 1231 1647 1330 1674; x_wconf 81' lang='lat' dir='ltr'><strong>redime</strong></span> <span class='ocrx_word' id='word_1_688' title='bbox 1343 1655 1394 1680; x_wconf 89' lang='lat' dir='ltr'><strong>me,</strong></span> <span class='ocrx_word' id='word_1_689' title='bbox 1421 1653 1526 1682; x_wconf 84' lang='lat' dir='ltr'><strong>propter</strong></span> <span class='ocrx_word' id='word_1_690' title='bbox 1544 1647 1649 1675; x_wconf 82' lang='lat' dir='ltr'><strong>verbum</strong></span> <span class='ocrx_word' id='word_1_691' title='bbox 1666 1652 1739 1681; x_wconf 77' lang='lat' dir='ltr'><strong>tuum</strong></span> <span class='ocrx_word' id='word_1_692' title='bbox 1759 1650 1796 1675; x_wconf 79' lang='lat' dir='ltr'><strong>oi-</strong></span> 
     </span>
    </p>
   </div>
   <div class='ocr_carea' id='block_1_90' title="bbox 1007 1691 1796 1728">
    <p class='ocr_par' dir='ltr' id='par_1_90' title="bbox 1007 1691 1796 1728">
     <span class='ocr_line' id='line_1_90' title="bbox 1007 1691 1796 1728; baseline 0.003 -10"><span class='ocrx_word' id='word_1_693' title='bbox 1007 1692 1084 1725; x_wconf 82' lang='lat' dir='ltr'><strong>vilica</strong></span> <span class='ocrx_word' id='word_1_694' title='bbox 1109 1700 1157 1719; x_wconf 87' lang='lat' dir='ltr'><strong>me.</strong></span> <span class='ocrx_word' id='word_1_695' title='bbox 1177 1691 1279 1719; x_wconf 85' lang='lat' dir='ltr'><strong>Contra</strong></span> <span class='ocrx_word' id='word_1_696' title='bbox 1295 1692 1422 1720; x_wconf 84' lang='lat' dir='ltr'><strong>inimicos</strong></span> <span class='ocrx_word' id='word_1_697' title='bbox 1443 1693 1486 1720; x_wconf 88' lang='lat' dir='ltr'><strong>vel</strong></span> <span class='ocrx_word' id='word_1_698' title='bbox 1504 1693 1574 1720; x_wconf 81' lang='lat' dir='ltr'><strong>clam</strong></span> <span class='ocrx_word' id='word_1_699' title='bbox 1599 1693 1640 1720; x_wconf 85' lang='lat' dir='ltr'><strong>vel</strong></span> <span class='ocrx_word' id='word_1_700' title='bbox 1659 1693 1748 1728; x_wconf 91' lang='lat' dir='ltr'><strong>palam</strong></span> <span class='ocrx_word' id='word_1_701' title='bbox 1766 1700 1796 1721; x_wconf 90' lang='lat' dir='ltr'><strong>se</strong></span> 
     </span>
    </p>
   </div>
   <div class='ocr_carea' id='block_1_91' title="bbox 1007 1737 1794 1773">
    <p class='ocr_par' dir='ltr' id='par_1_91' title="bbox 1007 1737 1794 1773">
     <span class='ocr_line' id='line_1_91' title="bbox 1007 1737 1794 1773; baseline 0.004 -9"><span class='ocrx_word' id='word_1_702' title='bbox 1007 1740 1197 1772; x_wconf 81' lang='lat' dir='ltr'><strong>oppugnantes</strong></span> <span class='ocrx_word' id='word_1_703' title='bbox 1208 1737 1344 1772; x_wconf 85' lang='lat' dir='ltr'><strong>judicium</strong></span> <span class='ocrx_word' id='word_1_704' title='bbox 1361 1737 1438 1769; x_wconf 81' lang='lat' dir='ltr'><strong>ferri,</strong></span> <span class='ocrx_word' id='word_1_705' title='bbox 1453 1741 1481 1765; x_wconf 87' lang='lat' dir='ltr'><strong>et</strong></span> <span class='ocrx_word' id='word_1_706' title='bbox 1495 1737 1606 1765; x_wconf 85' lang='lat' dir='ltr'><strong>liberari</strong></span> <span class='ocrx_word' id='word_1_707' title='bbox 1621 1745 1651 1765; x_wconf 81' lang='lat' dir='ltr'><strong>se</strong></span> <span class='ocrx_word' id='word_1_708' title='bbox 1663 1738 1794 1773; x_wconf 85' lang='lat' dir='ltr'><strong>postulat.</strong></span> 
     </span>
    </p>
   </div>
   <div class='ocr_carea' id='block_1_92' title="bbox 1010 1783 1795 1819">
    <p class='ocr_par' dir='ltr' id='par_1_92' title="bbox 1010 1783 1795 1819">
     <span class='ocr_line' id='line_1_92' title="bbox 1010 1783 1795 1819; baseline 0.001 -9"><span class='ocrx_word' id='word_1_709' title='bbox 1010 1783 1091 1811; x_wconf 89' lang='lat' dir='ltr'><strong>Solus</strong></span> <span class='ocrx_word' id='word_1_710' title='bbox 1107 1791 1226 1818; x_wconf 89' lang='lat' dir='ltr'><strong>namque</strong></span> <span class='ocrx_word' id='word_1_711' title='bbox 1242 1783 1314 1811; x_wconf 86' lang='lat' dir='ltr'><strong>Deus</strong></span> <span class='ocrx_word' id='word_1_712' title='bbox 1326 1787 1378 1816; x_wconf 88' lang='lat' dir='ltr'><strong>est,</strong></span> <span class='ocrx_word' id='word_1_713' title='bbox 1395 1783 1442 1818; x_wconf 89' lang='lat' dir='ltr'><strong>qui</strong></span> <span class='ocrx_word' id='word_1_714' title='bbox 1465 1783 1501 1810; x_wconf 88' lang='lat' dir='ltr'><strong>ab</strong></span> <span class='ocrx_word' id='word_1_715' title='bbox 1518 1785 1642 1819; x_wconf 87' lang='lat' dir='ltr'><strong>utrisque</strong></span> <span class='ocrx_word' id='word_1_716' title='bbox 1666 1784 1795 1818; x_wconf 86' lang='lat' dir='ltr'><strong>redimit;</strong></span> 
     </span>
    </p>
   </div>
   <div class='ocr_carea' id='block_1_93' title="bbox 1006 1829 1796 1865">
    <p class='ocr_par' dir='ltr' id='par_1_93' title="bbox 1006 1829 1796 1865">
     <span class='ocr_line' id='line_1_93' title="bbox 1006 1829 1796 1865; baseline 0.001 -8"><span class='ocrx_word' id='word_1_717' title='bbox 1006 1833 1034 1857; x_wconf 89' lang='lat' dir='ltr'><strong>et</strong></span> <span class='ocrx_word' id='word_1_718' title='bbox 1049 1837 1104 1856; x_wconf 93' lang='lat' dir='ltr'><strong>non</strong></span> <span class='ocrx_word' id='word_1_719' title='bbox 1118 1837 1134 1856; x_wconf 88' lang='lat' dir='ltr'><strong>a</strong></span> <span class='ocrx_word' id='word_1_720' title='bbox 1152 1833 1239 1856; x_wconf 90' lang='lat' dir='ltr'><strong>morte</strong></span> <span class='ocrx_word' id='word_1_721' title='bbox 1255 1829 1344 1857; x_wconf 93' lang='lat' dir='ltr'><strong>solum</strong></span> <span class='ocrx_word' id='word_1_722' title='bbox 1367 1837 1418 1857; x_wconf 88' lang='lat' dir='ltr'><strong>nos</strong></span> <span class='ocrx_word' id='word_1_723' title='bbox 1435 1829 1541 1861; x_wconf 90' lang='lat' dir='ltr'><strong>liberat,</strong></span> <span class='ocrx_word' id='word_1_724' title='bbox 1561 1837 1642 1865; x_wconf 84' lang='lat' dir='ltr'><strong>quam</strong></span> <span class='ocrx_word' id='word_1_725' title='bbox 1656 1830 1796 1858; x_wconf 69' lang='lat' dir='ltr'><strong>daemones</strong></span> 
     </span>
    </p>
   </div>
   <div class='ocr_carea' id='block_1_94' title="bbox 1006 1873 1794 1906">
    <p class='ocr_par' dir='ltr' id='par_1_94' title="bbox 1006 1873 1794 1906">
     <span class='ocr_line' id='line_1_94' title="bbox 1006 1873 1794 1906; baseline 0.003 -6"><span class='ocrx_word' id='word_1_726' title='bbox 1006 1873 1146 1901; x_wconf 90' lang='lat' dir='ltr'><strong>minantur</strong></span> <span class='ocrx_word' id='word_1_727' title='bbox 1165 1877 1192 1900; x_wconf 88' lang='lat' dir='ltr'><strong>et</strong></span> <span class='ocrx_word' id='word_1_728' title='bbox 1219 1873 1350 1906; x_wconf 81' lang='lat' dir='ltr'><strong>inierunt,</strong></span> <span class='ocrx_word' id='word_1_729' title='bbox 1374 1880 1470 1900; x_wconf 87' lang='lat' dir='ltr'><strong>verum</strong></span> <span class='ocrx_word' id='word_1_730' title='bbox 1496 1873 1578 1900; x_wconf 89' lang='lat' dir='ltr'><strong>etiam</strong></span> <span class='ocrx_word' id='word_1_731' title='bbox 1601 1873 1637 1901; x_wconf 88' lang='lat' dir='ltr'><strong>ob</strong></span> <span class='ocrx_word' id='word_1_732' title='bbox 1670 1874 1794 1902; x_wconf 85' lang='lat' dir='ltr'><strong>eamdem</strong></span> 
     </span>
    </p>
   </div>
   <div class='ocr_carea' id='block_1_95' title="bbox 1007 1916 1792 1952">
    <p class='ocr_par' dir='ltr' id='par_1_95' title="bbox 1007 1916 1792 1952">
     <span class='ocr_line' id='line_1_95' title="bbox 1007 1916 1792 1952; baseline 0.001 -8"><span class='ocrx_word' id='word_1_733' title='bbox 1007 1919 1140 1945; x_wconf 88' lang='lat' dir='ltr'><strong>rationem</strong></span> <span class='ocrx_word' id='word_1_734' title='bbox 1156 1917 1239 1944; x_wconf 86' lang='lat' dir='ltr'><strong>vitam</strong></span> <span class='ocrx_word' id='word_1_735' title='bbox 1255 1918 1368 1952; x_wconf 54' lang='lat' dir='ltr'><strong>praebet.</strong></span> <span class='ocrx_word' id='word_1_736' title='bbox 1382 1916 1468 1952; x_wconf 83' lang='lat' dir='ltr'><strong>Longe</strong></span> <span class='ocrx_word' id='word_1_737' title='bbox 1482 1925 1498 1943; x_wconf 87' lang='lat' dir='ltr'><strong>a</strong></span> <span class='ocrx_word' id='word_1_738' title='bbox 1513 1918 1695 1951; x_wconf 81' lang='lat' dir='ltr'><strong>peccatoribus</strong></span> <span class='ocrx_word' id='word_1_739' title='bbox 1707 1919 1792 1950; x_wconf 80' lang='lat' dir='ltr'><strong>salus,</strong></span> 
     </span>
    </p>
   </div>
   <div class='ocr_carea' id='block_1_96' title="bbox 1004 1963 1795 1998">
    <p class='ocr_par' dir='ltr' id='par_1_96' title="bbox 1004 1963 1795 1998">
     <span class='ocr_line' id='line_1_96' title="bbox 1004 1963 1795 1998; baseline 0.001 -9"><span class='ocrx_word' id='word_1_740' title='bbox 1004 1964 1068 1998; x_wconf 85' lang='lat' dir='ltr'><strong>quia</strong></span> <span class='ocrx_word' id='word_1_741' title='bbox 1087 1963 1292 1997; x_wconf 77' lang='lat' dir='ltr'><strong>justiﬁcationes</strong></span> <span class='ocrx_word' id='word_1_742' title='bbox 1317 1967 1376 1989; x_wconf 83' lang='lat' dir='ltr'><strong>tuas</strong></span> <span class='ocrx_word' id='word_1_743' title='bbox 1401 1971 1453 1990; x_wconf 90' lang='lat' dir='ltr'><strong>non</strong></span> <span class='ocrx_word' id='word_1_744' title='bbox 1473 1963 1663 1998; x_wconf 68' lang='lat' dir='ltr'><strong>exquisicrunt.</strong></span> <span class='ocrx_word' id='word_1_745' title='bbox 1690 1964 1795 1991; x_wconf 72' lang='lat' dir='ltr'><strong>Miseri:</strong></span> 
     </span>
    </p>
   </div>
   <div class='ocr_carea' id='block_1_97' title="bbox 1005 2007 1794 2044">
    <p class='ocr_par' dir='ltr' id='par_1_97' title="bbox 1005 2007 1794 2044">
     <span class='ocr_line' id='line_1_97' title="bbox 1005 2007 1794 2044; baseline 0.001 -9"><span class='ocrx_word' id='word_1_746' title='bbox 1005 2008 1101 2036; x_wconf 68' lang='lat' dir='ltr'><strong>cordia;</strong></span> <span class='ocrx_word' id='word_1_747' title='bbox 1129 2012 1184 2035; x_wconf 75' lang='lat' dir='ltr'><strong>tua:</strong></span> <span class='ocrx_word' id='word_1_748' title='bbox 1208 2008 1310 2041; x_wconf 74' lang='lat' dir='ltr'><strong>mutue,</strong></span> <span class='ocrx_word' id='word_1_749' title='bbox 1340 2007 1466 2041; x_wconf 81' lang='lat' dir='ltr'><strong>Domine,</strong></span> <span class='ocrx_word' id='word_1_750' title='bbox 1496 2009 1639 2036; x_wconf 86' lang='lat' dir='ltr'><strong>secundum</strong></span> <span class='ocrx_word' id='word_1_751' title='bbox 1660 2009 1794 2044; x_wconf 78' lang='lat' dir='ltr'><strong>judicium</strong></span> 
     </span>
    </p>
   </div>
   <div class='ocr_carea' id='block_1_98' title="bbox 1006 2051 1794 2088">
    <p class='ocr_par' dir='ltr' id='par_1_98' title="bbox 1006 2051 1794 2088">
     <span class='ocr_line' id='line_1_98' title="bbox 1006 2051 1794 2088; baseline 0.001 -9"><span class='ocrx_word' id='word_1_752' title='bbox 1006 2058 1080 2079; x_wconf 85' lang='lat' dir='ltr'><strong>tuum</strong></span> <span class='ocrx_word' id='word_1_753' title='bbox 1104 2053 1207 2088; x_wconf 72' lang='lat' dir='ltr'><strong>civi/ica</strong></span> <span class='ocrx_word' id='word_1_754' title='bbox 1225 2061 1276 2080; x_wconf 86' lang='lat' dir='ltr'><strong>me.</strong></span> <span class='ocrx_word' id='word_1_755' title='bbox 1300 2051 1485 2080; x_wconf 78' lang='lat' dir='ltr'><strong>Misericordia</strong></span> <span class='ocrx_word' id='word_1_756' title='bbox 1507 2053 1626 2081; x_wconf 85' lang='lat' dir='ltr'><strong>hominis</strong></span> <span class='ocrx_word' id='word_1_757' title='bbox 1644 2053 1672 2080; x_wconf 95' lang='lat' dir='ltr'><strong>in</strong></span> <span class='ocrx_word' id='word_1_758' title='bbox 1697 2053 1794 2088; x_wconf 68' lang='lat' dir='ltr'><strong>prosi-</strong></span> 
     </span>
    </p>
   </div>
   <div class='ocr_carea' id='block_1_99' title="bbox 1005 2097 1792 2131">
    <p class='ocr_par' dir='ltr' id='par_1_99' title="bbox 1005 2097 1792 2131">
     <span class='ocr_line' id='line_1_99' title="bbox 1005 2097 1792 2131; baseline 0 -6"><span class='ocrx_word' id='word_1_759' title='bbox 1005 2106 1079 2125; x_wconf 92' lang='lat' dir='ltr'><strong>mum</strong></span> <span class='ocrx_word' id='word_1_760' title='bbox 1097 2106 1177 2126; x_wconf 92' lang='lat' dir='ltr'><strong>suum</strong></span> <span class='ocrx_word' id='word_1_761' title='bbox 1195 2101 1256 2131; x_wconf 87' lang='lat' dir='ltr'><strong>est;</strong></span> <span class='ocrx_word' id='word_1_762' title='bbox 1276 2097 1467 2125; x_wconf 86' lang='lat' dir='ltr'><strong>misericordia</strong></span> <span class='ocrx_word' id='word_1_763' title='bbox 1488 2105 1554 2125; x_wconf 90' lang='lat' dir='ltr'><strong>vero</strong></span> <span class='ocrx_word' id='word_1_764' title='bbox 1569 2097 1617 2125; x_wconf 92' lang='lat' dir='ltr'><strong>Dei</strong></span> <span class='ocrx_word' id='word_1_765' title='bbox 1641 2098 1669 2125; x_wconf 92' lang='lat' dir='ltr'><strong>in</strong></span> <span class='ocrx_word' id='word_1_766' title='bbox 1684 2106 1792 2126; x_wconf 88' lang='lat' dir='ltr'><strong>omnem</strong></span> 
     </span>
    </p>
   </div>
   <div class='ocr_carea' id='block_1_100' title="bbox 1005 2142 1793 2178">
    <p class='ocr_par' dir='ltr' id='par_1_100' title="bbox 1005 2142 1793 2178">
     <span class='ocr_line' id='line_1_100' title="bbox 1005 2142 1793 2178; baseline -0.001 -7"><span class='ocrx_word' id='word_1_767' title='bbox 1005 2151 1128 2177; x_wconf 78' lang='lat' dir='ltr'><strong>carnem,</strong></span> <span class='ocrx_word' id='word_1_768' title='bbox 1143 2143 1189 2178; x_wconf 91' lang='lat' dir='ltr'><strong>qui</strong></span> <span class='ocrx_word' id='word_1_769' title='bbox 1201 2143 1283 2171; x_wconf 87' lang='lat' dir='ltr'><strong>etiam</strong></span> <span class='ocrx_word' id='word_1_770' title='bbox 1295 2143 1375 2178; x_wconf 76' lang='lat' dir='ltr'><strong>longe</strong></span> <span class='ocrx_word' id='word_1_771' title='bbox 1388 2142 1559 2178; x_wconf 73' lang='lat' dir='ltr'><strong>iustissimus</strong></span> <span class='ocrx_word' id='word_1_772' title='bbox 1570 2147 1622 2171; x_wconf 87' lang='lat' dir='ltr'><strong>est.</strong></span> <span class='ocrx_word' id='word_1_773' title='bbox 1637 2143 1704 2170; x_wconf 80' lang='lat' dir='ltr'><strong>Nam</strong></span> <span class='ocrx_word' id='word_1_774' title='bbox 1718 2151 1793 2170; x_wconf 87' lang='lat' dir='ltr'><strong>com-</strong></span> 
     </span>
    </p>
   </div>
   <div class='ocr_carea' id='block_1_101' title="bbox 1006 2188 1793 2225">
    <p class='ocr_par' dir='ltr' id='par_1_101' title="bbox 1006 2188 1793 2225">
     <span class='ocr_line' id='line_1_101' title="bbox 1006 2188 1793 2225; baseline -0.001 -9"><span class='ocrx_word' id='word_1_775' title='bbox 1006 2190 1150 2225; x_wconf 86' lang='lat' dir='ltr'><strong>paratione</strong></span> <span class='ocrx_word' id='word_1_776' title='bbox 1166 2189 1307 2217; x_wconf 90' lang='lat' dir='ltr'><strong>hominum</strong></span> <span class='ocrx_word' id='word_1_777' title='bbox 1331 2189 1402 2216; x_wconf 78' lang='lat' dir='ltr'><strong>facta</strong></span> <span class='ocrx_word' id='word_1_778' title='bbox 1420 2189 1453 2216; x_wconf 85' lang='lat' dir='ltr'><strong>ad</strong></span> <span class='ocrx_word' id='word_1_779' title='bbox 1471 2192 1630 2216; x_wconf 86' lang='lat' dir='ltr'><strong>accuratum</strong></span> <span class='ocrx_word' id='word_1_780' title='bbox 1652 2188 1698 2216; x_wconf 90' lang='lat' dir='ltr'><strong>Dei</strong></span> <span class='ocrx_word' id='word_1_781' title='bbox 1718 2188 1793 2222; x_wconf 86' lang='lat' dir='ltr'><strong>judi-</strong></span> 
     </span>
    </p>
   </div>
   <div class='ocr_carea' id='block_1_102' title="bbox 1007 2232 1794 2268">
    <p class='ocr_par' dir='ltr' id='par_1_102' title="bbox 1007 2232 1794 2268">
     <span class='ocr_line' id='line_1_102' title="bbox 1007 2232 1794 2268; baseline 0 -8"><span class='ocrx_word' id='word_1_782' title='bbox 1007 2234 1101 2264; x_wconf 83' lang='lat' dir='ltr'><strong>cium,</strong></span> <span class='ocrx_word' id='word_1_783' title='bbox 1122 2233 1230 2268; x_wconf 88' lang='lat' dir='ltr'><strong>justitia</strong></span> <span class='ocrx_word' id='word_1_784' title='bbox 1258 2233 1448 2260; x_wconf 87' lang='lat' dir='ltr'><strong>misericordia</strong></span> <span class='ocrx_word' id='word_1_785' title='bbox 1471 2233 1583 2268; x_wconf 74' lang='lat' dir='ltr'><strong>indiget.</strong></span> <span class='ocrx_word' id='word_1_786' title='bbox 1606 2232 1794 2267; x_wconf 85' lang='lat' dir='ltr'><strong>Quodcunque</strong></span> 
     </span>
    </p>
   </div>
   <div class='ocr_carea' id='block_1_103' title="bbox 1006 2278 1793 2313">
    <p class='ocr_par' dir='ltr' id='par_1_103' title="bbox 1006 2278 1793 2313">
     <span class='ocr_line' id='line_1_103' title="bbox 1006 2278 1793 2313; baseline -0.003 -7"><span class='ocrx_word' id='word_1_787' title='bbox 1006 2279 1080 2306; x_wconf 90' lang='lat' dir='ltr'><strong>cnim</strong></span> <span class='ocrx_word' id='word_1_788' title='bbox 1097 2279 1248 2307; x_wconf 85' lang='lat' dir='ltr'><strong>secundum</strong></span> <span class='ocrx_word' id='word_1_789' title='bbox 1266 2278 1483 2306; x_wconf 87' lang='lat' dir='ltr'><strong>misericordiam</strong></span> <span class='ocrx_word' id='word_1_790' title='bbox 1505 2278 1597 2313; x_wconf 82' lang='lat' dir='ltr'><strong>peragi</strong></span> <span class='ocrx_word' id='word_1_791' title='bbox 1611 2278 1728 2311; x_wconf 85' lang='lat' dir='ltr'><strong>videtur,</strong></span> <span class='ocrx_word' id='word_1_792' title='bbox 1741 2279 1793 2305; x_wconf 83' lang='lat' dir='ltr'><strong>mi-</strong></span> 
     </span>
    </p>
   </div>
   <div class='ocr_carea' id='block_1_104' title="bbox 1006 2323 1791 2358">
    <p class='ocr_par' dir='ltr' id='par_1_104' title="bbox 1006 2323 1791 2358">
     <span class='ocr_line' id='line_1_104' title="bbox 1006 2323 1791 2358; baseline -0.003 -6"><span class='ocrx_word' id='word_1_793' title='bbox 1006 2324 1157 2352; x_wconf 83' lang='lat' dir='ltr'><strong>sericordia</strong></span> <span class='ocrx_word' id='word_1_794' title='bbox 1179 2324 1225 2352; x_wconf 90' lang='lat' dir='ltr'><strong>Dei</strong></span> <span class='ocrx_word' id='word_1_795' title='bbox 1243 2323 1370 2351; x_wconf 69' lang='lat' dir='ltr'><strong>edicitur.</strong></span> <span class='ocrx_word' id='word_1_796' title='bbox 1398 2323 1469 2356; x_wconf 87' lang='lat' dir='ltr'><strong>Quid</strong></span> <span class='ocrx_word' id='word_1_797' title='bbox 1486 2323 1559 2350; x_wconf 90' lang='lat' dir='ltr'><strong>enim</strong></span> <span class='ocrx_word' id='word_1_798' title='bbox 1582 2323 1646 2358; x_wconf 84' lang='lat' dir='ltr'><strong>quis</strong></span> <span class='ocrx_word' id='word_1_799' title='bbox 1670 2330 1791 2358; x_wconf 90' lang='lat' dir='ltr'><strong>unquam</strong></span> 
     </span>
    </p>
   </div>
   <div class='ocr_carea' id='block_1_105' title="bbox 1006 2368 1793 2404">
    <p class='ocr_par' dir='ltr' id='par_1_105' title="bbox 1006 2368 1793 2404">
     <span class='ocr_line' id='line_1_105' title="bbox 1006 2368 1793 2404; baseline 0.001 -9"><span class='ocrx_word' id='word_1_800' title='bbox 1006 2373 1107 2396; x_wconf 83' lang='lat' dir='ltr'><strong>aeterna</strong></span> <span class='ocrx_word' id='word_1_801' title='bbox 1120 2368 1292 2397; x_wconf 85' lang='lat' dir='ltr'><strong>beatitudine</strong></span> <span class='ocrx_word' id='word_1_802' title='bbox 1310 2371 1337 2396; x_wconf 87' lang='lat' dir='ltr'><strong>et.</strong></span> <span class='ocrx_word' id='word_1_803' title='bbox 1353 2375 1437 2404; x_wconf 81' lang='lat' dir='ltr'><strong>regno</strong></span> <span class='ocrx_word' id='word_1_804' title='bbox 1458 2369 1590 2396; x_wconf 70' lang='lat' dir='ltr'><strong>cmlorum</strong></span> <span class='ocrx_word' id='word_1_805' title='bbox 1605 2369 1717 2403; x_wconf 80' lang='lat' dir='ltr'><strong>dignum</strong></span> <span class='ocrx_word' id='word_1_806' title='bbox 1732 2376 1793 2404; x_wconf 73' lang='lat' dir='ltr'><strong>ges-</strong></span> 
     </span>
    </p>
   </div>
   <div class='ocr_carea' id='block_1_106' title="bbox 1006 2412 1793 2448">
    <p class='ocr_par' dir='ltr' id='par_1_106' title="bbox 1006 2412 1793 2448">
     <span class='ocr_line' id='line_1_106' title="bbox 1006 2412 1793 2448; baseline 0 -7"><span class='ocrx_word' id='word_1_807' title='bbox 1006 2414 1082 2446; x_wconf 86' lang='lat' dir='ltr'><strong>serit,</strong></span> <span class='ocrx_word' id='word_1_808' title='bbox 1101 2413 1155 2441; x_wconf 85' lang='lat' dir='ltr'><strong>nisi</strong></span> <span class='ocrx_word' id='word_1_809' title='bbox 1170 2413 1225 2441; x_wconf 88' lang='lat' dir='ltr'><strong>Deo</strong></span> <span class='ocrx_word' id='word_1_810' title='bbox 1237 2414 1407 2448; x_wconf 86' lang='lat' dir='ltr'><strong>opitulante?</strong></span> <span class='ocrx_word' id='word_1_811' title='bbox 1420 2428 1455 2433; x_wconf 90' lang='lat'><strong>--</strong></span> <span class='ocrx_word' id='word_1_812' title='bbox 1471 2412 1555 2442; x_wconf 76' lang='lat' dir='ltr'><strong>Vsus.</strong></span> <span class='ocrx_word' id='word_1_813' title='bbox 1569 2413 1696 2441; x_wconf 81' lang='grc'><strong>157-160.</strong></span> <span class='ocrx_word' id='word_1_814' title='bbox 1710 2413 1793 2441; x_wconf 73' lang='lat' dir='ltr'><strong>Multi</strong></span> 
     </span>
    </p>
   </div>
   <div class='ocr_carea' id='block_1_107' title="bbox 1005 2458 1791 2493">
    <p class='ocr_par' dir='ltr' id='par_1_107' title="bbox 1005 2458 1791 2493">
     <span class='ocr_line' id='line_1_107' title="bbox 1005 2458 1791 2493; baseline 0 -8"><span class='ocrx_word' id='word_1_815' title='bbox 1005 2459 1050 2493; x_wconf 74' lang='lat' dir='ltr'><strong>qui</strong></span> <span class='ocrx_word' id='word_1_816' title='bbox 1069 2463 1258 2493; x_wconf 77' lang='lat' dir='ltr'><strong>persequuntur</strong></span> <span class='ocrx_word' id='word_1_817' title='bbox 1274 2466 1314 2485; x_wconf 91' lang='lat' dir='ltr'><strong>me</strong></span> <span class='ocrx_word' id='word_1_818' title='bbox 1327 2462 1352 2485; x_wconf 82' lang='lat' dir='ltr'><strong>et</strong></span> <span class='ocrx_word' id='word_1_819' title='bbox 1377 2458 1505 2485; x_wconf 77' lang='lat' dir='ltr'><strong>tribulam</strong></span> <span class='ocrx_word' id='word_1_820' title='bbox 1522 2466 1573 2491; x_wconf 87' lang='lat' dir='ltr'><strong>me,</strong></span> <span class='ocrx_word' id='word_1_821' title='bbox 1596 2466 1613 2484; x_wconf 87' lang='lat' dir='ltr'><strong>a</strong></span> <span class='ocrx_word' id='word_1_822' title='bbox 1635 2458 1791 2485; x_wconf 80' lang='lat' dir='ltr'><strong>testimoniis</strong></span> 
     </span>
    </p>
   </div>
   <div class='ocr_carea' id='block_1_108' title="bbox 1005 2503 1789 2538">
    <p class='ocr_par' dir='ltr' id='par_1_108' title="bbox 1005 2503 1789 2538">
     <span class='ocr_line' id='line_1_108' title="bbox 1005 2503 1789 2538; baseline 0.004 -9"><span class='ocrx_word' id='word_1_823' title='bbox 1005 2504 1057 2529; x_wconf 77' lang='lat' dir='ltr'><strong>tuis</strong></span> <span class='ocrx_word' id='word_1_824' title='bbox 1072 2511 1125 2530; x_wconf 86' lang='lat' dir='ltr'><strong>non</strong></span> <span class='ocrx_word' id='word_1_825' title='bbox 1140 2504 1279 2530; x_wconf 81' lang='lat' dir='ltr'><strong>declinavi.</strong></span> <span class='ocrx_word' id='word_1_826' title='bbox 1313 2503 1371 2530; x_wconf 83' lang='lat' dir='ltr'><strong>Vidi</strong></span> <span class='ocrx_word' id='word_1_827' title='bbox 1390 2503 1553 2538; x_wconf 77' lang='lat' dir='ltr'><strong>insipientes,</strong></span> <span class='ocrx_word' id='word_1_828' title='bbox 1573 2509 1598 2532; x_wconf 84' lang='lat' dir='ltr'><strong>et</strong></span> <span class='ocrx_word' id='word_1_829' title='bbox 1616 2504 1789 2538; x_wconf 83' lang='lat' dir='ltr'><strong>tabescebam,</strong></span> 
     </span>
    </p>
   </div>
   <div class='ocr_carea' id='block_1_109' title="bbox 1005 2545 1792 2584">
    <p class='ocr_par' dir='ltr' id='par_1_109' title="bbox 1005 2545 1792 2584">
     <span class='ocr_line' id='line_1_109' title="bbox 1005 2545 1792 2584; baseline 0.006 -13"><span class='ocrx_word' id='word_1_830' title='bbox 1005 2546 1068 2580; x_wconf 87' lang='lat' dir='ltr'><strong>quia</strong></span> <span class='ocrx_word' id='word_1_831' title='bbox 1083 2545 1188 2581; x_wconf 83' lang='lat' dir='ltr'><strong>eloquia</strong></span> <span class='ocrx_word' id='word_1_832' title='bbox 1217 2551 1263 2573; x_wconf 84' lang='lat' dir='ltr'><strong>tua</strong></span> <span class='ocrx_word' id='word_1_833' title='bbox 1285 2555 1337 2574; x_wconf 87' lang='lat' dir='ltr'><strong>non</strong></span> <span class='ocrx_word' id='word_1_834' title='bbox 1361 2548 1551 2575; x_wconf 72' lang='lat' dir='ltr'><strong>custodierunt.</strong></span> <span class='ocrx_word' id='word_1_835' title='bbox 1582 2548 1646 2576; x_wconf 81' lang='lat' dir='ltr'><strong>Vide</strong></span> <span class='ocrx_word' id='word_1_836' title='bbox 1668 2550 1792 2584; x_wconf 86' lang='lat' dir='ltr'><strong>quoniam</strong></span> 
     </span>
    </p>
   </div>
   <div class='ocr_carea' id='block_1_110' title="bbox 1005 2591 1792 2625">
    <p class='ocr_par' dir='ltr' id='par_1_110' title="bbox 1005 2591 1792 2625">
     <span class='ocr_line' id='line_1_110' title="bbox 1005 2591 1792 2625; baseline 0.006 -8"><span class='ocrx_word' id='word_1_837' title='bbox 1005 2591 1134 2618; x_wconf 87' lang='lat' dir='ltr'><strong>mandata</strong></span> <span class='ocrx_word' id='word_1_838' title='bbox 1150 2596 1196 2618; x_wconf 88' lang='lat' dir='ltr'><strong>tua</strong></span> <span class='ocrx_word' id='word_1_839' title='bbox 1222 2592 1314 2624; x_wconf 67' lang='lat' dir='ltr'><strong>dilexi,</strong></span> <span class='ocrx_word' id='word_1_840' title='bbox 1342 2592 1463 2625; x_wconf 83' lang='lat' dir='ltr'><strong>Domine,</strong></span> <span class='ocrx_word' id='word_1_841' title='bbox 1488 2593 1515 2620; x_wconf 85' lang='lat' dir='ltr'><strong>in</strong></span> <span class='ocrx_word' id='word_1_842' title='bbox 1539 2594 1722 2623; x_wconf 73' lang='lat' dir='ltr'><strong>misericordia</strong></span> <span class='ocrx_word' id='word_1_843' title='bbox 1745 2600 1792 2622; x_wconf 82' lang='lat' dir='ltr'><strong>tua</strong></span> 
     </span>
    </p>
   </div>
   <div class='ocr_carea' id='block_1_111' title="bbox 1004 2637 1792 2674">
    <p class='ocr_par' dir='ltr' id='par_1_111' title="bbox 1004 2637 1792 2674">
     <span class='ocr_line' id='line_1_111' title="bbox 1004 2637 1792 2674; baseline 0.004 -10"><span class='ocrx_word' id='word_1_844' title='bbox 1004 2637 1106 2671; x_wconf 73' lang='lat' dir='ltr'><strong>vivi/ica</strong></span> <span class='ocrx_word' id='word_1_845' title='bbox 1124 2646 1174 2665; x_wconf 87' lang='lat' dir='ltr'><strong>me.</strong></span> <span class='ocrx_word' id='word_1_846' title='bbox 1192 2637 1357 2672; x_wconf 84' lang='lat' dir='ltr'><strong>Principium</strong></span> <span class='ocrx_word' id='word_1_847' title='bbox 1375 2639 1511 2666; x_wconf 82' lang='lat' dir='ltr'><strong>verborum</strong></span> <span class='ocrx_word' id='word_1_848' title='bbox 1526 2645 1631 2666; x_wconf 83' lang='lat' dir='ltr'><strong>tuorum</strong></span> <span class='ocrx_word' id='word_1_849' title='bbox 1645 2641 1750 2674; x_wconf 79' lang='lat' dir='ltr'><strong>veritas,</strong></span> <span class='ocrx_word' id='word_1_850' title='bbox 1765 2645 1792 2667; x_wconf 82' lang='lat' dir='ltr'><strong>et</strong></span> 
     </span>
    </p>
   </div>
   <div class='ocr_carea' id='block_1_112' title="bbox 1005 2683 1594 2719">
    <p class='ocr_par' dir='ltr' id='par_1_112' title="bbox 1005 2683 1594 2719">
     <span class='ocr_line' id='line_1_112' title="bbox 1005 2683 1594 2719; baseline 0.005 -9"><span class='ocrx_word' id='word_1_851' title='bbox 1005 2683 1032 2709; x_wconf 82' lang='lat' dir='ltr'><strong>in</strong></span> <span class='ocrx_word' id='word_1_852' title='bbox 1050 2687 1178 2710; x_wconf 66' lang='lat' dir='ltr'><strong>aeternum</strong></span> <span class='ocrx_word' id='word_1_853' title='bbox 1189 2684 1278 2710; x_wconf 82' lang='lat' dir='ltr'><strong>omnia</strong></span> <span class='ocrx_word' id='word_1_854' title='bbox 1288 2683 1393 2717; x_wconf 86' lang='lat' dir='ltr'><strong>judicia</strong></span> <span class='ocrx_word' id='word_1_855' title='bbox 1406 2684 1520 2719; x_wconf 72' lang='lat' dir='ltr'><strong>justitiat</strong></span> <span class='ocrx_word' id='word_1_856' title='bbox 1532 2689 1594 2714; x_wconf 74' lang='lat' dir='ltr'><strong>tuw.</strong></span> 
     </span>
    </p>
   </div>
   <div class='ocr_carea' id='block_1_113' title="bbox 1039 2739 1791 2777">
    <p class='ocr_par' dir='ltr' id='par_1_113' title="bbox 1039 2739 1791 2777">
     <span class='ocr_line' id='line_1_113' title="bbox 1039 2739 1791 2777; baseline 0.003 -11"><span class='ocrx_word' id='word_1_857' title='bbox 1039 2739 1122 2768; x_wconf 67' lang='lat' dir='ltr'><strong>Vens.</strong></span> <span class='ocrx_word' id='word_1_858' title='bbox 1133 2740 1258 2768; x_wconf 67' lang='lat'><strong>161-164.</strong></span> <span class='ocrx_word' id='word_1_859' title='bbox 1270 2741 1404 2776; x_wconf 79' lang='lat' dir='ltr'><strong>Principes</strong></span> <span class='ocrx_word' id='word_1_860' title='bbox 1412 2742 1609 2776; x_wconf 80' lang='lat' dir='ltr'><strong>persecutisunl</strong></span> <span class='ocrx_word' id='word_1_861' title='bbox 1617 2742 1758 2777; x_wconf 82' lang='lat' dir='ltr'><strong>megratis,</strong></span> <span class='ocrx_word' id='word_1_862' title='bbox 1766 2746 1791 2769; x_wconf 77' lang='lat' dir='ltr'><strong>et</strong></span> 
     </span>
    </p>
   </div>
   <div class='ocr_carea' id='block_1_114' title="bbox 1004 2780 1790 2822">
    <p class='ocr_par' dir='ltr' id='par_1_114' title="bbox 1004 2780 1790 2822">
     <span class='ocr_line' id='line_1_114' title="bbox 1004 2780 1790 2822; baseline 0.001 -10"><span class='ocrx_word' id='word_1_863' title='bbox 1004 2793 1021 2811; x_wconf 84' lang='grc' dir='ltr'><strong>α</strong></span> <span class='ocrx_word' id='word_1_864' title='bbox 1038 2785 1121 2813; x_wconf 81' lang='lat' dir='ltr'><strong>verbis</strong></span> <span class='ocrx_word' id='word_1_865' title='bbox 1137 2780 1189 2812; x_wconf 71' lang='lat' dir='ltr'><strong>tuis</strong></span> <span class='ocrx_word' id='word_1_866' title='bbox 1204 2786 1357 2821; x_wconf 80' lang='lat' dir='ltr'><strong>formidavit</strong></span> <span class='ocrx_word' id='word_1_867' title='bbox 1373 2795 1418 2814; x_wconf 89' lang='lat' dir='ltr'><strong>cor</strong></span> <span class='ocrx_word' id='word_1_868' title='bbox 1435 2795 1530 2814; x_wconf 84' lang='lat' dir='ltr'><strong>meum.</strong></span> <span class='ocrx_word' id='word_1_869' title='bbox 1547 2787 1671 2815; x_wconf 68' lang='lat' dir='ltr'><strong>Latabor</strong></span> <span class='ocrx_word' id='word_1_870' title='bbox 1683 2795 1729 2822; x_wconf 85' lang='lat' dir='ltr'><strong>ego</strong></span> <span class='ocrx_word' id='word_1_871' title='bbox 1744 2796 1790 2814; x_wconf 77' lang='lat' dir='ltr'><strong>su-</strong></span> 
     </span>
    </p>
   </div>
   <div class='ocr_carea' id='block_1_115' title="bbox 1003 2831 1789 2868">
    <p class='ocr_par' dir='ltr' id='par_1_115' title="bbox 1003 2831 1789 2868">
     <span class='ocr_line' id='line_1_115' title="bbox 1003 2831 1789 2868; baseline 0.003 -11"><span class='ocrx_word' id='word_1_872' title='bbox 1003 2840 1048 2867; x_wconf 81' lang='lat' dir='ltr'><strong>per</strong></span> <span class='ocrx_word' id='word_1_873' title='bbox 1061 2831 1166 2866; x_wconf 85' lang='lat' dir='ltr'><strong>eloquia</strong></span> <span class='ocrx_word' id='word_1_874' title='bbox 1178 2837 1234 2865; x_wconf 87' lang='lat' dir='ltr'><strong>tua,</strong></span> <span class='ocrx_word' id='word_1_875' title='bbox 1251 2833 1319 2860; x_wconf 83' lang='lat' dir='ltr'><strong>sicut</strong></span> <span class='ocrx_word' id='word_1_876' title='bbox 1335 2833 1379 2868; x_wconf 85' lang='lat' dir='ltr'><strong>qui</strong></span> <span class='ocrx_word' id='word_1_877' title='bbox 1394 2833 1489 2861; x_wconf 83' lang='lat' dir='ltr'><strong>invenit</strong></span> <span class='ocrx_word' id='word_1_878' title='bbox 1502 2833 1586 2868; x_wconf 82' lang='lat' dir='ltr'><strong>spolia</strong></span> <span class='ocrx_word' id='word_1_879' title='bbox 1606 2833 1701 2861; x_wconf 83' lang='lat' dir='ltr'><strong>multa.</strong></span> <span class='ocrx_word' id='word_1_880' title='bbox 1732 2833 1789 2860; x_wconf 86' lang='lat' dir='ltr'><strong>Ini-</strong></span> 
     </span>
    </p>
   </div>
   <div class='ocr_carea' id='block_1_116' title="bbox 1002 2877 1789 2916">
    <p class='ocr_par' dir='ltr' id='par_1_116' title="bbox 1002 2877 1789 2916">
     <span class='ocr_line' id='line_1_116' title="bbox 1002 2877 1789 2916; baseline 0 -11"><span class='ocrx_word' id='word_1_881' title='bbox 1002 2877 1118 2915; x_wconf 79' lang='lat' dir='ltr'><strong>quitates</strong></span> <span class='ocrx_word' id='word_1_882' title='bbox 1145 2877 1204 2906; x_wconf 89' lang='lat' dir='ltr'><strong>odio</strong></span> <span class='ocrx_word' id='word_1_883' title='bbox 1220 2878 1313 2916; x_wconf 27' lang='lat' dir='ltr'><strong>‘Iiabui-</strong></span> <span class='ocrx_word' id='word_1_884' title='bbox 1323 2883 1348 2907; x_wconf 83' lang='lat' dir='ltr'><strong>et</strong></span> <span class='ocrx_word' id='word_1_885' title='bbox 1364 2879 1532 2909; x_wconf 76' lang='lat' dir='ltr'><strong>abominatus</strong></span> <span class='ocrx_word' id='word_1_886' title='bbox 1548 2887 1617 2914; x_wconf 75' lang='lat' dir='ltr'><strong>sum,</strong></span> <span class='ocrx_word' id='word_1_887' title='bbox 1642 2880 1718 2915; x_wconf 82' lang='lat' dir='ltr'><strong>legem</strong></span> <span class='ocrx_word' id='word_1_888' title='bbox 1739 2886 1789 2905; x_wconf 87' lang='lat' dir='ltr'><strong>au-</strong></span> 
     </span>
    </p>
   </div>
   <div class='ocr_carea' id='block_1_117' title="bbox 1526 2956 1541 2966">
    <p class='ocr_par' dir='ltr' id='par_1_117' title="bbox 1526 2956 1541 2966">
     <span class='ocr_line' id='line_1_117' title="bbox 1526 2956 1541 2966; baseline 0 0"><span class='ocrx_word' id='word_1_889' title='bbox 1526 2956 1541 2966; x_wconf 66' lang='grc' dir='ltr'><strong>,λ</strong></span> 
     </span>
    </p>
   </div>
   <div class='ocr_carea' id='block_1_118' title="bbox 1731 214 1856 243">
    <p class='ocr_par' dir='ltr' id='par_1_118' title="bbox 1731 214 1856 243">
     <span class='ocr_line' id='line_1_118' title="bbox 1731 214 1856 243; baseline -0.008 0"><span class='ocrx_word' id='word_1_890' title='bbox 1731 214 1856 243; x_wconf 80' lang='grc'><strong>1590.“</strong></span> 
     </span>
    </p>
   </div>
  </div>
