2044 3212
264 208 331 238 1391

635 205 768 233 EUSEBII
787 204 1025 233 ΟΑΞΒΑΒΙΕΝΞΙΞ
1043 212 1046 226 4

1096 204 1118 232 l’.
1133 203 1222 231 PARS
1241 203 1285 231 Ill.
1307 219 1342 223 —
1362 202 1564 231 EXEGETICA.

1819 205 1829 230 i
1836 204 1887 231 3M

266 272 317 295 tem
340 271 412 293 luant
429 265 520 293 dilexi.
543 264 642 298 Septies
666 265 694 291 in
717 264 760 290 die
786 263 890 290 laudem
919 263 976 289 diri
1003 262 1046 289 tibi

1101 263 1196 296 νόμον
1206 270 1263 288 σου
1278 261 1432 295 ἠγάπησα.
1441 261 1577 294 Ἑπτάχις
1591 260 1646 294 τῆς
1664 261 1776 295 ἡμέρας
1794 261 1891 295 ᾔνεσά

264 320 341 347 super
352 313 456 347 judicia
469 312 584 347 justitim
596 316 658 339 tum.
681 311 738 338 Hoc
757 311 820 338 item
842 311 978 345 intelligas
998 311 1050 338 hac

264 357 379 391 ratidhe,
399 359 472 394 quod
488 358 617 386 nimirum
632 362 694 384 ante
709 357 793 384 solem
807 364 822 384 c
832 357 904 383 lecto
922 363 1049 391 surgens,

264 405 414 433 secundum
430 405 496 432 illud
516 414 522 432 ι
542 404 581 431 De
604 407 677 431 nocte
692 411 767 429 mane
784 403 916 436 consurgit
941 402 1049 437 spiritus

263 458 336 478 meus
354 450 389 476 ad
407 455 441 482 te,
466 449 536 477 Deus
549 450 586 481 ";
603 452 629 476 et
645 457 651 475 :
673 448 759 481 Deus,
782 447 850 474 Deus
870 455 952 478 meus,
975 447 1010 473 ad
1026 452 1050 473 te

263 500 295 525 de
309 498 365 524 luce
375 497 453 531 vigilo
463 497 496 527 “,
513 496 630 530 primum
643 495 779 522 emitteret
792 494 938 529 hymnum;
951 493 1050 521 deinde

262 544 383 569 instante
399 542 453 573 die,
483 541 569 576 prima
594 540 660 567 hora
682 540 747 571 diei,
776 539 854 574 quasi
883 539 1048 566 sacriﬁcium

263 587 440 617 matutinum,
468 585 619 613 secundum
635 584 766 620 hymnum
791 583 846 612 Deo
861 584 1046 619 persolveret;

263 631 330 661 hora
358 631 484 659 similiter
506 631 599 662 tertia,
625 630 689 657 item
719 630 845 663 tertium;
869 634 946 658 sexta
971 629 1047 662 item,

262 681 408 712 quartum;
432 683 515 708 nona,
533 675 676 711 quintum;
701 675 863 702 duodecima
881 675 959 708 hora,
986 682 1048 703 sex-

264 726 321 749 tum
336 730 343 754 ;
360 721 460 748 deinde
475 728 588 756 vespera
603 724 664 755 post
677 720 826 748 adhibitam
843 721 951 756 corpori
968 728 1049 748 cura-

263 765 377 798 tionem,
399 764 543 792 adlectum
560 771 735 796 accessurus,
757 764 901 799 septimum
917 765 1047 800 hymnum

263 809 414 838 cﬂ‘underet
427 819 434 843 ;
451 814 533 845 atque
551 809 589 837 ita
602 809 731 845 implebat
746 810 811 838 illud
826 819 832 837 :
852 809 950 845 Septies
965 810 992 837 in
1006 810 1050 837 die

262 855 366 885 laudem
382 856 439 884 dixi
452 856 507 886 tibi.

1104 315 1140 334 σε
1151 307 1199 334 ἐπὶ
1214 307 1250 333 τὰ
1262 307 1389 341 κρίματα
1407 306 1461 339 τῆς
1481 307 1678 340 δικαιοσύνης
1690 315 1758 333 σου.
1774 307 1890 342 Νοήσεις

1101 353 1148 379 καὶ
1164 353 1249 384 οὕτως
1262 353 1412 387 ἐπιστήσας
1420 352 1458 383 ὡς
1469 352 1521 388 πρὸ
1534 351 1609 387 ἡλίου
1625 351 1826 386 διανιστάμενος
1840 352 1889 386 τῆς

1101 399 1193 433 κοίτης
1205 398 1275 424 κατά
1292 398 1339 424 τὸν
1357 398 1471 431 λέγοντα
1484 406 1491 412 '
1513 398 1559 423 Ἐκ
1581 396 1690 430 νυκτὸς
1713 397 1835 431 ὀρθρίζει
1857 397 1888 423 τὸ

1101 444 1219 478 πνεῦμά
1228 452 1288 478 μου
1300 444 1375 478 πρὸς
1389 443 1436 474 σὲ,
1453 445 1468 470 ό
1485 444 1572 476 Θεός’
1590 443 1646 474 καὶ,
1664 445 1680 470 ό
1694 443 1776 476 Θεὸς,
1790 445 1806 469 ό
1817 444 1887 476 Θεός

1098 500 1167 525 μου,
1177 490 1252 524 πρὸς
1261 490 1299 517 σὲ
1308 490 1435 524 ὅρθρίζω,
1450 489 1495 516 τὸν
1507 489 1614 524 πρῶτον
1627 489 1783 524 ἀνέπεμπεν
1794 489 1887 524 ὕμνον·

1100 533 1148 562 εἶτ’
1157 535 1305 570 ἐπιστάσης
1315 534 1366 570 ἠμέ
1371 543 1428 570 ρας,
1440 534 1511 560 κατά
1520 534 1568 569 τὴν
1580 533 1690 570 πρώτην
1700 533 1783 570 ὥραν,
1795 534 1889 570 ὥσπερ

1100 580 1183 607 ἕωθεν
1202 580 1251 616 τὴν
1275 581 1369 607 θυσίαν
1394 580 1547 616 προσέφερε
1566 579 1605 614 τῷ
1621 579 1680 614 Θεῷ
1695 580 1740 606 τὸν
1753 580 1890 616 δεύτερον,

1099 626 1145 651 καὶ
1159 626 1229 652 κατά
1240 625 1289 660 τὴν
1305 625 1400 660 τρίτην
1418 625 1548 656 ὡσαύτως
1567 624 1616 660 τὴν
1629 625 1729 660 τρίτον,
1747 625 1793 651 καὶ
1811 625 1892 652 πάλιν

1099 669 1170 696 κατά
1192 669 1241 704 τὴν
1265 669 1347 704 ἕκτην
1368 669 1413 695 τὸν
1438 669 1576 704 τέταρτον,
1593 669 1663 696 κατὰ
1687 669 1715 695 δὲ
1731 669 1779 704 τὴν
1792 670 1889 705 ἐνάτην

1099 714 1173 749 ὤραν
1189 713 1234 740 τὸν
1246 713 1379 748 πέμπτον,
1396 714 1465 742 κατά
1482 713 1510 740 δὲ
1522 713 1569 749 τὴν
1580 714 1733 749 δωδεκάτην
1742 715 1787 741 τὸν
1798 715 1887 748 ἕκτον,

1099 757 1149 785 εἶθ’
1166 759 1285 794 ἑσπέρας
1309 759 1378 794 μετά
1400 759 1449 794 τὴν
1463 759 1510 786 τοῦ
1525 759 1651 794 σώματος
1667 760 1825 795 θεραπείαν,
1840 761 1887 789 ἐπὶ

1099 805 1192 840 κοίτην
1207 804 1310 840 μέλλων
1323 804 1470 840 τρέπεσθαι
1492 804 1537 831 τὸν
1560 804 1673 840 ’ἑὸδομον
1696 805 1779 840 ὕμνον
1793 806 1885 832 ἀπεδί-

1098 850 1155 882 δου,
1174 850 1221 877 καὶ
1246 849 1332 883 οὔτως
1347 849 1464 887 ἐπλήρου
1482 849 1529 876 τό·
1551 849 1687 884 Ἑπτάκις
1704 850 1759 884 τῆς
1777 851 1887 885 ἡμέρας

1100 895 1196 930 ᾔνεσά
1215 902 1260 922 σε.

298 941 380 969 Vens.
397 941 460 969 165.
487 941 547 968 Pax
565 942 650 969 multa
667 941 834 978 diligentibus
857 943 937 977 legem
962 947 1045 975 tuam,

1133 940 1245 974 Ειρήνη
1260 940 1359 974 πολλὴ
1372 940 1434 974 τοῖς
1450 940 1585 975 ἀγαπῶσι
1593 940 1646 967 τὸν
1657 941 1751 975 νόμον
1762 949 1830 973 σου,
1838 941 1886 969 καί

261 991 286 1016 ct
301 991 401 1014 nonest
417 987 472 1015 illis
486 988 653 1017 scandalum.
686 987 734 1015 Dei
753 995 852 1016 nomen
873 987 983 1024 [legem]
1005 987 1047 1014 di-

261 1032 408 1067 ligentibus
422 1040 472 1068 pax
487 1033 558 1060 inest
570 1033 653 1059 nnilta
665 1042 672 1066 ;
691 1041 746 1060 non
759 1033 849 1068 qualis
858 1037 970 1061 externa
984 1033 1046 1060 :illa

261 1079 362 1113 quippe
374 1085 428 1105 non
444 1085 529 1113 penes
557 1086 608 1106 nos
631 1083 691 1112 est;
710 1079 757 1106 sed
773 1086 804 1106 ea
821 1087 881 1114 quzc
897 1079 923 1106 in
942 1079 1046 1113 cogita-

260 1123 384 1152 tionibus
399 1123 450 1151 sila
467 1127 519 1155 est,
538 1131 571 1150 ex
586 1131 640 1158 qua
662 1123 828 1151 turbationis
851 1127 878 1151 et
902 1124 1045 1155 tumultus,

260 1177 321 1204 qua:
341 1177 374 1195 ex
396 1168 542 1196 affectuum
575 1169 713 1196 vacuitate
739 1169 860 1204 gignitur
887 1169 1047 1196 immunitas

260 1212 380 1240 exsistit.
397 1212 474 1240 Hanc
488 1219 542 1242 una
557 1219 620 1239 cum
644 1213 806 1248 congruenti
830 1214 915 1248 gratia
932 1221 1046 1248 accepe-

260 1261 336 1290 runt,
350 1259 397 1292 qui
413 1265 473 1285 eam
486 1265 500 1285 a
513 1257 568 1285 Deo
584 1257 664 1286 Patre
678 1263 705 1286 et
724 1258 838 1286 Domino
855 1258 920 1286 Josu
936 1259 1047 1286 Christo

261 1303 336 1332 nacti
354 1306 428 1330 sunt.
445 1301 513 1329 Cum
529 1303 603 1330 illam
617 1303 710 1338 itaque
729 1303 756 1330 in
776 1303 886 1330 nomine
898 1303 943 1330 Dei
958 1304 1048 1338 possi-

261 1347 356 1379 deant,
370 1350 464 1381 utpote
485 1347 584 1374 eximie
601 1346 725 1381 perfecti,
753 1347 911 1375 scandalum
929 1355 984 1375 non
997 1348 1047 1374 ba-

260 1392 326 1422 bent
342 1392 370 1419 in
394 1392 552 1427 semetipsis
577 1401 584 1419 :
611 1399 674 1419 nam
705 1392 865 1427 pusillorum
888 1393 965 1424 illud,
991 1401 1046 1420 non

260 1445 326 1465 vero
343 1435 563 1472 praestantion
582 1441 635 1468 est,
663 1437 892 1472 quemadmodum
920 1438 959 1465 ait
983 1438 1046 1466 Ser-

261 1486 340 1510 vatur
365 1491 374 1509 :
405 1482 496 1510 Videte
521 1491 552 1510 ne
568 1483 756 1511 scandalizetis
781 1491 861 1509 unum
886 1483 918 1510 de
941 1484 1046 1518 pusillis

261 1529 320 1558 istis
335 1529 368 1556 “.
389 1528 468 1564 Quod
492 1528 515 1556 si
540 1529 625 1555 multa
643 1536 693 1562 pax
717 1528 752 1556 sit
768 1529 947 1564 diligentibus
961 1529 1045 1564 legem

261 1574 319 1604 Dei.
339 1581 433 1608 pacem
450 1574 495 1600 ille
511 1573 624 1600 multam
641 1573 733 1604 habet,
755 1573 912 1608 bellumque
927 1573 1044 1599 animam

259 1618 319 1653 ejus
330 1626 383 1646 non
393 1618 515 1654 attingit:
526 1618 629 1645 nullum
640 1618 711 1645 enim
718 1621 859 1652 peccatum
867 1617 922 1644 urit
929 1617 1047 1645 animam

260 1663 336 1697 ejus:
353 1666 380 1690 et
393 1663 457 1697 quia
475 1670 568 1698 pacem
584 1663 675 1695 habet,
685 1663 747 1690 talis
757 1663 856 1695 evasit,
872 1667 926 1690 uta
937 1662 1048 1690 nemine

263 1708 333 1736 ultra
354 1707 567 1740 scandalizetur,
585 1707 678 1735 dicens
695 1716 701 1733 :
719 1707 784 1740 Quis
810 1716 857 1734 nos
878 1708 1010 1741 separabit
1031 1716 1047 1734 a

259 1753 389 1782 gnaritate
413 1752 536 1781 Christi?
554 1752 712 1784 Tribulatia,
732 1761 766 1780 an
779 1753 902 1788 angustia
912 1754 945 1785 “,
960 1757 1014 1780 etc.

298 1797 380 1825 Vens.
395 1797 458 1824 166.
477 1796 671 1831 Exspectabam
687 1797 812 1825 Salutare
825 1803 910 1831 tuum,
924 1797 1045 1828 Domine.

260 1848 285 1874 et
300 1842 429 1873 mandata
451 1847 498 1870 tua
525 1842 618 1870 dilexi.
651 1843 720 1872 Cum
744 1851 759 1870 a
775 1847 801 1871 te
819 1851 911 1871 veram
930 1844 1046 1870 salutem

260 1893 459 1926 exspectarem,
484 1896 537 1916 non
561 1888 643 1915 modo
658 1889 780 1920 servavi,
798 1888 846 1916 sed
867 1888 949 1917 etiam
965 1887 1047 1915 dilexi

265 1935 396 1964 mandata
419 1938 477 1962 tua.
498 1933 566 1962 Nam
584 1941 646 1960 CIIII)
668 1938 745 1961 actus
767 1941 821 1962 una
844 1942 907 1961 cum
927 1933 1046 1969 perfecta

261 1980 451 2007 mandatorum
465 1978 611 2006 dilectione
625 1978 766 2014 jungetur,
787 1982 974 2013 exspectatum
995 1978 1045 2006 Sa-

261 2028 349 2056 lutare
377 2025 522 2054 confestim
548 2029 688 2060 sequetur,
713 2025 785 2060 quod
813 2033 868 2054 non
893 2026 966 2054 aliud
993 2031 1044 2059 est,

261 2080 344 2107 quam
361 2073 436 2100 salus
452 2079 548 2100 eorum
571 2072 617 2106 qui
640 2073 726 2107 ipsam
748 2077 942 2107 assequuntur.
967 2072 1045 2106 Quod

262 2116 285 2143 si
301 2116 384 2143 etiam
401 2116 569 2144 Salvatorem
585 2121 735 2151 exspectet,
751 2118 785 2145 de
800 2125 854 2152 quo
862 2118 964 2145 dictum
979 2123 1020 2146 est
1037 2128 1043 2146 :

265 2161 369 2190 Videbit
390 2161 476 2188 omnis
500 2168 562 2187 caro
578 2159 703 2188 Salutare
722 2160 771 2188 Dei
782 2161 815 2195 ",
847 2165 1046 2196 consequenter

260 2206 386 2236 mandata
397 2205 443 2234 Dei
457 2205 555 2240 diligit,
566 2205 646 2240 cujus
658 2205 739 2232 etiam
757 2205 881 2234 Salutare
902 2211 1045 2241 exspecta-

1097 987 1152 1025 οὺθι
1166 986 1252 1013 ἔστιν
1265 986 1366 1019 αὐτοῖς
1379 986 1564 1015 σκάνδαλον.
1584 987 1646 1018 Τοῖς
1661 987 1708 1013 τοῦ
1720 987 1787 1014 Θεοῦ
1801 988 1886 1023 δνομα

1097 1031 1225 1058 ποθοῦσιν
1242 1032 1336 1068 εἰρήνη
1353 1030 1479 1067 τυγχάνει
1496 1032 1591 1068 πολλὴ,
1608 1033 1638 1059 οὐ
1653 1033 1780 1059 τοσοῦτον
1792 1034 1808 1068 ἡ
1822 1033 1887 1066 ἕξων

1098 1077 1143 1104 θεν
1153 1086 1159 1092 ·
1175 1078 1205 1104 οὐ
1221 1078 1275 1113 γὰρ
1289 1079 1331 1111 ἐφ’
1343 1079 1410 1112 ἡμῖν
1424 1078 1493 1112 αὕτη
1503 1086 1510 1092 ·
1524 1078 1581 1104 ἀλλ’
1598 1079 1614 1113 ή
1628 1079 1657 1105 ὲν
1668 1079 1723 1109 τοῖς
1734 1078 1885 1113 λογισμοῖς,

1097 1122 1158 1150 καθ’
1172 1123 1204 1157 ἣν
1221 1122 1363 1158 συμϐαίνει
1375 1122 1524 1157 ἀταραξίαν
1537 1122 1582 1148 καὶ
1593 1122 1785 1158 ἀνενοχλησίαν
1799 1123 1848 1158 τῆς
1857 1122 1888 1155 ἐξ

1097 1167 1231 1199 ἀπαθείας
1241 1168 1322 1202 ἐχειν.
1335 1167 1441 1203 Ταύτην
1455 1168 1514 1202 ἃμα
1528 1168 1561 1204 τῇ
1574 1167 1733 1203 καταλλήλῳ
1746 1167 1837 1203 χάριτι
1850 1169 1887 1194 εἰ-

1097 1211 1213 1247 λήφασιν
1225 1213 1249 1239 οἱ
1265 1212 1371 1248 ἔχοντες
1383 1212 1437 1239 ἀπὸ
1453 1212 1521 1239 Θεοῦ
1537 1213 1583 1239 καὶ
1597 1213 1703 1248 Πατρὺς
1720 1213 1768 1239 καὶ
1784 1213 1887 1248 Κυρίου

1103 1256 1189 1292 Ἰησοῦ
1206 1256 1333 1293 Χριστοῦ.
1347 1257 1516 1292 Κεκτημὲνοι
1533 1257 1597 1292 γοῦν
1611 1258 1694 1293 αὐτὴν
1705 1257 1748 1283 διὰ
1762 1257 1792 1284 τὸ
1802 1257 1887 1292 δνομσ.

1096 1303 1144 1330 τοῦ
1161 1302 1239 1335 Θεοῦ,
1254 1302 1476 1338 ὑπερϐαλλόντως
1491 1303 1658 1339 ὑπάρχοντες
1679 1303 1787 1335 τέλειοι,
1806 1304 1888 1331 σκάν-

1096 1348 1174 1375 δαλον
1195 1348 1245 1374 οὐκ
1261 1347 1366 1382 ἔχουσιν
1386 1349 1414 1374 ὲν
1431 1349 1553 1379 ἑαυτοῖς·
1579 1347 1684 1383 μικρῶν
1708 1348 1762 1383 γὰρ
1786 1349 1844 1375 ἀλλ’
1857 1349 1887 1376 οὑ

1099 1394 1224 1428 μεγάλων
1237 1393 1267 1419 τὺ
1285 1393 1356 1428 ἔχειν
1378 1394 1465 1425 τοῦτο,
1480 1393 1517 1424 ὣς
1534 1401 1615 1428 φησιν
1630 1395 1644 1419 ό
1659 1393 1766 1429 Σωτήρ·
1789 1393 1887 1427 Ὁρᾶτε

1093 1438 1136 1473 μὴ
1154 1438 1380 1472 σκανδαλίσητε
1393 1438 1448 1465 ἕνα
1461 1438 1520 1465 τῶν
1530 1438 1644 1474 μικρῶν
1660 1439 1782 1465 τούτων.
1806 1439 1837 1466 Et
1856 1439 1886 1468 δὲ

1097 1484 1139 1519 εἴη
1154 1485 1247 1519 εἰρήνη
1264 1484 1348 1518 πολλὴ
1363 1485 1418 1515 τοῖς
1433 1483 1559 1517 ἀγαπῶσι
1575 1484 1621 1510 τὸν
1643 1484 1724 1519 νόμον
1745 1484 1792 1510 τοῦ
1805 1483 1884 1516 Θεοῦ,

1097 1531 1206 1565 εἰρήνην
1217 1530 1272 1564 ἔχει
1286 1530 1395 1566 πολλὴν,
1410 1530 1527 1565 πόλεμος
1539 1530 1587 1567 οὐχ
1605 1530 1720 1557 ἅπτεται
1733 1531 1782 1566 τῆς
1798 1531 1887 1566 ψυχῆς

1061 1594 1081 1623 C
1098 1574 1180 1603 αὐτοῦ
1191 1583 1197 1589 ·
1213 1575 1288 1601 οὐδὲν
1301 1575 1353 1610 γὰρ
1369 1575 1423 1601 τῶν
1439 1575 1643 1610 ἁμαρτημάτων
1657 1575 1764 1615 ἐκκαίει
1776 1577 1824 1612 τὴν
1840 1577 1887 1611 dro-

1098 1619 1147 1655 χὴν
1160 1619 1254 1651 αὑτοῦ,
1271 1619 1317 1646 καὶ
1331 1619 1378 1646 ἅτε
1397 1620 1491 1655 εἰρήνη
1500 1628 1509 1645 I
1522 1619 1590 1654 ἔχων
1609 1620 1728 1651 τοιοῦτος
1742 1620 1886 1655 γεγένηται

1097 1664 1134 1695 ὡς
1153 1664 1205 1690 ὑπὸ
1228 1663 1341 1699 μηδενὸς
1363 1663 1402 1690 ἔτι
1421 1663 1601 1700 σκανδαλισθῇ
1621 1664 1723 1698 λέγων·
1742 1665 1789 1697 Τίς
1809 1664 1889 1698 ἡμᾶς

1097 1711 1217 1744 χωρίσει
1232 1709 1291 1736 ἀπὸ
1304 1709 1359 1743 τῆς
1371 1709 1489 1744 ἀγάπης
1502 1709 1554 1736 τοῦ
1571 1710 1700 1745 Χριστοῦ
1709 1718 1718 1743 ;
1740 1710 1849 1745 eatea;
1867 1709 1887 1745 ἢ

1097 1755 1290 1789 στενοχωρία,
1309 1755 1356 1782 καὶ
1371 1755 1406 1781 τὰ
1419 1755 1492 1790 ὲξῆς.

1131 1800 1328 1834 Προσεδόκων
1349 1800 1381 1827 τὸ
1403 1800 1551 1835 Σωτήριόν
1572 1808 1640 1832 σου,
1656 1802 1754 1835 Κύριε,
1770 1802 1818 1828 καὶ
1833 1802 1887 1835 τὰς

1096 1845 1222 1880 ἐντολάς
1234 1853 1291 1873 σου
1302 1845 1455 1881 ἠγάπησα.
1469 1846 1628 1882 Προσδοκῶν
1642 1846 1691 1881 τὴν
1705 1846 1759 1873 ἀπὸ
1775 1847 1822 1873 σοῦ
1837 1855 1888 1873 σω-

1096 1891 1194 1926 τηρίαν
1222 1890 1271 1926 τὴν
1297 1891 1438 1926 ἀληθινὴν,
1452 1891 1482 1917 οὐ
1505 1891 1584 1926 μόνον
1607 1892 1738 1926 ἐτήρησα,
1753 1891 1822 1918 ἀλλὰ
1840 1891 1888 1918 καὶ

1097 1935 1229 1970 ἠγάπησά
1242 1938 1288 1960 σου
1308 1935 1356 1964 τὰς
1373 1935 1492 1966 ἐντολάς.
1505 1935 1561 1970 Τῆς
1580 1935 1633 1970 γὰρ
1651 1935 1707 1970 μετ’
1723 1936 1888 1970 ἀγαπήσεως

1096 1981 1151 2007 τῶν
1172 1980 1285 2007 ἐντολῶν
1309 1979 1529 2015 κατωρθωμένης
1553 1980 1691 2016 ἐνεργείας
1714 1979 1886 2015 ὑπαρξάσης,

1097 2027 1177 2057 εὐθὺς
1189 2026 1365 2061 ἀκολουθήσει
1381 2025 1411 2052 τὸ
1425 2025 1648 2061 προσδοκώμενον
1671 2026 1819 2061 Σωτήριον,
1836 2026 1886 2062 οὺχ

1097 2071 1188 2106 ἕτερον
1202 2070 1232 2098 ὃν
1247 2070 1297 2105 τῆς
1312 2070 1366 2096 τῶν
1383 2069 1542 2104 σωζομένων
1563 2069 1708 2105 σωτηρίας.
1730 2071 1761 2096 Et
1786 2070 1814 2096 δὲ
1838 2071 1885 2096 καὶ

1096 2116 1141 2142 τὸν
1156 2115 1268 2151 Σωτῆρα
1282 2115 1428 2151 προσδοκᾷ,
1444 2115 1507 2151 περὶ
1521 2112 1551 2142 οὗ
1565 2114 1686 2150 εἶρηται⁴
1703 2114 1792 2142 Πᾶσα
1806 2114 1885 2148 σὰρξ

1097 2162 1200 2195 ὄψεται
1217 2161 1249 2188 τὸ
1266 2160 1415 2194 Σωτήρων
1438 2160 1490 2187 τοῦ
1510 2161 1594 2192 Θεοῦ,
1620 2160 1775 2192 ἀκολούθως
1791 2161 1884 2195 ἀγαπᾷ

1097 2207 1147 2239 τὰς
1159 2207 1267 2239 ἐντολὰς
1282 2206 1329 2233 τοῦ
1341 2206 1419 2238 Θεοῦ,
1432 2203 1462 2232 οὗ
1472 2207 1518 2232 καὶ
1530 2206 1559 2232 τὸ
1571 2207 1707 2241 Σωτήριον
1720 2206 1885 2241 προσεδόκη-

259 2256 308 2286 νίι.
325 2258 353 2281 ut
368 2257 395 2282 et
409 2254 517 2281 actione
537 2261 622 2288 purus
645 2258 673 2280 et
696 2253 900 2288 exspectatione
923 2256 1045 2280 contem-

1099 2261 1153 2285 σεν,
1170 2253 1213 2279 ἵνα
1234 2253 1281 2279 καὶ
1297 2252 1345 2287 τὴν
1364 2252 1462 2288 πρᾶξιν
1516 2251 1653 2288 καθαρῶς,
1675 2252 1721 2279 καὶ
1737 2252 1786 2287 τὴν
1801 2260 1885 2287 προπερ

260 2299 415 2334 plabundus
438 2299 485 2331 sit,
500 2303 665 2334 exspectans
683 2305 792 2334 semper
807 2302 835 2325 et
858 2297 1045 2332 contemplans

259 2344 343 2373 Deum
363 2344 481 2372 Verbum
499 2345 652 2373 venientem
667 2351 791 2381 querere
815 2347 843 2372 el.
871 2343 978 2371 salvum
1004 2343 1046 2373 fa-

258 2398 321 2420 cere
333 2390 405 2426 quod
427 2390 556 2425 perierat.

295 2435 377 2463 Vens.
399 2435 461 2468 {61,
479 2434 699 2463 168.Custodivit
715 2435 805 2462 anima
822 2443 878 2462 mea
894 2435 1046 2463 testimonia

260 2485 322 2510 tua,
339 2484 363 2506 et
379 2479 472 2506 dilexit
491 2488 523 2507 ea
539 2480 713 2507 vehementer.
730 2479 789 2506 Non
807 2480 896 2507 solum
915 2479 1043 2507 mandata

261 2530 306 2551 tua
320 2523 420 2556 dilexi,
434 2532 529 2552 verum
543 2524 626 2552 etiam
643 2524 800 2551 testimonia
817 2528 864 2551 tua
881 2524 959 2551 valde
975 2524 1044 2551 dile-

260 2569 300 2598 xit
325 2568 416 2598 anima
439 2577 515 2602 mea,
539 2573 566 2597 et
585 2569 735 2598 custodivit
754 2576 795 2596 ea.
817 2568 910 2599 Primo
934 2569 1044 2603 quidem

261 2613 417 2648 singulatim
438 2613 563 2647 dicebat,
578 2614 731 2649 diligebam,
743 2617 788 2646 et,
812 2613 894 2641 dilexi
917 2613 1046 2640 mandata

263 2663 330 2689 tua;
346 2659 468 2686 secundo
485 2664 590 2691 autem.
612 2659 761 2689 Custodiuit
783 2659 874 2686 anima
893 2667 950 2686 mea
972 2659 1046 2686 testi—

260 2706 348 2732 monia
375 2709 440 2737 tua;
467 2706 548 2734 tertio
572 2707 635 2734 item
662 2712 778 2743 utraque
801 2707 970 2742 conjungens
988 2707 1042 2734 ait:

260 2749 367 2777 Servavi
385 2750 511 2777 mandata
527 2755 572 2778 tua
586 2756 611 2779 et
627 2753 778 2780 testimonia
797 2758 863 2784 tua;
878 2753 940 2788 quia
955 2760 1043 2780 omnes

260 2796 307 2826 via:
322 2805 386 2826 mets
399 2797 424 2825 in
437 2802 575 2832 conspectu
588 2801 642 2830 tuo,
659 2798 778 2827 Domine.
790 2798 921 2828 Peccator
934 2805 988 2826 non
1004 2798 1046 2825 di~

1098 2299 1190 2329 δοκίαν
1207 2298 1390 2334 θεωρητικῶς,
1406 2297 1563 2333 προσδοκῶν
1577 2297 1620 2323 ἀεὶ
1638 2298 1685 2324 καὶ
1700 2298 1810 2333 θεωρῶν
1823 2298 1885 2332 ἐλη-

1097 2343 1196 2374 λυθότα
1209 2343 1255 2373 τὸν
1265 2344 1330 2370 Θεὸν
1345 2343 1432 2377 Λόγον
1447 2343 1562 2378 ζητῆσαι
1575 2343 1622 2370 καὶ
1638 2343 1723 2369 σῶσαι
1736 2343 1766 2369 τδ
1780 2343 1883 2370 ἀπολω-

1096 2390 1150 2422 λός.

1139 2435 1303 2470 Ἐφύλαξεν
1319 2435 1338 2467 ὴ
1355 2433 1439 2468 ψυχπή
1451 2442 1510 2467 μου
1532 2432 1567 2459 τὰ
1585 2432 1731 2467 μαρτύριά
1751 2440 1820 2465 σου,
1836 2433 1884 2459 καὶ

1096 2481 1255 2515 ἠγάπησεν
1268 2479 1345 2507 αὐτὰ
1361 2479 1488 2514 σφόδρα.
1506 2478 1542 2505 Οὐ
1558 2479 1636 2514 μόνον
1648 2478 1698 2509 τὰς
1713 2478 1822 2509 ἐντολάς
1837 2487 1883 2504 σου

1096 2526 1236 2561 ἠγάπησα,
1251 2525 1319 2552 ἀλλὰ
1333 2525 1380 2551 καὶ
1393 2524 1427 2550 τὰ
1442 2523 1579 2560 μαρτύριά
1595 2531 1641 2550 σου
1659 2523 1763 2559 σφόδρα
1774 2524 1884 2558 ἠγάπη-

1097 2580 1142 2599 σεν
1158 2572 1174 2608 ὴ
1189 2571 1261 2607 ψυχή
1277 2579 1338 2606 μου,
1358 2570 1406 2596 καὶ
1430 2564 1560 2603 ἐφύλαξεν
1584 2569 1662 2595 αὑτά.
1679 2569 1814 2605 Πρότερον
1837 2569 1885 2604 μὲν

1096 2616 1167 2643 κατὰ
1179 2615 1218 2648 ἓν,
1233 2615 1367 2650 ἠγάπων,
1381 2616 1438 2646 καὶ,
1454 2615 1596 2649 ἠγάπησα
1608 2615 1662 2648 τὰς
1672 2615 1800 2648 ἐντολάς
1814 2623 1883 2642 σου⁶

1095 2662 1238 2697 δεύτερον
1269 2661 1435 2695 Ἐφύλτιξεν
1454 2661 1473 2694 ἠ
1491 2660 1575 2694 ψυχή
1599 2669 1659 2694 μου
1684 2661 1720 2686 τὰ
1738 2659 1886 2695 μαρτύριά

1096 2715 1153 2734 σου
1163 2715 1170 2721 ·
1180 2706 1252 2733 κατὰ
1268 2706 1298 2732 δὲ
1310 2706 1340 2731 τὸ
1356 2705 1445 2741 τρίτον
1463 2704 1621 2739 συναγαγὼν
1635 2705 1778 2740 ἀμφότερα
1790 2706 1831 2736 εις
1844 2706 1884 2736 ἓν,

1098 2751 1178 2787 φησίν
1188 2759 1194 2766 ·
1217 2750 1366 2784 Ἐεεύλαξα
1381 2750 1434 2782 τὰς
1445 2748 1570 2781 ἐντολάς
1584 2756 1642 2775 σου
1664 2749 1711 2775 καὶ
1726 2748 1762 2775 τὰ
1774 2748 1885 2783 μαρτύ-

1096 2798 1147 2832 ριὰ
1160 2805 1228 2830 σου,
1244 2797 1288 2824 ὅτι
1301 2796 1394 2824 πᾶσαι
1406 2799 1434 2823 at
1449 2796 1515 2823 ὁδοί
1524 2805 1584 2830 μου
1599 2795 1738 2822 ἐναντίον
1749 2802 1819 2828 σου,
1828 2794 1884 2822 Κύ-

300 2875 320 2890 ¹¹
343 2874 401 2903 lsa.
425 2882 487 2903 xxv:
501 2896 509 2910 ,
528 2874 553 2903 9.
593 2875 614 2890 "
635 2874 707 2904 Psal.
725 2884 798 2910 tam,
817 2876 844 2902 2.
883 2876 905 2891 ’³
925 2874 1019 2905 Matth.
1039 2883 1046 2902 ι

1097 2882 1123 2908 r,
1141 2874 1183 2902 to.
1222 2873 1342 2910 “_Rom.
1362 2881 1426 2906 un,
1445 2873 1488 2901 35.
1530 2873 1551 2889 "
1571 2875 1624 2901 lsa.
1645 2879 1694 2906 ιι,
1714 2872 1740 2899 Β.
