2044 3212
141 213 210 242 5593

717 206 968 237 COMMENTARIA
988 206 1021 236 IN
1040 207 1210 236 PSALMOS.

1283 201 1307 224 "
1325 194 1346 228 δ
1707 211 1776 240 ιδθι

136 281 192 307 με.
200 272 230 298 Ὁ
239 271 400 306 ἁμαρτωλὸς
415 271 466 297 οὐκ
477 270 534 305 ἐρεῖ
543 278 549 284 ·
559 268 656 297 Πᾶσαι
669 270 698 296 αι
714 268 778 296 ὁδοί
785 277 844 303 μου
854 269 926 295 ἐναν

988 272 1047 300 cet,
1066 267 1163 295 Omnes
1183 267 1233 295 via:
1258 276 1322 295 mea
1342 268 1369 295 in
1390 272 1529 304 conspectu
1551 273 1596 296 tuo
1609 277 1619 297 :
1639 277 1703 297 nam
1727 271 1776 298 viae

139 318 206 343 τίον
220 324 294 342 σου·
308 316 336 341 at
353 317 407 350 γὰρ
422 315 477 341 ὁδοὶ
498 314 546 340 τοῦ
569 312 733 348 ἁμαρτωλοῦ
749 312 798 338 οὐκ
822 312 890 338 εἰσιν
905 312 934 350 ὲν

141 362 289 396 ὸέθαλμοῖς
308 348 452 391 τοῦνΘεοῦ.
470 360 537 386 ἀλλὰ
553 359 632 394 μόνον
653 359 680 384 αί
699 357 746 384 τοῦ
763 356 880 384 δικαίου·
899 348 933 383 ἶν’

139 405 187 433 οὖν
204 408 251 432 καὶ
266 408 294 433 αἱ
309 407 440 441 ἡμέτεραι
454 406 586 439 γένωνται
601 405 688 430 πᾶσαι
699 405 727 429 αἱ
743 403 798 430 ὁδοὶ
814 401 932 428 ἐναντίον

140 451 186 478 τοῦ
201 451 279 483 Θεοῦ,
292 453 316 477 οἱ
331 451 417 486 νόμοι,
434 451 458 477 οι
472 450 622 486 προφῆται,
641 450 658 485 ἡ
672 450 718 476 ἐπὶ
741 449 809 476 πᾶσι
829 448 931 480 τελεία,

139 497 253 532 ἀληθινὴ
269 497 315 524 καὶ
329 497 418 532 ἀγαθὴ
429 497 497 530 ὁδὸς,
510 497 524 523 ὸ
536 495 620 523 εἰπών
630 505 636 512 ·
660 494 730 530 Ἐγώ
741 495 798 529 εἰμι
812 494 831 527 ἡ
850 493 928 527 ὁδὸς,

140 542 257 577 Χριστὸς
275 541 388 577 Ἰησοῦς,
406 541 548 576 εὐξώμεθα
567 542 596 567 ὲν
617 542 650 576 τῇ
673 540 725 576 όδῷ
741 539 821 576 μέχρι
837 539 930 570 τέλους

139 587 281 623 ὁβεύοντας
292 588 392 622 φθάσαι
405 587 473 622 πρὸς
484 587 529 613 τὸν
540 587 605 613 Θεὸν
617 586 665 613 καὶ
677 586 786 621 Πατέρα
796 584 850 612 τῶν
860 584 929 611 ὅλων

139 632 184 658 διὰ
198 632 315 666 Χριστοῦ
337 632 435 667 Ἰησοῦ.

183 677 341 712 Ἐγγισάτω
364 679 384 711 ἡ
407 677 511 711 δέησίς
525 685 584 711 μου
602 675 730 704 ἐνώπιόν
744 682 813 707 σου.
828 675 927 709 Κύριε,

139 721 215 748 κατὰ
240 722 272 748 τὸ
297 722 402 757 λόγιόν
420 729 478 748 σου
501 721 664 748 (τω-ἐτισόν
676 728 724 755 με.
740 719 878 746 Elea/th
894 719 927 745 τὸ
945 750 948 753 γ

139 765 253 800 ἀξίωμά
269 774 328 800 μου
340 765 468 793 ἐνώπιόν
481 774 550 798 σου,
564 766 662 800 Κύριε,
682 764 756 791 κατὰ
774 764 807 791 τὸ
825 764 927 798 λόγιόν

139 819 197 837 σου
209 811 304 845 ῥῦσαι
312 811 584 847 με.Ἐεηρεὺεαντο
597 811 632 838 τὰ
642 811 726 845 χείλη
743 819 802 844 μου
819 810 926 844 ὕμνον,

139 856 212 883 ὅταν
223 856 347 891 διδάξῃς
358 865 396 891 με
409 857 445 883 τὰ
458 856 637 891 δικαιώματά
647 864 705 883 σου
713 865 719 871 ·
738 855 895 890 φθέγξαιτο
907 856 925 890 ἠ

138 901 264 937 γλῶσσά
275 911 334 936 μου
349 903 384 929 τὰ
396 902 482 937 λόγιά
497 911 566 933 σου,
580 902 623 928 ὅτι
642 902 736 929 πᾶσαι
755 903 785 928 al
804 901 927 928 ἐντολαι

138 956 196 974 σου
207 949 394 981 δικαιοσύνη.
412 948 518 984 Σφόδρα
532 948 686 979 ἀκολούθως
704 947 773 982 μετὰ
789 947 835 974 τοῦ
850 946 929 979 εὖξα-
948 941 967 969 8

139 993 200 1020 σθαι
215 994 279 1020 περὶ
302 994 352 1029 τῆς
373 993 492 1026 διανοίας
502 1003 508 1009 ·
523 995 554 1020 τὸ
569 995 624 1031 γὰρ
640 994 831 1029 συνετισθῆναι
848 994 880 1021 τὰ
892 994 934 1020 λό-

137 1045 184 1071 για
198 1037 245 1064 τοῦ
260 1038 327 1065 Θεοῦ
341 1039 391 1064 οὐκ
407 1036 442 1075 ἦν
455 1039 566 1074 χειλέων
579 1040 640 1066 οὐδὲ
655 1039 791 1075 γλώσσης.
804 1039 871 1066 ἀλλὰ
884 1039 931 1067 τοῦ

137 1084 208 1111 κατὰ
217 1084 305 1120 ψυχὴν
316 1085 487 1120 διανοητικοῦ
496 1094 502 1100 ·
515 1085 550 1112 τὰ
562 1086 701 1121 ἡγούμενα
713 1086 802 1112 τοίνυν
817 1086 931 1121 αἰτήσας

136 1128 183 1154 ἐπὶ
199 1128 233 1154 τὰ
246 1128 359 1163 δεύτερα
378 1130 492 1164 μέτεισι,
506 1131 552 1157 καὶ
565 1130 635 1163 ἀξιοί
649 1130 683 1156 τὰ
701 1129 748 1156 τοῦ
762 1130 791 1156 ἐν
803 1129 878 1164 αὐτῷ
892 1129 932 1155 λό-

136 1180 185 1207 γου
198 1173 300 1208 ὄργανα
323 1173 358 1201 τὰ
369 1174 446 1209 χείλη
461 1175 508 1202 καὶ
530 1175 580 1210 τὴν
595 1174 717 1209 γλῶτταν
733 1174 930 1210 ἀφιερωθῆναι,

136 1218 172 1250 ὡς
190 1218 223 1245 ἂν
236 1219 382 1252 διαπαντὸς
395 1219 430 1246 τὰ
446 1221 495 1255 μὲν
510 1220 584 1256 χείλη
601 1221 685 1256 ὕμνον
698 1220 888 1255 διερεὺγοιντο,
897 1220 931 1246 δι-

136 1264 301 1300 δασκομένου
325 1266 372 1292 τοῦ
399 1267 444 1293 νοῦ
470 1268 514 1293 ὑπ’
535 1267 618 1293 αὑτοῦ
633 1267 681 1294 τοῦ
695 1267 763 1294 Θεοῦ
775 1267 810 1294 τὰ
820 1266 930 1294 δικαιὼ-

137 1318 209 1345 ματα
225 1311 306 1337 αὐτοῦ
317 1319 323 1326 ·
340 1313 356 1346 ή
373 1312 401 1338 δὲ
412 1312 520 1346 γλῶττα
538 1312 683 1346 φθέγγοιτο
702 1313 784 1347 μηδὲν
797 1313 890 1347 ἕτερον
911 1311 927 1346 ἢ

139 1355 168 1382 τὰ
182 1355 258 1390 λόγια
270 1356 316 1383 τοῦ
329 1357 407 1389 Θεοῦ,
427 1357 474 1384 καὶ
487 1356 566 1384 τοῦτο
579 1358 708 1393 πράσσοι,
725 1357 769 1383 ὅτι
789 1356 883 1384 πᾶσαι
898 1358 928 1383 αἱ

135 1401 198 1428 ὁδοὶ
210 1402 303 1429 αὐτοῦ
317 1402 516 1430 δικαιοσύναι.

170 1488 308 1516 Γενέσθω
321 1490 339 1523 ἡ
353 1490 417 1524 χείρ
432 1497 489 1517 σου
501 1489 553 1516 τοῦ
567 1489 664 1517 σῶσαι
674 1499 723 1526 με,
745 1490 790 1517 ὅτι
813 1491 865 1524 τὰς
878 1491 926 1518 ἐν·-

135 1534 226 1567 τολάς
243 1542 302 1561 σου
330 1535 523 1570 ᾐρετισάμην.
547 1535 662 1562 Συνιδὼν
686 1535 716 1562 τὸ
739 1536 852 1571 μέγεθος
877 1536 924 1562 τοῦ

134 1579 252 1614 ἑτοίμου,
271 1579 396 1615 βοηθείας
411 1581 494 1607 δεῖται
519 1582 567 1616 τῆς
587 1581 664 1617 παρὰ
686 1581 732 1608 τοῦ
749 1581 817 1608 Θεοῦ
837 1583 877 1614 εἰς
894 1583 924 1609 τὸ

134 1624 304 1660 κατορθῶσαι
317 1625 351 1652 τὰ
365 1626 567 1662 προλελεγμένα
577 1635 583 1642 ·
599 1627 705 1662 μεγάλα
717 1627 745 1653 δὲ
757 1628 838 1653 αἰτῶν
850 1627 924 1664 παρὰ

134 1670 179 1699 τοῦ
191 1670 268 1702 Θεοῦ,
280 1671 326 1697 καὶ
337 1671 367 1697 τὸ
377 1672 442 1707 παρ’
451 1672 547 1698 ιαυτοῦ
563 1672 735 1707 συνεισφέρει
744 1672 831 1707 λέγων
841 1681 848 1688 ’
866 1673 924 1700 ’Ὁτι

133 1715 186 1748 τὰς
197 1715 323 1749 ἐντολάς
334 1723 394 1743 σου
412 1716 700 1751 ᾐρετισάμην.”υπερ
714 1716 767 1751 γὰρ
784 1710 818 1751 ἦν
831 1717 877 1743 ἐπὶ
890 1718 923 1752 τῇ

132 1761 186 1796 ὲμῂ
204 1761 323 1796 ἐξουσίᾳ,
333 1762 404 1788 τοῦτ’
418 1762 448 1794 ἐξ
467 1762 534 1797 ἐμοῦ
548 1762 735 1798 πεπλήρωται.
748 1764 803 1794 Τὰς
816 1763 925 1795 ἐντολάς

133 1815 179 1833 σου
193 1808 372 1842 ᾑρετισάμην,
389 1804 538 1843 ἀγαπήσας
561 1808 647 1840 αὐτὰς
664 1808 734 1836 κατὰ
751 1808 785 1835 τὰ
808 1808 925 1844 πρόσθεν

131 1852 274 1887 εἰρημένα.

174 1897 362 1931 Ἐπεπόθησα
372 1897 406 1923 τὸ
421 1897 571 1931 Σωτήριόν
587 1905 656 1930 σου,
669 1898 718 1924 καὶ
734 1898 854 1932 δ’νόμος
866 1904 924 1925 σου

129 1942 237 1977 μελέτη
252 1943 311 1977 μου
325 1943 402 1969 ἐστι.
424 1943 455 1969 Οἱ
477 1942 568 1969 πολλοὶ
584 1943 637 1970 τῶν
658 1943 808 1979 ἀνθρώπων
829 1944 925 1969 ἐπιπο-

99 2006 102 2009 -
131 1987 207 2014 θοῠσι
225 1988 372 2023 σωτηρίαν,
384 1987 440 2014 ἀλλ’
453 1987 483 2013 οὐ
497 1987 527 2013 τὸ
541 1987 589 2014 τοῦ
604 1987 682 2019 Θεοῦ,
694 1988 762 2014 ἀλλὰ
777 1988 807 2014 τὸ
823 1989 924 2023 σαρκὸς

132 2033 264 2068 σωτήριον
277 2032 307 2059 τὸ
323 2033 351 2058 ὲν
368 2032 577 2067 κόσμῳ-Ἔργον
589 2033 617 2058 δέ
628 2033 701 2058 ἐστιν
717 2032 883 2066 ἑπιποθῆται
892 2032 923 2059 τὸ

130 2077 177 2103 τοῦ
194 2077 261 2104 Θεοῦ
278 2078 425 2113 Σωτήριον,
442 2076 512 2103 ὥστε
533 2078 562 2104 ὲν
579 2077 639 2111 Θεῷ
662 2076 791 2112 σωθῆναι,
805 2077 834 2103 ὲν
847 2076 923 2113 αῦτῷ

130 2123 328 2154 ἀναπαύεσθαι,
342 2123 544 2158 κληρονομῆσαι
565 2123 599 2149 τὰ
614 2123 694 2157 ἅγια·
716 2123 746 2148 τὸ
761 2123 815 2158 γὰρ
832 2123 922 2158 Σωτή-

132 2178 189 2206 ριον
200 2169 246 2195 τοῦ
263 2168 330 2195 Θεοῦ
345 2169 423 2195 τοῦτό
438 2169 512 2195 ἐστιν
532 2169 548 2204 ἡ
567 2167 673 2200 αἰώνιος
687 2168 754 2204 ζωή.
765 2169 827 2195 Ἐὰν
842 2168 921 2205 θέλῃς

131 2210 298 2249 ἐπαναϐῆναι
313 2213 352 2248 τῷ
370 2213 451 2248 λόγῳ,
467 2213 496 2240 τὸ
512 2213 648 2248 Σωτήριον
663 2213 709 2239 τοῦ
731 2212 798 2240 Θεοῦ
820 2214 834 2240 ὸ
855 2214 921 2249 Χρι-

986 314 1140 348 peccatoris
1157 321 1211 341 non
1235 318 1299 342 sunt
1315 314 1341 341 in
1362 319 1510 350 conspectu
1531 315 1596 348 Dei,
1619 316 1667 344 sed
1687 317 1775 344 solum

984 359 1122 393 viaejusti.
1139 358 1173 386 Ut
1188 359 1272 394 igitur
1283 367 1378 386 omnes
1402 360 1452 387 via:
1467 364 1566 388 nostra:
1583 361 1610 388 in
1627 366 1775 396 conspectu

984 405 1029 432 Dei
1047 405 1122 437 sint;
1144 405 1272 433 videlicet
1285 405 1376 440 leges,
1397 406 1549 440 prophetae,
1568 406 1687 441 perfecta
1708 407 1774 435 item

982 457 1045 478 vera
1066 453 1094 477 et
1116 450 1186 477 bona
1205 450 1250 476 illa
1266 451 1326 483 via,
1348 459 1448 486 nempe
1474 450 1628 486 quidixit,
1644 451 1700 487 Ego
1714 460 1774 479 tum

981 495 1023 522 uia
1037 496 1071 528 “,
1088 495 1217 523 Christus
1233 494 1329 530 Iesus,
1354 503 1499 532 precemur
1517 497 1545 524 in
1569 497 1613 524 via
1636 505 1722 532 usque
1744 497 1772 524 in

981 538 1083 571 ﬁnem;
1111 543 1141 566 ut
1163 539 1215 566 iter
1235 545 1347 575 agentes
1370 541 1563 575 perveniamus
1586 541 1620 568 ad
1641 541 1726 570 Deum
1745 546 1773 570 et

979 583 1088 611 Patrem
1105 584 1298 612 universorum
1314 592 1362 620 per
1371 585 1514 613 Christum
1526 584 1631 614 Jesum.

977 674 994 701 ι
1015 672 1102 701 Vsus.
1123 672 1253 701 169-172.
1275 673 1475 708 Αφιπιιριιιιιιιει
1496 673 1646 708 deprecatio
1668 680 1726 700 mea
1745 673 1773 700 in

978 724 1118 753 conspectu
1129 724 1173 746 tuo
1183 739 1191 751 ,
1202 719 1314 746 Domine
1323 739 1331 751 ,
1340 719 1422 753 juxta
1433 719 1564 751 eloquium
1576 723 1650 745 tuum
1662 719 1697 745 da
1708 714 1774 745 mihi

979 764 1152 791 intellectum.
1172 763 1257 791 Intret
1273 764 1419 798 postulatio
1436 772 1493 791 mea
1508 764 1534 790 in
1547 769 1687 797 conspectu
1709 768 1752 791 tuo
1763 784 1771 796 ,

980 809 1108 842 Domine,
1126 809 1269 836 secundum
1282 809 1415 844 eloquium
1428 813 1502 835 tuum
1513 809 1583 843 en'pe
1597 818 1646 837 me.
1662 809 1774 836 Eruciu-

981 860 1072 883 verunt
1089 855 1162 882 lubia
1175 863 1232 882 mea
1244 855 1387 890 hymnum,
1401 863 1461 882 cum
1479 854 1600 882 docueris
1619 863 1659 882 me
1674 855 1773 890 iustiﬁ-

983 901 1100 928 cationes
1117 905 1188 929 tuas.
1212 900 1369 927 Pronuntiet
1390 901 1481 935 lingua
1502 909 1561 927 mea
1581 900 1686 934 eloquia
1708 906 1771 934 tua,

981 946 1043 981 quia
1057 947 1147 973 omnia
1163 947 1290 973 mandatu
1300 951 1357 977 tua,
1368 945 1488 980 justitia.
1505 945 1659 982 Admodum
1676 953 1773 985 conse-

983 996 1099 1027 quenter
1122 996 1266 1028 postquam
1291 1000 1340 1027 pro
1364 996 1453 1020 mente
1468 999 1517 1020 sua
1533 996 1660 1026 precatus
1676 995 1768 1024 esset;

982 1046 1036 1066 non
1052 1038 1123 1066 enim
1141 1038 1275 1067 labiorum
1297 1042 1323 1066 et
1339 1038 1439 1073 linguae
1465 1042 1508 1065 est
1529 1037 1698 1072 eloquiorum
1722 1036 1770 1064 Dei

983 1083 1191 1118 intelligentiam
1208 1084 1348 1117 accipere,
1372 1083 1418 1110 sed
1433 1083 1520 1111 solius
1544 1091 1606 1118 quae
1630 1083 1657 1109 in
1679 1083 1770 1110 anima

981 1132 1023 1156 est
1037 1128 1205 1164 intelligendi
1223 1128 1361 1156 facultatis
1375 1137 1382 1161 ς
1399 1136 1462 1156 cum
1475 1129 1566 1164 priora
1584 1129 1750 1164 postulasset
1760 1147 1768 1159 ,

980 1174 1014 1201 ad
1030 1175 1150 1202 secunda
1166 1179 1261 1210 postea
1277 1175 1394 1207 transit,
1410 1182 1443 1203 ac
1465 1178 1543 1210 rogat
1563 1179 1592 1201 nt
1617 1175 1693 1202 verbi
1708 1183 1770 1211 quas

981 1219 1008 1247 in
1025 1228 1054 1247 se
1067 1220 1185 1248 habebat
1200 1221 1381 1248 instrumenta
1392 1240 1400 1253 ,
1418 1228 1514 1255 nempe
1532 1220 1603 1247 labia
1617 1225 1645 1248 et
1658 1221 1749 1256 lingua
1759 1241 1767 1254 ,

979 1261 1228 1298 consecrarentur;
1246 1268 1274 1292 ut
1289 1266 1359 1292 labia
1383 1265 1493 1300 quidem
1509 1265 1640 1300 hymnum
1661 1273 1769 1300 semper

978 1314 1154 1342 eruetarent,
1171 1313 1315 1345 postquam
1341 1310 1394 1338 Deo
1422 1311 1536 1337 doctore
1555 1310 1768 1344 iustiﬁcationes

977 1355 1037 1389 ejus
1052 1363 1129 1382 mens
1144 1355 1324 1388 edidicisset;
1343 1355 1437 1389 lingua
1456 1362 1521 1382 vero
1540 1354 1609 1382 nihil
1626 1355 1699 1382 aliud
1725 1356 1767 1382 lo-

977 1404 1107 1435 queretur
1129 1408 1211 1436 quam
1222 1401 1331 1435 eloquia
1348 1400 1395 1428 Dei
1409 1410 1415 1428 :
1428 1405 1510 1436 atque
1526 1400 1552 1428 id
1570 1403 1663 1436 ageret
1675 1419 1683 1432 ,
1706 1401 1769 1435 quia

977 1453 1064 1472 omnes
1078 1446 1126 1472 via:
1140 1446 1197 1480 ejus
1208 1446 1333 1480 justitiw.

1012 1490 1096 1518 Vens.
1118 1491 1179 1518 175.
1200 1490 1266 1518 Fiat
1282 1499 1376 1518 manus
1398 1496 1461 1525 tua,
1484 1496 1513 1519 ut
1529 1493 1612 1520 solvet
1629 1502 1686 1528 me,
1702 1503 1768 1530 quo-

975 1537 1049 1564 niam
1064 1537 1195 1564 mandata
1212 1541 1259 1565 ιιιιι
1275 1538 1351 1573 elegi.
1367 1537 1470 1566 Videns
1496 1539 1712 1574 magnitudinem
1735 1541 1767 1568 il—

976 1582 1029 1610 lius
1046 1581 1118 1616 quod
1136 1582 1163 1608 in
1179 1586 1306 1617 promptu
1322 1587 1395 1614 erat,
1411 1590 1489 1618 opem
1516 1591 1530 1610 a
1556 1583 1611 1611 Deo
1627 1585 1765 1619 postulat,

977 1631 1007 1654 ut
1022 1627 1151 1662 praedicta
1167 1627 1301 1662 perﬁciat.
1316 1627 1385 1655 Cum
1401 1636 1484 1663 porro
1500 1636 1598 1664 magna
1614 1631 1734 1665 postulet
1748 1638 1764 1658 a

976 1671 1041 1704 Deo,
1058 1673 1138 1700 etiam
1152 1672 1224 1708 quod
1242 1680 1256 1699 a
1272 1680 1301 1701 se
1317 1676 1359 1700 est
1374 1673 1478 1708 profert
1493 1673 1589 1702 dicens
1606 1682 1614 1701 :
1631 1674 1765 1708 Quoniam

975 1717 1103 1744 mandata
1117 1722 1163 1743 tim
1177 1717 1253 1752 elegi.
1266 1717 1333 1744 Nam
1347 1717 1418 1752 quod
1431 1717 1458 1744 in
1470 1725 1529 1745 mea
1542 1722 1675 1752 potestate
1688 1722 1747 1746 erat
1756 1740 1764 1752 ,

976 1763 1001 1789 id
1018 1770 1033 1789 a
1049 1770 1092 1790 me
1107 1762 1248 1797 impletum
1264 1766 1315 1790 est.
1332 1762 1458 1789 Mandata
1474 1769 1520 1790 tua
1537 1763 1624 1800 elegi,
1641 1764 1704 1801 quia
1721 1764 1764 1792 di-

975 1808 1089 1844 ligebam
1104 1815 1135 1836 ca
1145 1828 1153 1841 ,
1169 1813 1199 1835 ut
1214 1808 1342 1843 superius
1359 1808 1463 1836 dictum
1479 1812 1533 1837 est.

1009 1895 1092 1923 Vens.
1115 1896 1176 1922 174.
1196 1895 1339 1929 Concupivi
1362 1895 1489 1924 Salutare
1509 1902 1599 1930 tuum,
1615 1902 1639 1924 et
1652 1897 1694 1924 ιω
1716 1903 1762 1926 [ιιι

975 1941 1110 1968 meditatio
1125 1949 1182 1968 mea
1199 1946 1250 1968 est.
1264 1941 1341 1968 Multi
1358 1941 1500 1970 hominum
1521 1943 1636 1971 salutem
1657 1951 1762 1971 concu-

974 1985 1101 2020 piscunt;
1117 1986 1163 2014 sed
1178 1994 1232 2013 non
1246 1987 1366 2014 salutare
1381 1987 1445 2018 Dei,
1459 1988 1508 2015 sed
1523 1988 1615 2016 carnis
1630 1989 1762 2021 salutare,

972 2031 1045 2066 quod
1063 2031 1090 2058 in
1107 2031 1210 2058 mundo
1226 2036 1277 2059 est.
1305 2031 1380 2068 Opus
1400 2037 1493 2060 autem
1508 2037 1549 2060 est
1565 2034 1763 2069 concupiscere

973 2076 1099 2104 Salutare
1113 2076 1159 2103 Dei
1173 2085 1180 2109 ;
1197 2081 1227 2103 ut
1248 2077 1274 2104 in
1291 2076 1345 2105 Deo
1359 2078 1481 2105 salutem
1506 2079 1710 2111 nanciscamur.
1734 2079 1762 2108 in

973 2122 1032 2157 ipso
1054 2122 1246 2158 quiescamus.
1270 2127 1365 2150 sancta
1387 2123 1413 2150 in
1434 2123 1619 2152 lwcreditatem
1642 2126 1760 2160 occipia-

972 2175 1053 2195 mus:
1079 2174 1143 2194 nam
1157 2167 1284 2195 Salutare
1309 2167 1356 2195 Dei
1377 2171 1420 2195 est
1431 2172 1532 2195 aeterna
1544 2169 1608 2196 vita.
1631 2169 1709 2202 Quod
1737 2171 1760 2200 si

975 2212 1043 2239 velis
1061 2212 1144 2239 verbo
1159 2212 1305 2240 sublimius
1318 2213 1458 2248 progredi,
1477 2213 1603 2240 Salutare
1619 2213 1665 2242 Dei
1681 2214 1761 2242 Chri-

132 2259 193 2290 στάς
204 2260 277 2285 ἐστιν
289 2268 295 2274 ·
320 2259 422 2294 Ἰησοῦς
434 2259 487 2294 γὰρ
502 2258 693 2294 ἑρμηνεύεται,
707 2258 774 2285 Θεοῦ
787 2259 918 2295 σωτηρία.

976 2261 1033 2284 stus
1047 2260 1088 2284 est
1105 2266 1112 2284 :
1136 2256 1217 2284 Jcsus
1232 2265 1351 2293 namque
1365 2258 1529 2292 explicatur,
1544 2257 1591 2286 Dei
1607 2259 1693 2286 salus.
1711 2259 1761 2288 Hic

131 2302 214 2335 Οὗτος
230 2305 295 2339 ἡμῖν
309 2303 446 2338 ἐπέμφθη.
456 2303 530 2334 Ὁδὸς
546 2303 592 2330 τοῦ
607 2303 801 2334 ἐπιποθοῦντος
820 2303 851 2330 τὺ
866 2304 922 2330 Σω-

130 2349 222 2384 τήριον
234 2349 280 2375 τοῦ
296 2348 373 2380 Θεοῦ,
388 2349 418 2375 τὸ
436 2348 482 2374 τὸν
496 2349 577 2383 νόμον
598 2347 666 2376 εἶναι
680 2348 793 2384 μελέτην
809 2348 847 2384 τῷ
860 2350 921 2376 ἑπι-

132 2392 268 2425 ποϐοῦντι,
283 2393 527 2429 προαναφωνοῦντα
549 2394 598 2429 τὴν
620 2393 698 2429 δεῦρο
715 2394 797 2420 αὑτοῦ
819 2395 919 2428 ἄφιξιν.

131 2439 223 2469 Νόιων
234 2439 262 2465 δὲ
274 2439 392 2467 ἐνταῦθα
401 2439 478 2466 καλεί
492 2440 582 2466 πᾶσαν
595 2439 645 2474 τὴν
657 2440 773 2467 παλαιὰν
783 2441 830 2467 καὶ
846 2441 920 2469 Θείαν

131 2485 252 2520 Γραφήν.

166 2529 293 2562 Ζήσεται
306 2530 325 2564 ὴ
337 2529 419 2564 ψυχή
429 2539 499 2565 μου,
509 2530 557 2557 καὶ
569 2530 682 2557 αἰνέσει
695 2539 740 2563 σε,
753 2531 802 2557 καὶ
815 2531 849 2558 τὰ
859 2532 920 2565 κρί-

128 2573 208 2607 ματά
229 2582 288 2600 σου
307 2575 455 2608 ,ϐοηθήσει
473 2583 535 2610 μοι.
555 2575 602 2606 Εἰς
616 2575 661 2601 τὸν
679 2575 808 2610 μέλλοντα
825 2577 920 2612 χρόνον

130 2619 265 2645 ἐνέκλειεν
277 2619 327 2655 τὴν
339 2618 412 2655 ζωὴν
425 2620 475 2654 τῆς
485 2620 584 2655 ψυχῆς.
593 2620 623 2647 Ἡ
636 2621 690 2656 γὰρ
710 2619 766 2655 ζωὴ
777 2622 861 2656 ἡμῶν
874 2622 920 2649 κέη-

131 2673 256 2698 «punctu
271 2665 331 2692 σὺν
345 2665 461 2699 Χριστῷ
473 2667 507 2692 ἐν
522 2666 561 2699 τῷ
577 2666 646 2699 Θεῷ.
657 2667 723 2693 Τότε
739 2667 855 2703 ὑμνήσει
868 2677 918 2695 κυ-

131 2711 196 2745 ρίως
209 2710 255 2736 τὸν
270 2711 345 2737 Θεόν.
363 2711 417 2738 Καὶ
433 2712 469 2738 τὰ
488 2712 614 2746 χρίματὰ
627 2720 685 2739 σου
695 2713 843 2748 ,βοηθήσει
855 2723 915 2748 μοι.

137 2755 198 2781 Ἐπὶ
214 2755 325 2790 βοηθείᾳ
337 2756 392 2782 τῶν
409 2758 575 2792 κρινομένων
591 2758 625 2784 τὰ
642 2757 760 2793 κρίματα
781 2759 828 2785 τοῦ
849 2760 917 2786 Θεοῦ

129 2799 244 2834 γίνεται.
267 2800 346 2827 Ἀλλὰ
368 2801 434 2836 ἄλλη
459 2802 599 2837 παρρησία
625 2802 749 2837 βοηθείας
775 2804 917 2839 χριμάτων

170 2885 193 2901 ³⁸
211 2883 289 2914 Joan.
309 2894 364 2919 xiv,
383 2886 410 2914 6.
447 2888 469 2903 ³⁷
490 2887 594 2916 Coloss.
613 2896 657 2922 tu,
673 2889 698 2917 5.

973 2306 1015 2329 est
1028 2302 1075 2336 qui
1092 2301 1172 2329 nobis
1199 2302 1301 2330 missus
1322 2306 1374 2329 est.
1397 2302 1443 2329 Via
1467 2302 1690 2336 concupiscentis
1707 2303 1759 2330 Sa-

972 2349 1062 2376 lutare
1081 2347 1127 2375 Dei
1141 2352 1201 2381 est,
1221 2352 1250 2375 ut
1265 2348 1317 2376 sibi
1339 2348 1546 2382 concupiscenti
1566 2348 1706 2375 meditatio
1722 2349 1759 2378 sit

972 2395 1013 2422 lex
1025 2414 1033 2427 ,
1049 2402 1110 2429 quae
1124 2393 1184 2428 ejus
1197 2393 1230 2420 ad
1246 2401 1297 2420 nos
1313 2393 1459 2421 adventum
1471 2394 1643 2428 praenuntiat.
1660 2393 1759 2429 Legem

971 2444 1062 2467 autem
1076 2439 1120 2466 llic
1135 2442 1215 2466 vocat
1236 2442 1320 2466 totam
1345 2443 1464 2467 veterem
1485 2447 1518 2466 ac
1541 2439 1662 2466 divinam
1682 2439 1759 2468 Scri-

971 2489 1089 2520 pturam.

1007 2532 1092 2560 Vens.
1113 2532 1179 2564 175,
1201 2531 1263 2559 i76.
1289 2532 1362 2560 Vivet
1382 2532 1472 2561 anima
1492 2540 1567 2565 mea,
1591 2537 1616 2559 et
1635 2532 1759 2560 laudabit

971 2583 1011 2609 te,
1027 2583 1052 2605 et
1065 2577 1168 2612 judicia
1181 2583 1226 2604 tua
1242 2577 1405 2612 adjuvabunt
1422 2586 1470 2604 me.
1487 2577 1515 2604 In
1531 2577 1623 2604 futuro
1635 2582 1759 2614 tempore

969 2624 1051 2650 vitam
1065 2623 1162 2650 anima:
1178 2623 1304 2650 includit.
1328 2623 1388 2649 Vita
1403 2623 1476 2650 enim
1493 2628 1585 2650 nostra
1600 2623 1758 2651 ablcondita

969 2674 1008 2696 est
1022 2677 1082 2695 eum
1096 2668 1202 2696 Christo
1217 2669 1244 2695 in
1262 2668 1313 2695 Deo
1333 2668 1367 2696 ”.
1384 2667 1461 2696 Tunc
1477 2668 1559 2696 Deum
1577 2670 1685 2704 proprie
1699 2670 1757 2696 lau-

971 2715 1058 2752 dabit:
1075 2713 1110 2740 Et
1134 2714 1238 2749 judicia
1255 2719 1301 2740 tua
1324 2713 1486 2748 adjuvabunt
1503 2723 1553 2742 me.
1571 2715 1610 2742 Ad
1626 2716 1757 2742 auxilium

968 2768 1062 2787 eorum
1073 2780 1080 2792 ,
1095 2760 1129 2788 de
1142 2761 1241 2796 quibus
1255 2759 1408 2795 iudicatur,
1419 2760 1523 2795 judicia
1545 2761 1591 2789 Dei
1606 2761 1682 2788 ﬁunt.
1701 2761 1754 2788 Ve-

968 2813 1027 2833 rum
1054 2806 1107 2833 alia
1131 2807 1225 2835 auxilii
1253 2806 1280 2834 in
1298 2806 1410 2842 judiciis
1424 2805 1527 2835 ferendi
1549 2807 1647 2835 ﬁducia
1669 2813 1753 2842 penes
