3994 6448
1497 795 1726 882 ΤΟΥ
1787 793 2392 884 ΠΑΜΦΙΛΟΥ

393 985 1608 1128 ΥΠΟΜΝΗΜΑΤΑ
1697 991 1958 1126 ΕΙΣ
2053 989 2509 1124 ΤΟΥΣ
2583 993 3494 1194 ΨΑΑΜΟΥΣ,

655 1433 1706 1648 EUSEBII
1897 1427 3226 1644 PAMPHILI
3383 1451 3394 1464 ·
3523 1331 3528 1336 ’

1047 1775 1924 1950 ῦθΜΜΕΝΊῘΜΠΛ·
1982 1791 2114 1946 ΙΝ
2226 1791 2800 1952 PSALMﬂS.

302 2065 416 2128 Ex
457 2083 602 2126 mss.
633 2063 954 2126 codicibus
1001 2071 1204 2134 eruta,
1247 2061 1470 2124 Latine
1499 2079 1702 2143 versa,
1741 2079 1812 2122 ac
1839 2059 2407 2143 _notis_illustrata,
2439 2063 2652 2126 studio
2691 2073 2750 2124 et
2781 2083 2974 2143 opera
3003 2067 3080 2126 Β.
3123 2065 3440 2130 Bernardi
3469 2071 3564 2132 Dn

429 2147 896 2218 Mourmucou,
929 2143 1288 2222 presbyteri
1323 2151 1382 2202 et
1411 2141 1701 2204 monachi
1741 2139 1988 2202 ordinis
2021 2141 2086 2202 S.
2133 2141 2484 2216 Benedicti,
2516 2161 2546 2202 e
2577 2139 3058 2223 congregatione
3085 2147 3152 2208 S.
3195 2147 3436 2210 Mauri.

852 2305 1098 2371 (Collectio
1119 2317 1240 2356 nova
1261 2271 1468 2356 Patrum
1497 2311 1542 2356 et
1563 2301 1854 2368 scriptorum
1877 2305 2170 2364 Graecorum,
2199 2304 2419 2366 Parisiis,
2447 2305 2588 2368 1707,
2611 2305 2796 2368 in-fol.,
2823 2315 2939 2358 tom.
2976 2309 3040 2374 Ι.)

1871 2507 1878 2516 ι
1909 2505 1980 2520 ..η-ρ

1005 2588 1560 2652 CLEMENTI
1627 2591 1738 2652 XI
1785 2567 2352 2656 PONTIFlCI
2405 2593 2844 2660 MAXIMO.

383 2713 540 2778 Cum
571 2729 689 2792 per
715 2713 1058 2772 Romanum
1087 2709 1284 2770 otium
1311 2707 1781 2800 colloquionon
1805 2713 1994 2773 semel
2019 2707 2315 2792 dignatus
2339 2723 2470 2786 tuo,
2497 2715 2902 2778 Sanctissime
2933 2721 3162 2798 Pater,
3195 2725 3558 2790 Graecarum

295 2833 454 2896 quas
483 2815 768 2894 apprime
807 2811 1016 2884 calles,
1049 2809 1534 2888 disciplinarum
1555 2813 1892 2874 maximam
1919 2813 1988 2874 in
2017 2821 2074 2872 te
2105 2831 2322 2874 curam
2351 2815 2924 2894 animadverterim,
2971 2843 3042 2884 ea
3075 2827 3230 2888 mihi
3271 2848 3410 2890 cum
3440 2831 3558 2890 sti-

299 2917 504 2978 mulos
548 2915 814 2990 addidit,
845 2925 918 2976 ut
941 2919 1078 2996 jam
1119 2913 1332 2975 multis
1377 2915 1561 2976 annis
1611 2915 1842 2976 initum
1875 2915 2236 2976 Graecarum
2279 2919 2612 2998 Musarum
2655 2925 3050 2986 curriculum
3087 2947 3552 3010 prosequerer;

303 3029 434 3080 tum
461 3019 700 3080 animos
735 3017 904 3098 fecit,
935 3021 1004 3074 ut
1031 3015 1213 3076 hasce
1245 3013 1714 3074 lucubrationes
1743 3031 1906 3074 meas
1935 3013 2278 3076 Sanctitati
2318 3017 2464 3076 Tum
2497 3036 2950 3098 nuncuparem.
2969 3023 3096 3084 Est
3127 3029 3358 3108 quippe
3392 3031 3556 3092 illud

301 3121 386 3182 iis
419 3121 528 3198 qui
571 3127 846 3180 veterum
873 3117 1286 3178 monumentis
1321 3113 1610 3178 eruendis
1639 3125 1878 3178 aetatem
1909 3123 2266 3188 conterunt,
2299 3135 2410 3178 nec
2446 3117 2756 3180 modicum
2785 3121 2868 3182 ad
2909 3141 3164 3202 operam
3201 3129 3552 3192 navandum

297 3221 792 3292 incitamentum,
823 3235 962 3278 cum
991 3219 1042 3279 ii
1072 3219 1180 3296 qui
1211 3217 1518 3295 dignitate
1549 3225 1606 3277 et
1635 3215 2050 3296 amplitudine
2085 3219 2326 3278 caeteris
2347 3227 2682 3296 praestant,
2731 3240 2950 3300 parem
2999 3225 3070 3286 in
3115 3243 3184 3286 re
3229 3227 3550 3294 litteraria

296 3320 565 3402 gradum
607 3329 798 3400 gustu
829 3327 886 3380 et
907 3319 1152 3396 peritia
1184 3335 1396 3378 rerum
1423 3317 1696 3378 assecuti
1737 3325 1906 3379 sunt.
1943 3317 2098 3380 Cum
2138 3329 2368 3390 autem,
2401 3321 2809 3382 Sanetissime
2839 3324 3072 3400 Pater,
3110 3327 3208 3388 rei
3257 3331 3548 3393 ecclesia-

297 3423 474 3484 stica'
487 3423 688 3502 juxta
715 3439 786 3480 ac
817 3419 1147 3482 litterarice
1161 3415 1372 3500 judex
1397 3417 1752 3496 arbiterque
1799 3415 2036 3492 sedeas,
2069 3437 2336 3498 quorum
2375 3417 2556 3480 aliud
2586 3421 2704 3482 tibi
2753 3441 2992 3484 summa
3033 3427 3240 3487 virtus
3273 3433 3549 3492 omnium

297 3525 638 3603 conjuncta
665 3521 826 3582 votis
859 3519 1106 3594 detulit,
1135 3517 1312 3580 aliud
1351 3519 1584 3580 eximia
1611 3517 2100 3598 disciplinarum
2131 3521 2406 3580 omnium
2433 3519 2668 3581 notitia
2699 3541 2829 3582 una
2855 3525 3260 3596 conciliavit,-
3291 3531 3396 3592 cui
3411 3549 3538 3610 po-

297 3626 430 3688 tius
459 3622 670 3684 labore
703 3629 758 3682 et
788 3619 1014 3680 sudore
1045 3627 1264 3678 nostro
1289 3625 1484 3698 parta
1514 3617 1871 3698 offeramus,
1903 3635 2088 3696 quam
2123 3619 2178 3680 ei
2207 3621 2316 3698 qui
2339 3637 2464 3680 non
2493 3619 2848 3682 eruditione
2877 3626 3084 3686 minus
3117 3645 3300 3708 quam
3328 3629 3544 3710 digni—

298 3735 426 3786 tate
457 3721 695 3786 caeteris
731 3721 1114 3782 antecellat?
1155 3785 1164 3792 .

375 3825 638 3887 Eusebii
675 3825 882 3902 itaque
915 3825 1122 3884 nostri
1155 3825 1614 3886 Commentaria
1641 3825 1712 3885 in
1761 3824 2032 3904 psalmos
2065 3825 2410 3888 Sanctitati
2447 3829 2594 3888 Tuos
2621 3827 2928 3892 sistimus.
2965 3827 3140 3908 Opus
3181 3849 3330 3892 sane
3375 3851 3548 3912 egre-

295 3931 492 4008 gium,
541 3927 600 3988 si
637 3927 988 4004 Scriptura:
1016 3941 1212 3984 sacrm
1241 3925 1558 3998 notitiam,
1589 3933 1869 3985 veterum
1903 3925 2324 4004 interpretum
2351 3929 2672 4006 copiosam
2707 3929 3183 4008 supellectilem,
3223 3931 3438 3994 doctas
3467 3931 3546 3994 de

299 4027 600 4108 cujusque
624 4027 858 4108 psalmi
887 4033 1144 4086 auctore
1177 4033 1236 4084 et
1263 4035 1540 4104 tempore
1571 4025 2036 4088 observationes
2065 4029 2474 4106 spectaveris.
2509 4031 2652 4092 Huc
2679 4029 2984 4090 accedunt
3010 4033 3368 4112 frequentes
3397 4053 3546 4096 con-

299 4139 402 4190 tra
431 4131 644 4190 atheos
671 4147 744 4188 ac
774 4129 1000 4204 impios
1029 4127 1448 4188 velitationes.
1489 4147 1560 4188 ac
1611 4125 1686 4187 de
1727 4125 2128 4188 Psalmorum
2171 4130 2502 4200 sententia,
2541 4139 2672 4192 tum
2719 4127 3010 4202 litterali,
3069 4141 3200 4192 tum
3229 4143 3544 4212 mystago-

298 4230 440 4308 gica
465 4227 956 4290 accuratissima?
983 4223 1442 4298 meditationes,
1473 4235 1530 4286 et
1563 4227 1695 4287 alia
1725 4223 1922 4286 multa
1969 4227 2144 4304 queis
2175 4225 2470 4288 rudiores
2501 4229 2696 4290 animi
2725 4227 2807 4288 ad
2841 4229 3181 4308 pietatem.
3213 4235 3546 4313 perfectio-

297 4347 397 4390 res
425 4341 650 4400 autem,
679 4327 762 4388 ad
793 4327 1112 4389 sublimem
1139 4325 1489 4404 Scriptura:
1517 4344 1712 4386 sacra:
1739 4327 2034 4388 notitiam
2063 4325 2402 4408 informari
2428 4327 2655 4390 solent.
2681 4329 2826 4388 Haec
2853 4347 2932 4388 ex
2959 4327 3272 4390 diuturna
3305 4341 3540 4392 tracta-

297 4434 468 4494 tione
517 4429 870 4502 Eusebius,
931 4427 1250 4508 Pamphili
1289 4427 1594 4504 martyris
1639 4425 2124 4504 Seripturarum
2191 4427 2602 4489 scientissimi
2651 4429 3065 4491 contubernio
3117 4429 3532 4500 nobilitatus,

293 4531 582 4610 apprime
605 4528 848 4598 calluit,
879 4529 1005 4590 haec
1033 4529 1210 4586 docte
1239 4523 1542 4586 disseruit
1573 4531 1632 4584 et
1659 4527 2066 4604 explanavit;
2103 4523 2268 4584 unde
2297 4529 2520 4588 merito
2553 4547 2702 4588 sane
2727 4529 3154 4608 Hieronymus
3185 4529 3542 4610 eruditissi-

295 4651 426 4694 mos
471 4635 652 4696 hosce
693 4633 1182 4695 Commentarios
1231 4647 1358 4688 esse
1401 4630 1806 4707 pronuntiat.
1841 4627 2123 4703 Quorum
2158 4639 2334 4692 tanta
2377 4631 2504 4710 fuit
2531 4629 2704 4709 apud
2745 4641 2982 4692 veteres
3021 4633 3434 4704 existimatio,
3467 4643 3538 4694 ut

293 4734 716 4798 Occidentalis
767 4737 1068 4797 Ecclesiae
1111 4737 1318 4796 lumen
1361 4731 1526 4794 illud
1555 4731 1866 4794 Eusebius
1906 4733 2316 4796 i'ereellensis
2361 4733 2430 4794 in
2457 4732 2834 4794 Latinorum
2875 4753 3058 4794 usum
3104 4743 3302 4794 totum
3351 4753 3534 4814 opus,

289 4835 608 4898 submotis-
627 4845 832 4896 tamen
873 4837 956 4898 iis
987 4853 1118 4914 qua:
1155 4834 1584 4896 Arianismum
1628 4833 1890 4904 olerent,
1941 4831 2162 4894 Latine
2195 4834 2440 4914 fecerit.
2491 4833 2699 4913 Hujus
2733 4851 2847 4894 nos
2909 4831 3302 4912 diligentiam
3353 4833 3534 4894 mu-

295 4939 514 5010 lantes,
545 4955 646 5010 ne,
679 4937 932 5018 jamdiu
979 4939 1142 4998 tanti
1171 4937 1298 4998 viri
1341 4935 1866 5012 interpretatione
1897 4935 2147 5006 amissa,
2179 4943 2402 4994 nostra
2433 4944 2580 4995 (etas
2609 4937 2724 4996 hoc
2768 4935 3008 5015 insigni
3051 4953 3238 5014 opere
3283 4935 3528 5008 orbata,

291 5037 577 5116 segnitiei
603 5037 784 5098 nobis
813 5045 1024 5098 notam
1051 5039 1360 5109 inureret,
1401 5033 1482 5096 ex
1509 5035 1904 5096 bibliothecis
1939 5045 2190 5094 erutum
2219 5041 2278 5094 et
2303 5033 2526 5096 Latine
2553 5053 2804 5096 versum
2835 5035 3262 5114 publicamus,
3295 5035 3532 5114 tibique

289 5137 636 5218 offerimus,
669 5147 742 5200 ut
773 5139 926 5212 tuis,
951 5139 1356 5222 Sanctissime
1385 5137 1602 5208 Pater,
1639 5135 1944 5212 auspiciis
1975 5135 2227 5212 felicius
2259 5135 2328 5196 in
2359 5135 2556 5196 lucem
2590 5135 2880 5214 prodeat,
2911 5143 3088 5214 teque
3127 5131 3282 5194 duce
3309 5135 3528 5214 faciles

285 5237 411 5300 sibi
436 5247 618 5316 paret
645 5237 728 5298 ad
754 5237 1202 5318 rempublicam
1232 5235 1608 5298 litterariam
1633 5231 1868 5297 aditus.

369 5341 592 5402 Verum
635 5359 764 5402 non
809 5339 1078 5420 perinde
1111 5339 1464 5401 laudandus
1493 5339 1756 5401 Eusebii
1787 5349 2047 5400 conatus
2077 5339 2418 5400 Sanctitati
2457 5341 2600 5400 Tute
2629 5339 2943 5414 videatur,
2977 5338 3036 5399 si
3063 5335 3146 5398 ad
3173 5335 3532 5398 doctrinam

281 5437 356 5502 de
389 5443 444 5504 Τ
441 5443 726 5514 rinitate,
763 5443 822 5504 si
863 5441 944 5502 ad
987 5443 1270 5504 vitiatam
1313 5441 1388 5502 de
1449 5441 1637 5502 Verbo
1677 5441 1794 5502 Dei
1841 5441 2210 5502 sententiam
2244 5441 2520 5500 animum
2548 5441 2912 5504 attenderis.
2947 5441 3068 5502 Est
3095 5439 3260 5502 enim
3290 5457 3528 5510 eorum,

281 5562 392 5624 qui
419 5545 608 5608 nimis
631 5547 884 5622 ingenio
913 5545 1336 5626 doctrinaeque
1357 5565 1486 5608 sua:
1503 5545 1728 5626 ﬁdunt,
1751 5553 2102 5624 perpetuus
2131 5543 2240 5604 ille
2273 5543 2594 5624 scopulus,
2625 5553 2694 5604 ut
2723 5561 2863 5604 cum
2891 5563 3006 5604 suo
3037 5553 3232 5604 marte
3265 5541 3530 5620 religio-

279 5647 380 5712 nis
431 5645 642 5726 capita
689 5643 946 5724 deﬁnire
975 5645 1270 5714 audeant.
1325 5669 1364 5708 a
1413 5667 1572 5710 verae
1623 5645 1770 5726 ﬁdei
1809 5645 2058 5708 tramite
2101 5646 2340 5724 passim
2375 5643 2690 5706 aberrent.
2737 5647 2990 5708 Possem
3035 5643 3520 5710 innumerabiles

413 5744 418 5754 '
605 5747 876 5806 Ριτιιοι.
911 5747 1028 5806 Gn.
1085 5743 1324 5814 XXIII.
3091 5749 3122 5808 1
