3994 6448
508 378 565 430 Η
1176 378 1442 434 EUSEBII
1479 372 1958 433 CASARIENSIS
1996 371 2145 428 OPP.
2188 370 2368 426 PARS
2407 367 2498 425 Ill.
2547 384 2620 409 κ
2654 374 3058 433 EXEGETICA.
3673 375 3745 431 Β

506 500 821 575 prefer",
862 499 970 575 qui
1007 517 1168 558 ηουα
1198 508 1434 558 tentata
1464 499 1597 577 ejus
1632 492 2040 572 explananda:
2068 492 2191 562 via,
2223 489 2632 570 naufragium
2657 495 2978 572 fecerunt;
3010 513 3222 554 verum
3249 511 3412 554 unus
3445 501 3573 552 esto
3602 492 3741 552 Eu-

505 599 712 660 sebius
744 601 900 661 satis
932 622 951 661 :
984 602 1040 661 is
1074 604 1140 663 in
1177 602 1523 679 exemplum
1579 600 1822 660 cunctis
1863 595 2189 675 offeratur.
2234 595 2390 656 Nam
2429 597 2485 654 si
2534 598 2634 655 vir
2667 596 2773 656 ille
2810 607 3044 667 tantus,
3090 608 3178 658 tot
3225 595 3586 676 disciplinis
3618 615 3735 659 ea:-

504 702 737 770 cultus,
776 702 884 762 ubi
929 721 1059 761 sese
1105 702 1370 779 ﬁdenter
1407 717 1728 759 sacrorum
1764 699 2168 774 interpretem
2211 697 2540 773 priestitit,
2581 705 2822 755 tantum
2853 716 2890 755 a
2937 716 3094 756 certe
3139 699 3403 775 pietatis
3433 700 3746 759 sententia

504 800 857 880 deflexerit,
890 801 1042 882 quid
1067 805 1211 864 aliis
1235 798 1634 880 sperandum,
1665 801 1773 877 qui
1812 817 1938 857 non.
1965 797 2233 875 paribus
2269 797 2504 874 ingenii
2535 797 2951 875 doctrinaque
2985 797 3235 858 dotibus
3265 801 3588 870 instructi,
3616 818 3744 877 pa-

505 920 635 962 rem
662 914 860 966 tamen
889 906 1086 964 aleam
1117 905 1328 965 subire
1359 922 1484 962 non
1508 910 1845 961 vereantur
1869 903 1897 959 ?
1933 902 2086 970 Una,
2115 918 2240 968 una
2272 909 2360 957 est
2390 916 2545 957 vera:
2573 897 2719 976 ﬁdei
2741 900 3039 970 anchora,
3074 908 3313 957 statuta
3340 900 3580 959 scilicet
3612 899 3745 958 Ec-

507 1003 706 1065 clesia:
739 1026 757 1062 :
788 1006 976 1086 hujus
1032 1012 1124 1077 tu,
1157 1005 1396 1064 Summe
1433 1002 1754 1080 Pontifex,
1788 1007 2000 1077 caput,
2033 999 2415 1075 antistesque
2465 1014 2812 1067 sacrorum,
2851 999 2955 1056 cui
2987 997 3322 1074 religionis
3341 998 3506 1076 jura
3536 993 3749 1055 dicere

504 1107 573 1166 in
603 1104 808 1181 ofﬁcio
837 1115 949 1166 est.
985 1105 1074 1165 Ab
1103 1106 1215 1165 hac
1255 1123 1399 1163 vero
1445 1120 1662 1162 norma
1713 1102 1995 1179 quisquis
2026 1099 2436 1171 aberraverit,
2471 1100 2616 1159 huic
2661 1108 2941 1158 extrema
2978 1106 3034 1158 et
3071 1108 3243 1158 certa
3293 1099 3747 1176 perniciesest

502 1203 1013 1281 pertimescenda.

578 1304 830 1364 Accedit
873 1305 1076 1380 igitur
1109 1302 1189 1363 ad
1216 1303 1400 1382 pedes
1429 1302 1797 1364 Sanctitatis
1834 1302 1983 1362 Tua?
2022 1299 2335 1359 Eusebius
2365 1300 2471 1358 ille
2505 1299 2840 1378 Pamphili,
2874 1309 2944 1359 ut
2976 1288 3108 1379 ejus
3137 1303 3210 1366 de
3261 1300 3450 1362 Verbo
3482 1299 3600 1360 Dei
3630 1297 3742 1358 do-

501 1407 728 1476 ctrina,
768 1423 948 1484 quam
980 1423 1116 1464 cum
1156 1424 1236 1465 ex
1273 1407 1720 1484 pestiferorum
1765 1404 2080 1466 hominum
2113 1401 2365 1479 afflatu,
2400 1411 2526 1458 tum
2566 1418 2644 1460 ex
2693 1401 2935 1477 ingenii
2975 1401 3077 1462 sui
3124 1403 3391 1464 arbitrio
3435 1401 3739 1484 protulit,

492 1504 798 1586 judicium
843 1504 1063 1565 subeat
1118 1513 1312 1566 tuum.
1355 1507 1570 1566 i’erum
1617 1503 1846 1564 talibus
1894 1509 2156 1561 onustus
2199 1499 2505 1560 mercibus
2536 1502 2648 1561 vix
2693 1513 3090 1580 conspectum
3133 1502 3312 1564 illum
3361 1504 3582 1581 ferret,
3615 1503 3736 1563 via:

499 1605 671 1667 illam
721 1605 1044 1666 oculorum
1093 1607 1340 1684 orisque
1388 1605 1755 1683 dignitatem
1797 1604 2187 1675 sustineret,
2247 1603 2376 1662 nisi
2415 1604 2719 1680 permista
2767 1604 2947 1664 malis
2991 1603 3153 1664 bona
3201 1604 3570 1673 innumera,
3604 1601 3742 1664 nisi

499 1704 693 1763 multa
726 1705 1004 1783 offerret,
1037 1722 1168 1783 qua!
1186 1705 1424 1782 passim
1455 1706 1522 1764 in
1553 1722 1739 1782 opere
1768 1701 2022 1779 decerpi
2045 1703 2298 1778 possint
2331 1703 2780 1762 emolumenta:
2813 1713 2878 1762 ut
2910 1704 3022 1764 hac
3055 1705 3122 1764 in
3149 1722 3216 1762 re
3243 1701 3423 1762 nobis
3479 1700 3744 1762 Eusebii

499 1803 890 1880 diligentiam
934 1803 1200 1864 laudare
1235 1804 1439 1876 liceat,
1472 1804 1529 1862 si
1557 1805 1760 1862 minus
1797 1803 1982 1862 liceat
2024 1805 2096 1862 in
2123 1801 2266 1860 aliis
2299 1799 2600 1862 doctrinm
2633 1804 3074 1863 sinceritatem.
3109 1803 3236 1862 Nos
3273 1819 3442 1872 vero,
3471 1801 3585 1860 etsi
3608 1818 3739 1880 pro

499 1921 667 1962 more
698 1913 917 1962 nostro
947 1903 1070 1964 huc
1101 1901 1182 1961 ad
1213 1902 1493 1962 codicum
1523 1899 1725 1979 ﬁdem,
1758 1902 1855 1960 uti
1888 1918 1949 1958 se
1993 1898 2244 1969 dabant,
2273 1897 2532 1977 publica
2560 1902 2913 1980 fecerimus,
2953 1901 3216 1961 Eusebii
3249 1909 3451 1958 tamen
3487 1899 3731 1959 Vercel-

499 1998 689 2060 lensis
721 2001 1070 2060 cautionem
1106 2001 1235 2060 alia
1276 2001 1562 2060 cautione
1601 2016 1934 2077 pensamus
1961 2018 1979 2056 :
2005 1999 2071 2057 in
2094 1999 2634 2076 prteliminaribus
2666 2002 2920 2078 quippe,
2963 2000 3224 2060 Eusebii
3257 1997 3330 2059 de
3375 1999 3566 2058 Verbo
3612 1998 3732 2058 Dei

499 2102 876 2179 opinionem,
910 2118 1036 2161 non
1074 2120 1153 2162 ea:
1189 2101 1287 2162 his
1329 2099 1504 2160 modo
1554 2099 2069 2169 Commentariis,
2120 2103 2226 2159 sed
2257 2119 2339 2160 ex
2382 2101 2527 2160 aliis
2573 2103 2717 2160 item
2761 2101 3018 2179 scriptis
3063 2097 3334 2179 ejusdem
3379 2100 3730 2176 aperimus.

499 2199 896 2277 confutamus
926 2220 945 2258 :
975 2217 1048 2258 ac
1076 2217 1152 2258 ne
1194 2199 1423 2257 malum
1458 2197 1721 2257 occultis
1753 2196 2014 2257 subinde
2046 2197 2253 2258 verbis
2294 2198 2872 2284 obvolutumjatius
2916 2208 3151 2278 serpat,
3184 2217 3222 2257 a
3249 2198 3473 2278 quibus
3512 2217 3739 2258 caven-

496 2296 642 2357 dum
665 2300 748 2358 sit
779 2298 1151 2370 indicamus,
1185 2309 1242 2359 et
1267 2308 1634 2377 argumenta
1663 2307 1885 2357 contra
1915 2298 2094 2375 fidem
2125 2300 2334 2359 oblata
2365 2317 2486 2378 pro
2519 2301 2695 2360 virili
2727 2298 3123 2378 depellimus.

577 2403 745 2463 Huic
791 2412 1028 2463 nostra!
1087 2420 1314 2482 operm,
1356 2402 1760 2462 Sanctissime
1789 2401 2002 2474 Pater,
2036 2403 2092 2462 si
2139 2402 2445 2462 calculum
2490 2402 2831 2475 addideris,
2873 2404 2930 2464 si
2972 2404 3096 2464 haec
3137 2402 3345 2464 studio
3370 2405 3732 2484 vigiliisque

495 2504 732 2564 nostris
762 2513 957 2580 parta
989 2503 1226 2565 lubenti
1254 2504 1460 2562 animo
1492 2503 1834 2581 acceperis,
1868 2523 2030 2564 unus
2055 2504 2235 2564 nobis
2267 2508 2474 2566 instar
2503 2506 2772 2566 omnium
2802 2516 3026 2566 auctor
3056 2508 3203 2577 eris,
3225 2518 3291 2568 ut
3327 2508 3567 2568 cateris
3596 2523 3735 2584 quae

497 2619 612 2680 per
642 2604 837 2663 otium
865 2612 1204 2683 parantur,
1237 2604 1516 2664 alacrius
1562 2622 1809 2663 manum
1850 2605 2303 2665 admoveamus.
2345 2607 2426 2666 Te
2461 2607 2692 2686 quippe
2733 2607 2846 2669 hoc
2881 2608 2948 2667 in
2988 2609 3247 2672 honoris
3279 2611 3572 2679 culmine,
3614 2610 3734 2670 hac

499 2707 566 2766 in
611 2704 865 2782 specula
900 2705 1169 2779 sedente,
1204 2705 1284 2765 ad
1311 2709 1570 2768 virtutis
1611 2706 1911 2778 studium,
1949 2719 2006 2768 et
2038 2707 2119 2768 ad
2156 2709 2514 2770 litterarum
2554 2711 2794 2770 cultum
2837 2723 3154 2774 acuuntur
3181 2715 3421 2782 animi;
3467 2721 3536 2773 ut
3588 2731 3735 2792 spes

494 2805 580 2866 sit
615 2806 1016 2886 afflictam-et
1042 2805 1347 2866 labantem
1373 2809 1439 2867 in
1462 2806 1592 2868 dies
1623 2826 1753 2867 rem
1783 2806 2164 2872 litterariam
2191 2829 2304 2890 ope
2334 2820 2392 2870 et
2421 2812 2779 2890 patrocinio
2807 2822 2911 2872 tuo
2944 2824 3370 2874 restauratum
3403 2815 3510 2875 iri.
3545 2813 3734 2889 Quod

496 2909 663 2965 omni
690 2907 1154 2984 exspectatione
1186 2908 1497 2968 maturius
1533 2907 1796 2980 accidet,
1819 2909 1876 2970 si
1903 2909 2082 2970 nobis
2112 2911 2323 2992 fausta
2369 2912 2772 2988 precantibus
2800 2915 3028 2992 faverit
3059 2915 3331 2975 omnium
3374 2913 3736 2978 moderator

495 3005 622 3074 ille,
654 3003 761 3082 qui
788 3003 972 3064 rebus
992 3006 1307 3084 prospicit
1335 3006 1645 3078 humanis,
1678 3024 1788 3066 nec
1821 3016 1877 3066 te
1922 3006 2100 3067 modo
2134 3010 2507 3070 incolumem
2536 3009 2776 3072 diutius
2808 3015 3171 3085 servaverit,
3204 3013 3311 3074 sed
3342 3015 3523 3074 etiam
3556 3026 3734 3076 tran-

497 3101 693 3181 quilla
726 3112 1072 3183 pacataque
1110 3113 1391 3184 tempora
1422 3105 1592 3185 plebi
1620 3124 1748 3168 sua:
1765 3107 2148 3184 providerit,
2184 3108 2350 3188 quod
2378 3129 2514 3170 cum
2536 3113 2767 3190 primis
2799 3115 3131 3193 efﬂagitat,

1797 3209 2167 3271 Sanctitatis
2203 3213 2368 3285 Tute,

2591 3377 3238 3457 Obsequentissimus
3278 3390 3338 3443 et
3376 3383 3564 3444 addi-

2676 3458 3185 3519 clissimuslilius
3222 3469 3282 3522 et
3314 3479 3564 3533 servus,

2592 3555 2660 3614 F.
2725 3555 2909 3616 Bern.
2943 3559 3052 3617 ~De
3095 3561 3560 3625 Moarmccou.

3146 3728 3400 3738 ———..__.

501 3713 3404 3754 mm

1506 3888 2704 4017 PRIELIMINARIA

767 4191 794 4242 .-
864 4147 989 4237 IN
1069 4145 1549 4238 EUSEBII
1624 4141 2503 4234 COMMENTARIA
2581 4145 2704 4232 IN
2785 4147 3347 4245 PSALMOS.

1070 4451 1484 4515 PROOEMIUM.
2079 4472 2119 4522 Α
2152 4459 2331 4527 prodit
2358 4457 2624 4515 Eusebius
2657 4463 2788 4533 :qui
2821 4464 2865 4519 si
2910 4475 3166 4534 quantam
3221 4471 3563 4540 eruditionis,
3593 4483 3719 4529 tan-

554 4545 791 4601 Tantnm
821 4547 921 4603 sibi
959 4562 1154 4600 nomen
1188 4547 1244 4602 in
1268 4564 1326 4603 re
1357 4550 1618 4604 litteraria
1642 4552 1848 4620 peperit
1879 4550 2049 4606 Euse-

485 4635 608 4692 bius
632 4638 1008 4700 Caesariensis,
1034 4646 1232 4692 utcum
1265 4639 1316 4692 in
1336 4641 1456 4710 ejus
1491 4643 1710 4712 scriptis
1739 4652 2054 4698 restaurano

485 4730 591 4791 dis,
624 4733 669 4785 si
712 4739 986 4800 prostent,
1021 4732 1298 4792 emendis.
1328 4735 1374 4787 si
1411 4736 1633 4799 lateant,
1668 4750 1832 4806 opera
1887 4752 2053 4790 nava-

484 4829 595 4883 tnr,
622 4820 674 4874 id
715 4822 768 4873 in
807 4823 1082 4891 praecipua
1111 4823 1270 4878 ofﬁcii
1302 4833 1455 4894 parte
1493 4837 1696 4894 ponant
1737 4829 1955 4882 eruditi.
2004 4829 2052 4884 Is

483 4913 629 4964 enim
660 4917 740 4963 tot
773 4911 827 4963 in
856 4911 1104 4977 historia,
1135 4913 1190 4965 in
1210 4914 1584 4980 cbronologia,
1619 4917 1672 4969 in
1713 4919 2053 4988 antiquitatis

489 5003 700 5067 notitia,
734 5003 937 5072 ingenii
981 5004 1065 5058 sui
1098 5005 1397 5074 specimina
1423 5007 1594 5070 dedit,
1630 5018 1688 5061 ut
1709 5025 1832 5062 cum
1864 5013 2054 5080 primis

488 5096 746 5152 Ecclesiae
775 5098 1143 5168 scriptoribus
1181 5101 1392 5154 censeri
1435 5111 1730 5160 mereatur.
1761 5102 1938 5158 Unum
1974 5122 2057 5161 re-

488 5189 666 5242 stabat
687 5189 740 5242 in
760 5204 868 5258 quo
890 5190 1155 5243 nullidum
1179 5192 1393 5246 Eusebii
1412 5193 1658 5261 peritiam
1675 5194 2052 5250 internoscen-

485 5278 542 5331 εἰ
580 5287 818 5348 potestas
844 5279 1040 5346 fuerat,
1072 5283 1445 5353 interpretatio
1471 5284 1720 5338 videlicet
1749 5285 2056 5356 Scriptura-

487 5387 629 5424 runi.
661 5369 780 5436 Qua
811 5374 865 5424 in
899 5388 955 5427 re
976 5387 1100 5426 cum
1132 5389 1239 5426 non
1267 5375 1492 5428 minoris
1525 5375 1666 5445 apud
1690 5387 1897 5432 veteres
1931 5395 2053 5450 prc-

487 5461 546 5514 tii
581 5460 766 5524 fuerit,
799 5468 1107 5533 temporum
1136 5473 1316 5519 tamen
1349 5464 1546 5535 injuria
1586 5469 1801 5540 ignotus
1824 5486 1959 5539 pene
1986 5473 2051 5527 ad

487 5561 737 5606 nostrum
787 5570 962 5608 aevum
993 5556 1215 5611 mansit.
1256 5554 1374 5610 Jam
1427 5573 1552 5611 vero
1584 5558 1674 5611 ubi
1715 5561 2048 5616 celeberrimi

484 5640 560 5694 illi
585 5641 637 5694 in
680 5640 926 5697 Psalmos
953 5646 1351 5708 commentarii,
1385 5646 1492 5700 situ
1533 5655 1588 5702 et
1615 5657 1880 5707 vetustate
1915 5668 2054 5721 pene

481 5732 686 5798 obruti,
714 5735 768 5786 in
801 5736 974 5790 lucem
1003 5737 1238 5805 veniunt,
1261 5738 1312 5791 in
1344 5739 1596 5796 omnibus
1621 5742 1704 5796 sui
1733 5757 1789 5798 se
1817 5744 2044 5799 similem

2157 4561 2265 4604 tam
2297 4552 2523 4606 sincerae
2545 4552 2667 4607 lidei
2695 4554 2906 4609 laudem
2933 4558 3166 4621 tulisset,
3191 4561 3278 4614 vix
3305 4577 3486 4631 parem
3511 4563 3716 4620 admit-

2159 4651 2318 4696 teret.
2355 4641 2463 4698 Hos
2491 4644 2674 4713 itaque
2700 4652 3140 4717 commentarios,
3166 4653 3258 4707 diu
3303 4659 3594 4725 expetitos,
3630 4659 3726 4714 sed

2156 4750 2435 4804 nunquam
2478 4743 2738 4803 tentatos,
2793 4741 2911 4805 tibi,
2949 4744 3119 4798 lector
3175 4748 3406 4812 erudite,
3466 4750 3726 4820 legendos

2157 4825 2424 4879 sistimus.
2454 4826 2771 4883 versionem
2817 4846 2980 4901 porro
3013 4834 3258 4892 Latinam
3309 4855 3407 4908 pro
3443 4857 3594 4897 more
3624 4859 3722 4896 no-

2155 4930 2271 4974 stro
2321 4920 2396 4973 ita
2445 4921 2860 4993 adornavimus,
2906 4936 2984 4992 ut,
3020 4931 3122 4984 etsi
3183 4935 3612 5002 compendiaria,
3663 4947 3722 4990 ut

2155 5010 2472 5080 plurimum,
2503 5013 2590 5067 via
2623 5014 2767 5068 dicta
2795 5016 3012 5073 Eusebii
3066 5021 3501 5094 interpretemur,
3535 5023 3721 5082 Graeca

2155 5114 2335 5161 tamen
2360 5124 2468 5164 non
2493 5111 2708 5178 penitus
2738 5128 2769 5166 e
2790 5115 3014 5184 vestigio
3036 5126 3306 5172 sectemur
3331 5110 3548 5191 {neque
3573 5124 3717 5177 enim

2155 5201 2464 5271 importuno
2495 5207 2752 5276 scrupulo
2781 5209 2852 5261 ita
2877 5211 3066 5266 littera:
3100 5212 3386 5279 literemus,
3421 5224 3478 5268 ut
3498 5218 3720 5272 concin-

2157 5307 2280 5344 nam
2334 5298 2616 5350 sententiie
2659 5302 3022 5366 exprimendae
3076 5304 3338 5358 rationem
3377 5307 3716 5372 deseramus,

2155 5396 2264 5436 non
2296 5384 2490 5445 nescii,
2525 5384 2591 5439 iis
2623 5389 2716 5455 qui
2761 5390 2920 5443 talem
2953 5395 3194 5447 vertendi
3229 5396 3445 5449 modum
3475 5402 3717 5467 aggressi

2156 5481 2305 5534 sunt,
2359 5489 2467 5529 non
2510 5476 2740 5533 feliciter
2769 5484 3006 5538 cessisse
3050 5497 3324 5540 conatum.
3366 5489 3538 5552 Quam
3592 5506 3720 5544 vero

2154 5563 2363 5618 Latina:
2395 5567 2590 5636 lingua:
2629 5574 3070 5641 peregrinitatem
3127 5578 3427 5633 intulerunt
3461 5580 3718 5636 Ecclesia:

2145 5659 2493 5722 Patres,eam
2523 5679 2627 5717 non
2658 5669 2880 5721 omnino
2904 5685 3104 5726 exuere
3133 5674 3337 5728 licitum
3374 5676 3474 5728 [ιιι
3500 5696 3512 5730 :
3544 5653 3715 5746 neque

2110 5819 2118 5823 _
2150 5750 2296 5805 enim
2353 5754 2614 5832 abstineri
2667 5767 2844 5826 potest
2877 5778 2906 5814 a
2942 5766 3164 5819 vocibus
3193 5765 3449 5821 diuturno
3480 5769 3712 5840 scripto-
