  <div class='ocr_page' id='page_1' title='image "/cluster/home/n/w/nwhite01/storage/ocr_20150623/23/hvd.32044073501124/014.png"; bbox 0 0 3994 6448; ppageno 0'>
   <div class='ocr_carea' id='block_1_1' title="bbox 219 377 1778 488">
    <p class='ocr_par' dir='ltr' id='par_1_1' title="bbox 219 377 1778 462">
     <span class='ocr_line' id='line_1_1' title="bbox 219 377 1778 462; baseline -0.004 -5"><span class='ocrx_word' id='word_1_1' title='bbox 219 402 290 459; x_wconf 80' lang='lat' dir='ltr'><strong>ts</strong></span> <span class='ocrx_word' id='word_1_2' title='bbox 994 377 1503 462; x_wconf 62' lang='lat' dir='ltr'><strong>communiit</strong></span> <span class='ocrx_word' id='word_1_3' title='bbox 1543 395 1609 450; x_wconf 73' lang='lat' dir='ltr'><strong>1N</strong></span> <span class='ocrx_word' id='word_1_4' title='bbox 1654 397 1778 451; x_wconf 61' lang='lat' dir='ltr'><strong>csa</strong></span> 
     </span>
    </p>
   </div>
   <div class='ocr_carea' id='block_1_2' title="bbox 1886 377 3477 488">
    <p class='ocr_par' dir='ltr' id='par_1_2' title="bbox 1886 394 3477 488">
     <span class='ocr_line' id='line_1_2' title="bbox 1886 394 3477 488; baseline 0.006 -36"><span class='ocrx_word' id='word_1_5' title='bbox 1886 394 1990 452; x_wconf 89' lang='lat' dir='ltr'><strong>OS.</strong></span> <span class='ocrx_word' id='word_1_6' title='bbox 2032 428 2098 438; x_wconf 87' lang='lat'><strong>—-</strong></span> <span class='ocrx_word' id='word_1_7' title='bbox 2137 395 2686 488; x_wconf 49' lang='lat' dir='ltr'><strong>PQIELIMINARIA.</strong></span> <span class='ocrx_word' id='word_1_8' title='bbox 3407 401 3477 463; x_wconf 74' lang='grc' dir='ltr'><strong>ιι</strong></span> 
     </span>
    </p>
   </div>
   <div class='ocr_carea' id='block_1_3' title="bbox 210 489 3478 590">
    <p class='ocr_par' dir='ltr' id='par_1_3' title="bbox 210 489 3478 590">
     <span class='ocr_line' id='line_1_3' title="bbox 210 489 3478 590; baseline 0.002 -16"><span class='ocrx_word' id='word_1_9' title='bbox 210 489 336 578; x_wconf 79' lang='lat' dir='ltr'><strong>rum</strong></span> <span class='ocrx_word' id='word_1_10' title='bbox 365 518 619 576; x_wconf 61' lang='lat' dir='ltr'><strong>Ecclesia</strong></span> <span class='ocrx_word' id='word_1_11' title='bbox 659 535 760 576; x_wconf 90' lang='lat' dir='ltr'><strong>usu</strong></span> <span class='ocrx_word' id='word_1_12' title='bbox 788 519 953 582; x_wconf 91' lang='lat' dir='ltr'><strong>tritis,</strong></span> <span class='ocrx_word' id='word_1_13' title='bbox 982 529 1039 574; x_wconf 85' lang='lat' dir='ltr'><strong>ut</strong></span> <span class='ocrx_word' id='word_1_14' title='bbox 1071 529 1221 588; x_wconf 90' lang='lat' dir='ltr'><strong>sunt,</strong></span> <span class='ocrx_word' id='word_1_15' title='bbox 1263 522 1609 590; x_wconf 83' lang='lat' dir='ltr'><strong>mortiﬁcare,</strong></span> <span class='ocrx_word' id='word_1_16' title='bbox 1634 520 1802 589; x_wconf 76' lang='lat' dir='ltr'><strong>viviﬁ-</strong></span> <span class='ocrx_word' id='word_1_17' title='bbox 1833 525 1873 580; x_wconf 73' lang='grc' dir='ltr'><strong>Α</strong></span> <span class='ocrx_word' id='word_1_18' title='bbox 1905 515 2119 579; x_wconf 85' lang='lat' dir='ltr'><strong>haberi.</strong></span> <span class='ocrx_word' id='word_1_19' title='bbox 2150 534 2212 573; x_wconf 90' lang='lat' dir='ltr'><strong>ac</strong></span> <span class='ocrx_word' id='word_1_20' title='bbox 2235 523 2574 578; x_wconf 72' lang='lat' dir='ltr'><strong>maturanda:</strong></span> <span class='ocrx_word' id='word_1_21' title='bbox 2607 525 2860 580; x_wconf 77' lang='lat' dir='ltr'><strong>editionis</strong></span> <span class='ocrx_word' id='word_1_22' title='bbox 2894 533 3089 580; x_wconf 88' lang='lat' dir='ltr'><strong>auctor</strong></span> <span class='ocrx_word' id='word_1_23' title='bbox 3118 524 3239 580; x_wconf 90' lang='lat' dir='ltr'><strong>fuit.</strong></span> <span class='ocrx_word' id='word_1_24' title='bbox 3275 522 3478 580; x_wconf 75' lang='lat' dir='ltr'><strong>Accer-</strong></span> 
     </span>
    </p>
   </div>
   <div class='ocr_carea' id='block_1_4' title="bbox 213 611 1780 686">
    <p class='ocr_par' dir='ltr' id='par_1_4' title="bbox 213 611 1780 686">
     <span class='ocr_line' id='line_1_4' title="bbox 213 611 1780 686; baseline -0.001 -19"><span class='ocrx_word' id='word_1_25' title='bbox 213 628 355 678; x_wconf 82' lang='lat' dir='ltr'><strong>carc,</strong></span> <span class='ocrx_word' id='word_1_26' title='bbox 387 613 698 684; x_wconf 81' lang='lat' dir='ltr'><strong>persecutia,</strong></span> <span class='ocrx_word' id='word_1_27' title='bbox 734 611 1028 675; x_wconf 82' lang='lat' dir='ltr'><strong>tribulatio.</strong></span> <span class='ocrx_word' id='word_1_28' title='bbox 1047 623 1099 668; x_wconf 93' lang='lat' dir='ltr'><strong>et</strong></span> <span class='ocrx_word' id='word_1_29' title='bbox 1122 615 1349 676; x_wconf 82' lang='lat' dir='ltr'><strong>similes,</strong></span> <span class='ocrx_word' id='word_1_30' title='bbox 1376 629 1496 686; x_wconf 66' lang='lat' dir='ltr'><strong>quae</strong></span> <span class='ocrx_word' id='word_1_31' title='bbox 1521 614 1780 684; x_wconf 81' lang='lat' dir='ltr'><strong>quodam-</strong></span> 
     </span>
    </p>
   </div>
   <div class='ocr_carea' id='block_1_5' title="bbox 216 707 1786 778">
    <p class='ocr_par' dir='ltr' id='par_1_5' title="bbox 216 707 1786 778">
     <span class='ocr_line' id='line_1_5' title="bbox 216 707 1786 778; baseline 0 -17"><span class='ocrx_word' id='word_1_32' title='bbox 216 708 377 762; x_wconf 87' lang='lat' dir='ltr'><strong>modo</strong></span> <span class='ocrx_word' id='word_1_33' title='bbox 407 715 762 770; x_wconf 74' lang='lat' dir='ltr'><strong>consecratae,</strong></span> <span class='ocrx_word' id='word_1_34' title='bbox 801 717 853 762; x_wconf 90' lang='lat' dir='ltr'><strong>et</strong></span> <span class='ocrx_word' id='word_1_35' title='bbox 885 709 936 761; x_wconf 92' lang='lat' dir='ltr'><strong>in</strong></span> <span class='ocrx_word' id='word_1_36' title='bbox 989 708 1143 762; x_wconf 81' lang='lat' dir='ltr'><strong>libris</strong></span> <span class='ocrx_word' id='word_1_37' title='bbox 1180 707 1448 778; x_wconf 78' lang='lat' dir='ltr'><strong>frequenti</strong></span> <span class='ocrx_word' id='word_1_38' title='bbox 1491 709 1786 778; x_wconf 77' lang='lat' dir='ltr'><strong>Scripturze</strong></span> 
     </span>
    </p>
   </div>
   <div class='ocr_carea' id='block_1_6' title="bbox 215 799 1784 870">
    <p class='ocr_par' dir='ltr' id='par_1_6' title="bbox 215 799 1784 870">
     <span class='ocr_line' id='line_1_6' title="bbox 215 799 1784 870; baseline -0.001 -16"><span class='ocrx_word' id='word_1_39' title='bbox 215 799 448 854; x_wconf 88' lang='lat' dir='ltr'><strong>lectione</strong></span> <span class='ocrx_word' id='word_1_40' title='bbox 492 800 813 854; x_wconf 88' lang='lat' dir='ltr'><strong>iutermistis</strong></span> <span class='ocrx_word' id='word_1_41' title='bbox 860 816 1083 870; x_wconf 79' lang='lat' dir='ltr'><strong>prorsus</strong></span> <span class='ocrx_word' id='word_1_42' title='bbox 1139 806 1463 856; x_wconf 66' lang='lat' dir='ltr'><strong>necessariae</strong></span> <span class='ocrx_word' id='word_1_43' title='bbox 1500 811 1646 854; x_wconf 89' lang='lat' dir='ltr'><strong>sunt.</strong></span> <span class='ocrx_word' id='word_1_44' title='bbox 1687 799 1784 854; x_wconf 84' lang='lat' dir='ltr'><strong>Ubi</strong></span> 
     </span>
    </p>
   </div>
   <div class='ocr_carea' id='block_1_7' title="bbox 213 891 1786 970">
    <p class='ocr_par' dir='ltr' id='par_1_7' title="bbox 213 891 1786 970">
     <span class='ocr_line' id='line_1_7' title="bbox 213 891 1786 970; baseline 0.004 -24"><span class='ocrx_word' id='word_1_45' title='bbox 213 901 515 946; x_wconf 90' lang='lat' dir='ltr'><strong>occurrunt</strong></span> <span class='ocrx_word' id='word_1_46' title='bbox 555 891 1046 970; x_wconf 74' lang='lat' dir='ltr'><strong>Scripturtesaerzc</strong></span> <span class='ocrx_word' id='word_1_47' title='bbox 1075 893 1242 958; x_wconf 89' lang='lat' dir='ltr'><strong>dicta,</strong></span> <span class='ocrx_word' id='word_1_48' title='bbox 1276 893 1584 966; x_wconf 77' lang='lat' dir='ltr'><strong>Vulgatam.</strong></span> <span class='ocrx_word' id='word_1_49' title='bbox 1619 897 1663 951; x_wconf 88' lang='lat' dir='ltr'><strong>si</strong></span> <span class='ocrx_word' id='word_1_50' title='bbox 1699 914 1786 952; x_wconf 84' lang='lat' dir='ltr'><strong>res</strong></span> 
     </span>
    </p>
   </div>
   <div class='ocr_carea' id='block_1_8' title="bbox 213 983 1788 1055">
    <p class='ocr_par' dir='ltr' id='par_1_8' title="bbox 213 983 1788 1055">
     <span class='ocr_line' id='line_1_8' title="bbox 213 983 1788 1055; baseline 0.003 -16"><span class='ocrx_word' id='word_1_51' title='bbox 213 986 284 1039; x_wconf 90' lang='lat' dir='ltr'><strong>ita</strong></span> <span class='ocrx_word' id='word_1_52' title='bbox 313 983 478 1048; x_wconf 81' lang='lat' dir='ltr'><strong>ferat,</strong></span> <span class='ocrx_word' id='word_1_53' title='bbox 513 986 794 1054; x_wconf 81' lang='lat' dir='ltr'><strong>sequimur</strong></span> <span class='ocrx_word' id='word_1_54' title='bbox 829 1005 843 1038; x_wconf 90' lang='lat'>:</span> <span class='ocrx_word' id='word_1_55' title='bbox 880 985 975 1040; x_wconf 91' lang='lat' dir='ltr'><strong>sed</strong></span> <span class='ocrx_word' id='word_1_56' title='bbox 1023 985 1246 1055; x_wconf 84' lang='lat' dir='ltr'><strong>quando</strong></span> <span class='ocrx_word' id='word_1_57' title='bbox 1277 1003 1339 1041; x_wconf 84' lang='lat' dir='ltr'><strong>cx</strong></span> <span class='ocrx_word' id='word_1_58' title='bbox 1385 985 1566 1042; x_wconf 82' lang='lat' dir='ltr'><strong>Veteri</strong></span> <span class='ocrx_word' id='word_1_59' title='bbox 1597 986 1788 1043; x_wconf 88' lang='lat' dir='ltr'><strong>Testa-</strong></span> 
     </span>
    </p>
   </div>
   <div class='ocr_carea' id='block_1_9' title="bbox 213 1073 1786 1150">
    <p class='ocr_par' dir='ltr' id='par_1_9' title="bbox 213 1073 1786 1150">
     <span class='ocr_line' id='line_1_9' title="bbox 213 1073 1786 1150; baseline 0.003 -21"><span class='ocrx_word' id='word_1_60' title='bbox 213 1085 398 1129; x_wconf 86' lang='lat' dir='ltr'><strong>mento</strong></span> <span class='ocrx_word' id='word_1_61' title='bbox 424 1075 711 1130; x_wconf 71' lang='lat' dir='ltr'><strong>sententia:</strong></span> <span class='ocrx_word' id='word_1_62' title='bbox 741 1073 1064 1137; x_wconf 79' lang='lat' dir='ltr'><strong>atl&#39;eruntur,</strong></span> <span class='ocrx_word' id='word_1_63' title='bbox 1089 1078 1218 1145; x_wconf 84' lang='lat' dir='ltr'><strong>quia</strong></span> <span class='ocrx_word' id='word_1_64' title='bbox 1243 1078 1564 1148; x_wconf 85' lang='lat' dir='ltr'><strong>plerumque</strong></span> <span class='ocrx_word' id='word_1_65' title='bbox 1587 1079 1786 1150; x_wconf 74' lang='lat' dir='ltr'><strong>Vulga-</strong></span> 
     </span>
    </p>
   </div>
   <div class='ocr_carea' id='block_1_10' title="bbox 214 1165 1786 1236">
    <p class='ocr_par' dir='ltr' id='par_1_10' title="bbox 214 1165 1786 1236">
     <span class='ocr_line' id='line_1_10' title="bbox 214 1165 1786 1236; baseline 0.004 -16"><span class='ocrx_word' id='word_1_66' title='bbox 214 1175 301 1229; x_wconf 85' lang='lat' dir='ltr'><strong>ta,</strong></span> <span class='ocrx_word' id='word_1_67' title='bbox 333 1183 398 1220; x_wconf 86' lang='lat' dir='ltr'><strong>ex</strong></span> <span class='ocrx_word' id='word_1_68' title='bbox 444 1165 669 1220; x_wconf 66' lang='lat' dir='ltr'><strong>Hebraeo</strong></span> <span class='ocrx_word' id='word_1_69' title='bbox 693 1183 978 1236; x_wconf 77' lang='lat' dir='ltr'><strong>expressa,</strong></span> <span class='ocrx_word' id='word_1_70' title='bbox 1017 1184 1140 1221; x_wconf 89' lang='lat' dir='ltr'><strong>cum</strong></span> <span class='ocrx_word' id='word_1_71' title='bbox 1171 1167 1357 1224; x_wconf 53' lang='lat' dir='ltr'><strong>Graeca</strong></span> <span class='ocrx_word' id='word_1_72' title='bbox 1400 1173 1648 1227; x_wconf 75' lang='lat' dir='ltr'><strong>versione</strong></span> <span class='ocrx_word' id='word_1_73' title='bbox 1677 1189 1786 1226; x_wconf 89' lang='lat' dir='ltr'><strong>non</strong></span> 
     </span>
    </p>
   </div>
   <div class='ocr_carea' id='block_1_11' title="bbox 215 1257 1784 1334">
    <p class='ocr_par' dir='ltr' id='par_1_11' title="bbox 215 1257 1784 1334">
     <span class='ocr_line' id='line_1_11' title="bbox 215 1257 1784 1334; baseline 0.006 -25"><span class='ocrx_word' id='word_1_74' title='bbox 215 1257 471 1326; x_wconf 83' lang='lat' dir='ltr'><strong>quadrat,</strong></span> <span class='ocrx_word' id='word_1_75' title='bbox 504 1264 616 1310; x_wconf 92' lang='lat' dir='ltr'><strong>tum</strong></span> <span class='ocrx_word' id='word_1_76' title='bbox 651 1273 875 1312; x_wconf 86' lang='lat' dir='ltr'><strong>necesse</strong></span> <span class='ocrx_word' id='word_1_77' title='bbox 919 1273 1146 1328; x_wconf 89' lang='lat' dir='ltr'><strong>prorsus</strong></span> <span class='ocrx_word' id='word_1_78' title='bbox 1177 1267 1260 1314; x_wconf 88' lang='lat' dir='ltr'><strong>est</strong></span> <span class='ocrx_word' id='word_1_79' title='bbox 1318 1263 1508 1317; x_wconf 67' lang='lat' dir='ltr'><strong>littera:</strong></span> <span class='ocrx_word' id='word_1_80' title='bbox 1537 1266 1784 1334; x_wconf 87' lang='lat' dir='ltr'><strong>obsequi,</strong></span> 
     </span>
    </p>
   </div>
   <div class='ocr_carea' id='block_1_12' title="bbox 215 1347 1789 1423">
    <p class='ocr_par' dir='ltr' id='par_1_12' title="bbox 215 1347 1789 1423">
     <span class='ocr_line' id='line_1_12' title="bbox 215 1347 1789 1423; baseline 0.008 -23"><span class='ocrx_word' id='word_1_81' title='bbox 215 1347 488 1416; x_wconf 73' lang='lat' dir='ltr'><strong>aliamque</strong></span> <span class='ocrx_word' id='word_1_82' title='bbox 529 1347 1033 1417; x_wconf 84' lang='lat' dir='ltr'><strong>interpretationem</strong></span> <span class='ocrx_word' id='word_1_83' title='bbox 1065 1365 1258 1420; x_wconf 89' lang='lat' dir='ltr'><strong>parare</strong></span> <span class='ocrx_word' id='word_1_84' title='bbox 1293 1373 1306 1405; x_wconf 86' lang='lat'><strong>:</strong></span> <span class='ocrx_word' id='word_1_85' title='bbox 1350 1356 1493 1423; x_wconf 90' lang='lat' dir='ltr'><strong>quod</strong></span> <span class='ocrx_word' id='word_1_86' title='bbox 1529 1356 1657 1410; x_wconf 88' lang='lat' dir='ltr'><strong>item</strong></span> <span class='ocrx_word' id='word_1_87' title='bbox 1693 1372 1789 1412; x_wconf 88' lang='lat' dir='ltr'><strong>nc-</strong></span> 
     </span>
    </p>
   </div>
   <div class='ocr_carea' id='block_1_13' title="bbox 215 1440 1788 1512">
    <p class='ocr_par' dir='ltr' id='par_1_13' title="bbox 215 1440 1788 1512">
     <span class='ocr_line' id='line_1_13' title="bbox 215 1440 1788 1512; baseline 0.004 -16"><span class='ocrx_word' id='word_1_88' title='bbox 215 1440 455 1496; x_wconf 90' lang='lat' dir='ltr'><strong>cessario</strong></span> <span class='ocrx_word' id='word_1_89' title='bbox 487 1440 856 1510; x_wconf 81' lang='lat' dir='ltr'><strong>praestandum</strong></span> <span class='ocrx_word' id='word_1_90' title='bbox 901 1442 1080 1497; x_wconf 87' lang='lat' dir='ltr'><strong>sicubi</strong></span> <span class='ocrx_word' id='word_1_91' title='bbox 1113 1444 1195 1498; x_wconf 92' lang='lat' dir='ltr'><strong>vel</strong></span> <span class='ocrx_word' id='word_1_92' title='bbox 1238 1445 1404 1501; x_wconf 87' lang='lat' dir='ltr'><strong>lectio</strong></span> <span class='ocrx_word' id='word_1_93' title='bbox 1433 1447 1669 1512; x_wconf 87' lang='lat' dir='ltr'><strong>diversa,</strong></span> <span class='ocrx_word' id='word_1_94' title='bbox 1705 1450 1788 1504; x_wconf 84' lang='lat' dir='ltr'><strong>vel</strong></span> 
     </span>
    </p>
   </div>
   <div class='ocr_carea' id='block_1_14' title="bbox 218 1533 1785 1606">
    <p class='ocr_par' dir='ltr' id='par_1_14' title="bbox 218 1533 1785 1606">
     <span class='ocr_line' id='line_1_14' title="bbox 218 1533 1785 1606; baseline 0.006 -18"><span class='ocrx_word' id='word_1_95' title='bbox 218 1533 434 1588; x_wconf 80' lang='lat' dir='ltr'><strong>Eusebii</strong></span> <span class='ocrx_word' id='word_1_96' title='bbox 465 1533 739 1587; x_wconf 82' lang='lat' dir='ltr'><strong>sententia</strong></span> <span class='ocrx_word' id='word_1_97' title='bbox 778 1533 938 1586; x_wconf 90' lang='lat' dir='ltr'><strong>aliam</strong></span> <span class='ocrx_word' id='word_1_98' title='bbox 975 1536 1282 1591; x_wconf 86' lang='lat' dir='ltr'><strong>versionem</strong></span> <span class='ocrx_word' id='word_1_99' title='bbox 1307 1542 1567 1606; x_wconf 85' lang='lat' dir='ltr'><strong>postulat.</strong></span> <span class='ocrx_word' id='word_1_100' title='bbox 1611 1540 1667 1596; x_wconf 88' lang='lat' dir='ltr'><strong>ln</strong></span> <span class='ocrx_word' id='word_1_101' title='bbox 1695 1543 1785 1597; x_wconf 84' lang='lat' dir='ltr'><strong>de-</strong></span> 
     </span>
    </p>
   </div>
   <div class='ocr_carea' id='block_1_15' title="bbox 215 1625 1792 1698">
    <p class='ocr_par' dir='ltr' id='par_1_15' title="bbox 215 1625 1792 1698">
     <span class='ocr_line' id='line_1_15' title="bbox 215 1625 1792 1698; baseline 0.004 -19"><span class='ocrx_word' id='word_1_102' title='bbox 215 1639 377 1679; x_wconf 88' lang='lat' dir='ltr'><strong>cursu</strong></span> <span class='ocrx_word' id='word_1_103' title='bbox 422 1633 606 1678; x_wconf 88' lang='lat' dir='ltr'><strong>autem</strong></span> <span class='ocrx_word' id='word_1_104' title='bbox 647 1625 828 1692; x_wconf 89' lang='lat' dir='ltr'><strong>operis</strong></span> <span class='ocrx_word' id='word_1_105' title='bbox 883 1625 1075 1682; x_wconf 81' lang='lat' dir='ltr'><strong>breves</strong></span> <span class='ocrx_word' id='word_1_106' title='bbox 1130 1643 1394 1698; x_wconf 87' lang='lat' dir='ltr'><strong>rarasque</strong></span> <span class='ocrx_word' id='word_1_107' title='bbox 1431 1639 1590 1686; x_wconf 85' lang='lat' dir='ltr'><strong>notas</strong></span> <span class='ocrx_word' id='word_1_108' title='bbox 1641 1631 1792 1686; x_wconf 90' lang='lat' dir='ltr'><strong>dedi-</strong></span> 
     </span>
    </p>
   </div>
   <div class='ocr_carea' id='block_1_16' title="bbox 215 1715 1790 1794">
    <p class='ocr_par' dir='ltr' id='par_1_16' title="bbox 215 1715 1790 1794">
     <span class='ocr_line' id='line_1_16' title="bbox 215 1715 1790 1794; baseline 0.005 -25"><span class='ocrx_word' id='word_1_109' title='bbox 215 1715 541 1784; x_wconf 90' lang='lat' dir='ltr'><strong>mus:quia</strong></span> <span class='ocrx_word' id='word_1_110' title='bbox 598 1731 674 1769; x_wconf 82' lang='lat' dir='ltr'><strong>eae</strong></span> <span class='ocrx_word' id='word_1_111' title='bbox 723 1716 768 1770; x_wconf 89' lang='lat' dir='ltr'><strong>si</strong></span> <span class='ocrx_word' id='word_1_112' title='bbox 831 1716 938 1771; x_wconf 91' lang='lat' dir='ltr'><strong>huc</strong></span> <span class='ocrx_word' id='word_1_113' title='bbox 994 1719 1124 1773; x_wconf 91' lang='lat' dir='ltr'><strong>illuc</strong></span> <span class='ocrx_word' id='word_1_114' title='bbox 1177 1722 1565 1790; x_wconf 71' lang='lat' dir='ltr'><strong>conjiciantur,</strong></span> <span class='ocrx_word' id='word_1_115' title='bbox 1628 1726 1790 1794; x_wconf 82' lang='lat' dir='ltr'><strong>vulgo</strong></span> 
     </span>
    </p>
   </div>
   <div class='ocr_carea' id='block_1_17' title="bbox 213 1805 1788 1882">
    <p class='ocr_par' dir='ltr' id='par_1_17' title="bbox 213 1805 1788 1882">
     <span class='ocr_line' id='line_1_17' title="bbox 213 1805 1788 1882; baseline 0.006 -23"><span class='ocrx_word' id='word_1_116' title='bbox 213 1811 437 1875; x_wconf 76' lang='lat' dir='ltr'><strong>pereunt</strong></span> <span class='ocrx_word' id='word_1_117' title='bbox 474 1805 858 1871; x_wconf 60' lang='lat' dir='ltr'><strong>inobservata,</strong></span> <span class='ocrx_word' id='word_1_118' title='bbox 901 1808 1140 1865; x_wconf 69' lang='lat' dir='ltr'><strong>intactaz.</strong></span> <span class='ocrx_word' id='word_1_119' title='bbox 1171 1810 1349 1877; x_wconf 69' lang='lat' dir='ltr'><strong>Quave</strong></span> <span class='ocrx_word' id='word_1_120' title='bbox 1373 1813 1418 1867; x_wconf 92' lang='lat' dir='ltr'><strong>si</strong></span> <span class='ocrx_word' id='word_1_121' title='bbox 1445 1812 1576 1882; x_wconf 90' lang='lat' dir='ltr'><strong>quid</strong></span> <span class='ocrx_word' id='word_1_122' title='bbox 1618 1814 1670 1868; x_wconf 90' lang='lat' dir='ltr'><strong>in</strong></span> <span class='ocrx_word' id='word_1_123' title='bbox 1705 1813 1788 1870; x_wconf 90' lang='lat' dir='ltr'><strong>his</strong></span> 
     </span>
    </p>
   </div>
   <div class='ocr_carea' id='block_1_18' title="bbox 213 1878 1860 1977">
    <p class='ocr_par' dir='ltr' id='par_1_18' title="bbox 213 1878 1860 1977">
     <span class='ocr_line' id='line_1_18' title="bbox 213 1878 1860 1977; baseline 0.007 -26"><span class='ocrx_word' id='word_1_124' title='bbox 213 1899 622 1954; x_wconf 88' lang='lat' dir='ltr'><strong>commentariis</strong></span> <span class='ocrx_word' id='word_1_125' title='bbox 654 1907 847 1953; x_wconf 90' lang='lat' dir='ltr'><strong>notatu</strong></span> <span class='ocrx_word' id='word_1_126' title='bbox 877 1900 1103 1969; x_wconf 84' lang='lat' dir='ltr'><strong>dignum</strong></span> <span class='ocrx_word' id='word_1_127' title='bbox 1137 1905 1400 1969; x_wconf 89' lang='lat' dir='ltr'><strong>occurrit,</strong></span> <span class='ocrx_word' id='word_1_128' title='bbox 1431 1906 1484 1960; x_wconf 87' lang='lat' dir='ltr'><strong>id</strong></span> <span class='ocrx_word' id='word_1_129' title='bbox 1520 1908 1574 1960; x_wconf 91' lang='lat' dir='ltr'><strong>in</strong></span> <span class='ocrx_word' id='word_1_130' title='bbox 1608 1909 1785 1977; x_wconf 75' lang='lat' dir='ltr'><strong>prteli-</strong></span> <span class='ocrx_word' id='word_1_131' title='bbox 1823 1878 1860 1930; x_wconf 73' lang='grc' dir='ltr'><strong><em>Β</em></strong></span> 
     </span>
    </p>
   </div>
   <div class='ocr_carea' id='block_1_19' title="bbox 215 1990 1785 2068">
    <p class='ocr_par' dir='ltr' id='par_1_19' title="bbox 215 1990 1785 2068">
     <span class='ocr_line' id='line_1_19' title="bbox 215 1990 1785 2068; baseline 0.006 -25"><span class='ocrx_word' id='word_1_132' title='bbox 215 1990 438 2044; x_wconf 85' lang='lat' dir='ltr'><strong>minaria</strong></span> <span class='ocrx_word' id='word_1_133' title='bbox 469 1991 828 2057; x_wconf 86' lang='lat' dir='ltr'><strong>contulimus,</strong></span> <span class='ocrx_word' id='word_1_134' title='bbox 870 1993 962 2047; x_wconf 90' lang='lat' dir='ltr'><strong>ubi</strong></span> <span class='ocrx_word' id='word_1_135' title='bbox 990 1993 1056 2049; x_wconf 91' lang='lat' dir='ltr'><strong>de</strong></span> <span class='ocrx_word' id='word_1_136' title='bbox 1087 1996 1248 2064; x_wconf 82' lang='lat' dir='ltr'><strong>stylo,</strong></span> <span class='ocrx_word' id='word_1_137' title='bbox 1290 1996 1357 2052; x_wconf 88' lang='lat' dir='ltr'><strong>de</strong></span> <span class='ocrx_word' id='word_1_138' title='bbox 1385 2012 1584 2068; x_wconf 77' lang='lat' dir='ltr'><strong>genere</strong></span> <span class='ocrx_word' id='word_1_139' title='bbox 1613 2001 1785 2055; x_wconf 89' lang='lat' dir='ltr'><strong>inter-</strong></span> 
     </span>
    </p>
   </div>
   <div class='ocr_carea' id='block_1_20' title="bbox 211 2081 1783 2160">
    <p class='ocr_par' dir='ltr' id='par_1_20' title="bbox 211 2081 1783 2160">
     <span class='ocr_line' id='line_1_20' title="bbox 211 2081 1783 2160; baseline 0.01 -27"><span class='ocrx_word' id='word_1_140' title='bbox 211 2081 481 2152; x_wconf 78' lang='lat' dir='ltr'><strong>pretanli,</strong></span> <span class='ocrx_word' id='word_1_141' title='bbox 517 2082 583 2137; x_wconf 90' lang='lat' dir='ltr'><strong>de</strong></span> <span class='ocrx_word' id='word_1_142' title='bbox 634 2084 906 2151; x_wconf 88' lang='lat' dir='ltr'><strong>doctrina,</strong></span> <span class='ocrx_word' id='word_1_143' title='bbox 946 2085 1012 2140; x_wconf 91' lang='lat' dir='ltr'><strong>de</strong></span> <span class='ocrx_word' id='word_1_144' title='bbox 1063 2085 1352 2156; x_wconf 83' lang='lat' dir='ltr'><strong>disciplina</strong></span> <span class='ocrx_word' id='word_1_145' title='bbox 1413 2089 1587 2160; x_wconf 86' lang='lat' dir='ltr'><strong>deque</strong></span> <span class='ocrx_word' id='word_1_146' title='bbox 1640 2092 1783 2154; x_wconf 88' lang='lat' dir='ltr'><strong>aliis.</strong></span> 
     </span>
    </p>
   </div>
   <div class='ocr_carea' id='block_1_21' title="bbox 211 2175 1786 2248">
    <p class='ocr_par' dir='ltr' id='par_1_21' title="bbox 211 2175 1786 2248">
     <span class='ocr_line' id='line_1_21' title="bbox 211 2175 1786 2248; baseline 0.006 -20"><span class='ocrx_word' id='word_1_147' title='bbox 211 2188 328 2244; x_wconf 72' lang='lat' dir='ltr'><strong>qua:</strong></span> <span class='ocrx_word' id='word_1_148' title='bbox 355 2175 542 2228; x_wconf 86' lang='lat' dir='ltr'><strong>omnia</strong></span> <span class='ocrx_word' id='word_1_149' title='bbox 569 2191 735 2229; x_wconf 91' lang='lat' dir='ltr'><strong>unum</strong></span> <span class='ocrx_word' id='word_1_150' title='bbox 762 2176 864 2232; x_wconf 91' lang='lat' dir='ltr'><strong>sub</strong></span> <span class='ocrx_word' id='word_1_151' title='bbox 888 2184 1167 2247; x_wconf 87' lang='lat' dir='ltr'><strong>aspectum</strong></span> <span class='ocrx_word' id='word_1_152' title='bbox 1201 2178 1476 2248; x_wconf 83' lang='lat' dir='ltr'><strong>conjicere</strong></span> <span class='ocrx_word' id='word_1_153' title='bbox 1507 2198 1536 2236; x_wconf 90' lang='lat' dir='ltr'><strong>e</strong></span> <span class='ocrx_word' id='word_1_154' title='bbox 1582 2199 1638 2237; x_wconf 90' lang='lat' dir='ltr'><strong>re</strong></span> <span class='ocrx_word' id='word_1_155' title='bbox 1671 2183 1786 2238; x_wconf 88' lang='lat' dir='ltr'><strong>fore</strong></span> 
     </span>
    </p>
   </div>
   <div class='ocr_carea' id='block_1_22' title="bbox 211 2264 1784 2342">
    <p class='ocr_par' dir='ltr' id='par_1_22' title="bbox 211 2264 1784 2342">
     <span class='ocr_line' id='line_1_22' title="bbox 211 2264 1784 2342; baseline 0.008 -25"><span class='ocrx_word' id='word_1_156' title='bbox 211 2264 382 2319; x_wconf 70' lang='lat' dir='ltr'><strong>visum</strong></span> <span class='ocrx_word' id='word_1_157' title='bbox 413 2273 500 2321; x_wconf 90' lang='lat' dir='ltr'><strong>est</strong></span> <span class='ocrx_word' id='word_1_158' title='bbox 537 2285 550 2320; x_wconf 93' lang='lat'><strong>:</strong></span> <span class='ocrx_word' id='word_1_159' title='bbox 584 2283 760 2336; x_wconf 90' lang='lat' dir='ltr'><strong>neque</strong></span> <span class='ocrx_word' id='word_1_160' title='bbox 816 2276 1071 2338; x_wconf 86' lang='lat' dir='ltr'><strong>putamus</strong></span> <span class='ocrx_word' id='word_1_161' title='bbox 1113 2271 1344 2326; x_wconf 85' lang='lat' dir='ltr'><strong>eruditis</strong></span> <span class='ocrx_word' id='word_1_162' title='bbox 1399 2278 1451 2326; x_wconf 88' lang='lat' dir='ltr'><strong>et</strong></span> <span class='ocrx_word' id='word_1_163' title='bbox 1499 2277 1784 2342; x_wconf 75' lang='lat' dir='ltr'><strong>sagacibus</strong></span> 
     </span>
    </p>
   </div>
   <div class='ocr_carea' id='block_1_23' title="bbox 211 2357 970 2428">
    <p class='ocr_par' dir='ltr' id='par_1_23' title="bbox 211 2357 970 2428">
     <span class='ocr_line' id='line_1_23' title="bbox 211 2357 970 2428; baseline 0.001 -16"><span class='ocrx_word' id='word_1_164' title='bbox 211 2357 500 2413; x_wconf 78' lang='lat' dir='ltr'><strong>consilium</strong></span> <span class='ocrx_word' id='word_1_165' title='bbox 541 2357 970 2428; x_wconf 88' lang='lat' dir='ltr'><strong>displiciturum.</strong></span> 
     </span>
    </p>
   </div>
   <div class='ocr_carea' id='block_1_24' title="bbox 720 2469 1277 2530">
    <p class='ocr_par' dir='ltr' id='par_1_24' title="bbox 720 2469 1277 2530">
     <span class='ocr_line' id='line_1_24' title="bbox 720 2469 1277 2530; baseline 0.009 -6"><span class='ocrx_word' id='word_1_166' title='bbox 720 2469 951 2526; x_wconf 81' lang='lat' dir='ltr'><strong>CAPUT</strong></span> <span class='ocrx_word' id='word_1_167' title='bbox 983 2473 1277 2530; x_wconf 74' lang='lat' dir='ltr'><strong>PRIMUM.</strong></span> 
     </span>
    </p>
   </div>
   <div class='ocr_carea' id='block_1_25' title="bbox 207 2597 1775 2652">
    <p class='ocr_par' dir='ltr' id='par_1_25' title="bbox 207 2597 1775 2652">
     <span class='ocr_line' id='line_1_25' title="bbox 207 2597 1775 2652; baseline 0.009 -15"><span class='ocrx_word' id='word_1_168' title='bbox 207 2597 575 2640; x_wconf 67' lang='lat' dir='ltr'><strong>COIIENTARII</strong></span> <span class='ocrx_word' id='word_1_169' title='bbox 604 2601 810 2642; x_wconf 80' lang='lat' dir='ltr'><strong>EUSEBII</strong></span> <span class='ocrx_word' id='word_1_170' title='bbox 845 2604 912 2642; x_wconf 73' lang='lat' dir='ltr'><strong>EX</strong></span> <span class='ocrx_word' id='word_1_171' title='bbox 943 2604 1132 2652; x_wconf 82' lang='lat' dir='ltr'><strong>QUIBUS</strong></span> <span class='ocrx_word' id='word_1_172' title='bbox 1159 2607 1437 2648; x_wconf 79' lang='lat' dir='ltr'><strong>CODICIBUS</strong></span> <span class='ocrx_word' id='word_1_173' title='bbox 1469 2610 1775 2651; x_wconf 68' lang='grc' dir='ltr'><strong>Ριιουελκτ.</strong></span> 
     </span>
    </p>
   </div>
   <div class='ocr_carea' id='block_1_26' title="bbox 219 2675 1783 2743">
    <p class='ocr_par' dir='ltr' id='par_1_26' title="bbox 219 2675 1783 2743">
     <span class='ocr_line' id='line_1_26' title="bbox 219 2675 1783 2743; baseline 0.009 -14"><span class='ocrx_word' id='word_1_174' title='bbox 219 2675 264 2730; x_wconf 81' lang='grc'><strong>1.</strong></span> <span class='ocrx_word' id='word_1_175' title='bbox 285 2675 360 2730; x_wconf 84' lang='lat' dir='ltr'><strong>De</strong></span> <span class='ocrx_word' id='word_1_176' title='bbox 385 2678 572 2732; x_wconf 79' lang='lat' dir='ltr'><strong>codice</strong></span> <span class='ocrx_word' id='word_1_177' title='bbox 600 2678 917 2734; x_wconf 82' lang='lat' dir='ltr'><strong>Tauriuensi</strong></span> <span class='ocrx_word' id='word_1_178' title='bbox 949 2682 1242 2738; x_wconf 79' lang='lat' dir='ltr'><strong>cardinalis</strong></span> <span class='ocrx_word' id='word_1_179' title='bbox 1284 2684 1548 2742; x_wconf 85' lang='lat' dir='ltr'><strong>Perronii.</strong></span> <span class='ocrx_word' id='word_1_180' title='bbox 1585 2686 1669 2742; x_wconf 88' lang='lat' dir='ltr'><strong>II.</strong></span> <span class='ocrx_word' id='word_1_181' title='bbox 1705 2688 1783 2743; x_wconf 89' lang='lat' dir='ltr'><strong>De</strong></span> 
     </span>
    </p>
   </div>
   <div class='ocr_carea' id='block_1_27' title="bbox 276 2745 1782 2814">
    <p class='ocr_par' dir='ltr' id='par_1_27' title="bbox 276 2745 1782 2814">
     <span class='ocr_line' id='line_1_27' title="bbox 276 2745 1782 2814; baseline 0.009 -14"><span class='ocrx_word' id='word_1_182' title='bbox 276 2745 448 2802; x_wconf 82' lang='lat' dir='ltr'><strong>codice</strong></span> <span class='ocrx_word' id='word_1_183' title='bbox 484 2749 774 2803; x_wconf 81' lang='lat' dir='ltr'><strong>cardinalis</strong></span> <span class='ocrx_word' id='word_1_184' title='bbox 826 2751 1088 2807; x_wconf 83' lang='lat' dir='ltr'><strong>Coistinii.</strong></span> <span class='ocrx_word' id='word_1_185' title='bbox 1124 2753 1239 2808; x_wconf 85' lang='grc'><strong>111.</strong></span> <span class='ocrx_word' id='word_1_186' title='bbox 1279 2754 1684 2813; x_wconf 82' lang='lat' dir='ltr'><strong>Dc-Colbertino</strong></span> <span class='ocrx_word' id='word_1_187' title='bbox 1730 2770 1782 2814; x_wconf 83' lang='lat' dir='ltr'><strong>et</strong></span> 
     </span>
    </p>
   </div>
   <div class='ocr_carea' id='block_1_28' title="bbox 278 2818 1782 2898">
    <p class='ocr_par' dir='ltr' id='par_1_28' title="bbox 278 2818 1782 2898">
     <span class='ocr_line' id='line_1_28' title="bbox 278 2818 1782 2898; baseline 0.009 -28"><span class='ocrx_word' id='word_1_188' title='bbox 278 2821 481 2898; x_wconf 56' lang='lat' dir='ltr'><strong>catenis</strong></span> <span class='ocrx_word' id='word_1_189' title='bbox 513 2818 756 2898; x_wconf 69' lang='lat' dir='ltr'><strong>llegiis._l</strong></span> <span class='ocrx_word' id='word_1_190' title='bbox 773 2819 833 2874; x_wconf 75' lang='grc' dir='ltr'><strong>γ.</strong></span> <span class='ocrx_word' id='word_1_191' title='bbox 856 2821 1279 2898; x_wconf 25' lang='lat' dir='ltr'><strong>Cr‘a&#39;ciAEuscbio</strong></span> <span class='ocrx_word' id='word_1_192' title='bbox 1300 2837 1350 2879; x_wconf 86' lang='lat' dir='ltr'><strong>et</strong></span> <span class='ocrx_word' id='word_1_193' title='bbox 1380 2828 1503 2881; x_wconf 84' lang='lat' dir='ltr'><strong>aliis</strong></span> <span class='ocrx_word' id='word_1_194' title='bbox 1529 2839 1782 2898; x_wconf 73' lang='lat' dir='ltr'><strong>suspecta:</strong></span> 
     </span>
    </p>
   </div>
   <div class='ocr_carea' id='block_1_29' title="bbox 281 2888 1779 2961">
    <p class='ocr_par' dir='ltr' id='par_1_29' title="bbox 281 2888 1779 2961">
     <span class='ocr_line' id='line_1_29' title="bbox 281 2888 1779 2961; baseline 0.011 -24"><span class='ocrx_word' id='word_1_195' title='bbox 281 2888 400 2961; x_wconf 78' lang='lat' dir='ltr'><strong>ﬁdei</strong></span> <span class='ocrx_word' id='word_1_196' title='bbox 452 2888 804 2961; x_wconf 65' lang='lat' dir='ltr'><strong>scriptoribus</strong></span> <span class='ocrx_word' id='word_1_197' title='bbox 854 2893 1064 2961; x_wconf 78' lang='lat' dir='ltr'><strong>infensi.</strong></span> <span class='ocrx_word' id='word_1_198' title='bbox 1109 2894 1170 2949; x_wconf 78' lang='grc' dir='ltr'><strong>γ.</strong></span> <span class='ocrx_word' id='word_1_199' title='bbox 1204 2894 1420 2952; x_wconf 72' lang='lat' dir='ltr'><strong>Catena:</strong></span> <span class='ocrx_word' id='word_1_200' title='bbox 1459 2888 1779 2953; x_wconf 69' lang='lat' dir='ltr'><strong>commenta-</strong></span> 
     </span>
    </p>
   </div>
   <div class='ocr_carea' id='block_1_30' title="bbox 277 2960 1778 3037">
    <p class='ocr_par' dir='ltr' id='par_1_30' title="bbox 277 2960 1778 3037">
     <span class='ocr_line' id='line_1_30' title="bbox 277 2960 1778 3037; baseline 0.011 -28"><span class='ocrx_word' id='word_1_201' title='bbox 277 2960 404 3037; x_wconf 36' lang='lat' dir='ltr'><strong>rios‘</strong></span> <span class='ocrx_word' id='word_1_202' title='bbox 435 2960 934 3028; x_wconf 76' lang='lat' dir='ltr'><strong>pessumdederunt.</strong></span> <span class='ocrx_word' id='word_1_203' title='bbox 978 2963 1074 3020; x_wconf 83' lang='lat' dir='ltr'><strong>VI.</strong></span> <span class='ocrx_word' id='word_1_204' title='bbox 1113 2964 1186 3020; x_wconf 81' lang='lat' dir='ltr'><strong>De</strong></span> <span class='ocrx_word' id='word_1_205' title='bbox 1228 2969 1633 3037; x_wconf 66' lang='lat' dir='ltr'><strong>praefationibus</strong></span> <span class='ocrx_word' id='word_1_206' title='bbox 1668 2970 1778 3024; x_wconf 76' lang='lat' dir='ltr'><strong>Eu-</strong></span> 
     </span>
    </p>
   </div>
   <div class='ocr_carea' id='block_1_31' title="bbox 279 3029 424 3083">
    <p class='ocr_par' dir='ltr' id='par_1_31' title="bbox 279 3029 424 3083">
     <span class='ocr_line' id='line_1_31' title="bbox 279 3029 424 3083; baseline 0.007 -1"><span class='ocrx_word' id='word_1_207' title='bbox 279 3029 424 3083; x_wconf 80' lang='lat' dir='ltr'><strong>scbii.</strong></span> 
     </span>
    </p>
   </div>
   <div class='ocr_carea' id='block_1_32' title="bbox 390 3142 1590 3204">
    <p class='ocr_par' dir='ltr' id='par_1_32' title="bbox 390 3142 1590 3204">
     <span class='ocr_line' id='line_1_32' title="bbox 390 3142 1590 3204; baseline 0.008 -12"><span class='ocrx_word' id='word_1_208' title='bbox 390 3142 428 3192; x_wconf 82' lang='grc' dir='ltr'><strong>Ι,</strong></span> <span class='ocrx_word' id='word_1_209' title='bbox 466 3143 545 3194; x_wconf 88' lang='lat' dir='ltr'><strong>De</strong></span> <span class='ocrx_word' id='word_1_210' title='bbox 565 3144 732 3194; x_wconf 90' lang='lat' dir='ltr'><strong>codice</strong></span> <span class='ocrx_word' id='word_1_211' title='bbox 753 3146 1046 3198; x_wconf 88' lang='lat' dir='ltr'><strong>Taurinensi</strong></span> <span class='ocrx_word' id='word_1_212' title='bbox 1065 3150 1326 3200; x_wconf 84' lang='lat' dir='ltr'><strong>cardinalis</strong></span> <span class='ocrx_word' id='word_1_213' title='bbox 1349 3151 1590 3204; x_wconf 87' lang='lat' dir='ltr'><strong>Perronii.</strong></span> 
     </span>
    </p>
   </div>
   <div class='ocr_carea' id='block_1_33' title="bbox 274 3243 1775 3316">
    <p class='ocr_par' dir='ltr' id='par_1_33' title="bbox 274 3243 1775 3316">
     <span class='ocr_line' id='line_1_33' title="bbox 274 3243 1775 3316; baseline 0.011 -17"><span class='ocrx_word' id='word_1_214' title='bbox 274 3243 718 3307; x_wconf 76' lang='lat' dir='ltr'><strong>Commentarios</strong></span> <span class='ocrx_word' id='word_1_215' title='bbox 753 3251 972 3309; x_wconf 88' lang='lat' dir='ltr'><strong>Eusebii</strong></span> <span class='ocrx_word' id='word_1_216' title='bbox 1003 3255 1058 3310; x_wconf 89' lang='lat' dir='ltr'><strong>in</strong></span> <span class='ocrx_word' id='word_1_217' title='bbox 1113 3255 1359 3312; x_wconf 87' lang='lat' dir='ltr'><strong>Psalmos</strong></span> <span class='ocrx_word' id='word_1_218' title='bbox 1395 3259 1449 3313; x_wconf 92' lang='lat' dir='ltr'><strong>in</strong></span> <span class='ocrx_word' id='word_1_219' title='bbox 1484 3259 1775 3316; x_wconf 84' lang='lat' dir='ltr'><strong>bibliothe-</strong></span> 
     </span>
    </p>
   </div>
   <div class='ocr_carea' id='block_1_34' title="bbox 205 3335 1770 3421">
    <p class='ocr_par' dir='ltr' id='par_1_34' title="bbox 205 3335 1770 3421">
     <span class='ocr_line' id='line_1_34' title="bbox 205 3335 1770 3421; baseline 0.012 -33"><span class='ocrx_word' id='word_1_220' title='bbox 205 3335 289 3390; x_wconf 78' lang='lat' dir='ltr'><strong>cis</strong></span> <span class='ocrx_word' id='word_1_221' title='bbox 313 3337 478 3394; x_wconf 89' lang='lat' dir='ltr'><strong>latere</strong></span> <span class='ocrx_word' id='word_1_222' title='bbox 493 3342 787 3397; x_wconf 90' lang='lat' dir='ltr'><strong>multorum</strong></span> <span class='ocrx_word' id='word_1_223' title='bbox 809 3356 1028 3401; x_wconf 90' lang='lat' dir='ltr'><strong>narratu</strong></span> <span class='ocrx_word' id='word_1_224' title='bbox 1056 3347 1166 3416; x_wconf 90' lang='lat' dir='ltr'><strong>jam</strong></span> <span class='ocrx_word' id='word_1_225' title='bbox 1195 3350 1401 3416; x_wconf 88' lang='lat' dir='ltr'><strong>pridem</strong></span> <span class='ocrx_word' id='word_1_226' title='bbox 1425 3366 1736 3421; x_wconf 88' lang='lat' dir='ltr'><strong>acceperam</strong></span> <span class='ocrx_word' id='word_1_227' title='bbox 1759 3371 1770 3406; x_wconf 93' lang='lat'>:</span> 
     </span>
    </p>
   </div>
   <div class='ocr_carea' id='block_1_35' title="bbox 213 3430 1774 3514">
    <p class='ocr_par' dir='ltr' id='par_1_35' title="bbox 213 3430 1774 3514">
     <span class='ocr_line' id='line_1_35' title="bbox 213 3430 1774 3514; baseline 0.014 -36"><span class='ocrx_word' id='word_1_228' title='bbox 213 3437 394 3481; x_wconf 69' lang='lat' dir='ltr'><strong>verum</strong></span> <span class='ocrx_word' id='word_1_229' title='bbox 428 3430 577 3486; x_wconf 84' lang='lat' dir='ltr'><strong>haud</strong></span> <span class='ocrx_word' id='word_1_230' title='bbox 603 3435 768 3490; x_wconf 90' lang='lat' dir='ltr'><strong>certis</strong></span> <span class='ocrx_word' id='word_1_231' title='bbox 797 3438 942 3493; x_wconf 86' lang='lat' dir='ltr'><strong>notis</strong></span> <span class='ocrx_word' id='word_1_232' title='bbox 972 3439 1330 3510; x_wconf 82' lang='lat' dir='ltr'><strong>iudiciisque;</strong></span> <span class='ocrx_word' id='word_1_233' title='bbox 1357 3442 1447 3496; x_wconf 88' lang='lat' dir='ltr'><strong>alii</strong></span> <span class='ocrx_word' id='word_1_234' title='bbox 1469 3444 1613 3498; x_wconf 89' lang='lat' dir='ltr'><strong>enim</strong></span> <span class='ocrx_word' id='word_1_235' title='bbox 1631 3445 1774 3514; x_wconf 91' lang='lat' dir='ltr'><strong>quod</strong></span> 
     </span>
    </p>
   </div>
   <div class='ocr_carea' id='block_1_36' title="bbox 213 3523 1776 3598">
    <p class='ocr_par' dir='ltr' id='par_1_36' title="bbox 213 3523 1776 3598">
     <span class='ocr_line' id='line_1_36' title="bbox 213 3523 1776 3598; baseline 0.014 -30"><span class='ocrx_word' id='word_1_236' title='bbox 213 3530 426 3573; x_wconf 86' lang='lat' dir='ltr'><strong>rumore</strong></span> <span class='ocrx_word' id='word_1_237' title='bbox 475 3523 692 3586; x_wconf 84' lang='lat' dir='ltr'><strong>nuntio,</strong></span> <span class='ocrx_word' id='word_1_238' title='bbox 731 3528 1120 3598; x_wconf 89' lang='lat' dir='ltr'><strong>nonnullisque</strong></span> <span class='ocrx_word' id='word_1_239' title='bbox 1169 3529 1531 3588; x_wconf 81' lang='lat' dir='ltr'><strong>referentibus</strong></span> <span class='ocrx_word' id='word_1_240' title='bbox 1589 3533 1776 3589; x_wconf 87' lang='lat' dir='ltr'><strong>audie-</strong></span> 
     </span>
    </p>
   </div>
   <div class='ocr_carea' id='block_1_37' title="bbox 215 3613 1773 3691">
    <p class='ocr_par' dir='ltr' id='par_1_37' title="bbox 215 3613 1773 3691">
     <span class='ocr_line' id='line_1_37' title="bbox 215 3613 1773 3691; baseline 0.012 -29"><span class='ocrx_word' id='word_1_241' title='bbox 215 3619 350 3677; x_wconf 84' lang='lat' dir='ltr'><strong>rant,</strong></span> <span class='ocrx_word' id='word_1_242' title='bbox 385 3613 538 3668; x_wconf 89' lang='lat' dir='ltr'><strong>nnlla</strong></span> <span class='ocrx_word' id='word_1_243' title='bbox 570 3615 697 3669; x_wconf 90' lang='lat' dir='ltr'><strong>data</strong></span> <span class='ocrx_word' id='word_1_244' title='bbox 725 3619 1046 3687; x_wconf 82' lang='lat' dir='ltr'><strong>experiundi</strong></span> <span class='ocrx_word' id='word_1_245' title='bbox 1091 3621 1371 3685; x_wconf 76' lang='lat' dir='ltr'><strong>facultate,</strong></span> <span class='ocrx_word' id='word_1_246' title='bbox 1414 3623 1773 3691; x_wconf 84' lang='lat' dir='ltr'><strong>dictitabant;</strong></span> 
     </span>
    </p>
   </div>
   <div class='ocr_carea' id='block_1_38' title="bbox 219 3701 1774 3784">
    <p class='ocr_par' dir='ltr' id='par_1_38' title="bbox 219 3701 1774 3784">
     <span class='ocr_line' id='line_1_38' title="bbox 219 3701 1774 3784; baseline 0.012 -31"><span class='ocrx_word' id='word_1_247' title='bbox 219 3701 306 3756; x_wconf 82' lang='lat' dir='ltr'><strong>alii</strong></span> <span class='ocrx_word' id='word_1_248' title='bbox 359 3703 637 3760; x_wconf 86' lang='lat' dir='ltr'><strong>indicibus</strong></span> <span class='ocrx_word' id='word_1_249' title='bbox 671 3709 921 3764; x_wconf 83' lang='lat' dir='ltr'><strong>codicum</strong></span> <span class='ocrx_word' id='word_1_250' title='bbox 977 3711 1210 3783; x_wconf 86' lang='lat' dir='ltr'><strong>decepti,</strong></span> <span class='ocrx_word' id='word_1_251' title='bbox 1249 3717 1493 3784; x_wconf 69' lang='lat' dir='ltr'><strong>quaedam</strong></span> <span class='ocrx_word' id='word_1_252' title='bbox 1527 3718 1580 3771; x_wconf 94' lang='lat' dir='ltr'><strong>in</strong></span> <span class='ocrx_word' id='word_1_253' title='bbox 1623 3715 1774 3773; x_wconf 79' lang='lat' dir='ltr'><strong>Psal-</strong></span> 
     </span>
    </p>
   </div>
   <div class='ocr_carea' id='block_1_39' title="bbox 214 3793 1773 3878">
    <p class='ocr_par' dir='ltr' id='par_1_39' title="bbox 214 3793 1773 3878">
     <span class='ocr_line' id='line_1_39' title="bbox 214 3793 1773 3878; baseline 0.01 -32"><span class='ocrx_word' id='word_1_254' title='bbox 214 3805 326 3847; x_wconf 89' lang='lat' dir='ltr'><strong>mos</strong></span> <span class='ocrx_word' id='word_1_255' title='bbox 353 3793 807 3866; x_wconf 84' lang='grc' dir='ltr'><strong>ἀποσπασμάτια,</strong></span> <span class='ocrx_word' id='word_1_256' title='bbox 840 3799 1058 3855; x_wconf 87' lang='lat' dir='ltr'><strong>Eusebii</strong></span> <span class='ocrx_word' id='word_1_257' title='bbox 1109 3805 1330 3858; x_wconf 89' lang='lat' dir='ltr'><strong>nomine</strong></span> <span class='ocrx_word' id='word_1_258' title='bbox 1362 3805 1644 3876; x_wconf 81' lang='lat' dir='ltr'><strong>insignita,</strong></span> <span class='ocrx_word' id='word_1_259' title='bbox 1676 3823 1773 3878; x_wconf 90' lang='lat' dir='ltr'><strong>pro</strong></span> 
     </span>
    </p>
   </div>
   <div class='ocr_carea' id='block_1_40' title="bbox 212 3884 1775 3954">
    <p class='ocr_par' dir='ltr' id='par_1_40' title="bbox 212 3884 1775 3954">
     <span class='ocr_line' id='line_1_40' title="bbox 212 3884 1775 3954; baseline 0.01 -18"><span class='ocrx_word' id='word_1_260' title='bbox 212 3884 349 3939; x_wconf 75' lang='lat' dir='ltr'><strong>veris</strong></span> <span class='ocrx_word' id='word_1_261' title='bbox 381 3885 604 3943; x_wconf 85' lang='lat' dir='ltr'><strong>Eusebii</strong></span> <span class='ocrx_word' id='word_1_262' title='bbox 635 3893 1046 3948; x_wconf 88' lang='lat' dir='ltr'><strong>commentariis</strong></span> <span class='ocrx_word' id='word_1_263' title='bbox 1092 3894 1414 3950; x_wconf 88' lang='lat' dir='ltr'><strong>habuerant.</strong></span> <span class='ocrx_word' id='word_1_264' title='bbox 1448 3897 1620 3954; x_wconf 81' lang='lat' dir='ltr'><strong>Annis</strong></span> <span class='ocrx_word' id='word_1_265' title='bbox 1647 3915 1775 3954; x_wconf 86' lang='lat' dir='ltr'><strong>vero</strong></span> 
     </span>
    </p>
   </div>
   <div class='ocr_carea' id='block_1_41' title="bbox 214 3973 1770 4045">
    <p class='ocr_par' dir='ltr' id='par_1_41' title="bbox 214 3973 1770 4045">
     <span class='ocr_line' id='line_1_41' title="bbox 214 3973 1770 4045; baseline 0.01 -19"><span class='ocrx_word' id='word_1_266' title='bbox 214 3973 278 4027; x_wconf 84' lang='lat' dir='ltr'><strong>ab</strong></span> <span class='ocrx_word' id='word_1_267' title='bbox 304 3976 431 4032; x_wconf 88' lang='lat' dir='ltr'><strong>hinc</strong></span> <span class='ocrx_word' id='word_1_268' title='bbox 455 3979 678 4034; x_wconf 90' lang='lat' dir='ltr'><strong>circiter</strong></span> <span class='ocrx_word' id='word_1_269' title='bbox 707 3981 894 4037; x_wconf 85' lang='lat' dir='ltr'><strong>decem</strong></span> <span class='ocrx_word' id='word_1_270' title='bbox 923 3987 1306 4041; x_wconf 79' lang='lat' dir='ltr'><strong>renuntiarunt</strong></span> <span class='ocrx_word' id='word_1_271' title='bbox 1334 3989 1548 4045; x_wconf 88' lang='lat' dir='ltr'><strong>sodales</strong></span> <span class='ocrx_word' id='word_1_272' title='bbox 1597 3993 1770 4044; x_wconf 80' lang='lat' dir='ltr'><strong>nostri</strong></span> 
     </span>
    </p>
   </div>
   <div class='ocr_carea' id='block_1_42' title="bbox 218 4063 1770 4141">
    <p class='ocr_par' dir='ltr' id='par_1_42' title="bbox 218 4063 1770 4141">
     <span class='ocr_line' id='line_1_42' title="bbox 218 4063 1770 4141; baseline 0.009 -22"><span class='ocrx_word' id='word_1_273' title='bbox 218 4063 394 4122; x_wconf 79' lang='lat' dir='ltr'><strong>Sancti</strong></span> <span class='ocrx_word' id='word_1_274' title='bbox 427 4067 654 4124; x_wconf 88' lang='lat' dir='ltr'><strong>Taurini</strong></span> <span class='ocrx_word' id='word_1_275' title='bbox 691 4071 1039 4131; x_wconf 87' lang='lat' dir='ltr'><strong>Ebroicensis</strong></span> <span class='ocrx_word' id='word_1_276' title='bbox 1063 4078 1335 4141; x_wconf 90' lang='lat' dir='ltr'><strong>monachi,</strong></span> <span class='ocrx_word' id='word_1_277' title='bbox 1366 4087 1582 4134; x_wconf 76' lang='lat' dir='ltr'><strong>exstare</strong></span> <span class='ocrx_word' id='word_1_278' title='bbox 1606 4080 1660 4134; x_wconf 91' lang='lat' dir='ltr'><strong>in</strong></span> <span class='ocrx_word' id='word_1_279' title='bbox 1692 4081 1770 4136; x_wconf 88' lang='lat' dir='ltr'><strong>bi-</strong></span> 
     </span>
    </p>
   </div>
   <div class='ocr_carea' id='block_1_43' title="bbox 216 4156 1768 4235">
    <p class='ocr_par' dir='ltr' id='par_1_43' title="bbox 216 4156 1768 4235">
     <span class='ocr_line' id='line_1_43' title="bbox 216 4156 1768 4235; baseline 0.009 -24"><span class='ocrx_word' id='word_1_280' title='bbox 216 4156 476 4215; x_wconf 83' lang='lat' dir='ltr'><strong>bliotheca</strong></span> <span class='ocrx_word' id='word_1_281' title='bbox 506 4177 628 4227; x_wconf 79' lang='lat' dir='ltr'><strong>sua,</strong></span> <span class='ocrx_word' id='word_1_282' title='bbox 663 4181 784 4234; x_wconf 68' lang='lat' dir='ltr'><strong>qua:</strong></span> <span class='ocrx_word' id='word_1_283' title='bbox 813 4167 941 4220; x_wconf 90' lang='lat' dir='ltr'><strong>olim</strong></span> <span class='ocrx_word' id='word_1_284' title='bbox 971 4169 1268 4224; x_wconf 88' lang='lat' dir='ltr'><strong>cardinalis</strong></span> <span class='ocrx_word' id='word_1_285' title='bbox 1302 4171 1544 4227; x_wconf 75' lang='lat' dir='ltr'><strong>Petronii</strong></span> <span class='ocrx_word' id='word_1_286' title='bbox 1573 4172 1768 4235; x_wconf 75' lang='lat' dir='ltr'><strong>fuerat.</strong></span> 
     </span>
    </p>
   </div>
   <div class='ocr_carea' id='block_1_44' title="bbox 216 4251 1770 4322">
    <p class='ocr_par' dir='ltr' id='par_1_44' title="bbox 216 4251 1770 4322">
     <span class='ocr_line' id='line_1_44' title="bbox 216 4251 1770 4322; baseline 0.012 -23"><span class='ocrx_word' id='word_1_287' title='bbox 216 4251 648 4320; x_wconf 83' lang='lat' dir='ltr'><strong>antiquissimum</strong></span> <span class='ocrx_word' id='word_1_288' title='bbox 681 4259 926 4313; x_wconf 88' lang='lat' dir='ltr'><strong>codicem</strong></span> <span class='ocrx_word' id='word_1_289' title='bbox 977 4264 1497 4319; x_wconf 88' lang='lat' dir='ltr'><strong>commentariorum</strong></span> <span class='ocrx_word' id='word_1_290' title='bbox 1553 4265 1770 4322; x_wconf 79' lang='lat' dir='ltr'><strong>Eusebii</strong></span> 
     </span>
    </p>
   </div>
   <div class='ocr_carea' id='block_1_45' title="bbox 215 4341 1769 4421">
    <p class='ocr_par' dir='ltr' id='par_1_45' title="bbox 215 4341 1769 4421">
     <span class='ocr_line' id='line_1_45' title="bbox 215 4341 1769 4421; baseline 0.012 -28"><span class='ocrx_word' id='word_1_291' title='bbox 215 4341 559 4401; x_wconf 71' lang='lat' dir='ltr'><strong>Caesariensis</strong></span> <span class='ocrx_word' id='word_1_292' title='bbox 589 4348 644 4400; x_wconf 91' lang='lat' dir='ltr'><strong>in</strong></span> <span class='ocrx_word' id='word_1_293' title='bbox 676 4351 988 4421; x_wconf 78' lang='lat' dir='ltr'><strong>Evangelia,</strong></span> <span class='ocrx_word' id='word_1_294' title='bbox 1014 4369 1078 4408; x_wconf 90' lang='lat' dir='ltr'><strong>ac</strong></span> <span class='ocrx_word' id='word_1_295' title='bbox 1118 4356 1476 4411; x_wconf 87' lang='lat' dir='ltr'><strong>recentiorem</strong></span> <span class='ocrx_word' id='word_1_296' title='bbox 1522 4359 1686 4414; x_wconf 89' lang='lat' dir='ltr'><strong>alium</strong></span> <span class='ocrx_word' id='word_1_297' title='bbox 1717 4361 1769 4413; x_wconf 92' lang='lat' dir='ltr'><strong>in</strong></span> 
     </span>
    </p>
   </div>
   <div class='ocr_carea' id='block_1_46' title="bbox 215 4442 1772 4510">
    <p class='ocr_par' dir='ltr' id='par_1_46' title="bbox 215 4442 1772 4510">
     <span class='ocr_line' id='line_1_46' title="bbox 215 4442 1772 4510; baseline 0.013 -24"><span class='ocrx_word' id='word_1_298' title='bbox 215 4449 318 4500; x_wconf 85' lang='lat' dir='ltr'><strong>quo</strong></span> <span class='ocrx_word' id='word_1_299' title='bbox 343 4442 719 4495; x_wconf 86' lang='lat' dir='ltr'><strong>commentarii</strong></span> <span class='ocrx_word' id='word_1_300' title='bbox 757 4443 1000 4510; x_wconf 86' lang='lat' dir='ltr'><strong>ejusdem</strong></span> <span class='ocrx_word' id='word_1_301' title='bbox 1033 4446 1087 4500; x_wconf 90' lang='lat' dir='ltr'><strong>in</strong></span> <span class='ocrx_word' id='word_1_302' title='bbox 1120 4446 1385 4504; x_wconf 87' lang='lat' dir='ltr'><strong>Psalmos.</strong></span> <span class='ocrx_word' id='word_1_303' title='bbox 1420 4448 1558 4505; x_wconf 91' lang='lat' dir='ltr'><strong>Tum</strong></span> <span class='ocrx_word' id='word_1_304' title='bbox 1589 4452 1772 4506; x_wconf 88' lang='lat' dir='ltr'><strong>animo</strong></span> 
     </span>
    </p>
   </div>
   <div class='ocr_carea' id='block_1_47' title="bbox 215 4527 1768 4610">
    <p class='ocr_par' dir='ltr' id='par_1_47' title="bbox 215 4527 1768 4610">
     <span class='ocr_line' id='line_1_47' title="bbox 215 4527 1768 4610; baseline 0.015 -33"><span class='ocrx_word' id='word_1_305' title='bbox 215 4527 496 4599; x_wconf 89' lang='lat' dir='ltr'><strong>utriusque</strong></span> <span class='ocrx_word' id='word_1_306' title='bbox 527 4533 710 4601; x_wconf 87' lang='lat' dir='ltr'><strong>operis</strong></span> <span class='ocrx_word' id='word_1_307' title='bbox 741 4536 1076 4603; x_wconf 86' lang='lat' dir='ltr'><strong>publicandi,</strong></span> <span class='ocrx_word' id='word_1_308' title='bbox 1109 4541 1296 4610; x_wconf 82' lang='lat' dir='ltr'><strong>rogavi</strong></span> <span class='ocrx_word' id='word_1_309' title='bbox 1351 4552 1410 4596; x_wconf 91' lang='lat' dir='ltr'><strong>ut</strong></span> <span class='ocrx_word' id='word_1_310' title='bbox 1459 4545 1588 4598; x_wconf 93' lang='lat' dir='ltr'><strong>mihi</strong></span> <span class='ocrx_word' id='word_1_311' title='bbox 1625 4547 1768 4599; x_wconf 88' lang='lat' dir='ltr'><strong>anti-</strong></span> 
     </span>
    </p>
   </div>
   <div class='ocr_carea' id='block_1_48' title="bbox 1895 609 3480 687">
    <p class='ocr_par' dir='ltr' id='par_1_48' title="bbox 1895 609 3480 687">
     <span class='ocr_line' id='line_1_48' title="bbox 1895 609 3480 687; baseline 0.007 -25"><span class='ocrx_word' id='word_1_312' title='bbox 1895 609 2282 680; x_wconf 71' lang='lat' dir='ltr'><strong>situmitaque</strong></span> <span class='ocrx_word' id='word_1_313' title='bbox 2333 614 2578 668; x_wconf 86' lang='lat' dir='ltr'><strong>codicem</strong></span> <span class='ocrx_word' id='word_1_314' title='bbox 2626 615 2960 687; x_wconf 85' lang='lat' dir='ltr'><strong>deprehendi</strong></span> <span class='ocrx_word' id='word_1_315' title='bbox 2993 616 3330 686; x_wconf 87' lang='lat' dir='ltr'><strong>ipsissimum</strong></span> <span class='ocrx_word' id='word_1_316' title='bbox 3354 634 3480 673; x_wconf 84' lang='lat' dir='ltr'><strong>esse</strong></span> 
     </span>
    </p>
   </div>
   <div class='ocr_carea' id='block_1_49' title="bbox 1887 701 3482 774">
    <p class='ocr_par' dir='ltr' id='par_1_49' title="bbox 1887 701 3482 774">
     <span class='ocr_line' id='line_1_49' title="bbox 1887 701 3482 774; baseline 0.006 -22"><span class='ocrx_word' id='word_1_317' title='bbox 1887 701 2342 754; x_wconf 87' lang='lat' dir='ltr'><strong>commentarium</strong></span> <span class='ocrx_word' id='word_1_318' title='bbox 2380 702 2624 768; x_wconf 75' lang='lat' dir='ltr'><strong>Eusebii,</strong></span> <span class='ocrx_word' id='word_1_319' title='bbox 2655 721 2817 774; x_wconf 89' lang='lat' dir='ltr'><strong>quem</strong></span> <span class='ocrx_word' id='word_1_320' title='bbox 2839 706 3139 761; x_wconf 90' lang='lat' dir='ltr'><strong>cardinalis</strong></span> <span class='ocrx_word' id='word_1_321' title='bbox 3175 705 3482 762; x_wconf 81' lang='lat' dir='ltr'><strong>Perronius</strong></span> 
     </span>
    </p>
   </div>
   <div class='ocr_carea' id='block_1_50' title="bbox 1885 790 3479 866">
    <p class='ocr_par' dir='ltr' id='par_1_50' title="bbox 1885 790 3479 866">
     <span class='ocr_line' id='line_1_50' title="bbox 1885 790 3479 866; baseline 0.003 -20"><span class='ocrx_word' id='word_1_322' title='bbox 1885 793 1941 846; x_wconf 87' lang='lat' dir='ltr'><strong>in</strong></span> <span class='ocrx_word' id='word_1_323' title='bbox 1970 790 2122 845; x_wconf 90' lang='lat' dir='ltr'><strong>ltalia</strong></span> <span class='ocrx_word' id='word_1_324' title='bbox 2154 793 2356 862; x_wconf 80' lang='lat' dir='ltr'><strong>degens</strong></span> <span class='ocrx_word' id='word_1_325' title='bbox 2380 811 2447 848; x_wconf 75' lang='lat' dir='ltr'><strong>ex</strong></span> <span class='ocrx_word' id='word_1_326' title='bbox 2483 796 2888 866; x_wconf 89' lang='lat' dir='ltr'><strong>antiquioribus</strong></span> <span class='ocrx_word' id='word_1_327' title='bbox 2919 797 3205 853; x_wconf 88' lang='lat' dir='ltr'><strong>codicibus</strong></span> <span class='ocrx_word' id='word_1_328' title='bbox 3237 797 3479 854; x_wconf 73' lang='lat' dir='ltr'><strong>exscribi</strong></span> 
     </span>
    </p>
   </div>
   <div class='ocr_carea' id='block_1_51' title="bbox 1887 886 3482 958">
    <p class='ocr_par' dir='ltr' id='par_1_51' title="bbox 1887 886 3482 958">
     <span class='ocr_line' id='line_1_51' title="bbox 1887 886 3482 958; baseline 0.004 -22"><span class='ocrx_word' id='word_1_329' title='bbox 1887 895 2196 938; x_wconf 82' lang='lat' dir='ltr'><strong>curaverat.</strong></span> <span class='ocrx_word' id='word_1_330' title='bbox 2225 886 2274 941; x_wconf 91' lang='lat' dir='ltr'><strong>Is</strong></span> <span class='ocrx_word' id='word_1_331' title='bbox 2307 888 2412 958; x_wconf 89' lang='lat' dir='ltr'><strong>etsi</strong></span> <span class='ocrx_word' id='word_1_332' title='bbox 2443 887 2510 940; x_wconf 86' lang='lat' dir='ltr'><strong>ad</strong></span> <span class='ocrx_word' id='word_1_333' title='bbox 2542 888 2901 943; x_wconf 88' lang='lat' dir='ltr'><strong>centesimum</strong></span> <span class='ocrx_word' id='word_1_334' title='bbox 2925 902 3100 958; x_wconf 90' lang='lat' dir='ltr'><strong>usque</strong></span> <span class='ocrx_word' id='word_1_335' title='bbox 3128 896 3182 943; x_wconf 89' lang='lat' dir='ltr'><strong>et</strong></span> <span class='ocrx_word' id='word_1_336' title='bbox 3215 889 3482 945; x_wconf 55' lang='lat' dir='ltr'><strong>duodech</strong></span> 
     </span>
    </p>
   </div>
   <div class='ocr_carea' id='block_1_52' title="bbox 1888 957 3480 1048">
    <p class='ocr_par' dir='ltr' id='par_1_52' title="bbox 1888 957 3480 1048">
     <span class='ocr_line' id='line_1_52' title="bbox 1888 957 3480 1048; baseline 0.007 -23"><span class='ocrx_word' id='word_1_337' title='bbox 1888 989 2038 1028; x_wconf 87' lang='lat' dir='ltr'><strong>mum</strong></span> <span class='ocrx_word' id='word_1_338' title='bbox 2071 977 2342 1045; x_wconf 84' lang='lat' dir='ltr'><strong>psalmum</strong></span> <span class='ocrx_word' id='word_1_339' title='bbox 2369 957 2726 1048; x_wconf 71' lang='lat' dir='ltr'><strong>pet-lingeret,</strong></span> <span class='ocrx_word' id='word_1_340' title='bbox 2762 980 2816 1031; x_wconf 92' lang='lat' dir='ltr'><strong>in</strong></span> <span class='ocrx_word' id='word_1_341' title='bbox 2844 957 3029 1034; x_wconf 87' lang='lat' dir='ltr'><strong>multis</strong></span> <span class='ocrx_word' id='word_1_342' title='bbox 3053 979 3376 1042; x_wconf 82' lang='lat' dir='ltr'><strong>deﬁciebat;</strong></span> <span class='ocrx_word' id='word_1_343' title='bbox 3401 982 3480 1036; x_wconf 81' lang='lat' dir='ltr'><strong>ita</strong></span> 
     </span>
    </p>
   </div>
   <div class='ocr_carea' id='block_1_53' title="bbox 1891 1068 3477 1146">
    <p class='ocr_par' dir='ltr' id='par_1_53' title="bbox 1891 1068 3477 1146">
     <span class='ocr_line' id='line_1_53' title="bbox 1891 1068 3477 1146; baseline 0.006 -28"><span class='ocrx_word' id='word_1_344' title='bbox 1891 1073 1952 1119; x_wconf 90' lang='lat' dir='ltr'><strong>ut</strong></span> <span class='ocrx_word' id='word_1_345' title='bbox 1985 1068 2150 1122; x_wconf 89' lang='lat' dir='ltr'><strong>etiam</strong></span> <span class='ocrx_word' id='word_1_346' title='bbox 2185 1071 2382 1138; x_wconf 89' lang='lat' dir='ltr'><strong>psalmi</strong></span> <span class='ocrx_word' id='word_1_347' title='bbox 2415 1085 2444 1122; x_wconf 91' lang='lat' dir='ltr'><strong>a</strong></span> <span class='ocrx_word' id='word_1_348' title='bbox 2477 1071 2899 1141; x_wconf 82' lang='lat' dir='ltr'><strong>quadragesimo</strong></span> <span class='ocrx_word' id='word_1_349' title='bbox 2922 1081 3116 1127; x_wconf 72' lang='lat' dir='ltr'><strong>octavo</strong></span> <span class='ocrx_word' id='word_1_350' title='bbox 3153 1073 3221 1127; x_wconf 86' lang='lat' dir='ltr'><strong>ad</strong></span> <span class='ocrx_word' id='word_1_351' title='bbox 3249 1083 3477 1146; x_wconf 74' lang='lat' dir='ltr'><strong>octoge-</strong></span> 
     </span>
    </p>
   </div>
   <div class='ocr_carea' id='block_1_54' title="bbox 1890 1157 3476 1234">
    <p class='ocr_par' dir='ltr' id='par_1_54' title="bbox 1890 1157 3476 1234">
     <span class='ocr_line' id='line_1_54' title="bbox 1890 1157 3476 1234; baseline 0.007 -24"><span class='ocrx_word' id='word_1_352' title='bbox 1890 1157 2089 1213; x_wconf 91' lang='lat' dir='ltr'><strong>simum</strong></span> <span class='ocrx_word' id='word_1_353' title='bbox 2134 1161 2412 1225; x_wconf 87' lang='lat' dir='ltr'><strong>abessent,</strong></span> <span class='ocrx_word' id='word_1_354' title='bbox 2440 1163 2494 1215; x_wconf 91' lang='lat' dir='ltr'><strong>in</strong></span> <span class='ocrx_word' id='word_1_355' title='bbox 2537 1163 2856 1232; x_wconf 76' lang='lat' dir='ltr'><strong>czeterisque</strong></span> <span class='ocrx_word' id='word_1_356' title='bbox 2888 1180 2996 1218; x_wconf 86' lang='lat' dir='ltr'><strong>non</strong></span> <span class='ocrx_word' id='word_1_357' title='bbox 3033 1181 3209 1234; x_wconf 87' lang='lat' dir='ltr'><strong>pauca</strong></span> <span class='ocrx_word' id='word_1_358' title='bbox 3256 1167 3476 1221; x_wconf 78' lang='lat' dir='ltr'><strong>deside-</strong></span> 
     </span>
    </p>
   </div>
   <div class='ocr_carea' id='block_1_55' title="bbox 1889 1259 2166 1308">
    <p class='ocr_par' dir='ltr' id='par_1_55' title="bbox 1889 1259 2166 1308">
     <span class='ocr_line' id='line_1_55' title="bbox 1889 1259 2166 1308; baseline 0.029 -8"><span class='ocrx_word' id='word_1_359' title='bbox 1889 1259 2166 1308; x_wconf 86' lang='lat' dir='ltr'><strong>rarentur.</strong></span> 
     </span>
    </p>
   </div>
   <div class='ocr_carea' id='block_1_56' title="bbox 2225 1365 3140 1423">
    <p class='ocr_par' dir='ltr' id='par_1_56' title="bbox 2225 1365 3140 1423">
     <span class='ocr_line' id='line_1_56' title="bbox 2225 1365 3140 1423; baseline 0.008 -9"><span class='ocrx_word' id='word_1_360' title='bbox 2225 1365 2289 1415; x_wconf 86' lang='lat' dir='ltr'><strong>II.</strong></span> <span class='ocrx_word' id='word_1_361' title='bbox 2327 1368 2401 1416; x_wconf 89' lang='lat' dir='ltr'><strong>De</strong></span> <span class='ocrx_word' id='word_1_362' title='bbox 2425 1369 2594 1418; x_wconf 88' lang='lat' dir='ltr'><strong>codice</strong></span> <span class='ocrx_word' id='word_1_363' title='bbox 2617 1370 2877 1420; x_wconf 85' lang='lat' dir='ltr'><strong>cardinalis</strong></span> <span class='ocrx_word' id='word_1_364' title='bbox 2901 1369 3140 1423; x_wconf 87' lang='lat' dir='ltr'><strong>Coislinii.</strong></span> 
     </span>
    </p>
   </div>
   <div class='ocr_carea' id='block_1_57' title="bbox 1961 1473 3469 1548">
    <p class='ocr_par' dir='ltr' id='par_1_57' title="bbox 1961 1473 3469 1548">
     <span class='ocr_line' id='line_1_57' title="bbox 1961 1473 3469 1548; baseline 0.003 -21"><span class='ocrx_word' id='word_1_365' title='bbox 1961 1473 2119 1529; x_wconf 89' lang='lat' dir='ltr'><strong>Tunc</strong></span> <span class='ocrx_word' id='word_1_366' title='bbox 2149 1473 2402 1528; x_wconf 88' lang='lat' dir='ltr'><strong>lteranda</strong></span> <span class='ocrx_word' id='word_1_367' title='bbox 2432 1475 2564 1529; x_wconf 91' lang='lat' dir='ltr'><strong>mihi</strong></span> <span class='ocrx_word' id='word_1_368' title='bbox 2595 1475 2874 1545; x_wconf 79' lang='lat' dir='ltr'><strong>diligentia</strong></span> <span class='ocrx_word' id='word_1_369' title='bbox 2895 1475 3014 1542; x_wconf 87' lang='lat' dir='ltr'><strong>fuit,</strong></span> <span class='ocrx_word' id='word_1_370' title='bbox 3041 1485 3099 1531; x_wconf 90' lang='lat' dir='ltr'><strong>ut</strong></span> <span class='ocrx_word' id='word_1_371' title='bbox 3146 1479 3192 1533; x_wconf 93' lang='lat' dir='ltr'><strong>si</strong></span> <span class='ocrx_word' id='word_1_372' title='bbox 3229 1476 3356 1548; x_wconf 86' lang='lat' dir='ltr'><strong>quid</strong></span> <span class='ocrx_word' id='word_1_373' title='bbox 3415 1481 3469 1534; x_wconf 81' lang='lat' dir='ltr'><strong>in</strong></span> 
     </span>
    </p>
   </div>
   <div class='ocr_carea' id='block_1_58' title="bbox 1893 1563 3470 1639">
    <p class='ocr_par' dir='ltr' id='par_1_58' title="bbox 1893 1563 3470 1639">
     <span class='ocr_line' id='line_1_58' title="bbox 1893 1563 3470 1639; baseline 0.001 -19"><span class='ocrx_word' id='word_1_374' title='bbox 1893 1567 1984 1620; x_wconf 86' lang='lat' dir='ltr'><strong>illo</strong></span> <span class='ocrx_word' id='word_1_375' title='bbox 2012 1567 2247 1630; x_wconf 89' lang='lat' dir='ltr'><strong>deesset,</strong></span> <span class='ocrx_word' id='word_1_376' title='bbox 2269 1566 2499 1620; x_wconf 87' lang='lat' dir='ltr'><strong>aliorum</strong></span> <span class='ocrx_word' id='word_1_377' title='bbox 2529 1567 2772 1621; x_wconf 90' lang='lat' dir='ltr'><strong>subsidio</strong></span> <span class='ocrx_word' id='word_1_378' title='bbox 2799 1568 3005 1623; x_wconf 86' lang='lat' dir='ltr'><strong>sarcire</strong></span> <span class='ocrx_word' id='word_1_379' title='bbox 3035 1585 3270 1639; x_wconf 82' lang='lat' dir='ltr'><strong>possem.</strong></span> <span class='ocrx_word' id='word_1_380' title='bbox 3308 1563 3470 1624; x_wconf 86' lang='lat' dir='ltr'><strong>Forte</strong></span> 
     </span>
    </p>
   </div>
   <div class='ocr_carea' id='block_1_59' title="bbox 1891 1657 3471 1731">
    <p class='ocr_par' dir='ltr' id='par_1_59' title="bbox 1891 1657 3471 1731">
     <span class='ocr_line' id='line_1_59' title="bbox 1891 1657 3471 1731; baseline 0.003 -21"><span class='ocrx_word' id='word_1_381' title='bbox 1891 1659 2109 1712; x_wconf 78' lang='lat' dir='ltr'><strong>fortuna</strong></span> <span class='ocrx_word' id='word_1_382' title='bbox 2157 1658 2358 1712; x_wconf 85' lang='lat' dir='ltr'><strong>accidit</strong></span> <span class='ocrx_word' id='word_1_383' title='bbox 2399 1666 2456 1712; x_wconf 92' lang='lat' dir='ltr'><strong>ut</strong></span> <span class='ocrx_word' id='word_1_384' title='bbox 2489 1659 2542 1712; x_wconf 93' lang='lat' dir='ltr'><strong>in</strong></span> <span class='ocrx_word' id='word_1_385' title='bbox 2579 1657 2911 1714; x_wconf 89' lang='lat' dir='ltr'><strong>bibliotheca</strong></span> <span class='ocrx_word' id='word_1_386' title='bbox 2959 1659 3290 1731; x_wconf 75' lang='lat' dir='ltr'><strong>Segucriana</strong></span> <span class='ocrx_word' id='word_1_387' title='bbox 3335 1663 3471 1716; x_wconf 86' lang='lat' dir='ltr'><strong>alter</strong></span> 
     </span>
    </p>
   </div>
   <div class='ocr_carea' id='block_1_60' title="bbox 1889 1749 3469 1810">
    <p class='ocr_par' dir='ltr' id='par_1_60' title="bbox 1889 1749 3469 1810">
     <span class='ocr_line' id='line_1_60' title="bbox 1889 1749 3469 1810; baseline 0.003 -7"><span class='ocrx_word' id='word_1_388' title='bbox 1889 1749 2062 1804; x_wconf 90' lang='lat' dir='ltr'><strong>codex</strong></span> <span class='ocrx_word' id='word_1_389' title='bbox 2089 1749 2306 1804; x_wconf 86' lang='lat' dir='ltr'><strong>Eusebii</strong></span> <span class='ocrx_word' id='word_1_390' title='bbox 2339 1749 2404 1803; x_wconf 75' lang='lat' dir='ltr'><strong>in&quot;</strong></span> <span class='ocrx_word' id='word_1_391' title='bbox 2424 1749 2671 1806; x_wconf 88' lang='lat' dir='ltr'><strong>Psalmos</strong></span> <span class='ocrx_word' id='word_1_392' title='bbox 2688 1751 2921 1808; x_wconf 87' lang='lat' dir='ltr'><strong>adesset.</strong></span> <span class='ocrx_word' id='word_1_393' title='bbox 2948 1753 3103 1808; x_wconf 88' lang='lat' dir='ltr'><strong>Hunc</strong></span> <span class='ocrx_word' id='word_1_394' title='bbox 3123 1755 3191 1810; x_wconf 89' lang='lat' dir='ltr'><strong>ab</strong></span> <span class='ocrx_word' id='word_1_395' title='bbox 3222 1754 3469 1810; x_wconf 84' lang='lat' dir='ltr'><strong>eminen-</strong></span> 
     </span>
    </p>
   </div>
   <div class='ocr_carea' id='block_1_61' title="bbox 1891 1839 3469 1918">
    <p class='ocr_par' dir='ltr' id='par_1_61' title="bbox 1891 1839 3469 1918">
     <span class='ocr_line' id='line_1_61' title="bbox 1891 1839 3469 1918; baseline 0.006 -28"><span class='ocrx_word' id='word_1_396' title='bbox 1891 1839 2106 1895; x_wconf 89' lang='lat' dir='ltr'><strong>tissimo</strong></span> <span class='ocrx_word' id='word_1_397' title='bbox 2135 1841 2400 1896; x_wconf 90' lang='lat' dir='ltr'><strong>cardinali</strong></span> <span class='ocrx_word' id='word_1_398' title='bbox 2454 1841 2719 1897; x_wconf 87' lang='lat' dir='ltr'><strong>Coislinio</strong></span> <span class='ocrx_word' id='word_1_399' title='bbox 2748 1845 3055 1914; x_wconf 88' lang='lat' dir='ltr'><strong>impetravi,</strong></span> <span class='ocrx_word' id='word_1_400' title='bbox 3081 1847 3173 1916; x_wconf 90' lang='lat' dir='ltr'><strong>qui</strong></span> <span class='ocrx_word' id='word_1_401' title='bbox 3209 1857 3317 1918; x_wconf 86' lang='lat' dir='ltr'><strong>qua</strong></span> <span class='ocrx_word' id='word_1_402' title='bbox 3348 1847 3469 1916; x_wconf 47' lang='lat' dir='ltr'><strong>pol.</strong></span> 
     </span>
    </p>
   </div>
   <div class='ocr_carea' id='block_1_62' title="bbox 1893 1932 3470 1999">
    <p class='ocr_par' dir='ltr' id='par_1_62' title="bbox 1893 1932 3470 1999">
     <span class='ocr_line' id='line_1_62' title="bbox 1893 1932 3470 1999; baseline 0.003 -13"><span class='ocrx_word' id='word_1_403' title='bbox 1893 1933 1963 1986; x_wconf 91' lang='lat' dir='ltr'><strong>let</strong></span> <span class='ocrx_word' id='word_1_404' title='bbox 1988 1932 2326 1987; x_wconf 86' lang='lat' dir='ltr'><strong>humanitate</strong></span> <span class='ocrx_word' id='word_1_405' title='bbox 2361 1944 2414 1988; x_wconf 90' lang='lat' dir='ltr'><strong>et</strong></span> <span class='ocrx_word' id='word_1_406' title='bbox 2450 1932 2822 1999; x_wconf 81' lang='lat' dir='ltr'><strong>beneﬁcentia,</strong></span> <span class='ocrx_word' id='word_1_407' title='bbox 2858 1937 3122 1992; x_wconf 88' lang='lat' dir='ltr'><strong>suadente</strong></span> <span class='ocrx_word' id='word_1_408' title='bbox 3146 1951 3210 1990; x_wconf 92' lang='lat' dir='ltr'><strong>ac</strong></span> <span class='ocrx_word' id='word_1_409' title='bbox 3241 1949 3470 1991; x_wconf 24' lang='lat' dir='ltr'><strong>monent</strong></span> 
     </span>
    </p>
   </div>
   <div class='ocr_carea' id='block_1_63' title="bbox 1891 2023 3453 2097">
    <p class='ocr_par' dir='ltr' id='par_1_63' title="bbox 1891 2023 3453 2097">
     <span class='ocr_line' id='line_1_63' title="bbox 1891 2023 3453 2097; baseline 0.002 -20"><span class='ocrx_word' id='word_1_410' title='bbox 1891 2032 1944 2080; x_wconf 89' lang='lat' dir='ltr'><strong>te</strong></span> <span class='ocrx_word' id='word_1_411' title='bbox 1986 2024 2207 2078; x_wconf 87' lang='lat' dir='ltr'><strong>domino</strong></span> <span class='ocrx_word' id='word_1_412' title='bbox 2249 2024 2316 2079; x_wconf 90' lang='lat' dir='ltr'><strong>de</strong></span> <span class='ocrx_word' id='word_1_413' title='bbox 2365 2025 2414 2079; x_wconf 91' lang='lat' dir='ltr'><strong>la</strong></span> <span class='ocrx_word' id='word_1_414' title='bbox 2449 2023 2682 2096; x_wconf 59' lang='grc' dir='ltr'><strong>νει-ευρ,</strong></span> <span class='ocrx_word' id='word_1_415' title='bbox 2713 2028 2765 2080; x_wconf 89' lang='lat' dir='ltr'><strong>in</strong></span> <span class='ocrx_word' id='word_1_416' title='bbox 2804 2027 3083 2097; x_wconf 90' lang='lat' dir='ltr'><strong>publicum</strong></span> <span class='ocrx_word' id='word_1_417' title='bbox 3118 2042 3278 2082; x_wconf 88' lang='lat' dir='ltr'><strong>usum</strong></span> <span class='ocrx_word' id='word_1_418' title='bbox 3313 2028 3453 2082; x_wconf 79' lang='lat' dir='ltr'><strong>cod&#39;r</strong></span> 
     </span>
    </p>
   </div>
   <div class='ocr_carea' id='block_1_64' title="bbox 1889 2115 3464 2191">
    <p class='ocr_par' dir='ltr' id='par_1_64' title="bbox 1889 2115 3464 2191">
     <span class='ocr_line' id='line_1_64' title="bbox 1889 2115 3464 2191; baseline 0.003 -22"><span class='ocrx_word' id='word_1_419' title='bbox 1889 2131 2008 2170; x_wconf 89' lang='lat' dir='ltr'><strong>cem</strong></span> <span class='ocrx_word' id='word_1_420' title='bbox 2059 2115 2374 2184; x_wconf 88' lang='lat' dir='ltr'><strong>hujusmodi</strong></span> <span class='ocrx_word' id='word_1_421' title='bbox 2406 2119 2755 2173; x_wconf 86' lang='lat' dir='ltr'><strong>commodare</strong></span> <span class='ocrx_word' id='word_1_422' title='bbox 2808 2121 2966 2174; x_wconf 88' lang='lat' dir='ltr'><strong>nobis</strong></span> <span class='ocrx_word' id='word_1_423' title='bbox 3008 2119 3332 2191; x_wconf 80' lang='lat' dir='ltr'><strong>dedignatus</strong></span> <span class='ocrx_word' id='word_1_424' title='bbox 3355 2134 3464 2175; x_wconf 89' lang='lat' dir='ltr'><strong>non</strong></span> 
     </span>
    </p>
   </div>
   <div class='ocr_carea' id='block_1_65' title="bbox 1889 2200 3465 2282">
    <p class='ocr_par' dir='ltr' id='par_1_65' title="bbox 1889 2200 3465 2282">
     <span class='ocr_line' id='line_1_65' title="bbox 1889 2200 3465 2282; baseline 0.004 -23"><span class='ocrx_word' id='word_1_425' title='bbox 1889 2215 1992 2260; x_wconf 88' lang='lat' dir='ltr'><strong>est.</strong></span> <span class='ocrx_word' id='word_1_426' title='bbox 2031 2200 2202 2262; x_wconf 81' lang='lat' dir='ltr'><strong>liabet</strong></span> <span class='ocrx_word' id='word_1_427' title='bbox 2233 2210 2278 2263; x_wconf 93' lang='lat' dir='ltr'><strong>is</strong></span> <span class='ocrx_word' id='word_1_428' title='bbox 2302 2207 2552 2265; x_wconf 85' lang='lat' dir='ltr'><strong>Psalmos</strong></span> <span class='ocrx_word' id='word_1_429' title='bbox 2584 2227 2707 2264; x_wconf 88' lang='lat' dir='ltr'><strong>cum</strong></span> <span class='ocrx_word' id='word_1_430' title='bbox 2736 2213 3143 2266; x_wconf 88' lang='lat' dir='ltr'><strong>commentariis</strong></span> <span class='ocrx_word' id='word_1_431' title='bbox 3183 2213 3357 2282; x_wconf 90' lang='lat' dir='ltr'><strong>plenis</strong></span> <span class='ocrx_word' id='word_1_432' title='bbox 3381 2213 3465 2267; x_wconf 87' lang='lat' dir='ltr'><strong>in-</strong></span> 
     </span>
    </p>
   </div>
   <div class='ocr_carea' id='block_1_66' title="bbox 1888 2298 3464 2374">
    <p class='ocr_par' dir='ltr' id='par_1_66' title="bbox 1888 2298 3464 2374">
     <span class='ocr_line' id='line_1_66' title="bbox 1888 2298 3464 2374; baseline 0.004 -24"><span class='ocrx_word' id='word_1_433' title='bbox 1888 2298 2166 2368; x_wconf 77' lang='lat' dir='ltr'><strong>tegrisque</strong></span> <span class='ocrx_word' id='word_1_434' title='bbox 2192 2316 2222 2354; x_wconf 88' lang='lat' dir='ltr'><strong>a</strong></span> <span class='ocrx_word' id='word_1_435' title='bbox 2251 2300 2708 2371; x_wconf 83' lang='lat' dir='ltr'><strong>quinquagesimo</strong></span> <span class='ocrx_word' id='word_1_436' title='bbox 2739 2303 2803 2356; x_wconf 87' lang='lat' dir='ltr'><strong>ad</strong></span> <span class='ocrx_word' id='word_1_437' title='bbox 2841 2304 3260 2372; x_wconf 80' lang='lat' dir='ltr'><strong>nonagesimum</strong></span> <span class='ocrx_word' id='word_1_438' title='bbox 3299 2305 3464 2374; x_wconf 59' lang='lat' dir='ltr'><strong>quina</strong></span> 
     </span>
    </p>
   </div>
   <div class='ocr_carea' id='block_1_67' title="bbox 1888 2391 3465 2469">
    <p class='ocr_par' dir='ltr' id='par_1_67' title="bbox 1888 2391 3465 2469">
     <span class='ocr_line' id='line_1_67' title="bbox 1888 2391 3465 2469; baseline 0.006 -27"><span class='ocrx_word' id='word_1_439' title='bbox 1888 2399 2034 2456; x_wconf 88' lang='lat' dir='ltr'><strong>tum;</strong></span> <span class='ocrx_word' id='word_1_440' title='bbox 2067 2391 2142 2444; x_wconf 84' lang='lat' dir='ltr'><strong>ita</strong></span> <span class='ocrx_word' id='word_1_441' title='bbox 2174 2401 2232 2445; x_wconf 91' lang='lat' dir='ltr'><strong>ut</strong></span> <span class='ocrx_word' id='word_1_442' title='bbox 2260 2392 2424 2460; x_wconf 84' lang='lat' dir='ltr'><strong>hujus</strong></span> <span class='ocrx_word' id='word_1_443' title='bbox 2447 2395 2781 2448; x_wconf 91' lang='lat' dir='ltr'><strong>adminiculo</strong></span> <span class='ocrx_word' id='word_1_444' title='bbox 2812 2395 3066 2448; x_wconf 89' lang='lat' dir='ltr'><strong>lacunam</strong></span> <span class='ocrx_word' id='word_1_445' title='bbox 3090 2395 3236 2449; x_wconf 87' lang='lat' dir='ltr'><strong>illam</strong></span> <span class='ocrx_word' id='word_1_446' title='bbox 3273 2397 3465 2469; x_wconf 77' lang='lat' dir='ltr'><strong>ingen-</strong></span> 
     </span>
    </p>
   </div>
   <div class='ocr_carea' id='block_1_68' title="bbox 1886 2481 3464 2558">
    <p class='ocr_par' dir='ltr' id='par_1_68' title="bbox 1886 2481 3464 2558">
     <span class='ocr_line' id='line_1_68' title="bbox 1886 2481 3464 2558; baseline 0.005 -26"><span class='ocrx_word' id='word_1_447' title='bbox 1886 2487 1994 2534; x_wconf 90' lang='lat' dir='ltr'><strong>tem</strong></span> <span class='ocrx_word' id='word_1_448' title='bbox 2028 2481 2280 2550; x_wconf 78' lang='lat' dir='ltr'><strong>explendi</strong></span> <span class='ocrx_word' id='word_1_449' title='bbox 2315 2481 2547 2539; x_wconf 77' lang='lat' dir='ltr'><strong>facultas</strong></span> <span class='ocrx_word' id='word_1_450' title='bbox 2574 2493 2740 2540; x_wconf 88' lang='lat' dir='ltr'><strong>esset.</strong></span> <span class='ocrx_word' id='word_1_451' title='bbox 2776 2483 2929 2548; x_wconf 83' lang='lat' dir='ltr'><strong>Quod</strong></span> <span class='ocrx_word' id='word_1_452' title='bbox 2965 2499 3097 2539; x_wconf 83' lang='lat' dir='ltr'><strong>sane</strong></span> <span class='ocrx_word' id='word_1_453' title='bbox 3127 2486 3261 2540; x_wconf 83' lang='lat' dir='ltr'><strong>mihi</strong></span> <span class='ocrx_word' id='word_1_454' title='bbox 3284 2488 3464 2558; x_wconf 83' lang='lat' dir='ltr'><strong>inopt-</strong></span> 
     </span>
    </p>
   </div>
   <div class='ocr_carea' id='block_1_69' title="bbox 1885 2574 3461 2648">
    <p class='ocr_par' dir='ltr' id='par_1_69' title="bbox 1885 2574 3461 2648">
     <span class='ocr_line' id='line_1_69' title="bbox 1885 2574 3461 2648; baseline 0.005 -24"><span class='ocrx_word' id='word_1_455' title='bbox 1885 2578 2073 2625; x_wconf 86' lang='lat' dir='ltr'><strong>natum</strong></span> <span class='ocrx_word' id='word_1_456' title='bbox 2102 2578 2154 2626; x_wconf 88' lang='lat' dir='ltr'><strong>et</strong></span> <span class='ocrx_word' id='word_1_457' title='bbox 2187 2579 2400 2643; x_wconf 82' lang='lat' dir='ltr'><strong>gratum</strong></span> <span class='ocrx_word' id='word_1_458' title='bbox 2430 2574 2665 2629; x_wconf 85' lang='lat' dir='ltr'><strong>accidit:</strong></span> <span class='ocrx_word' id='word_1_459' title='bbox 2691 2591 2814 2630; x_wconf 91' lang='lat' dir='ltr'><strong>nam</strong></span> <span class='ocrx_word' id='word_1_460' title='bbox 2853 2575 3030 2630; x_wconf 84' lang='lat' dir='ltr'><strong>solent</strong></span> <span class='ocrx_word' id='word_1_461' title='bbox 3055 2592 3179 2632; x_wconf 90' lang='lat' dir='ltr'><strong>esse</strong></span> <span class='ocrx_word' id='word_1_462' title='bbox 3209 2594 3328 2648; x_wconf 78' lang='lat' dir='ltr'><strong>qua:</strong></span> <span class='ocrx_word' id='word_1_463' title='bbox 3361 2580 3461 2632; x_wconf 87' lang='lat' dir='ltr'><strong>mi-</strong></span> 
     </span>
    </p>
   </div>
   <div class='ocr_carea' id='block_1_70' title="bbox 1884 2665 3463 2739">
    <p class='ocr_par' dir='ltr' id='par_1_70' title="bbox 1884 2665 3463 2739">
     <span class='ocr_line' id='line_1_70' title="bbox 1884 2665 3463 2739; baseline 0.005 -23"><span class='ocrx_word' id='word_1_464' title='bbox 1884 2679 1988 2717; x_wconf 75' lang='lat' dir='ltr'><strong>nus</strong></span> <span class='ocrx_word' id='word_1_465' title='bbox 2019 2673 2406 2732; x_wconf 76' lang='lat' dir='ltr'><strong>exspectantur</strong></span> <span class='ocrx_word' id='word_1_466' title='bbox 2426 2665 2654 2722; x_wconf 75' lang='lat' dir='ltr'><strong>lzctiora.</strong></span> <span class='ocrx_word' id='word_1_467' title='bbox 2683 2667 2777 2722; x_wconf 88' lang='lat' dir='ltr'><strong>Est</strong></span> <span class='ocrx_word' id='word_1_468' title='bbox 2808 2683 2969 2739; x_wconf 90' lang='lat' dir='ltr'><strong>porro</strong></span> <span class='ocrx_word' id='word_1_469' title='bbox 2996 2669 3169 2724; x_wconf 77' lang='lat' dir='ltr'><strong>codex</strong></span> <span class='ocrx_word' id='word_1_470' title='bbox 3201 2671 3290 2725; x_wconf 90' lang='lat' dir='ltr'><strong>ille</strong></span> <span class='ocrx_word' id='word_1_471' title='bbox 3318 2670 3463 2726; x_wconf 80' lang='lat' dir='ltr'><strong>deci-</strong></span> 
     </span>
    </p>
   </div>
   <div class='ocr_carea' id='block_1_71' title="bbox 1882 2756 3461 2830">
    <p class='ocr_par' dir='ltr' id='par_1_71' title="bbox 1882 2756 3461 2830">
     <span class='ocr_line' id='line_1_71' title="bbox 1882 2756 3461 2830; baseline 0.005 -20"><span class='ocrx_word' id='word_1_472' title='bbox 1882 2757 2010 2810; x_wconf 91' lang='lat' dir='ltr'><strong>cimi</strong></span> <span class='ocrx_word' id='word_1_473' title='bbox 2061 2756 2268 2819; x_wconf 75' lang='lat' dir='ltr'><strong>saeculi,</strong></span> <span class='ocrx_word' id='word_1_474' title='bbox 2298 2757 2530 2828; x_wconf 77' lang='lat' dir='ltr'><strong>egregiae</strong></span> <span class='ocrx_word' id='word_1_475' title='bbox 2561 2768 2723 2824; x_wconf 75' lang='lat' dir='ltr'><strong>noue,</strong></span> <span class='ocrx_word' id='word_1_476' title='bbox 2760 2763 2848 2815; x_wconf 82' lang='lat' dir='ltr'><strong>cui</strong></span> <span class='ocrx_word' id='word_1_477' title='bbox 2906 2763 3100 2818; x_wconf 85' lang='lat' dir='ltr'><strong>titulus</strong></span> <span class='ocrx_word' id='word_1_478' title='bbox 3144 2763 3461 2830; x_wconf 73' lang='lat' dir='ltr'><strong>huiusmodi</strong></span> 
     </span>
    </p>
   </div>
   <div class='ocr_carea' id='block_1_72' title="bbox 1881 2849 3459 2923">
    <p class='ocr_par' dir='ltr' id='par_1_72' title="bbox 1881 2849 3459 2923">
     <span class='ocr_line' id='line_1_72' title="bbox 1881 2849 3459 2923; baseline 0.003 -20"><span class='ocrx_word' id='word_1_479' title='bbox 1881 2849 2122 2904; x_wconf 75' lang='lat' dir='ltr'><strong>secunda</strong></span> <span class='ocrx_word' id='word_1_480' title='bbox 2173 2863 2337 2903; x_wconf 89' lang='lat' dir='ltr'><strong>manu</strong></span> <span class='ocrx_word' id='word_1_481' title='bbox 2385 2866 2480 2904; x_wconf 85' lang='lat' dir='ltr'><strong>xm</strong></span> <span class='ocrx_word' id='word_1_482' title='bbox 2532 2852 2715 2906; x_wconf 66' lang='lat' dir='ltr'><strong>saeculi</strong></span> <span class='ocrx_word' id='word_1_483' title='bbox 2759 2854 3014 2923; x_wconf 68' lang='lat' dir='ltr'><strong>prmlixus</strong></span> <span class='ocrx_word' id='word_1_484' title='bbox 3041 2862 3165 2910; x_wconf 89' lang='lat' dir='ltr'><strong>est:</strong></span> <span class='ocrx_word' id='word_1_485' title='bbox 3200 2855 3459 2908; x_wconf 74' lang='grc' dir='ltr'><strong>Εὑσεΰξου</strong></span> 
     </span>
    </p>
   </div>
   <div class='ocr_carea' id='block_1_73' title="bbox 1879 2938 3460 3017">
    <p class='ocr_par' dir='ltr' id='par_1_73' title="bbox 1879 2938 3460 3017">
     <span class='ocr_line' id='line_1_73' title="bbox 1879 2938 3460 3017; baseline 0.004 -24"><span class='ocrx_word' id='word_1_486' title='bbox 1879 2938 1974 2994; x_wconf 81' lang='grc' dir='ltr'><strong>τοῦ</strong></span> <span class='ocrx_word' id='word_1_487' title='bbox 2008 2941 2290 3011; x_wconf 73' lang='grc' dir='ltr'><strong>Παμφίὶου</strong></span> <span class='ocrx_word' id='word_1_488' title='bbox 2342 2943 2618 3015; x_wconf 69' lang='grc' dir='ltr'><strong>Ἀρείοινοῦ</strong></span> <span class='ocrx_word' id='word_1_489' title='bbox 2667 2944 2925 3017; x_wconf 71' lang='grc' dir='ltr'><strong>ἐξήγησις</strong></span> <span class='ocrx_word' id='word_1_490' title='bbox 2970 2948 3049 3009; x_wconf 76' lang='grc' dir='ltr'><strong>εἰς</strong></span> <span class='ocrx_word' id='word_1_491' title='bbox 3094 2947 3219 3010; x_wconf 77' lang='grc' dir='ltr'>τοὺς</span> <span class='ocrx_word' id='word_1_492' title='bbox 3257 2947 3460 3016; x_wconf 74' lang='grc' dir='ltr'><strong>ν’ψαλο</strong></span> 
     </span>
    </p>
   </div>
   <div class='ocr_carea' id='block_1_74' title="bbox 1883 3030 3461 3106">
    <p class='ocr_par' dir='ltr' id='par_1_74' title="bbox 1883 3030 3461 3106">
     <span class='ocr_line' id='line_1_74' title="bbox 1883 3030 3461 3106; baseline 0.005 -24"><span class='ocrx_word' id='word_1_493' title='bbox 1883 3033 2015 3100; x_wconf 78' lang='grc' dir='ltr'>μοὺς</span> <span class='ocrx_word' id='word_1_494' title='bbox 2044 3030 2135 3083; x_wconf 61' lang='lat' dir='ltr'><strong>eo?)</strong></span> <span class='ocrx_word' id='word_1_495' title='bbox 2165 3031 2341 3094; x_wconf 72' lang='grc' dir='ltr'><strong>Δαυῒδ,</strong></span> <span class='ocrx_word' id='word_1_496' title='bbox 2382 3033 2506 3096; x_wconf 75' lang='grc' dir='ltr'><strong>τοὺς</strong></span> <span class='ocrx_word' id='word_1_497' title='bbox 2524 3033 2631 3086; x_wconf 83' lang='grc' dir='ltr'>ἀπὸ</span> <span class='ocrx_word' id='word_1_498' title='bbox 2669 3040 2747 3086; x_wconf 74' lang='lat' dir='ltr'><strong>va&#39;</strong></span> <span class='ocrx_word' id='word_1_499' title='bbox 2784 3037 2889 3098; x_wconf 72' lang='grc' dir='ltr'><strong>ἕως</strong></span> <span class='ocrx_word' id='word_1_500' title='bbox 2921 3042 2986 3106; x_wconf 83' lang='grc' dir='ltr'><strong>ρ’,</strong></span> <span class='ocrx_word' id='word_1_501' title='bbox 3021 3037 3072 3090; x_wconf 92' lang='lat' dir='ltr'><strong>id</strong></span> <span class='ocrx_word' id='word_1_502' title='bbox 3096 3046 3202 3101; x_wconf 87' lang='lat' dir='ltr'><strong>est,</strong></span> <span class='ocrx_word' id='word_1_503' title='bbox 3246 3036 3461 3091; x_wconf 80' lang='lat' dir='ltr'><strong>Eusebii</strong></span> 
     </span>
    </p>
   </div>
   <div class='ocr_carea' id='block_1_75' title="bbox 1881 3121 3459 3198">
    <p class='ocr_par' dir='ltr' id='par_1_75' title="bbox 1881 3121 3459 3198">
     <span class='ocr_line' id='line_1_75' title="bbox 1881 3121 3459 3198; baseline 0.004 -22"><span class='ocrx_word' id='word_1_504' title='bbox 1881 3121 2150 3192; x_wconf 77' lang='lat' dir='ltr'><strong>Pamphili</strong></span> <span class='ocrx_word' id='word_1_505' title='bbox 2177 3122 2367 3176; x_wconf 76' lang='lat' dir='ltr'><strong>Ariani</strong></span> <span class='ocrx_word' id='word_1_506' title='bbox 2398 3127 2658 3193; x_wconf 79' lang='lat' dir='ltr'><strong>expositio</strong></span> <span class='ocrx_word' id='word_1_507' title='bbox 2709 3127 2762 3179; x_wconf 88' lang='lat' dir='ltr'><strong>in</strong></span> <span class='ocrx_word' id='word_1_508' title='bbox 2815 3129 3199 3198; x_wconf 82' lang='lat' dir='ltr'><strong>quinquaginta</strong></span> <span class='ocrx_word' id='word_1_509' title='bbox 3226 3128 3459 3196; x_wconf 82' lang='lat' dir='ltr'><strong>psalmos</strong></span> 
     </span>
    </p>
   </div>
   <div class='ocr_carea' id='block_1_76' title="bbox 1807 3209 3456 3285">
    <p class='ocr_par' dir='ltr' id='par_1_76' title="bbox 1807 3209 3456 3285">
     <span class='ocr_line' id='line_1_76' title="bbox 1807 3209 3456 3285; baseline 0.006 -19"><span class='ocrx_word' id='word_1_510' title='bbox 1807 3215 1849 3271; x_wconf 86' lang='lat' dir='ltr'><strong><em>C</em></strong></span> <span class='ocrx_word' id='word_1_511' title='bbox 1883 3209 2126 3276; x_wconf 82' lang='lat' dir='ltr'><strong>Davidis,</strong></span> <span class='ocrx_word' id='word_1_512' title='bbox 2185 3229 2219 3265; x_wconf 90' lang='lat' dir='ltr'><strong>a</strong></span> <span class='ocrx_word' id='word_1_513' title='bbox 2269 3214 2700 3285; x_wconf 82' lang='lat' dir='ltr'><strong>quinquagesimo</strong></span> <span class='ocrx_word' id='word_1_514' title='bbox 2756 3219 2926 3285; x_wconf 82' lang='lat' dir='ltr'><strong>primo</strong></span> <span class='ocrx_word' id='word_1_515' title='bbox 2967 3217 3036 3270; x_wconf 86' lang='lat' dir='ltr'><strong>ad</strong></span> <span class='ocrx_word' id='word_1_516' title='bbox 3096 3221 3456 3276; x_wconf 84' lang='lat' dir='ltr'><strong>centesimum.</strong></span> 
     </span>
    </p>
   </div>
   <div class='ocr_carea' id='block_1_77' title="bbox 1882 3302 3460 3375">
    <p class='ocr_par' dir='ltr' id='par_1_77' title="bbox 1882 3302 3460 3375">
     <span class='ocr_line' id='line_1_77' title="bbox 1882 3302 3460 3375; baseline 0.007 -18"><span class='ocrx_word' id='word_1_517' title='bbox 1882 3302 2017 3358; x_wconf 76' lang='lat' dir='ltr'><strong>Nam</strong></span> <span class='ocrx_word' id='word_1_518' title='bbox 2070 3304 2316 3374; x_wconf 86' lang='lat' dir='ltr'><strong>plerique</strong></span> <span class='ocrx_word' id='word_1_519' title='bbox 2342 3320 2532 3362; x_wconf 89' lang='lat' dir='ltr'><strong>omnes</strong></span> <span class='ocrx_word' id='word_1_520' title='bbox 2573 3305 2748 3362; x_wconf 60' lang='grc' dir='ltr'><em>ϐαρεῖ</em></span> <span class='ocrx_word' id='word_1_521' title='bbox 2791 3308 3110 3375; x_wconf 87' lang='lat' dir='ltr'><strong>Eusebium,</strong></span> <span class='ocrx_word' id='word_1_522' title='bbox 3143 3327 3242 3367; x_wconf 89' lang='lat' dir='ltr'><strong>nec</strong></span> <span class='ocrx_word' id='word_1_523' title='bbox 3271 3314 3460 3368; x_wconf 85' lang='lat' dir='ltr'><strong>imme-</strong></span> 
     </span>
    </p>
   </div>
   <div class='ocr_carea' id='block_1_78' title="bbox 1883 3396 3458 3468">
    <p class='ocr_par' dir='ltr' id='par_1_78' title="bbox 1883 3396 3458 3468">
     <span class='ocr_line' id='line_1_78' title="bbox 1883 3396 3458 3468; baseline 0.006 -19"><span class='ocrx_word' id='word_1_524' title='bbox 1883 3404 2116 3459; x_wconf 88' lang='lat' dir='ltr'><strong>rentem,</strong></span> <span class='ocrx_word' id='word_1_525' title='bbox 2139 3411 2236 3466; x_wconf 90' lang='lat' dir='ltr'><strong>pro</strong></span> <span class='ocrx_word' id='word_1_526' title='bbox 2257 3396 2460 3452; x_wconf 79' lang='lat' dir='ltr'><strong>Ariano</strong></span> <span class='ocrx_word' id='word_1_527' title='bbox 2485 3399 2686 3468; x_wconf 88' lang='lat' dir='ltr'><strong>passim</strong></span> <span class='ocrx_word' id='word_1_528' title='bbox 2715 3399 3041 3456; x_wconf 89' lang='lat' dir='ltr'><strong>habuerunt.</strong></span> <span class='ocrx_word' id='word_1_529' title='bbox 3064 3402 3247 3458; x_wconf 87' lang='lat' dir='ltr'><strong>Codex</strong></span> <span class='ocrx_word' id='word_1_530' title='bbox 3279 3413 3458 3459; x_wconf 89' lang='lat' dir='ltr'><strong>autem</strong></span> 
     </span>
    </p>
   </div>
   <div class='ocr_carea' id='block_1_79' title="bbox 1883 3487 3458 3563">
    <p class='ocr_par' dir='ltr' id='par_1_79' title="bbox 1883 3487 3458 3563">
     <span class='ocr_line' id='line_1_79' title="bbox 1883 3487 3458 3563; baseline 0.006 -22"><span class='ocrx_word' id='word_1_531' title='bbox 1883 3487 1972 3543; x_wconf 89' lang='lat' dir='ltr'><strong>ille</strong></span> <span class='ocrx_word' id='word_1_532' title='bbox 2001 3495 2308 3558; x_wconf 88' lang='lat' dir='ltr'><strong>temporum</strong></span> <span class='ocrx_word' id='word_1_533' title='bbox 2361 3490 2563 3558; x_wconf 83' lang='lat' dir='ltr'><strong>injuria</strong></span> <span class='ocrx_word' id='word_1_534' title='bbox 2617 3492 2908 3560; x_wconf 86' lang='lat' dir='ltr'><strong>postremis</strong></span> <span class='ocrx_word' id='word_1_535' title='bbox 2950 3493 3194 3563; x_wconf 82' lang='lat' dir='ltr'><strong>quinque</strong></span> <span class='ocrx_word' id='word_1_536' title='bbox 3233 3495 3458 3563; x_wconf 89' lang='lat' dir='ltr'><strong>psalmis</strong></span> 
     </span>
    </p>
   </div>
   <div class='ocr_carea' id='block_1_80' title="bbox 1883 3582 3458 3655">
    <p class='ocr_par' dir='ltr' id='par_1_80' title="bbox 1883 3582 3458 3655">
     <span class='ocr_line' id='line_1_80' title="bbox 1883 3582 3458 3655; baseline 0.006 -23"><span class='ocrx_word' id='word_1_537' title='bbox 1883 3582 2144 3634; x_wconf 90' lang='lat' dir='ltr'><strong>multatus</strong></span> <span class='ocrx_word' id='word_1_538' title='bbox 2203 3590 2320 3636; x_wconf 83' lang='lat' dir='ltr'><strong>est.</strong></span> <span class='ocrx_word' id='word_1_539' title='bbox 2364 3598 2486 3635; x_wconf 88' lang='lat' dir='ltr'><strong>nam</strong></span> <span class='ocrx_word' id='word_1_540' title='bbox 2529 3583 2584 3635; x_wconf 91' lang='lat' dir='ltr'><strong>in</strong></span> <span class='ocrx_word' id='word_1_541' title='bbox 2629 3585 3042 3655; x_wconf 80' lang='lat' dir='ltr'><strong>nonagesimum</strong></span> <span class='ocrx_word' id='word_1_542' title='bbox 3083 3586 3334 3655; x_wconf 86' lang='lat' dir='ltr'><strong>quintum</strong></span> <span class='ocrx_word' id='word_1_543' title='bbox 3364 3587 3458 3641; x_wconf 85' lang='lat' dir='ltr'><strong>de-</strong></span> 
     </span>
    </p>
   </div>
   <div class='ocr_carea' id='block_1_81' title="bbox 1880 3673 2033 3725">
    <p class='ocr_par' dir='ltr' id='par_1_81' title="bbox 1880 3673 2033 3725">
     <span class='ocr_line' id='line_1_81' title="bbox 1880 3673 2033 3725; baseline 0.007 -1"><span class='ocrx_word' id='word_1_544' title='bbox 1880 3673 2033 3725; x_wconf 80' lang='lat' dir='ltr'><strong>sinit.</strong></span> 
     </span>
    </p>
   </div>
   <div class='ocr_carea' id='block_1_82' title="bbox 2029 3799 3335 3878">
    <p class='ocr_par' dir='ltr' id='par_1_82' title="bbox 2029 3799 3335 3878">
     <span class='ocr_line' id='line_1_82' title="bbox 2029 3799 3335 3878; baseline 0.008 -23"><span class='ocrx_word' id='word_1_545' title='bbox 2029 3799 2112 3856; x_wconf 84' lang='lat' dir='ltr'><strong>Ill.</strong></span> <span class='ocrx_word' id='word_1_546' title='bbox 2153 3811 2227 3859; x_wconf 79' lang='lat' dir='ltr'><strong>De</strong></span> <span class='ocrx_word' id='word_1_547' title='bbox 2250 3803 2418 3859; x_wconf 87' lang='lat' dir='ltr'><strong>codice</strong></span> <span class='ocrx_word' id='word_1_548' title='bbox 2444 3807 2729 3862; x_wconf 85' lang='lat' dir='ltr'><strong>Colbertino</strong></span> <span class='ocrx_word' id='word_1_549' title='bbox 2755 3817 2807 3861; x_wconf 90' lang='lat' dir='ltr'><strong>et</strong></span> <span class='ocrx_word' id='word_1_550' title='bbox 2835 3813 2898 3862; x_wconf 89' lang='lat' dir='ltr'><strong>de</strong></span> <span class='ocrx_word' id='word_1_551' title='bbox 2932 3813 3121 3863; x_wconf 85' lang='lat' dir='ltr'><strong>catenis</strong></span> <span class='ocrx_word' id='word_1_552' title='bbox 3143 3806 3335 3878; x_wconf 73' lang='lat' dir='ltr'><strong>Regiis.</strong></span> 
     </span>
    </p>
   </div>
   <div class='ocr_carea' id='block_1_83' title="bbox 1949 3912 3452 3990">
    <p class='ocr_par' dir='ltr' id='par_1_83' title="bbox 1949 3912 3452 3990">
     <span class='ocr_line' id='line_1_83' title="bbox 1949 3912 3452 3990; baseline 0.007 -25"><span class='ocrx_word' id='word_1_553' title='bbox 1949 3912 2153 3968; x_wconf 59' lang='lat' dir='ltr'><strong>Cetera</strong></span> <span class='ocrx_word' id='word_1_554' title='bbox 2178 3932 2297 3984; x_wconf 82' lang='lat' dir='ltr'><strong>quae</strong></span> <span class='ocrx_word' id='word_1_555' title='bbox 2317 3916 2645 3974; x_wconf 83' lang='lat' dir='ltr'><strong>deficiebant</strong></span> <span class='ocrx_word' id='word_1_556' title='bbox 2673 3935 2739 3975; x_wconf 81' lang='lat' dir='ltr'><strong>ex</strong></span> <span class='ocrx_word' id='word_1_557' title='bbox 2764 3920 2952 3976; x_wconf 91' lang='lat' dir='ltr'><strong>codice</strong></span> <span class='ocrx_word' id='word_1_558' title='bbox 2976 3920 3296 3976; x_wconf 88' lang='lat' dir='ltr'><strong>Colbertino</strong></span> <span class='ocrx_word' id='word_1_559' title='bbox 3325 3919 3452 3990; x_wconf 68' lang='lat'><strong>646,</strong></span> 
     </span>
    </p>
   </div>
   <div class='ocr_carea' id='block_1_84' title="bbox 1879 4003 3451 4082">
    <p class='ocr_par' dir='ltr' id='par_1_84' title="bbox 1879 4003 3451 4082">
     <span class='ocr_line' id='line_1_84' title="bbox 1879 4003 3451 4082; baseline 0.006 -26"><span class='ocrx_word' id='word_1_560' title='bbox 1879 4003 2172 4060; x_wconf 91' lang='lat' dir='ltr'><strong>admodum</strong></span> <span class='ocrx_word' id='word_1_561' title='bbox 2203 4010 2405 4062; x_wconf 71' lang='lat' dir='ltr'><strong>recenti</strong></span> <span class='ocrx_word' id='word_1_562' title='bbox 2427 4017 2480 4063; x_wconf 91' lang='lat' dir='ltr'><strong>et</strong></span> <span class='ocrx_word' id='word_1_563' title='bbox 2501 4025 2566 4064; x_wconf 85' lang='lat' dir='ltr'><strong>ex</strong></span> <span class='ocrx_word' id='word_1_564' title='bbox 2589 4013 2798 4065; x_wconf 91' lang='lat' dir='ltr'><strong>catenis</strong></span> <span class='ocrx_word' id='word_1_565' title='bbox 2830 4011 3016 4082; x_wconf 73' lang='lat' dir='ltr'><strong>Regiis</strong></span> <span class='ocrx_word' id='word_1_566' title='bbox 3050 4011 3190 4067; x_wconf 76' lang='grc'><strong>1807</strong></span> <span class='ocrx_word' id='word_1_567' title='bbox 3211 4021 3264 4069; x_wconf 89' lang='lat' dir='ltr'><strong>et</strong></span> <span class='ocrx_word' id='word_1_568' title='bbox 3293 4014 3451 4080; x_wconf 72' lang='lat'><strong>1878,</strong></span> 
     </span>
    </p>
   </div>
   <div class='ocr_carea' id='block_1_85' title="bbox 1880 4096 3453 4170">
    <p class='ocr_par' dir='ltr' id='par_1_85' title="bbox 1880 4096 3453 4170">
     <span class='ocr_line' id='line_1_85' title="bbox 1880 4096 3453 4170; baseline 0.006 -22"><span class='ocrx_word' id='word_1_569' title='bbox 1880 4097 2137 4149; x_wconf 87' lang='lat' dir='ltr'><strong>nonnulla</strong></span> <span class='ocrx_word' id='word_1_570' title='bbox 2183 4096 2310 4151; x_wconf 88' lang='lat' dir='ltr'><strong>item</strong></span> <span class='ocrx_word' id='word_1_571' title='bbox 2353 4113 2420 4153; x_wconf 75' lang='lat' dir='ltr'><strong>ex</strong></span> <span class='ocrx_word' id='word_1_572' title='bbox 2451 4109 2642 4154; x_wconf 87' lang='lat' dir='ltr'><strong>catena</strong></span> <span class='ocrx_word' id='word_1_573' title='bbox 2675 4099 2944 4164; x_wconf 86' lang='lat' dir='ltr'><strong>Corderii,</strong></span> <span class='ocrx_word' id='word_1_574' title='bbox 2969 4102 3199 4156; x_wconf 86' lang='lat' dir='ltr'><strong>mutuati</strong></span> <span class='ocrx_word' id='word_1_575' title='bbox 3228 4117 3453 4170; x_wconf 85' lang='lat' dir='ltr'><strong>sumus;</strong></span> 
     </span>
    </p>
   </div>
   <div class='ocr_carea' id='block_1_86' title="bbox 1879 4189 3451 4260">
    <p class='ocr_par' dir='ltr' id='par_1_86' title="bbox 1879 4189 3451 4260">
     <span class='ocr_line' id='line_1_86' title="bbox 1879 4189 3451 4260; baseline 0.006 -20"><span class='ocrx_word' id='word_1_576' title='bbox 1879 4195 2007 4240; x_wconf 87' lang='lat' dir='ltr'><strong>sunt</strong></span> <span class='ocrx_word' id='word_1_577' title='bbox 2045 4193 2224 4240; x_wconf 86' lang='lat' dir='ltr'><strong>autem</strong></span> <span class='ocrx_word' id='word_1_578' title='bbox 2259 4197 2464 4242; x_wconf 77' lang='lat' dir='ltr'><strong>catena:</strong></span> <span class='ocrx_word' id='word_1_579' title='bbox 2491 4189 2595 4243; x_wconf 69' lang='lat' dir='ltr'><strong>illa:</strong></span> <span class='ocrx_word' id='word_1_580' title='bbox 2624 4206 2754 4245; x_wconf 87' lang='lat' dir='ltr'><strong>mss.</strong></span> <span class='ocrx_word' id='word_1_581' title='bbox 2786 4192 3003 4260; x_wconf 73' lang='lat' dir='ltr'><strong>optimae</strong></span> <span class='ocrx_word' id='word_1_582' title='bbox 3043 4195 3185 4245; x_wconf 65' lang='lat' dir='ltr'><strong>notae</strong></span> <span class='ocrx_word' id='word_1_583' title='bbox 3208 4202 3260 4245; x_wconf 87' lang='lat' dir='ltr'><strong>et</strong></span> <span class='ocrx_word' id='word_1_584' title='bbox 3287 4209 3318 4247; x_wconf 87' lang='lat' dir='ltr'><strong>x</strong></span> <span class='ocrx_word' id='word_1_585' title='bbox 3347 4208 3451 4248; x_wconf 72' lang='lat' dir='ltr'><strong>sa:-</strong></span> 
     </span>
    </p>
   </div>
   <div class='ocr_carea' id='block_1_87' title="bbox 1879 4276 3451 4352">
    <p class='ocr_par' dir='ltr' id='par_1_87' title="bbox 1879 4276 3451 4352">
     <span class='ocr_line' id='line_1_87' title="bbox 1879 4276 3451 4352; baseline 0.006 -22"><span class='ocrx_word' id='word_1_586' title='bbox 1879 4277 2011 4334; x_wconf 86' lang='lat' dir='ltr'><strong>culi.</strong></span> <span class='ocrx_word' id='word_1_587' title='bbox 2046 4276 2233 4348; x_wconf 81' lang='lat' dir='ltr'><strong>Neque</strong></span> <span class='ocrx_word' id='word_1_588' title='bbox 2258 4287 2438 4333; x_wconf 87' lang='lat' dir='ltr'><strong>tamen</strong></span> <span class='ocrx_word' id='word_1_589' title='bbox 2490 4279 2542 4333; x_wconf 92' lang='lat' dir='ltr'><strong>id</strong></span> <span class='ocrx_word' id='word_1_590' title='bbox 2576 4283 2836 4351; x_wconf 87' lang='lat' dir='ltr'><strong>consequi</strong></span> <span class='ocrx_word' id='word_1_591' title='bbox 2887 4281 3162 4352; x_wconf 70' lang='lat' dir='ltr'><strong>potuimus</strong></span> <span class='ocrx_word' id='word_1_592' title='bbox 3186 4291 3245 4338; x_wconf 90' lang='lat' dir='ltr'><strong>ut</strong></span> <span class='ocrx_word' id='word_1_593' title='bbox 3277 4292 3451 4339; x_wconf 88' lang='lat' dir='ltr'><strong>totum</strong></span> 
     </span>
    </p>
   </div>
   <div class='ocr_carea' id='block_1_88' title="bbox 1877 4367 3453 4443">
    <p class='ocr_par' dir='ltr' id='par_1_88' title="bbox 1877 4367 3453 4443">
     <span class='ocr_line' id='line_1_88' title="bbox 1877 4367 3453 4443; baseline 0.004 -21"><span class='ocrx_word' id='word_1_594' title='bbox 1877 4371 2332 4424; x_wconf 84' lang='lat' dir='ltr'><strong>commentarium</strong></span> <span class='ocrx_word' id='word_1_595' title='bbox 2364 4367 2431 4422; x_wconf 91' lang='lat' dir='ltr'><strong>ad</strong></span> <span class='ocrx_word' id='word_1_596' title='bbox 2478 4373 2728 4426; x_wconf 85' lang='lat' dir='ltr'><strong>ultimum</strong></span> <span class='ocrx_word' id='word_1_597' title='bbox 2771 4389 2944 4443; x_wconf 87' lang='lat' dir='ltr'><strong>usque</strong></span> <span class='ocrx_word' id='word_1_598' title='bbox 2971 4375 3241 4442; x_wconf 82' lang='lat' dir='ltr'><strong>psalmum</strong></span> <span class='ocrx_word' id='word_1_599' title='bbox 3279 4376 3334 4428; x_wconf 90' lang='lat' dir='ltr'><strong>in</strong></span> <span class='ocrx_word' id='word_1_600' title='bbox 3370 4376 3453 4428; x_wconf 89' lang='lat' dir='ltr'><strong>lu-</strong></span> 
     </span>
    </p>
   </div>
   <div class='ocr_carea' id='block_1_89' title="bbox 1878 4460 3452 4536">
    <p class='ocr_par' dir='ltr' id='par_1_89' title="bbox 1878 4460 3452 4536">
     <span class='ocr_line' id='line_1_89' title="bbox 1878 4460 3452 4536; baseline 0.006 -25"><span class='ocrx_word' id='word_1_601' title='bbox 1878 4473 1995 4512; x_wconf 88' lang='lat' dir='ltr'><strong>cem</strong></span> <span class='ocrx_word' id='word_1_602' title='bbox 2026 4461 2271 4528; x_wconf 62' lang='lat' dir='ltr'><strong>proi‘erre</strong></span> <span class='ocrx_word' id='word_1_603' title='bbox 2301 4460 2530 4536; x_wconf 83' lang='lat' dir='ltr'><strong>liceret:</strong></span> <span class='ocrx_word' id='word_1_604' title='bbox 2563 4464 2616 4516; x_wconf 92' lang='lat' dir='ltr'><strong>in</strong></span> <span class='ocrx_word' id='word_1_605' title='bbox 2650 4463 2798 4517; x_wconf 91' lang='lat' dir='ltr'><strong>nullo</strong></span> <span class='ocrx_word' id='word_1_606' title='bbox 2839 4466 2982 4518; x_wconf 90' lang='lat' dir='ltr'><strong>enim</strong></span> <span class='ocrx_word' id='word_1_607' title='bbox 3035 4479 3101 4519; x_wconf 80' lang='lat' dir='ltr'><strong>ex</strong></span> <span class='ocrx_word' id='word_1_608' title='bbox 3136 4469 3452 4521; x_wconf 84' lang='lat' dir='ltr'><strong>memoratis</strong></span> 
     </span>
    </p>
   </div>
   <div class='ocr_carea' id='block_1_90' title="bbox 1879 4549 3449 4615">
    <p class='ocr_par' dir='ltr' id='par_1_90' title="bbox 1879 4549 3449 4615">
     <span class='ocr_line' id='line_1_90' title="bbox 1879 4549 3449 4615; baseline 0.006 -11"><span class='ocrx_word' id='word_1_609' title='bbox 1879 4549 2165 4606; x_wconf 88' lang='lat' dir='ltr'><strong>codicibus</strong></span> <span class='ocrx_word' id='word_1_610' title='bbox 2222 4552 2365 4606; x_wconf 89' lang='lat' dir='ltr'><strong>ultra</strong></span> <span class='ocrx_word' id='word_1_611' title='bbox 2428 4557 2787 4609; x_wconf 85' lang='lat' dir='ltr'><strong>centesimum</strong></span> <span class='ocrx_word' id='word_1_612' title='bbox 2856 4557 3125 4611; x_wconf 89' lang='lat' dir='ltr'><strong>decimum</strong></span> <span class='ocrx_word' id='word_1_613' title='bbox 3197 4568 3449 4615; x_wconf 85' lang='lat' dir='ltr'><strong>octavum</strong></span> 
     </span>
    </p>
   </div>
   <div class='ocr_carea' id='block_1_91' title="bbox 209 4619 3450 4718">
    <p class='ocr_par' dir='ltr' id='par_1_91' title="bbox 209 4619 3450 4718">
     <span class='ocr_line' id='line_1_91' title="bbox 209 4619 3450 4718; baseline 0.01 -48"><span class='ocrx_word' id='word_1_614' title='bbox 209 4619 412 4685; x_wconf 90' lang='lat' dir='ltr'><strong>quioris</strong></span> <span class='ocrx_word' id='word_1_615' title='bbox 462 4621 607 4680; x_wconf 88' lang='lat' dir='ltr'><strong>illius</strong></span> <span class='ocrx_word' id='word_1_616' title='bbox 653 4627 864 4694; x_wconf 85' lang='lat' dir='ltr'><strong>copiam</strong></span> <span class='ocrx_word' id='word_1_617' title='bbox 905 4627 1162 4684; x_wconf 78' lang='lat' dir='ltr'><strong>facerent.</strong></span> <span class='ocrx_word' id='word_1_618' title='bbox 1199 4631 1451 4699; x_wconf 84' lang='lat' dir='ltr'><strong>Mittitur,</strong></span> <span class='ocrx_word' id='word_1_619' title='bbox 1481 4637 1692 4700; x_wconf 81' lang='lat' dir='ltr'><strong>evolvo,</strong></span> <span class='ocrx_word' id='word_1_620' title='bbox 1725 4648 1776 4692; x_wconf 89' lang='lat' dir='ltr'><strong>et</strong></span> <span class='ocrx_word' id='word_1_621' title='bbox 1809 4641 1853 4697; x_wconf 89' lang='lat' dir='ltr'>D</span> <span class='ocrx_word' id='word_1_622' title='bbox 1881 4639 2174 4709; x_wconf 87' lang='lat' dir='ltr'><strong>psalmum,</strong></span> <span class='ocrx_word' id='word_1_623' title='bbox 2206 4642 2484 4712; x_wconf 80' lang='lat' dir='ltr'><strong>quidpiam</strong></span> <span class='ocrx_word' id='word_1_624' title='bbox 2515 4645 2738 4700; x_wconf 83' lang='lat' dir='ltr'><strong>oﬁ&#39;ertur</strong></span> <span class='ocrx_word' id='word_1_625' title='bbox 2773 4646 2866 4716; x_wconf 76' lang='grc' dir='ltr'><strong>(τι).</strong></span> <span class='ocrx_word' id='word_1_626' title='bbox 2900 4645 3164 4717; x_wconf 87' lang='lat' dir='ltr'><strong>Quodque</strong></span> <span class='ocrx_word' id='word_1_627' title='bbox 3194 4665 3291 4718; x_wconf 89' lang='lat' dir='ltr'><strong>per</strong></span> <span class='ocrx_word' id='word_1_628' title='bbox 3318 4645 3450 4704; x_wconf 84' lang='lat' dir='ltr'><strong>mihi</strong></span> 
     </span>
    </p>
   </div>
   <div class='ocr_carea' id='block_1_92' title="bbox 211 4713 1770 4790">
    <p class='ocr_par' dir='ltr' id='par_1_92' title="bbox 211 4713 1770 4790">
     <span class='ocr_line' id='line_1_92' title="bbox 211 4713 1770 4790; baseline 0.015 -27"><span class='ocrx_word' id='word_1_629' title='bbox 211 4713 388 4767; x_wconf 80' lang='lat' dir='ltr'><strong>statim</strong></span> <span class='ocrx_word' id='word_1_630' title='bbox 421 4713 605 4768; x_wconf 89' lang='lat' dir='ltr'><strong>fucum</strong></span> <span class='ocrx_word' id='word_1_631' title='bbox 624 4716 840 4772; x_wconf 84' lang='lat' dir='ltr'><strong>olfacio.</strong></span> <span class='ocrx_word' id='word_1_632' title='bbox 870 4718 1006 4786; x_wconf 85' lang='lat' dir='ltr'><strong>Quia</strong></span> <span class='ocrx_word' id='word_1_633' title='bbox 1036 4726 1181 4778; x_wconf 89' lang='lat' dir='ltr'><strong>enim</strong></span> <span class='ocrx_word' id='word_1_634' title='bbox 1217 4724 1303 4780; x_wconf 86' lang='lat' dir='ltr'><strong>his</strong></span> <span class='ocrx_word' id='word_1_635' title='bbox 1337 4729 1770 4790; x_wconf 89' lang='lat' dir='ltr'><strong>commentariis.</strong></span> 
     </span>
    </p>
   </div>
   <div class='ocr_carea' id='block_1_93' title="bbox 210 4805 1770 4882">
    <p class='ocr_par' dir='ltr' id='par_1_93' title="bbox 210 4805 1770 4882">
     <span class='ocr_line' id='line_1_93' title="bbox 210 4805 1770 4882; baseline 0.013 -28"><span class='ocrx_word' id='word_1_636' title='bbox 210 4813 273 4854; x_wconf 83' lang='lat' dir='ltr'><strong>ex</strong></span> <span class='ocrx_word' id='word_1_637' title='bbox 303 4805 575 4858; x_wconf 74' lang='lat' dir='ltr'><strong>variorum</strong></span> <span class='ocrx_word' id='word_1_638' title='bbox 613 4807 1152 4877; x_wconf 84' lang='lat' dir='ltr'><strong>interpretationibus</strong></span> <span class='ocrx_word' id='word_1_639' title='bbox 1195 4819 1615 4882; x_wconf 89' lang='lat' dir='ltr'><strong>consarcinatis,</strong></span> <span class='ocrx_word' id='word_1_640' title='bbox 1655 4822 1770 4874; x_wconf 87' lang='lat' dir='ltr'><strong>vul-</strong></span> 
     </span>
    </p>
   </div>
   <div class='ocr_carea' id='block_1_94' title="bbox 211 4895 1769 4976">
    <p class='ocr_par' dir='ltr' id='par_1_94' title="bbox 211 4895 1769 4976">
     <span class='ocr_line' id='line_1_94' title="bbox 211 4895 1769 4976; baseline 0.015 -33"><span class='ocrx_word' id='word_1_641' title='bbox 211 4895 312 4958; x_wconf 75' lang='lat' dir='ltr'><strong>gati</strong></span> <span class='ocrx_word' id='word_1_642' title='bbox 341 4897 413 4950; x_wconf 91' lang='lat' dir='ltr'><strong>illi</strong></span> <span class='ocrx_word' id='word_1_643' title='bbox 441 4897 661 4953; x_wconf 79' lang='lat' dir='ltr'><strong>Eusebii</strong></span> <span class='ocrx_word' id='word_1_644' title='bbox 689 4915 928 4957; x_wconf 84' lang='lat' dir='ltr'><strong>canones</strong></span> <span class='ocrx_word' id='word_1_645' title='bbox 949 4914 1106 4959; x_wconf 90' lang='lat' dir='ltr'><strong>erant</strong></span> <span class='ocrx_word' id='word_1_646' title='bbox 1130 4909 1356 4976; x_wconf 67' lang='lat' dir='ltr'><strong>praefixi,</strong></span> <span class='ocrx_word' id='word_1_647' title='bbox 1387 4910 1512 4965; x_wconf 87' lang='lat' dir='ltr'><strong>hinc</strong></span> <span class='ocrx_word' id='word_1_648' title='bbox 1533 4913 1769 4968; x_wconf 86' lang='lat' dir='ltr'><strong>Eusebio</strong></span> 
     </span>
    </p>
   </div>
   <div class='ocr_carea' id='block_1_95' title="bbox 211 4990 1766 5070">
    <p class='ocr_par' dir='ltr' id='par_1_95' title="bbox 211 4990 1766 5070">
     <span class='ocr_line' id='line_1_95' title="bbox 211 4990 1766 5070; baseline 0.015 -36"><span class='ocrx_word' id='word_1_649' title='bbox 211 4992 372 5040; x_wconf 89' lang='lat' dir='ltr'><strong>totum</strong></span> <span class='ocrx_word' id='word_1_650' title='bbox 423 4990 732 5058; x_wconf 79' lang='lat' dir='ltr'><strong>ascriptum</strong></span> <span class='ocrx_word' id='word_1_651' title='bbox 783 4991 982 5049; x_wconf 86' lang='lat' dir='ltr'><strong>fuerat.</strong></span> <span class='ocrx_word' id='word_1_652' title='bbox 1034 4995 1160 5050; x_wconf 85' lang='lat' dir='ltr'><strong>Pari</strong></span> <span class='ocrx_word' id='word_1_653' title='bbox 1210 4999 1377 5070; x_wconf 74' lang='lat' dir='ltr'><strong>igitur</strong></span> <span class='ocrx_word' id='word_1_654' title='bbox 1420 5018 1506 5058; x_wconf 92' lang='lat' dir='ltr'><strong>me</strong></span> <span class='ocrx_word' id='word_1_655' title='bbox 1549 5005 1766 5058; x_wconf 88' lang='lat' dir='ltr'><strong>fortuna</strong></span> 
     </span>
    </p>
   </div>
   <div class='ocr_carea' id='block_1_96' title="bbox 211 5081 1767 5164">
    <p class='ocr_par' dir='ltr' id='par_1_96' title="bbox 211 5081 1767 5164">
     <span class='ocr_line' id='line_1_96' title="bbox 211 5081 1767 5164; baseline 0.015 -36"><span class='ocrx_word' id='word_1_656' title='bbox 211 5089 426 5133; x_wconf 81' lang='lat' dir='ltr'><strong>usurum</strong></span> <span class='ocrx_word' id='word_1_657' title='bbox 452 5081 503 5135; x_wconf 89' lang='lat' dir='ltr'><strong>in</strong></span> <span class='ocrx_word' id='word_1_658' title='bbox 538 5081 736 5137; x_wconf 82' lang='lat' dir='ltr'><strong>codice</strong></span> <span class='ocrx_word' id='word_1_659' title='bbox 765 5084 892 5148; x_wconf 90' lang='lat' dir='ltr'><strong>alio,</strong></span> <span class='ocrx_word' id='word_1_660' title='bbox 926 5103 1085 5157; x_wconf 91' lang='lat' dir='ltr'><strong>quem</strong></span> <span class='ocrx_word' id='word_1_661' title='bbox 1115 5093 1476 5149; x_wconf 88' lang='lat' dir='ltr'><strong>recentiorem</strong></span> <span class='ocrx_word' id='word_1_662' title='bbox 1502 5095 1767 5164; x_wconf 73' lang='lat' dir='ltr'><strong>przcdica-</strong></span> 
     </span>
    </p>
   </div>
   <div class='ocr_carea' id='block_1_97' title="bbox 213 5164 1764 5258">
    <p class='ocr_par' dir='ltr' id='par_1_97' title="bbox 213 5164 1764 5258">
     <span class='ocr_line' id='line_1_97' title="bbox 213 5164 1764 5258; baseline 0.016 -41"><span class='ocrx_word' id='word_1_663' title='bbox 213 5164 352 5231; x_wconf 84' lang='lat' dir='ltr'><strong>bant,</strong></span> <span class='ocrx_word' id='word_1_664' title='bbox 381 5179 553 5236; x_wconf 88' lang='lat' dir='ltr'><strong>ratus,</strong></span> <span class='ocrx_word' id='word_1_665' title='bbox 582 5173 876 5228; x_wconf 85' lang='lat' dir='ltr'><strong>consilium</strong></span> <span class='ocrx_word' id='word_1_666' title='bbox 917 5177 1186 5234; x_wconf 87' lang='lat' dir='ltr'><strong>intermisi</strong></span> <span class='ocrx_word' id='word_1_667' title='bbox 1225 5200 1238 5236; x_wconf 93' lang='lat'>:</span> <span class='ocrx_word' id='word_1_668' title='bbox 1297 5197 1362 5238; x_wconf 88' lang='lat' dir='ltr'><strong>ac</strong></span> <span class='ocrx_word' id='word_1_669' title='bbox 1396 5193 1455 5237; x_wconf 88' lang='lat' dir='ltr'><strong>ut</strong></span> <span class='ocrx_word' id='word_1_670' title='bbox 1501 5187 1764 5258; x_wconf 87' lang='lat' dir='ltr'><strong>principia</strong></span> 
     </span>
    </p>
   </div>
   <div class='ocr_carea' id='block_1_98' title="bbox 211 5260 1766 5335">
    <p class='ocr_par' dir='ltr' id='par_1_98' title="bbox 211 5260 1766 5335">
     <span class='ocr_line' id='line_1_98' title="bbox 211 5260 1766 5335; baseline 0.016 -26"><span class='ocrx_word' id='word_1_671' title='bbox 211 5271 322 5312; x_wconf 85' lang='lat' dir='ltr'><strong>sese</strong></span> <span class='ocrx_word' id='word_1_672' title='bbox 349 5260 570 5329; x_wconf 90' lang='lat' dir='ltr'><strong>dabant,</strong></span> <span class='ocrx_word' id='word_1_673' title='bbox 608 5267 675 5322; x_wconf 91' lang='lat' dir='ltr'><strong>de</strong></span> <span class='ocrx_word' id='word_1_674' title='bbox 704 5269 1057 5324; x_wconf 85' lang='lat' dir='ltr'><strong>restituendis</strong></span> <span class='ocrx_word' id='word_1_675' title='bbox 1090 5271 1308 5329; x_wconf 82' lang='lat' dir='ltr'><strong>Eusebii</strong></span> <span class='ocrx_word' id='word_1_676' title='bbox 1355 5280 1766 5335; x_wconf 88' lang='lat' dir='ltr'><strong>commentariis</strong></span> 
     </span>
    </p>
   </div>
   <div class='ocr_carea' id='block_1_99' title="bbox 212 5353 1760 5425">
    <p class='ocr_par' dir='ltr' id='par_1_99' title="bbox 212 5353 1760 5425">
     <span class='ocr_line' id='line_1_99' title="bbox 212 5353 1760 5425; baseline 0.014 -24"><span class='ocrx_word' id='word_1_677' title='bbox 212 5361 366 5418; x_wconf 84' lang='lat' dir='ltr'><strong>prope</strong></span> <span class='ocrx_word' id='word_1_678' title='bbox 394 5353 799 5425; x_wconf 85' lang='lat' dir='ltr'><strong>despondebam</strong></span> <span class='ocrx_word' id='word_1_679' title='bbox 835 5362 1094 5417; x_wconf 90' lang='lat' dir='ltr'><strong>animum.</strong></span> <span class='ocrx_word' id='word_1_680' title='bbox 1131 5363 1244 5419; x_wconf 90' lang='lat' dir='ltr'><strong>Sub</strong></span> <span class='ocrx_word' id='word_1_681' title='bbox 1267 5367 1380 5420; x_wconf 65' lang='lat' dir='ltr'><strong>haec</strong></span> <span class='ocrx_word' id='word_1_682' title='bbox 1411 5383 1536 5422; x_wconf 88' lang='lat' dir='ltr'><strong>eum</strong></span> <span class='ocrx_word' id='word_1_683' title='bbox 1580 5371 1664 5424; x_wconf 81' lang='lat' dir='ltr'><strong>vir</strong></span> <span class='ocrx_word' id='word_1_684' title='bbox 1695 5373 1760 5425; x_wconf 91' lang='lat' dir='ltr'><strong>cl.</strong></span> 
     </span>
    </p>
   </div>
   <div class='ocr_carea' id='block_1_100' title="bbox 214 5435 1762 5526">
    <p class='ocr_par' dir='ltr' id='par_1_100' title="bbox 214 5435 1762 5526">
     <span class='ocr_line' id='line_1_100' title="bbox 214 5435 1762 5526; baseline 0.019 -39"><span class='ocrx_word' id='word_1_685' title='bbox 214 5435 498 5507; x_wconf 77' lang='lat' dir='ltr'><strong>Boivinius,</strong></span> <span class='ocrx_word' id='word_1_686' title='bbox 521 5446 716 5526; x_wconf 22' lang='lat' dir='ltr'><strong>Graece.</strong></span> <span class='ocrx_word' id='word_1_687' title='bbox 759 5451 1149 5520; x_wconf 85' lang='lat' dir='ltr'><strong>peritissimus,</strong></span> <span class='ocrx_word' id='word_1_688' title='bbox 1187 5455 1323 5510; x_wconf 87' lang='lat' dir='ltr'><strong>istac</strong></span> <span class='ocrx_word' id='word_1_689' title='bbox 1357 5458 1581 5514; x_wconf 87' lang='lat' dir='ltr'><strong>haberet</strong></span> <span class='ocrx_word' id='word_1_690' title='bbox 1641 5463 1762 5524; x_wconf 90' lang='lat' dir='ltr'><strong>iter.</strong></span> 
     </span>
    </p>
   </div>
   <div class='ocr_carea' id='block_1_101' title="bbox 213 5537 1758 5623">
    <p class='ocr_par' dir='ltr' id='par_1_101' title="bbox 213 5537 1758 5623">
     <span class='ocr_line' id='line_1_101' title="bbox 213 5537 1758 5623; baseline 0.019 -44"><span class='ocrx_word' id='word_1_691' title='bbox 213 5537 530 5592; x_wconf 84' lang='lat' dir='ltr'><strong>renuntiavit</strong></span> <span class='ocrx_word' id='word_1_692' title='bbox 564 5556 674 5595; x_wconf 90' lang='lat' dir='ltr'><strong>non</strong></span> <span class='ocrx_word' id='word_1_693' title='bbox 718 5558 785 5598; x_wconf 91' lang='lat' dir='ltr'><strong>ex</strong></span> <span class='ocrx_word' id='word_1_694' title='bbox 839 5545 1010 5600; x_wconf 80' lang='lat' dir='ltr'><strong>variis</strong></span> <span class='ocrx_word' id='word_1_695' title='bbox 1054 5547 1438 5618; x_wconf 88' lang='lat' dir='ltr'><strong>scriptoribus.</strong></span> <span class='ocrx_word' id='word_1_696' title='bbox 1486 5568 1665 5623; x_wconf 89' lang='lat' dir='ltr'><strong>neque</strong></span> <span class='ocrx_word' id='word_1_697' title='bbox 1695 5571 1758 5608; x_wconf 86' lang='lat' dir='ltr'><strong>ex</strong></span> 
     </span>
    </p>
   </div>
   <div class='ocr_carea' id='block_1_102' title="bbox 209 5625 1765 5701">
    <p class='ocr_par' dir='ltr' id='par_1_102' title="bbox 209 5625 1765 5701">
     <span class='ocr_line' id='line_1_102' title="bbox 209 5625 1765 5701; baseline 0.018 -28"><span class='ocrx_word' id='word_1_698' title='bbox 209 5625 406 5681; x_wconf 84' lang='lat' dir='ltr'><strong>catenis</strong></span> <span class='ocrx_word' id='word_1_699' title='bbox 433 5631 741 5699; x_wconf 88' lang='lat' dir='ltr'><strong>collectum,</strong></span> <span class='ocrx_word' id='word_1_700' title='bbox 775 5636 867 5691; x_wconf 86' lang='lat' dir='ltr'><strong>sed</strong></span> <span class='ocrx_word' id='word_1_701' title='bbox 896 5651 1089 5691; x_wconf 84' lang='lat' dir='ltr'><strong>verum</strong></span> <span class='ocrx_word' id='word_1_702' title='bbox 1123 5643 1576 5698; x_wconf 85' lang='lat' dir='ltr'><strong>commentarium</strong></span> <span class='ocrx_word' id='word_1_703' title='bbox 1601 5646 1765 5701; x_wconf 86' lang='lat' dir='ltr'><strong>isthic</strong></span> 
     </span>
    </p>
   </div>
   <div class='ocr_carea' id='block_1_103' title="bbox 1883 4731 3450 4814">
    <p class='ocr_par' dir='ltr' id='par_1_103' title="bbox 1883 4731 3450 4814">
     <span class='ocr_line' id='line_1_103' title="bbox 1883 4731 3450 4814; baseline 0.01 -31"><span class='ocrx_word' id='word_1_704' title='bbox 1883 4731 2082 4784; x_wconf 89' lang='lat' dir='ltr'><strong>mirum</strong></span> <span class='ocrx_word' id='word_1_705' title='bbox 2105 4734 2280 4788; x_wconf 90' lang='lat' dir='ltr'><strong>visum</strong></span> <span class='ocrx_word' id='word_1_706' title='bbox 2308 4743 2410 4796; x_wconf 88' lang='lat' dir='ltr'><strong>est,</strong></span> <span class='ocrx_word' id='word_1_707' title='bbox 2445 4745 2653 4794; x_wconf 70' lang='lat' dir='ltr'><strong>catenae</strong></span> <span class='ocrx_word' id='word_1_708' title='bbox 2687 4739 2790 4794; x_wconf 77' lang='lat' dir='ltr'><strong>illa:</strong></span> <span class='ocrx_word' id='word_1_709' title='bbox 2815 4737 2994 4806; x_wconf 56' lang='lat' dir='ltr'><strong>Regia</strong></span> <span class='ocrx_word' id='word_1_710' title='bbox 3023 4756 3145 4810; x_wconf 67' lang='lat' dir='ltr'><strong>quae</strong></span> <span class='ocrx_word' id='word_1_711' title='bbox 3171 4758 3345 4814; x_wconf 89' lang='lat' dir='ltr'><strong>usque</strong></span> <span class='ocrx_word' id='word_1_712' title='bbox 3385 4745 3450 4799; x_wconf 90' lang='lat' dir='ltr'><strong>ad</strong></span> 
     </span>
    </p>
   </div>
   <div class='ocr_carea' id='block_1_104' title="bbox 1881 4823 3451 4907">
    <p class='ocr_par' dir='ltr' id='par_1_104' title="bbox 1881 4823 3451 4907">
     <span class='ocr_line' id='line_1_104' title="bbox 1881 4823 3451 4907; baseline 0.011 -32"><span class='ocrx_word' id='word_1_713' title='bbox 1881 4823 2240 4878; x_wconf 89' lang='lat' dir='ltr'><strong>centesimum</strong></span> <span class='ocrx_word' id='word_1_714' title='bbox 2271 4824 2542 4883; x_wconf 89' lang='lat' dir='ltr'><strong>decimum</strong></span> <span class='ocrx_word' id='word_1_715' title='bbox 2577 4841 2828 4884; x_wconf 82' lang='lat' dir='ltr'><strong>octavum</strong></span> <span class='ocrx_word' id='word_1_716' title='bbox 2868 4831 3136 4900; x_wconf 83' lang='lat' dir='ltr'><strong>psalmum</strong></span> <span class='ocrx_word' id='word_1_717' title='bbox 3179 4833 3451 4907; x_wconf 82' lang='lat' dir='ltr'><strong>interpre-</strong></span> 
     </span>
    </p>
   </div>
   <div class='ocr_carea' id='block_1_105' title="bbox 1886 4913 3452 4987">
    <p class='ocr_par' dir='ltr' id='par_1_105' title="bbox 1886 4913 3452 4987">
     <span class='ocr_line' id='line_1_105' title="bbox 1886 4913 3452 4987; baseline 0.008 -20"><span class='ocrx_word' id='word_1_718' title='bbox 1886 4913 2187 4968; x_wconf 87' lang='lat' dir='ltr'><strong>tationibus</strong></span> <span class='ocrx_word' id='word_1_719' title='bbox 2235 4914 2449 4973; x_wconf 84' lang='lat' dir='ltr'><strong>Eusebii</strong></span> <span class='ocrx_word' id='word_1_720' title='bbox 2499 4930 2747 4987; x_wconf 92' lang='lat' dir='ltr'><strong>utuntur,</strong></span> <span class='ocrx_word' id='word_1_721' title='bbox 2781 4925 2854 4974; x_wconf 89' lang='lat' dir='ltr'><strong>ita</strong></span> <span class='ocrx_word' id='word_1_722' title='bbox 2899 4931 2957 4975; x_wconf 88' lang='lat' dir='ltr'><strong>ut</strong></span> <span class='ocrx_word' id='word_1_723' title='bbox 2992 4923 3178 4979; x_wconf 89' lang='lat' dir='ltr'><strong>nullus</strong></span> <span class='ocrx_word' id='word_1_724' title='bbox 3208 4934 3452 4982; x_wconf 81' lang='lat' dir='ltr'><strong>veterum</strong></span> 
     </span>
    </p>
   </div>
   <div class='ocr_carea' id='block_1_106' title="bbox 1876 5010 3453 5082">
    <p class='ocr_par' dir='ltr' id='par_1_106' title="bbox 1876 5010 3453 5082">
     <span class='ocr_line' id='line_1_106' title="bbox 1876 5010 3453 5082; baseline 0.005 -18"><span class='ocrx_word' id='word_1_725' title='bbox 1876 5010 2234 5081; x_wconf 87' lang='lat' dir='ltr'><strong>interpretum</strong></span> <span class='ocrx_word' id='word_1_726' title='bbox 2259 5012 2393 5065; x_wconf 84' lang='lat' dir='ltr'><strong>adeo</strong></span> <span class='ocrx_word' id='word_1_727' title='bbox 2425 5013 2799 5082; x_wconf 86' lang='lat' dir='ltr'><strong>frequentatus</strong></span> <span class='ocrx_word' id='word_1_728' title='bbox 2827 5026 3103 5081; x_wconf 85' lang='lat' dir='ltr'><strong>occurrat,</strong></span> <span class='ocrx_word' id='word_1_729' title='bbox 3138 5017 3192 5071; x_wconf 90' lang='lat' dir='ltr'><strong>in</strong></span> <span class='ocrx_word' id='word_1_730' title='bbox 3215 5022 3453 5074; x_wconf 83' lang='lat' dir='ltr'><strong>centesi-</strong></span> 
     </span>
    </p>
   </div>
   <div class='ocr_carea' id='block_1_107' title="bbox 1876 5103 3449 5174">
    <p class='ocr_par' dir='ltr' id='par_1_107' title="bbox 1876 5103 3449 5174">
     <span class='ocr_line' id='line_1_107' title="bbox 1876 5103 3449 5174; baseline 0.008 -18"><span class='ocrx_word' id='word_1_731' title='bbox 1876 5117 1966 5156; x_wconf 87' lang='lat' dir='ltr'><strong>mo</strong></span> <span class='ocrx_word' id='word_1_732' title='bbox 1996 5103 2208 5159; x_wconf 88' lang='lat' dir='ltr'><strong>decimo</strong></span> <span class='ocrx_word' id='word_1_733' title='bbox 2237 5113 2434 5160; x_wconf 89' lang='lat' dir='ltr'><strong>octavo</strong></span> <span class='ocrx_word' id='word_1_734' title='bbox 2467 5107 2676 5174; x_wconf 90' lang='lat' dir='ltr'><strong>psalmo</strong></span> <span class='ocrx_word' id='word_1_735' title='bbox 2699 5105 2773 5160; x_wconf 91' lang='lat' dir='ltr'><strong>ita</strong></span> <span class='ocrx_word' id='word_1_736' title='bbox 2818 5107 2978 5163; x_wconf 86' lang='lat' dir='ltr'><strong>finem</strong></span> <span class='ocrx_word' id='word_1_737' title='bbox 3031 5109 3242 5168; x_wconf 91' lang='lat' dir='ltr'><strong>faciunt</strong></span> <span class='ocrx_word' id='word_1_738' title='bbox 3277 5111 3449 5168; x_wconf 84' lang='lat' dir='ltr'><strong>Euse-</strong></span> 
     </span>
    </p>
   </div>
   <div class='ocr_carea' id='block_1_108' title="bbox 1874 5191 3445 5273">
    <p class='ocr_par' dir='ltr' id='par_1_108' title="bbox 1874 5191 3445 5273">
     <span class='ocr_line' id='line_1_108' title="bbox 1874 5191 3445 5273; baseline 0.006 -28"><span class='ocrx_word' id='word_1_739' title='bbox 1874 5191 2026 5247; x_wconf 87' lang='lat' dir='ltr'><strong>bium</strong></span> <span class='ocrx_word' id='word_1_740' title='bbox 2078 5193 2134 5249; x_wconf 92' lang='lat' dir='ltr'><strong>in</strong></span> <span class='ocrx_word' id='word_1_741' title='bbox 2165 5194 2404 5250; x_wconf 90' lang='lat' dir='ltr'><strong>medium</strong></span> <span class='ocrx_word' id='word_1_742' title='bbox 2444 5196 2726 5261; x_wconf 74' lang='lat' dir='ltr'><strong>atl‘erendi,</strong></span> <span class='ocrx_word' id='word_1_743' title='bbox 2758 5206 2819 5252; x_wconf 88' lang='lat' dir='ltr'><strong>ut</strong></span> <span class='ocrx_word' id='word_1_744' title='bbox 2849 5213 2917 5254; x_wconf 89' lang='lat' dir='ltr'><strong>ne</strong></span> <span class='ocrx_word' id='word_1_745' title='bbox 2969 5200 3196 5256; x_wconf 89' lang='lat' dir='ltr'><strong>verbum</strong></span> <span class='ocrx_word' id='word_1_746' title='bbox 3227 5203 3445 5273; x_wconf 88' lang='lat' dir='ltr'><strong>quidem</strong></span> 
     </span>
    </p>
   </div>
   <div class='ocr_carea' id='block_1_109' title="bbox 1875 5283 2736 5358">
    <p class='ocr_par' dir='ltr' id='par_1_109' title="bbox 1875 5283 2736 5358">
     <span class='ocr_line' id='line_1_109' title="bbox 1875 5283 2736 5358; baseline 0.008 -23"><span class='ocrx_word' id='word_1_747' title='bbox 1875 5283 2106 5340; x_wconf 88' lang='lat' dir='ltr'><strong>ulterius</strong></span> <span class='ocrx_word' id='word_1_748' title='bbox 2139 5285 2362 5342; x_wconf 86' lang='lat' dir='ltr'><strong>Eusebii</strong></span> <span class='ocrx_word' id='word_1_749' title='bbox 2406 5298 2736 5358; x_wconf 87' lang='lat' dir='ltr'><strong>compareat.</strong></span> 
     </span>
    </p>
   </div>
   <div class='ocr_carea' id='block_1_110' title="bbox 1873 5394 3450 5516">
    <p class='ocr_par' dir='ltr' id='par_1_110' title="bbox 1873 5394 3450 5516">
     <span class='ocr_line' id='line_1_110' title="bbox 1873 5394 3450 5516; baseline 0.011 -73"><span class='ocrx_word' id='word_1_750' title='bbox 1873 5394 1954 5444; x_wconf 77' lang='grc' dir='ltr'><strong>ιν.</strong></span> <span class='ocrx_word' id='word_1_751' title='bbox 1982 5396 2138 5447; x_wconf 68' lang='lat' dir='ltr'><strong>Graeci</strong></span> <span class='ocrx_word' id='word_1_752' title='bbox 2166 5399 2382 5451; x_wconf 84' lang='lat' dir='ltr'><strong>Eusebio</strong></span> <span class='ocrx_word' id='word_1_753' title='bbox 2404 5408 2457 5451; x_wconf 91' lang='lat' dir='ltr'><strong>et</strong></span> <span class='ocrx_word' id='word_1_754' title='bbox 2477 5403 2856 5516; x_wconf 58' lang='lat' dir='ltr'><strong>alilsfgggpectaa</strong></span> <span class='ocrx_word' id='word_1_755' title='bbox 2874 5407 2991 5458; x_wconf 78' lang='lat' dir='ltr'><strong>fidei</strong></span> <span class='ocrx_word' id='word_1_756' title='bbox 3018 5408 3342 5472; x_wconf 72' lang='lat' dir='ltr'><strong>scriptoribus</strong></span> <span class='ocrx_word' id='word_1_757' title='bbox 3371 5412 3450 5460; x_wconf 82' lang='lat' dir='ltr'><strong>in-</strong></span> 
     </span>
    </p>
   </div>
   <div class='ocr_carea' id='block_1_111' title="bbox 1947 5551 3446 5646">
    <p class='ocr_par' dir='ltr' id='par_1_111' title="bbox 1947 5551 3446 5646">
     <span class='ocr_line' id='line_1_111' title="bbox 1947 5551 3446 5646; baseline 0.013 -34"><span class='ocrx_word' id='word_1_758' title='bbox 1947 5551 2106 5617; x_wconf 86' lang='lat' dir='ltr'><strong>Unde</strong></span> <span class='ocrx_word' id='word_1_759' title='bbox 2138 5564 2449 5634; x_wconf 86' lang='lat' dir='ltr'><strong>conjectare</strong></span> <span class='ocrx_word' id='word_1_760' title='bbox 2477 5567 2617 5623; x_wconf 88' lang='lat' dir='ltr'><strong>forte</strong></span> <span class='ocrx_word' id='word_1_761' title='bbox 2641 5570 2847 5625; x_wconf 84' lang='lat' dir='ltr'><strong>liceata</strong></span> <span class='ocrx_word' id='word_1_762' title='bbox 2881 5573 3071 5630; x_wconf 71' lang='lat' dir='ltr'><strong>multis</strong></span> <span class='ocrx_word' id='word_1_763' title='bbox 3089 5575 3202 5646; x_wconf 87' lang='lat' dir='ltr'><strong>jam</strong></span> <span class='ocrx_word' id='word_1_764' title='bbox 3225 5577 3446 5631; x_wconf 64' lang='lat' dir='ltr'><strong>saeculis</strong></span> 
     </span>
    </p>
   </div>
   <div class='ocr_carea' id='block_1_112' title="bbox 1874 5649 3447 5739">
    <p class='ocr_par' dir='ltr' id='par_1_112' title="bbox 1874 5649 3447 5739">
     <span class='ocr_line' id='line_1_112' title="bbox 1874 5649 3447 5739; baseline 0.013 -35"><span class='ocrx_word' id='word_1_765' title='bbox 1874 5649 2094 5709; x_wconf 84' lang='lat' dir='ltr'><strong>Eusebii</strong></span> <span class='ocrx_word' id='word_1_766' title='bbox 2152 5659 2578 5713; x_wconf 85' lang='lat' dir='ltr'><strong>commentarios</strong></span> <span class='ocrx_word' id='word_1_767' title='bbox 2633 5661 2737 5716; x_wconf 87' lang='lat' dir='ltr'><strong>hac</strong></span> <span class='ocrx_word' id='word_1_768' title='bbox 2799 5667 3101 5734; x_wconf 87' lang='lat' dir='ltr'><strong>posteriore</strong></span> <span class='ocrx_word' id='word_1_769' title='bbox 3150 5669 3236 5723; x_wconf 87' lang='lat' dir='ltr'><strong>sui</strong></span> <span class='ocrx_word' id='word_1_770' title='bbox 3294 5679 3447 5739; x_wconf 78' lang='lat' dir='ltr'><strong>parte</strong></span> 
     </span>
    </p>
   </div>
   <div class='ocr_carea' id='block_1_113' title="bbox 281 5771 3431 5888">
    <p class='ocr_par' dir='ltr' id='par_1_113' title="bbox 281 5780 3431 5888">
     <span class='ocr_line' id='line_1_113' title="bbox 281 5780 3431 5888; baseline 0.014 -50"><span class='ocrx_word' id='word_1_771' title='bbox 281 5780 846 5888; x_wconf 46' lang='lat' dir='ltr'><strong>iﬁllcﬂzznc-lagnn-am</strong></span> <span class='ocrx_word' id='word_1_772' title='bbox 895 5793 1513 5871; x_wconf 58' lang='lat' dir='ltr'><strong>supplevitcardinalis</strong></span> <span class='ocrx_word' id='word_1_773' title='bbox 1563 5801 1766 5872; x_wconf 76' lang='lat' dir='ltr'><strong>Angela</strong></span> <span class='ocrx_word' id='word_1_774' title='bbox 1808 5805 1928 5863; x_wconf 70' lang='lat' dir='ltr'><strong>Mai.</strong></span> <span class='ocrx_word' id='word_1_775' title='bbox 2002 5807 2138 5878; x_wconf 74' lang='lat' dir='ltr'><strong>Ejus</strong></span> <span class='ocrx_word' id='word_1_776' title='bbox 2172 5812 2544 5879; x_wconf 64' lang='lat' dir='ltr'><strong>praefationem</strong></span> <span class='ocrx_word' id='word_1_777' title='bbox 2601 5814 2706 5878; x_wconf 71' lang='lat' dir='ltr'><strong>bis.</strong></span> <span class='ocrx_word' id='word_1_778' title='bbox 2729 5820 3205 5888; x_wconf 65' lang='lat' dir='ltr'><strong>praeliminaribus</strong></span> <span class='ocrx_word' id='word_1_779' title='bbox 3243 5825 3431 5882; x_wconf 75' lang='lat' dir='ltr'><strong>subue-</strong></span> 
     </span>
    </p>
   </div>
   <div class='ocr_carea' id='block_1_114' title="bbox 213 5846 807 5918">
    <p class='ocr_par' dir='ltr' id='par_1_114' title="bbox 213 5846 807 5918">
     <span class='ocr_line' id='line_1_114' title="bbox 213 5846 807 5918; baseline 0.035 -22"><span class='ocrx_word' id='word_1_780' title='bbox 213 5846 416 5907; x_wconf 77' lang='lat' dir='ltr'><strong>ctimus.</strong></span> <span class='ocrx_word' id='word_1_781' title='bbox 449 5853 599 5912; x_wconf 77' lang='lat' dir='ltr'><strong>Eon.</strong></span> <span class='ocrx_word' id='word_1_782' title='bbox 636 5859 807 5918; x_wconf 77' lang='lat' dir='ltr'><strong>Pun.</strong></span> 
     </span>
    </p>
   </div>
  </div>
