3994 6448
2723 0 3992 408 -Ῑ

465 504 531 557 ts
1135 493 1407 551 EUSEBll
1446 475 1927 548 cmssm’nxsm
1965 485 2060 541 or;

2166 478 2339 535 psus
2382 454 2481 529 ιιΙο
2525 497 2593 518 κ
2631 477 3043 554 exeuntes.
3647 463 3717 516 ts-

463 623 746 672 truncatos
778 611 1130 666 librariorum
1159 609 1374 663 incuria
1419 606 1612 672 fuisse,
1653 605 1779 676 quia
1827 603 2036 658 scilicet

2173 617 2246 662 ως
2273 584 2612 669 ἐφαρμόσας
2641 597 2787 668 αὖτῷ
2817 595 2883 650 τὰ
2914 597 2979 648 δι’
3009 593 3128 648 Eliso
3162 593 3257 646 τοῦ
3288 590 3501 662 ψαλμοῦ
3527 591 3715 662 δηλου·

461 709 762 778 scriptores
789 707 935 763 illos.
962 703 1056 775 qui
1107 702 1180 758 ob
1225 709 1546 759 temeratam
1582 698 1741 752 tidem
1777 697 1916 751 male
1945 712 2042 749 au-

462 799 709 864 diebant,
729 814 841 852 non
869 797 1104 852 libenter
1118 795 1513 850 exscriberent.
1536 791 1711 860 Atque
1735 789 1860 843 hinc
1881 788 2044 842 etiam

465 890 631 947 fuerit
655 889 804 961 quod
830 888 1109 958 Origenis,
1141 887 1416 944 Theodori
1462 885 1817 943 lieracleoue,
1842 878 2047 949 Apolli-

464 975 629 1041 uarii,
662 975 902 1046 Didymi,
929 983 983 1028 et
1005 972 1280 1027 Theodori
1306 967 1674 1041 Mopsuesteni
1708 971 2048 1019 commenta-

466 1071 534 1125 rii
560 1071 616 1125 in
637 1067 1139 1137 Psalmosjamdiu,
1172 1064 1416 1133 exceptis
1446 1062 1774 1115 Calenarum
1811 1055 2046 1115 laciniis,

468 1177 689 1234 pessum
745 1161 926 1216 ierim.
958 1157 1022 1211 Hi
1073 1157 1275 1228 quippe
1328 1155 1646 1224 scriptores,
1684 1149 1896 1204 violatae
1927 1147 2048 1201 ﬁdei

470 1257 586 1310 sive
608 1253 709 1318 rei,
740 1253 857 1308 sive
883 1249 1146 1320 suspecti,
1177 1248 1314 1302 adeo
1344 1245 1525 1317 perosi
1552 1243 1757 1297 Graecis
1784 1249 1943 1296 erant
1962 1247 2052 1302 ,ut

469 1365 541 1405 ne
563 1361 758 1402 nomen
779 1343 1003 1415 quidem
1032 1339 1338 1412 proferrent
1371 1339 1490 1393 sine
1521 1333 1858 1404 indignantis
1885 1330 2050 1383 animi

473 1437 896 1510 signiﬁcatione.
926 1433 1064 1488 Hinc
1098 1439 1183 1488 est
1212 1429 1360 1503 quod
1397 1429 1717 1500 plerumque
1758 1425 1812 1500 in
1849 1422 2055 1476 codici--

472 1535 575 1589 bus
602 1531 827 1593 Graecis,
863 1527 955 1582 ubi
1001 1525 1288 1597 Origenes,
1312 1521 1607 1585 Eusebius,
1656 1515 2052 1589 Apollinarius,

473 1628 528 1681 in
575 1624 812 1680 medium
853 1621 1174 1685 afferuntur,
1211 1617 1279 1672 ad
1319 1614 1621 1686 marginem
1660 1612 1925 1682 scriptum
1960 1609 2057 1664 ob-

472 1733 680 1781 serves,
733 1714 926 1786 ψεύδῃ,
983 1712 1243 1773 mentiris.
1298 1708 1468 1764 Incidi
1514 1722 1616 1778 ego
1663 1707 1720 1761 in
1767 1710 2056 1760 centonem

471 1810 801 1866 Colbertinae
843 1808 1189 1862 bibliothecae
1226 1803 1686 1872 manuscriptum,
1722 1800 1814 1870 qui
1843 1797 1911 1852 ad
1940 1796 2058 1853 sin-

473 1903 598 1973 gula
634 1899 911 1971 Origenis,
945 1896 1192 1959 Eusebii,
1233 1893 1583 1966 Apollinarii,
1614 1889 1910 1958 etc.,loca,
1943 1887 2058 1940 sin-

474 1995 717 2068 gularem
741 1993 883 2047 hanc
923 1991 1256 2053 cautionem,
1283 1988 1452 2042 minio
1475 1993 1774 2045 exaratam,
1809 1981 1864 2035 in
1901 1993 2048 2034 mar-
2080 1966 2122 2021 Β

477 2089 602 2157 gine
628 2084 803 2148 affert,
822 2083 1074 2154 ἀνάϐεμά
1107 2099 1210 2145 σοι,
1235 2080 1518 2133 anathema
1544 2075 1658 2131 tibi.
1689 2071 2058 2140 Quamobrem

476 2181 650 2234 miror
673 2179 821 2232 hunc
868 2175 1090 2231 Eusebii
1140 2171 1597 2228 commentarium
1642 2166 1709 2221 ad
1759 2179 1857 2219 nos
1889 2177 2062 2231 usque

477 2267 763 2325 devenisse
790 2287 802 2322 :
831 2281 994 2338 quam
1022 2266 1168 2320 enim
1196 2261 1439 2318 interitui
1467 2258 1753 2330 proximus
1783 2253 1950 2309 fuerit
1983 2252 2064 2306 in-

477 2363 626 2416 dicat
663 2361 915 2416 codicum
948 2359 1038 2413 illa
1078 2355 1350 2427 paucitas,
1376 2353 1472 2424 qui
1498 2351 1662 2406 etiam
1693 2361 1802 2402 non
1835 2359 2062 2416 prorsus

480 2445 750 2527 integrum
773 2451 1088 2508 exhibeant.

672 2545 733 2595 V.
767 2543 967 2595 Catenae
991 2540 1372 2590 commentarios
1395 2529 1868 2598 pessumdederunt.

549 2646 663 2705 Nec
704 2661 815 2702 una
866 2660 930 2701 ea
985 2653 1070 2698 est
1109 2648 1276 2695 tanta:
1316 2639 1547 2709 jactura:
1595 2650 1762 2690 causa
1810 2653 1822 2688 :
1875 2647 2061 2686 verum

483 2741 702 2813 quando
735 2746 1054 2794 catenarum
1084 2748 1217 2790 usus
1249 2733 1302 2786 in
1343 2731 1530 2785 orbem
1563 2729 1812 2782 invectus
1838 2732 1943 2786 est,
1974 2721 2063 2774 illa

483 2812 845 2903 interpretum
875 2829 1112 2883 varietas
1136 2827 1208 2880 ita
1253 2823 1568 2880 Graecorum
1611 2817 1825 2872 animos
1851 2812 2064 2868 demul-

482 2927 576 2988 sit,
601 2902 660 2978 ut
695 2919 1120 2978 commentarios
1146 2917 1269 2971 illos
1299 2917 1491 2985 plenos
1516 2914 1866 2980 integrosque
1896 2902 2066 2974 negli-

485 3023 712 3089 gerent:
746 3012 892 3068 unde
928 3011 1019 3064 vix
1065 3005 1348 3063 ferendum
1401 3004 1662 3058 damnum
1695 3014 1782 3054 res
1823 3011 1947 3050 cum
1975 3007 2063 3048 ec~

485 3106 799 3164 clesiastica
835 3113 950 3158 tum
985 3099 1251 3156 litteraria
1287 3098 1476 3155 subiit.
1513 3095 1646 3149 Nam
1677 3093 1711 3147 ii
1743 3101 2064 3147 catenarum

481 3199 826 3261 eollcctores,
853 3211 977 3250 cum
993 3203 1153 3266 gustu
1185 3201 1238 3250 et
1260 3191 1454 3264 peritia
1471 3202 1650 3244 rerum
1668 3201 1777 3240 non
1801 3184 2063 3242 valerent,

483 3290 667 3346 missis
683 3289 844 3358 vulgo
871 3288 960 3351 iis,
979 3303 1100 3356 qua:
1120 3285 1201 3340 vel
1222 3282 1288 3337 ad
1319 3279 1606 3336 historiam
1629 3278 1714 3332 vel
1740 3275 1805 3328 ad
1825 3272 2066 3342 discipli-

2148 707 2302 761 μενα,
2321 687 2356 742 ἃ
2385 682 2481 741 καὶ
2502 687 2654 740 αὐτοὶ
2687 685 2826 740 κατὰ
2855 686 2946 738 τὸν
2973 686 3170 736 οἰκεῖον
3203 681 3390 753 καιρὸν
3420 680 3723 751 ὲπιθεωρή-

2147 802 2333 856 σομεν,
2365 782 2401 837 i.
2427 796 2502 848 e.,
2531 780 2913 849 Consequenter
2949 778 3018 832 ad
3041 782 3148 832 haec
3178 779 3278 846 ipsi
3305 775 3542 847 (Christo
3576 778 3720 833 scili-

2147 883 2254 945 cet)
2310 874 2584 945 coaptabis
2617 891 2679 928 ea
2708 890 2825 944 qua:
2854 873 2908 926 in
2953 882 3062 926 toto
3108 873 3314 941 psalmo
3357 869 3721 930 declarantur,

2149 984 2364 1038 qumque
2392 985 2486 1021 nos
2516 984 2612 1020 suo
2645 976 2872 1035 tempore
2929 961 3340 1034 speculubimur.
3371 963 3569 1016 Verum
3615 980 3728 1016 non

2151 1060 2537 1116 animadvertit
2579 1059 2668 1113 ille
2717 1059 2804 1112 hic
2838 1058 2923 1127 agi
2955 1057 3021 1111 de
3056 1056 3263 1110 fusiore
3293 1053 3537 1124 ejusdem
3573 1056 3689 1122 psal
3711 1084 3728 1094 ο

2153 1154 2226 1208 ιιιὶ
2280 1153 2913 1222 interpretatione,quze
2974 1150 3065 1202 lib.
3136 1165 3190 1202 ix
3247 1145 3729 1201 Demonstrationis

2152 1237 2710 1318 evangelicte'legitur,
2729 1261 2780 1314 p.
2807 1243 2934 1308 455,
2967 1241 3044 1312 (a)
3080 1240 3169 1295 ubi
3196 1239 3443 1310 pluribus
3460 1237 3734 1306 depugnat

2154 1339 2422 1394 Eusebius
2452 1345 2622 1391 totum
2651 1337 2918 1406 psalmum
2939 1335 3004 1388 ad
3033 1332 3238 1388 Christi
3261 1339 3382 1402 post
3399 1330 3731 1401 baptismum

2156 1432 2508 1486 tentationem
2555 1430 2847 1501 pertinere.
2884 1426 3038 1482 Unde
3067 1425 3204 1481 nihil
3236 1425 3324 1478 hic
3357 1423 3424 1479 de
3453 1439 3733 1478 commcn-

2154 1523 2313 1579 tariis
2345 1523 2399 1577 in
2422 1521 2705 1578 Psalmos:
2732 1535 2909 1590 neque
2929 1533 3160 1589 usquam
3195 1525 3327 1588 puto
3360 1514 3648 1569 Eusebium
3676 1515 3734 1566 in

2157 1617 2226 1674 iis
2247 1632 2368 1688 quae
2388 1616 2501 1686 jam
2553 1622 2848 1684 supersunt
2877 1613 3134 1683 operibus
3161 1625 3351 1666 eorum
3393 1609 3730 1667 meminisse,

2158 1717 2286 1780 puta
2317 1708 2445 1778 quia
2477 1722 2601 1761 cum
2639 1707 2739 1761 hos
2784 1704 3212 1760 commentarios
3265 1701 3557 1772 postremis
3603 1699 3730 1752 vita:

2159 1803 2320 1857 annis
2345 1800 2645 1865 adornarit,
2671 1799 2756 1855 vel
2785 1799 2936 1852 nulla
2965 1798 3044 1853 vel
3075 1812 3249 1868 pauca
3275 1795 3577 1852 secundum
3616 1794 3735 1848 haec

2159 1893 2347 1950 edidit.

2633 1960 2694 2011 Π.
2725 1961 3058 2022 Hieronymus
3079 1960 3245 2011 laudat

2232 2069 2333 2138 Qui
2390 2070 2541 2140 prior
2564 2069 2748 2138 itaque
2806 2067 2907 2122 hos
2941 2065 3366 2122 commentarios
3411 2059 3735 2118 memoravit

2162 2169 2246 2218 est
2267 2160 2632 2232 Hieronymus
2670 2159 2724 2213 in
2765 2158 2907 2213 libro
2941 2157 3018 2212 De
3042 2157 3389 2227 scriptoribus
3419 2153 3737 2211 ecclesiasti-

2163 2253 2261 2317 cis,
2294 2251 2386 2307 ubi
2423 2251 2539 2305 haec
2585 2249 2652 2305 de
2692 2248 2969 2304 Eusebio:
3026 2247 3284 2302 Eusebius
3340 2247 3598 2302 Ctrsarea:
3627 2244 3740 2298 Pa-

2165 2344 2387 2399 ltestinte
2431 2342 2728 2412 episcOpus,
2759 2341 2816 2394 in
2856 2338 3144 2408 Scripturis
3171 2339 3363 2392 divinis
3406 2337 3739 2391 διειάίοείδεὶ⁴

2163 2452 2301 2499 mus,
2330 2445 2379 2490 et
2417 2453 2433 2484 ι
2476 2433 2816 2488 Bibliotheca:
2845 2431 3037 2486 divina:
3067 2450 3084 2483 ι
3125 2447 3244 2485 cum
3280 2430 3558 2498 Pamphilo
3589 2445 3740 2481 mar-

2165 2539 2277 2600 tyre
2309 2527 2743 2597 diligentissimus
2769 2525 3165 2594 pervestigator,
3211 2523 3376 2578 edidit
3409 2523 3618 2591 infinita
3646 2538 3740 2577 oo-

2167 2619 2389 2672 lumina.
2417 2616 2530 2671 Sub
2563 2616 2678 2672 haec
2708 2624 2887 2671 autem
2915 2615 3253 2672 enumeratis
3281 2615 3424 2679 aliis,
3461 2614 3576 2668 haec
3596 2614 3741 2683 adji-

2165 2713 2279 2765 cit:
2318 2709 2384 2763 Et
2411 2710 2464 2763 in
2494 2724 2558 2763 c1.
2605 2709 2839 2779 psalmos
2885 2708 3271 2762 eruditissimos
3307 2703 3738 2771 commentarios,

2165 2810 2214 2855 et
2242 2801 2411 2854 multa
2451 2801 2582 2856 alia.
2615 2799 2674 2852 ln
2708 2799 2938 2870 epistola
2973 2805 3153 2852 autem
3212 2813 3309 2852 sua
3357 2797 3422 2851 ad
3482 2797 3746 2867 Augusti-

2165 2909 2322 2958 num,
2352 2891 2602 2962 quaajam
2629 2891 2685 2945 in
2714 2891 2876 2946 editis
2895 2889 3184 2961 Augustini
3206 2905 3348 2943 Lxxv.
3372 2903 3600 2943 numero
3626 2897 3739 2949 est,

2166 2985 2296 3038 talia
2326 2983 2473 3038 fatur
2509 3003 2522 3038 :
2552 2982 2616 3037 In
2647 2983 3018 3051 explanatione
3050 2980 3410 3043 Psalmorum,
3433 2996 3559 3050 quos
3601 2979 3744 3049 apud

2169 3077 2381 3131 Graecos
2412 3075 2745 3146 interpretati
2773 3084 2896 3129 sunt
2928 3074 3107 3129 multz's
3140 3071 3511 3136 voluminibus.
3539 3075 3744 3143 primus

2171 3170 2442 3241 Origenes,
2505 3169 2769 3224 secundus
2826 3167 3082 3224 Eusebius
3137 3167 3504 3230 Ctesariensis,
3556 3168 3744 3220 tertius

2171 3263 2482 3318 Theodorus
2515 3261 2876 3328 Heracleotes,
2897 3273 3119 3334 quartus
3143 3262 3381 3316 Asterius
3412 3260 3748 3333 Scythopoli-

483 3396 631 3447 nam,
651 3380 734 3435 vel
749 3351 815 3433 ad
837 3351 1128 3434 lectio-nem
1163 3385 1406 3432 veterum
1443 3373 1804 3440 interpretum
1826 3364 2066 3435 pertine-
2095 3375 2138 3438 ε
2173 3365 2352 3421 tenus,
2384 3359 2600 3428 quintus
2632 3357 2962 3428 Apollinaris
2994 3355 3342 3420 Laodicenus,
3377 3365 3552 3409 sextus
3577 3351 3748 3422 Didy-

484 3480 629 3538 rent,
685 3487 749 3526 ea
769 3471 946 3527 solum
971 3477 1384 3539 excerpserunt,
1415 3479 1535 3535 qua:
1551 3461 1634 3517 sui
1657 3467 1850 3529 captus
1877 3464 2057 3516 erant.

861 3583 948 3634 γι.
976 3585 1052 3635 De
1077 3577 1445 3644 praefationibus
1472 3572 1692 3626 Eusebii.

553 3695 910 3753 Prtel'ationes
947 3691 1052 3745 illa:
1077 3687 1279 3742 Grtecze
1308 3699 1429 3756 qua:
1459 3677 1870 3738 commentariis
1919 3691 2058 3746 prse-

484 3794 776 3848 mittuntur
803 3802 869 3842 ex
897 3784 1087 3839 codice
1113 3778 1440 3835 Taurinensi
1469 3774 1761 3847 prodeunt,
1786 3771 2063 3828 similiter-

485 3900 592 3957 que
609 3887 929 3954 argumenta
957 3878 1310 3948 psalmorum,
1330 3875 1394 3926 ad
1424 3867 1852 3941 mystagogicum
1875 3862 2062 3932 cujus-

487 3994 594 4051 que
621 3974 815 4048 psalmi
852 3985 1076 4027 sensum
1118 3977 1176 4022 ut
1215 3967 1510 4038 plurimum
1559 3959 1905 4018 concinnata,
1943 3969 2063 4025 quae

487 4049 673 4127 omnia
703 4065 848 4123 haud
882 4063 1047 4120 dubie
1080 4061 1148 4116 ab
1179 4061 1300 4130 ipso
1321 4055 1555 4133 Eusebio
1603 4059 1732 4108 sunt
1775 4049 2059 4104 adornata.

487 4163 624 4219 Nam
656 4159 976 4216 Eusebianze
1003 4156 1108 4210 illa:
1138 4150 1486 4223 praefationes
1529 4143 1698 4199 variis
1727 4149 2065 4196 commenta-

487 4259 694 4312 riorum
729 4251 868 4306 locis
901 4248 1037 4303 adeo
1061 4245 1250 4300 afﬁnes
1276 4247 1426 4304 sunt,
1463 4247 1524 4293 ut
1555 4235 1801 4292 eamdem
1853 4231 2064 4286 utrobi-

487 4361 594 4419 que
627 4341 845 4398 Eusebii
871 4353 1093 4395 manum
1121 4334 1305 4391 statim
1344 4326 1741 4400 deprehendas.
1761 4323 2064 4393 Argumen-

488 4413 544 4490 ta
578 4448 708 4490 vero
741 4445 852 4486 non
899 4430 956 4484 in
982 4423 1308 4480 Taurinensi
1339 4419 1503 4475 modo
1536 4417 1745 4477 codice,
1777 4414 1870 4468 sed
1901 4413 2062 4468 etiam

489 4531 544 4584 in
571 4526 746 4598 prima
768 4530 963 4578 catena
996 4517 1186 4588 Regia,
1227 4529 1348 4586 qute
1375 4511 1570 4568 decimi
1596 4508 1777 4565 sreeuli
1813 4513 1918 4569 est,
1957 4503 2064 4556 Eu-

491 4619 626 4676 sebii
655 4615 878 4674 nomine
911 4615 1251 4681 comparent.

1111 4719 1339 4777 CAPUT
1382 4718 1440 4775 11.

489 4828 860 4876 εοιιιεκτλιιιι
896 4826 1103 4870 ευεειιιι
1151 4825 1202 4862 lii
1242 4821 1474 4861 μελικοῦ
1519 4821 1548 4857 Α
1586 4817 1772 4865 QUIBUS
1809 4812 2060 4861 ANTIQUIS

958 4894 1338 4938 δειιρτοιιῑιιυδ
1376 4890 1629 4929 ιλυῡλτι.

495 5006 542 5063 1.
594 5003 850 5059 Eusebius
886 5001 978 5056 hos
1030 4993 1432 5063 commentarios
1465 4992 2061 5063 _nusqtt_am__men_mrat.

562 5057 1045 5142 Il.ﬁriliiierongmus
1072 5061 1427 5142 lqitda_t_._lll.
1459 5057 1714 5113 Eusebius
1731 5057 2066 5142 Vercelteusi‘s

559 5145 751 5201 Latine
779 5133 1074 5197 transtulit.
1102 5136 1129 5191 1
1147 5136 1204 5191 γ.
1231 5133 1582 5188 Theodoretus
1602 5143 1781 5184 eorum
1811 5133 2064 5179 meminit.

572 5218 637 5272 V.
681 5214 708 5270 1
715 5225 915 5284 temque
943 5209 1204 5264 Gelasitts.

600 5327 636 5376 1.
665 5323 910 5375 Eusebius
931 5322 1020 5370 hos
1042 5313 1419 5369 commentarios
1446 5323 1680 5372 nusquam
1712 5310 1971 5356 memorat.

562 5430 833 5502 Opinatur
871 5427 952 5480 vir
980 5425 1051 5479 cl.
1085 5419 1468 5476 Tillcmontius
1503 5433 1562 5471 se
1601 5409 1977 5468 commentarii
2011 5407 2064 5460 in

495 5524 741 5580 Psalmos
771 5520 875 5576 sub
906 5521 1020 5572 haec
1052 5514 1244 5570 edendi
1291 5520 1473 5565 notam
1523 5517 1578 5563 ct
1622 5504 2065 5577 pollicitationem

491 5603 712 5668 liusebii
731 5605 1155 5678 deprehendisse
1183 5603 1236 5656 in
1266 5597 1723 5654 Demonstratione
1748 5592 2064 5662 evangelica,

495 5704 588 5757 lib.
626 5718 678 5764 v,
711 5716 762 5754 c.
789 5698 881 5760 21,
913 5687 1006 5750 ubi
1037 5695 1105 5750 de
1135 5689 1348 5764 psalmo
1396 5690 1500 5755 Qui
1530 5688 1736 5740 habitat
1767 5685 1820 5738 in
1849 5682 2066 5751 adiuton

465 5793 574 5870 yria
604 5790 886 5855 Altissimi,
934 5790 1184 5858 IOquens,
1218 5785 1332 5838 haec
1362 5782 1552 5834 habet:
1587 5777 1808 5839 Τούτοις
1847 5771 2068 5828 ἀκολού-

2164 3466 2280 3503 mus
2310 3449 2722 3506 Alexandrinus.
2744 3449 3011 3504 Feruntur
3030 3460 3079 3503 et
3109 3449 3434 3502 diversorum
3467 3447 3521 3500 in
3547 3461 3745 3515 paucos

2161 3543 2393 3610 psalmos
2451 3542 2747 3610 opuscula;
2777 3541 2866 3595 sed
2907 3558 3044 3595 nunc
3073 3541 3136 3595 de
3163 3543 3364 3612 integro
3405 3539 3744 3594 Psalmorum

2162 3653 2378 3706 corpore
2403 3635 2650 3691 dicimus.
2681 3636 2834 3705 Apud
2863 3635 3084 3690 Latinos
3129 3645 3302 3689 autem
3357 3634 3600 3688 Ililarius
3647 3631 3749 3686 Pi-

2162 3731 2462 3794 ctu-iensis,
2489 3739 2539 3784 et
2594 3729 2850 3784 Eusebius
2890 3727 3227 3782 Vercellensis
3257 3727 3504 3796 episcopi,
3558 3723 3748 3795 Orige-

2165 3838 2281 3876 uem
2309 3833 2359 3875 et
2393 3820 2679 3874 Eusebium
2717 3818 3122 3872 transtulerunt.
3153 3817 3390 3884 Quorum
3438 3817 3666 3886 priorem
3693 3825 3746 3869 et

2165 3921 2340 3966 noster
2363 3910 2676 3964 Ambrosius
2718 3911 2773 3963 iu
2805 3909 3122 3981 quibusdam
3165 3920 3372 3964 secutus
3401 3918 3499 3963 est.
3525 3908 3628 3963 Ubi
3661 3909 3748 3962 in-

2165 4002 2381 4073 telligas
2414 4001 2484 4056 ab
2518 4001 2728 4055 Hilario
2763 3999 3016 4070 Origenis
3048 3999 3477 4054 commentarios
3505 3998 3748 4054 transla-

2165 4105 2252 4152 tos
2281 4112 2422 4156 esse.
2455 4104 2514 4150 ut
2544 4096 2704 4150 habet
2729 4095 2870 4149 idem
2903 4093 3265 4164 Hieronymus
3292 4108 3414 4147 cum
3439 4091 3507 4146 de
3535 4091 3745 4146 Hilario

2165 4188 2310 4258 agit;
2343 4189 2411 4243 ab
2438 4187 2674 4243 Eusebio
2698 4194 2877 4241 autem
2909 4184 3239 4241 Vercellensi
3263 4183 3479 4256 gentilis
3513 4184 3597 4240 sui
3623 4183 3745 4239 Cm.

2167 4282 2432 4336 sarieusis
2458 4281 2884 4336 commentarios
2913 4278 3106 4335 Latine
3136 4279 3294 4335 datos
3321 4279 3509 4334 fuisse.

2291 4373 2374 4424 111.
2398 4370 2645 4424 Eusebius
2667 4373 3006 4422 Vercellensis
3026 4385 3115 4422 eos
3149 4372 3319 4421 Latine
3346 4371 3619 4420 transtulit.

2240 4476 2509 4532 Eusebius
2553 4477 2735 4545 itaque
2766 4473 3129 4530 Vercellensis
3171 4475 3270 4530 bos
3321 4471 3744 4528 commentarios

2169 4569 2359 4625 Latine
2384 4570 2686 4632 transtulit,
2713 4576 2772 4622 ut
2797 4568 2924 4623 alibi
2957 4577 3142 4622 narrat
3174 4567 3315 4622 idem
3333 4564 3699 4638 Hieronymus
3726 4585 3738 4618 :

2173 4663 2376 4728 Edidit,
2428 4662 2627 4732 inquit,
2657 4662 2746 4715 ille
2781 4662 2832 4715 in
2890 4662 3132 4715 Psalmos
3190 4660 3596 4715 commentarios
3629 4656 3744 4710 Eu-

2169 4756 2297 4810 sebii
2337 4754 2702 4817 Ctrsarieusis,
2738 4772 2866 4825 quos
2922 4754 2986 4808 de
3026 4755 3207 4809 Grtcco
3249 4756 3306 4808 in
3347 4752 3596 4807 Latinum
3629 4769 3744 4805 rer—

2171 4857 2328 4902 tcrat.
2355 4845 2492 4912 Quia
2534 4861 2666 4902 vero
2697 4847 2751 4900 hi
2791 4849 3172 4901 commentarii
3228 4846 3510 4901 erroribus
3556 4860 3744 4915 asper-

2173 4955 2288 4994 sam
2346 4939 2413 4994 de
2453 4937 2590 4992 Filio
2624 4937 2717 4992 Dei
2766 4938 3095 4993 sententiam
3148 4939 3351 5010 passim
3403 4937 3740 5008 praeferrent,

2173 5048 2236 5086 ea
2305 5032 2568 5101 expunxit
2633 5029 2998 5086 Vercellensis
3058 5047 3178 5101 quze
3242 5031 3499 5084 Arianam
3571 5029 3746 5084 luere-

2175 5123 2278 5178 sim
2347 5132 2634 5192 saperent.
2698 5121 2890 5176 eodem
2959 5129 3096 5176 teste
3165 5119 3497 5190 Hieronymo
3541 5117 3740 5174 Contra

2179 5213 2546 5283 Vigilantiam.
2581 5213 2638 5266 Si
2670 5214 2850 5282 igitur,
2884 5211 2979 5280 ait,
3019 5228 3134 5281 qute
3170 5210 3304 5264 bona
3325 5221 3445 5265 sunt
3470 5211 3739 5274 transtuli,

2171 5315 2220 5359 et
2252 5304 2394 5358 mala
2423 5305 2729 5372 vel'aptari,
2765 5305 2840 5358 uel
2882 5303 3107 5366 correxi,
3139 5301 3216 5356 vel
3250 5303 3412 5366 tacui,
3443 5302 3740 5372 arguendus

2173 5413 2311 5456 sum.
2336 5412 2431 5449 cur
2454 5411 2547 5464 per
2573 5412 2653 5450 me
2687 5395 2866 5449 Latini
2895 5395 3030 5448 bona
3069 5393 3183 5462 ejus
3218 5392 3464 5461 habeant,
3510 5404 3559 5446 et
3597 5395 3741 5447 mala

2173 5491 2450 5559 ignorent?
2480 5488 2569 5544 Sic
2596 5488 2692 5542 hoc
2715 5489 2910 5542 crimen
2947 5495 3056 5552 est,
3103 5496 3360 5558 arguatur
3396 5496 3446 5540 et
3477 5486 3744 5555 confessor

2175 5581 2439 5642 Hilarius,
2472 5581 2561 5648 qui
2596 5578 2934 5634 Psalmorum
2977 5578 3455 5647 interpretationem
3485 5589 3534 5632 et
3567 5577 3740 5630 homi-

2174 5677 2274 5729 lias
2303 5680 2352 5728 in
2382 5674 2484 5728 Job
2510 5690 2575 5729 ex
2616 5674 2766 5727 libris
2799 5673 2935 5742 ejus,
2980 5673 3036 5726 id
3076 5683 3174 5738 est,
3203 5688 3267 5726 ea:
3293 5671 3474 5725 Grteco
3500 5672 3554 5725 in
3595 5669 3743 5724 Lati-

2173 5784 2295 5820 num
2326 5766 2637 5828 transtulit;
2690 5765 2760 5818 sit
2806 5765 2862 5818 in
2913 5763 3068 5832 culpa
3119 5761 3350 5831 ejusdem
3399 5760 3739 5828 confessionis

568 5887 644 5956 (a)
672 5886 791 5951 Hic,
818 5869 871 5941 et
895 5885 982 5940 mf
984 5900 1039 5936 ra
1069 5895 1176 5956 non
1204 5879 1395 5938 semel,
1425 5883 1714 5956 revocatur
1747 5874 1921 5952 lector
1949 5871 2013 5956 ad
2043 5879 2303 5956 ultimm-os.
2351 5861 2654 5956 eras‘si‘olres
2682 5857 2824 5956 (ἔρρ’.
2850 5858 3114 5956 librorum
3166 5853 3642 5910 Demonstratioms
3688 5859 3743 5906 et

499 5931 871 6022 1³ιῖὦῖῴᾷὶῖιίιῖνὶ
1500 5945 1819 6014 I’tttrulogiw
1847 5951 2043 5995 nostrae
2062 5939 2264 5994 Gnecze
2293 5944 2422 5988 tom.
2458 5933 2573 5986 ΧΧΙ
2601 5942 2656 5988 et
2692 5931 2849 5987 XXII.
2876 5931 3029 5985 Eutr.
