3994 6448
193 290 257 341 ιἸ

979 291 1484 356 COMMENTABIA
1525 297 1590 350 ΙΝ
1633 297 1972 360 PSALMOS.
2017 337 2084 345 —
2123 304 2665 366 Fti/ELIMINARIA.

3393 315 3457 365 18

194 403 563 468 i'ercellensis,
589 409 679 478 qui
707 410 940 464 omnium
981 408 1323 466 Psalmorum
1363 421 1770 474 commentarios
1802 441 1846 495 Α
1879 425 2036 496 vulgo
2069 427 2122 480 in
2155 429 2470 486 recensione
2503 444 2668 500 opera
2702 445 2810 484 non
2863 445 3034 501 pauca
3066 430 3180 502 ipse.
3212 431 3292 488 vel
3324 448 3456 487 con-

180 496 417 551 hteretici
458 499 682 554 hominis
730 504 882 556 vertit
927 502 981 556 in
1033 513 1271 558 nostrum
1300 507 1601 578 eloquium;
1649 512 1768 566 licet

179 587 436 644 heretica
470 595 894 664 ﬁmtermittens,
917 595 1118 664 optima
1145 613 1360 668 quicque
1405 604 1762 660 transtulerit.

179 680 305 736 Haec
349 697 522 752 porro
552 683 773 740 Eusebii
809 684 1169 745 Vercellensis
1203 690 1581 762 interpretatio
1623 696 1766 767 jam-

177 771 268 826 diu
306 772 522 828 interiit
551 793 565 829 :
595 791 698 830 nec
727 777 950 832 memini
982 793 1069 833 me
1098 781 1312 850 uspiam
1343 782 1465 852 ejus
1495 786 1579 840 vel
1612 787 1765 842 codi-

175 880 288 928 ces,
325 866 414 920 vel
445 865 746 937 fragmenta
777 879 1078 924 memorata
1105 872 1550 943 deprehendisse.

514 977 599 1028 IV.
622 979 969 1031 Theodoretus
992 995 1165 1032 eorum
1191 983 1433 1036 meminit.

245 1081 650 1148 Tlieodoretus,
684 1101 790 1140 non
814 1087 1035 1157 quidem
1066 1100 1122 1142 ut
1146 1091 1306 1146 hodie
1327 1092 1382 1146 in
1421 1092 1761 1149 Psalmorum

179 1173 616 1245 Expositionibus
651 1177 869 1244 legitur,
907 1196 1027 1250 quae
1075 1183 1276 1251 passim
1320 1193 1582 1242 truncatas
1619 1197 1674 1242 et
1705 1191 1757 1244 in

175 1269 561 1337 compendium
618 1271 851 1326 redacta:
904 1280 1064 1337 sunt,
1107 1283 1161 1330 et
1213 1277 1451 1346 quidem,
1487 1290 1545 1334 ut
1573 1283 1760 1352 conje-

174 1366 322 1414 ctare
357 1360 524 1424 licet,
575 1377 604 1416 a
637 1362 901 1421 Crteculis
931 1375 1246 1424 catenarum
1279 1373 1623 1439 auctoribus;
1662 1376 1756 1430 sed

177 1460 235 1504 ut
271 1451 339 1504 ab
390 1452 603 1522 Agellio
657 1455 948 1524 laudatur,
1001 1475 1055 1528 p.
1105 1459 1243 1524 486,
1293 1464 1350 1516 in
1400 1463 1514 1519 hazc
1563 1468 1754 1536 psalmi

178 1559 420 1598 unvm
452 1545 651 1602 verba:
689 1547 764 1602 Tu
788 1567 903 1604 vero
933 1553 1173 1619 repulisti
1191 1555 1554 1625 etdespexisti,
1581 1560 1754 1613 distu-

175 1634 286 1689 listi
313 1633 588 1692 Christum
618 1651 767 1694 tuum
791 1658 809 1696 :
837 1647 1070 1699 cvertisti
1105 1655 1471 1703 testamentum
1497 1653 1630 1705 servi
1655 1654 1751 1718 tui,

172 1727 473 1796 profanasti
521 1732 578 1786 in
622 1741 762 1787 terra
793 1739 1158 1792 sanctuarium
1190 1740 1339 1810 ejus,
1382 1741 1496 1796 haec
1545 1743 1748 1801 habet:

175 1822 428 1888 Εὐσέϐιος
464 1824 522 1878 δὲ
558 1827 639 1892 εἰς
663 1827 724 1880 τὸ
763 1827 934 1894 πάθος
965 1831 1058 1885 τοῦ
1085 1832 1320 1904 Χριστοῦ
1355 1834 1526 1888 ταῦτα
1559 1854 1750 1908 πειρα-

174 1913 282 1978 Oet;
327 1915 539 1981 λαδείν,
588 1917 713 1972 οὔτε
755 1920 1018 1977 διασῶσαι
1061 1923 1153 1978 τὸν
1197 1926 1384 1998 εἱρμὸν
1429 1927 1532 1999 τῆς
1576 1931 1750 2003 ἑρμη-

171 2005 312 2070 νείας
339 2007 603 2080 ἠδυνήθη,
650 2009 774 2064 οὔτε
816 2012 1129 2086 δυσφημίας
1174 2018 1448 2082 παντελῶς
1500 2021 1745 2076 ἀπαλλα-

172 2099 354 2170 γῆναι,
398 2101 450 2154 id
477 2109 584 2170 est,
619 2102 878 2160 Eusebius
924 2117 1136 2174 autem,
1197 2126 1313 2163 cum
1365 2111 1474 2166 lucc
1525 2114 1589 2166 de
1629 2131 1748 2184 pas-

171 2191 308 2245 sione
339 2190 545 2248 Christi
569 2197 833 2264 explicare
863 2201 1138 2254 tentaverit
1159 2242 1173 2264 ,
1206 2218 1366 2272 neque
1391 2205 1580 2258 seriem
1611 2224 1742 2262 nar-

171 2283 384 2338 rationis
421 2302 668 2354 servare,
729 2305 893 2360 neque
933 2289 1258 2360 blasphemia
1299 2295 1504 2362 penitus
1552 2313 1744 2354 vacuus

170 2389 272 2428 esse
314 2378 513 2444 potuit.
564 2377 715 2434 Hanc
754 2389 934 2436 autem
969 2381 1190 2439 Eusebii
1238 2384 1743 2456 interpretationem

169 2462 435 2525 ldsissime
456 2479 767 2526 enarratam
799 2473 989 2541 habes,
1027 2476 1166 2546 psal.
1198 2493 1461 2535 Lxxxvm.
1493 2481 1576 2536 An
1612 2499 1744 2538 vero

170 2554 249 2610 hic
277 2551 516 2614 Eusebio
555 2561 850 2631 impietatis
882 2575 1010 2621 nota
1053 2567 1178 2637 jure
1213 2569 1496 2638 inuratur,
1536 2590 1738 2643 necne,

168 2648 461 2716 expendere
507 2651 700 2708 inutile
729 2654 930 2725 fuerit;
969 2647 1094 2724 eum
1125 2661 1241 2730 ipse
1264 2669 1542 2721 temeratae
1570 2667 1739 2724 divini

171 2733 317 2792 Verbi
345 2741 614 2798 doctrinae
644 2753 828 2800 notam
865 2748 917 2802 in
973 2751 1095 2807 aliis
1139 2754 1309 2810 multo
1339 2757 1596 2826 liquidius
1655 2761 1740 2816 in-

168 2837 368 2896 currat,
396 2839 455 2886 ut
479 2847 583 2913 sup
616 2834 735 2890 loco
768 2839 1170 2908 comprobatur.

574 2945 632 2994 V.
679 2947 905 2998 Gelasius
943 2963 1033 3000 eos
1054 2959 1310 3006 memorat.

199 3106 202 3112 .
226 3062 473 3123 Gelasius
499 3069 568 3126 de
595 3071 808 3128 duabus
833 3076 1044 3132 naturis
1089 3077 1144 3132 in
1171 3079 1412 3146 Christo,
1444 3083 1586 3140 inter
1634 3084 1735 3140 Pa-

165 3164 292 3213 trum
344 3163 703 3230 testimouia,
757 3165 980 3224 Eusebii
1034 3171 1392 3232 Caesariensis
1442 3178 1621 3233 locum
1675 3180 1729 3233 in

165 3251 417 3319 psalmum
452 3255 728 3314 decimum
753 3262 1046 3332 septimum
1083 3265 1260 3330 aliert,
1296 3270 1391 3340 qui
1426 3271 1506 3326 sic
1534 3272 1723 3328 habet:

166 3341 397 3416 Detuqui
415 3349 690 3404 inclinavit
711 3353 866 3408 catos
904 3365 955 3409 et
989 3355 1290 3426 descendit,
1340 3364 1624 3420 ascendens
1673 3368 1730 3421 in

161 3429 404 3489 hominem
423 3453 580 3508 quem
605 3445 913 3512 assumpsit,
935 3462 1086 3516 quem
1113 3466 1250 3503 nunc
1271 3452 1536 3508 cherubim
1556 3473 1726 3512 sermo

164 3524 400 3590 nominat,
421 3528 648 3583 evolavit
673 3547 793 3586 cum
835 3549 916 3602 eo,
941 3552 1219 3593 ascensum
1267 3542 1468 3610 faciens
1498 3561 1615 3600 cum
1644 3547 1728 3601 di-

163 3613 280 3668 vinis
308 3655 323 3680 ,
372 3619 780 3690 spiritualibus,
832 3626 1231 3700 obsequentibus
1284 3634 1388 3689 sibi
1433 3652 1724 3704 pennarum

162 3709 330 3776 ventis,
357 3711 487 3781 ipsis
509 3715 671 3769 etiam
711 3719 1012 3786 appellatis.
1062 3721 1165 3777 Ubi
1217 3727 1568 3796 paucioribus
1598 3748 1724 3788 sen-

162 3796 368 3853 tentiam
416 3803 708 3872 exprimit,
758 3821 920 3876 quam
957 3808 1157 3865 ibidem
1193 3813 1264 3866 ab
1291 3810 1522 3870 Eusebio
1550 3832 1724 3874 enun-

161 3884 310 3942 tiatur
326 3932 342 3956 ,
365 3894 468 3948 etsi
498 3895 686 3952 eadem
714 3913 942 3968 prorsus
958 3909 1137 3958 mente
1156 3911 1208 3957 et
1229 3903 1674 3976 interpretatione
1704 3931 1717 3967 :

161 3989 272 4032 nam
309 3979 577 4042 Eusebius
605 3987 805 4046 ibidem
850 3991 1206 4049 cherubinum
1239 3996 1392 4052 illum
1425 3999 1477 4053 in
1509 4003 1724 4071 psalmo

160 4083 541 4143 memoratum,
603 4097 703 4154 pro
756 4083 1096 4141 humanitate
1153 4085 1355 4144 Christi
1411 4091 1591 4149 habet.
1651 4094 1718 4148 Et

161 4162 304 4229 paulo
332 4176 454 4236 post
485 4169 625 4227 idem
654 4173 906 4232 Gelasius
961 4193 1028 4232 ex
1075 4179 1265 4237 eodem
1322 4185 1716 4240 commentario

162 4250 262 4310 hac
286 4257 434 4316 δῦθι-ι
462 4281 477 4318 :
510 4261 571 4319 Si
591 4282 708 4321 vero
739 4267 1012 4337 jurantem
1050 4287 1168 4326 eum
1197 4272 1430 4328 audieris
1463 4291 1554 4344 per
1590 4294 1716 4337 sane

161 4355 284 4403 ctum
307 4361 356 4407 et
381 4353 594 4412 Patrem
621 4376 796 4425 suum,
825 4362 960 4416 audi
972 4363 1246 4432 jurantem
1269 4383 1360 4434 per
1387 4367 1553 4424 Deum
1583 4370 1712 4426 Ver-

1872 521 2016 572 sulto
2044 520 2242 588 mittit;
2280 531 2392 576 tum
2422 524 2549 593 quia
2576 563 2590 586 ,
2651 526 2727 578 uti
2761 540 2927 596 supra
2961 525 3167 579 dictum
3212 533 3298 580 est
3327 566 3342 588 ,
3384 543 3451 580 ex

1869 617 2185 668 catenarum
2219 630 2320 668 usu
2357 615 2494 671 bene
2524 618 2694 670 multa
2752 617 2807 671 in
2851 615 3192 688 Scripturam
3237 632 3452 673 sacram

1867 699 2262 758 commentaria
2291 722 2430 776 pene
2458 707 2860 765 obsoleverunt.
2899 707 3138 780 Indeque
3158 707 3300 764 forte
3328 707 3453 764 fue-

1868 795 1938 849 rit
1966 795 2110 865 quod
2137 794 2249 849 tam
2296 797 2615 868 infrequens
2677 801 2820 872 apud
2876 801 3176 871 scriptores
3230 799 3451 856 Graecos

1867 883 2063 939 horum
2095 886 2300 940 mentio
2327 898 2599 944 occurrat.

2468 999 2698 1055 CAPUT
2755 1001 2841 1055 Ill.

1863 1103 2018 1143 NOTAE
2057 1105 2337 1146 EUSEBIANI
2380 1109 2532 1147 STYLI
2572 1109 2639 1147 Ετ
2673 1110 2775 1148 ,ενι
2807 1111 2857 1150 ΙΝ
2898 1111 2982 1150 HIS
3021 1111 3440 1152 COIIENTARHS.

1865 1203 1914 1259 1.
1959 1204 2031 1259 lli
2069 1209 2433 1262 commentarii
2473 1218 2647 1277 aperte
2699 1208 2916 1266 Eusebii
2964 1221 3106 1265 sunt.
3146 1211 3234 1266 II.
3276 1232 3294 1264 ι
3339 1212 3443 1268 De-

1933 1279 2317 1350 viionstimtioni
2342 1280 2656 1350 evangelicae
2693 1299 2711 1333 ι
2759 1281 2894 1350 stylo
2937 1282 3157 1336 similes.
3197 1281 3318 1337 111.
3364 1282 3444 1338 De

1929 1346 2066 1422 style
2108 1346 2339 1403 Eusebii.
2372 1347 2400 1402 1
2417 1346 2491 1404 νζ
2521 1346 3202 1422 Μαςρὶηιὶῃῖσανῃὶρσἱηαηι
3229 1363 3288 1407 ut
3313 1370 3442 1408 acu-

1930 1416 2070 1473 latus
2108 1423 2254 1494 testis
2286 1430 2547 1494 memorat
2571 1420 2872 1494 Eusebius.
2928 1416 2998 1478 νζ
3023 1422 3259 1494 Itemque
3301 1425 3438 1479 alio-

1929 1503 2048 1540 rum
2097 1487 2390 1544 Christiani
2440 1490 2668 1544 nominis
2718 1491 2970 1546 hostium.
3026 1491 3120 1546 VI.
3149 1487 3264 1560 Quo
3307 1507 3434 1549 tem;

1926 1573 2050 1626 pore
2077 1560 2169 1614 hos
2197 1561 2600 1614 commentarios
2631 1562 2874 1617 ediderit.

2109 1669 2147 1720 Ι.
2174 1671 2237 1721 Hi
2257 1671 2603 1723 Commentarii
2624 1679 2797 1736 aperte
2830 1671 3028 1724 Eusebii
3053 1682 3184 1724 sunt.

1783 1797 1824 1852 Β
1891 1801 1896 1806 η
1926 1773 1969 1827 Α
2002 1772 2113 1830 Deo
2137 1775 2426 1832 manifesta
2454 1784 2507 1832 et
2548 1792 2645 1846 per
2676 1791 2736 1832 se
2767 1777 2914 1831 clara
2945 1793 3033 1833 res
3065 1787 3169 1840 est,
3195 1778 3296 1835 hos
3349 1779 3432 1851 ip-

1852 1868 2098 1924 sissimos
2129 1885 2252 1925 esse
2281 1868 2866 1926 EusebiiCmsariensis
2887 1871 3329 1934 commentarios,
3371 1880 3431 1928 ut

1853 1976 1917 2014 ne
1955 1960 2038 2014 vel
2077 1961 2362 2016 minimum
2393 1961 2542 2016 dubii
2572 1961 2805 2017 eruditis
2825 1969 2879 2016 et
2911 1963 3201 2032 sagacibus
3235 1963 3428 2018 adver-

1849 2067 1970 2106 sum
2026 2053 2266 2108 suboriri
2321 2053 2512 2124 possit.
2580 2050 2780 2108 Verum
2832 2053 2961 2124 quia
3011 2053 3118 2111 hoc
3166 2069 3282 2110 aevo
3315 2070 3428 2112 non

1849 2147 2027 2217 pauci,
2062 2155 2122 2200 ut
2151 2147 2468 2202 criticorum
2519 2163 2716 2202 nomen
2764 2148 2868 2203 sibi
2901 2148 3140 2218 pariant,
3171 2147 3240 2204 de
3268 2149 3425 2207 libris

1847 2253 1984 2306 quos
2023 2253 2094 2292 ne
2140 2239 2224 2294 vel
2257 2237 2588 2307 primoribus
2617 2238 2835 2307 quidem
2868 2238 3038 2295 labris
3087 2242 3420 2310 attigerunt,

1847 2330 2174 2385 sententiam
2203 2329 2345 2384 ferre
2383 2329 2520 2384 nihil
2553 2337 2848 2385 verentur:
2892 2339 2945 2384 et
2974 2331 3150 2401 primo
3188 2348 3423 2404 conspe-

1844 2428 1934 2475 ctu
1973 2421 2046 2475 ita
2081 2424 2434 2492 pronuntiant
2466 2438 2479 2472 :
2524 2421 2642 2476 Non
2671 2421 2814 2492 sapit
2863 2425 3064 2494 stylum
3097 2425 3418 2496 scriptoris,

1844 2512 2126 2582 indignum
2157 2521 2384 2569 auctore
2414 2521 2604 2582 tanto;
2652 2531 2716 2570 ac
2741 2517 3062 2587 plerumque
3103 2516 3158 2572 in
3207 2525 3417 2588 partem

1842 2605 2076 2675 negandi
2106 2606 2461 2677 procliviores
2502 2617 2650 2671 sunt,
2683 2609 2812 2665 hinc
2849 2609 2954 2666 sibi
2981 2619 3305 2665 nasutorum
3339 2610 3420 2666 ia-

1840 2711 1984 2752 mam
2009 2697 2398 2756 conciliaturos
2421 2715 2546 2756 esse
2585 2701 2727 2766 rati,
2775 2703 2978 2773 quibus
3005 2717 3113 2758 non
3153 2702 3314 2760 facile
3345 2706 3418 2759 sit

1837 2789 2003 2844 verba
2042 2788 2210 2858 dare;
2241 2789 2364 2845 ideo
2393 2791 2554 2847 nobis
2582 2791 2789 2865 aliquid
2818 2793 2885 2848 de
2912 2791 3224 2849 Eusebiano
3275 2795 3416 2866 stylo

1839 2880 1924 2936 his
1954 2883 2010 2936 in
2038 2884 2452 2939 commentariis
2495 2885 2816 2956 conspicuo,
2849 2885 3026 2956 deque
3078 2886 3415 2944 manifestis-

1837 2973 1992 3028 simis
2023 2973 2224 3030 ibidem
2258 2974 2549 3031 Euscbiani
2583 2976 2681 3031 aevi
2730 2978 2907 3042 notis,
2940 2977 3245 3034 edissercre
3293 2980 3414 3034 ani-

1835 3079 1959 3120 mus
1987 3072 2090 3120 est.

2017 3157 2077 3207 ΙΙ.
2103 3157 2520 3220 Demonstrationi
2553 3159 2856 3223 evangelica
2875 3162 3004 3222 stle
3023 3163 3234 3212 similes.

1901 3262 2045 3318 Nulli
2075 3279 2142 3319 ex
2166 3263 2386 3321 Eusebii
2413 3265 2671 3336 operibus
2709 3267 2779 3320 ita
2811 3267 2992 3324 afﬁnis
3034 3268 3228 3323 horum
3259 3273 3430 3323 com-’

1831 3356 2222 3420 mentariorum
2275 3357 2449 3428 stylus
2483 3366 2588 3422 est,
2620 3369 2680 3412 ut
2709 3361 3020 3431 evangelica:
3063 3359 3404 3415 Demonstra-

1831 3449 1962 3503 tioni
1989 3463 2008 3502 :
2052 3465 2161 3504 non
2197 3452 2358 3505 modo
2386 3453 2529 3506 enim
2559 3451 2828 3509 dictiones
2871 3464 2923 3509 et
2960 3453 3234 3509 tractandi
3269 3454 3407 3509 ratio

1828 3550 2162 3608 consonant,
2214 3541 2308 3598 sed
2346 3543 2505 3598 etiam
2538 3542 2944 3615 Scripturarum
2999 3545 3407 3615 interpretatio.-

1826 3647 1946 3697 nes,
1974 3634 2240 3688 sententia
2291 3649 2525 3705 semper,
2550 3636 2728 3691 verbis
2758 3652 2866 3692 non
2900 3636 3278 3707 infrequentcr
3329 3638 3405 3694 si-

1826 3725 1982 3780 miles
2039 3732 2186 3780 sunt.
2244 3726 2304 3780 In
2353 3726 2812 3783 Demonstratione
2871 3729 3000 3784 item
3051 3728 3351 3800 evangeliea
3383 3769 3400 3792 ,

1823 3815 2048 3886 perinde
2078 3823 2242 3886 atque
2271 3816 2325 3870 in
2360 3816 2464 3873 hoc
2487 3819 2880 3874 commentario
2914 3818 3118 3888 passim
3154 3817 3402 3874 offendas

1823 3911 1878 3964 in
1933 3906 2087 3972 illud,
2120 3909 2335 3980 νοήσεις
2375 3909 2713 3982 ἐπιστήσας,
2760 3909 3014 3981 intelliges
3065 3911 3113 3965 si
3161 3911 3401 3964 animum

1821 4001 2159 4065 adhibueris,
2209 4000 2370 4072 inque
2420 4011 2704 4058 sexcentas
2751 4004 2886 4058 alias
2924 4003 3140 4060 dicendi
3190 4003 3399 4059 formu-

1819 4093 1938 4157 las,
2029 4095 2184 4164 queis
2245 4096 2516 4152 sermonis
2597 4097 2667 4152 ab
2725 4099 2834 4153 alio
2897 4097 2965 4152 ad
3017 4099 3165 4154 aliud
3223 4099 3397 4156 series

1779 4175 2186 4243 transfertur:
2233 4203 2396 4244 voces
2443 4187 2678 4245 Eusebio
2737 4190 3128 4262 frequentatas,
3163 4191 3397 4263 aliisque

1817 4277 2178 4349 scriptoribus
2204 4278 2388 4336 minus
2413 4280 2680 4344 usitatas,
2723 4281 2780 4336 in
2813 4290 3046 4353 utroque
3077 4297 3243 4354 opere
3284 4283 3395 4338 ritu

1816 4371 1932 4442 pari
1959 4370 2235 4426 adhibitas
2255 4370 2628 4442 deprehendas
2654 4391 2668 4429 :
2698 4373 3093 4446 explicationes
3127 4375 3196 4430 de
3228 4373 3391 4430 Verbi

160 4437 286 4506 bum,
308 4447 443 4516 quod
465 4451 703 4506 omnibus
729 4455 938 4510 steculis
967 4460 1286 4526 prteexsistit
1315 4501 1330 4524 ,
1373 4473 1617 4517 sanctum
1660 4475 1710 4520 et
1742 4481 1786 4536 ι)
1816 4437 2122 4519 substantia
2151 4470 2206 4518 et
2233 4437 2435 4518 deitate
2471 4463 2543 4518 ita
2587 4437 2923 4530 consimiles,
2960 4473 3020 4520 ut
3049 4466 3194 4520 illico
3226 4481 3389 4519 unam

162 4533 466 4603 unigenitum
493 4540 606 4610 ejus
628 4540 872 4608 Filium,
923 4563 1076 4618 quem
1125 4549 1291 4604 Deum
1339 4555 1480 4608 varie
1521 4555 1709 4612 locuta:

158 4634 265 4714 sunt
285 4626 480 4684 dudum
503 4649 536 4686 α
555 4633 705 4688 nobis
724 4638 1009 4706 proposita:
1027 4655 1175 4695 voces
1197 4656 1217 4694 ε
1247 4657 1338 4710 per
1356 4659 1514 4714 quem
1551 4645 1708 4714 jurat

159 4710 280 4770 Deus
301 4729 348 4773 et
372 4720 529 4778 Pater
549 4724 663 4794 ejus
687 4735 936 4799 tanquam
955 4729 1205 4786 dilectum
1230 4710 1378 4800 eum,
1407 4737 1500 4806 qui
1520 4710 1586 4791 ea:
1625 4755 1708 4792 se-

159 4807 280 4862 mine
305 4810 468 4868 David
489 4826 587 4881 est,
618 4817 673 4872 in
693 4819 961 4889 inﬁnitum
983 4823 1237 4879 siccatum
1265 4826 1666 4897 glori/iuturus
1685 4870 1702 4895 ,

159 4899 278 4964 quod
298 4905 451 4961 etiam
487 4909 687 4976 factum
708 4919 808 4976 est,
831 4915 1054 4984 quando.
1103 4915 1327 4972 Verbum
1363 4920 1704 4976 incarnatum

158 5002 260 5041 eum
281 4995 363 5061 qui
383 5013 447 5050 ea:
473 4999 670 5054 semine
699 4999 868 5056 David
890 5013 971 5058 est
1007 5008 1328 5076 assumpsit,
1373 5018 1529 5080 atque
1551 5011 1706 5080 deiﬁ-

160 5089 261 5171 catq;
281 5087 406 5141 unde
429 5097 479 5144 et
498 5089 696 5146 Filium
719 5109 839 5147 eum
864 5096 1092 5164 appellat
1112 5096 1288 5153 dicens
1311 5114 1332 5153 :
1363 5118 1382 5152 ι
1412 5099 1524 5171 Ego
1546 5118 1635 5156 ero
1655 5103 1706 5157 ei

161 5167 205 5220 in
219 5168 486 5264 l’atrem,et
501 5181 718 5250 ipseerit
735 5184 863 5238 mihi
887 5186 939 5239 in
955 5185 1158 5241 Filium
1172 5187 1258 5258 (Il
1281 5188 1407 5261 Reg.
1433 5167 1529 5256 vit,
1540 5194 1560 5246 i
1572 5192 1650 5264 4);
1676 5213 1696 5246 ι

160 5269 200 5310 et
221 5261 433 5325 iterum:
459 5292 477 5324 ι
511 5273 624 5346 Ego
662 5278 1063 5348 primogenitum
1086 5296 1281 5350 ponam
1328 5283 1481 5338 illum
1521 5261 1697 5356 (Psal.

162 5362 391 5446 usuin,
425 5362 538 5432 28).
578 5384 598 5419 ι
652 5367 778 5424 Haec
810 5371 940 5426 item
970 5373 1291 5443 compendio
1318 5376 1700 5446 exprimuntur

161 5453 217 5496 ex
241 5444 665 5523 interpretatione
691 5463 886 5530 psalmi
921 5479 1183 5532 unvm,
1227 5468 1573 5541 maximeque
1631 5488 1696 5528 ex

164 5546 286 5592 vers.
313 5541 364 5607 4,
387 5547 439 5611 5,
468 5548 558 5614 56,
587 5551 658 5606 57
684 5560 738 5607 et
767 5554 858 5611 58.

222 5627 322 5690 Etsi
353 5653 472 5696 vero
499 5641 728 5700 Photius
759 5645 902 5702 inter
936 5648 1154 5707 Eusebii
1183 5667 1347 5723 opera
1394 5655 1498 5712 hos
1544 5671 1697 5713 com-

165 5729 421 5790 mentarios
449 5750 555 5792 non
580 5746 900 5808 recenseat,
952 5743 1084 5799 nihil
1132 5745 1363 5814 mirum;
1419 5755 1535 5817 tum
1565 5749 1693 5820 quia

1812 4556 2030 4614 Eusebii
2067 4563 2326 4619 mentem,
2351 4570 2515 4610 unam
2562 4557 2851 4628 utrobique
2883 4573 3106 4614 manum
3137 4558 3385 4614 olfacies.

1809 4647 2013 4706 Verum
2047 4649 2237 4706 isthrec
2264 4649 2653 4706 exercitatione
2674 4651 2849 4721 prius,
2875 4667 3040 4723 quam
3073 4651 3384 4714 ratiocinio,

1809 4742 1989 4812 quivis
2023 4740 2262 4812 experiri
2291 4742 2469 4796 valeat
2505 4761 2518 4798 :
2559 4757 2736 4814 neque
2776 4743 2864 4800 his
2895 4743 3104 4800 diutius
3134 4745 3387 4801 insistere

1809 4833 1960 4900 libet,
1983 4833 2052 4888 de
2078 4834 2275 4905 quibus
2305 4834 2511 4889 nullam
2564 4850 2725 4905 spero
2748 4875 2764 4901 ,
2799 4835 2942 4908 apud
2969 4835 3226 4892 cordatos
3277 4836 3386 4892 sal-

1805 4933 1936 4992 tem,
1970 4928 2400 4984 controversiam
2430 4927 2692 4985 futuram.

2295 5018 2383 5070 III.
2417 5019 2494 5071 De
2510 5022 2642 5082 stylo
2662 5020 2886 5072 Eusebii.

1873 5120 1970 5177 Est
2004 5135 2168 5192 porro
2197 5122 2321 5192 styli
2357 5138 2531 5193 genus
2562 5122 2650 5177 hic
2682 5130 2742 5176 ut
2779 5122 2832 5176 iu
2875 5121 3000 5177 aliis
3048 5122 3169 5192 ejus
3198 5122 3381 5192 operi-

1804 5213 1928 5277 bus,
1951 5214 2110 5282 quale
2132 5213 2392 5268 describit
2416 5212 2642 5269 Photius
2666 5214 2721 5268 in
2748 5213 3099 5277 Bibliotheca,
3115 5230 3266 5268 num.
3292 5214 3374 5269 15:

1803 5307 1915 5379 Τὴν
1955 5307 2012 5361 δὲ
2047 5307 2245 5378 φράσιν
2285 5308 2384 5360 οὐκ
2413 5307 2562 5360 ἔστιν
2604 5307 2876 5376 οὐδαμοῦ,
2917 5305 3040 5359 οὔτε
3075 5306 3226 5377 ἡδὺς,
3252 5306 3376 5359 οὕτε

1799 5394 2144 5468 λαμπρότητι
2202 5397 2428 5468 χαίρων.
2487 5395 2811 5468 Πολυμαθὴς
2860 5396 2918 5450 δέ
2954 5398 3102 5451 ἐστιν
3136 5399 3166 5449 ὁ
3210 5397 3372 5466 ἁνήρ,

1800 5489 1904 5543 hoc
1932 5497 2017 5543 est
2043 5508 2055 5543 :
2091 5487 2334 5544 Dictione
2361 5497 2536 5542 autem
2558 5505 2816 5560 nusquam
2833 5490 3024 5549 .suavis
3049 5498 3128 5543 est
3147 5527 3162 5552 ,
3209 5502 3373 5556 neque

1797 5581 2058 5652 elegantia
2084 5592 2322 5638 ornatus.
2353 5581 2765 5637 Eruditissimus
2797 5592 2972 5636 tamen
2999 5581 3078 5635 vir
3103 5589 3203 5635 est.
3247 5575 3372 5650 Sty-

1796 5678 1884 5735 ius
1911 5677 2096 5748 itaque
2115 5679 2244 5748 ejus.
2263 5678 2510 5734 nonnihil
2553 5679 2826 5752 strigosus
2852 5686 2906 5735 et
2939 5678 3230 5750 perplexus
3259 5682 3366 5740 est,

1796 5783 1904 5826 non
1938 5776 2054 5826 arte
2083 5769 2306 5827 limatus
2332 5788 2354 5826 ι
2377 5771 2553 5828 oratio
2599 5771 2801 5830 nedum
2846 5778 3104 5828 excurrat
3157 5770 3363 5835 libere.
