3994 6448
503 352 568 404 t9
1198 347 1464 408 EUSEBH
1505 350 1980 412 CESARIENSlS
2018 347 2166 406 ore.
2211 340 2394 402 rans
2433 331 2523 391 m-
2571 372 2635 384 —
2675 345 3081 402 exsomnes.
3693 347 3763 401 so

499 467 636 522 adeo
660 468 914 522 intricata
937 468 1256 538 plerumque
1283 477 1400 536 est,
1432 478 1491 523 ut
1519 471 1808 541 scriptoris
1839 481 2071 526 mentem
2102 479 2142 535 Α
2174 479 2329 535 sunt,
2366 471 2444 524 ita
2470 472 2531 521 ut
2571 466 2824 522 divinitus
2865 467 3157 520 immissum
3189 465 3290 520 sibi
3329 465 3598 536 ﬂagellum
3640 467 3764 517 aui-

497 561 584 614 vis
611 575 928 630 assequare.
965 559 1227 616 Periodos
1266 562 1340 615 ita
1385 564 1626 632 prolixas
1666 566 1852 626 ducit,
1889 570 1948 618 ut
1971 579 2070 617 ex-
2180 565 2582 627 madverterent,
2627 560 3056 632 palinodiamque
3083 569 3362 622 canerent,
3414 574 3476 632 ac
3509 557 3762 613 Ecclesia

495 658 726 706 tractam
755 653 980 723 longius.
998 653 1217 717 seriem,
1247 655 1293 708 si
1322 655 1450 724 quid
1487 655 1610 709 novi
1652 656 1819 710 menti
1854 672 2077 712 succur—
2179 657 2345 711 Deum
2384 672 2636 728 magnum
2689 669 2997 724 rerumque,
3041 662 3091 707 et
3127 653 3299 706 solum
3333 629 3760 708 esseoDominum

495 744 665 810 terit,
711 743 946 800 subinde
1002 745 1329 814 intercipiat,
1365 746 1492 800 dum
1541 763 1842 816 suspensus
1889 751 2075 804 animo
2177 750 2575 818 conﬁterentur,
2607 763 2916 817 summaque
2948 761 3076 799 cura
3107 745 3465 814 pra'ciperent,
3493 752 3546 795 ut
3572 743 3762 796 civitas

497 834 685 898 lector,
719 849 821 890 nec
861 851 971 906 quo
1003 835 1291 898 deducere,
1328 853 1427 891 nec
1481 838 1570 892 ubi
1603 839 1856 895 claudere
1912 857 2075 912 argu-
2175 841 2272 894 illa
2305 839 2419 904 Dei,
2453 840 2517 893 ab
2563 856 2618 893 se
2641 838 2768 892 olim
2826 839 3132 906 impugnata
3158 876 3174 898 ,
3218 845 3640 898 restauraretur,
3693 852 3757 887 ac

494 935 739 981 mentum
762 929 912 994 velit,
935 929 1240 998 intelligere
1267 931 1430 985 valet.
1460 930 1616 996 Quod
1645 933 1879 988 maxime
1908 933 1993 988 bis
2015 936 2071 988 in
2174 931 2343 986 denuo
2366 941 2780 986 construeretur.
2805 929 3072 984 Videlicet
3092 929 3342 985 Galerius
3373 929 3751 989 Maximianus.

494 1020 905 1075 commentariis
941 1021 1328 1084 observes,ubi
1359 1031 1648 1092 perpetuus
1677 1033 1920 1080 veterum
1951 1042 2071 1081 ver-
2173 1025 2264 1092 qui
2312 1023 2579 1078 vermium
2651 1019 2820 1076 fetore
2882 1021 3245 1091 computruit,
3280 1029 3340 1074 ut
3386 1021 3544 1074 habet
3587 1019 3754 1073 Euse-

495 1109 733 1176 sionum,
764 1127 886 1181 qua:
910 1121 967 1165 ut
1002 1111 1294 1181 plurimum
1351 1113 1704 1168 subbarham
1735 1125 1884 1180 sunt,
1910 1133 2066 1181 usus,
2172 1115 2294 1169 bius
2331 1113 2475 1167 Hist.
2529 1113 2656 1166 eccl.
2695 1113 2789 1167 lib.
2825 1128 2918 1165 vm
2951 1152 2965 1177 ,
3020 1126 3068 1165 c.
3105 1111 3201 1176 l6;
3250 1111 3389 1165 alius
3423 1112 3513 1180 qui
3560 1117 3756 1180 captus

494 1204 730 1274 aliquam
778 1205 918 1276 stylo
968 1205 1090 1274 ejus
1143 1208 1324 1262 intulit
1375 1209 1835 1279 peregrinitatem.
1884 1208 2070 1280 Neque
2173 1206 2352 1260 oculis
2381 1204 2573 1269 fertur,
2599 1214 2680 1259 est
2715 1203 3043 1258 Maximinus
3071 1201 3312 1258 Orientis
3341 1204 3653 1266 imperator,
3688 1210 3755 1256 ut

493 1302 674 1349 tamen
705 1310 802 1364 par
824 1295 1023 1364 ubique
1051 1298 1178 1368 styli
1204 1298 1341 1351 ratio
1384 1306 1504 1351 est:
1545 1313 1668 1351 nam
1714 1296 1804 1351 ubi
1861 1298 1928 1350 ad
1973 1299 2069 1353 de-
2171 1298 2246 1350 ait
2280 1296 2570 1360 Eusebius,
2609 1297 2648 1350 l.
2685 1313 2759 1358 Ix,
2791 1310 2842 1348 c.
2881 1295 2968 1348 10.
3025 1292 3326 1363 Utrumque
3357 1306 3486 1347 vero
3535 1294 3754 1363 palino-

492 1386 820 1456 scriptiones
853 1390 1103 1453 vertitur,
1158 1391 1354 1444 seriem
1394 1399 1626 1443 exornat
1669 1391 1850 1445 verbis
1903 1407 2065 1460 quam
2169 1388 2314 1441 diam
2346 1389 2614 1443 cecinisse
2643 1396 2832 1442 narrat
2859 1385 3127 1441 Eusebius
3161 1385 3248 1439 hic
3295 1396 3349 1440 et
3405 1387 3456 1437 in
3504 1384 3752 1439 Historia

488 1487 671 1546 potest
697 1479 1051 1547 lectissimis;
1087 1497 1196 1534 non
1246 1489 1302 1534 ut
1344 1481 1550 1534 otiosos
1599 1481 1746 1536 inani
1793 1483 2066 1553 voluptate
2166 1480 2546 1536 ecclesiastica.
2613 1477 2876 1533 Similiter
2929 1477 2994 1531 ad
3046 1478 3309 1546 psalmum
3342 1490 3582 1541 Lxxvm,
3635 1477 3754 1532 lizec

489 1569 814 1632 demulceat,
844 1571 938 1625 sed
971 1581 1030 1625 ut
1060 1587 1122 1627 ex
1147 1587 1328 1627 rerum
1359 1588 1481 1642 qua:
1519 1574 1621 1628 sub
1661 1584 1938 1643 aspectum
1974 1589 2066 1627 ca-
2168 1572 2330 1626 liabet
2363 1591 2376 1626 :
2435 1570 2614 1642 Neque
2667 1571 2837 1625 solum
2893 1571 2960 1623 iis
3025 1569 3151 1640 (qui
3206 1579 3446 1637 tempore
3495 1567 3748 1622 Antiochi

489 1661 626 1715 dunt
659 1662 1066 1731 pulchritudine
1120 1672 1175 1718 et
1224 1671 1528 1727 concentu,
1572 1664 1639 1716 ad
1686 1664 1897 1734 opilicis
1930 1680 2062 1718 con-
2168 1666 2320 1735 passi
2367 1665 2519 1737 sunt)
2554 1665 2663 1719 haec
2695 1665 2894 1718 tradita
2925 1664 3104 1732 fuere;
3153 1662 3390 1717 omnibus
3432 1663 3617 1732 quippe
3668 1664 3751 1716 si-

487 1753 894 1822 templationem
927 1755 1151 1808 alliciat.
1206 1753 1295 1808 Sic
1346 1753 1413 1808 ad
1462 1757 1732 1824 psalmum
1785 1771 1955 1818 xvm,
1997 1756 2064 1808 de
2166 1758 2318 1810 milia
2340 1758 2659 1825 patientibus
2695 1755 3747 1823 competunt:quiainpersecutionibus,

486 1860 654 1899 cursu
699 1845 831 1900 solis
862 1846 1140 1901 floridiore
1181 1847 1321 1917 stylo
1349 1847 1576 1902 mirifice
1615 1848 1902 1903 edisserit:
1927 1848 2063 1903 alias
2097 1829 2136 1883 Β
2164 1866 2281 1919 qua:
2311 1860 2492 1903 nostra
2514 1856 2668 1903 a’tate
2697 1849 3286 1918 contigerunt,sexcenti
3302 1860 3460 1916 supra
3479 1849 3750 1902 recensitis

487 1937 741 1991 similiter
769 1937 836 1993 de
871 1954 1037 1994 verno
1080 1947 1344 2010 tempore,
1382 1940 1558 2010 deque
1587 1955 1853 2010 aquarum
1881 1941 2064 1996 divor—
2164 1942 2363 1995 similia
2390 1949 2511 1995 sunt
2545 1941 2793 2010 perpessi.
2845 1939 2911 1992 Et
2946 1938 3012 1993 ad
3059 1939 3323 2008 psalmum
3375 1953 3462 2003 xc,
3497 1954 3640 1994 vers.
3682 1939 3745 2004 9,

487 2026 611 2090 tiis,
647 2043 770 2098 quae
815 2031 1206 2100 sapientissimi
1238 2031 1554 2087 Conditoris
1587 2041 1755 2087 nutus
1806 2032 1871 2086 ad
1905 2041 2064 2086 terrae
2165 2049 2224 2088 se
2257 2050 2363 2088 non
2396 2034 2560 2088 unius
2591 2042 2800 2087 tantum
2857 2032 2950 2087 sed
3003 2031 3361 2102 plurimarum
3413 2033 3750 2102 persecutio-

488 2119 698 2172 cultum
729 2131 784 2176 et
818 2120 1207 2176 fecunditatem
1260 2124 1596 2180 moderatur.
1646 2123 1835 2178 Divine
1883 2135 2061 2180 autem
2164 2141 2292 2179 num
2325 2133 2516 2179 testem
2547 2123 2718 2178 fuisse
2754 2131 2974 2186 narrat,
3008 2131 3378 2194 tyrannosque
3410 2139 3518 2178 non
3547 2123 3640 2178 diu
3675 2124 3748 2177 ab

484 2209 731 2280 loquitur
758 2213 931 2268 sicubi
962 2221 1153 2268 contra
1201 2230 1298 2270 eos
1347 2214 1656 2285 disceptat,
1712 2216 1803 2286 qui
1853 2223 2062 2287 tempe—
2164 2218 2314 2271 illata
2345 2215 2675 2272 Christianis
2708 2214 2882 2279 clade,
2936 2215 3158 2269 interitu
3216 2215 3402 2285 plexos
3437 2217 3521 2271 his
3551 2215 3747 2272 testifi-

483 2313 641 2359 rante
672 2303 891 2358 fortuna
921 2321 1102 2360 rerum
1139 2306 1498 2360 humanarum
1538 2307 1710 2361 aleam
1747 2307 1942 2364 cadere
1971 2323 2061 2362 ar-
2163 2319 2358 2366 catur:
2398 2309 2512 2365 Nos
2557 2320 2731 2364 autem
2769 2309 3040 2364 veritatem
3087 2310 3200 2379 ipsa
3249 2309 3603 2379 exemplorum
3659 2312 3744 2363 inv

483 2396 796 2462 hitrantur-;
829 2398 944 2452 sive
977 2399 1141 2453 etiam
1165 2438 1179 2460 ,
1229 2399 1322 2468 qui
1359 2413 1449 2453 res
1491 2414 1716 2462 omnes,
1773 2415 1894 2469 qua:
1935 2407 2062 2454 sunt
2164 2403 2533 2471 terpretatione
2561 2401 2906 2472 percepimus,
2932 2412 3202 2470 conspecto
3234 2401 3396 2455 uariis
3428 2400 3744 2469 temporibus

486 2489 690 2542 homini
722 2491 1071 2558 expetendae,
1103 2491 1381 2560 voluptate
1428 2494 1766 2546 metiuntur:
1803 2493 2058 2562 frequen-
2165 2491 2456 2558 Ecclesiam
2483 2491 2683 2546 Christi
2726 2492 3146 2561 impugnantium
3202 2490 3378 2554 exitu,
3421 2491 3511 2560 qui
3562 2491 3742 2559 confe-

485 2577 696 2632 tissime
736 2594 868 2633 vero
896 2580 1022 2633 illos
1051 2580 1322 2650 exagitat,
1377 2581 1470 2650 qui
1529 2580 1788 2635 mundum
1838 2581 2072 2635 fortuito.
2163 2587 2326 2651 stim,
2362 2602 2425 2639 ne
2454 2586 2707 2638 diuturno
2740 2593 2856 2653 post
2886 2596 3131 2652 tempore,
3163 2582 3408 2636 debellati
3436 2591 3578 2636 sunt.
3623 2579 3744 2652 ipso

483 2683 549 2722 ac
576 2684 642 2724 ex
676 2671 969 2726 temerario
998 2674 1230 2740 partium
1267 2687 1536 2727 concursu
1567 2682 1758 2740 Sponte
1789 2674 2059 2730 coaluisse
2163 2692 2398 2748 namque
2419 2677 2630 2732 viderat
2671 2676 3061 2730 Diocletianum
3085 2715 3100 2738 ,
3158 2673 3541 2728 Maximianum
3583 2673 3744 2729 Gale-

482 2759 822 2827 pugnabant,
858 2761 911 2814 in
967 2760 1164 2832 hisque
1222 2777 1352 2818 sane
1410 2764 1718 2821 invenimus
1765 2764 2060 2822 Eusebium
2161 2770 2325 2834 rium,
2351 2768 2702 2824 Maximinum
2725 2775 2780 2823 et
2808 2766 3076 2822 Licinium
3103 2806 3117 2830 ,
3161 2767 3259 2837 qui
3301 2766 3357 2821 in
3393 2766 3742 2822 Christianos

482 2847 721 2904 Eusebio
755 2851 1166 2921 elegantiorem.
2161 2858 2532 2913 carniﬁcinam
2559 2865 2952 2920 exercuerant,
3013 2854 3255 2910 infausto
3298 2857 3491 2912 mortis
3544 2870 3764 2928 generc'

544 2964 624 3017 Ν.
651 2958 898 3017 Maximini
919 2950 1244 3019 carnificinam
1278 2975 1332 3018 ut
1352 2973 1575 3023 oculatus
1601 2975 1743 3022 testis
1763 2979 2000 3023 memorat
2161 2950 2412 3020 Periisse-

1139 3031 1397 3082 Eusebius.

2332 3059 2410 3110 Vl.
2438 3059 2546 3121 Quo
2568 3066 2791 3124 tempore
2813 3061 2904 3110 hos
2927 3061 3303 3111 commentarios
3323 3061 3558 3110 ediderit.

551 3111 695 3168 ΑΞνο
745 3129 848 3169 suo
907 3122 1249 3185 grassantem
1296 3115 1575 3171 Maximini
1611 3117 1666 3171 in
1719 3116 2062 3173 Christianos

481 3204 856 3259 carnificinam
887 3213 947 3259 ut
980 3206 1233 3261 oculatus
1283 3208 1442 3263 testis
1481 3215 1746 3263 memorat
1809 3209 1876 3263 ad
1919 3209 2056 3278 psal.
2089 3179 2134 3244 Ο

480 3313 669 3360 xxxvl,
692 3297 784 3352 ubi
820 3308 1108 3368 postquam
1138 3300 1417 3370 gentilium
1444 3302 1834 3356 immanitatem
1870 3317 2059 3357 recen-

481 3390 614 3456 suit,
646 3390 761 3450 hac
795 3391 1018 3448 subdit:
1057 3393 1265 3464 Ὥσπερ
1305 3394 1361 3446 δὲ
1389 3394 1560 3448 ταῦτα
1609 3396 2056 3467 ἱστορησάμενοι,

477 3479 622 3536 οὕτω
649 3482 745 3544 καὶ
765 3482 862 3555 τὴν
885 3483 1246 3555 μετελθοῦσαν
1290 3486 1488 3549 αὐτοὺς
1517 3485 1652 3540 Θεοῦ
1685 3488 1840 3558 δίκην
1872 3489 2059 3543 τεθεά-

482 3577 658 3650 μεθα,
709 3577 964 3647 τοιαύτην
1025 3578 1356 3649 γενομένην,
1402 3578 1476 3642 ὼς
1535 3581 1610 3650 μὴ
1671 3581 1934 3653 ἁμαρτεῖν
1967 3584 2057 3636 τὸν

479 3670 727 3736 φήσαντα
759 3669 992 3738 ἀληθῶς,
1023 3669 1120 3740 τὴν
1149 3669 1419 3740 ῥομφαίαν
1454 3672 1631 3725 αὐτῶν
1657 3673 2058 3745 εἰσεληλυθέναι

477 3763 560 3824 ’ἒς
590 3763 690 3832 τὴν
732 3762 957 3834 καρδίαν
1005 3763 1212 3826 αὐτῶν,
1258 3765 1352 3828 καὶ
1399 3763 1467 3818 τὰ
1535 3763 1664 3829 τόξα
1715 3765 1892 3819 αὐτῶν
1934 3783 2058 3819 συνο

476 3853 781 3925 τετρίφθαι,
812 3853 866 3907 id
894 3863 976 3908 est
1009 3873 1020 3908 :
1050 3853 1115 3908 Ut
1133 3865 1307 3908 autem
1327 3855 1436 3910 hwc
1457 3855 1701 3920 vidimus,
1729 3859 1803 3910 ita
1826 3869 1875 3912 et
1905 3860 2060 3913 ultio-

477 3964 593 4004 nem
618 3946 715 4002 Dei
740 3949 881 4015 ipsos
913 3946 1242 4002 invadentem
1264 3949 1616 4017 suspeximus,
1649 3965 1765 4020 qua:
1790 3951 1914 4004 talis
1947 3951 2026 4004 uti
2039 3980 2055 3992 -

476 4053 573 4108 que
619 4038 742 4106 fuit,
770 4047 828 4091 ut
867 4039 999 4096 nihil
1028 4039 1349 4101 alteri-atterit
1405 4041 1450 4093 is
1494 4040 1587 4108 qui
1633 4039 1788 4106 dixit,
1819 4041 2058 4111 gladium

474 4147 658 4190 eorum
697 4131 925 4199 inﬁxum
951 4132 1006 4183 in
1040 4130 1202 4184 corda
1243 4132 1514 4198 ipsorum,
1573 4140 1622 4185 et
1669 4149 1824 4187 arcus
1876 4150 2055 4188 eorum

474 4222 773 4290 confractos
821 4239 953 4280 esse.
991 4223 1056 4278 Et
1085 4223 1212 4278 alibi
1245 4243 1258 4278 :
1295 4223 1425 4289 Quis
1483 4235 1657 4279 autem
1708 4228 1874 4282 oculis
1931 4245 2054 4293 con-

483 4314 770 4380 templatus.
831 4316 1022 4383 impios
1086 4316 1234 4387 (nam
1285 4315 1472 4380 Graeca
1527 4318 1837 4391 compendii
1890 4333 2055 4374 causa

473 4404 766 4476 mittimus)
797 4407 887 4477 qui
943 4423 1051 4461 ωυο
1095 4418 1275 4463 nostro
1306 4426 1371 4463 ea:
1399 4410 1618 4478 divitiis,
1651 4410 1844 4481 gloria,
1875 4410 2056 4481 digni-

476 4493 673 4549 tatibus
706 4496 759 4550 in
798 4496 1154 4552 admiratione
1215 4499 1380 4568 fuere,
1411 4502 1468 4555 in
1529 4502 1827 4572 multasque
1881 4513 2056 4572 gentes

472 4585 752 4653 imperiunt
783 4585 1071 4653 obtinuere,
1106 4598 1310 4658 repente
1352 4590 1418 4643 ab
1459 4591 1558 4644 hac
1618 4591 1928 4645 celsitudine
1977 4593 2059 4645 la-

473 4691 616 4746 ptas,
647 4693 750 4731 non
780 4677 1015 4748 fateatur
1062 4696 1238 4733 verum
1266 4697 1377 4735 esse
1407 4682 1681 4735 oraculum
1704 4682 2010 4752 hujusmodi
2033 4685 2060 4740 7

2236 3163 2700 3222 Manilestissimis
2743 3167 2911 3238 igitur
2941 3167 3084 3222 nolis
3133 3167 3462 3237 iudiciisque
3495 3180 3616 3221 sese
3648 3164 3750 3218 ho-

2167 3274 2286 3313 rum
2318 3261 2835 3316 commentariorum
2878 3268 3156 3316 auctorem
3203 3261 3383 3330 prodit
3433 3259 3695 3315 Eusebius
3721 3278 3742 3314 :

2162 3344 2274 3417 iam
2307 3363 2437 3402 vero
2469 3356 2645 3403 restat
2689 3355 2751 3402 ut
2803 3351 3148 3419 exploremus
3189 3366 3299 3420 quo
3354 3359 3599 3421 tempore
3636 3351 3744 3404 hoc

2164 3452 2302 3507 opus
2334 3437 2589 3493 ediderit.
2625 3438 2740 3509 Qua
2772 3440 2840 3493 de
2875 3456 2934 3494 re
2973 3457 3038 3494 ex
3088 3457 3200 3494 uno
3238 3450 3447 3495 tantum
3501 3443 3621 3496 loco
3663 3442 3750 3495 lu-

2164 3542 2283 3583 cem
2311 3531 2548 3583 mutuari
2587 3530 2732 3586 licet.
2769 3529 2864 3585 Est
2899 3532 2946 3587 is
3003 3532 3056 3584 in
3117 3533 3329 3598 psalmo
3381 3548 3630 3595 Lxxxvu.
3668 3532 3744 3586 ad

2164 3620 2310 3676 hunc
2359 3637 2577 3677 versum
2613 3621 2907 3692 :Nunquid
2961 3625 3183 3677 mortuis
3231 3623 3393 3692 facies
3432 3623 3752 3679 mirabilia?

2164 3714 2256 3769 ubi
2295 3715 2376 3770 sic
2423 3714 2585 3769 habet
2619 3733 2632 3768 :
2674 3715 2737 3767 El
2769 3715 2830 3768 δέ
2855 3733 2938 3781 τις
2971 3715 3096 3770 νοῦν
3137 3718 3449 3787 ἐπιστήσειε
3479 3720 3589 3780 τοῖς
3617 3716 3742 3770 καθ’

2161 3809 2309 3878 ἡμᾶς
2339 3808 2479 3878 ἀμφὶ
2503 3806 2565 3860 τὸ
2587 3808 2774 3878 μνῆμα
2791 3809 2883 3861 καὶ
2917 3808 2975 3860 τὸ
3010 3807 3308 3881 μαρτύριον
3341 3809 3434 3862 τοῦ
3486 3808 3742 3880 Σωτῆρος

2163 3896 2318 3968 ἡμῶν
2361 3896 2750 3950 ὲπιτελεσθεῖσι
2806 3897 3160 3968 Θαυμασίοις,
3190 3898 3404 3970 ἀληθῶς
3445 3897 3645 3951 εἴσεται
3679 3898 3744 3950 ὂ-

2163 4005 2284 4052 πως
2324 3989 2673 4061 πεπλήρωται
2702 3989 2886 4062 ἔργοις
2929 3991 2996 4043 τὰ
3033 3990 3427 4061 τεθεσπισμένα
3454 4030 3468 4054 ,
3523 3989 3576 4044 id
3617 3999 3752 4045 esu.

2166 4081 2318 4148 Quod
2347 4084 2393 4135 si
2425 4083 2540 4153 quis
2581 4084 2816 4136 animum
2848 4083 3095 4136 adhibeat
3115 4085 3213 4148 iis,
3242 4100 3357 4154 qua!
3383 4092 3561 4137 nostra
3606 4092 3742 4136 tem-

2161 4189 2284 4241 pore
2313 4174 2389 4228 ad
2418 4175 2713 4243 sepulcrum
2761 4186 2812 4230 et
2864 4177 3182 4246 martyrium
3238 4176 3531 4230 Saluatoris
3564 4176 3758 4229 nostri.

2161 4278 2378 4336 patrata
2411 4278 2554 4334 sunt,
2587 4269 2919 4323 mirabilibus
2941 4308 2957 4335 ,
3007 4271 3051 4322 is
3093 4287 3218 4324 sane
3248 4269 3584 4338 deprehendet
3632 4283 3748 4339 quo

2161 4370 2316 4428 pacto
2344 4377 2406 4414 ea
2434 4351 2550 4431 qua:
2594 4362 2954 4430 prwnuntiata
2987 4361 3236 4429 fuerant,
3285 4378 3433 4428 opere
3477 4359 3738 4430 completa

2163 4452 2290 4506 sint.
2318 4451 2395 4506 De
2427 4453 2709 4507 miraculis
2751 4453 2806 4507 in
2841 4454 3094 4523 sepulcro
3127 4461 3180 4507 et
3227 4454 3489 4524 martyrio
3530 4453 3737 4508 Clu-isti

2089 4545 2138 4604 D
2163 4543 2324 4598 editis
2348 4559 2418 4598 ne
2441 4545 2666 4598 verbum
2695 4544 2912 4614 quidem
2940 4543 3206 4599 Eusebius
3233 4545 3286 4598 in
3330 4545 3445 4598 Vita
3475 4543 3739 4599 Constan-

2165 4635 2302 4699 tini;
2331 4635 2434 4690 etsi
2457 4636 2752 4698 detectum,
2779 4645 3005 4690 curante
3033 4635 3232 4691 Helena
3254 4677 3267 4699 ,
3319 4639 3629 4706 sepulcrum
3677 4644 3752 4690 et

2161 4727 2485 4797 martyrium
2537 4735 2821 4794 memoret,
2853 4734 3186 4782 exstructam
3245 4726 3435 4781 eodem
3490 4727 3607 4781 loco
3637 4741 3737 4796 per

596 4790 655 4840 ν·
677 4791 906 4854 namque
933 4793 1142 4843 auorum
1175 4794 1437 4845 Christiani
1465 4798 1677 4846 "ominis
1699 4797 1932 4847 hostium
2158 4790 2579 4874 Constantinum
2609 4790 3204 4890 magnificentissimam
3250 4818 3537 4873 ecclesiam
3573 4833 3700 4872 enar
3727 4848 3740 4860 ς

543 4893 752 4952 Diserte
779 4913 908 4953 vero
963 4897 1031 4952 ad
1081 4901 1231 4970 psal.
1290 4913 1439 4954 xtvn
1489 4901 1713 4971 quinam
1777 4903 1855 4958 illi
1897 4904 2056 4960 Chri-
2159 4921 2238 4968 ret
2266 4954 2280 4978 ,
2313 4913 2579 4984 synodum
2605 4912 2659 4966 in
2685 4913 2932 4982 ejusdem
2956 4913 3200 4967 ecclesia:
3226 4911 3483 4967 encamiis
3510 4927 3608 4966 seu
3637 4911 3738 4966 de-

471 4986 777 5040 etianorum
831 4989 1118 5045 carnifices
1182 4991 1580 5060 imperatores,
1635 5003 1829 5064 etquo
1862 4996 2056 5051 mortis
2159 5006 2432 5060 dicatione
2493 5005 2820 5062 celebratam
2893 5020 3036 5060 anno
3092 5006 3238 5072 335,
3298 5005 3606 5059 minutatim
3677 5015 3738 5058 et

469 5095 670 5168 genere
701 5081 905 5136 sublati
937 5083 1049 5138 sint
1076 5094 1304 5140 enarrat
1344 5087 1426 5143 his
1460 5089 1640 5144 verbis
1673 5108 1687 5143 :
1729 5087 1864 5143 Ha'c,
1897 5105 2054 5157 porro
2159 5097 2383 5168 κομψῶς
2411 5097 2705 5154 describat.
2732 5096 2932 5152 Verum
2971 5097 3063 5151 hic
3096 5097 3165 5150 de
3195 5096 3473 5151 miraculis
3504 5097 3588 5166 agi
3612 5111 3736 5165 qua:

470 5190 620 5242 opere
651 5177 913 5247 completa
959 5194 1056 5232 nos
1099 5180 1228 5247 ipsis
1261 5182 1427 5235 oculis
1457 5183 1779 5251 percepimus
1807 5198 1825 5235 :
1865 5181 2054 5253 quibus
2159 5203 2188 5242 a
2243 5187 2458 5252 Rufino,
2495 5187 2733 5259 Sulpicio
2764 5187 2986 5253 Severo,
3015 5188 3270 5252 Socrate,
3327 5187 3632 5242 Sozomeno
3679 5196 3736 5241 et

470 5289 598 5326 sane
628 5274 908 5328 uerisimile
937 5285 1015 5329 est
1045 5286 1279 5344 posteros
1314 5287 1522 5330 nostros
1554 5276 1856 5330 incredulos
1877 5316 1891 5340 ,
1934 5293 2054 5329 cum
2158 5279 2502 5334 Theodoreto
2534 5288 2908 5343 recensentur,
2936 5294 3005 5335 ne
3038 5279 3300 5348 ambigas.
3333 5279 3501 5333 Aiunt
3529 5293 3734 5351 quippe

472 5368 586 5428 hac
613 5364 851 5432 audient,
880 5368 1040 5437 fidem
1064 5385 1168 5424 non
1195 5369 1467 5424 habituros
1490 5387 1623 5425 esse.
1650 5369 1916 5441 Quotquot
1949 5374 2050 5441 igi-
2160 5373 2259 5434 illi,
2295 5374 2509 5428 afllante
2539 5374 2763 5428 numine
2825 5373 3002 5427 locum
3049 5373 3288 5442 sepulcri
3328 5371 3587 5427 Helenam
3635 5371 3734 5425 de-

474 5469 562 5513 tur
595 5477 703 5515 cura
739 5470 920 5514 nostra
952 5461 1096 5531 fuere
1127 5461 1380 5516 Ecclesia:
1409 5463 1503 5517 Dei
1542 5464 1764 5536 inimici,
1791 5465 2049 5532 principes
2158 5466 2379 5529 texisse,
2412 5473 2525 5519 tres
2559 5465 2630 5518 ibi
2665 5479 2858 5518 cruces
2886 5469 3131 5533 repertas
3156 5478 3307 5528 esse;
3354 5463 3731 5532 haerentesque

471 5554 630 5623 hujus
649 5555 844 5609 sarculi-
863 5564 914 5609 et
953 5557 1168 5626 tyranni
1193 5596 1208 5619 ,
1251 5557 1506 5612 divinitus
1537 5559 1792 5614 immissis
1821 5559 2052 5630 ﬂagellis
2157 5573 2347 5614 omnes
2371 5573 2617 5629 quamam
2650 5573 2717 5613 ex
2769 5557 2945 5611 tribus
2974 5556 3178 5612 Christi
3210 5557 3506 5626 suspendio
3531 5571 3732 5611 conse-

471 5643 700 5710 laniati;
729 5645 830 5700 alii
869 5647 1080 5718 quidem
1125 5649 1358 5716 corporis
1399 5649 1596 5702 cariem
1639 5651 1870 5716 perpessi
1901 5657 2049 5713 sunt,
2155 5659 2305 5706 erata
2334 5651 2546 5714 fuisset,
2576 5648 2743 5704 dubio
2776 5647 2993 5705 tandem
3028 5649 3233 5704 levatos
3265 5647 3434 5704 fuisse
3455 5689 3471 5714 ,
3512 5663 3637 5704 cum
3669 5647 3728 5703 in

472 5745 530 5793 nt
561 5738 723 5790 etiam
755 5737 832 5792 vel
865 5737 1037 5793 adhuc
1093 5739 1315 5794 uiuentes
1366 5755 1484 5792 cum
1511 5740 1848 5796 intolerabili.
1884 5738 2051 5804 [ctare
2155 5742 2418 5798 extremis
2443 5755 2608 5812 agens
2648 5739 2863 5804 mulier,
2895 5755 2959 5795 ex
3005 5739 3234 5798 aliarum
3299 5747 3557 5798 contactu
3589 5738 3728 5794 nihil

473 5827 729 5883 t-mm'bus
761 5839 1065 5886 scaterent:
1117 5833 1211 5884 alii
1271 5833 1488 5886 rit-entes
1540 5833 1662 5888 item
1710 5833 1875 5888 oculis
1911 5834 2051 5900 capti
2159 5833 2378 5890 remedii
2425 5840 2755 5898 consecuta,
2806 5833 3021 5889 admota
3075 5834 3286 5889 demum
3338 5846 3463 5886 vera
3519 5830 3727 5894 Christi
