3994 6448
208 383 272 436 21
997 375 1504 432 ΕΟΜΜΕΝΤΑΒΙΑ
1544 375 1609 428 1N
1640 374 1758 428 PSA

1860 375 1981 431 [05.
2030 407 2092 416 -—
2132 376 2676 435 PRAELIMINARIA.

3399 383 3471 439 32

208 514 400 560 cruce,
441 496 624 552 statim
658 510 686 548 a
719 495 906 549 morbo
926 495 1142 564 penitus
1166 503 1432 557 recreata,
1455 505 1509 549 et
1547 496 1796 564 pristina
1827 504 1870 556 Α
1900 497 2091 550 lentim
2127 511 2258 550 vero
2296 497 2581 552 ratiocinia
2610 497 2839 567 profert,
2886 499 3042 563 nihil,
3075 498 3220 570 quod
3253 501 3319 554 ad
3353 514 3466 554 rem

208 588 511 643 valetudini
544 586 792 641 restituta
818 594 921 640 est.
946 585 1082 641 Cum
1113 593 1291 640 autem
1323 587 1436 640 lucc
1482 601 1627 639 anno
1661 587 1786 650 527,

206 691 298 738 aut
323 680 635 750 insequenti
677 688 827 748 gesta
871 678 1012 742 sint,
1069 677 1196 731 hinc
1230 680 1587 749 consequitur
1617 677 1791 734 Euse-

204 775 354 830 bium
386 789 492 826 sua
518 773 570 826 in
594 770 844 827 Psalmos
879 773 1273 826 commentaria
1321 772 1422 826 sub
1450 773 1564 826 haec
1590 771 1794 827 edidis-

203 881 282 921 se.
316 862 512 933 Neque
543 871 720 916 tamen
756 861 941 916 statim
993 870 1181 931 postea
1209 902 1223 926 ,
1279 862 1373 917 sed
1433 863 1617 918 multis
1662 863 1790 916 hinc

200 955 408 1022 elapsis
441 958 599 1008 annis
628 953 741 1007 haec
771 953 1124 1008 elucubrasse
1177 953 1407 1008 suadere
1441 954 1657 1008 videtur
1686 970 1790 1009 vox

201 1046 326 1101 καθ’
358 1048 666 1116 quamqua
699 1055 881 1099 nostra
911 1055 1065 1100 (etate
1096 1045 1398 1115 signiﬁcat;
1427 1062 1603 1116 neque
1639 1047 1787 1100 enim

200 1154 299 1209 pro
325 1140 689 1208 praesentibus
715 1151 808 1195 aut
834 1142 906 1194 ita
939 1143 1160 1210 nuperis
1201 1144 1364 1198 rebus
1411 1143 1526 1197 lucc
1558 1143 1787 1213 loquen~

196 1232 253 1286 di
284 1232 430 1285 ratio
455 1246 553 1285 usu
578 1232 763 1286 venire
795 1232 952 1286 solet.
992 1231 1083 1286 Sic
1134 1235 1224 1287 ille
1267 1249 1389 1288 cum
1421 1234 1488 1289 de
1540 1237 1785 1307 tyrannis

199 1324 329 1393 agit,
365 1323 464 1392 qui
495 1323 609 1391 jam
638 1324 838 1381 multos
877 1332 1004 1379 ante
1040 1338 1215 1380 annos
1261 1324 1373 1381 fato
1404 1324 1571 1380 functi
1603 1337 1780 1392 erant,

199 1428 330 1470 voce
359 1413 485 1468 καθ’
522 1416 670 1486 ἡμᾶς
702 1417 891 1482 utitur,
919 1431 1081 1486 quam
1104 1424 1283 1472 tamen
1313 1434 1582 1488 nusquam
1620 1436 1783 1474 usur-

200 1513 289 1576 pat
315 1519 445 1559 cum
481 1505 550 1560 de
579 1507 777 1568 rebus,
817 1523 938 1578 qua:
968 1508 1050 1561 vel
1093 1509 1186 1562 illo
1235 1509 1528 1573 scribente,
1563 1512 1644 1565 vel
1679 1527 1781 1565 nu-

199 1597 438 1668 perrime
468 1604 635 1667 gestze
660 1606 825 1664 sunt,
874 1600 1072 1669 agitur.
1124 1598 1325 1655 Verum
1365 1611 1420 1655 ut
1457 1602 1569 1658 haec
1603 1603 1780 1672 conje-

195 1691 394 1745 ctando
440 1691 618 1746 solum
652 1692 921 1758 dicimus,
979 1695 1054 1748 ita
1113 1705 1235 1765 post
1285 1710 1484 1750 annum
1517 1697 1662 1761 527,
1713 1714 1775 1753 ea

194 1797 356 1853 quam
389 1798 562 1852 supra
590 1783 830 1839 diximus
879 1785 946 1841 de
975 1801 1140 1842 causa
1162 1827 1178 1850 ,
1223 1787 1397 1842 editos
1442 1797 1775 1843 commenta-

199 1875 307 1928 rios
340 1872 603 1928 alﬁrmari
637 1891 798 1946 posse
832 1885 1110 1948 putamus.
1174 1879 1378 1936 Detecti
1417 1881 1545 1936 item
1587 1879 1771 1934 Domi-

198 1965 300 2019 nici
332 1966 577 2035 sepulcri
625 1967 873 2022 meminit
911 1967 1178 2025 Eusebius
1211 1970 1278 2024 ad
1311 1971 1579 2041 psalmum
1611 1987 1768 2035 cvm,

194 2056 277 2110 bis
306 2057 532 2113 verbis:
569 2055 686 2111 Hoc
720 2069 893 2113 autem
920 2060 1124 2115 ediscas
1145 2101 1161 2125 ,
1209 2062 1258 2115 si
1313 2063 1607 2117 consideres
1668 2079 1773 2134 qua

194 2157 358 2201 mente
387 2149 502 2201 sint
522 2147 724 2213 Judaei,
751 2151 978 2205 videntes
1007 2151 1212 2224 quidem
1239 2154 1533 2207 veneranda
1561 2163 1611 2208 et
1641 2171 1770 2208 san-

191 2248 274 2290 cta
305 2254 404 2292 sua
427 2239 674 2308 funditus
705 2240 912 2308 deleta;
940 2244 1084 2299 illius
1115 2261 1231 2298 vero
1258 2247 1348 2315 qui
1379 2245 1443 2299 ab
1469 2247 1593 2313 ipsis
1621 2247 1770 2315 igno-

196 2329 352 2383 minia
383 2332 632 2400 a/fectss,
664 2349 724 2386 ac
754 2334 807 2388 in
843 2351 1046 2390 crucem
1077 2345 1126 2390 et
1155 2346 1375 2390 mortem
1407 2337 1633 2392 traditus
1666 2348 1766 2403 est,

193 2423 506 2490 sepulcrum,
540 2424 718 2480 studio
761 2434 811 2478 et
839 2425 1123 2481 honoribus
1161 2428 1448 2492 celebrari,
1501 2428 1766 2484 Ecclesias

195 2523 385 2576 autem,
419 2531 543 2583 qua:
578 2516 691 2586 ejus
719 2519 908 2572 virtute
951 2533 1045 2588 per
1091 2527 1258 2574 totum
1307 2519 1479 2576 orbem
1530 2521 1768 2591 fundam

178 2615 328 2686 _unt,
360 2608 417 2660 iu
442 2605 558 2662 dies
585 2624 898 2674 accrescere,
931 2618 1038 2665 etc.

796 2719 1026 2777 CAPUT
1071 2720 1164 2778 lY.

193 2850 257 2889 DD
292 2849 501 2890 CERERI
540 2850 964 2890 ιιςτειιιιιετλκηι
1006 2852 1251 2900 EUSEBII,
1288 2852 1457 2901 παῦε
1499 2854 1784 2904 Δητιοωε.

553 2921 900 2961 νειειοκιευε
937 2923 1002 2962 ΑΒ
1039 2923 1107 2962 80
1146 2922 1390 2963 Αιιλτιε.

197 2993 242 3050 1.
270 2995 662 3066 Interpretandi
685 3014 843 3066 genus
878 2997 1162 3054 Eusebium
1192 3002 1552 3054 commentarii
1575 3011 1762 3058 aucto-

256 3082 360 3120 rem
381 3069 583 3150 prodit.
604 3066 688 3120 Η.
728 3067 1125 3150 Qbservatiortes
1148 3071 1344 3123 critica:
1359 3073 1576 3148 eqregia:
1599 3081 1757 3127 uotae.

260 3134 378 3190 111.
410 3137 493 3191 De
539 3137 758 3191 litterati
802 3138 1187 3205 explanatione.
1222 3138 1325 3193 IV.
1376 3127 1453 3195 lle
1491 3151 1758 3205 mystago-

260 3158 378 3190 ΙΙΙ.
410 3158 493 3191 ue
539 3158 758 3191 ωηεν-(ιη
802 3158 1187 3205 etrptanatwne.
1222 3158 1245 3193 Ι
1269 3158 1325 3193 Υ.
1376 3158 1453 3195 νε
1491 3158 1756 3211 mystago-

254 3208 388 3329 gica.
433 3207 498 3260 V.
536 3207 794 3262 Eusebius
826 3209 1100 3278 Origenem
1157 3211 1424 3280 sequitur,
1461 3212 1556 3264 alii
1587 3210 1756 3267 Eusc-

287 3293 416 3329 tum.
451 3275 550 3329 VI.
579 3277 819 3329 Antiquis
849 3279 1213 3329 interpretibus
1245 3280 1532 3329 t'reauenter
1559 3284 1744 3329 utitur.

1905 587 2194 657 pertineat,
2222 588 2486 643 intactum
2522 589 2803 660 relinquit.
2840 588 3030 645 Parem
3062 591 3322 662 arguendi
3358 591 3464 645 vim

1897 686 1949 732 et
1979 678 2290 732 methodum
2315 680 2738 746 animadvertas,
2767 695 2891 734 cum
2912 696 3101 736 eorum
3133 683 3464 737 sententiam

1898 770 2142 839 depellit,
2179 771 2272 839 qui
2321 773 2534 825 numeri
2563 773 2830 827 rationem
2863 771 2930 825 ad
2963 773 3232 844 cujusque
3267 774 3462 844 psalmi

1897 859 2304 931 intelligentiam
2336 862 2582 917 conferre
2604 863 2916 932 pugnabant
2949 882 2962 917 :
2995 880 3155 934 quam
3183 864 3464 918 Philonia-

1892 966 2016 1004 nam
2051 952 2378 1020 explanandi
2415 956 2747 1021 methodum,
2780 961 2838 1008 ut
2870 955 3076 1010 [utilem
3108 965 3161 1011 et
3182 955 3463 1028 ἀπροσδιόο

1890 1059 2068 1107 νυςον,
2106 1044 2345 1114 explodit
2373 1043 2656 1100 Eusebius.

2267 1154 2353 1204 lli.
2384 1155 2458 1204 De
2481 1156 2684 1206 litterali
2704 1160 3069 1220 explanatione.

1956 1257 2270 1315 Litteralem
2295 1259 2638 1317 Psalmorum
2675 1275 2907 1319 mentem
2941 1265 3030 1319 ubi
3065 1266 3306 1335 explicat
3339 1264 3454 1321 Eu-

1886 1351 2092 1415 sebius,
2123 1353 2418 1420 genuinum
2443 1356 2602 1424 vulgo
2634 1371 2855 1413 sensum
2887 1359 3124 1428 attingit,
3160 1373 3334 1429 neque
3375 1360 3449 1413 ita

1883 1443 2198 1512 frequenter
2225 1444 2442 1499 aberrat
2492 1462 2523 1500 a
2573 1459 2742 1516 scapo
2770 1454 2824 1501 et
2862 1463 2892 1500 a
2935 1462 3063 1501 vera
3105 1438 3457 1502 Psalmorum.

1884 1537 2172 1592 sententia.
2206 1535 2408 1591 Aderat
2460 1538 2661 1608 quippe
2707 1537 2889 1608 opima
2939 1539 3031 1593 illa
3085 1538 3448 1610 Hexaplorum

1881 1630 2147 1699 supellex,
2181 1630 2324 1685 unde
2346 1639 2399 1684 ct
2429 1629 2754 1686 Hebraicam
2792 1633 3081 1688 lectionem
3115 1642 3168 1688 et
3203 1640 3446 1688 veterum

1879 1720 2231 1790 interpretum
2258 1721 2559 1776 versionem
2581 1723 2816 1777 mutuari
2839 1732 3045 1793 posset.
3067 1722 3252 1793 Neque
3275 1725 3443 1786 enim,

1877 1822 1935 1867 ut
1979 1829 2045 1866 ex
2091 1813 2177 1866 his
2215 1813 2627 1868 commentariis
2674 1813 3083 1884 deprehendere
3137 1815 3284 1874 licet,
3340 1812 3448 1869 lie-

1806 1909 1845 1962 Β
1872 1903 2054 1958 braice
2084 1904 2291 1973 peritus
2324 1903 2427 1957 t'uit
2460 1902 2727 1960 Eusebius
2753 1926 2764 1960 :
2791 1904 3061 1975 siquidem
3089 1905 3156 1960 de
3179 1903 3444 1960 Hebraica

1875 1995 1965 2050 ille
1997 1996 2226 2050 lectione
2266 1995 2584 2066 plerumque
2612 2012 2720 2050 non
2752 1997 2825 2050 ita
2851 1998 3013 2052 docte
3039 1995 3322 2063 edisserit,
3355 2004 3444 2051 ut-

1873 2091 1998 2152 pote
2026 2083 2118 2154 qui
2166 2083 2430 2138 llebraica
2484 2085 2688 2141 Graecis
2719 2083 2918 2140 litteris
2943 2100 3224 2156 expressa,
3259 2085 3441 2156 qualia

1872 2175 1927 2229 in
1955 2173 2212 2246 Hexaplis
2241 2186 2420 2241 erant,
2457 2185 2667 2232 tantum
2714 2178 2942 2249 legerit;
2975 2177 3072 2234 sed
3121 2179 3167 2234 si
3211 2178 3342 2249 quid
3374 2178 3442 2234 de
3534 2206 3537 2208 -

1868 2269 2094 2324 vocibus
2126 2277 2178 2323 ct
2213 2269 2408 2326 litteris
2433 2269 2716 2326 Hebraicis
2737 2270 2866 2324 hinc
2890 2269 3016 2324 inde
3050 2270 3253 2334 tradat,
3289 2269 3343 2326 id
3372 2285 3439 2325 ex

1870 2358 2109 2415 Hebraeis
2156 2369 2436 2415 mutuatus
2469 2368 2572 2416 est.
2623 2359 2689 2413 Et
2727 2359 2925 2414 mirum
2981 2374 3116 2415 sane
3159 2359 3438 2414 hominem

1865 2453 1960 2523 qui
2000 2453 2055 2507 in
2087 2452 2377 2508 Palaestina
2401 2460 2614 2508 aetatem
2642 2452 2770 2524 egit,
2797 2460 2921 2506 cum‘
2949 2449 3151 2506 Judzeis
3177 2450 3436 2522 frequen-

1865 2552 1949 2601 ter
1977 2559 2281 2600 sermonem
2312 2544 2523 2608 habuit,
2563 2541 2820 2614 llexaplis
2844 2553 2898 2598 et
2931 2541 3267 2598 Bibliotheca:
3306 2542 3439 2596 divi-

1863 2653 1945 2694 πω
1973 2651 2098 2692 cum
2146 2634 2433 2706 Pamphilo
2465 2642 2706 2707 martyre
2743 2633 3056 2704 digerendis
3087 2649 3308 2706 operam
3340 2634 3435 2696 de-

1861 2726 1963 2791 dit,
1994 2725 2258 2782 Hebraice
2287 2725 2617 2780 ineruditum
2647 2723 2855 2779 fuisse?
2892 2721 3218 2778 Doctoribus
3250 2729 3430 2780 autem

1862 2819 1979 2877 suis
2028 2819 2193 2875 nimis
2222 2819 2504 2874 credulum
2541 2832 2784 2890 persaepe
2812 2815 3210 2887 deprehendas,
3244 2822 3432 2886 utpote

1859 2912 1953 2983 qui
1983 2912 2244 2966 nonnulla
2271 2911 2546 2968 interdum
2588 2909 2798 2975 ati‘erat,
2833 2908 2922 2964 ubi
2951 2907 3261 2964 accuratior
3289 2908 3433 2961 noti-

1858 2985 1934 3062 tia
1978 3002 2364 3070 desideretur;
2397 3003 2632 3073 exempli
2685 3017 2854 3056 causa
2900 3001 2980 3055 ad'
3017 3001 3164 3054 hunc
3210 3014 3428 3055 versum

1858 3094 2052 3164 psalmi
2085 3109 2196 3159 cxi,
2237 3093 2320 3147 Ex
2348 3102 2498 3148 utero
2541 3101 2663 3146 ante
2705 3092 2983 3160 luciferum
3029 3091 3184 3162 genui
3230 3101 3298 3156 te,
3335 3091 3428 3145 ubi

1858 3184 2183 3242 Hebraieum
2217 3196 2432 3251 tamn,
2470 3182 2731 3238 Merehem
2774 3183 2968 3250 habet,
2994 3190 3054 3236 ut
3088 3181 3449 3253 probabilem.

287 3255 416 3330 iam.
441 3255 1744 3351 'VITLiHciiﬁtisiiiiiﬁiéiibii"ﬁié5u£n22;'uiiiii.
1779 3255 1824 3317 δ
1857 3277 2143 3349 cujusdam
2193 3278 2504 3350 opinionem
2542 3276 2720 3340 aﬂcrt,
2756 3276 2851 3346 qui
2890 3275 3119 3346 putabat
3164 3274 3254 3328 hic
3300 3273 3428 3328 bea-

193 3391 228 3441 t.
249 3388 609 3452 lnterpretandt
656 3405 814 3455 genus
833 3392 1101 3504 Eusegiiiim
1131 3396 1467 3446 commentarii
1499 3404 1748 3450 auctorem

873 3468 960 3504 nro
1040 3492 1052 3504 .

873 3468 1052 3518 prouu.

252 3553 426 3614 Hasce
485 3559 902 3615 commentarios
976 3574 1289 3630 germanum
1353 3578 1475 3619 esse
1530 3563 1748 3622 Eusebii

187 3662 336 3718 opus,
366 3665 480 3706 non
511 3665 576 3706 ex
607 3651 904 3721 praemissis
932 3652 1117 3717 modo,
1152 3654 1247 3709 sed
1280 3655 1442 3710 etiam
1479 3672 1545 3712 ex
1578 3657 1748 3714 inter-

191 3739 426 3807 pretandi
482 3756 697 3811 genere,
729 3757 793 3796 ex
843 3740 1123 3811 frequente
1157 3745 1250 3798 illo
1303 3751 1540 3800 veterum
1577 3746 1748 3803 inter-

190 3837 388 3896 pretum
421 3847 550 3896 usu,
596 3848 662 3888 ex
701 3829 996 3903 Scriptura;
1045 3849 1216 3888 sacrae
1272 3836 1462 3904 peritia
1496 3852 1748 3909 compro-

187 3918 356 3977 batur.
384 3921 484 3977 His
515 3939 575 3979 se
616 3925 838 3980 tesseris
867 3934 920 3980 et
963 3929 1298 3998 argumentis
1327 3929 1544 3985 exhibet
1573 3925 1748 3985 Euse-

191 4011 304 4070 bius
327 4017 413 4071 ille
443 4017 710 4088 Pamphili
762 4023 1014 4093 martyris
1065 4023 1270 4089 socius,
1305 4023 1557 4094 quicum,
1605 4032 1746 4081 teste

191 4099 538 4180 Hieronymo,
593 4109 840 4165 Divinam
892 4111 1272 4168 Bibliothecam
1334 4113 1744 4184 diligentissime

193 4201 588 4271 pervestigarat.
652 4200 778 4258 Tria
837 4213 1173 4273 porro-tcum
1251 4204 1439 4274 primis
1498 4214 1744 4262 contem-

193 4287 374 4355 planda
405 4294 565 4348 nobis
593 4293 746 4349 oﬁ‘ert
771 4295 1481 4366 celeberrimusinterpres:
1519 4296 1742 4353 criticas

194 4374 243 4428 in
265 4375 596 4436 Psalmorum
633 4383 878 4440 ordinem
916 4395 1095 4450 notas,
1127 4386 1625 4454 interpretationem
1652 4388 1742 4442 lit-

191 4466 434 4533 teralem,
492 4481 545 4525 et
601 4476 1019 4544 mystagogicam
1078 4475 1400 4545 explanandi
1453 4476 1630 4541 viam,
1675 4477 1742 4532 dc

195 4556 382 4624 quibus
413 4577 584 4631 pauca
612 4564 894 4634 praelibare
921 4581 950 4620 c
980 4581 1038 4621 re
1067 4564 1247 4621 fuerit.

407 4668 470 4720 ll.
497 4671 878 4723 Observationes
897 4676 1097 4735 criticis,
1119 4676 1336 4738 egregiae
1358 4680 1504 4725 notae.

258 4767 668 4831 Observationes
731 4775 946 4832 Eusebii
1001 4780 1204 4834 criticae
1233 4819 1248 4842 ,
1314 4779 1542 4850 egregiae
1598 4787 1748 4835 notas

193 4871 312 4916 sunt
349 4885 362 4920 :
391 4883 515 4922 nam
548 4877 742 4938 prazter
768 4886 829 4925 ea
856 4885 977 4940 quae
1012 4871 1066 4926 in
1100 4873 1519 4942 prmfationibus
1543 4873 1734 4928 l'erun-

197 4958 294 5010 tur.
321 4971 421 5009 nou
451 4961 754 5028 spernenda
787 4976 938 5026 sane,
971 4964 1139 5016 multa
1167 4964 1602 5033 expositionibus.
1619 4965 1734 5020 suis

195 5038 256 5092 de
284 5043 462 5101 ordine
489 5049 637 5103 etde
683 5057 907 5105 auctore
959 5052 1222 5123 cujusque
1271 5055 1461 5124 psalmi
1505 5053 1736 5110 subinde

199 5136 472 5203 praemittit,
496 5156 617 5209 quae
639 5142 900 5211 judicium
937 5146 1293 5215 peritiamque
1341 5148 1622 5216 scriptoris
1646 5163 1736 5202 ar-

195 5227 345 5305 guant
375 5241 390 5277 :
425 5241 529 5294 qua
561 5227 618 5280 in
664 5245 722 5284 re
753 5246 883 5286 sane
913 5234 1001 5285 vix
1030 5234 1339 5290 accuratius
1373 5237 1734 5305 sagaciusque

197 5300 435 5377 disputari
463 5333 622 5385 posse
645 5322 988 5376 aestimabunt
1012 5324 1190 5392 periti.
1221 5323 1278 5380 In
1304 5327 1387 5381 his
1416 5300 1594 5381 autem
1625 5300 1734 5383 Eu-

197 5396 382 5466 sebius,
412 5408 501 5475 qui
533 5425 809 5479 nunquam
845 5416 1165 5482 compendio
1199 5418 1428 5478 studuit,
1478 5419 1598 5475 sine
1632 5421 1734 5475 ali-

199 5495 294 5550 quo
321 5488 530 5549 lectoris
553 5498 715 5551 tmdio
746 5499 1030 5558 fastidiove
1058 5504 1322 5573 prolixius
1355 5507 1485 5576 agit.
1527 5507 1579 5561 ld
1603 5523 1732 5563 vero

201 5582 472 5638 pmsertim
513 5586 769 5643 observes
798 5589 854 5644 in
885 5593 1004 5661 ejus
1031 5593 1099 5648 de
1129 5594 1476 5652 Abimelecho
1521 5599 1729 5653 disser-

199 5664 402 5764 tatione,
433 5675 485 5729 in
515 5680 999 5748 perquisitionibus
1029 5684 1097 5740 de
1124 5701 1249 5740 vera
1277 5685 1618 5744 Psalmorum
1643 5706 1732 5745 se-

202 5763 345 5852 "_°_e_l
373 5763 434 5821 de
461 5785 717 5840 germano
743 5774 1012 5846 cujusque
1056 5787 1279 5834 auctore
1318 5800 1331 5835 :
1386 5782 1730 5852 maximeque

205 5842 284 5900 ubi
307 5850 368 5907 de
391 5861 593 5926 psalmo
613 5864 666 5919 in
702 5842 959 5938 spei—unca
981 5869 1207 5926 miriﬁce
1233 5871 1505 5930 edisserit.
1554 5842 1724 5930 Pede-

1856 3378 1965 3425 tam
1994 3370 2217 3426 Mariam
2241 3369 2526 3440 Deiparam
2552 3367 2804 3431 indicari,
2827 3366 2974 3438 quod
2997 3382 3128 3422 sane
3143 3363 3430 3437 ἀπροσδιό-

1856 3480 2014 3517 νυσον
2043 3469 2128 3518 est
2159 3481 2172 3517 :
2202 3477 2327 3516 nam
2358 3459 2557 3523 Maria,
2596 3475 2792 3514 nomen
2834 3458 2975 3528 apud
3027 3456 3281 3514 Ilebrzeos
3315 3455 3426 3510 ire-

1854 3555 2271 3627 quentissimum
2298 3561 2490 3618 omn,
2518 3549 2737 3604 Miriam
2760 3551 3138 3616 scribebatur;
3169 3556 3224 3605 et
3262 3545 3427 3604 Merc-

1853 3647 1969 3700 hem
1996 3644 2133 3699 nihil
2163 3643 2308 3699 aliud
2333 3658 2521 3713 quam,
2547 3657 2611 3696 ex
2633 3651 2802 3704 utero,
2833 3638 3128 3710 signiﬁcat.

2354 3755 2438 3808 ιν.
2462 3755 2540 3806 De
2561 3756 2909 3818 mystagogica.

1922 3857 2343 3930 Mystagogicam
2375 3857 2703 3927 explanandi
2735 3858 2902 3922 viam,
2947 3873 3054 3928 qua
3101 3857 3169 3912 ad
3218 3857 3423 3914 Christi

1849 3963 2138 4019 personam
2188 3949 2271 4004 vel
2303 3948 2623 4012 Ecclesiam,
2656 3949 2770 4012 sive
2811 3949 2879 4004 ad
2920 3949 3130 4005 ﬁdelem
3159 3949 3420 4012 animam,

1849 4049 1942 4097 aut
1966 4041 2183 4096 demum
2212 4041 2278 4095 ad
2301 4041 2575 4096 caelestem
2603 4039 2823 4096 Sionem
2847 4042 3029 4096 omnia
3061 4041 3416 4104 reducuntur,

1849 4133 2140 4190 admodum
2175 4133 2537 4204 irequentavit
2562 4133 2864 4189 Eusebius:
2891 4134 3019 4205 quia
3042 4133 3135 4188 illo
3155 4149 3269 4189 zevo
3291 4149 3412 4188 cum

1847 4225 2020 4282 Judaei
2073 4234 2335 4295 perpetuo
2362 4225 2693 4282 Christianis
2742 4224 3124 4296 obgannirent,
3158 4232 3321 4294 atque
3349 4240 3417 4279 ex

1844 4333 2010 4390 prave
2059 4319 2273 4373 detorta
2326 4316 2733 4386 Scripturarum
2769 4317 3064 4381 sententia,
3104 4317 3414 4372 Christiana

1844 4412 1912 4467 de
1942 4410 2231 4466 Servatore
2254 4409 2505 4481 dogmata
2534 4409 2879 4465 traducerent
2905 4411 2962 4464 in
2992 4410 3109 4466 dies
3130 4452 3145 4477 ,
3188 4411 3418 4479 scripto-

1843 4515 1933 4556 res
1977 4499 2337 4555 ecclesiastici
2380 4507 2594 4563 contra,
2632 4508 2690 4554 ut
2739 4500 3005 4570 petulanti
3056 4509 3111 4555 et
3162 4508 3415 4569 protervo

1770 4605 1815 4661 ι)
1845 4592 2030 4663 generi
2061 4599 2436 4659 occurrerent,
2463 4592 2643 4646 omnia
2677 4590 2744 4645 ad
2766 4590 3048 4646 Christum
3078 4599 3133 4646 et
3161 4591 3226 4645 ad
3255 4590 3417 4646 Chri-

1843 4681 1913 4734 sti
1941 4679 2242 4735 Ecclesiani
2274 4680 2584 4735 referebant
2630 4698 2647 4737 :
2699 4697 2800 4736 nec
2848 4681 3014 4736 modo
3057 4695 3123 4738 ea
3176 4696 3297 4751 qua:
3344 4681 3413 4736 de

1839 4769 2059 4826 Christo
2086 4778 2140 4827 et
2177 4771 2244 4826 de
2273 4769 2476 4826 Christi
2511 4771 2765 4827 ﬁdelibus
2795 4772 2999 4829 diserte
3029 4782 3081 4828 et
3125 4774 3410 4832 evidenter

1838 4861 2116 4916 enuntiata
2142 4859 2378 4925 fuerant,
2401 4860 2496 4916 sed
2526 4862 2692 4916 etiam
2721 4878 2861 4932 quae,
2894 4863 3041 4918 haud
3073 4865 3146 4918 ita
3173 4866 3411 4923 dilucido

1838 4961 2115 5014 enarrata,
2145 4962 2371 5022 possent
2399 4952 2454 5005 in
2481 4953 2747 5007 utramvis
2780 4963 2985 5024 partem
3017 4954 3272 5013 derivari.
3301 4956 3410 5013 Nec

1838 5051 2015 5098 tutum
2073 5051 2194 5098 erat
2245 5043 2359 5099 illis
2408 5044 2746 5114 temporibus
2792 5043 3187 5116 interpretandi
3243 5048 3405 5104 aliam

1835 5137 1976 5190 inire
2019 5136 2286 5190 rationem
2319 5152 2334 5190 ε
2367 5144 2518 5190 certe
2566 5151 2677 5191 non
2709 5137 2931 5207 impune
2981 5137 3084 5192 fuit
3115 5138 3406 5216 Theodoro

1836 5227 2238 5297 Mopsuesteno,
2264 5225 2409 5297 quod
2437 5227 2683 5298 neglecta
2704 5231 3076 5302 mystagogica
3107 5233 3219 5296 illa,
3255 5234 3401 5289 litte-

1833 5321 1934 5375 rati
1969 5321 2142 5375 solum
2169 5321 2494 5378 attenderet.

1902 5411 2170 5467 Caeterum
2204 5413 2352 5467 hunc
2377 5413 2704 5484 explanandi
2748 5417 2936 5481 ritum,
2990 5422 3211 5470 auctore
3241 5413 3401 5472 Chri-

1835 5512 1938 5567 sto,
1975 5506 2530 5561 commonstrantibus
2560 5507 2843 5576 apostolis,
2876 5507 3070 5562 sectati
3103 5515 3232 5563 sunt
3291 5502 3398 5560 Ec-

1834 5594 2015 5650 clesiae
2065 5595 2386 5665 scriptores.
2422 5596 2537 5651 Non
2568 5598 2731 5653 modo
2760 5599 2904 5654 enim
2937 5599 3019 5653 lex
3056 5605 3213 5654 vetus
3266 5598 3396 5669 legis

1831 5701 1985 5742 novae
2013 5687 2184 5757 ﬁgura
2216 5689 2459 5755 exstitit;
2491 5690 2586 5745 sed
2623 5693 2786 5746 etiam
2812 5708 2901 5750 res
2934 5693 2989 5746 in
3017 5691 3183 5746 veteri
3214 5690 3396 5747 Eccle-

1831 5779 1913 5834 sia
1970 5788 2155 5851 gestis,
2217 5781 2518 5851 pratsertim
2569 5783 2890 5851 nobiliores,
2943 5785 3136 5839 umbra
3191 5783 3394 5842 Christi

1829 5872 2055 5944 ejusque
2082 5872 2475 5945 discipulorum
2509 5883 2686 5936 erant.
2714 5874 2849 5933 Nam
2879 5877 2991 5932 hac
3025 5875 3203 5931 omnia
3245 5876 3296 5931 in
3323 5876 3390 5949 ﬁ-
