3998 6432
507 351 576 404 :35
1147 350 1453 410 {EUSEBH
1492 353 1972 414 CAESAKIENSIS
2008 358 2084 414 ΟΡ

2203 351 2383 408 PARS
2421 351 2514 405 lll.
2554 382 2626 392 --
2663 349 3079 407 EXEGETICA.
3685 360 3750 412 ﬂ

508 468 655 538 gurir
687 470 1055 540 contingebant
1081 470 1190 525 illis
1219 488 1236 525 :
1281 474 1479 543 scripta
1507 484 1630 527 sunt
1665 485 1841 530 autem
1885 479 1953 531 ad
1999 495 2092 531 no-
2123 483 2168 538 Α
2199 483 2284 526 rat
2321 471 2588 526 Eusebius
2614 469 2680 525 ad
2711 470 2975 541 psalmum
3007 467 3580 524 cxvm.Theodoretus
3610 469 3752 536 item,

509 572 678 615 stram
709 561 1128 618 admonitionem
1155 563 1210 635 (1
1237 563 1363 621 Cor.
1402 583 1457 629 x,
1487 568 1599 636 ll).
1626 566 1781 623 Unde
1811 567 2095 626 Tertullia-

511 669 616 707 nus
667 653 736 709 de
786 657 1198 712 resurrectione
1244 659 1450 722 carnis,
1505 659 1660 713 Talia
1707 661 1940 726 interim,
1994 664 2091 727 ait,

510 745 815 801 divinarum
846 749 1404 813 viriumlin‘eamema,
1455 768 1558 804 non
1604 753 1776 807 minus
1821 755 2094 822 parabolis

512 847 728 904 operata
756 839 888 902 Deo,
913 858 1072 911 quam
1108 841 1303 896 locuto.
1337 839 1481 896 Inter
1505 843 1796 912 prophetas
1829 853 2008 900 autem
2039 855 2094 903 et

510 939 840 997 praestantes
872 934 1044 999 viros,
1090 934 1185 1003 qui
1237 933 1292 987 in
1326 934 1492 988 veteri
1523 934 1640 1004 lege
1671 934 1879 992 Christi
1908 946 2092 1010 typum

514 1035 754 1089 gessere,
789 1038 950 1076 nemo
980 1023 1206 1093 pr0pius
1235 1039 1524 1093 personam
1548 1025 1667 1093 ejus
1697 1027 1903 1089 retulit,
1931 1043 2092 1098 quam

517 1110 713 1174 David,
745 1129 942 1184 genere
975 1115 1103 1169 item
1157 1117 1538 1188 prOpinquior.
1583 1118 1754 1186 Cujus
1795 1134 1906 1174 non
1932 1121 2095 1176 modo

514 1212 691 1274 gesta,
737 1206 832 1261 sed
881 1207 1050 1262 etiam
1097 1207 1242 1262 dicta
1299 1209 1353 1262 in
1403 1207 1638 1266 Psalmis
1669 1213 1994 1280 praisertim,
2027 1213 2094 1267 ad

512 1296 721 1354 Christi
753 1315 1044 1370 personam
1089 1299 1504 1371 Ecclesiamque
1559 1303 1857 1373 pertinere.
1908 1304 2095 1360 divino

514 1391 688 1460 ipsius
727 1389 932 1446 Christi
960 1407 1056 1447 ore
1078 1391 1394 1449 didicimus.
1421 1391 1515 1448 ille
1549 1407 1682 1448 vero
1711 1410 1908 1451 sensus
1929 1396 2094 1468 ἀλλη-

512 1481 863 1554 γορούμενος,
901 1484 1017 1539 sive
1049 1485 1489 1557 mystagogicus.
1548 1502 1657 1541 non
1693 1503 1723 1540 a
1769 1487 2095 1544 Christianis

512 1574 700 1642 modo,
733 1576 828 1631 sed
856 1577 1024 1631 etiam
1062 1591 1093 1631 a
1125 1576 1328 1633 Judaeis
1351 1578 1628 1636 adhibitus
1667 1587 1753 1635 est
1801 1599 1813 1634 :
1856 1581 1958 1636 etsi
1991 1581 2091 1643 illi,

518 1671 580 1721 ut
635 1667 897 1722 obczecati
933 1675 1097 1739 atque
1152 1670 1435 1725 sensilium
1489 1687 1670 1727 rerum
1716 1673 1856 1728 mole
1910 1675 2094 1728 obruti

512 1768 691 1822 erant,
725 1760 910 1813 omnia
945 1761 1010 1815 ad
1044 1777 1134 1816 res
1161 1764 1546 1832 temporarias,
1596 1750 1836 1827 divitias,
1887 1765 2089 1820 terreni

2197 567 2291 636 qui
2325 566 2648 635 plerumque
2677 564 2744 617 ab
2774 562 3078 617 Eusebiana
3107 562 3549 632 interpretatione
3596 563 3752 620 deﬁe-

2195 658 2318 721 ctit,
2355 673 2466 712 non
2499 671 2623 711 raro
2659 664 2838 711 tamen
2876 656 2966 709 illa
2998 670 3136 726 pene
3181 654 3248 709 ad
3293 655 3520 709 verbum
3567 656 3754 720 utitur,

2197 750 2305 806 etsi
2330 747 2579 804 breviore
2609 756 2669 802 ut
2697 747 2995 818 plurimum
3028 745 3209 817 stylo:
3246 761 3369 799 nam
3394 744 3674 810 Eusebius,
3701 757 3760 802 ut

2193 841 2307 911 jam
2361 840 2624 905 diximus,
2666 841 2739 893 ita
2776 840 3018 911 prolixas
3050 838 3280 893 subinde
3309 838 3559 907 periodos
3590 839 3757 904 ducit,

2197 933 2291 986 vix
2315 940 2374 987 ut
2404 933 2602 989 seriem
2631 931 3031 1002 deprehendas,
3065 938 3118 986 et
3146 931 3239 985 ubi
3269 930 3588 985 sententiam
3614 930 3761 984 clau-

2197 1024 2290 1079 dat
2323 1039 2434 1079 non
2469 1025 2544 1078 ita
2575 1023 2734 1079 facile
2756 1024 3080 1093 comperias.
3115 1021 3314 1075 Asterii
3343 1036 3472 1075 vero
3499 1021 3760 1090 interpre-

2197 1114 2332 1167 tatio
2380 1114 2578 1183 psalmi
2630 1128 2706 1175 iv,
2767 1127 2930 1183 quam
2984 1111 3378 1167 commentario
3431 1108 3651 1166 Eusebii
3705 1111 3760 1165 in

2199 1205 2449 1260 eumdem
2485 1205 2754 1276 psalmum
2791 1203 3195 1273 subjunximus,
3245 1218 3275 1255 a
3319 1202 3553 1272 quodam
3604 1202 3765 1257 scho-

2196 1297 2356 1352 liaste
2386 1299 2600 1352 invecta
2629 1303 2734 1361 est,
2779 1295 2872 1367 qui
2912 1296 3187 1351 Asterium
3237 1294 3496 1349 Arianum
3532 1308 3655 1349 esse
3681 1296 3764 1348 in-

2196 1389 2366 1455 dicat,
2403 1390 2611 1445 scilicet
2646 1388 2946 1459 sophistam
2971 1387 3122 1442 illum
3153 1386 3558 1448 circulatorem,
3595 1388 3687 1457 qui
3709 1388 3764 1442 in

2197 1484 2336 1555 ipsis
2366 1482 2663 1538 Arianismi
2703 1480 2947 1538 exordiis
2989 1489 3177 1536 contra
3211 1480 3514 1535 catholicos
3550 1479 3767 1535 antisti-

2195 1587 2280 1634 tes
2311 1579 2605 1634 classicum
2648 1577 2898 1643 canebat,
2949 1583 3004 1632 et
3052 1574 3355 1630 doctrinam
3402 1575 3470 1632 de
3503 1574 3642 1630 Filio
3674 1575 3766 1631 Dei

2197 1669 2511 1741 spargebat,
2565 1669 2650 1724 vel
2697 1668 2814 1738 ipsa
2847 1667 3100 1722 Arianica
3137 1666 3479 1721 deteriorem.
3536 1665 3616 1719 Ex
3665 1672 3768 1720 hoc

2196 1771 2376 1818 autem
2403 1761 2700 1832 specimine
2722 1759 3117 1831 deprehendas,
3149 1760 3423 1814 Asterium
3456 1759 3660 1829 partim
3688 1759 3772 1813 lit-

512 1846 670 1916 regni
703 1846 1075 1913 latitudinem,
1106 1828 1322 1905 Μεδεὶῷ
1365 1851 1452 1905 sui
1500 1853 1810 1922 imperium,
1864 1853 2092 1908 reduce-
2123 1828 2166 1883 Β
2197 1828 2449 1915 teralem,
2484 1852 2682 1924 partim
2717 1828 3148 1924 mystagogicum
3199 1828 3600 1920 interpretandi
3651 1867 3771 1906 mo-

511 1947 635 1993 rent
669 1957 688 1994 :
714 1955 821 2009 qua
855 1940 910 1995 in
959 1957 1018 1997 re
1061 1957 1090 1995 a
1117 1941 1269 2012 justa
1301 1943 1573 2016 allegoriae
1602 1947 1814 2000 ratione
1857 1945 2093 2001 immane

511 2039 778 2100 quantum
811 2034 1163 2091 aberrabant.
1202 2035 1478 2108 Allegoria
1512 2040 1734 2108 quippe,
1775 2036 1968 2108 ﬁgura,
2005 2046 2090 2109 ty-

513 2139 620 2194 pus
643 2132 701 2180 et
731 2127 949 2192 umbra,
975 2127 1129 2198 signa
1158 2136 1287 2184 sunt
1310 2145 1490 2185 rerum
1525 2146 1636 2185 non
1658 2131 1974 2186 earumdem
2007 2140 2091 2184 at-

509 2233 617 2286 que
651 2217 756 2273 illa:
795 2236 917 2289 qua:
962 2221 1238 2291 allegoriae
1291 2233 1346 2278 et
1393 2222 1506 2294 typi
1539 2239 1741 2279 munus
1784 2231 2085 2294 praestant:

511 2310 721 2364 atenim
769 2313 852 2367 vel
905 2313 1023 2382 ipsa
1072 2314 1346 2385 allegoriae
1390 2330 1516 2382 vox,
1549 2317 1703 2386 signa
1747 2315 2085 2386 hujusmodi,

508 2415 631 2455 rem
657 2401 820 2456 aliam
851 2402 1009 2472 longe
1037 2404 1334 2469 diversam,
1367 2405 1643 2477 disparem
1681 2414 1736 2463 et
1781 2407 2086 2478 digniorem

511 2492 827 2564 signiﬁcare
880 2498 1212 2554 subindicat.
1257 2499 1426 2555 Multo
1453 2501 1622 2572 igitur
1647 2503 1994 2574 praestantior
2031 2510 2086 2559 et

505 2585 690 2642 verior
732 2588 824 2642 illa
881 2589 1324 2646 Christianorum
1377 2593 1774 2665 interpretatio,
1834 2612 1942 2666 qua
1993 2611 2084 2651 res

504 2692 800 2749 corporeas
849 2689 904 2736 et
935 2684 1248 2749 sensibiles,
1301 2685 1371 2740 ad
1407 2686 1775 2758 intelligibiles
1807 2703 1872 2742 ac
1918 2687 2085 2743 coele-

504 2778 639 2833 stes,
673 2772 933 2829 incolumi
963 2783 1141 2831 tamen
1169 2777 1360 2832 littera:
1382 2793 1568 2841 sensu,
1601 2778 1865 2833 referunt.

579 2862 693 2919 lloc
721 2881 852 2936 ergo
885 2882 1059 2938 genus
1095 2869 1494 2940 interpretandi
1527 2887 1737 2927 summe
1756 2880 1840 2927 est
1872 2872 1940 2926 ab
1969 2871 2081 2926 Eu-

502 2953 659 3009 sebio
684 2952 1110 3026 frequentatum.
1152 2958 1287 3013 Illud
1323 2967 1504 3016 autem
1535 2961 1849 3032 hujusmodi
1882 2969 1988 3026 est,
2020 2969 2082 3018 ut

502 3046 682 3102 sicubi
724 3047 936 3105 inimici
977 3051 1326 3122 insurgentes
1355 3064 1410 3108 et
1458 3055 1856 3110 tumultuantes
1897 3055 2081 3126 expri-

507 3147 754 3204 mantur,
786 3143 932 3211 quod
975 3144 1032 3197 in
1075 3145 1304 3213 psalmis
1337 3143 1783 3215 frequentissime
1812 3146 2077 3212 occurrit,

2193 1961 2308 2002 rem
2340 1951 2606 2001 sectatum
2644 1963 2657 1998 :
2693 1959 2794 1998 nec
2842 1944 2911 1998 iis
2962 1944 3162 2014 ingenii
3196 1942 3571 2014 doctrinaeque
3599 1945 3772 2014 parti-

2194 2033 2297 2090 bus
2332 2033 2684 2097 instructum,
2716 2048 2839 2103 quae
2868 2031 3101 2088 fuissent
3132 2032 3200 2086 ad
3234 2041 3445 2088 tantum
3476 2049 3618 2104 opus
3645 2050 3772 2105 per-

2194 2124 2483 2181 ﬁciendum
2517 2126 2674 2180 satis.
2731 2124 3064 2182 Scholiastes
3097 2141 3263 2196 porro
3308 2126 3400 2181 ille
3453 2141 3566 2181 non
3607 2127 3768 2182 Aste—

2189 2221 2331 2272 rium
2375 2217 2540 2272 modo
2589 2218 2840 2273 Arianica
2887 2219 3007 2274 labe
3053 2234 3335 2285 aspersum
3383 2218 3630 2280 indicat.
3673 2219 3769 2275 sed

2191 2311 2357 2366 etiam
2385 2309 2702 2374 Eusebium,
2748 2310 2925 2366 sicubi
2973 2295 3040 2364 add
3094 2309 3468 2365 Arianismum
3500 2310 3767 2378 deﬂectit,

2191 2409 2252 2457 ut
2277 2402 2540 2455 Arianum
2571 2400 2830 2467 traducit,
2865 2409 2924 2456 ut
2957 2417 3057 2457 suo
3079 2403 3198 2456 loco
3221 2401 3428 2457 videas.

2185 2515 2270 2567 Vl.
2287 2514 2524 2577 .Autiquis
2563 2514 2918 2578 interpretibus
2931 2515 3232 2625 gequenter
3264 2514 3439 2563 utitur.
3459 2513 3585 2565 LXX
3610 2514 3769 2564 Inter-

2871 2590 2930 2625 nr
2986 2590 3058 2625 es.

2871 2591 3058 2640 pretes.

2255 2681 2402 2738 Nihil
2453 2691 2634 2738 autem
2687 2683 2776 2739 his
2821 2684 2878 2738 in
2928 2681 3338 2737 commentariis
3389 2684 3769 2753 praestantius,

2187 2775 2324 2831 nihil
2360 2776 2654 2846 pretiosius
2703 2775 3150 2847 frequentissimo
3185 2775 3278 2830 illo
3311 2781 3566 2830 veterum
3600 2777 3772 2831 inter-

2188 2877 2402 2939 pretum
2438 2884 2564 2924 usu.
2595 2869 2810 2924 Atenim
2843 2869 3018 2924 multo
3048 2869 3203 2938 plura
3231 2884 3296 2923 ex
3326 2869 3554 2939 Aquila,
3587 2866 3772 2925 Theo-

2186 2963 2408 3018 dotione
2463 2969 2516 3017 et
2560 2958 2890 3033 Symmacho
2939 2961 3094 3017 allert
3147 2961 3444 3028 Eusebius,
3499 2978 3665 3032 quam
3717 2964 3773 3016 in

2189 3054 2374 3109 Drusii
2426 3054 2511 3110 vel
2555 3053 2756 3108 Nobilii
2807 3053 3221 3128 collectionibus
3265 3071 3505 3126 usquam
3549 3070 3773 3127 compa-

2189 3157 2367 3212 reant,
2400 3147 2473 3201 ita
2504 3152 2564 3199 ut
2596 3145 2718 3216 ejus
2745 3144 3076 3200 adminiculo
3105 3161 3214 3200 non
3253 3162 3382 3202 raro
3410 3150 3661 3218 psalmos
3692 3151 3775 3203 ina

500 3228 558 3283 id
588 3231 673 3286 vel
697 3230 762 3284 ad
786 3229 1006 3288 Iudaeos
1040 3243 1233 3288 contra
1264 3234 1544 3290 Christum
1579 3235 1874 3290 frementes
1898 3245 1952 3290 et
1971 3251 2085 3290 ma-
2111 3223 2156 3282 (ἶ
2190 3249 2397 3311 tegros,
2428 3257 2495 3296 ex
2537 3241 2850 3313 Symmachi
2882 3240 3119 3296 maxime
3145 3240 3425 3305 versione,
3465 3251 3778 3299 restaurare

504 3320 830 3388 chinantes,
862 3324 945 3378 vel
969 3323 1038 3377 ad
1060 3322 1362 3379 Ecclesiam
1393 3327 1463 3381 ab
1491 3326 1766 3389 hostibus,
1807 3327 2016 3382 scilicet
2051 3341 2082 3380 a

509 3413 857 3484 principibus
884 3414 1052 3484 hujus
1079 3415 1286 3480 saeculi,
1341 3425 1436 3469 aut
1473 3431 1504 3469 a
1535 3415 1878 3470 daemonibus
1911 3431 2085 3487 oppu-

507 3511 750 3574 gnatam,
783 3505 867 3558 vel
895 3505 964 3558 ad
1010 3505 1222 3560 ﬁdelem
1271 3507 1507 3560 animam
1539 3514 1788 3562 vexatam
1823 3523 1852 3561 a
1883 3509 2084 3578 spiriti-

506 3594 606 3649 bus
627 3595 947 3662 immundis,
982 3598 1252 3652 referatur
1291 3617 1304 3652 :
1340 3598 1386 3653 si
1421 3599 1542 3653 lazta
1573 3605 1627 3655 et
1673 3599 1915 3669 jucunda
1955 3599 2085 3656 effe-

502 3695 721 3752 rantur,
773 3689 985 3744 creleSti
1028 3688 1417 3762 Jerosolymae,
1469 3692 1586 3747 sive
1637 3692 1934 3758 Ecclesiae,
1986 3709 2084 3749 seu

504 3780 808 3836 Christiani
836 3781 1130 3851 cujuslibet
1158 3784 1374 3851 animai,
1399 3791 1574 3839 totum
1606 3785 1952 3840 adscribatur
1983 3803 1996 3839 :
2036 3785 2084 3840 si

509 3871 736 3927 ﬂumina
784 3872 1108 3928 inundantia
1140 3883 1535 3940 memorentur,
1585 3875 1638 3930 id
1679 3875 1747 3930 de
1789 3875 2083 3931 conﬁuenti

503 3965 572 4019 ad
621 3963 823 4019 Christi
879 3965 1184 4020 doctrinam
1231 3966 1471 4037 gentium
1499 3966 1849 4021 multitudine
1881 3967 2083 4022 intelli-

505 4065 686 4128 gatur.
717 4058 891 4124 Quam
919 4057 1246 4128 explanandi
1282 4059 1450 4124 viam,
1474 4075 1586 4113 non
1607 4058 1877 4116 Eusebius
1897 4062 2078 4126 modo,

503 4149 602 4204 sed
645 4148 810 4204 etiam
845 4147 1170 4206 Theodorus
1221 4136 1590 4215 Heracleotes,
1631 4148 2079 4220 Chrysostomus,

505 4238 887 4297 Theodoretus
934 4249 988 4297 et
1037 4242 1129 4295 alii
1161 4241 1408 4311 plerique
1443 4241 1636 4297 sectati
1688 4248 1837 4306 sunt,
1885 4256 1994 4311 qua
2024 4242 2080 4294 in

504 4339 664 4403 parte
711 4332 759 4388 si
808 4348 978 4387 unum
1030 4333 1206 4396 noris,
1252 4347 1446 4386 omnes
1476 4331 1647 4386 noris.
1678 4330 1867 4401 Neque
1899 4341 2082 4388 tamen

505 4425 662 4479 inter
720 4425 1124 4498 mystagngieas
1197 4424 1679 4494 interpretationes
1733 4425 2084 4490 accensendaa

499 4515 633 4580 illae,
661 4532 784 4586 quae
816 4515 1054 4571 litteram
1082 4516 1257 4587 ipsam
1280 4516 1345 4570 ad
1378 4531 1546 4570 unum
1571 4516 1850 4571 Christum
1884 4516 2078 4572 referri

2191 3333 2376 3386 liceat.
2427 3333 2555 3388 Illas
2604 3348 2769 3403 porro
2806 3333 3089 3388 versiones
3142 3332 3305 3387 modo
3337 3333 3409 3386 ad
3456 3334 3777 3401 litteralem,

2190 3424 2354 3479 modo
2405 3425 2472 3480 ad
2533 3425 2956 3497 mystagogicam
3022 3426 3379 3480 asscrendam
3442 3430 3778 3485 sententiam

2192 3524 2421 3586 usurpat
2453 3536 2466 3571 :
2501 3532 2892 3588 nonnunquam
2923 3517 2987 3571 ad
3030 3517 3214 3572 decem
3245 3533 3448 3575 versus
3485 3535 3599 3575 una
3639 3523 3781 3578 serie

2188 3607 2345 3663 aﬂ'ert
2378 3628 2391 3663 :
2427 3610 2906 3680 expositionesque
2949 3624 3135 3664 eorum
3193 3605 3564 3682 Septuaginta
3605 3613 3780 3669 Inter-

2189 3705 2402 3768 pretum
2437 3701 2679 3755 versioni
2734 3699 3142 3770 anteponendas
3199 3701 3402 3754 asserit
3428 3703 3580 3758 haud
3609 3704 3782 3759 infre-

2188 3799 2438 3861 quenter.
2469 3793 2719 3862 Aquilam
2751 3792 3032 3847 Heliraicze
3057 3793 3250 3847 litterae
3275 3795 3648 3860 servientem,
3667 3795 3782 3850 Bou—

2188 3885 2411 3938 λεύοντα
2433 3888 2498 3957 τῇ
2544 3885 2806 3958 Ἐὁραῖκῇ
2838 3886 3003 3953 λέξει,
3036 3886 3124 3941 hic
3145 3894 3199 3942 et
3225 3888 3282 3942 in
3324 3889 3638 3962 evangelica
3678 3887 3784 3943 De-

2189 3979 2568 4032 monstratione
2601 3979 2787 4035 multis
2817 3981 2870 4034 in
2902 3980 3040 4036 locis
3074 3987 3385 4049 nuncupat.
3424 3980 3479 4036 ls
3516 3983 3782 4036 nimirum

2189 4075 2264 4125 ita
2313 4071 2504 4126 littera:
2547 4071 2726 4136 haesit,
2761 4079 2821 4126 ut
2853 4071 2982 4127 dum
3025 4073 3190 4128 verba
3235 4073 3522 4141 redderet,
3559 4084 3786 4130 senten-

2191 4165 2323 4217 tiam
2358 4178 2466 4218 non
2499 4164 2572 4218 ita
2603 4163 2899 4218 curaverit.
2935 4161 3319 4235 Symmachum
3372 4182 3522 4237 saepe
3555 4166 3785 4221 mirabi-

2189 4253 2292 4306 lem
2311 4252 2442 4307 dicit
2471 4252 2844 4322 interpretem,
2867 4253 3094 4323 ejusquc
3118 4253 3374 4309 versione
3400 4257 3585 4311 utitur
3611 4258 3789 4314 liben-

2188 4341 2319 4406 tius,
2351 4341 2691 4412 frequentius
2723 4350 2777 4396 et
2805 4344 3102 4412 cepiosius.
3137 4343 3346 4399 Ambos
3378 4352 3576 4402 tamen
3614 4349 3694 4402 ait
3727 4348 3789 4401 in

2189 4436 2416 4504 gratiam
2446 4434 2760 4491 Judzeorum
2809 4438 3123 4510 prophetias
3145 4437 3212 4493 de
3241 4437 3474 4495 Christo
3517 4442 3688 4496 aliam
3728 4443 3785 4496 in

2188 4529 2514 4584 sententiam
2569 4530 2848 4585 derivasse
2918 4549 2929 4583 :
3004 4529 3465 4604 Ἰουδαῖκώτερον,
3520 4536 3608 4590 sic
3669 4537 3783 4600 ille,

503 4620 608 4661 nec
658 4605 1036 4676 infrequenter
1081 4607 1476 4676 comprobant;
1517 4614 1578 4662 ut
1608 4607 1842 4678 exempli
1885 4623 2075 4672 causa,

2201 4619 2430 4685 Ἀκύλας
2462 4621 2558 4676 καὶ
2587 4622 2877 4694 Σύμμαχος
2907 4622 3005 4694 τὴν
3053 4603 3353 4697 ἐρμηνεὶανγ
3402 4627 3783 4693 ὲκτεθείκασι,

502 4711 628 4752 cum
651 4695 923 4754 Eusebius
965 4698 1236 4770 psalmum
1267 4714 1402 4762 xvn,
1434 4699 1597 4764 Deus,
1632 4697 1773 4754 Deus
1800 4715 1969 4766 meus,
1997 4717 2080 4754 re-

499 4789 645 4857 spice
670 4789 723 4842 in
756 4805 859 4852 nte,
896 4788 953 4844 in
997 4803 1108 4842 uno
1139 4788 1360 4844 Christo
1392 4788 1673 4858 impletum
1703 4803 1826 4845 esse
1853 4802 2076 4844 asseve-

500 4887 589 4935 rat
621 4899 639 4935 :_
668 4880 724 4934 in
758 4879 864 4935 hoc
891 4881 1039 4936 enim
1066 4888 1120 4936 et
1147 4881 1204 4935 in
1225 4880 1522 4947 similibus,
1574 4889 1634 4934 ut
1673 4895 1835 4936 nemo
1855 4895 1966 4934 non
2000 4879 2081 4933 fa-

499 4980 704 5040 teatur,
736 4989 935 5030 sensus
958 4975 1075 5044 ipse
1096 4973 1350 5028 litteralis
1378 4971 1660 5027 Christum
1683 4971 1926 5042 respicit.
1951 4969 2078 5028 Haec

498 5067 568 5123 de
599 5065 997 5139 interpretandi
1029 5067 1140 5121 ritu
1164 5065 1310 5120 dicta
1340 5072 1526 5120 sunto.

625 5176 691 5230 ν.
717 5177 964 5229 Eusebius
982 5175 1254 5239 Origenem
1279 5177 1525 5239 sequitur,
1553 5175 1638 5226 alii
1668 5175 1954 5226 Eusebium.

567 5257 845 5314 Caeterum
892 5258 1167 5314 Eusebius
1218 5257 1468 5329 Origenis
1515 5259 1888 5329 expositiones
1934 5258 2079 5313 haud

496 5353 735 5409 obscure
788 5360 1056 5420 sectatur,
1093 5360 1207 5406 tam
1245 5352 1390 5424 quod
1440 5353 1508 5406 ad
1541 5351 1714 5422 ipsam
1747 5351 2075 5424 explanandi

498 5447 789 5509 rationem,
840 5461 1006 5516 quam
1052 5447 1200 5516 quod
1242 5447 1311 5501 ad
1337 5446 1628 5501 verborum
1662 5444 1900 5511 seriem;
1930 5453 1990 5499 ut
2020 5447 2077 5500 in

498 5536 894 5607 manuscriptis
946 5544 1001 5592 et
1050 5536 1214 5593 editis
1265 5537 1476 5594 catenis
1530 5535 1714 5591 videre
1753 5543 1835 5589 est
1882 5555 1896 5590 :
1946 5551 2075 5589 nam

500 5629 934 5684 commentarios
968 5627 1222 5700 Origenis
1249 5630 1440 5701 plenos
1475 5629 1823 5698 integrosque
1862 5627 2074 5696 jamdiu

499 5719 785 5785 amisimus
819 5738 831 5775 :
868 5721 989 5791 ejus
1023 5737 1188 5794 porro
1213 5721 1635 5780 commentarios
1667 5719 1834 5776 semel
1872 5734 2076 5775 memo-

562 5834 644 5895 (a)
666 5817 797 5898 Pas.
817 5832 944 5900 3w.

2187 4709 2242 4764 id
2265 4719 2368 4774 est,
2401 4709 2561 4764 Modo
2604 4713 2672 4764 ad
2713 4710 2999 4766 Iudaicam
3029 4712 3321 4766 doctrinam
3364 4717 3597 4786 propius
3631 4734 3784 4771 acce-

2185 4799 2358 4865 dente,
2392 4803 2586 4872 Aquila
2618 4813 2667 4857 et
2698 4802 3047 4872 Symmachus
3088 4803 3428 4871 interpretati
3459 4818 3613 4864 sunt.
3647 4807 3789 4862 Nam

2185 4892 2240 4947 in
2276 4892 2735 4948 Demonstratione
2778 4895 3077 4965 evangelica
3107 4895 3183 4964 (a)
3227 4895 3299 4948 ait
3334 4905 3652 4969 utrumque
3682 4899 3784 4955 Juv

2186 4985 2362 5040 daaum
2396 4992 2491 5040 aut
2528 4985 2936 5042 semi-Judzeum
2960 4983 3621 5047 fuisse.Theodotionem
3657 5009 3786 5048 cuin

2187 5078 2349 5134 laude
2397 5087 2698 5144 memorat,
2756 5088 2810 5133 et
2869 5085 3182 5134 accuratum
3242 5079 3623 5150 interpretem
3686 5085 3784 5139 ait.

2187 5167 2388 5235 Quinta
2420 5169 2602 5223 minus
2628 5166 2961 5238 frequenter,
2995 5165 3156 5222 Sexta
3184 5180 3314 5222 vero
3358 5171 3667 5228 rarissime
3699 5173 3790 5228 in-

2185 5259 2667 5330 terpretationibus
2721 5259 2915 5315 utitur.
2949 5257 3118 5313 Notas
3162 5258 3217 5312 in
3264 5258 3609 5328 hujusmodi
3659 5281 3790 5319 ver-

2186 5353 2369 5408 siones
2399 5366 2553 5406 raras
2577 5359 2631 5406 et
2655 5350 3010 5406 brevissimas
3032 5351 3281 5406 dedimus
3309 5370 3323 5405 :
3359 5354 3497 5422 quia
3526 5369 3557 5408 a
3592 5357 3788 5413 multis

2178 5445 2293 5515 jam
2343 5444 2503 5498 annis
2553 5443 2621 5497 ad
2667 5442 3031 5512 Hexaplorum
3087 5449 3343 5511 excerpta
3375 5459 3446 5498 ex
3481 5447 3791 5504 codicibus

2183 5552 2306 5591 cum
2363 5535 2524 5593 editis
2572 5542 2687 5590 tum
2745 5535 3135 5605 manuscriptis
3177 5534 3498 5602 colligenda
3526 5541 3786 5596 animum

2183 5626 2368 5697 appuli
2417 5646 2431 5683 :
2481 5625 2736 5698 quodque
2793 5625 2960 5680 habui
3022 5627 3233 5682 caneris
3278 5639 3412 5694 quae
3458 5632 3785 5688 tractabam

2185 5720 2308 5786 otii,
2344 5721 2475 5777 huic
2506 5720 2803 5792 provinciae
2852 5721 3165 5778 consecravi
3204 5739 3218 5775 :
3253 5728 3304 5774 et
3338 5719 3461 5790 jam
3495 5731 3658 5781 tanta
3686 5741 3790 5783 eo-
