3994 6448
199 353 278 413 25
991 347 1504 407 COMMENTARIA
1542 345 1608 400 IN
1643 342 1980 400 PSAIMOS.
2014 374 2084 384 —
2114 337 2660 396 PRELIMINARIA.
2749 391 2752 396 ,
3395 335 3467 390 26

199 491 325 533 sum
359 483 607 529 accessio
634 463 777 526 facta
807 477 913 535 est,
941 475 1000 522 ut
1024 466 1333 539 quadruplo
1385 467 1578 522 saltem
1628 464 1781 536 plura

1887 459 2060 531 θρασὺ
2091 458 2185 512 καὶ
2214 455 2503 528 προπετές,
2529 451 2762 506 arbitror
2794 448 2931 506 illud
2961 466 3094 515 esse.
3121 450 3467 519 pronuntiare

197 581 377 639 penes
403 580 502 620 nos
531 563 850 623 habeamus.
875 553 1040 632 quam
1063 559 1318 616 Nobilius
1341 567 1396 612 et
1422 556 1649 612 Drusius
1676 555 1786 611 edi-

197 658 413 714 derint.
465 654 564 712 His
610 653 921 726 propediem
973 661 1303 724 postremam
1339 651 1630 706 admovere
1664 664 1783 704 ma-

198 763 357 810 num.
377 761 551 816 eaque
572 745 851 816 publicare
881 745 1097 801 animus
1123 753 1230 800 est.
1249 743 1430 810 Quare
1461 756 1489 796 a
1520 741 1785 811 prolixio-

197 839 356 894 ribus
407 838 462 893 in
513 845 724 894 veteres
783 837 1108 906 interpretes
1144 837 1292 890 notis
1322 833 1576 890 consulto
1613 831 1786 887 absti-

197 931 452 994 nuimus,
476 945 544 986 ne
571 930 674 987 sub
710 929 827 985 haec
856 938 1036 984 actum
1073 943 1233 1000 agere
1261 940 1603 997 cogeremur.

265 1022 360 1078 Ait
394 1021 661 1079 Eusebius
695 1021 1045 1093 Septuaginta
1086 1017 1417 1090 lnterpretes
1452 1032 1577 1072 cum
1599 1015 1782 1072 Ptole-

198 1116 319 1172 mai
338 1115 678 1185 Philadelphi
707 1123 951 1185 tempore
982 1111 1258 1170 vertendis
1288 1108 1585 1180 Scriptum
1613 1123 1784 1162 sacrae

199 1208 360 1264 libris
391 1222 613 1280 operam
645 1206 862 1271 darent,
889 1207 1009 1261 loca
1057 1204 1330 1276 qmedam,
1365 1204 1523 1273 queis
1577 1199 1781 1255 Christi

200 1309 357 1357 ortus
411 1299 652 1371 apertius
705 1297 1188 1370 praenuntiaretur,
1233 1309 1303 1350 ne
1343 1294 1398 1349 in
1445 1291 1778 1354 Graecorum,

199 1394 405 1464 quibus
436 1391 617 1448 versio
648 1392 964 1462 parabatur,
998 1388 1250 1444 notitiam
1276 1385 1547 1445 venirent,
1583 1383 1782 1437 obscu-

200 1501 318 1542 rius
346 1486 737 1555 interpretatos
791 1499 932 1539 esse.
971 1481 1089 1548 Qua
1131 1481 1199 1534 de
1231 1494 1290 1534 re
1327 1477 1608 1532 adeundus
1642 1474 1776 1544 ipse.

200 1595 325 1635 cum
367 1579 563 1649 psalmi
605 1591 830 1640 Lxxxvt,
869 1575 1244 1629 Fundamenta
1287 1571 1402 1641 ejus
1435 1571 1488 1623 in
1518 1566 1780 1622 montibus

199 1675 423 1738 sanctis,
457 1673 850 1743 expositionem
894 1669 1026 1725 edit.
1062 1667 1171 1724 Nec
1201 1666 1418 1723 silentio
1448 1661 1780 1718 mittendum

198 1775 303 1832 est,
331 1764 627 1821 Eusebium
653 1779 896 1836 persaepe
921 1762 1220 1834 Scriptura
1254 1775 1421 1816 sacra:
1447 1758 1565 1812 loca
1591 1771 1772 1820 secus,

201 1874 362 1930 quam
395 1858 452 1912 in
482 1856 885 1926 exemplaribus
919 1855 1201 1910 hodiernis
1261 1853 1534 1924 leguntur,
1564 1848 1777 1914 afferre,

198 1949 397 2021 partim
460 1948 607 2019 quod
667 1948 997 2018 exemplaria
1059 1963 1156 2002 sua
1215 1947 1421 2000 variam
1477 1942 1768 1996 lectionem

201 2039 543 2110 praeferrent,
586 2039 784 2108 partim
851 2037 996 2108 quod
1055 2037 1146 2092 ille
1206 2048 1620 2104 nonnunquam_
1652 2031 1771 2088 sine

199 2130 399 2202 pravia
459 2128 764 2184 monitione
813 2129 1047 2183 aliorum
1103 2128 1456 2198 interpretum
1509 2124 1771 2182 lectiones

197 2221 503 2276 admisceat
537 2239 553 2276 :
589 2220 786 2291 partim
820 2220 981 2275 etiam
1017 2219 1160 2289 quod
1204 2219 1524 2288 plerumque
1566 2229 1773 2271 memo-

202 2316 332 2370 riter
365 2313 778 2384 Scripturarum
811 2313 952 2368 dicta
986 2313 1254 2378 enuntiet,
1287 2327 1352 2368 ac
1390 2326 1689 2384 synonyma
1719 2319 1772 2366 et

191 2391 459 2462 extranea
495 2405 660 2462 verba
693 2404 1004 2460 interserat.

823 2516 1051 2572 CAPUT
1093 2515 1160 2572 ι’.

359 2629 430 2669 DE
457 2628 629 2670 RBBUS
661 2626 967 2668 DOCTRINAI
1002 2625 1393 2666 SPEC‘I‘ANTIBUS
1427 2625 1480 2664 IN
1512 2625 1610 2665 ιιοο

791 2697 1192 2737 ΕΟΙΙΕΝἸΔΒΙΟ.

197 2793 257 2856 Ι.
285 2797 350 2852 In
385 2796 742 2867 scriptoribus
763 2797 932 2867 sacris
963 2812 1026 2849 ne
1060 2795 1332 2867 minimum
1369 2793 1551 2867 vitium
1582 2791 1776 2867 admit—

276 2870 338 2922 tit
365 2862 648 2923 Eusébius.
677 2863 762 2924 11.
790 2866 1105 2922 Sanctorum
1134 2865 1320 2918 merita
1354 2862 1502 2918 nobis
1531 2863 1777 2933 prodesse

273 2948 449 3000 putat.
487 2936 604 2992 III.
647 2937 836 2992 Veram
871 2935 1070 2992 Christi
1097 2937 1148 2988 in
1176 2933 1511 2987 Eucharistia
1547 2949 1777 3003 prtcsen-

273 3011 405 3064 tiam
429 3009 688 3064 declarat.
720 3007 822 3064 IV.
851 3007 991 3074 Quid
1021 3005 1084 3060 de
1117 3005 1279 3058 libero
1310 3003 1533 3058 arbitrio
1563 3004 1773 3058 sentiat.

284 3078 347 3134 V.
383 3079 630 3134 Gratiam
670 3077 1038 3147 indi/ferentia:
1069 3076 1139 3147 ad
1170 3074 1497 3135 utrumlibet,
1531 3090 1622 3128 seu
1663 3089 1778 3126 uer-

273 3153 509 3234 satilem,
531 3149 704 3234 docet.
725 3145 819 3202 Vl.
857 3147 927 3203 Et
960 3145 1473 3218 prazdestinationem
1499 3153 1614 3215 post
1639 3158 1779 3214 pra:-

272 3230 386 3276 uisa
409 3230 620 3275 merita.

273 3333 436 3389 Haud
493 3334 765 3404 ingratum
815 3331 1006 3387 lectori
1062 3330 1178 3385 fore
1223 3343 1529 3400 speramus,
1579 3328 1624 3384 si
1659 3344 1780 3399 qua:

212 3426 446 3496 sparsim
475 3426 750 3495 variisque
784 3424 837 3478 in
873 3423 1031 3486 locis,
1059 3437 1170 3494 quo
1223 3421 1335 3478 fors
1381 3423 1525 3486 tulit,
1558 3421 1780 3477 inducta

210 3531 334 3575 sunt
382 3518 652 3574 doctrina:
696 3517 897 3587 capita,
946 3515 1034 3570 hic
1086 3515 1144 3570 in
1194 3531 1364 3570 unum
1411 3515 1639 3570 collecta
1678 3513 1781 3584 ipsi

213 3610 528 3673 offeramus.
559 3625 682 3665 cum
721 3608 788 3663 ad
824 3623 1042 3662 manum
1071 3608 1232 3663 nobis
1261 3607 1334 3663 sit
1365 3622 1452 3672 ea,
1485 3622 1607 3677 qua:
1642 3606 1783 3662 assi-

212 3697 315 3752 dua
362 3698 690 3753 tractatione
735 3697 862 3751 hinc
897 3695 1024 3751 inde
1049 3695 1446 3767 decerpsimus,
1477 3712 1585 3750 una
1632 3712 1784 3750 com-

214 3790 404 3858 plecti;
451 3796 511 3843 ut
555 3789 742 3845 labore
789 3789 1050 3842 diuturno
1089 3795 1242 3856 parta
1290 3787 1549 3843 harumce
1599 3802 1782 3840 rerum

216 3880 423 3946 notitia,
495 3879 725 3936 eruditis
793 3880 1020 3951 ingrata;
1082 3877 1496 3949 perquisitionis
1560 3877 1781 3932 taedium

216 3971 370 4028 levet.

271 4080 308 4132 1.
330 4080 388 4132 In
412 4081 735 4146 scriptoribus
760 4080 914 4194 sacril‘s:
946 4081 1280 4193 ngbminimum
1307 4078 1478 4132 vitium
1509 4080 1725 4131 admittit

919 4159 975 4194 us
1060 4159 1134 4194 us.

919 4159 1134 4194 usemus.

285 4250 549 4307 Estimat
581 4249 848 4306 Eusebius
895 4267 1004 4306 non
1056 4250 1175 4305 sine
1225 4248 1453 4304 audacia
1485 4256 1538 4302 et
1564 4246 1784 4303 temeri-

219 4352 328 4398 tate
358 4342 510 4397 credi
543 4357 724 4413 posse,
767 4341 1064 4412 scriptores
1106 4341 1248 4408 illos,
1283 4340 1376 4412 qui
1408 4339 1624 4394 amante
1673 4337 1785 4392 Nu-

219 4436 359 4491 mine
411 4435 628 4491 divinas
676 4434 836 4490 nobis
889 4435 1101 4490 litteras
1126 4433 1577 4494 transmiserunt,
1610 4430 1692 4485 vel
1727 4430 1785 4484 in

219 4525 458 4581 minimis
495 4541 742 4592 errasse;
780 4527 854 4580 ita
891 4534 951 4579 ut
978 4524 1142 4580 etiam
1176 4538 1373 4579 nomen
1408 4537 1511 4592 pro
1553 4520 1659 4576 alio
1695 4520 1780 4575 vel
1814 4555 1855 4610 ο

219 4632 280 4672 ex
309 4617 673 4688 imprudentia
706 4617 790 4672 vel
819 4633 882 4672 ex
913 4616 1265 4688 incogitantia
1291 4614 1694 4671 substituerint.
1723 4611 1780 4666 ld

220 4709 416 4768 diserte
463 4710 562 4774 ait,
610 4709 952 4782 explanando
979 4709 1217 4765 'titulum
1261 4708 1457 4779 psalmi
1497 4722 1696 4774 xxxm,
1726 4705 1781 4760 in

220 4817 324 4873 quo
364 4801 566 4858 dicitur
591 4802 910 4858 immutasse
953 4799 1124 4857 David
1171 4801 1379 4856 vultum
1408 4814 1568 4856 suum
1597 4812 1782 4854 coram

222 4893 526 4950 Abimelech
585 4912 598 4949 :
653 4893 1106 4950 ubiAchimelech
1157 4893 1469 4964 legendum,
1519 4898 1683 4962 atque
1726 4890 1783 4945 in

222 4985 637 5056 exemplaribus,
667 4985 781 5037 beth
843 5000 898 5039 in
953 4981 1082 5050 caph
1129 4991 1397 5038 mutatum
1432 4982 1604 5039 fuisse
1631 4987 1785 5053 putat

225 5072 529 5132 Eusebius:
561 5074 706 5148 quod
755 5090 889 5132 sane
936 5075 1008 5130 ob
1056 5075 1358 5130 litterarum
1394 5071 1510 5132 lith
1557 5081 1613 5129 et
1641 5073 1774 5147 cap't

225 5166 360 5224 inter
381 5184 440 5225 se
471 5166 780 5232 aliinitatem
803 5166 1061 5238 perfacile
1085 5166 1208 5223 fuit.
1233 5166 1372 5221 Tum
1401 5166 1564 5220 allata
1591 5180 1784 5221 eorum

225 5261 489 5318 sententia
512 5261 606 5333 qui
632 5260 899 5324 dicerent,
933 5254 1277 5314 Achimelech
1304 5274 1404 5329 pro
1438 5259 1606 5315 Achis
1639 5257 1786 5330 posi-

226 5361 332 5408 tum
376 5353 567 5420 fuisse,
598 5353 781 5424 ibique
806 5352 892 5422 agi
921 5350 990 5408 de
1017 5349 1238 5406 Davidis
1281 5351 1336 5406 in
1378 5349 1514 5406 Geth
1545 5350 1787 5421 peregri-

227 5445 460 5510 natione,
488 5444 584 5499 ubi
611 5459 735 5498 cum
763 5442 1065 5514 periculum
1112 5440 1308 5511 capitis
1341 5439 1669 5502 immineret,
1701 5437 1786 5492 inn

227 5537 427 5592 saniam
475 5537 567 5593 ille
625 5535 921 5599 simulavit,
953 5542 1007 5590 et
1052 5531 1359 5588 immutavit
1382 5531 1592 5587 vultum
1623 5545 1784 5586 suum

225 5641 402 5683 coram
428 5626 594 5684 Achis
629 5643 758 5698 rege
804 5627 975 5693 Geth;
1009 5626 1122 5681 haec
1166 5626 1220 5680 in
1253 5625 1542 5680 adversum
1573 5622 1787 5693 reponit

229 5715 316 5774 ille
354 5739 366 5774 :
405 5700 471 5773 Ᾱι
495 5735 588 5790 ego
617 5718 795 5772 audax
823 5717 1258 5786 temerariumque
1289 5715 1516 5784 facinus,
1547 5713 1704 5785 ἔργον
1729 5711 1786 5766 δι

296 5831 370 5899 (ᾳ)
387 5827 472 5887 Cf.
501 5829 579 5887 Ds
604 5832 990 5902 praporatione
1007 5846 1214 5900 euang.,
1246 5845 1298 5898 p.
1324 5827 1447 5882 575.

1887 551 2212 620 confidenter
2237 549 2470 602 divinam
2515 543 2849 614 Scripturam
2882 543 3089 613 lapsam
3121 559 3255 608 esse,
3287 552 3335 598 et
3361 542 3466 596 tale

1887 643 2069 696 citium
2112 640 2381 710 prwferre.
2406 647 2463 692 ut
2488 654 2583 708 pro
2607 637 2718 691 viro
2743 635 3039 706 alienigena
3077 634 3322 689 sacerdos
3355 632 3467 686 Do-

1884 733 2014 788 mini
2041 742 2289 801 ponatur,
2321 747 2439 784 cum
2486 729 2717 783 maxime
2751 726 3016 782 Hebraica
3062 725 3214 780 lectio
3257 734 3306 778 et
3339 724 3468 778 reli-

1883 824 1973 894 qui
2004 824 2306 890 interpretes
2348 835 2523 873 omnes
2567 816 2897 871 Achimelech
2928 815 3328 894 circumferant.
3358 811 3465 868 Ubi

1883 890 2042 971 notes
2104 913 2265 969 velim
2317 909 2638 965 Hebraicam
2695 908 2982 962 lectionem
3037 907 3201 962 hodie
3238 890 3467 988 “fmus:

1883 1002 2256 1066 circumferre,
2285 1011 2338 1056 et
2366 1001 2420 1055 in
2463 999 2669 1055 Graecis
2706 998 2898 1054 Bibliis
2934 997 3225 1070 Ἀδιμέλεχ
3264 1014 3278 1029 ο
3317 994 3464 1050 unde

1883 1103 2030 1168 patet
2056 1094 2274 1152 Eusebii
2298 1092 2630 1162 exemplaria
2661 1090 2932 1145 diversam
2969 1090 3038 1144 ab
3059 1105 3142 1156 ea,
3172 1105 3293 1158 qua:
3317 1103 3464 1142 nunc

1883 1186 2133 1249 habetur,
2170 1183 2459 1239 lectionem
2516 1181 2843 1251 pra-tulisse.
2919 1174 3048 1231 Utut
3111 1195 3243 1234 vero
3293 1180 3362 1235 sit
3393 1179 3464 1233 de

1882 1276 2104 1332 Eusebii
2139 1276 2192 1330 in
2227 1280 2584 1330 memoratum
2617 1273 2839 1326 titulum
2874 1273 3156 1342 opinione,
3189 1286 3310 1342 quae
3341 1271 3457 1324 fore

1880 1369 2047 1424 tassis
2079 1383 2189 1423 non
2236 1367 2490 1422 omnibus
2523 1365 2788 1436 placitura
2839 1374 2943 1428 est,
2995 1373 3150 1436 putat
3179 1380 3313 1420 sane
3369 1365 3464 1419 ille

1881 1459 2037 1516 nefas
2080 1473 2204 1514 esse
2233 1458 2448 1522 vitium,
2482 1457 2528 1512 si
2560 1455 2707 1526 quod
2737 1455 2822 1510 vel
2855 1456 3140 1510 minimum
3174 1456 3371 1524 subsit,
3405 1457 3461 1512 in

1881 1552 2202 1622 scriptorem
2233 1564 2452 1604 sacrum
2484 1546 2798 1602 refundere.

2065 1659 2127 1711 II.
2151 1661 2439 1711 Sanctorum
2462 1659 2640 1708 merita
2664 1658 2804 1708 nobis
2830 1658 3070 1722 prodesse
3097 1663 3254 1722 putat.

1811 1821 1854 1882 Β
1950 1791 2042 1844 Ait
2081 1805 2190 1844 non
2236 1789 2405 1844 semel
2433 1787 2704 1844 Eusebius
2733 1795 3074 1852 sanctorum,
3105 1785 3220 1842 sive
3252 1795 3460 1858 marty-

1885 1897 2027 1948 rum,
2049 1883 2164 1938 sive
2186 1882 2416 1935 aliorum
2440 1879 2548 1935 Deo
2559 1889 2904 1950 acceptorum
2937 1879 3218 1933 hominum
3240 1878 3458 1940 merita,

1871 1973 2117 2030 subsidio
2156 1972 2298 2044 apud
2346 1971 2513 2026 Deum
2545 1971 2704 2027 nobis
2726 1987 2868 2027 esse.
2923 1969 3014 2026 Sic
3044 1970 3184 2041 psal.
3226 1984 3458 2034 Lxxvnt,

1869 2079 2010 2120 vers.
2037 2065 2134 2121 it):
2167 2065 2250 2120 Ad
2272 2064 2382 2121 [uec
2405 2066 2458 2118 in
2477 2065 2714 2138 precibus
2738 2073 2963 2134 tempore
2985 2062 3360 2132 persecutionis
3377 2059 3463 2115 di-

1869 2158 2036 2212 cenda
2081 2158 2432 2225 instituimur,
2473 2156 2769 2212 hostiarum
2820 2166 2868 2210 et
2891 2155 3320 2210 holocaustorum
3348 2153 3462 2208 loco

1870 2249 2176 2319 sanguinem
2195 2257 2499 2303 sanctorum
2520 2256 2814 2319 martyrum
2829 2243 3462 2316 proponentes,achujus-

1871 2341 2014 2396 modi
2032 2341 2437 2411 supplicationes
2451 2342 2741 2396 emittentes
2759 2341 2851 2405 ,‘Iet
2868 2356 3010 2395 vers.
3037 2339 3093 2392 lt
3118 2358 3131 2393 :
3160 2335 3273 2391 Nos
3297 2338 3464 2408 siqui-

1871 2432 1988 2488 dem
2011 2451 2112 2488 non
2128 2433 2272 2505 digni
2299 2434 2466 2490 habiti
2493 2451 2676 2489 sumus
2696 2435 2784 2504 qui
2803 2434 2872 2486 ad
2903 2433 3063 2503 ﬁnem
3085 2448 3245 2502 usque
3259 2439 3484 2485 certare.

1873 2541 2012 2589 mus,
2037 2541 2100 2579 ae
2115 2540 2210 2594 pro
2234 2525 2342 2581 Deo
2372 2527 2676 2597 sanguinem
2696 2523 3068 2594 funderemus;
3098 2524 3187 2578 sed
3209 2524 3332 2595 quia
3358 2523 3463 2594 filii

1873 2631 2056 2669 sumus
2088 2633 2268 2670 eorum
2302 2618 2392 2688 qui
2419 2618 2530 2671 ha’c
2570 2627 2689 2670 sunt
2724 2617 2982 2686 perpessi,
3015 2615 3208 2669 uirtute
3245 2623 3459 2684 patrum

1877 2716 2180 2762 nostrorum
2210 2710 2409 2775 ornati,
2447 2725 2728 2779 precamur
2753 2719 2812 2763 ut
2842 2708 3058 2764 illorum
3097 2707 3272 2779 gratia
3302 2706 3459 2760 mise-

1878 2799 2169 2853 ricordiam
2201 2816 2607 2871 consequamur.

1941 2910 2025 2963 ill.
2046 2913 2227 2964 Veram
2244 2914 2421 2965 Christi
2439 2915 2489 2964 in
2512 2912 2812 2964 Eucharislia
2833 2912 3146 2977 praesentiam
3159 2913 3395 2962 declarat.

1954 3016 2150 3074 Veram
2199 3017 2405 3073 Christi
2468 3017 2523 3072 in
2573 3017 2919 3073 Eucharistia
2979 3018 3322 3088 prmsentiam
3385 3015 3460 3087 (a)

1881 3109 2166 3181 profitetur
2213 3125 2338 3165 cum
2387 3109 2532 3164 hunc
2604 3124 2818 3164 versum
2884 3109 3201 3178 explicans.
3255 3107 3466 3164 Cibavit

1804 3197 1964 3261 Ceos
2047 3216 2114 3255 ea:
2176 3202 2329 3270 adipe
2367 3200 2642 3270 frumenti,
2677 3211 2728 3254 et
2776 3199 2840 3255 de
2886 3211 3036 3270 petra
3091 3199 3243 3254 melle
3307 3209 3460 3254 satu-

1880 3295 2016 3349 ravit
2074 3310 2161 3348 eos
2210 3292 2386 3363 (Psal.
2439 3307 2607 3356 ωδεχ,
2662 3291 2774 3362 17),
2826 3291 2902 3345 ait
2942 3310 2955 3345 :
2995 3290 3152 3343 Κατὰ
3217 3290 3373 3344 τοῦτο
3403 3291 3463 3344 δὲ

1881 3386 2118 3458 ἐπλήρου
2169 3381 2511 3449 καταξιώσας
2543 3384 2740 3447 αὐτοὺς
2769 3383 2868 3455 τῆς
2905 3382 3113 3446 οἰκείας
3139 3382 3366 3454 τροφῆς,
3398 3383 3462 3437 οὐ

1885 3479 2042 3551 μόνον
2068 3477 2404 3548 σωματικῆς,
2429 3474 2563 3528 ἀλλὰ
2584 3476 2677 3528 καὶ
2700 3475 2797 3546 τῆς
2829 3473 3147 3546 ἐπουρανίου
3183 3473 3274 3528 καὶ
3303 3491 3466 3527 πνευ-

1885 3571 2139 3642 ματικῆς,
2159 3567 2394 3639 ὁπηνίκα
2420 3566 2656 3639 πρώτοις
2678 3567 2860 3630 αὐτοῖς
2884 3565 3144 3636 ἐπεδήμει
3171 3568 3199 3618 ό
3232 3566 3465 3636 Χριστὸς

1880 3659 1972 3713 τοῦ
2011 3657 2167 3722 Θεοῦ,
2199 3658 2402 3733 τροφὴν
2447 3657 2627 3718 αὐτοῖς
2671 3659 2934 3732 παρεῖχεν
2985 3655 3077 3709 τὸν
3141 3655 3463 3725 ἐπουράνιον

1881 3753 2063 3823 ἄρτον,
2093 3750 2317 3803 ΛΥΤΟΣ
2348 3748 2646 3811 ΕΑΥΤΟΝ,
2679 3748 2730 3801 id
2751 3758 2869 3803 est:
2899 3747 3044 3801 Tunc
3065 3763 3223 3816 porro
3248 3748 3466 3816 proprio

1883 3843 2003 3897 illos
2049 3841 2163 3896 cibo
2198 3841 2392 3909 replere
2424 3840 2667 3911 dignatus
2701 3849 2801 3904 est,
2837 3856 2940 3892 non
2975 3853 3226 3906 corporea
3265 3837 3461 3902 solum,

1884 3935 1974 3989 sed
2004 3935 2164 3988 etiam
2204 3933 2400 3987 ccelesti
2433 3943 2481 3986 et
2508 3931 2800 4002 spirituali,
2834 3947 2954 3985 cum
2985 3929 3053 3984 ad
3092 3931 3233 4000 ipsos
3265 3931 3466 3999 primos

1885 4025 2126 4081 Christus
2163 4024 2254 4080 Dei
2278 4027 2642 4096 peregrinatus
2674 4034 2774 4088 est,
2812 4034 2966 4094 atque
3014 4024 3066 4077 in
3115 4023 3287 4076 cibum
3331 4024 3462 4090 ipsis

1884 4119 2139 4175 caelestem
2183 4134 2391 4188 panem,
2421 4120 2530 4183 ipse
2581 4116 2935 4184 semetipsum,
2981 4113 3144 4169 dedit.
3196 4115 3276 4169 Ad
3318 4115 3464 4184 psal-

1884 4227 2034 4264 mum
2069 4225 2200 4265 vero
2242 4224 2427 4273 xxxvi,
2455 4209 2567 4263 haec
2613 4207 2777 4262 habet
2813 4225 2827 4260 :
2864 4207 3232 4278 Κατατρυφᾷν
3269 4207 3326 4260 δὲ
3368 4205 3464 4261 τοῦ

1884 4298 2088 4370 Κυρίου
2101 4298 2385 4369 δυνήσεται
2403 4295 2431 4346 ὁ
2449 4296 2548 4366 τῆς
2569 4295 2746 4365 ψυχῆς
2776 4292 2846 4347 τὰ
2876 4296 3203 4368 αἰσθητήρια
3230 4296 3466 4350 κεκαθα-

1891 4388 2170 4460 ρισμένος,
2204 4388 2279 4451 ὡς
2311 4386 2568 4441 δύνασθαι
2617 4386 2819 4439 ἐσθίειν
2847 4386 2937 4439 τὸν
2963 4384 3140 4450 ζῶντα
3177 4389 3337 4460 ἄρτον
3369 4390 3465 4442 καὶ

1886 4481 1983 4544 τὰς
2015 4479 2308 4544 ζωοποιοὺς
2341 4478 2503 4532 αὑτοῦ
2538 4479 2770 4548 σάρκας,
2805 4479 2980 4532 πίνειν
3017 4496 3077 4532 τε
3108 4479 3168 4533 τὸ
3197 4482 3465 4552 σωτήριον

1884 4571 2049 4626 αὑτοῦ
2099 4566 2255 4642 αἷμα.
2311 4570 2532 4634 Τούτοις
2572 4569 2908 4642 τρεφόμενος
2955 4571 3050 4624 καὶ
3094 4570 3458 4642 πιαινόμενος,

1882 4666 1982 4735 τῆς
2033 4663 2216 4717 ἐνθέου
2272 4661 2443 4734 μέθης
2490 4659 2799 4722 ἀπολαύων,
2840 4661 3307 4728 κατατρύφησον
3357 4660 3462 4714 τοῦ

1883 4757 2124 4824 Κυρίου,
2155 4754 2210 4810 id
2257 4761 2342 4810 est
2369 4773 2382 4808 :
2414 4751 2677 4806 Delectari
2711 4760 2885 4805 autem
2916 4751 2969 4804 in
3001 4750 3225 4806 Domino
3249 4751 3462 4815 valebit,

1882 4852 2119 4922 quisquis
2151 4848 2344 4903 anima:
2368 4843 2604 4901 sensibus
2631 4846 2779 4913 puris
2809 4844 3149 4914 purgatisque
3173 4842 3353 4912 fuerit,
3382 4843 3460 4896 ita

1883 4955 1940 4997 ut
1966 4959 2152 5013 panem
2183 4943 2352 4997 vivum
2377 4949 2425 4995 et
2463 4939 2695 5008 viviﬁcas
2720 4953 2904 4990 carnes
2935 4936 3050 5006 ejus
3083 4935 3232 4990 edere
3270 4937 3459 5006 possit,

1885 5054 1948 5091 ac
1991 5035 2280 5090 salutarem
2313 5036 2426 5100 eius
2466 5029 2637 5084 bibere
2681 5029 3009 5097 sanguinem.
3064 5027 3166 5081 His
3198 5029 3460 5082 enutritus

1883 5141 1931 5185 et
1961 5130 2337 5200 impinguatus,
2364 5126 2540 5184 divina
2574 5129 2754 5199 fruens
2770 5126 3040 5189 ebrietate,
3073 5141 3093 5176 ι
3119 5121 3378 5178 delectare
3404 5121 3462 5178 in

1885 5221 2130 5278 Domino.
2170 5241 2190 5274 ι

2191 5331 2273 5384 IV.
2301 5333 2428 5394 Quid
2451 5333 2513 5382 de
2537 5332 2698 5382 libero
2723 5331 2925 5382 arbitrio
2948 5325 3149 5378 sentiat.

1957 5438 2212 5494 Liberum
2231 5437 2517 5492 arbitrium
2545 5436 2601 5490 in
2623 5433 2844 5489 homine
2865 5431 2932 5486 ad
2959 5430 3163 5486 bonum
3189 5426 3460 5482 malumve

1886 5531 2230 5603 deligendum
2280 5530 2362 5586 sic
2409 5528 2646 5600 explicat
2687 5528 2796 5590 ille,
2832 5525 2898 5580 ad
2953 5523 3222 5596 psalmum
3262 5532 3404 5573 xxxx
3441 5535 3455 5570 :

1899 5623 2246 5687 Ἀκαλύπτως
2278 5621 2335 5675 δὲ
2357 5622 2386 5674 ὁ
2413 5618 2648 5682 τοιοῦτος
2680 5616 2936 5683 ἐξέδωκεν
2966 5612 3160 5669 ἑαυτὸν
3184 5611 3251 5681 τῇ
3279 5610 3452 5697 epap-

1885 5715 1994 5788 τιᾳ,
2016 5714 2090 5779 ὡς
2123 5713 2216 5768 καὶ
2253 5711 2320 5766 τὰ
2355 5711 2573 5782 ῥήματα
2613 5706 2705 5762 τοῦ
2739 5707 3004 5778 στόματος
3028 5697 3193 5758 αὐτοῦ
3225 5695 3461 5770 ἀνομίαν
3513 5759 3516 5762 ,
