3994 6448
510 377 582 430 ΞἹ
1181 372 1456 430 EUSEBII
1493 372 1973 430 CAESABIENSIS
2009 371 2162 427 OPP.

2201 369 2384 427 PARS
2411 352 2506 428 111.
2533 371 2616 417 μ-
2651 374 3060 434 assumas.
3753 377 3816 433 es

510 490 767 552 εἶναικαὶ
794 495 963 549 δόλον.
1001 495 1147 548 Πάνυ
1178 493 1235 546 δὲ
1262 493 1435 548 ταῦτα
1468 493 1608 547 ἑκὼν
1657 492 1858 547 εἶλετοο
1893 493 1988 548 ἆτε
2029 491 2091 564 δὴ

2196 489 2321 544 dum
2342 489 2616 561 Aquilam,
2653 513 2670 544 ι
2709 494 2940 563 conﬁsus
2964 509 3112 558 sum;
3147 512 3164 546 ι
3197 501 3302 548 aut
3334 499 3402 545 ut
3435 488 3818 560 Symmachus.

511 587 857 653 αὐτεξούσιος
877 587 972 651 ὢν,
999 589 1094 641 καὶ
1114 587 1412 658 δυνάμενος
1438 587 1534 658 μὲν
1554 587 1652 658 τὴν
1675 585 1887 658 ἀγαθὴν
1908 586 2096 658 μετελ-

513 682 624 734 θεῖν
653 679 794 744 ὁδὸν,
829 681 904 752 μὴ
942 679 1221 752 βουληθεὶς
1258 680 1334 734 δέ.
1366 679 1479 733 [Ioc
1515 690 1601 734 est
1631 679 1860 734 :Palam
1920 689 2096 733 autem

513 773 605 827 ille
633 790 688 827 se
716 783 930 841 peccato
973 772 1197 838 dedidit,
1235 775 1312 826 ita
1347 783 1403 826 ut
1433 773 1588 828 verba
1618 773 1725 827 oris
1754 772 1868 840 ejus
1899 772 2097 841 iniqui-

515 876 598 919 tas
630 876 680 920 et
708 864 865 919 dolus
892 875 1088 920 essent.
1124 864 1250 918 lla'c
1271 877 1446 918 autem
1477 867 1585 933 ipse
1619 864 1903 918 admodum
1939 864 2098 918 libere

512 958 688 1026 elegit,
722 966 900 1026 utpote
937 957 1089 1010 liberi
1127 956 1358 1022 arbitrii,
1403 973 1556 1025 penes
1593 974 1744 1027 quem
1795 966 1909 1011 erat
1957 959 2096 1010 viam

515 1050 665 1104 adire
697 1048 886 1103 bonam
925 1065 944 1104 :
975 1049 1112 1118 quod
1144 1049 1235 1103 ille
1279 1051 1472 1106 noluit.
1511 1051 1862 1117 Quamobrem
1888 1053 2094 1106 dictum

515 1150 616 1203 est,
659 1159 677 1192 ι
720 1139 910 1194 Noluit
950 1141 1245 1210 intelligere
1276 1150 1332 1193 ut
1368 1140 1493 1195 bene
1527 1152 1698 1212 ageret
1733 1159 1752 1196 :
1782 1142 1872 1195 sed
1913 1144 2099 1214 iniqui-

521 1246 681 1289 tatem
727 1234 1013 1288 meditatus
1044 1244 1120 1288 est
1153 1235 1206 1287 in
1239 1234 1400 1287 cubiti
1431 1250 1545 1288 suo.
1585 1255 1604 1287 ι
1637 1234 1699 1289 Ει
1729 1235 1795 1287 ad
1829 1237 2095 1304 psalmum

515 1344 624 1384 ινιι
657 1326 906 1397 εἘπειδὴ
934 1326 1042 1397 γὰρ
1072 1325 1287 1395 φύσεως
1310 1326 1601 1398 ἐλευθέρας
1637 1330 1728 1381 καὶ
1749 1328 2094 1392 αὑτεξουσὶου

515 1420 820 1490 γενόμενοι,
847 1417 1174 1491 διακριτικοί
1196 1435 1255 1470 τε
1275 1417 1368 1470 τοῦ
1398 1418 1565 1471 καλοῦ
1596 1417 1803 1472 καὶτοῦ
1831 1418 2093 1483 ἐναντίου,

515 1514 614 1584 τήν
645 1528 705 1565 τε
731 1513 810 1574 εἰς
831 1510 1068 1576 ἑκάτερα
1098 1510 1267 1581 ῥοπὴν
1301 1511 1399 1582 τὴν
1429 1512 1486 1563 ἐν
1518 1512 1727 1572 ἑαυτοῖς
1748 1511 2093 1581 κεκτημένοι,

514 1605 615 1658 οὐκ
647 1603 824 1676 ὀρθῶς
859 1604 1157 1674 ἐχρήσαντο
1186 1603 1265 1672 τῷ
1294 1605 1586 1675 κριτηρίῳ,
1635 1603 1753 1656 οὐδὲ
1800 1605 2096 1674 ἠγάπησαν

517 1697 616 1766 τὴν
639 1694 871 1757 εὐθεῖαν,
895 1694 1095 1763 καίπερ
1121 1692 1319 1756 εἰδότες
1349 1693 1538 1765 αὐτὴν,
1555 1694 1674 1746 οὐδ’
1692 1694 1870 1766 ἔργοις
1903 1695 2098 1767 μετῆλ-

523 1783 614 1836 θον
649 1783 749 1854 τὴν
804 1783 1170 1853 δικαιοσύνην,
1227 1784 1292 1853 ἣν
1347 1784 1490 1851 λόγῳ
1514 1784 1660 1856 μόνῳ
1711 1786 1804 1838 καὶ
1862 1786 2096 1856 χείλεσιν

2201 602 2219 634 ι
2270 583 2503 654 confisus
2559 601 2705 638 eram
2750 601 2768 637 :
2823 603 2841 636 ι
2877 583 3312 655 quandoquidem
3375 582 3567 650 ipsum
3610 579 3818 648 paribus

2197 683 2351 744 atque
2374 683 2590 728 ca'teros
2625 672 2892 741 apostolos
2934 672 3087 728 donis
3142 674 3442 740 aﬂ'ecerat.
3505 667 3841 735 Conﬁdebatl

2197 775 2369 818 autem
2400 766 2447 819 ei
2479 764 2747 830 Salvator,
2778 774 2828 818 et
2874 764 3066 819 bonam
3103 764 3168 818 de
3210 767 3336 835 ipso
3373 776 3536 830 spem
3572 759 3840 829 habebat,‘

2195 857 2318 927 quia
2340 857 2394 909 in
2418 873 2477 910 eo
2505 856 2729 910 liberum
2756 857 3035 910 arbitrium
3055 865 3210 910 esset.
3240 853 3448 924 Neque
3481 851 3632 904 enim
3653 848 3818 905 ludas

2195 964 2260 1003 ex
2289 948 2596 1018 liujusmodi
2633 961 2828 1003 natura
2863 959 3000 1011 erat,
3033 964 3149 1018 quae
3184 965 3293 1001 non
3345 951 3548 1016 posset
3593 942 3818 996 salutem

2197 1044 2478 1112 consequi;
2511 1041 2599 1097 sed
2642 1051 2871 1110 poterat,
2907 1042 2954 1095 si
2982 1039 3192 1111 quidem
3220 1038 3524 1099 voluisset,
3555 1044 3618 1086 ut
3649 1044 3698 1087 et
3723 1050 3820 1087 civ-

2199 1131 2295 1185 teri
2320 1132 2566 1197 apostoli,
2597 1148 2629 1183 a
2649 1130 2791 1184 Filio
2827 1129 2923 1184 Dei
2956 1128 3176 1191 erudiri,
3202 1145 3263 1181 ac
3296 1127 3486 1180 bonus
3521 1122 3819 1192 probusque

2195 1225 2484 1292 discipulus
2518 1225 2665 1294 eﬂici.
2713 1221 2868 1278 Unde
2909 1222 3085 1292 palam
3115 1228 3199 1275 est
3225 1235 3362 1276 eum
3404 1216 3660 1288 gratiam
3699 1232 3820 1272 ver-

2197 1317 2431 1378 satilem,
2463 1317 2529 1370 ad
2566 1315 2908 1378 utrumlibet,
2944 1314 3059 1368 sive
3085 1313 3285 1367 bonum
3331 1310 3463 1365 sive
3497 1309 3816 1363 malumin-

2195 1406 2553 1472 diﬂereutem,
2587 1407 2640 1460 in
2683 1407 2938 1460 omnibus
2980 1419 3208 1475 prorsus
3240 1399 3616 1464 hominibus,
3650 1397 3813 1456 etiam

2197 1500 2380 1570 impiis
2413 1508 2466 1554 et
2502 1500 2902 1571 peccatoribus,
2929 1497 3304 1552 constituisse.

2334 1607 2420 1658 νι.
2467 1607 2529 1657 Et
2549 1606 3029 1670 prmdestinationem
3051 1613 3162 1669 post
3184 1603 3403 1668 praevisa
3441 1602 3657 1652 merita.

2264 1709 2375 1766 Nec
2408 1711 2588 1766 minus
2613 1721 2798 1782 aperte
2833 1711 3373 1782 prmdestinationem
3415 1714 3554 1778 post
3578 1706 3805 1776 praevisa

2197 1804 2389 1857 merita
2419 1802 2578 1857 docet
2613 1803 2679 1857 ad
2709 1803 2902 1872 psalm.
2939 1818 3048 1866 LVI,
3083 1802 3175 1856 ubi
3205 1801 3350 1855 hanc
3377 1799 3549 1852 Pauli
3582 1805 3805 1853 senten-

520 1873 933 1943 ἰπηγγέλλοντο,
951 1873 1029 1944 τῷ
1061 1874 1274 1945 παλαιῷ
1305 1874 1360 1927 δὲ
1384 1875 1504 1943 ὄφει
1533 1876 1910 1946 ὁμοιωθέντες,
1932 1879 2091 1932 ἀσπί-

2209 1890 2335 1944 tiam
2357 1891 2652 1959 explicans,
2682 1890 2822 1944 Nam
2845 1909 2971 1961 quos
2996 1895 3278 1961 pra’scivit,
3304 1903 3360 1946 et
3383 1893 3802 1961 prwdestinavit

515 1964 604 2030 δος
636 1966 827 2035 κωιρῆς
859 1966 1074 2037 χείρους
1109 1967 1384 2035 ὲγένοντο’
1420 1967 1609 2021 τούτου
1651 1969 1808 2040 χάριν
1854 1970 2091 2024 ἐπακού-

517 2073 646 2111 σατε
684 2057 806 2111 τίνα
850 2059 944 2110 καὶ
991 2059 1189 2122 αὐτοὺς
1223 2059 1524 2130 περιμένει,
1577 2060 1628 2113 id
1674 2067 1757 2113 est
1789 2080 1801 2115 :
1828 2059 2091 2125 Quoniam

514 2147 653 2201 enim
695 2146 862 2200 libera
891 2156 942 2201 et
976 2150 1062 2202 sui
1091 2149 1302 2202 arbitrii
1331 2158 1525 2202 natura
1573 2150 1806 2218 pra'diti,
1839 2154 1887 2204 vi
1930 2151 2093 2206 inter-

514 2241 761 2296 noscendi
811 2239 931 2294 boni
979 2250 1030 2295 et
1063 2242 1317 2294 contrarii
1358 2242 1624 2306 instructi,
1661 2253 1815 2312 atque
1871 2243 2091 2298 liberam

514 2333 584 2386 ad
613 2334 917 2387 utrumlibet
945 2332 1340 2386 inclinationem
1367 2334 1531 2395 nacti,
1565 2349 1669 2386 non
1730 2343 1864 2388 recte
1881 2337 2089 2404 judicio

512 2439 611 2478 suo
663 2433 786 2477 sunt
839 2424 944 2484 usi,
981 2439 1142 2489 neque
1187 2433 1382 2476 rectam
1429 2423 1588 2487 viam,
1624 2425 1726 2478 etsi
1755 2437 1933 2479 notam
1963 2428 2086 2492 sibi,

513 2513 828 2579 dilexerunt,
863 2532 1024 2585 neque
1059 2515 1300 2584 operibus
1326 2515 1601 2584 justitiam
1634 2516 1900 2580 adierunt,
1929 2535 2088 2588 quam

511 2605 682 2660 verbis
734 2604 996 2657 duntaxat
1053 2615 1104 2658 et
1154 2604 1311 2658 labiis
1361 2615 1486 2659 sunt
1534 2607 1778 2674 professi,
1835 2611 2090 2680 veterique

510 2697 741 2764 serpenti
783 2697 1006 2760 similes,
1057 2697 1237 2760 aspide
1285 2697 1452 2752 surda
1503 2698 1788 2756 deteriores
1841 2719 2084 2768 evasere;

511 2787 630 2842 ideo
683 2804 822 2857 qme,
855 2788 984 2857 ipsis
1028 2799 1275 2843 eventura
1319 2800 1441 2844 sunt
1486 2791 1685 2847 audite.
1719 2791 1982 2850 Similiter
2021 2795 2088 2850 de

512 2876 756 2934 Hebraeis
786 2895 977 2950 agens,
1010 2879 1205 2949 psalmi
1241 2897 1424 2936 Lxxvu
1457 2883 1525 2938 ad
1557 2883 1704 2938 hunc
1744 2901 1984 2950 versum,
2018 2886 2086 2942 Et

508 2970 661 3025 obliti
692 2980 812 3024 sunt
843 2970 1232 3040 benefactorum
1261 2973 1394 3044 ejus,
1432 2974 1504 3028 ita
1540 2975 1782 3047 loquitur
1815 2997 1827 3032 :
1861 2978 2088 3034 Πάντων

509 3062 620 3137 γὰρ
650 3062 853 3117 τούτων
880 3063 1051 3136 λήθην
1077 3065 1452 3136 πεποιημένοι,
1475 3069 1583 3122 τῶν
1614 3069 1751 3142 πρὸς
1773 3071 1897 3134 τοὺς
1924 3070 2089 3125 πατέ-

514 3170 616 3226 ρας
657 3154 838 3209 αὐτῶν
894 3154 1364 3226 ὲπιδεδειγμένων.
1411 3157 1548 3212 ὅπλα
1595 3161 1794 3231 ἤραντο
1822 3161 1963 3215 κατὰ
1991 3161 2084 3216 τοῦ

510 3243 665 3309 Θεοῦ,
716 3245 774 3298 οὐ
824 3244 1173 3316 βουληθέντες
1220 3238 1298 3315 τῷ
1341 3245 1488 3317 νόμῳ
1519 3248 1682 3301 αὑτοῦ
1724 3249 2082 3322 πορεύεσθαιο

511 3336 691 3390 καίτοι
747 3336 833 3389 ἐπ’
869 3337 1067 3398 αὐτοὺς
1121 3336 1372 3405 κειμένου
1417 3338 1510 3390 τοῦ
1554 3338 1833 3404 δύνασθαι,
1868 3343 1960 3397 καὶ
1995 3343 2088 3397 τοῦ

513 3425 824 3498 βούλεσθαι,
855 3427 907 3481 id
930 3435 1014 3482 est
1054 3447 1066 3481 :
1101 3425 1240 3480 Nam
1271 3431 1504 3482 omnium
1535 3447 1714 3485 eorum
1761 3433 1932 3497 obliti,
1973 3451 2090 3504 qua:

509 3517 754 3588 patribus
807 3519 917 3572 suis
970 3527 1177 3572 ostensa
1233 3528 1377 3584 sunt,
1413 3537 1565 3574 arma
1616 3521 1845 3576 tulerunt
1905 3535 2089 3579 contra

513 3610 704 3674 Deum,
749 3625 866 3662 cum
913 3609 1113 3663 nollent
1163 3611 1215 3664 in
1250 3612 1358 3680 lege
1395 3611 1508 3680 ejus
1561 3612 1855 3680 ambulare,
1879 3615 2090 3670 etiamsi

509 3716 664 3768 penes
697 3700 838 3770 ipsos
869 3710 1003 3754 esset
1029 3711 1086 3753 ut
1112 3711 1320 3769 possent
1347 3711 1395 3755 et
1429 3702 1634 3758 vellent.

2109 3209 2156 3269 ϐ

511 3813 569 3863 ν.
597 3813 810 3866 Gratiam
835 3813 1185 3864 indifferentia:
1217 3815 1277 3924 ad
1304 3815 1612 3926 utrumlibet,
1653 3804 1744 3866 seu
1784 3819 2086 3882 versatilem,

1252 3890 1337 3926 oce
1365 3915 1376 3926 .

1252 3890 1376 3927 ορθῐ.

586 3979 662 4034 Ne
695 3980 820 4049 quis
850 3994 980 4035 vero
1008 3979 1262 4048 opinetur
1302 3989 1493 4050 putare
1526 3979 1840 4046 Eusebium,
1873 3998 1938 4037 ex
1970 3984 2088 4038 solo

513 4073 668 4128 liberi
715 4072 929 4126 arbitrii
986 4080 1136 4126 motu
1188 4073 1483 4135 hominem,
1523 4089 1621 4128 nec
1652 4073 1824 4144 gratia
1865 4074 2084 4141 fultum,

510 4166 712 4221 bonum
770 4167 995 4237 perinde
1046 4175 1209 4235 atque
1245 4166 1442 4220 malum
1492 4166 1644 4220 adire
1708 4181 1901 4235 posse;
1961 4167 2087 4223 huic

511 4259 811 4330 suSpicioni
847 4258 1091 4313 occurrit
1124 4259 1214 4311 ille
1261 4257 1346 4311 his
1378 4257 1561 4312 verbis
1589 4277 1601 4311 :
1630 4258 1772 4324 Quos
1801 4261 2087 4328 prwscien-

509 4351 589 4404 tia
623 4367 722 4404 sua
754 4361 1066 4420 pra’vertens
1115 4348 1277 4406 Deus.
1305 4357 1585 4417 antequam
1620 4351 1674 4402 in
1713 4351 1878 4404 lucem
1905 4352 2087 4420 prodi-

512 4453 646 4506 rent,
679 4443 808 4498 tales
845 4444 1053 4513 futuros
1098 4458 1209 4496 esse
1242 4452 1484 4505 noverat;
1523 4441 1614 4496 sed
1643 4452 1816 4496 tamen
1847 4445 2086 4511 permisit

510 4544 569 4587 ut
601 4543 962 4595 nascerentur,
992 4532 1166 4600 gratia
1193 4546 1291 4583 sua
1335 4531 1460 4597 ipsis
1490 4547 1688 4600 quoque
1735 4548 1998 4594 concessa,
2027 4541 2086 4586 ut
2117 4544 2162 4600 ι)

509 4625 690 4696 palam
713 4643 894 4680 eorum
923 4625 1249 4694 propositum
1275 4624 1552 4695 θεωρητὴν
1586 4627 1716 4695 παρ’
1737 4625 1900 4679 αὐτοῦ
1927 4629 2086 4696 χάριν

511 4717 605 4770 καὶ
663 4716 844 4778 αὐτοῖς
886 4714 1292 4787 δωρησάμενος,
1319 4718 1400 4778 εἰς
1432 4715 1491 4768 τὸ
1525 4717 1790 4786 φανεροὺς
1837 4719 2087 4785 γενέσθαι

511 4809 610 4879 τὴν
641 4807 977 4879 προαίρεσιν.
1015 4806 1284 4876 Siquidem
1338 4817 1386 4861 et
1431 4808 1664 4862 ordinem
1691 4808 1957 4878 justorum
2007 4828 2090 4866 re»

511 4916 652 4954 ctam
707 4916 770 4952 ac
834 4900 1050 4953 minime
1073 4897 1332 4966 deﬂexerit
1387 4899 1525 4951 viam
1576 4909 1760 4968 suapte
1801 4900 2066 4956 voluntate

511 4995 771 5047 initurum
815 5001 1128 5060 pra’vertens
1173 4989 1310 5044 Deus
1363 5001 1598 5048 noverat.
1633 4991 1834 5046 Deinde
1881 4995 2089 5064 utrique

509 5084 687 5140 ordini
724 5082 948 5136 liberum
999 5081 1210 5135 arbitrii
1263 5089 1458 5132 motum
1520 5081 1745 5148 dimisit,
1795 5086 2078 5139 concedens

509 5185 567 5229 ut
619 5175 672 5228 in
705 5175 877 5229 stadio
926 5191 1140 5228 cursum
1200 5175 1534 5243 con/iterent.
1591 5173 1669 5227 Ac
1721 5192 1836 5228 cum
1874 5180 2089 5231 univer-

511 5285 598 5322 sos
672 5275 868 5320 natura
927 5266 1125 5320 similes
1208 5265 1585 5329 constituisset,
1669 5265 1934 5320 voluntate
1990 5283 2089 5320 sua

511 5377 761 5432 quemque
822 5360 1044 5413 meliora
1107 5357 1332 5428 deligere
1398 5359 1598 5426 pariter
1657 5360 1922 5427 permisit.
1985 5360 2080 5414 ltli

514 5471 655 5516 vero,
708 5460 888 5520 utpote
928 5451 1018 5520 qui
1064 5450 1148 5504 sui
1193 5451 1430 5520 ipsorum
1463 5449 1685 5512 domini,
1719 5454 1802 5503 sui
1827 5452 1990 5520 juris,
2026 5469 2090 5507 ac

517 5548 666 5602 liberi
739 5544 914 5616 quoad
986 5551 1185 5597 motum
1245 5552 1452 5606 essent,
1513 5542 1774 5595 arbitratu
1822 5560 1916 5596 suo
1971 5543 2086 5598 dis.

507 5639 680 5707 juncti
739 5645 883 5700 sunt,
920 5634 1044 5690 aliis
1077 5645 1292 5700 rectam,
1337 5637 1602 5707 obliquam
1633 5637 1756 5692 aliis
1806 5639 1945 5691 viam
1999 5655 2087 5691 co.

515 5729 836 5795 optantibus.
861 5729 986 5785 Pari
1008 5731 1274 5786 sententia
1296 5728 1362 5784 de
1383 5725 1410 5782 J
1419 5730 1520 5783 uda
1538 5729 1766 5799 loquens
1789 5729 1902 5783 haec
1926 5729 2086 5784 habet

511 5823 578 5878 ad
605 5824 799 5894 psalm.
830 5838 898 5878 ιι.
926 5821 1172 5890 ε8ει1,‹ἱιι
1203 5837 1306 5893 quo
1329 5823 1592 5892 speravi,»
1643 5821 1753 5888 ait;
1785 5821 1862 5877 vel
1897 5838 2089 5876 secum.

2205 1981 2385 2053 (Rom.
2406 2000 2520 2047 vm,
2534 1985 2646 2055 29),
2661 1995 2764 2039 etc.
2777 2025 2790 2046 ,
2808 1987 2914 2038 ait:
2935 1987 3142 2057 Ὥσπερ
3159 1982 3251 2039 οὖν
3266 1984 3510 2048 τούτους
3524 1986 3796 2055 προγνοὺς

2205 2074 2495 2146 μέλλοντας
2523 2078 2741 2147 ἀγαπᾷν
2773 2078 2933 2130 αὑτὸν
2968 2076 3505 2149 προιτ›ρισεν·οὖτως
3541 2079 3642 2129 καὶ
3677 2079 3798 2144 τοὺς

2200 2165 2434 2230 ἀσεϐεῖς,
2458 2167 2642 2236 ἐπειδὴ
2659 2169 2904 2239 προέγνω
2923 2168 3211 2237 μέλλοντας
3227 2166 3412 2220 λαλεῖν
3437 2164 3794 2236 δικαιοσύνην

2189 2257 2275 2313 διὰ
2295 2259 2355 2312 τὸ
2377 2257 2662 2327 γινώσκειν
2683 2257 2869 2328 αὐτὴν,
2898 2257 2957 2312 οὗ
2991 2259 3096 2329 μὴν
3130 2258 3225 2310 καὶ
3253 2259 3370 2317 τοῖς
3404 2254 3604 2325 ἔργοις
3634 2250 3797 2323 αὐτὴν

2191 2351 2702 2422 μετελευσομένους,
2723 2350 2810 2404 διὰ
2839 2349 2900 2402 τὸ
2927 2352 3048 2414 ταῖς
3083 2349 3270 2420 χερσὶν
3298 2346 3531 2402 ἀδικίαν
3558 2341 3794 2414 συμπλέ-

2189 2458 2326 2505 κειν,
2360 2441 2551 2494 τούτου
2577 2442 2733 2512 χάριν
2776 2439 3214 2512 ἀπηλλοτρίωσεν
3256 2438 3368 2491 ἀπὸ
3416 2439 3670 2508 μήτρας,
3704 2435 3793 2489 καὶ

2189 2532 2246 2583 ὲν
2276 2529 2646 2600 πλανωμένοις
2665 2530 2760 2582 καὶ
2781 2528 2998 2582 λαλοῦσι
3036 2529 3203 2600 ψευδῆ
3241 2529 3372 2600 παρ’
3419 2524 3614 2596 ἑαυτῷ
3667 2541 3791 2578 κατ·

2185 2620 2460 2692 ηρίθμησε
2487 2621 2614 2693 πρὶν
2634 2621 2902 2689 γενέσθαι,
2933 2619 3275 2692 συνεχώρησέ
3306 2636 3392 2682 τε,
3414 2618 3586 2679 εἰδὼς
3600 2617 3788 2679 αὐτοὺς

2185 2708 2456 2773 τοιούτους
2474 2710 2780 2780 ἐσομένους,
2809 2712 2889 2776 εἰς
2913 2711 3146 2781 φανερὸν
3163 2710 3358 2770 ἐλθεῖν,
3381 2710 3466 2774 ὡς
3498 2709 3571 2762 ἂν
3594 2709 3656 2761 τὸ
3679 2707 3788 2761 διά-

2189 2819 2354 2873 φορον
2379 2802 2488 2855 τῶν
2515 2802 2737 2855 δικαίων
2770 2804 2864 2856 καὶ
2893 2802 3158 2857 θεοσεδῶν
3187 2801 3400 2872 ἀνδρῶν
3447 2803 3518 2854 ὲκ
3550 2801 3654 2871 τῆς
3677 2798 3780 2852 τῶν

2187 2893 2442 2964 χειρόνων
2481 2892 2834 2964 παραθέσεως
2880 2893 3257 2964 διαλάμψειεν.
3288 2893 3440 2956 Μιᾶς
3487 2892 3602 2962 γὰρ
3634 2891 3782 2954 ὄντες

2187 2983 2401 3054 φύσεως
2431 2986 2480 3038 οἱ
2513 2985 2734 3048 πάντες,
2767 2984 2817 3037 οί
2853 2984 2954 3054 μὲν
2981 2984 3201 3048 ἑκόντες
3231 2983 3455 3038 εἵλαντο
3488 2982 3566 3036 τὰ
3599 2981 3779 3054 κρείτ-

2184 3091 2282 3140 τω,
2301 3077 2352 3130 οἱ
2369 3075 2426 3130 δὲ
2441 3075 2539 3148 τὴν
2561 3075 2801 3129 ἐναντίαν
2828 3075 2961 3128 ὣδευ
2970 3093 3084 3139 σαν,
3104 3075 3437 3146 αὑτεξουσίῳ
3460 3073 3782 3148 προαιρέσει

2186 3169 2540 3240 χρησάμενοι.
2595 3167 2654 3222 Id
2682 3176 2764 3224 est
2794 3183 2808 3219 :
2846 3166 3297 3234 Quemadmodum
3335 3169 3508 3239 igitur
3541 3183 3663 3220 cum
3696 3181 3776 3220 eos

2190 3261 2559 3328 prwscivisset,
2582 3261 2671 3330 qui
2703 3262 2936 3314 amaturi
2985 3262 3156 3330 ipsum
3214 3270 3386 3324 erant,
3419 3263 3592 3316 etiam
3647 3275 3779 3328 pra-

2190 3351 2474 3405 destinavit
2523 3368 2644 3416 eos;
2689 3353 2765 3406 sic
2810 3362 2859 3407 et
2898 3353 3084 3422 impios
3117 3370 3234 3407 cum
3258 3355 3598 3423 pra'vidisset
3617 3353 3777 3423 justi-

2193 3444 2321 3496 tiam
2347 3442 2552 3514 quidem
2580 3443 2867 3508 locuturos,
2903 3455 3080 3512 utpote
3109 3445 3198 3513 qui
3226 3455 3437 3499 nossent
3461 3445 3655 3509 illam,
3689 3441 3774 3498 sed

2191 3534 2359 3603 ipsam
2391 3544 2562 3588 tamen
2603 3551 2706 3588 non
2740 3535 2982 3603 operibus
3023 3534 3263 3589 adituros
3297 3552 3432 3596 esse.
3477 3538 3608 3606 quia
3638 3535 3773 3604 inju-

2190 3628 2393 3681 stitiam
2442 3627 2686 3681 manibus
2727 3627 3097 3696 complicaturi
3140 3635 3322 3692 erant;
3367 3628 3484 3682 ideo
3523 3626 3770 3681 alienavit

2189 3734 2276 3773 eos
2311 3735 2343 3771 a
2373 3717 2545 3782 vulva,
2579 3727 2648 3781 et,
2676 3718 2754 3772 vel
2787 3732 3066 3788 antequam
3094 3718 3296 3787 ﬁerent,
3325 3719 3379 3771 in
3406 3721 3705 3772 errantium
3723 3728 3769 3770 et

2189 3809 2466 3864 mendacia
2515 3809 2837 3880 loquentium
2875 3827 3089 3864 numero
3135 3810 3272 3878 apud
3303 3827 3356 3864 se
3396 3810 3766 3879 computavit:

2188 3903 2524 3972 permisitque
2555 3913 2748 3964 tamen,
2780 3903 2880 3957 etsi
2940 3903 3069 3957 tales
3097 3903 3303 3972 futuros
3333 3919 3445 3956 esse
3478 3910 3679 3962 nosset,
3712 3907 3765 3953 ut

2187 3998 2366 4068 palam
2396 3998 2686 4067 prodirent,
2721 4014 2822 4068 quo
2854 3997 3166 4066 prastantia
3181 3996 3453 4064 justorum
3476 4006 3526 4051 et
3553 3996 3763 4064 religio-

2193 4107 2371 4146 sorum
2414 4091 2684 4144 hominum
2714 4105 2777 4145 ex
2817 4091 3054 4160 pejorum
3097 4091 3489 4157 comparatione
3521 4090 3760 4143 eluceret.

2191 4181 2335 4236 Nam
2378 4199 2496 4236 cum
2543 4197 2607 4236 ex
2640 4199 2744 4235 una
2781 4198 2957 4236 omnes
2983 4192 3201 4251 _natura
3242 4191 3567 4242 constarent,
3608 4181 3762 4235 libero

2189 4276 2273 4330 usi
2323 4275 2564 4340 arbitrio,
2603 4274 2698 4327 alii
2757 4273 2964 4344 quidem
3017 4284 3196 4344 sponte
3249 4273 3436 4327 bonum
3476 4276 3758 4344 elegerunt,

2190 4366 2286 4419 alii
2311 4367 2634 4419 contrariam
2667 4353 2825 4420 iniere
2854 4366 3011 4420 viam.
3039 4365 3169 4431 Quae
3199 4366 3380 4420 omnia
3429 4366 3506 4419 ita
3551 4363 3759 4437 perspi-

2189 4471 2291 4512 cue
2320 4458 2697 4522 enuntiantur,
2725 4465 2782 4510 ut
2802 4456 3010 4527 OEdipo
3043 4472 3150 4511 non
3177 4467 3390 4529 egeant.

2801 4587 3030 4644 CAPUT
3071 4590 3159 4646 Vl.

2295 4717 2502 4758 EUSEBII
2559 4718 2625 4757 DE
2665 4717 2836 4757 VERBO
2874 4719 2941 4757 ΕΤ
2980 4717 3128 4758 εἰιιῡ
3175 4717 3264 4756 DEI
3305 4719 3626 4758 SENTENTIA.

2191 4835 2241 4892 Ι.
2285 4835 2461 4890 Varire
2495 4838 2634 4890 circa
2671 4835 2889 4890 Eusebii
2926 4835 2989 4889 de
3022 4833 3163 4889 Filio
3195 4835 3290 4890 Dei
3315 4836 3610 4890 doctrinam
3640 4835 3750 4902 opi-

2259 4907 2463 4961 niones.
2515 4906 2597 4960 II.
2646 4907 2902 4960 Eusebius
2947 4907 3096 4959 docet
3145 4909 3400 4959 unitatem
3451 4907 3658 4960 deitatis
3699 4904 3750 4956 in

2257 4994 2362 5030 uno
2409 4977 2570 5030 Patre
2615 4979 2835 5031 servari.
2885 4975 3002 5032 III.
3055 4974 3251 5029 Filium
3305 4977 3452 5045 longe
3503 4979 3749 5045 minorem

2237 5046 2441 5101 “Patre.
2478 5046 2582 5100 IV.
2619 5048 2849 5101 Diversa?
2881 5048 3211 5101 substantiw.
3260 5045 3320 5100 V.
3358 5043 3622 5115 Interpres
3647 5043 3747 5115 La-

2261 5119 2400 5170 tinus
2439 5136 2456 5166 ‹
2493 5117 2964 5171 Demonstrationis
2993 5117 3300 5185 evangelicw
3337 5136 3353 5166 ι
3385 5116 3447 5170 de
3490 5114 3744 5185 industria

2261 5185 2542 5240 Eusebium
2575 5189 2641 5239 ad
2682 5188 2992 5241 catholicam
3021 5180 3327 5239 sent—entiam
3360 5186 3596 5240 detorsit.
3653 5180 3741 5235 VI.

2176 5277 2180 5280 ·
2259 5258 2516 5313 Eusebius
2555 5257 2684 5310 Filii
2714 5257 2961 5310 deitatem
3003 5258 3164 5308 aliam
3204 5257 3391 5309 statuit
3433 5275 3464 5309 a
3508 5266 3738 5320 paterna.

2268 5327 2398 5384 VII.
2454 5327 2682 5381 Grandis
2719 5328 3105 5396 paralogismus
3147 5325 3372 5378 Eusebii.
3421 5325 3589 5396 VIII.
3631 5321 3742 5396 Non

2256 5400 2470 5453 obscure
2497 5399 2643 5450 docet
2677 5397 2873 5450 Filium
2898 5393 2998 5450 non
3019 5413 3128 5449 esse
3153 5413 3263 5449 vere
3291 5396 3476 5451 Deum.
3509 5394 3609 5450 IX.
3636 5393 3741 5456 Quo

2257 5485 2410 5524 sensu
2449 5467 2646 5520 Filium
2693 5469 2853 5521 Deum
2882 5484 2992 5521 esse
3024 5465 3186 5519 dicat.
3331 5467 3500 5531 Quam
3531 5464 3738 5519 adversa

2259 5539 2456 5593 rationi
2506 5548 2552 5592 et
2605 5539 2896 5598 priscorum
2955 5537 3181 5591 Patrum
3232 5539 3499 5589 sententiae
3549 5539 3736 5589 tradat.

2259 5609 2360 5663 XI.
2393 5609 2525 5664 Cum
2557 5609 2770 5661 Arianis
2803 5608 2956 5674 plane
2996 5608 3268 5661 consentit.
3301 5603 3434 5658 XII.
3477 5605 3593 5672 Qua
3630 5618 3740 5656 sm-

2257 5678 2792 5751 tentiasgbugusiu),
2817 5680 2922 5731 sive
2945 5676 3401 5751 consubstantiali,
3426 5675 3736 5751 subscripse-

2256 5751 2344 5805 rit.
2387 5748 2538 5803 XIII
2552 5747 2709 5816 .‘Quo
2746 5747 2903 5802 sensu
2942 5750 3000 5814 ἐξ
3027 5750 3124 5801 οὐκ
3151 5748 3314 5800 ὄντων
3343 5755 3505 5814 neget,
3529 5754 3578 5799 et
3604 5747 3736 5814 geni-

2256 5831 2365 5876 tum
2409 5818 2608 5874 Filium
2637 5819 2811 5880 dicat.
2859 5817 3025 5882 XIV,
3047 5816 3247 5872 Filium
3289 5825 3438 5888 negat
3476 5825 3734 5871 aiter-num.
