3994 6448
225 376 295 431 29
1017 371 1522 429 COMMENTARIA
1561 372 1627 427 IN
1669 371 2014 428 PSALMOS.
2057 402 2128 412 —
2164 370 2716 427 PRELIMINARIA.
3423 369 3497 426 30

284 490 336 545 Χ
353 489 935 561 νζειιῃιιηαάοεινὺιιε
954 487 1189 544 Eusebii.
1221 488 1270 544 Χ
1287 487 1555 561 VLEgre
1582 488 1820 558 defendi-
1849 496 1894 550 Α
1921 498 2150 560 occupat
2199 488 2488 556 Eusebius,
2538 489 2670 545 dum
2724 489 2799 542 ait
2858 488 2924 542 ad
2975 489 3241 556 psalmum
3291 489 3499 560 Asapbi

273 559 448 616 tur.X
465 559 638 618 i’ll.A
651 561 863 614 rianum
891 561 1112 629 probant
1128 572 1237 614 tam
1261 571 1406 632 gesta
1431 559 1588 632 quam
1601 562 1816 629 scripta.

225 671 246 722 1
294 673 461 723 Varie
481 672 607 722 circa
633 670 842 721 Eusebii
865 672 929 721 de
954 669 1082 721 Filio
1106 672 1200 722 Dei
1234 670 1506 721 doctrinam
1539 671 1816 734 opiniones.

296 755 525 812 Iamdiu
555 757 702 811 inter
747 757 940 812 doctos
983 757 1345 825 disceptatum
1391 764 1496 820 est,
1524 773 1647 829 quae
1691 771 1819 811 vera

230 850 401 907 fuerit
425 849 648 905 Eusebii
685 849 1043 906 Caesariensis
1067 851 1134 905 de
1178 849 1317 906 Filio
1349 851 1445 907 Dei
1475 852 1692 922 opinio;
1727 852 1820 906 alii

227 944 379 999 enim
422 943 700 998 catliolice
744 944 990 998 sensisse
1040 943 1363 1007 defendunt,
1393 960 1495 1000 nec
1541 945 1820 1015 quidpiam

231 1034 455 1089 Arianae
487 1035 624 1090 labis
652 1035 708 1090 in
738 1036 962 1106 scriptis
1007 1036 1128 1104 ejus
1163 1035 1496 1106 deprehendi
1545 1044 1816 1108 pugnant;

229 1127 315 1183 vel
347 1127 397 1182 si
436 1128 570 1198 quid
604 1128 1069 1198 deprehendatur,
1098 1128 1152 1182 in
1185 1129 1254 1183 iis
1291 1137 1439 1184 certe
1467 1130 1690 1199 scriptis
1722 1129 1821 1183 ob-

231 1220 468 1284 servari,
497 1236 619 1291 quae
645 1231 770 1276 ante
795 1219 1069 1276 Nicmnam
1100 1221 1368 1292 synodum
1397 1221 1598 1289 edidit;
1635 1222 1689 1276 in
1723 1237 1820 1292 po-

232 1312 568 1368 sterioribus
615 1327 726 1368 non
775 1313 904 1367 item
945 1331 958 1368 :
1019 1313 1112 1367 alii
1159 1321 1354 1369 contra
1405 1315 1476 1369 ab
1522 1314 1818 1370 Arianismi

231 1410 453 1467 exortu,
490 1404 559 1458 ad
592 1403 804 1458 obitum
839 1419 1022 1468 suum,
1055 1405 1193 1460 adeo
1226 1405 1544 1460 manifestas
1575 1420 1697 1460 cum
1727 1421 1821 1476 ge-

233 1496 335 1551 stis
362 1503 482 1549 tum
511 1496 736 1566 scriptis
766 1496 882 1552 suis
907 1495 1126 1552 dedisse
1151 1496 1492 1552 contendunt
1519 1496 1818 1553 Arianismi

234 1597 414 1652 notas,
473 1594 536 1641 ut
573 1588 961 1644 incunctanter
1004 1590 1147 1645 inter
1189 1590 1519 1645 Arianorum
1570 1590 1818 1661 primipi-

233 1681 377 1737 lares
392 1681 909 1736 connumerandum
937 1691 1216 1738 censeant.
1235 1681 1512 1749 Talenine,
1540 1682 1816 1752 inquiunt,

235 1772 541 1836 hominem,
574 1774 670 1842 qui
718 1789 934 1844 semper
977 1773 1238 1844 augendae
1273 1775 1542 1830 Arianicze
1582 1775 1663 1830 rei
1707 1782 1816 1829 tam

1921 582 2194 637 decimum
2226 597 2241 634 :
2275 583 2391 635 ἰνα
2427 583 2500 653 μή
2541 599 2627 645 τις
2645 582 2806 636 αὑτὸν
2842 580 2995 652 ψιλὸν
3028 580 3286 635 ὑπολάϐοι
3329 580 3501 653 ἄνδρα

1921 675 2014 728 καὶ
2041 677 2154 740 τοῖς
2181 674 2396 738 πολλοῖς
2427 676 2630 744 ὅμοιον,
2659 673 2899 741 θεολογεῖ
2923 673 3085 727 αὑτὸν
3122 675 3179 725 ἐν
3218 675 3329 736 τοῖς
3361 672 3502 743 μετὰ

1919 769 2124 837 χεῖρας,
2155 767 2368 836 φήσαςο
2411 767 2465 817 '0
2501 764 2645 831 Θεὸς
2685 765 2834 832 ἔστη
2861 765 2931 818 ἐν
2975 762 3296 834 συναγωγῇ
3327 761 3499 817 θεῶν.

1920 857 2032 910 Καὶ
2065 856 2212 917 ὅπως
2247 854 2320 925 μὴ
2351 853 2649 926 ταραχθείη
2680 871 2765 918 τις
2802 856 2882 918 εἰς
2920 852 3012 907 τὸν
3043 854 3171 926 περὶ
3203 853 3504 924 μοναρχίας

1919 949 2098 1018 λόγον,
2126 948 2256 1002 Θεὸν
2301 947 2513 1001 ἀκούων
2543 946 2633 1000 τὸν
2675 947 2909 1018 Χριστὸν
2946 946 3041 1000 τοῦ
3073 945 3230 1010 Θεοῦ,
3276 946 3502 1010 εἰκότως

1920 1042 2014 1096 καὶ
2047 1023 2297 1105 πλείονας
2322 1041 2476 1103 Θεοὺς
2503 1039 2754 1109 ὀνομάζει
2782 1040 2905 1103 τοὺς
2933 1039 3020 1094 διὰ
3045 1039 3155 1092 τῶν
3185 1038 3313 1110 ἑξῆς
3368 1055 3502 1092 κατ-

1920 1134 2346 1206 ηγορουμένους,
2404 1133 2680 1202 μονονουχὶ
2716 1132 3220 1204 παρακελευόμενος
3273 1131 3347 1202 μὴ
3392 1131 3502 1184 ἀπ-

1919 1229 2099 1281 οκνεῖν
2126 1227 2331 1279 καὶτὸν
2365 1226 2494 1278 Υῑὸν
2524 1226 2616 1278 τοῦ
2643 1225 2777 1278 Θεοῦ
2801 1224 2931 1278 Θεὸν
2957 1224 3275 1277 ἀποκαλεῖν.
3304 1224 3368 1276 Εἰ
3392 1222 3502 1296 γὰρ

1918 1322 1968 1374 oi
2000 1318 2404 1390 διαϐαλλόμενοι
2447 1317 2542 1371 ’τοῦ
2592 1317 2776 1382 ἔθνους
2808 1317 3066 1388 ἄρχοντες
3110 1314 3224 1367 Θεοὶ
3265 1313 3501 1386 ἠξιώθη-

1921 1430 2020 1465 σαν
2051 1411 2438 1482 ὀνομασθῆναι,
2474 1413 2624 1474 ποῖος
2653 1408 2718 1462 ἂν
2759 1409 2969 1478 γένοιτο
3001 1407 3242 1471 κίνδυνος
3286 1407 3377 1460 τὸν
3411 1407 3502 1462 ἄν-

1917 1505 2019 1576 δρα
2052 1504 2152 1574 τῆς
2176 1503 2356 1570 δεξιᾶς
2383 1501 2475 1556 τοῦ
2515 1500 2652 1555 Θεοῦ
2682 1501 2777 1554 καὶ¹
2809 1499 2900 1553 τὸν
2929 1500 3058 1554 Υἱὸν
3088 1500 3183 1554 τοῦ
3213 1497 3500 1570 ἀνθρώπου

1917 1595 2008 1648 τὸν
2053 1592 2529 1664 κεκραταιωμένον
2571 1591 2704 1645 Θεὸν
2749 1592 3030 1663 ὁμολογεῖν
3067 1609 3081 1657 ;
3143 1591 3196 1646 id
3245 1599 3327 1646 est
3363 1610 3375 1645 :
3417 1589 3502 1646 Ns

1917 1689 2034 1758 quis
2067 1689 2239 1753 ipsum
2271 1703 2474 1740 merum
2503 1686 2785 1749 hominem,
2810 1694 2858 1737 et
2891 1684 3073 1738 multis
3100 1684 3223 1738 aliis
3251 1683 3499 1745 similem,

1920 1781 2292 1844 arbitraretur,
2333 1780 2507 1848 ipsum
2540 1777 2624 1831 hic
2669 1777 2837 1831 Deum
2881 1777 3141 1846 pra'dicat
3184 1775 3264 1829 his
3296 1774 3500 1829 verbis:

233 1865 434 1921 acriter
459 1865 826 1930 adlaboravit,
875 1866 968 1936 qui
1012 1865 1304 1921 diuturnas
1342 1882 1467 1921 cum
1503 1866 1722 1921 Arianis
1751 1866 1818 1920 ad
1849 1859 1890 1914 Β
1926 1893 1945 1925 s
1998 1873 2139 1928 Deus
2186 1874 2328 1928 stetit
2361 1873 2415 1925 in
2443 1887 2712 1942 synagoga
2753 1870 2992 1924 deorum.
3027 1889 3045 1921 ι
3096 1870 3172 1922 Ac
3202 1885 3265 1923 ne
3291 1869 3408 1938 quis
3438 1866 3502 1920 ob

233 1957 638 2013 restituendum
670 1958 862 2013 Arium
909 1960 1169 2016 excubias
1197 1961 1332 2030 egit,
1366 1960 1459 2031 qui
1488 1961 1819 2032 capitalibus

235 2050 372 2105 odiis
405 2051 699 2107 catholicae
743 2052 820 2107 rei
850 2067 1103 2122 proceres
1131 2054 1353 2110 assidue
1386 2056 1698 2127 exagitavit,
1727 2073 1820 2111 ca-

231 2144 501 2198 tholicum
536 2147 904 2201 censeamus?
936 2143 1075 2202 Hine
1118 2148 1165 2203 si
1213 2147 1434 2218 scriptis
1477 2148 1597 2218 ejus
1644 2157 1820 2205 atten-

233 2237 352 2299 das,
385 2236 569 2302 aiunt,
605 2237 773 2306 probe
803 2251 926 2292 cum
957 2237 1127 2307 gestis
1172 2253 1482 2293 consonare
1515 2238 1820 2309 deprehen-

235 2328 366 2384 des:
406 2343 543 2382 nam
569 2329 665 2412 qui
698 2327 893 2383 Filium
925 2329 1130 2400 passim
1164 2331 1430 2386 minorem
1461 2329 1643 2395 Patre,
1684 2332 1820 2386 alte-

234 2437 352 2478 rum
382 2420 560 2478 Deum
582 2415 923 2488 inferiorem,
951 2439 1015 2478 ac
1043 2423 1355 2479 ministrum
1387 2439 1581 2494 purum
1609 2425 1704 2488 ait,
1725 2425 1819 2496 qui

236 2513 552 2571 catholicus
583 2514 884 2570 habeatur?
913 2515 1026 2587 Ego
1058 2531 1188 2571 vero
1224 2517 1292 2572 iis
1322 2517 1414 2588 qui
1454 2517 1817 2572 orthodoxum

238 2603 537 2661 Eusebium
576 2613 805 2664 censent
853 2606 920 2662 ad
969 2608 1106 2662 tanti
1135 2608 1235 2662 viri
1274 2609 1652 2681 purgationem
1688 2609 1824 2664 astio

235 2699 406 2770 palari
457 2707 830 2769 peroptarem,
863 2698 910 2754 si
958 2714 1056 2769 per
1087 2699 1209 2769 ejus
1261 2701 1469 2772 scripta
1511 2702 1734 2766 liceret;
1763 2709 1819 2756 at

239 2808 395 2849 secus
423 2792 663 2848 suadent
691 2806 815 2846 cum
852 2799 1048 2846 caetera
1077 2790 1197 2862 ejus
1221 2807 1408 2863 opera,
1438 2801 1552 2848 tum
1584 2793 1818 2849 maxime

240 2884 289 2938 bi
326 2882 736 2946 commentarii,
768 2882 862 2937 ubi
888 2881 1263 2940 Arianismum
1290 2892 1477 2956 aperte
1508 2885 1814 2956 profitetur.

239 2973 352 3030 Non
381 2992 448 3033 ex
494 2977 682 3047 aliqua
719 2975 887 3045 igitur
919 2976 1273 3047 przejudicata
1304 2977 1562 3047 opinione
1599 2977 1666 3030 ad
1697 2992 1818 3031 eam

240 3070 570 3126 sententiam
611 3069 958 3125 accedimus:
1008 3069 1211 3125 nedum
1257 3069 1403 3124 enim
1450 3084 1592 3140 aegre
1623 3070 1814 3134 feram,

242 3177 588 3234 summopere
622 3161 890 3233 gaudebo,
923 3162 969 3218 si
1001 3162 1127 3233 quis
1162 3161 1230 3216 ab
1260 3177 1325 3218 eo
1369 3177 1478 3216 non
1511 3161 1674 3218 modo
1701 3162 1817 3217 cul-

241 3271 382 3325 pam,
422 3256 519 3312 sed
553 3256 718 3310 etiam
753 3254 1145 3325 suspicionem,
1177 3253 1454 3310 dimovere
1486 3255 1694 3326 possit:
1729 3254 1817 3310 id-

240 3362 343 3417 que
369 3347 502 3402 mihi
534 3362 640 3401 non
673 3346 854 3401 minus
879 3361 944 3402 ex
969 3347 1272 3410 voluntate,
1295 3361 1457 3416 quam
1480 3358 1678 3418 prater
1700 3348 1819 3418 opi-

243 3439 454 3494 nionem
482 3439 662 3494 cadet.
705 3435 912 3493 Vereor
940 3439 1086 3494 enim
1129 3447 1188 3492 ut
1221 3439 1314 3509 qui
1345 3439 1676 3494 catholicum
1709 3439 1817 3494 Eu-

245 3531 450 3587 sebium
497 3531 792 3597 afﬁrmant,
826 3541 1035 3587 tantam
1069 3533 1124 3586 in
1156 3530 1446 3586 adversum
1476 3546 1602 3585 mox
1638 3532 1819 3602 prole-

247 3625 464 3679 rendam
512 3626 756 3681 locorum
788 3628 981 3680 silvam
1029 3640 1393 3695 concoquere,
1423 3632 1476 3679 et
1508 3624 1575 3677 ad
1605 3624 1820 3680 sincera

246 3715 498 3787 dogmata
559 3718 888 3789 detorquere
950 3718 1184 3772 valeant.
1242 3717 1461 3771 Eusebii
1521 3717 1704 3787 itaque
1752 3717 1822 3773 de

247 3806 418 3866 Verbo
455 3819 509 3867 et
545 3809 681 3867 Filio
711 3811 803 3867 Dei
834 3811 1160 3866 sententiam
1207 3811 1263 3864 in
1310 3821 1458 3864 certa
1481 3811 1656 3880 capita
1707 3811 1820 3866 dis-

246 3901 496 3963 tinctam.
555 3913 664 3956 tam
709 3919 775 3957 ex
807 3904 892 3958 his
926 3901 1362 3965 commentariis,
1396 3917 1561 3972 quam
1596 3917 1662 3956 ex
1697 3902 1820 3958 aliis

246 3990 361 4060 ejus
385 3993 628 4061 scriptis,
659 3994 1006 4062 maximeque
1053 4007 1119 4046 ex
1144 3992 1441 4062 evangelica
1473 3991 1822 4047 Demonstra-

250 4081 402 4146 tione,
426 4089 482 4138 et
502 4098 568 4137 ex
601 4083 756 4138 libris
786 4079 986 4137 Contra
1016 4080 1328 4134 Marcellum
1352 4082 1407 4135 in
1439 4082 1673 4137 medium
1700 4082 1825 4136 all‘c-

250 4187 462 4230 remus:
496 4190 728 4245 eamque
771 4176 1099 4231 sententiam
1135 4175 1548 4245 amplectentur,
1589 4190 1712 4246 quae
1752 4175 1822 4230 ab

251 4266 362 4338 ipsa
388 4271 463 4323 rei
489 4273 718 4325 veritate
738 4278 791 4325 et
823 4271 1210 4341 perspicuitate
1231 4268 1571 4325 suadebitur.

253 4375 311 4427 11.
334 4379 575 4430 Eusebius
593 4383 741 4432 docet
762 4385 1002 4432 unitatem
1026 4383 1118 4433 Dei
1155 4385 1206 4433 in
1232 4396 1332 4433 uno
1357 4383 1504 4433 Patre
1534 4386 1736 4436 servari.
1760 4413 1823 4424 ——

519 4462 604 4514 lll.
641 4465 821 4514 Filium
845 4468 992 4528 longe
1015 4465 1270 4516 minorem
1289 4468 1447 4516 Patri.

1922 1964 2265 2030 monere/tice,
2299 1964 2408 2017 sive
2450 1963 2607 2016 unius
2653 1962 2919 2031 principii,
2955 1961 3211 2014 rationem
3263 1957 3500 2012 turbare-

1919 2062 2027 2122 tur,
2059 2052 2336 2109 Christum
2381 2052 2476 2106 Dei
2514 2052 2683 2106 Deum
2715 2069 2829 2108 esse
2871 2053 3132 2117 audiens;
3164 2058 3501 2122 congruenter

1919 2144 2003 2198 hic
2031 2145 2225 2199 multos
2265 2144 2389 2200 deos
2425 2146 2664 2199 nominat
2701 2161 2812 2209 eos,
2843 2147 2934 2215 qui
2974 2143 3069 2199 sub
3114 2143 3224 2200 hwc
3264 2145 3499 2196 incusari.

1919 2246 2048 2292 tur:
2081 2248 2288 2292 tantum
2319 2256 2420 2293 non
2449 2240 2758 2308 pra'cipiens
2787 2249 2844 2291 ut
2880 2255 2942 2292 ne
2971 2245 3274 2291 cunctemur
3299 2233 3347 2288 F
3351 2235 3501 2288 ilium

1918 2347 2118 2401 quoque
2155 2330 2250 2384 Dei
2289 2329 2456 2384 Deum
2502 2347 2707 2385 vocare.
2749 2328 2809 2384 Si
2841 2330 2978 2384 enim
3019 2329 3184 2399 gentis
3217 2327 3501 2396 principes,

1917 2425 2007 2486 qui
2042 2422 2180 2477 male
2217 2422 2523 2486 audiebant,
2559 2424 2654 2478 Dei
2682 2423 2893 2478 nomine
2925 2421 3132 2492 dignati
3165 2425 3306 2484 sunt,
3337 2417 3501 2488 quod,

1916 2532 2114 2585 quaeso,
2148 2516 2438 2583 periculum
2467 2515 2646 2586 fuerit,
2679 2516 2728 2570 si
2759 2515 2929 2569 virum
2963 2513 3191 2567 dextera:
3211 2511 3305 2566 Dei
3329 2519 3378 2564 et
3410 2508 3506 2563 Fi-

1919 2609 2047 2661 lium
2078 2608 2304 2662 hominis
2329 2610 2726 2680 conﬁrmatum,
2764 2609 2932 2664 Deum
2957 2606 3262 2677 fateamur?
3288 2602 3505 2659 Clarius

1917 2707 2096 2754 autem
2112 2702 2164 2754 in
2184 2701 2527 2772 expositione
2541 2701 2734 2772 psalmi
2760 2696 3243 2763 Lxxxvm,vers.7.
3264 2695 3501 2765 idipsum

1917 2792 2173 2862 exprimit
2225 2792 2312 2848 his
2363 2794 2579 2850 verbis:
2613 2796 2774 2847 Δοκεῖ
2820 2792 2875 2845 δέ
2931 2793 3080 2863 μοιὸ
3116 2788 3501 2862 Προφήτης...

1917 2881 2458 2954 ὑπερεκπλήττεσθαι
2491 2884 2584 2938 τὸν
2634 2884 2893 2938 ἐπέκεινα
2945 2883 3180 2944 πάντων,
3220 2880 3314 2934 καὶ
3366 2878 3506 2953 ὑπὲρ

1917 2975 2130 3038 πάντας
2166 2976 2259 3030 τὸν
2301 2977 2586 3048 Μονογενῆ
2617 2977 2709 3031 τοῦ
2744 2976 2915 3030 Θεοῦ·
2950 2972 3047 3030 εἶτ’
3077 2977 3140 3029 ὲκ
3163 2972 3256 3028 τοῦ
3291 2971 3506 3044 θαύμα-

1914 3085 2008 3132 τος
2042 3069 2532 3140 ἀναπεφωνηκέναι
2561 3070 2642 3135 τὸ,
2680 3072 2808 3124 ’Ὅτι
2833 3071 2925 3136 τίς
2953 3069 3023 3122 ἐν
3052 3067 3338 3136 νεφέλαις
3366 3068 3500 3118 ισω-

1920 3160 2165 3227 θήσεται
2216 3159 2298 3225 τῷ
2340 3162 2637 3232 Κυρὶῳ;ἢ
2687 3161 2831 3215 κατὰ
2885 3161 2976 3214 τὸν
3026 3157 3353 3230 Σύμμαχονο
3411 3157 3505 3223 Τίς

1922 3252 2032 3323 γὰρ
2063 3253 2133 3307 ἐν
2180 3251 2368 3321 αιθέρι
2400 3251 2862 3320 ἀντιπαραθέσει
2908 3251 2987 3316 τῷ
3019 3251 3212 3318 Κυρίῳ
3255 3249 3326 3303 ἐν
3355 3246 3506 3313 υιοῒς

1925 3345 2104 3410 Θεοῦ;
2131 3343 2315 3398 Ταῦτα
2358 3343 2414 3397 δὲ
2445 3344 2572 3416 περὶ
2605 3345 2703 3414 μὲν
2745 3344 2837 3396 τοῦ
2873 3341 3212 3410 Μονογενοῦς
3249 3339 3344 3392 τοῦ
3370 3337 3506 3392 Θεοῦ

1921 3435 2185 3507 λεγόμενα
2220 3434 2381 3501 σώζοι
2415 3434 2481 3489 ἂν
2507 3435 2705 3506 εὐσεϐῆ
2737 3436 2834 3506 τὴν
2867 3434 3123 3494 διάνοιαν,
3156 3432 3217 3485 οὐ
3248 3431 3346 3503 μὲν
3377 3429 3506 3504 περὶ

1920 3528 2013 3581 τοῦ
2045 3528 2259 3600 Πατρὸς
2301 3528 2396 3581 καὶ
2425 3527 2561 3581 Θεοῦ
2591 3528 2698 3580 τῶν
2739 3526 2909 3579 ὅλων·
2945 3526 3212 3588 ἀνοίκειος
3259 3523 3369 3594 γὰρ
3410 3522 3507 3578 καὶ

1922 3621 2124 3693 ἀσεϐὴς
2162 3624 2194 3692 ἡ
2241 3621 2558 3694 παράθεσις.
2597 3620 2669 3672 Τὸ
2715 3619 2824 3688 γὰρ
2867 3619 3000 3682 υἱοῖς
3045 3616 3180 3670 Θεοῦ
3226 3617 3506 3687 παραϐάλ-

1921 3713 2033 3766 λειν
2074 3713 2134 3766 τὸ
2189 3713 2405 3766 πάντων
2451 3712 2646 3774 αἴτιον,
2696 3710 2790 3763 καὶ
2835 3710 2897 3764 τὸ
2946 3709 3254 3780 συγκρίνειν
3300 3709 3507 3780 ἑτέροις

1921 3805 2124 3875 τολμᾷν
2154 3804 2245 3856 τὸν
2279 3803 2534 3856 ἐπέκεινα
2580 3801 2687 3854 τῶν
2716 3801 2851 3855 ὅλων
2890 3799 3041 3864 Θεὸν,
3074 3799 3290 3852 πάντων
3315 3795 3381 3850 ἂν
3409 3797 3507 3865 γέ-

1922 3913 2064 3951 νοιτο
2091 3895 2468 3949 ἀνοσιώτατον.
2509 3892 2813 3956 Ἀκξνδυνος
2835 3891 2878 3944 δ’
2914 3891 2980 3944 ἂν
3010 3891 3096 3960 εἴη
3128 3892 3156 3943 ὁ
3187 3889 3342 3957 λόγος
3374 3889 3508 3952 υἱοῖς

1923 3986 2060 4040 Θεοῦ
2109 3986 2420 4057 συγκρίνειν
2459 3984 2587 4037 Υἱὸν
2616 3982 2751 4037 Θεοῦ
2801 3982 3085 4053 μονογενῆ,
3131 3982 3226 4034 καὶ
3265 3981 3323 4034 τὸ
3371 3980 3509 4052 πρὸς

1923 4079 2132 4146 πάντας
2193 4077 2525 4148 ἀσύγκριτον
2579 4075 2742 4129 αὑτοῦ
2800 4074 2894 4127 καὶ
2950 4073 3324 4145 ἀπαράθετον,
3385 4072 3506 4126 καθ’

1925 4168 2232 4240 ὑπερϐολήν
2257 4184 2317 4220 τε
2346 4166 2612 4238 ὑπερέχον
2649 4164 2959 4234 σημαίνειν.
3013 4163 3069 4216 ld
3107 4171 3192 4218 est
3230 4162 3507 4217 :Videtur-

1923 4278 2021 4334 que
2046 4246 2173 4314 mihi
2195 4257 2573 4329 Propheta.....
2608 4274 2725 4312 eum
2754 4259 2845 4327 qui
2874 4273 3052 4310 omnes
3082 4257 3302 4318 excedit,
3329 4272 3506 4310 omnes

1924 4362 2160 4420 superat,
2193 4348 2528 4424 Unigenitum
2573 4346 2672 4401 Dei
2716 4363 2836 4399 cum
2881 4355 3092 4414 stupore
3133 4346 3506 4399 considerare:

1923 4444 2110 4499 deinde
2142 4458 2206 4495 ea:
2228 4443 2580 4496 admiratione
2617 4440 2727 4494 ha'c
2779 4437 2938 4508 eﬂ'ari
2967 4454 2986 4491 :
3025 4456 3043 4487 ‹
3086 4437 3353 4503 Quoniam
3389 4435 3506 4507 quis

321 4543 402 4598 Ab
429 4549 637 4602 unitate
679 4547 772 4604 Dei
807 4549 977 4604 ordiri
1009 4565 1187 4619 opem;
1227 4551 1465 4620 pretium
1497 4551 1622 4613 erit,
1656 4567 1821 4621 quam
1851 4553 1896 4608 ι)
1926 4537 1979 4590 in
2027 4534 2251 4589 nubibus
2309 4533 2609 4605 a’quabitur
2665 4533 2939 4587 Domino?
2994 4547 3010 4583 ι
3063 4530 3179 4621 δίυεῄ
3217 4528 3507 4621 secundum

257 4628 517 4692 Eusebius
539 4637 595 4691 in
629 4655 738 4692 uno
767 4639 928 4694 Patre
962 4641 1193 4706 servari,
1225 4657 1402 4711 neque
1427 4640 1649 4706 Filium,
1676 4643 1822 4696 mul-

258 4731 416 4795 toque
447 4731 629 4785 minus
661 4731 924 4802 Spiritum
954 4742 1225 4797 sanctum,
1253 4734 1306 4787 in
1349 4733 1597 4803 ejusdem
1637 4735 1822 4788 unita-

259 4817 325 4872 tis
353 4825 692 4878 consortium
722 4825 912 4880 venire
937 4827 1084 4880 clare
1113 4833 1168 4880 et
1203 4827 1394 4880 multis
1426 4827 1480 4880 in
1515 4825 1650 4881 locis
1678 4825 1823 4879 aliir-

261 4919 386 4965 mat.
427 4912 642 4970 Patrem
684 4918 829 4971 enim
866 4919 921 4971 in
952 4934 1011 4973 se
1058 4925 1228 4973 totam
1274 4917 1494 4974 deitatis
1524 4917 1824 4989 plenitudi-

261 5014 398 5064 nem,
428 5008 650 5062 excluso
690 5007 847 5072 Filio,
878 5010 1164 5080 complecti
1205 5010 1431 5074 indicat,
1466 5009 1596 5064 dum
1643 5010 1822 5079 ipsum

265 5093 426 5148 solum
460 5099 661 5168 passim
713 5108 892 5165 vocat,
938 5102 1029 5155 τὸν
1075 5100 1184 5154 τῶν
1230 5101 1366 5154 ὅλων
1397 5100 1552 5165 Θεὸν,
1593 5101 1683 5153 τὸν
1730 5100 1823 5154 ἐπὶ

261 5186 465 5242 πάντων
511 5192 664 5254 Θεὸν,
715 5193 808 5246 τὸν
841 5194 1096 5248 ἐπέκεινα
1138 5194 1352 5246 πάντων
1405 5193 1560 5253 Θεόν,
1611 5193 1665 5246 id
1715 5202 1820 5257 est,

183 5279 196 5288 '
265 5273 418 5332 Deum
445 5285 825 5350 universorum,
856 5285 1022 5340 Deum
1051 5301 1213 5352 supra
1243 5287 1443 5348 omnia,
1471 5284 1638 5339 Deum
1677 5285 1824 5337 ultra

264 5369 456 5434 omnia;
485 5371 790 5445 Filiumque
823 5385 1015 5430 contra
1051 5384 1351 5446 nuncupat,
1379 5376 1634 5447 δεύτερον
1665 5374 1821 5438 Θεὸν,

263 5452 493 5532 δεύτερον
525 5465 750 5538 Κύριον,
780 5467 1065 5521 secundum
1095 5466 1284 5529 Deum,
1321 5467 1604 5522 secundum
1638 5465 1822 5519 Domi—

267 5564 398 5607 nam.
445 5556 522 5614 Ne
569 5560 696 5630 quis
735 5575 864 5615 vero
908 5571 1155 5630 reponat,
1199 5559 1416 5614 Patrem
1467 5560 1590 5614 ideo
1647 5559 1821 5614 Deum

267 5646 630 5712 “ﬂi'ersorum
661 5653 730 5708 ab
771 5652 1007 5710 Eusebio
1040 5651 1254 5723 vocari,
1287 5651 1434 5722 quod
1471 5653 1545 5707 sit
1575 5653 1729 5723 origo
1767 5661 1824 5706 et

271 5730 383 5792 lous
408 5738 706 5808 Trinitatis,
739 5753 793 5801 et
815 5746 869 5801 in
902 5746 1113 5800 ratione
1148 5746 1401 5817 principii
1438 5744 1650 5816 primus
1673 5744 1821 5798 exsi~

271 5833 396 5894 “3“.
441 5831 538 5889 hoc
567 5835 892 5892 catholicum
923 5835 1317 5906 interpretandi
1357 5850 1532 5908 genus
1563 5848 1822 5903 respuere

1927 4626 2326 4697 Symmachum,
2362 4644 2380 4675 ι
2418 4625 2550 4690 Quis
2576 4623 2712 4678 enim
2746 4624 2801 4676 in
2829 4621 3020 4676 wthere
3049 4619 3282 4689 conferet
3313 4636 3367 4672 se
3398 4617 3508 4671 Do-

1928 4724 2068 4774 mino
2105 4723 2156 4774 in
2200 4721 2330 4790 ﬁliis
2363 4718 2503 4774 Dei?
2544 4737 2562 4768 ι
2609 4717 2737 4770 Ηατ
2771 4716 2836 4769 de
2874 4714 3154 4784 Unigenito
3201 4713 3299 4766 Dei
3337 4712 3505 4779 dicta,

1924 4815 2069 4882 piam
2102 4819 2311 4865 servant
2337 4809 2686 4870 sententiam;
2718 4808 2781 4861 de
2811 4806 2979 4860 Patre
3011 4822 3129 4862 vero
3168 4822 3229 4857 ac
3263 4803 3370 4856 Deo
3397 4801 3509 4854 uni-

1925 4919 2192 4958 uersorum
2224 4915 2408 4956 secus:
2439 4901 2726 4970 impropria
2747 4900 2888 4953 enim
2908 4911 2955 4953 et
2985 4899 3150 4968 impia
3182 4896 3508 4965 comparatio

1923 5007 2080 5053 esset.
2127 4995 2271 5048 Nam
2310 4997 2439 5064 ﬁliis
2473 4993 2571 5047 Dei
2621 4994 2857 5047 omnium
2908 5007 3126 5045 causam
3171 4989 3427 5058 conferre,
3458 4997 3509 5043 et

1923 5105 2043 5144 eum
2109 5089 2198 5158 qui
2245 5102 2406 5155 supra
2473 5087 2652 5140 omnia
2703 5094 2780 5140 est
2813 5085 2951 5138 Deus
3010 5083 3132 5136 aliis
3179 5097 3504 5150 comparare,

1925 5179 2347 5250 improbissimus
2380 5181 2614 5233 omnium
2643 5195 2805 5233 ausus
2836 5186 2991 5232 esset.
3027 5177 3095 5228 At
3131 5176 3244 5228 sine
3275 5173 3507 5243 periculo

1927 5275 2104 5328 Filius
2137 5275 2234 5330 Dei
2265 5274 2592 5344 unigenitus,
2623 5273 2754 5342 ﬁliis
2805 5270 2897 5325 Dei
2931 5281 3297 5338 comparatur,
3335 5285 3397 5320 ac
3431 5266 3509 5320 di-

1926 5372 2064 5423 citur
2089 5387 2206 5424 eum
2241 5367 2708 5437 incomparabilem
2742 5383 2878 5428 esse,
2911 5381 3029 5418 cum
3054 5363 3202 5417 nullo
3231 5361 3502 5431 conferen-

1925 5461 2072 5526 dum,
2106 5471 2261 5529 atque
2295 5461 2581 5515 admodum
2607 5459 2917 5514 antecellere
2946 5458 3246 5511 asseritur?
3271 5453 3368 5507 llic
3394 5469 3509 5506 ma-

1927 5555 2124 5609 nifeste
2158 5553 2313 5610 vides
2357 5551 2556 5608 Filium
2603 5555 2764 5624 longe
2803 5553 3063 5608 inferiore
3091 5565 3253 5622 quam
3290 5546 3506 5601 Patrem

1925 5646 2100 5715 gradu
2142 5648 2212 5702 ab
2243 5646 2484 5702 Eusebio
2531 5647 2754 5717 reponi;
2795 5649 2868 5700 ita
2898 5655 2958 5700 ut
2991 5660 3093 5699 nec
3139 5643 3207 5700 ad
3239 5641 3506 5698 unitatem

1927 5741 2044 5806 Dei,
2075 5757 2177 5796 nec
2207 5741 2274 5796 ad
2301 5741 2570 5795 unitatem
2605 5739 2856 5809 principii
2907 5738 3290 5791 universorum
3321 5731 3508 5804 perti-

1927 5842 2076 5901 neat,
2107 5849 2286 5905 neque
2316 5833 2520 5896 deitate
2549 5846 2674 5888 cum
2707 5830 2800 5885 illo
2822 5828 3000 5900 primo
3035 5825 3304 5901 principio
3333 5839 3503 5881 unum
