3994 6448
378 344 448 406 Μ
1055 333 1326 394 EUSEBII
1357 331 1838 391 CESABIENSIS
1874 329 2027 386 OPP.
2059 328 2239 383 PARS
2278 314 2374 378 ΙΙΙο
2413 348 2484 364 κ-
2523 322 2931 381 EXEGETICA.
3561 320 3657 380 3?.

381 468 476 524 sit.
525 463 656 519 Nam
702 460 793 517 ubi
825 459 1032 514 dictum
1075 459 1233 524 illud,
1262 457 1400 512 Deus
1436 459 1582 512 stetit
1612 458 1666 509 in
1692 470 1962 526 synagoga

2083 452 2185 505 μπεὶ
2226 449 2324 505 καὶ
2367 448 2530 512 αὐτὸς
2569 452 2598 502 ὸ
2629 448 2756 511 Υἱὸς
2791 447 2966 519 ἀρχὴν
3001 446 3364 518 ἐπιγράφεται
3405 446 3493 499 τὸν
3531 447 3687 505 αὑ-ί

382 557 624 617 horum,
655 554 724 610 de
753 551 894 608 Filio
921 551 1018 607 Dei
1045 551 1304 622 explicat,
1344 564 1410 604 ac
1441 548 1576 603 nihil
1608 547 1958 602 metuendum

2083 542 2159 596 τοῦ
2189 541 2426 612 Πατέρα.
2463 539 2690 610 Κεφαλὴ
2731 541 2842 609 γὰρ
2878 537 3114 609 Χριστοῦ
3143 541 3172 590 ὁ
3197 537 3346 600 Θεὸς.
3376 539 3512 592 κατὰ
3541 539 3692 596 τὸκτ

386 649 485 712 ait,
511 631 819 701 etsi'Filius
851 643 995 699 Deus
1025 653 1271 708 vocetur,
1299 656 1368 696 ne
1400 640 1582 695 unitas
1626 639 1878 710 principii
1908 648 1965 694 et
2076 634 2414 696 Ἀπὸστολον,
2444 634 2548 686 hoc
2571 641 2690 687 est:
2717 631 2783 685 At
2803 632 3015 694 vereris,
3041 631 3112 684 mi
3135 630 3407 695 homo,ne,
3433 631 3478 683 si
3498 631 3660 682 duas

386 739 607 796 deitatis
640 738 896 804 tollatur;
926 753 1036 792 non
1067 750 1252 791 veram
1286 734 1379 788 ille
1404 747 1627 788 causam
1659 732 1835 797 all'ert,
1863 747 1965 786 cur
2064 727 2268 797 fateare
2292 723 2643 786 substantias,
2672 723 2777 776 duo
2803 723 2928 776 item
2956 721 3215 789 primipia
3249 720 3486 779 inducas.
3519 729 3566 772 et
3613 733 3660 768 α

387 832 516 888 hinc
539 829 690 886 nulla
721 829 1099 901 multiplicitas
1138 828 1367 882 deorum
1397 825 1690 881 metuenda
1718 825 1810 891 sit,
1835 826 1965 895 quia

388 923 600 980 scilicet
628 919 789 977 Pater
828 927 882 976 et
925 919 1118 986 Filius,
1162 935 1306 975 unus
1333 917 1496 981 Deus,
1545 934 1713 973 unum
1759 918 1966 988 princi-

346 1075 355 1086 .
389 1013 539 1083 pium
585 1027 770 1067 rerum
798 1019 961 1075 sunt;
1006 1009 1124 1076 sed,
1157 1011 1253 1074 ait,
1285 1010 1545 1081 quoniam
1579 1010 1680 1081 ipsi
1718 1009 1966 1066 humines

389 1102 466 1156 dii
511 1110 800 1166 vocantur,
842 1102 975 1172 quin
1018 1102 1128 1157 ulla
1162 1101 1294 1156 hinc
1326 1101 1552 1156 deorum
1591 1100 1967 1169 multiplicitas

390 1191 579 1249 inferri
629 1194 825 1264 possit,
873 1209 1035 1266 posse
1081 1196 1285 1264 pariter
1339 1191 1535 1247 Filium
1589 1193 1756 1248 Deum
1803 1193 1911 1247 dici
1948 1232 1964 1256 ,

391 1288 526 1360 quin
557 1288 758 1343 multos
805 1302 929 1343 esse
961 1287 1098 1342 deos
1143 1287 1510 1357 suspicemur.
1558 1285 1774 1341 Etenim
1808 1294 1867 1340 ut
1912 1286 1970 1340 in

392 1379 514 1435 loco
561 1379 664 1434 sub
715 1379 832 1434 hate
873 1379 1038 1434 allato
1083 1379 1446 1450 signiﬁcatur,
1491 1378 1651 1448 longe
1694 1377 1972 1434 inferioris

393 1480 594 1542 gradus
630 1477 738 1536 est,
787 1485 951 1540 quam
989 1478 1047 1524 ut
1087 1470 1262 1540 possit
1303 1468 1369 1524 ad
1415 1469 1645 1539 primam
1698 1467 1844 1521 illam
1877 1466 1972 1522 Dei

394 1565 663 1618 unitatem
694 1563 992 1632 pertinere,
1024 1568 1210 1631 utpote
1240 1573 1400 1630 quem
1445 1558 1715 1615 creaturis
1759 1572 1976 1630 compa-

392 1669 518 1710 rare
545 1655 727 1719 liceat,
757 1655 862 1710 etsi
902 1653 1076 1708 multo
1107 1651 1460 1708 excellentior
1485 1651 1554 1705 iis
1593 1650 1704 1704 sit:
1732 1649 1879 1721 quod
1905 1649 1976 1704 de

2064 816 2404 871 monarcltica
2429 815 2624 868 deitate
2650 813 2887 868 excidas.
2921 813 3111 867 Discas
3143 813 3322 882 igitur,
3357 811 3491 882 quod
3515 825 3660 864 cum
3707 857 3726 878 .,

2064 925 2200 962 unus
2234 908 2304 961 sit
2328 908 2440 960 sine
2463 905 2721 973 principio
2744 914 2792 958 et
2839 905 3101 974 ingenitus
3142 902 3305 966 Deus,
3341 901 3512 956 Filius
3539 918 3662 954 au-

2067 1011 2171 1055 tem
2217 1015 2281 1054 ex
2325 998 2418 1052 illo
2460 999 2730 1069 gignatur,
2779 1012 2943 1049 unum
2992 996 3288 1048 necessario
3323 995 3664 1064 principiuns

2069 1094 2250 1161 fuerit,
2287 1091 2594 1146 mouarcltia
2625 1097 2676 1142 et
2706 1104 2920 1158 regnum
2948 1103 3146 1148 unum;
3173 1087 3299 1156 quia
3327 1088 3434 1155 ipse
3463 1085 3663 1140 Filius

2071 1186 2288 1240 Patrem
2314 1201 2467 1238 suum
2497 1183 2818 1254 principium
2851 1181 3110 1236 ascribit:
3143 1191 3298 1250 caput
3327 1181 3461 1234 enim
3491 1178 3668 1235 Chri-

2069 1279 2140 1332 sti
2171 1276 2316 1332 Deus
2348 1284 2448 1341 est,
2479 1275 2766 1330 secundum
2811 1273 3124 1344 Apostolum
3171 1272 3223 1343 (1
3257 1272 3383 1327 Cor.
3425 1287 3498 1338 ιι,
3557 1273 3662 1342 5).

2073 1367 2176 1424 Ubi
2206 1369 2393 1423 videas
2416 1366 2823 1422 monarchicam
2851 1366 2968 1420 sive
2993 1379 3158 1420 unam
3189 1365 3334 1418 illam
3367 1373 3420 1418 et
3449 1364 3669 1434 prima-

2071 1459 2214 1513 riam
2249 1457 2528 1524 deitatem,
2574 1472 2643 1512 ex
2691 1454 2927 1512 Eusebio
2974 1456 3031 1510 in
3062 1454 3222 1510 Patre
3265 1455 3382 1510 solo
3411 1453 3664 1510 servari.

2076 1549 2216 1618 Quia
2271 1565 2402 1604 vero
2448 1549 2688 1618 aliquam
2735 1546 2917 1603 Patris
2948 1557 3002 1603 et
3047 1546 3171 1601 Filii
3221 1548 3480 1601 unitatem
3521 1560 3672 1602 esse

2073 1643 2378 1698 concedere
2407 1657 2633 1697 necesse
2666 1640 2768 1696 fuit
2793 1640 3097 1698 secundum
3124 1638 3293 1694 illud:
3329 1638 3441 1709 Ego
3465 1648 3512 1693 et
3540 1638 3674 1692 Pa-

395 1744 554 1802 Patre
587 1762 832 1804 asserere
863 1745 1248 1816 impiissimum
1275 1752 1328 1799 et
1358 1742 1823 1813 improbissimum
1853 1757 1976 1797 esse
2005 1808 2045 1816 _
2078 1746 2155 1791 ter
2181 1751 2342 1788 unum
2377 1750 2560 1788 δυηιυε
2589 1733 2775 1804 (Ιοαηο
2802 1748 2858 1798 ι,
2881 1731 2994 1801 50),
3035 1731 3401 1786 animadverte
3442 1731 3497 1785 in
3533 1743 3672 1802 quo

395 1838 472 1891 ait
493 1836 778 1891 Eusebius.
805 1808 1014 1889 Similia
1039 1835 1204 1890 liabet
1227 1834 1282 1888 in
1315 1808 1773 1888 Dem—austratione
1817 1849 1974 1888 evan-.-
2005 1808 2048 1868 Β
2075 1827 2238 1881 talem
2283 1825 2586 1880 constituat
2631 1825 2897 1879 unitatem
2943 1822 3232 1888 EusebiUS,
3259 1821 3296 1876 l.
3347 1837 3406 1875 Ill
3446 1819 3671 1877 Contra

393 1927 582 1998 gelica,
616 1927 652 1982 l.
684 1942 760 1990 vt,
795 1941 848 1996 p.
882 1925 1009 1988 257,
1043 1925 1133 1978 ubi
1166 1925 1234 1980 de
1272 1923 1436 1978 Patre
1472 1931 1526 1979 et
1555 1921 1695 1978 Filio
1733 1923 1862 1977 talia
1893 1920 1976 1976 fa-

397 2026 486 2072 tur
515 2035 526 2070 :
556 2017 751 2088 Σαφῶς
783 2019 840 2071 ὲν
871 2018 950 2087 τῷ
975 2017 1207 2088 πέμπτῳ
1237 2015 1632 2087 συγγράμματι
1659 2015 1757 2083 τῆς
1783 2017 1976 2084 Εὐαγ-

401 2106 647 2179 γελικῆς
695 2106 1068 2173 Ἀποδείξεως
1117 2106 1420 2177 ὡρισμένου
1461 2106 1553 2160 τοῦ
1600 2106 1728 2177 περὶ
1765 2106 1978 2178 Πατρὸς

397 2198 492 2254 καὶ
526 2197 661 2252 Υίοῦ
689 2198 869 2268 λόγου,
913 2198 1009 2252 καὶ
1039 2198 1174 2252 Θεοῦ
1209 2200 1304 2270 μὲν
1352 2199 1468 2262 ἐνὸς
1499 2199 1592 2252 τοῦ
1631 2199 1722 2254 ἐπὶ
1758 2199 1978 2254 πάντων

394 2288 836 2360 ὡμολογημένου,
864 2288 1120 2360 δευτέρας
1148 2290 1204 2343 δὲ
1237 2290 1352 2361 μετ’
1386 2290 1546 2343 αὑτὸν
1572 2291 1980 2362 ἀποδειχθείσης

395 2381 585 2445 οὐσίας
619 2381 928 2452 ἡγουμένης
959 2382 1067 2435 τῶν
1099 2381 1343 2450 γενητῶν
1378 2382 1656 2444 ἁπάντων,
1691 2382 1758 2454 ἣν
1787 2382 1978 2452 σοφίαν

395 2471 556 2537 Θεοῦ,
585 2490 639 2528 κ.
675 2491 726 2526 τ.
751 2472 803 2529 λ.
838 2472 954 2528 Hoc
973 2483 1092 2529 est:
1119 2473 1516 2543 Cum'jnquinto
1545 2471 1871 2542 Evangelica:
1888 2472 1982 2527 de-

398 2562 802 2616 monstrationis
847 2562 1002 2628 libro,
1039 2563 1180 2618 ctare
1205 2562 1268 2617 de
1285 2562 1446 2617 Patre
1468 2573 1516 2618 et
1544 2563 1683 2616 Filio
1706 2561 1980 2634 deﬁnitum

397 2660 763 2724 statutumque
796 2653 983 2723 fuerit,
1032 2671 1094 2708 ac
1141 2653 1312 2708 Deum
1349 2653 1558 2726 quidem
1606 2671 1769 2708 unum
1816 2671 1982 2725 supra

399 2744 578 2798 omnia
619 2761 732 2800 esse
765 2744 1119 2812 declaratum,
1170 2745 1455 2801 secundam
1498 2763 1618 2801 vero
1660 2756 1778 2817 post
1807 2748 1981 2817 ipsum

399 2836 758 2892 substantiam
779 2855 911 2906 esse,
943 2855 1060 2910 qua:
1085 2839 1326 2894 omnibus
1350 2841 1574 2911 opificiis
1601 2842 1805 2910 praesit,
1835 2858 1980 2896 com-

399 2938 752 2984 monstratum
779 2933 871 2996 sit,
895 2949 1055 3003 quam
1083 2933 1404 3002 sapientiam
1435 2933 1566 3000 Dei,
1589 2940 1722 2998 etc.,
1759 2935 1853 2990 ubi
1896 2934 1983 2988 in-

399 3029 613 3093 terpres
643 3023 736 3093 qui
771 3023 909 3078 solet
935 3021 1156 3079 Eusebii
1177 3023 1324 3078 dicta
1380 3024 1447 3079 ad
1477 3025 1622 3095 piam
1655 3027 1982 3082 sententiam

399 3111 458 3168 in
492 3112 746 3168 versione
777 3128 876 3168 sua
909 3113 1259 3184 detorquere,
1290 3121 1567 3184 postrema
1605 3117 1686 3172 sic
1713 3117 1984 3189 interpre-

399 3211 583 3259 tatur:
618 3202 688 3258 Et
733 3203 950 3260 Patrem
980 3205 1191 3276 quidem
1225 3206 1391 3262 Deum
1427 3225 1589 3262 unum
1633 3225 1746 3264 esse
1793 3212 1986 3264 consti-

405 3294 503 3358 tit;
535 3293 765 3348 alteram
810 3304 988 3349 autent
1022 3305 1214 3364 prwter
1242 3297 1398 3350 illaut
1435 3309 1484 3350 et
1531 3315 1650 3350 cum
1685 3298 1780 3352 illo
1806 3315 1985 3366 perso-

402 3403 526 3441 nam
569 3401 703 3449 esse,
730 3402 847 3455 qua:
887 3387 1066 3439 omnia
1095 3403 1212 3457 qua:
1242 3387 1386 3457 facta
1417 3397 1540 3442 sunt
1569 3388 1866 3452 antecedat,
1903 3388 1986 3442 de-

404 3485 758 3532 monstratum
793 3487 892 3532 est.
925 3477 1045 3543 Quo
1076 3477 1133 3532 in
1180 3478 1302 3532 loco
1332 3478 1519 3532 οὐσίαν
1562 3478 1652 3533 ille
1680 3494 1982 3546 personam,

401 3570 588 3636 vertit,
638 3569 741 3626 etsi
793 3571 1160 3626 substantiam
1207 3571 1473 3642 signiﬁcet
1513 3571 1603 3626 hic
1649 3580 1705 3627 et
1755 3572 1810 3627 in
1861 3573 1984 3628 aliis

403 3659 624 3716 Eusebii
671 3659 828 3724 locis,
879 3667 941 3714 ut
984 3676 1053 3716 ex
1106 3662 1354 3732 repetitis
1390 3661 1495 3716 sub
1551 3661 1666 3717 luec
1719 3662 1984 3733 exemplis

403 3749 684 3820 propalam
726 3750 831 3804 erit
867 3769 880 3805 :
914 3751 1048 3805 illud
1090 3759 1273 3807 autem
1321 3754 1437 3823 μετ’
1472 3753 1658 3819 αὐτόν,
1698 3769 1984 3824 perperam

402 3841 566 3896 vertit
611 3840 722 3905 ille,
755 3851 948 3912 prazter
976 3842 1129 3896 illum
1157 3851 1206 3894 et
1240 3859 1358 3897 cum
1385 3844 1500 3908 illo,
1533 3860 1658 3899 cum
1687 3852 1871 3916 aperte
1908 3844 1986 3901 si-

404 3929 644 3999 gnificet,
669 3940 787 4000 post
820 3931 996 3997 illum,
1031 3947 1134 3988 nec
1169 3947 1396 3989 numero
1423 3941 1656 4002 tantum,
1682 3935 1778 3991 sed
1806 3937 1986 4007 digni-

405 4030 519 4078 tate
563 4030 618 4079 et
665 4026 1014 4096 praestantia;
1055 4033 1112 4080 ut
1154 4043 1221 4083 ex
1257 4027 1370 4097 jam
1415 4027 1580 4084 dictis
1633 4028 1984 4085 manifestum

405 4123 510 4179 est,
558 4123 613 4171 et
653 4133 720 4172 ex
765 4117 906 4172 infra
956 4119 1205 4175 dicendis
1247 4118 1512 4190 liquidius
1557 4123 1854 4177 constabit.
1897 4122 1987 4178 Ait

406 4208 786 4278 siquidemlib.
825 4224 861 4264 ll
896 4208 1096 4266 Contra
1120 4212 1454 4280 Marcellum,
1481 4228 1534 4282 p.
1559 4212 1662 4266 109
1689 4231 1702 4268 :
1731 4214 1865 4267 Οὐδὲ
1893 4213 1986 4268 δύο

406 4300 562 4364 θεοὺς
582 4301 792 4374 ἀνάγκη
821 4301 1004 4356 δοῦναι
1029 4305 1120 4357 τὸν
1146 4304 1242 4369 τὰς
1263 4305 1355 4359 δύο
1385 4305 1711 4371 ὑποστάσεις
1733 4306 1980 4364 τιθένταὲ

404 4394 528 4450 οὐδὲ
562 4394 671 4466 γὰρ
709 4395 982 4468 ἰσοτίμους
1015 4397 1185 4462 αὐτὰς
1215 4397 1531 4470 ὁριζόμεθα,
1565 4399 1618 4454 id
1647 4408 1730 4455 est
1763 4419 1774 4453 :
1805 4400 1986 4470 Neque

2074 1915 2412 1984 Marcellum,
2443 1932 2492 1972 c.
2528 1917 2614 1981 19,
2652 1933 2706 1987 p.
2749 1915 2880 1970 l92:
2915 1915 3025 1968 Kal.
3060 1914 3123 1986 δὴ
3152 1914 3293 1968 κατὰ
3339 1913 3521 1967 τοῦτον
3552 1914 3686 1968 τὸν.

2073 2010 2274 2082 τρόπον
2305 2011 2362 2062 ἓν
2393 2009 2530 2082 πρὸς
2562 2009 2654 2062 τὸν
2681 2008 2899 2080 Πατέρα
2932 2007 3026 2060 καὶ
3069 2006 3163 2059 τὸν
3195 2005 3321 2059 Υίδν
3354 2008 3403 2060 οἱ
3447 2007 3672 2070 πάντες

2073 2101 2436 2173 γενησόμεθα.
2473 2102 2681 2172 Ὥσπερ
2725 2099 2835 2172 γὰρ
2884 2099 3046 2163 αὐτὸς
3094 2100 3284 2152 ἑαυτόν
3311 2116 3388 2158 ,τε
3434 2099 3524 2152 καὶ
3554 2098 3684 2174 τᾲνγ

2075 2195 2296 2266 Πατέρα
2319 2194 2375 2247 ἓν
2401 2189 2540 2247 εἶναι
2574 2193 2750 2260 ἔλεγε,
2781 2193 3007 2261 φάσκων
3026 2209 3040 2222 ·
3087 2192 3229 2263 Ἐγὼ
3254 2192 3351 2246 καί
3385 2196 3417 2248 ὁ
3449 2192 3671 2261 Πατὴρ

2075 2290 2144 2345 ἓν
2173 2290 2362 2359 ἐσμεν
2381 2305 2395 2319 °
2427 2287 2572 2342 οὕτω
2604 2287 2698 2340 καὶ
2741 2285 2946 2349 πάντας
2974 2286 3142 2356 ἡμᾶς,
3173 2284 3315 2338 κατὰ
3355 2285 3453 2356 τὴν
3485 2281 3667 2337 αὐτοῦ

2079 2384 2330 2455 μίμησιν,
2374 2382 2473 2452 τῆς
2515 2381 2766 2451 ἑνότητος
2809 2379 2906 2450 τῆς
2951 2377 3113 2431 αὑτοῦ
3167 2378 3456 2448 μετασχεῖν
3497 2376 3670 2446 εὔχε-

2074 2490 2195 2528 ται·
2240 2473 2301 2526 οὐ
2354 2469 2495 2526 κατά
2541 2468 2862 2541 Μάρκελλον
2915 2467 3008 2521 τοῦ
3052 2467 3224 2536 Λόγου
3256 2467 3520 2536 ὲνωμένου
3569 2465 3690 2536 τῷ,

2077 2564 2215 2636 Θεῷ,
2245 2563 2339 2617 καὶ
2366 2565 2430 2634 τῇ
2459 2561 2619 2632 οὐσίᾳ
2649 2558 3124 2630 συναφθησομένου
3147 2575 3160 2588 ·
3185 2556 3365 2620 καθὼς
3391 2558 3448 2610 δὲ
3476 2559 3666 2629 ἐμαρ-

2078 2656 2312 2728 τύρησεν
2345 2655 2377 2725 ἡ
2412 2653 2660 2725 ἀλήθεια,
2696 2653 2724 2704 ὁ
2751 2651 2940 2722 Σωτὴρ
2973 2651 3138 2714 αὐτὸς
3173 2647 3338 2703 είπὼν
3360 2665 3373 2678 ·
3412 2647 3527 2716 Τὴν
3553 2647 3669 2703 δό-

2081 2749 2196 2816 ξαν
2224 2747 2303 2818 ἢν
2327 2746 2555 2813 ἔδωκάς
2573 2763 2698 2816 μοι,
2725 2744 2952 2798 δέδωκα
2992 2741 3196 2809 αὐτοῖς
3213 2783 3230 2808 ,
3259 2743 3358 2795 ἵνα
3383 2736 3531 2797 ὦσιν
3559 2740 3665 2808 ἓν,

2080 2841 2275 2908 καθὼς
2299 2840 2395 2894 καί
2412 2839 2582 2908 ἡμεῖς
2600 2838 2669 2892 ἕν
2694 2838 2902 2906 ἐσμεν.
2936 2834 3050 2905 Hoc
3078 2844 3163 2891 est
3191 2853 3204 2889 :
3233 2834 3399 2904 Atque
3417 2833 3483 2887 ad
3517 2835 3670 2888 hunc

2081 2934 2294 2986 modum
2324 2948 2418 2986 nos
2460 2946 2637 2985 omnes
2666 2946 2784 2982 cum
2807 2927 2970 2983 Patre
2994 2937 3044 2982 et
3076 2926 3217 2980 Filio
3243 2942 3407 2982 unum
3431 2927 3660 2982 erimus.

2086 3021 2544 3092 Quemadmodum
2585 3021 2724 3076 enim
2750 3021 2860 3091 ipse
2891 3037 2944 3074 se
2988 3029 3038 3073 et
3086 3017 3301 3074 Patrem
3349 3035 3512 3074 unum
3544 3036 3670 3074 esse

2091 3117 2247 3178 dixit.
2285 3135 2302 3168 ι
2338 3115 2466 3186 Ego,
2491 3115 2750 3185 inquiens,
2789 3123 2840 3168 et
2875 3113 3034 3166 Pater
3067 3128 3231 3166 unum
3263 3127 3479 3177 sumus;
3511 3130 3530 3164 s
3577 3112 3670 3165 ita

2087 3217 2390 3281 quoque,ut
2446 3205 2514 3260 ad
2563 3206 2730 3276 ipsius
2794 3205 3144 3258 imitationem
3190 3221 3284 3259 nos
3317 3220 3493 3258 omnes
3517 3203 3669 3274 ejus-

2089 3298 2204 3353 dem
2233 3300 2441 3353 unionis
2463 3298 2744 3365 participes
2768 3299 2952 3362 simus,
2982 3303 3222 3365 precatus
3250 3304 3346 3351 est.
3374 3293 3497 3350 Non
3521 3295 3669 3366 quod

2099 3388 2348 3452 Verbum,
2377 3397 2434 3442 ut
2469 3387 2757 3442 Marcellus
2788 3387 2917 3454 vult,
2951 3388 3166 3440 uniatur
3190 3385 3321 3454 Deo,
3345 3398 3393 3441 et
3413 3389 3672 3442 substan-

2092 3480 2290 3533 tiatiter
2325 3480 2424 3548 ipsi
2455 3477 2807 3549 conjungatur
2830 3496 2848 3533 :
2879 3479 2968 3534 sed
3008 3489 3066 3533 ut
3097 3480 3310 3543 veritas,
3347 3480 3452 3548 ipse
3481 3477 3673 3533 Serva-

2094 3579 2175 3624 tor
2211 3571 2434 3636 scilicet,
2472 3571 2790 3640 testiﬁcatur
2822 3571 3034 3624 dicens:
3070 3589 3088 3621 ι
3127 3569 3362 3624 Gloriam
3387 3587 3546 3642 quam
3576 3570 3672 3624 de-

2091 3661 2221 3716 disti
2250 3663 2378 3716 mihi
2403 3661 2525 3717 dedi
2560 3663 2658 3729 eis,
2691 3674 2746 3715 ut
2779 3663 2885 3716 sint
2915 3679 3078 3716 unum
3113 3665 3249 3716 sicut
3282 3675 3329 3717 et
3366 3680 3459 3718 nos
3499 3677 3668 3716 unum

2090 3771 2272 3810 sumus
2305 3754 2486 3825 (Joan.
2529 3771 2666 3819 xvu,
2708 3754 2854 3822 22).»
2896 3753 2996 3810 Ubi
3023 3756 3282 3810 unitatem
3322 3755 3466 3810 illaut
3499 3758 3672 3813 subs-

2091 3848 2372 3903 tantialem
2438 3845 2618 3902 Patris
2681 3861 2804 3901 cum
2880 3845 3019 3900 Filio
3099 3846 3338 3902 dilucide
3422 3849 3670 3918 explodi:

2092 3938 2395 4005 Eusebius;
2429 3938 2652 4007 vultque
2703 3945 2914 3991 tantum
2963 3937 3109 3991 illam
3157 3936 3420 3992 unitatem
3467 3954 3666 3994 conce-

2091 4031 2241 4096 dere,
2276 4045 2383 4102 qua
2415 4047 2483 4086 ex
2513 4031 2826 4102 dignatione
2852 4030 3086 4100 quadam
3123 4028 3286 4085 Pater
3315 4028 3510 4085 Filium
3546 4033 3668 4102 glo-

2091 4124 2187 4179 rite
2214 4139 2325 4180 sua:
2356 4123 2678 4194 participem
2712 4121 2896 4184 ellicit,
2924 4129 2985 4176 ut
3011 4130 3065 4177 et
3091 4120 3262 4177 Filius
3290 4139 3391 4178 nos
3418 4124 3668 4192 ejusdem

2091 4216 2278 4287 gloriae
2321 4222 2606 4271 consortes
2645 4214 2902 4270 reddidit.
2941 4213 3056 4268 Sub
3101 4213 3217 4268 haec
3265 4223 3446 4270 autem
3488 4215 3667 4271 eidem

2093 4307 2512 4380 comprobanda:
2540 4310 2823 4364 sententiae
2851 4315 2998 4364 totus
3026 4308 3254 4374 insistit,
3279 4317 3442 4379 atque
3473 4309 3548 4364 ita
3576 4308 3670 4364 de-

2092 4416 2241 4455 mum
2270 4401 2583 4456 concludit:
2627 4399 2814 4464 Οῦτως
2842 4396 2932 4454 οῦν
2965 4401 3022 4454 ἓν
3057 4403 3195 4454 εἰσιν
3227 4402 3254 4455 ὁ
3287 4400 3474 4472 Πατὴρ
3507 4399 3601 4453 καὶ
3631 4400 3664 4453 ὁ

405 4503 612 4542 necesse
643 4497 720 4542 est
747 4504 870 4542 eum
909 4488 1040 4542 duos
1075 4487 1197 4543 deos
1227 4489 1408 4560 fateri,
1433 4491 1524 4560 qui
1547 4488 1683 4545 duas
1709 4490 1981 4544 admiserit

2093 4491 2220 4556 Υἱὸς
2257 4493 2398 4548 κατὰ
2437 4493 2536 4564 τὴν
2581 4492 2863 4546 κοινωνίαν
2905 4493 3006 4563 τῆς
3043 4493 3220 4565 δόξης,
3256 4489 3324 4566 ἧς
3354 4497 3465 4558 τοῖς
3499 4493 3666 4548 αὑτοῦ

406 4577 735 4634 substantias
758 4595 777 4633 :
819 4596 921 4634 non
956 4580 1095 4634 enim
1125 4579 1250 4635 illas
1290 4581 1488 4636 honore
1523 4597 1677 4651 pares
1712 4597 1824 4635 esse
1865 4581 1988 4651 deﬁ-

407 4673 616 4737 nimus;
645 4671 720 4726 ita
753 4678 814 4726 ut
861 4680 1089 4729 eatenus
1133 4675 1395 4729 unitatem
1436 4675 1655 4731 deitatis
1699 4674 1864 4730 statui
1896 4690 1989 4730 ve-

405 4763 490 4830 lit,
524 4771 798 4835 quatenus
827 4765 918 4819 illa
957 4765 1136 4838 prima
1173 4766 1368 4828 deitas.
1401 4768 1749 4838 primumque
1783 4766 1990 4837 princi-

405 4855 556 4929 pium
608 4855 665 4910 in
716 4872 828 4912 uno
876 4857 1040 4914 Patre
1091 4869 1362 4925 servatur,
1409 4860 1498 4915 cui
1552 4860 1715 4931 longe
1767 4859 1992 4916 inferior

406 4949 552 5006 Deus
592 4947 786 5017 Filius,
830 4952 886 5007 in
937 4955 1148 5008 unitate
1189 4953 1283 5008 illa
1324 4968 1435 5008 non
1471 4953 1986 5024 comprehendatur.

407 5038 564 5107 Quod
601 5041 690 5097 ille
724 5043 926 5100 ibidem
965 5044 1198 5099 allirmat
1238 5043 1325 5099 bis
1365 5045 1585 5101 verbis:
1635 5045 1794 5100 Ἀλλὰ
1827 5046 1987 5117 φοϐῇ,

404 5125 451 5188 ὦ
479 5132 754 5205 ἄνθρωπε,
789 5135 864 5209 μὴ
901 5135 996 5190 δύο
1025 5136 1352 5201 ὑποστάσεις
1380 5137 1741 5209 ὁμολογήσας,
1774 5138 1869 5192 δύο
1895 5139 1992 5210 ἀρ-

407 5223 510 5297 Χάς
533 5226 870 5297 εἰσαγάγοις.
903 5228 999 5284 καὶ
1030 5230 1129 5301 τῆς
1159 5230 1496 5302 μοναρχικῆς
1529 5229 1777 5299 θεότητος
1823 5230 1989 5286 ἐκπέ-

413 5333 546 5383 σοις.
581 5318 837 5374 Μάνθανε
880 5321 1081 5388 τοίνυν,
1129 5321 1224 5387 ὼς,
1262 5321 1379 5385 ἑνὸς
1420 5322 1572 5385 ὄντος
1618 5322 1854 5393 ἀνάρχου
1901 5322 1992 5374 καὶ

409 5410 706 5483 άγεννήτου
747 5411 906 5478 Θεοῦ,
953 5412 1046 5467 τοῦ
1089 5412 1146 5467 δὲ
1179 5412 1310 5467 Υἱοῦ
1345 5413 1405 5478 ἐξ
1444 5412 1610 5468 αὑτοῦ
1657 5413 1990 5485 γεγεννημέ-

409 5519 524 5570 νου,
557 5502 656 5575 μία
691 5502 842 5558 ἔσται
871 5505 1036 5578 ἁρχὴ,
1069 5505 1335 5578 μοναρχία
1364 5523 1424 5558 τε
1449 5506 1545 5559 καὶ
1575 5505 1819 5576 βασιλεία
1856 5508 1954 5579 μία
1977 5526 1988 5538 ·’

482 5635 981 5711 (aLngmenttin
1002 5638 1151 5711 Psal.
1177 5656 1232 5711 p.
1273 5639 1362 5702 86,
1381 5639 1681 5711 7544,7557,
1709 5639 1833 5705 558,
1863 5641 1988 5704 572,

411 5706 700 5771 376.7377,
736 5711 862 5772 MU,
891 5710 1016 5775 5‘26,
1050 5706 1336 5775 491,133,
1376 5710 1501 5774 536,
1531 5710 1656 5774 582,
1699 5711 1823 5774 584,
1862 5712 1987 5772 597.

417 5777 551 5868 $98;
598 5776 900 5837 Demonstr.
942 5797 1123 5854 evang.
1167 5781 1290 5848 H7,
1338 5781 1460 5848 N8,
1513 5780 1631 5847 MO,
1677 5781 1803 5848 248,
1849 5781 1988 5851 235;

2094 4585 2361 4659 μαθηταῖς
2395 4584 2726 4658 μεταδιδοὺς,
2749 4585 2850 4655 τῆς
2871 4585 3040 4656 αὐτῆς
3067 4585 3312 4650 ὲνώσεως
3345 4587 3438 4640 καὶ
3469 4586 3666 4649 αὐτοὺς

2089 4677 2264 4750 ἠξίου,
2290 4678 2394 4733 hoc
2415 4685 2500 4733 est
2535 4695 2548 4732 :
2585 4676 2678 4731 Ita
2703 4675 2869 4732 Pater
2899 4685 2948 4732 et
2974 4675 3152 4732 Filius
3178 4695 3343 4732 unum
3372 4688 3496 4732 sunt
3529 4694 3668 4732 com-

2090 4771 2335 4824 munione
2376 4771 2593 4841 gloria’:
2637 4786 2795 4839 quam
2841 4785 2960 4822 cum
3003 4769 3276 4839 discipulis
3321 4771 3431 4823 suis
3471 4770 3669 4839 imper-

2093 4865 2212 4927 tiat,
2237 4861 2470 4932 ejusdem
2503 4878 2590 4916 eos
2621 4861 2834 4916 uniouis
2864 4862 3145 4930 participes
3179 4861 3349 4932 eﬁicit.
3381 4859 3497 4927 Qua
3522 4861 3577 4915 in
3607 4875 3669 4916 re

2037 5003 2044 5010 .
2092 4955 2284 5028 grandi
2323 4954 2690 5026 paralogismo
2735 4953 2909 5009 utitur
2934 4952 3226 5020 Eusebius,
3258 4961 3316 5008 ut
3344 4952 3486 5008 infra
3517 4952 3667 5008 vide-

2092 5048 2259 5113 bitur,
2290 5046 2420 5101 dum
2469 5046 2731 5100 unitatem
2763 5045 2911 5100 illam
2939 5045 3142 5114 gloriae,
3181 5045 3237 5099 in
3277 5058 3440 5114 quam
3483 5059 3550 5099 ex
3581 5043 3658 5098 di-

2093 5138 2352 5209 gnatione
2404 5143 2616 5192 tantum
2661 5135 2918 5206 discipuli
2964 5134 3168 5190 Christi
3215 5143 3502 5200 vocantur,
3546 5133 3666 5202 pari

2093 5230 2255 5286 modo
2292 5245 2324 5284 a
2371 5229 2533 5287 Patre
2573 5228 2966 5285 communicari
3004 5225 3142 5282 Filio
3180 5241 3301 5294 suo,
3331 5233 3495 5297 atque
3538 5226 3666 5281 hinc

2095 5325 2513 5382 substantialem
2562 5324 2824 5379 unitatem
2875 5320 3112 5388 excludi,
3159 5321 3458 5377 contendit.
3514 5320 3668 5376 Hanc

2093 5434 2260 5491 porro
2288 5418 2508 5474 deitatis
2533 5417 2799 5473 unitatem
2823 5424 2878 5472 et
2906 5415 3274 5472 monarcliiam
3306 5415 3580 5471 sexcentis
3610 5415 3668 5470 in

2095 5513 2232 5567 locis
2262 5511 2339 5584 (a)
2368 5509 2526 5567 docet
2555 5509 2665 5576 ille,
2699 5523 2822 5580 qua:
2848 5523 2918 5564 ne
2961 5507 3174 5579 longius
3209 5507 3546 5564 abducamur
3576 5507 3666 5562 iri-.-

2095 5645 2500 5774 ξὲςινῆξιατε.
2523 5645 2612 5714 65,
2643 5643 2732 5712 66,
2762 5644 2851 5711 69,
2881 5644 3083 5714 70,90,
3115 5643 3202 5710 96,
3239 5642 3358 5710 l06,
3385 5643 3507 5711 40:,
3539 5641 3663 5712 llo,
