3994 6448
240 370 314 425 35
1019 368 1519 425 COMMENTARIA
1562 369 1629 424 IN
1669 368 2005 425 PSALMOS.
2046 401 2115 413 —
2155 370 2698 430 PRELIMINARIA.
3419 381 3490 436 δι

242 491 433 544 dicare
466 488 637 544 solum
666 487 917 544 sufficiat.
961 489 1232 544 Cancrum
1271 491 1362 545 ubi
1391 507 1492 546 vox
1521 491 1817 554 ὑπόστασις
1843 511 1888 562 Α
1917 500 2051 544 erat.
2097 489 2166 544 Et
2201 492 2292 546 ille
2334 491 2540 561 quidem
2577 507 2670 561 per
2713 493 2942 562 seipsum
2975 495 3237 566 perfectus
3278 507 3329 552 et
3376 503 3491 569 pri-

242 580 510 646 occurrit,
541 596 642 636 nos
674 581 1028 636 substantiam
1079 584 1374 650 vertimus;
1410 591 1524 637 tum
1572 583 1698 653 quia
1734 582 1814 638 sic
1917 599 2069 646 mus,
2126 594 2302 653 utpote
2350 584 2544 650 Pater,
2580 597 2630 640 et
2677 587 3068 642 constitutionis
3111 587 3245 643 Filii
3298 607 3485 656 causa,

243 672 467 728 Eusebii
497 688 607 726 :evo
636 687 700 726 ex
747 681 966 744 recepto
1012 689 1163 731 more
1195 676 1583 746 accipiebatur,
1615 682 1674 729 ut
1712 675 1813 729 ba-

243 766 332 820 bet
379 764 751 830 Athanasius;
797 776 911 821 tum
954 768 1104 838 quia,
1146 783 1271 822 cum
1318 767 1589 824 Eusebius
1631 766 1814 822 diver-

242 873 358 911 sam
397 856 456 910 in
493 855 651 912 Patre
690 869 744 914 et
773 857 912 913 Filio
952 860 1316 915 substantiam
1349 859 1600 915 admittat
1630 866 1684 913 et
1711 858 1806 913 doc

239 953 384 1009 ccat,
431 947 638 1002 inutilis
683 964 816 1005 sane
857 949 1015 1006 fuerit
1059 965 1417 1022 personarum
1456 959 1510 1006 et
1555 950 1814 1023 byposta-

241 1040 381 1092 siuin
409 1040 627 1109 vulgata
653 1041 958 1098 distinctio.

239 1195 317 1244 IV.
340 1196 566 1263 Diversae
587 1196 1014 1263 substantim.—Y.
1037 1199 1293 1263 Interpres
1311 1202 1514 1252 Latinus
1537 1204 1804 1256 Demonstr.

293 1257 585 1322 evangelica:
627 1260 892 1322 EllSt‘bium
931 1263 993 1311 de
1019 1257 1256 1313 industria
1287 1265 1348 1314 ad
1371 1267 1656 1316 catholicam
1694 1280 1810 1316 sen-

299 1320 507 1368 tentiam
532 1320 756 1370 detorsit.

306 1468 461 1523 Licet
502 1478 685 1525 autem
734 1488 802 1526 ex
849 1472 1145 1542 praemissis
1189 1476 1469 1546 propalam
1520 1477 1592 1533 sit
1637 1475 1808 1534 Euse-

236 1562 378 1616 bium
411 1561 687 1619 diversam
735 1577 767 1617 a
798 1572 1022 1636 paterna
1059 1567 1421 1622 substantiam
1460 1577 1514 1624 et
1551 1568 1806 1626 deitatem

236 1653 288 1707 in
319 1651 456 1708 Filio
483 1655 818 1712 constituere
844 1675 858 1712 :
891 1673 1018 1712 nam
1041 1657 1180 1714 duas
1211 1659 1266 1714 in
1288 1661 1468 1715 allatis
1495 1661 1631 1716 locis
1675 1663 1808 1717 sub-

235 1740 469 1796 stantias
515 1751 702 1813 aperte
761 1745 1085 1814 profitetur:
1131 1755 1184 1802 et
1227 1763 1359 1805 sane
1407 1751 1498 1820 qui
1541 1752 1804 1807 unitatem

1915 676 2049 730 nihil
2093 676 2163 728 ad
2211 676 2427 731 deitatis
2459 693 2570 732 sua:
2614 676 3046 747 complementum
3085 698 3118 734 a
3151 679 3297 736 Filio
3341 685 3486 736 acci-

1913 769 2092 835 piens;
2123 768 2413 844 hic.autem
2442 777 2693 840 tanquam
2717 785 2782 824 ea:
2810 786 2974 825 causa
2997 772 3172 842 [actus
3203 774 3372 843 ﬁlius,
3403 791 3485 830 se-

1913 857 2113 912 cundus
2140 869 2218 913 est
2251 858 2315 911 ab
2342 876 2400 913 eo
2431 861 2581 928 cujus
2615 870 2694 914 est
2731 862 2900 931 filius,
2928 865 3114 934 quippe
3137 866 3229 935 qui
3258 883 3291 920 a
3321 866 3486 922 Patre

1910 956 1960 1001 et
1989 958 2046 1002 ut
2077 949 2166 1014 sit,
2195 958 2243 1002 et
2271 959 2327 1001 ut
2361 949 2486 1004 talis
2515 952 2606 1014 sit,
2644 954 2916 1021 acceperit.
2947 953 3024 1007 Ac
3051 972 3284 1021 rursum,
3309 958 3484 1028 splen-

1910 1038 2012 1092 dor
2058 1038 2265 1109 quidem
2314 1055 2417 1094 non
2464 1055 2529 1094 ea:
2572 1043 2838 1110 proposito
2874 1053 2923 1096 et
2958 1046 3224 1099 voluntate
3268 1046 3484 1103 luminis

1910 1130 2168 1200 splendet,
2194 1130 2284 1184 sed
2315 1131 2595 1184 secundum
2622 1132 2862 1188 accidens
2891 1135 3157 1205 quidpiam
3179 1154 3212 1190 a
3234 1137 3484 1194 substan-

1912 1223 1988 1277 tia
2013 1223 2396 1292 inseparabile;
2429 1221 2476 1276 F
2480 1226 2601 1277 ilius
2633 1242 2748 1279 vero
2769 1242 2833 1280 ex
2860 1229 3118 1282 sententia
3146 1239 3194 1283 et
3215 1234 3481 1301 proposito

1910 1315 2218 1376 voluntatis,
2249 1315 2424 1384 imago
2457 1314 2640 1370 Patris
2670 1316 2923 1372 substitit.
2958 1318 3146 1374 Valens
3182 1323 3318 1376 enim
3342 1323 3482 1378 Deus

1911 1404 2045 1459 Filii
2077 1406 2238 1460 Pater
2264 1407 2490 1470 exstitit,
2525 1423 2588 1460 ac
2624 1409 2911 1462 secundum
2953 1410 3125 1466 lumen
3174 1428 3266 1481 per
3303 1416 3482 1468 omnia

1909 1498 2081 1551 simile
2109 1499 2210 1551 sibi
2239 1499 2524 1553 subsistere
2554 1498 2630 1571 (a)
2661 1500 2803 1568 fecit.
2837 1499 2941 1556 Ubi
2977 1503 3244 1573 interpres
3274 1506 3388 1560 sive
3414 1522 3482 1561 ex

1910 1590 2076 1645 insito
2121 1605 2248 1660 erga
2297 1589 2590 1646 Eusebium
2644 1591 2874 1659 allectu;
2917 1592 3032 1649 sive
3065 1596 3171 1649 alia
3201 1596 3379 1668 ignota
3413 1597 3483 1653 de

1909 1694 2096 1741 causa,
2128 1681 2296 1734 multa
2317 1695 2478 1735 secus
2507 1681 2681 1754 posita
2707 1683 2776 1737 ad
2807 1684 3131 1739 catholicam
3153 1687 3480 1744 sententiam

1908 1786 2007 1840 pro
2040 1784 2192 1826 more
2227 1786 2327 1826 suo
2363 1771 2580 1828 deﬂexit
2620 1792 2633 1827 :
2665 1788 2790 1827 nam
2819 1775 2968 1838 illud,
3003 1774 3124 1828 καθ’
3153 1776 3346 1831 ἑαυτὸν
3389 1779 3483 1833 οὑ-

237 1833 488 1905 principii
527 1843 584 1891 et
619 1835 841 1893 deitatis
885 1839 938 1893 in
980 1855 1089 1895 uno
1139 1839 1319 1904 Patre,
1371 1844 1596 1899 excluso
1643 1843 1802 1910 Filio,

1908 1833 2190 1933 σιωμένος,
2219 1863 2300 1918 sic
2337 1865 2616 1920 transtulit
2645 1884 2657 1918 :
2697 1864 2818 1920 Non
2846 1881 2938 1934 per
2969 1857 3196 1938 seipsum
3230 1869 3482 1924 substan-

233 1937 430 1990 servat,
482 1938 884 1998 consequenter
936 1931 1098 1986 aliam
1145 1934 1200 1987 in
1247 1932 1385 1988 Filio
1433 1942 1488 1988 et
1526 1934 1798 1991 diversam

234 2017 594 2073 substantiam
623 2026 676 2074 et
709 2020 984 2086 deitatem,
1025 2023 1071 2078 si
1109 2025 1329 2094 quidem
1370 2024 1513 2081 Deus
1554 2026 1645 2090 sit,
1691 2036 1803 2082 sta-

233 2113 347 2160 tuat
376 2123 606 2165 necesse
634 2117 755 2178 est;
784 2127 814 2167 e
835 2128 894 2168 re
923 2123 1103 2169 tamen
1137 2114 1300 2169 fuerit
1327 2132 1393 2172 ex
1417 2118 1603 2173 multis
1628 2134 1801 2188 pauca

233 2196 448 2254 Eusebii
483 2200 604 2255 loca
647 2202 703 2257 in
746 2203 986 2258 medium
1029 2205 1242 2274 alierre,
1286 2209 1377 2262 ubi
1429 2209 1519 2264 ille
1548 2209 1803 2265 substan-

233 2291 356 2346 tiam
393 2301 449 2346 et
469 2294 725 2350 deitatem
757 2295 901 2363 Filii,
936 2312 966 2351 a
994 2306 1218 2368 paterna
1243 2302 1404 2356 aliam
1426 2312 1480 2357 et
1506 2302 1799 2370 diversam,

234 2396 557 2456 separatam,
587 2387 796 2459 ipsique
823 2392 994 2444 multo
1019 2392 1328 2450 inferiorem
1365 2406 1802 2455 commonstrare

233 2479 446 2532 nititur:
487 2479 632 2535 unde
663 2482 827 2536 etiam
871 2484 1088 2553 planius
1131 2487 1325 2542 evadat
1355 2491 1499 2558 quod
1549 2493 1802 2562 superius

234 2570 518 2639 probatum
551 2580 656 2636 est,
704 2572 998 2630 Eusebium
1043 2578 1295 2635 videlicet
1342 2582 1605 2640 unitatem
1648 2583 1816 2655 prin?

233 2659 354 2729 cipii
386 2671 442 2716 et
492 2661 713 2719 deitatis
743 2665 796 2718 in
839 2683 944 2721 uno
993 2665 1174 2735 Patre,
1212 2671 1437 2726 excluso
1480 2671 1638 2738 Filio,
1690 2683 1804 2730 sta-

232 2761 400 2806 tuere.
443 2753 537 2806 Ait
580 2755 744 2823 igitur
821 2756 875 2810 in
956 2755 1412 2815 Dcmonstratione
1483 2766 1800 2836 evangelica,

236 2842 271 2897 Ι.
301 2859 372 2907 tv,
409 2860 460 2900 c.
508 2847 560 2907 5,
593 2863 644 2916 p.
675 2847 772 2900 H7
807 2867 820 2903 :
864 2849 1021 2902 Ἀλλὰ
1063 2851 1156 2903 τοῦ
1193 2852 1292 2922 μὲν
1342 2854 1596 2925 αἰσθητοῦ
1630 2857 1804 2926 φωτὸς

233 2936 530 3027 ἁχῴριστος
559 2943 591 3011 ἡ
625 2942 789 3013 αὐγὴ,
821 2945 848 2997 6
872 2944 928 2996 δὲ
961 2945 1087 3010 Υἱὸς
1122 2948 1265 3013 ἰδίως
1295 2951 1442 3020 παρὰ
1468 2952 1558 3004 τὸν
1584 2953 1804 3027 Πατέρα

232 3026 349 3081 καθ’
378 3029 574 3082 ἑαυτὸν
608 3031 900 3102 ὑφέστηκε.
948 3036 1056 3088 Καὶ
1091 3040 1266 3106 φωτὸς
1310 3041 1409 3110 μὲν
1440 3043 1472 3112 ἡ
1517 3043 1658 3114 αὐγὴ
1693 3026 1804 3114 χώ·

236 3137 329 3190 ραν
372 3121 656 3194 ἐνεργείας
699 3124 904 3195 ἐπέχει,
945 3127 974 3178 6
1006 3128 1063 3180 δὲ
1097 3130 1224 3194 Υἱὸς
1271 3131 1456 3204 ἕτερόν
1505 3153 1556 3189 τι
1599 3136 1801 3208 ἧκατὰ

1905 1955 2033 2007 tiam
2065 1965 2272 2019 nactus,
2305 1954 2394 2009 sed
2420 1973 2452 2009 a
2487 1955 2685 2019 Patre;
2716 1972 2838 2011 cum
2881 1957 3214 2028 disparatam
3257 1961 3481 2016 omnino

1904 2047 2227 2101 sententiam
2263 2046 2449 2102 ellerat
2480 2046 2770 2113 Eusebius,
2802 2049 3032 2110 scilicet,
3055 2064 3146 2117 per
3174 2066 3228 2103 se
3249 2061 3298 2103 et
3333 2067 3479 2105 seor-

1901 2139 2001 2192 sim
2025 2138 2378 2192 substantiam
2410 2137 2626 2194 habens.
2659 2138 2784 2194 Pari
2813 2139 2974 2194 modo
3009 2141 3141 2195 illud
3171 2142 3263 2195 :'O
3292 2143 3349 2196 δὲ
3366 2144 3481 2197 Πα-

1900 2229 2004 2301 τὴρ
2054 2232 2397 2303 προϋπάρχει
2449 2230 2544 2284 τοῦ
2589 2231 2742 2293 Υίοῦ,
2775 2232 2868 2284 καὶ
2898 2232 2998 2301 τῆς
3022 2233 3286 2301 γενέσεως
3314 2233 3479 2288 αὑτοῦ

1903 2323 2334 2394 προῦφέστηκεν,
2435 2323 2593 2395 μόνος
2616 2323 2908 2394 ἁγέννητος
2931 2319 3019 2394 ἦν’
3069 2324 3149 2380 sic
3171 2325 3259 2380 ille
3283 2325 3475 2380 vertit:

1900 2414 1969 2466 At
1999 2431 2031 2467 a
2059 2413 2221 2467 Patre
2250 2414 2424 2469 Filius
2465 2415 2720 2484 procedit,
2750 2423 2798 2468 et
2829 2415 2982 2469 illum
3019 2425 3254 2486 generat,
3286 2425 3341 2470 at
3370 2418 3482 2486 ipse

1901 2522 2004 2560 non
2039 2509 2243 2578 genitus
2289 2519 2386 2563 est.
2435 2509 2505 2562 At
2539 2522 2664 2563 vera
2699 2508 2968 2563 sententia
3001 2508 3116 2563 haec
3161 2517 3245 2565 est
3276 2527 3290 2563 :
3317 2508 3483 2565 Pater

1901 2607 2080 2652 autem
2113 2596 2256 2652 Filio
2284 2597 2706 2667 pra'casistebat,
2735 2606 2785 2651 et
2825 2607 2946 2652 ante
2988 2608 3161 2652 ortum
3193 2599 3306 2667 ejus
3335 2599 3481 2653 exsi-

1901 2689 2091 2753 stebat,
2114 2699 2368 2760 quatenus
2391 2691 2536 2744 solus
2565 2706 2668 2744 non
2690 2689 2894 2760 genitus
2922 2700 3057 2745 erat.
3084 2689 3175 2745 Sic
3199 2690 3364 2745 etiam
3391 2691 3482 2746 ille

1905 2781 2018 2836 fere
2063 2781 2265 2851 ubique
2313 2780 2534 2836 Eusebii
2576 2781 2721 2835 dicta
2753 2781 2805 2834 in
2837 2780 3000 2834 aliam
3027 2783 3351 2836 sententiam
3385 2780 3482 2835 de-

1903 2869 2086 2932 torsit,
2120 2876 2181 2923 ut
2205 2870 2532 2925 catholicum
2564 2871 2814 2926 redderet
2849 2888 2862 2923 :
2899 2886 3025 2924 nam
3058 2870 3153 2925 lib.
3181 2887 3254 2932 tv.
3301 2887 3352 2924 c.
3387 2869 3477 2936 i5,

1903 2977 1957 3032 p.
1994 2962 2114 3026 175,
2145 2964 2259 3017 bznc
2289 2963 2508 3018 Eusebii
2532 2965 2716 3030 verba,
2746 2966 2854 3018 Kal
2885 2965 3044 3036 μόνον
3075 2965 3134 3030 ἐξ
3165 2964 3330 3019 αὐτοῦ
3355 2982 3482 3034 γενο-

1903 3053 2132 3123 νηοέντα
2185 3054 2318 3106 Θεὸν
2364 3054 2558 3122 Λόγον,
2594 3058 2792 3127 μετοχῇ
2840 3035 3050 3109 τέ’τῶ
3102 3059 3478 3127 γεννήσαντος,

1905 3145 2198 3215 ἀγεννήτου
2247 3145 2342 3198 καὶ
2374 3143 2588 3216 πρώτου
2621 3146 2714 3198 καὶ
2750 3147 3012 3217 μείζονος,
3047 3146 3181 3200 Θεὸν
3232 3148 3297 3201 ὲκ
3343 3147 3480 3202 Θεοῦ

233 3210 512 3310 ξνέρχειαν
533 3215 806 3310 τυγχάνει,
833 3217 1169 3310 καθ’ᾼὲαυτὸν
1190 3221 1539 3295 οὐσιωμένος.
1572 3227 1681 3280 Καὶ
1705 3229 1804 3283 πά·
1828 3211 1873 3272 c
1904 3210 2302 3304 ἀποφανθέντα,
2330 3210 2560 3310 Χριστὸν
2580 3240 2673 3293 καὶ
2701 3210 3026 3310 ἡλειμμένον
3051 3239 3378 3304 ἀπεκάλεσε,
3401 3242 3481 3295 sic

233 3300 328 3367 λιν,
363 3305 397 3374 ὴ
456 3304 556 3374 μὲν
588 3306 728 3377 αὐγὴ
768 3308 1102 3379 συνυπάρχει
1141 3311 1218 3383 τῷ
1261 3315 1418 3382 φωτὶ,
1465 3318 1800 3391 συμπληρω-

231 3399 351 3469 τικὴ
386 3417 474 3463 τις
505 3396 636 3453 οὖσα
675 3401 869 3454 αὐτοῦ’
917 3404 1046 3458 ἄνευ
1080 3405 1188 3477 γὰρ
1220 3408 1396 3478 αὐγῆς
1430 3410 1530 3463 οὐκ
1559 3411 1624 3464 ἂν
1672 3413 1802 3465 ὑπο-

1901 3329 2182 3382 transtulit
2206 3330 2295 3383 ille
2322 3347 2334 3382 ε
2365 3328 2433 3382 Et
2458 3331 2548 3400 qui
2576 3332 2718 3384 solus
2741 3347 2804 3385 ea:
2829 3331 2920 3385 illo
2949 3331 3156 3401 genitus
3179 3329 3320 3385 Deus
3353 3331 3481 3385 Ver-

1901 3421 2043 3483 bum,
2069 3423 2541 3477 communicatione
2557 3425 2817 3494 gignentis
2846 3425 3085 3494 ingeniti,
3110 3423 3250 3478 Deus
3280 3423 3342 3479 de
3368 3423 3478 3478 Deo

236 3493 388 3562 σταίη
439 3493 576 3562 φῶς,
608 3493 742 3564 ὁμοῦ
770 3511 828 3546 τε
862 3495 957 3548 καὶ
989 3499 1110 3550 κατ’
1136 3499 1269 3551 αὐτὸ
1303 3501 1706 3574 συνυφέστηκεν
1728 3520 1741 3532 ο
1773 3506 1802 3557 6

1908 3523 1976 3568 est
2009 3512 2335 3578 declaratus,
2369 3493 2639 3569 Christum
2683 3524 2839 3584 atque
2879 3493 3094 3569 unctum
3119 3517 3352 3578 vocavit;
3384 3515 3478 3570 ubi

233 3579 285 3635 δὲ
316 3583 504 3655 Πατὴρ
546 3584 887 3657 προῦπάρχει
932 3587 1022 3640 τοῦ
1065 3589 1216 3652 Υίοῦ,
1253 3592 1348 3643 καὶ
1388 3591 1489 3661 τῆς
1533 3593 1802 3662 γενέσεως

1908 3620 2064 3660 voces
2109 3605 2232 3659 illas
2274 3605 2492 3676 πρώτου
2537 3606 2632 3659 καὶ
2671 3605 2934 3676 μείζονος,
2968 3607 3127 3674 primi
3158 3614 3206 3660 et
3235 3606 3477 3675 majoris,

234 3675 391 3729 αὐτοῦ
425 3677 860 3748 προῦφέστηκεν,
971 3680 1131 3750 μόνος
1172 3681 1465 3753 ἀγὲ-θνητος
1509 3681 1596 3756 ἦν.
1632 3687 1743 3740 Καὶ
1774 3690 1802 3741 6

1908 3695 2249 3765 prtetermisit
2277 3673 2387 3762 ille,
2423 3698 2504 3751 sic
2543 3673 2723 3752 autem
2757 3673 3078 3752 vertendum
3114 3696 3214 3752 fuit
3246 3717 3258 3751 :
3295 3673 3364 3750 Et
3391 3714 3477 3752 so.

239 3769 333 3838 μὲν
369 3770 492 3824 καθ’
527 3771 714 3824 ἑαυτὸν
747 3771 946 3836 τέλειος
975 3773 1068 3826 καὶ
1100 3775 1334 3846 πρῶτος,
1359 3776 1432 3840 ὼς
1463 3777 1670 3849 Πατὴρ,
1707 3780 1802 3832 καὶ¹

1908 3786 2009 3840 lum
2056 3802 2121 3840 ex
2161 3789 2275 3856 ipso
2305 3789 2540 3858 genitum
2578 3787 2747 3842 Deum
2795 3788 3037 3854 Verbum,
3072 3788 3482 3857 participatione

235 3860 326 3932 τῆς
368 3862 462 3915 τοῦ
503 3861 634 3916 Υἱοῦ
681 3862 989 3927 συστάσεως
1021 3864 1211 3929 αἴτιος,
1251 3867 1402 3920 οὐδὲν
1449 3869 1530 3932 εἰς
1563 3869 1804 3940 συμπλή-

1908 3878 2156 3948 genitoris
2195 3881 2510 3949 non-geniti,
2535 3880 2693 3948 primi
2722 3889 2771 3933 et
2795 3879 3040 3948 majoris,
3069 3879 3236 3933 Deum
3271 3879 3335 3932 de
3367 3876 3478 3932 Deo

241 3966 397 4019 ρωσιν
433 3951 535 4020 τῆς
576 3950 769 4004 ἑαυτοῦ
807 3949 1055 4020 θεότητος
1097 3952 1246 4024 παρὰ
1290 3952 1384 4006 τοῦ
1425 3953 1555 4006 Υίοῦ
1595 3953 1804 4022 λαμδά-

1908 3969 2252 4034 declaratum,
2289 3971 2560 4026 Christum
2605 3981 2654 4026 et
2704 3983 2920 4025 unctum
2952 3972 3172 4025 vocavit.
3203 3970 3268 4024 Et
3295 3986 3346 4040 p.
3375 3970 3472 4026 181

237 4055 336 4134 γων
359 4057 373 4071 ⁸
402 4045 431 4095 ὁ
471 4042 528 4094 δὲ
556 4043 631 4106 ὼς
677 4044 737 4108 ἐξ
781 4046 954 4098 αἰτίου
1003 4043 1240 4112 γεγονὼς
1284 4045 1418 4107 υξδςν
1461 4044 1709 4114 δεύτερος
1741 4038 1802 4098 οὗ
1900 4063 1943 4116 Β
1975 4082 1988 4117 :
2026 4064 2223 4133 Διόπερ
2253 4063 2344 4116 ἐπὶ
2374 4063 2549 4132 τούτῳ
2579 4062 2759 4134 ἔχρισέ
2806 4079 2887 4126 σε,
2922 4056 2967 4116 ὦ
2996 4062 3118 4125 Θεὲ,
3149 4063 3177 4114 6
3219 4038 3479 4116 ἀνῴτάτω

240 4131 377 4187 ἔστιν
402 4135 517 4198 υἱὸς
543 4137 866 4208 καθέστηκε,
900 4136 1050 4209 παρὰ
1075 4135 1169 4188 τοῦ
1197 4136 1408 4207 Πατρὸς
1429 4136 1523 4190 καὶ
1551 4137 1612 4189 τὸ
1641 4135 1800 4202 εἶναι,

240 4225 328 4277 καὶ
357 4227 561 4280 τοιόσδε
606 4224 744 4282 εἶναι
791 4228 1044 4300 εἰληφώς.
1089 4230 1198 4282 Καὶ
1236 4229 1415 4292 πάλιν,
1443 4231 1476 4299 ἡ
1527 4230 1624 4299 μὲν
1661 4230 1802 4300 αὐγὴ

241 4316 296 4368 εὖ
330 4319 468 4371 κατὰ
501 4321 816 4391 προαίρεσιν
852 4321 943 4374 τοῦ
978 4321 1153 4390 φωτὸς
1176 4320 1468 4390 ἐκλάμπει,
1501 4320 1640 4374 κατά
1666 4337 1718 4372 τι
1746 4319 1803 4372 δὲ

240 4406 331 4477 τῆς
371 4409 558 4473 οὐσίας
587 4410 931 4481 συμϐεϐηκὸς
962 4411 1291 4482 ἀχώριστονο
1337 4414 1365 4464 ὁ
1404 4411 1460 4463 δὲ
1504 4411 1630 4474 Υἱὸς
1662 4411 1804 4464 κατὰ

241 4496 458 4569 γνώμην
502 4500 596 4552 καὶ
641 4502 955 4572 προαίρεσιν
1002 4501 1164 4556 εἰκὼν
1195 4503 1398 4573 ὑπέστη
1444 4502 1536 4554 τοῦ
1572 4503 1801 4574 Πατρός.

244 4589 525 4663 ὼυληοεὶς
551 4593 656 4664 γὰρ
685 4597 714 4647 6
744 4594 875 4658 Θεὸς
904 4595 1124 4662 γέγονεν
1156 4594 1285 4646 Υἱοῦ
1319 4594 1525 4664 Πατὴρ,
1567 4594 1662 4646 καὶ
1689 4594 1802 4661 φῶς

243 4682 484 4754 δεύτερον
523 4686 663 4738 κατὰ
691 4687 866 4740 πάντα
900 4686 1076 4757 ἐαυτῷ
1103 4687 1533 4758 ἀεξωμοιωμὲνον
1568 4687 1804 4753 ὑπεστή-

248 4792 386 4831 σατο.
417 4779 546 4844 Quae
574 4781 654 4834 sic
695 4795 795 4850 ego
827 4781 1185 4849 interpretor:
1222 4780 1325 4833 Sed
1356 4797 1388 4831 a
1417 4779 1653 4832 sensibili
1688 4780 1806 4848 qui-

244 4867 354 4921 dem
380 4872 573 4925 lumine
593 4871 840 4940 splendor
867 4871 1107 4940 separari
1131 4889 1234 4925 non
1255 4880 1444 4940 potest,
1478 4869 1653 4926 Filius
1687 4887 1803 4924 vero

247 4976 472 5016 seorsum
513 4981 546 5016 a
581 4963 745 5018 Patre
772 4979 863 5033 per
905 4966 1132 5032 seipsum
1165 4964 1425 5018 subsistit.
1469 4963 1545 5016 Ac
1592 4963 1803 5016 luminis

247 5055 444 5122 quidem
468 5056 715 5125 splendor
738 5056 909 5110 locum
939 5057 1224 5126 ejﬁcientite
1255 5056 1473 5118 obtinet,
1509 5053 1685 5109 Filius
1709 5070 1800 5108 au-

249 5151 344 5196 tem
385 5148 531 5200 aliud
556 5148 826 5218 quidpiam
854 5165 1011 5218 quam
1040 5147 1324 5202 secundum
1352 5147 1680 5216 efﬁcientiam
1706 5156 1804 5210 est,

252 5249 332 5290 ler
364 5241 586 5308 seipsum
615 5241 916 5295 substantia
957 5239 1235 5310 pra'ditus.
1275 5239 1528 5304 Rursum,
1561 5239 1808 5308 splendor

251 5332 400 5387 simul
437 5335 644 5388 exsistit
697 5349 815 5388 cum
869 5334 1085 5398 lumine,
1139 5332 1372 5402 illudque
1421 5330 1806 5402 quodammodo

251 5427 494 5494 complet:
535 5444 660 5480 nam
688 5428 799 5481 sine
827 5425 1106 5496 splendore
1137 5427 1312 5479 lum-.n
1336 5441 1666 5496 nequaquam
1692 5423 1807 5477 sub-

252 5515 415 5578 sistat,
445 5520 703 5590 simulque
744 5535 860 5572 cum
902 5519 998 5572 illo
1034 5535 1097 5571 ac
1137 5516 1424 5571 secundum
1467 5515 1602 5569 illud
1629 5514 1799 5570 subsi-

253 5609 367 5671 stit;
412 5609 568 5666 Pater
618 5621 793 5665 autem
840 5611 982 5664 Filio
1022 5612 1438 5678 prteexsistebat,
1477 5617 1526 5662 et
1564 5618 1685 5661 ante
1717 5623 1802 5659 or-

256 5705 354 5751 tum
405 5703 514 5771 ejus
565 5704 873 5770 exsistebat,
928 5713 1184 5773 quatenus
1233 5702 1376 5755 solus
1436 5700 1799 5770 non-genitus

1837 4536 1941 4622 ni:

1903 4157 1996 4211 καὶ
2047 4156 2244 4227 μείζων
2293 4154 2476 4218 αὐτὸς,
2510 4156 2539 4208 6
2567 4155 2661 4208 καί
2691 4171 2783 4206 σου
2814 4153 2966 4217 Θεὸς,
2997 4153 3072 4216 ὼς
3100 4149 3238 4206 εἶναι
3267 4154 3358 4205 καί
3386 4152 3479 4206 τὸν

1903 4247 2185 4318 χριόμενον
2229 4246 2324 4298 καὶ
2368 4245 2458 4297 τὸν
2502 4245 2721 4316 χρίοντα
2769 4243 2902 4296 πολὺ
2950 4244 3232 4314 πρότερον,
3261 4243 3478 4296 πάντων

1907 4339 2007 4409 μὲν
2035 4338 2162 4390 ὄντα
2191 4337 2343 4401 Θεὸν,
2378 4336 2470 4389 καὶ
2513 4335 2675 4389 αὑτοῦ
2717 4335 3077 4408 διαφερόντως
3116 4335 3210 4388 τοῦ
3258 4335 3478 4410 χριομέ-

1905 4447 2017 4491 νου,
2045 4430 2136 4483 ubi
2164 4430 2219 4482 in
2245 4427 2450 4483 Graecis
2473 4428 2788 4483 necessario
2817 4428 2987 4497 legas,
3007 4426 3083 4490 ὼς
3106 4421 3242 4479 εἶναι
3266 4427 3358 4480 καὶ⁵
3382 4425 3477 4478 τοῦ

1948 4518 2194 4590 ριομένον
2225 4519 2314 4570 τὸν
2348 4518 2568 4589 χρίοντα
2602 4517 2735 4571 πολὺ
2771 4516 3054 4587 πρότερον,
3090 4515 3226 4570 alias
3259 4525 3481 4570 senten-

1907 4613 1981 4663 tia
2011 4625 2118 4663 non
2147 4611 2436 4664 constabit.
2463 4607 2666 4663 Locum
2701 4608 2774 4661 ita
2807 4609 2985 4670 vertit,
3019 4607 3133 4662 sive
3155 4607 3336 4676 potius
3357 4623 3481 4676 per-

1911 4702 2074 4754 vertit
2109 4702 2380 4770 interpres
2408 4742 2420 4754 .
2443 4699 2728 4767 Propterea
2759 4698 2821 4752 ob
2859 4699 2994 4750 lianc
3027 4700 3194 4766 ipsam
3239 4714 3478 4760 causam,

1907 4791 2059 4843 unxit
2093 4800 2163 4852 te,
2190 4807 2220 4844 o
2246 4788 2409 4851 Deus,
2440 4789 2548 4842 ille.
2583 4787 2673 4857 qui
2717 4799 2836 4838 tuus
2879 4801 3078 4855 quoque
3103 4793 3179 4837 est
3209 4783 3384 4847 Deus;
3421 4794 3482 4836 ut

1908 4880 1977 4934 sit
2019 4889 2068 4932 et
2112 4881 2202 4949 qui
2231 4879 2467 4948 ungitur,
2504 4876 2667 4939 Deus,
2697 4885 2747 4929 et
2791 4876 2879 4945 qui
2921 4875 3066 4944 ungit
3100 4889 3118 4925 :
3152 4874 3241 4942 qui
3271 4872 3482 4944 quidem

1909 4973 1979 5024 sit
2009 4972 2242 5023 omnium
2273 4968 2436 5022 Deus.
2468 4967 2541 5021 Ea
2570 4982 2732 5037 porro
2753 4977 2836 5021 est
2859 4981 2982 5020 vera
3010 4963 3140 5019 dicti
3171 4964 3477 5018 sententia:

1911 5058 2040 5113 Ideo
2069 5059 2222 5111 unxit
2252 5068 2319 5122 te,
2355 5074 2385 5110 o
2410 5057 2570 5122 Deus,
2603 5056 2692 5126 qui
2719 5072 2992 5124 supremus
3022 5065 3071 5108 et
3099 5054 3290 5124 major,
3317 5070 3378 5106 ac
3405 5053 3481 5107 tui

1909 5165 2110 5218 quoque
2142 5146 2284 5202 Deus
2311 5158 2422 5201 est:
2446 5149 2523 5200 ita
2548 5157 2605 5199 ut
2634 5163 2825 5216 ungens
2849 5155 3004 5200 uncto
3029 5147 3195 5199 multo
3220 5148 3368 5216 prior
3387 5147 3478 5208 sit,

1911 5257 2030 5294 cum
2082 5241 2313 5293 omnium
2359 5239 2564 5309 quidem
2611 5239 2680 5292 sit
2709 5237 2871 5304 Deus,
2893 5240 3187 5308 prtesertim
3218 5256 3336 5292 vero
3365 5239 3480 5310 ejus

1913 5333 2002 5402 qui
2028 5333 2260 5401 ungitur.
2293 5329 2356 5384 Et
2386 5346 2438 5401 p.
2471 5329 2577 5384 256
2607 5329 2687 5383 A:
2725 5330 2834 5383 Kal.
2867 5333 2896 5383 6
2925 5329 3057 5392 Θεὸς
3097 5330 3306 5394 Ἰσαὰκ,
3327 5323 3370 5396 ᾧ
3389 5329 3482 5380 καὶ

1915 5422 2115 5492 στήλην
2146 5422 2440 5492 ἀνέστησεν
2472 5422 2500 5475 6
2529 5419 2800 5492 Θεοφιλὴς,
2835 5420 2966 5484 Θεὸς
3001 5421 3098 5489 μὲν
3136 5414 3205 5490 ἦν
3244 5420 3339 5472 καὶ
3372 5409 3485 5471 Kti-

1918 5531 2029 5584 ριος
2075 5513 2267 5584 (αὐτῷ
2295 5514 2404 5586 γὰρ
2429 5513 2638 5582 λέγοντι
2673 5512 3043 5584 πιστευτέον),
3075 5513 3134 5565 οὐ
3168 5511 3274 5582 μὴν
3316 5511 3346 5562 ὁ
3389 5510 3486 5564 επὶ

1910 5606 2146 5670 πάντων,
2180 5606 2292 5659 ἀλλ’
2322 5609 2351 5659 6
2383 5607 2592 5660 ἐκείνου
2618 5605 2889 5678 δεύτερος,
2923 5605 2990 5658 τὰ
3018 5603 3114 5656 τοῦ
3147 5599 3360 5673 Πατρὸς
3401 5602 3483 5664 εις

1910 5697 2225 5770 ἀνθρώπους
2256 5698 2665 5780 διακονούμενος
2695 5699 2785 5753 καὶ
2814 5695 3162 5770 διαγγέλλων,
3194 5694 3285 5751 ubi
3312 5695 3485 5751 inter-

323 5835 392 5904 (α)
428 5836 545 5906 Qno
574 5855 736 5895 smsu
773 5855 868 5910 per
898 5840 1079 5894 omnia
1109 5839 1342 5895 similem
1396 5837 1592 5892 Filium
1641 5835 1808 5901 dicat,
1849 5835 1970 5889 vide
2000 5835 2163 5890 inira.
