3994 6448
420 369 489 424 35
1117 360 1388 420 EUSEBll
1423 352 1900 418 cassmtsusxs
1940 348 2090 410 ore.
2134 347 2319 411 rans
2367 327 2458 408 Ill.
2499 389 2568 400 ._
2604 348 3008 417 EXEGETICA.
3618 359 3685 422 te

418 499 546 556 pres
599 497 750 538 more
805 482 967 538 solito
999 500 1012 535 :
1055 479 1120 534 Et
1165 481 1304 537 Deus
1354 479 1535 543 Isaac,
1570 481 1654 534 cui
1688 488 1738 534 et
1783 479 1996 532 titulum
2028 489 2074 547 Α
2102 490 2214 530 rem
2247 472 2498 531 Graecum
2527 478 2755 543 vitiavit,
2787 484 2843 533 et
2870 479 3134 536 catltolice
3205 480 3351 553 loqui
3399 485 3685 555 compulit.

417 577 584 632 erexit
609 575 708 630 Dei
736 577 960 636 amicus,
983 575 1124 629 Deus
1156 575 1365 645 quidem
1387 583 1500 628 erat
1527 584 1576 629 et
1603 573 1860 628 Dominus
1883 575 2008 644 (ipsi

416 669 556 724 enim
580 668 778 722 dicenti
813 666 1128 722 credendum
1152 676 1227 720 est
1251 668 1293 736 ),
1316 683 1418 720 non
1447 675 1620 719 tamen
1655 666 1699 719 is
1733 669 1821 736 qui
1850 665 2010 720 Pater

417 767 495 812 est
526 768 574 812 et
605 775 637 811 a
678 757 824 811 nullo
854 767 970 818 est;
1017 758 1106 810 sed
1133 758 1223 827 qui
1251 772 1334 822 ea,
1360 772 1476 826 quia
1503 756 1572 808 ad
1605 741 1820 816 Patrem
1846 759 2009 825 perti-

419 860 563 913 nent,
588 847 887 902 hominibus
919 848 1288 902 subministrat
1308 857 1358 901 et
1379 848 1613 900 nuntiat.
1657 846 1756 901 Ubi
1792 857 2010 902 verten-

421 943 550 997 dum
578 951 696 997 erat
726 961 738 995 :
768 940 835 994 Et
871 939 1012 994 Deus
1045 939 1224 1004 Isaac,
1253 941 1342 994 cui
1383 948 1434 994 et
1481 941 1690 993 titulunt
1727 941 1890 994 erexit
1931 942 2012 994 vir

419 1035 514 1088 ille
541 1033 839 1103 religiosus,
874 1032 1014 1086 Deus
1047 1030 1255 1102 quidem
1308 1041 1424 1085 erat
1472 1041 1521 1084 et
1569 1030 1864 1095 Dominus;
1906 1031 2011 1096 ipsi

419 1127 560 1181 enim
591 1126 786 1180 dicenti
815 1123 1133 1178 credendum
1167 1133 1283 1188 est;
1313 1141 1404 1177 nec
1438 1134 1611 1178 tamen
1647 1136 1759 1178 erat
1800 1125 1889 1180 ille
1918 1144 2010 1180 su-

417 1234 519 1288 pra
549 1219 728 1272 omnia
761 1215 971 1290 [Deus],
1007 1218 1098 1270 sed
1132 1216 1215 1270 illi
1244 1216 1524 1279 secundus,
1561 1219 1652 1288 qui
1701 1235 1780 1272 res
1829 1217 2008 1274 Patris

421 1314 476 1367 in
502 1313 800 1367 hominibus
831 1314 1102 1366 ministrat
1151 1323 1200 1366 et
1251 1314 1484 1368 nuntiat.
1513 1313 1644 1379 Qua)
1676 1316 1923 1368 recidunt
1954 1315 2008 1371 in

422 1406 570 1460 illam
605 1407 859 1475 superius
892 1412 1377 1458 commonstratam
1410 1405 1629 1461 Eusebii
1658 1408 2006 1475 sententiam,

421 1499 686 1552 unitatem
723 1498 934 1552 scilicet
959 1497 1053 1552 Dei
1085 1498 1468 1553 universorum
1499 1499 1552 1552 in
1580 1515 1686 1554 uno
1707 1499 1869 1555 Patre
1893 1517 2010 1556 ser-

420 1589 562 1650 vari,
588 1587 728 1643 Filio
761 1590 1073 1655 excluso,et
1102 1589 1156 1642 in
1190 1590 1491 1644 secundum
1525 1591 1705 1646 locum
1735 1593 2005 1661 ablegato.

425 1677 690 1734 Similiter
713 1680 910 1750 p.158,
941 1681 1003 1744 C,
1044 1680 1158 1734 lucc
1187 1679 1406 1736 Eusebii
1433 1683 1597 1737 verba
1633 1685 1784 1738 :"Ora
1811 1684 1868 1738 δὲ
1899 1685 2011 1738 Κύ-

427 1787 538 1842 ριον
571 1772 666 1825 καὶ
697 1770 828 1833 Θεὸν
852 1767 960 1824 οἶδε
992 1771 1082 1825 τὸν
1114 1773 1796 1845 ὲπιφαινόμενον,ταύταις
1819 1777 2009 1841 αὑταῖς

2186 570 2306 628 Jam
2355 586 2465 640 quo
2517 571 2912 629 destinavimus
2943 589 3232 644 pergamus
3270 595 3283 629 :
3319 576 3690 634 substantiam

2105 683 2238 734 ergo
2283 665 2405 720 Filii
2439 663 2733 727 Eusebius,
2762 665 2924 718 aliam
2951 675 3005 720 et
3030 667 3300 721 diversam
3334 669 3493 724 docet
3527 686 3555 724 a
3583 669 3692 724 Pa-

2107 761 2211 814 tris
2243 757 2576 818 substantia,
2612 756 2776 825 idque
2803 771 2909 809 non
2935 757 2987 810 in
3021 758 3318 826 praemissis
3341 759 3503 813 modo
3529 760 3689 823 locis,

2108 850 2206 906 sed
2243 850 2408 903 etiam
2461 847 2591 901 alibi
2622 847 2977 917 plerumque;
3025 849 3104 902 sic
3141 849 3195 904 in
3226 849 3694 905 Demonstratione

2107 939 2426 1010 evangelica,
2445 939 2541 994 lib.
2572 954 2627 1003 v,
2659 953 2778 1007 cap.
2805 939 2857 1001 l,
2884 954 3002 1008 pag.
3032 940 3158 1004 215,
3187 949 3475 1011 postquam
3500 943 3552 996 in
3575 957 3694 1013 quo

2107 1032 2338 1102 quadret
2358 1031 2693 1100 comparatio
2716 1029 2892 1084 Patris
2913 1038 2966 1084 et
2987 1030 3110 1085 Filii
3140 1048 3262 1087 cum
3289 1035 3407 1089 luce
3429 1043 3482 1090 et
3505 1044 3693 1106 spten-

2107 1127 2261 1188 dore,
2297 1125 2692 1195 explicaverat;
2729 1125 2782 1178 in
2817 1142 2926 1196 quo
2951 1126 3202 1180 dill‘erant
3234 1125 3396 1182 Pater
3434 1139 3485 1182 et
3515 1127 3691 1182 Filius

2109 1233 2136 1271 a
2167 1215 2458 1287 splendore
2486 1225 2539 1272 et
2571 1218 2691 1272 luce
2744 1219 2824 1272 sic
2871 1226 3090 1272 enarrat
3121 1220 3292 1273 :‘Al‘a’
3315 1220 3376 1274 οὐ
3408 1225 3518 1285 τοῖς
3552 1223 3692 1274 ὑπο-

2105 1308 2361 1378 δείγμασι
2401 1308 2543 1362 κατὰ
2584 1308 2760 1362 πάντα
2791 1311 2990 1381 τρόπον
3018 1310 3237 1380 ὁμοίιος,
3270 1311 3552 1382 ὡσπεροῦν
3582 1311 3692 1383 ἤδη

2110 1402 2376 1473 πρότερον
2403 1402 2639 1472 εἴρηται.
2656 1401 2736 1453 Τὰ
2761 1401 2857 1472 μὲν
2889 1401 2996 1474 γὰρ
3023 1402 3202 1475 ἄψυχα
3231 1403 3454 1475 σώματα
3479 1405 3538 1458 τὸ
3558 1423 3694 1474 cup.-

2109 1491 2342 1563 ϐεϐηκὸς
2375 1493 2432 1544 ὲν
2472 1492 2720 1563 ποιότηοί
2752 1493 3072 1564 κέκτηνται·
3099 1495 3212 1566 ἦτε
3241 1487 3350 1567 γὰρ
3374 1497 3537 1567 αὐγὴ,
3558 1495 3694 1567 σύμ-

2109 1599 2273 1652 φυτος
2305 1580 2437 1636 οὖσα
2469 1587 2535 1655 τῇ
2569 1583 2663 1636 τοῦ
2697 1583 2871 1653 φωτὸς
2913 1585 3092 1655 φύσει,
3125 1587 3218 1640 καὶ
3255 1587 3526 1651 ούσιωδῶς
3559 1604 3659 1641 συν

2109 1676 2429 1748 υπὰρχονσα
2456 1677 2532 1747 τῷ
2560 1677 2720 1744 φωτὶ,
2748 1679 2850 1730 οὐκ
2877 1677 2941 1730 ἂν
2966 1677 3179 1731 δύναιτο
3209 1675 3363 1742 ἐκτὸς
3392 1675 3694 1750 ὑφεστάναι

2109 1768 2204 1821 τοῦ
2240 1770 2297 1821 ὲν
2335 1762 2378 1836 ᾧ
2412 1771 2558 1821 ἐστιν
2582 1785 2594 1798 ·
2634 1770 2662 1821 ὁ
2693 1767 2748 1821 δέ
2772 1785 2834 1836 γε
2859 1767 2952 1820 τοῦ
2980 1767 3113 1822 Θεοῦ
3142 1771 3313 1839 Λόγος
3345 1771 3462 1824 καθ’
3496 1771 3691 1826 ἑαυτὸν

425 1860 611 1931 σαφῶς
636 1859 899 1930 κέχρηται
921 1862 1038 1923 ταῖς
1062 1861 1418 1932 προσρήσεσι.
1452 1860 1656 1932 Κύριον
1681 1862 1736 1914 δὲ
1759 1863 1852 1916 καὶ
1875 1863 2005 1916 Θεὸν
2041 1859 2080 1917 Β
2108 1860 2364 1913 οὑσὶωταί
2403 1877 2463 1912 τε
2497 1861 2590 1912 καὶ
2624 1859 2920 1932 ὑφέστηκε,
2951 1861 3044 1913 καὶ
3077 1861 3176 1914 οὐκ
3214 1861 3519 1934 ἁγεννήτως
3558 1882 3690 1917 συν-

421 1953 505 2006 ὅτι
533 1951 605 2023 μὴ
633 1951 722 2006 τὸν
741 1952 913 2006 αἴτιον
935 1952 1104 2022 λέγοι,
1129 1953 1419 2024 προφανῶς
1441 1953 1720 2018 ἐπέδειξαν
1742 1955 1839 2024 τῆς
1863 1954 2010 2019 Θείας

423 2042 648 2113 Γραφῆς
700 2043 754 2094 αἱ
799 2041 993 2105 λέξεις,
1025 2041 1253 2109 ἄγγελον
1310 2041 1444 2094 Θεοῦ
1497 2040 1889 2111 προσειποῦσαι
1919 2042 2009 2095 τὸν

424 2134 520 2187 ὲπὶ
541 2133 634 2186 τοῦ
651 2133 844 2187 Ἰακὼϐ
864 2133 1067 2203 Κύριον
1085 2134 1180 2186 καὶ
1205 2133 1335 2186 Θεὸν
1354 2133 1864 2205 προωνομασμένον.
1887 2133 2011 2186 Λεί-

425 2228 588 2282 πεταε
620 2246 703 2292 τις
725 2228 843 2300 ’ἄρα
867 2227 942 2281 ῶν
965 2229 1024 2280 ἐν
1052 2232 1164 2292 τοῖς
1192 2225 1310 2282 οὖσι
1344 2229 1476 2293 Θεὸς
1505 2229 1600 2282 καὶ
1635 2229 1839 2300 Κύριος
1872 2225 2008 2298 μετὰ

423 2316 516 2368 τὸν
549 2315 896 2386 παμϐασιλέα
935 2317 1028 2370 καὶ
1059 2316 1189 2370 Θεὸν
1227 2317 1333 2370 τῶν
1366 2319 1501 2372 ὅλων
1521 2336 1534 2348 °
1565 2318 1651 2389 εἴη
1683 2319 1726 2372 δ’
1759 2319 1826 2372 ἂν
1855 2312 2010 2380 οὗτος

422 2409 454 2460 ὁ
487 2407 594 2480 πρὸ
625 2408 837 2461 αἰώνων
870 2407 962 2461 τοῦ
996 2407 1131 2460 Θεοῦ
1159 2409 1346 2478 Λόγος,
1368 2411 1396 2462 ὁ
1421 2410 1680 2479 κρείττων
1711 2409 1808 2480 μὲν
1841 2409 1873 2480 ἢ
1907 2411 2011 2463 πᾶ-

425 2514 495 2551 σα
532 2499 797 2568 ἀγγελικὴ
831 2498 1014 2568 φύσις,
1051 2501 1216 2569 μείων
1247 2501 1302 2553 δὲ
1335 2502 1366 2571 ἦ
1410 2503 1550 2554 κατὰ
1587 2501 1648 2554 τὸ
1682 2501 1896 2573 πρῶτον
1923 2499 2008 2554 αἶ-

421 2605 558 2653 τιον,
591 2590 665 2642 ita
703 2590 892 2645 Latine
924 2589 1053 2645 fecit
1080 2591 1170 2645 ille
1205 2610 1216 2644 :
1252 2592 1466 2656 Quoties
1492 2579 1608 2646 vero
1636 2592 1922 2646 Daminum
1958 2602 2008 2647 et

425 2680 617 2746 Deum,
668 2699 786 2735 eum
835 2683 927 2752 qui
969 2694 1187 2752 apparet
1235 2684 1506 2756 intelligit,
1542 2685 1621 2739 Itis
1661 2687 1789 2755 ipsis
1828 2689 2009 2754 palam

425 2772 602 2824 utitur
649 2771 1004 2828 locationibus
1038 2792 1055 2828 :
1084 2775 1224 2845 quod
1272 2793 1386 2830 vero
1422 2777 1703 2831 Dominum
1742 2761 2010 2850 Deumque

425 2879 530 2917 non
561 2880 678 2916 eum
707 2865 967 2935 signiﬁcet
997 2866 1087 2936 qui
1119 2865 1288 2921 Pater
1317 2877 1416 2933 est,
1454 2871 1581 2938 ipsa:
1613 2867 1902 2938 Scriptura
1924 2871 2010 2924 di-

426 2957 560 3010 uina:
607 2955 898 3011 locutiones
939 2959 994 3010 in
1029 2960 1384 3026 superioribus
1421 2961 1806 3016 euidentissime
1837 2971 2011 3016 osten-

423 3049 581 3116 dunt,
611 3051 700 3103 ubi
727 3052 972 3122 angelum
1007 3053 1104 3107 Dei
1130 3054 1398 3124 appellant
1433 3071 1550 3108 eum
1580 3057 1792 3125 quicum
1819 3055 1882 3108 de
1909 3052 2012 3109 Ja-

425 3145 521 3199 cob
550 3162 720 3200 sermo
749 3157 917 3209 esset;
949 3156 1181 3217 superest
1218 3148 1382 3218 igitur
1413 3157 1472 3202 ut
1504 3165 1824 3218 quteramus,
1860 3148 2008 3218 quis-

2113 1951 2344 2022 υπὰρχει
2395 1950 2473 2022 τῷ
2521 1951 2717 2023 [Ia-cpt,
2749 1951 2861 2004 ἀλλ’
2891 1952 2967 2016 ὡς
3020 1952 3312 2025 μονογενὴς
3354 1955 3480 2019 Υἱὸς
3527 1954 3694 2026 μόνος

2110 2045 2217 2116 πρὸ
2249 2041 2464 2098 πάντων
2495 2044 2604 2097 τῶν
2643 2043 2852 2097 αἰώνων
2885 2046 2949 2097 ὲκ
2989 2041 3082 2096 τοῦ
3114 2041 3328 2118 Πατρὸς
3353 2050 3692 2120 γεγεννημὲ-

2110 2153 2218 2200 νος,
2245 2137 2349 2190 hoc
2379 2144 2462 2191 est
2489 2156 2501 2191 :
2534 2135 2635 2190 Sed
2661 2153 2763 2190 non
2795 2137 3091 2190 omnimode
3119 2142 3471 2205 exemplorum
3501 2141 3694 2195 simili-

2112 2230 2237 2282 tudo
2261 2229 2522 2292 convenit,
2553 2238 2609 2282 ut
2628 2229 2746 2298 jam
2775 2228 2976 2282 dictant
2999 2229 3100 2299 fuit
3128 2246 3147 2283 :
3175 2247 3298 2283 nam
3340 2246 3559 2299 corpora
3597 2231 3692 2284 in-

2111 2321 2353 2373 animata
2413 2320 2656 2374 accidens
2683 2322 2736 2374 in
2767 2321 3112 2392 qualitatibus
3146 2301 3376 2376 obtinent
3403 2338 3420 2375 :
3443 2323 3695 2391 spiendor

2109 2414 2247 2468 enim
2276 2430 2391 2466 cum
2421 2424 2627 2467 natura:
2657 2412 2788 2467 lucis
2815 2423 3071 2466 connatus
3107 2413 3198 2476 sit,
3231 2422 3279 2466 et
3320 2413 3693 2468 substantiali-

2111 2513 2190 2556 ter
2215 2519 2334 2557 cum
2364 2502 2479 2556 luce
2513 2504 2822 2567 coexsistat,
2853 2512 3004 2556 extra
3035 2502 3262 2572 idipsum
3287 2505 3340 2556 in
3365 2521 3464 2574 quo
3493 2515 3566 2560 est
3595 2523 3690 2559 nec

2109 2609 2376 2665 quaquam
2419 2595 2704 2648 subsistere
2732 2598 2934 2664 possit;
2965 2604 3019 2648 at
3050 2593 3146 2648 Dei
3190 2593 3413 2649 Verbum
3434 2612 3530 2665 per
3561 2613 3612 2650 se
3636 2607 3690 2650 et

2109 2688 2331 2740 seorsim
2367 2686 2722 2742 substantiam
2744 2685 2937 2741 obtinet
2966 2695 3014 2740 et
3044 2687 3280 2740 subsistit
3305 2704 3323 2752 ;
3362 2705 3520 2756 neque
3540 2689 3691 2760 inge-

2110 2777 2218 2830 nite
2247 2775 2305 2846 (i.
2332 2792 2381 2830 e.
2406 2785 2463 2828 ut
2487 2776 3002 2847 non-genitus)Patri
3026 2778 3336 2842 coexsistit;
3367 2778 3456 2832 sed
3482 2789 3536 2832 ut
3566 2781 3692 2833 uni-

2108 2868 2312 2939 genitus
2349 2866 2547 2931 Filius,
2580 2869 2725 2921 solus
2763 2876 2884 2921 ante
2913 2868 3089 2920 omnia
3111 2868 3306 2922 sarcula
3331 2885 3396 2923 ex
3423 2863 3584 2923 Patre
3601 2887 3696 2940 ge-

2111 2961 2276 3016 nitus.
2308 2958 2628 3030 Paritcrque
2659 2960 2752 3014 lib.
2786 2975 2837 3015 v1
2870 2959 3026 3012 initio
3056 2960 3324 3029 prommii,
3359 2961 3412 3014 in
3436 2976 3501 3016 eo
3525 2975 3693 3032 quem

2111 3068 2278 3122 supra
2329 3052 2622 3108 retulimus
2675 3052 2816 3114 loco,
2848 3051 2925 3105 ait
2978 3049 3176 3105 Filium
3226 3067 3348 3108 esse
3396 3055 3696 3109 secundam

2111 3152 2235 3214 post
2280 3142 2496 3198 Patrem
2546 3143 2930 3206 substantiam,
2973 3157 3092 3214 qua:
3125 3142 3287 3198 rebus
3319 3143 3478 3198 factis
3511 3145 3697 3199 omni-

427 3253 551 3290 nam
582 3239 672 3300 sit,
706 3239 762 3291 in
794 3240 859 3292 iis
892 3255 1008 3309 qua:
1039 3247 1183 3306 sunt,
1220 3239 1360 3292 Deus
1409 3249 1458 3292 et
1513 3238 1788 3304 Dominus,
1815 3249 2006 3308 prazter
2033 3224 2075 3280 (ἶ
2111 3238 2212 3291 bus
2249 3238 2452 3307 praesit.
2491 3234 2556 3288 Et
2594 3236 2687 3292 lib.
2720 3250 2737 3288 1
2801 3234 3001 3290 Contra
3047 3235 3378 3302 Marcellum,
3418 3253 3473 3306 p.
3505 3237 3557 3299 5,
3593 3238 3696 3302 ait,

427 3326 644 3381 Patrem
697 3331 953 3392 omnium,
1009 3338 1058 3382 et
1092 3347 1264 3400 regem
1289 3330 1556 3400 Deumque
1604 3333 1832 3385 universi
1862 3347 1880 3385 :
1909 3333 2010 3385 erit

426 3432 606 3473 autem
633 3421 717 3472 Itic
760 3419 983 3475 Verbum
1022 3422 1138 3485 Dei,
1181 3423 1318 3494 quod
1349 3431 1424 3476 est
1453 3434 1574 3477 ante
1607 3426 1826 3488 sarcula,
1858 3441 2012 3493 supe-

430 3510 541 3562 rior
579 3509 788 3579 quidem
816 3513 959 3565 omni
1003 3512 1241 3583 angelica
1288 3524 1501 3579 natura,
1534 3515 1800 3582 profectus
1837 3523 2010 3568 autent

429 3600 495 3652 ab
545 3616 625 3658 eo,
655 3601 746 3670 qui
781 3600 945 3655 Pater
992 3612 1092 3656 est.
1127 3601 1232 3658 Sed
1275 3604 1430 3674 longe
1463 3606 1566 3658 alia
1601 3603 1808 3674 profert
1839 3604 2010 3660 Euse-

430 3691 577 3754 bius,
606 3694 818 3747 scilicet
846 3712 858 3748 :
887 3692 1019 3748 Cum
1047 3711 1164 3749 vero
1201 3695 1484 3750 Dominum
1512 3708 1562 3752 et
1589 3697 1779 3763 Deum,
1803 3699 1892 3768 qui
1918 3715 2014 3767 ap-

426 3795 599 3850 paret,
625 3802 737 3840 esse
765 3789 1023 3856 agnoscit,
1059 3789 1245 3842 iisdem
1301 3790 1429 3859 ipsis
1476 3789 1618 3843 clare
1655 3791 1822 3843 utitur
1844 3791 2016 3859 appel-

431 3876 718 3930 lationibus
742 3894 759 3932 :
783 3880 922 3948 quod
956 3896 1072 3934 vero
1102 3878 1387 3934 Dominum
1418 3891 1468 3935 et
1494 3881 1661 3936 Deum
1690 3883 2014 3950 dicens,non

428 3986 568 4034 eum,
593 3971 682 4040 qui
713 3968 890 4025 Causa
916 3981 1016 4036 est,
1042 3973 1319 4043 signiﬁcet,
1344 3974 1610 4028 evidenter
1630 3974 1907 4028 ostendunt
1929 3975 2012 4027 di-

431 4064 564 4117 uina:
597 4061 888 4133 Scriptura:
919 4082 1084 4129 voces,
1119 4082 1235 4136 quae
1266 4067 1507 4136 angelum
1547 4065 1646 4120 Dei
1677 4069 1846 4136 ipsum
1880 4084 2015 4120 nun-

431 4169 649 4225 cupant,
681 4158 771 4227 qui
815 4156 1017 4212 Jacobo
1068 4156 1255 4231 [visus]
1309 4159 1562 4213 Dominus
1608 4169 1658 4212 et
1692 4159 1828 4213 Deus
1859 4170 2014 4214 antea

434 4248 729 4316 appellatus
758 4257 855 4303 est.
883 4248 1066 4302 Restat
1096 4266 1216 4319 ergo
1244 4250 1505 4319 quispiam
1525 4250 1660 4302 inter
1690 4265 1752 4303 ea
1781 4265 1896 4318 qua:
1917 4264 2015 4301 ex»

431 4343 626 4395 sistunt
678 4340 819 4396 Deus
865 4350 912 4395 et
967 4341 1249 4407 Dominus,
1300 4353 1416 4408 post
1461 4343 1694 4395 omnium
1745 4359 1914 4412 regem
1966 4352 2017 4396 et

434 4426 600 4481 Deum
632 4431 993 4482 un'versorum
1023 4445 1041 4482 :
1070 4431 1114 4483 is
1143 4440 1318 4484 autem
1343 4430 1526 4500 fuerit,
1557 4432 1646 4502 qui
1670 4443 1792 4484 ante
1821 4431 2018 4485 stecula

431 4529 534 4585 est,
571 4520 670 4574 Dei
707 4520 952 4583 Verbum,
983 4525 1156 4591 major
1179 4523 1386 4592 quidem
1421 4523 1564 4576 omni
1599 4523 1835 4590 angelica
1862 4532 2018 4576 notu-

435 4629 532 4679 ra,
563 4613 738 4666 minor
767 4629 886 4667 vero
914 4611 1012 4666 illa
1056 4614 1230 4682 prima
1270 4631 1453 4667 causa.
1493 4611 1596 4668 Ubi
1629 4614 1695 4669 de
1726 4629 1876 4668 more
1907 4613 2016 4668 Eu-

435 4705 621 4760 sebius
646 4703 846 4759 Filium
871 4704 986 4768 Dei,
1013 4720 1041 4758 a
1065 4705 1326 4775 primaria
1355 4707 1444 4760 illa
1462 4705 1662 4762 deitate
1687 4716 1740 4761 et
1767 4707 2014 4761 omnium

436 4811 604 4850 causa
633 4796 930 4860 seclusum,
959 4796 1222 4867 dignitate
1249 4809 1300 4852 et
1322 4798 1515 4854 ordine
1541 4814 1641 4854 ceu
1673 4797 1914 4854 medium
1939 4799 2018 4854 in-

437 4895 522 4940 ter
571 4884 739 4939 Deum
781 4896 834 4940 et
877 4887 1101 4952 angelos
1150 4888 1452 4944 constituit.
1489 4888 1757 4944 Sexcenta
1793 4889 1898 4943 alia
1945 4905 2016 4946 ex

433 4976 734 5047 euangelica
774 4976 1234 5032 Demonstratione
1290 4979 1408 5033 loca
1456 4979 1648 5035 aﬂerre
1679 4981 1732 5034 in
1762 4987 2017 5051 promptu

436 5075 606 5132 esset,
626 5069 714 5122 ubi
739 5068 1010 5140 interpres
1039 5068 1332 5126 Eusebium
1365 5071 1430 5125 ad
1459 5072 1780 5127 catholicam
1811 5071 2018 5128 docui.

439 5173 566 5213 nam
597 5160 681 5214 vel
717 5159 943 5215 invitum
975 5160 1198 5217 deduxit
1229 5181 1243 5216 :
1269 5163 1361 5218 sed
1398 5162 1514 5217 haec
1544 5163 1731 5219 lectori
1765 5171 1926 5218 erunt
1951 5164 2018 5217 ad

439 5249 713 5305 cautelam
745 5249 904 5312 satis,
938 5265 1006 5305 ne
1051 5248 1105 5304 in
1153 5249 1344 5304 Latina
1394 5249 1648 5304 versione
1695 5264 1755 5305 se
1799 5249 2019 5306 Eusebii

439 5339 767 5397 sententiam
809 5341 1081 5412 expiscari
1127 5357 1289 5412 posse
1323 5340 1578 5395 eonlidat.
1613 5339 1852 5397 IEstimo
1889 5355 2022 5396 sane

441 5433 645 5490 multos
678 5432 993 5503 interpretis
1024 5432 1254 5488 artiﬁcio
1276 5433 1343 5486 ad
1367 5432 1585 5489 Eusebii
1612 5433 1871 5489 tutandos
1897 5448 2022 5504 par-

441 5533 524 5580 tes
544 5523 847 5581 accessisse
878 5541 895 5579 :
926 5540 1053 5580 nam
1104 5525 1152 5581 is
1201 5525 1384 5580 sciens
1412 5532 1466 5580 et
1494 5525 1733 5596 prudens
1782 5524 2019 5595 scripto-

523 5741 602 5802 ια)
653 5729 782 5802 Vide
806 5740 1082 5802 comment.
1111 5729 1334 5802 in_l’sul.
1378 5744 1499 5802 pag.
1539 5727 1668 5786 2&9.
1707 5729 1845 5786 554:
1901 5727 2012 5782 Dan

2116 5735 2200 5781 ttr.
2241 5742 2451 5798 erattg.,
2523 5725 2643 5792 ηδ,
2698 5721 2815 5790 155,
2864 5723 2993 5790 202,
3047 5723 3176 5786 230,
3220 5714 3347 5789 235,

444 5800 632 5854 contra
674 5801 1015 5869 Marcellum,
1052 5801 1106 5865 4,
1133 5800 1221 5869 69,
1257 5801 1343 5866 79,
1389 5801 1507 5854 104.

2110 3343 2236 3382 eum
2259 3328 2350 3397 qui
2383 3327 2583 3380 dixerit
2611 3324 2829 3380 Patrem
2855 3334 2908 3380 et
2939 3325 3133 3380 Filium
3167 3328 3472 3381 substantia
3497 3344 3694 3388 unum,

2111 3425 2296 3486 aperte
2333 3415 2700 3471 Sabellianum
2729 3432 2886 3481 esse;
2909 3424 2963 3472 et
2991 3433 3044 3487 p.
3071 3417 3141 3473 25
3169 3431 3458 3473 accusatus
3483 3435 3512 3472 a
3548 3417 3698 3473 Mar-

2111 3509 2249 3564 cello
2298 3507 2604 3572 Eusebius,
2641 3509 2783 3578 quod
2835 3517 2973 3564 tcste
3026 3509 3286 3566 Narcisso
3345 3509 3696 3575 Neroniadis,

2111 3600 2249 3654 duas
2301 3615 2422 3655 esse
2467 3599 2649 3655 Patris
2690 3607 2743 3656 et
2797 3601 2920 3655 Filii
2952 3602 3288 3658 substantias
3321 3602 3546 3668 diceret,
3577 3619 3695 3658 rem

2113 3691 2206 3746 ille
2240 3707 2348 3746 non
2379 3701 2560 3762 negat,
2596 3692 2690 3748 sed
2722 3694 2827 3747 alio
2856 3709 2968 3748 rem
3015 3702 3068 3749 et
3118 3709 3424 3749 sermonem
3450 3696 3696 3751 divertit.

2114 3786 2354 3857 Tempus
2381 3804 2467 3843 me
2496 3787 2772 3852 deﬁceret,
2803 3790 2847 3844 si
2872 3789 3072 3844 similia
3103 3788 3322 3844 Eusebii
3351 3790 3466 3846 loca
3497 3804 3701 3860 conge-

2115 3896 2239 3936 rere
2271 3882 2463 3936 vellem
2494 3901 2506 3936 :
2540 3881 2607 3935 de
2628 3881 2898 3936 industria
2925 3881 3072 3937 enim
3097 3883 3187 3936 ille
3209 3883 3414 3953 passim
3451 3899 3562 3938 rem
3587 3883 3702 3954 agi-

2117 3983 2198 4029 tat
2229 3983 2283 4030 et
2318 3975 2680 4045 comprobare
2709 3975 2904 4029 nititur
2939 3975 3038 4047 (α).

2186 4109 2268 4158 Vl.
2297 4107 2542 4158 Eusebius
2566 4109 2680 4159 Filii
2705 4110 2942 4160 deitatem
2966 4113 3111 4162 aliam
3136 4113 3312 4160 statuit
3343 4126 3368 4160 ε
3397 4117 3618 4174 paterna.

2187 4234 2325 4289 Cum
2357 4251 2486 4306 ergo
2531 4235 2728 4290 Filium
2763 4236 2991 4291 diversae
3026 4251 3055 4289 a
3093 4247 3323 4307 paterna
3379 4237 3702 4293 substantia:

2117 4327 2286 4389 dicat,
2320 4327 2448 4380 hinc
2478 4328 2831 4397 consequitur
2859 4334 2918 4380 ut
2943 4327 3196 4382 deitatem
3221 4329 3380 4383 aliam
3409 4342 3440 4382 a
3473 4338 3701 4399 paterna

2117 4418 2174 4472 in
2212 4417 2352 4472 Filio
2391 4434 2514 4474 esse
2541 4418 2771 4474 doceat:
2806 4419 2946 4489 quod
2983 4419 3110 4474 licet
3138 4419 3329 4474 eodem
3377 4421 3605 4484 recidat,
3631 4437 3700 4475 ex

2121 4511 2255 4580 ipsis
2296 4510 2513 4566 Eusebii
2555 4511 2718 4566 dictis
2742 4511 2958 4582 planius
2987 4511 3176 4564 evadet
3204 4531 3215 4564 :
3247 4509 3392 4566 unde
3423 4512 3588 4565 etiam
3615 4526 3705 4564 as-

2123 4614 2340 4660 seratur
2372 4605 2518 4676 quod
2564 4605 2722 4660 initio
2761 4604 3256 4675 comprobavimus,
3293 4606 3503 4660 scilicet
3531 4603 3706 4659 Euse-

2125 4699 2272 4752 bium
2327 4699 2592 4754 unitatem
2644 4698 2863 4753 deitatis
2908 4700 2962 4754 in
3000 4713 3108 4752 uno
3143 4697 3299 4751 Patre
3344 4699 3704 4752 constitui-rc.

2122 4790 2214 4844 Ait
2244 4791 2409 4861 igitur
2444 4791 2537 4846 lib.
2566 4808 2597 4842 ν
2641 4791 2792 4846 Dem.
2825 4807 3034 4862 evang.,
3067 4806 3116 4844 c.
3152 4789 3242 4853 30,
3289 4806 3343 4859 p.
3376 4791 3482 4845 255
3513 4789 3709 4845 εἈὶλὰ

2121 4883 2231 4955 γὰρ
2276 4883 2342 4935 δι’
2372 4883 2508 4936 ὅλων
2540 4883 2834 4954 τριάκοντα
2865 4883 3216 4954 προφητικῶν
3247 4881 3556 4950 κεφαλαίων
3585 4880 3709 4933 δεύ-

2123 4992 2280 5046 τερον
2304 4974 2436 5028 Θεὸν
2472 4975 2610 5045 μετὰ
2642 4974 2732 5028 τὸν
2763 4975 3020 5028 ἀνωτάτω
3049 4975 3142 5028 καὶ
3164 4975 3254 5027 ἐπὶ
3283 4975 3437 5038 πᾶσι,
3472 4972 3561 5025 τὸν
3595 4973 3715 5025 Σω-

2124 5066 2268 5138 τῆρα
2312 5068 2407 5120 καὶ
2447 5066 2651 5138 Κύριον
2679 5066 2858 5138 ἡμῶν,
2888 5068 2980 5120 τὸν
3027 5065 3119 5120 τοῦ
3169 5063 3303 5118 Θεοῦ
3349 5063 3540 5133 Λόγον,
3568 5057 3710 5118 εἶναι

2129 5158 2527 5230 μεμαθηκότες,
2555 5160 2639 5228 ἐφ’
2667 5160 2854 5232 ἑτέραν
2899 5159 3000 5229 τῆς
3041 5158 3158 5211 κατ’
3189 5155 3349 5209 αὑτὸν
3395 5154 3711 5225 οἰκονομίας

2126 5247 2382 5304 ὑπόθεσιν
2409 5250 2848 5322 μεταϐησόμεθα.
2870 5248 2972 5304 Ubi
2999 5249 3272 5319 interpres
3293 5261 3392 5318 pro
3416 5262 3567 5300 more
3593 5246 3709 5298 hinc

2125 5341 2294 5412 impia
2314 5341 2460 5395 dicta
2497 5341 2564 5395 ad
2591 5341 2914 5396 catholicam
2941 5339 3267 5396 sententiam
3299 5337 3708 5392 detorsitmam

2129 5433 2212 5488 sic
2251 5430 2533 5488 transtullt
2564 5449 2578 5486 :
2610 5432 2821 5486 Atenim
2868 5440 3142 5502 postquam
3190 5431 3438 5484 hactenus
3469 5443 3534 5482 ea:
3581 5427 3708 5481 totis

2129 5524 2351 5595 triginta
2389 5524 2704 5593 propheticis
2746 5522 3028 5592 capitibus,
3061 5523 3248 5587 Deum,
3277 5519 3609 5576 Saluatorem
3642 5534 3708 5572 ac

3406 5719 3533 5787 9.55,
3563 5717 3706 5785 2-35;
