3994 6448
163 355 230 410 57
925 347 1442 406 COMMENTABIA
1481 348 1549 402 IN
1589 348 1932 406 PSALMOS.
1973 378 2046 392 --
2082 348 2638 406 PRELIMINARIA.
3347 356 3417 409 58

164 470 445 527 Dominum
487 472 742 534 nostrum,
775 466 874 521 Dei
917 465 1140 521 Verbum
1177 482 1292 520 esse
1318 463 1625 528 didicimus,
1655 464 1724 518 ad
1755 473 1795 527 Α
1827 474 1887 518 ιιι
1942 465 2104 521 habet
2155 463 2452 535 Gregorius
2507 464 2924 521 Nazianzenus:
2961 465 3042 522 sic
3087 467 3116 521 6
3167 465 3418 536 θεολόγος

161 559 380 612 alterunt
413 557 528 626 ejus
555 572 670 626 qua:
705 554 772 608 ad
803 555 1039 610 eumdem
1063 556 1283 623 pertinet
1321 556 1726 624 dispensationis

161 659 520 721 argumentum
556 658 907 702 transeamus.
943 648 1048 703 Ubi
1080 647 1401 702 vertendum
1449 647 1552 701 fuit
1588 665 1600 701 :
1630 647 1729 700 At-

157 745 288 798 enim
323 752 601 811 postquam
628 755 693 794 ea:
718 741 844 794 totis
866 739 1082 810 triginta
1105 740 1418 808 propheticis
1442 739 1724 808 capitibus,

160 835 439 890 secundum
470 833 654 896 Deum,
705 842 820 902 post
862 832 1014 886 illum
1045 849 1345 902 supremum
1374 842 1422 885 et
1448 834 1537 904 qui
1565 849 1727 901 supra

161 929 329 984 omnia
373 938 476 994 est,
506 925 835 982 Saluatorem
886 927 1086 980 scilicet
1133 925 1419 980 Dominum
1465 937 1725 988 nostrum,

162 1021 250 1078 Dei
288 1018 536 1081 Verbum,
569 1035 680 1072 esse
706 1017 1026 1082 didicimus;
1055 1018 1172 1087 jam
1199 1017 1268 1071 ad
1286 1017 1435 1071 aliud
1458 1018 1571 1087 ejus
1593 1033 1729 1071 oeco-

161 1112 341 1166 nomia
389 1118 754 1180 argumentum
805 1120 1158 1164 transeamus.
1194 1109 1294 1163 Hic
1329 1109 1481 1166 vides
1527 1125 1726 1165 secun-

161 1203 302 1265 dum,
331 1203 451 1258 sive
483 1202 714 1256 alterum
750 1200 942 1264 Deum,
968 1217 998 1256 a
1028 1217 1282 1272 supremo
1307 1203 1400 1257 illo
1426 1210 1478 1256 et
1510 1203 1603 1272 qui
1637 1217 1729 1256 su—

161 1312 250 1368 pra
274 1297 455 1350 omnia
485 1301 590 1358 est,
613 1293 958 1357 distinctum,
986 1294 1271 1363 praulicari
1304 1313 1318 1348 :
1351 1310 1477 1348 nam
1509 1293 1729 1364 utrique

159 1402 305 1442 suam
336 1385 593 1438 deitatem
641 1384 888 1448 ascribit,
925 1384 1152 1438 alteram
1178 1399 1488 1454 supremam
1519 1391 1573 1439 et
1614 1399 1729 1438 ma-

157 1480 342 1550 jorem,
373 1493 497 1546 quae
526 1476 592 1530 ad
610 1475 826 1532 Patrem
850 1516 865 1540 ,
890 1477 1116 1533 alteram
1149 1493 1279 1532 vero
1299 1479 1586 1540 minorem,
1609 1492 1730 1547 qua:

159 1571 222 1626 ad
246 1569 768 1638 Filium,pertineat.
805 1570 869 1623 Et
895 1584 1020 1624 vero
1054 1570 1109 1623 in
1141 1569 1281 1623 libro
1313 1571 1491 1638 primo
1525 1568 1727 1624 Contra

165 1663 482 1727 Marcellum,
517 1662 722 1717 diserte
771 1668 825 1715 et
854 1661 972 1715 sine
1002 1661 1229 1732 ambage
1255 1660 1323 1716 de
1351 1660 1512 1715 Patre
1533 1660 1608 1714 ait
1635 1661 1726 1714 :‘O

157 1755 252 1825 τὴν
293 1753 500 1806 οἰκείαν
541 1752 768 1823 Θεότητα
797 1751 1149 1823 κεκτημένος,
1180 1753 1269 1823 qui
1310 1753 1578 1822 propriam
1625 1749 1727 1804 sibi

163 1823 397 1903 deitatem
431 1847 654 1901 obtinet.
681 1843 866 1916 Neque
897 1845 1066 1908 enim,
1102 1853 1160 1898 ut
1190 1846 1281 1900 ille
1322 1847 1523 1916 passim
1552 1845 1728 1914 loqui-
1761 1823 1800 1878 Β

161 1951 260 2002 tur,
292 1938 495 1993 Filium
527 1938 590 1993 ad
626 1937 773 1991 illam
812 1936 1125 2006 primariam
1155 1937 1427 2006 pertinere
1469 1935 1727 1991 deitatem

162 2042 330 2106 putat;
353 2031 445 2088 sed
486 2031 714 2086 seorsim
743 2045 772 2082 a
797 2027 958 2084 Patre
981 2029 1246 2083 minorem
1271 2043 1393 2083 esse
1415 2027 1580 2082 Deum
1603 2043 1731 2097 pro-

162 2127 362 2180 nuntiat
389 2143 403 2179 :
432 2139 563 2178 nam
598 2123 652 2177 in
695 2123 937 2178 secundo
973 2120 1173 2177 Contra
1196 2118 1514 2174 Marcellum
1565 2120 1727 2186 libro,

161 2239 273 2294 cap.
295 2221 360 2276 16
388 2230 441 2276 et
475 2220 564 2284 17,
589 2234 710 2290 pag.
734 2217 836 2272 126
858 2226 912 2273 et
935 2217 1057 2283 127,
1089 2231 1188 2287 pro
1218 2216 1429 2271 viribus
1455 2215 1730 2286 depugnat

161 2315 245 2370 ille
270 2314 479 2368 Patrem
526 2321 582 2366 et
613 2310 810 2364 Filium
839 2309 1224 2383 nou‘eumdem
1259 2325 1380 2364 esse
1408 2308 1573 2362 Deum
1597 2325 1611 2374 ;
1635 2307 1730 2363 sed

164 2423 226 2463 ex
254 2408 394 2461 inani
421 2407 516 2460 illa
562 2406 934 2468 distinctione,
963 2419 1128 2476 quam
1161 2403 1215 2457 in
1247 2401 1423 2472 primo
1451 2399 1730 2472 Evangelii

163 2496 376 2554 Joannis
404 2499 683 2554 versiculo
703 2497 1162 2563 comminiscitur,
1188 2495 1356 2550 alium
1403 2508 1524 2551 esse
1559 2491 1729 2546 Deum

167 2592 250 2660 qui
298 2607 462 2662 supra
516 2591 701 2646 omnia
733 2597 849 2656 est,
886 2589 1051 2642 alium
1090 2601 1220 2643 vero
1250 2585 1440 2647 Deum,
1475 2583 1569 2653 qui
1596 2580 1732 2636 Ver-

168 2683 282 2738 bum
329 2685 557 2738 dicitur.
592 2681 897 2752 Siquidem,
934 2681 1011 2735 ait
1052 2679 1173 2741 ille,
1222 2677 1338 2731 haec
1385 2672 1732 2744 evangelista:

166 2777 312 2832 verba
345 2775 466 2831 :‘Ev
502 2775 646 2845 ἀρχῇ
683 2769 753 2844 ἦν
799 2773 829 2825 6
869 2772 1064 2840 Λόγος·
1094 2769 1188 2823 καὶ
1219 2769 1247 2820 6
1277 2765 1447 2834 Λόγος
1488 2758 1557 2834 ἦν
1596 2760 1730 2832 πρὸς

167 2865 246 2919 τὸν
273 2864 432 2918 Θεόν·
488 2863 587 2916 καὶ
621 2861 752 2925 Θεὸς
781 2857 849 2931 ἦν
878 2863 906 2914 6
935 2860 1127 2928 Λόγος,
1159 2857 1326 2912 Deum
1358 2854 1574 2909 Patrem
1605 2866 1728 2906 cum

169 2953 382 3007 articulo
422 2941 762 3022 exprimunt,
796 2950 931 3021 πρὸς
971 2949 1061 3002 τὸν
1095 2946 1248 3009 Θεόν,
1279 2943 1448 3000 Deum
1483 2956 1614 2997 vero
1640 2939 1731 2994 Fi-

167 3047 284 3098 lium
321 3045 438 3100 sine
463 3043 719 3105 articulo,
751 3042 846 3096 καὶ
877 3042 1007 3105 Θεὸς
1030 3036 1097 3111 ἦν
1121 3043 1149 3093 ὁ
1173 3039 1345 3107 Λόγος
1375 3056 1389 3091 :
1417 3051 1484 3091 ex
1507 3049 1616 3106 quo
1643 3048 1733 3088 ar-

167 3138 269 3209 guit
315 3119 422 3200 ille,
476 3135 648 3191 Deum
682 3134 918 3190 Verbum
967 3133 1086 3189 sine
1119 3131 1349 3186 articulo
1383 3142 1725 3198 expressum,

167 3230 316 3282 alium
345 3244 468 3284 esse
511 3226 679 3284 Deum
709 3224 779 3279 ab
804 3239 871 3280 eo
902 3223 995 3293 qui
1044 3236 1167 3276 cum
1220 3218 1451 3273 articulo
1476 3215 1729 3286 exprimi-

166 3330 452 3392 tur;atque
481 3321 555 3374 ita
591 3317 811 3374 Sabellii
840 3316 1014 3372 errori
1038 3329 1098 3370 se
1120 3327 1408 3368 occurrere
1433 3317 1606 3381 putat,
1631 3307 1728 3378 qui

165 3414 417 3477 crederet,
463 3410 686 3464 Patrem
745 3415 799 3464 et
860 3405 1058 3461 Filium
1104 3421 1213 3459 non
1262 3401 1510 3457 eumdem
1567 3400 1729 3453 modo
1773 3396 1782 3404 ”

168 3501 320 3558 Deum
339 3543 352 3565 ,
385 3503 484 3558 sed
514 3499 758 3556 eamdem
783 3514 908 3555 esse
941 3511 1251 3568 personam,
1281 3509 1402 3565 qum
1427 3492 1726 3548 secundum

169 3598 332 3651 varias
364 3593 702 3665 intelligendi
729 3594 969 3647 rationes
997 3589 1446 3659 distingueretur,
1476 3601 1540 3640 ac
1565 3585 1729 3639 modo

168 3685 332 3752 Pater,
369 3686 536 3742 modo
567 3685 736 3740 Filius
761 3692 814 3740 et
848 3683 1081 3738 Verbum
1113 3682 1499 3752 appellaretur.

456 3816 567 3866 VII.
592 3816 797 3867 Grandis
821 3816 1178 3878 paralogismus
1199 3811 1422 3863 Eusebii.

234 3922 298 3974 At
325 3937 432 3976 non
463 3921 615 3976 videt
641 3919 910 3976 Eusebius
941 3935 1000 3975 se
1032 3919 1085 3972 in
1110 3917 1437 3988 impietatem
1472 3912 1732 3968 Sabellia-

171 4030 232 4070 ua
272 4015 406 4072 forte
437 4015 767 4071 deteriorem
805 4011 1070 4075 incidere,
1107 4026 1170 4064 ac
1199 4024 1357 4066 sacro
1386 4007 1731 4077 evangelista:

171 4108 410 4178 grandem
446 4107 871 4180 paralogismum
907 4103 1179 4174 atlingere.
1213 4101 1347 4156 Nam
1391 4101 1457 4167 si,
1487 4111 1544 4155 ut
1578 4109 1732 4171 putat

175 4197 443 4267 Eusebius,
475 4200 810 4270 evangelista
843 4196 1010 4252 Deum
1046 4196 1213 4249 alium
1263 4195 1522 4264 majorem
1556 4202 1610 4248 et
1637 4209 1732 4248 su-

174 4307 402 4362 premum
442 4294 532 4348 hic
579 4292 802 4354 indicet,
833 4291 997 4343 alium
1032 4303 1160 4343 vero
1188 4287 1452 4341 minorem
1488 4292 1540 4338 et
1576 4285 1732 4354 longe

174 4385 510 4457 inaequalem;
545 4386 907 4456 incogitanter
937 4380 1228 4437 admodum
1273 4379 1536 4441 Joannes,
1568 4387 1626 4431 ut
1656 4377 1732 4430 ait

176 4479 480 4550 plerumque
513 4479 886 4544 Athanasius,
937 4491 1029 4531 res
1071 4474 1206 4528 adeo
1255 4474 1561 4542 disparatas
1615 4470 1732 4524 sine

1823 555 2063 612 Joannes
2094 557 2249 611 initio
2306 557 2583 628 Evangelii
2641 559 2726 614 sui
2777 559 3004 614 deorum
3037 560 3420 628 multiplieita-

1824 657 1933 704 tem
1971 650 2264 704 induxerit.
2299 649 2396 704 llic
2447 665 2507 705 se
2557 651 2694 707 mire
2745 659 3072 721 contorquet
3123 649 3416 714 Eusebius.

1825 751 1879 796 et
1919 758 1988 796 ne
2019 741 2159 797 duos
2191 751 2418 812 cogatur
2450 744 2740 800 admittere
2771 746 2904 801 deos
2948 752 3027 799 tot
3067 744 3418 799 circuitioni-

1825 835 1929 891 bus
1971 842 2026 890 et.
2073 837 2395 906 ambagibus
2445 838 2636 901 utitur,
2679 845 2739 891 ut
2790 838 3100 908 perplexam
3147 838 3412 908 arguendi

1827 927 2142 982 methodum
2169 929 2357 980 mirari
2390 928 2605 984 subeat.
2639 928 2730 982 Ait
2767 929 2932 999 igitur
2956 928 3225 985 Eusebius
3254 931 3347 984 lib.
3375 945 3414 984 tt

1827 1017 2026 1074 Contra
2053 1018 2364 1072 Marcellum
2391 1019 2467 1091 (ιι)
2497 1038 2510 1074 :
2535 1020 2664 1074 Δέον
2695 1020 2941 1074 ἐντεῦθεν
2968 1025 3226 1085 συνεῖναι,
3249 1023 3325 1088 ὡς
3353 1025 3412 1078 οὐ

1824 1109 1916 1163 δύο
1943 1111 2150 1180 θεοὺςὴ
2178 1110 2472 1181 Ἐκκλησία
2494 1111 2588 1164 τοῦ
2618 1111 2753 1164 Θεοῦ
2778 1113 3039 1184 κηρύττει
3061 1129 3077 1145 ’
3103 1115 3165 1168 οὐ
3188 1115 3296 1186 γὰρ
3320 1113 3416 1169 δύο

1824 1201 2113 1271 ἀγέννητα,
2145 1200 2263 1254 οὐδὲ
2289 1200 2381 1253 δύο
2411 1200 2641 1274 ἄναρχοι,
2665 1203 2750 1266 ὡς
2789 1204 3048 1268 πολλάκις
3083 1207 3214 1276 ἡμῖν
3259 1207 3414 1280 εἴρη-

1823 1309 1934 1357 ται,
1960 1293 2081 1346 οὐδὲ
2105 1291 2198 1345 δύο
2227 1293 2413 1356 οὐσίας
2445 1292 2504 1358 ἐξ
2539 1293 2809 1362 ἰσοτιμίας
2837 1295 3416 1368 ἀντιπαρεξαγομὲνας

1825 1385 2075 1457 ἀλλήλοις
2110 1385 2351 1452 εἰσάγει·
2382 1384 2461 1437 διὸ
2491 1385 2612 1438 οὐδὲ
2645 1384 2738 1438 δύο
2768 1379 2928 1450 θεούς
2947 1404 2960 1416 ·
2985 1387 3122 1440 ἀλλὰ
3157 1388 3286 1458 μίαν
3315 1391 3417 1462 ἀρ-

1825 1477 1927 1549 χὴν
1957 1477 2050 1531 καὶ
2074 1477 2205 1530 Θεὸν
2242 1473 2401 1542 εἶναι,
2439 1477 2529 1531 τὸν
2558 1477 2722 1532 αὐτὸν
2749 1480 2968 1551 Πατέρα
2996 1480 3322 1536 διδάσκουσα
3343 1477 3416 1535 el-

1828 1586 1917 1622 ναι
1959 1568 2054 1621 τοῦ
2108 1565 2425 1639 μονογενοῦς
2477 1568 2570 1621 καὶ
2618 1569 2902 1640 ἀγαπητοῦ
2946 1570 3096 1634 Υἱοῦ,
3141 1571 3244 1626 hoc
3275 1578 3360 1626 est
3395 1588 3410 1626 :

1833 1659 1972 1714 Hinc
2005 1659 2402 1730 intelligendum
2427 1671 2503 1715 est
2538 1661 2832 1715 Ecclesium
2864 1661 2966 1716 Dei
2998 1681 3101 1717 non
3125 1663 3258 1719 duos
3283 1663 3410 1720 deos

1831 1751 2122 1821 pra'dicare
2154 1768 2174 1806 :
2207 1770 2309 1806 non
2335 1753 2473 1807 enim
2502 1752 2607 1807 duo
2638 1771 2740 1808 non
2771 1757 2970 1825 genita,
2999 1773 3091 1810 nec
3119 1757 3225 1811 duo
3262 1759 3416 1828 prin-

1830 1845 1964 1910 cipio
1997 1846 2253 1908 carentia,
2301 1856 2358 1898 ut
2410 1862 2546 1914 stupe
2591 1846 2793 1900 dictum
2840 1848 3066 1903 a'nobis
3113 1859 3212 1912 est,
3255 1864 3416 1920 neun

1829 1936 1965 1991 duas
1988 1936 2338 2003 substantias,
2369 1937 2564 1991 honore
2585 1939 2713 2007 pari
2732 1953 2796 1992 ex
2820 1939 3039 1994 adverso
3079 1949 3262 1993 mutuo
3301 1941 3414 1994 col-

1829 2026 1992 2091 latas,
2039 2028 2275 2091 inducit,
2322 2027 2537 2098 ideoque
2581 2045 2672 2082 nec
2717 2027 2850 2082 duos
2896 2029 3018 2083 deos
3057 2044 3075 2082 :
3117 2029 3206 2083 sed
3253 2046 3415 2083 unum

1829 2121 2142 2190 principium
2176 2130 2225 2176 et
2257 2121 2446 2185 Deum,
2483 2123 2657 2190 ipsum
2693 2120 2912 2175 Patrem
2945 2123 3203 2192 uniqeniti
3242 2132 3291 2177 et
3328 2122 3414 2176 di-

1833 2215 1952 2269 lecti
1990 2214 2122 2269 Filii
2151 2232 2262 2270 esse
2284 2215 2453 2269 docet.
2487 2217 2674 2286 itaque
2709 2222 2938 2271 eatenus
2965 2231 3072 2269 non
3114 2216 3254 2272 duos
3283 2215 3417 2273 deos

1831 2325 1952 2364 esse
1979 2309 2130 2372 dicit,
2153 2320 2421 2380 quatenus
2446 2310 2598 2366 solus
2626 2308 2787 2365 Pater
2813 2325 2922 2364 non
2958 2310 3177 2380 genitus
3207 2318 3262 2364 et
3295 2310 3416 2365 sine

1832 2400 2122 2471 principio,
2158 2417 2301 2456 unus
2334 2401 2476 2457 Deus
2509 2407 2562 2456 et
2607 2417 2774 2455 unum
2820 2401 3152 2472 principium
3187 2411 3295 2466 est,
3325 2401 3418 2456 Fi-

1832 2493 1938 2548 lius
1964 2507 2116 2556 vero,
2146 2501 2333 2562 utpote
2366 2495 2469 2564 ipsi
2501 2495 2808 2565 inzequalis,
2844 2509 2953 2548 non
2990 2494 3043 2548 in
3076 2495 3338 2565 primaria
3363 2503 3417 2550 et

1831 2597 1939 2636 una
1985 2583 2076 2636 illa
2122 2582 2321 2637 deitate
2367 2592 2620 2638 censetur
2663 2599 2826 2639 esse:
2862 2586 3010 2654 atqui
3057 2585 3186 2639 hinc
3237 2585 3415 2640 solum

1831 2673 2086 2729 concludi
2125 2683 2325 2745 potest,
2357 2691 2466 2730 non
2513 2691 2638 2732 esse
2681 2675 2820 2732 duos
2857 2678 3096 2747 aequales
3126 2677 3279 2741 deos,
3317 2678 3415 2734 sed

1832 2781 2001 2820 unum
2027 2765 2242 2822 Patrem
2287 2782 2604 2838 supremum
2649 2783 2773 2824 esse
2819 2767 2993 2824 Deum
3029 2785 3196 2825 :cum
3231 2780 3413 2825 autem

1832 2855 2026 2918 Filius,
2062 2857 2188 2912 licet
2215 2857 2392 2928 impar
2421 2865 2475 2913 et
2504 2858 2705 2925 minor,
2727 2858 2871 2915 Deus
2902 2868 3086 2916 tamen
3119 2876 3240 2916 esse
3262 2861 3417 2916 dica-

1833 2957 1956 3012 tur,
1984 2948 2112 3003 hinc
2141 2964 2273 3004 sane
2299 2958 2670 3019 consequetur
2702 2951 2841 3018 duos
2882 2967 3006 3007 esse
3038 2952 3209 3020 deos;
3244 2952 3418 3022 maio--

1832 3056 1946 3096 rem
1985 3043 2174 3104 alium,
2206 3043 2434 3096 alterum
2467 3059 2596 3097 vero
2630 3043 2920 3099 minorem.

1832 3133 1962 3186 Vill.
1984 3133 2089 3184 Non
2127 3132 2335 3184 obscure
2358 3135 2504 3184 docet
2537 3135 2722 3184 Filium
2757 3149 2850 3184 non
2877 3148 2990 3184 esse
3012 3149 3132 3184 vere
3154 3137 3331 3186 Deum.
3358 3163 3420 3174 --

2079 3195 2158 3245 IX.
2185 3197 2290 3254 Quo
2313 3209 2460 3245 sensu
2490 3196 2669 3246 Filium
2693 3209 2805 3246 esse
2835 3199 2995 3248 Deum
3023 3199 3164 3247 dicit.

1904 3279 2077 3335 Probe
2105 3279 2490 3334 animadvertit
2534 3279 2806 3337 Eusebius
2838 3297 2948 3336 non
2985 3297 3149 3352 posse
3197 3284 3418 3338 ratioci-

1834 3370 1925 3424 nia
1957 3385 2054 3425 sua
2101 3368 2406 3424 consistere
2439 3387 2452 3422 :
2489 3369 2869 3439 quamobrem,
2901 3384 3022 3438 qua:
3051 3369 3155 3440 ipsi
3189 3385 3294 3422 una
3325 3383 3418 3424 su-

1836 3471 2049 3530 pererat
2080 3459 2330 3514 elabendi
2357 3459 2522 3523 ratio,
2554 3474 2623 3513 ue
2651 3457 2790 3513 duos
2817 3459 3108 3513 admittere
3156 3458 3290 3514 deos
3322 3474 3419 3514 co-

1835 3561 2012 3622 gatur,
2050 3551 2212 3606 modo
2241 3559 2427 3620 aperte
2453 3550 2631 3613 docet,
2668 3565 2796 3604 mox
2839 3564 2940 3604 nec
2992 3550 3230 3605 obscure
3277 3551 3416 3604 insi-

1835 3653 1966 3698 nuat
1992 3643 2188 3698 Filium
2214 3658 2324 3698 non
2357 3658 2480 3698 esse
2503 3657 2625 3698 vere
2649 3641 2840 3697 Deum.
2872 3640 2929 3695 In
2953 3642 3184 3712 epistola
3215 3644 3417 3712 quippe

1836 3752 1934 3792 sua
1987 3737 2054 3790 ad
2107 3735 2558 3806 Euplirationem,
2597 3735 2666 3789 ab
2697 3735 3002 3789 Athanasio
3043 3741 3100 3789 et
3143 3749 3173 3788 ε
3200 3732 3418 3789 Nicaeus

1836 3829 2077 3884 secunda
2100 3827 2314 3900 synodo
2342 3827 2559 3881 laudata
2581 3825 2760 3897 (b),de
2790 3824 2928 3878 Filio
2954 3825 3082 3879 talia
3112 3823 3256 3879 fatur
3279 3823 3418 3878 :Tbv

1836 3923 1998 3977 αὐτὸν
2022 3923 2078 3976 δὲ
2111 3921 2204 3974 καὶ
2233 3921 2390 3992 μόνον
2420 3919 2670 3990 ἀληθινὸν
2695 3912 2832 3972 εἶναι
2865 3917 3104 3970 διδάσκει
3130 3917 3195 3970 δι’
3215 3911 3289 3971 ὧν
3313 3933 3417 3986 φη-

1839 4035 1922 4070 σιν
1939 4034 1951 4046 ·
1987 4017 2110 4071 Ἵνα
2133 4014 2471 4085 γινώσκωσι
2493 4030 2565 4068 σε
2580 4013 2688 4067 τὸν
2705 4014 2900 4082 μόνον
2917 4010 3208 4074 ἀληθινὸν
3233 4010 3380 4063 Θεόν
3395 4024 3411 4040 °

1836 4109 1955 4181 οὐχὶ
1987 4109 2061 4173 ὡς
2091 4109 2208 4172 ἑνὸς
2239 4107 2390 4170 ὄντος
2418 4107 2578 4178 μόνου
2612 4104 2704 4158 τοῦ
2750 4102 2906 4167 Θεοῦ,
2939 4101 3052 4154 ἀλλ’
3077 4101 3153 4164 ὡς
3183 4101 3302 4164 ἐνὸς
3331 4100 3416 4153 6v-

1835 4217 1925 4264 τος
1953 4200 2114 4270 μόνου
2144 4197 2396 4270 ἀληθινοῦ
2431 4195 2588 4258 Θεοῦ,
2621 4193 2758 4264 μετὰ
2790 4191 3108 4264 προσθήκης
3128 4191 3416 4258 ἀναγκαιο-

1836 4291 2003 4362 τάτης
2047 4290 2163 4354 τοῦ,
2193 4288 2678 4359 ἁληθιγοῦ.Ἐπεὶ
2728 4285 2822 4338 καὶ
2869 4284 3032 4345 αὐτὸς
3081 4282 3213 4343 Θεὸς
3268 4280 3416 4350 μὲνό

1846 4387 1994 4450 Υἱὸς,
2025 4384 2256 4438 ἀλλὀὐκ
2285 4379 2534 4452 ἀληθινὸς
2564 4379 2716 4442 Θεός·
2735 4371 2814 4440 εἷς
2847 4377 2954 4446 γάρ
2989 4375 3104 4428 ἐστι
3138 4375 3231 4426 καὶ
3259 4372 3416 4444 μόνος
3453 4405 3458 4442 ἰ

1846 4476 2096 4548 ἀληθινὸς
2113 4475 2266 4537 Θεὸς,
2298 4473 2385 4526 διὰ
2417 4472 2478 4524 τὸ
2512 4471 2586 4542 μὴ
2607 4469 2752 4539 ἔχειν
2786 4468 2892 4539 πρὸ
2914 4466 3078 4520 αὑτοῦ
3108 4483 3249 4520 τινα.
3274 4466 3337 4518 Εἰ
3358 4463 3415 4517 δὲ
3456 4489 3460 4548 Ξ

180 4571 275 4623 ulla
296 4571 665 4634 distinctione,
692 4585 801 4623 uno
822 4568 1122 4637 eodemque
1150 4565 1418 4620 vocabulo
1447 4570 1733 4630 utramque

1845 4534 2169 4631 καὶοαύτὸςὸ
2201 4534 2329 4629 lilii;
2355 4534 2768 4636 ἀληθιὶθδξζᾶλγ
2800 4534 2874 4622 (ῦς
2903 4557 3066 4612 εἰκὼν
3099 4556 3194 4610 τοῦ
3227 4555 3414 4627 emot-
3457 4534 3462 4592 ί

175 4663 444 4731 copulatis,
474 4661 842 4732 signiﬁcavit:
881 4659 950 4712 Et
984 4658 1230 4725 Verbum,
1280 4658 1375 4716 ait,
1423 4664 1538 4709 erat
1593 4653 1735 4721 apud

179 4753 350 4820 Deum,
377 4768 426 4811 et
459 4757 600 4812 Deus
637 4765 752 4810 erat
784 4753 1006 4808 Verbum
1038 4750 1220 4822 (Joan.
1258 4766 1296 4815 I,
1328 4749 1402 4820 1).
1436 4747 1567 4801 Nam
1611 4746 1734 4817 quis

179 4861 277 4901 non
310 4849 448 4912 voci,
477 4848 638 4911 Deus,
665 4845 1002 4916 conjunctim
1030 4843 1294 4914 repetitae,
1317 4841 1564 4896 eamdem
1588 4847 1737 4894 utro-

183 4941 328 5010 bique
359 4941 810 5012 signiﬁcationem
857 4936 1043 4992 statim
1087 4933 1396 5004 optaverit?
1426 4932 1560 4999 Quis
1591 4946 1738 4986 eam-

181 5027 290 5082 dem
312 5046 519 5094 vocetn,
555 5030 638 5085 bis
666 5029 855 5083 eodem
887 5027 1007 5080 loco
1028 5025 1392 5088 enuntiatam,
1419 5033 1528 5077 tam
1553 5021 1737 5091 dispa-

184 5125 286 5170 rata
319 5118 623 5186 signiticare
653 5115 956 5187 putaverit?
983 5113 1123 5168 Hinc
1155 5113 1281 5167 item
1321 5113 1478 5182 longe
1503 5111 1734 5167 deterri-

185 5221 262 5260 ma
290 5207 532 5280 impietas
559 5209 935 5278 consequitur,
966 5223 996 5262 a
1035 5221 1141 5276 qua
1187 5221 1402 5275 semper
1439 5214 1548 5259 tam
1580 5213 1736 5259 vetus

188 5312 331 5364 quam
395 5317 524 5353 ttmu
587 5297 826 5354 Ecclesia
887 5311 1100 5353 summe
1155 5296 1641 5350 abliorruit:nam
1690 5295 1736 5351 si

188 5384 363 5445 Filium
435 5393 598 5446 alium
650 5407 680 5444 a
730 5389 892 5444 Patre
942 5388 1112 5444 Deum
1174 5402 1297 5442 esse
1350 5387 1734 5452 ailmittamus,

191 5479 312 5536 duos
335 5498 452 5538 esse
507 5483 640 5538 deos
694 5482 962 5536 fateamur
1000 5495 1224 5535 necesse
1273 5487 1380 5540 est,
1410 5479 1576 5532 alium
1622 5493 1739 5531 ma-

186 5570 340 5639 jorem
385 5575 656 5647 aliumque
701 5575 968 5629 minorem
1001 5591 1014 5627 :
1052 5583 1214 5643 atque
1257 5570 1336 5627 sic
1369 5571 1424 5625 in
1455 5570 1740 5642 pluralita-

189 5669 285 5717 tem
324 5665 543 5722 deorum
591 5667 919 5730 incidamus,
971 5675 1025 5721 et
1084 5665 1139 5721 in
1199 5663 1459 5718 πολύθεον
1515 5663 1735 5729 άθεῖαν,

255 5799 320 5870 (tt)
361 5802 418 5858 Ρ.
449 5803 567 5857 Nl.

1845 4663 1958 4719 νοῦ.
1985 4665 2068 4733 εἴη
2095 4661 2159 4715 ἂν
2182 4659 2275 4714 καὶ
2295 4658 2443 4721 Θεός·
2469 4656 2590 4708 ἐπεὶ
2611 4656 2705 4708 καὶ
2727 4653 2858 4716 Θεὸς
2878 4649 2944 4722 ἦν
2960 4653 2986 4704 6
3009 4649 3198 4717 Λόγος,
3221 4650 3280 4702 οὺ
3309 4649 3414 4719 μὴν

1843 4755 1919 4819 ὠς
1943 4757 1971 4809 6
2002 4755 2162 4824 μόνος
2188 4748 2436 4820 ἀληθινὸς
2464 4746 2596 4810 Θεός
2615 4785 2630 4810 ,
2663 4747 2767 4799 hoc
2794 4753 2877 4798 est
2910 4762 2923 4798 :
2958 4741 3216 4795 Eumdem
3241 4750 3414 4794 autem

1845 4859 1893 4904 et
1928 4847 2097 4901 solum
2127 4859 2303 4898 verum
2341 4857 2452 4894 esse
2480 4839 2630 4892 docet
2672 4839 2752 4891 his
2783 4835 2950 4891 verbis
2981 4849 2998 4886 :
3032 4853 3051 4884 ι
3097 4831 3162 4886 Ut
3199 4847 3416 4901 cognos-

1846 4950 1968 4994 cant
2010 4949 2058 4992 te
2099 4936 2268 4990 solunt
2313 4948 2490 4986 verum
2526 4931 2692 4984 Deum
2725 4928 2911 5000 (Joan.
2955 4941 3100 4984 xvii.
3145 4924 3222 4990 5),
3258 4943 3276 4974 ›
3313 4939 3415 4974 non

1836 5026 1992 5097 quasi
2029 5040 2164 5078 unus
2193 5022 2338 5077 solus
2373 5021 2444 5074 sit
2488 5017 2652 5082 Deus,
2685 5015 2773 5070 sed
2811 5014 2968 5084 quasi
3011 5028 3147 5066 unus
3173 5010 3320 5065 solus
3348 5011 3418 5064 sit

1839 5135 1989 5172 uerus
2014 5117 2174 5177 Deus,
2193 5130 2308 5167 cum
2342 5113 2438 5167 hoc
2463 5110 2852 5181 pernecessario
2883 5105 3272 5169 additamenta,
3296 5123 3314 5154 ι
3337 5119 3418 5157 re-

1839 5227 1951 5264 rus.
1983 5229 2001 5260 ι
2037 5206 2179 5262 Ναηι
2209 5215 2256 5260 et
2286 5207 2395 5275 ipse
2423 5202 2632 5274 quidem
2667 5199 2859 5262 Filius,
2891 5197 3054 5259 Deus,
3082 5195 3172 5251 sed
3209 5211 3308 5248 non
3333 5210 3417 5248 ue-

1839 5316 1930 5353 rus
1959 5297 2094 5352 Deus
2120 5312 2139 5350 :
2165 5311 2300 5349 unus
2329 5302 2406 5347 est
2433 5291 2571 5345 enim
2612 5288 2757 5344 solus
2802 5302 2954 5340 uerus
2989 5283 3153 5344 Deus,
3185 5298 3246 5335 eo
3279 5276 3416 5372 quod

1841 5409 1943 5445 non
1973 5390 2160 5442 habeat
2185 5388 2411 5458 aliquem
2444 5392 2564 5437 ante
2588 5399 2662 5436 se.
2695 5377 2847 5445 Quod
2878 5378 2924 5430 si
2965 5377 3076 5443 ipse
3095 5388 3298 5444 quoque
3325 5367 3412 5421 Ε’ἱέ

1840 5485 1944 5538 lius
1980 5497 2132 5536 uerus
2171 5489 2272 5542 est,
2306 5476 2394 5532 sed
2436 5477 2570 5530 sicut
2601 5475 2776 5542 imago
2813 5469 2921 5524 ueri
2971 5467 3088 5528 Dei,
3120 5464 3261 5518 Deus
3303 5463 3420 5532 fue-

1841 5575 1911 5626 rit
1942 5587 1961 5625 :
1990 5569 2243 5639 siquidem
2265 5577 2313 5622 et
2342 5567 2484 5622 Deus
2514 5573 2629 5619 erat
2672 5560 2914 5622 Verbum,
2950 5573 3053 5612 non
3078 5566 3250 5610 tamen
3283 5560 3418 5606 sicut

1843 5666 1932 5720 ille
1975 5663 2119 5719 solus
2161 5677 2308 5716 verus
2363 5659 2519 5713 Deus.
2556 5655 2795 5725 ldipsum
2825 5651 3030 5707 diserte
3079 5647 3319 5702 declarat
3363 5645 3418 5700 in

1915 5799 1990 5868 (b)
2035 5798 2232 5853 Athan.
2267 5803 2306 5850 t.
2341 5792 2383 5864 l;
2413 5810 2452 5848 tt
2491 5791 2638 5857 Nic.,
2672 5796 2780 5845 act.
2810 5805 2861 5854 ν,
2894 5801 2947 5857 p.
2977 5782 3102 5838 566.
