3994 6448
625 341 694 396 59
1303 328 1570 386 EUSEBII
1607 319 2082 386 CJESARIENSIS
2109 313 2268 374 ‘orP.
2306 303 2495 370 PARS
2530 294 2623 364 Ill.
2653 344 2721 356 _
2747 311 3158 368 EXEGETICA.
3773 321 3824 375 ιο

629 464 928 518 Demonsrr.
955 478 1160 532 esang.,
1185 475 1313 530 cap.
1331 461 1387 524 ι,
1414 457 1680 530 ροε.9.9.ϐ,
1701 455 1786 511 his
1808 453 1988 508 verbis
2015 470 2028 506 :
2057 451 2196 504 Οὐκ-

2310 445 2396 500 )ύκ
2424 437 2721 513 ἰδιὸκτητον
2761 438 2929 508 αὐτὴν
2955 435 3244 507 ἐσχηκότα.
3290 434 3348 485 ὐ
3379 433 3476 503 μὲν
3509 434 3611 504 γὰρ
3638 433 3824 504 δίδωσιν,

627 553 722 606 οὖν
752 553 838 605 διὰ
865 551 1068 606 τούτων
1086 524 1140 606 ’ό
1187 524 1285 622 μὲν
1315 524 1519 622 ἀληθὴς
1543 550 1639 601 καὶ
1677 547 1836 618 μόνος
1869 544 2002 608 Θεὸς
2029 538 2109 606 εἷς
2138 545 2203 596 ἂν
2302 542 2333 592 ὁ
2377 538 2433 591 δὲ
2470 533 2760 605 λαμϐάνει.
2798 531 2957 584 Ὥστε
2989 528 3197 622 κυρίως.
3237 527 3460 622 καὶᾼὲνα
3505 529 3696 622 ἐκεῖνον
3723 524 3828 585 εἶναι

629 646 738 716 εἴη,
769 646 928 715 μόνος
976 644 1177 717 κυρίως
1215 643 1499 713 τυγχάνων
1531 640 1632 710 τῆς
1665 636 2033 710 προσηγορίας
2054 654 2066 664 ·
2098 637 2126 688 ό
2147 635 2205 688 δὲ

585 749 591 808 ξ
627 736 877 808 δεύτερος
909 737 1166 808 μετουσίᾳ.
1207 735 1300 788 τοῦ
1347 733 1579 806 ἀληθοῦς
1605 734 1707 803 τῆς
1731 731 2014 793 κοινωνίας
2045 729 2204 798 ἠξίω-

626 848 739 895 ται,
767 830 889 884 οὔτε
919 830 998 884 ὢν
1027 830 1150 884 καθ’
1175 829 1386 891 ἑαυτὸν,
1411 825 1535 880 οὔτε
1562 824 1808 896 ὑφεστὼς
1831 825 1954 894 δίχα
1978 822 2072 898 τοι)
2085 822 2210 896 ῥέε

629 923 908 994 ποιοῦντος
928 924 1113 997 καρτὸν
1147 922 1380 994 Πατρός,
1415 921 1524 974 οὔτ’
1552 921 1678 974 ἄνευ
1709 919 1803 972 τοῦ
1841 919 2051 988 Πατρὸς
2091 917 2207 970 θεο-

597 1019 600 1092 ξ
631 1013 956 1086 λογούμενος
988 1035 1001 1070 :
1040 1015 1205 1070 missa
1239 1029 1369 1069 vero
1391 1000 1705 1084 interpretis
1737 1011 2010 1074 versione,
2041 1024 2204 1080 quam

631 1105 722 1160 ille
750 1120 850 1174 pro
878 1119 1028 1158 more
1061 1119 1164 1158 suo
1191 1103 1260 1158 ad
1286 1103 1613 1157 catholicam
1647 1101 1803 1156 fidem
1834 1100 2205 1165 concinnavit,

626 1196 714 1250 sic
743 1212 844 1252 nos
861 1195 1137 1252 reddimus
1161 1215 1174 1252 :
1198 1194 1382 1265 Itaque
1406 1208 1471 1249 ex
1513 1193 1592 1247 his
1623 1209 1771 1248 verus
1794 1202 1843 1247 et
1879 1191 2023 1246 solus
2065 1190 2206 1244 Deus

627 1289 730 1360 (a),
762 1307 898 1344 unus
932 1291 1116 1358 fuerit,
1140 1290 1230 1358 qui
1249 1289 1392 1343 solus
1423 1287 1558 1340 hanc
1573 1286 1972 1356 appellationem
2003 1285 2209 1354 proprie

627 1382 858 1445 obtinet;
886 1382 1142 1436 secundus
1161 1391 1334 1434 autem
1357 1380 1755 1449 participatione
1769 1380 1892 1445 veri,
1913 1378 2207 1432 communi-

626 1474 836 1527 catione
860 1473 952 1526 illa
980 1475 1228 1544 dignatus
1258 1482 1355 1537 est,
1373 1473 1462 1543 qui
1477 1473 1706 1526 nonsine
1729 1471 1891 1525 Patre
1925 1471 2014 1541 qui
2037 1472 2208 1540 ipsum

631 1566 800 1621 Deum
840 1568 1011 1637 eﬁicit,
1046 1583 1136 1634 per
1178 1584 1231 1620 se
1257 1567 1464 1621 exsistit
1502 1577 1551 1619 et
1592 1565 1866 1627 subsistit;
1893 1580 2052 1634 neque
2097 1565 2209 1618 sine

631 1658 796 1714 Patre
839 1658 981 1714 Deus
1034 1671 1271 1714 vocatur.
1324 1657 1428 1716 Ubi
1459 1659 1604 1713 clare
1647 1658 1780 1712 dicit
1833 1658 2007 1713 solum
2038 1671 2208 1712 unum

632 1752 802 1807 Deum
837 1751 1052 1806 Patrem
1083 1767 1230 1814 esse,
1263 1751 1350 1806 cui
1380 1750 1470 1805 Dei
1501 1766 1697 1804 nomen
1726 1749 1946 1820 proprie
1989 1747 2210 1817 compe-

631 1845 720 1908 tit,
753 1845 1051 1898 secundum
1077 1852 1257 1897 autem
1297 1841 1464 1897 Deum
1500 1841 1916 1912 participatione
1939 1849 2145 1894 tantum
2177 1855 2208 1892 a

631 1933 744 1990 Deo
772 1933 931 1989 Patre
963 1934 1132 1988 Deum
1165 1934 1365 1987 factum
1397 1932 1584 1987 fuisse.
1627 1931 1762 1986 Cum
1795 1940 1973 1988 autem
2004 1931 2081 1984 ait
2123 1946 2210 1986 se-

632 2027 872 2081 cundum
909 2026 1059 2080 illum
1097 2026 1286 2089 Deum,
1317 2025 1404 2078 cui
1458 2025 1668 2080 scilicet
1699 2039 1806 2078 non
1841 2039 1966 2078 vere
1997 2032 2050 2077 et
2083 2037 2210 2093 pro-

632 2118 752 2187 prie
783 2118 1041 2187 competit
1091 2116 1236 2186 quod
1272 2115 1415 2170 Deus
1444 2117 1536 2179 sit,
1571 2131 1681 2170 non
1727 2116 1846 2172 sine
1882 2114 2043 2168 Patre
2066 2115 2210 2169 exsi-

634 2219 798 2276 stere,
815 2210 880 2263 ad
915 2211 1046 2264 illud
1072 2208 1344 2279 Evangelii
1364 2208 1591 2263 Joannis
1611 2207 1863 2276 respicit:
1891 2205 1957 2259 Et
1984 2206 2208 2260 Verbum

629 2314 745 2356 erat
769 2303 905 2372 apud
931 2302 1118 2356 Deum.
1138 2301 1264 2357 ldeo
1289 2311 1468 2357 autem
1488 2299 1685 2355 Filium
1704 2300 1870 2355 Deun.
1896 2300 2210 2370 dignatione

632 2395 812 2452 Patris
846 2413 969 2452 esse
987 2397 1092 2467 (vel
1124 2397 1309 2466 potius
1330 2413 1395 2450 ex
1428 2396 1495 2448 iis
1521 2410 1641 2465 quae
1659 2410 1822 2464 supra
1853 2394 2093 2450 diximus
2114 2409 2211 2448 vo-

633 2490 791 2558 cari),
811 2491 906 2553 ait,
925 2489 1054 2560 quia
1083 2497 1168 2544 est
1197 2490 1375 2559 imago
1411 2488 1623 2544 Patris:
1649 2503 1757 2542 non
1787 2488 2004 2557 quidem
2032 2489 2211 2559 imago

632 2597 756 2652 quae
773 2583 1018 2637 eamdem
1043 2597 1206 2652 quam
1224 2578 1383 2634 Pater
1400 2581 1758 2636 substantiam
1776 2582 2038 2644 obtineat,
2059 2596 2206 2641 nam.

634 2682 696 2728 ut
746 2689 913 2743 supra
966 2675 1377 2744 comprobatum
1437 2681 1544 2735 est,
1577 2671 1849 2727 diversam
1904 2687 1934 2725 a
1985 2682 2209 2742 paterna

635 2765 1000 2820 substantiam
1028 2763 1149 2818 Filii
1177 2764 1494 2828 constituit;
1522 2764 1619 2820 sed
1658 2764 1837 2834 imago
1875 2763 2211 2833 perfectissi-

635 2872 748 2921 ma,
783 2865 1050 2926 quantum
1082 2869 1147 2911 ea
1182 2863 1362 2925 potest
1400 2871 1524 2910 esse
1574 2871 1695 2924 qua:
1740 2857 1845 2910 alia
1888 2871 1918 2908 a
1955 2870 2210 2926 supremo

633 2945 746 3002 Deo
772 2947 956 3003 fuerit.
992 2946 1340 3018 ldipsumque
1382 2947 1568 3003 multis
1605 2948 1658 3002 in
1695 2947 1832 3002 locis
1863 2956 1972 3001 tam
2005 2948 2058 3002 in
2104 2948 2212 3002 De-

634 3039 1014 3092 monstratione
1061 3038 1401 3108 evangelica,
1462 3053 1626 3108 quam
1681 3038 1736 3092 in
1801 3037 1958 3092 libris
2009 3036 2208 3094 Contra

2304 631 2460 693 Θεὸν,
2511 628 2605 682 καὶ
2655 625 2814 696 μόνον
2843 623 2953 692 γὰρ
3009 620 3102 673 καὶ⁵
3131 618 3289 688 φύσει
3331 618 3485 680 ὂντα,
3521 619 3613 670 καὶ
3646 618 3712 691 μὴ
3732 627 3831 692 παρ’

2307 725 2494 794 ἑτέρου
2513 719 2748 774 λαϐόντα
2764 735 2778 748 ⁸
2804 717 2896 770 τὸν
2921 715 2976 768 δὲ
3001 713 3108 768 τῶν
3126 713 3443 783 δευτερείων
3468 711 3736 781 ἠξιῶσθαι,
3763 719 3832 768 ut

2305 815 2366 868 τὸ
2396 813 2528 867 Θεὸν
2555 809 2694 865 εἶναι
2721 809 2952 864 λαϐόντα
2981 805 3132 878 παρὰ
3162 804 3252 858 τοῦ
3279 803 3492 874 Πατρὸς
3523 803 3678 874 ἔχειν,
3703 805 3766 870 ὼς
3785 807 3832 861 ἂν

2307 909 2489 963 εἰκόνα
2531 909 2625 962 τοῦ
2666 904 2824 968 Θεοῦ,
2872 904 3001 974 μιᾶς
3043 901 3130 952 ἐπ’
3171 900 3372 969 ἀμφοῖν
3423 897 3564 950 κατὰ
3600 898 3657 950 τὸ
3696 901 3834 970 παρά-

2305 1000 2502 1072 δειγμα
2520 999 2622 1069 τῆς
2637 997 2888 1067 Θεότητος
2913 995 3126 1046 ὲπινοου
3135 989 3322 1060 μένης,
3343 987 3462 1052 ὲνὸς
3488 1006 3545 1042 τε
3577 987 3716 1052 ὄντος
3731 990 3833 1044 Θεοῦ
3925 987 3927 1036 ε

2305 1093 2400 1146 τοῦ
2444 1091 2568 1146 καθ’
2617 1089 2806 1144 ἑαυτὸν
2835 1086 3084 1156 ἀνάρχως
3112 1081 3207 1135 καὶ
3245 1082 3556 1151 ἁγεννήτως
3590 1079 3744 1144 ὸντος,
3771 1082 3836 1136 διὰ

2304 1185 2363 1237 δὲ
2389 1183 2483 1237 τοῦ
2536 1182 2666 1235 Υἱοῦ
2695 1180 2769 1243 ὡς
2816 1178 2882 1232 ἂν
2905 1176 2970 1230 δι’
2997 1175 3264 1245 ἐσόπτρου
3290 1172 3385 1226 καὶ
3415 1172 3621 1236 εἰκόνος
3651 1172 3837 1227 ἐπιθεω-

2313 1277 2593 1348 ρουμένου.
2621 1272 2783 1327 Missa
2815 1267 2992 1323 Latini
3023 1264 3334 1336 interpretis
3363 1263 3637 1328 versione,
3665 1263 3747 1332 qui
3766 1279 3838 1334 pro

2309 1384 2459 1424 more
2481 1381 2584 1422 suo
2613 1365 2729 1418 lucc
2770 1361 2840 1416 ad
2871 1357 3198 1416 catholicam
3251 1354 3586 1410 sententiam
3629 1352 3834 1419 detorsit,

2309 1464 2390 1519 sic
2420 1475 2523 1517 nos
2549 1459 2616 1514 ad
2641 1457 2864 1512 verbum
2893 1452 3316 1520 interpretamur
3344 1444 3640 1499 :Cazterum
3669 1445 3836 1500 etiamsi

2309 1565 2505 1611 natura
2544 1549 2840 1623 unigenitus
2872 1545 3047 1598 Filius
3079 1553 3128 1597 et
3177 1541 3314 1594 Deus
3345 1547 3524 1592 noster
3561 1536 3833 1601 celebretur,

2311 1660 2365 1704 at
2398 1665 2504 1702 non
2533 1655 2610 1700 est
2635 1645 2841 1715 primus
2878 1640 3054 1701 Deus;
3085 1636 3175 1690 sed
3199 1635 3404 1704 primus
3456 1630 3550 1684 Dei
3583 1631 3834 1699 unigenitin

2313 1741 2510 1802 Filius,
2555 1748 2606 1794 et
2652 1735 2768 1790 ideo
2819 1734 2982 1788 Deus.
3045 1729 3111 1783 In
3145 1743 3356 1782 summa
3383 1725 3495 1778 Ιιωε
3524 1739 3682 1776 causa
3711 1721 3834 1790 fuerit

2311 1834 2449 1906 quod
2484 1834 2574 1887 ille
2604 1830 2744 1885 Deus
2775 1828 2864 1893 sit,
2900 1824 3026 1896 quia
3054 1821 3197 1876 solus
3233 1826 3430 1872 natura
3459 1814 3631 1868 Filius
3658 1813 3744 1868 Dei
3760 1828 3832 1872 est,

2311 1947 2372 1982 ac
2410 1925 2719 1997 Unigenitus
2753 1928 2987 1980 vocatur,
3018 1925 3068 1970 et
3087 1915 3213 1986 quia
3242 1913 3409 1967 solius
3443 1908 3543 1963 Dei
3567 1908 3831 1968 animatum,

2311 2024 2559 2078 viventem
2585 2029 2633 2073 et
2658 2019 3030 2087 intelligentem
3056 2012 3336 2082 imaginem
3364 2013 3562 2066 servat.
3596 2001 3834 2056 secundum

2311 2116 2494 2170 omnia
2524 2111 2680 2166 Patri
2712 2110 2961 2173 similem,
2988 2123 3048 2161 ac
3075 2107 3234 2160 etiam
3269 2103 3440 2172 ipsius
3481 2095 3689 2150 deitatis
3735 2095 3834 2147 ima-

2309 2209 2480 2279 ginem
2529 2205 2795 2274 ferentem.
2834 2200 2952 2255 Hac
2987 2215 3108 2269 ergo
3154 2195 3218 2250 de
3267 2209 3435 2248 causa
3480 2192 3651 2260 ipsum
3689 2190 3832 2249 etiam,

2311 2309 2484 2365 utpote
2513 2299 2685 2351 solum
2741 2293 2966 2354 Filium,
3002 2291 3093 2361 qui
3136 2288 3282 2343 solus
3317 2285 3416 2339 Dei
3473 2286 3644 2352 imago
3688 2281 3768 2342 sit,
3791 2295 3835 2333 ac

2310 2389 2630 2460 non-genita:
2664 2396 2713 2441 et
2744 2383 3004 2456 principio
3049 2380 3274 2435 carentis
3327 2375 3640 2430 substantia:
3691 2371 3833 2424 Patris

2311 2482 2590 2536 virtutibus
2627 2475 2910 2532 secundum
2941 2469 3236 2546 exemplum
3273 2462 3637 2521 similitudinis
3664 2460 3835 2514 indutui

2310 2575 2404 2636 sit,
2441 2581 2594 2642 atque
2617 2570 2680 2622 ab
2716 2568 2949 2622 omnium
2979 2562 3299 2634 peritissimo
3331 2575 3393 2611 ac
3427 2554 3756 2611 scientissime
3771 2551 3832 2618 pi-
3926 2625 3927 2636 ἶ

2310 2676 2452 2722 ctare
2484 2681 2546 2719 ac
2575 2666 2694 2718 vitae
2725 2670 2938 2715 auctore
2973 2657 3153 2717 Patre.
3201 2653 3269 2708 ad
3305 2649 3753 2704 accuratissimam
3779 2645 3834 2699 si-
3926 2707 3927 2718 χ

2311 2756 2664 2811 militudinem
2692 2753 2906 2822 eﬁ'ectus
2936 2751 3026 2810 sit,
3057 2747 3223 2802 Deum
3262 2743 3454 2798 merito
3485 2740 3646 2793 divini
3676 2752 3834 2792 sermo-

2311 2868 2400 2905 nes
2427 2849 2728 2920 appellant;
2759 2857 2935 2915 utpote
2964 2845 3054 2913 qui
3089 2859 3206 2896 cum
3248 2841 3370 2894 aliis
3399 2855 3434 2892 a
3465 2839 3627 2893 Patre
3651 2833 3737 2886 hac
3763 2845 3834 2898 αρ-
3926 2843 3927 2854 ‘

2309 2944 2591 3013 pellatione
2621 2941 2866 3012 dignatus
2891 2939 2980 3002 sit,
3007 2951 3223 3006 eamque
3251 2933 3533 3002 acceperit,
3570 2945 3668 2982 non
3696 2935 3833 2979 autem

2309 3046 2366 3090 ut
2395 3037 2662 3106 propriam
2692 3032 2794 3086 sibi
2826 3031 3090 3084 habuerit.
3126 3025 3270 3080 Nam
3297 3026 3386 3078 ille
3421 3021 3629 3094 quidem
3651 3019 3751 3079 dat,
3775 3015 3834 3066 hic

633 3128 950 3184 Marcellum
979 3128 1243 3185 declarat.
1297 3127 1431 3184 Nam
1466 3129 1561 3184 lib.
1610 3144 1627 3182 ι
1659 3128 1861 3184 Contra
1897 3129 2206 3183 Marcellum
2233 3146 2280 3205 ρ
2312 3145 2429 3183 vero
2459 3125 2672 3194 accipit.
2707 3122 2795 3177 Ita
2827 3136 2882 3175 ut
2907 3121 3114 3191 proprie
3137 3119 3226 3172 ille
3258 3133 3394 3171 unus
3430 3116 3498 3169 sit
3522 3112 3690 3205 Deus,
3713 3117 3834 3205 etut.

633 3239 688 3294 ρ.
731 3224 823 3288 70,
879 3224 946 3278 de
1002 3222 1164 3278 Patre
1196 3223 1344 3278 clare
1375 3231 1429 3278 et
1473 3225 1592 3277 sine
1638 3224 1864 3293 ambage
1899 3224 1993 3290 ait,
2027 3223 2207 3286 Μόνος

633 3315 888 3386 ἀληθινὸς
916 3315 1048 3378 Θεός
1081 3331 1095 3344 ’
1129 3313 1284 3368 Solus
1311 3331 1459 3368 verus
1495 3314 1656 3368 Deus.
1691 3315 1748 3368 In
1779 3314 2206 3370 Demonstratio-

633 3424 709 3478 ne,
737 3417 919 3462 autem
953 3407 1274 3477 evangelica,
1320 3407 1358 3460 ι.
1389 3424 1444 3469 v,
1485 3422 1535 3462 c.
1573 3407 1629 3469 4,
1687 3421 1810 3477 pag.
1868 3407 1996 3474 227,
2051 3424 2205 3464 suam

633 3501 874 3556 dilucide
905 3501 974 3556 de
1001 3500 1161 3556 Patre
1196 3511 1250 3556 et
1279 3499 1417 3555 Filio
1446 3501 1775 3556 sententiam
1804 3501 2060 3569 explicat,
2105 3501 2209 3554 ait-

633 3611 742 3667 que
765 3593 961 3648 Filium
993 3596 1064 3648 ob
1089 3609 1242 3649 suam
1267 3609 1389 3648 cum
1418 3591 1576 3648 Patre
1602 3592 2012 3648 similitudinem
2037 3591 2207 3646 Deum

635 3688 840 3750 vocari,
891 3687 1018 3741 licet
1075 3702 1181 3740 non
1216 3685 1435 3756 proprie
1477 3693 1532 3740 et
1575 3701 1671 3756 per
1703 3702 1760 3740 se
1792 3685 1952 3739 talem
1991 3697 2208 3738 nuncu-

632 3780 907 3848 pationem
937 3777 1182 3833 obtineat
1228 3796 1241 3831 :
1282 3791 1404 3830 nam
1449 3788 1736 3846 postquam
1767 3775 1980 3830 dixerat
2010 3774 2208 3828 Filium

635 3879 832 3925 natura
896 3871 1062 3923 Deum
1117 3883 1239 3924 esse
1275 3908 1289 3932 ,
1355 3877 1589 3922 mentem
1651 3883 1805 3922 suam
1867 3867 1947 3922 sic
1981 3867 2204 3934 aperit:

634 3963 783 4035 Πλὴν
841 3964 889 4015 εἰ
927 3962 1020 4016 καὶ
1065 3961 1224 4031 φύσει
1269 3960 1562 4032 μονογενὴς
1605 3959 1732 4024 Υἱὸς
1761 3960 1854 4013 καί
1898 3960 2028 4023 Θεὸς
2053 3958 2210 4031 ἡμῶν

632 4058 1051 4127 ἁνευφημεῖται,
1087 4054 1199 4106 ἀλλ’
1244 4053 1342 4122 οὐχ
1385 4054 1413 4105 ὁ
1457 4053 1670 4124 πρῶτος
1701 4053 1853 4117 Θεὸς,
1908 4053 2122 4125 πρῶτος
2153 4053 2210 4107 δὲ

631 4149 730 4205 τοῦ
769 4148 904 4202 Θεοῦ
943 4146 1238 4218 μονογενὴς
1280 4143 1428 4208 Υἱὸς,
1460 4146 1553 4197 καὶ
1599 4145 1687 4198 διὰ
1713 4144 1870 4197 τοῦτο
1913 4145 2064 4209 Θεός.
2099 4145 2211 4198 Καὶ

634 4240 756 4293 ὅλον
807 4256 870 4308 γε
927 4238 1086 4291 τοῦτο
1140 4236 1312 4290 αἴτιον
1366 4234 1433 4288 ἂν
1485 4236 1568 4306 εἴη
1617 4235 1710 4288 τοῦ
1757 4235 1851 4288 καὶ
1879 4235 2040 4288 αὑτὸν
2073 4231 2211 4288 εἶναι

637 4333 790 4399 Θεὸν,
816 4333 877 4386 τὸ
914 4333 1071 4403 μόνον
1105 4327 1245 4384 εἶναι
1275 4329 1435 4399 φύσει
1472 4328 1566 4382 τοῦ
1587 4327 1722 4382 Θεοῦ
1758 4329 1905 4391 Υἱὸν,
1937 4331 2030 4382 καὶ
2058 4346 2210 4400 μονο-

638 4429 770 4500 γενῆ
795 4425 1174 4500 χρηματίζειν,
1205 4424 1296 4476 καὶ
1325 4423 1385 4476 τὸ
1433 4423 1500 4475 δι’
1534 4422 1656 4476 ὅλου
1700 4419 1891 4485 σώζειν
1921 4421 2014 4474 τοῦ
2045 4421 2205 4492 μόνου

2315 3222 2398 3274 lns
2449 3217 2658 3288 quidem
2702 3225 2900 3269 natura
2928 3213 3210 3273 exsistens,
3262 3221 3425 3277 neque
3476 3203 3541 3257 ab
3581 3201 3682 3254 alio
3724 3195 3834 3249 acci-

2309 3315 2488 3383 piens;
2525 3310 2608 3363 Itic
2639 3325 2756 3362 vero
2807 3304 3034 3360 secundo
3071 3305 3184 3355 loco
3223 3299 3477 3368 dignatus
3519 3295 3610 3356 sit,
3661 3301 3834 3358 atques

2312 3405 2473 3458 Patre
2500 3401 2752 3470 acceperit
2782 3409 2840 3452 ut
2881 3397 3020 3452 Deus
3058 3411 3171 3449 esse
3213 3392 3466 3452 obtineat,
3504 3393 3676 3457 utpote
3701 3383 3834 3446 imago

2311 3499 2430 3561 Dei,
2459 3513 2578 3551 cum
2621 3513 2728 3548 una
2759 3495 2810 3547 in
2840 3489 3092 3544 ambobus
3137 3483 3425 3541 secundum
3454 3477 3734 3545 exemplum
3756 3470 3836 3523 dei-

2311 3603 2393 3647 tas
2415 3591 2758 3660 intelligatur,
2787 3603 2889 3640 uno
2919 3583 3028 3639 Deo
3073 3579 3358 3637 secundum
3392 3593 3448 3630 se
3479 3575 3591 3630 sine
3615 3563 3836 3660 principio

2309 3696 2358 3740 et
2386 3658 2720 3754 generatione
2760 3679 3062 3740 exsistente,
3107 3675 3196 3744 qui
3243 3687 3335 3741 per
3376 3667 3583 3720 Filium
3613 3658 3839 3754 quasi-per

2311 3776 2578 3846 speculum
2620 3782 2670 3828 et
2713 3771 2992 3840 imaginem
3042 3763 3433 3820 consideratur.
3490 3757 3725 3824 Quorum
3751 3747 3838 3801 haec

2312 3883 2524 3926 summa
2583 3865 2766 3927 fixerit,
2823 3875 3048 3918 eatenus
3114 3857 3290 3912 Filius
3350 3861 3546 3907 natura
3593 3847 3729 3900 Deus
3758 3846 3837 3898 est.

2312 3968 2583 4030 quatenus
2607 3963 2802 4008 natura
2829 3966 2927 4007 sua
2965 3949 3032 4003 ad
3063 3943 3478 4003 similitudinem
3512 3939 3604 3994 Dei
3635 3944 3838 4030 per-om-

2312 4025 2400 4106 nia
2426 4049 2651 4105 eﬂ'cctus
2697 4055 2800 4109 est,
2834 4053 2999 4114 atque
3039 4041 3160 4095 ideo
3187 4035 3410 4092 deitatis
3438 4031 3658 4088 nomine
3686 4025 3840 4092 digna-

2310 4153 2402 4199 tus
2435 4151 2540 4205 est,
2571 4156 2692 4211 qua:
2724 4149 2904 4193 tamen
2947 4150 3058 4190 non
3115 4132 3218 4203 ipsi
3251 4129 3471 4202 proprie
3505 4115 3838 4190 competebat;

2314 4235 2407 4292 sed
2438 4239 2659 4304 propter
2681 4225 3095 4284 similitudinem
3127 4220 3346 4276 deitatis
3379 4230 3546 4287 quam
3583 4215 3840 4304 repraesen-

2313 4328 2484 4388 tabat,
2519 4323 2661 4378 Deus
2684 4327 2912 4374 vocatur
2937 4336 2949 4372 :
2981 4331 3082 4371 nec
3104 4314 3316 4384 primus
3362 4309 3505 4364 Deus
3527 4315 3631 4369 est,
3665 4296 3750 4354 sed
3776 4306 3840 4348 se-

2313 4419 2522 4475 cundas
2549 4417 2605 4470 in
2633 4415 2835 4469 deitate
2877 4427 2945 4466 ex
2989 4406 3304 4478 dignatione
3349 4407 3604 4470 occupat,
3656 4406 3755 4448 non
3792 4398 3840 4438 ex

637 4484 771 4574 έὶεού
794 4484 1178 4590 ’ἔμψυχον
1204 4515 1299 4568 καὶ
1339 4513 1518 4578 ζῶσαν
1570 4512 1762 4583 νοερὰν
1793 4484 2022 4576 εἰκόνα,
2047 4484 2207 4567 ’κατὰ

2310 4515 2433 4584 jure
2466 4521 2522 4567 et
2549 4509 2882 4580 pr0prietate
2918 4524 2931 4559 :
2967 4517 3094 4557 nam
3129 4499 3273 4555 Deus
3309 4498 3379 4552 ob
3407 4484 3839 4590 accuratissimam

638 4614 818 4669 πάντα
852 4611 930 4681 τῷ
959 4610 1129 4680 Harp).
1173 4605 1668 4681 παρωμοιωμένην,
1712 4605 1923 4675 καὶτῆς
1954 4605 2207 4678 θεότητος

635 4720 698 4764 ’τε
737 4706 908 4777 αὐτῆς
958 4705 1056 4774 τὴν
1096 4702 1354 4772 ὁμοίωσιν
1398 4697 1818 4770 ἐπιφερομένην.
1869 4697 2052 4770 Ταύτῃ
2098 4716 2209 4751 τοι-

635 4798 840 4872 γαροῦν
873 4798 968 4852 καὶ
991 4796 1153 4850 αὑτὸν
1181 4795 1256 4858 ὡς
1288 4793 1353 4848 ἂν
1383 4794 1544 4864 μόνον
1575 4792 1703 4845 Υἰὸν
1726 4793 1819 4845 καὶ
1842 4791 2000 4862 μόνον
2028 4792 2210 4845 εἰκόνα

633 4895 764 4950 ὂντα
804 4890 898 4945 τοῦ
935 4889 1094 4953 Θεοῦ,
1129 4888 1221 4940 καὶ
1262 4885 1362 4957 τῆς
1391 4886 1682 4954 ἁγεννήτου
1709 4883 1804 4937 κα)⁸
1845 4883 2080 4955 ἀνάρχου
2112 4883 2206 4937 τοῦ

557 5003 562 5013 .
635 4985 851 5056 ηατρδς
883 4983 1073 5045 οὐσίας
1092 4981 1191 5044 τὰς
1212 4979 1469 5048 δυνάμεις
1489 4977 1631 5032 κατὰ
1655 4977 1716 5030 τὸ
1741 4975 2087 5049 παράδειγμα
2109 4977 2208 5048 τῆς

635 5075 946 5150 ὁμοιώσεως
1005 5071 1501 5144 περιϐεϐλημένον,
1557 5071 1662 5124 ὑπό
1717 5087 1778 5122 τε
1842 5069 1936 5123 τοῦ
1991 5069 2207 5124 πάντων

635 5167 1030 5240 τεχνικωτάτου
1061 5166 1156 5219 καὶ
1207 5162 1676 5232 πανεπιστήμονος
1713 5160 2002 5232 ζωγράφου
2033 5177 2091 5214 τε
2113 5162 2208 5214 καὶ

637 5258 902 5325 ζωοποιοῦ
941 5257 1152 5330 Πατρὸς
1185 5257 1265 5319 εις
1294 5255 1356 5309 τὸ
1381 5254 1462 5308 ἔτι
1499 5253 1724 5324 ἀκριϐὲς
1766 5253 1864 5324 τῆς
1896 5253 2207 5324 ὁμοιώσεως

636 5350 1096 5422 ἀπειργασμένον,
1135 5348 1268 5402 Θεὸν
1315 5346 1538 5410 εἰκότως
1559 5347 1608 5398 οἱ
1641 5345 1772 5398 θεῖοι
1817 5345 2205 5416 ἀναγορεύουσι

637 5443 820 5511 λόγοι·
855 5440 931 5506 ὡς
985 5441 1079 5494 καὶ
1129 5438 1333 5510 ταύτης
1377 5438 1518 5509 μετὰ
1556 5437 1665 5490 τῶν
1706 5437 1878 5493 ἄλλων
1917 5437 2065 5510 παρὰ
2109 5435 2204 5490 τοῦ

639 5534 850 5607 Πατρὸς
906 5532 1205 5603 ἠξιωμένον
1261 5530 1650 5602 προσηγορίας,
1681 5533 1732 5586 εἰ
1755 5531 1943 5604 ,ηφότα
1973 5547 2052 5594 τε,
2091 5529 2205 5582 ἀλλ’

2313 4571 2721 4662 sitiiilitudinetii
2744 4600 2848 4653 hac
2873 4598 3023 4652 illum
3053 4591 3416 4664 appellatione
3443 4581 3680 4639 donavit.
3706 4571 3842 4667 Eust-

2309 4699 2483 4754 bianre
2508 4696 2576 4750 de
2596 4692 2718 4748 Filii
2749 4692 2950 4747 deitate
2979 4687 3239 4742 doctrinae
3268 4681 3541 4736 luculenta
3571 4675 3694 4728 item
3719 4668 3842 4762 ιςεξι·

2312 4791 2492 4844 monia
2515 4787 2671 4843 affert
2697 4785 3038 4856 Nicephorus
3066 4777 3377 4852 patriarcha
3408 4774 3464 4827 in
3486 4757 3840 4858 Antirrlieticit.

2309 4881 2470 4951 cujus
2493 4878 2678 4950 operis
2705 4891 2811 4930 non
2834 4854 3118 4929 hactenus
3148 4867 3280 4925 editi
3309 4881 3372 4919 ac
3403 4865 3524 4917 luce
3551 4854 3840 4951 dignifsilj“:

2314 4942 2608 5030 editionem
2644 4975 2801 5040 parat
2827 4964 3234 5022 eruditissimus
3254 4957 3546 5012 Anselmus
3574 4942 3843 5040 Banduril'li

2315 5077 2520 5120 noster.
2575 5025 2698 5121 Haec
2740 5061 2905 5132 igitur
2936 5063 3191 5124 excerpta
3233 5050 3386 5104 all’ert
3424 5046 3516 5100 ille
3546 5057 3613 5098 ex
3651 5025 3843 5137 epistol“

2315 5156 2533 5212 Eusebii
2566 5155 2634 5208 ad
2662 5150 3039 5208 Constantiam
3068 5147 3364 5216 Augustam
3391 5159 3404 5195 :
3430 5137 3603 5198 Μόνος
3631 5136 3843 5216 γουνῗουο

2312 5267 2402 5314 τος
2439 5247 2577 5319 μετὰ
2601 5246 2691 5300 τὸν
2723 5243 2983 5297 ἀνωτάτω
3009 5238 3140 5294 Θεὸν
3171 5237 3265 5291 καὶ
3288 5231 3508 5302 Πατέρα
3531 5219 3727 5319 δίκαιός

2313 5313 2516 5416 Κύριος
2549 5340 2641 5393 καὶ
2671 5334 3014 5396 δικαιοσύνας
3041 5331 3316 5403 ἠγάπησε,
3353 5325 3406 5380 id
3432 5330 3550 5378 est:
3583 5313 3844 5416 Dic‘itaq‘u‘e'

2313 5397 2458 5491 solus
2497 5397 2622 5504 post
2655 5444 2953 5498 supremum
3007 5397 3174 5478 Deum
3205 5397 3255 5476 et
3307 5419 3544 5477 Patrem,
3585 5397 3845 5504 justaslt‘l

2315 5497 2593 5591 Dominus,
2625 5536 2673 5580 et
2701 5523 2949 5593 justitias
2975 5517 3192 5578 dilexit;
3223 5523 3278 5570 et
3315 5508 3504 5582 paucis
3541 5497 3841 5567 interiectis:

709 5717 788 5788 (a)
827 5716 995 5788 Lib.t
1027 5714 1224 5768 Contra
1261 5711 1592 5780 Marcellum,
1632 5728 1734 5784 pag
1803 5714 1872 5784 ιο,
1908 5713 2067 5784 μόνος
2101 5714 2202 5785 ἀλη

2310 5725 2352 5779 δς
2380 5714 2542 5778 Θεός’
2595 5719 2647 5765 et
2689 5708 2785 5763 lib.
2855 5721 2890 5759 u
2933 5703 3130 5759 Contra
3166 5694 3500 5757 Marcellum,
3567 5701 3685 5761 pag.
3719 5664 3842 5774 >109:

639 5796 692 5842 ct
724 5787 780 5858 ρ.
819 5787 908 5855 87,
944 5787 1031 5841 eo.
