3994 6448
167 360 226 418 Η
965 358 1468 418 COMMENTARIA
1501 360 1570 417 IN
1595 361 1934 420 PSAIMOS.
1977 396 2048 405 --
2085 361 2620 422 PRELIMINARIA.
3333 373 3402 426 42

169 483 280 534 ὀτι
323 478 522 551 ἔχομεν
562 479 654 533 καὶ
685 479 848 550 ἡμεῖς
885 480 1144 554 ἀρχιερέα
1176 481 1348 554 μέγαν
1379 481 1715 553 stemmata

1833 481 1964 536 illud
1992 483 2265 549 αὑτόοεος,
2312 484 2423 554 ipse
2455 485 2596 539 Deus
2622 483 2732 557 (b);
2764 485 2878 540 sive
2903 484 3045 556 quod
3086 485 3215 543 alibi
3245 487 3400 552 dicit,

163 573 279 637 τοὺς
306 571 590 643 οὐρανοὺς,
631 571 835 644 Ἰησοῦν
864 573 956 626 τὸν
982 573 1110 628 Υἰὸν
1141 573 1234 626 τοῦ
1263 574 1418 628 Θεοῦο
1448 570 1510 630 οὗ
1535 575 1602 630 τὰ
1629 575 1728 648 μὲν

163 664 410 720 ἀνωτάτω
433 664 531 717 καὶ⁵
563 666 827 735 κορυφαῖα
857 665 955 736 τῆς
983 664 1237 737 Θεότητος
1265 666 1520 722 ἐπέκεινα
1546 668 1728 740 πάσης

163 756 378 819 κτίσεως
424 755 702 827 διήκοντα,
748 755 1066 828 καλύμματι
1115 757 1364 831 πατρικῷ
1409 759 1509 831 τῆς
1545 759 1726 814 ἐνθέου

161 846 448 918 ἀῖδιάτητος
490 846 586 901 καὶ
629 847 955 921 ἀγεννησεας
1007 849 1461 918 ὲπικαλύπτεται,
1491 855 1543 910 id
1591 865 1722 912 est:

165 940 294 1008 Quia
327 938 580 995 habemus
607 950 658 995 et
691 959 785 996 nos
812 941 1127 1012 Pontiﬁcem
1159 960 1426 1014 magnum,
1457 949 1548 1018 qui
1571 949 1726 1004 caelos

164 1030 455 1101 prateriait,
480 1029 662 1087 Iesum
690 1031 887 1088 Filium
911 1035 1028 1102 Dei,
1052 1039 1204 1108 cujus
1236 1037 1462 1094 Deitatis
1481 1057 1727 1110 suprema

164 1132 208 1177 et
235 1137 459 1188 summa,
489 1141 654 1195 supra
683 1142 884 1182 omnem
915 1139 1216 1185 creaturam
1251 1132 1608 1202 pervadeutia,
1629 1149 1726 1202 pa-

167 1226 298 1271 terno
328 1215 522 1271 divina:
541 1219 856 1276 a'ternitatis
877 1229 926 1275 et
950 1222 1380 1280 innascibilitatis
1407 1228 1726 1295 operimento

164 1317 513 1378 conteguntur.
545 1308 659 1364 Sub
689 1312 804 1368 huic
827 1321 1008 1370 autem
1040 1315 1242 1372 clarius
1277 1335 1291 1371 :
1339 1317 1396 1373 '0
1427 1319 1484 1373 δὲ
1511 1321 1604 1374 ἐπὶ
1630 1321 1724 1376 τοῦ

167 1397 400 1470 pestium
445 1400 710 1470 στέφανος
740 1402 840 1472 τῆς
881 1401 1062 1457 ἐνθέου
1095 1407 1189 1458 καὶ
1227 1410 1725 1482 παντοκρατορικῆς

166 1488 420 1560 βασιλείας
449 1507 512 1543 τε
547 1491 643 1545 καὶ
679 1491 995 1558 δεσποτείας
1022 1493 1210 1566 ἐδήλου
1243 1498 1632 1570 προσηγορίαν,
1657 1499 1725 1572 ἢν

167 1581 299 1653 μόνῳ
328 1579 404 1652 τῷ
435 1582 734 1653 Μονογενεῖ
755 1584 782 1636 ὁ
809 1585 1067 1640 ἀνωτάτω
1104 1587 1197 1641 καὶ
1233 1587 1391 1660 μόνος
1423 1588 1587 1643 αὑτοῦ
1616 1591 1728 1644 Πα-

163 1674 258 1746 τὴρ
284 1674 616 1745 ἐδωρήσατο,
651 1675 783 1730 Θεὸν
829 1677 925 1731 καὶ
969 1679 1175 1751 Κύριον
1219 1681 1313 1734 καὶ
1347 1681 1572 1752 βασιλέα
1614 1683 1724 1738 τῶν

163 1765 286 1820 ὅλων
307 1766 461 1838 μόνον
487 1768 652 1824 αὑτὸν
685 1770 826 1840 μετά
855 1788 919 1841 γε
949 1773 1141 1827 ἑαυτὸν
1172 1773 1475 1842 ἀναδείξας.
1508 1776 1559 1831 id
1595 1785 1678 1833 est
1704 1797 1718 1834 :

1828 573 2078 646 ἀληθινὸς
2097 575 2248 640 Θεός.
2275 592 2425 630 verus
2452 576 2630 640 Deus;
2657 577 2866 632 scilicet
2884 585 3196 646 comparate
3221 579 3286 634 ad
3306 579 3406 634 ho-

1829 664 2027 726 mines,
2057 665 2150 735 qui
2175 665 2470 737 aliquando
2500 667 2575 721 dii
2608 667 2988 738 appellantur:
3024 683 3150 722 nam
3177 683 3404 740 compa-

1828 763 1948 811 rate
1981 756 2047 811 ad
2075 755 2315 824 Patrem,
2349 759 2464 814 sive
2494 757 2661 814 Deum
2695 759 3102 826 universorum,
3137 775 3246 816 non
3276 776 3403 817 vere

1827 854 1879 903 et
1907 848 2126 918 proprie
2154 847 2298 906 Deus
2325 849 2549 917 dicitur,
2587 851 2888 908 secundum
2929 852 3148 911 Eusebii
3178 863 3404 910 senten-

1828 939 1979 995 tiam.

1827 1052 1886 1104 Χ.
1909 1053 2063 1114 Quam
2085 1053 2292 1106 adversa
2313 1057 2495 1106 rationi
2525 1064 2579 1169 at
2600 1059 2870 1170 priscorum
2907 1061 3109 1112 Patrum
3133 1063 3402 1116 sententiae

2573 1134 2598 1169 a
2635 1135 2661 1170 a
2691 1157 2704 1170 .

2573 1134 2704 1171 auat.

1899 1197 1991 1254 Sic
2021 1200 2112 1257 ille
2138 1217 2208 1258 ne
2226 1201 2366 1259 duos
2395 1203 2530 1262 deos
2557 1205 2741 1263 dicere
2764 1197 3013 1280 cogatur,
3040 1207 3235 1264 Filium
3272 1225 3403 1266 vere

1827 1290 1996 1348 Deum
2026 1308 2151 1349 esse
2174 1302 2356 1366 negat,
2393 1295 2808 1368 Evangeliorum
2838 1300 2984 1354 dicta
3017 1299 3344 1372 distorquet,
3369 1318 3401 1356 a

1825 1383 2130 1454 priscorum
2146 1384 2368 1441 Patrum
2387 1386 2635 1444 doctrina
2651 1388 2904 1457 discedit,
2921 1397 2974 1447 et
2987 1391 3054 1446 ad
3071 1393 3400 1449 Arianorum

1824 1481 2008 1540 partes
2023 1474 2253 1530 accedit.
2267 1473 2402 1530 Nam
2422 1486 2482 1531 ut
2500 1477 2791 1550 Evangelia
2811 1487 2922 1536 tres
2943 1496 3065 1539 esse
3085 1483 3141 1538 in
3161 1499 3272 1537 uno
3289 1483 3400 1539 Deo

1824 1577 2090 1633 personas
2112 1565 2258 1621 clare
2289 1565 2563 1636 indicant;
2598 1569 2674 1624 ita
2710 1571 2976 1628 rationem
3007 1572 3100 1630 Dei
3133 1573 3189 1629 in
3223 1575 3398 1630 tribus

1826 1670 1989 1710 unam
2011 1664 2063 1712 et
2085 1657 2328 1714 eamdem
2353 1675 2480 1715 esse
2508 1659 2706 1716 docent
2727 1682 2738 1716 :
2759 1663 2984 1718 stultum
3007 1666 3205 1736 quippe
3228 1675 3313 1723 est
3341 1667 3397 1722 in
3464 1727 3466 1730 ,

1825 1739 1929 1796 hoc
1955 1741 2182 1799 Joannis
2199 1743 2364 1811 dicto,
2395 1763 2434 1811 ι,
2465 1748 2486 1801 1
2516 1767 2529 1802 :
2557 1747 2621 1804 In
2643 1751 2898 1820 principio
2923 1765 3038 1808 erat
3081 1753 3324 1820 Verbum,
3348 1767 3400 1813 et

165 1829 356 1912 Corona
381 1867 558 1913 autem
585 1860 637 1913 in
666 1829 839 1930 fronte
868 1829 1062 1932 posita,
1085 1863 1252 1919 divini
1277 1875 1326 1920 et
1349 1829 1718 1934 dmuipotentis
1752 1844 1793 1899 Β
1831 1829 2059 1934 ἵππω,
2077 1835 2350 1934 παίαῖηιά
2367 1835 2617 1934 ρεαωά
2634 1838 2771 1934 De”
2787 1852 2902 1896 "at
2928 1842 3169 1910 verbum’
3187 1845 3326 1900 duas
3343 1856 3396 1902 et

165 1951 294 2021 regni
328 1967 388 2004 ac
423 1950 651 2007 dominii
688 1955 1089 2024 appellationem
1121 1957 1398 2015 declarat:
1421 1977 1580 2030 quam
1618 1963 1721 2018 soli

169 2038 425 2112 Unigenito
444 2059 721 2112 supremus
737 2054 788 2100 et
808 2047 951 2102 solus
967 2049 1082 2116 ejus
1102 2047 1262 2104 Pater
1279 2051 1514 2115 donarit,
1527 2053 1718 2121 Deum,

166 2131 429 2187 Dominum
455 2142 507 2186 et
532 2131 719 2206 Regem
749 2136 1111 2194 universorum
1133 2142 1305 2195 solum
1329 2144 1501 2212 ipsum
1522 2157 1637 2214 post
1666 2165 1721 2204 se

164 2221 442 2277 declarans.
478 2221 584 2280 Ubi
612 2224 766 2282 vides
790 2241 857 2282 ex
878 2225 1132 2294 Eusebio,
1159 2229 1380 2297 Filium,
1409 2234 1502 2291 Dei
1531 2245 1584 2293 et
1609 2237 1718 2294 Do-

164 2313 279 2368 mini
295 2315 706 2386 appellationem
727 2333 791 2374 ex
809 2320 924 2375 sola
941 2321 1252 2394 dignatione
1264 2324 1438 2386 Patris
1450 2329 1718 2400 obtinere,

166 2417 221 2457 ac
244 2403 534 2459 secundum
558 2421 587 2460 a
615 2405 775 2464 Patre
807 2407 971 2466 Deum
995 2427 1136 2478 esse,
1168 2429 1278 2484 quo
1309 2419 1534 2488 respicit
1555 2421 1718 2476 etiam

165 2491 776 2554 illeCommentariorum
795 2500 1029 2567 locus,in
1045 2518 1256 2576 argum.
1275 2508 1411 2578 psal.
1429 2525 1575 2564 Lxxu
1592 2511 1722 2567 Asa-

168 2583 267 2654 phi,
284 2597 334 2640 et
348 2586 411 2640 ad
434 2587 574 2658 psol.
597 2604 631 2643 ι
652 2589 750 2644 :Ac
768 2607 830 2645 ne
857 2593 972 2661 quis
1005 2593 1067 2649 ob
1086 2599 1424 2664 manare/tite,
1439 2603 1546 2656 sive
1563 2603 1718 2658 unius

167 2675 406 2747 principii,
425 2680 684 2735 rationem
701 2682 1021 2748 turbaretur,
1041 2685 1311 2744 Christum
1323 2688 1419 2746 Dei
1433 2692 1596 2747 Deum
1608 2711 1720 2750 esse

167 2766 398 2832 audiens;
423 2783 770 2842 congruenter
784 2775 867 2830 hic
886 2778 1077 2834 multos
1095 2779 1218 2836 deos
1237 2784 1470 2837 nominat
1487 2801 1597 2850 eos,
1629 2788 1720 2858 qui

167 2859 248 2912 sub
263 2859 366 2915 lucc
385 2862 702 2918 incusantur
719 2881 738 2919 :
755 2877 960 2922 tantum
991 2887 1092 2925 non
1108 2873 1416 2942 praecipiens
1439 2885 1574 2931 utne
1587 2893 1720 2932 cun-

165 2959 344 3005 ctemur
357 2951 562 3008 Filium
579 2972 779 3029 quoque
801 2959 895 3014 Dei
913 2960 1078 3015 Deum
1102 2979 1304 3019 vocare.
1323 2963 1382 3020 Si
1401 2967 1539 3020 enim
1551 2970 1718 3039 gentis

164 3043 414 3113 principes,
428 3049 520 3118 qui
534 3049 670 3103 male
683 3050 986 3115 audiebant,
1018 3052 1110 3109 Dei
1127 3057 1334 3111 nomine
1347 3057 1552 3130 dignati
1572 3071 1715 3128 sunt,

165 3134 305 3246 quoi,
329 3153 526 3246 quaiso,
556 3141 846 3245 periculum
873 3144 1055 3214 fuerit,
1079 3148 1126 3202 si
1138 3150 1322 3246 pirum
1346 3141 1712 3220 dexterae'Dei,
1739 3187 1784 3246 ο

162 3233 205 3278 et
232 3226 391 3294 ﬁlium
421 3228 653 3287 hominis
695 3236 1092 3305 conﬁrmatum,
1126 3237 1294 3294 Deum
1335 3242 1627 3312 fateamur,
1658 3245 1713 3301 id

163 3322 252 3380 cst,
281 3331 398 3372 cum
433 3318 687 3378 homines
715 3325 878 3379 etiam
913 3327 988 3381 dii
1020 3338 1301 3392 vocentur.
1336 3334 1505 3390 multo
1539 3338 1714 3408 magis

165 3421 432 3476 possumus
463 3413 745 3470 Christum
771 3419 1045 3489 appellare
1076 3420 1266 3489 Deum,
1296 3426 1426 3498 quin
1456 3427 1586 3484 hinc
1607 3446 1716 3487 me-

165 3506 239 3552 tus
268 3500 335 3554 sit
359 3517 427 3558 ne
455 3504 830 3573 pluralitatem
864 3509 1090 3568 deorum
1120 3521 1174 3570 et
1198 3516 1592 3589 princi;icrum
1629 3521 1714 3577 in-

162 3586 425 3659 ducamus,
457 3597 588 3667 quia
622 3598 833 3656 scilicet
876 3600 1049 3660 Filius
1095 3586 1214 3662 non,
1237 3586 1452 3680 preprie
1500 3621 1554 3668 et
1589 3631 1714 3672 vere

167 3680 288 3739 Deus
313 3699 414 3752 est,
442 3689 592 3759 quod
616 3690 704 3747 hic
725 3692 816 3748 ille
839 3694 1102 3762 insinuat,
1125 3707 1179 3754 et
1203 3702 1331 3758 alibi
1354 3704 1498 3760 clare
1520 3713 1574 3760 et
1594 3707 1714 3764 sine

164 3775 364 3848 ambage
388 3778 548 3838 dixit.
579 3781 706 3838 Ideo
722 3792 924 3855 autem,
945 3796 1004 3842 ut
1021 3789 1135 3860 ipse
1153 3792 1204 3847 in
1224 3794 1387 3849 allato
1409 3796 1549 3862 loco,
1577 3799 1631 3852 in
1649 3800 1714 3854 li-

165 3865 262 3957 bris
275 3867 466 3926 Contra
484 3872 877 3938 Marcellum.et
892 3879 944 3934 in
961 3879 1264 3939 Comment.
1281 3885 1335 3940 in
1359 3887 1494 3957 psal.
1511 3904 1709 3957 Lxxxv,

167 3953 488 4030 l0,explicat,
509 3961 650 4021 Deus
665 3966 755 4023 ille
775 3983 886 4038 prae
897 3970 1150 4028 omnibus
1167 3971 1254 4040 iis,
1269 3953 1469 4044 qui-Dei
1492 3953 1712 4036 nomine

164 4045 346 4118 dignati
380 4062 530 4119 sunt,
571 4058 896 4127 appellatur,
943 4062 1071 4133 quia
1107 4064 1161 4120 in
1205 4064 1325 4137 ipso
1369 4069 1487 4124 solo
1529 4068 1710 4127 Patris

163 4137 437 4200 similitudo
484 4156 770 4218 servatur;
805 4158 856 4206 et
886 4151 942 4207 in
983 4164 1106 4209 ortu
1149 4170 1250 4211 suo
1292 4172 1322 4212 a
1360 4157 1523 4216 Patre
1564 4159 1709 4218 Deus

165 4229 316 4290 lactus
342 4247 395 4292 et
421 4238 716 4310 deputatus
740 4249 845 4311 est,
882 4243 1220 4319 θεοποιηοείς
1248 4258 1307 4304 ut
1339 4265 1526 4322 supra,
1564 4238 1708 4310 unde

162 4324 300 4380 etiam
320 4339 400 4386 est
426 4331 572 4402 quod
597 4331 850 4400 αὑτόθεος
871 4347 1097 4395 vocetur
1129 4341 1184 4395 in
1227 4341 1370 4396 Hist.
1424 4343 1551 4399 εει-ι.
1579 4344 1615 4399 l.
1649 4360 1705 4408 x,

165 4429 209 4483 P.
239 4417 334 4474 375
365 4422 468 4494 (a),
500 4429 911 4498 comparatione
938 4430 1145 4487 scilicet
1167 4431 1471 4502 hominum,
1503 4435 1598 4505 qui
1627 4434 1702 4489 dii

1823 1921 2132 1993 diSparatas
2164 1923 2256 1980 Dei
2292 1925 2531 1983 rationes
2569 1931 2863 1995 somniare,
2899 1939 2953 1988 et
2997 1934 3395 2005 ineptissimam

1821 2014 2277 2087 amphibologiam
2301 2018 2554 2089 scriptori
2580 2035 2738 2077 sacro
2765 2021 3036 2094 amngere,
3065 2026 3208 2082 unde
3226 2028 3395 2098 prisci

1822 2103 2079 2162 Ecclesia:
2089 2105 2296 2176 Patres,
2309 2118 2417 2164 tam
2437 2111 2473 2165 ii
2489 2112 2580 2182 qui
2599 2113 2666 2168 ad
2680 2129 2852 2185 usque
2864 2125 3117 2186 quartum
3133 2121 3392 2176 saeculum

1820 2197 2074 2263 ﬂoruere,
2110 2214 2272 2271 quam
2302 2203 2339 2256 ii
2367 2204 2460 2274 qui
2489 2219 2555 2260 cx
2587 2211 2702 2260 toto
2732 2207 2865 2263 orbe
2901 2212 3075 2265 coacti
3117 2209 3390 2268 Nicaauam

1821 2291 2088 2362 synodum
2109 2292 2476 2362 celebrarunt,
2496 2296 2599 2352 etsi
2651 2297 3022 2370 hypostasium
3050 2309 3105 2356 et
3131 2317 3394 2372 persona-

1820 2395 1940 2434 rum
1975 2380 2202 2438 vocibus
2241 2399 2349 2440 non
2383 2393 2688 2454 uterentur,
2729 2387 2919 2445 eadem
2969 2392 3236 2447 sententia
3277 2401 3390 2451 tres

1822 2486 1990 2526 unum
2019 2474 2357 2531 constituere
2391 2475 2585 2544 Deum,
2618 2486 2936 2536 constanter
2967 2479 3253 2539 docebant.
3289 2484 3391 2542 Hie

1819 2567 2069 2634 apposite
2105 2579 2270 2623 aurea
2303 2567 2394 2623 illa
2421 2567 2668 2642 Dionysii
2699 2571 3079 2640 Alexandrini,
3101 2592 3262 2647 quem
3295 2593 3392 2649 pa-

1819 2655 2079 2713 trocinari
2133 2659 2238 2716 sibi
2289 2659 2428 2717 falso
2469 2662 2795 2732 jactitabant
2846 2664 3057 2734 Ariani,
3116 2671 3390 2726 sententia

1819 2746 1998 2803 locum
2043 2749 2241 2808 habeat
2272 2769 2286 2807 :
2321 2751 2483 2808 Οὕτω
2527 2753 2626 2826 μὲν
2658 2757 2819 2828 ἡμεῖς
2855 2759 2934 2822 εἷς
2965 2776 3026 2811 τε
3053 2761 3154 2832 τὴν
3185 2761 3394 2834 Τριάδα

1818 2838 1917 2911 τὴν
1946 2840 2149 2910 μονάδα
2190 2841 2530 2916 πλατύνομεν
2572 2846 2897 2918 ἀδιαίρετον,
2929 2849 3024 2903 καὶ
3060 2851 3156 2922 τὴν
3189 2852 3393 2924 Τριάδα

1819 2931 1982 2986 πάλιν
2023 2933 2292 3005 ἀμείωτον
2335 2937 2416 3001 εἰς
2454 2935 2554 3008 τὴν
2590 2939 2790 3010 μονάδα
2820 2942 3388 3015 συγκεφαλαιούμεθα,

1821 3025 1926 3081 hoc
1950 3031 2075 3080 est:
2108 3023 2199 3080 Sic
2229 3025 2436 3098 quidem
2471 3043 2566 3083 nos
2619 3029 2990 3086 indivisibilem
3035 3033 3292 3088 unitatem
3332 3036 3388 3088 in

1822 3116 2140 3174 Trinitatem
2182 3118 2500 3184 dilatantus,
2545 3128 2596 3174 et
2647 3119 2962 3177 Trinitatem
3010 3125 3222 3189 iterum,
3271 3143 3391 3198 quc

1815 3209 2060 3266 imminui
2095 3211 2290 3283 nequit,
2333 3213 2386 3265 in
2414 3212 2669 3267 unitatem
2701 3215 3076 3270 contrahimus.
3102 3215 3205 3273 Ubi
3233 3219 3388 3275 vides

1816 3305 2080 3360 unitatem
2116 3301 2232 3368 Dei,
2266 3311 2456 3359 contra
2483 3319 2644 3376 quam
2677 3303 2946 3365 Eusebius
2982 3313 3167 3376 sentit,
3199 3311 3254 3366 in
3286 3313 3388 3368 tri-

1815 3395 1918 3452 bus
1948 3397 2200 3467 personis
2229 3397 2514 3453 constitui.
2546 3396 2828 3468 Siquidem
2856 3400 3099 3461 Trinitas
3135 3406 3223 3460 illa
3251 3407 3386 3464 nihil

1814 3487 2009 3543 unitati
2034 3488 2218 3554 ollicit,
2247 3490 2376 3561 quia
2407 3490 2460 3544 in
2491 3490 2670 3548 tribus
2692 3508 2800 3547 una
2826 3505 3041 3556 natura.
3078 3497 3385 3556 substantia

1812 3586 1866 3634 et
1900 3578 2078 3636 deitas
2120 3580 2361 3636 exsistit.
2408 3579 2482 3635 De
2513 3582 2784 3637 sententia
2824 3599 2954 3639 vero
2983 3584 3202 3643 Eusebii
3236 3589 3385 3645 circa

1815 3669 2077 3740 Spiritum
2106 3681 2375 3734 sanctum,
2404 3687 2513 3728 non
2541 3682 2625 3729 est
2643 3673 2786 3744 quod
2816 3673 3119 3732 disseratur
3146 3681 3386 3736 :etenim

1812 3763 1896 3818 vel
1927 3762 1962 3817 ii
1993 3763 2082 3833 qui
2127 3764 2248 3832 ejus
2292 3762 2359 3818 de
2391 3761 2542 3819 'Filio
2581 3763 2888 3821 doctrinam
2922 3771 3058 3824 tueri
3090 3782 3384 3839 conantur,

1812 3868 1923 3908 non
1949 3853 2162 3910 inllcias
2184 3863 2316 3910 eunt
2345 3855 2522 3927 ipsum
2554 3857 2622 3912 de
2646 3857 2849 3928 Spiritu
2883 3869 3073 3916 sancto
3100 3877 3207 3917 non
3239 3873 3386 3920 recte

1813 3947 2076 4003 locutum.
2106 3945 2242 4002 Nam
2273 3947 2416 4003 libro
2450 3959 2635 4002 contra
2673 3948 2987 4005 Marcellum
3012 3952 3082 4024 (c)
3128 3955 3220 4020 ait,
3259 3955 3384 4027 Spi-

1811 4041 1976 4095 ritum
2007 4048 2256 4097 sanctum
2287 4056 2464 4110 neque
2488 4041 2654 4098 Deum
2685 4059 2862 4114 neque
2897 4044 3092 4100 Filium
3121 4063 3274 4114 esse;
3307 4050 3382 4104 ita

1811 4141 1870 4186 ut
1899 4131 2050 4185 illum
2078 4131 2338 4186 decernat
2361 4129 2501 4188 Filio
2532 4131 2868 4198 inferiorem,
2892 4135 3090 4206 quippe
3118 4153 3279 4208 quem
3312 4154 3384 4194 ne

1809 4241 1873 4280 ex
1909 4223 2224 4295 dignatione
2269 4224 2488 4295 quidem
2529 4223 2699 4281 Deum
2740 4228 3044 4298 nuncupari
3086 4229 3256 4285 velit:
3284 4232 3382 4286 sed

1809 4325 1933 4388 post
1966 4314 2161 4370 Filium
2209 4331 2317 4372 non
2352 4331 2582 4371 numero
2620 4324 2853 4386 tantum,
2887 4318 2981 4374 sed
3015 4320 3176 4374 etiam
3208 4321 3382 4391 gradu

1809 4415 1864 4464 et
1896 4407 2160 4477 dignitate
2197 4406 2520 4462 constituat.
2566 4406 2622 4460 In
2663 4407 2750 4463 his
2796 4423 2926 4464 vero
2969 4413 3381 4468 commentariis

165 4517 430 4582 vocantur;
482 4531 583 4572 nec
621 4496 805 4575 tamen
854 4520 929 4576 dii
953 4521 1058 4577 dici
1086 4536 1334 4594 possunt,
1363 4527 1408 4582 si
1438 4496 1562 4582 cum
1601 4529 1698 4583 illo
1735 4534 1781 4592 D
1811 4509 2036 4594 per"?
2066 4496 2134 4551 de
2166 4496 2372 4594 59"."?
2396 4504 2587 4594 iam“)
2611 4496 2777 4552 verba
2802 4496 2950 4594 [δρψ
2984 4516 3112 4594 (ΨΜ
3135 4503 3376 4558 nondum

163 4600 511 4672 conferantur,
535 4617 596 4664 ut
622 4609 784 4668 habet
813 4612 867 4668 in
895 4613 981 4670 bis
1017 4619 1442 4674 commentariis.
1475 4619 1629 4688 Quod
1653 4622 1701 4676 si

165 4689 276 4745 illud
301 4695 584 4767 adjiciatur
609 4702 712 4774 (sic
751 4703 884 4773 ille),
923 4723 942 4756 ι
981 4705 1058 4760 Tu
1086 4725 1140 4762 es
1175 4708 1312 4764 Deus
1337 4711 1481 4767 solus
1522 4711 1699 4784 (Psal.

164 4795 335 4875 us",
349 4791 437 4863 I0)
454 4812 502 4859 ;›
519 4794 572 4848 id
587 4795 815 4867 applices
840 4799 1132 4866 Saluatori,
1155 4801 1251 4856 hac
1270 4803 1393 4857 item
1414 4821 1698 4875 apponens,

168 4890 185 4923 ι
207 4873 315 4932 Non
340 4893 412 4936 est
441 4885 629 4940 similis
653 4887 730 4941 tui
756 4888 808 4942 in
831 4888 959 4953 diis,
989 4889 1208 4946 Domine
1228 4885 1393 4961 (Ibid.
1519 4913 1537 4946 ι
1564 4895 1702 4950 sicut

165 4968 279 5022 enim
303 4975 345 5027 si
368 4989 415 5029 te
434 4993 552 5030 cum
579 4982 879 5035 memoratis
902 4983 1005 5036 diis
1031 4997 1410 5051 comparemus,
1445 5001 1466 5036 ι
1502 5003 1604 5040 non
1623 4997 1702 5042 est

167 5057 326 5118 similis
356 5069 451 5133 tui,
479 5087 500 5122 ι
533 5070 611 5124 sic
640 5071 688 5124 si
710 5081 756 5126 te
783 5074 1116 5144 conferamus
1139 5093 1256 5129 cum
1286 5077 1494 5142 iisdem,
1531 5088 1618 5133 «tu
1645 5097 1700 5136 es

167 5148 286 5209 Deus
319 5160 476 5215 solus.
510 5182 528 5215 ι
580 5163 850 5234 Siquidem
890 5165 1035 5223 solus
1070 5167 1317 5223 Salvator
1349 5180 1399 5225 et
1443 5170 1699 5228 Dominus

168 5253 314 5334 noster
348 5267 364 5300 t
400 5252 452 5304 in
490 5254 745 5324 principio
787 5267 932 5321 erat,
976 5257 1072 5312 Dei
1125 5258 1346 5314 Verbum
1375 5271 1513 5327 erat,
1559 5264 1698 5334 apud

169 5330 308 5390 Deum
325 5354 453 5408 erat,
465 5356 515 5399 et
537 5345 678 5401 Deus
695 5357 808 5402 erat
831 5346 1014 5418 (Joan.
1033 5365 1070 5413 ι,
1093 5351 1142 5421 I)
1165 5367 1179 5400 :
1199 5369 1216 5402 ι
1237 5351 1573 5421 quamobrem
1593 5330 1698 5406 non

168 5432 230 5474 est
247 5427 418 5486 similis
439 5433 538 5501 ipsi
559 5435 614 5488 in
641 5433 767 5500 diis,
792 5453 856 5490 ac
883 5437 1030 5492 solus
1051 5438 1158 5507 ipse
1184 5442 1338 5510 quasi
1361 5441 1414 5496 in
1431 5442 1534 5496 diis
1557 5442 1698 5498 Deus

171 5510 331 5584 fierit;
366 5539 479 5578 cum
509 5525 686 5580 nullus
712 5542 778 5581 ex
799 5529 981 5582 multis
1027 5530 1160 5594 illis,
1193 5533 1281 5602 qui
1313 5531 1389 5585 dii
1425 5543 1698 5602 vocantur,

171 5616 520 5676 comparatione
543 5618 689 5674 illius
725 5619 861 5675 Deus
887 5622 993 5675 dici
1021 5623 1207 5686 possit.
1249 5620 1388 5678 Hinc
1427 5624 1696 5697 intelligas

229 5719 293 5805 (ft)
313 5722 534 5805 IIuiusce
559 5732 882 5805 Patrologia:
902 5744 1106 5792 nostra:
1137 5745 1268 5792 tom.
1320 5734 1442 5793 XX.

227 5791 291 5862 (6)
325 5791 463 5855 Dem.
495 5819 570 5858 eu.
605 5821 656 5875 p.
691 5791 814 5862 I56:
991 5791 996 5792 ί
1090 5791 1093 5792 ν

415 5899 678 5966 Ριτιιοι.
713 5905 830 5968 Gn.
862 5903 1102 5965 XXIII.

1805 4599 1952 4644 mota
1983 4588 2160 4645 fuerat
2181 4589 2250 4644 de
2279 4586 2480 4659 Spiritu
2513 4596 2705 4643 sancto
2730 4591 2982 4660 quaestio.
3008 4591 3144 4648 Nam
3172 4595 3274 4651 etsi
3306 4595 3376 4650 ab

1803 4690 1993 4736 exortu
2033 4680 2348 4747 Arianismi,
2382 4695 2644 4750 sequaces
2683 4680 2796 4736 Arii
2829 4681 2897 4737 de
2931 4681 3137 4754 Spiritu
3180 4695 3374 4740 sancto
3451 4745 3458 4752 ,

1803 4774 1969 4844 impie
1999 4775 2290 4836 sentirent,
2336 4771 2578 4827 nondum
2619 4773 2896 4844 quidpiam
2929 4775 3216 4831 adversum
3246 4792 3376 4848 pro-

1802 4867 2061 4923 tulerant.
2092 4867 2197 4922 Sed
2223 4874 2346 4936 post
2367 4871 2597 4920 mortem
2621 4865 2734 4920 Arii
2755 4873 2809 4922 et
2832 4865 3073 4934 Eusebii,
3100 4869 3191 4923 ubi
3211 4867 3374 4924 Aria-

1803 4975 1999 5016 norum
2033 4967 2161 5016 sunt
2187 4959 2331 5012 facta
2357 4959 2609 5025 divortia,
2637 4956 3007 5014 Macedoniani
3030 4967 3085 5014 et
3101 4961 3369 5016 Pneuma-

1803 5052 2040 5109 tomachi
2073 5051 2340 5122 Spiritum
2387 5061 2661 5118 sanctum,
2701 5052 2926 5122 perinde
2960 5063 3122 5123 atque
3148 5051 3368 5120 Filium,

1802 5146 1946 5201 inter
1977 5145 2194 5218 opiticia
2223 5153 2278 5201 et
2315 5162 2403 5201 res
2440 5153 2653 5202 creatas
2696 5148 2874 5218 palam
2917 5155 3235 5218 computare
3260 5160 3376 5201 cm-

1802 5248 2019 5310 perunt.

2141 5351 2222 5402 XI.
2249 5351 2369 5404 Cum
2385 5350 2580 5402 Arianis
2601 5351 2749 5414 plane
2768 5353 3033 5402 consentit.

1873 5434 1936 5489 In
1969 5435 2036 5491 iis
2062 5450 2227 5506 porro
2271 5449 2392 5506 qua:
2426 5449 2590 5506 supra
2634 5434 2937 5500 attulimus,
2983 5449 3107 5488 cum
3151 5433 3281 5488 Ario
3317 5442 3372 5488 et

1799 5526 2017 5582 Arianis
2050 5528 2206 5597 plane
2232 5527 2508 5582 consentit
2553 5525 2819 5582 Eusebius
2869 5526 2946 5597 (ά)
2981 5510 3000 5582 ε’
3023 5541 3146 5581 nam
3178 5534 3232 5582 ct
3266 5526 3371 5594 ipsi

1799 5620 2028 5691 perinde
2047 5626 2208 5690 atque
2236 5618 2592 5674 Caesariensis
2616 5619 2707 5674 ille
2734 5619 2952 5690 praesul,
2983 5633 3150 5674 unum
3190 5624 3245 5672 et
3275 5632 3367 5672 so-

1873 5734 1941 5804 (:)
1981 5732 2044 5788 P.
2079 5734 2182 5788 m
2208 5741 2262 5788 et
2289 5732 2410 5804 175.

1869 5803 1945 5878 (ά)
1978 5805 2179 5860 Alban.
2214 5821 2265 5874 p.
2297 5803 2420 5868 728,
2450 5803 2574 5859 729.
