3994 6448
506 351 577 404 ts
1182 342 1450 398 EL’SEBII
1483 337 1966 398 CALSARIENSIS
2003 336 2154 394 ore.
2193 331 2372 390 PARS
2417 307 2506 386 lll.
2549 365 2618 376 -
2655 335 3064 391 EXEGETICA.
3711 327 3774 381 tt

509 471 618 522 lum
651 480 780 522 re.)
815 464 1005 528 Deum,
1041 462 1252 517 Patrem
1289 462 1522 525 scilicet,
1555 459 1949 526 admittebant;
1979 457 2074 512 Fi-
2104 475 2150 532 Α
2175 455 2304 506 xm.
2353 451 2462 515 Quo
2503 468 2655 506 sensu
2699 469 2736 512 ιξ
2759 469 2822 506 eu
2841 468 2955 532 an,
2979 459 3148 532 neget,
3188 459 3240 504 et
3296 452 3549 516 genitum
3598 441 3772 496 Filium

507 559 641 614 lium
662 574 792 612 vero
825 557 964 611 alius
996 572 1024 608 a
1061 564 1286 626 paterna
1314 552 1616 608 substantia
1636 589 1652 614 ,
1687 565 1862 619 neque
1889 564 2078 602 verum
2257 619 2287 626 _
2338 619 2350 626 _
2591 620 2603 626 _
2690 617 2748 626 μ’
2889 519 3033 626 ὼῗδξ

506 666 630 706 esse
661 649 827 704 Deum
867 607 1271 716 praedicabant:
1303 644 1429 707 etsi,
1468 641 1691 712 perinde
1724 607 1887 710 atque
1912 639 2080 695 Euse-

2249 619 2387 686 Quia
2419 635 2550 675 vero
2591 620 2644 672 in
2690 617 2906 672 Nicaana
2944 617 3067 681 lide,
3101 616 3190 671 cui
3229 610 3587 680 subscripsit
3615 607 3779 663 Euse-

511 742 657 804 bius,
709 703 776 794 de
823 703 960 791 Filio
1005 739 1289 806 loquentes
1337 751 1367 788 a
1563 703 1923 802 appellatione
1972 747 2080 786 ιιοη
2180 715 2327 776 hius,
2360 714 2652 768 damnatur
2679 713 2810 767 item
2838 713 3153 766 Arianicum
3177 711 3335 772 illud,
3363 708 3431 773 ea
3455 705 3566 758 οἰκ
3594 703 3777 806 ὖνταίν,

513 831 902 894 abhorrerent;
937 828 1132 882 Filium
1169 829 1326 896 longe
1357 826 1620 895 imparem
1650 830 1706 878 et
1759 823 2080 892 inaequalem

2208 821 2377 860 anon
2407 805 2806 867 exsistentibus,
2849 813 2902 860 et
2936 802 3129 858 Filium
3169 803 3425 872 genitum
3473 806 3533 852 et
3565 811 3676 850 non
3707 794 3782 847 fa-

510 921 680 985 Patri,
704 890 930 991 ipsoque
957 921 1218 973 minorem
1242 890 1581 971 a'tﬁrinabant
1604 933 1616 968 :
1644 915 1790 984 quod
1815 890 2083 969 Eusebius

2207 904 2328 950 :tum
2359 912 2482 952 esse
2509 896 2843 961 declaratur;
2898 896 3040 949 lianc
3081 892 3277 964 synodi
3321 890 3660 946 doctrinam
3691 901 3784 939 ore

513 1014 567 1068 in
602 1014 752 1068 hisce
802 1010 1230 1073 commentariis,
1287 1008 1342 1062 in
1385 1006 1704 1076 Evangelica
1741 1005 2086 1060 Demonstra-

2207 1002 2344 1042 enus
2393 984 2639 1040 defendit
2679 985 2972 1046 Eusebius.
3019 999 3088 1038 ne
3133 976 3504 1037 Constantini
3551 973 3784 1030 Nicena:

511 1109 652 1162 ιίοηε
683 1114 737 1162 ει
783 1107 838 1160 in
872 1105 1026 1159 libris
1072 1103 1270 1158 οοηινα
1302 1073 1615 1155 Munda—1m
1649 1097 2086 1169 ςταμιεηιίεείωθ
2182 1079 2442 1135 doctrina!
2473 1078 2809 1134 tenacissimi
2837 1075 3263 1146 indignationem
3291 1073 3666 1169 incurreret;
3695 1082 3786 1119 ore

515 1201 648 1256 dicit
697 1214 760 1255 ac
818 1198 1036 1268 repetit,
1073 1212 1174 1251 nec
1212 1211 1273 1250 ea
1307 1196 1361 1248 in
1397 1209 1455 1248 re
1487 1208 1726 1263 unquam
1757 1190 2086 1246 circuitione

2208 1186 2344 1228 enus
2366 1171 2504 1231 dixi.
2557 1185 2665 1224 non
2696 1185 2762 1224 ex
2790 1167 3110 1237 conjectura
3125 1173 3184 1220 et
3205 1164 3490 1236 opinione
3517 1157 3785 1230 quadam;

515 1294 599 1347 vel
632 1291 858 1360 ambage
879 1255 1073 1343 'milu'r_
1584 1255 1596 1263 ’
2186 1263 2280 1318 sed
2310 1277 2376 1316 ex
2405 1261 2540 1330 ipsis
2575 1259 2794 1314 Eusebii
2841 1257 3028 1322 dictis,
3079 1257 3173 1327 qui
3205 1271 3270 1312 ea
3308 1255 3368 1308 in
3412 1267 3480 1306 re
3524 1265 3677 1303 unus
3705 1255 3786 1301 sui

2188 1355 2199 1360 -
2276 1353 2287 1360 .
2394 1351 2405 1360 ι
2460 1359 2465 1360 ,
2918 1349 2928 1360 ι
3004 1356 3014 1360 -
3076 1347 3119 1360 ιι
3253 1346 3304 1360 ιιι
3375 1343 3389 1360 Ι
3470 1338 3534 1360 Ῥ
3571 1340 3665 1360 ΑΡ--
3706 1337 3755 1360 ιη

2187 1353 2360 1424 ipsius
2393 1351 2663 1421 interpres
2693 1365 2818 1405 esse
2845 1349 3041 1404 valeat.
3076 1347 3211 1400 Nam
3250 1343 3418 1405 illud,
3467 1338 3535 1406 ἐξ
3564 1340 3667 1392 οὐκ
3702 1337 3786 1390 ὃν-

2185 1462 2314 1508 των,
2343 1443 2556 1498 duobus
2599 1449 2779 1513 potest
2810 1440 2987 1495 modis
3036 1437 3303 1508 intelligi;
3338 1435 3562 1506 primo,
3615 1431 3692 1484 ita
3732 1439 3788 1483 ut

2188 1535 2282 1606 qui
2307 1549 2415 1590 non
2439 1540 2597 1589 antea
2619 1531 2914 1595 exstiterit,
2939 1522 3499 1584 initium~exsistendi
3528 1519 3785 1591 accipiat,

589 1611 1164 1684 Objiceresolentqui
1199 1611 1416 1666 Eusebii
1471 1618 1655 1682 partes
1708 1607 2088 1676 tutantur,ip-
2188 1633 2243 1682 ει
2277 1640 2402 1680 cum
2438 1624 2574 1678 nihil
2618 1630 2778 1677 antea
2825 1621 3040 1684 fuisset,
3083 1620 3141 1674 ίη
3189 1633 3373 1674 rerum
3414 1622 3631 1670 natura
3666 1628 3785 1682 ρτο.

503 1723 640 1764 sum
676 1708 729 1760 in
759 1706 966 1776 synodo
1003 1704 1239 1767 Nicaeus,
1271 1703 1348 1774 τῷ
1377 1702 1668 1774 ὁμοουσίῳ,
1714 1701 1828 1755 sive
1853 1701 2091 1753 consub-

2207 1719 2316 1772 leat
2345 1736 2358 1772 :
2383 1732 2545 1788 quam
2573 1730 2756 1771 veram
2784 1713 2953 1768 fuisse
2972 1711 3476 1783 .putoArianorum
3507 1716 3782 1762 mentem:

518 1425 619 1476 Xli.
667 1426 770 1484 Qua
813 1425 1062 1473 sententia
1101 1440 1150 1484 τᾳ
1171 1432 1350 1492 ἀμευσῑῳ
1381 1421 1504 1529 sive
1547 1416 2088 1467 consubstantialisub-

1165 1493 1392 1529 scripsert
1424 1517 1437 1529 .

1165 1493 1437 1544 scripserit.

512 1800 764 1855 stantiali
794 1797 1208 1867 s'ubscripsisse.
1239 1794 1304 1848 Et
1327 1795 1380 1849 id
1404 1809 1536 1848 sane
1567 1793 1894 1847 testificatur
1923 1789 2092 1844 Euse-

522 1893 645 1947 bius
686 1893 738 1946 in
776 1891 1004 1960 epistola
1056 1903 1152 1943 sua
1210 1887 1278 1941 ad
1333 1886 1730 1948 Cazsarienses;
1783 1899 1908 1938 nam
1940 1896 2086 1943 cum,

524 1985 870 2056 imperatore,
895 1989 1182 2052 praesente,
1213 1981 1442 2035 instaret
1481 1976 1659 2032 exsilii
1689 1983 1889 2037 metus,
1921 1973 2092 2028 Euse-

524 2077 670 2140 bius,
693 2074 787 2144 qui
815 2087 925 2128 non
947 2088 1012 2129 ex
1033 2087 1221 2128 eorum
1248 2083 1477 2125 numero
1508 2069 1629 2133 fuit,
1661 2068 1754 2136 qui
1779 2065 1846 2121 de
1877 2064 2094 2120 civitate

525 2167 835 2221 maluerunt
875 2179 1036 2234 quam
1070 2163 1137 2217 de
1169 2159 1440 2217 sententia
1471 2157 1760 2224 dimoveri,
1797 2170 1938 2226 aegre
1968 2163 2092 2209 tan-

525 2259 648 2313 dem
689 2255 900 2328 synodi,
924 2254 1140 2326 placitis
1171 2266 1432 2308 assensus
1473 2256 1587 2313 est;
1623 2256 1681 2302 ut
1720 2247 1836 2318 ipse
1869 2260 1970 2302 nec
1998 2245 2095 2301 ob-

528 2365 688 2406 scure
717 2349 895 2402 innuit
924 2348 978 2400 in
1008 2345 1196 2400 eadem
1230 2343 1477 2414 epistola,
1512 2341 1604 2394 καὶ
1643 2341 1831 2412 μέχρις
1860 2339 2096 2410 ἐσχάτης

526 2441 676 2515 ὥρας
710 2437 1056 2510 ὲνιστάμεϐα,
1093 2452 1256 2508 usque
1284 2434 1353 2490 ad
1391 2445 1679 2488 extremam
1718 2433 1903 2486 horam
1929 2431 2094 2488 obsti-

531 2535 708 2586 timus.
743 2532 922 2598 Quare
955 2530 1010 2585 id
1041 2544 1149 2583 non
1186 2537 1317 2599 puto
1343 2543 1464 2583 esse
1495 2528 1633 2580 tanti
1667 2527 1735 2580 ad
1764 2526 1883 2596 ejus
1910 2523 2096 2581 defen-

530 2625 738 2681 sionem
773 2643 784 2677 :
814 2623 944 2693 quid
967 2623 1111 2677 enim
1135 2626 1464 2676 exoneratus
1492 2616 1908 2680 metul’ecisset,
1939 2631 2100 2686 expe-

530 2717 712 2772 riund'i
742 2722 983 2786 potestas
1013 2729 1121 2768 non
1154 2711 1277 2768 fuit.
1312 2709 1417 2766 Sed
1448 2721 1629 2765 tamen
1667 2709 1743 2764 ita
1779 2708 1978 2763 ibidem
2003 2707 2097 2760 τοῦ

529 2808 812 2880 ὁμοουσίου
841 2806 1203 2878 significatum
1233 2803 1446 2870 extulit,
1474 2812 1532 2857 ut
1554 2803 1658 2858 sibi
1687 2800 1918 2873 pristina
1937 2814 2099 2870 repe-

531 2908 645 2954 tere
676 2899 881 2961 liceret,
905 2895 1079 2951 sicubi
1126 2893 1357 2950 facultas
1400 2894 1637 2950 adesset.
1681 2891 1818 2946 Nam
1859 2890 1974 2946 liae
2004 2905 2100 2944 ea-

531 2991 652 3048 dem
683 2992 736 3045 in
766 2990 995 3060 epistola
1025 2987 1233 3059 profert
1267 3007 1280 3042 :
1317 2987 1732 3059 Παραστατιοκὸν
1754 2985 1822 3039 δὲ
1862 2981 2000 3038 εἶναι
2042 2982 2102 3036 τὸ

533 3085 854 3155 ὀμοούσιον
873 3082 952 3150 τῷ
967 3081 1152 3151 Πατρζ
1169 3081 1227 3134 τὸ
1260 3078 1524 3151 μηδεμίαν
1556 3078 1850 3150 ἐμφέρειαν
1878 3077 2013 3148 πρὸς
2035 3076 2104 3128 τὰ

2123 1818 2246 1896 Βοει
2274 1808 2402 1864 huic
2439 1806 2724 1863 sententia:
2754 1804 3020 1860 Eusebius
3051 1817 3266 1874 semper
3296 1800 3536 1864 institit,
3569 1798 3665 1868 qui
3701 1796 3785 1850 Fi-

2195 1901 2326 1956 lium
2352 1910 2477 1955 ante
2506 1900 2840 1954 creationem
2870 1911 2978 1951 non
3005 1896 3402 1966 sempiternum
3435 1905 3574 1946 esse
3604 1887 3784 1944 defen-

2177 1989 2279 2044 -dit
2307 1991 2415 2060 (a);
2458 1988 2723 2052 secundo,
2768 2003 2835 2042 ex
2876 2002 2984 2042 non
3018 1985 3363 2042 exstantibus
3407 1981 3634 2053 aliquid
3676 1981 3784 2034 ﬁeri

2195 2083 2430 2148 dicatur,
2452 2095 2576 2135 cum
2603 2096 2669 2136 ex
2693 2078 2845 2134 nullo
2868 2081 3278 2150 prteexsistente
3297 2076 3581 2146 originem
3600 2071 3781 2127 ducit:

2196 2189 2306 2244 quo
2341 2187 2507 2227 sensu
2557 2171 2826 2228 Eusebius
2859 2170 3056 2226 Filium
3096 2187 3163 2226 ex
3213 2185 3324 2224 non
3374 2165 3786 2223 exsistentibus

2197 2261 2468 2331 prodiisse
2498 2269 2678 2331 negat,
2707 2275 2832 2314 nam
2861 2261 3064 2330 passim
3094 2259 3226 2313 dicit
3256 2266 3309 2314 et
3343 2266 3565 2328 pugnat
3595 2255 3786 2310 Filium

2197 2369 2262 2408 ex
2292 2351 2453 2407 Patre
2481 2352 2722 2422 genitum
2753 2367 2895 2417 esse,
2925 2351 3052 2406 licet
3078 2365 3188 2405 non
3212 2365 3312 2406 sua
3344 2350 3457 2406 sibi
3492 2347 3782 2402 ratiocinia

2197 2453 2478 2500 constent:
2513 2444 2778 2515 siquidem
2812 2443 2866 2498 in
2907 2443 3009 2498 hoc
3037 2442 3434 2497 commentario
3471 2439 3578 2504 ait,
3635 2438 3783 2492 Psal.

2200 2555 2342 2604 κων,
2375 2539 2433 2602 2,
2451 2535 2644 2590 Filium
2667 2551 2696 2589 a
2711 2534 2870 2590 Patre
2891 2551 2956 2590 ex
2985 2533 3148 2589 corde
3163 2541 3216 2588 et
3232 2549 3298 2588 ex
3316 2531 3636 2588 visceribus
3659 2545 3780 2600 pro-

2199 2629 2342 2684 duci.
2378 2627 2444 2681 Et
2507 2629 2564 2680 in
2597 2626 3057 2681 Demonstratione
3094 2624 3410 2694 evangelica,
3459 2623 3500 2678 l.
3541 2637 3619 2684 tv,
3653 2619 3780 2682 αἳ,

2201 2734 2254 2788 p.
2316 2717 2452 2781 NG,
2509 2715 2707 2770 Filium
2757 2717 3000 2788 genitum
3067 2714 3344 2779 declarat,
3409 2713 3780 2780 similiterque

2199 2827 2255 2882 p.
2293 2810 2422 2874 M8,
2465 2817 2518 2865 et
2552 2809 2752 2880 passim
2793 2808 2996 2878 ubique
3033 2822 3158 2861 cum
3201 2807 3257 2860 in
3291 2806 3392 2860 hoc
3437 2805 3567 2874 ipso
3597 2819 3776 2873 opere.

2201 2912 2315 2956 tum
2360 2901 2413 2955 in
2466 2901 2622 2956 libris
2672 2900 2872 2955 Contra
2914 2898 3246 2962 Marcellum,
3288 2899 3536 2969 genitum
3591 2895 3776 2948 Filium

2203 2991 2484 3048 contendit
2511 3011 2523 3047 :
2553 3002 2606 3046 et
2635 3001 2814 3046 tamen
2839 2992 2998 3045 aliam
3024 2989 3239 3045 a~Patre
3262 2990 3632 3045 substantiam
3655 2985 3776 3040 Filii

2203 3101 2344 3150 esse,
2388 3100 2496 3140 non
2528 3098 2758 3139 numero
2818 3093 3051 3144 tantum,
3085 3083 3178 3136 sed
3209 3081 3470 3152 dignitate
3493 3088 3550 3134 et
3576 3077 3778 3148 magni-

532 3174 733 3245 γενητὰ
765 3173 1034 3244 κτίσματα
1059 3172 1148 3224 τὸν
1180 3171 1301 3224 Υἱὸν
1328 3168 1422 3221 τοῦ
1457 3167 1589 3220 Θεοῦ
1625 3167 1830 3238 φέρειν,
1876 3165 2020 3236 μόνῳ
2047 3163 2103 3217 δὲ

2207 3177 2394 3232 tudine
2430 3175 2779 3247 pronuntiat;
2815 3173 2891 3228 ita
2920 3183 2978 3228 ut
3007 3189 3108 3228 nec
3136 3188 3260 3228 vere
3290 3182 3344 3226 et
3380 3173 3607 3242 proprie
3642 3170 3774 3224 Deus

531 3267 610 3338 τῷ
631 3267 807 3336 Πατρὶ
833 3264 910 3334 τῷ
925 3261 1276 3332 γεγεννηκότι
1304 3257 1714 3328 ἀφωμοιῶσθαι,
1745 3257 1836 3310 καὶ
1863 3256 1937 3326 μὴ
1965 3250 2104 3308 εἶναι

535 3358 596 3423 ἐξ
635 3358 823 3427 ἑτέρας
847 3355 990 3418 τινὸς
1036 3349 1382 3413 ὑποστάσεὼς
1411 3367 1468 3402 τε
1503 3349 1597 3401 καὶ
1633 3348 1840 3411 οὐσίας,
1884 3346 1996 3400 ἀλλ’
2041 3347 2104 3398 ὲκ

534 3445 628 3503 τοῦ
665 3447 896 3518 Πατρός,
925 3446 1031 3500 hoc
1064 3450 1149 3499 est
1183 3461 1194 3496 :
1232 3442 1422 3495 Verum
1459 3440 1600 3494 hisce
1650 3438 1842 3501 verbis,
1874 3450 2105 3491 consun-

536 3556 876 3596 STANTIALEI
917 3538 1111 3601 ΡΑτιιι,
1145 3537 1372 3591 indicari
1421 3535 1625 3589 nullam
1653 3532 1799 3586 Filio
1844 3531 1942 3586 Dei
1988 3546 2106 3584 cum

536 3632 695 3702 factis
729 3640 778 3685 et
811 3631 1002 3685 creatis
1045 3629 1197 3683 rebus
1244 3645 1355 3683 esse
1405 3625 1847 3688 similitudinem;
1883 3621 1972 3678 sed
2005 3622 2107 3677 soli

541 3725 718 3788 Patri,
749 3725 838 3794 qui
881 3725 1052 3792 ipsum
1097 3723 1298 3792 genuit,
1341 3721 1486 3774 omni
1519 3719 1674 3773 modo
1714 3718 1939 3772 similem
1975 3733 2104 3780 esse,

537 3833 696 3886 neque
731 3831 795 3870 ea:
839 3815 949 3868 alia
999 3831 1156 3884 quam
1215 3829 1280 3868 ea:
1325 3812 1506 3867 Patris
1578 3812 1853 3883 Itypostasi
1896 3822 1945 3866 et
1990 3811 2110 3869 tub-

537 3908 738 3962 stantia
789 3923 919 3961 esse.
973 3905 1073 3961 Ubi
1127 3905 1280 3961 vides
1328 3913 1554 3961 eatenus
1576 3903 1770 3960 Filium
1793 3903 1940 3958 Patri
1974 3919 2107 3958 con-

538 4000 954 4056 substantialem
975 3999 1108 4062 dici,
1134 4005 1404 4068 quatenus
1431 4014 1540 4051 non
1575 3997 1779 4052 creatis
1808 3996 1990 4059 rebus,
2015 3993 2110 4049 sed

537 4091 686 4147 Patri
730 4092 880 4147 omni
933 4092 1093 4145 modo
1143 4091 1338 4146 similis
1389 4099 1495 4145 est.
1539 4089 1852 4160 Ὀμοούσιος
1884 4089 2108 4158 quippe,

537 4189 654 4239 sive
697 4183 1206 4249 consubstantialis,
1257 4181 1405 4236 Patri
1457 4179 1628 4236 Filius
1675 4189 1760 4236 est
1811 4181 2111 4235 secundum

541 4273 855 4336 Eusebium,
887 4272 1012 4342 quia
1036 4271 1156 4341 ejus
1181 4271 1512 4335 substantia,
1547 4270 1726 4325 Patris
1748 4269 2110 4325 substantiam

541 4366 743 4432 refert;
781 4366 852 4419 ita
885 4375 944 4419 ut
973 4367 1184 4420 ratione
1216 4365 1594 4420 similitudinis
1627 4379 1730 4417 una
1766 4363 1838 4416 sit
1872 4363 1924 4416 in
1961 4370 2111 4414 utra-

539 4473 647 4527 que
689 4458 996 4512 substantia
1039 4457 1469 4528 reprtesentatio.
1516 4455 1672 4522 Quod
1725 4455 1851 4508 alibi
1905 4454 2110 4524 passim

539 4550 806 4612 enuntiat,
841 4550 1186 4619 maximeque
1225 4549 1278 4602 in
1323 4549 1476 4604 libris
1507 4544 1705 4602 Contra
1739 4546 2051 4600 Marcellum
2087 4561 2105 4599 :

541 4641 599 4694 in
639 4655 749 4710 quo
783 4647 962 4694 autem
993 4655 1114 4694 eam
1163 4639 1577 4694 similitudinem
1619 4638 1935 4702 constituat,
1981 4650 2106 4690 mox

541 4731 789 4801 pluribus
819 4731 1208 4800 expendemus.
1248 4729 1404 4797 Quod
1429 4729 1615 4799 adjicit
1645 4729 1736 4784 ille
1766 4726 1961 4782 Filium
1998 4742 2107 4781 non

541 4841 604 4879 ex
641 4824 768 4887 alia,
809 4840 972 4894 quain
1023 4840 1090 4878 ex
1142 4822 1320 4878 Patris
1367 4823 1648 4892 hypostasi
1695 4827 1749 4875 et
1799 4820 2107 4876 substantia

541 4931 683 4980 esse,
720 4930 829 4969 non
857 4916 930 4969 ita
964 4913 1217 4982 intelligit
1247 4912 1536 4976 Eusebius,
1577 4911 1721 4982 quod
1743 4909 1854 4980 jam
1885 4908 2109 4978 conspi-

541 5023 644 5062 cue
675 5007 958 5078 probatum
992 5013 1097 5067 est,
1143 5012 1201 5059 ut
1243 5004 1489 5060 eamdem
1521 5010 1673 5073 putet
1697 5017 1819 5058 esse
1847 4998 2026 5054 Patris
2055 5006 2109 5056 et

541 5097 663 5152 Filii
694 5097 1053 5153 substantiam
1093 5116 1105 5151 :
1141 5097 1192 5150 id
1225 5099 1368 5150 enim
1408 5094 1682 5150 sexcentis
1721 5095 1775 5148 in
1822 5093 1962 5148 locis
2010 5107 2107 5147 ex-

542 5191 712 5262 plodit
746 5190 854 5256 ille,
889 5197 942 5243 et
981 5199 1043 5244 ut
1087 5186 1308 5243 Sabellii
1346 5187 1651 5241 doctrinam
1695 5185 1964 5250 traducit;
2014 5183 2108 5240 sed

543 5283 687 5354 quod
735 5281 1098 5338 substantiam
1138 5296 1169 5334 a
1215 5292 1460 5350 paterna.
1505 5276 1684 5348 quoad
1727 5276 2016 5346 imaginem
2056 5283 2110 5330 ct

545 5368 980 5433 similitudinem,
1005 5383 1323 5438 expressam
1356 5366 1646 5436 acceperit,
1677 5365 1801 5420 licet
1842 5364 2108 5420 minorem

543 5473 598 5518 t-t
640 5463 797 5532 longe
842 5460 1103 5529 imparem
1153 5479 1165 5514 :
1211 5460 1344 5514 illud
1388 5474 1552 5529 porro
1596 5457 1819 5530 perinde
1861 5466 2022 5528 atque
2051 5458 2113 5512 τὸ

543 5555 845 5625 ὸμοούσιον,
873 5554 998 5623 quia
1029 5554 1079 5606 in
1113 5551 1327 5606 Nietena
1361 5551 1464 5607 lide
1494 5552 1887 5616 contineretur,
1917 5551 2109 5606 admitc

533 5657 658 5703 tere
689 5655 914 5702 coactus
947 5659 1050 5702 est.

619 5808 694 5873 (α)
737 5804 920 5862 Contr.
957 5803 1192 5859 Mai-rell.
1225 5804 1317 5859 lib.
1354 5819 1392 5869 ι,
1431 5818 1483 5875 p.
1513 5801 1602 5868 6'7,
1633 5801 1724 5857 69.

2206 3268 2313 3323 dici
2346 3267 2554 3339 possit;
2585 3267 2679 3322 sed
2711 3266 2786 3318 ait
2817 3265 2970 3318 illum
3002 3263 3291 3334 imaginem
3323 3278 3433 3316 non
3466 3262 3634 3316 modo
3663 3259 3777 3313 Dei-

2208 3360 2358 3425 tatis,
2410 3359 2508 3414 sed
2555 3359 2717 3413 etiam
2767 3357 2996 3410 unitatis
3037 3363 3275 3425 paterna
3319 3352 3776 3424 perfectissimam

2207 3467 2361 3516 esse,
2401 3459 2566 3520 atque
2597 3450 2716 3504 ideo
2745 3465 2812 3503 ex
2831 3448 2998 3502 Patre
3020 3446 3394 3517 prodeuntem,
3429 3447 3562 3516 quia
3593 3444 3660 3498 ad
3678 3441 3778 3496 Pa-

2207 3545 2308 3600 tris
2351 3541 2762 3598 similitudinem
2807 3541 2878 3596 sit
2917 3553 3196 3609 expressa,
3242 3537 3380 3591 κατὰ
3417 3535 3649 3607 γνώμην
3688 3534 3779 3588 καὶ.

2211 3635 2549 3708 προαίρεσιν,
2580 3633 2630 3688 id
2655 3644 2759 3697 est,
2787 3649 2854 3686 ex
2882 3631 3162 3684 voluntate
3191 3636 3244 3684 et
3261 3629 3556 3700 proposito
3577 3625 3772 3685 Patris,

2211 3745 2318 3784 non
2353 3745 2419 3784 ex
2449 3736 2656 3782 natura:
2684 3725 3044 3790 necessitate;
3073 3737 3194 3792 qua:
3229 3731 3406 3776 tamen
3437 3722 3644 3790 imago,
3674 3717 3772 3771 alia

2211 3822 2280 3876 sit
2304 3837 2334 3874 a
2359 3828 2583 3891 paterna
2613 3819 2842 3881 Deitate,
2879 3817 3077 3875 minor.
3102 3816 3296 3885 impar,
3323 3828 3443 3885 quae
3467 3811 3777 3882 dignatione

2209 3908 2429 3978 quidem
2453 3906 2634 3962 Patris
2655 3907 2712 3961 in
2740 3914 2864 3960 ortu
2890 3921 2990 3960 suo
3013 3905 3104 3961 Dei
3131 3919 3328 3959 nomen
3351 3904 3659 3974 acceperit,
3685 3899 3778 3973 sed.

2210 4014 2321 4053 non
2352 4011 2478 4053 vere
2505 4005 2562 4052 et
2592 3997 2810 4067 proprie
2842 3995 2986 4051 Deus
3015 3997 3104 4050 sit.

2273 4089 2359 4144 Ex
2403 4089 2514 4144 Deo
2541 4097 2722 4143 autem
2757 4098 2811 4143 et
2847 4104 2910 4142 ex
2950 4085 3258 4143 substantia
3299 4084 3395 4140 Dei
3430 4099 3553 4141 esse
3583 4081 3774 4136 Filium

2211 4182 2343 4238 dicit
2369 4183 2587 4236 ratione
2636 4179 3042 4246 similitudinis;
3099 4177 3558 4250 quemadmodum
3604 4177 3774 4244 imago

2213 4275 2517 4345 cujuspiam
2550 4289 2580 4327 a
2608 4273 2945 4344 peritissimo
2975 4272 3187 4343 pictore
3216 4271 3540 4324 concinnata
3560 4308 3574 4332 ,
3626 4283 3691 4322 ex
3715 4279 3775 4318 eo

2212 4374 2265 4421 et
2291 4381 2356 4421 ex
2390 4380 2622 4435 persona
2657 4367 2775 4432 ejus
2807 4378 3068 4434 expressa
3098 4378 3334 4433 eumque
3363 4362 3604 4432 perfecte
3628 4357 3772 4415 exhi-

2214 4461 2342 4516 bere
2361 4460 2564 4514 dicitur
2589 4478 2601 4514 :
2629 4460 2731 4514 etsi
2759 4458 2982 4513 alterius
3004 4467 3057 4513 et
3079 4458 3307 4512 diversa:
3327 4457 3653 4513 substantiae
3676 4454 3771 4516 sit;

2214 4551 2289 4606 ita
2327 4550 2518 4615 Filius,
2558 4551 2857 4606 secundum
2894 4548 3210 4615 Eusebium,
3251 4563 3316 4603 ex
3348 4547 3654 4602 substantia
3684 4541 3770 4596 Dei

2212 4650 2266 4698 et
2297 4657 2358 4696 ex
2393 4641 2502 4697 Deo
2532 4657 2654 4697 esse
2693 4641 2917 4707 dicitur,
2956 4641 3052 4710 qui
3104 4649 3189 4696 est
3233 4639 3410 4710 imago
3435 4655 3499 4692 ex
3539 4637 3650 4693 Deo
3685 4650 3773 4689 ex-

2214 4747 2423 4803 pressa,
2469 4730 2636 4785 Deum
2669 4730 2908 4800 perfecte
2943 4734 3363 4800 repraesentans,
3409 4727 3515 4782 etsi
3554 4723 3772 4779 alterius

2213 4831 2267 4877 ct
2294 4823 2523 4877 diversae
2557 4821 2878 4877 substantiae
2919 4821 3009 4876 sit.
3051 4820 3108 4874 in
3143 4835 3251 4890 quo
3289 4834 3422 4875 sane
3454 4817 3716 4873 Eusebius
3742 4827 3771 4864 a

2213 4922 2364 4969 recto
2403 4913 2762 4968 ratiocinandi
2806 4928 3006 4982 genere
3052 4913 3289 4967 immane
3331 4919 3593 4980 quantum
3624 4908 3770 4961 aber-

2216 5013 2300 5059 rat
2331 5025 2346 5062 :
2381 5019 2506 5059 nam
2553 5020 2620 5060 ex
2665 5005 2942 5060 communi
2983 5011 3038 5060 et
3084 5011 3303 5074 recepto
3336 5003 3616 5058 hominum
3652 5013 3767 5059 usu,

2215 5101 2308 5168 qui
2354 5113 2480 5152 vere
2526 5097 2785 5168 gignitur,
2836 5096 3106 5168 gignentia
3159 5094 3521 5152 substantiam
3566 5091 3765 5162 plenam

2216 5192 2594 5260 integramque
2646 5191 2866 5260 accipit,
2925 5197 2985 5243 ut
3029 5189 3174 5244 filius
3220 5188 3405 5244 vocari
3459 5188 3652 5258 possit.
3700 5180 3769 5234 Ea

2216 5284 2417 5353 quippe
2471 5291 2554 5338 est
2608 5281 2700 5336 lilii
2752 5282 2970 5352 proprie
3021 5280 3155 5334 dicti
3208 5281 3372 5345 ratio,
3427 5286 3487 5333 ut
3537 5275 3766 5334 eamdem

2216 5387 2443 5442 prorsus
2481 5388 2642 5444 quam
2675 5380 2829 5442 pater
2862 5381 3110 5426 naturam
3153 5368 3424 5428 obtineat:
3467 5370 3622 5429 alias.
3668 5378 3766 5420 non

2219 5464 2382 5526 filius,
2418 5464 2512 5519 sed
2545 5463 2821 5534 epiliciuin
2855 5463 2991 5523 erit;
3029 5461 3296 5525 eamdem,
3330 5462 3576 5530 inquam,
3601 5453 3765 5528 specie

2219 5563 2471 5609 naturam
2517 5555 2571 5609 in
2627 5555 2791 5609 rubus
2842 5553 3064 5618 creatis,
3113 5569 3234 5624 quae
3281 5551 3626 5620 multiplicari
3657 5560 3759 5618 p05-

2219 5653 2378 5708 sunt;
2417 5646 2661 5701 eamdem
2693 5659 2821 5700 vero
2863 5644 3141 5700 numerice
3185 5646 3239 5699 in
3283 5644 3500 5707 divinis,
3536 5642 3658 5713 quia
3684 5651 3763 5692 na-
