  <div class='ocr_page' id='page_1' title='image "/cluster/home/n/w/nwhite01/storage/ocr_20150623/23/hvd.32044073501124/030.png"; bbox 0 0 3994 6448; ppageno 0'>
   <div class='ocr_carea' id='block_1_1' title="bbox 187 335 256 388">
    <p class='ocr_par' dir='ltr' id='par_1_1' title="bbox 187 335 256 388">
     <span class='ocr_line' id='line_1_1' title="bbox 187 335 256 388; baseline 0 0"><span class='ocrx_word' id='word_1_1' title='bbox 187 335 256 388; x_wconf 68' lang='grc'><strong>45</strong></span> 
     </span>
    </p>
   </div>
   <div class='ocr_carea' id='block_1_2' title="bbox 979 324 2663 386">
    <p class='ocr_par' dir='ltr' id='par_1_2' title="bbox 979 324 2663 386">
     <span class='ocr_line' id='line_1_2' title="bbox 979 324 2663 386; baseline 0 -1"><span class='ocrx_word' id='word_1_2' title='bbox 979 327 1478 385; x_wconf 72' lang='grc' dir='ltr'><strong>(ΣΟΜΜΕΝΤΔΒΙΑ</strong></span> <span class='ocrx_word' id='word_1_3' title='bbox 1517 325 1583 381; x_wconf 72' lang='lat' dir='ltr'><strong>IN</strong></span> <span class='ocrx_word' id='word_1_4' title='bbox 1624 324 1963 383; x_wconf 73' lang='lat' dir='ltr'><strong>PSALMOS.</strong></span> <span class='ocrx_word' id='word_1_5' title='bbox 2007 358 2072 368; x_wconf 91' lang='lat'><strong>-</strong></span> <span class='ocrx_word' id='word_1_6' title='bbox 2112 327 2663 386; x_wconf 59' lang='lat' dir='ltr'><strong>PRJELIMINARIA.</strong></span> 
     </span>
    </p>
   </div>
   <div class='ocr_carea' id='block_1_3' title="bbox 3374 337 3440 388">
    <p class='ocr_par' dir='ltr' id='par_1_3' title="bbox 3374 337 3440 388">
     <span class='ocr_line' id='line_1_3' title="bbox 3374 337 3440 388; baseline 0 0"><span class='ocrx_word' id='word_1_7' title='bbox 3374 337 3440 388; x_wconf 79' lang='grc'><strong>46</strong></span> 
     </span>
    </p>
   </div>
   <div class='ocr_carea' id='block_1_4' title="bbox 187 445 3434 523">
    <p class='ocr_par' dir='ltr' id='par_1_4' title="bbox 187 445 3434 523">
     <span class='ocr_line' id='line_1_4' title="bbox 187 445 3434 523; baseline 0 -17"><span class='ocrx_word' id='word_1_8' title='bbox 187 465 307 506; x_wconf 86' lang='lat' dir='ltr'><strong>tura</strong></span> <span class='ocrx_word' id='word_1_9' title='bbox 338 447 440 506; x_wconf 87' lang='lat' dir='ltr'><strong>Dei</strong></span> <span class='ocrx_word' id='word_1_10' title='bbox 478 465 604 504; x_wconf 89' lang='lat' dir='ltr'><strong>cum</strong></span> <span class='ocrx_word' id='word_1_11' title='bbox 634 446 982 518; x_wconf 90' lang='lat' dir='ltr'><strong>multiplicari</strong></span> <span class='ocrx_word' id='word_1_12' title='bbox 1017 458 1270 517; x_wconf 75' lang='lat' dir='ltr'><strong>nequeat,</strong></span> <span class='ocrx_word' id='word_1_13' title='bbox 1307 455 1495 516; x_wconf 91' lang='lat' dir='ltr'><strong>utpote</strong></span> <span class='ocrx_word' id='word_1_14' title='bbox 1527 445 1765 509; x_wconf 81' lang='lat' dir='ltr'><strong>inﬁnita,</strong></span> <span class='ocrx_word' id='word_1_15' title='bbox 1799 450 1842 504; x_wconf 77' lang='grc' dir='ltr'>Α</span> <span class='ocrx_word' id='word_1_16' title='bbox 1873 459 1995 499; x_wconf 92' lang='lat' dir='ltr'><strong>men</strong></span> <span class='ocrx_word' id='word_1_17' title='bbox 2022 445 2112 500; x_wconf 86' lang='lat' dir='ltr'><strong>ille</strong></span> <span class='ocrx_word' id='word_1_18' title='bbox 2143 447 2342 517; x_wconf 89' lang='lat' dir='ltr'><strong>ubique</strong></span> <span class='ocrx_word' id='word_1_19' title='bbox 2365 447 2500 505; x_wconf 87' lang='lat' dir='ltr'><strong>alias</strong></span> <span class='ocrx_word' id='word_1_20' title='bbox 2527 463 2650 502; x_wconf 91' lang='lat' dir='ltr'><strong>cum</strong></span> <span class='ocrx_word' id='word_1_21' title='bbox 2685 447 2752 504; x_wconf 88' lang='lat' dir='ltr'><strong>de</strong></span> <span class='ocrx_word' id='word_1_22' title='bbox 2782 448 2919 507; x_wconf 86' lang='lat' dir='ltr'><strong>Filio</strong></span> <span class='ocrx_word' id='word_1_23' title='bbox 2942 449 3181 521; x_wconf 88' lang='lat' dir='ltr'><strong>loquitur</strong></span> <span class='ocrx_word' id='word_1_24' title='bbox 3213 454 3434 523; x_wconf 80' lang='lat' dir='ltr'><strong>respuit,</strong></span> 
     </span>
    </p>
   </div>
   <div class='ocr_carea' id='block_1_5' title="bbox 187 539 1770 611">
    <p class='ocr_par' dir='ltr' id='par_1_5' title="bbox 187 539 1770 611">
     <span class='ocr_line' id='line_1_5' title="bbox 187 539 1770 611; baseline 0 -14"><span class='ocrx_word' id='word_1_25' title='bbox 187 557 294 597; x_wconf 92' lang='lat' dir='ltr'><strong>non</strong></span> <span class='ocrx_word' id='word_1_26' title='bbox 321 550 514 611; x_wconf 85' lang='lat' dir='ltr'><strong>potest</strong></span> <span class='ocrx_word' id='word_1_27' title='bbox 541 539 640 596; x_wconf 86' lang='lat' dir='ltr'><strong>nisi</strong></span> <span class='ocrx_word' id='word_1_28' title='bbox 673 555 777 593; x_wconf 88' lang='lat' dir='ltr'><strong>una</strong></span> <span class='ocrx_word' id='word_1_29' title='bbox 808 549 860 594; x_wconf 92' lang='lat' dir='ltr'><strong>et</strong></span> <span class='ocrx_word' id='word_1_30' title='bbox 885 540 1000 610; x_wconf 89' lang='lat' dir='ltr'><strong>ipsa</strong></span> <span class='ocrx_word' id='word_1_31' title='bbox 1025 540 1324 610; x_wconf 89' lang='lat' dir='ltr'><strong>eademque</strong></span> <span class='ocrx_word' id='word_1_32' title='bbox 1353 542 1770 597; x_wconf 85' lang='lat' dir='ltr'><strong>communicari.</strong></span> 
     </span>
    </p>
   </div>
   <div class='ocr_carea' id='block_1_6' title="bbox 188 630 1774 701">
    <p class='ocr_par' dir='ltr' id='par_1_6' title="bbox 188 630 1774 701">
     <span class='ocr_line' id='line_1_6' title="bbox 188 630 1774 701; baseline 0.003 -16"><span class='ocrx_word' id='word_1_33' title='bbox 188 633 391 687; x_wconf 89' lang='lat' dir='ltr'><strong>Verum</strong></span> <span class='ocrx_word' id='word_1_34' title='bbox 431 632 552 686; x_wconf 67' lang='lat' dir='ltr'><strong>hare</strong></span> <span class='ocrx_word' id='word_1_35' title='bbox 583 630 806 685; x_wconf 92' lang='lat' dir='ltr'><strong>minime</strong></span> <span class='ocrx_word' id='word_1_36' title='bbox 837 631 1108 701; x_wconf 89' lang='lat' dir='ltr'><strong>quadrare</strong></span> <span class='ocrx_word' id='word_1_37' title='bbox 1146 648 1253 688; x_wconf 92' lang='lat' dir='ltr'><strong>non</strong></span> <span class='ocrx_word' id='word_1_38' title='bbox 1285 633 1566 688; x_wconf 75' lang='lat' dir='ltr'><strong>nesciebat</strong></span> <span class='ocrx_word' id='word_1_39' title='bbox 1602 632 1774 689; x_wconf 88' lang='lat' dir='ltr'><strong>Euse-</strong></span> 
     </span>
    </p>
   </div>
   <div class='ocr_carea' id='block_1_7' title="bbox 185 723 1769 792">
    <p class='ocr_par' dir='ltr' id='par_1_7' title="bbox 185 723 1769 792">
     <span class='ocr_line' id='line_1_7' title="bbox 185 723 1769 792; baseline -0.001 -13"><span class='ocrx_word' id='word_1_40' title='bbox 185 725 330 786; x_wconf 92' lang='lat' dir='ltr'><strong>bius,</strong></span> <span class='ocrx_word' id='word_1_41' title='bbox 373 731 433 777; x_wconf 88' lang='lat' dir='ltr'><strong>et</strong></span> <span class='ocrx_word' id='word_1_42' title='bbox 469 725 601 792; x_wconf 83' lang='lat' dir='ltr'><strong>quia</strong></span> <span class='ocrx_word' id='word_1_43' title='bbox 637 723 868 777; x_wconf 90' lang='lat' dir='ltr'><strong>arduum</strong></span> <span class='ocrx_word' id='word_1_44' title='bbox 899 731 982 779; x_wconf 90' lang='lat' dir='ltr'><strong>est</strong></span> <span class='ocrx_word' id='word_1_45' title='bbox 1019 733 1208 778; x_wconf 88' lang='lat' dir='ltr'><strong>contra</strong></span> <span class='ocrx_word' id='word_1_46' title='bbox 1243 724 1408 778; x_wconf 92' lang='lat' dir='ltr'><strong>animi</strong></span> <span class='ocrx_word' id='word_1_47' title='bbox 1441 723 1769 780; x_wconf 89' lang='lat' dir='ltr'><strong>sententiam</strong></span> 
     </span>
    </p>
   </div>
   <div class='ocr_carea' id='block_1_8' title="bbox 185 815 1770 885">
    <p class='ocr_par' dir='ltr' id='par_1_8' title="bbox 185 815 1770 885">
     <span class='ocr_line' id='line_1_8' title="bbox 185 815 1770 885; baseline -0.001 -14"><span class='ocrx_word' id='word_1_48' title='bbox 185 817 274 871; x_wconf 90' lang='lat' dir='ltr'><strong>diu</strong></span> <span class='ocrx_word' id='word_1_49' title='bbox 325 815 680 884; x_wconf 86' lang='lat' dir='ltr'><strong>multumque</strong></span> <span class='ocrx_word' id='word_1_50' title='bbox 723 815 982 877; x_wconf 87' lang='lat' dir='ltr'><strong>scribere,</strong></span> <span class='ocrx_word' id='word_1_51' title='bbox 1035 816 1164 885; x_wconf 90' lang='lat' dir='ltr'><strong>quin</strong></span> <span class='ocrx_word' id='word_1_52' title='bbox 1205 816 1452 870; x_wconf 86' lang='lat' dir='ltr'><strong>nonnihil</strong></span> <span class='ocrx_word' id='word_1_53' title='bbox 1483 832 1548 870; x_wconf 91' lang='lat' dir='ltr'><strong>ex</strong></span> <span class='ocrx_word' id='word_1_54' title='bbox 1588 823 1770 870; x_wconf 83' lang='lat' dir='ltr'><strong>mente</strong></span> 
     </span>
    </p>
   </div>
   <div class='ocr_carea' id='block_1_9' title="bbox 185 906 1767 979">
    <p class='ocr_par' dir='ltr' id='par_1_9' title="bbox 185 906 1767 979">
     <span class='ocr_line' id='line_1_9' title="bbox 185 906 1767 979; baseline -0.001 -16"><span class='ocrx_word' id='word_1_55' title='bbox 185 908 484 976; x_wconf 85' lang='lat' dir='ltr'><strong>scriptoris</strong></span> <span class='ocrx_word' id='word_1_56' title='bbox 513 908 598 961; x_wconf 86' lang='lat' dir='ltr'><strong>vel</strong></span> <span class='ocrx_word' id='word_1_57' title='bbox 630 906 999 977; x_wconf 81' lang='lat' dir='ltr'><strong>imprudenter</strong></span> <span class='ocrx_word' id='word_1_58' title='bbox 1021 908 1204 962; x_wconf 88' lang='lat' dir='ltr'><strong>ellluat</strong></span> <span class='ocrx_word' id='word_1_59' title='bbox 1224 949 1239 975; x_wconf 85' lang='lat'><strong>,</strong></span> <span class='ocrx_word' id='word_1_60' title='bbox 1265 923 1374 962; x_wconf 92' lang='lat' dir='ltr'><strong>non</strong></span> <span class='ocrx_word' id='word_1_61' title='bbox 1406 909 1521 978; x_wconf 89' lang='lat' dir='ltr'><strong>pari</strong></span> <span class='ocrx_word' id='word_1_62' title='bbox 1549 923 1767 979; x_wconf 87' lang='lat' dir='ltr'><strong>semper</strong></span> 
     </span>
    </p>
   </div>
   <div class='ocr_carea' id='block_1_10' title="bbox 185 999 1765 1068">
    <p class='ocr_par' dir='ltr' id='par_1_10' title="bbox 185 999 1765 1068">
     <span class='ocr_line' id='line_1_10' title="bbox 185 999 1765 1068; baseline -0.001 -13"><span class='ocrx_word' id='word_1_63' title='bbox 185 1001 349 1055; x_wconf 87' lang='lat' dir='ltr'><strong>modo</strong></span> <span class='ocrx_word' id='word_1_64' title='bbox 379 999 660 1055; x_wconf 82' lang='lat' dir='ltr'><strong>Eusebius</strong></span> <span class='ocrx_word' id='word_1_65' title='bbox 699 999 976 1068; x_wconf 85' lang='lat' dir='ltr'><strong>loquitur:</strong></span> <span class='ocrx_word' id='word_1_66' title='bbox 1005 1014 1130 1052; x_wconf 90' lang='lat' dir='ltr'><strong>nam</strong></span> <span class='ocrx_word' id='word_1_67' title='bbox 1162 1001 1218 1054; x_wconf 93' lang='lat' dir='ltr'><strong>in</strong></span> <span class='ocrx_word' id='word_1_68' title='bbox 1251 999 1551 1054; x_wconf 82' lang='lat' dir='ltr'><strong>Demonstr.</strong></span> <span class='ocrx_word' id='word_1_69' title='bbox 1606 1015 1765 1054; x_wconf 80' lang='lat' dir='ltr'><strong>evan-</strong></span> 
     </span>
    </p>
   </div>
   <div class='ocr_carea' id='block_1_11' title="bbox 182 1089 1763 1163">
    <p class='ocr_par' dir='ltr' id='par_1_11' title="bbox 182 1089 1763 1163">
     <span class='ocr_line' id='line_1_11' title="bbox 182 1089 1763 1163; baseline -0.001 -17"><span class='ocrx_word' id='word_1_70' title='bbox 182 1094 348 1163; x_wconf 79' lang='lat' dir='ltr'><strong>gelica</strong></span> <span class='ocrx_word' id='word_1_71' title='bbox 386 1090 592 1145; x_wconf 82' lang='lat' dir='ltr'><strong>Filium</strong></span> <span class='ocrx_word' id='word_1_72' title='bbox 612 1091 692 1146; x_wconf 85' lang='lat' dir='ltr'><strong>sic.</strong></span> <span class='ocrx_word' id='word_1_73' title='bbox 716 1099 1014 1160; x_wconf 87' lang='lat' dir='ltr'><strong>nuncupat,</strong></span> <span class='ocrx_word' id='word_1_74' title='bbox 1050 1089 1126 1144; x_wconf 81' lang='grc' dir='ltr'><strong>Τὸ</strong></span> <span class='ocrx_word' id='word_1_75' title='bbox 1156 1089 1384 1144; x_wconf 80' lang='grc' dir='ltr'><strong>τέλειον</strong></span> <span class='ocrx_word' id='word_1_76' title='bbox 1404 1090 1509 1144; x_wconf 87' lang='grc' dir='ltr'><strong>τοῦ</strong></span> <span class='ocrx_word' id='word_1_77' title='bbox 1532 1090 1763 1144; x_wconf 79' lang='grc' dir='ltr'><strong>τελείου</strong></span> 
     </span>
    </p>
   </div>
   <div class='ocr_carea' id='block_1_12' title="bbox 184 1181 1760 1253">
    <p class='ocr_par' dir='ltr' id='par_1_12' title="bbox 184 1181 1760 1253">
     <span class='ocr_line' id='line_1_12' title="bbox 184 1181 1760 1253; baseline -0.003 -15"><span class='ocrx_word' id='word_1_78' title='bbox 184 1184 626 1253; x_wconf 69' lang='grc' dir='ltr'><strong>δημιούργημα,</strong></span> <span class='ocrx_word' id='word_1_79' title='bbox 661 1182 760 1235; x_wconf 74' lang='grc' dir='ltr'><strong>καὶ</strong></span> <span class='ocrx_word' id='word_1_80' title='bbox 801 1181 994 1250; x_wconf 61' lang='grc' dir='ltr'><em>σοφοῦ</em></span> <span class='ocrx_word' id='word_1_81' title='bbox 1039 1182 1232 1250; x_wconf 60' lang='grc' dir='ltr'><strong>σοφὸν</strong></span> <span class='ocrx_word' id='word_1_82' title='bbox 1269 1181 1760 1250; x_wconf 71' lang='grc' dir='ltr'><strong>ἀρχιτεκτόνημα,</strong></span> 
     </span>
    </p>
   </div>
   <div class='ocr_carea' id='block_1_13' title="bbox 187 1272 1758 1344">
    <p class='ocr_par' dir='ltr' id='par_1_13' title="bbox 187 1272 1758 1344">
     <span class='ocr_line' id='line_1_13' title="bbox 187 1272 1758 1344; baseline -0.002 -15"><span class='ocrx_word' id='word_1_83' title='bbox 187 1275 495 1344; x_wconf 74' lang='lat' dir='ltr'><strong>Perfectum</strong></span> <span class='ocrx_word' id='word_1_84' title='bbox 527 1273 743 1343; x_wconf 77' lang='lat' dir='ltr'><strong>perfecti</strong></span> <span class='ocrx_word' id='word_1_85' title='bbox 772 1272 1061 1342; x_wconf 79' lang='lat' dir='ltr'><strong>opiﬁcium,</strong></span> <span class='ocrx_word' id='word_1_86' title='bbox 1088 1283 1137 1326; x_wconf 83' lang='lat' dir='ltr'><strong>et</strong></span> <span class='ocrx_word' id='word_1_87' title='bbox 1159 1273 1411 1343; x_wconf 76' lang='lat' dir='ltr'><strong>sapientis</strong></span> <span class='ocrx_word' id='word_1_88' title='bbox 1433 1273 1641 1342; x_wconf 80' lang='lat' dir='ltr'><strong>sapiens</strong></span> <span class='ocrx_word' id='word_1_89' title='bbox 1667 1289 1758 1326; x_wconf 83' lang='lat' dir='ltr'><strong>ar-</strong></span> 
     </span>
    </p>
   </div>
   <div class='ocr_carea' id='block_1_14' title="bbox 187 1363 1759 1437">
    <p class='ocr_par' dir='ltr' id='par_1_14' title="bbox 187 1363 1759 1437">
     <span class='ocr_line' id='line_1_14' title="bbox 187 1363 1759 1437; baseline -0.001 -17"><span class='ocrx_word' id='word_1_90' title='bbox 187 1367 438 1437; x_wconf 75' lang='lat' dir='ltr'><strong>tefactum</strong></span> <span class='ocrx_word' id='word_1_91' title='bbox 471 1381 492 1419; x_wconf 89' lang='lat'><strong><em>:</em></strong></span> <span class='ocrx_word' id='word_1_92' title='bbox 520 1374 576 1420; x_wconf 89' lang='lat' dir='ltr'><strong>et</strong></span> <span class='ocrx_word' id='word_1_93' title='bbox 604 1365 659 1419; x_wconf 92' lang='lat' dir='ltr'><strong>in</strong></span> <span class='ocrx_word' id='word_1_94' title='bbox 687 1365 914 1434; x_wconf 89' lang='lat' dir='ltr'><strong>epistola</strong></span> <span class='ocrx_word' id='word_1_95' title='bbox 953 1364 1018 1419; x_wconf 91' lang='lat' dir='ltr'><strong>ad</strong></span> <span class='ocrx_word' id='word_1_96' title='bbox 1052 1365 1414 1420; x_wconf 78' lang='lat' dir='ltr'><strong>Alexandrum</strong></span> <span class='ocrx_word' id='word_1_97' title='bbox 1438 1364 1535 1437; x_wconf 87' lang='lat' dir='ltr'><strong>(a),</strong></span> <span class='ocrx_word' id='word_1_98' title='bbox 1561 1363 1759 1419; x_wconf 81' lang='lat' dir='ltr'><strong>Filium</strong></span> 
     </span>
    </p>
   </div>
   <div class='ocr_carea' id='block_1_15' title="bbox 185 1457 1759 1526">
    <p class='ocr_par' dir='ltr' id='par_1_15' title="bbox 185 1457 1759 1526">
     <span class='ocr_line' id='line_1_15' title="bbox 185 1457 1759 1526; baseline -0.001 -12"><span class='ocrx_word' id='word_1_99' title='bbox 185 1475 293 1514; x_wconf 86' lang='lat' dir='ltr'><strong>rem</strong></span> <span class='ocrx_word' id='word_1_100' title='bbox 325 1457 534 1511; x_wconf 79' lang='lat' dir='ltr'><strong>factam</strong></span> <span class='ocrx_word' id='word_1_101' title='bbox 559 1473 680 1512; x_wconf 85' lang='lat' dir='ltr'><strong>esse</strong></span> <span class='ocrx_word' id='word_1_102' title='bbox 701 1457 832 1511; x_wconf 85' lang='lat' dir='ltr'><strong>dicit</strong></span> <span class='ocrx_word' id='word_1_103' title='bbox 861 1463 950 1510; x_wconf 89' lang='lat' dir='ltr'><strong>:et</strong></span> <span class='ocrx_word' id='word_1_104' title='bbox 977 1457 1302 1511; x_wconf 83' lang='lat' dir='ltr'><strong>Arianorum</strong></span> <span class='ocrx_word' id='word_1_105' title='bbox 1329 1471 1552 1513; x_wconf 86' lang='lat' dir='ltr'><strong>causam</strong></span> <span class='ocrx_word' id='word_1_106' title='bbox 1573 1467 1759 1526; x_wconf 89' lang='lat' dir='ltr'><strong>aperte</strong></span> 
     </span>
    </p>
   </div>
   <div class='ocr_carea' id='block_1_16' title="bbox 186 1547 1758 1621">
    <p class='ocr_par' dir='ltr' id='par_1_16' title="bbox 186 1547 1758 1621">
     <span class='ocr_line' id='line_1_16' title="bbox 186 1547 1758 1621; baseline 0.001 -19"><span class='ocrx_word' id='word_1_107' title='bbox 186 1554 513 1621; x_wconf 70' lang='lat' dir='ltr'><strong>propugnat,</strong></span> <span class='ocrx_word' id='word_1_108' title='bbox 558 1549 650 1618; x_wconf 89' lang='lat' dir='ltr'><strong>qui</strong></span> <span class='ocrx_word' id='word_1_109' title='bbox 682 1549 934 1604; x_wconf 85' lang='lat' dir='ltr'><strong>dicebant</strong></span> <span class='ocrx_word' id='word_1_110' title='bbox 967 1547 1164 1602; x_wconf 87' lang='lat' dir='ltr'><strong>Filium</strong></span> <span class='ocrx_word' id='word_1_111' title='bbox 1202 1547 1405 1602; x_wconf 81' lang='lat' dir='ltr'><strong>factum</strong></span> <span class='ocrx_word' id='word_1_112' title='bbox 1441 1548 1632 1616; x_wconf 79' lang='lat' dir='ltr'><strong>fuisse,</strong></span> <span class='ocrx_word' id='word_1_113' title='bbox 1661 1551 1758 1606; x_wconf 89' lang='lat' dir='ltr'><strong>sed</strong></span> 
     </span>
    </p>
   </div>
   <div class='ocr_carea' id='block_1_17' title="bbox 184 1639 1756 1710">
    <p class='ocr_par' dir='ltr' id='par_1_17' title="bbox 184 1639 1756 1710">
     <span class='ocr_line' id='line_1_17' title="bbox 184 1639 1756 1710; baseline -0.001 -14"><span class='ocrx_word' id='word_1_114' title='bbox 184 1657 287 1697; x_wconf 89' lang='lat' dir='ltr'><strong>non</strong></span> <span class='ocrx_word' id='word_1_115' title='bbox 318 1651 377 1695; x_wconf 93' lang='lat' dir='ltr'><strong>ut</strong></span> <span class='ocrx_word' id='word_1_116' title='bbox 407 1640 652 1710; x_wconf 85' lang='lat' dir='ltr'><strong>aliquam</strong></span> <span class='ocrx_word' id='word_1_117' title='bbox 685 1656 748 1694; x_wconf 85' lang='lat' dir='ltr'><strong>ex</strong></span> <span class='ocrx_word' id='word_1_118' title='bbox 783 1641 947 1697; x_wconf 88' lang='lat' dir='ltr'><strong>rebus</strong></span> <span class='ocrx_word' id='word_1_119' title='bbox 995 1639 1188 1705; x_wconf 81' lang='lat' dir='ltr'><strong>factis;</strong></span> <span class='ocrx_word' id='word_1_120' title='bbox 1237 1648 1292 1695; x_wconf 85' lang='lat' dir='ltr'><strong>et</strong></span> <span class='ocrx_word' id='word_1_121' title='bbox 1339 1647 1581 1695; x_wconf 89' lang='lat' dir='ltr'><strong>creatum</strong></span> <span class='ocrx_word' id='word_1_122' title='bbox 1626 1641 1756 1696; x_wconf 91' lang='lat' dir='ltr'><strong>item</strong></span> 
     </span>
    </p>
   </div>
   <div class='ocr_carea' id='block_1_18' title="bbox 184 1731 1758 1804">
    <p class='ocr_par' dir='ltr' id='par_1_18' title="bbox 184 1731 1758 1804">
     <span class='ocr_line' id='line_1_18' title="bbox 184 1731 1758 1804; baseline -0.001 -16"><span class='ocrx_word' id='word_1_123' title='bbox 184 1735 370 1799; x_wconf 80' lang='lat' dir='ltr'><strong>fuisse,</strong></span> <span class='ocrx_word' id='word_1_124' title='bbox 404 1734 506 1790; x_wconf 86' lang='lat' dir='ltr'><strong>sed</strong></span> <span class='ocrx_word' id='word_1_125' title='bbox 544 1750 650 1788; x_wconf 86' lang='lat' dir='ltr'><strong>non</strong></span> <span class='ocrx_word' id='word_1_126' title='bbox 683 1742 740 1786; x_wconf 90' lang='lat' dir='ltr'><strong>ut</strong></span> <span class='ocrx_word' id='word_1_127' title='bbox 769 1735 1005 1804; x_wconf 87' lang='lat' dir='ltr'><strong>aliquam</strong></span> <span class='ocrx_word' id='word_1_128' title='bbox 1036 1749 1103 1789; x_wconf 87' lang='lat' dir='ltr'><strong>ex</strong></span> <span class='ocrx_word' id='word_1_129' title='bbox 1135 1734 1299 1789; x_wconf 88' lang='lat' dir='ltr'><strong>rebus</strong></span> <span class='ocrx_word' id='word_1_130' title='bbox 1329 1735 1548 1790; x_wconf 82' lang='lat' dir='ltr'><strong>creatis.</strong></span> <span class='ocrx_word' id='word_1_131' title='bbox 1581 1731 1758 1789; x_wconf 75' lang='lat' dir='ltr'><strong>Caete-</strong></span> 
     </span>
    </p>
   </div>
   <div class='ocr_carea' id='block_1_19' title="bbox 182 1823 1750 1882">
    <p class='ocr_par' dir='ltr' id='par_1_19' title="bbox 182 1823 1750 1882">
     <span class='ocr_line' id='line_1_19' title="bbox 182 1823 1750 1882; baseline 0 -3"><span class='ocrx_word' id='word_1_132' title='bbox 182 1841 297 1879; x_wconf 90' lang='lat' dir='ltr'><strong>rum</strong></span> <span class='ocrx_word' id='word_1_133' title='bbox 328 1823 553 1879; x_wconf 89' lang='lat' dir='ltr'><strong>etiamsi</strong></span> <span class='ocrx_word' id='word_1_134' title='bbox 595 1840 661 1878; x_wconf 88' lang='lat' dir='ltr'><strong>ex</strong></span> <span class='ocrx_word' id='word_1_135' title='bbox 699 1825 866 1878; x_wconf 91' lang='lat' dir='ltr'><strong>animi</strong></span> <span class='ocrx_word' id='word_1_136' title='bbox 905 1826 1171 1880; x_wconf 86' lang='lat' dir='ltr'><strong>sententia</strong></span> <span class='ocrx_word' id='word_1_137' title='bbox 1219 1824 1486 1882; x_wconf 84' lang='lat' dir='ltr'><strong>Eusebius</strong></span> <span class='ocrx_word' id='word_1_138' title='bbox 1517 1823 1750 1881; x_wconf 82' lang='lat' dir='ltr'><strong>Verbum</strong></span> 
     </span>
    </p>
   </div>
   <div class='ocr_carea' id='block_1_20' title="bbox 181 1915 1751 1987">
    <p class='ocr_par' dir='ltr' id='par_1_20' title="bbox 181 1915 1751 1987">
     <span class='ocr_line' id='line_1_20' title="bbox 181 1915 1751 1987; baseline 0.003 -18"><span class='ocrx_word' id='word_1_139' title='bbox 181 1933 301 1971; x_wconf 83' lang='lat' dir='ltr'><strong>vere</strong></span> <span class='ocrx_word' id='word_1_140' title='bbox 334 1917 584 1987; x_wconf 81' lang='lat' dir='ltr'><strong>genitum</strong></span> <span class='ocrx_word' id='word_1_141' title='bbox 614 1927 667 1971; x_wconf 90' lang='lat' dir='ltr'><strong>et</strong></span> <span class='ocrx_word' id='word_1_142' title='bbox 694 1915 891 1971; x_wconf 86' lang='lat' dir='ltr'><strong>Filium</strong></span> <span class='ocrx_word' id='word_1_143' title='bbox 918 1917 1136 1982; x_wconf 83' lang='lat' dir='ltr'><strong>dixerit,</strong></span> <span class='ocrx_word' id='word_1_144' title='bbox 1171 1919 1336 1974; x_wconf 92' lang='lat' dir='ltr'><strong>verbo</strong></span> <span class='ocrx_word' id='word_1_145' title='bbox 1357 1926 1565 1973; x_wconf 89' lang='lat' dir='ltr'><strong>tantum</strong></span> <span class='ocrx_word' id='word_1_146' title='bbox 1592 1925 1751 1974; x_wconf 87' lang='lat' dir='ltr'><strong>tenus</strong></span> 
     </span>
    </p>
   </div>
   <div class='ocr_carea' id='block_1_21' title="bbox 182 2009 1752 2081">
    <p class='ocr_par' dir='ltr' id='par_1_21' title="bbox 182 2009 1752 2081">
     <span class='ocr_line' id='line_1_21' title="bbox 182 2009 1752 2081; baseline 0.003 -17"><span class='ocrx_word' id='word_1_147' title='bbox 182 2011 246 2066; x_wconf 85' lang='lat' dir='ltr'><strong>ab</strong></span> <span class='ocrx_word' id='word_1_148' title='bbox 272 2009 498 2065; x_wconf 74' lang='lat' dir='ltr'><strong>Arianis</strong></span> <span class='ocrx_word' id='word_1_149' title='bbox 535 2009 866 2081; x_wconf 85' lang='lat' dir='ltr'><strong>discrepabit</strong></span> <span class='ocrx_word' id='word_1_150' title='bbox 893 2031 906 2068; x_wconf 89' lang='lat'><strong>:</strong></span> <span class='ocrx_word' id='word_1_151' title='bbox 933 2028 1058 2066; x_wconf 91' lang='lat' dir='ltr'><strong>nam</strong></span> <span class='ocrx_word' id='word_1_152' title='bbox 1091 2011 1167 2065; x_wconf 86' lang='lat' dir='ltr'><strong>llll</strong></span> <span class='ocrx_word' id='word_1_153' title='bbox 1203 2011 1426 2081; x_wconf 89' lang='lat' dir='ltr'><strong>perinde</strong></span> <span class='ocrx_word' id='word_1_154' title='bbox 1456 2021 1617 2081; x_wconf 90' lang='lat' dir='ltr'><strong>atque</strong></span> <span class='ocrx_word' id='word_1_155' title='bbox 1639 2009 1752 2068; x_wconf 75' lang='lat' dir='ltr'><strong>Eli-3</strong></span> 
     </span>
    </p>
   </div>
   <div class='ocr_carea' id='block_1_22' title="bbox 180 2101 1750 2173">
    <p class='ocr_par' dir='ltr' id='par_1_22' title="bbox 180 2101 1750 2173">
     <span class='ocr_line' id='line_1_22' title="bbox 180 2101 1750 2173; baseline 0.001 -17"><span class='ocrx_word' id='word_1_156' title='bbox 180 2103 358 2157; x_wconf 87' lang='lat' dir='ltr'><strong>sehius</strong></span> <span class='ocrx_word' id='word_1_157' title='bbox 391 2101 635 2158; x_wconf 79' lang='lat' dir='ltr'><strong>Verbum</strong></span> <span class='ocrx_word' id='word_1_158' title='bbox 666 2117 696 2157; x_wconf 91' lang='lat' dir='ltr'><strong>a</strong></span> <span class='ocrx_word' id='word_1_159' title='bbox 729 2101 888 2158; x_wconf 89' lang='lat' dir='ltr'><strong>Patre</strong></span> <span class='ocrx_word' id='word_1_160' title='bbox 917 2103 1264 2173; x_wconf 87' lang='lat' dir='ltr'><strong>productum,</strong></span> <span class='ocrx_word' id='word_1_161' title='bbox 1308 2102 1617 2160; x_wconf 82' lang='lat' dir='ltr'><strong>substantia</strong></span> <span class='ocrx_word' id='word_1_162' title='bbox 1664 2101 1750 2157; x_wconf 91' lang='lat' dir='ltr'><strong>di-</strong></span> 
     </span>
    </p>
   </div>
   <div class='ocr_carea' id='block_1_23' title="bbox 180 2194 1748 2265">
    <p class='ocr_par' dir='ltr' id='par_1_23' title="bbox 180 2194 1748 2265">
     <span class='ocr_line' id='line_1_23' title="bbox 180 2194 1748 2265; baseline 0.001 -18"><span class='ocrx_word' id='word_1_163' title='bbox 180 2209 388 2249; x_wconf 80' lang='lat' dir='ltr'><strong>versum</strong></span> <span class='ocrx_word' id='word_1_164' title='bbox 423 2209 489 2249; x_wconf 90' lang='lat' dir='ltr'><strong>ac</strong></span> <span class='ocrx_word' id='word_1_165' title='bbox 529 2195 709 2251; x_wconf 90' lang='lat' dir='ltr'><strong>minus</strong></span> <span class='ocrx_word' id='word_1_166' title='bbox 739 2211 860 2251; x_wconf 89' lang='lat' dir='ltr'><strong>esse</strong></span> <span class='ocrx_word' id='word_1_167' title='bbox 903 2195 1066 2250; x_wconf 87' lang='lat' dir='ltr'><strong>Patre</strong></span> <span class='ocrx_word' id='word_1_168' title='bbox 1095 2195 1390 2265; x_wconf 87' lang='lat' dir='ltr'><strong>putabant;</strong></span> <span class='ocrx_word' id='word_1_169' title='bbox 1429 2209 1498 2248; x_wconf 90' lang='lat' dir='ltr'><strong>an</strong></span> <span class='ocrx_word' id='word_1_170' title='bbox 1533 2210 1662 2250; x_wconf 88' lang='lat' dir='ltr'><strong>vero</strong></span> <span class='ocrx_word' id='word_1_171' title='bbox 1693 2194 1748 2249; x_wconf 93' lang='lat' dir='ltr'><strong>id</strong></span> 
     </span>
    </p>
   </div>
   <div class='ocr_carea' id='block_1_24' title="bbox 179 2285 1751 2359">
    <p class='ocr_par' dir='ltr' id='par_1_24' title="bbox 179 2285 1751 2359">
     <span class='ocr_line' id='line_1_24' title="bbox 179 2285 1751 2359; baseline 0.001 -19"><span class='ocrx_word' id='word_1_172' title='bbox 179 2285 278 2340; x_wconf 91' lang='lat' dir='ltr'><strong>dici</strong></span> <span class='ocrx_word' id='word_1_173' title='bbox 307 2286 484 2356; x_wconf 71' lang='lat' dir='ltr'><strong>possit</strong></span> <span class='ocrx_word' id='word_1_174' title='bbox 520 2286 759 2358; x_wconf 83' lang='lat' dir='ltr'><strong>genitum</strong></span> <span class='ocrx_word' id='word_1_175' title='bbox 799 2303 940 2352; x_wconf 88' lang='lat' dir='ltr'><strong>esse,</strong></span> <span class='ocrx_word' id='word_1_176' title='bbox 976 2287 1044 2342; x_wconf 91' lang='lat' dir='ltr'><strong>de</strong></span> <span class='ocrx_word' id='word_1_177' title='bbox 1081 2288 1300 2344; x_wconf 91' lang='lat' dir='ltr'><strong>nomine</strong></span> <span class='ocrx_word' id='word_1_178' title='bbox 1345 2295 1554 2344; x_wconf 89' lang='lat' dir='ltr'><strong>tantum</strong></span> <span class='ocrx_word' id='word_1_179' title='bbox 1601 2303 1751 2359; x_wconf 72' lang='lat' dir='ltr'><strong>qua:-</strong></span> 
     </span>
    </p>
   </div>
   <div class='ocr_carea' id='block_1_25' title="bbox 181 2379 412 2434">
    <p class='ocr_par' dir='ltr' id='par_1_25' title="bbox 181 2379 412 2434">
     <span class='ocr_line' id='line_1_25' title="bbox 181 2379 412 2434; baseline 0.009 -2"><span class='ocrx_word' id='word_1_180' title='bbox 181 2379 280 2432; x_wconf 88' lang='lat' dir='ltr'><strong>stio</strong></span> <span class='ocrx_word' id='word_1_181' title='bbox 307 2387 412 2434; x_wconf 88' lang='lat' dir='ltr'><strong>est.</strong></span> 
     </span>
    </p>
   </div>
   <div class='ocr_carea' id='block_1_26' title="bbox 565 2493 1353 2557">
    <p class='ocr_par' dir='ltr' id='par_1_26' title="bbox 565 2493 1353 2557">
     <span class='ocr_line' id='line_1_26' title="bbox 565 2493 1353 2557; baseline 0.001 -15"><span class='ocrx_word' id='word_1_182' title='bbox 565 2493 689 2543; x_wconf 80' lang='lat' dir='ltr'><strong>XIV.</strong></span> <span class='ocrx_word' id='word_1_183' title='bbox 715 2493 893 2544; x_wconf 75' lang='lat' dir='ltr'><strong>Filium</strong></span> <span class='ocrx_word' id='word_1_184' title='bbox 917 2499 1066 2557; x_wconf 89' lang='lat' dir='ltr'><strong>negat</strong></span> <span class='ocrx_word' id='word_1_185' title='bbox 1098 2498 1353 2543; x_wconf 69' lang='lat' dir='ltr'><strong>mternum.</strong></span> 
     </span>
    </p>
   </div>
   <div class='ocr_carea' id='block_1_27' title="bbox 246 2573 1742 2640">
    <p class='ocr_par' dir='ltr' id='par_1_27' title="bbox 246 2573 1742 2640">
     <span class='ocr_line' id='line_1_27' title="bbox 246 2573 1742 2640; baseline -0.001 -12"><span class='ocrx_word' id='word_1_186' title='bbox 246 2573 397 2640; x_wconf 84' lang='lat' dir='ltr'><strong>Quod</strong></span> <span class='ocrx_word' id='word_1_187' title='bbox 421 2574 490 2629; x_wconf 90' lang='lat' dir='ltr'><strong>ad</strong></span> <span class='ocrx_word' id='word_1_188' title='bbox 527 2576 882 2631; x_wconf 81' lang='lat' dir='ltr'><strong>aeternitatem</strong></span> <span class='ocrx_word' id='word_1_189' title='bbox 921 2591 1051 2630; x_wconf 90' lang='lat' dir='ltr'><strong>vero</strong></span> <span class='ocrx_word' id='word_1_190' title='bbox 1081 2573 1202 2629; x_wconf 89' lang='lat' dir='ltr'><strong>Filii</strong></span> <span class='ocrx_word' id='word_1_191' title='bbox 1237 2582 1362 2630; x_wconf 90' lang='lat' dir='ltr'><strong>ante</strong></span> <span class='ocrx_word' id='word_1_192' title='bbox 1390 2573 1742 2637; x_wconf 83' lang='lat' dir='ltr'><strong>creationem,</strong></span> 
     </span>
    </p>
   </div>
   <div class='ocr_carea' id='block_1_28' title="bbox 183 2667 1745 2738">
    <p class='ocr_par' dir='ltr' id='par_1_28' title="bbox 183 2667 1745 2738">
     <span class='ocr_line' id='line_1_28' title="bbox 183 2667 1745 2738; baseline 0.002 -19"><span class='ocrx_word' id='word_1_193' title='bbox 183 2682 244 2720; x_wconf 88' lang='lat' dir='ltr'><strong>ne</strong></span> <span class='ocrx_word' id='word_1_194' title='bbox 263 2667 428 2720; x_wconf 85' lang='lat' dir='ltr'><strong>latum</strong></span> <span class='ocrx_word' id='word_1_195' title='bbox 458 2683 698 2738; x_wconf 86' lang='lat' dir='ltr'><strong>unguem</strong></span> <span class='ocrx_word' id='word_1_196' title='bbox 729 2668 796 2722; x_wconf 91' lang='lat' dir='ltr'><strong>ab</strong></span> <span class='ocrx_word' id='word_1_197' title='bbox 818 2669 1144 2722; x_wconf 80' lang='lat' dir='ltr'><strong>Arianorum</strong></span> <span class='ocrx_word' id='word_1_198' title='bbox 1167 2667 1437 2723; x_wconf 90' lang='lat' dir='ltr'><strong>sententia</strong></span> <span class='ocrx_word' id='word_1_199' title='bbox 1458 2667 1745 2722; x_wconf 84' lang='lat' dir='ltr'><strong>deﬂectere</strong></span> 
     </span>
    </p>
   </div>
   <div class='ocr_carea' id='block_1_29' title="bbox 185 2755 1744 2828">
    <p class='ocr_par' dir='ltr' id='par_1_29' title="bbox 185 2755 1744 2828">
     <span class='ocr_line' id='line_1_29' title="bbox 185 2755 1744 2828; baseline 0.001 -20"><span class='ocrx_word' id='word_1_200' title='bbox 185 2756 407 2820; x_wconf 80' lang='lat' dir='ltr'><strong>videtur,</strong></span> <span class='ocrx_word' id='word_1_201' title='bbox 442 2759 538 2828; x_wconf 89' lang='lat' dir='ltr'><strong>qui</strong></span> <span class='ocrx_word' id='word_1_202' title='bbox 573 2757 827 2813; x_wconf 80' lang='lat' dir='ltr'><strong>dicebant</strong></span> <span class='ocrx_word' id='word_1_203' title='bbox 866 2755 1064 2812; x_wconf 83' lang='lat' dir='ltr'><strong>Filium</strong></span> <span class='ocrx_word' id='word_1_204' title='bbox 1097 2773 1206 2812; x_wconf 92' lang='lat' dir='ltr'><strong>non</strong></span> <span class='ocrx_word' id='word_1_205' title='bbox 1241 2758 1406 2813; x_wconf 75' lang='grc' dir='ltr'><strong>ἀΐδιον</strong></span> <span class='ocrx_word' id='word_1_206' title='bbox 1446 2758 1561 2824; x_wconf 86' lang='lat' dir='ltr'><strong>sive</strong></span> <span class='ocrx_word' id='word_1_207' title='bbox 1600 2773 1744 2814; x_wconf 91' lang='lat' dir='ltr'><strong>sem-</strong></span> 
     </span>
    </p>
   </div>
   <div class='ocr_carea' id='block_1_30' title="bbox 184 2847 1744 2915">
    <p class='ocr_par' dir='ltr' id='par_1_30' title="bbox 184 2847 1744 2915">
     <span class='ocr_line' id='line_1_30' title="bbox 184 2847 1744 2915; baseline 0.003 -15"><span class='ocrx_word' id='word_1_208' title='bbox 184 2848 441 2915; x_wconf 86' lang='lat' dir='ltr'><strong>piternum</strong></span> <span class='ocrx_word' id='word_1_209' title='bbox 478 2863 604 2903; x_wconf 84' lang='lat' dir='ltr'><strong>esse</strong></span> <span class='ocrx_word' id='word_1_210' title='bbox 634 2866 647 2901; x_wconf 89' lang='lat'><strong>:</strong></span> <span class='ocrx_word' id='word_1_211' title='bbox 693 2847 788 2903; x_wconf 90' lang='lat' dir='ltr'><strong>sed</strong></span> <span class='ocrx_word' id='word_1_212' title='bbox 821 2858 948 2904; x_wconf 86' lang='lat' dir='ltr'><strong>ante</strong></span> <span class='ocrx_word' id='word_1_213' title='bbox 976 2850 1159 2903; x_wconf 90' lang='lat' dir='ltr'><strong>omnia</strong></span> <span class='ocrx_word' id='word_1_214' title='bbox 1190 2848 1410 2902; x_wconf 85' lang='lat' dir='ltr'><strong>factum.</strong></span> <span class='ocrx_word' id='word_1_215' title='bbox 1451 2847 1542 2902; x_wconf 91' lang='lat' dir='ltr'><strong>Sic</strong></span> <span class='ocrx_word' id='word_1_216' title='bbox 1570 2855 1624 2903; x_wconf 90' lang='lat' dir='ltr'><strong>et</strong></span> <span class='ocrx_word' id='word_1_217' title='bbox 1653 2847 1744 2904; x_wconf 87' lang='lat' dir='ltr'><strong>ille</strong></span> 
     </span>
    </p>
   </div>
   <div class='ocr_carea' id='block_1_31' title="bbox 185 2933 1744 3010">
    <p class='ocr_par' dir='ltr' id='par_1_31' title="bbox 185 2933 1744 3010">
     <span class='ocr_line' id='line_1_31' title="bbox 185 2933 1744 3010; baseline 0.003 -24"><span class='ocrx_word' id='word_1_218' title='bbox 185 2933 365 2989; x_wconf 79' lang='lat' dir='ltr'><strong>Filium</strong></span> <span class='ocrx_word' id='word_1_219' title='bbox 410 2937 634 3006; x_wconf 86' lang='lat' dir='ltr'><strong>quidem</strong></span> <span class='ocrx_word' id='word_1_220' title='bbox 690 2938 900 3010; x_wconf 85' lang='grc' dir='ltr'><strong>πρῶτον</strong></span> <span class='ocrx_word' id='word_1_221' title='bbox 948 2939 1054 2992; x_wconf 83' lang='grc' dir='ltr'><strong>τῶν</strong></span> <span class='ocrx_word' id='word_1_222' title='bbox 1098 2939 1267 2993; x_wconf 72' lang='grc' dir='ltr'>ὅντων</span> <span class='ocrx_word' id='word_1_223' title='bbox 1312 2939 1566 2993; x_wconf 81' lang='grc' dir='ltr'>ἁπάντων</span> <span class='ocrx_word' id='word_1_224' title='bbox 1611 2937 1744 2992; x_wconf 83' lang='lat' dir='ltr'><strong>dicit</strong></span> 
     </span>
    </p>
   </div>
   <div class='ocr_carea' id='block_1_32' title="bbox 188 3027 1740 3100">
    <p class='ocr_par' dir='ltr' id='par_1_32' title="bbox 188 3027 1740 3100">
     <span class='ocr_line' id='line_1_32' title="bbox 188 3027 1740 3100; baseline 0.003 -21"><span class='ocrx_word' id='word_1_225' title='bbox 188 3027 470 3083; x_wconf 86' lang='lat' dir='ltr'><strong>Demonstr.</strong></span> <span class='ocrx_word' id='word_1_226' title='bbox 511 3047 694 3100; x_wconf 83' lang='lat' dir='ltr'><strong>evang.</strong></span> <span class='ocrx_word' id='word_1_227' title='bbox 741 3048 793 3100; x_wconf 93' lang='lat' dir='ltr'><strong>p.</strong></span> <span class='ocrx_word' id='word_1_228' title='bbox 837 3031 959 3095; x_wconf 69' lang='lat' dir='ltr'><strong>HG,</strong></span> <span class='ocrx_word' id='word_1_229' title='bbox 991 3031 1042 3084; x_wconf 84' lang='lat' dir='ltr'><strong>id</strong></span> <span class='ocrx_word' id='word_1_230' title='bbox 1077 3040 1182 3097; x_wconf 89' lang='lat' dir='ltr'><strong>est,</strong></span> <span class='ocrx_word' id='word_1_231' title='bbox 1214 3031 1452 3086; x_wconf 72' lang='lat' dir='ltr'><strong>Primum</strong></span> <span class='ocrx_word' id='word_1_232' title='bbox 1510 3032 1740 3085; x_wconf 81' lang='lat' dir='ltr'><strong>omnium</strong></span> 
     </span>
    </p>
   </div>
   <div class='ocr_carea' id='block_1_33' title="bbox 1874 535 3446 612">
    <p class='ocr_par' dir='ltr' id='par_1_33' title="bbox 1874 535 3446 612">
     <span class='ocr_line' id='line_1_33' title="bbox 1874 535 3446 612; baseline 0.004 -23"><span class='ocrx_word' id='word_1_233' title='bbox 1874 543 1928 589; x_wconf 89' lang='lat' dir='ltr'><strong>et</strong></span> <span class='ocrx_word' id='word_1_234' title='bbox 1954 536 2056 591; x_wconf 87' lang='lat' dir='ltr'><strong>soli</strong></span> <span class='ocrx_word' id='word_1_235' title='bbox 2089 535 2233 590; x_wconf 85' lang='lat' dir='ltr'><strong>Patri</strong></span> <span class='ocrx_word' id='word_1_236' title='bbox 2268 546 2576 608; x_wconf 86' lang='lat' dir='ltr'><strong>competere</strong></span> <span class='ocrx_word' id='word_1_237' title='bbox 2599 537 2733 592; x_wconf 87' lang='lat' dir='ltr'><strong>dicit</strong></span> <span class='ocrx_word' id='word_1_238' title='bbox 2768 557 2781 594; x_wconf 92' lang='lat'><strong>:</strong></span> <span class='ocrx_word' id='word_1_239' title='bbox 2823 540 3048 612; x_wconf 88' lang='lat' dir='ltr'><strong>parique</strong></span> <span class='ocrx_word' id='word_1_240' title='bbox 3086 539 3248 595; x_wconf 89' lang='lat' dir='ltr'><strong>modo</strong></span> <span class='ocrx_word' id='word_1_241' title='bbox 3279 549 3446 596; x_wconf 88' lang='lat' dir='ltr'><strong>tetra-</strong></span> 
     </span>
    </p>
   </div>
   <div class='ocr_carea' id='block_1_34' title="bbox 1872 631 3445 700">
    <p class='ocr_par' dir='ltr' id='par_1_34' title="bbox 1872 631 3445 700">
     <span class='ocr_line' id='line_1_34' title="bbox 1872 631 3445 700; baseline 0.005 -20"><span class='ocrx_word' id='word_1_242' title='bbox 1872 642 2153 697; x_wconf 82' lang='lat' dir='ltr'><strong>grammon</strong></span> <span class='ocrx_word' id='word_1_243' title='bbox 2182 638 2322 696; x_wconf 73' lang='lat' dir='ltr'><strong>mm,</strong></span> <span class='ocrx_word' id='word_1_244' title='bbox 2349 633 2494 700; x_wconf 87' lang='lat' dir='ltr'><strong>quod</strong></span> <span class='ocrx_word' id='word_1_245' title='bbox 2539 631 2741 699; x_wconf 87' lang='lat' dir='ltr'><strong>passim</strong></span> <span class='ocrx_word' id='word_1_246' title='bbox 2776 633 2852 687; x_wconf 89' lang='lat' dir='ltr'><strong>ait</strong></span> <span class='ocrx_word' id='word_1_247' title='bbox 2885 634 2939 686; x_wconf 90' lang='lat' dir='ltr'><strong>in</strong></span> <span class='ocrx_word' id='word_1_248' title='bbox 2981 632 3067 687; x_wconf 90' lang='lat' dir='ltr'><strong>bis</strong></span> <span class='ocrx_word' id='word_1_249' title='bbox 3094 632 3445 688; x_wconf 79' lang='lat' dir='ltr'><strong>Commenta-</strong></span> 
     </span>
    </p>
   </div>
   <div class='ocr_carea' id='block_1_35' title="bbox 1873 718 3443 796">
    <p class='ocr_par' dir='ltr' id='par_1_35' title="bbox 1873 718 3443 796">
     <span class='ocr_line' id='line_1_35' title="bbox 1873 718 3443 796; baseline 0.003 -23"><span class='ocrx_word' id='word_1_250' title='bbox 1873 719 1972 775; x_wconf 86' lang='lat' dir='ltr'><strong>riis</strong></span> <span class='ocrx_word' id='word_1_251' title='bbox 2007 720 2095 774; x_wconf 91' lang='lat' dir='ltr'><strong>uni</strong></span> <span class='ocrx_word' id='word_1_252' title='bbox 2127 718 2272 774; x_wconf 85' lang='lat' dir='ltr'><strong>Patri</strong></span> <span class='ocrx_word' id='word_1_253' title='bbox 2304 733 2613 793; x_wconf 89' lang='lat' dir='ltr'><strong>competere</strong></span> <span class='ocrx_word' id='word_1_254' title='bbox 2655 740 2846 796; x_wconf 87' lang='lat' dir='ltr'><strong>posse;</strong></span> <span class='ocrx_word' id='word_1_255' title='bbox 2883 725 3050 780; x_wconf 88' lang='lat' dir='ltr'><strong>semel</strong></span> <span class='ocrx_word' id='word_1_256' title='bbox 3074 724 3126 778; x_wconf 91' lang='lat' dir='ltr'><strong>in</strong></span> <span class='ocrx_word' id='word_1_257' title='bbox 3159 740 3443 779; x_wconf 88' lang='lat' dir='ltr'><strong>commen-</strong></span> 
     </span>
    </p>
   </div>
   <div class='ocr_carea' id='block_1_36' title="bbox 1871 811 3438 886">
    <p class='ocr_par' dir='ltr' id='par_1_36' title="bbox 1871 811 3438 886">
     <span class='ocr_line' id='line_1_36' title="bbox 1871 811 3438 886; baseline 0.003 -22"><span class='ocrx_word' id='word_1_258' title='bbox 1871 811 2012 864; x_wconf 87' lang='lat' dir='ltr'><strong>tario</strong></span> <span class='ocrx_word' id='word_1_259' title='bbox 2041 811 2280 881; x_wconf 88' lang='lat' dir='ltr'><strong>itemque</strong></span> <span class='ocrx_word' id='word_1_260' title='bbox 2309 815 2476 869; x_wconf 88' lang='lat' dir='ltr'><strong>semel</strong></span> <span class='ocrx_word' id='word_1_261' title='bbox 2523 815 2574 869; x_wconf 92' lang='lat' dir='ltr'><strong>in</strong></span> <span class='ocrx_word' id='word_1_262' title='bbox 2632 815 3090 870; x_wconf 75' lang='lat' dir='ltr'><strong>Demonstratioue</strong></span> <span class='ocrx_word' id='word_1_263' title='bbox 3119 815 3438 886; x_wconf 83' lang='lat' dir='ltr'><strong>evangelica,</strong></span> 
     </span>
    </p>
   </div>
   <div class='ocr_carea' id='block_1_37' title="bbox 1870 902 3444 977">
    <p class='ocr_par' dir='ltr' id='par_1_37' title="bbox 1870 902 3444 977">
     <span class='ocr_line' id='line_1_37' title="bbox 1870 902 3444 977; baseline 0.002 -21"><span class='ocrx_word' id='word_1_264' title='bbox 1870 904 1948 957; x_wconf 87' lang='lat' dir='ltr'><strong>ait</strong></span> <span class='ocrx_word' id='word_1_265' title='bbox 1972 902 2110 958; x_wconf 91' lang='lat' dir='ltr'><strong>Filio</strong></span> <span class='ocrx_word' id='word_1_266' title='bbox 2141 920 2531 974; x_wconf 87' lang='lat' dir='ltr'><strong>nonnunquam</strong></span> <span class='ocrx_word' id='word_1_267' title='bbox 2565 908 2862 977; x_wconf 89' lang='lat' dir='ltr'><strong>ascriptum</strong></span> <span class='ocrx_word' id='word_1_268' title='bbox 2901 907 3093 970; x_wconf 84' lang='lat' dir='ltr'><strong>fuisse,</strong></span> <span class='ocrx_word' id='word_1_269' title='bbox 3131 923 3444 963; x_wconf 84' lang='lat' dir='ltr'><strong>accommo-</strong></span> 
     </span>
    </p>
   </div>
   <div class='ocr_carea' id='block_1_38' title="bbox 1869 996 3440 1071">
    <p class='ocr_par' dir='ltr' id='par_1_38' title="bbox 1869 996 3440 1071">
     <span class='ocr_line' id='line_1_38' title="bbox 1869 996 3440 1071; baseline 0 -21"><span class='ocrx_word' id='word_1_270' title='bbox 1869 996 1993 1051; x_wconf 83' lang='lat' dir='ltr'><strong>date</strong></span> <span class='ocrx_word' id='word_1_271' title='bbox 2018 997 2247 1061; x_wconf 90' lang='lat' dir='ltr'><strong>scilicet,</strong></span> <span class='ocrx_word' id='word_1_272' title='bbox 2285 1013 2460 1068; x_wconf 89' lang='lat' dir='ltr'><strong>ncque</strong></span> <span class='ocrx_word' id='word_1_273' title='bbox 2488 999 2724 1070; x_wconf 85' lang='lat' dir='ltr'><strong>proprie,</strong></span> <span class='ocrx_word' id='word_1_274' title='bbox 2755 1011 2809 1054; x_wconf 91' lang='lat' dir='ltr'><strong>ut</strong></span> <span class='ocrx_word' id='word_1_275' title='bbox 2830 1000 2956 1054; x_wconf 81' lang='lat' dir='ltr'><strong>alibi</strong></span> <span class='ocrx_word' id='word_1_276' title='bbox 2985 999 3052 1055; x_wconf 89' lang='lat' dir='ltr'><strong>de</strong></span> <span class='ocrx_word' id='word_1_277' title='bbox 3083 999 3176 1054; x_wconf 91' lang='lat' dir='ltr'><strong>Dei</strong></span> <span class='ocrx_word' id='word_1_278' title='bbox 3200 1000 3440 1071; x_wconf 88' lang='lat' dir='ltr'><strong>appella-</strong></span> 
     </span>
    </p>
   </div>
   <div class='ocr_carea' id='block_1_39' title="bbox 1867 1087 3438 1162">
    <p class='ocr_par' dir='ltr' id='par_1_39' title="bbox 1867 1087 3438 1162">
     <span class='ocr_line' id='line_1_39' title="bbox 1867 1087 3438 1162; baseline 0.003 -22"><span class='ocrx_word' id='word_1_279' title='bbox 1867 1087 2013 1141; x_wconf 89' lang='lat' dir='ltr'><strong>tione</strong></span> <span class='ocrx_word' id='word_1_280' title='bbox 2045 1087 2252 1141; x_wconf 89' lang='lat' dir='ltr'><strong>dictum</strong></span> <span class='ocrx_word' id='word_1_281' title='bbox 2298 1096 2400 1143; x_wconf 89' lang='lat' dir='ltr'><strong>est.</strong></span> <span class='ocrx_word' id='word_1_282' title='bbox 2450 1088 2570 1144; x_wconf 85' lang='lat' dir='ltr'><strong>Non</strong></span> <span class='ocrx_word' id='word_1_283' title='bbox 2617 1091 3003 1162; x_wconf 85' lang='lat' dir='ltr'><strong>sempiternum</strong></span> <span class='ocrx_word' id='word_1_284' title='bbox 3043 1100 3224 1146; x_wconf 88' lang='lat' dir='ltr'><strong>autem</strong></span> <span class='ocrx_word' id='word_1_285' title='bbox 3267 1090 3438 1145; x_wconf 82' lang='lat' dir='ltr'><strong>fuisse</strong></span> 
     </span>
    </p>
   </div>
   <div class='ocr_carea' id='block_1_40' title="bbox 1866 1177 3437 1253">
    <p class='ocr_par' dir='ltr' id='par_1_40' title="bbox 1866 1177 3437 1253">
     <span class='ocr_line' id='line_1_40' title="bbox 1866 1177 3437 1253; baseline 0.003 -20"><span class='ocrx_word' id='word_1_286' title='bbox 1866 1177 2104 1236; x_wconf 89' lang='lat' dir='ltr'><strong>Verbum</strong></span> <span class='ocrx_word' id='word_1_287' title='bbox 2136 1192 2262 1238; x_wconf 90' lang='lat' dir='ltr'><strong>ante</strong></span> <span class='ocrx_word' id='word_1_288' title='bbox 2295 1186 2624 1238; x_wconf 85' lang='lat' dir='ltr'><strong>creationem</strong></span> <span class='ocrx_word' id='word_1_289' title='bbox 2651 1186 2839 1253; x_wconf 87' lang='lat' dir='ltr'><strong>probat</strong></span> <span class='ocrx_word' id='word_1_290' title='bbox 2864 1185 2966 1240; x_wconf 89' lang='lat' dir='ltr'><strong>hoc</strong></span> <span class='ocrx_word' id='word_1_291' title='bbox 2986 1185 3295 1240; x_wconf 87' lang='lat' dir='ltr'><strong>dilemmate</strong></span> <span class='ocrx_word' id='word_1_292' title='bbox 3324 1184 3437 1238; x_wconf 85' lang='lat' dir='ltr'><strong>Eu-</strong></span> 
     </span>
    </p>
   </div>
   <div class='ocr_carea' id='block_1_41' title="bbox 1865 1273 3437 1346">
    <p class='ocr_par' dir='ltr' id='par_1_41' title="bbox 1865 1273 3437 1346">
     <span class='ocr_line' id='line_1_41' title="bbox 1865 1273 3437 1346; baseline 0.003 -19"><span class='ocrx_word' id='word_1_293' title='bbox 1865 1273 2072 1338; x_wconf 81' lang='lat' dir='ltr'><strong>sebius,</strong></span> <span class='ocrx_word' id='word_1_294' title='bbox 2115 1277 2170 1330; x_wconf 92' lang='lat' dir='ltr'><strong>in</strong></span> <span class='ocrx_word' id='word_1_295' title='bbox 2202 1275 2320 1330; x_wconf 90' lang='lat' dir='ltr'><strong>loco</strong></span> <span class='ocrx_word' id='word_1_296' title='bbox 2351 1275 2549 1329; x_wconf 78' lang='lat' dir='ltr'><strong>Contra</strong></span> <span class='ocrx_word' id='word_1_297' title='bbox 2589 1273 2898 1332; x_wconf 79' lang='lat' dir='ltr'><strong>Marcellum</strong></span> <span class='ocrx_word' id='word_1_298' title='bbox 2929 1277 3185 1346; x_wconf 88' lang='lat' dir='ltr'><strong>superius</strong></span> <span class='ocrx_word' id='word_1_299' title='bbox 3228 1293 3437 1332; x_wconf 89' lang='lat' dir='ltr'><strong>memo-</strong></span> 
     </span>
    </p>
   </div>
   <div class='ocr_carea' id='block_1_42' title="bbox 1866 1364 3432 1440">
    <p class='ocr_par' dir='ltr' id='par_1_42' title="bbox 1866 1364 3432 1440">
     <span class='ocr_line' id='line_1_42' title="bbox 1866 1364 3432 1440; baseline 0.004 -23"><span class='ocrx_word' id='word_1_300' title='bbox 1866 1374 1985 1418; x_wconf 89' lang='lat' dir='ltr'><strong>rato</strong></span> <span class='ocrx_word' id='word_1_301' title='bbox 2009 1386 2022 1422; x_wconf 89' lang='lat'><strong>:</strong></span> <span class='ocrx_word' id='word_1_302' title='bbox 2042 1364 2099 1420; x_wconf 92' lang='lat' dir='ltr'><strong>Si</strong></span> <span class='ocrx_word' id='word_1_303' title='bbox 2142 1365 2312 1423; x_wconf 87' lang='lat' dir='ltr'><strong>Filius</strong></span> <span class='ocrx_word' id='word_1_304' title='bbox 2335 1367 2405 1422; x_wconf 88' lang='lat' dir='ltr'><strong>sit</strong></span> <span class='ocrx_word' id='word_1_305' title='bbox 2429 1369 2599 1432; x_wconf 80' lang='grc' dir='ltr'><strong>ἀΐδιος</strong></span> <span class='ocrx_word' id='word_1_306' title='bbox 2629 1369 2742 1422; x_wconf 82' lang='lat' dir='ltr'><strong>sive</strong></span> <span class='ocrx_word' id='word_1_307' title='bbox 2771 1369 3158 1440; x_wconf 89' lang='lat' dir='ltr'><strong>sempiternus,</strong></span> <span class='ocrx_word' id='word_1_308' title='bbox 3205 1369 3290 1424; x_wconf 88' lang='lat' dir='ltr'><strong>vel</strong></span> <span class='ocrx_word' id='word_1_309' title='bbox 3324 1369 3432 1424; x_wconf 88' lang='lat' dir='ltr'><strong>duo</strong></span> 
     </span>
    </p>
   </div>
   <div class='ocr_carea' id='block_1_43' title="bbox 1861 1461 3434 1534">
    <p class='ocr_par' dir='ltr' id='par_1_43' title="bbox 1861 1461 3434 1534">
     <span class='ocr_line' id='line_1_43' title="bbox 1861 1461 3434 1534; baseline 0.003 -21"><span class='ocrx_word' id='word_1_310' title='bbox 1861 1470 2022 1516; x_wconf 89' lang='lat' dir='ltr'><strong>erunt</strong></span> <span class='ocrx_word' id='word_1_311' title='bbox 2062 1462 2416 1532; x_wconf 88' lang='lat' dir='ltr'><strong>sempiterna,</strong></span> <span class='ocrx_word' id='word_1_312' title='bbox 2448 1478 2642 1532; x_wconf 90' lang='lat' dir='ltr'><strong>nempe</strong></span> <span class='ocrx_word' id='word_1_313' title='bbox 2671 1461 2833 1517; x_wconf 84' lang='lat' dir='ltr'><strong>Pater</strong></span> <span class='ocrx_word' id='word_1_314' title='bbox 2867 1470 2920 1518; x_wconf 83' lang='lat' dir='ltr'><strong>et</strong></span> <span class='ocrx_word' id='word_1_315' title='bbox 2951 1461 3142 1527; x_wconf 86' lang='lat' dir='ltr'><strong>Filius,</strong></span> <span class='ocrx_word' id='word_1_316' title='bbox 3173 1463 3319 1534; x_wconf 89' lang='lat' dir='ltr'><strong>quod</strong></span> <span class='ocrx_word' id='word_1_317' title='bbox 3347 1473 3434 1519; x_wconf 85' lang='lat' dir='ltr'><strong>est</strong></span> 
     </span>
    </p>
   </div>
   <div class='ocr_carea' id='block_1_44' title="bbox 1861 1552 3433 1619">
    <p class='ocr_par' dir='ltr' id='par_1_44' title="bbox 1861 1552 3433 1619">
     <span class='ocr_line' id='line_1_44' title="bbox 1861 1552 3433 1619; baseline 0.003 -14"><span class='ocrx_word' id='word_1_318' title='bbox 1861 1567 1890 1605; x_wconf 89' lang='lat' dir='ltr'><strong>a</strong></span> <span class='ocrx_word' id='word_1_319' title='bbox 1933 1554 2034 1608; x_wconf 85' lang='lat' dir='ltr'><strong>[ide</strong></span> <span class='ocrx_word' id='word_1_320' title='bbox 2065 1554 2364 1619; x_wconf 89' lang='lat' dir='ltr'><strong>absonum;</strong></span> <span class='ocrx_word' id='word_1_321' title='bbox 2415 1555 2499 1608; x_wconf 89' lang='lat' dir='ltr'><strong>vel</strong></span> <span class='ocrx_word' id='word_1_322' title='bbox 2541 1552 2704 1608; x_wconf 87' lang='lat' dir='ltr'><strong>Pater</strong></span> <span class='ocrx_word' id='word_1_323' title='bbox 2741 1563 2794 1608; x_wconf 91' lang='lat' dir='ltr'><strong>et</strong></span> <span class='ocrx_word' id='word_1_324' title='bbox 2840 1552 3012 1609; x_wconf 91' lang='lat' dir='ltr'><strong>Filius</strong></span> <span class='ocrx_word' id='word_1_325' title='bbox 3060 1569 3227 1608; x_wconf 91' lang='lat' dir='ltr'><strong>unum</strong></span> <span class='ocrx_word' id='word_1_326' title='bbox 3272 1565 3433 1610; x_wconf 85' lang='lat' dir='ltr'><strong>erunt</strong></span> 
     </span>
    </p>
   </div>
   <div class='ocr_carea' id='block_1_45' title="bbox 1860 1641 3429 1714">
    <p class='ocr_par' dir='ltr' id='par_1_45' title="bbox 1860 1641 3429 1714">
     <span class='ocr_line' id='line_1_45' title="bbox 1860 1641 3429 1714; baseline 0.002 -18"><span class='ocrx_word' id='word_1_327' title='bbox 1860 1646 2275 1713; x_wconf 90' lang='lat' dir='ltr'><strong>sempiternum,</strong></span> <span class='ocrx_word' id='word_1_328' title='bbox 2311 1643 2458 1714; x_wconf 89' lang='lat' dir='ltr'><strong>quod</strong></span> <span class='ocrx_word' id='word_1_329' title='bbox 2495 1651 2581 1698; x_wconf 91' lang='lat' dir='ltr'><strong>est</strong></span> <span class='ocrx_word' id='word_1_330' title='bbox 2612 1641 3003 1699; x_wconf 88' lang='lat' dir='ltr'><strong>Sabellianum.</strong></span> <span class='ocrx_word' id='word_1_331' title='bbox 3035 1645 3174 1699; x_wconf 87' lang='lat' dir='ltr'><strong>Ante</strong></span> <span class='ocrx_word' id='word_1_332' title='bbox 3194 1647 3429 1702; x_wconf 84' lang='lat' dir='ltr'><strong>creatio-</strong></span> 
     </span>
    </p>
   </div>
   <div class='ocr_carea' id='block_1_46' title="bbox 1858 1733 3429 1806">
    <p class='ocr_par' dir='ltr' id='par_1_46' title="bbox 1858 1733 3429 1806">
     <span class='ocr_line' id='line_1_46' title="bbox 1858 1733 3429 1806; baseline 0.001 -20"><span class='ocrx_word' id='word_1_333' title='bbox 1858 1749 1980 1790; x_wconf 91' lang='lat' dir='ltr'><strong>nem</strong></span> <span class='ocrx_word' id='word_1_334' title='bbox 2019 1734 2185 1805; x_wconf 84' lang='lat' dir='ltr'><strong>igitur</strong></span> <span class='ocrx_word' id='word_1_335' title='bbox 2218 1733 2452 1790; x_wconf 88' lang='lat' dir='ltr'><strong>Verbum</strong></span> <span class='ocrx_word' id='word_1_336' title='bbox 2503 1751 2612 1790; x_wconf 93' lang='lat' dir='ltr'><strong>non</strong></span> <span class='ocrx_word' id='word_1_337' title='bbox 2660 1736 3050 1806; x_wconf 89' lang='lat' dir='ltr'><strong>sempiternum</strong></span> <span class='ocrx_word' id='word_1_338' title='bbox 3086 1751 3208 1790; x_wconf 90' lang='lat' dir='ltr'><strong>esse</strong></span> <span class='ocrx_word' id='word_1_339' title='bbox 3242 1735 3429 1792; x_wconf 89' lang='lat' dir='ltr'><strong>docuit</strong></span> 
     </span>
    </p>
   </div>
   <div class='ocr_carea' id='block_1_47' title="bbox 1859 1823 3431 1897">
    <p class='ocr_par' dir='ltr' id='par_1_47' title="bbox 1859 1823 3431 1897">
     <span class='ocr_line' id='line_1_47' title="bbox 1859 1823 3431 1897; baseline 0.001 -20"><span class='ocrx_word' id='word_1_340' title='bbox 1859 1823 2160 1892; x_wconf 86' lang='lat' dir='ltr'><strong>Eusebius;</strong></span> <span class='ocrx_word' id='word_1_341' title='bbox 2210 1843 2386 1897; x_wconf 90' lang='lat' dir='ltr'><strong>neque</strong></span> <span class='ocrx_word' id='word_1_342' title='bbox 2434 1836 2616 1882; x_wconf 87' lang='lat' dir='ltr'><strong>tamen</strong></span> <span class='ocrx_word' id='word_1_343' title='bbox 2669 1842 2760 1882; x_wconf 90' lang='lat' dir='ltr'><strong>res</strong></span> <span class='ocrx_word' id='word_1_344' title='bbox 2805 1835 3020 1882; x_wconf 89' lang='lat' dir='ltr'><strong>creatas</strong></span> <span class='ocrx_word' id='word_1_345' title='bbox 3072 1826 3256 1880; x_wconf 86' lang='lat' dir='ltr'><strong>statim</strong></span> <span class='ocrx_word' id='word_1_346' title='bbox 3305 1834 3431 1896; x_wconf 75' lang='lat' dir='ltr'><strong>post</strong></span> 
     </span>
    </p>
   </div>
   <div class='ocr_carea' id='block_1_48' title="bbox 1858 1916 3429 1990">
    <p class='ocr_par' dir='ltr' id='par_1_48' title="bbox 1858 1916 3429 1990">
     <span class='ocr_line' id='line_1_48' title="bbox 1858 1916 3429 1990; baseline 0.001 -19"><span class='ocrx_word' id='word_1_347' title='bbox 1858 1916 2022 1973; x_wconf 90' lang='lat' dir='ltr'><strong>Verbi</strong></span> <span class='ocrx_word' id='word_1_348' title='bbox 2067 1928 2247 1975; x_wconf 90' lang='lat' dir='ltr'><strong>ortum</strong></span> <span class='ocrx_word' id='word_1_349' title='bbox 2295 1920 2472 1976; x_wconf 90' lang='lat' dir='ltr'><strong>editas</strong></span> <span class='ocrx_word' id='word_1_350' title='bbox 2517 1936 2638 1976; x_wconf 89' lang='lat' dir='ltr'><strong>esse</strong></span> <span class='ocrx_word' id='word_1_351' title='bbox 2679 1927 2859 1990; x_wconf 86' lang='lat' dir='ltr'><strong>putat;</strong></span> <span class='ocrx_word' id='word_1_352' title='bbox 2917 1918 3012 1976; x_wconf 92' lang='lat' dir='ltr'><strong>sed</strong></span> <span class='ocrx_word' id='word_1_353' title='bbox 3045 1918 3429 1990; x_wconf 89' lang='lat' dir='ltr'><strong>interpositum</strong></span> 
     </span>
    </p>
   </div>
   <div class='ocr_carea' id='block_1_49' title="bbox 1858 2007 3425 2079">
    <p class='ocr_par' dir='ltr' id='par_1_49' title="bbox 1858 2007 3425 2079">
     <span class='ocr_line' id='line_1_49' title="bbox 1858 2007 3425 2079; baseline -0.001 -18"><span class='ocrx_word' id='word_1_354' title='bbox 1858 2007 2093 2078; x_wconf 90' lang='lat' dir='ltr'><strong>spatium</strong></span> <span class='ocrx_word' id='word_1_355' title='bbox 2146 2009 2286 2064; x_wconf 86' lang='lat' dir='ltr'><strong>inter</strong></span> <span class='ocrx_word' id='word_1_356' title='bbox 2331 2007 2498 2065; x_wconf 87' lang='lat' dir='ltr'><strong>Verbi</strong></span> <span class='ocrx_word' id='word_1_357' title='bbox 2540 2018 2594 2064; x_wconf 92' lang='lat' dir='ltr'><strong>et</strong></span> <span class='ocrx_word' id='word_1_358' title='bbox 2635 2009 2974 2079; x_wconf 80' lang='lat' dir='ltr'><strong>opiﬁciorum</strong></span> <span class='ocrx_word' id='word_1_359' title='bbox 3008 2008 3425 2078; x_wconf 85' lang='lat' dir='ltr'><strong>productionem</strong></span> 
     </span>
    </p>
   </div>
   <div class='ocr_carea' id='block_1_50' title="bbox 1855 2097 3426 2172">
    <p class='ocr_par' dir='ltr' id='par_1_50' title="bbox 1855 2097 3426 2172">
     <span class='ocr_line' id='line_1_50' title="bbox 1855 2097 3426 2172; baseline -0.001 -19"><span class='ocrx_word' id='word_1_360' title='bbox 1855 2100 2144 2155; x_wconf 89' lang='lat' dir='ltr'><strong>constituit</strong></span> <span class='ocrx_word' id='word_1_361' title='bbox 2171 2101 2260 2155; x_wconf 90' lang='lat' dir='ltr'><strong>ille</strong></span> <span class='ocrx_word' id='word_1_362' title='bbox 2291 2119 2304 2156; x_wconf 90' lang='lat'><strong>:</strong></span> <span class='ocrx_word' id='word_1_363' title='bbox 2336 2117 2444 2172; x_wconf 87' lang='lat' dir='ltr'><strong>qua</strong></span> <span class='ocrx_word' id='word_1_364' title='bbox 2475 2102 2532 2156; x_wconf 91' lang='lat' dir='ltr'><strong>in</strong></span> <span class='ocrx_word' id='word_1_365' title='bbox 2559 2117 2618 2157; x_wconf 88' lang='lat' dir='ltr'><strong>re</strong></span> <span class='ocrx_word' id='word_1_366' title='bbox 2643 2101 2861 2172; x_wconf 88' lang='lat' dir='ltr'><strong>paulum</strong></span> <span class='ocrx_word' id='word_1_367' title='bbox 2893 2099 3178 2155; x_wconf 83' lang='lat' dir='ltr'><strong>deﬂectere</strong></span> <span class='ocrx_word' id='word_1_368' title='bbox 3207 2097 3426 2156; x_wconf 86' lang='lat' dir='ltr'><strong>videtur</strong></span> 
     </span>
    </p>
   </div>
   <div class='ocr_carea' id='block_1_51' title="bbox 1855 2192 3417 2266">
    <p class='ocr_par' dir='ltr' id='par_1_51' title="bbox 1855 2192 3417 2266">
     <span class='ocr_line' id='line_1_51' title="bbox 1855 2192 3417 2266; baseline -0.001 -20"><span class='ocrx_word' id='word_1_369' title='bbox 1855 2193 1924 2247; x_wconf 90' lang='lat' dir='ltr'><strong>ab</strong></span> <span class='ocrx_word' id='word_1_370' title='bbox 1944 2193 2160 2250; x_wconf 76' lang='lat' dir='ltr'><strong>Ariana:</strong></span> <span class='ocrx_word' id='word_1_371' title='bbox 2187 2203 2348 2250; x_wconf 65' lang='lat' dir='ltr'><strong>sectae</strong></span> <span class='ocrx_word' id='word_1_372' title='bbox 2371 2195 2728 2266; x_wconf 76' lang='lat' dir='ltr'><strong>principibus,</strong></span> <span class='ocrx_word' id='word_1_373' title='bbox 2750 2195 2842 2266; x_wconf 85' lang='lat' dir='ltr'><strong>qui</strong></span> <span class='ocrx_word' id='word_1_374' title='bbox 2871 2194 3108 2249; x_wconf 90' lang='lat' dir='ltr'><strong>Verbum</strong></span> <span class='ocrx_word' id='word_1_375' title='bbox 3138 2192 3206 2247; x_wconf 91' lang='lat' dir='ltr'><strong>ad</strong></span> <span class='ocrx_word' id='word_1_376' title='bbox 3235 2207 3417 2247; x_wconf 90' lang='lat' dir='ltr'><strong>rerum</strong></span> 
     </span>
    </p>
   </div>
   <div class='ocr_carea' id='block_1_52' title="bbox 1854 2283 3422 2356">
    <p class='ocr_par' dir='ltr' id='par_1_52' title="bbox 1854 2283 3422 2356">
     <span class='ocr_line' id='line_1_52' title="bbox 1854 2283 3422 2356; baseline 0.002 -19"><span class='ocrx_word' id='word_1_377' title='bbox 1854 2285 2098 2342; x_wconf 89' lang='lat' dir='ltr'><strong>omnium</strong></span> <span class='ocrx_word' id='word_1_378' title='bbox 2153 2288 2484 2343; x_wconf 88' lang='lat' dir='ltr'><strong>creationem</strong></span> <span class='ocrx_word' id='word_1_379' title='bbox 2537 2287 2862 2356; x_wconf 89' lang='lat' dir='ltr'><strong>productum</strong></span> <span class='ocrx_word' id='word_1_380' title='bbox 2914 2287 3034 2344; x_wconf 82' lang='lat' dir='ltr'><strong>sine</strong></span> <span class='ocrx_word' id='word_1_381' title='bbox 3093 2283 3422 2340; x_wconf 89' lang='lat' dir='ltr'><strong>intermedio</strong></span> 
     </span>
    </p>
   </div>
   <div class='ocr_carea' id='block_1_53' title="bbox 1849 2376 3422 2449">
    <p class='ocr_par' dir='ltr' id='par_1_53' title="bbox 1849 2376 3422 2449">
     <span class='ocr_line' id='line_1_53' title="bbox 1849 2376 3422 2449; baseline 0.001 -19"><span class='ocrx_word' id='word_1_382' title='bbox 1849 2376 2030 2446; x_wconf 87' lang='lat' dir='ltr'><strong>spatio</strong></span> <span class='ocrx_word' id='word_1_383' title='bbox 2054 2377 2482 2444; x_wconf 88' lang='lat' dir='ltr'><strong>arbitrabantur,</strong></span> <span class='ocrx_word' id='word_1_384' title='bbox 2509 2387 2568 2433; x_wconf 91' lang='lat' dir='ltr'><strong>ut</strong></span> <span class='ocrx_word' id='word_1_385' title='bbox 2597 2380 2691 2434; x_wconf 91' lang='lat' dir='ltr'><strong>illo</strong></span> <span class='ocrx_word' id='word_1_386' title='bbox 2717 2379 2858 2436; x_wconf 91' lang='lat' dir='ltr'><strong>Deus</strong></span> <span class='ocrx_word' id='word_1_387' title='bbox 2882 2379 2946 2434; x_wconf 90' lang='lat' dir='ltr'><strong>ad</strong></span> <span class='ocrx_word' id='word_1_388' title='bbox 2975 2378 3188 2449; x_wconf 85' lang='lat' dir='ltr'><strong>epilicia</strong></span> <span class='ocrx_word' id='word_1_389' title='bbox 3211 2379 3422 2434; x_wconf 87' lang='lat' dir='ltr'><strong>edenda</strong></span> 
     </span>
    </p>
   </div>
   <div class='ocr_carea' id='block_1_54' title="bbox 1853 2468 2641 2527">
    <p class='ocr_par' dir='ltr' id='par_1_54' title="bbox 1853 2468 2641 2527">
     <span class='ocr_line' id='line_1_54' title="bbox 1853 2468 2641 2527; baseline 0.003 -3"><span class='ocrx_word' id='word_1_390' title='bbox 1853 2483 1951 2524; x_wconf 89' lang='lat' dir='ltr'><strong>ceu</strong></span> <span class='ocrx_word' id='word_1_391' title='bbox 1979 2468 2344 2526; x_wconf 89' lang='lat' dir='ltr'><strong>instrumento</strong></span> <span class='ocrx_word' id='word_1_392' title='bbox 2377 2480 2641 2527; x_wconf 84' lang='lat' dir='ltr'><strong>uteretur.</strong></span> 
     </span>
    </p>
   </div>
   <div class='ocr_carea' id='block_1_55' title="bbox 2224 2603 3042 2656">
    <p class='ocr_par' dir='ltr' id='par_1_55' title="bbox 2224 2603 3042 2656">
     <span class='ocr_line' id='line_1_55' title="bbox 2224 2603 3042 2656; baseline 0.001 -2"><span class='ocrx_word' id='word_1_393' title='bbox 2224 2603 2326 2654; x_wconf 80' lang='lat' dir='ltr'><strong>XV.</strong></span> <span class='ocrx_word' id='word_1_394' title='bbox 2353 2604 2550 2656; x_wconf 87' lang='lat' dir='ltr'><strong>Summa</strong></span> <span class='ocrx_word' id='word_1_395' title='bbox 2568 2606 2805 2656; x_wconf 64' lang='lat' dir='ltr'><strong>doctrinm</strong></span> <span class='ocrx_word' id='word_1_396' title='bbox 2824 2605 3042 2656; x_wconf 77' lang='lat' dir='ltr'><strong>Eusebii.</strong></span> 
     </span>
    </p>
   </div>
   <div class='ocr_carea' id='block_1_56' title="bbox 1923 2727 3418 2804">
    <p class='ocr_par' dir='ltr' id='par_1_56' title="bbox 1923 2727 3418 2804">
     <span class='ocr_line' id='line_1_56' title="bbox 1923 2727 3418 2804; baseline 0.003 -21"><span class='ocrx_word' id='word_1_397' title='bbox 1923 2727 2007 2784; x_wconf 86' lang='lat' dir='ltr'><strong>En</strong></span> <span class='ocrx_word' id='word_1_398' title='bbox 2039 2746 2170 2803; x_wconf 81' lang='lat' dir='ltr'><strong>ergo</strong></span> <span class='ocrx_word' id='word_1_399' title='bbox 2217 2739 2389 2786; x_wconf 90' lang='lat' dir='ltr'><strong>totam</strong></span> <span class='ocrx_word' id='word_1_400' title='bbox 2443 2731 2763 2787; x_wconf 74' lang='lat' dir='ltr'><strong>Eusebiana:</strong></span> <span class='ocrx_word' id='word_1_401' title='bbox 2804 2731 3090 2804; x_wconf 65' lang='lat' dir='ltr'><strong>theologia:</strong></span> <span class='ocrx_word' id='word_1_402' title='bbox 3127 2746 3418 2788; x_wconf 90' lang='lat' dir='ltr'><strong>summam.</strong></span> 
     </span>
    </p>
   </div>
   <div class='ocr_carea' id='block_1_57' title="bbox 1851 2819 3422 2894">
    <p class='ocr_par' dir='ltr' id='par_1_57' title="bbox 1851 2819 3422 2894">
     <span class='ocr_line' id='line_1_57' title="bbox 1851 2819 3422 2894; baseline 0.001 -18"><span class='ocrx_word' id='word_1_403' title='bbox 1851 2819 2017 2878; x_wconf 84' lang='lat' dir='ltr'><strong>Unus</strong></span> <span class='ocrx_word' id='word_1_404' title='bbox 2034 2838 2196 2879; x_wconf 90' lang='lat' dir='ltr'><strong>verus</strong></span> <span class='ocrx_word' id='word_1_405' title='bbox 2221 2823 2292 2878; x_wconf 90' lang='lat' dir='ltr'><strong>ab</strong></span> <span class='ocrx_word' id='word_1_406' title='bbox 2312 2831 2518 2879; x_wconf 63' lang='lat' dir='ltr'><strong>aeterno</strong></span> <span class='ocrx_word' id='word_1_407' title='bbox 2542 2823 2682 2880; x_wconf 91' lang='lat' dir='ltr'><strong>Deus</strong></span> <span class='ocrx_word' id='word_1_408' title='bbox 2706 2823 2868 2879; x_wconf 90' lang='lat' dir='ltr'><strong>Pater</strong></span> <span class='ocrx_word' id='word_1_409' title='bbox 2893 2822 3016 2888; x_wconf 77' lang='lat' dir='ltr'><strong>fuit,</strong></span> <span class='ocrx_word' id='word_1_410' title='bbox 3045 2823 3138 2894; x_wconf 89' lang='lat' dir='ltr'><strong>qui</strong></span> <span class='ocrx_word' id='word_1_411' title='bbox 3164 2822 3422 2877; x_wconf 90' lang='lat' dir='ltr'><strong>omnibus</strong></span> 
     </span>
    </p>
   </div>
   <div class='ocr_carea' id='block_1_58' title="bbox 1850 2913 3422 2987">
    <p class='ocr_par' dir='ltr' id='par_1_58' title="bbox 1850 2913 3422 2987">
     <span class='ocr_line' id='line_1_58' title="bbox 1850 2913 3422 2987; baseline -0.001 -17"><span class='ocrx_word' id='word_1_412' title='bbox 1850 2923 2014 2986; x_wconf 90' lang='lat' dir='ltr'><strong>atque</strong></span> <span class='ocrx_word' id='word_1_413' title='bbox 2047 2916 2212 2971; x_wconf 90' lang='lat' dir='ltr'><strong>etiam</strong></span> <span class='ocrx_word' id='word_1_414' title='bbox 2249 2914 2388 2971; x_wconf 86' lang='lat' dir='ltr'><strong>Filio</strong></span> <span class='ocrx_word' id='word_1_415' title='bbox 2421 2931 2522 2974; x_wconf 92' lang='lat' dir='ltr'><strong>suo</strong></span> <span class='ocrx_word' id='word_1_416' title='bbox 2565 2917 2891 2986; x_wconf 72' lang='lat' dir='ltr'><strong>praeexsistit</strong></span> <span class='ocrx_word' id='word_1_417' title='bbox 2925 2936 2938 2972; x_wconf 88' lang='lat'><strong>:</strong></span> <span class='ocrx_word' id='word_1_418' title='bbox 2975 2913 3280 2987; x_wconf 85' lang='lat' dir='ltr'><strong>Filiumque</strong></span> <span class='ocrx_word' id='word_1_419' title='bbox 3313 2916 3422 2970; x_wconf 88' lang='lat' dir='ltr'><strong>sibi</strong></span> 
     </span>
    </p>
   </div>
   <div class='ocr_carea' id='block_1_59' title="bbox 1849 3007 3421 3078">
    <p class='ocr_par' dir='ltr' id='par_1_59' title="bbox 1849 3007 3421 3078">
     <span class='ocr_line' id='line_1_59' title="bbox 1849 3007 3421 3078; baseline -0.002 -13"><span class='ocrx_word' id='word_1_420' title='bbox 1849 3016 2038 3078; x_wconf 84' lang='lat' dir='ltr'><strong>postea</strong></span> <span class='ocrx_word' id='word_1_421' title='bbox 2083 3024 2194 3062; x_wconf 92' lang='lat' dir='ltr'><strong>non</strong></span> <span class='ocrx_word' id='word_1_422' title='bbox 2227 3025 2296 3063; x_wconf 84' lang='lat' dir='ltr'><strong>ex</strong></span> <span class='ocrx_word' id='word_1_423' title='bbox 2340 3010 2666 3064; x_wconf 85' lang='lat' dir='ltr'><strong>necessitate</strong></span> <span class='ocrx_word' id='word_1_424' title='bbox 2711 3016 2938 3071; x_wconf 72' lang='lat' dir='ltr'><strong>naturae,</strong></span> <span class='ocrx_word' id='word_1_425' title='bbox 2985 3007 3080 3064; x_wconf 90' lang='lat' dir='ltr'><strong>sed</strong></span> <span class='ocrx_word' id='word_1_426' title='bbox 3128 3023 3194 3062; x_wconf 86' lang='lat' dir='ltr'><strong>ex</strong></span> <span class='ocrx_word' id='word_1_427' title='bbox 3245 3007 3421 3062; x_wconf 87' lang='lat' dir='ltr'><strong>libero</strong></span> 
     </span>
    </p>
   </div>
   <div class='ocr_carea' id='block_1_60' title="bbox 184 3098 1748 3200">
    <p class='ocr_par' dir='ltr' id='par_1_60' title="bbox 184 3098 1739 3194">
     <span class='ocr_line' id='line_1_60' title="bbox 184 3098 1739 3194; baseline 0.001 -21"><span class='ocrx_word' id='word_1_428' title='bbox 184 3136 488 3192; x_wconf 61' lang='lat' dir='ltr'><strong>quacunque</strong></span> <span class='ocrx_word' id='word_1_429' title='bbox 513 3098 671 3187; x_wconf 71' lang='lat' dir='ltr'><strong>sunt,-</strong></span> <span class='ocrx_word' id='word_1_430' title='bbox 714 3098 876 3193; x_wconf 84' lang='lat' dir='ltr'><strong>idque</strong></span> <span class='ocrx_word' id='word_1_431' title='bbox 905 3111 1108 3193; x_wconf 88' lang='lat' dir='ltr'><strong>passim</strong></span> <span class='ocrx_word' id='word_1_432' title='bbox 1151 3123 1345 3194; x_wconf 87' lang='lat' dir='ltr'><strong>repetit</strong></span> <span class='ocrx_word' id='word_1_433' title='bbox 1387 3123 1442 3176; x_wconf 94' lang='lat' dir='ltr'><strong>in</strong></span> <span class='ocrx_word' id='word_1_434' title='bbox 1469 3122 1555 3176; x_wconf 92' lang='lat' dir='ltr'><strong>his</strong></span> <span class='ocrx_word' id='word_1_435' title='bbox 1586 3137 1739 3176; x_wconf 86' lang='lat' dir='ltr'><strong>com-</strong></span> 
     </span>
    </p>
   </div>
   <div class='ocr_carea' id='block_1_61' title="bbox 1848 3098 3422 3200">
    <p class='ocr_par' dir='ltr' id='par_1_61' title="bbox 1848 3098 3422 3171">
     <span class='ocr_line' id='line_1_61' title="bbox 1848 3098 3422 3171; baseline -0.001 -17"><span class='ocrx_word' id='word_1_436' title='bbox 1848 3101 2149 3156; x_wconf 88' lang='lat' dir='ltr'><strong>voluntatis</strong></span> <span class='ocrx_word' id='word_1_437' title='bbox 2186 3101 2414 3155; x_wconf 90' lang='lat' dir='ltr'><strong>arbitrio</strong></span> <span class='ocrx_word' id='word_1_438' title='bbox 2451 3115 2515 3154; x_wconf 89' lang='lat' dir='ltr'><strong>ac</strong></span> <span class='ocrx_word' id='word_1_439' title='bbox 2567 3101 2869 3171; x_wconf 89' lang='lat' dir='ltr'><strong>proposito,</strong></span> <span class='ocrx_word' id='word_1_440' title='bbox 2907 3099 3164 3170; x_wconf 83' lang='lat' dir='ltr'><strong>produxit</strong></span> <span class='ocrx_word' id='word_1_441' title='bbox 3191 3114 3257 3153; x_wconf 88' lang='lat' dir='ltr'><strong>ex</strong></span> <span class='ocrx_word' id='word_1_442' title='bbox 3290 3098 3422 3154; x_wconf 57' lang='lat' dir='ltr'><strong>sub.</strong></span> 
     </span>
    </p>
   </div>
   <div class='ocr_carea' id='block_1_62' title="bbox 184 3212 1741 3284">
    <p class='ocr_par' dir='ltr' id='par_1_62' title="bbox 184 3212 1741 3284">
     <span class='ocr_line' id='line_1_62' title="bbox 184 3212 1741 3284; baseline 0.003 -23"><span class='ocrx_word' id='word_1_443' title='bbox 184 3214 477 3275; x_wconf 81' lang='lat' dir='ltr'><strong>mentariis,</strong></span> <span class='ocrx_word' id='word_1_444' title='bbox 519 3214 685 3284; x_wconf 89' lang='lat' dir='ltr'><strong>inque</strong></span> <span class='ocrx_word' id='word_1_445' title='bbox 719 3215 872 3270; x_wconf 84' lang='lat' dir='ltr'><strong>libris</strong></span> <span class='ocrx_word' id='word_1_446' title='bbox 904 3224 1088 3267; x_wconf 87' lang='lat' dir='ltr'><strong>contra</strong></span> <span class='ocrx_word' id='word_1_447' title='bbox 1126 3212 1438 3267; x_wconf 81' lang='lat' dir='ltr'><strong>Marcellum</strong></span> <span class='ocrx_word' id='word_1_448' title='bbox 1459 3228 1478 3265; x_wconf 90' lang='lat'><strong><em>:</em></strong></span> <span class='ocrx_word' id='word_1_449' title='bbox 1504 3213 1741 3281; x_wconf 88' lang='lat' dir='ltr'><strong>itemque</strong></span> 
     </span>
    </p>
   </div>
   <div class='ocr_carea' id='block_1_63' title="bbox 185 3301 1736 3378">
    <p class='ocr_par' dir='ltr' id='par_1_63' title="bbox 185 3301 1736 3378">
     <span class='ocr_line' id='line_1_63' title="bbox 185 3301 1736 3378; baseline 0.003 -26"><span class='ocrx_word' id='word_1_450' title='bbox 185 3301 251 3354; x_wconf 87' lang='lat' dir='ltr'><strong>ait</strong></span> <span class='ocrx_word' id='word_1_451' title='bbox 276 3301 467 3358; x_wconf 81' lang='lat' dir='ltr'><strong>Filium</strong></span> <span class='ocrx_word' id='word_1_452' title='bbox 505 3306 612 3377; x_wconf 80' lang='grc' dir='ltr'>πρὸ</span> <span class='ocrx_word' id='word_1_453' title='bbox 635 3306 841 3377; x_wconf 85' lang='grc' dir='ltr'>χρόνων</span> <span class='ocrx_word' id='word_1_454' title='bbox 873 3305 1124 3369; x_wconf 80' lang='grc' dir='ltr'><strong>αἰωνίων,</strong></span> <span class='ocrx_word' id='word_1_455' title='bbox 1157 3315 1211 3362; x_wconf 89' lang='lat' dir='ltr'><strong>et</strong></span> <span class='ocrx_word' id='word_1_456' title='bbox 1237 3305 1340 3378; x_wconf 84' lang='grc' dir='ltr'><strong>πρὸ</strong></span> <span class='ocrx_word' id='word_1_457' title='bbox 1371 3305 1587 3360; x_wconf 82' lang='grc' dir='ltr'>πάντων</span> <span class='ocrx_word' id='word_1_458' title='bbox 1613 3303 1736 3357; x_wconf 81' lang='grc' dir='ltr'><strong>αἰώ-</strong></span> 
     </span>
    </p>
   </div>
   <div class='ocr_carea' id='block_1_64' title="bbox 183 3395 1741 3468">
    <p class='ocr_par' dir='ltr' id='par_1_64' title="bbox 183 3395 1741 3468">
     <span class='ocr_line' id='line_1_64' title="bbox 183 3395 1741 3468; baseline 0.003 -23"><span class='ocrx_word' id='word_1_459' title='bbox 183 3409 296 3457; x_wconf 86' lang='grc' dir='ltr'><strong>νων,</strong></span> <span class='ocrx_word' id='word_1_460' title='bbox 334 3395 386 3450; x_wconf 90' lang='lat' dir='ltr'><strong>id</strong></span> <span class='ocrx_word' id='word_1_461' title='bbox 417 3408 525 3461; x_wconf 87' lang='lat' dir='ltr'><strong>est,</strong></span> <span class='ocrx_word' id='word_1_462' title='bbox 557 3407 676 3452; x_wconf 82' lang='lat' dir='ltr'><strong>ante</strong></span> <span class='ocrx_word' id='word_1_463' title='bbox 714 3397 930 3460; x_wconf 72' lang='lat' dir='ltr'><strong>sa&#39;cula,</strong></span> <span class='ocrx_word' id='word_1_464' title='bbox 985 3397 1306 3468; x_wconf 90' lang='lat' dir='ltr'><strong>productum</strong></span> <span class='ocrx_word' id='word_1_465' title='bbox 1341 3415 1353 3451; x_wconf 91' lang='lat'><strong>:</strong></span> <span class='ocrx_word' id='word_1_466' title='bbox 1388 3411 1512 3451; x_wconf 89' lang='lat' dir='ltr'><strong>nam</strong></span> <span class='ocrx_word' id='word_1_467' title='bbox 1542 3396 1741 3452; x_wconf 63' lang='lat' dir='ltr'><strong>saecula</strong></span> 
     </span>
    </p>
   </div>
   <div class='ocr_carea' id='block_1_65' title="bbox 181 3486 1742 3556">
    <p class='ocr_par' dir='ltr' id='par_1_65' title="bbox 181 3486 1742 3556">
     <span class='ocr_line' id='line_1_65' title="bbox 181 3486 1742 3556; baseline 0.006 -24"><span class='ocrx_word' id='word_1_468' title='bbox 181 3488 229 3532; x_wconf 78' lang='lat' dir='ltr'><strong>et</strong></span> <span class='ocrx_word' id='word_1_469' title='bbox 255 3491 465 3552; x_wconf 87' lang='lat' dir='ltr'><strong>tempus</strong></span> <span class='ocrx_word' id='word_1_470' title='bbox 497 3501 659 3541; x_wconf 90' lang='lat' dir='ltr'><strong>omne</strong></span> <span class='ocrx_word' id='word_1_471' title='bbox 703 3501 827 3540; x_wconf 90' lang='lat' dir='ltr'><strong>cum</strong></span> <span class='ocrx_word' id='word_1_472' title='bbox 873 3486 1074 3540; x_wconf 88' lang='lat' dir='ltr'><strong>mundo</strong></span> <span class='ocrx_word' id='word_1_473' title='bbox 1117 3487 1350 3556; x_wconf 64' lang='lat' dir='ltr'><strong>erupisse</strong></span> <span class='ocrx_word' id='word_1_474' title='bbox 1397 3501 1520 3542; x_wconf 91' lang='lat' dir='ltr'><strong>cum</strong></span> <span class='ocrx_word' id='word_1_475' title='bbox 1555 3486 1742 3542; x_wconf 90' lang='lat' dir='ltr'><strong>multis</strong></span> 
     </span>
    </p>
   </div>
   <div class='ocr_carea' id='block_1_66' title="bbox 185 3574 1740 3650">
    <p class='ocr_par' dir='ltr' id='par_1_66' title="bbox 185 3574 1740 3650">
     <span class='ocr_line' id='line_1_66' title="bbox 185 3574 1740 3650; baseline 0.007 -27"><span class='ocrx_word' id='word_1_476' title='bbox 185 3574 294 3628; x_wconf 85' lang='lat' dir='ltr'><strong>aliis</strong></span> <span class='ocrx_word' id='word_1_477' title='bbox 335 3577 612 3632; x_wconf 79' lang='lat' dir='ltr'><strong>veteribus</strong></span> <span class='ocrx_word' id='word_1_478' title='bbox 661 3580 978 3639; x_wconf 86' lang='lat' dir='ltr'><strong>arbitratur,</strong></span> <span class='ocrx_word' id='word_1_479' title='bbox 1035 3595 1136 3634; x_wconf 87' lang='lat' dir='ltr'><strong>nec</strong></span> <span class='ocrx_word' id='word_1_480' title='bbox 1186 3595 1285 3634; x_wconf 93' lang='lat' dir='ltr'><strong>vox</strong></span> <span class='ocrx_word' id='word_1_481' title='bbox 1337 3579 1553 3644; x_wconf 79' lang='grc' dir='ltr'><strong>αἰώνιος</strong></span> <span class='ocrx_word' id='word_1_482' title='bbox 1597 3580 1740 3650; x_wconf 88' lang='lat' dir='ltr'><strong>apud</strong></span> 
     </span>
    </p>
   </div>
   <div class='ocr_carea' id='block_1_67' title="bbox 183 3664 1739 3743">
    <p class='ocr_par' dir='ltr' id='par_1_67' title="bbox 183 3664 1739 3743">
     <span class='ocr_line' id='line_1_67' title="bbox 183 3664 1739 3743; baseline 0.004 -23"><span class='ocrx_word' id='word_1_483' title='bbox 183 3664 488 3734; x_wconf 82' lang='lat' dir='ltr'><strong>Eusebium,</strong></span> <span class='ocrx_word' id='word_1_484' title='bbox 527 3687 627 3741; x_wconf 93' lang='lat' dir='ltr'><strong>pro</strong></span> <span class='ocrx_word' id='word_1_485' title='bbox 658 3672 958 3726; x_wconf 79' lang='lat' dir='ltr'><strong>aeternitate</strong></span> <span class='ocrx_word' id='word_1_486' title='bbox 986 3681 1112 3726; x_wconf 86' lang='lat' dir='ltr'><strong>ante</strong></span> <span class='ocrx_word' id='word_1_487' title='bbox 1141 3671 1471 3727; x_wconf 80' lang='lat' dir='ltr'><strong>creationem</strong></span> <span class='ocrx_word' id='word_1_488' title='bbox 1505 3688 1739 3743; x_wconf 87' lang='lat' dir='ltr'><strong>usquam</strong></span> 
     </span>
    </p>
   </div>
   <div class='ocr_carea' id='block_1_68' title="bbox 186 3761 1742 3833">
    <p class='ocr_par' dir='ltr' id='par_1_68' title="bbox 186 3761 1742 3833">
     <span class='ocr_line' id='line_1_68' title="bbox 186 3761 1742 3833; baseline 0.004 -23"><span class='ocrx_word' id='word_1_489' title='bbox 186 3761 401 3815; x_wconf 85' lang='lat' dir='ltr'><strong>sumitur</strong></span> <span class='ocrx_word' id='word_1_490' title='bbox 430 3782 442 3817; x_wconf 92' lang='lat'><strong>:</strong></span> <span class='ocrx_word' id='word_1_491' title='bbox 473 3779 600 3817; x_wconf 87' lang='lat' dir='ltr'><strong>nam</strong></span> <span class='ocrx_word' id='word_1_492' title='bbox 634 3763 942 3833; x_wconf 88' lang='lat' dir='ltr'><strong>hujusmodi</strong></span> <span class='ocrx_word' id='word_1_493' title='bbox 976 3766 1336 3820; x_wconf 59' lang='lat' dir='ltr'><strong>aeternitatem</strong></span> <span class='ocrx_word' id='word_1_494' title='bbox 1368 3765 1423 3819; x_wconf 91' lang='lat' dir='ltr'><strong>in</strong></span> <span class='ocrx_word' id='word_1_495' title='bbox 1454 3763 1595 3819; x_wconf 86' lang='lat' dir='ltr'><strong>Filio</strong></span> <span class='ocrx_word' id='word_1_496' title='bbox 1625 3765 1742 3819; x_wconf 84' lang='lat' dir='ltr'><strong>evi-</strong></span> 
     </span>
    </p>
   </div>
   <div class='ocr_carea' id='block_1_69' title="bbox 183 3848 1742 3926">
    <p class='ocr_par' dir='ltr' id='par_1_69' title="bbox 183 3848 1742 3926">
     <span class='ocr_line' id='line_1_69' title="bbox 183 3848 1742 3926; baseline 0.005 -25"><span class='ocrx_word' id='word_1_497' title='bbox 183 3848 356 3904; x_wconf 82' lang='lat' dir='ltr'><strong>denter</strong></span> <span class='ocrx_word' id='word_1_498' title='bbox 379 3862 542 3923; x_wconf 90' lang='lat' dir='ltr'><strong>negat</strong></span> <span class='ocrx_word' id='word_1_499' title='bbox 561 3863 614 3908; x_wconf 89' lang='lat' dir='ltr'><strong>et</strong></span> <span class='ocrx_word' id='word_1_500' title='bbox 635 3867 817 3908; x_wconf 89' lang='lat' dir='ltr'><strong>contra</strong></span> <span class='ocrx_word' id='word_1_501' title='bbox 851 3853 1165 3909; x_wconf 74' lang='lat' dir='ltr'><strong>Marcellum</strong></span> <span class='ocrx_word' id='word_1_502' title='bbox 1197 3871 1366 3926; x_wconf 91' lang='lat' dir='ltr'><strong>agens</strong></span> <span class='ocrx_word' id='word_1_503' title='bbox 1398 3855 1630 3909; x_wconf 76' lang='lat' dir='ltr'><strong>afﬁrmat</strong></span> <span class='ocrx_word' id='word_1_504' title='bbox 1656 3853 1742 3909; x_wconf 83' lang='lat' dir='ltr'><strong>Fi-</strong></span> 
     </span>
    </p>
   </div>
   <div class='ocr_carea' id='block_1_70' title="bbox 186 3941 1741 4018">
    <p class='ocr_par' dir='ltr' id='par_1_70' title="bbox 186 3941 1741 4018">
     <span class='ocr_line' id='line_1_70' title="bbox 186 3941 1741 4018; baseline 0.006 -26"><span class='ocrx_word' id='word_1_505' title='bbox 186 3941 302 3995; x_wconf 91' lang='lat' dir='ltr'><strong>lium</strong></span> <span class='ocrx_word' id='word_1_506' title='bbox 351 3962 454 4001; x_wconf 90' lang='lat' dir='ltr'><strong>non</strong></span> <span class='ocrx_word' id='word_1_507' title='bbox 509 3963 670 4016; x_wconf 87' lang='lat' dir='ltr'><strong>posse</strong></span> <span class='ocrx_word' id='word_1_508' title='bbox 703 3948 810 4002; x_wconf 79' lang='lat' dir='ltr'><strong>diei</strong></span> <span class='ocrx_word' id='word_1_509' title='bbox 861 3949 1029 4002; x_wconf 79' lang='grc' dir='ltr'>ἀΐδιον</span> <span class='ocrx_word' id='word_1_510' title='bbox 1074 3948 1188 4004; x_wconf 88' lang='lat' dir='ltr'><strong>sive</strong></span> <span class='ocrx_word' id='word_1_511' title='bbox 1231 3950 1646 4018; x_wconf 91' lang='lat' dir='ltr'><strong>sempiternum,</strong></span> <span class='ocrx_word' id='word_1_512' title='bbox 1681 3957 1741 4002; x_wconf 89' lang='lat' dir='ltr'><strong>ut</strong></span> 
     </span>
    </p>
   </div>
   <div class='ocr_carea' id='block_1_71' title="bbox 185 4031 1738 4102">
    <p class='ocr_par' dir='ltr' id='par_1_71' title="bbox 185 4031 1738 4102">
     <span class='ocr_line' id='line_1_71' title="bbox 185 4031 1738 4102; baseline 0.009 -20"><span class='ocrx_word' id='word_1_513' title='bbox 185 4031 350 4089; x_wconf 83' lang='lat' dir='ltr'><strong>videre</strong></span> <span class='ocrx_word' id='word_1_514' title='bbox 377 4046 484 4100; x_wconf 88' lang='lat' dir='ltr'><strong>est,</strong></span> <span class='ocrx_word' id='word_1_515' title='bbox 520 4039 554 4091; x_wconf 93' lang='grc' dir='ltr'><strong>Ι.</strong></span> <span class='ocrx_word' id='word_1_516' title='bbox 588 4055 650 4101; x_wconf 84' lang='grc' dir='ltr'>ιι,</span> <span class='ocrx_word' id='word_1_517' title='bbox 679 4055 728 4093; x_wconf 91' lang='lat' dir='ltr'><strong>e.</strong></span> <span class='ocrx_word' id='word_1_518' title='bbox 762 4039 846 4102; x_wconf 72' lang='grc'><strong>12,</strong></span> <span class='ocrx_word' id='word_1_519' title='bbox 879 4047 932 4093; x_wconf 88' lang='lat' dir='ltr'><strong>et</strong></span> <span class='ocrx_word' id='word_1_520' title='bbox 962 4041 1109 4094; x_wconf 89' lang='lat' dir='ltr'><strong>alibi.</strong></span> <span class='ocrx_word' id='word_1_521' title='bbox 1145 4040 1255 4096; x_wconf 88' lang='lat' dir='ltr'><strong>Nec</strong></span> <span class='ocrx_word' id='word_1_522' title='bbox 1289 4039 1524 4096; x_wconf 85' lang='lat' dir='ltr'><strong>dilIiteor</strong></span> <span class='ocrx_word' id='word_1_523' title='bbox 1555 4049 1738 4096; x_wconf 88' lang='lat' dir='ltr'><strong>tamen</strong></span> 
     </span>
    </p>
   </div>
   <div class='ocr_carea' id='block_1_72' title="bbox 189 4123 1737 4209">
    <p class='ocr_par' dir='ltr' id='par_1_72' title="bbox 189 4123 1737 4209">
     <span class='ocr_line' id='line_1_72' title="bbox 189 4123 1737 4209; baseline 0.01 -37"><span class='ocrx_word' id='word_1_524' title='bbox 189 4123 233 4174; x_wconf 87' lang='lat' dir='ltr'><strong>in</strong></span> <span class='ocrx_word' id='word_1_525' title='bbox 257 4126 667 4184; x_wconf 72' lang='lat' dir='ltr'><strong>Commentariis</strong></span> <span class='ocrx_word' id='word_1_526' title='bbox 707 4129 759 4183; x_wconf 93' lang='lat' dir='ltr'><strong>in</strong></span> <span class='ocrx_word' id='word_1_527' title='bbox 805 4129 1051 4209; x_wconf 79' lang='lat' dir='ltr'><strong>Psalmos</strong></span> <span class='ocrx_word' id='word_1_528' title='bbox 1095 4131 1160 4185; x_wconf 91' lang='lat' dir='ltr'><strong>ad</strong></span> <span class='ocrx_word' id='word_1_529' title='bbox 1193 4132 1338 4186; x_wconf 90' lang='lat' dir='ltr'><strong>hunc</strong></span> <span class='ocrx_word' id='word_1_530' title='bbox 1368 4133 1506 4202; x_wconf 91' lang='lat' dir='ltr'><strong>psal.</strong></span> <span class='ocrx_word' id='word_1_531' title='bbox 1541 4147 1580 4187; x_wconf 88' lang='grc' dir='ltr'><strong>ιι</strong></span> <span class='ocrx_word' id='word_1_532' title='bbox 1613 4148 1737 4187; x_wconf 90' lang='lat' dir='ltr'><strong>ver-</strong></span> 
     </span>
    </p>
   </div>
   <div class='ocr_carea' id='block_1_73' title="bbox 187 4215 1739 4293">
    <p class='ocr_par' dir='ltr' id='par_1_73' title="bbox 187 4215 1739 4293">
     <span class='ocr_line' id='line_1_73' title="bbox 187 4215 1739 4293; baseline 0.014 -30"><span class='ocrx_word' id='word_1_533' title='bbox 187 4227 312 4278; x_wconf 88' lang='lat' dir='ltr'><strong>sum,</strong></span> <span class='ocrx_word' id='word_1_534' title='bbox 344 4215 453 4287; x_wconf 81' lang='lat' dir='ltr'><strong>Ego</strong></span> <span class='ocrx_word' id='word_1_535' title='bbox 486 4219 636 4274; x_wconf 78' lang='lat' dir='ltr'><strong>hodie</strong></span> <span class='ocrx_word' id='word_1_536' title='bbox 656 4221 892 4292; x_wconf 84' lang='lat' dir='ltr'><strong>qenuite,</strong></span> <span class='ocrx_word' id='word_1_537' title='bbox 925 4222 1038 4276; x_wconf 63' lang='lat' dir='ltr'><strong>hate</strong></span> <span class='ocrx_word' id='word_1_538' title='bbox 1064 4223 1250 4278; x_wconf 86' lang='lat' dir='ltr'><strong>haberi</strong></span> <span class='ocrx_word' id='word_1_539' title='bbox 1275 4223 1448 4293; x_wconf 62' lang='grc' dir='ltr'><strong>εῈνὼ</strong></span> <span class='ocrx_word' id='word_1_540' title='bbox 1473 4222 1739 4293; x_wconf 76' lang='grc' dir='ltr'><strong>σήμερον</strong></span> 
     </span>
    </p>
   </div>
   <div class='ocr_carea' id='block_1_74' title="bbox 186 4305 1735 4390">
    <p class='ocr_par' dir='ltr' id='par_1_74' title="bbox 186 4305 1735 4390">
     <span class='ocr_line' id='line_1_74' title="bbox 186 4305 1735 4390; baseline 0.003 -28"><span class='ocrx_word' id='word_1_541' title='bbox 186 4305 497 4378; x_wconf 61' lang='grc' dir='ltr'><strong>Ἱΐγέννηκιὶ</strong></span> <span class='ocrx_word' id='word_1_542' title='bbox 524 4327 616 4376; x_wconf 83' lang='grc' dir='ltr'><strong>σε,</strong></span> <span class='ocrx_word' id='word_1_543' title='bbox 639 4314 878 4384; x_wconf 77' lang='grc' dir='ltr'><strong>δηλονότι</strong></span> <span class='ocrx_word' id='word_1_544' title='bbox 912 4317 1038 4390; x_wconf 74' lang='grc' dir='ltr'>περὶ</span> <span class='ocrx_word' id='word_1_545' title='bbox 1067 4317 1166 4388; x_wconf 81' lang='grc' dir='ltr'><strong>τῆς</strong></span> <span class='ocrx_word' id='word_1_546' title='bbox 1196 4315 1450 4389; x_wconf 83' lang='grc' dir='ltr'><strong>χρονικῆς</strong></span> <span class='ocrx_word' id='word_1_547' title='bbox 1479 4314 1582 4388; x_wconf 77' lang='grc' dir='ltr'><strong>ἔφη</strong></span> <span class='ocrx_word' id='word_1_548' title='bbox 1611 4332 1735 4384; x_wconf 74' lang='grc' dir='ltr'>γενο</span> 
     </span>
    </p>
   </div>
   <div class='ocr_carea' id='block_1_75' title="bbox 185 4400 1729 4480">
    <p class='ocr_par' dir='ltr' id='par_1_75' title="bbox 185 4400 1729 4480">
     <span class='ocr_line' id='line_1_75' title="bbox 185 4400 1729 4480; baseline 0.005 -29"><span class='ocrx_word' id='word_1_549' title='bbox 185 4400 389 4468; x_wconf 62' lang='grc' dir='ltr'>νήσεως</span> <span class='ocrx_word' id='word_1_550' title='bbox 416 4405 544 4476; x_wconf 77' lang='grc' dir='ltr'>περὶ</span> <span class='ocrx_word' id='word_1_551' title='bbox 580 4406 687 4478; x_wconf 74' lang='grc' dir='ltr'><strong>γὰρ</strong></span> <span class='ocrx_word' id='word_1_552' title='bbox 718 4407 817 4477; x_wconf 84' lang='grc' dir='ltr'><strong>τῆς</strong></span> <span class='ocrx_word' id='word_1_553' title='bbox 848 4407 1082 4480; x_wconf 79' lang='grc' dir='ltr'><strong>ἁνάρχου</strong></span> <span class='ocrx_word' id='word_1_554' title='bbox 1114 4409 1276 4478; x_wconf 74' lang='grc' dir='ltr'>φησὶν</span> <span class='ocrx_word' id='word_1_555' title='bbox 1302 4407 1462 4471; x_wconf 78' lang='grc' dir='ltr'>αὐτὸς</span> <span class='ocrx_word' id='word_1_556' title='bbox 1496 4407 1524 4459; x_wconf 73' lang='grc' dir='ltr'><strong>ὁ</strong></span> <span class='ocrx_word' id='word_1_557' title='bbox 1549 4406 1729 4460; x_wconf 79' lang='grc' dir='ltr'><strong>Δαυΐδ-</strong></span> 
     </span>
    </p>
   </div>
   <div class='ocr_carea' id='block_1_76' title="bbox 1844 3191 3421 3259">
    <p class='ocr_par' dir='ltr' id='par_1_76' title="bbox 1844 3191 3421 3259">
     <span class='ocr_line' id='line_1_76' title="bbox 1844 3191 3421 3259; baseline -0.001 -10"><span class='ocrx_word' id='word_1_558' title='bbox 1844 3194 2046 3249; x_wconf 86' lang='lat' dir='ltr'><strong>stantia</strong></span> <span class='ocrx_word' id='word_1_559' title='bbox 2070 3209 2167 3250; x_wconf 91' lang='lat' dir='ltr'><strong>sua</strong></span> <span class='ocrx_word' id='word_1_560' title='bbox 2195 3212 2207 3248; x_wconf 90' lang='lat'><strong>:</strong></span> <span class='ocrx_word' id='word_1_561' title='bbox 2234 3209 2344 3250; x_wconf 93' lang='lat' dir='ltr'><strong>non</strong></span> <span class='ocrx_word' id='word_1_562' title='bbox 2369 3193 2733 3248; x_wconf 88' lang='lat' dir='ltr'><strong>substantiam</strong></span> <span class='ocrx_word' id='word_1_563' title='bbox 2759 3207 2912 3248; x_wconf 92' lang='lat' dir='ltr'><strong>suam</strong></span> <span class='ocrx_word' id='word_1_564' title='bbox 2936 3193 3051 3247; x_wconf 86' lang='lat' dir='ltr'><strong>sive</strong></span> <span class='ocrx_word' id='word_1_565' title='bbox 3077 3200 3272 3259; x_wconf 87' lang='lat' dir='ltr'><strong>totam,</strong></span> <span class='ocrx_word' id='word_1_566' title='bbox 3304 3191 3421 3250; x_wconf 83' lang='lat' dir='ltr'><strong>sive</strong></span> 
     </span>
    </p>
   </div>
   <div class='ocr_carea' id='block_1_77' title="bbox 1842 3284 3417 3352">
    <p class='ocr_par' dir='ltr' id='par_1_77' title="bbox 1842 3284 3417 3352">
     <span class='ocr_line' id='line_1_77' title="bbox 1842 3284 3417 3352; baseline -0.002 -10"><span class='ocrx_word' id='word_1_567' title='bbox 1842 3287 2106 3352; x_wconf 90' lang='lat' dir='ltr'><strong>decisam,</strong></span> <span class='ocrx_word' id='word_1_568' title='bbox 2134 3285 2273 3341; x_wconf 79' lang='lat' dir='ltr'><strong>Filio</strong></span> <span class='ocrx_word' id='word_1_569' title='bbox 2295 3285 2730 3352; x_wconf 76' lang='lat' dir='ltr'><strong>communicatis;</strong></span> <span class='ocrx_word' id='word_1_570' title='bbox 2755 3285 2848 3341; x_wconf 87' lang='lat' dir='ltr'><strong>sed</strong></span> <span class='ocrx_word' id='word_1_571' title='bbox 2875 3284 3235 3341; x_wconf 88' lang='lat' dir='ltr'><strong>substantiam</strong></span> <span class='ocrx_word' id='word_1_572' title='bbox 3256 3287 3417 3340; x_wconf 88' lang='lat' dir='ltr'><strong>aliam</strong></span> 
     </span>
    </p>
   </div>
   <div class='ocr_carea' id='block_1_78' title="bbox 1843 3376 3422 3450">
    <p class='ocr_par' dir='ltr' id='par_1_78' title="bbox 1843 3376 3422 3450">
     <span class='ocr_line' id='line_1_78' title="bbox 1843 3376 3422 3450; baseline -0.002 -16"><span class='ocrx_word' id='word_1_573' title='bbox 1843 3377 1911 3434; x_wconf 86' lang='lat' dir='ltr'><strong>ad</strong></span> <span class='ocrx_word' id='word_1_574' title='bbox 1949 3379 2036 3434; x_wconf 91' lang='lat' dir='ltr'><strong>sui</strong></span> <span class='ocrx_word' id='word_1_575' title='bbox 2080 3394 2175 3450; x_wconf 91' lang='lat' dir='ltr'><strong>per</strong></span> <span class='ocrx_word' id='word_1_576' title='bbox 2215 3377 2397 3433; x_wconf 88' lang='lat' dir='ltr'><strong>omnia</strong></span> <span class='ocrx_word' id='word_1_577' title='bbox 2428 3376 2844 3433; x_wconf 89' lang='lat' dir='ltr'><strong>similitudinem</strong></span> <span class='ocrx_word' id='word_1_578' title='bbox 2886 3382 2941 3431; x_wconf 87' lang='lat' dir='ltr'><strong>et</strong></span> <span class='ocrx_word' id='word_1_579' title='bbox 2975 3377 3267 3450; x_wconf 80' lang='lat' dir='ltr'><strong>imaginem</strong></span> <span class='ocrx_word' id='word_1_580' title='bbox 3302 3394 3422 3448; x_wconf 85' lang='lat' dir='ltr'><strong>pro-</strong></span> 
     </span>
    </p>
   </div>
   <div class='ocr_carea' id='block_1_79' title="bbox 1842 3469 3420 3540">
    <p class='ocr_par' dir='ltr' id='par_1_79' title="bbox 1842 3469 3420 3540">
     <span class='ocr_line' id='line_1_79' title="bbox 1842 3469 3420 3540; baseline 0.001 -16"><span class='ocrx_word' id='word_1_581' title='bbox 1842 3471 2082 3531; x_wconf 82' lang='lat' dir='ltr'><strong>ducens;</strong></span> <span class='ocrx_word' id='word_1_582' title='bbox 2127 3481 2393 3540; x_wconf 90' lang='lat' dir='ltr'><strong>quantum</strong></span> <span class='ocrx_word' id='word_1_583' title='bbox 2427 3469 2638 3525; x_wconf 90' lang='lat' dir='ltr'><strong>scilicet</strong></span> <span class='ocrx_word' id='word_1_584' title='bbox 2676 3476 2856 3540; x_wconf 83' lang='lat' dir='ltr'><strong>potest</strong></span> <span class='ocrx_word' id='word_1_585' title='bbox 2894 3469 3205 3526; x_wconf 87' lang='lat' dir='ltr'><strong>substantia</strong></span> <span class='ocrx_word' id='word_1_586' title='bbox 3240 3485 3271 3524; x_wconf 94' lang='lat' dir='ltr'><strong>a</strong></span> <span class='ocrx_word' id='word_1_587' title='bbox 3307 3470 3420 3526; x_wconf 91' lang='lat' dir='ltr'><strong>Deo</strong></span> 
     </span>
    </p>
   </div>
   <div class='ocr_carea' id='block_1_80' title="bbox 1841 3561 3419 3634">
    <p class='ocr_par' dir='ltr' id='par_1_80' title="bbox 1841 3561 3419 3634">
     <span class='ocr_line' id='line_1_80' title="bbox 1841 3561 3419 3634; baseline 0.001 -16"><span class='ocrx_word' id='word_1_588' title='bbox 1841 3562 2058 3619; x_wconf 88' lang='lat' dir='ltr'><strong>diversa</strong></span> <span class='ocrx_word' id='word_1_589' title='bbox 2107 3562 2203 3618; x_wconf 89' lang='lat' dir='ltr'><strong>Dei</strong></span> <span class='ocrx_word' id='word_1_590' title='bbox 2253 3563 2544 3633; x_wconf 82' lang='lat' dir='ltr'><strong>imaginem</strong></span> <span class='ocrx_word' id='word_1_591' title='bbox 2579 3561 2761 3618; x_wconf 68' lang='lat' dir='ltr'><strong>ferre:</strong></span> <span class='ocrx_word' id='word_1_592' title='bbox 2797 3576 2924 3617; x_wconf 91' lang='lat' dir='ltr'><strong>nam</strong></span> <span class='ocrx_word' id='word_1_593' title='bbox 2961 3565 3118 3634; x_wconf 89' lang='lat' dir='ltr'><strong>longe</strong></span> <span class='ocrx_word' id='word_1_594' title='bbox 3151 3564 3327 3634; x_wconf 88' lang='lat' dir='ltr'><strong>impar</strong></span> <span class='ocrx_word' id='word_1_595' title='bbox 3363 3575 3419 3619; x_wconf 89' lang='lat' dir='ltr'><strong>et</strong></span> 
     </span>
    </p>
   </div>
   <div class='ocr_carea' id='block_1_81' title="bbox 1843 3652 3416 3726">
    <p class='ocr_par' dir='ltr' id='par_1_81' title="bbox 1843 3652 3416 3726">
     <span class='ocr_line' id='line_1_81' title="bbox 1843 3652 3416 3726; baseline 0.001 -18"><span class='ocrx_word' id='word_1_596' title='bbox 1843 3655 2022 3708; x_wconf 84' lang='lat' dir='ltr'><strong>minor</strong></span> <span class='ocrx_word' id='word_1_597' title='bbox 2059 3653 2219 3710; x_wconf 88' lang='lat' dir='ltr'><strong>Patre</strong></span> <span class='ocrx_word' id='word_1_598' title='bbox 2265 3652 2439 3709; x_wconf 87' lang='lat' dir='ltr'><strong>Filius</strong></span> <span class='ocrx_word' id='word_1_599' title='bbox 2463 3661 2566 3709; x_wconf 86' lang='lat' dir='ltr'><strong>est.</strong></span> <span class='ocrx_word' id='word_1_600' title='bbox 2600 3653 2736 3708; x_wconf 87' lang='lat' dir='ltr'><strong>Cum</strong></span> <span class='ocrx_word' id='word_1_601' title='bbox 2765 3663 2946 3710; x_wconf 90' lang='lat' dir='ltr'><strong>autem</strong></span> <span class='ocrx_word' id='word_1_602' title='bbox 2979 3655 3156 3726; x_wconf 84' lang='lat' dir='ltr'><strong>imago</strong></span> <span class='ocrx_word' id='word_1_603' title='bbox 3189 3656 3279 3710; x_wconf 91' lang='lat' dir='ltr'><strong>illa</strong></span> <span class='ocrx_word' id='word_1_604' title='bbox 3308 3671 3416 3710; x_wconf 90' lang='lat' dir='ltr'><strong>una</strong></span> 
     </span>
    </p>
   </div>
   <div class='ocr_carea' id='block_1_82' title="bbox 1842 3744 3418 3818">
    <p class='ocr_par' dir='ltr' id='par_1_82' title="bbox 1842 3744 3418 3818">
     <span class='ocr_line' id='line_1_82' title="bbox 1842 3744 3418 3818; baseline 0.002 -19"><span class='ocrx_word' id='word_1_605' title='bbox 1842 3744 2010 3800; x_wconf 88' lang='lat' dir='ltr'><strong>Deum</strong></span> <span class='ocrx_word' id='word_1_606' title='bbox 2046 3745 2463 3816; x_wconf 84' lang='lat' dir='ltr'><strong>perfectissime,</strong></span> <span class='ocrx_word' id='word_1_607' title='bbox 2501 3751 2766 3814; x_wconf 89' lang='lat' dir='ltr'><strong>quantum</strong></span> <span class='ocrx_word' id='word_1_608' title='bbox 2814 3746 2930 3800; x_wconf 86' lang='lat' dir='ltr'><strong>tieri</strong></span> <span class='ocrx_word' id='word_1_609' title='bbox 2977 3756 3173 3817; x_wconf 85' lang='lat' dir='ltr'><strong>potest,</strong></span> <span class='ocrx_word' id='word_1_610' title='bbox 3218 3762 3418 3818; x_wconf 71' lang='lat' dir='ltr'><strong>reprae-</strong></span> 
     </span>
    </p>
   </div>
   <div class='ocr_carea' id='block_1_83' title="bbox 1815 3837 3419 3902">
    <p class='ocr_par' dir='ltr' id='par_1_83' title="bbox 1815 3837 3419 3902">
     <span class='ocr_line' id='line_1_83' title="bbox 1815 3837 3419 3902; baseline -0.001 -7"><span class='ocrx_word' id='word_1_611' title='bbox 1815 3848 2039 3902; x_wconf 81' lang='lat' dir='ltr'><strong>sentet,</strong></span> <span class='ocrx_word' id='word_1_612' title='bbox 2067 3855 2175 3894; x_wconf 90' lang='lat' dir='ltr'><strong>non</strong></span> <span class='ocrx_word' id='word_1_613' title='bbox 2207 3838 2532 3895; x_wconf 74' lang='lat' dir='ltr'><strong>substantia:</strong></span> <span class='ocrx_word' id='word_1_614' title='bbox 2565 3837 2726 3892; x_wconf 88' lang='lat' dir='ltr'><strong>modo</strong></span> <span class='ocrx_word' id='word_1_615' title='bbox 2755 3837 2873 3900; x_wconf 89' lang='lat' dir='ltr'><strong>Dei,</strong></span> <span class='ocrx_word' id='word_1_616' title='bbox 2919 3840 3013 3894; x_wconf 91' lang='lat' dir='ltr'><strong>sed</strong></span> <span class='ocrx_word' id='word_1_617' title='bbox 3039 3841 3202 3895; x_wconf 85' lang='lat' dir='ltr'><strong>etiam</strong></span> <span class='ocrx_word' id='word_1_618' title='bbox 3236 3840 3419 3894; x_wconf 89' lang='lat' dir='ltr'><strong>unita-</strong></span> 
     </span>
    </p>
   </div>
   <div class='ocr_carea' id='block_1_84' title="bbox 1841 3927 3413 4002">
    <p class='ocr_par' dir='ltr' id='par_1_84' title="bbox 1841 3927 3413 4002">
     <span class='ocr_line' id='line_1_84' title="bbox 1841 3927 3413 4002; baseline 0 -16"><span class='ocrx_word' id='word_1_619' title='bbox 1841 3933 1912 3986; x_wconf 91' lang='lat' dir='ltr'><strong>tis</strong></span> <span class='ocrx_word' id='word_1_620' title='bbox 1937 3933 2058 4002; x_wconf 86' lang='lat' dir='ltr'><strong>ejus</strong></span> <span class='ocrx_word' id='word_1_621' title='bbox 2089 3933 2266 4002; x_wconf 85' lang='lat' dir='ltr'><strong>imago</strong></span> <span class='ocrx_word' id='word_1_622' title='bbox 2294 3939 2394 3987; x_wconf 92' lang='lat' dir='ltr'><strong>est.</strong></span> <span class='ocrx_word' id='word_1_623' title='bbox 2434 3930 2591 3986; x_wconf 85' lang='lat' dir='ltr'><strong>Unde</strong></span> <span class='ocrx_word' id='word_1_624' title='bbox 2611 3927 2684 3985; x_wconf 92' lang='lat' dir='ltr'><strong>ob</strong></span> <span class='ocrx_word' id='word_1_625' title='bbox 2717 3931 2863 3985; x_wconf 91' lang='lat' dir='ltr'><strong>illam</strong></span> <span class='ocrx_word' id='word_1_626' title='bbox 2892 3932 3110 3987; x_wconf 89' lang='lat' dir='ltr'><strong>unicam</strong></span> <span class='ocrx_word' id='word_1_627' title='bbox 3135 3941 3188 3987; x_wconf 89' lang='lat' dir='ltr'><strong>et</strong></span> <span class='ocrx_word' id='word_1_628' title='bbox 3219 3931 3413 4002; x_wconf 77' lang='lat' dir='ltr'><strong>singu-</strong></span> 
     </span>
    </p>
   </div>
   <div class='ocr_carea' id='block_1_85' title="bbox 1839 4023 3416 4096">
    <p class='ocr_par' dir='ltr' id='par_1_85' title="bbox 1839 4023 3416 4096">
     <span class='ocr_line' id='line_1_85' title="bbox 1839 4023 3416 4096; baseline -0.001 -16"><span class='ocrx_word' id='word_1_629' title='bbox 1839 4027 2006 4080; x_wconf 88' lang='lat' dir='ltr'><strong>larem</strong></span> <span class='ocrx_word' id='word_1_630' title='bbox 2029 4025 2462 4088; x_wconf 83' lang='lat' dir='ltr'><strong>similitudinem,</strong></span> <span class='ocrx_word' id='word_1_631' title='bbox 2490 4023 2660 4080; x_wconf 85' lang='lat' dir='ltr'><strong>Filius</strong></span> <span class='ocrx_word' id='word_1_632' title='bbox 2684 4025 2752 4081; x_wconf 93' lang='lat' dir='ltr'><strong>ab</strong></span> <span class='ocrx_word' id='word_1_633' title='bbox 2792 4025 3001 4096; x_wconf 85' lang='lat' dir='ltr'><strong>origine</strong></span> <span class='ocrx_word' id='word_1_634' title='bbox 3021 4023 3163 4080; x_wconf 90' lang='lat' dir='ltr'><strong>Deus</strong></span> <span class='ocrx_word' id='word_1_635' title='bbox 3187 4033 3416 4080; x_wconf 79' lang='lat' dir='ltr'><strong>vocatus</strong></span> 
     </span>
    </p>
   </div>
   <div class='ocr_carea' id='block_1_86' title="bbox 1838 4117 3410 4190">
    <p class='ocr_par' dir='ltr' id='par_1_86' title="bbox 1838 4117 3410 4190">
     <span class='ocr_line' id='line_1_86' title="bbox 1838 4117 3410 4190; baseline 0 -16"><span class='ocrx_word' id='word_1_636' title='bbox 1838 4127 1893 4174; x_wconf 90' lang='lat' dir='ltr'><strong>et</strong></span> <span class='ocrx_word' id='word_1_637' title='bbox 1921 4119 2098 4174; x_wconf 82' lang='lat' dir='ltr'><strong>factus</strong></span> <span class='ocrx_word' id='word_1_638' title='bbox 2135 4127 2240 4181; x_wconf 88' lang='lat' dir='ltr'><strong>est,</strong></span> <span class='ocrx_word' id='word_1_639' title='bbox 2273 4118 2611 4190; x_wconf 78' lang='grc' dir='ltr'><strong>θεοποιηθείς</strong></span> <span class='ocrx_word' id='word_1_640' title='bbox 2640 4139 2656 4174; x_wconf 72' lang='grc' dir='ltr'>ς</span> <span class='ocrx_word' id='word_1_641' title='bbox 2689 4119 2782 4189; x_wconf 91' lang='lat' dir='ltr'><strong>qui</strong></span> <span class='ocrx_word' id='word_1_642' title='bbox 2817 4119 2922 4175; x_wconf 90' lang='lat' dir='ltr'><strong>etsi</strong></span> <span class='ocrx_word' id='word_1_643' title='bbox 2956 4134 3083 4175; x_wconf 85' lang='lat' dir='ltr'><strong>vere</strong></span> <span class='ocrx_word' id='word_1_644' title='bbox 3117 4117 3262 4175; x_wconf 90' lang='lat' dir='ltr'><strong>Deus</strong></span> <span class='ocrx_word' id='word_1_645' title='bbox 3301 4119 3410 4175; x_wconf 90' lang='lat' dir='ltr'><strong>diei</strong></span> 
     </span>
    </p>
   </div>
   <div class='ocr_carea' id='block_1_87' title="bbox 1837 4208 3413 4282">
    <p class='ocr_par' dir='ltr' id='par_1_87' title="bbox 1837 4208 3413 4282">
     <span class='ocr_line' id='line_1_87' title="bbox 1837 4208 3413 4282; baseline -0.001 -16"><span class='ocrx_word' id='word_1_646' title='bbox 1837 4226 1946 4266; x_wconf 88' lang='lat' dir='ltr'><strong>non</strong></span> <span class='ocrx_word' id='word_1_647' title='bbox 1975 4212 2170 4282; x_wconf 88' lang='lat' dir='ltr'><strong>possit,</strong></span> <span class='ocrx_word' id='word_1_648' title='bbox 2218 4211 2264 4266; x_wconf 91' lang='lat' dir='ltr'><strong>si</strong></span> <span class='ocrx_word' id='word_1_649' title='bbox 2301 4225 2427 4265; x_wconf 90' lang='lat' dir='ltr'><strong>cum</strong></span> <span class='ocrx_word' id='word_1_650' title='bbox 2475 4208 2639 4266; x_wconf 90' lang='lat' dir='ltr'><strong>Patre</strong></span> <span class='ocrx_word' id='word_1_651' title='bbox 2683 4219 3056 4281; x_wconf 90' lang='lat' dir='ltr'><strong>comparetur,</strong></span> <span class='ocrx_word' id='word_1_652' title='bbox 3097 4217 3413 4281; x_wconf 86' lang='lat' dir='ltr'><strong>comparate</strong></span> 
     </span>
    </p>
   </div>
   <div class='ocr_carea' id='block_1_88' title="bbox 1837 4301 3413 4374">
    <p class='ocr_par' dir='ltr' id='par_1_88' title="bbox 1837 4301 3413 4374">
     <span class='ocr_line' id='line_1_88' title="bbox 1837 4301 3413 4374; baseline 0 -16"><span class='ocrx_word' id='word_1_653' title='bbox 1837 4313 2016 4358; x_wconf 91' lang='lat' dir='ltr'><strong>tamen</strong></span> <span class='ocrx_word' id='word_1_654' title='bbox 2050 4303 2116 4358; x_wconf 89' lang='lat' dir='ltr'><strong>ad</strong></span> <span class='ocrx_word' id='word_1_655' title='bbox 2151 4313 2432 4358; x_wconf 90' lang='lat' dir='ltr'><strong>creaturas</strong></span> <span class='ocrx_word' id='word_1_656' title='bbox 2466 4319 2589 4358; x_wconf 84' lang='lat' dir='ltr'><strong>vere</strong></span> <span class='ocrx_word' id='word_1_657' title='bbox 2636 4302 2780 4358; x_wconf 91' lang='lat' dir='ltr'><strong>Deus</strong></span> <span class='ocrx_word' id='word_1_658' title='bbox 2827 4301 3037 4365; x_wconf 75' lang='lat' dir='ltr'><strong>dicitur,</strong></span> <span class='ocrx_word' id='word_1_659' title='bbox 3073 4322 3087 4358; x_wconf 87' lang='lat'>:</span> <span class='ocrx_word' id='word_1_660' title='bbox 3123 4303 3250 4373; x_wconf 90' lang='lat' dir='ltr'><strong>quia</strong></span> <span class='ocrx_word' id='word_1_661' title='bbox 3281 4303 3413 4374; x_wconf 67' lang='lat' dir='ltr'><strong>ipsa:</strong></span> 
     </span>
    </p>
   </div>
   <div class='ocr_carea' id='block_1_89' title="bbox 1839 4393 3410 4468">
    <p class='ocr_par' dir='ltr' id='par_1_89' title="bbox 1839 4393 3410 4468">
     <span class='ocr_line' id='line_1_89' title="bbox 1839 4393 3410 4468; baseline -0.001 -18"><span class='ocrx_word' id='word_1_662' title='bbox 1839 4395 2104 4468; x_wconf 89' lang='lat' dir='ltr'><strong>imagines</strong></span> <span class='ocrx_word' id='word_1_663' title='bbox 2135 4395 2233 4454; x_wconf 90' lang='lat' dir='ltr'><strong>Dei</strong></span> <span class='ocrx_word' id='word_1_664' title='bbox 2266 4397 2423 4468; x_wconf 86' lang='lat' dir='ltr'><strong>longe</strong></span> <span class='ocrx_word' id='word_1_665' title='bbox 2453 4393 2888 4466; x_wconf 79' lang='lat' dir='ltr'><strong>imperfectiores</strong></span> <span class='ocrx_word' id='word_1_666' title='bbox 2916 4403 3064 4450; x_wconf 89' lang='lat' dir='ltr'><strong>sunt.</strong></span> <span class='ocrx_word' id='word_1_667' title='bbox 3095 4393 3278 4461; x_wconf 86' lang='lat' dir='ltr'><strong>Quare</strong></span> <span class='ocrx_word' id='word_1_668' title='bbox 3308 4396 3410 4450; x_wconf 79' lang='grc' dir='ltr'><strong>αὑ-</strong></span> 
     </span>
    </p>
   </div>
   <div class='ocr_carea' id='block_1_90' title="bbox 195 4484 1748 4569">
    <p class='ocr_par' dir='ltr' id='par_1_90' title="bbox 195 4487 1731 4569">
     <span class='ocr_line' id='line_1_90' title="bbox 195 4487 1731 4569; baseline 0.006 -27"><span class='ocrx_word' id='word_1_669' title='bbox 195 4487 278 4543; x_wconf 79' lang='grc' dir='ltr'><strong>Ἑκ</strong></span> <span class='ocrx_word' id='word_1_670' title='bbox 325 4495 580 4564; x_wconf 78' lang='grc' dir='ltr'><strong>γαστρός</strong></span> <span class='ocrx_word' id='word_1_671' title='bbox 621 4496 734 4565; x_wconf 78' lang='grc' dir='ltr'><strong>πρὸ</strong></span> <span class='ocrx_word' id='word_1_672' title='bbox 776 4499 1086 4569; x_wconf 66' lang='grc' dir='ltr'><strong>ἐωσφόρου</strong></span> <span class='ocrx_word' id='word_1_673' title='bbox 1119 4496 1447 4568; x_wconf 75' lang='grc' dir='ltr'><strong>γεγέννηκά</strong></span> <span class='ocrx_word' id='word_1_674' title='bbox 1492 4515 1587 4564; x_wconf 81' lang='grc' dir='ltr'><strong>σε,</strong></span> <span class='ocrx_word' id='word_1_675' title='bbox 1629 4498 1731 4552; x_wconf 90' lang='lat' dir='ltr'><strong>hoc</strong></span> 
     </span>
    </p>
   </div>
   <div class='ocr_carea' id='block_1_91' title="bbox 1848 4484 3413 4569">
    <p class='ocr_par' dir='ltr' id='par_1_91' title="bbox 1848 4484 3413 4557">
     <span class='ocr_line' id='line_1_91' title="bbox 1848 4484 3413 4557; baseline -0.001 -15"><span class='ocrx_word' id='word_1_676' title='bbox 1848 4489 2022 4554; x_wconf 75' lang='grc' dir='ltr'><strong>τόθεος</strong></span> <span class='ocrx_word' id='word_1_677' title='bbox 2053 4489 2278 4552; x_wconf 87' lang='lat' dir='ltr'><strong>dicitur,</strong></span> <span class='ocrx_word' id='word_1_678' title='bbox 2315 4488 2453 4551; x_wconf 87' lang='lat' dir='ltr'><strong>sive,</strong></span> <span class='ocrx_word' id='word_1_679' title='bbox 2502 4487 2612 4557; x_wconf 81' lang='lat' dir='ltr'><strong>ipse</strong></span> <span class='ocrx_word' id='word_1_680' title='bbox 2646 4484 2811 4550; x_wconf 83' lang='lat' dir='ltr'><strong>Deus,</strong></span> <span class='ocrx_word' id='word_1_681' title='bbox 2842 4487 2968 4557; x_wconf 85' lang='lat' dir='ltr'><strong>quia</strong></span> <span class='ocrx_word' id='word_1_682' title='bbox 3003 4503 3067 4542; x_wconf 83' lang='lat' dir='ltr'><strong>ex</strong></span> <span class='ocrx_word' id='word_1_683' title='bbox 3101 4487 3413 4542; x_wconf 90' lang='lat' dir='ltr'><strong>omnimoda</strong></span> 
     </span>
    </p>
   </div>
   <div class='ocr_carea' id='block_1_92' title="bbox 183 4585 1792 4661">
    <p class='ocr_par' dir='ltr' id='par_1_92' title="bbox 183 4585 1792 4661">
     <span class='ocr_line' id='line_1_92' title="bbox 183 4585 1792 4661; baseline 0.007 -29"><span class='ocrx_word' id='word_1_684' title='bbox 183 4589 256 4633; x_wconf 71' lang='lat' dir='ltr'><strong>est</strong></span> <span class='ocrx_word' id='word_1_685' title='bbox 283 4601 294 4634; x_wconf 90' lang='lat'><strong>:</strong></span> <span class='ocrx_word' id='word_1_686' title='bbox 327 4603 344 4633; x_wconf 79' lang='grc' dir='ltr'><strong>ι</strong></span> <span class='ocrx_word' id='word_1_687' title='bbox 375 4585 485 4655; x_wconf 83' lang='lat' dir='ltr'><strong>Ego</strong></span> <span class='ocrx_word' id='word_1_688' title='bbox 502 4586 654 4641; x_wconf 76' lang='lat' dir='ltr'><strong>hodie</strong></span> <span class='ocrx_word' id='word_1_689' title='bbox 669 4589 823 4661; x_wconf 85' lang='lat' dir='ltr'><strong>genui</strong></span> <span class='ocrx_word' id='word_1_690' title='bbox 860 4599 928 4653; x_wconf 90' lang='lat' dir='ltr'><strong>te,</strong></span> <span class='ocrx_word' id='word_1_691' title='bbox 969 4609 986 4640; x_wconf 68' lang='grc' dir='ltr'><strong>ι</strong></span> <span class='ocrx_word' id='word_1_692' title='bbox 1018 4589 1071 4642; x_wconf 84' lang='lat' dir='ltr'><strong>id</strong></span> <span class='ocrx_word' id='word_1_693' title='bbox 1099 4590 1335 4645; x_wconf 77' lang='lat' dir='ltr'><strong>ridelit‘et</strong></span> <span class='ocrx_word' id='word_1_694' title='bbox 1361 4589 1424 4644; x_wconf 86' lang='lat' dir='ltr'><strong>de</strong></span> <span class='ocrx_word' id='word_1_695' title='bbox 1457 4591 1734 4660; x_wconf 83' lang='lat' dir='ltr'><strong>temporali</strong></span> <span class='ocrx_word' id='word_1_696' title='bbox 1788 4648 1792 4652; x_wconf 51' lang='grc'><strong><em>,</em></strong></span> 
     </span>
    </p>
   </div>
   <div class='ocr_carea' id='block_1_93' title="bbox 185 4680 1782 4755">
    <p class='ocr_par' dir='ltr' id='par_1_93' title="bbox 185 4680 1782 4755">
     <span class='ocr_line' id='line_1_93' title="bbox 185 4680 1782 4755; baseline 0.008 -31"><span class='ocrx_word' id='word_1_697' title='bbox 185 4689 493 4739; x_wconf 76' lang='lat' dir='ltr'><strong>generatione</strong></span> <span class='ocrx_word' id='word_1_698' title='bbox 529 4680 748 4746; x_wconf 88' lang='lat' dir='ltr'><strong>dictum,</strong></span> <span class='ocrx_word' id='word_1_699' title='bbox 775 4699 891 4752; x_wconf 76' lang='lat' dir='ltr'><strong>qua:</strong></span> <span class='ocrx_word' id='word_1_700' title='bbox 924 4698 1016 4750; x_wconf 85' lang='lat' dir='ltr'><strong>per</strong></span> <span class='ocrx_word' id='word_1_701' title='bbox 1053 4685 1398 4738; x_wconf 77' lang='lat' dir='ltr'><strong>oeconomiam</strong></span> <span class='ocrx_word' id='word_1_702' title='bbox 1433 4683 1580 4751; x_wconf 77' lang='lat' dir='ltr'><strong>facta</strong></span> <span class='ocrx_word' id='word_1_703' title='bbox 1609 4694 1730 4747; x_wconf 79' lang='lat' dir='ltr'><strong>est;</strong></span> <span class='ocrx_word' id='word_1_704' title='bbox 1777 4749 1782 4755; x_wconf 94' lang='lat'><em>_</em></span> 
     </span>
    </p>
   </div>
   <div class='ocr_carea' id='block_1_94' title="bbox 185 4763 1798 4850">
    <p class='ocr_par' dir='ltr' id='par_1_94' title="bbox 185 4763 1798 4850">
     <span class='ocr_line' id='line_1_94' title="bbox 185 4763 1798 4850; baseline 0.011 -37"><span class='ocrx_word' id='word_1_705' title='bbox 185 4763 240 4816; x_wconf 86' lang='lat' dir='ltr'><strong>de</strong></span> <span class='ocrx_word' id='word_1_706' title='bbox 263 4766 351 4820; x_wconf 75' lang='lat' dir='ltr'><strong>illa</strong></span> <span class='ocrx_word' id='word_1_707' title='bbox 376 4787 596 4842; x_wconf 81' lang='lat' dir='ltr'><strong>namque</strong></span> <span class='ocrx_word' id='word_1_708' title='bbox 617 4789 734 4842; x_wconf 76' lang='lat' dir='ltr'><strong>qua:</strong></span> <span class='ocrx_word' id='word_1_709' title='bbox 753 4775 864 4827; x_wconf 85' lang='lat' dir='ltr'><strong>sine</strong></span> <span class='ocrx_word' id='word_1_710' title='bbox 889 4775 1146 4844; x_wconf 84' lang='lat' dir='ltr'><strong>principio</strong></span> <span class='ocrx_word' id='word_1_711' title='bbox 1167 4785 1265 4840; x_wconf 79' lang='lat' dir='ltr'><strong>est,</strong></span> <span class='ocrx_word' id='word_1_712' title='bbox 1287 4777 1362 4830; x_wconf 89' lang='lat' dir='ltr'><strong>ait</strong></span> <span class='ocrx_word' id='word_1_713' title='bbox 1389 4778 1497 4848; x_wconf 85' lang='lat' dir='ltr'><strong>ipse</strong></span> <span class='ocrx_word' id='word_1_714' title='bbox 1520 4777 1691 4832; x_wconf 83' lang='lat' dir='ltr'><strong>David</strong></span> <span class='ocrx_word' id='word_1_715' title='bbox 1713 4793 1731 4831; x_wconf 91' lang='lat'><strong><em>:</em></strong></span> <span class='ocrx_word' id='word_1_716' title='bbox 1782 4810 1798 4850; x_wconf 54' lang='grc' dir='ltr'><em>ς</em></span> 
     </span>
    </p>
   </div>
   <div class='ocr_carea' id='block_1_95' title="bbox 193 4854 1726 4938">
    <p class='ocr_par' dir='ltr' id='par_1_95' title="bbox 193 4854 1726 4938">
     <span class='ocr_line' id='line_1_95' title="bbox 193 4854 1726 4938; baseline 0.008 -31"><span class='ocrx_word' id='word_1_717' title='bbox 193 4871 208 4902; x_wconf 81' lang='grc' dir='ltr'><strong>ι</strong></span> <span class='ocrx_word' id='word_1_718' title='bbox 247 4854 321 4908; x_wconf 79' lang='lat' dir='ltr'><strong>Ea:</strong></span> <span class='ocrx_word' id='word_1_719' title='bbox 351 4870 494 4915; x_wconf 85' lang='lat' dir='ltr'><strong>utero</strong></span> <span class='ocrx_word' id='word_1_720' title='bbox 518 4874 640 4918; x_wconf 86' lang='lat' dir='ltr'><strong>ante</strong></span> <span class='ocrx_word' id='word_1_721' title='bbox 667 4864 942 4934; x_wconf 82' lang='lat' dir='ltr'><strong>luciferum</strong></span> <span class='ocrx_word' id='word_1_722' title='bbox 979 4867 1134 4936; x_wconf 84' lang='lat' dir='ltr'><strong>genui</strong></span> <span class='ocrx_word' id='word_1_723' title='bbox 1171 4876 1218 4922; x_wconf 85' lang='lat' dir='ltr'><strong>te</strong></span> <span class='ocrx_word' id='word_1_724' title='bbox 1249 4865 1550 4936; x_wconf 76' lang='lat' dir='ltr'><strong>(Psal.crx,</strong></span> <span class='ocrx_word' id='word_1_725' title='bbox 1575 4868 1666 4938; x_wconf 77' lang='lat'><strong>5).</strong></span> <span class='ocrx_word' id='word_1_726' title='bbox 1707 4887 1726 4919; x_wconf 77' lang='grc' dir='ltr'><strong>ι</strong></span> 
     </span>
    </p>
   </div>
   <div class='ocr_carea' id='block_1_96' title="bbox 187 4942 1730 5022">
    <p class='ocr_par' dir='ltr' id='par_1_96' title="bbox 187 4942 1730 5022">
     <span class='ocr_line' id='line_1_96' title="bbox 187 4942 1730 5022; baseline 0.01 -24"><span class='ocrx_word' id='word_1_727' title='bbox 187 4942 365 5006; x_wconf 86' lang='lat' dir='ltr'><strong>Verum</strong></span> <span class='ocrx_word' id='word_1_728' title='bbox 392 4954 442 5006; x_wconf 88' lang='lat' dir='ltr'><strong>id</strong></span> <span class='ocrx_word' id='word_1_729' title='bbox 471 4954 603 5008; x_wconf 91' lang='lat' dir='ltr'><strong>nihil</strong></span> <span class='ocrx_word' id='word_1_730' title='bbox 624 4950 766 5010; x_wconf 66' lang='lat' dir='ltr'><strong>verae</strong></span> <span class='ocrx_word' id='word_1_731' title='bbox 788 4957 1005 5010; x_wconf 86' lang='lat' dir='ltr'><strong>Eusebii</strong></span> <span class='ocrx_word' id='word_1_732' title='bbox 1029 4957 1312 5012; x_wconf 68' lang='lat' dir='ltr'><strong>sententiae</strong></span> <span class='ocrx_word' id='word_1_733' title='bbox 1334 4957 1553 5022; x_wconf 85' lang='lat' dir='ltr'><strong>olliciat,</strong></span> <span class='ocrx_word' id='word_1_734' title='bbox 1580 4974 1730 5022; x_wconf 89' lang='lat' dir='ltr'><strong>nam,</strong></span> 
     </span>
    </p>
   </div>
   <div class='ocr_carea' id='block_1_97' title="bbox 189 5041 1731 5122">
    <p class='ocr_par' dir='ltr' id='par_1_97' title="bbox 189 5041 1731 5122">
     <span class='ocr_line' id='line_1_97' title="bbox 189 5041 1731 5122; baseline 0.012 -35"><span class='ocrx_word' id='word_1_735' title='bbox 189 5045 240 5089; x_wconf 92' lang='lat' dir='ltr'><strong>ut</strong></span> <span class='ocrx_word' id='word_1_736' title='bbox 263 5041 424 5107; x_wconf 88' lang='lat' dir='ltr'><strong>vides,</strong></span> <span class='ocrx_word' id='word_1_737' title='bbox 455 5045 687 5117; x_wconf 79' lang='grc' dir='ltr'><strong>ἄναρχον</strong></span> <span class='ocrx_word' id='word_1_738' title='bbox 717 5056 873 5100; x_wconf 86' lang='lat' dir='ltr'><strong>vocat</strong></span> <span class='ocrx_word' id='word_1_739' title='bbox 915 5045 1076 5102; x_wconf 89' lang='lat' dir='ltr'><strong>Verbi</strong></span> <span class='ocrx_word' id='word_1_740' title='bbox 1129 5050 1558 5119; x_wconf 84' lang='lat' dir='ltr'><strong>generationem,</strong></span> <span class='ocrx_word' id='word_1_741' title='bbox 1603 5052 1731 5122; x_wconf 89' lang='lat' dir='ltr'><strong>quia</strong></span> 
     </span>
    </p>
   </div>
   <div class='ocr_carea' id='block_1_98' title="bbox 191 5135 1730 5213">
    <p class='ocr_par' dir='ltr' id='par_1_98' title="bbox 191 5135 1730 5213">
     <span class='ocr_line' id='line_1_98' title="bbox 191 5135 1730 5213; baseline 0.008 -31"><span class='ocrx_word' id='word_1_742' title='bbox 191 5139 298 5184; x_wconf 77' lang='lat' dir='ltr'><strong>ante</strong></span> <span class='ocrx_word' id='word_1_743' title='bbox 345 5135 646 5202; x_wconf 78' lang='lat' dir='ltr'><strong>luciferum,</strong></span> <span class='ocrx_word' id='word_1_744' title='bbox 698 5137 752 5195; x_wconf 89' lang='lat' dir='ltr'><strong>id</strong></span> <span class='ocrx_word' id='word_1_745' title='bbox 785 5146 890 5202; x_wconf 88' lang='lat' dir='ltr'><strong>est,</strong></span> <span class='ocrx_word' id='word_1_746' title='bbox 934 5147 1060 5194; x_wconf 88' lang='lat' dir='ltr'><strong>ante</strong></span> <span class='ocrx_word' id='word_1_747' title='bbox 1093 5139 1420 5210; x_wconf 89' lang='lat' dir='ltr'><strong>principium</strong></span> <span class='ocrx_word' id='word_1_748' title='bbox 1467 5142 1730 5213; x_wconf 87' lang='lat' dir='ltr'><strong>temporis</strong></span> 
     </span>
    </p>
   </div>
   <div class='ocr_carea' id='block_1_99' title="bbox 192 5218 1730 5302">
    <p class='ocr_par' dir='ltr' id='par_1_99' title="bbox 192 5218 1730 5302">
     <span class='ocr_line' id='line_1_99' title="bbox 192 5218 1730 5302; baseline 0.013 -33"><span class='ocrx_word' id='word_1_749' title='bbox 192 5218 317 5277; x_wconf 77' lang='lat' dir='ltr'><strong>fuit:</strong></span> <span class='ocrx_word' id='word_1_750' title='bbox 350 5228 610 5298; x_wconf 86' lang='lat' dir='ltr'><strong>siquidem</strong></span> <span class='ocrx_word' id='word_1_751' title='bbox 647 5228 906 5293; x_wconf 88' lang='lat' dir='ltr'><strong>Verbum,</strong></span> <span class='ocrx_word' id='word_1_752' title='bbox 943 5237 1000 5283; x_wconf 89' lang='lat' dir='ltr'><strong>ut</strong></span> <span class='ocrx_word' id='word_1_753' title='bbox 1031 5231 1106 5285; x_wconf 90' lang='lat' dir='ltr'><strong>ait</strong></span> <span class='ocrx_word' id='word_1_754' title='bbox 1132 5229 1393 5296; x_wconf 80' lang='lat' dir='ltr'><strong>Joannes,</strong></span> <span class='ocrx_word' id='word_1_755' title='bbox 1435 5232 1488 5287; x_wconf 93' lang='lat' dir='ltr'><strong>in</strong></span> <span class='ocrx_word' id='word_1_756' title='bbox 1519 5234 1730 5302; x_wconf 85' lang='lat' dir='ltr'><strong>princi-</strong></span> 
     </span>
    </p>
   </div>
   <div class='ocr_carea' id='block_1_100' title="bbox 193 5309 1726 5392">
    <p class='ocr_par' dir='ltr' id='par_1_100' title="bbox 193 5309 1726 5392">
     <span class='ocr_line' id='line_1_100' title="bbox 193 5309 1726 5392; baseline 0.008 -30"><span class='ocrx_word' id='word_1_757' title='bbox 193 5309 266 5372; x_wconf 83' lang='lat' dir='ltr'><strong>pio</strong></span> <span class='ocrx_word' id='word_1_758' title='bbox 300 5323 424 5380; x_wconf 88' lang='lat' dir='ltr'><strong>erat,</strong></span> <span class='ocrx_word' id='word_1_759' title='bbox 457 5317 599 5387; x_wconf 87' lang='lat' dir='ltr'><strong>quod</strong></span> <span class='ocrx_word' id='word_1_760' title='bbox 633 5319 721 5373; x_wconf 90' lang='lat' dir='ltr'><strong>ille</strong></span> <span class='ocrx_word' id='word_1_761' title='bbox 753 5320 818 5374; x_wconf 90' lang='lat' dir='ltr'><strong>de</strong></span> <span class='ocrx_word' id='word_1_762' title='bbox 867 5319 1134 5390; x_wconf 89' lang='lat' dir='ltr'><strong>principio</strong></span> <span class='ocrx_word' id='word_1_763' title='bbox 1167 5323 1426 5390; x_wconf 87' lang='lat' dir='ltr'><strong>temporis</strong></span> <span class='ocrx_word' id='word_1_764' title='bbox 1457 5321 1726 5392; x_wconf 80' lang='lat' dir='ltr'><strong>explicat,</strong></span> 
     </span>
    </p>
   </div>
   <div class='ocr_carea' id='block_1_101' title="bbox 193 5403 1724 5485">
    <p class='ocr_par' dir='ltr' id='par_1_101' title="bbox 193 5403 1724 5485">
     <span class='ocr_line' id='line_1_101' title="bbox 193 5403 1724 5485; baseline 0.007 -29"><span class='ocrx_word' id='word_1_765' title='bbox 193 5403 330 5467; x_wconf 67' lang='lat' dir='ltr'><strong>atque</strong></span> <span class='ocrx_word' id='word_1_766' title='bbox 377 5405 494 5462; x_wconf 89' lang='lat' dir='ltr'><strong>ideo</strong></span> <span class='ocrx_word' id='word_1_767' title='bbox 545 5409 630 5463; x_wconf 89' lang='lat' dir='ltr'><strong>hic</strong></span> <span class='ocrx_word' id='word_1_768' title='bbox 666 5408 898 5481; x_wconf 78' lang='grc' dir='ltr'><strong>ἄναρχος</strong></span> <span class='ocrx_word' id='word_1_769' title='bbox 943 5410 1103 5466; x_wconf 88' lang='lat' dir='ltr'><strong>Verbi</strong></span> <span class='ocrx_word' id='word_1_770' title='bbox 1147 5419 1302 5465; x_wconf 89' lang='lat' dir='ltr'><strong>ortus</strong></span> <span class='ocrx_word' id='word_1_771' title='bbox 1342 5411 1564 5476; x_wconf 87' lang='lat' dir='ltr'><strong>dicitur,</strong></span> <span class='ocrx_word' id='word_1_772' title='bbox 1595 5412 1724 5485; x_wconf 88' lang='lat' dir='ltr'><strong>quia</strong></span> 
     </span>
    </p>
   </div>
   <div class='ocr_carea' id='block_1_102' title="bbox 194 5490 1727 5572">
    <p class='ocr_par' dir='ltr' id='par_1_102' title="bbox 194 5490 1727 5572">
     <span class='ocr_line' id='line_1_102' title="bbox 194 5490 1727 5572; baseline 0.014 -34"><span class='ocrx_word' id='word_1_773' title='bbox 194 5501 296 5544; x_wconf 89' lang='lat' dir='ltr'><strong>cum</strong></span> <span class='ocrx_word' id='word_1_774' title='bbox 323 5507 438 5553; x_wconf 90' lang='lat' dir='ltr'><strong>ante</strong></span> <span class='ocrx_word' id='word_1_775' title='bbox 467 5516 627 5556; x_wconf 90' lang='lat' dir='ltr'><strong>omne</strong></span> <span class='ocrx_word' id='word_1_776' title='bbox 657 5510 869 5572; x_wconf 87' lang='lat' dir='ltr'><strong>tempus</strong></span> <span class='ocrx_word' id='word_1_777' title='bbox 907 5513 960 5558; x_wconf 90' lang='lat' dir='ltr'><strong>et</strong></span> <span class='ocrx_word' id='word_1_778' title='bbox 989 5513 1112 5559; x_wconf 86' lang='lat' dir='ltr'><strong>ante</strong></span> <span class='ocrx_word' id='word_1_779' title='bbox 1155 5490 1336 5558; x_wconf 60' lang='lat' dir='ltr'><strong>om’nia</strong></span> <span class='ocrx_word' id='word_1_780' title='bbox 1376 5504 1575 5559; x_wconf 70' lang='lat' dir='ltr'><strong>saecula</strong></span> <span class='ocrx_word' id='word_1_781' title='bbox 1604 5503 1727 5559; x_wconf 84' lang='lat' dir='ltr'><strong>fue-</strong></span> 
     </span>
    </p>
   </div>
   <div class='ocr_carea' id='block_1_103' title="bbox 192 5575 1725 5662">
    <p class='ocr_par' dir='ltr' id='par_1_103' title="bbox 192 5575 1725 5662">
     <span class='ocr_line' id='line_1_103' title="bbox 192 5575 1725 5662; baseline 0.012 -36"><span class='ocrx_word' id='word_1_782' title='bbox 192 5575 268 5641; x_wconf 90' lang='lat' dir='ltr'><strong>rit,</strong></span> <span class='ocrx_word' id='word_1_783' title='bbox 305 5599 402 5640; x_wconf 79' lang='lat' dir='ltr'><strong>nnn</strong></span> <span class='ocrx_word' id='word_1_784' title='bbox 442 5588 619 5659; x_wconf 45' lang='lat' dir='ltr'><strong>habet‘</strong></span> <span class='ocrx_word' id='word_1_785' title='bbox 642 5589 969 5660; x_wconf 91' lang='lat' dir='ltr'><strong>principium</strong></span> <span class='ocrx_word' id='word_1_786' title='bbox 1012 5589 1295 5660; x_wconf 90' lang='lat' dir='ltr'><strong>temporis.</strong></span> <span class='ocrx_word' id='word_1_787' title='bbox 1333 5592 1600 5662; x_wconf 76' lang='grc' dir='ltr'>Ἀναρχον</span> <span class='ocrx_word' id='word_1_788' title='bbox 1641 5599 1725 5644; x_wconf 85' lang='lat' dir='ltr'><strong>ta-</strong></span> 
     </span>
    </p>
   </div>
   <div class='ocr_carea' id='block_1_104' title="bbox 251 5755 1202 5842">
    <p class='ocr_par' dir='ltr' id='par_1_104' title="bbox 251 5755 1202 5842">
     <span class='ocr_line' id='line_1_104' title="bbox 251 5755 1202 5842; baseline -0.001 -20"><span class='ocrx_word' id='word_1_789' title='bbox 251 5755 315 5827; x_wconf 77' lang='grc' dir='ltr'><strong>(α)</strong></span> <span class='ocrx_word' id='word_1_790' title='bbox 349 5762 498 5825; x_wconf 75' lang='lat' dir='ltr'><strong>Cone.</strong></span> <span class='ocrx_word' id='word_1_791' title='bbox 541 5765 750 5842; x_wconf 84' lang='lat' dir='ltr'><strong>Nic._n,</strong></span> <span class='ocrx_word' id='word_1_792' title='bbox 777 5773 881 5821; x_wconf 91' lang='lat' dir='ltr'><strong>act.</strong></span> <span class='ocrx_word' id='word_1_793' title='bbox 916 5765 969 5834; x_wconf 84' lang='lat'><strong>6,</strong></span> <span class='ocrx_word' id='word_1_794' title='bbox 999 5784 1050 5839; x_wconf 90' lang='lat' dir='ltr'><strong>p.</strong></span> <span class='ocrx_word' id='word_1_795' title='bbox 1080 5768 1202 5825; x_wconf 65' lang='lat'><strong>498.</strong></span> 
     </span>
    </p>
   </div>
   <div class='ocr_carea' id='block_1_105' title="bbox 1839 4578 3409 4648">
    <p class='ocr_par' dir='ltr' id='par_1_105' title="bbox 1839 4578 3409 4648">
     <span class='ocr_line' id='line_1_105' title="bbox 1839 4578 3409 4648; baseline -0.001 -14"><span class='ocrx_word' id='word_1_796' title='bbox 1839 4581 1930 4634; x_wconf 88' lang='lat' dir='ltr'><strong>illa</strong></span> <span class='ocrx_word' id='word_1_797' title='bbox 1961 4579 2321 4636; x_wconf 77' lang='lat' dir='ltr'><strong>similitudine</strong></span> <span class='ocrx_word' id='word_1_798' title='bbox 2357 4578 2497 4634; x_wconf 86' lang='lat' dir='ltr'><strong>Deus</strong></span> <span class='ocrx_word' id='word_1_799' title='bbox 2527 4578 2596 4633; x_wconf 90' lang='lat' dir='ltr'><strong>ab</strong></span> <span class='ocrx_word' id='word_1_800' title='bbox 2636 4587 2762 4634; x_wconf 92' lang='lat' dir='ltr'><strong>ortu</strong></span> <span class='ocrx_word' id='word_1_801' title='bbox 2800 4579 3107 4648; x_wconf 87' lang='lat' dir='ltr'><strong>appellatus</strong></span> <span class='ocrx_word' id='word_1_802' title='bbox 3137 4586 3249 4644; x_wconf 87' lang='lat' dir='ltr'><strong>est;</strong></span> <span class='ocrx_word' id='word_1_803' title='bbox 3283 4592 3409 4645; x_wconf 82' lang='lat' dir='ltr'><strong>eum</strong></span> 
     </span>
    </p>
   </div>
   <div class='ocr_carea' id='block_1_106' title="bbox 1837 4664 3412 4744">
    <p class='ocr_par' dir='ltr' id='par_1_106' title="bbox 1837 4664 3412 4744">
     <span class='ocr_line' id='line_1_106' title="bbox 1837 4664 3412 4744; baseline -0.003 -18"><span class='ocrx_word' id='word_1_804' title='bbox 1837 4683 2028 4726; x_wconf 90' lang='lat' dir='ltr'><strong>contra</strong></span> <span class='ocrx_word' id='word_1_805' title='bbox 2054 4672 2229 4744; x_wconf 89' lang='lat' dir='ltr'><strong>angeli</strong></span> <span class='ocrx_word' id='word_1_806' title='bbox 2259 4680 2314 4727; x_wconf 90' lang='lat' dir='ltr'><strong>et</strong></span> <span class='ocrx_word' id='word_1_807' title='bbox 2339 4671 2590 4728; x_wconf 88' lang='lat' dir='ltr'><strong>homines</strong></span> <span class='ocrx_word' id='word_1_808' title='bbox 2617 4672 2918 4728; x_wconf 90' lang='lat' dir='ltr'><strong>secundum</strong></span> <span class='ocrx_word' id='word_1_809' title='bbox 2945 4664 3182 4741; x_wconf 88' lang='lat' dir='ltr'><strong>aliquam</strong></span> <span class='ocrx_word' id='word_1_810' title='bbox 3216 4670 3412 4726; x_wconf 26' lang='lat' dir='ltr'><strong>simili.-</strong></span> 
     </span>
    </p>
   </div>
   <div class='ocr_carea' id='block_1_107' title="bbox 1837 4761 3410 4835">
    <p class='ocr_par' dir='ltr' id='par_1_107' title="bbox 1837 4761 3410 4835">
     <span class='ocr_line' id='line_1_107' title="bbox 1837 4761 3410 4835; baseline -0.001 -19"><span class='ocrx_word' id='word_1_811' title='bbox 1837 4764 2045 4819; x_wconf 88' lang='lat' dir='ltr'><strong>tudinis</strong></span> <span class='ocrx_word' id='word_1_812' title='bbox 2090 4765 2356 4819; x_wconf 85' lang='lat' dir='ltr'><strong>rationem</strong></span> <span class='ocrx_word' id='word_1_813' title='bbox 2402 4765 2478 4819; x_wconf 93' lang='lat' dir='ltr'><strong>dii</strong></span> <span class='ocrx_word' id='word_1_814' title='bbox 2527 4771 2933 4835; x_wconf 90' lang='lat' dir='ltr'><strong>nuncupentur.</strong></span> <span class='ocrx_word' id='word_1_815' title='bbox 2984 4761 3213 4817; x_wconf 85' lang='lat' dir='ltr'><strong>Genitus</strong></span> <span class='ocrx_word' id='word_1_816' title='bbox 3243 4761 3410 4816; x_wconf 90' lang='lat' dir='ltr'><strong>etiam</strong></span> 
     </span>
    </p>
   </div>
   <div class='ocr_carea' id='block_1_108' title="bbox 1836 4851 3410 4927">
    <p class='ocr_par' dir='ltr' id='par_1_108' title="bbox 1836 4851 3410 4927">
     <span class='ocr_line' id='line_1_108' title="bbox 1836 4851 3410 4927; baseline -0.003 -17"><span class='ocrx_word' id='word_1_817' title='bbox 1836 4854 1943 4910; x_wconf 90' lang='lat' dir='ltr'><strong>dici</strong></span> <span class='ocrx_word' id='word_1_818' title='bbox 1989 4864 2166 4927; x_wconf 86' lang='lat' dir='ltr'><strong>potest</strong></span> <span class='ocrx_word' id='word_1_819' title='bbox 2211 4864 2265 4911; x_wconf 87' lang='lat' dir='ltr'><strong>et</strong></span> <span class='ocrx_word' id='word_1_820' title='bbox 2309 4855 2468 4911; x_wconf 89' lang='lat' dir='ltr'><strong>debet</strong></span> <span class='ocrx_word' id='word_1_821' title='bbox 2513 4854 2708 4917; x_wconf 84' lang='lat' dir='ltr'><strong>Filius,</strong></span> <span class='ocrx_word' id='word_1_822' title='bbox 2747 4855 2875 4926; x_wconf 91' lang='lat' dir='ltr'><strong>quia</strong></span> <span class='ocrx_word' id='word_1_823' title='bbox 2920 4855 3022 4910; x_wconf 89' lang='lat' dir='ltr'><strong>etsi</strong></span> <span class='ocrx_word' id='word_1_824' title='bbox 3067 4869 3176 4908; x_wconf 88' lang='lat' dir='ltr'><strong>non</strong></span> <span class='ocrx_word' id='word_1_825' title='bbox 3218 4851 3410 4908; x_wconf 88' lang='lat' dir='ltr'><strong>eadem</strong></span> 
     </span>
    </p>
   </div>
   <div class='ocr_carea' id='block_1_109' title="bbox 1835 4945 3412 5021">
    <p class='ocr_par' dir='ltr' id='par_1_109' title="bbox 1835 4945 3412 5021">
     <span class='ocr_line' id='line_1_109' title="bbox 1835 4945 3412 5021; baseline -0.003 -17"><span class='ocrx_word' id='word_1_826' title='bbox 1835 4965 1998 5021; x_wconf 89' lang='lat' dir='ltr'><strong>quam</strong></span> <span class='ocrx_word' id='word_1_827' title='bbox 2029 4947 2190 5003; x_wconf 86' lang='lat' dir='ltr'><strong>Pater</strong></span> <span class='ocrx_word' id='word_1_828' title='bbox 2222 4948 2583 5004; x_wconf 89' lang='lat' dir='ltr'><strong>substantiam</strong></span> <span class='ocrx_word' id='word_1_829' title='bbox 2611 4948 2833 5010; x_wconf 84' lang='lat' dir='ltr'><strong>habeat,</strong></span> <span class='ocrx_word' id='word_1_830' title='bbox 2865 4963 2930 5002; x_wconf 88' lang='lat' dir='ltr'><strong>ex</strong></span> <span class='ocrx_word' id='word_1_831' title='bbox 2966 4947 3276 5003; x_wconf 88' lang='lat' dir='ltr'><strong>substantia</strong></span> <span class='ocrx_word' id='word_1_832' title='bbox 3309 4945 3412 5000; x_wconf 82' lang='lat' dir='ltr'><strong>Pa-</strong></span> 
     </span>
    </p>
   </div>
   <div class='ocr_carea' id='block_1_110' title="bbox 1834 5035 3463 5111">
    <p class='ocr_par' dir='ltr' id='par_1_110' title="bbox 1834 5035 3463 5111">
     <span class='ocr_line' id='line_1_110' title="bbox 1834 5035 3463 5111; baseline 0 -19"><span class='ocrx_word' id='word_1_833' title='bbox 1834 5039 1934 5094; x_wconf 89' lang='lat' dir='ltr'><strong>tris</strong></span> <span class='ocrx_word' id='word_1_834' title='bbox 1981 5054 2046 5094; x_wconf 91' lang='lat' dir='ltr'><strong>eo</strong></span> <span class='ocrx_word' id='word_1_835' title='bbox 2091 5055 2200 5108; x_wconf 87' lang='lat' dir='ltr'><strong>quo</strong></span> <span class='ocrx_word' id='word_1_836' title='bbox 2245 5055 2411 5110; x_wconf 88' lang='lat' dir='ltr'><strong>supra</strong></span> <span class='ocrx_word' id='word_1_837' title='bbox 2460 5039 2697 5094; x_wconf 83' lang='lat' dir='ltr'><strong>diximus</strong></span> <span class='ocrx_word' id='word_1_838' title='bbox 2745 5035 2908 5091; x_wconf 92' lang='lat' dir='ltr'><strong>modo</strong></span> <span class='ocrx_word' id='word_1_839' title='bbox 2953 5036 3254 5106; x_wconf 84' lang='lat' dir='ltr'><strong>productus</strong></span> <span class='ocrx_word' id='word_1_840' title='bbox 3302 5045 3406 5092; x_wconf 86' lang='lat' dir='ltr'><strong>est.</strong></span> <span class='ocrx_word' id='word_1_841' title='bbox 3458 5105 3463 5111; x_wconf 29' lang='lat'><strong><em>&#39;</em></strong></span> 
     </span>
    </p>
   </div>
   <div class='ocr_carea' id='block_1_111' title="bbox 1835 5129 3410 5193">
    <p class='ocr_par' dir='ltr' id='par_1_111' title="bbox 1835 5129 3410 5193">
     <span class='ocr_line' id='line_1_111' title="bbox 1835 5129 3410 5193; baseline -0.001 -7"><span class='ocrx_word' id='word_1_842' title='bbox 1835 5130 2098 5187; x_wconf 66' lang='lat' dir='ltr'><strong>Eternus</strong></span> <span class='ocrx_word' id='word_1_843' title='bbox 2135 5141 2314 5187; x_wconf 89' lang='lat' dir='ltr'><strong>autem</strong></span> <span class='ocrx_word' id='word_1_844' title='bbox 2357 5147 2466 5186; x_wconf 91' lang='lat' dir='ltr'><strong>non</strong></span> <span class='ocrx_word' id='word_1_845' title='bbox 2511 5138 2595 5188; x_wconf 90' lang='lat' dir='ltr'><strong>est</strong></span> <span class='ocrx_word' id='word_1_846' title='bbox 2645 5129 2854 5193; x_wconf 78' lang='lat' dir='ltr'><strong>Filius,</strong></span> <span class='ocrx_word' id='word_1_847' title='bbox 2901 5129 2996 5184; x_wconf 80' lang='lat' dir='ltr'><strong>sed</strong></span> <span class='ocrx_word' id='word_1_848' title='bbox 3047 5140 3170 5188; x_wconf 68' lang='lat' dir='ltr'><strong>ante</strong></span> <span class='ocrx_word' id='word_1_849' title='bbox 3217 5144 3410 5184; x_wconf 76' lang='lat' dir='ltr'><strong>omnes</strong></span> 
     </span>
    </p>
   </div>
   <div class='ocr_carea' id='block_1_112' title="bbox 1834 5219 3408 5294">
    <p class='ocr_par' dir='ltr' id='par_1_112' title="bbox 1834 5219 3408 5294">
     <span class='ocr_line' id='line_1_112' title="bbox 1834 5219 3408 5294; baseline 0.003 -18"><span class='ocrx_word' id='word_1_850' title='bbox 1834 5231 2115 5278; x_wconf 87' lang='lat' dir='ltr'><strong>creaturas</strong></span> <span class='ocrx_word' id='word_1_851' title='bbox 2164 5225 2400 5294; x_wconf 87' lang='lat' dir='ltr'><strong>genitus.</strong></span> <span class='ocrx_word' id='word_1_852' title='bbox 2452 5222 2605 5279; x_wconf 83' lang='lat' dir='ltr'><strong>Hanc</strong></span> <span class='ocrx_word' id='word_1_853' title='bbox 2657 5221 2990 5293; x_wconf 83' lang='lat' dir='ltr'><strong>ipsissimam</strong></span> <span class='ocrx_word' id='word_1_854' title='bbox 3026 5236 3148 5276; x_wconf 89' lang='lat' dir='ltr'><strong>esse</strong></span> <span class='ocrx_word' id='word_1_855' title='bbox 3183 5219 3408 5280; x_wconf 77' lang='lat' dir='ltr'><strong>Eusebii</strong></span> 
     </span>
    </p>
   </div>
   <div class='ocr_carea' id='block_1_113' title="bbox 1833 5314 3406 5386">
    <p class='ocr_par' dir='ltr' id='par_1_113' title="bbox 1833 5314 3406 5386">
     <span class='ocr_line' id='line_1_113' title="bbox 1833 5314 3406 5386; baseline 0.001 -17"><span class='ocrx_word' id='word_1_856' title='bbox 1833 5315 1899 5370; x_wconf 87' lang='lat' dir='ltr'><strong>de</strong></span> <span class='ocrx_word' id='word_1_857' title='bbox 1927 5315 2107 5371; x_wconf 85' lang='lat' dir='ltr'><strong>Verbo</strong></span> <span class='ocrx_word' id='word_1_858' title='bbox 2134 5315 2439 5372; x_wconf 85' lang='lat' dir='ltr'><strong>doctrinam</strong></span> <span class='ocrx_word' id='word_1_859' title='bbox 2470 5315 2677 5386; x_wconf 90' lang='lat' dir='ltr'><strong>liquido</strong></span> <span class='ocrx_word' id='word_1_860' title='bbox 2705 5315 3120 5386; x_wconf 88' lang='lat' dir='ltr'><strong>comprobatum</strong></span> <span class='ocrx_word' id='word_1_861' title='bbox 3152 5314 3406 5384; x_wconf 80' lang='lat' dir='ltr'><strong>superius</strong></span> 
     </span>
    </p>
   </div>
   <div class='ocr_carea' id='block_1_114' title="bbox 1831 5404 3408 5476">
    <p class='ocr_par' dir='ltr' id='par_1_114' title="bbox 1831 5404 3408 5476">
     <span class='ocr_line' id='line_1_114' title="bbox 1831 5404 3408 5476; baseline -0.002 -14"><span class='ocrx_word' id='word_1_862' title='bbox 1831 5416 1934 5463; x_wconf 90' lang='lat' dir='ltr'><strong>est.</strong></span> <span class='ocrx_word' id='word_1_863' title='bbox 1969 5405 2122 5473; x_wconf 84' lang='lat' dir='ltr'><strong>Quod</strong></span> <span class='ocrx_word' id='word_1_864' title='bbox 2150 5408 2196 5462; x_wconf 92' lang='lat' dir='ltr'><strong>si</strong></span> <span class='ocrx_word' id='word_1_865' title='bbox 2226 5408 2280 5462; x_wconf 91' lang='lat' dir='ltr'><strong>in</strong></span> <span class='ocrx_word' id='word_1_866' title='bbox 2309 5407 2396 5462; x_wconf 87' lang='lat' dir='ltr'><strong>his</strong></span> <span class='ocrx_word' id='word_1_867' title='bbox 2427 5406 2699 5463; x_wconf 88' lang='lat' dir='ltr'><strong>Eusebius</strong></span> <span class='ocrx_word' id='word_1_868' title='bbox 2726 5421 2912 5462; x_wconf 90' lang='lat' dir='ltr'><strong>secum</strong></span> <span class='ocrx_word' id='word_1_869' title='bbox 2937 5420 3183 5476; x_wconf 85' lang='lat' dir='ltr'><strong>pugnare</strong></span> <span class='ocrx_word' id='word_1_870' title='bbox 3211 5404 3408 5474; x_wconf 75' lang='lat' dir='ltr'><strong>depre-</strong></span> 
     </span>
    </p>
   </div>
   <div class='ocr_carea' id='block_1_115' title="bbox 1832 5494 3406 5568">
    <p class='ocr_par' dir='ltr' id='par_1_115' title="bbox 1832 5494 3406 5568">
     <span class='ocr_line' id='line_1_115' title="bbox 1832 5494 3406 5568; baseline -0.001 -16"><span class='ocrx_word' id='word_1_871' title='bbox 1832 5498 2134 5562; x_wconf 87' lang='lat' dir='ltr'><strong>hendatur,</strong></span> <span class='ocrx_word' id='word_1_872' title='bbox 2179 5498 2231 5552; x_wconf 93' lang='lat' dir='ltr'><strong>id</strong></span> <span class='ocrx_word' id='word_1_873' title='bbox 2262 5513 2393 5553; x_wconf 87' lang='lat' dir='ltr'><strong>sane</strong></span> <span class='ocrx_word' id='word_1_874' title='bbox 2420 5498 2702 5568; x_wconf 88' lang='lat' dir='ltr'><strong>proprium</strong></span> <span class='ocrx_word' id='word_1_875' title='bbox 2745 5496 2953 5552; x_wconf 89' lang='lat' dir='ltr'><strong>erroris</strong></span> <span class='ocrx_word' id='word_1_876' title='bbox 2993 5504 3096 5560; x_wconf 88' lang='lat' dir='ltr'><strong>est,</strong></span> <span class='ocrx_word' id='word_1_877' title='bbox 3129 5503 3188 5550; x_wconf 90' lang='lat' dir='ltr'><strong>ut</strong></span> <span class='ocrx_word' id='word_1_878' title='bbox 3220 5494 3406 5551; x_wconf 86' lang='lat' dir='ltr'><strong>consi-</strong></span> 
     </span>
    </p>
   </div>
   <div class='ocr_carea' id='block_1_116' title="bbox 1831 5580 3084 5661">
    <p class='ocr_par' dir='ltr' id='par_1_116' title="bbox 1831 5580 3084 5661">
     <span class='ocr_line' id='line_1_116' title="bbox 1831 5580 3084 5661; baseline -0.002 -17"><span class='ocrx_word' id='word_1_879' title='bbox 1831 5597 1975 5644; x_wconf 87' lang='lat' dir='ltr'><strong>stere</strong></span> <span class='ocrx_word' id='word_1_880' title='bbox 2001 5603 2108 5642; x_wconf 92' lang='lat' dir='ltr'><strong>non</strong></span> <span class='ocrx_word' id='word_1_881' title='bbox 2138 5588 2336 5652; x_wconf 87' lang='lat' dir='ltr'><strong>valeat,</strong></span> <span class='ocrx_word' id='word_1_882' title='bbox 2367 5588 2580 5660; x_wconf 91' lang='lat' dir='ltr'><strong>sibique</strong></span> <span class='ocrx_word' id='word_1_883' title='bbox 2611 5587 2714 5661; x_wconf 86' lang='lat' dir='ltr'><strong>ipsi</strong></span> <span class='ocrx_word' id='word_1_884' title='bbox 2749 5580 3084 5647; x_wconf 79' lang='lat' dir='ltr'><strong>adversetur.</strong></span> 
     </span>
    </p>
   </div>
  </div>
