3994 6448
487 2135 496 2154 ”
527 2145 786 2201 insinuat.
824 2139 943 2212 Ego
971 2151 1102 2192 vero
1149 2150 1235 2190 me
1280 2131 1538 2204 proliteor
1571 2129 1674 2184 hac
1713 2128 1768 2182 in
1793 2126 2094 2198 quaestione

491 2263 496 2276 -
526 2237 662 2293 nihil
693 2229 1034 2306 prmjudicati
1069 2227 1338 2288 attulisse,
1379 2222 1474 2278 sed
1510 2235 1739 2293 pronum
1771 2233 1988 2290 semper
2026 2217 2093 2272 ad

489 2345 495 2398 ί
529 2328 798 2382 mitiorem
830 2322 1110 2379 ferendam
1152 2315 1498 2377 sententiam,
1527 2313 1748 2369 Eusebii
1777 2313 1982 2382 scripta
2007 2325 2094 2367 as‘

489 2399 494 2494 έ
527 2419 682 2474 5ἰ‹1υθ
712 2416 1014 2478 lectitasse,
1035 2409 1376 2484 .pouderasse
1407 2405 1553 2461 dicta
1586 2411 1642 2462 et
1675 2404 1997 2468 sententias,
2031 2418 2096 2458 ac

489 2597 496 2614 1

520 3789 755 3847 nescias
780 3789 975 3861 plusne
1007 3802 1188 3859 operae
1220 3787 1276 3840 in
1305 3785 1555 3856 pellendo
1584 3783 1887 3840 Athanasio
1906 3798 2102 3854 posue-

1226 269 1494 331 FUSEBII
1529 261 2003 326 casamcasrs
2038 255 2188 316 ore.
2228 222 2423 312 rans
2465 226 2549 312 lli.
2583 289 2651 300 —
2682 255 3086 316 exessum.
3737 255 3801 312 ts

508 283 578 338 47

506 419 635 472 XVI.
659 417 808 482 Egre
844 411 1142 467 defenditur.
1181 440 1240 449 —
1261 410 1423 482 Χνῐι..
1467 406 1702 482 _Arianum
1742 401 1954 469 probant
1986 404 2084 449 tam
2113 403 2158 460 Α
2187 397 2341 454 libuit
2376 353 2665 455 desistere.
2699 398 2816 465 Qua
2847 399 2901 453 in
2935 413 2994 453 re
3023 397 3154 469 quid
3195 396 3434 455 certius
3481 374 3802 464 evangelica

991 481 1152 538 gesta,
1167 486 1314 536 quam
1331 473 1529 534 scripta.

586 587 652 641 At
683 585 1096 656 quipurgatum
1129 578 1423 633 Eusebium
1459 573 1666 636 volunt,
1694 587 1816 626 cum
1847 576 2081 632 veteres,

509 689 631 736 tum
661 676 1016 737 recentiores,
1047 672 1103 726 in
1125 670 1360 726 medium
1384 667 1504 738 ejus
1523 664 1667 720 dicta
1688 663 1940 727 aﬂ‘erunt,
1964 677 2084 732 quae

516 768 846 825 catholicum
876 764 1151 820 hominem
1184 775 1410 832 arguere
1447 763 1725 828 pugnant;
1769 750 2085 824 hujusmodi

511 869 669 930 sunt,
698 860 845 932 quod
873 857 1076 914 dixerit
1095 856 1187 912 ille
1213 871 1276 910 ex
1313 855 1442 917 Deo,
1477 861 1533 908 et
1562 867 1626 907 ex
1657 847 1962 906 substantia
1991 845 2086 900 Dei

518 971 642 1013 esse
663 951 888 1016 Filium,
913 949 1060 1022 quod
1093 963 1218 1004 vere
1241 947 1410 1002 Deum
1443 954 1498 1000 et
1537 943 1789 998 αὒτόοεον
1821 940 2088 1012 praedica-

519 1048 680 1114 verit,
718 1044 863 1116 quod
907 1050 1194 1101 aeternum,
1225 1038 1371 1110 quod
1399 1035 1702 1108 ὁμοούσιον,
1740 1033 1942 1104 quibus
1987 1045 2086 1086 nos

522 1139 798 1200 omnibus,
822 1136 943 1206 ipso
971 1131 1209 1188 Eusebio
1247 1131 1331 1185 usi
1363 1130 1678 1198 interprete,
1703 1123 2086 1196 jam'occurri-

520 1247 663 1288 mus.
687 1228 886 1284 Verum
910 1227 1026 1281 haec
1053 1224 1130 1278 illi
1161 1238 1224 1278 ex
1253 1221 1462 1276 arbitrii
1487 1219 1569 1274 sui
1602 1215 1892 1281 sententia,
1913 1229 2091 1284 neque

521 1340 588 1380 ex
617 1324 736 1394 ipsa
764 1319 983 1376 Eusebii
1013 1323 1216 1380 mente,
1255 1313 1503 1384 pluribus
1536 1311 1591 1366 in
1631 1309 1767 1364 locis
1807 1321 2087 1378 expressa,

520 1411 880 1483 comprobare
911 1408 1016 1463 nisi
1045 1413 1179 1462 sunt
1209 1424 1226 1459 :
1258 1405 1348 1458 alii
1384 1416 1599 1472 quoque
1629 1399 1942 1469 interpretis
1967 1413 2092 1452 ver—

524 1503 679 1560 sione
711 1501 942 1572 decepti,
975 1513 1040 1554 e:
1067 1497 1223 1552 libris
1241 1494 1308 1549 de
1341 1490 1796 1548 Dcmoustratione
1827 1495 1882 1544 et
1905 1496 2091 1542 contra

525 1594 860 1658 Marcellum,
878 1591 1079 1646 Latine
1107 1596 1317 1642 tantum
1343 1585 1518 1649 lectis,
1542 1583 1608 1638 ad
1633 1596 1751 1637 eam
1781 1580 2092 1650 opinionem

2188 490 2462 552 cautione,
2486 489 2566 543 Ex
2578 489 2835 560 fructibus
2857 506 3036 545 eorum
3055 489 3402 562 cognoscetis
3418 503 3518 542 eos
3534 488 3562 542 .9
3583 484 3801 555 (Matth.

2189 598 2286 646 vn,
2319 577 2434 652 16.)
2463 581 2622 639 Certe
2649 583 2949 639 secundum
2974 581 3246 638 Nicaznam
3277 579 3588 654 synodum
3623 576 3806 635 foven-

2189 674 2271 728 da:
2297 673 2564 730 Arianica:
2585 673 2663 729 rei
2692 673 2765 727 ita
2791 680 2939 728 totus
2963 673 3212 728 incubuit
3237 673 3368 734 ille,
3397 678 3467 724 ut
3497 667 3644 723 nihil
3673 685 3806 740 pra-

2177 767 2488 824 termisisse
2519 767 2771 823 videatur
2799 781 2910 837 quo
2941 781 3000 822 se
3028 766 3292 821 Arianum
3332 761 3648 836 proderet.

2785 881 3013 938 CAPUT
3051 881 3166 936 VII.

2191 1008 2259 1048 DE
2298 1007 2550 1057 BELIQUIS
2587 1009 2640 1050 IN
2677 1009 2867 1058 QUIBUS
2905 1011 3006 1048 νει.
3057 1011 3090 1048 Α
3128 1009 3248 1048 FIDE
3295 1003 3618 1046 ABEIBARE
3659 1003 3806 1043 VIDE-

2263 1078 2370 1119 TUR
2407 1080 2661 1121 EUSEBIUS
2701 1081 2754 1120 IN
2791 1082 2876 1121 HIS
2913 1079 3341 1128 οοκιεκτυιιιε,
3391 1076 3512 1117 γει.
3556 1074 3807 1115 ειηιολ-

2265 1150 2426 1190 τιοιεε
2463 1151 2597 1192 OPUS
2633 1151 2806 1190 ΠΔΒΕΤ
2816 1179 2828 1191 .

2193 1243 2246 1300 Ι.
2288 1243 2558 1316 Eusebius
2589 1246 2891 1316 plerumque
2931 1263 3066 1310 sua,
3119 1262 3234 1300 non
3273 1243 3600 1316 Ecclesite,
3657 1259 3806 1299 sensa

2265 1315 2449 1387 tradit.
2492 1314 2697 1387 ΙΙζΑῃ
2723 1314 2869 1386 neget
2901 1326 3170 1387 peccatum
3209 1314 3523 1387 originale,
3567 1321 3622 1366 et
3655 1329 3724 1366 an
3751 1316 3805 1387 id

2263 1385 2526 1458 dogmatis
2567 1383 3183 1458 ex70rig'ene'hauserit.
3243 1383 3374 1458 Il_1_.
3410 1384 3509 1437 An
3561 1394 3713 1458 putet
3739 1384 3800 1439 Β.

2275 1456 2543 1527 Virginem
2592 1457 2728 1511 alios
2763 1454 2927 1527 quam
2955 1456 3225 1512 Christum
3268 1455 3429 1525 filias
3481 1454 3799 1527 suscepisse.

2267 1525 2382 1581 IV.
2404 1525 2536 1580 Eam
2596 1544 2700 1582 non
2743 1525 2897 1596 quasi
2951 1543 3137 1596 suam.
3197 1528 3284 1580 sed
3343 1525 3526 1596 quasi
3577 1526 3801 1596 alienam

2264 1598 2572 1652 sententiam
2625 1594 2826 1651 attulit.
2886 1597 2948 1652 V.
2985 1595 3106 1651 Non
3135 1596 3322 1651 statuit
3359 1594 3519 1648 duas
3557 1596 3617 1648 in
3646 1594 3799 1650 Chri-

525 1692 899 1747 accesserunt,
923 1696 1051 1754 pars
1075 1679 1313 1734 Marcelli
1338 1675 1484 1730 dicta
1508 1689 1607 1746 pro
1628 1671 1951 1728 Eusebianis
1971 1669 2096 1724 sub-
2253 1676 2348 1720 Δειο
2374 1684 2644 1754 personas.
2692 1666 2765 1722 γι
2771 1706 2786 1721 .
2817 1667 2956 1735 Quid
2987 1666 3051 1722 de
3081 1666 3422 1736 confessione
3453 1676 3801 1735 peccatorum

522 1783 840 1845 stituentes,
875 1747 1136 1831 internum
1185 1773 1253 1827 ab
1293 1771 1526 1826 Eusebio
1562 1767 1759 1823 Filium
1809 1764 2094 1839 praedicari
2125 1761 2167 1816 Β
2268 1747 2507 1792 ""5""-

528 1871 775 1930 arbitrati
808 1876 936 1926 sunt
963 1887 976 1922 :
1009 1866 1143 1921 nulli
1189 1865 1357 1919 hosce
1387 1859 1603 1916 Eusebii
1653 1857 2091 1916 Commentarios

2218 1889 2228 1898 .
2261 1849 2505 1900 Eusebius
2523 1849 2816 1912 plerumque
2840 1863 2944 1907 sua,
2987 1862 3087 1898 non
3134 1846 3400 1907 Ecclesia,
3446 1859 3608 1896 sensa
3635 1845 3797 1895 tradit.

522 1965 898 2034 inspexerunt,
932 1957 1022 2012 ubi
1044 1957 1220 2028 palam
1248 1955 1337 2009 ille
1359 1960 1592 2008 mentem
1617 1964 1770 2006 suam
1805 1947 2000 2018 aperit,
2037 1955 2092 2001 et
2261 1952 2398 2008 Cum
2433 1953 2557 2023 quis
2595 1968 2660 2008 eo
2695 1952 2912 2008 devenit
2950 1963 3009 2008 ιη
3041 1951 3162 2008 ﬁdei
3192 1952 3462 2026 dogmata
3505 1966 3576 2006 ex
3606 1949 3796 2021 judicﬁ

526 2053 747 2112 nonnisi
771 2056 1084 2120 comparate
1117 2044 1184 2100 ad
1211 2044 1460 2100 homines
1485 2039 1682 2094 Filium
1709 2038 1893 2093 vocari
1923 2037 2091 2091 Deum
2192 2043 2274 2097 sui
2341 2043 2568 2098 arbitrio
2607 2042 2832 2098 deﬁniat
2857 2084 2872 2110 ,
2913 2059 2977 2098 ac
3013 2045 3128 2100 sive
3159 2061 3227 2100 οι
3261 2043 3644 2116 pmjudicaia
3685 2045 3796 2114 ορί.

2177 2135 2374 2201 ~nione,
2403 2136 2517 2193 sive
2543 2152 2610 2192 ex
2636 2137 2829 2192 affectu
2860 2139 3204 2209 partiumque
3231 2139 3453 2206 studio,
3481 2136 3791 2192 divinarum

2193 2242 2376 2281 rerum
2414 2229 2828 2300 explicationem
2873 2230 3255 2302 aggrediatur,
3299 2231 3450 2286 nihil
3493 2230 3704 2282 mirum
3749 2231 3792 2285 si

2194 2319 2508 2390 frequenter
2554 2321 2770 2376 aberret
2811 2339 2824 2376 :
2865 2322 3044 2377 omnia
3099 2324 3298 2393 quippe
3355 2329 3501 2378 sunt
3560 2322 3786 2386 incerta,

2192 2427 2320 2468 eum
2376 2413 2541 2468 semel
2612 2413 2681 2468 ab
2734 2413 2990 2470 Ecclesia:
3049 2415 3267 2470 statutis
3308 2414 3640 2470 discessum
3689 2424 3785 2468 est.

2191 2502 2330 2560 Nam
2365 2519 2489 2560 cum
2523 2519 2723 2561 arcana
2754 2504 2982 2563 Deitatis
3015 2513 3069 2563 et
3105 2506 3410 2578 religionis,
3446 2505 3522 2562 ab
3551 2505 3786 2562 humano

2196 2613 2361 2654 sensu
2409 2599 2796 2662 remotissima,
2835 2598 3044 2654 Numen
3085 2599 3260 2671 ipsum
3305 2599 3633 2664 tradiderit,
3665 2613 3786 2652 non-

529 2513 745 2566 demum
785 2508 863 2564 rei
897 2505 1286 2577 perspicuitate
1314 2504 1540 2565 victum,
1577 2504 1770 2556 contra
1803 2495 2096 2554 Eusebium

527 2603 797 2658 calculum
839 2600 1116 2672 posuisse.
1161 2597 1341 2660 Certe,
1387 2601 1447 2650 ut
1492 2592 1651 2648 initio
1699 2590 1834 2658 dixi,
1877 2589 2098 2645 Eusebii

527 2701 680 2764 gesta
732 2706 856 2746 cum
908 2687 1131 2759 scriptis
1163 2686 1238 2740 ita
1271 2691 1610 2749 consonant;
1653 2688 1714 2736 ut
1759 2680 1889 2736 hinc
1932 2679 2097 2735 etiam

530 2783 781 2840 testatior
827 2782 1043 2837 animus
1081 2777 1459 2848 sententiaque
1505 2775 1654 2834 illius
1678 2773 1932 2829 omnibus
1976 2786 2098 2827 esse

2203 2691 2310 2745 nisi
2367 2689 2611 2760 ejusdem
2670 2689 2920 2747 Numinis
2956 2706 3058 2762 ope
3107 2699 3163 2746 et
3198 2690 3382 2746 atllatu
3445 2705 3516 2746 ea
3561 2698 3786 2761 possunt

2196 2781 2458 2851 explicari
2503 2796 2567 2836 ac
2606 2791 2752 2837 recte
2793 2782 2998 2853 percipi
3036 2797 3049 2833 :
3087 2796 3151 2836 ac
3205 2797 3332 2836 cum
3391 2781 3499 2836 uni
3529 2780 3783 2836 Ecclesiae

529 2877 726 2933 valeat.
754 2875 836 2930 Ab
860 2871 1088 2930 exordio
1111 2871 1254 2927 enim
1276 2869 1572 2926 Arianismi
1597 2869 1664 2924 ad
1692 2867 1900 2924 obitum
1925 2879 2100 2936 usque
2196 2872 2511 2927 earumdem
2558 2888 2742 2928 rerum
2792 2874 3078 2929 arbitrium
3111 2873 3253 2930 Deus
3287 2873 3653 2945 permiserit,
3687 2873 3783 2943 ipsi

529 2987 656 3027 cum
698 2968 918 3025 Arianis
956 2963 1389 3022 concordisSime
1418 2963 1574 3029 vixit,
1623 2959 1872 3016 nascenti
1903 2955 2099 3014 haeresi
2199 2963 2300 3019 soli
2341 2964 2530 3018 eadem
2558 2965 2870 3035 explananti
2904 2981 2963 3022 se
3005 2964 3323 3020 adfuturum
3364 2965 3660 3036 pollicitus
3683 2974 3780 3021 est.

533 3079 732 3120 nomen
771 3061 949 3129 dedit;
999 3062 1054 3116 in
1085 3058 1302 3115 Nicmna
1352 3057 1581 3130 synodo,
1627 3061 1890 3126 quantum
1923 3051 2097 3118 licuit,
2124 3114 2170 3130 Ἀ
2201 3052 2349 3108 Nihil
2391 3055 2574 3125 itaque
2617 3055 2860 3112 insolens
2885 3064 2990 3121 est,
3019 3057 3065 3113 si
3097 3056 3391 3124 Eusebius,
3422 3059 3522 3128 qui
3552 3059 3784 3128 plerum-

530 3152 828 3210 Catholicis
859 3151 1104 3217 obstitit;
1147 3148 1244 3205 sed
1293 3114 1401 3218 qui
1425 3145 1668 3218 apprime
1686 3143 1920 3199 calleret
1969 3156 2104 3196 con-
2125 3114 2172 3174 θ
2207 3145 2745 3218 queScripturarnm
2781 3157 2836 3204 et
2865 3147 3124 3204 Ecclesiae
3150 3114 3405 3221 dogmata
3433 3114 3503 3205 ex
3540 3114 3709 3206 sensu
3732 3157 3782 3204 et

531 3246 726 3302 cedere
771 3244 1024 3314 tempori,
1056 3241 1274 3297 demum
1309 3237 1477 3294 cessit
1515 3244 1572 3292 et
1613 3235 1941 3306 subscripsit
1975 3253 1989 3289 :
2023 3233 2105 3290 sic
2205 3241 2463 3311 opinione
2495 3256 2594 3297 sua
2634 3241 2907 3296 aestimare
2941 3255 3108 3298 ausus
3139 3249 3244 3309 cst,
3277 3242 3331 3296 in
3365 3242 3566 3310 multis
3604 3242 3781 3311 lapsus

529 3338 677 3394 enim
705 3335 970 3391 suadebat
994 3333 1178 3396 timor,
1209 3345 1318 3386 non
1341 3328 1586 3384 diuturni
1615 3327 1875 3398 magister
1899 3325 2060 3382 olIicii
2086 3346 2100 3380 :
2206 3333 2297 3389 sit,
2341 3332 2407 3388 Ει
2449 3331 2557 3402 jam
2593 3333 2811 3404 quidem
2850 3333 2970 3404 ejus
2994 3333 3255 3390 deverbo
3285 3333 3380 3390 Dei
3419 3344 3690 3399 mentem,
3716 3349 3776 3388 ει

537 3442 648 3500 qua
680 3425 826 3482 enim
869 3431 1052 3480 mente
1079 3422 1132 3478 id
1165 3420 1358 3492 egerit,
1388 3419 1494 3476 sibi
1525 3416 1761 3473 ειὼάἱῑίε
1784 3416 2000 3490 ροριιιίε
2023 3415 2106 3472 δίο
2204 3423 2451 3495 ejusdem
2498 3425 2722 3480 Eusebii
2773 3425 3028 3496 scriptis,
3089 3426 3291 3482 Ariana
3352 3427 3477 3483 labe
3537 3427 3778 3482 vitiatam

531 3515 828 3582 enarravit,
858 3521 918 3568 ut
948 3513 1051 3570 sibi
1093 3511 1325 3584 pristina
1355 3508 1654 3582 repetendi,
1687 3509 1863 3564 sicubi
1896 3508 2092 3572 liceret,

2214 3518 2796 3583 commonstravimus;
2833 3527 3083 3589 superest
3116 3527 3175 3574 ut
3202 3529 3402 3576 cetera
3431 3519 3776 3576 Commenta-

534 3606 743 3662 aditum
773 3601 1074 3674 reliquerit.
1111 3599 1231 3655 Non
1260 3599 1354 3654 diu
1387 3614 1516 3655 vero
1542 3606 1734 3670 postea
1771 3597 1893 3653 ﬁcte
1922 3612 2092 3652 recon‘

2214 3612 2413 3667 riorum
2447 3612 2587 3674 loca,
2623 3610 2714 3666 ubi
2745 3611 2830 3665 vel
2858 3610 3187 3665 heterodoxa
3221 3611 3304 3666 vel
3328 3619 3593 3682 suspecta
3621 3609 3778 3666 tradi-

536 3698 776 3753 ciliatam
831 3711 956 3751 cum
1011 3693 1312 3751 Catholicis
1360 3692 1590 3765 gratiam
1643 3689 2002 3758 disturbavit;
2049 3696 2108 3744 ut
2207 3703 2355 3761 disse
2383 3703 2620 3772 videtur,
2649 3702 2890 3758 breviter
2928 3701 3321 3773 expendamus.

2210 3811 2270 3863 ll.
2314 3813 2392 3862 An
2417 3815 2575 3875 neget
2612 3815 2867 3876 peccatum
2899 3811 3287 3876 originale._An
3329 3812 3380 3862 id
3424 3813 3675 3876 dogmatis
3717 3823 3772 3860 ex

535 3885 628 3952 rit,
674 3898 836 3956 quam
877 3883 931 3936 in
973 3879 1312 3938 restituendo
1360 3878 1510 3935 Ario.
1552 3878 1754 3933 Contra
1793 3875 2106 3931 Marcellum
2486 3869 2512 3875 ⁷
2612 3869 2629 3874 “
2746 3869 3235 3934 origene'hauserit.

535 3975 987 4048 intemperantior
1033 3973 1270 4031 fortasse
1317 3987 1481 4044 quam
1525 3971 1811 4038 debuerat,
1845 3986 1952 4025 non
1983 3969 2106 4040 plus

538 4069 606 4124 ad
638 4069 1066 4142 propulsandum
1098 4065 1271 4133 illum,
1312 4081 1475 4136 quam
1510 4065 1575 4120 ad
1613 4063 1926 4136 purgandos
1947 4063 2108 4118 Aria-
2207 4085 2338 4126 nere
2380 4085 2446 4125 ex
2477 4068 2670 4124 Adami
2707 4070 2862 4141 lapsu
2905 4080 3264 4134 contractam,
3314 4086 3517 4143 negare
3556 4084 3771 4142 prorsus

537 4174 734 4214 norum
765 4158 1132 4230 primipilares
1159 4157 1403 4228 scripsit.
1433 4155 1728 4212 Historiam
1760 4153 1991 4210 Nic-aenae
2017 4169 2108 4228 sy-
2207 4161 2424 4217 videtur
2472 4159 2744 4218 Eusebius
2811 4162 2879 4218 ad
2940 4162 3136 4233 psalm,
3184 4178 3378 4226 χινιη,
3439 4162 3474 4217 6
3507 4181 3520 4217 ε
3564 4162 3674 4216 σα,-
3709 4161 3771 4213 τί-

538 4253 666 4306 nodi
702 4251 820 4306 fuse
857 4252 1121 4315 narravit,
1164 4258 1218 4306 et
1267 4249 1424 4321 quasi
1473 4265 1569 4320 per
1612 4248 2105 4304 dissimulationem
2208 4249 2356 4306 mebo
2389 4251 2442 4304 in
2465 4249 2550 4305 die
2576 4249 2760 4307 mala?
2796 4248 3058 4322 Iniquitas
3091 4251 3326 4305 calcauei
3355 4253 3454 4306 mei
3481 4248 3771 4306 circumda-

538 4340 846 4413 ignorandi,
878 4341 1006 4412 quia
1053 4349 1328 4411 gestorum
1361 4338 1538 4411 pudor
1569 4339 1846 4394 silentium
1874 4338 2092 4410 impera-

2214 4342 2284 4396 bit
2328 4359 2408 4398 me
2444 4360 2464 4399 :
2509 4342 2600 4398 ubi
2648 4343 2728 4400 sic
2760 4343 2923 4400 habet
2953 4361 2966 4397 :
2991 4344 3054 4396 Ei
3082 4341 3137 4395 δὲ
3168 4342 3456 4414 πρόσωπον
3486 4343 3691 4416 Κυρίου
3718 4341 3771 4393 τὸ

538 4433 653 4495 bat,
688 4448 756 4488 ne
785 4433 1007 4488 verbum
1039 4431 1257 4502 quidem
1300 4430 1428 4486 fecit
1461 4429 1528 4486 de
1559 4429 1690 4483 Ario
1724 4437 1778 4485 et
1809 4431 1877 4486 de
1904 4429 2092 4484 Arian:

2214 4433 2387 4504 λέγον,
2422 4433 2658 4506 πτέρναν
2691 4435 2855 4489 αὑτοῦ
2891 4434 3057 4508 εὕρῃς
3081 4435 3174 4489 τὸν
3207 4435 3430 4505 ἔσχατον
3458 4435 3554 4490 τοῦ
3593 4433 3770 4504 σώμα-

540 4523 734 4580 haeresi
768 4522 951 4593 :quod
985 4521 1210 4593 perinde
1235 4530 1319 4577 est
1349 4535 1412 4576 ac
1443 4521 1489 4576 si
1513 4521 1638 4591 quis
1657 4518 1988 4575 Tridentina:
2020 4536 2092 4592 sy-

2214 4544 2301 4590 τος
2362 4527 2456 4581 καὶ
2501 4529 2567 4598 τῇ
2610 4529 2681 4598 γῇ
2735 4527 3098 4599 πλησιάζοντα
3163 4527 3398 4583 Ἰούδανο
3465 4527 3623 4599 σῶμα
3673 4524 3770 4594 γὰρ

539 4614 670 4671 nodi
706 4614 992 4670 historiam
1035 4621 1246 4678 texens,
1279 4613 1346 4669 de
1375 4612 1702 4684 quibusdam
1735 4615 1798 4666 ὲκ
1831 4613 2092 4685 παρέργοι

2214 4619 2418 4689 Κυρίου
2461 4619 2511 4672 οἱ
2550 4619 2860 4672 ἀπόστολοι.
2907 4619 2983 4672 Οὐ
3027 4617 3300 4689 φοϐοῦμαι
3350 4612 3442 4672 οὖν
3477 4617 3576 4688 τὴν
3616 4609 3772 4668 Ἰούδα

539 4707 707 4780 gestis
735 4712 936 4775 ageret,
969 4705 1037 4760 de
1065 4703 1304 4761 Luthero
1334 4705 1491 4760 nihil.
1541 4703 1598 4759 Si
1641 4719 1764 4760 cum
1797 4704 1996 4760 talibus
2020 4721 2092 4776 ge

2215 4709 2500 4781 προδοσίαν
2549 4711 2606 4762 ὲν
2658 4707 2736 4779 τῷ
2790 4708 2964 4780 καιρῷ
3018 4705 3112 4761 τοῦ
3167 4705 3398 4776 σταυροῦ
3423 4722 3436 4735 °
3473 4703 3595 4758 ἐπεὶ
3648 4698 3768 4772 μηδὲ

543 4797 800 4854 stis'talia
829 4797 1030 4867 scripta
1053 4811 1162 4851 non
1192 4796 1377 4852 obsint
1409 4796 1702 4867 quominus
1727 4795 1996 4852 Eusebius
2021 4811 2092 4851 ca

2214 4797 2440 4862 ἕκαστος
2469 4798 2569 4868 τὴν
2596 4795 2688 4850 τοῦ
2721 4796 2890 4867 Ἀδὰμ
2914 4797 3222 4867 παρακοήν·
3259 4794 3462 4864 ταύτην
3510 4791 3619 4862 γὰρ
3676 4789 3768 4840 ὑπ-

541 4891 782 4946 tholicus
822 4890 1038 4945 dicatur
1075 4905 1196 4944 meo
1241 4888 1507 4960 periculo,
1550 4903 1710 4944 nemo
1743 4903 1982 4960 unquam
2013 4887 2088 4943 fui

2214 4887 2511 4961 ῃνιξάμεοα
2540 4886 2774 4958 πτέρναν
2803 4885 3029 4956 ἀνομίας
3063 4879 3222 4938 εῖναι.
3255 4883 3440 4948 Οὐδεὶς
3465 4885 3573 4954 γὰρ
3600 4882 3663 4936 δι’
3687 4879 3769 4934 ἄλ-

542 4990 637 5036 aut
669 4981 887 5036 futurus
924 4991 1028 5045 est,
1073 4979 1202 5050 quin
1235 4977 1559 5035 Eusebianis
1589 4978 1994 5034 conditionibus
2023 4993 2092 5032 ori

2215 4981 2305 5035 λου
2337 4981 2534 5034 κακίαν
2566 4979 3006 5044 καταδικάζεται,
3024 4977 3080 5032 id
3105 4986 3188 5033 est
3210 4994 3222 5029 :
3244 4977 3303 5032 Si
3327 4993 3550 5046 persona
3571 4973 3767 5030 Domini

543 5071 819 5128 thodoxus
849 5071 958 5127 dici
983 5071 1181 5126 valeat.
1212 5069 1354 5132 Nihil
1378 5085 1561 5124 moror
1581 5086 1675 5127 eos
1701 5071 1796 5141 qui
1819 5069 2113 5126 Eusebium
2216 5083 2292 5128 est
2324 5089 2439 5144 quae
2481 5074 2732 5144 loquitur,
2792 5072 3100 5126 calcaneum
3132 5071 3245 5140 ejus
3278 5069 3630 5139 deprehendas
3667 5079 3765 5121 esse

543 5172 670 5220 ante
697 5163 972 5219 Nicaenam
1009 5162 1230 5233 quidem
1263 5161 1531 5234 synodum
1571 5161 1827 5218 Arianice
1873 5163 2117 5218 sensisse
2216 5165 2436 5230 Judam,
2469 5167 2557 5236 qui
2585 5165 2804 5219 ultimus
2835 5165 2888 5218 in
2922 5179 3156 5234 corpore,
3185 5174 3234 5215 et
3269 5148 3768 5231 terrw'prnpinquior

544 5270 609 5310 ac
637 5255 927 5326 scripsisse
961 5254 1221 5322 fatentur,
1247 5264 1436 5324 postea
1459 5269 1587 5309 vero
1607 5269 1766 5310 secus
1797 5273 1810 5309 :
1843 5271 1967 5309 nam
1989 5269 2114 5310 cum
2215 5267 2350 5314 erat.
2373 5257 2516 5311 Nam
2546 5273 2731 5326 corpus
2754 5256 2966 5310 Domini
3012 5263 3134 5308 sunt
3166 5253 3410 5323 apostoli.
3476 5251 3598 5306 Non
3629 5251 3764 5303 timeo

547 5348 667 5405 sine
693 5348 1070 5404 controversia
1101 5348 1200 5402 hos
1233 5345 1671 5402 Commentarios
1703 5355 1757 5402 et
1786 5347 1956 5402 libros
1978 5347 2117 5403 Con—
2218 5352 2394 5422 itaque
2410 5349 2568 5404 Judw
2598 5348 2943 5420 proditionem
2979 5348 3035 5400 in
3067 5357 3292 5415 tempore
3315 5345 3486 5400 crucis
3512 5339 3767 5416 :quando-

548 5449 634 5496 tra
665 5438 997 5504 Marcellum,
1024 5439 1170 5495 unde
1193 5438 1513 5509 perspicuas
1541 5447 1595 5494 et
1621 5437 1932 5508 frequentes
1960 5441 2118 5494 Aria-
2217 5441 2422 5513 quidem
2451 5457 2610 5510 neque
2641 5439 2836 5510 singuli
2857 5438 3089 5492 homines
3115 5436 3310 5491 Λάαιηί
3344 5432 3763 5506 inobsequentiam

545 5533 710 5588 nismi
763 5539 923 5587 notas
974 5531 1240 5595 eruimus,
1291 5531 1450 5600 longe
1495 5539 1619 5601 post
1656 5530 1802 5584 illam
1847 5533 2115 5603 synodum
2219 5535 2400 5588 timere
2445 5531 2629 5586 debent
2667 5550 2684 5588 :
2717 5531 2855 5584 hanc
2899 5530 3087 5602 quippe
3140 5529 3448 5583 calcaneum
3492 5521 3764 5598 iniquitatis

545 5622 799 5687 ediderit,
849 5621 1062 5678 inutilis
1114 5637 1340 5690 prorsus
1379 5621 1470 5676 illa
1518 5622 1800 5678 distinctio
1847 5642 1860 5678 :
1899 5641 2022 5679 nam
2059 5634 2118 5680 ut
2217 5641 2328 5682 esse
2368 5623 2842 5678 subindicavimus.
2913 5619 3079 5676 Nemo
3128 5623 3268 5676 enim
3311 5635 3520 5689 propter
3571 5613 3765 5670 alterius

548 5725 675 5765 vere.
701 5710 768 5766 de
789 5709 1023 5771 Eusebio
1044 5709 1278 5777 dicatur,
1312 5725 1414 5768 nec
1443 5712 1700 5798 paenituit
1733 5714 1989 5785 coepisse,
2016 5731 2116 5772 nec
2219 5716 2504 5790 nequitiam
2547 5714 2946 5772 condemnatur.
2982 5712 3087 5772 Ubi
3120 5713 3298 5769 innuit
3332 5711 3443 5780 ille,
3479 5725 3586 5766 non
3615 5701 3764 5776 magis

2276 3977 2567 4033 Peccatum
2612 3978 2900 4051 originale,
2927 3979 3042 4034 sive
3063 3978 3278 4048 culpam
3319 3979 3388 4034 ab
3415 3979 3660 4034 humano
3693 3993 3769 4046 ge
