3994 6448
99 444 163 502 l9
885 435 1386 496 COMMENTARIA
1423 433 1488 490 IN
1529 426 1864 486 PSALMOS.
1897 429 2528 490 —PRA:‘.LlllllN.-\RIA.
3265 434 3334 494 εςρ

97 558 467 618 damnandum
493 571 660 628 genus
691 554 989 609 humanum
1011 568 1135 608 esse
1173 550 1242 608 ob
1271 549 1464 605 Adami
1509 547 1666 603 inob-
1693 546 1736 602 Α
1765 558 1860 610 pro
1895 546 2011 601 istis
2043 548 2384 618 accipiamus,
2420 563 2624 602 necesse
2655 557 2731 602 est
2765 564 2858 602 nos
2886 557 3126 602 sanctam
3165 547 3339 620 Virgi-

99 643 466 724 sequenti‘am,
509 662 670 717 quam
703 656 928 701 caeteros
969 643 1246 714 apostolos
1275 642 1344 695 oh
1361 640 1514 696 Judze
1548 653 1673 710 pro-

97 744 374 800 ditionem.
426 737 530 804 Qui
572 736 860 807 Origenem
902 735 970 790 de
1017 740 1240 804 peccato
1275 730 1526 802 originali
1566 744 1672 782 non

101 833 364 892 catholice
403 829 648 886 sensisse
676 834 890 898 putant,
918 824 1213 881 Eusebium
1255 839 1320 879 ex
1345 821 1673 892 Origeniana

101 924 404 995 disciplina,
442 923 498 976 in
540 937 648 991 qua
685 919 917 976 eductus
971 917 1094 982 fuit,
1132 917 1246 971 haec
1275 913 1527 970 hausisse
1555 912 1675 982 opi-

104 1016 410 1073 aahuntur..
441 1010 577 1064 Nam
626 1010 708 1073 is,
751 1015 812 1063 ut
852 1009 1066 1078 ignorat
1113 1020 1295 1069 nemo,
1326 1001 1673 1073 Origenianis

105 1120 306 1176 semper
335 1103 589 1176 partibus
613 1100 786 1156 haesit.
804 1097 1005 1154 Verum
1037 1096 1092 1151 in
1120 1094 1399 1150 hoiliernis
1425 1091 1673 1164 Origenis

106 1197 313 1268 scriptis
345 1195 487 1250 nihil
515 1209 625 1248 non
657 1206 849 1248 sanum
879 1197 933 1246 et
951 1188 1314 1244 orthodoxam
1350 1186 1417 1241 de
1448 1194 1672 1257 peccato

106 1285 344 1356 originali
396 1281 655 1337 traditur.
722 1278 813 1334 Sic
869 1276 1159 1334 Comment.
1224 1277 1280 1330 in
1336 1274 1669 1341 Matthwum,

109 1378 256 1432 liuet.
298 1392 350 1446 p.
386 1375 518 1439 591,
548 1373 724 1444 arguit
752 1371 842 1427 ille
872 1386 936 1426 ex
975 1370 1194 1424 lavacro
1227 1367 1670 1438 regeneratiOnis,

112 1469 245 1544 quod
272 1470 437 1526 etiam
469 1466 771 1523 infantibus
808 1463 1212 1523 conferebatur,
1245 1461 1517 1516 hominem
1551 1476 1673 1516 sor-

112 1565 262 1622 dibus
312 1561 664 1632 inquinatum
714 1556 890 1613 nasci.
963 1554 1031 1610 Et
1081 1556 1136 1610 in
1180 1553 1460 1618 Joannem,
1511 1552 1700 1608 ﬂuctu,

116 1676 163 1728 p.
206 1655 330 1718 300,
393 1652 496 1716 ait,
539 1649 654 1704 Nos
706 1646 942 1720 quandiu
999 1661 1272 1715 peccamus
1328 1652 1565 1699 nostram
1611 1657 1676 1696 ea:

109 1749 306 1804 diabolo
333 1744 726 1817 generationem
775 1739 1006 1795 nondum
1036 1739 1242 1793 exuisse
1271 1755 1332 1791 ac
1353 1737 1670 1806 deposuisse.

117 1843 265 1894 Ὅσον
317 1833 584 1904 ποιοῦμεν
617 1830 924 1903 ἁμαρτίας,
965 1827 1174 1881 οὐδέπω
1211 1827 1308 1896 τὴν
1341 1827 1405 1879 ἐκ
1433 1825 1529 1879 τοῦ
1560 1825 1673 1880 δια-

118 1929 259 1983 ϐόλου
307 1927 526 1996 γένεσιν
578 1920 1019 1992 ἁπεκδυσάμεθα.
1057 1917 1123 1972 1η
1182 1917 1406 1973 Leuitico
1465 1926 1668 1981 autem,

120 2023 237 2080 edit.
264 2017 685 2088 Genebrard..p.
715 2016 784 2071 90
811 2035 824 2070 :
863 2013 1196 2083 Quwcunque
1226 2012 1406 2066 anima
1435 2012 1488 2066 in
1517 2029 1675 2067 carne

120 2115 365 2176 nascitur,
412 2110 719 2180 iniquitatis
759 2117 811 2163 ct
847 2107 1048 2177 peccati
1083 2105 1235 2162 sorde
1279 2105 1575 2174 polluitur;
1622 2114 1676 2160 et

123 2203 376 2261 inferius:
403 2199 465 2256 Si
497 2198 633 2253 nihil
672 2199 879 2252 essetin
918 2197 1150 2267 parvulis
1171 2237 1185 2262 ,
1218 2195 1356 2268 quod
1385 2194 1456 2249 ad
1488 2195 1675 2250 remis-

121 2298 301 2352 sionem
330 2293 543 2348 deberet
580 2301 629 2346 et
661 2290 1040 2360 indulgentiam
1065 2290 1343 2360 pertinere,
1378 2288 1553 2360 gratia
1581 2287 1676 2341 ba-

121 2385 281 2456 ptismi
327 2383 604 2453 superflua
655 2381 934 2434 uideretur.
989 2377 1099 2434 Nec
1131 2375 1672 2449 praetermittendum,

123 2480 224 2533 hac
252 2472 653 2533 Commentaria
695 2472 750 2526 in
781 2469 1070 2524 Leviticum
1114 2483 1214 2540 pro
1245 2468 1446 2538 spuriis
1471 2465 1676 2538 passim

124 2569 310 2624 haberi.
379 2565 626 2636 ldipsum
680 2570 864 2618 tamen
912 2561 1040 2616 alibi
1087 2561 1247 2617 docet
1310 2558 1573 2631 Origenes
1619 2560 1677 2614 in

135 2660 253 2722 suis,
298 2672 418 2728 qua:
468 2655 750 2724 hodieque.
797 2658 1132 2723 supersunt,
1199 2650 1456 2722 operibus
1491 2670 1503 2705 :
1536 2649 1679 2706 unde

129 2746 369 2801 inferatur
406 2759 507 2800 eos
543 2743 636 2814 qui
687 2741 972 2811 Origenem
1027 2740 1129 2794 hac
1175 2740 1233 2795 in
1271 2748 1425 2811 parte
1469 2739 1678 2795 violatae

133 2837 239 2893 fidei
278 2843 576 2898 accusant,
611 2849 678 2890 ex
709 2834 939 2905 objectis
983 2833 1286 2904 priscorum
1330 2832 1450 2902 ejus
1485 2831 1678 2887 adver-

133 2929 397 2995 sariorum,
441 2941 566 2982 non
592 2940 659 2982 ex
695 2925 816 2996 ejus
843 2925 1124 2981 hodiernis
1160 2924 1438 2995 operibus,
1476 2924 1529 2979 id
1562 2923 1680 2994 opis

134 3018 291 3073 nionis
316 3025 598 3072 mutuatos
646 3031 789 3073 esse.
823 3014 889 3069 Et
911 3030 1044 3072 sane
1087 3015 1147 3070 in
1173 3014 1383 3088 synodo
1405 3030 1460 3081 v,
1490 3013 1680 3087 Orige-

135 3125 217 3165 nes
243 3111 355 3165 ideo
385 3110 681 3165 damnatus
724 3115 779 3164 et
810 3106 1149 3178 proscriptus
1191 3115 1317 3163 est:
1353 3107 1496 3162 unde
1541 3106 1681 3161 forte

137 3202 324 3256 dicatur
353 3217 477 3274 qua:
518 3202 574 3256 in
607 3199 883 3256 hodiernis
930 3199 1052 3270 ejus
1078 3199 1296 3270 scriptis
1331 3213 1429 3270 pro
1455 3205 1680 3269 peccato

136 3295 361 3366 originali
405 3301 748 3363 comparent,
793 3292 971 3346 aliena
1030 3306 1192 3346 manu
1241 3292 1452 3346 invecta
1487 3290 1674 3346 fuisse.

138 3380 254 3436 Nam
285 3398 446 3454 opera
471 3382 728 3453 Origenis
764 3381 820 3435 in
849 3379 1187 3451 Scripturam
1208 3421 1223 3446 ,
1255 3380 1426 3436 variis
1460 3380 1513 3434 in
1544 3379 1679 3436 locis

141 3475 462 3547 interpolata,
496 3485 592 3532 aut
633 3475 820 3531 vitiata
850 3473 935 3528 vel
979 3482 1233 3527 truncata
1265 3471 1414 3528 fuere
1450 3488 1463 3524 ε
1504 3487 1680 3542 neque

141 3567 186 3621 in
204 3579 440 3639 promptu
474 3577 563 3625 est
587 3570 768 3625 dicere
793 3582 1040 3640 quaenam
1077 3566 1131 3620 in
1163 3565 1382 3636 scriptis
1409 3565 1528 3635 ejus
1557 3579 1681 3618 cor-

143 3667 296 3728 rupta,
335 3676 585 3730 quaenam
635 3676 922 3731 germana,
965 3667 1020 3716 et
1042 3657 1412 3713 Graeculorum
1453 3656 1680 3712 ausibus

147 3751 326 3807 intacta
363 3762 520 3810 sunt.
555 3752 738 3807 Rufini
773 3767 990 3823 quoque
1014 3750 1193 3807 versio
1218 3750 1383 3821 vulgo
1428 3756 1680 3819 suspecta

148 3841 371 3900 habetur.
420 3844 583 3913 Quod
612 3843 907 3901 Eusebium
953 3859 1086 3899 vero
1130 3848 1366 3914 spectat,
1400 3839 1510 3894 duo
1543 3839 1681 3894 forte

145 3938 326 4002 possint
352 3937 416 3991 ad
442 3937 822 4009 purgationem
852 3937 974 4007 ejus
1001 3933 1258 4007 proferri;
1291 3932 1466 4004 primo
1497 3931 1680 3986 locum

149 4021 374 4088 superius
419 4024 675 4088 allatum,
732 4039 842 4079 non
892 4024 1200 4094 integrum,
1237 4022 1333 4078 sed
1367 4027 1681 4076 truncatum

152 4109 296 4168 fuisse
326 4131 338 4166 :
372 4123 438 4169 ut.
469 4117 598 4172 hinc
636 4116 927 4171 manifeste
969 4117 1239 4188 arguitur,
1285 4114 1432 4186 quod
1478 4114 1596 4183 ipse
1623 4128 1684 4169 se

153 4205 373 4273 superius
419 4208 696 4263 indicasse
731 4207 1075 4271 testificetur,
1115 4205 1430 4262 calcaneum
1479 4204 1682 4276 iniqui-

154 4298 258 4351 talis
299 4314 416 4355 esse
456 4299 648 4354 Αὐξιιηὶ
675 4298 1179 4368 inobsequentiam,
1215 4298 1360 4370 quod
1411 4313 1679 4369 nusquam

158 4388 269 4443 alias
297 4390 349 4444 in
380 4391 465 4448 his
496 4391 904 4447 commentariis
937 4390 1203 4457 habetur;
1253 4389 1496 4446 secundo
1534 4390 1680 4460 quod

158 4481 262 4535 alibi
303 4484 355 4538 in
395 4486 478 4542 his
510 4484 916 4540 commentariis
962 4492 1245 4554 peccatum
1286 4483 1552 4554 originale
1578 4484 1678 4538 ad-

1776 653 1891 689 nent
1923 638 2239 709 reliquorum
2275 639 2507 708 fratrum
2536 641 2650 708 ejus
2676 649 2896 694 matrem
2917 639 3108 695 dicere.
3147 639 3336 696 Verum

1773 725 2004 784 Iacobus
2023 769 2038 795 ,
2066 731 2156 800 qui
2187 730 2382 785 dicitur
2413 731 2582 801 frater
2602 730 2836 794 Domini,
2879 747 2984 786 non
3014 729 3216 786 videtur
3245 746 3338 802 pe-

1773 821 2014 890 regrinus
2047 822 2146 890 ipsi
2173 822 2369 891 fuisse,
2421 840 2514 878 nec
2543 823 2667 893 ﬁdei
2718 824 2774 877 in
2807 824 2980 892 ipsum
3017 831 3335 890 extraneas;

1773 915 1878 968 imo
1922 929 2040 969 vero
2073 930 2209 967 unus
2258 925 2373 968 erat
2417 930 2482 970 ea:
2526 915 2632 984 iis,
2688 915 2778 986 qui
2821 931 2940 969 cum
2978 915 3165 986 primis
3201 917 3337 973 inter

1771 1023 2045 1077 germanos
2076 1006 2187 1076 ejus
2217 1005 2502 1070 discipulos
2531 995 3110 1077 computabantur;.ita
3140 1018 3198 1063 ut
3229 1010 3338 1078 ipse

1772 1097 1973 1166 primus
1994 1093 2455 1166 Jerosolymitance
2484 1095 2736 1152 Ecclesia:
2782 1096 3029 1152 thronum
3057 1102 3334 1169 acciperet.

1774 1185 1978 1257 Reliqui
2007 1187 2128 1242 item
2159 1186 2271 1256 ejus
2300 1186 2518 1256 fratres,
2547 1189 2645 1241 etsi
2675 1205 2707 1241 a
2736 1188 2992 1257 principio
3023 1206 3128 1244 non
3153 1189 3335 1246 crede—

1775 1286 1889 1332 rent
1926 1277 1979 1331 iu
2015 1279 2183 1347 ipsum
2206 1293 2232 1341 ;_
2252 1287 2307 1331 at
2341 1288 2538 1332 certum
2572 1288 2648 1333 est
2686 1296 2773 1334 eos
2812 1290 2992 1348 postea
3031 1281 3333 1337 credidisse.

1777 1367 1982 1423 Narrat
2011 1370 2149 1424 enim
2178 1367 2520 1440 Euangelium
2540 1370 2755 1442 (Matth.
2787 1387 2888 1433 xu,
2920 1371 3010 1428 Π)
3039 1383 3260 1429 matrem
3286 1383 3336 1429 et

1773 1461 1967 1530 fratres
2002 1460 2115 1531 ejus
2145 1462 2296 1532 foras
2334 1463 2561 1526 stetisse,
2601 1473 2892 1533 querentes
2939 1463 3074 1518 sumi
3113 1465 3355 1538 alloqui...

1774 1553 1843 1608 Et
1871 1555 1925 1609 in
1947 1554 2166 1610 Actibus
2193 1555 2553 1624 apostolorum
2592 1555 2791 1608 dicitur
2813 1594 2829 1621 ,
2864 1555 3030 1625 fuisse
3071 1559 3360 1626 apostolos.

1775 1662 1880 1699 una
1906 1657 2292 1717 perseverantes
2324 1648 2382 1701 in
2407 1647 2646 1703 oratione
2675 1663 2792 1701 cum
2816 1646 2995 1702 Maria
3023 1658 3192 1704 matre
3221 1651 3336 1721 ejus

1773 1747 1822 1790 et
1868 1738 2127 1807 fratribus
2172 1738 2287 1808 ejus
2323 1738 2466 1810 (Act.
2503 1755 2543 1805 ι,
2571 1738 2678 1810 id).
2715 1739 2824 1806 Qui
2853 1757 2974 1812 ergo
3007 1743 3340 1797 existimetur

1774 1830 1840 1884 iis
1871 1831 2173 1902 peregrinus
2199 1834 2349 1888 esse?
2385 1829 2582 1887 Nullus
2614 1833 2790 1905 itaque
2821 1833 2967 1889 locus
3001 1843 3253 1903 superest,
3279 1844 3338 1888 ut

1773 1917 1852 1973 de.
1881 1921 1946 1974 iis
1992 1919 2204 1974 dicatur
2245 1935 2264 1975 :
2309 1939 2328 1972 ι
2360 1919 2660 1976 Extraneus
2705 1923 2879 1993 factus
2921 1938 3041 1978 sum
3078 1923 3336 1994 fratribus

1773 2012 1925 2077 meis,
1947 2021 1996 2065 et
2018 2014 2324 2082 peregrinus
2346 2013 2474 2084 [iliis
2515 2015 2700 2069 matris
2726 2031 2874 2072 mete.
2909 2035 2928 2068 ι
2965 2014 3091 2072 Non
3109 2017 3246 2072 enim
3270 2017 3336 2072 iis

1772 2105 2073 2176 peregrinus
2093 2145 2107 2165 .
2138 2105 2229 2160 sed
2263 2105 2488 2160 multum
2516 2107 2776 2176 pretiosus
2811 2117 2955 2172 erat;
3004 2109 3083 2162 ita
3116 2117 3175 2164 ut
3209 2108 3334 2164 nul-

1776 2198 1982 2252 latenus
2017 2196 2224 2252 credere
2260 2199 2414 2253 liceat
2453 2215 2615 2268 supra
2646 2209 2962 2255 memoratos
2999 2201 3336 2272 fratresejus

1775 2291 1917 2360 ﬁlios
1939 2289 2131 2345 Maria:
2155 2290 2338 2361 fuisse.
2388 2291 2499 2346 Alii
2529 2309 2656 2348 sane
2694 2293 2888 2362 fuerint
2923 2294 3012 2364 qui
3050 2295 3105 2349 in
3133 2294 3347 2364 psalmo-

1775 2383 1882 2453 filii
1911 2385 2096 2438 matris
2123 2385 2235 2454 ejus
2259 2384 2524 2449 dicuntur,
2547 2383 2840 2456 quibusque
2860 2395 3142 2442 extraneus
3163 2385 3350 2456 factus.

1775 2485 1874 2532 est.
1923 2475 2202 2547 Intelligas
2246 2493 2402 2546 porro
2438 2486 2658 2532 matrem
2692 2476 2898 2548 quidem
2925 2477 3039 2548 ejus
3085 2495 3197 2534 esse
3235 2477 3337 2534 Ju-

1775 2567 2014 2624 da-orum
2058 2567 2412 2640 Synagogam,
2446 2578 2552 2626 etc.
2610 2569 2796 2626 Graca
2840 2570 3126 2628 brevitatis
3170 2586 3345 2627 causa-

1777 2659 2102 2724 omittimus,
2133 2661 2262 2730 quia
2283 2661 2433 2715 nulla
2461 2660 2528 2716 de
2557 2659 2625 2716 iis
2655 2668 2836 2732 potest
2865 2661 3001 2716 oriri
3030 2671 3338 2718 controver-

1779 2750 1880 2807 sia.
1911 2749 2008 2806 Hic
2039 2758 2241 2813 autem,
2278 2758 2338 2806 ut
2375 2750 2559 2808 videre
2585 2759 2692 2817 est,
2726 2767 2840 2808 rem
2880 2751 3338 2824 προϐληματικῶς

1779 2850 1991 2898 tantum
2025 2844 2311 2914 pr0ponit,
2354 2858 2455 2898 nec
2483 2856 2602 2898 eam
2644 2843 2792 2898 velut
2823 2859 2976 2900 suam
3007 2845 3337 2900 sententian.

1779 2933 1954 2990 aﬂ‘ert.
1997 2931 2132 2988 Nam
2172 2935 2248 2988 ita
2285 2934 2463 3005 arguit
2513 2935 2602 2990 ille
2643 2951 2659 2990 :
2706 2934 2765 2989 Si
2797 2936 2938 2992 ﬁlios
2988 2936 3181 2994 matris
3216 2936 3336 3006 ejus

1781 3026 1870 3081 hic
1897 3024 1965 3080 ad
1992 3025 2232 3081 litteram
2265 3027 2620 3096 accipiamus,
2662 3025 2790 3080 hinc
2822 3028 3179 3098 consequitur
3210 3041 3337 3084 san-

1781 3123 1925 3169 ctam
1955 3113 2234 3184 Virginem
2265 3112 2602 3184 reliquorum
2637 3112 2867 3169 fratrum
2900 3115 3021 3185 ejus
3064 3131 3187 3172 esse
3222 3132 3336 3171 ma-

1703 3235 1751 3296 c
1782 3211 1950 3267 trem;
1985 3217 2109 3257 cum
2149 3207 2330 3256 autem
2372 3202 2509 3256 nolit
2541 3201 2630 3256 hic
2661 3217 2950 3274 germanos
2993 3202 3190 3260 fratres
3216 3205 3337 3273 eius

1779 3291 2112 3364 signiﬁcari,
2159 3305 2338 3362 neque
2386 3291 2661 3362 sequelam
2691 3291 2844 3347 haud
2875 3293 3040 3349 dubie
3084 3293 3337 3349 admittit.

1776 3381 1844 3436 Et
1868 3396 2000 3438 sane
2026 3395 2138 3436 non
2165 3382 2442 3438 nesciebat
2467 3382 2556 3438 ille
2575 3391 2815 3439 veterum
2842 3383 3097 3441 Ecclesiae
3119 3383 3337 3440 Patrum

1777 3489 1895 3533 eam
1943 3475 2269 3531 sententiam
2304 3473 2494 3541 fuisse,
2521 3473 2748 3530 Mariam
2787 3477 2950 3533 unius
2974 3476 3182 3534 Christi
3218 3495 3341 3535 esse

1777 3573 2039 3631 matrem,
2071 3564 2425 3632 Tertulliani,
2463 3565 2760 3622 Clementis
2791 3566 3177 3635 Alexandrini,
3214 3567 3338 3625 Ori-

1777 3659 1968 3731 genis:
1993 3659 2086 3730 qui
2114 3667 2297 3716 tamen
2326 3667 2634 3730 postremus
2663 3661 2840 3716 innuit
2871 3662 3165 3719 nonnullos
3183 3679 3340 3720 secus

1777 3751 2072 3817 testimare,
2127 3759 2182 3806 et
2211 3750 2448 3806 Eusebio
2494 3766 2698 3822 suppar
2736 3751 2968 3810 Basilius
3014 3767 3130 3810 rem
3181 3755 3339 3826 quasi

1779 3841 2023 3898 nondum
2061 3841 2338 3898 definitam
2377 3845 2652 3915 proponit.
2687 3843 2886 3900 Verum
2911 3844 3155 3904 Ecclesia
3186 3846 3338 3902 dein-

1779 3947 1908 4004 ceps
1960 3933 2014 3988 in
2057 3931 2364 3988 Helvidium
2405 3935 2730 3990 sententiam
2777 3934 3016 4000 ferente,
3077 3946 3343 4008 quotquot

1781 4023 1840 4080 Β.
1871 4025 2145 4095 Virginem
2179 4025 2316 4080 alios
2347 4033 2542 4096 praeter
2561 4024 2837 4082 Christum
2867 4027 3006 4085 filios
3034 4030 3342 4100 suscepisse

1781 4117 2057 4183 dixerunt,
2089 4131 2190 4188 pro
2220 4116 2568 4174 heterodosis
2589 4118 2763 4174 habiti
2795 4126 2944 4175 sunt.

2021 4254 2080 4305 V.
2105 4255 2212 4304 Non
2233 4253 2405 4306 statuit
2425 4255 2545 4305 duas
2563 4257 2615 4306 in
2636 4255 2830 4306 Christo
2853 4269 3103 4318 personas.

1851 4381 2062 4438 Passim
2091 4382 2362 4438 Eusebius
2397 4382 2452 4436 in
2482 4381 2568 4438 his
2609 4383 3017 4440 commentariis
3041 4382 3109 4438 de
3147 4383 3344 4438 huma-

1784 4475 1954 4530 nitate
1975 4473 2214 4540 Christi,
2249 4475 2409 4546 quasi
2447 4473 2515 4530 de
2551 4490 2788 4546 persona
2834 4475 3068 4547 quadam
3103 4477 3342 4546 propria,

159 4574 343 4628 mittere
377 4576 662 4631 videatur:
701 4574 782 4630 sie
814 4575 870 4628 in
902 4575 1015 4630 haec
1037 4575 1204 4630 verba
1233 4575 1429 4645 psalmi
1458 4590 1516 4640 ι,
1549 4573 1679 4630 Ecce
1709 4571 1755 4628 n
1784 4564 1948 4619 verba
1989 4564 2169 4620 facere
2211 4564 2446 4630 videtur.
2501 4565 2630 4620 dum
2677 4566 2983 4621 sexcenties
3027 4565 3343 4631 humanam.

159 4664 270 4716 enim
297 4666 346 4718 in
373 4667 735 4738 iniquitatibus
757 4677 1031 4738 conceptus
1047 4684 1184 4732 sum,
1213 4669 1286 4722 ait
1313 4667 1548 4723 infantes
1573 4681 1682 4722 non

162 4755 205 4808 in
227 4761 396 4818 matris
423 4763 824 4836 iniquitatibus,
854 4761 950 4818 scd
981 4762 1036 4815 in
1064 4762 1204 4825 suis,
1225 4761 1401 4816 nasci.

168 4886 230 4960 lll_.
253 4891 319 4960 ᾼη
338 4901 476 4956 putet
518 4898 597 4960 Bt
620 4897 875 4960 Virginem
913 4893 1036 4960 alios
1058 4898 1239 4957 preter
1273 4893 1536 4960 Christum
1560 4895 1686 4944 ﬁlios

211 4950 429 5006 habuisse.
456 4984 515 4992 —
537 4959 616 5010 ιν.
665 4950 736 5008 ἰδ’
745 4971 843 5008 non
866 4958 1005 5020 quasi
1021 4950 1176 5017 suam,
1201 4957 1290 5006 sed
1316 4959 1453 5018 quasi
1474 4957 1685 5008 alienam

211 5020 476 5068 sententiam
493 5022 673 5071 attulit.

223 5115 307 5174 Est
333 5123 460 5179 alius
488 5124 706 5181 Eusebii
739 5123 916 5188 locus,
950 5121 1007 5176 in
1037 5137 1146 5192 quo
1183 5119 1358 5192 prima
1397 5119 1578 5176 fronte
1605 5121 1685 5175 vi-

174 5205 330 5265 deatur
354 5216 588 5282 credere,
620 5226 714 5270 aut
741 5213 1018 5286 probabile
1049 5213 1363 5270 existimare
1392 5211 1450 5267 Β.
1484 5210 1547 5264 V.
1569 5211 1685 5266 Ma-

178 5298 284 5354 riam
318 5305 443 5362 alios
476 5317 666 5379 praeter
691 5309 970 5365 Christum
1013 5305 1154 5360 filios
1196 5303 1550 5374 suscepisse;
1595 5317 1686 5357 ve-

182 5401 274 5442 rum
311 5398 606 5452 accuratius
647 5397 931 5467 explorata
973 5393 1266 5450 verborum
1308 5390 1451 5446 serie
1492 5389 1687 5458 depre-

183 5477 396 5540 henditur
418 5489 561 5546 illum
588 5490 731 5544 hanc
759 5487 1084 5544 sententiam
1103 5483 1260 5556 quasi
1288 5482 1544 5546 alienam,
1575 5495 1690 5534 non.

184 5582 283 5625 vero
314 5592 482 5647 suam,
523 5595 846 5654 proponere.
890 5577 1069 5634 Locus
1110 5578 1192 5634 sic
1223 5575 1385 5632 habet
1425 5572 1494 5628 ad
1543 5572 1687 5628 hunc

185 5663 294 5726 D581.
339 5684 492 5727 mm
527 5690 747 5730 versum
781 5691 794 5727 :
833 5692 851 5724 ι
877 5670 1175 5726 Extraneus
1213 5669 1388 5738 factus
1425 5683 1541 5721 sum
1571 5667 1690 5735 fra-

189 5754 321 5813 tribus
353 5766 500 5834 meis,
541 5777 590 5822 et
619 5765 918 5836 peregrinus
965 5762 1096 5833 ﬁliis
1145 5762 1331 5816 matris
1378 5777 1526 5816 mete.
1558 5778 1606 5811 ιο.
1629 5758 1689 5814 Si

189 5847 464 5923 ﬂium-ﬁlios
501 5861 684 5915 matris
730 5858 843 5930 ejus
883 5857 936 5912 in
974 5856 1068 5912 hoc
1105 5855 1310 5927 psalmo
1350 5855 1684 5919 siccocatos,

1787 4670 1948 4725 quam
1980 4655 2232 4712 Christus
2273 4656 2570 4727 assumpsit
2612 4663 2896 4721 naturam,
2939 4657 3198 4712 hominem
3222 4657 3346 4714 Ser-

1787 4747 2014 4811 vatoris,
2055 4753 2110 4801 et
2151 4747 2411 4802 hominem
2450 4747 2650 4804 Christi
2701 4759 3018 4818 nuncupat,
3073 4757 3130 4804 et
3179 4749 3345 4804 alium

1789 4851 1820 4890 a
1849 4835 2028 4892 Verbo
2055 4836 2262 4892 Christi
2305 4837 2581 4893 hominem
2626 4837 2871 4894 indicare
2899 4838 3115 4893 videtur
3150 4857 3165 4894 :
3200 4839 3346 4910 quod

1789 4927 2046 5000 loquendi
2091 4944 2266 4998 genus
2293 4927 2594 4984 secundum
2633 4928 2749 4984 haec
2787 4930 2972 4986 multis
3034 4929 3349 4988 nominibus

1791 5029 2101 5091 suspectum
2124 5036 2246 5076 esse
2285 5021 2470 5091 coepit,
2508 5036 2632 5076 cum
2665 5022 2904 5077 haeretici
2932 5022 3178 5093 quidam,
3211 5022 3350 5081 Ver-

1790 5113 1920 5168 bum
1969 5113 2062 5168 Dei
2103 5111 2176 5166 in.
2208 5113 2481 5168 hominem
2517 5128 2580 5167 es
2623 5112 2814 5168 Maria.
2843 5122 3033 5168 natum
3060 5154 3076 5180 ,
3130 5115 3352 5185 perinde

1793 5214 1954 5275 atque
2001 5204 2130 5259 olim
2183 5205 2240 5259 in
2283 5205 2955 5278 prophetas,-advenisse
3000 5217 3348 5278 pugnarent:

1791 5297 2025 5353 maxime
2051 5307 2411 5367 veropostea,
2440 5313 2563 5352 cum
2600 5298 2792 5354 horum
2814 5299 3059 5370 vestigiis
3091 5299 3352 5358 insistens

1790 5387 2109 5453 Nestorius,
2149 5389 2379 5445 duasin
2403 5388 2624 5445 Christo
2651 5405 2918 5462 personas
2959 5406 3081 5448 esse
3123 5392 3356 5447 aliirma-

1793 5489 1896 5534 ret.
1922 5479 2128 5536 Verum.
2151 5489 2442 5551 antequam
2473 5482 2577 5538 hac
2616 5480 2673 5536 in
2708 5497 2767 5538 re
2797 5494 3058 5539 novarent
3085 5482 3349 5547 haeretici,

1795 5570 1893 5628 SS.
1923 5570 2212 5629 Patresah
2234 5573 2320 5629 his
2346 5573 2598 5644 loquendi
2635 5574 2925 5646 generibus
2953 5589 3060 5630 non
3089 5576 3354 5633 abhorre-

1794 5666 1943 5721 hant.
1985 5665 2118 5720 Nam
2148 5666 2482 5723 Athanasius
2509 5668 2687 5722 virum
2721 5681 2790 5722 ex
2813 5665 2978 5720 Maria
3019 5675 3229 5731 natum,
3261 5665 3354 5720 Iw-
3383 5711 3388 5714 .

1794 5763 1984 5817 minem
2013 5760 2380 5826 Dominicum,
2417 5775 2528 5815 non
2568 5760 2735 5816 semel
2771 5757 3082 5829 appellavit.
3119 5757 3356 5829 Epipha-

1795 5854 1922 5909 nius
1954 5852 2206 5909 similiter
2237 5851 2342 5907 hac
2366 5851 2621 5924 loquendi
2649 5850 2882 5907 formula
2907 5859 2992 5907 est
3018 5866 3171 5907 usus.
3213 5850 3380 5918 Quia.
