3994 6448
578 343 642 398 si
1256 353 1524 412 EUSEBII
1563 359 2036 420 ciessninnsrs
2069 363 2218 422 OPP.
2257 359 2438 422 psus
2472 346 2561 419 Ill.
2601 397 2674 409 -
2711 351 3137 430 exsomnes.

3736 387 3787 415 ΞΟ
3915 0 3928 415 i

3736 387 3788 442 εἳ

3736 421 3758 441 υ

3735 421 3758 441 υ

579 473 714 520 tunc
750 466 1011 536 temporis
1049 483 1172 524 cum
1204 470 1341 526 nihil
1365 488 1428 528 ea
1469 474 1524 530 in
1569 491 1627 531 re
1658 475 1806 533 dubii
1837 481 1921 536 vel
1946 483 2132 538 errori:

2259 486 2369 541 ἴδια
2445 487 2657 544 ἑαυτῶν
2710 490 2943 556 ἕκαστος
2991 491 3062 546 τὰ
3122 493 3342 564 ῥήματα
3393 495 3492 566 τῆς
3545 502 3790 568 μετανοίας

580 564 729 613 esset
763 557 1042 623 obortum,
1085 561 1201 617 haec
1241 563 1364 620 ﬁdei
1414 567 1592 637 capita
1637 583 1746 623 non
1785 580 1944 626 erant
1989 575 2154 631 certis

576 651 869 705 verborum
912 651 1180 710 limitibus
1222 657 1662 730 circumscripta.
1713 659 1894 728 Quare
1937 681 2044 719 non
2073 667 2156 722 vi-

575 743 737 797 detur
766 741 1040 801 Eusebius
1061 761 1124 801 ea
1158 745 1226 802 de
1260 763 1428 804 causa
1461 751 1515 804 in
1547 761 1758 808 novata
1801 755 1925 812 ﬁdei
1960 759 2147 829 suspi-

573 835 787 890 cionem
818 836 1001 890 vocari
1029 853 1208 907 posse.
1238 840 1410 898 Secus
1437 849 1620 900 tamen
1652 846 1790 903 bene
1817 849 1972 903 multi
2000 851 2153 906 aesti-

575 935 760 994 mant,
795 941 859 983 ac
885 928 1181 985 Eusebium
1215 933 1353 988 duas
1393 937 1450 989 in
1481 935 1706 993 Christo
1735 954 1999 1008 personas
2041 950 2156 998 sta-

575 1017 750 1073 tuisse
801 1033 1122 1090 persuasum
1173 1021 1396 1079 habent.
1444 1025 1652 1082 Verum
1704 1045 1838 1084 cum
1887 1047 1950 1086 ea
1983 1031 2051 1088 de
2097 1049 2156 1088 re

573 1107 795 1165 Eusebii
841 1117 1085 1180 tempore
1132 1114 1400 1170 nihildum
1435 1129 1848 1177 controversum
1880 1133 1975 1178 aut
2005 1140 2153 1194 qure-

573 1199 739 1253 situm
774 1201 987 1266 fuisset,
1019 1219 1129 1259 non
1161 1206 1215 1260 in
1241 1217 1492 1279 promptu
1521 1218 1606 1266 est
1631 1212 1812 1268 dicere
1845 1215 2154 1270 novandine

471 1335 478 1378 ζ
572 1291 758 1346 studio
797 1307 862 1348 ac
892 1293 961 1350 de
995 1295 1304 1378 industria,
1347 1314 1416 1354 an
1465 1301 1837 1371 perfunctorie
1875 1315 1930 1361 et
1963 1307 2143 1362 obiter

473 1365 478 1378 ’
573 1389 788 1442 locutus
821 1385 913 1468 sit.
949 1385 1051 1442 Cui
1083 1372 1370 1460 posteriori
1410 1365 1696 1451 sententias
1727 1396 1988 1455 libentius
2018 1401 2151 1456 asti-

471 1539 477 1545 _
527 1473 533 1557 ί
573 1472 812 1540 pularer,
857 1474 988 1545 quia
1038 1491 1148 1532 non
1207 1481 1373 1535 semel
1429 1481 1522 1537 ille
1569 1482 1628 1539 B.
1655 1483 1934 1557 Virginem
1984 1499 2153 1544 vocat

462 1598 468 1620 ,η
524 1560 533 1645 ι
569 1560 832 1616 Θεοτόκον
875 1581 888 1614 :
936 1579 1100 1635 quam
1147 1582 1334 1622 vocem
1376 1572 1742 1641 respuebant,
1791 1575 1882 1645 qui
1922 1577 2062 1634 duas
2096 1580 2154 1634 in

569 1655 793 1711 Christo
835 1672 1102 1727 personas
1148 1675 1271 1716 esse
1314 1662 1748 1723 arbitrabantur.
1800 1667 1918 1725 Vox
1967 1677 2150 1727 autem

569 1747 660 1800 illa
712 1748 928 1804 Eusebii
994 1757 1241 1822 tempore
1292 1767 1324 1806 a
1366 1753 1624 1812 Patrihus
1675 1757 2148 1830 frequentabatur.

572 1838 827 1894 Occurrit
850 1841 994 1896 enim
1028 1842 1082 1896 in
1116 1843 1346 1912 epistola
1373 1846 1669 1904 Alexandri
1693 1850 2046 1908 Alexandrini
2079 1855 2156 1912 ad'
2181 1835 2224 1890 Β

569 1933 942 1988 Alexandrum
970 1932 1348 2006 Byzantinum,
1378 1948 1432 1994 et
1471 1941 1615 2013 apud
1635 1943 1995 2001 Athanasium
2037 1945 2147 2005 fre-

565 2023 948 2094 quentissime.

719 2138 802 2189 VI.
831 2141 958 2200 Quid
977 2142 1052 2192 de-
1077 2142 1388 2196 confessione
1417 2153 1730 2210 peccatorum
1751 2154 1984 2202 senserit.

637 2243 822 2315 Neque
848 2255 978 2318 puto
1006 2247 1132 2304 item
1173 2251 1226 2304 in
1246 2250 1339 2321 jus
1367 2254 1675 2308 vocandum
1703 2254 1998 2312 Eusebium
2021 2272 2154 2314 esse»

563 2337 709 2405 quod
742 2337 808 2393 ad
843 2339 1112 2408 psalmum
1142 2357 1251 2406 xei,
1282 2342 1491 2400 Bonum
1520 2357 1596 2401 est
1631 2348 1870 2418 conﬁteri
1891 2347 2140 2412 Domino,

559 2427 754 2483 dixerit
780 2449 791 2482 :
814 2430 923 2484 Καὶ
955 2430 1064 2504 γὰρ
1089 2436 1355 2506 προσήκει
1388 2438 1463 2508 μὴ
1497 2438 1806 2510 ἀνθρώποις
1839 2440 2144 2493 ἐπιδείκνυ-

560 2521 685 2574 σθαι
731 2522 828 2594 τὴν
858 2523 1274 2598 ἐξομολόγησιν,
1321 2529 1374 2584 id
1403 2537 1488 2585 est
1518 2547 1529 2582 :
1565 2530 1674 2584 Par
1704 2531 1892 2602 quippe
1936 2539 2142 2586 estnon

556 2612 856 2668 hominibus
891 2615 1296 2685 confessionem,
1324 2630 1672 2692 peccatorum
1701 2624 1936 2689 scilicet,
1965 2623 2150 2678 edere-

559 2704 660 2759 llic
712 2709 857 2760 enim
885 2708 996 2780 agit
1028 2710 1096 2764 de
1128 2711 1322 2782 prisca:
1369 2715 1519 2771 illius
1561 2715 1822 2772 Ecclesia:
1859 2719 1992 2784 ritu,
2031 2733 2142 2786 quo

553 2793 850 2852 Dominica'
901 2798 988 2854 die
1025 2801 1201 2871 primo
1255 2801 1501 2860 diluculo
1561 2807 1613 2860 in
1669 2807 1903 2862 ecclesia
1963 2809 2137 2864 coacti

551 2886 852 2943 Christiani
880 2891 1086 2961 populi,
1117 2891 1226 2949 Deo
1259 2895 1686 2963 conﬁtebantur,
1720 2913 1844 2954 cum
1883 2908 2139 2970 peccato-

551 2996 674 3034 rum
721 2982 910 3038 sordes
941 3000 1036 3054 per
1069 2985 1338 3042 sinceram
1379 2988 1445 3042 ad
1478 2988 1648 3046 Deum
1695 2993 1957 3048 emissam
1996 3006 2133 3049 con-

551 3070 850 3128 fessionem
901 3075 1270 3146 dcplorantes,
1308 3087 1423 3134 tum
1456 3097 1557 3151 pro
1587 3083 1802 3140 collatis
1849 3084 2134 3141 beneﬁciis

2257 580 2614 652 ποιούμενοι,
2651 583 2756 638 hoc
2801 593 2886 640 est
2921 583 3061 640 :Die
3107 586 3226 654 jam
3279 586 3604 644 illucescente
3645 609 3790 651 omnes

2257 673 2449 739 simul,
2503 676 2658 745 quasi
2712 692 2816 730 uno
2862 693 2951 731 ore
2996 685 3046 731 et
3092 695 3196 733 uno
3240 679 3430 746 corde,
3479 683 3789 751 confessionis

2255 767 2523 836 psalmum
2555 767 2780 824 Domino
2813 770 3065 839 referunt,
3096 772 3292 842 singuli
3325 775 3638 842 paenitentia
3664 779 3792 836 verba

2257 861 2413 930 quasi
2462 877 2560 914 sua
2604 861 2951 931 proferentes.
2992 862 3118 919 Haec
3161 880 3267 919 una
3301 865 3581 923 confessio
3612 878 3708 936 est,
3739 873 3793 930 de

2256 966 2364 1021 qua
2398 952 2486 1006 hic
2514 951 2783 1010 Eusebius
2824 955 2953 1026 agit.
2999 954 3138 1010 Nam
3173 955 3580 1013 confessionem
3628 962 3792 1020 saltem

2255 1043 2528 1112 publicam
2563 1043 2772 1099 homini
2803 1045 3104 1101 faciendam
3144 1063 3212 1103 ne
3245 1047 3561 1104 heterodoxi
3605 1054 3791 1122 quidem

2257 1135 2508 1193 hodierni
2544 1145 2674 1192 tunc
2719 1138 2772 1192 in
2812 1153 2962 1194 more
3010 1138 3178 1195 fuisse
3226 1147 3446 1211 negant.
3488 1140 3662 1208 Quare
3691 1160 3792 1202 cum

2256 1227 2348 1282 hic
2407 1227 2625 1284 Eusebii
2682 1229 2836 1284 locus
2882 1245 2990 1285 non
3044 1232 3217 1302 magis
3276 1239 3474 1286 contra
3521 1234 3791 1305 privatam,

2255 1335 2420 1390 quam
2457 1327 2647 1374 contra
2679 1320 2952 1390 publicam
2977 1323 3379 1380 confessionem
3411 1325 3594 1380 aﬁ'erri
3626 1329 3791 1397 valeat,

2255 1425 2504 1470 neutram
2543 1431 2672 1470 vere
2712 1415 2949 1486 impetit.
2983 1415 3144 1472 Certe
3187 1418 3243 1472 in
3285 1416 3533 1474 Historia
3574 1421 3790 1477 ecclesia-

2256 1506 2398 1560 stica
2429 1505 2600 1577 legem
2632 1506 2924 1562 conﬁtendi
2957 1517 3182 1579 peccata
3212 1509 3300 1574 iis,
3329 1511 3532 1580 quibus
3577 1513 3791 1569 solvendi

2257 1597 2490 1654 facultas
2543 1599 2907 1664 conceditur,
2963 1610 3148 1672 aperte
3202 1612 3470 1659 memorat
3523 1603 3785 1662 Eusebius:

2253 1705 2380 1745 nam
2443 1691 2510 1746 de
2555 1690 2806 1762 Philippo
2869 1692 3198 1762 imperatore
3246 1710 3415 1765 agens
3475 1695 3588 1750 haec
3634 1697 3789 1766 habet,

2254 1784 2292 1838 Ι.
2314 1798 2398 1845 lu,
2430 1799 2478 1838 c.
2509 1783 2578 1838 54
2603 1783 2830 1838 εΤοῦτον
2858 1784 3077 1855 κατέχει
3107 1785 3282 1854 λόγος,
3310 1788 3635 1859 Χριστιανὸν
3667 1789 3788 1855 ὄντα,

2249 1875 2309 1927 ὲν
2348 1874 2531 1945 ἡμέρᾳ.
2566 1874 2665 1944 τῆς
2709 1875 2944 1945 ὑστάτης
2983 1875 3076 1928 τοῦ
3113 1869 3303 1946 Πάσχα
3348 1878 3684 1948 παννυχίδος,
3705 1880 3790 1933 τῶν

2245 1965 2348 2020 ἐπὶ,
2370 1965 2469 2036 τῆς
2504 1965 2827 2037 Ἐκκλησίας
2850 1966 3023 2036 εὐχῶν
3053 1966 3134 2038 τῷ
3161 1966 3352 2039 πλήθει
3385 1973 3670 2040 μετασχεῖν
3698 1971 3791 2024 ἐθε-

2245 2058 2440 2130 λῆσαι·
2473 2057 2535 2112 ού
2561 2059 2826 2132 πρότερον
2854 2059 2910 2112 δὲ
2943 2060 3047 2113 ὑπὸ
3071 2059 3168 2114 τοῦ
3195 2062 3451 2132 τηνικάδε
3484 2063 3788 2133 προεστῶτος

2244 2149 2612 2222 ἐπιτραπῆναι
2644 2149 2934 2213 εἰσϐαλεῖν,
2970 2149 3002 2221 ἥ
3035 2150 3550 2223 ἐξομολογήσασθαι,
3584 2153 3788 2213 καὶτοῖς

2244 2245 2302 2296 ἐν
2331 2241 2771 2313 παραπτώμασιν
2818 2239 3254 2312 ὲξεταζομένοις,
3293 2243 3579 2312 μετανοίας
3617 2260 3672 2296 τε
3705 2242 3790 2316 χὼ-

2246 2349 2344 2404 ραν
2380 2332 2640 2402 ῐσχουσιν,
2686 2329 2876 2384 ἑαυτὸν
2922 2331 3216 2395 καταλέξαι
3238 2348 3252 2361 ⁸
3291 2331 3469 2396 ἄλλως
3493 2333 3600 2404 γὰρ
3635 2335 3701 2405 μὴ
3736 2337 3789 2390 ἄν

2242 2442 2374 2477 ποτε
2422 2424 2560 2496 πρὸς
2603 2423 2806 2479 αὐτοῦ.
2857 2423 2942 2494 μὴ,
2977 2424 3096 2494 οὐχὶ
3145 2423 3302 2476 τοῦτο
3347 2427 3681 2497 ποιήσαντα,
3716 2428 3785 2481 διὰ

2241 2519 2441 2584 πολλὰς
2463 2518 2569 2572 τῶν
2589 2521 2708 2576 κατ’
2739 2519 2900 2572 αὑτὸν
2922 2518 3116 2583 αἰτίας,
3154 2519 3580 2591 παραδεχθῆναι,
3614 2521 3664 2576 id
3688 2530 3782 2577 est:

2243 2612 2520 2668 Narratur
2565 2613 2736 2676 hunc,
2777 2611 3114 2666 Christianus
3147 2629 3266 2666 cum
3306 2622 3472 2676 esset,
3519 2615 3574 2667 in
3603 2614 3680 2668 die
3705 2631 3781 2683 po-

2241 2707 2422 2761 stremi
2456 2705 2678 2760 Pascha!
2716 2705 2998 2776 pervigi-lii,
3026 2706 3388 2775 precationum
3417 2704 3664 2761 Ecclesia:
3687 2723 3781 2761 cum

2241 2799 2444 2870 reliqua
2491 2797 2832 2852 multitudine
2878 2798 3192 2866 participem
3234 2797 3351 2867 ﬁeri
3399 2797 3622 2852 uoluisse
3659 2815 3675 2851 :
3710 2797 3780 2852 sed

2240 2909 2350 2948 non
2377 2892 2524 2962 prius
2555 2891 2602 2945 ei
2641 2890 2706 2944 ab
2737 2907 2818 2953 eo,
2850 2890 2940 2961 qui
2968 2890 3124 2944 isthic
3151 2899 3409 2959 prmerat,
3449 2889 3651 2944 aditum
3685 2905 3786 2943 son-

2239 3001 2446 3040 cessum
2472 2984 2657 3054 fuisse,
2685 2999 2843 3053 quam
2877 2982 3146 3052 confessus
3173 2991 3331 3048 esset,
3369 3000 3432 3037 ac
3464 2983 3532 3037 iis
3561 2983 3648 3053 qui
3676 2982 3786 3049 lapsi

2239 3079 2454 3151 fuerant
2482 3087 2533 3131 et
2565 3077 2621 3130 in
2651 3076 3014 3143 penitentiam
3051 3075 3236 3129 ordine
3268 3074 3510 3142 stabant,
3540 3090 3594 3129 se
3622 3072 3792 3144 adjun-

551 3166 664 3222 Deo
691 3168 896 3237 gratias
935 3178 1158 3240 agentes
1184 3188 1196 3223 :
1234 3188 1358 3226 nam
1412 3182 1644 3247 utroque
1699 3179 1862 3234 modo
1908 3178 2125 3236 confes-
2151 3185 2196 3245 (ζ
2227 3176 2412 3230 :risset.
2458 3170 2706 3266 ﬁlioquin
2735 3170 2889 3266 oblea
2916 3184 3033 3266 quq:
3059 3167 3355 3266 admiserat
3388 3167 3643 3266 crimina,
3675 3181 3786 3266 nun-

549 3259 761 3313 sionem
794 3259 880 3314 edi
911 3275 1020 3316 non
1051 3263 1219 3317 semel
1256 3264 1416 3320 docet
1441 3266 1732 3324 Eusebius.
1761 3269 1917 3335 Quod
1947 3279 2128 3327 autem
2232 3280 2391 3338 quam
2435 3260 2500 3315 ab
2540 3259 2636 3314 illo
2677 3258 2946 3313 admissus
2991 3258 3200 3328 fuisset.
3252 3257 3354 3313 Ubi
3405 3258 3583 3322 vides,
3621 3253 3785 3311 testiﬁ-

547 3350 618 3404 de
651 3349 740 3402 illa
787 3357 998 3404 tantum
1045 3353 1394 3412 confessione
1439 3358 1731 3424 matutina,
1762 3361 1816 3414 in
1859 3369 2004 3416 cmtu
2037 3379 2129 3418 ec-

546 3441 730 3496 clesiae
779 3441 1021 3508 edenda,
1084 3445 1173 3501 hic
1226 3459 1349 3518 agat
1373 3447 1679 3517 Eusebius,
1731 3453 2012 3523 propalam
2059 3469 2127 3509 ex

547 3533 989 3602 praecedentibus
1025 3546 1128 3593 est.
1163 3537 1298 3595 Nam
1333 3557 1458 3596 cum
1492 3545 1735 3612 psalmus
1784 3546 1894 3614 ille,
1926 3548 2127 3603 inscri-

544 3635 693 3694 ptus,
738 3629 802 3680 In
841 3627 926 3682 die
956 3627 1204 3696 Sabbati,
1246 3633 1328 3688 sic
1361 3634 1646 3690 exordium
1693 3637 1878 3705 ducat,
1917 3639 2124 3695 Bonum

543 3725 631 3772 est
662 3721 907 3789 conﬁteri
949 3720 1206 3788 Domino,
1251 3724 1340 3780 hic
1374 3725 1674 3782 Sabbatum
1712 3745 1811 3800 pro
1842 3730 2125 3788 Dominica

545 3809 786 3878 positum
839 3826 1202 3880 asseverans,
1258 3817 1481 3873 nonnisi
1521 3817 1588 3874 de
1639 3821 1906 3878 matutino
1940 3822 2126 3879 Domi-

541 3901 682 3955 nica:
729 3913 998 3959 conventu
1056 3913 1353 3976 pertractat
1415 3909 1547 3978 ille;
1587 3911 1668 3966 sic
1718 3911 1881 3967 enim.
1923 3914 2118 3970 habet:

542 3992 720 4058 Quare
758 4003 817 4048 ut
859 4013 924 4050 ea
961 3996 1047 4052 die
1089 4001 1458 4056 conveniamus
1509 4003 1763 4058 traditum
1818 4005 1968 4062 nobis
2018 4019 2120 4071 est,

539 4094 592 4138 et
624 4101 688 4139 ea
717 4103 836 4157 qua:
869 4087 920 4142 in
951 4089 1158 4158 psalmo
1179 4090 1438 4161 iubentur
1479 4093 1629 4149 nobis
1671 4098 1882 4168 exsequi
1926 4115 2122 4168 prince.-

538 4188 689 4244 ptum
736 4187 850 4245 est,
891 4197 1116 4251 quorum
1159 4185 1389 4253 primunt
1436 4194 1515 4240 est
1565 4190 1828 4258 conﬁteri.
1889 4190 2122 4263 Moxque

539 4269 804 4339 adjicitur
846 4271 936 4326 illa
973 4277 1230 4346 superius
1263 4279 1428 4334 allata
1462 4281 1732 4344 clausula,
1779 4298 1886 4353 qua
1915 4285 2120 4342 dicitur

536 4376 656 4431 pan
695 4378 806 4418 non
857 4380 982 4421 esse
1026 4367 1372 4436 hominibus,
1427 4373 1639 4429 scilicet
1677 4373 2116 4432 Christianorum

537 4453 729 4518 coetui,
765 4453 1038 4520 conﬁteri,
1079 4456 1176 4512 sed
1203 4457 1333 4515 Deo.
1390 4459 1522 4528 Qum
1559 4473 1867 4534 sequuntur
1915 4469 2118 4536 pariter

2233 3367 2394 3412 cantc
2432 3351 2703 3420 Eusebio,
2743 3349 3147 3406 confessionem
3195 3358 3558 3422 peccatorum.
3603 3347 3781 3404 homini

2232 3449 2458 3510 factam,
2506 3443 2878 3499 necessariam
2937 3457 3168 3512 prorsus
3221 3441 3412 3497 fuisse.
3466 3443 3543 3496 Eo
3590 3439 3781 3512 respicit

2231 3543 2359 3599 item
2409 3537 2554 3610 quod
2600 3535 2762 3590 habet
2809 3535 2895 3590 his
2947 3534 3002 3588 in
3051 3535 3470 3590 commentariis
3507 3533 3779 3596 Eusebius,

2228 3635 2367 3706 psal.
2404 3647 2615 3694 xxxvzi,
2660 3627 2729 3684 ad
2753 3627 3082 3683 versiculum
3109 3626 3143 3682 5
3168 3647 3181 3682 :
3208 3627 3475 3694 Quoniam
3508 3627 3778 3698 iniquitates

2227 3745 2358 3784 metu
2385 3737 2742 3798 supergressa:
2768 3730 2891 3774 sunt
2920 3729 3076 3788 caput
3101 3736 3293 3783 meum,
3327 3721 3463 3773 sicut
3492 3735 3621 3774 onus
3649 3731 3780 3789 grave

2225 3829 2458 3894 gracatrc
2483 3825 2606 3873 sunt
2637 3829 2795 3884 super
2820 3829 2923 3867 me.
2953 3811 3425 3874 Putruerunt,etc.
3455 3811 3553 3864 Διὰ
3581 3808 3777 3871 τούτων,

2226 3914 2427 3986 inquit,
2460 3913 2699 3967 διδάσκει
2741 3907 2888 3980 ἡμᾶς
2921 3907 2950 3958 ὁ
2974 3904 3153 3973 λόγος,
3188 3904 3261 3976 μὴ
3294 3903 3556 3975 κρύπτειν
3587 3900 3651 3954 τὰ
3676 3901 3779 3953 ἑαύ-

2223 4007 2348 4062 τῶν·
2377 4005 2555 4068 κακὰ,
2611 4005 2732 4077 μηδ’
2771 4001 2962 4071 ὥσπερ
3010 3998 3130 4052 τινὰ
3178 3997 3434 4068 μελανίαν
3496 3997 3594 4050 καὶ
3639 3992 3777 4065 σῆψιν

2224 4091 2368 4148 κατὰ
2412 4089 2610 4162 βάθους.
2653 4089 2755 4160 τῆς
2791 4085 2974 4159 ψυχῆς
3021 4082 3266 4153 συνέχειν
3302 4081 3371 4136 τὰ
3402 4081 3774 4153 ἁμαρτήματα.

2223 4186 2328 4240 hoc
2357 4192 2446 4240 est
2477 4203 2490 4237 :
2521 4182 2616 4238 His
2645 4187 2912 4244 docemur,
2958 4195 3023 4234 ne
3065 4175 3209 4230 mala
3230 4175 3550 4232 occultemus
3592 4182 3772 4233 nostra,

2222 4280 2560 4343 neu-peccata
2590 4288 2683 4326 ceu
2706 4269 2982 4343 quemdam
3025 4268 3288 4338 nigrorem
3330 4274 3380 4319 et
3415 4265 3774 4334 corruptionem

2221 4367 2291 4420 in.
2310 4367 2496 4420 intimo
2548 4365 2741 4419 anima:
2797 4363 3200 4418 concludamus.
3262 4357 3381 4412 Non
3430 4357 3541 4413 Deo
3591 4363 3770 4415 autem,

2223 4460 2312 4514 cui
2349 4474 2612 4514 arcanum
2661 4457 2827 4521 nihil,
2877 4458 3156 4510 occultare
3198 4461 3423 4525 peccata
3475 4459 3646 4515 vetat;
3691 4443 3770 4501 sed

545 4544 616 4598 ad
649 4545 994 4600 matutinum:
1021 4547 1174 4601 illum
1219 4561 1548 4606 conventum
1589 4555 1882 4624 pertinent.
1930 4556 2004 4610 Ea
2033 4566 2118 4614 est

2238 4553 2543 4608 'iominibus
2574 4550 2668 4621 qui
2702 4558 2758 4605 et
2787 4547 3038 4604 medendi
3069 4556 3124 4603 et
3151 4553 3378 4618 peccata
3417 4540 3656 4599 solvendi
3691 4551 3771 4608 po-

536 4635 704 4704 igitur
729 4633 950 4692 Eusebii
982 4637 1275 4701 sententia.
1303 4655 1411 4696 non
1434 4651 1686 4712 oportere
1714 4645 1769 4699 in
1791 4654 1936 4702 ctetu
1959 4647 2116 4704 Chri-

535 4727 864 4794 stianorum,
917 4743 980 4783 ac
1034 4730 1089 4784 in
1141 4732 1425 4790 matutinis
1481 4738 1843 4795 conventibus
1893 4748 2116 4810 peccata

535 4819 756 4888 publice
789 4828 844 4875 et
890 4821 996 4875 alta
1037 4837 1172 4878 voce
1224 4824 1493 4892 conﬁteri,
1527 4829 1621 4884 sed
1672 4831 1782 4885 uni»
1804 4830 1915 4887 Deo
1948 4834 2114 4888 corda

535 4911 804 4964 scrutanti
848 4913 1256 4968 conscientiam.
1292 4917 1507 4986 aperire
1556 4936 1738 4976 suam.
1779 4923 1879 4978 Cui
1912 4925 2114 4979 accinit

535 4999 776 5057 Basilius
826 5003 878 5057 in
928 5007 1157 5076 epistola
1209 5008 1276 5062 ad
1323 5008 1828 5080 Neocmsarienses,
1884 5016 1977 5070 ubi
2033 5019 2114 5074 sic

529 5092 733 5148 habet:
777 5095 871 5148 Ἐκ
911 5097 1103 5162 νυκτὸς
1146 5099 1255 5172 γὰρ
1301 5101 1542 5174 ὀρθρὶζει
1585 5107 1714 5176 παρ’
1762 5109 1893 5179 ἡμῖν
1927 5111 1958 5162 ὁ
1987 5109 2112 5174 λαὸς

532 5185 628 5236 ἐπὶ
669 5184 760 5240 τὸν
809 5183 957 5241 οἷκον
989 5190 1087 5260 τῆς
1116 5193 1460 5264 προσευχῆς,
1511 5197 1604 5250 καὶ
1647 5200 1704 5253 ἐν
1739 5199 1884 5271 πόνῳ
1926 5201 2020 5255 καὶ
2053 5204 2112 5256 ὲν

530 5275 708 5346 θλίψει
754 5278 845 5330 καὶ⁸
887 5280 944 5334 ὲν
995 5286 1189 5355 συνοχῇ
1231 5281 1482 5357 δακρύων
1526 5287 2003 5363 ἐξομολογούμενοι
2032 5294 2124 5365 τῷπ

529 5367 688 5437 θεῷ,
736 5369 786 5423 id
842 5379 926 5426 est
967 5373 1053 5426 :A
1098 5385 1247 5430 nocte
1301 5377 1444 5445 apud
1491 5397 1586 5434 nos
1632 5385 1853 5450 populus
1899 5387 2108 5456 vigilias

529 5462 649 5527 agit:
684 5462 740 5516 in
783 5461 939 5519 domo
983 5469 1279 5533 orationis,
1334 5488 1396 5524 ac
1447 5473 1502 5526 in
1551 5473 1750 5536 labore.
1795 5480 2124 5535 contritione

528 5562 579 5603 et
608 5554 968 5626 lacrymarum
1001 5563 1330 5619 contentione
1358 5567 1676 5635 conﬁtentur
1700 5568 1810 5624 Deo
1839 5579 1941 5628 :et
1972 5589 2109 5642 pau-

525 5649 614 5701 cis
647 5647 948 5719 interiectis
979 5671 992 5707 :
1031 5653 1274 5726 Ἡμέρας
1293 5658 1394 5730 ἤδη
1425 5660 1872 5735 ύπολαμπούσης,
1907 5665 2107 5728 πάντες

529 5742 678 5810 κοινῇ
702 5780 716 5801 ,
764 5741 840 5806 ὡς
869 5743 927 5810 ἐξ
967 5745 1083 5809 ἑνὸς
1118 5748 1385 5819 στόματος
1433 5753 1525 5805 καὶ
1555 5755 1682 5824 μιᾶς
1731 5756 1977 5826 καρδίας,
2015 5757 2105 5810 τὸν

527 5829 630 5899 τῆς.
672 5830 1109 5908 ὲξομολογήσεως
1144 5840 1356 5913 ψαλμὸν
1402 5845 1728 5917 ἀναφέρουσι
1781 5847 1856 5918 τῷ
1893 5849 2100 5920 Κυρίῳ,

2221 4651 2422 4700 testate
2446 4643 2634 4699 donati
2665 4647 2830 4697 sunt..

2809 4775 3040 4832 CAPUT
3067 4777 3201 4834 Vlll.

2215 4904 2282 4948 DE
2316 4907 2383 4946 IIS
2405 4906 2523 4954 QUAE
2567 4905 2648 4944 AD”
2688 4902 2958 4942 ECCLESIE
2999 4904 3337 4944 DISCIPL‘INAI
3373 4902 3664 4946 PER'I’INENT
3704 4896 3762 4936 εἰ

2427 4976 2606 5016 νΑιιιιε
2653 4974 2836 5014 110801
2860 4973 3356 5016 COIIENTARIOIIUI
3404 4975 3572 5016 LOCIS.

2218 5075 2265 5132 1.
2301 5075 2541 5130 Ecclesia
2583 5091 2852 5146 nunquam
2872 5077 3045 5130 variat
3068 5076 3122 5129 in
3139 5075 3436 5145 prwcipuis.
3465 5072 3644 5146 II._De
3661 5085 3764 5146 con-

2284 5147 2518 5220 uentibus
2567 5137 2997 5220 Christianorum
3036 5137 3336 5220 matutinis.
3393 5146 3510 5220 Ill,
3540 5143 3630 5220 De_
3654 5137 3760 5220 ade:

2285 5217 2444 5270 randi
2471 5219 2575 5269 ritu
2600 5217 2652 5270 in
2675 5215 2918 5300 Ecclesia
2944 5217 3247 5300 singularis.
3267 5215 3484 5300 Eusebii
3511 5209 3759 5300 etEpilff

2283 5288 2541 5342 sententia
2567 5288 2905 5355 explanatur.
2936 5286 2963 5341 Ι
2979 5283 3057 5342 VI
3086 5286 3309 5357 Inﬁnita
3349 5288 3490 5342 dona
3531 5283 3770 5339 Ecclesiis.

2285 5358 2499 5412 Eusebii
2528 5369 2754 5425 tempore
2777 5357 2997 5411 collata.

2417 5473 2460 5522 1.
2496 5473 2714 5523 Ecclesia
2747 5487 2995 5536 nunquam
3029 5475 3194 5522 ναι-ἱεὶς
3207 5474 3256 5522 in
3285 5475 3560 5536 precipuis.

2279 5574 2586 5631 Occasione
2626 5577 2803 5631 solum
2833 5592 3004 5647 pauca
3035 5575 3506 5649 Eusebiuslangit
3533 5586 3584 5633 et
3603 5571 3754 5644 explio

2208 5676 2319 5732 cat,
2343 5684 2464 5739 qua:
2493 5669 2560 5724 ad
2587 5669 2686 5723 aevi
2745 5671 2829 5725 sui
2881 5670 3221 5741 disciplinam
3244 5681 3512 5742 spectant,
3551 5675 3766 5739 quaeque

2211 5775 2312 5815 nos
2339 5760 2392 5815 in
2419 5761 2640 5817 lectoris
2697 5762 3044 5819 commodum
3080 5779 3184 5818 una
3231 5762 3592 5819 conferemus.
3621 5757 3751 5811 Lit?l

2211 5852 2353 5908 enim
2381 5852 2434 5906 in
2468 5851 2630 5908 rebus
2656 5855 2952 5926 praecipuis
2971 5863 3026 5912 et
3056 5856 3379 5928 capitalibus
3411 5871 3519 5910 una
3561 5857 3764 5918 senui"
