3994 6448
195 303 278 359 53‘
974 299 1478 357 COMMENTABIA
1521 299 1588 355 1N
1626 298 2050 357 PSALSiOS.—
2091 300 2632 359 PRJEIJMINABIA.
3380 305 3450 358 54

193 414 455 470 Ecclesia
483 415 842 481 consuetudo,
871 416 1007 472 ritus
1030 433 1171 474 unus
1192 417 1374 482 fuerit,
1404 418 1459 472 in
1481 417 1566 472 ~iis
1585 425 1761 470 tamen

1869 436 2082 491 κεχωρη
2093 419 2271 489 μένωςι
2293 419 2586 483 relegam;
2611 423 2949 491 προσκυνεῖν,
2963 419 3075 472 ἀλλ’
3097 420 3448 484 ἀπαντῶντας

191 523 309 579 qua:
330 509 400 562 ad
432 520 721 565 externum
773 525 977 565 morem
1035 510 1776 582 minoresque-caeremonias

192 600 490 671 pertinent,
545 609 598 655 ct
624 609 926 671 temporum
967 611 1022 656 et
1067 602 1309 657 locorum
1349 602 1775 658 consuetudines

190 692 350 744 variae
399 691 794 756 observantur,
833 707 955 762 quae
1006 693 1214 748 scilicet
1265 702 1520 765 possunt,
1569 695 1773 749 illibata

189 786 509 842 Christiana
547 786 826 858 religione,
849 788 1067 841 mutari.

359 899 423 949 ΙΙ.
452 900 546 950 De"
561 901 884 954 conventibus
911 901 1300 954 Christianorum
1324 907 1593 954 matutinis.

253 1005 414 1070 Quod
473 1006 722 1077 plerique
760 1006 1076 1077 priscorum
1134 1007 1390 1064 Ecclesia:
1439 1009 1767 1078 scriptorum

187 1096 414 1150 tradunt
443 1096 519 1152 de
549 1099 910 1154 conventibus
953 1099 1394 1155 Christianorum
1429 1101 1484 1155 in
1511 1101 1765 1165 ecclesia,

191 1189 471 1244 Dominica
504 1189 594 1245 die
615 1190 878 1245 celebrari
909 1190 1108 1255 solitis,
1139 1191 1315 1260 deque
1350 1193 1491 1247 sacri
1521 1193 1768 1263 corporis

187 1283 388 1337 Christi
413 1283 623 1338 ibidem
649 1284 864 1339 usitata-
899 1287 1271 1353 comestionc;
1331 1286 1384 1340 id
1416 1285 1682 1342 Eusebius
1714 1288 1766 1342 in

189 1373 360 1428 variis.
381 1371 586 1428 horum
617 1376 1138 1432 commentariorum
1167 1377 1302 1435 locis
1336 1393 1435 1433 nec
1469 1379 1647 1435 obiter
1672 1395 1768 1435 ex-

190 1465 369 1535 plicat.
409 1463 472 1520 ln
501 1482 655 1522 more
705 1468 906 1539 quippe
939 1478 1071 1525 tunc
1103 1478 1242 1536 erat,
1277 1481 1335 1526 ut
1374 1470 1656 1528 Dominica
1678 1473 1767 1530 die

188 1556 496 1614 Christiani
517 1574 712 1616 omnes
741 1569 991 1617 exortum
1021 1562 1154 1619 solis
1171 1571 1576 1620 anteverterent
1601 1572 1654 1620 et
1697 1567 1762 1620 ad

193 1649 482 1704 ecclesiam
544 1659 924 1721 properarent,
981 1653 1074 1708 ubi
1129 1654 1426 1710 matutinos
1464 1665 1764 1712 conventus

187 1743 466 1799 mriente
495 1742 622 1797 luce
677 1758 787 1797 una
841 1745 1018 1799 coacti
1077 1745 1464 1812 celebrabant;
1492 1754 1568 1811 ut,
1594 1747 1648 1800 in
1677 1747 1765 1804 die

187 1836 580 1892 resurrectioni
635 1835 851 1891 Domini
886 1843 1229 1899 consecrata,
1276 1853 1436 1893 sacro
1495 1839 1762 1895 Dominici

187 1928 429 2000 corporis
455 1929 589 1984 cibo
621 1928 812 1985 reiecti
837 1971 851 1995 ,
897 1930 1102 2001 pignus.
1127 1929 1322 1986 futurae
1336 1939 1390 1987 et
1427 1931 1680 2003 gloriosa:
1707 1932 1762 1987 in

186 2036 344 2075 carne
370 2020 804 2076 resurrectionis
849 2023 1200 2092 acciperent:
1249 2038 1463 2094 unoque
1494 2031 1786 2082 concentu.

189 2113 348 2170 Deum
381 2121 437 2169 et
464 2113 751 2169 Christum
801 2115 1163 2178 celebrarent,
1192 2132 1289 2186 pro
1323 2117 1504 2174 bonis
1524 2121 1788 2190 acceptis»

189 2203 389 2274 gratias
447 2211 700 2274 agerent,
753 2220 852 2274 pro
900 2207 1228 2262 necessariis
1257 2216 1384 2262 tum.
1414 2208 1611 2264 animae
1646 2219 1760 2266 tum
1818 2219 1836 2235 °

185 2295 415 2355 corpori.
460 2294 637 2350 Deum
697 2295 896 2352 obnixe
946 2306 1322 2368 precarentur.
1358 2299 1430 2354 De
1465 2300 1550 2357 his
1580 2301 1778 2373 itaque

184 2389 551 2442 ωηνυιιιίιηιε
607 2388 720 2440 hanc
773 2387 934 2440 habet
981 2384 1247 2440 Eusebius
1315 2385 1367 2438 in
1432 2389 1564 2453 psal.
1624 2400 1754 2446 xxI.

181 2496 312 2538 vers.
357 2480 428 2535 '50
473 2499 488 2533 :
531 2498 548 2529 ‹
598 2477 1049 2533 Manducaverunt
1091 2487 1139 2531 et
1179 2479 1530 2531 adoraverunt
1578 2493 1754 2533 anius:

182 2573 386 2641 pingues
416 2580 598 2635 terra,
627 2580 675 2624 et
702 2572 758 2624 in
785 2580 1055 2640 conspectu
1083 2568 1198 2638 ejus
1219 2567 1424 2633 cadent,
1445 2577 1553 2624 etc.
1583 2587 1601 2619 ι
1629 2566 1776 2622 εἰη-ο

183 2656 310 2725 gulis
353 2657 768 2712 resurrectionis
818 2656 1116 2712 Saluatoris
1165 2659 1333 2713 nostri
1380 2660 1600 2726 diebus,
1642 2678 1759 2733 qua:

185 2744 466 2801 Dominicce
491 2759 770 2810 vocantur,
818 2747 947 2816 ipsis
982 2748 1149 2802 oculis
1189 2765 1400 2805 cernere
1438 2762 1526 2804 est-
1560 2766 1646 2806 eos
1671 2752 1774 2821 qui.

183 2854 378 2892 sacrum
403 2838 584 2892 cibum
612 2848 661 2893 et
684 2837 956 2901 Salutare,
1003 2838 1057 2892 id
1100 2849 1178 2893 est
1222 2838 1518 2895 Saluatoris
1568 2856 1758 2908 corpus

185 2928 456 2997 accipiunt,
491 2938 607 2998 post
627 2930 798 2998 ipsum
819 2946 964 2984 esum
987 2930 1178 2999 viviﬁci
1195 2931 1758 3004 alimentilargitorem

180 3030 224 3073 et
241 3035 488 3088 promum
507 3020 752 3087 adorare,
775 3029 930 3091 atque
950 3022 1138 3076 mirari
1155 3023 1425 3078 verborum
1444 3023 1757 3094 hujusmodi

179 3120 424 3178 uentum,
452 3128 526 3166 ac
550 3129 606 3166 re
630 3122 796 3183 gesta,
838 3113 1014 3184 quoad
1057 3115 1351 3184 planiorem
1399 3115 1528 3170 dicti
1549 3126 1756 3172 senten-
1784 3145 1824 3200 (τ

179 3205 319 3269 tiam,
337 3204 621 3273 impletum
661 3205 989 3261 vaticinium.
1017 3205 1150 3272 Qua:
1181 3217 1362 3263 autem
1387 3208 1536 3276 quod
1573 3209 1640 3264 ad
1681 3211 1756 3263 ri-

177 3302 282 3349 tum
308 3298 652 3352 exteriorem.
683 3296 774 3350 illa
814 3296 1064 3352 adoratio
1113 3307 1282 3364 esset,
1318 3299 1419 3366 sic,
1452 3301 1640 3368 paucis
1670 3301 1755 3355 in-

179 3387 474 3457 terpositis,
500 3388 742 3459 explicat
771 3404 783 3440 :
814 3407 849 3439 ι.
884 3386 949 3442 In
972 3399 1257 3458 conspectu
1275 3391 1386 3460 ejus
1407 3391 1596 3446 cadent
1641 3410 1756 3446 om-

181 3495 261 3533 nes
283 3480 370 3550 qui
391 3478 717 3534 descendunt
748 3479 810 3533 in
833 3488 1069 3536 terram:
1101 3501 1119 3532 ι
1144 3496 1240 3550 pro
1266 3499 1368 3552 quo
1389 3483 1605 3554 Aquila,
1634 3502 1652 3534 ι
1689 3483 1753 3537 In

180 3572 368 3626 vultum
393 3572 517 3643 ejus
551 3572 759 3642 ﬂectent
785 3589 840 3627 se
864 3589 1044 3628 omnes
1071 3575 1162 3644 qui
1201 3574 1520 3630 descendunt
1564 3577 1616 3630 in
1645 3578 1758 3646 pul-

179 3680 356 3719 verem.
388 3684 407 3718 ι
436 3664 602 3732 Queis
628 3665 1141 3735 manifesteeorum,
1193 3667 1284 3736 qui
1307 3669 1360 3721 in
1405 3669 1626 3723 ecclesia
1664 3669 1758 3726 Dei

181 3773 335 3826 genua
356 3757 598 3827 ﬂectunt,
623 3773 818 3811 morem
843 3756 1122 3812 declarat:
1172 3759 1244 3812 ibi
1273 3761 1413 3814 enim
1457 3779 1626 3833 genua
1660 3765 1757 3834 ﬂe-

179 3859 385 3916 ctentes,
415 3861 576 3922 atque
602 3850 866 3920 {rentibus
892 3852 1002 3905 suis
1034 3860 1188 3906 terra:
1211 3854 1591 3921 incumbentes,
1619 3856 1757 3912 hunc

179 3941 426 3996 adorandi
460 3944 626 3997 ritum
648 3951 877 3996 servant.
920 3942 1008 3994 Ἑν
1104 3944 1305 4012 γόνατα
1331 3945 1629 4012 κλίναντες,
1661 3950 1756 4002 καὶ

176 4029 238 4082 τὰ
259 4031 482 4101 μέτωπα
512 4033 592 4095 εἰς
611 4031 713 4103 γῆν
732 4029 1060 4102 ἐρείσαντες,
1077 4033 1265 4088 τοῦτον
1287 4041 1611 4110 προσκυνεῖν
1639 4038 1758 4092 εἰώ-

179 4120 295 4176 θασι
321 4123 412 4177 τὸν
436 4123 656 4194 τρόπον.
687 4121 762 4178 De
789 4122 1072 4179 matutinis
1097 4125 1226 4179 item
1249 4129 1605 4185 conventibus
1621 4134 1751 4202 agit;

180 4216 304 4284 psal.
324 4231 599 4282 va,vers.
624 4213 739 4279 6,et
767 4231 919 4278 cvm,
949 4216 1041 4271 ubi
1069 4233 1243 4287 genua
1269 4219 1518 4276 ﬂectendi
1548 4239 1760 4279 morem

181 4308 616 4378 antiquissimum
677 4307 920 4363 declarat
952 4325 965 4362 :
994 4311 1389 4380 procumbendi
1439 4315 1567 4370 item
1617 4332 1750 4371 eon-

179 4400 537 4467 suetudinem,
561 4399 645 4455 vel
675 4400 869 4471 primis
899 4401 1160 4461 Ecclesia:
1202 4405 1421 4461 saeculis
1464 4415 1749 4473 statutam,

1879 513 1958 574 εἰς
1980 511 2075 582 τὴν
2093 512 2386 584 ἐκκλησίαν
2412 512 2598 578 αὑτοῦ,
2631 512 2681 567 id
2703 520 2822 568 est:
2853 511 2969 567 Non
2996 511 3103 567 vult
3139 514 3276 567 enim
3297 525 3451 568 extra

1875 602 2170 665 ecclesiam,
2193 621 2353 674 neque
2376 605 2430 658 in
2471 622 2675 659 secessu
2718 615 2944 659 semotas
2989 606 3215 659 adorare
3241 608 3446 675 ipsum;

1876 694 1966 748 sed
1988 693 2229 749 accedere
2242 695 2391 764 jubet
2445 694 2513 748 ad
2556 696 2828 750 ecclesiam
2879 714 3056 752 suam.
3096 695 3448 766 ldipsumque

1875 786 2108 842 Basilius
2160 788 2321 841 habet
2375 789 2428 842 in
2495 787 2743 842 eumdem
2811 789 3102 857 psalmum,
3157 787 3304 842 hom.
3353 786 3443 845 28.

1874 895 1925 948 p.
1952 881 2042 934 181
2083 901 2094 934 :
2132 879 2274 944 Ἐξω
2293 879 2569 947 τῆς-ἁγίας
2601 878 2768 947 αὐλῆς
2802 879 2861 930 οὐ
2889 878 2993 950 χρὴ
3017 881 3348 949 προσκυνεῖν
3371 877 3448 947 τῷ

1872 971 2078 1041 Κυρίῳ,
2123 969 2235 1023 ἀλλ’
2263 969 2410 1022 ἔνδον
2455 969 2743 1040 γενόμενον
2769 984 2780 1019 :
2809 969 2861 1023 id
2901 977 2983 1024 est
3011 987 3041 1022 -:
3077 967 3212 1022 Non
3245 976 3464 1036 oportet.

1869 1061 2163 1130 quempiam
2192 1068 2344 1113 extra
2393 1074 2601 1112 sacram
2644 1058 2824 1112 aulam
2871 1057 3112 1112 adorare-
3138 1057 3464 1120 Dominum,

1869 1153 1961 1208 sed
1989 1153 2130 1206 intus
2153 1153 2402 1221 positum.
2429 1149 2496 1204 At
2527 1167 2686 1207 nemo
2701 1167 2884 1206 rerum
2908 1167 3188 1207 sacrarum
3215 1151 3298 1206 vel
3331 1167 3463 1207 mev-

1869 1246 2128 1301 diocriter
2156 1244 2364 1315 peritus
2395 1245 2630 1314 ignorat,
2658 1245 2796 1298 hanc
2820 1244 3089 1315 praecipue
3133 1261 3288 1300 nova:
3309 1245 3463 1314 legis.

1868 1346 2152 1399 tesseram,
2203 1337 2308 1390 hoc
2336 1336 2694 1398 institutum,
2732 1335 2876 1388 hanc
2913 1336 3210 1389 solemnem
3231 1334 3444 1389 Christi

1867 1430 2190 1488 doctrinam-
2215 1445 2364 1495 esse,
2403 1429 2547 1500 quod
2590 1427 2744 1483 Deus
2780 1429 2978 1498 ubique
3018 1427 3330 1482 adorandus
3371 1426 3445 1481 sit

1867 1522 1920 1575 in
1942 1523 2133 1592 spiritu
2153 1533 2200 1576 et
2224 1522 2487 1576 veritate:
2518 1519 2794 1591 neque‘ad
2823 1534 2942 1574 eam
2968 1533 3083 1575 rem
3115 1533 3342 1576 necesse
3371 1516 3444 1574 sit

1867 1614 2204 1685 assignatum
2255 1615 2566 1685 quempiam
2597 1612 2750 1668 adire
2791 1613 3009 1680 locum;
3063 1613 3156 1668 sed
3197 1613 3443 1683 quisque

1868 1707 2118 1778 privatim
2143 1709 2288 1763 hunc
2312 1708 2516 1762 cultum
2565 1708 2873 1778 persolvere
2902 1707 3077 1777 possit
3125 1721 3187 1760 ac
3226 1705 3438 1761 debeat.

1797 1787 1836 1841 Β
1865 1799 1977 1855 Cur
1991 1815 2120 1871 ergo
2144 1800 2243 1854 viri
2271 1799 2520 1854 doctrina
2554 1800 2815 1870 insignes,
2856 1799 3088 1854 Basilius
3129 1796 3358 1866 Magnus
3387 1803 3443 1851 et

1865 1889 2158 1956 Eusebius,
2188 1891 2258 1946 ab
2286 1891 2596 1961 huiusmodi
2625 1891 2798 1952 cultu,
2843 1890 2938 1958 qui
2969 1890 3038 1944 ab
3072 1891 3191 1960 ipso
3220 1887 3440 1943 Christo

1865 1981 2103 2038 traditus
2133 1990 2187 2038 et
2216 1983 2462 2037 sancitus
2513 1991 2616 2046 est,
2669 1981 2922 2037 homines
2967 1979 3346 2046 absterreant?
3373 1977 3442 2031 At

1863 2077 2010 2135 enim
2041 2091 2141 2132 nec
2163 2077 2217 2131 in
2263 2074 2446 2132 Veteri
2492 2075 2710 2146 quidem
2742 2073 3116 2137 Testamento,
3147 2087 3270 2128 cum
3317 2081 3442 2143 post

1863 2169 2049 2240 templi
2073 2169 2376 2233 conditum,
2401 2184 2509 2223 non
2557 2167 2827 2224 sacriﬁcia
2848 2209 2864 2234 ,
2891 2183 3000 2224 non
3020 2173 3200 2222 certas
3238 2173 3440 2221 statas»-

1863 2275 1970 2332 que
1998 2261 2361 2317 caeremonias
2400 2261 2528 2316 alibi
2559 2261 2871 2332 persolvere
2901 2260 3108 2314 licitum
3142 2266 3310 2321 esset,
3345 2272 3438 2311 ve-

1863 2354 2024 2409 titum
2051 2369 2284 2424 usquam
2333 2355 2563 2428 legimus
2587 2369 2871 2425 quemque
2921 2368 3088 2424 penes
3119 2368 3179 2408 se
3203 2367 3362 2407 orare
3383 2359 3441 2406 et

1863 2444 2096 2501 adorare
2128 2444 2316 2510 Deum,
2367 2447 2414 2500 si
2437 2446 2647 2502 liberet.
2698 2445 2814 2500 imo
2860 2461 2991 2502 vero
3023 2445 3234 2508 Daniel,
3261 2445 3314 2498 in
3336 2442 3439 2497 Ba-

1865 2537 2060 2609 bylone
2083 2554 2332 2603 versans,
2363 2538 2672 2610 frequenter
2698 2538 2866 2596 Deum
2898 2539 3161 2596 adorabat
3189 2556 3204 2594 :
3239 2538 3440 2608 aliique

1863 2632 2001 2685 bene
2030 2631 2183 2687 multi
2214 2633 2391 2687 sancti
2443 2633 2547 2687 viri
2584 2631 2753 2687 Deum
2803 2643 2960 2688 extra
2999 2632 3257 2703 templum
3307 2630 3437 2684 ado-

1862 2737 2018 2778 rasse
2045 2722 2547 2794 deprehenduntur.
2581 2722 2710 2780 Haec
2739 2725 2926 2795 itaque
2963 2723 3150 2778 Basilii
3189 2730 3242 2777 et
3269 2721 3434 2777 Euse-

1863 2815 1937 2870 bii
1963 2817 2082 2871 loca
2110 2833 2176 2872 ex
2214 2818 2467 2888 superius
2515 2818 2681 2874 allato
2713 2817 2935 2874 Eusebii
2967 2818 3088 2872 loco
3115 2823 3243 2872 sunt
3265 2815 3442 2884 expli-

1861 2907 2057 2973 canda,
2085 2908 2174 2962 ubi
2211 2909 2439 2963 recitata
2478 2907 2688 2980 Aquila:
2717 2907 2968 2965 versione
2999 2910 3077 2962 sic
3111 2907 3272 2960 habet
3300 2905 3390 2961 ille
3419 2920 3433 2957 :

1860 2996 2022 3066 Queis
2072 3000 2350 3069 manifeste
2389 3017 2591 3066 eorum,
2621 3002 2708 3072 qui
2756 3003 2809 3053 in
2864 2998 3082 3053 ecclesia
3127 2998 3224 3052 Dei
3269 3012 3438 3068 genua

1859 3090 2097 3159 ﬂectunt,
2127 3108 2326 3147 morem
2358 3093 2598 3146 declarat
2626 3092 2740 3146 :ibi
2765 3091 2901 3145 enim
2939 3107 3107 3161 genua
3151 3090 3436 3160 ﬂectentes,

1859 3194 2016 3256 atque
2029 3185 2295 3252 frontibus
2316 3189 2426 3241 suis
2451 3195 2604 3241 terra:
2625 3184 3007 3249 incumbentes,
3024 3183 3160 3237 hunc
3176 3180 3439 3236 adorandi

1857 3277 2020 3331 ritum
2054 3289 2283 3334 servant.
2320 3279 2526 3350 Opinor
2557 3277 2720 3349 igitur
2742 3276 2888 3332 hunc
2913 3275 3175 3332 adorandi
3207 3289 3434 3337 morem,

1857 3378 2046 3442 utpote
2071 3372 2478 3443 quodammodo
2525 3379 2934 3436 consecratum,
2965 3377 3117 3427 extra
3145 3366 3436 3423 ecclesiam

1856 3464 2084 3520 vetitum
2109 3464 2281 3521 fuisse
2315 3480 2416 3520 :ea
2460 3480 2689 3536 prorsus
2731 3465 2942 3519 ratione
2963 3477 3070 3532 qua
3122 3459 3283 3514 hodie
3324 3473 3434 3515 non

1855 3556 1984 3612 licet
2003 3556 2458 3628 cuique-arbitrio
2513 3571 2635 3617 suo,
2686 3553 2921 3626 exempli
2951 3568 3118 3609 causa
3150 3551 3434 3606 incensum

1858 3657 1910 3704 et
1944 3649 2300 3721 thymiamata
2331 3651 2384 3704 in
2420 3649 2552 3705 vicis
2581 3659 2635 3704 et
2658 3648 2852 3720 plateis
2877 3647 3187 3720 promiscue
3216 3645 3432 3707 oﬂ‘erre,

1858 3741 1984 3810 quia
2023 3740 2137 3796 lucc
2166 3741 2390 3812 speciali
2437 3741 2544 3795 ritu
2575 3747 2896 3796 consecrata
2943 3746 2997 3795 et
3037 3744 3240 3794 statuta
3269 3745 3432 3798 sunt;

1858 3832 2064 3890 ita-illis
2093 3835 2454 3904 temporibus,
2477 3834 2581 3889 etsi
2611 3833 2820 3888 licitum
2841 3832 3038 3902 cuique
3081 3837 3230 3886 esset
3262 3828 3432 3884 Deum

1857 3939 2024 3993 penes
2053 3939 2112 3979 se
2129 3925 2341 3996 precari
2370 3933 2423 3980 et
2443 3924 2675 3979 adorare
2695 3963 2711 3988 ,
2749 3922 2841 3976 illo
2866 3930 3044 3977 tamen
3090 3921 3254 3976 modo
3290 3934 3433 3991 genu

1857 4018 2108 4074 ﬂectendi
2138 4033 2203 4072 ac
2247 4018 2302 4072 in
2336 4017 2570 4073 frontem
2614 4014 3009 4087 procumbendi
3050 4024 3203 4068 extra
3256 4012 3436 4067 eccle-

1857 4110 1995 4163 siam
2043 4109 2274 4164 adorare
2293 4109 2522 4166 vetitum
2554 4115 2710 4164 erat:
2747 4114 2971 4176 eratque
3021 4104 3149 4158 huic
3183 4104 3256 4158 rei
3277 4103 3434 4158 locus

1856 4205 2019 4269 atque
2051 4206 2265 4270 tempus
2286 4198 2664 4254 ecclesiastico
2695 4211 2907 4251 canone
2944 4197 3301 4250 constitutum
3327 4207 3432 4248 :ne

1856 4288 2112 4345 fortassis
2136 4289 2265 4344 hinc
2286 4289 2432 4345 risus
2457 4296 2512 4343 et
2539 4287 2934 4342 cachinnorum
2976 4284 3202 4340 materia
3227 4283 3430 4339 Judaeis

1855 4388 1910 4436 et
1957 4380 2214 4448 ethnicis,
2246 4397 2480 4452 quorum
2527 4388 2642 4434 tum
2699 4381 2890 4451 ingens
2937 4385 3054 4434 erat
3113 4373 3426 4438 multitudo,

179 4489 648 4563 diserteexpncah
673 4469 754 4544 Μ
782 4492 1050 4562 psalmum
1073 4509 1205 4549 vero
1257 4511 1365 4559 ιρι,
1394 4495 1568 4552 fusius
1587 4469 1750 4553 eum;
1781 4496 1828 4551 ι)
1856 4472 2403 4540 subministraretur;
2457 4489 2592 4528 neve
2646 4472 2774 4527 hinc
2798 4472 3019 4543 quidam
3070 4485 3137 4525 ex
3175 4469 3430 4539 frequen-

178 4591 372 4640 rat-cnr
393 4585 698 4642 Christiani
723 4585 1024 4640 Sabbatum
1045 4585 1100 4639 in
1131 4584 1470 4642 Dominicam
1505 4596 1746 4644 transtu-

177 4675 364 4731 lerint:
396 4694 503 4750 qua
529 4683 744 4732 ratione
766 4678 943 4747 primo
966 4676 1210 4732 diluculo
1235 4687 1539 4734 conventus
1563 4689 1744 4750 agant,

179 4781 333 4836 panes
361 4770 753 4841 propositionis
774 4768 1024 4832 olierant,
1041 4767 1414 4824 ad-Orientem
1439 4771 1579 4826 versi
1623 4786 1749 4840 pre-

182 4869 380 4925 rentur,
408 4863 654 4933 psalmos
685 4876 794 4914 una
848 4860 1217 4916 multitudinis
1247 4875 1381 4915 voce
1416 4861 1736 4926 concinant,

179 4959 228 5003 et
285 4961 496 5018 caetera,
546 4969 668 5024 quae
701 4951 1148 5024 _pUO’1t)¢Mépr
1221 4951 1312 5007 ille
1374 4954 1742 5024 prosequitur.

128 5083 133 5112 ί
183 5035 505 5096 Psalmorum
542 5052 722 5096 autem
758 5053 979 5094 cantum
1029 5042 1370 5097 in~omnibus
1388 5045 1628 5099 universi
1656 5061 1744 5100 or-

128 5157 135 5214 ,
182 5129 257 5185 bis
281 5141 384 5188 tam
431 5133 744 5189 Graecorum
776 5147 952 5202 quam.
971 5132 1351 5198 barbarorum,
1383 5136 1631 5192 ecclesiis
1652 5140 1750 5192 ob-

185 5224 374 5281 servari
403 5225 736 5280 testiﬁcatur
769 5222 883 5287 ille,
913 5223 1052 5292 psal.
1083 5238 1209 5278 ων.

239 5337 315 5388 lii.
338 5341 410 5390 De
431 5321 665 5390 adorandi
686 5341 785 5389 ritu
809 5338 859 5388 iu
884 5340 1097 5388 ecclesia
1116 5339 1380 5400 singularis
1402 5339 1602 5390 Eusebii
1627 5348 1690 5392 et.

553 5401 722 5452 Basilii
754 5403 1008 5451 sententia
1034 5401 1345 5463 explanatur.

249 5479 522 5555 Singulare
544 5501 775 5557 prorsus
811 5501 874 5538 ac
897 5483 1309 5553 ponderandum
1341 5495 1426 5541 est
1470 5488 1613 5556 quod
1664 5487 1746 5541 ait

186 5568 454 5642 Eusebius,
505 5594 613 5633 non
647 5578 1008 5632 licereextra
1059 5578 1346 5632 ecclesiam
1391 5578 1560 5635 Deum
1605 5580 1740 5634 ado-

189 5677 333 5720 rare:
362 5671 558 5742 ut-ipse
579 5669 645 5724 ad
671 5668 938 5739 psalmqu
989 5683 1180 5727 xxviii.
1214 5669 1300 5725 his
1339 5671 1520 5726 verbis
1561 5688 1738 5727 enun-

190 5754 278 5813 tiat
303 5782 312 5814 :
346 5763 552 5835 οὐγὰρ
577 5761 682 5829 ἔξω
703 5761 801 5832 τῆς
827 5759 1125 5831 ἐκκλησίας
1157 5760 1424 5831 βούλεται,
1457 5764 1578 5818 οὐδὲ
1607 5765 1736 5820 dva-

1849 4567 2337 4623 tioriadorationis
2371 4582 2471 4621 usu
2525 4565 2826 4621 inﬁdelium
2877 4565 3091 4620 animos
3138 4574 3428 4632 exaspera-

1847 4665 1970 4713 rent
1994 4657 2049 4712 in
2079 4656 2466 4720 Christianos;
2503 4670 2609 4710 neu
2661 4655 2877 4709 demum
2911 4653 3172 4708 ementita
3208 4649 3425 4722 pietatis

1847 4749 2029 4818 specie
2062 4747 2289 4818 gloriam
2313 4755 2368 4801 et
2390 4746 2603 4802 laudem
2654 4745 2948 4799 humanam
2995 4748 3422 4814 aucuparentur,

1846 4851 1940 4895 aut
1969 4841 2076 4895 alia
2124 4839 2284 4895 nobis
2313 4839 2495 4910 ignota
2534 4838 2601 4895 de
2644 4853 2832 4895 causa.
2878 4837 3032 4892 Hunc
3079 4838 3264 4906 itaque
3293 4832 3427 4889 edo,
3499 4883 3508 4894 .

1845 4933 2005 4987 randi
2054 4947 2260 4988 morem
2318 4939 2504 4989 vetant
2563 4931 2800 4988 Basilius
2840 4937 2894 4986 et
2944 4928 3213 4986 Eusebius
3267 4934 3424 4982 extra

1844 5024 2134 5080 ecclesiam
2167 5040 2427 5095 peragere
2458 5041 2472 5077 :
2515 5040 2693 5096 neque
2735 5024 2924 5079 volunt
2953 5023 3073 5080 ideo
3105 5019 3424 5077 adoratione

1843 5115 2192 5179 iilainterna,
2247 5116 2448 5187 ubique
2491 5115 2708 5170 Numini
2758 5114 3087 5186 praestanda,
3117 5114 3220 5183 piis
3247 5113 3425 5169 homi-

1843 5208 2007 5262 nibus
2061 5205 2351 5261 interdici:
2383 5205 2529 5277 quod
2563 5205 2833 5262 neminem
2889 5215 3021 5278 puto
3068 5204 3280 5261 inﬁcias
3317 5205 3424 5259 itu-

1841 5315 1985 5354 rum.
2022 5299 2174 5353 Alias
2203 5299 2350 5353 enim
2375 5297 2538 5353 iidem
2561 5297 2797 5354 Basilius
2837 5306 2892 5355 et
2930 5299 3219 5365 Eusebius,
3249 5297 3421 5352 Deum

1841 5408 1941 5463 pro
1964 5391 2133 5445 iubilo
2161 5392 2429 5462 cujusque
2473 5391 2808 5448 adorandum
2854 5400 3145 5447 statuunt:
3179 5391 3324 5464 quod
3368 5392 3424 5445 in

1841 5483 2065 5553 scriptis
2097 5483 2281 5538 Basilii
2317 5482 2974 5554 frequentercomperias,
3007 5497 3071 5538 ac
3099 5483 3152 5537 in
3189 5483 3420 5538 hisiteni

1840 5579 2252 5634 commentariis
2285 5576 2572 5633 Eusebius,
2601 5589 2702 5629 nec
2740 5575 2906 5630 semel
2935 5573 3270 5629 adorandum
3303 5575 3425 5630 ubi-

1839 5685 1946 5741 que
1973 5670 2141 5726 Deum
2171 5685 2294 5727 esse
2315 5670 2498 5726 docet.
2537 5671 2596 5724 in
2647 5675 3012 5740 promptuque
3055 5678 3222 5737 esset,
3251 5672 3421 5730 multa

1839 5762 1907 5818 ad
1944 5763 1998 5819 id
2039 5762 2503 5835 comprobandum
2553 5764 3008 5836 loca.cougerere
3035 5780 3046 5816 :
3073 5781 3262 5822 verum
3296 5785 3425 5829 cum
