3994 6448
484 265 555 320 55
1143 250 1413 310 susse"
1449 247 1924 306 CESARIENSIS
1962 245 2111 305 orr.
2144 240 2314 300 PARS
2359 211 2452 289 ιη.
2486 271 2559 284 —
2597 245 3005 304 exeamus.
3730 243 3798 300 se

483 387 670 443 nullus
700 387 800 441 hac
839 381 907 437 de
936 395 995 435 re
1036 376 1424 434 controversia:
1452 377 1606 433 locus
1628 391 1751 432 esse
1774 375 1974 441 valeat,
1999 374 2065 432 iis
2093 378 2139 434 Δ
2165 368 2524 438 servabatur;
2560 371 2848 428 Matthaeus
2874 386 3005 426 sane
3038 371 3256 442 propria
3289 363 3802 438 interpretatione

484 477 774 536 afferendis
802 474 1245 546 supersedemus.
2160 464 2348 520 Graeca
2373 479 2508 520 usus
2543 479 2654 518 non
2681 471 2787 530 est,
2834 462 2928 519 sed
2961 461 3080 534 ipsa
3119 459 3425 519 ilebraica
3471 455 3664 511 verba
3695 453 3800 528 Sy-

2159 555 2548 614 ro-Chaldaico
2594 572 2870 622 sermone,
2913 556 3094 627 qualis
3137 563 3274 612 tunc
3335 549 3511 625 apud
3569 547 3801 609 Iudaeos

2162 665 2262 705 usu
2297 649 2572 714 veniebat,
2603 648 2894 720 expressit,
2927 654 2986 702 ut
3032 647 3090 702 in
3133 662 3273 704 voce
3313 645 3591 700 Lamma
3622 641 3802 698 Saba-

554 736 612 792 ln
641 737 909 809 psalmum
936 751 1087 802 uxr,
1117 736 1254 792 Deus
1272 737 1537 807 judicium
1565 744 1711 789 tuum
1743 736 1850 806 regi
1879 735 1972 801 da,
1992 735 2060 790 ad
2159 739 2338 795 cthani
2371 738 2772 810 deprehendas,
2808 739 2866 794 in
2915 739 3149 809 aliisque
3191 754 3312 795 non
3347 734 3605 809 paucis,
3636 733 3799 806 queis

486 831 632 886 hunc
657 843 899 894 versum,
924 827 994 883 Et
1023 829 1151 884 vivet
1181 839 1230 883 et
1253 828 1470 883 dabitur
1500 829 1548 884 ei
1565 827 1630 882 de
1669 844 1800 882 auro
1822 827 2057 891 Arabia,
2159 831 2337 901 palam
2387 838 2472 886 est
2519 829 2829 885 Matthmum
2881 829 2937 884 in
2991 828 3286 902 Evangelio
3347 843 3472 885 suo
3512 825 3800 884 Hebraice

485 921 562 976 ait
586 917 856 976 Eusebius
885 938 898 974 :
927 917 997 972 Et
1021 919 1159 974 alias
1212 935 1415 990 quoque
1465 920 1521 974 in
1559 918 1790 973 ecclesiis
1836 917 2058 983 Christi,
2159 921 2495 992 conscripto,
2531 921 2708 977 sicubi
2741 921 2858 975 loca
2901 935 2968 976 ex
3019 919 3203 977 Veteri
3253 919 3668 977 Testamento
3703 933 3799 976 oc-

483 1013 614 1083 ipsis
636 1013 806 1068 oculis
837 1010 1070 1068 videmus
1103 1010 1319 1080 infinita
1372 1026 1438 1066 ea:
1497 1027 1630 1066 auro
1663 1027 1799 1082 puro
1826 1011 2056 1076 cimelia,
2159 1013 2475 1079 currebant,
2505 1029 2568 1070 ea
2600 1011 3052 1085 Syro-Chaldaico
3073 1029 3334 1070 sermone
3368 1012 3794 1084 expressisse:

485 1109 543 1162 in
574 1107 688 1178 ejus
709 1107 960 1162 honorem
981 1113 1309 1160 consecrata.
1330 1102 1450 1171 Quo
1478 1103 1666 1160 videas
1692 1119 1803 1159 non
1833 1119 2057 1170 novum,
2160 1120 2231 1161 an
2259 1121 2390 1162 vero
2423 1107 2640 1178 prepria
2675 1105 2765 1162 ille
2786 1106 3229 1176 interpretatione
3263 1107 3348 1163 sit
3394 1118 3582 1171 usus,
3620 1118 3696 1158 an
3729 1120 3794 1161 ex

485 1215 663 1271 neque
685 1213 880 1255 recens
906 1197 1188 1252 inductum
1210 1211 1418 1252 morem
1450 1210 1594 1261 esse,
1627 1195 1772 1252 dona
1795 1205 1850 1251 et
1893 1195 2062 1252 cime—
2161 1199 2268 1253 alia
2311 1200 2465 1270 prius
2521 1199 2786 1256 adornata
2838 1200 3088 1256 versione
3135 1199 3254 1255 loca
3304 1199 3394 1256 sit
3455 1206 3791 1265 mutuatus,

487 1293 559 1347 lia
591 1292 646 1346 in
703 1289 954 1348 ecclesiis
993 1287 1203 1345 Christi
1263 1287 1624 1345 consecrandi
1658 1306 1672 1343 :
1704 1289 1838 1358 quin
1876 1287 2061 1358 potius
2163 1291 2306 1347 haud
2358 1291 2493 1348 levis
2541 1293 2770 1363 quaestio
2820 1302 2929 1349 est.
2976 1291 3174 1348 Postea
3223 1299 3426 1346 autem
3499 1289 3792 1362 interpres

486 1385 632 1455 quod
655 1382 922 1440 Eusebius
953 1380 1451 1452 frequentissimum
1475 1379 1701 1444 indicat,
1722 1380 1834 1450 jam
1868 1395 2061 1451 perra-
2161 1382 2403 1448 Graecus,
2426 1385 2552 1456 quis
2577 1385 2667 1441 ille
2694 1385 2860 1440 fuerit
2892 1385 3159 1441 incertum
3179 1399 3304 1441 esse
3343 1388 3568 1438 narrat
3599 1381 3792 1439 Hiero-

486 1493 610 1533 rum
652 1491 777 1533 esse
817 1475 1443 1547 comprobaturzneque
1493 1472 1638 1528 enim
1675 1473 1747 1528 ita
1798 1473 1965 1528 multa
1993 1488 2061 1529 ex
2162 1492 2381 1548 nymus,
2436 1477 2553 1532 haec
2608 1477 2831 1550 propria
2879 1476 3329 1549 interpretatione
3370 1473 3656 1541 donavit,
3690 1491 3791 1533 nec

487 1586 622 1626 auro
664 1585 804 1641 puro
844 1567 1064 1624 cimelia
1098 1567 1156 1621 in
1190 1565 1407 1635 templis
1446 1563 1609 1622 hodie
1659 1563 2057 1636 deprehendas.
2164 1567 2301 1623 LXX
2334 1569 2781 1640 interpretatione
2801 1577 2885 1626 est
2913 1585 3070 1626 usus.

484 1659 684 1716 Narrat
728 1675 858 1716 vero
905 1659 1050 1716 idem
1101 1657 1369 1714 Eusebius
1400 1656 1847 1720 Constantinum,
1884 1656 2062 1712 eccle-

489 1755 628 1848 siam
654 1754 776 1848 sive
798 1752 1120 1824 martyrium
1145 1749 1447 1848 Salvatoris
1468 1747 1663 1848 ,quod.
1689 1747 2061 1848 ipsenntagni-
2091 1754 2136 1808 Β
2163 1721 2227 1772 η’
2257 1723 2473 1772 Joannes
2509 1721 3321 1848 Ηθδῧξὲοθίὶῗνιξέφυξὲἴυξξς
3351 1723 3572 1775 Ρδιιιοε
3611 1726 3782 1774 Iolen

487 1844 904 1901 θοεηιὶεείῐηιιηι
934 1849 1300 1906 exstruxerat,
1356 1840 1584 1896 infinitis
1631 1839 1876 1896 donariis
1909 1840 2062 1895 ιοευ..
2236 1904 2257 1906 ῌ
2613 1824 2775 1835 *ηυντ
2798 1824 2922 1835 -ο-ο-
2940 1824 3292 1848 -κ---ιι-ν-ι-οιη

486 1937 747 2008 pletasse,
789 1933 988 2005 partim
1015 1948 1081 1988 ex
1139 1947 1275 1988 auro
1333 1940 1389 1988 et
1439 1938 1688 2001 argento,
1738 1929 1935 2000 partim
1993 1944 2058 1985 ex

487 2026 719 2100 gemmis
752 2036 806 2083 et
838 2026 961 2082 aliis
1009 2024 1266 2096 pretiosis
1320 2023 1575 2079 cimeliis.
1631 2022 1734 2090 Qui
1766 2022 2063 2094 imperator

487 2119 615 2176 aliis
641 2118 879 2175 fortasse
906 2117 1158 2188 exemplo
1197 2130 1265 2172 ac
1300 2114 1522 2171 stimulo
1557 2113 1740 2178 fuerit,
1776 2123 1835 2168 ut
1863 2112 2063 2169 similia

487 2211 633 2267 dona
678 2209 928 2265 certatim
976 2208 1032 2263 in
1091 2206 1338 2263 ecclesiis
1379 2211 1787 2262 consecrarent.
1821 2201 2062 2274 ldipsum

487 2302 681 2373 paucis
710 2300 907 2371 repetit
937 2299 1004 2353 ad
1041 2299 1310 2370 psalmum
1348 2311 1517 2362 cxvii,
1560 2295 1820 2366 additque
1868 2293 2065 2350 diebus

547 612 628 664 ιν.
655 611 849 661 Infinita
887 611 1014 660 dona
1041 610 1269 660 ecclesiis
1301 607 1505 659 Eusebii
1552 614 1776 671 tempore
1799 607 1994 660 collata.

2228 1904 2494 1963 Joannem
2521 1907 2792 1976 similiter,
2831 1917 3019 1980 utpote
3069 1907 3357 1965 Hebraeum
3423 1916 3489 1966 et
3542 1924 3618 1966 ex
3673 1906 3782 1964 He-

2159 1997 2322 2055 braeis
2345 2006 2548 2064 ortum,
2593 2002 2669 2055 ait
2695 2001 2964 2059 Eusebius
2992 2002 3060 2058 ad
3089 2004 3366 2074 psalmum
3405 2017 3516 2070 ιιι,
3545 2001 3780 2072 propria

2160 2090 2612 2162 interpretatione
2640 2109 2801 2150 usum
2832 2109 2958 2150 esse
2979 2094 3070 2150 ubi
3102 2097 3367 2169 πτέρναν,
3406 2095 3568 2162 sive,
3603 2094 3780 2151 calca-

2160 2199 2315 2238 neum
2337 2183 2523 2249 vertit,
2559 2199 2670 2255 quo
2699 2185 2821 2240 loco
2845 2183 2986 2239 LXX
3015 2188 3371 2260 πτερνισμόν,
3409 2187 3473 2242 id
3504 2193 3624 2251 est,
3648 2200 3778 2252 sup-

2159 2273 2578 2344 plantationem,
2635 2284 2950 2348 posuerant.
3003 2276 3208 2334 Contra
3269 2292 3409 2334 vero
3471 2278 3776 2348 apostolus

487 2393 792 2465 praesertim
823 2391 1229 2449 solemnitatum
1275 2389 1566 2445 ecclesiam
1609 2365 1769 2442 donis
1791 2400 2064 2442 exornan-

2174 2365 2389 2465 Paulus,
2411 2367 2493 2424 sic
2520 2367 2809 2435 Eusebius,
2828 2384 2913 2438 ps.
2932 2369 3078 2436 m,7,
3099 2370 3436 2441 tegisperitus
3457 2385 3592 2424 eum
3612 2379 3770 2433 esset,

487 2456 616 2543 dam
635 2502 778 2544 esse.
814 2484 917 2542 Ubi
945 2485 1014 2541 ad
1043 2485 1156 2540 haec
1180 2481 1493 2556 Symmachi
1522 2480 1722 2546 verba,
1760 2477 2064 2551 Συνδήσατε

2174 2458 2221 2513 in
2252 2456 2496 2556 Epistola
2542 2458 2610 2514 ad
2654 2457 2912 2516 Hehmos
2960 2457 3314 2532 Septuaginta
3375 2457 3768 2530 lnterpretum

489 2583 550 2634 ἐν
597 2578 903 2651 πανηγύρει
960 2547 1312 2647 πυκάσμαξα,
1362 2574 1470 2638 ἕως
1514 2571 1626 2626 τῶν
1671 2547 1928 2640 κεράτων⁷
1968 2569 2068 2624 τοῦ

2174 2548 2415 2604 versione
2433 2555 2516 2604 est
2547 2563 2702 2605 usus.
2738 2547 2864 2605 Haec
2893 2565 3022 2606 vero
3052 2551 3301 2622 pluribus
3331 2551 3389 2606 in
3421 2549 3769 2606 collectione-

490 2636 897 2746 Ouataar'qplou,
924 2669 978 2725 id
1005 2679 1108 2735 est,
1145 2636 1408 2739 Colligiate
1427 2636 1481 2722 in
1511 2636 1812 2721 celebritate
1838 2661 2069 2718 densita-

2174 2636 2562 2746 Hexpplorum,
2599 2653 2634 2695 a
2654 2639 2816 2698 nobis
2844 2641 3160 2712 propediem
3182 2640 3548 2710 adornanda,
3573 2640 3768 2713 explo-

493 2777 566 2822 tes
595 2729 852 2836 usquead
877 2778 1077 2818 cornua
1106 2729 1340 2825 altaris;
1388 2760 1504 2814 baec
1528 2757 1691 2814 habet
1719 2778 1731 2812 ι
1761 2754 1862 2810 His
1890 2763 2067 2809 autem
2167 2729 2337 2786 "mla
2359 2731 2599 2788 Venient-

490 2857 752 2926 prtecipit,
783 2855 964 2911 multis
993 2852 1216 2910 cimeliis
1267 2851 1484 2906 domum
1534 2850 1634 2905 Dei
1663 2847 1881 2920 replere,
1914 2856 2073 2918 atque
2241 2855 2331 2909 nl.
2352 2857 2580 2926 Apostoli
2598 2871 2774 2926 omnes
2795 2861 3031 2926 martyrio
3049 2862 3283 2926 coronati.
3312 2861 3386 2912 Ex
3407 2874 3522 2926 qua
3542 2859 3686 2911 tribu

491 2921 745 3006 donariis
761 2946 1117 3020 frequentibus
1146 2946 1314 3016 Igsam
1333 2943 1654 3014 temporibus
1673 2941 2074 2998 solemnitatuns.

2408 2921 2420 2924 “
2489 2923 2674 2985 singuli
2691 2921 2880 2972 fuerint
2901 2921 3211 2986 deprehendi
3229 2929 3410 2986 potest.

583 3057 764 3097 οηαη·
2097 3117 2140 3174 C
2243 3072 2302 3128 in
2332 3072 2483 3128 illum
2504 3072 2697 3143 psalmi
2719 3088 2847 3130 un
2870 3088 3111 3139 versum,
3132 3073 3203 3130 Et
3229 3075 3552 3140 honorabile
3572 3091 3760 3133 nomen

2172 3181 2353 3220 eorum
2385 3181 2566 3220 coram
2598 3164 2732 3231 illo;
2767 3165 2884 3222 sive
2904 3164 3206 3221 secundum
3229 3164 3654 3238 Symmachum,
3692 3165 3760 3221 Et

2168 3258 2438 3325 pretiosus
2461 3257 2560 3312 erit
2597 3257 2820 3328 sanguis
2859 3273 3042 3312 eorum
3073 3273 3254 3312 coram
3287 3258 3404 3326 illo,
3439 3259 3565 3316 haec
3597 3259 3760 3315 habet

2170 3347 2439 3408 Eusebius
2497 3364 2514 3402 :
2571 3347 2732 3416 Queis
2798 3359 2972 3418 aperte
3025 3365 3198 3404 necem
3250 3349 3472 3406 illorum
3513 3353 3756 3423 (aposto-

2173 3439 2370 3511 lorum)
2431 3439 2804 3506 subindicavit,
2869 3457 2974 3511 qua
3044 3441 3242 3512 singuli
3303 3443 3450 3498 vario
3505 3443 3758 3514 martyrii

2170 3546 2356 3600 genere
2391 3531 2568 3600 a/fecti
2605 3543 2752 3599 sunt,
2793 3547 2856 3586 ac
2899 3530 3039 3585 alius
3067 3531 3175 3587 alio
3200 3531 3376 3598 modo,
3407 3533 3475 3587 ob
3513 3535 3755 3589 testimo-

2172 3623 2322 3681 nium
2350 3621 2414 3677 de
2445 3622 2541 3680 illo
2582 3624 2798 3691 datum,
2837 3621 3115 3694 sanguinis
3159 3639 3379 3694 agonem
3425 3625 3626 3682 subiit.
3677 3624 3755 3681 Es

2172 3713 2540 3770 monumentis
2568 3725 2747 3770 autem
2763 3716 2950 3780 certis,
2970 3730 3091 3784 quae
3115 3714 3229 3784 jam
3257 3726 3583 3786 supersunt,
3609 3715 3751 3772 haud

2176 3803 2331 3860 facile
2358 3813 2442 3860 est
2479 3805 2820 3876 singulorum
2844 3805 3217 3876 apostolorum
3248 3807 3580 3877 martyrium
3607 3821 3752 3862 cem-

1091 3191 1324 3250 CAPUT
1373 3190 1464 3245 IX.

637 3323 1004 3364 IISCBLLANEA
1053 3321 1284 3370 QU£DAI
1338 3320 1680 3360 OBSERVAbe
1735 3319 1788 3356 IN

1069 3390 1491 3431 COMMENTARIIS.

1841 3319 1931 3358 IIIS

497 3531 550 3590 1.
587 3529 802 3586 Eusebii
833 3528 896 3583 de
923 3529 1166 3584 Matthwi
1189 3526 1472 3599 Evangelia
1495 3523 2078 3599 senten_tia._ll..loan«

567 3619 656 3657 nes
696 3599 958 3655 Hebraico
998 3598 1290 3668 exemplari
1322 3595 1457 3668 usus
1479 3609 1596 3668 est,
1628 3595 1857 3668 Paulus
1897 3605 2072 3650 autent

572 3672 754 3727 ϐτιεοο
807 3669 960 3725 LXX
991 3665 1366 3739 Interpretum.
1433 3665 1550 3722 HI.
1602 3667 1844 3739 Apostoli
1893 3683 2077 3739 omnes

567 3743 827 3812 martyrio
863 3744 1122 3812 coronati,
1141 3737 1215 3812 lea:
1248 3756 1353 3810 qua
1388 3739 1531 3812 tribu
1551 3737 1747 3808 singuli
1769 3737 2073 3812 fuerintde-

569 3809 820 3883 prehendi
849 3823 1042 3880 potest.
1095 3810 1200 3894 ιγ.
1247 3813 1332 3866 An
1380 3809 1757 3891 prophetarum
1809 3809 2070 3889 successio

571 3883 641 3938 ad
686 3883 949 3939 Joannem
991 3882 1293 3952 Bapttstam
1335 3889 1645 3952 peruenerit.
1697 3877 1756 3931 V.
1811 3877 2070 3952 Eusebius

569 3955 772 4009 labitur
793 3953 919 4008 dum
950 3950 1230 4008 monachos
1263 3970 1295 4006 a
1326 3950 1642 4022 Symmacho
1665 3950 2072 4022 mentoraripu.

571 4036 674 4082 tat.
719 4024 816 4081 VI.
851 4024 1098 4080 Monac/ii
1145 4018 1890 4092 perrari'tempore‘Eusebii.

572 4096 876 4168 Martyrum
905 4088 1185 4168 cruciatus
1216 4088 1541 4168 singulares;
1586 4089 1958 4168 VIII
1979 4088 2075 4168 Je-

571 4159 958 4238 rosolgmorum
987 4165 1150 4238 aditu
1169 4159 1464 4238 interclusi.
1501 4161 1708 4238 quare.
1740 4159 1846 4215 IX.
1875 4160 2071 4238 Tradi.

575 4230 740 4292 tiones
769 4236 1014 4302 qua'dam
1041 4234 1375 4289 Judteorunt.
1404 4231 1474 4288 X.
1509 4230 1937 4302 Christianorum
1975 4232 2074 4300 [re-

574 4309 787 4369 quenlia
829 4308 886 4360 in
948 4305 1265 4369 Moabitide,
1317 4301 1674 4356 Ammonitide
1707 4310 1755 4356 et
1805 4301 2067 4358 Iduma’a.

634 4377 683 4433 1.
719 4377 974 4431 Eusebius
1011 4377 1086 4429 ait
1129 4374 1380 4428 nmndum
1413 4373 1675 4442 sphwrica
1710 4373 1885 4438 {arma
1930 4388 2076 4436 esse:

572 4458 775 4503 montes
797 4456 850 4504 et
869 4458 1048 4517 petras
1080 4445 1272 4501 sensim
1302 4460 1551 4500 crescere.

2175 3899 2426 3968 probare.
2464 3895 2664 3952 Verum
2712 3895 3004 3961 Eusebius,
3039 3906 3099 3951 ut
3138 3900 3458 3968 apostolicis
3491 3899 3750 3970 tempori—

2175 3992 2280 4048 bus
2313 3991 2564 4054 vicinior,
2609 3990 2788 4062 potuit
2817 3989 3049 4050 forsitan
3079 3989 3148 4046 de
3195 3992 3467 4065 cujusque
3518 3991 3750 4065 apostoli

2173 4083 2437 4155 martyrio
2464 4083 2727 4138 certiores
2763 4090 2920 4138 notas
2949 4083 3214 4141 invenire.
3250 4083 3346 4142 Est
3367 4101 3498 4142 vero
3531 4087 3627 4152 illa
3637 4084 3748 4154 jam

2175 4191 2276 4231 usu
2310 4189 2446 4244 pene
2475 4183 2688 4244 recepta
2712 4174 2900 4242 Opinio
2923 4176 3202 4244 apostolos
3231 4192 3420 4234 omnes
3454 4194 3557 4250 pro
3591 4176 3750 4234 Chri-

2175 4275 2264 4324 sto
2290 4280 2485 4336 psssos
2509 4280 2654 4330 esse,
2685 4265 2789 4320 etsi
2816 4281 2926 4322 non
2958 4267 3142 4328 desint
3167 4268 3260 4338 qui
3291 4285 3452 4326 secus
3476 4271 3744 4327 arbitren-

2175 4371 2286 4415 tur.
2315 4357 2516 4414 Verum
2546 4373 2609 4415 ea
2648 4358 2702 4412 in
2733 4373 2792 4413 re
2838 4374 3098 4430 perquam
3127 4359 3344 4421 diﬂicile
3372 4370 3458 4419 est
3480 4360 3747 4436 explorati

2112 4469 2156 4524 υ
2179 4451 2455 4524 quidpiam
2481 4451 2675 4508 alferre
2709 4470 2722 4506 :
2756 4466 2880 4506 nam
2909 4453 3213 4522 apostolica
3239 4463 3480 4527 tempora
3516 4466 3569 4513 et
3601 4461 3744 4528 gesta

703 4582 742 4632 ι.
768 4582 964 4633 Euseb"
985 4582 1054 4630 de
1073 4579 1288 4632 malum,
1314 4578 1585 4644 Evangelia
1607 4579 1877 4633 sementim
2187 4549 2356 4606 tantis
2384 4555 2513 4603 sunt
2544 4547 2789 4604 tenebris
2811 4545 3006 4611 offusa,
3041 4555 3100 4602 ut
3124 4563 3225 4603 nec
3249 4547 3340 4604 ubi
3360 4557 3588 4606 mortem
3610 4547 3748 4603 obie‘

2184 4646 2294 4696 rint
2322 4640 2580 4712 apostoli,
2631 4641 2822 4710 paucis
2870 4640 3135 4711 exceptis,
3171 4655 3272 4697 nec
3319 4657 3458 4712 quas
3483 4639 3641 4697 orbis.
3665 4653 3745 4693 re-v

571 4733 661 4789 Ait
681 4730 951 4788 Eusebius
977 4730 1313 4795 Matthaeum,
1347 4727 1606 4785 Hebraeus
1631 4742 1756 4782 cum
1786 4734 1952 4794 esset,
1985 4727 2084 4781 ubi
2183 4732 2370 4801 giones
2391 4732 2751 4803 peragrarint,
2777 4732 2857 4790 ita.
2871 4731 3160 4803 perspicue
3183 4734 3392 4789 narrari
3417 4735 3610 4805 possit.
3640 4729 3747 4786 Nec

407 4881 418 4890 ο
503 4823 717 4880 Veteris
741 4821 1078 4880 Testamenti
1099 4823 1280 4878 locum
1305 4821 1504 4886 attulit,
1530 4819 1752 4891 pr0pria
1772 4834 1929 4874 usum
1959 4833 2083 4874 esse

504 4916 1000 4987 interpretatione:
1047 4930 1174 4972 nam
1210 4913 1368 4982 illud,
1407 4922 1664 5001 στρ-ἰβ
1703 4918 1869 4973 n'mn
1906 4918 2091 4975 nam»

502 5009 651 5080 quod
671 5010 746 5064 ita
769 5023 800 5062 a
829 5007 1183 5079 Septuaginta
1206 5006 1599 5077 interpretibus
1621 5005 1888 5068 redditur,
1913 5002 2083 5072 Φοέγ-

505 5099 670 5170 ξομαι
703 5098 1064 5172 προϐλήματα
1079 5095 1612 5170 ἀπ’ἁρχῆς,ιοᾳιιαν
1653 5096 1981 5166 problemata
2013 5093 2079 5148 ab

505 5191 660 5244 initio
683 5190 862 5262 (Psal.
897 5207 1104 5254 Lxxvn,
1132 5189 1212 5260 2),
1250 5191 1302 5244 in
1327 5189 1516 5245 Graeco
1543 5187 1777 5243 Matthaai
1823 5195 1970 5242 textu
1998 5187 2082 5242 his

507 5283 692 5339 verbis
707 5285 955 5347 vertitur,
975 5282 1292 5355 Ἑρεΰξομαι
1304 5281 1660 5354 κεκρυμμένα
1670 5278 2086 5348 ἀπὺκαταόολῆς

508 5376 739 5448 κόσμου,
777 5373 1046 5430 Eructabo
1074 5375 1384 5431 abscondita
1424 5392 1456 5430 a
1487 5373 1864 5429 constitutione
1881 5370 2084 5424 mundi.

510 5471 580 5525 At
609 5486 735 5526 cum
777 5468 1086 5534 Matthteus,
1118 5469 1343 5533 lrenzeo,
1387 5468 1651 5539 Origene,
1685 5464 1921 5520 Eusebio
1966 5464 2086 5533 ipso

501 5571 562 5644 .et
611 5562 946 5635 Hieronymo
973 5563 1230 5626 testibus,
1265 5561 1622 5632 Evangelium
1653 5556 1918 5614 ilebraice
1947 5557 2085 5612 scri-

511 5660 706 5727 pscrit,
769 5659 930 5728 cujus
980 5658 1259 5727 exemplar
1288 5670 1405 5712 aevo
1438 5649 1752 5724 Hieronymi
1801 5651 1856 5705 in
1887 5649 2087 5706 biblio-

512 5751 669 5806 theca
711 5750 1075 5816 Caesariensi,
1127 5766 1154 5802 ει
1213 5747 1510 5824 Pamphilo.
1542 5744 1783 5824 Martyre
1831 5742 2082 5823 collecta,

2183 4824 2345 4878 modo
2376 4840 2497 4894 quae
2515 4825 2628 4894 jam
2656 4825 2948 4880 traduntur
2967 4824 3173 4880 incerta
3201 4833 3329 4882 sunt
3347 4843 3368 4893 ;_
3388 4825 3484 4882 sed
3514 4826 3674 4880 etiam
3700 4820 3744 4876 si

2181 4931 2287 4987 qua
2300 4917 2367 4970 ab
2378 4916 2632 4978 Eusebio,
2647 4924 2702 4970 et
2721 4931 2752 4971 a
2779 4918 2975 4973 coasvis
2995 4924 3090 4974 aut
3111 4918 3440 4989 supparibus
3471 4913 3744 4987 scriptori-c

2186 5006 2287 5061 bus
2310 5007 2540 5077 carptim
2553 5005 2621 5061 de
2637 5005 2744 5062 illis
2762 5005 3136 5076 proferantur,
3154 5023 3262 5063 non
3287 5009 3361 5062 ita
3394 5008 3540 5064 clare
3562 5020 3744 5063 recen-

2183 5107 2393 5153 sentur.
2420 5095 2575 5163 Quod
2604 5104 2784 5151 autem
2815 5097 2892 5150 ait
2921 5094 3212 5161 Eusebius,
3237 5098 3292 5151 in
3309 5098 3450 5168 psal.
3475 5112 3640 5158 LXVII,
3669 5091 3740 5147 23.

2185 5191 2250 5245 ad
2284 5191 2440 5244 finem
2465 5208 2477 5243 :
2502 5187 2561 5242 Si
2574 5188 2690 5258 quis
2703 5203 2821 5242 vero
2840 5204 2932 5255 per
2953 5189 3114 5243 otium
3133 5197 3381 5244 accurate
3403 5183 3739 5258 perquisierit,

2185 5283 2436 5353 cujusque
2459 5279 2688 5350 apostoli
2736 5279 2930 5333 tribum
2967 5279 3183 5347 reperiet
3221 5293 3238 5332 :
3279 5291 3402 5333 nam
3430 5279 3595 5334 cuivis
3617 5287 3745 5346 quea

2185 5373 2322 5427 renti
2343 5371 2505 5453 datur
2535 5388 2566 5424 a
2593 5370 2870 5426 Seruatore
2899 5369 3196 5424 inveniendi
3230 5371 3510 5439 promissio
3529 5386 3552 5435 ;-
3577 5367 3740 5432 id,in-

2187 5479 2373 5536 quam,
2405 5462 2624 5518 Eusebii
2653 5477 2770 5518 sevo
2805 5463 3038 5517 fortasse
3075 5470 3291 5533 poterat
3323 5477 3389 5518 ex
3435 5473 3746 5517 monumeu-.

2187 5557 2258 5614 tis
2286 5563 2531 5612 veterum
2577 5555 2871 5626 explorari.
2918 5551 3038 5607 Jam
3082 5569 3212 5610 vero
3241 5569 3364 5610 cum
3399 5569 3589 5609 eorum
3617 5552 3742 5608 bene

2187 5649 2358 5702 multa
2389 5647 2591 5702 fuerint
2619 5652 2889 5701 vetustate
2911 5643 3202 5700 obliterata
3229 5651 3288 5700 et
3307 5643 3606 5710 exstincta;
3638 5640 3738 5694 fru-

2191 5751 2325 5809 stra,
2376 5750 2434 5799 ut
2479 5741 2737 5809 arbitror,
2772 5745 3050 5811 quaeratur
3101 5755 3171 5795 ex
3221 5753 3329 5807 qua
3383 5737 3527 5797 tribu
3558 5730 3740 5806 singuli
