3994 6448
179 332 244 388 57

986 341 1488 401 COMMENTARIA
1524 346 1594 402 IN
1623 348 1958 412 PSALHOS.
1997 387 2068 396 —
2089 355 2647 421 PRA‘ILIMINARIA:

3369 376 3441 437 58

181 452 419 520 apostoli
455 453 765 522 prodierint
799 475 812 512 :
844 460 990 528 quod
1013 462 1180 516 etiam
1213 463 1260 519 si
1293 462 1629 537 deprehendi
1653 483 1776 540 pos
1798 477 1843 532 Α
1875 474 2082 541 sebius,
2116 475 2332 534 Hilario
2363 489 2418 537 et
2448 481 2687 540 fortasse
2733 485 2824 541 alii
2858 486 3068 558 perrarl
3120 491 3172 546 in
3205 491 3438 552 desertis

181 552 280 604 set,
317 559 435 598 non
462 561 661 617 magno
691 563 870 619 opera:
890 551 1066 620 pretio
1099 553 1271 611 ﬁeret.

1872 568 1929 617 et
1958 563 2198 623 latibulis
2229 571 2482 639 agebant.
2515 570 2631 628 Sub
2663 575 2777 630 haec
2801 585 2982 634 autem
3015 579 3222 639 Hilario
3250 584 3304 640 in
3339 586 3440 640 Pa-

184 636 364 685 li’.An
409 639 776 701 prophetarum
823 645 1174 735 ﬂciis'siohad
1213 647 1455 698 Joannem
1497 649 1768 714 Bsptistam
1872 653 2085 710 laestina
2117 666 2172 714 et
2206 636 2363 732 Syria
2405 665 2601 720 mirum
2653 667 2711 723 in
2765 669 2987 725 modum
3044 676 3438 735 monachorum

833 707 1135 766 pervenerit.

244 777 441 850 Neque
479 783 610 838 item
635 787 865 856 probatu
893 785 1051 844 facile
1071 799 1156 846 est
1181 791 1330 862 quod
1361 793 1439 848 ait
1467 795 1761 863 Eusebius,

185 871 318 940 psal.
353 887 558 938 Lxxttt,
591 877 644 941 8,
672 878 725 938 9.
745 876 830 940 l0,
849 879 1233 948 pr0phetarum
1251 883 1650 940 successionem
1671 901 1765 942 us-

183 975 284 1030 que
307 963 376 1015 ad
411 960 682 1021 Joannem
713 966 1004 1040 Baptistam
1028 973 1314 1030 devenisse
1342 995 1356 1030 :
1384 989 1508 1029 nam
1538 992 1604 1032 ex
1638 978 1761 1034 libri

187 1050 628 1114 Machabaaorum
690 1065 744 1114 et
806 1056 974 1115 Flavii
997 1059 1218 1134 Iosephi
1250 1064 1584 1131 testimonio,
1630 1064 1762 1122 Per-

184 1157 366 1198 sarum
403 1147 829 1216 temporedesiit
858 1151 950 1206 illa
981 1154 1364 1224 praphetarum
1389 1158 1588 1225 series;
1613 1164 1671 1212 ut
1694 1175 1761 1216 ne

185 1237 264 1289 vel
279 1251 454 1290 unum
474 1252 507 1292 a
523 1235 1134 1314 Nehemizetemporibus
1147 1246 1463 1317 prophetam
1480 1250 1761 1322 assignare

183 1326 387 1381 valeas.
406 1326 596 1393 Quare
615 1332 826 1387 aestimo
842 1333 1063 1392 Eusebii
1081 1337 1287 1392 dictum
1305 1353 1412 1394 non
1429 1341 1496 1396 ad
1522 1342 1756 1398 litteram

187 1416 573 1486 accipiendum
594 1437 749 1490 esse;
776 1425 870 1480 sed
897 1425 1140 1484 indicare
1165 1430 1342 1485 solum
1365 1430 1539 1502 legem
1556 1443 1610 1490 et
1629 1450 1763 1505 pro~

187 1507 376 1576 phetas
411 1507 470 1562 in
507 1506 772 1568 Joannem
800 1513 1100 1587 Baptistam
1123 1519 1396 1584 desinere,
1424 1524 1557 1593 quin
1595 1535 1756 1599 neget

188 1597 561 1657 intermissam
590 1604 884 1675 aliquando
909 1607 1078 1666 fuisse
1107 1613 1492 1682 prophetarum
1533 1597 1758 1676 succes-

187 1705 417 1748 stonem.

1872 745 2182 805 institutum
2214 755 2388 822 auxit,
2441 764 2498 813 et
2545 765 2676 815 tunc
2721 765 3058 821 monasteria
3103 767 3242 825 bene
3271 771 3437 828 multa

1870 840 2087 895 condita
2118 850 2267 898 sunt.

2144 957 2251 1008 ΥΠ.
2278 959 2547 1024 Martyrum
2583 968 2830 1018 cruciatus
2863 969 3158 1035 singulares.

1938 1057 2234 1131 Martyrum
2247 1065 2330 1119 sui
2345 1067 2603 1137 temporis
2619 1072 2976 1138 cruciatus,in
2989 1075 3101 1130 htec
3114 1076 3274 1132 verba
3293 1079 3408 1149 psal
3419 1107 3440 1122 -

1865 1147 1940 1202 mi
1960 1149 2134 1218 (Psal.
2148 1153 2667 1224 va,10):Quoniam
2683 1147 3433 1238 probastinos,Deus,ignsnos

1863 1243 2182 1298 examinasti
2229 1247 2366 1299 sicut
2410 1249 2748 1304 cxaminatur
2791 1263 3082 1324 argentum,
3117 1271 3223 1312 non
3256 1258 3433 1316 obiter

1863 1331 2123 1388 describit
2143 1335 2430 1395 Eusebius.
2448 1338 2526 1394 Ac
2553 1340 2679 1397 licet
2701 1341 2756 1397 in
2771 1342 3012 1401 Historia
3055 1349 3431 1416 ecclesiastica,

1862 1421 1930 1477 de
1953 1422 2227 1479 Maximini
2259 1430 2573 1486 carnificina
2603 1446 2791 1502 agens,
2819 1427 3111 1493 multorum
3135 1447 3431 1513 martyrum

1861 1527 2062 1585 agones
2094 1515 2462 1588 descripserit,
2503 1521 2590 1577 hic
2622 1531 2802 1579 tamen
2833 1528 3093 1583 nonnulla
3123 1530 3288 1602 tangit
3319 1533 3425 1588 sin-

1860 1607 2088 1677 gularia,
2122 1624 2223 1664 nec
2257 1610 2394 1667 forte
2451 1613 2580 1668 alibi
2631 1616 2938 1682 enuntiata,
2997 1635 3049 1675 v.
3089 1621 3265 1692 g.:Et
3313 1641 3434 1679 vero

1857 1696 2163 1768 plerumque
2192 1700 2271 1753 vel
2313 1702 2547 1770 pupillas
2599 1705 2871 1761 oculorum
2920 1707 3279 1776 verberabant,
3304 1713 3431 1770 dum

188 1779 224 1829 ν
269 1781 520 1854 Eqsemus
541 1784 728 1864 131,113.,-
745 1789 860 1864 d‘gm
892 1791 1201 1864 mancum?
1227 1793 1516 1864 Symmachi,
1568 1811 1754 1864 ,ηε-φο.
1786 1831 1829 1864 η
1857 1786 2033 1854 capita
2059 1786 2377 1842 athletarum
2417 1789 2515 1846 Dei
2563 1792 2732 1864 plagis
2769 1796 3045 1854 crederent.
3076 1800 3430 1858 Atrocitatem

245 1844 340 1892 rari
377 1851 544 1906 putat.
569 1874 632 1884 —
659 1848 740 1898 γι.
763 1850 983 1900 hlonachi
1008 1857 1197 1914 perrari
1226 1844 1694 1920 temporewEusebii:

251 1924 331 1978 Ad
357 1925 514 1983 hunc
541 1945 762 1988 versum
789 1933 984 2004 psalmi
1017 1951 1187 2003 vau,
1213 1941 1319 2006 Qui
1349 1941 1648 1998 inhabitare
1670 1943 1753 2012 fo-

184 2015 250 2068 cit
303 2015 464 2073 unius
523 2021 689 2076 moris
755 2024 809 2078 in
861 2023 1039 2091 domo,
1098 2035 1341 2084 veterum
1395 2031 1751 2101 interpretum

182 2108 470 2165 lectionem
538 2111 694 2168 atl'ert
740 2112 1028 2182 Eusebius,
1109 2118 1203 2174 ubi
1263 2118 1574 2191 Symmachi
1631 2138 1754 2178 ver-

186 2199 264 2253 sio
316 2199 398 2254 sic
453 2201 620 2258 habet
648 2223 661 2258 :
693 2204 917 2261 Δίδωσιν
964 2210 1132 2265 οἰκεῖν
1163 2213 1414 2282 μονα-κοῖς
1441 2212 1620 2267 οἰκίαν
1647 2231 1660 2245 ·
1698 2215 1751 2271 id

182 2297 262 2342 est
285 2309 304 2345 ι
331 2289 436 2344 Dat
479 2292 884 2350 inhabitandam
919 2299 1190 2354 monachis
1219 2300 1432 2355 domum
1460 2317 1487 2366 ί
1517 2319 1640 2358 nam
1678 2304 1750 2359 ita

184 2395 280 2438 nos
313 2383 582 2441 vertimus
615 2388 742 2458 quia
793 2387 1060 2448 Eusebius
1107 2391 1175 2448 de
1229 2393 1514 2448 monachis
1570 2395 1752 2450 locum

183 2472 414 2540 explicat
450 2492 464 2528 :
518 2476 644 2540 etsi,
675 2493 795 2534 mea
832 2480 1056 2551 quidem
1094 2482 1387 2550 sententia,
1415 2499 1523 2539 non
1555 2499 1748 2540 mona-

185 2561 402 2618 chorum
435 2565 755 2622 institutum
788 2569 877 2626 hic
907 2569 1266 2642 Symmachus
1305 2574 1598 2644 respiciat,
1649 2575 1752 2632 sed

186 2653 455 2710 solitarios
485 2659 786 2728 generatim
814 2662 1108 2731 quoslibet.
1131 2663 1348 2719 Atenim
1371 2681 1480 2735 quo
1501 2673 1743 2736 tempore

187 2742 548 2816 Symmachus
576 2751 881 2808 versionem
911 2768 1066 2808 suam
1127 2757 1494 2822 concinnavit,
1536 2760 1748 2816 scilicet

187 2833 440 2906 Septimio
459 2838 752 2906 Severo,ut
768 2843 945 2899 verior
960 2843 1064 2900 fert
1077 2846 1283 2916 opinio,
1303 2846 1621 2918 imperante,
1639 2865 1755 2907 mo-

184 2929 474 2985 nachorum
505 2948 574 2988 ne
591 2949 789 2990 nomen
807 2936 1028 3007 quidem
1043 2945 1229 2994 notum
1250 2948 1388 3007 erat,
1407 2956 1583 3012 neque
1603 2942 1752 3002 ullus

186 3027 305 3078 tunc
319 3021 374 3076 in
399 3023 540 3080 orbe
571 3027 895 3090 monachus.
918 3029 1022 3086 nisi
1045 3030 1276 3088 fortasse
1299 3031 1354 3086 in
1385 3032 1748 3103 penitioribus

1855 1891 1985 1931 vero
2037 1877 2424 1947 suppliciorum
2484 1883 2706 1953 subjicit
2766 1887 2853 1943 his
2910 1889 3143 1946 verbis:
3202 1891 3428 1949 Ferrum

1854 1967 2060 2036 quippe,
2088 1979 2136 2022 et
2171 1970 2322 2039 ferro"
2358 1971 2513 2027 illata
2536 1977 2796 2045 supplicia
2818 2019 2832 2044 ,
2880 1981 3090 2053 aliaque
3118 1985 3303 2040 mortis
3340 2003 3429 2057 ge-

1853 2076 2130 2132 nera,qute
2160 2065 2391 2119 maxima
2418 2081 2542 2136 pars
2577 2081 2815 2126 nostrum
2837 2075 3108 2142 sustinuit,
3140 2092 3236 2147 pro
3262 2077 3428 2137 nihilo

1851 2161 2226 2221 computantur
2259 2170 2325 2208 ex
2362 2155 2679 2214 deteriorum
2720 2168 3135 2234 comparatione.
3192 2169 3428 2238 Quanto-

1853 2240 1994 2297 brem
2024 2243 2134 2298 lucc
2157 2246 2365 2316 quidem
2409 2256 2662 2306 tacemus.
2711 2253 2852 2319 Quia
2880 2272 2997 2312 rere
3027 2259 3162 2313 inter
3193 2263 3422 2328 atrocia,

1852 2334 1989 2389 nihil
2051 2337 2319 2395 crudelius
2381 2360 2501 2398 nece
2551 2360 2642 2414 per
2688 2345 2859 2416 ignem
2915 2359 2964 2403 et
3021 2367 3214 2422 aquatn
3267 2354 3424 2410 illata

1848 2427 2206 2496 existimatur,
2245 2431 2355 2486 Iure
2410 2451 2505 2490 nos
2552 2452 2821 2506 perpessos
2866 2439 3114 2499 dicimus.
3141 2442 3284 2500 Nam
3325 2447 3421 2501 alii

1849 2526 2089 2572 nostrum
2119 2522 2175 2576 in
2208 2525 2345 2577 mari
2374 2534 2423 2579 et
2453 2527 2505 2581 in
2533 2527 2842 2596 ﬂuminibus
2876 2530 3100 2590 demersi
3146 2547 3290 2602 sunt,
3327 2539 3420 2594 alii

1847 2605 1982 2677 ignis
2007 2612 2318 2680 supplicium
2338 2616 2569 2674 luerunt.
2589 2619 2654 2674 Et
2669 2633 2862 2679 caetera
2884 2642 3004 2696 qua:
3031 2627 3209 2686 fusius
3235 2630 3309 2686 ibi
3334 2632 3424 2688 ille

1849 2699 2222 2769 prosequitur.

1929 2807 2057 2860 Vill.
2080 2810 2239 2864 Judtel
2256 2812 2676 2879 Jerosolymorum
2699 2821 2834 2876 aditu
2855 2822 3132 2888 interclusi,
3149 2840 3324 2890 quare.

1915 2937 2068 2995 Trita
2093 2957 2180 2998 res
2212 2950 2266 2998 et
2285 2945 2418 3000 nulli
2453 2962 2562 3002 non
2596 2956 2722 3004 nota
2749 2958 2855 3014 est,
2885 2949 3090 3009 ludatis
3127 2966 3416 3028 postquam

1846 3029 2227 3090 Barcbocheba
2275 3036 2413 3092 duce
2441 3077 2456 3102 ,
2497 3039 2766 3096 seditione
2805 3042 2981 3109 facta,
3036 3046 3142 3101 sub
3177 3047 3418 3108 Adriano

186 3107 391 3183 Egypti
425 3116 762 3181 recessibus,
794 3116 966 3176 fuisse
1007 3129 1250 3192 putatur.
1305 3123 1485 3190 Quare
1519 3123 1608 3179 hic
1641 3140 1744 3180 vox
1772 3165 1814 3223 ϐ
1847 3126 2089 3223 principe
2134 3129 2303 3223 armis
2335 3131 2548 3187 subacti
2580 3148 2644 3188 ac
2675 3149 2811 3204 pene
2839 3107 3212 3198 internecione
3254 3107 3415 3202 deleti

186 3203 403 3274 μοναχᾰς
435 3220 541 3276 pro
575 3208 822 3263 solitario
873 3211 1115 3281 quolibet
1155 3213 1211 3268 in
1259 3228 1481 3270 secessu
1524 3215 1746 3287 degenti

184 3293 534 3364 accipienda;
571 3313 680 3353 non
715 3315 814 3370 pro
848 3303 1152 3368 monachis,
1205 3321 1436 3376 quorum
1485 3323 1514 3361 a
1545 3317 1752 3380 quarto

185 3387 378 3442 saeculo
427 3388 742 3446 institutum
782 3392 986 3450 ﬂoruit.
1038 3393 1173 3450 Nam
1223 3397 1352 3468 quia
1400 3399 1552 3456 solus
1597 3401 1746 3457 vivat

183 3487 379 3546 oportet
408 3482 507 3550 qui
537 3483 666 3537 velit
693 3483 886 3540 abesse
905 3498 936 3539 a
966 3486 1232 3540 malorum
1258 3490 1558 3553 consortio,
1589 3497 1745 3560 quot-

185 3575 306 3634 quot
335 3569 678 3628 declinanda:
711 3572 1030 3645 frequentia
1085 3590 1252 3632 causa
1302 3577 1358 3630 in
1391 3593 1616 3636 secessu
1646 3581 1742 3637 de-

187 3659 391 3726 gebant,
425 3664 650 3735 μοναχά
681 3663 867 3722 Graece
894 3667 1297 3722 vocitabantur.
1332 3668 1584 3727 Attamen
1621 3687 1746 3742 quae

187 3747 247 3804 de
275 3753 559 3810 monachis
587 3757 676 3812 hic
725 3757 891 3813 habet
944 3758 1214 3818 Eusebius
1267 3777 1375 3815 non
1419 3764 1743 3832 praetermit-

187 3842 336 3895 tenda
369 3862 382 3899 :
415 3843 633 3901 Primus
667 3848 860 3917 itaque,
893 3848 990 3914 ait,
1025 3848 1154 3906 ordo
1181 3866 1363 3905 eorum
1389 3851 1480 3922 qui
1511 3853 1562 3904 in
1585 3850 1744 3910 Chri-

188 3943 261 3986 sto
291 3937 595 4006 proﬁciunt,
637 3949 712 3994 est
747 3939 1144 3996 monachorum.
1183 3940 1286 3995 Sed
1320 3941 1434 3995 rari
1479 3954 1601 3996 sunt
1631 3943 1736 4009 illi,

186 4040 336 4094 quare
362 4028 648 4083 secundum
677 4031 949 4105 Aquilam,
980 4029 1245 4104 Unigeniti
1279 4031 1378 4087 Dei
1401 4033 1571 4086 uocati
1592 4043 1736 4100 sunt,

187 4119 370 4175 similes
402 4122 532 4189 [acti
562 4125 828 4194 unigenito
865 4123 1010 4179 Filio
1040 4124 1139 4180 Dei
1164 4142 1183 4180 :
1205 4127 1491 4182 secundum
1515 4127 1737 4198 Septua-

185 4211 320 4278 ginta
352 4211 667 4283 Interpretes
702 4225 898 4278 autem,
933 4217 1112 4280 unius,
1168 4233 1275 4272 non
1329 4218 1521 4275 diversi
1575 4220 1737 4274 moris

189 4311 318 4366 sunt,
353 4321 514 4375 neque
540 4305 762 4360 subinde
792 4322 984 4359 morem
1037 4308 1286 4373 variant;
1314 4311 1405 4364 sed
1451 4326 1614 4364 unum
1643 4327 1735 4365 co-

188 4391 308 4457 lunt,
337 4398 426 4466 qui
453 4398 523 4451 ad
548 4401 759 4453 virtutis
791 4417 1040 4456 cacumen
1091 4402 1320 4456 advenit.
1362 4401 1516 4472 Ipsos
1557 4415 1735 4460 autent

1845 3215 2483 3292 sunt,Jerosolymorum
2535 3223 2740 3280 aditum
2802 3226 3156 3285 interclusum
3206 3231 3414 3304 luisse;

1843 3321 2165 3364 concessum
2217 3318 2398 3368 tamen
2453 3321 2513 3368 ut
2555 3317 2852 3384 quotannis
2889 3319 2954 3374 ad
2993 3329 3175 3381 certos
3214 3325 3414 3385 limites

1845 3399 2062 3472 lugendi
2125 3417 2293 3458 causa
2348 3405 2593 3474 proxime
2655 3409 2845 3464 urbem
2911 3414 3256 3472 accederent.
3311 3417 3408 3476 Ve-

1843 3506 1966 3546 rum
2026 3491 2296 3551 Eusebius
2354 3497 2430 3562 ad
2496 3513 2656 3553 suum
2728 3517 2901 3571 usque
2978 3512 3189 3576 tempus
3267 3508 3413 3567 hunc

1842 3597 2048 3640 morem
2111 3586 2293 3658 vigere
2348 3589 2604 3659 graphice
2663 3602 2850 3647 narrat
2904 3594 2990 3652 his
3049 3599 3282 3656 verbis:
3325 3599 3414 3655 Ir-

1842 3684 2048 3730 ruentes
2076 3675 2321 3742 Romani,
2367 3678 2522 3734 dictis
2568 3682 2876 3750 propheticis
2909 3686 3066 3755 linem
3085 3689 3410 3746 intulerunt:

1840 3760 2094 3830 siquidem
2136 3763 2390 3818 victorum
2453 3767 2582 3837 lege,
2649 3770 2903 3826 universa:
2957 3773 3204 3831 Iudaica
3268 3781 3412 3850 genti

1840 3849 1992 3904 aditu
2041 3851 2274 3907 locorum
2320 3855 2656 3910 interdictum
2687 3868 2765 3912 est
2799 3875 2818 3914 :
2859 3860 3173 3917 ineuitabilis
3226 3849 3414 3936 quippe

1841 3941 1966 4011 legis
1993 3945 2469 4014 transgressoribus
2499 3947 2756 4016 impendet
2787 3950 2939 4006 ultio.
2966 3952 3318 4019 Quamobrem
3341 3957 3409 4010 ad

1838 4033 1975 4088 hanc
2000 4039 2158 4107 usque
2186 4035 2344 4101 diem,
2369 4037 2437 4090 ad
2465 4049 2634 4094 certos
2665 4043 2912 4096 terminos
2951 4044 3004 4098 in
3054 4045 3280 4100 circuitu
3320 4064 3410 4102 ac-

1839 4123 2095 4190 cedentes,
2120 4128 2304 4194 procul
2323 4129 2618 4184 consistunt
2644 4145 2663 4183 :
2692 4147 2854 4202 neque
2887 4134 3060 4187 solum
3085 4134 3242 4200 illud,
3270 4136 3408 4206 quod

1837 4233 2049 4272 sacrum
2091 4219 2219 4273 olim
2244 4220 2611 4289 reputabatur.
2635 4224 2713 4276 vel
2741 4225 2928 4292 procul
2958 4228 3252 4296 conspicere
3279 4229 3408 4298 ipsis

1837 4309 2166 4374 conceditur;
2199 4310 2288 4365 sed
2309 4311 2454 4380 [oras
2470 4312 2870 4383 circumeuntes,
2894 4315 3207 4387 Scriptura,
3223 4319 3289 4374 de
3301 4339 3408 4392 qua

1827 4396 1947 4467 jam
1979 4399 2175 4468 agitur,
2205 4399 2361 4469 ﬁdem
2393 4402 2695 4467 conciliant,
2727 4403 2962 4461 dicenti:
2987 4404 3410 4467 «Conseruntur

187 4488 331 4542 unius
359 4507 524 4557 aonie,
545 4491 919 4558 Quintaeditio
949 4495 1170 4558 vocavit,
1192 4506 1245 4548 ut
1282 4506 1401 4566 pote
1422 4497 1512 4567 qui
1545 4497 1734 4552 solita-

1848 4488 1903 4542 td
1929 4503 2212 4557 uesperam,
2235 4499 2284 4544 et
2313 4489 2509 4557 [amem
2537 4492 2807 4559 patientur
2841 4501 2900 4546 ut
2931 4511 3108 4562 canes,
3131 4506 3180 4550 et
3222 4498 3408 4552 circui-

189 4577 247 4628 rii
266 4589 310 4630 et
326 4585 733 4648 praciuctisint.
751 4585 816 4644 Et
832 4587 887 4640 in
905 4587 1042 4657 psal.
1059 4603 1291 4652 Lxxnu,
1311 4589 1347 4642 4
1381 4609 1396 4644 :
1419 4588 1465 4642 Ε
1480 4606 1536 4644 re
1557 4600 1733 4646 autem

184 4665 388 4737 dixeris,
418 4677 684 4744 etpeditos
717 4677 835 4734 illos
853 4679 1069 4744 milites,
1095 4681 1185 4750 qui
1205 4683 1550 4738 monasticam
1572 4685 1732 4738 vitam

187 4769 397 4834 amplexi
417 4782 563 4834 sunt,
595 4790 692 4842 pro
711 4775 1011 4842 passeribus
1038 4775 1311 4832 habendos
1345 4793 1490 4842 esse;
1528 4795 1616 4834 eos
1642 4797 1733 4834 au-

188 4863 276 4909 tem
304 4862 387 4927 qui
416 4863 590 4917 liberis
612 4864 744 4918 dant
776 4881 1010 4934 operam,
1033 4884 1097 4922 ac
1113 4867 1329 4938 reliquis
1359 4870 1483 4924 vita
1507 4871 1729 4941 negotiis

186 4956 228 4998 et
256 4952 386 5006 curis
432 4972 487 5008 se
528 4955 746 5020 dedunt,
775 4959 1000 5013 turturis
1041 4961 1202 5016 uicem
1232 4976 1406 5031 agere.
1445 4962 1565 5027 Quo
1592 4969 1731 5016 tem-

189 5052 305 5105 pore
349 5044 510 5114 igitur
550 5046 823 5103 Eusebius
873 5051 989 5106 haec
1035 5051 1302 5107 scriberet
1359 5054 1615 5122 perpauci
1671 5055 1727 5110 in

188 5131 304 5186 orbe
329 5136 576 5192 monachi
601 5149 780 5203 erant,
808 5155 873 5196 ac
902 5142 1123 5196 nonnisi
1161 5142 1212 5196 in
1259 5142 1498 5215 Egypto
1533 5160 1728 5199 mona-

188 5219 363 5278 sticum
393 5243 564 5298 genus
601 5228 1069 5300 frequentabatur,
1101 5237 1422 5292 auctoribus
1459 5237 1721 5300 Antonio,

190 5313 290 5379 qui,
320 5331 457 5375 anno
487 5321 616 5387 271,
664 5324 918 5378 monachi
960 5334 1166 5380 statum
1221 5328 1528 5398 amplexus,
1565 5329 1727 5382 innu-

189 5415 349 5464 meros
373 5416 620 5485 exemplo
655 5430 756 5470 suo
805 5417 1026 5486 pellexit
1063 5418 1131 5471 ad
1163 5434 1350 5489 parem
1378 5423 1502 5475 vita
1530 5421 1726 5477 condi-

193 5495 367 5556 liolcm
393 5508 854 5578 amplectendam;
889 5509 1208 5576 Pachomio,
1231 5514 1326 5583 qui
1365 5513 1422 5568 in
1445 5514 1728 5572 Thebaide

191 5597 518 5653 monasticam
557 5615 730 5670 genus
771 5603 970 5656 mirum
1016 5603 1075 5658 in
1121 5603 1342 5658 modum
1391 5604 1636 5668 adauxit,
1669 5613 1726 5661 et

195 5674 376 5741 Almine
399 5679 681 5754 Nitrieusi,
705 5692 1070 5762 complurium
1101 5693 1564 5749 monasteriorum
1596 5694 1724 5749 fn-

195 5764 378 5836 ἀδιοη.
411 5779 468 5838 In
495 5781 786 5841 Palestina
825 5801 978 5850 vero,
1029 5785 1122 5841 ubi
1151 5785 1313 5847 sedes
1347 5785 1580 5843 habebat
1609 5785 1722 5842 Ett-

1835 4578 1961 4632 buat
1990 4580 2272 4634 civitatem.
2311 4599 2330 4632 ι
2364 4579 2538 4652 (Psal.
2569 4596 2724 4648 LVIII,
2801 4583 2891 4654 7.)
2930 4583 3170 4656 ldipsum
3208 4589 3408 4658 repetit

1831 4667 1886 4722 in
1903 4669 2040 4739 psal.
2059 4685 2204 4732 thx,
2239 4668 2331 4734 26,
2357 4670 2658 4742 adjicitquc
2702 4672 2910 4728 nullum
2939 4672 3404 4748 Jerosolymislu-

1829 4761 2068 4816 deorum
2085 4763 2418 4819 domicilium
2436 4779 2741 4836 superesse,
2759 4767 2813 4820 in
2831 4781 2938 4836 quo
2963 4766 3133 4823 (ἱηεί
3164 4768 3406 4826 habitare

1829 4848 2060 4916 possint,
2089 4864 2278 4904 verum
2300 4849 2483 4906 excisa
2508 4853 2690 4905 omnia
2712 4867 2777 4908 ac
2811 4853 3055 4911 funditus
3071 4857 3248 4912 deleta
3281 4859 3404 4914 uni-

1829 4955 2094 5011 versaque
2119 4956 2346 5012 prorsus
2375 4942 2509 5012 ipsis
2533 4944 2744 4998 sublata
2787 4943 2959 5002 fuisse
2983 4965 2999 5015 ;
3025 4947 3098 5002 ita
3127 4956 3186 5003 ut
3219 4964 3404 5006 sacer-

1827 5029 2039 5097 dotum,
2068 5030 2492 5089 Sadducteorum
2537 5044 2593 5090 et
2646 5033 3048 5094 Pharisaeorum
3092 5054 3162 5096 ne
3205 5056 3404 5100 nomen

1825 5123 2044 5195 quidem
2069 5134 2400 5212 superesset.

2103 5215 2184 5266 IX.
2205 5217 2517 5268 Traditiones
2554 5219 2778 5282 quadam
2811 5220 3114 5272 Judaornm.

1895 5320 2244 5376 Hebraeorum
2290 5321 2636 5378 traditionem
2667 5323 2744 5377 ait
2770 5338 2927 5390 esse,
2971 5338 3122 5380 mare
3152 5323 3400 5382 Rubrum

1825 5415 1882 5470 in
1907 5415 2184 5471 duodecim
2225 5417 2483 5473 sationes
2511 5417 2742 5472 divisum
2782 5417 2951 5486 fuisse
2983 5418 3268 5474 secundum
3298 5435 3403 5475 nu-

1827 5529 2028 5567 merum
2047 5511 2324 5568 duodecim
2351 5511 2617 5578 tribuum,
2649 5511 2728 5566 ita
2757 5521 2818 5566 ut
2852 5511 3083 5583 singula
3137 5512 3316 5568 tribus
3341 5513 3399 5570 in

1825 5598 2106 5670 assignato
2143 5599 2252 5656 sibi
2293 5606 2478 5656 meatu
2523 5599 2952 5671 pertransirent;
2997 5617 3121 5672 quae
3155 5602 3404 5660 narratio

1825 5707 1937 5748 non
1957 5693 2172 5747 Videtur
2198 5707 2326 5747 cum
2353 5691 2540 5748 divina
2564 5692 2850 5764 Scriptura
2867 5709 3196 5760 consonare,
3231 5704 3402 5768 atque

1828 5786 1951 5843 ideo
1990 5786 2132 5844 ilcr
2165 5785 2498 5846 Rabbinicas
2547 5786 2763 5847 tabulas
2816 5789 2956 5848 forte
3008 5792 3396 5865 computanda.
