3994 6448
558 290 629 347 2:9
1240 288 1511 346 EL'SEBtl
1549 287 2030 345 ciessnmxsm
2065 286 2218 344 opp.
2252 279 2433 341 rans
2466 258 2560 334 Ill.
2602 316 2672 328 -
2701 286 3113 345 εχεαετιω.
3725 296 3780 351 αι

561 405 707 462 Inter
733 405 1081 461 Hebrzenrum
1130 406 1456 462 traditiones
1489 407 1696 478 pariter.
1742 405 2131 462 recensendum
2163 410 2394 468 Arum,
2429 412 2668 473 quorum
2706 403 2787 458 vis
2819 411 2873 457 et
2921 404 3190 459 sententia
3228 405 3471 459 nondum
3505 405 3782 476 observata,

558 507 644 554 cst
670 500 812 569 quod
845 499 1006 554 habet
1030 497 1320 563 Eusebius,
1347 499 1568 553 Azotios
1591 497 1714 552 ideo
1739 497 1792 551 in
1816 497 2138 568 posteriori-

560 590 664 645 bus
693 599 746 643 et
796 590 1085 662 podicibus
1116 605 1409 661 percussos
1438 605 1582 654 esse,
1615 587 1776 660 quod
1815 589 1882 643 iis
1916 588 1969 642 in
2013 602 2139 658 par-

558 683 713 738 tibus
734 692 1075 754 peccassent,
1113 690 1163 739 et
1198 685 1572 757 ἁρῤενοκοίται
1625 689 1833 744 essent.
1865 681 1970 736 nisi
2027 680 2139 735 for-

557 783 704 830 tasse
733 791 796 831 ea
832 775 1049 832 Eusebii
1080 776 1274 846 ipsius,
1299 790 1398 829 nec
1447 773 1518 829 ab
1571 774 1692 830 aliis
1723 770 2137 844 acceptaluerit

554 869 762 938 opinio.

555 981 615 1031 Χ.
641 981 1023 1032 Christianorum
1050 982 1326 1092 freqnerltéia
1351 981 1401 1028 in
1423 979 1706 1040 Moabitide,
1731 978 2060 1028 Ammonitide
2085 984 2138 1028 et

1289 1055 1460 1091 nmzea.

1289 1055 1460 1091 umtea.

628 1146 682 1202 fn
725 1147 838 1203 haec
885 1148 1048 1202 verba
1114 1147 1252 1217 psal.
1303 1161 1436 1212 cvtr,
1489 1145 1578 1205 1'0,
1629 1143 1788 1198 Moab
1842 1142 1976 1198 lebes
2025 1145 2147 1213 spei.

554 1259 704 1305 meae,
736 1244 788 1295 in
827 1240 1119 1294 Idumwam
1171 1238 1451 1293 extendam
1503 1237 1912 1292 calceamentum
1941 1253 2131 1302 meum,

550 1333 664 1388 duo
710 1334 868 1389 nobis
898 1332 1071 1403 aperit
1101 1329 1393 1392 Eusebius,
1427 1328 1682 1383 nimirum
1710 1329 2052 1384 Ammonitas
2079 1336 2136 1383 et

555 1423 822 1480 Moabitas
879 1425 1024 1479 inter
1080 1423 1290 1476 Arabas
1340 1436 1456 1476 :evo
1485 1436 1586 1476 suo
1621 1421 1778 1476 sedes
1835 1420 2129 1488 habuisse;

549 1519 790 1589 itemque
841 1533 1008 1589 penes
1058 1517 1424 1582 Ammonius,
1468 1516 1733 1570 Moabi‘tas
1764 1526 1818 1570 et
1867 1513 2132 1570 Idumzuos

551 1611 819 1666 infinitam
884 1627 1006 1666 esse
1058 1611 1494 1664 Christianorum
1553 1608 1977 1672 multitudinem,
2019 1608 2132 1664 haec

550 1705 671 1774 ejus
712 1705 875 1758 verba
906 1711 1034 1758 sunt
1070 1723 1083 1758 :
1117 1701 1184 1756 Et
1217 1703 1328 1756 ha'c
1360 1718 1510 1771 opere
1543 1702 1802 1770 completa
1845 1701 1964 1754 licet
2004 1700 2130 1768 ipsis

551 1795 714 1848 oculis
748 1795 1008 1863 percipere
1034 1796 1121 1856 iis,
1179 1795 1270 1864 qui
1305 1794 1358 1846 in
1387 1793 1624 1847 Arabum
1668 1795 1873 1864 regione
1901 1792 2131 1862 peregri-

552 1893 766 1946 nantur,
826 1900 942 1937 cum
983 1883 1190 1938 videant
1249 1881 1517 1937 Moabitae
1548 1893 1596 1937 et
1641 1883 1996 1942 Ammonitas,
2045 1881 2133 1950 qui

548 1991 700 2042 penes
732 1975 852 2030 illos
887 1992 1076 2046 magno
1113 1991 1329 2028 numero
1383 1985 1527 2035 sunt.
1585 1973 1850 2028 Ecclesias
1907 1971 2004 2026 Dei
2039 1973 2135 2025 im-

548 2069 706 2134 plere.
744 2067 1120 2136 Similiterque.
1159 2085 1176 2117 ι
1218 2067 1271 2120 in
1308 2065 1627 2128 Iduma’am,
1663 2065 1859 2135 inquit,
1892 2080 2132 2118 conscen-

548 2159 672 2213 dam
722 2160 1072 2214 calceamento
1132 2175 1276 2221 meo,
1344 2178 1361 2210 ι
1401 2157 1690 2212 secundum
1730 2156 2128 2227 Symmachum.

550 2253 721 2320 Quam
767 2254 889 2306 item
927 2250 1318 2321 pra-dictionem
1339 2249 1392 2303 in
1413 2258 1656 2319 promptu
1690 2258 1765 2302 est
1814 2247 2129 2316 completam

547 2343 717 2398 uidere
767 2345 833 2397 iis
859 2344 946 2411 qui
981 2346 1032 2396 in
1059 2341 1353 2396 Iduma’am
1404 2340 1710 2402 concedunt.
1748 2348 1797 2394 et
1831 2338 2131 2392 multitudi-

547 2452 661 2490 nem
701 2431 1058 2487 Ecclesiarum
1100 2433 1197 2486 Dei
1236 2433 1309 2486 ibi
1347 2432 1712 2502 conspiciunt.
1747 2441 1803 2484 ut
1858 2440 2128 2485 cunctetur

547 2539 695 2576 nemo
719 2522 978 2590 conﬁteri,
1013 2539 1125 2576 rere
1160 2524 1214 2576 in
1264 2524 1380 2576 loca
1405 2521 1502 2575 illa
1558 2537 1894 2576 conscensum
1925 2521 2126 2589 factum

541 2632 672 2670 εισι.

546 2725 609 2776 ΧΙ
654 2723 899 2776 Eusebius
918 2726 990 2775 ait
1011 2724 1246 2798 mundum
1267 2724 1503 2798 sphaerica
1528 2723 1675 2773 forma
1700 2737 1830 2773 esse.
1860 2723 2052 2774 Montes
2072 2728 2126 2774 et

1011 2794 1176 2849 petras
1201 2794 1383 2835 sensim
1411 2799 1642 2834 crescere
1650 2819 1663 2833 .

614 2889 879 2946 Eusebius
929 2890 1048 2960 qui,
1079 2889 1158 2944 uti
1191 2889 1430 2945 diximus
1452 2931 1466 2958 ,
1513 2889 1974 2960 descriptionibus
2009 2889 2121 2960 ple-

540 2996 768 3053 rumque
800 2983 1017 3054 gaudet,
1037 2983 1104 3037 ad
1129 2983 1405 3054 physicam
1437 2980 1668 3036 subinde
1697 2981 2122 3052 speculationem

2242 494 2631 564 interpretibus
2663 495 2883 550 errandi
2916 497 3137 551 occasio
3175 511 3298 552 esse
3327 496 3564 563 possint.
3605 496 3780 567 Hujus.

2239 589 2382 644 modi
2408 595 2588 643 autem
2611 603 2782 658 pauca
2806 589 2888 643 his
2905 588 3400 642 incommentariis
3416 595 3649 648 exstant.
3671 606 3785 660 quo.

2240 696 2359 735 rum
2392 680 2662 751 praecipua
2695 679 2785 732 hic
2828 678 3154 750 consignare
3187 685 3242 733 et
3271 678 3564 748 explanare
3595 679 3782 740 visum:

2239 786 2362 828 nam
2387 772 2681 827 minutiora
2710 769 2776 825 ad
2800 770 3035 826 indicem
3068 785 3252 825 rerum
3282 769 3620 837 allegamus..

2633 883 2672 934 Ι.
2698 884 2844 936 Vocis
2877 899 2957 945 βίος
2983 896 3102 932 usus
3125 880 3410 943 singularis.

2309 988 2614 1060 Singularis
2636 999 2720 1044 est
2742 987 2885 1058 apud
2913 986 3206 1041 Eusebium
3229 985 3380 1040 vocis
3405 984 3519 1055 βίος
3549 984 3786 1054 signiﬁca-

2234 1081 2311 1135 tio
2337 1099 2349 1133 :
2386 1079 2588 1150 passim
2616 1079 2816 1149 quippe
2835 1093 2935 1148 pro
2959 1092 3158 1148 genere
3193 1077 3475 1130 hominum
3502 1076 3783 1144 accipitur:

2236 1171 2316 1226 sic
2339 1171 2476 1241 psal.
2500 1187 2554 1235 v,
2574 1170 2608 1224 2
2629 1189 2643 1224 :
2667 1171 2917 1234 Τοιοῦτος
2949 1169 3047 1240 μὲν
3067 1163 3159 1222 οὖν
3180 1168 3476 1238 ἐτύγχανεν
3500 1168 3607 1230 πᾶς
3637 1167 3664 1218 ὁ
3699 1170 3786 1240 πρὸ

2233 1263 2332 1334 τῆς
2355 1262 2448 1315 τοῦ
2471 1263 2716 1334 Σωτῆρος
2739 1261 2893 1334 ἡμῶν
2914 1259 3212 1333 παρουσίας
3234 1258 3365 1330 βίος,
3396 1257 3451 1312 id
3480 1270 3589 1325 est,
3619 1257 3788 1328 Hujus.

2234 1354 2378 1410 modi
2391 1355 2623 1426 profecto
2653 1365 2766 1410 erat
2781 1364 2903 1410 ante
2921 1353 3218 1410 Saluatoris
3242 1352 3524 1407 adventum
3541 1361 3696 1405 totum
3716 1352 3787 1403 hn-

2233 1447 2434 1502 minum
2461 1464 2621 1518 genus
2647 1464 2666 1502 :
2693 1455 2748 1502 et
2763 1447 2900 1519 psal.
2922 1443 3089 1513 uvit,
3112 1463 3254 1503 vers.
3275 1447 3309 1502 5
3337 1447 3487 1500 :"Iva.
3517 1443 3624 1516 γὰρ
3643 1445 3783 1516 ἐπιϐῇ

2235 1545 2264 1597 ὁ
2285 1542 2417 1607 Θεὸς
2441 1542 2516 1613 τῷ
2544 1543 2652 1597 τῶν
2676 1541 2974 1615 ἀνθρώπων
3004 1541 3122 1612 βίῳ,
3151 1543 3252 1596 hoc
3278 1551 3380 1608 est,
3416 1541 3556 1594 Nam
3589 1553 3640 1594 ut
3665 1542 3783 1598 Dens

2239 1636 2308 1688 ad
2339 1635 2608 1688 hominum
2636 1651 2796 1704 genus
2829 1634 3111 1699 accederet,
3144 1643 3195 1686 et
3223 1633 3423 1702 passim
3453 1634 3590 1688 alios
3617 1651 3630 1686 :
3657 1636 3786 1689 item.

2236 1739 2343 1794 que
2377 1717 2428 1777 in
2457 1724 2564 1779 line
2591 1740 2643 1778 vt
2678 1725 2797 1778 libri
2831 1723 3239 1791 Prcparationis
3265 1725 3598 1794 evangelicw,
3619 1727 3647 1778 ὸ
3668 1727 3784 1796 stipa-

2237 1833 2361 1880 rrac'
2379 1814 2488 1868 τῶν
2517 1815 2816 1886 ἀνθρώπων
2849 1815 2980 1885 βίος,
3005 1816 3299 1870 universum
3329 1817 3600 1870 hominum
3624 1833 3782 1886 genus.

2240 1906 2503 1963 Similiter
2553 1908 2917 1973 Athanasius,
2963 1919 3005 1964 t.
3038 1907 3091 1975 l,
3145 1925 3270 1981 pag.
3308 1910 3470 1973 i255,
3507 1910 3782 1974 καταλαζο-

2236 1999 2516 2070 νευόμενοι
2553 2000 2658 2054 τοῦ·
2691 2000 2798 2053 τῶν
2842 1999 3142 2072 ἀνθρώπων
3171 2001 3307 2071 βίου,
3348 2001 3784 2071 superbeagentes

2237 2090 2514 2143 adversum
2545 2107 2704 2161 genus
2747 2091 3058 2146 humanum.
3097 2091 3216 2159 Quo
3253 2094 3416 2147 etiam
3459 2108 3564 2146 usu
3602 2095 3650 2145 in
3682 2093 3786 2146 aliis

2233 2180 2362 2236 item
2396 2182 2757 2252 scriptoribus
2794 2184 3052 2249 occurrit,
3098 2195 3148 2240 ct
3185 2185 3238 2239 in
3287 2184 3562 2240 lleliodori
3591 2183 3785 2238 ᾹΞιΙιὶοο

2237 2275 2375 2346 picis
2400 2291 2506 2329 non
2537 2277 2703 2331 semel
2733 2277 3073 2332 observatur.

2716 2380 2778 2430 Il.
2812 2379 3038 2441 itemque
3064 2394 3128 2429 un
3152 2387 3294 2429 δοιιῑυ.

2296 2457 2414 2514 Alia
2447 2475 2548 2515 vox
2569 2468 2674 2524 est,
2696 2460 2749 2514 in
2770 2475 2876 2530 qua
2907 2460 3033 2514 item
3065 2458 3257 2513 Latine
3284 2455 3660 2512 transferenda
3689 2470 3782 2508 non

2226 2553 2383 2621 pauci
2416 2552 2739 2624 interpretes
2789 2552 3068 2612 lalmntur,
3113 2549 3559 2611 scilicet'6oxaiv,
3613 2547 3780 2608 videri,

2223 2639 2401 2705 δοκεῖ,
2455 2643 2657 2698 videtur
2685 2659 2703 2696 :
2747 2641 2893 2710 quod
2941 2641 3164 2696 verbum
3203 2639 3374 2710 vulgo
3398 2646 3691 2708 usurpatur
3724 2636 3778 2687 ad

2224 2731 2573 2786 minuendam
2590 2731 3002 2786 allirmationem
3024 2748 3038 2797 ;
3058 2730 3132 2784 ita
3161 2729 3317 2794 ut‘si,
3348 2727 3501 2783 verbi
3525 2740 3704 2787 causa,
3726 2723 3782 2779 de

2223 2823 2478 2892 quopiam
2499 2821 2732 2886 dicatur,
2756 2823 2905 2877 δοκεῖ
2935 2818 3289 2891 εἶναινσοφόζ,
3329 2819 3538 2875 videtur
3576 2833 3684 2872 esse
3703 2831 3781 2870 sa-

2221 2917 2391 2986 piens,
2423 2915 2477 2970 id
2502 2923 2562 2968 ut
2596 2921 2974 2971 asseveranter
3001 2913 3208 2969 dictum
3247 2927 3355 2967 non
3389 2913 3672 2978 habeatur,
3700 2909 3801 2967 sed}

2223 3008 2618 3064 dubitationem
2661 3007 2952 3079 quamdam
2993 3008 3265 3078 praeferat.
3307 3007 3513 3062 Verum
3551 3005 3782 3076 frequen.

540 3074 789 3172 Yermur'
827 3074 915 3128 Im
941 3091 1070 3130 vero
1101 3091 1209 3129 non
1257 3089 1366 3172 ιξηῗ)
1396 3073 1517 3172 ¹⁰⁴ῗῩ
1565 3073 1828 3172 mm?de
1854 3073 2121 3172 simiam“
2148 3103 2190 3160 (Ξ
2223 3101 2435 3157 tissime
2466 3099 2608 3172 apud
2638 3073 2936 3170 scriptores
2958 3073 3116 3154 bene
3135 3100 3340 3154 multos
3367 3098 3520 3152 δοκεῖ
3540 3073 3672 3153 nihil
3695 3095 3783 3151 mi.

540 3166 715 3222 forma
769 3182 892 3222 esse
950 3187 963 3222 :
1032 3182 1153 3238 quae
1202 3168 1388 3238 opinio
1433 3167 1563 3223 olim
1609 3167 1918 3238 agitabatur
1974 3168 2122 3224 inter

541 3260 876 3329 scriptores;
924 3259 1047 3314 aliis
1094 3260 1333 3329 planam,
1369 3259 1648 3314 montibus
1691 3267 1870 3314 tamen
1920 3259 2130 3315 distin-

539 3356 888 3410 etam,terrte
917 3349 1258 3419 superﬁciem
1316 3349 1761 3420 przedicantibus,
1805 3366 1836 3404 e
1889 3366 2131 3420 quorum.

541 3454 770 3494 numero
813 3439 1152 3510 Augustinus
1202 3448 1255 3496 et
1303 3439 1533 3496 Cosmas
1582 3439 1873 3512 Egyptius
1931 3457 2129 3496 mona—

540 3530 698 3594 chus,
754 3531 846 3601 qui
896 3532 1092 3586 librum
1148 3549 1210 3587 ea
1268 3531 1336 3588 de
1385 3547 1444 3586 re
1495 3532 1664 3586 edidit
1701 3531 2119 3603 Topographiam

539 3619 906 3676 Christianam
939 3622 1292 3693 inscriptum,
1334 3623 1427 3677 ubi
1473 3622 1740 3693 sphaeram
1800 3625 1974 3680 sacris
2008 3623 2122 3677 Lit—

537 3713 672 3769 teris
723 3720 906 3782 aperte
935 3729 1239 3784 repugnare
1265 3714 1547 3770 contendit
1582 3715 1706 3782 ille;
1735 3716 1858 3770 aliis
1907 3732 2114 3781 veram,

539 3813 593 3858 et
619 3805 988 3876 experimento
1030 3807 1256 3861 domum
1279 3818 1545 3863 assertam
1576 3847 1591 3872 ,
1621 3808 1931 3878 opinionem
1961 3819 2119 3865 tuens

538 3897 706 3962 tibus,
765 3899 942 3968 qualis
991 3898 1278 3962 Eusebius,
1330 3899 1421 3970 qui
1472 3902 1734 3956 mundum
1791 3901 2129 3972 sphaericum'

536 4005 659 4045 esse
713 4006 821 4045 non
875 3992 1040 4046 semel
1071 3991 1352 4046 indicavit.
1389 3991 1518 4046 Eam
1551 4001 1732 4048 tamen
1764 3979 2111 4058 sententiam,

539 4097 645 4136 non
674 4090 732 4137 ut
763 4099 918 4138 suam
953 4083 1062 4149 ille,
1095 4082 1191 4138 sed
1223 4090 1282 4137 ut
1313 4083 1546 4138 alienam
1582 4083 1755 4140 all'crt.
1804 4083 2114 4142 Verisimile

538 4173 664 4228 item
699 4173 996 4228 arbitratur
1023 4184 1236 4230 montes
1295 4183 1349 4232 et
1382 4183 1562 4247 petras
1597 4176 1800 4232 sensim
1843 4193 2112 4240 crescere,

535 4273 700 4336 atque
730 4266 962 4322 occultis
991 4267 1310 4340 intimisque
1343 4268 1694 4324 incrementis
1725 4268 1959 4336 majores
1988 4285 2114 4324 eva-

533 4359 697 4426 dere;
725 4374 844 4430 qua
873 4360 1256 4430 quorumdam,
1285 4361 1460 4431 inquit
1484 4360 1593 4420 ille.
1612 4361 1694 4416 sui
1718 4358 1815 4416 aevi
1843 4361 2114 4432 physiolo-

535 4467 724 4522 gorum
751 4461 869 4507 erat
889 4453 1104 4522 opinio;
1123 4463 1182 4506 ut
1206 4453 1317 4523 jam
1335 4469 1365 4508 e
1388 4447 1591 4509 nostris
1608 4454 1847 4523 suntqui
1874 4455 2109 4524 idipsum
2145 4445 2188 4499 ι)

534 4549 896 4612 propugnent,
925 4545 1421 4616 experimentisque
1452 4544 1759 4600 manifestis
1801 4560 1913 4600 rem
1960 4562 2108 4601 com-

535 4633 752 4706 probari
779 4634 1069 4692 alllrment.

1154 4747 1384 4804 CAPUT
1423 4746 1492 4805 X.

534 4875 600 4916 DE
654 4876 944 4917 ιυιοτιειιιε
991 4878 1197 4918 ευεεηιι
1240 4879 1292 4918 IN
1326 4879 1412 4919 HIS
1447 4879 1885 4928 COIIEN'I'ARIIS,
1939 4881 2006 4921 ΕΤ
2041 4883 2106 4922 DE

703 4947 978 4988 διΝσυιΑηι
1011 4949 1337 4996 QUABUIDAI
1373 4949 1549 4992 \‘OCUI
1581 4952 1936 4992 ειςΝιΡιοΑτυ.

533 5039 575 5100 1.
620 5043 771 5120 vocis
791 5043 1087 5120 2BchAusus
1129 5048 1434 5120 singularis.
1481 5047 1566 5120 IVI.
1601 5049 1834 5120 Itemque
1872 5047 1976 5104 τοῦ
2011 5049 2108 5120 δο-

602 5115 748 5190 κεῖν.
785 5113 1366 5190 ΙΙζί-Ἕξντυγχάνειν
1396 5119 1521 5186 quid
1543 5113 1807 5190 signiﬁcat
1829 5119 1970 5190 apud
2009 5119 2110 5172 Eu-

603 5185 822 5240 sebium.
850 5184 954 5240 IV.
979 5184 1339 5253 Περίὰτασις
1355 5184 1449 5254 pro
1465 5184 1790 5244 calamitate.
1829 5184 1886 5244 ν.
1937 5192 2108 5243 Ὑπα-

603 5257 807 5310 κούειν
833 5257 1162 5326 respondere.
1209 5256 1304 5314 VI.
1341 5259 1637 5328 Σωτήριος
1656 5261 1802 5330 quid,
1829 5271 1928 5315 etc.

603 5368 719 5425 Etsi
748 5385 778 5424 a
803 5370 987 5426 multis
1024 5371 1318 5443 Graeceque
1348 5373 1695 5442 peritissimis
1718 5374 1871 5437 viris.
1911 5375 1964 5430 in
1993 5377 2106 5430 col-

531 5461 746 5532 ligenda
793 5461 1100 5517 Graecarum
1157 5464 1397 5518 omnium
1461 5479 1659 5522 vocum
1713 5466 2106 5536 signiﬁcatione

529 5559 682 5606 tanta
712 5560 784 5608 sit
819 5553 1087 5608 industria
1118 5552 1466 5618 desudatum,
1496 5563 1554 5610 ut
1586 5572 1856 5627 perpauca
1895 5558 2005 5627 jam
2036 5559 2102 5614 ad

530 5645 826 5711 perfectam
861 5643 1169 5699 Graecorum
1207 5645 1537 5714 scriptorum
1571 5646 1978 5716 intelligentiam
2008 5646 2104 5703 de-

532 5731 832 5792 siderentur
859 5754 873 5804 ;
911 5735 1141 5793 subinde
1162 5743 1342 5794 tamen
1371 5737 1592 5792 nomina
1616 5737 1887 5808 verbaque
1907 5753 2101 5794 occuro

2224 3194 2349 3249 nuit
2377 3192 2813 3257 aﬂlrmationem,
2855 3199 2914 3247 ut
2953 3193 3189 3262 exempli
3225 3194 3406 3262 gratia
3440 3193 3497 3247 in
3537 3191 3622 3247 bis
3651 3205 3784 3244 com-

2223 3285 2506 3340 mentariis
2542 3285 2608 3338 ad
2627 3285 2894 3355 psalmum
2922 3299 3113 3348 cxvm,
3144 3299 3289 3340 vers.
3321 3283 3452 3350 156,1
3477 3284 3547 3339 de
3581 3282 3685 3337 Deo
3706 3279 3781 3335 di-

2222 3382 2366 3435 citur
2403 3380 2740 3442 δικαιότατος
2773 3374 3117 3443 εἷναι-δοκεῖ,
3153 3379 3243 3434 ubi
3303 3379 3624 3434 vertendum
3681 3377 3782 3432 sine

2221 3473 2408 3540 dubio,
2446 3473 2776 3542 justissimus
2819 3485 2920 3527 cst.
2977 3471 3266 3527 Innumero
3299 3473 3530 3543 proferri
3581 3477 3782 3543 possent

2221 3579 2344 3618 cum
2371 3579 2437 3618 ex
2463 3563 2719 3622 Eusebio.
2760 3572 2872 3617 tum
2899 3578 2964 3618 ex
2993 3563 3113 3619 aliis
3142 3563 3506 3634 scriptoribus
3533 3559 3778 3630 exempla.

2222 3653 2313 3710 Sic
2342 3656 2482 3726 apud
2513 3655 2895 3718 Athanasium,
2959 3656 3045 3709 ἵνα
3081 3655 3256 3710 τοίνυν
3285 3657 3376 3710 καὶ
3402 3647 3479 3709 ὧν
3516 3653 3782 3723 ἐπιθυμεῖς

2218 3748 2574 3820 τετυχηκέναι
2613 3748 2846 3819 δοκοίηςς
2891 3757 2950 3800 ut
2994 3748 3154 3818 igitur
3198 3757 3380 3819 optata
3435 3743 3778 3817 consequaris.

2221 3837 2327 3896 Sed
2351 3841 2462 3906 jam
2501 3841 2602 3896 hac
2631 3841 2698 3896 de
2730 3857 2789 3896 re
2819 3848 3110 3895 tractatum
3135 3857 3165 3895 a
3189 3842 3348 3896 nobis
3385 3849 3514 3896 est.

2377 4008 2383 4015 ι
2403 3952 2485 4002 lll.
2510 3956 2744 4017 ιιιντνηάνιιν
2761 3954 2879 4014 quid
2895 3954 3147 4016 signiﬁcet
3166 3954 3295 4016 apud
3319 3953 3607 4004 Eusebium.

2287 4057 2346 4112 In
2373 4057 2725 4113 Onomastico
2753 4059 2818 4112 ad
2845 4059 3126 4114 Athanasii
3153 4059 3328 4129 Opera
3364 4063 3674 4114 monuimus
3695 4072 3796 4111 τοι

2216 4168 2332 4206 cem
2365 4151 2708 4222 ἐντυγχάνειν
2745 4152 3061 4221 plerumque
3092 4151 3421 4221 significare,
3457 4152 3697 4223 conqueri
3723 4148 3778 4202 de

2216 4243 2430 4314 aliqua,
2478 4259 2760 4304 accusare,
2817 4243 3116 4310 petitionem
3185 4243 3435 4297 adversus
3495 4241 3774 4314 quempiam

2213 4335 2438 4404 principi
2484 4333 2560 4388 vel
2599 4333 2946 4403 magistratui.
2977 4334 3204 4402 oﬁerre:
3245 4342 3300 4388 et
3335 4351 3520 4390 vocem
3548 4333 3772 4403 ἐντυχία,

2211 4427 2512 4496 petitionem
2543 4425 2808 4480 adversus
2833 4425 3093 4495 aliquem,
3124 4425 3238 4481 sive
3269 4427 3656 4482 accusationem
3687 4439 3775 4479 cx-

2210 4519 2464 4589 primere.
2525 4517 2727 4573 Eodem
2763 4533 2864 4571 usu
2919 4518 3370 4588 κατεντυγχάνειν
3411 4519 3464 4572 ἰη
3509 4519 3594 4574 his
3640 4531 3777 4570 com-

2207 4611 2491 4666 meutariis
2510 4609 2770 4672 occurrit,
2797 4626 2877 4680 ps.
2907 4625 3038 4674 XLII,
3053 4610 3086 4664 ἓ
3107 4630 3119 4664 :
3143 4610 3387 4683 Ἦρμοζε
3407 4610 3464 4663 δὲ
3486 4611 3553 4664 τὰ
3573 4606 3776 4682 προκείο

2210 4715 2345 4769 μενα
2371 4699 2464 4751 καὶ
2507 4697 2582 4768 τῷ
2622 4699 2874 4772 προφήτῃ
2920 4699 3095 4771 Ἠλίᾳ,
3130 4700 3188 4764 ὃς
3235 4700 3386 4770 ἔλεγε
3427 4699 3771 4770 γατεντυγχά-

2206 4806 2313 4842 νων
2365 4788 2455 4842 τοῦ
2498 4788 2661 4843 λαοῦ·
2711 4792 2922 4858 Κύριε,
2973 4791 3116 4857 τοὺς
3158 4790 3470 4860 προφήτας
3515 4810 3630 4847 σου
3675 4791 3771 4844 ἀπο

2205 4881 2496 4944 ἐκτειναν,
2540 4882 2636 4935 καὶ
2671 4881 2742 4935 τὰ
2773 4881 3169 4951 θυσιαστήριὰ
3213 4899 3328 4938 σου
3376 4883 3769 4952 κατέσκαψαν.

2207 4972 2259 5026 id
2295 4981 2378 5026 est
2419 4988 2431 5024 :
2475 4971 2602 5027 Hice
2622 4989 2779 5042 porro
2815 4973 2984 5028 Helia;-
3011 4975 3662 5047 prophetwcongruebam,
3691 4975 3770 5042 qui

2208 5063 2431 5117 Domino
2475 5074 2658 5118 contra
2697 5064 2946 5134 populum
2989 5065 3293 5134 supplicans
3333 5067 3408 5120 ita
3453 5067 3767 5137 loquebatur,

2213 5173 2232 5206 ι
2275 5154 2514 5218 Domine,
2565 5157 2842 5226 prophetas
2884 5167 2998 5211 tuos
3029 5157 3350 5222 occiderunt,
3377 5169 3424 5213 et
3452 5159 3644 5213 altaria
3686 5167 3768 5208 tua

2221 5251 2606 5314 subrerterunt,
2633 5258 2742 5305 etc.
2805 5269 2822 5302 ι

2631 5361 2710 5411 lV.
2743 5376 2964 5425 Πιρίσισσις
2991 5375 3080 5425 pro
3103 5363 3400 5415 calamitate.

2276 5465 2602 5536 Περίστασις
2677 5467 2819 5523 idem
2869 5468 2974 5524 sibi
3011 5469 3126 5523 vult
3168 5472 3312 5541 quod
3356 5469 3764 5529 circumstantia.

2205 5556 2345 5625 apud
2373 5556 2795 5623 Quintilianum,
2833 5558 3093 5616 Senecam
3133 5573 3187 5618 et
3213 5562 3278 5618 A.
3298 5562 3550 5623 Gellium.
3579 5563 3763 5618 Veru-n

2203 5648 2496 5718 aliquando
2537 5649 2808 5720 significat
2851 5667 3174 5720 aerumnam,
3219 5656 3514 5712 infaustum
3563 5669 3760 5709 casum.

2203 5740 2589 5798 calamitatem.
2617 5741 2738 5808 Quo
2763 5757 2928 5799 sensu
2954 5759 3169 5817 semper
3188 5746 3240 5800 in
3265 5746 3350 5801 his
3374 5743 3777 5802 commentariis
