3994 6448
213 322 280 374 6|
1075 318 1582 375 COMMENTARIA
1623 319 1686 374 IN
1727 320 1802 376 PS

1905 320 2064 376 MOS.
2097 353 2166 363 —
2200 320 2592 378 ΡΒΑΞΗΜΙΝΑ
2607 323 2671 376 ill
2689 324 2711 361 ί
2727 363 2739 377 .
3441 327 3510 382 6%

214 446 577 508 usurpatur.
595 437 683 493 Sic
697 453 778 508 ps.
801 452 876 503 tv,
892 435 950 501 9,
969 437 1035 493 iO
1061 457 1074 492 :
1108 437 1314 492 Μαθὼν
1325 439 1435 511 γὰρ
1451 441 1601 512 παρὰ
1616 441 1708 495 τοῦ
1725 443 1802 495 Eu:

1900 439 2095 500 ltenda
2127 449 2210 494 est
2237 440 2352 495 :sic
2403 442 2436 512 ἠ
2474 444 2736 514 σωτήριος
2759 441 3093 505 διδασκαλία,
3117 441 3373 496 salutaris
3405 442 3506 494 do-

209 533 392 604 τῆρος
430 534 543 586 καὶ
568 532 670 586 τῶν
698 531 805 584 σῶν
832 529 1193 600 ἐπαγγελιῶν,
1211 533 1313 594 ὅτι,
1331 533 1378 585 εί
1396 533 1490 586 καὶ
1517 534 1583 588 τὰ
1603 534 1802 605 μάλιστι

1938 528 2148 593 ctrina;
2189 530 2368 599 aptius
2403 540 2581 585 autem
2631 542 2840 596 vertas,
2875 530 3171 585 Saluatoris
3226 531 3503 596 doctrina;

211 622 365 675 κατὰ
402 621 512 674 τὸν
571 621 834 676 ἐνεστῶτα
879 622 990 693 βίον
1027 621 1196 676 λὺπαι
1237 641 1324 694 μοι
1370 625 1464 676 καὶ
1498 624 1704 694 Θλίψεις
1733 643 1802 698 ,κα

1935 620 2126 674 eodem
2169 622 2330 676 modo
2373 623 2515 694 apud
2545 623 2931 689 Athanasium,
2967 622 3030 675 τὸ
3063 623 3326 694 σωτήριον
3363 639 3504 694 μαρ-

211 717 554 785 πειρασμοὶ
598 716 688 769 καὶ
739 717 1090 787 περιστάσεις
1143 718 1205 770 οὑ
1256 717 1652 782 διαλείπουσιν,
1714 718 1831 772 ἀλλ’

209 806 378 859 ἔσται
412 824 516 877 μοι
544 807 731 880 καιρὸς
757 808 787 860 ὁ
818 808 916 879 τῆς
939 808 1262 879 ἀπαλλαγῆς
1289 808 1385 862 τοῦ
1414 809 1683 881 σώματος,
1709 809 1830 864 καθ’

205 897 269 950 δν
303 900 368 950 ὲν
404 900 618 972 εἰρήνῃ
644 901 940 972 ποιήσομαι
961 899 1057 972 τὴν
1089 901 1346 972 κοίμησιν
1366 919 1388 931 δ
1415 901 1518 956 hoc
1539 909 1621 956 est
1649 921 1662 955 :
1695 901 1834 957 Cum

208 990 358 1044 enim
398 1009 434 1043 α
473 990 782 1056 Saluatore,
820 1008 984 1062 exque
1023 995 1299 1062 promissis
1348 995 1457 1048 tuis
1503 993 1825 1062 edidicerim,

205 1081 440 1136 etiamsi
474 1084 613 1136 mihi
641 1083 871 1150 dolores,
899 1102 1169 1150 utrumme,
1196 1088 1529 1151 tentationes,
1555 1088 1828 1142 calamita-

209 1185 289 1227 tes
341 1174 402 1227 in
441 1177 708 1244 presenti
751 1177 858 1231 vita
905 1194 1008 1232 non
1051 1177 1323 1248 deﬁciant,
1373 1179 1613 1249 futurum
1650 1190 1824 1234 tamen

209 1265 352 1319 mihi
387 1276 611 1336 tempus
653 1277 750 1329 est,
789 1286 893 1338 quo
931 1286 964 1324 a
995 1286 1212 1339 corpore
1251 1269 1590 1326 decedamac
1619 1273 1673 1326 in
1697 1288 1838 1342 pace

208 1357 521 1413 dormiam.
568 1357 682 1415 Etsi
712 1368 893 1415 autem
943 1361 1027 1418 his
1083 1361 1492 1418 commentariis
1531 1379 1632 1418 vox
1664 1365 1822 1436 περί-

210 1466 414 1513 στασις
447 1451 665 1520 passim
698 1460 974 1518 occurrat,
1008 1455 1098 1508 vix
1128 1453 1339 1524 uspiam
1371 1455 1479 1508 alio
1519 1471 1685 1510 sensu
1716 1471 1826 1511 usu

207 1541 386 1606 venit,
420 1556 602 1612 quam
637 1558 736 1613 pro
780 1543 1092 1599 calamitate
1122 1563 1136 1599 :
1177 1544 1489 1614 frequenter
1527 1544 1654 1600 item
1683 1545 1820 1600 dici-

208 1641 303 1687 tur
341 1636 749 1705 περιστατικὸς
793 1636 1012 1708 καιρός,
1059 1653 1155 1707 pro
1200 1646 1428 1704 tempore
1473 1637 1824 1703 calamitosa,

207 1733 263 1778 et
291 1725 582 1782 utrumuis
616 1727 806 1798 pleno.

717 1860 775 1910 ν.
803 1863 1006 1913 Ῠλιιοὺιιν.
1024 1862 1350 1925 respondere.

275 2003 605 2061 Observata
656 2008 782 2064 item
813 2008 1018 2080 dignus
1045 2022 1130 2066 est
1166 2010 1316 2068 vocis
1351 2011 1644 2066 ὑπακούειν
1672 2027 1807 2068 usus

203 2113 310 2169 pro
338 2099 675 2168 respondere
699 2115 718 2153 :
753 2099 912 2167 cujus
965 2099 1079 2170 jam
1128 2103 1374 2172 exempla
1404 2103 1688 2160 attulimus
1716 2111 1756 2158 t.
1776 2103 1805 2158 ι

201 2206 436 2260 operum
466 2189 760 2246 Athanasii
781 2207 834 2263 p.
853 2193 982 2248 554..
1002 2191 1126 2248 Fuit
1143 2201 1321 2249 autem
1335 2209 1439 2249 vos
1461 2195 1650 2252 isthzec
1666 2197 1806 2251 mul-

200 2286 382 2333 torum
423 2288 554 2335 tam
578 2289 842 2348 veterum,
869 2299 1032 2354 quam
1065 2285 1428 2339 recentiorum
1448 2285 1801 2358 interpretum

204 2373 499 2444 scopulus,
533 2376 628 2445 qui
653 2374 837 2430 audire
852 2374 936 2430 vel
951 2376 1235 2431 subaudire
1261 2385 1572 2433 verterunt:
1605 2394 1802 2450 quam-

201 2465 390 2519 obrem
424 2480 542 2520 non
565 2465 666 2521 abs
679 2483 738 2522 re
756 2465 917 2522 fuerit
932 2468 1177 2540 exelnpla
1193 2469 1520 2541 quaedamex
1543 2471 1627 2527 his
1650 2486 1802 2525 com-

207 2557 503 2612 mentariis
527 2557 796 2628 proferre.
812 2558 869 2614 in
884 2561 1202 2631 praefatione
1216 2561 1435 2618 Eusebii
1458 2563 1511 2618 in
1529 2561 1797 2626 Psalmos.

206 2647 395 2718 (infra,
423 2648 543 2706 col.
586 2649 677 2720 81)
716 2670 728 2706 :
761 2651 951 2706 Ἦνίκα
1001 2653 1180 2708 τοίνυν
1215 2654 1444 2726 ἐσκίρτα
1491 2654 1551 2707 τῦ
1574 2652 1798 2725 Πνεῦμα

205 2740 294 2795 ὲπί
325 2758 454 2794 τινα
479 2742 596 2796 τῶν
629 2743 903 2814 ἀρχόντων
930 2745 1038 2798 τῶν
1065 2745 1378 2818 ψαλτῳδῶν,
1397 2748 1446 2800 oi
1475 2745 1648 2800 λοιποὶ
1674 2747 1800 2818 ἠσυ-

201 2833 333 2901 χὲαν-
347 2829 493 2904 ἦγον
511 2834 862 2907 παρεστῶτες
880 2837 974 2891 καὶ
997 2838 1362 2902 ὑπακούοντες
1386 2837 1689 2910 συμφώνως
1716 2838 1795 2909 τῷ

203 2924 480 2994 ψάλλοντι,
519 2927 858 2999 ’Δλληλοὺῖα,
894 2929 948 2984 id
976 2938 1063 2986 est
1084 2950 1096 2986 :
1121 2931 1249 2984 Cum
1269 2932 1447 3002 itaque
1474 2930 1705 2998 Spiritus
1737 2931 1792 2985 in

203 3018 510 3088 quempiam
530 3019 829 3090 principum
851 3031 1128 3077 cantorum
1149 3022 1398 3086 insiliret,
1429 3025 1604 3078 ueteri
1621 3022 1802 3092 quiete.

205 3106 425 3177 agebant
441 3118 710 3173 astantes,
728 3127 792 3164 ac
822 3127 942 3166 voce
965 3128 1193 3167 consona
1215 3112 1414 3182 psallen
1424 3113 1463 3166 ti
1475 3113 1790 3181 responden-
1817 3140 1858 3197 ε

205 3208 297 3264 tos,
315 3200 584 3258 Alleluia.
607 3201 863 3274 Apertius
885 3220 1021 3260 vero.
1043 3204 1194 3262 Psal.
1224 3220 1374 3270 usu,
1405 3220 1530 3260 vers
1558 3205 1624 3260 i9
1644 3224 1657 3260 :
1681 3205 1797 3258 Kuh

204 3292 465 3365 ὲπειδήπε
471 3313 508 3368 ρ
535 3295 708 3350 ταῦτα
722 3295 1026 3368 τὸΠνεῦμα
1040 3297 1101 3351 τὸ
1117 3298 1272 3368 ἅγιον
1289 3297 1640 3371 προφητικῶς
1665 3298 1794 3369 μέλ-

203 3379 358 3437 λοντα
381 3383 611 3440 ἔσεσθαι
647 3389 1039 3460 προανεφώνει,
1071 3389 1231 3462 χορὸς
1261 3389 1504 3459 ἀγγέλων
1529 3389 1790 3443 ὑπακούει

205 3475 601 3547 συνευχόμενος
627 3480 695 3549 τῇ
734 3477 844 3532 τῶν
873 3480 1212 3553 πραγμάτων
1251 3477 1543 3544 τελειώσει,
1579 3478 1794 3533 πιστού-

207 3567 362 3633 μενός
393 3585 455 3620 τε
489 3567 634 3622 αὑτὰ
654 3569 749 3623 καί
773 3569 946 3640 λέγων
965 3589 978 3602 °
1013 3571 1245 3636 Γένοιτο,
1276 3571 1513 3640 γένοιτοτί
1540 3571 1644 3626 hoc
1669 3579 1784 3642 est:

205 3654 270 3709 Et
295 3660 422 3724 quia
453 3659 570 3715 hare
601 3660 836 3730 Spiritus
875 3672 1092 3717 sanctus
1119 3663 1417 3732 prophetiae
1441 3662 1626 3732 futura
1651 3679 1788 3732 pra!-

204 3747 430 3816 ὀίεαι-αι,
458 3753 656 3809 chorus
709 3756 1015 3826 angelorum
1057 3758 1333 3826 respondet
1362 3775 1469 3811 una
1502 3757 1786 3827 deprecans

202 3858 293 3909 pro
315 3847 391 3900 rei
417 3851 897 3915 consummatione,
921 3851 1120 3922 illaque
1133 3852 1455 3920 confirmans
1481 3867 1544 3904 ac
1567 3851 1744 3905 dicens
1764 3867 1783 3904 :

205 3930 349 4000 Fiat,
386 3938 522 4006 ﬁat!
548 3939 751 3996 Eodem
783 3956 1003 4013 quoque
1047 3942 1354 4014 signiﬁcatu
1393 3957 1494 3997 vox
1535 3959 1782 4014 προσυπ-

204 4025 419 4081 ακοὺειν
459 4032 587 4089 alibi
625 4031 882 4103 occurrit,
911 4032 965 4088 id
991 4041 1096 4096 est,
1122 4031 1192 4085 ad
1217 4029 1418 4102 aliquid
1451 4030 1780 4100 respondere.

206 4113 584 4188 quusvocis,
633 4122 737 4178 hac
779 4124 1049 4180 sententia
1093 4133 1352 4194 acceptre,
1404 4123 1790 4195 frequentissi-

207 4224 324 4265 mus
367 4223 453 4269 est
503 4213 647 4286 apud
677 4215 978 4287 scriptores
1026 4217 1327 4286 praesertim
1377 4217 1780 4272 ecclesiasticos

206 4315 364 4358 usus-

769 4442 852 4496 Vi.
878 4458 1055 4508 ιυινξρως
1079 4444 1216 4508 quid,
1240 4450 1352 4496 etc.

269 4562 455 4621 t‘arem
499 4569 769 4623 cautelam
803 4569 1064 4626 adhibeas
1107 4570 1174 4624 in.
1217 4585 1348 4626 voce
1382 4571 1644 4642 σωτήριος
1675 4585 1775 4640 1)Γο

208 4659 429 4727 atroque
453 4674 652 4731 genere
680 4660 997 4716 masculino.
1015 4671 1070 4718 et
1099 4660 1358 4718 feminino
1399 4661 1652 4730 usurpari
1683 4676 1775 4717 so-

210 4743 318 4810 lita,
356 4749 515 4818 cujus
548 4750 696 4820 prior
740 4751 1066 4822 signiﬁcatio
1091 4764 1174 4809 est
1203 4752 1494 4818 salutaris;
1531 4754 1624 4810 sed
1657 4753 1769 4810 l'rc-

210 4844 468 4904 quentiori
522 4860 621 4898 usu
667 4845 810 4914 apud
855 4845 1288 4914 ecclesiasticos,
1332 4846 1610 4902 salvatoris
1645 4861 1766 4901 vero

1935 713 2120 786 τὺριον
2143 756 2157 780 ,
2200 719 2514 787 martyrium
2551 717 2666 772 sive
2708 716 2929 770 ecclesia
2975 715 3293 770 Servatoris.
3331 714 3388 768 In
3421 715 3504 770 bis

1935 821 2064 861 vero
2093 810 2496 865 commentariis
2529 809 2610 865 sic
2639 808 2751 864 fere
2781 824 2995 878 semper
3025 809 3313 877 intelligas.

1999 897 2056 951 ln
2088 897 2176 952 his
2204 899 2612 954 commentariis
2645 899 2846 970 passim
2876 899 3155 960 observes,
3181 911 3365 951 vocem
3389 895 3506 949 ἀλλ’

1929 991 1986 1061 ἦ,
2016 1005 2137 1060 quae
2165 990 2456 1060 signiﬁcat,
2492 993 2614 1055 nisi,
2647 991 2734 1045 ubi
2760 992 3005 1060 sequitur
3040 988 3270 1050 vocalis,
3300 987 3504 1043 omissa

1927 1081 2233 1152 particula,
2286 1077 2354 1149 ³1].
2433 1082 2683 1154 exprimi.
2767 1079 2857 1134 Sic
2913 1079 3007 1132 lib.
3097 1096 3155 1134 III
3190 1101 3205 1136 :
3240 1073 3507 1149 Κληρονοέ

1928 1170 2024 1242 μία
2055 1171 2110 1225 δὲ
2154 1171 2318 1225 αὑτοῦ
2347 1171 2434 1233 τίς
2471 1166 2538 1242 ἦν
2569 1171 2704 1241 μετὰ
2739 1170 2830 1223 τὸν
2863 1171 3123 1242 πρότερον
3165 1171 3290 1224 λαδν
3318 1171 3431 1225 ἀλλ’
3465 1171 3502 1240 ἡ

1925 1263 1983 1329 ἐξ
2008 1263 2178 1317 ἐθνῶν
2215 1262 2528 1334 Ἐκκλησία,
2559 1262 2611 1316 id
2643 1270 2724 1318 est
2762 1283 2773 1317 :
2817 1262 3111 1318 "(creditas
3149 1280 3307 1333 porro
3331 1264 3499 1322 illius.

1920 1370 2162 1424 quamam
2193 1362 2308 1408 erat
2331 1365 2446 1423 post
2470 1354 2694 1422 priorem
2715 1353 2868 1406 illum
2887 1355 3159 1424 populum,
3192 1355 3296 1408 nisi
3318 1353 3500 1408 Eccle-

1921 1442 2003 1496 sia
2027 1444 2303 1513 gentium?
2330 1443 2430 1497 ubi
2466 1442 2580 1497 ἀλλ’
2613 1444 2646 1514 ἠ
2676 1442 2921 1514 pro-alit.
2953 1443 3046 1515 ἡὴ
3089 1444 3327 1514 ponitur.
3363 1441 3501 1498 Ses-

1919 1539 2078 1586 centa
2108 1539 2266 1588 notes
2293 1533 2493 1588 similia
2535 1534 2589 1588 in
2621 1534 2708 1588 his
2732 1536 3162 1595 commentariis,
3195 1535 3284 1589 ubi
3315 1534 3497 1590 hiatus

1917 1624 2123 1679 vitandi
2147 1641 2313 1683 causa
2338 1626 2372 1697 ἦ
2400 1634 2528 1682 ante
2551 1625 2794 1682 vocalem
2818 1627 3105 1682 omittitur.
3134 1627 3200 1682 Et
3226 1627 3497 1698 principio

1917 1719 2133 1787 quidem
2191 1724 2446 1791 putabam
2498 1735 2598 1789 ego
2643 1722 3057 1776 anianuensium
3099 1723 3231 1776 vitio
3281 1723 3314 1794 ἧ
3361 1723 3494 1777 illud

1843 1781 1896 1838 Β
1913 1811 2218 1879 excidisse;
2265 1828 2453 1867 verum
2487 1812 2613 1881 quia
2660 1813 2714 1864 in
2753 1813 3030 1878 omnibus,
3061 1813 3211 1868 nullo
3238 1823 3492 1885 excepto,

1912 1905 2194 1961 codicibus
2226 1907 2388 1959 etiam
2439 1906 2862 1976 antiquissimis,
2911 1907 2987 1962 ita
3025 1908 3227 1977 passim
3267 1908 3486 1979 legitur,

1909 2004 2118 2051 certum
2173 1997 2346 2052 habeo
2395 1997 2465 2052 ab
2497 1998 2631 2066 ipso.
2662 2006 2885 2053 auctore
2926 2001 3493 2069 suppressam-eoeo»-

1907 2088 2026 2152 νίας
2050 2105 2178 2159 ergo
2231 2089 2552 2160 particulam
2589 2090 2777 2146 fuisse.
2816 2089 3007 2146 Parem
3055 2091 3298 2146 omnium
3334 2091 3488 2150 codi-

1907 2195 2030 2234 cum
2066 2195 2394 2236 consensum
2443 2180 2698 2236 advertas
2727 2183 2780 2236 in
2817 2196 2949 2236 voce
2989 2180 3357 2239 ὰποκλάεσϐαι
3384 2199 3498 2255 pro-

1905 2269 2318 2336 ἁποκλαίεσθαι,
2337 2271 2464 2340 ﬂere
2480 2287 2498 2334 ;
2513 2287 2634 2343 qua:
2649 2271 3091 2342 frequentissime
3109 2274 3210 2330 hoc
3242 2277 3296 2330 in
3319 2292 3482 2346 opere

1902 2369 2200 2431 comparet,
2231 2368 2284 2416 et
2328 2360 2574 2426 ὲξέκαον,
2603 2376 2704 2432 pro
2739 2361 3002 2429 ἐξέκαιον.
3036 2361 3137 2419 Ubi
3175 2379 3362 2419 eorum
3387 2367 3479 2436 qui

1902 2449 2132 2504 antehac
2158 2448 2839 2522 Graecorum'scriptorum
2869 2467 3035 2522 opera
3085 2453 3308 2523 publica
3338 2453 3482 2510 fece-

1899 2552 2047 2606 runt,
2081 2556 2288 2597 morem
2311 2551 2606 2601 sectamur.
2633 2543 2671 2598 li
2702 2543 2870 2608 enim,
2898 2545 3333 2616 quia'euphoniae
3355 2561 3482 2618 gra-

1898 2637 1972 2690 tia
2001 2638 2226 2708 ταμεῖον
2253 2651 2354 2708 pro
2380 2638 2648 2707 ταμιεῖον,
2673 2636 2830 2706 ὑγεία
2863 2652 2962 2707 pro
2991 2635 3170 2706 ὑγίεια
3202 2638 3486 2709 legebatur

1895 2728 1952 2782 in
1982 2728 2284 2785 codicibus.
2308 2728 2515 2784 omisso
2551 2730 2729 2799 primo
2765 2745 2804 2793 ι,
2843 2731 3068 2800 ταμεῖον
3098 2741 3152 2786 et
3185 2731 3342 2799 ὑγεία
3365 2731 3478 2802 ple-

1895 2835 2125 2890 rumque
2159 2818 2468 2876 ediderunt.
2509 2819 2830 2891 Quanquam
2882 2822 2999 2877 leve
3038 2823 3272 2878 fortasse
3293 2825 3479 2881 videa-

1894 2920 2006 2977 tur,
2032 2927 2252 2968 monere
2288 2928 2360 2968 ne
2384 2912 2583 2984 pigeat,
2618 2927 2804 2969 vocem
2842 2914 3027 2978 Δαυϊδ,
3074 2930 3197 2984 qua:
3232 2917 3394 2988 vulgo
3420 2918 3492 2973 ἰη-

1892 3003 2180 3058 codicibus
2220 3005 2326 3059 Δᾶδ
2373 3004 2602 3074 legitur;
2648 3004 2825 3059 sicubi
2874 3012 2987 3060 tota
3035 3007 3382 3062 describatur
3418 3011 3488 3064 in

1893 3092 2281 3148 vetustioribus
2307 3090 2720 3160 manuscriptis,
2746 3105 2844 3160 per
2876 3109 2906 3144 υ
2937 3091 3113 3147 ell‘erri
3147 3093 3331 3158 Δαυῖδ,
3364 3109 3473 3150 non

1894 3195 2071 3242 autem
2107 3184 2293 3249 Aa6l8,
2341 3191 2402 3239 ut
2452 3183 2507 3237 in
2543 3181 2708 3238 editis
2742 3181 3039 3238 Bibliorum
3094 3183 3310 3255 legitur,
3344 3187 3483 3255 quia-

1891 3294 2083 3348 nempe
2109 3277 2165 3331 in
2195 3274 2479 3331 Hebraicis
2503 3273 2930 3344 exemplaribus,
2957 3290 3053 3345 per
3083 3292 3183 3330 uau
3213 3287 3308 3339 ΤΠ
3347 3280 3472 3336 des.

1891 3365 2140 3423 cribitur.
2170 3364 2288 3432 Qua
2329 3368 2382 3422 in
2419 3382 2482 3423 re
2509 3374 2756 3422 veterum
2786 3370 3030 3422 omnium
3079 3368 3327 3423 codicum
3361 3385 3472 3423 mo-

1888 3476 2003 3517 rem
2026 3459 2181 3530 sequi
2210 3459 2386 3515 visum
2407 3464 2511 3514 est.

1957 3551 2250 3616 Cseterum,
2285 3560 2344 3606 ut
2371 3566 2658 3622 speramus
2690 3567 2802 3606 non
2835 3551 3106 3621 ingratum
3139 3550 3326 3605 lectori
3353 3549 3469 3605 fore

1889 3644 2182 3700 Eusebium
2215 3652 2463 3699 nostrum
2485 3683 2501 3708 ,
2536 3643 2609 3697 ita
2638 3644 2692 3697 in
2723 3651 2932 3712 partem
2968 3642 3156 3712 gratia:
3188 3641 3466 3698 vocandos

1886 3751 2174 3792 censemus
2223 3751 2341 3799 eos,
2385 3736 2478 3806 qui
2511 3736 2670 3790 nobis
2719 3735 2802 3790 vel
2854 3734 3073 3788 codices
3116 3733 3200 3788 vel
3240 3747 3462 3804 operam

1885 3829 2168 3883 contulere
2198 3842 2375 3883 suam.
2403 3825 2478 3881 Ex
2511 3825 2677 3896 Regia
2699 3835 2848 3881 certe
2871 3823 3219 3886 bibliotheca.
3237 3825 3464 3894 jubente

1884 3920 2255 3976 illustrissimo
2280 3919 2472 3975 abbate
2510 3935 2577 3974 ns
2612 3918 2868 3984 Louvons,
2901 3917 3147 3987 ejusdem
3184 3917 3460 3987 praefecto.

1883 4013 2102 4069 codices
2141 4012 2300 4069 nobis
2331 4027 2428 4083 pro
2463 4021 2611 4076 voto,
2647 4011 2808 4082 idque
2843 4011 2907 4066 ad
2945 4011 3264 4064 diuturnum
3301 4028 3462 4066 usum

1882 4106 2067 4161 traditi
2091 4117 2218 4160 sunt
2249 4119 2278 4157 a
2317 4104 2652 4159 doctissimis
2696 4111 2750 4158 et
2793 4101 3146 4157 amicissimis
3174 4102 3310 4157 viris
3337 4100 3458 4157 Cle-

1883 4206 2050 4251 mente
2073 4205 2127 4249 et
2156 4195 2416 4258 Boioinio,
2450 4194 2792 4249 custodibus.
2825 4191 3017 4248 Parem
3048 4193 3458 4248 beneﬁcentiam

1879 4288 2084 4360 experti
2140 4303 2331 4344 sumus
2378 4303 2547 4357 penes
2592 4286 3087 4341 eminentissimum
3128 4285 3458 4339 cardinalem

1880 4397 1947 4436 υε
1977 4382 2221 4445 Consus,
2255 4381 2346 4451 qui
2381 4379 2538 4436 nobis
2577 4379 2787 4434 codicis
2819 4378 3258 4450 praestantissimi
3291 4393 3458 4449 supra

1809 4485 1854 4543 ι)
1882 4473 2165 4528 memorati
2208 4472 2419 4543 copiam
2457 4470 2600 4526 fecit.
2650 4469 2716 4523 Et
2766 4470 3194 4524 illustrissimum
3241 4463 3444 4523 archie-

1879 4569 2163 4638 piscopum
2203 4565 2720 4636 Rothomagensem,
2752 4562 2912 4632 cujus
2935 4562 3276 4617 bibliotheca:
3299 4559 3451 4616 codi-

1879 4662 2037 4716 cibus
2060 4661 2126 4715 ad
2159 4668 2348 4716 nutum
2374 4657 2476 4712 frui
2510 4658 2656 4719 licet,
2691 4663 2919 4710 curante
2940 4655 3091 4710 Dom.
3117 4654 3189 4711 du
3215 4654 3451 4716 Chesne,

1880 4752 2316 4811 bibliothecario.
2344 4752 2524 4818 Salve,
2562 4751 2775 4806 erudite
2806 4749 2999 4806 lector.
