  <div class='ocr_page' id='page_1' title='image "/cluster/home/n/w/nwhite01/storage/ocr_20150623/23/hvd.32044073501124/039.png"; bbox 0 0 3994 6448; ppageno 0'>
   <div class='ocr_carea' id='block_1_1' title="bbox 403 346 3661 429">
    <p class='ocr_par' dir='ltr' id='par_1_1' title="bbox 403 346 3661 429">
     <span class='ocr_line' id='line_1_1' title="bbox 403 346 3661 429; baseline -0.002 -2"><span class='ocrx_word' id='word_1_1' title='bbox 403 372 473 429; x_wconf 76' lang='lat'><strong><em>63</em></strong></span> <span class='ocrx_word' id='word_1_2' title='bbox 1105 367 1378 426; x_wconf 82' lang='lat' dir='ltr'><strong><em>EUSEBII</em></strong></span> <span class='ocrx_word' id='word_1_3' title='bbox 1415 364 1898 425; x_wconf 66' lang='lat' dir='ltr'><strong><em>CIESARIENSIS</em></strong></span> <span class='ocrx_word' id='word_1_4' title='bbox 1937 363 2088 421; x_wconf 83' lang='lat' dir='ltr'><strong>OPP.</strong></span> <span class='ocrx_word' id='word_1_5' title='bbox 2119 361 2322 419; x_wconf 78' lang='lat' dir='ltr'><strong><em>PARS.</em></strong></span> <span class='ocrx_word' id='word_1_6' title='bbox 2365 346 2458 418; x_wconf 80' lang='grc' dir='ltr'><strong>ΙΙΙ,</strong></span> <span class='ocrx_word' id='word_1_7' title='bbox 2498 397 2570 406; x_wconf 94' lang='lat'><em>—</em></span> <span class='ocrx_word' id='word_1_8' title='bbox 2607 364 3016 422; x_wconf 80' lang='lat' dir='ltr'><strong><em>EXEGETICA.</em></strong></span> <span class='ocrx_word' id='word_1_9' title='bbox 3586 367 3661 420; x_wconf 62' lang='lat'><strong><em>61</em></strong></span> 
     </span>
    </p>
   </div>
   <div class='ocr_carea' id='block_1_2' title="bbox 1633 685 2447 749">
    <p class='ocr_par' dir='ltr' id='par_1_2' title="bbox 1633 685 2447 749">
     <span class='ocr_line' id='line_1_2' title="bbox 1633 685 2447 749; baseline -0.002 -1"><span class='ocrx_word' id='word_1_10' title='bbox 1633 687 1742 748; x_wconf 85' lang='lat' dir='ltr'><strong><em>DE</em></strong></span> <span class='ocrx_word' id='word_1_11' title='bbox 1785 685 2447 749; x_wconf 77' lang='lat' dir='ltr'><strong><em>CONTINUATIONE</em></strong></span> 
     </span>
    </p>
   </div>
   <div class='ocr_carea' id='block_1_3' title="bbox 725 863 3342 994">
    <p class='ocr_par' dir='ltr' id='par_1_3' title="bbox 725 863 3342 994">
     <span class='ocr_line' id='line_1_3' title="bbox 725 863 3342 994; baseline -0.004 -30"><span class='ocrx_word' id='word_1_12' title='bbox 725 871 1225 994; x_wconf 78' lang='lat' dir='ltr'><strong><em>COMMEN</em></strong></span> <span class='ocrx_word' id='word_1_13' title='bbox 1246 868 1386 958; x_wconf 92' lang='lat' dir='ltr'><strong>TA</strong></span> <span class='ocrx_word' id='word_1_14' title='bbox 1409 863 1888 959; x_wconf 79' lang='lat' dir='ltr'><strong><em>RIORUM</em></strong></span> <span class='ocrx_word' id='word_1_15' title='bbox 1967 863 2449 954; x_wconf 88' lang='lat' dir='ltr'><strong><em>EUSEBII</em></strong></span> <span class='ocrx_word' id='word_1_16' title='bbox 2539 863 3342 955; x_wconf 76' lang='lat' dir='ltr'><strong><em>CIESAR&#39;IENSIS</em></strong></span> 
     </span>
    </p>
   </div>
   <div class='ocr_carea' id='block_1_4' title="bbox 1048 1054 2625 1133">
    <p class='ocr_par' dir='ltr' id='par_1_4' title="bbox 1048 1054 2625 1133">
     <span class='ocr_line' id='line_1_4' title="bbox 1048 1054 2625 1133; baseline -0.004 -9"><span class='ocrx_word' id='word_1_17' title='bbox 1048 1063 1104 1124; x_wconf 82' lang='grc' dir='ltr'><strong><em>Δ</em></strong></span> <span class='ocrx_word' id='word_1_18' title='bbox 1156 1058 1492 1123; x_wconf 76' lang='lat' dir='ltr'><strong><em>PSALMO</em></strong></span> <span class='ocrx_word' id='word_1_19' title='bbox 1523 1057 1724 1122; x_wconf 82' lang='lat' dir='ltr'><strong><em>CXIX</em></strong></span> <span class='ocrx_word' id='word_1_20' title='bbox 1771 1055 2044 1133; x_wconf 80' lang='lat' dir='ltr'><strong><em>USQUE</em></strong></span> <span class='ocrx_word' id='word_1_21' title='bbox 2086 1054 2212 1117; x_wconf 68' lang='lat' dir='ltr'><strong><em>AD</em></strong></span> <span class='ocrx_word' id='word_1_22' title='bbox 2247 1054 2625 1118; x_wconf 72' lang='lat' dir='ltr'><strong><em>PSA‘LTER</em></strong></span> 
     </span>
    </p>
   </div>
   <div class='ocr_carea' id='block_1_5' title="bbox 1463 1054 3040 1133">
    <p class='ocr_par' dir='ltr' id='par_1_5' title="bbox 1463 1054 3040 1133">
     <span class='ocr_line' id='line_1_5' title="bbox 1463 1054 3040 1133; baseline -0.001 -12"><span class='ocrx_word' id='word_1_23' title='bbox 1463 1057 1724 1122; x_wconf 71' lang='lat' dir='ltr'><strong><em>)CXIX</em></strong></span> <span class='ocrx_word' id='word_1_24' title='bbox 1771 1055 2044 1133; x_wconf 79' lang='lat' dir='ltr'><strong><em>USQUE</em></strong></span> <span class='ocrx_word' id='word_1_25' title='bbox 2086 1054 2212 1117; x_wconf 69' lang='lat' dir='ltr'><strong><em>AD</em></strong></span> <span class='ocrx_word' id='word_1_26' title='bbox 2247 1054 2708 1119; x_wconf 73' lang='lat' dir='ltr'><strong><em>PSA‘LTERII</em></strong></span> <span class='ocrx_word' id='word_1_27' title='bbox 2755 1056 3040 1120; x_wconf 82' lang='lat' dir='ltr'><strong><em>FINEM</em></strong></span> 
     </span>
    </p>
   </div>
   <div class='ocr_carea' id='block_1_6' title="bbox 1491 1233 2586 1315">
    <p class='ocr_par' dir='ltr' id='par_1_6' title="bbox 1491 1233 2586 1315">
     <span class='ocr_line' id='line_1_6' title="bbox 1491 1233 2586 1315; baseline -0.007 -1"><span class='ocrx_word' id='word_1_28' title='bbox 1491 1233 1980 1315; x_wconf 80' lang='lat' dir='ltr'><strong><em>EDITORIS</em></strong></span> <span class='ocrx_word' id='word_1_29' title='bbox 2058 1233 2586 1313; x_wconf 86' lang='lat' dir='ltr'><strong><em>MONITUM.</em></strong></span> 
     </span>
    </p>
   </div>
   <div class='ocr_carea' id='block_1_7' title="bbox 898 1409 3166 1493">
    <p class='ocr_par' dir='ltr' id='par_1_7' title="bbox 898 1409 3166 1493">
     <span class='ocr_line' id='line_1_7' title="bbox 898 1409 3166 1493; baseline -0.002 -20"><span class='ocrx_word' id='word_1_30' title='bbox 898 1419 1131 1493; x_wconf 70' lang='lat' dir='ltr'><strong><em>(Angelo</em></strong></span> <span class='ocrx_word' id='word_1_31' title='bbox 1159 1415 1288 1484; x_wconf 71' lang='lat' dir='ltr'><strong><em>Mn,</em></strong></span> <span class='ocrx_word' id='word_1_32' title='bbox 1326 1413 1660 1471; x_wconf 75' lang='lat' dir='ltr'><strong><em>Bibliotheca</em></strong></span> <span class='ocrx_word' id='word_1_33' title='bbox 1684 1430 1820 1470; x_wconf 88' lang='lat' dir='ltr'><strong><em>nova</em></strong></span> <span class='ocrx_word' id='word_1_34' title='bbox 1849 1411 2100 1478; x_wconf 86' lang='lat' dir='ltr'><strong><em>Patrum,</em></strong></span> <span class='ocrx_word' id='word_1_35' title='bbox 2131 1418 2172 1468; x_wconf 85' lang='lat' dir='ltr'><strong><em>t.</em></strong></span> <span class='ocrx_word' id='word_1_36' title='bbox 2207 1409 2302 1477; x_wconf 74' lang='grc' dir='ltr'><strong><em>Ν,</em></strong></span> <span class='ocrx_word' id='word_1_37' title='bbox 2346 1427 2401 1484; x_wconf 84' lang='lat' dir='ltr'><strong><em>p.</em></strong></span> <span class='ocrx_word' id='word_1_38' title='bbox 2457 1411 2548 1468; x_wconf 81' lang='lat'><strong><em>65.</em></strong></span> <span class='ocrx_word' id='word_1_39' title='bbox 2582 1412 2954 1477; x_wconf 58' lang='lat' dir='ltr'><strong><em>Romam“,</em></strong></span> <span class='ocrx_word' id='word_1_40' title='bbox 2991 1413 3166 1486; x_wconf 68' lang='lat' dir='ltr'><strong><em>iri-4.).</em></strong></span> 
     </span>
    </p>
   </div>
   <div class='ocr_carea' id='block_1_8' title="bbox 483 1665 3672 1739">
    <p class='ocr_par' dir='ltr' id='par_1_8' title="bbox 483 1665 3672 1739">
     <span class='ocr_line' id='line_1_8' title="bbox 483 1665 3672 1739; baseline 0.002 -18"><span class='ocrx_word' id='word_1_41' title='bbox 483 1666 579 1721; x_wconf 83' lang='lat' dir='ltr'><strong><em>Vir</em></strong></span> <span class='ocrx_word' id='word_1_42' title='bbox 612 1666 970 1732; x_wconf 90' lang='lat' dir='ltr'><strong><em>doctissimus,</em></strong></span> <span class='ocrx_word' id='word_1_43' title='bbox 1001 1676 1050 1721; x_wconf 91' lang='lat' dir='ltr'><strong><em>et</em></strong></span> <span class='ocrx_word' id='word_1_44' title='bbox 1083 1666 1150 1722; x_wconf 84' lang='lat' dir='ltr'><strong><em>de</em></strong></span> <span class='ocrx_word' id='word_1_45' title='bbox 1191 1666 1359 1721; x_wconf 87' lang='lat' dir='ltr'><strong><em>sacris</em></strong></span> <span class='ocrx_word' id='word_1_46' title='bbox 1392 1665 1610 1720; x_wconf 89' lang='lat' dir='ltr'><strong><em>Litteris</em></strong></span> <span class='ocrx_word' id='word_1_47' title='bbox 1641 1666 2014 1724; x_wconf 87' lang='lat' dir='ltr'><strong><em>immortaliter</em></strong></span> <span class='ocrx_word' id='word_1_48' title='bbox 2055 1669 2293 1732; x_wconf 81' lang='lat' dir='ltr'><strong><em>meritus,</em></strong></span> <span class='ocrx_word' id='word_1_49' title='bbox 2337 1685 2399 1722; x_wconf 91' lang='lat' dir='ltr'><strong><em>ac</em></strong></span> <span class='ocrx_word' id='word_1_50' title='bbox 2436 1666 2705 1723; x_wconf 68' lang='lat' dir='ltr'><strong><em>Haurina:</em></strong></span> <span class='ocrx_word' id='word_1_51' title='bbox 2747 1669 2970 1739; x_wconf 68' lang='lat' dir='ltr'><strong><em>familia:</em></strong></span> <span class='ocrx_word' id='word_1_52' title='bbox 3019 1687 3278 1724; x_wconf 82' lang='lat' dir='ltr'><strong><em>summum</em></strong></span> <span class='ocrx_word' id='word_1_53' title='bbox 3318 1671 3496 1734; x_wconf 77' lang='lat' dir='ltr'><strong><em>decus,</em></strong></span> <span class='ocrx_word' id='word_1_54' title='bbox 3535 1671 3672 1726; x_wconf 85' lang='lat' dir='ltr'><strong><em>Ber-</em></strong></span> 
     </span>
    </p>
   </div>
   <div class='ocr_carea' id='block_1_9' title="bbox 406 1760 3670 1832">
    <p class='ocr_par' dir='ltr' id='par_1_9' title="bbox 406 1760 3670 1832">
     <span class='ocr_line' id='line_1_9' title="bbox 406 1760 3670 1832; baseline 0.001 -18"><span class='ocrx_word' id='word_1_55' title='bbox 406 1761 607 1815; x_wconf 89' lang='lat' dir='ltr'><strong><em>nardus</em></strong></span> <span class='ocrx_word' id='word_1_56' title='bbox 653 1761 1085 1832; x_wconf 79' lang='lat' dir='ltr'><strong><em>Montfauconius</em></strong></span> <span class='ocrx_word' id='word_1_57' title='bbox 1117 1763 1170 1816; x_wconf 88' lang='lat' dir='ltr'><strong><em>in</em></strong></span> <span class='ocrx_word' id='word_1_58' title='bbox 1211 1762 1522 1831; x_wconf 63' lang='lat' dir='ltr'><strong><em>praefatione</em></strong></span> <span class='ocrx_word' id='word_1_59' title='bbox 1555 1760 1626 1814; x_wconf 88' lang='lat' dir='ltr'><strong><em>ad</em></strong></span> <span class='ocrx_word' id='word_1_60' title='bbox 1668 1761 1880 1816; x_wconf 85' lang='lat' dir='ltr'><strong><em>Eusebii</em></strong></span> <span class='ocrx_word' id='word_1_61' title='bbox 1909 1762 2251 1818; x_wconf 67' lang='lat' dir='ltr'><strong><em>Caesariensis</em></strong></span> <span class='ocrx_word' id='word_1_62' title='bbox 2281 1778 2410 1832; x_wconf 91' lang='lat' dir='ltr'><strong><em>quos</em></strong></span> <span class='ocrx_word' id='word_1_63' title='bbox 2453 1761 2616 1816; x_wconf 90' lang='lat' dir='ltr'><strong><em>edidit</em></strong></span> <span class='ocrx_word' id='word_1_64' title='bbox 2653 1761 3072 1818; x_wconf 84' lang='lat' dir='ltr'><strong><em>Commentarios</em></strong></span> <span class='ocrx_word' id='word_1_65' title='bbox 3109 1763 3178 1817; x_wconf 78' lang='lat' dir='ltr'><strong><em>ad</em></strong></span> <span class='ocrx_word' id='word_1_66' title='bbox 3203 1762 3552 1829; x_wconf 83' lang='lat' dir='ltr'><strong><em>Psalterium,</em></strong></span> <span class='ocrx_word' id='word_1_67' title='bbox 3587 1767 3670 1817; x_wconf 94' lang='lat' dir='ltr'><strong><em>ait</em></strong></span> 
     </span>
    </p>
   </div>
   <div class='ocr_carea' id='block_1_10' title="bbox 405 1850 3670 1925">
    <p class='ocr_par' dir='ltr' id='par_1_10' title="bbox 405 1850 3670 1925">
     <span class='ocr_line' id='line_1_10' title="bbox 405 1850 3670 1925; baseline -0.001 -15"><span class='ocrx_word' id='word_1_68' title='bbox 405 1871 459 1923; x_wconf 92' lang='lat' dir='ltr'><strong><em>p.</em></strong></span> <span class='ocrx_word' id='word_1_69' title='bbox 492 1869 551 1906; x_wconf 80' lang='lat' dir='ltr'><strong><em>tu</em></strong></span> <span class='ocrx_word' id='word_1_70' title='bbox 588 1872 601 1907; x_wconf 89' lang='lat'><strong>:</strong></span> <span class='ocrx_word' id='word_1_71' title='bbox 641 1871 660 1904; x_wconf 68' lang='grc' dir='ltr'><strong>ε</strong></span> <span class='ocrx_word' id='word_1_72' title='bbox 705 1850 885 1923; x_wconf 81' lang='lat' dir='ltr'><strong><em>Neque</em></strong></span> <span class='ocrx_word' id='word_1_73' title='bbox 927 1861 1104 1906; x_wconf 88' lang='lat' dir='ltr'><strong><em>tamen</em></strong></span> <span class='ocrx_word' id='word_1_74' title='bbox 1131 1851 1184 1904; x_wconf 91' lang='lat' dir='ltr'><strong><em>id</em></strong></span> <span class='ocrx_word' id='word_1_75' title='bbox 1215 1851 1459 1922; x_wconf 75' lang='lat' dir='ltr'><strong><em>consequi</em></strong></span> <span class='ocrx_word' id='word_1_76' title='bbox 1488 1853 1777 1919; x_wconf 72' lang='lat' dir='ltr'><strong><em>potuimus,</em></strong></span> <span class='ocrx_word' id='word_1_77' title='bbox 1812 1863 1868 1906; x_wconf 91' lang='lat' dir='ltr'><strong><em>ut</em></strong></span> <span class='ocrx_word' id='word_1_78' title='bbox 1903 1862 2068 1907; x_wconf 90' lang='lat' dir='ltr'><strong><em>totum</em></strong></span> <span class='ocrx_word' id='word_1_79' title='bbox 2095 1853 2526 1907; x_wconf 77' lang='lat' dir='ltr'><strong><em>commentarium</em></strong></span> <span class='ocrx_word' id='word_1_80' title='bbox 2556 1852 2892 1908; x_wconf 83' lang='lat' dir='ltr'><strong><em>adultimum</em></strong></span> <span class='ocrx_word' id='word_1_81' title='bbox 2922 1871 3082 1925; x_wconf 90' lang='lat' dir='ltr'><strong><em>usque</em></strong></span> <span class='ocrx_word' id='word_1_82' title='bbox 3118 1856 3382 1924; x_wconf 90' lang='lat' dir='ltr'><strong><em>psalmum</em></strong></span> <span class='ocrx_word' id='word_1_83' title='bbox 3407 1872 3472 1910; x_wconf 77' lang='grc' dir='ltr'><strong><em>οι.</em></strong></span> <span class='ocrx_word' id='word_1_84' title='bbox 3498 1858 3552 1910; x_wconf 89' lang='lat' dir='ltr'><strong><em>in</em></strong></span> <span class='ocrx_word' id='word_1_85' title='bbox 3581 1857 3670 1909; x_wconf 86' lang='lat' dir='ltr'><strong><em>lu—</em></strong></span> 
     </span>
    </p>
   </div>
   <div class='ocr_carea' id='block_1_11' title="bbox 406 1942 3671 2016">
    <p class='ocr_par' dir='ltr' id='par_1_11' title="bbox 406 1942 3671 2016">
     <span class='ocr_line' id='line_1_11' title="bbox 406 1942 3671 2016; baseline 0.001 -18"><span class='ocrx_word' id='word_1_86' title='bbox 406 1962 514 1999; x_wconf 92' lang='lat' dir='ltr'><strong><em>cem</em></strong></span> <span class='ocrx_word' id='word_1_87' title='bbox 541 1945 777 2015; x_wconf 86' lang='lat' dir='ltr'><strong><em>proferre</em></strong></span> <span class='ocrx_word' id='word_1_88' title='bbox 802 1943 980 1998; x_wconf 84' lang='lat' dir='ltr'><strong><em>liceret</em></strong></span> <span class='ocrx_word' id='word_1_89' title='bbox 1007 1961 1026 1998; x_wconf 87' lang='lat'><strong><em>:</em></strong></span> <span class='ocrx_word' id='word_1_90' title='bbox 1057 1945 1110 1997; x_wconf 90' lang='lat' dir='ltr'><strong><em>in</em></strong></span> <span class='ocrx_word' id='word_1_91' title='bbox 1156 1944 1302 1998; x_wconf 91' lang='lat' dir='ltr'><strong><em>nullo</em></strong></span> <span class='ocrx_word' id='word_1_92' title='bbox 1332 1945 1472 1998; x_wconf 90' lang='lat' dir='ltr'><strong><em>enim</em></strong></span> <span class='ocrx_word' id='word_1_93' title='bbox 1507 1959 1572 1999; x_wconf 76' lang='lat' dir='ltr'><strong><em>ex</em></strong></span> <span class='ocrx_word' id='word_1_94' title='bbox 1609 1945 1912 1998; x_wconf 87' lang='lat' dir='ltr'><strong><em>memoratis</em></strong></span> <span class='ocrx_word' id='word_1_95' title='bbox 1941 1943 2207 1998; x_wconf 84' lang='lat' dir='ltr'><strong><em>codicibus</em></strong></span> <span class='ocrx_word' id='word_1_96' title='bbox 2237 1942 2379 1997; x_wconf 90' lang='lat' dir='ltr'><strong><em>ultra</em></strong></span> <span class='ocrx_word' id='word_1_97' title='bbox 2404 1959 2568 1999; x_wconf 79' lang='lat' dir='ltr'><strong><em>cxvut</em></strong></span> <span class='ocrx_word' id='word_1_98' title='bbox 2618 1947 2880 2014; x_wconf 83' lang='lat' dir='ltr'><strong><em>psalmum</em></strong></span> <span class='ocrx_word' id='word_1_99' title='bbox 2910 1946 3178 2016; x_wconf 85' lang='lat' dir='ltr'><strong><em>quidpiam</em></strong></span> <span class='ocrx_word' id='word_1_100' title='bbox 3211 1947 3450 2016; x_wconf 74' lang='lat' dir='ltr'><strong><em>offertur.</em></strong></span> <span class='ocrx_word' id='word_1_101' title='bbox 3484 1947 3671 2015; x_wconf 83' lang='lat' dir='ltr'><strong><em>Quod-</em></strong></span> 
     </span>
    </p>
   </div>
   <div class='ocr_carea' id='block_1_12' title="bbox 405 2034 3672 2110">
    <p class='ocr_par' dir='ltr' id='par_1_12' title="bbox 405 2034 3672 2110">
     <span class='ocr_line' id='line_1_12' title="bbox 405 2034 3672 2110; baseline 0 -18"><span class='ocrx_word' id='word_1_102' title='bbox 405 2056 504 2110; x_wconf 88' lang='lat' dir='ltr'><strong><em>que</em></strong></span> <span class='ocrx_word' id='word_1_103' title='bbox 531 2056 623 2109; x_wconf 91' lang='lat' dir='ltr'><strong><em>per</em></strong></span> <span class='ocrx_word' id='word_1_104' title='bbox 654 2038 783 2092; x_wconf 90' lang='lat' dir='ltr'><strong><em>mihi</em></strong></span> <span class='ocrx_word' id='word_1_105' title='bbox 810 2038 1003 2092; x_wconf 88' lang='lat' dir='ltr'><strong><em>mirum</em></strong></span> <span class='ocrx_word' id='word_1_106' title='bbox 1043 2038 1209 2092; x_wconf 89' lang='lat' dir='ltr'><strong><em>visum</em></strong></span> <span class='ocrx_word' id='word_1_107' title='bbox 1228 2046 1330 2101; x_wconf 89' lang='lat' dir='ltr'><strong><em>est,</em></strong></span> <span class='ocrx_word' id='word_1_108' title='bbox 1366 2036 1576 2092; x_wconf 74' lang='lat' dir='ltr'><strong><em>Catenae</em></strong></span> <span class='ocrx_word' id='word_1_109' title='bbox 1605 2037 1717 2091; x_wconf 68' lang='lat' dir='ltr'><strong><em>illa:</em></strong></span> <span class='ocrx_word' id='word_1_110' title='bbox 1740 2034 1912 2107; x_wconf 80' lang='lat' dir='ltr'><strong><em>Regice</em></strong></span> <span class='ocrx_word' id='word_1_111' title='bbox 1941 2034 2280 2108; x_wconf 72' lang='lat' dir='ltr'><strong><em>(Parisiacaz)</em></strong></span> <span class='ocrx_word' id='word_1_112' title='bbox 2307 2051 2424 2106; x_wconf 77' lang='lat' dir='ltr'><strong><em>qute</em></strong></span> <span class='ocrx_word' id='word_1_113' title='bbox 2455 2053 2616 2106; x_wconf 84' lang='lat' dir='ltr'><strong><em>usque</em></strong></span> <span class='ocrx_word' id='word_1_114' title='bbox 2645 2037 2713 2090; x_wconf 89' lang='lat' dir='ltr'><strong><em>ad</em></strong></span> <span class='ocrx_word' id='word_1_115' title='bbox 2734 2052 2899 2092; x_wconf 80' lang='lat' dir='ltr'><strong><em>cxvm</em></strong></span> <span class='ocrx_word' id='word_1_116' title='bbox 2928 2038 3190 2106; x_wconf 85' lang='lat' dir='ltr'><strong><em>psalmum</em></strong></span> <span class='ocrx_word' id='word_1_117' title='bbox 3219 2041 3672 2110; x_wconf 85' lang='lat' dir='ltr'><strong><em>interpretationi-</em></strong></span> 
     </span>
    </p>
   </div>
   <div class='ocr_carea' id='block_1_13' title="bbox 409 2128 3698 2205">
    <p class='ocr_par' dir='ltr' id='par_1_13' title="bbox 409 2128 3698 2205">
     <span class='ocr_line' id='line_1_13' title="bbox 409 2128 3698 2205; baseline 0.001 -18"><span class='ocrx_word' id='word_1_118' title='bbox 409 2135 504 2190; x_wconf 89' lang='lat' dir='ltr'><strong><em>bus</em></strong></span> <span class='ocrx_word' id='word_1_119' title='bbox 549 2133 758 2188; x_wconf 84' lang='lat' dir='ltr'><strong><em>Eusebii</em></strong></span> <span class='ocrx_word' id='word_1_120' title='bbox 781 2141 1025 2194; x_wconf 88' lang='lat' dir='ltr'><strong><em>utuntur,</em></strong></span> <span class='ocrx_word' id='word_1_121' title='bbox 1061 2133 1137 2185; x_wconf 90' lang='lat' dir='ltr'><strong><em>ita</em></strong></span> <span class='ocrx_word' id='word_1_122' title='bbox 1167 2141 1222 2185; x_wconf 89' lang='lat' dir='ltr'><strong><em>ut</em></strong></span> <span class='ocrx_word' id='word_1_123' title='bbox 1246 2131 1423 2185; x_wconf 88' lang='lat' dir='ltr'><strong><em>nullus</em></strong></span> <span class='ocrx_word' id='word_1_124' title='bbox 1449 2141 1673 2186; x_wconf 82' lang='lat' dir='ltr'><strong><em>veterum</em></strong></span> <span class='ocrx_word' id='word_1_125' title='bbox 1703 2131 2042 2199; x_wconf 85' lang='lat' dir='ltr'><strong><em>interpretum</em></strong></span> <span class='ocrx_word' id='word_1_126' title='bbox 2072 2128 2203 2183; x_wconf 91' lang='lat' dir='ltr'><strong><em>adeo</em></strong></span> <span class='ocrx_word' id='word_1_127' title='bbox 2231 2128 2585 2199; x_wconf 80' lang='lat' dir='ltr'><strong><em>frequentatus</em></strong></span> <span class='ocrx_word' id='word_1_128' title='bbox 2623 2141 2888 2193; x_wconf 91' lang='lat' dir='ltr'><strong><em>occurrat,</em></strong></span> <span class='ocrx_word' id='word_1_129' title='bbox 2917 2132 2968 2184; x_wconf 93' lang='lat' dir='ltr'><strong><em>in</em></strong></span> <span class='ocrx_word' id='word_1_130' title='bbox 2993 2147 3158 2188; x_wconf 80' lang='lat' dir='ltr'><strong><em>cxvm</em></strong></span> <span class='ocrx_word' id='word_1_131' title='bbox 3187 2134 3391 2202; x_wconf 83' lang='lat' dir='ltr'><strong><em>psalmo</em></strong></span> <span class='ocrx_word' id='word_1_132' title='bbox 3414 2137 3490 2188; x_wconf 90' lang='lat' dir='ltr'><strong><em>ita</em></strong></span> <span class='ocrx_word' id='word_1_133' title='bbox 3509 2137 3698 2205; x_wconf 78' lang='lat' dir='ltr'><strong><em>finem-</em></strong></span> 
     </span>
    </p>
   </div>
   <div class='ocr_carea' id='block_1_14' title="bbox 406 2223 3674 2301">
    <p class='ocr_par' dir='ltr' id='par_1_14' title="bbox 406 2223 3674 2301">
     <span class='ocr_line' id='line_1_14' title="bbox 406 2223 3674 2301; baseline 0.001 -17"><span class='ocrx_word' id='word_1_134' title='bbox 406 2231 610 2300; x_wconf 86' lang='lat' dir='ltr'><strong><em>faciunt</em></strong></span> <span class='ocrx_word' id='word_1_135' title='bbox 643 2229 925 2284; x_wconf 78' lang='lat' dir='ltr'><strong><em>Eusebium</em></strong></span> <span class='ocrx_word' id='word_1_136' title='bbox 949 2230 1002 2282; x_wconf 90' lang='lat' dir='ltr'><strong><em>in</em></strong></span> <span class='ocrx_word' id='word_1_137' title='bbox 1035 2227 1264 2281; x_wconf 83' lang='lat' dir='ltr'><strong><em>medium</em></strong></span> <span class='ocrx_word' id='word_1_138' title='bbox 1293 2227 1570 2296; x_wconf 77' lang='lat' dir='ltr'><strong><em>afferendi,</em></strong></span> <span class='ocrx_word' id='word_1_139' title='bbox 1597 2235 1654 2281; x_wconf 88' lang='lat' dir='ltr'><strong><em>ut</em></strong></span> <span class='ocrx_word' id='word_1_140' title='bbox 1685 2243 1747 2282; x_wconf 90' lang='lat' dir='ltr'><strong><em>ne</em></strong></span> <span class='ocrx_word' id='word_1_141' title='bbox 1768 2227 1978 2280; x_wconf 86' lang='lat' dir='ltr'><strong><em>verbum</em></strong></span> <span class='ocrx_word' id='word_1_142' title='bbox 1993 2223 2199 2295; x_wconf 78' lang='lat' dir='ltr'><strong><em>quidem</em></strong></span> <span class='ocrx_word' id='word_1_143' title='bbox 2232 2224 2453 2279; x_wconf 86' lang='lat' dir='ltr'><strong><em>ulterius</em></strong></span> <span class='ocrx_word' id='word_1_144' title='bbox 2477 2223 2690 2280; x_wconf 85' lang='lat' dir='ltr'><strong><em>Eusebii</em></strong></span> <span class='ocrx_word' id='word_1_145' title='bbox 2708 2237 3030 2295; x_wconf 82' lang='lat' dir='ltr'><strong><em>compareat.</em></strong></span> <span class='ocrx_word' id='word_1_146' title='bbox 3056 2226 3202 2282; x_wconf 86' lang='lat' dir='ltr'><strong><em>Unde</em></strong></span> <span class='ocrx_word' id='word_1_147' title='bbox 3216 2229 3509 2300; x_wconf 85' lang='lat' dir='ltr'><strong><em>conjectare</em></strong></span> <span class='ocrx_word' id='word_1_148' title='bbox 3532 2231 3674 2301; x_wconf 87' lang='lat' dir='ltr'><strong><em>forte</em></strong></span> 
     </span>
    </p>
   </div>
   <div class='ocr_carea' id='block_1_15' title="bbox 409 2320 3666 2394">
    <p class='ocr_par' dir='ltr' id='par_1_15' title="bbox 409 2320 3666 2394">
     <span class='ocr_line' id='line_1_15' title="bbox 409 2320 3666 2394; baseline -0.001 -16"><span class='ocrx_word' id='word_1_149' title='bbox 409 2326 586 2388; x_wconf 88' lang='lat' dir='ltr'><strong><em>liceat,</em></strong></span> <span class='ocrx_word' id='word_1_150' title='bbox 611 2343 644 2379; x_wconf 94' lang='lat' dir='ltr'><strong><em>a</em></strong></span> <span class='ocrx_word' id='word_1_151' title='bbox 663 2324 844 2379; x_wconf 88' lang='lat' dir='ltr'><strong><em>multis</em></strong></span> <span class='ocrx_word' id='word_1_152' title='bbox 853 2325 970 2394; x_wconf 92' lang='lat' dir='ltr'><strong><em>jam</em></strong></span> <span class='ocrx_word' id='word_1_153' title='bbox 995 2324 1206 2379; x_wconf 67' lang='lat' dir='ltr'><strong><em>seculis</em></strong></span> <span class='ocrx_word' id='word_1_154' title='bbox 1229 2322 1447 2378; x_wconf 88' lang='lat' dir='ltr'><strong><em>Eusebii</em></strong></span> <span class='ocrx_word' id='word_1_155' title='bbox 1460 2320 1879 2378; x_wconf 80' lang='lat' dir='ltr'><strong><em>Commentarios</em></strong></span> <span class='ocrx_word' id='word_1_156' title='bbox 1895 2321 1993 2374; x_wconf 90' lang='lat' dir='ltr'><strong><em>hac</em></strong></span> <span class='ocrx_word' id='word_1_157' title='bbox 2007 2320 2293 2390; x_wconf 82' lang='lat' dir='ltr'><strong><em>posteriore</em></strong></span> <span class='ocrx_word' id='word_1_158' title='bbox 2317 2321 2400 2374; x_wconf 88' lang='lat' dir='ltr'><strong><em>sui</em></strong></span> <span class='ocrx_word' id='word_1_159' title='bbox 2411 2328 2560 2388; x_wconf 90' lang='lat' dir='ltr'><strong><em>parte</em></strong></span> <span class='ocrx_word' id='word_1_160' title='bbox 2580 2328 2848 2375; x_wconf 88' lang='lat' dir='ltr'><strong><em>truncatas</em></strong></span> <span class='ocrx_word' id='word_1_161' title='bbox 2867 2320 3204 2376; x_wconf 83' lang='lat' dir='ltr'><strong><em>librariorum</em></strong></span> <span class='ocrx_word' id='word_1_162' title='bbox 3227 2322 3432 2378; x_wconf 89' lang='lat' dir='ltr'><strong><em>incuria</em></strong></span> <span class='ocrx_word' id='word_1_163' title='bbox 3447 2323 3627 2394; x_wconf 91' lang='lat' dir='ltr'><strong><em>fuisse.</em></strong></span> <span class='ocrx_word' id='word_1_164' title='bbox 3645 2344 3666 2376; x_wconf 77' lang='lat' dir='ltr'><strong><em>s</em></strong></span> 
     </span>
    </p>
   </div>
   <div class='ocr_carea' id='block_1_16' title="bbox 410 2411 3698 2490">
    <p class='ocr_par' dir='ltr' id='par_1_16' title="bbox 410 2411 3698 2490">
     <span class='ocr_line' id='line_1_16' title="bbox 410 2411 3698 2490; baseline 0 -19"><span class='ocrx_word' id='word_1_165' title='bbox 410 2417 479 2472; x_wconf 88' lang='lat' dir='ltr'><strong><em>Et</em></strong></span> <span class='ocrx_word' id='word_1_166' title='bbox 507 2417 717 2490; x_wconf 85' lang='lat' dir='ltr'><strong><em>quidem</em></strong></span> <span class='ocrx_word' id='word_1_167' title='bbox 757 2417 1188 2488; x_wconf 76' lang='lat' dir='ltr'><strong><em>Montfauconius</em></strong></span> <span class='ocrx_word' id='word_1_168' title='bbox 1242 2425 1378 2470; x_wconf 90' lang='lat' dir='ltr'><strong><em>recte</em></strong></span> <span class='ocrx_word' id='word_1_169' title='bbox 1417 2432 1512 2472; x_wconf 90' lang='lat' dir='ltr'><strong><em>nos</em></strong></span> <span class='ocrx_word' id='word_1_170' title='bbox 1559 2428 1753 2480; x_wconf 90' lang='lat' dir='ltr'><strong><em>monet,</em></strong></span> <span class='ocrx_word' id='word_1_171' title='bbox 1785 2413 2073 2468; x_wconf 84' lang='lat' dir='ltr'><strong><em>Eusebium</em></strong></span> <span class='ocrx_word' id='word_1_172' title='bbox 2110 2413 2167 2466; x_wconf 90' lang='lat' dir='ltr'><strong><em>in</em></strong></span> <span class='ocrx_word' id='word_1_173' title='bbox 2201 2421 2366 2466; x_wconf 90' lang='lat' dir='ltr'><strong><em>totum</em></strong></span> <span class='ocrx_word' id='word_1_174' title='bbox 2402 2427 2581 2480; x_wconf 90' lang='lat' dir='ltr'><strong><em>reapse</em></strong></span> <span class='ocrx_word' id='word_1_175' title='bbox 2628 2411 2948 2467; x_wconf 82' lang='lat' dir='ltr'><strong><em>Psalterium</em></strong></span> <span class='ocrx_word' id='word_1_176' title='bbox 2982 2415 3274 2484; x_wconf 83' lang='lat' dir='ltr'><strong><em>scripsisse,</em></strong></span> <span class='ocrx_word' id='word_1_177' title='bbox 3311 2425 3436 2470; x_wconf 87' lang='lat' dir='ltr'><strong><em>teste</em></strong></span> <span class='ocrx_word' id='word_1_178' title='bbox 3480 2415 3698 2471; x_wconf 17' lang='lat' dir='ltr'><strong><em>Hiero-7</em></strong></span> 
     </span>
    </p>
   </div>
   <div class='ocr_carea' id='block_1_17' title="bbox 409 2502 3674 2582">
    <p class='ocr_par' dir='ltr' id='par_1_17' title="bbox 409 2502 3674 2582">
     <span class='ocr_line' id='line_1_17' title="bbox 409 2502 3674 2582; baseline -0.001 -19"><span class='ocrx_word' id='word_1_179' title='bbox 409 2527 566 2582; x_wconf 81' lang='lat' dir='ltr'><strong><em>nymo</em></strong></span> <span class='ocrx_word' id='word_1_180' title='bbox 603 2509 678 2566; x_wconf 86' lang='lat' dir='ltr'><strong><em>De</em></strong></span> <span class='ocrx_word' id='word_1_181' title='bbox 710 2511 898 2580; x_wconf 83' lang='lat' dir='ltr'><strong><em>script.</em></strong></span> <span class='ocrx_word' id='word_1_182' title='bbox 925 2510 1088 2573; x_wconf 86' lang='lat' dir='ltr'><strong><em>eccl.,</em></strong></span> <span class='ocrx_word' id='word_1_183' title='bbox 1121 2525 1242 2578; x_wconf 90' lang='lat' dir='ltr'><strong><em>cap.</em></strong></span> <span class='ocrx_word' id='word_1_184' title='bbox 1268 2510 1328 2562; x_wconf 82' lang='grc'><strong><em>81</em></strong></span> <span class='ocrx_word' id='word_1_185' title='bbox 1359 2526 1372 2562; x_wconf 90' lang='lat'><strong>:</strong></span> <span class='ocrx_word' id='word_1_186' title='bbox 1405 2527 1422 2560; x_wconf 78' lang='grc' dir='ltr'>ι</span> <span class='ocrx_word' id='word_1_187' title='bbox 1466 2505 1724 2562; x_wconf 84' lang='lat' dir='ltr'><strong><em>Eusebius</em></strong></span> <span class='ocrx_word' id='word_1_188' title='bbox 1759 2507 1814 2560; x_wconf 91' lang='lat' dir='ltr'><strong><em>in</em></strong></span> <span class='ocrx_word' id='word_1_189' title='bbox 1841 2521 1906 2560; x_wconf 78' lang='grc' dir='ltr'><strong><em>ει.</em></strong></span> <span class='ocrx_word' id='word_1_190' title='bbox 1928 2505 2160 2574; x_wconf 90' lang='lat' dir='ltr'><strong><em>psalmos</em></strong></span> <span class='ocrx_word' id='word_1_191' title='bbox 2201 2502 2590 2558; x_wconf 80' lang='lat' dir='ltr'><strong><em>eruditissimos</em></strong></span> <span class='ocrx_word' id='word_1_192' title='bbox 2624 2503 3040 2560; x_wconf 87' lang='lat' dir='ltr'><strong><em>Commentarios</em></strong></span> <span class='ocrx_word' id='word_1_193' title='bbox 3076 2506 3260 2561; x_wconf 84' lang='lat' dir='ltr'><strong><em>edidit.</em></strong></span> <span class='ocrx_word' id='word_1_194' title='bbox 3301 2526 3319 2558; x_wconf 72' lang='grc' dir='ltr'><strong><em>ι</em></strong></span> <span class='ocrx_word' id='word_1_195' title='bbox 3358 2506 3425 2560; x_wconf 89' lang='lat' dir='ltr'><strong><em>Et</em></strong></span> <span class='ocrx_word' id='word_1_196' title='bbox 3459 2508 3511 2560; x_wconf 92' lang='lat' dir='ltr'><strong><em>in</em></strong></span> <span class='ocrx_word' id='word_1_197' title='bbox 3557 2509 3674 2576; x_wconf 81' lang='lat' dir='ltr'><strong><em>epi-</em></strong></span> 
     </span>
    </p>
   </div>
   <div class='ocr_carea' id='block_1_18' title="bbox 407 2595 3671 2681">
    <p class='ocr_par' dir='ltr' id='par_1_18' title="bbox 407 2595 3671 2681">
     <span class='ocr_line' id='line_1_18' title="bbox 407 2595 3671 2681; baseline -0.003 -22"><span class='ocrx_word' id='word_1_198' title='bbox 407 2604 550 2659; x_wconf 88' lang='lat' dir='ltr'><strong><em>stola</em></strong></span> <span class='ocrx_word' id='word_1_199' title='bbox 595 2605 683 2668; x_wconf 79' lang='lat'><strong><em>75,</em></strong></span> <span class='ocrx_word' id='word_1_200' title='bbox 714 2603 783 2659; x_wconf 85' lang='lat' dir='ltr'><strong><em>ad</em></strong></span> <span class='ocrx_word' id='word_1_201' title='bbox 824 2604 1223 2675; x_wconf 82' lang='lat' dir='ltr'><strong><em>Augustinum:</em></strong></span> <span class='ocrx_word' id='word_1_202' title='bbox 1263 2619 1282 2652; x_wconf 86' lang='grc'><em>‹</em></span> <span class='ocrx_word' id='word_1_203' title='bbox 1323 2600 1566 2656; x_wconf 83' lang='lat' dir='ltr'><strong><em>Psalmos</em></strong></span> <span class='ocrx_word' id='word_1_204' title='bbox 1611 2599 1946 2669; x_wconf 85' lang='lat' dir='ltr'><strong><em>interpretati</em></strong></span> <span class='ocrx_word' id='word_1_205' title='bbox 1976 2607 2097 2653; x_wconf 90' lang='lat' dir='ltr'><strong><em>sunt</em></strong></span> <span class='ocrx_word' id='word_1_206' title='bbox 2144 2597 2284 2662; x_wconf 88' lang='lat' dir='ltr'><strong><em>apud</em></strong></span> <span class='ocrx_word' id='word_1_207' title='bbox 2329 2595 2538 2652; x_wconf 72' lang='lat' dir='ltr'><strong><em>Gra‘cos</em></strong></span> <span class='ocrx_word' id='word_1_208' title='bbox 2581 2599 2784 2659; x_wconf 74' lang='lat' dir='ltr'><strong><em>primus</em></strong></span> <span class='ocrx_word' id='word_1_209' title='bbox 2817 2599 3087 2681; x_wconf 60' lang='lat' dir='ltr'><strong><em>Origenes,</em></strong></span> <span class='ocrx_word' id='word_1_210' title='bbox 3123 2599 3380 2657; x_wconf 67' lang='lat' dir='ltr'><strong><em>secundm</em></strong></span> <span class='ocrx_word' id='word_1_211' title='bbox 3413 2598 3671 2661; x_wconf 58' lang='lat' dir='ltr'><strong><em>Eusebius</em></strong></span> 
     </span>
    </p>
   </div>
   <div class='ocr_carea' id='block_1_19' title="bbox 411 2692 2230 2771">
    <p class='ocr_par' dir='ltr' id='par_1_19' title="bbox 411 2692 2230 2771">
     <span class='ocr_line' id='line_1_19' title="bbox 411 2692 2230 2771; baseline 0.002 -20"><span class='ocrx_word' id='word_1_212' title='bbox 411 2696 780 2766; x_wconf 77' lang='lat' dir='ltr'><strong><em>Ctesariensis,</em></strong></span> <span class='ocrx_word' id='word_1_213' title='bbox 822 2737 837 2753; x_wconf 94' lang='lat'><strong><em>.</em></strong></span> <span class='ocrx_word' id='word_1_214' title='bbox 882 2739 896 2754; x_wconf 97' lang='lat'><strong><em>.</em></strong></span> <span class='ocrx_word' id='word_1_215' title='bbox 941 2737 958 2754; x_wconf 92' lang='lat'><strong><em>.</em></strong></span> <span class='ocrx_word' id='word_1_216' title='bbox 996 2697 1062 2753; x_wconf 87' lang='lat' dir='ltr'><strong><em>de</em></strong></span> <span class='ocrx_word' id='word_1_217' title='bbox 1082 2698 1283 2771; x_wconf 83' lang='lat' dir='ltr'><strong><em>integro</em></strong></span> <span class='ocrx_word' id='word_1_218' title='bbox 1313 2694 1652 2754; x_wconf 85' lang='lat' dir='ltr'><strong><em>Psalmorum</em></strong></span> <span class='ocrx_word' id='word_1_219' title='bbox 1691 2715 1908 2769; x_wconf 87' lang='lat' dir='ltr'><strong><em>corpore</em></strong></span> <span class='ocrx_word' id='word_1_220' title='bbox 1926 2692 2171 2756; x_wconf 85' lang='lat' dir='ltr'><strong><em>dicimus.</em></strong></span> <span class='ocrx_word' id='word_1_221' title='bbox 2211 2719 2230 2754; x_wconf 70' lang='grc' dir='ltr'><strong><em>ι</em></strong></span> 
     </span>
    </p>
   </div>
   <div class='ocr_carea' id='block_1_20' title="bbox 484 2813 3702 2890">
    <p class='ocr_par' dir='ltr' id='par_1_20' title="bbox 484 2813 3702 2890">
     <span class='ocr_line' id='line_1_20' title="bbox 484 2813 3702 2890; baseline 0.003 -23"><span class='ocrx_word' id='word_1_222' title='bbox 484 2813 585 2869; x_wconf 81' lang='lat' dir='ltr'><strong><em>llis</em></strong></span> <span class='ocrx_word' id='word_1_223' title='bbox 611 2832 706 2886; x_wconf 85' lang='lat' dir='ltr'><strong><em>ego</em></strong></span> <span class='ocrx_word' id='word_1_224' title='bbox 747 2815 888 2885; x_wconf 90' lang='lat' dir='ltr'><strong><em>apud</em></strong></span> <span class='ocrx_word' id='word_1_225' title='bbox 922 2814 1383 2885; x_wconf 76' lang='lat' dir='ltr'><strong><em>Montfauconium</em></strong></span> <span class='ocrx_word' id='word_1_226' title='bbox 1431 2815 1600 2879; x_wconf 88' lang='lat' dir='ltr'><strong><em>lectis,</em></strong></span> <span class='ocrx_word' id='word_1_227' title='bbox 1630 2826 1822 2871; x_wconf 78' lang='lat' dir='ltr'><strong><em>etcum</em></strong></span> <span class='ocrx_word' id='word_1_228' title='bbox 1865 2833 1942 2872; x_wconf 86' lang='lat' dir='ltr'><strong><em>ne-</em></strong></span> <span class='ocrx_word' id='word_1_229' title='bbox 1962 2817 2102 2886; x_wconf 87' lang='lat' dir='ltr'><strong><em>apud</em></strong></span> <span class='ocrx_word' id='word_1_230' title='bbox 2157 2817 2399 2874; x_wconf 86' lang='lat' dir='ltr'><strong><em>Corderii</em></strong></span> <span class='ocrx_word' id='word_1_231' title='bbox 2427 2817 2635 2889; x_wconf 85' lang='lat' dir='ltr'><strong><em>quidem</em></strong></span> <span class='ocrx_word' id='word_1_232' title='bbox 2681 2818 2936 2874; x_wconf 85' lang='lat' dir='ltr'><strong><em>Catenam</em></strong></span> <span class='ocrx_word' id='word_1_233' title='bbox 2984 2818 3267 2874; x_wconf 81' lang='lat' dir='ltr'><strong><em>Eusebium</em></strong></span> <span class='ocrx_word' id='word_1_234' title='bbox 3321 2821 3526 2890; x_wconf 83' lang='lat' dir='ltr'><strong><em>uspiam</em></strong></span> <span class='ocrx_word' id='word_1_235' title='bbox 3553 2833 3702 2890; x_wconf 78' lang='lat' dir='ltr'><strong><em>post:-</em></strong></span> 
     </span>
    </p>
   </div>
   <div class='ocr_carea' id='block_1_21' title="bbox 411 2906 3676 2985">
    <p class='ocr_par' dir='ltr' id='par_1_21' title="bbox 411 2906 3676 2985">
     <span class='ocr_line' id='line_1_21' title="bbox 411 2906 3676 2985; baseline 0.003 -25"><span class='ocrx_word' id='word_1_236' title='bbox 411 2906 611 2962; x_wconf 88' lang='lat' dir='ltr'><strong><em>dictum</em></strong></span> <span class='ocrx_word' id='word_1_237' title='bbox 661 2910 941 2963; x_wconf 88' lang='lat' dir='ltr'><strong><em>terminum</em></strong></span> <span class='ocrx_word' id='word_1_238' title='bbox 993 2908 1205 2962; x_wconf 80' lang='lat' dir='ltr'><strong><em>laudari</em></strong></span> <span class='ocrx_word' id='word_1_239' title='bbox 1233 2909 1482 2971; x_wconf 87' lang='lat' dir='ltr'><strong><em>viderem,</em></strong></span> <span class='ocrx_word' id='word_1_240' title='bbox 1513 2909 1730 2979; x_wconf 66' lang='lat' dir='ltr'><strong><em>quaesivi</em></strong></span> <span class='ocrx_word' id='word_1_241' title='bbox 1757 2908 1939 2964; x_wconf 86' lang='lat' dir='ltr'><strong><em>sedulo</em></strong></span> <span class='ocrx_word' id='word_1_242' title='bbox 1973 2911 2028 2964; x_wconf 83' lang='lat' dir='ltr'><strong><em>in</em></strong></span> <span class='ocrx_word' id='word_1_243' title='bbox 2067 2910 2337 2966; x_wconf 80' lang='lat' dir='ltr'><strong><em>Vaticanis</em></strong></span> <span class='ocrx_word' id='word_1_244' title='bbox 2377 2912 2645 2966; x_wconf 79' lang='lat' dir='ltr'><strong><em>codicibus</em></strong></span> <span class='ocrx_word' id='word_1_245' title='bbox 2676 2914 2912 2985; x_wconf 85' lang='lat' dir='ltr'><strong><em>nunquid</em></strong></span> <span class='ocrx_word' id='word_1_246' title='bbox 2941 2913 3076 2984; x_wconf 89' lang='lat' dir='ltr'><strong><em>forte</em></strong></span> <span class='ocrx_word' id='word_1_247' title='bbox 3115 2915 3326 2976; x_wconf 88' lang='lat' dir='ltr'><strong><em>lateret,</em></strong></span> <span class='ocrx_word' id='word_1_248' title='bbox 3361 2913 3498 2984; x_wconf 88' lang='lat' dir='ltr'><strong><em>quod</em></strong></span> <span class='ocrx_word' id='word_1_249' title='bbox 3525 2915 3676 2968; x_wconf 66' lang='lat' dir='ltr'><strong><em>ultra</em></strong></span> 
     </span>
    </p>
   </div>
   <div class='ocr_carea' id='block_1_22' title="bbox 411 3001 3674 3077">
    <p class='ocr_par' dir='ltr' id='par_1_22' title="bbox 411 3001 3674 3077">
     <span class='ocr_line' id='line_1_22' title="bbox 411 3001 3674 3077; baseline 0.002 -22"><span class='ocrx_word' id='word_1_250' title='bbox 411 3003 722 3073; x_wconf 69' lang='lat' dir='ltr'><strong><em>pra&#39;dictam</em></strong></span> <span class='ocrx_word' id='word_1_251' title='bbox 748 3003 862 3073; x_wconf 87' lang='lat' dir='ltr'><strong><em>ejus</em></strong></span> <span class='ocrx_word' id='word_1_252' title='bbox 889 3003 1170 3058; x_wconf 85' lang='lat' dir='ltr'><strong><em>editionem</em></strong></span> <span class='ocrx_word' id='word_1_253' title='bbox 1203 3011 1522 3057; x_wconf 72' lang='lat' dir='ltr'><strong><em>excurreret.</em></strong></span> <span class='ocrx_word' id='word_1_254' title='bbox 1568 3001 1637 3057; x_wconf 89' lang='lat' dir='ltr'><strong><em>Et</em></strong></span> <span class='ocrx_word' id='word_1_255' title='bbox 1665 3003 1900 3057; x_wconf 88' lang='lat' dir='ltr'><strong><em>continui</em></strong></span> <span class='ocrx_word' id='word_1_256' title='bbox 1931 3005 2140 3075; x_wconf 85' lang='lat' dir='ltr'><strong><em>quidem</em></strong></span> <span class='ocrx_word' id='word_1_257' title='bbox 2169 3007 2555 3069; x_wconf 83' lang='lat' dir='ltr'><strong><em>commentarii,</em></strong></span> <span class='ocrx_word' id='word_1_258' title='bbox 2581 3006 2758 3077; x_wconf 89' lang='lat' dir='ltr'><strong><em>qualis</em></strong></span> <span class='ocrx_word' id='word_1_259' title='bbox 2793 3005 2933 3077; x_wconf 88' lang='lat' dir='ltr'><strong><em>apud</em></strong></span> <span class='ocrx_word' id='word_1_260' title='bbox 2959 3005 3418 3077; x_wconf 66' lang='lat' dir='ltr'><strong><em>Montfauconium</em></strong></span> <span class='ocrx_word' id='word_1_261' title='bbox 3443 3016 3542 3070; x_wconf 88' lang='lat' dir='ltr'><strong><em>est,</em></strong></span> <span class='ocrx_word' id='word_1_262' title='bbox 3565 3016 3674 3060; x_wconf 79' lang='lat' dir='ltr'><strong><em>tres</em></strong></span> 
     </span>
    </p>
   </div>
   <div class='ocr_carea' id='block_1_23' title="bbox 412 3096 3670 3172">
    <p class='ocr_par' dir='ltr' id='par_1_23' title="bbox 412 3096 3670 3172">
     <span class='ocr_line' id='line_1_23' title="bbox 412 3096 3670 3172; baseline 0.002 -20"><span class='ocrx_word' id='word_1_263' title='bbox 412 3097 520 3152; x_wconf 84' lang='lat' dir='ltr'><strong><em>vidi</em></strong></span> <span class='ocrx_word' id='word_1_264' title='bbox 545 3096 746 3151; x_wconf 87' lang='lat' dir='ltr'><strong><em>codices</em></strong></span> <span class='ocrx_word' id='word_1_265' title='bbox 786 3096 1088 3160; x_wconf 89' lang='lat' dir='ltr'><strong><em>Vaticanos,</em></strong></span> <span class='ocrx_word' id='word_1_266' title='bbox 1127 3113 1350 3168; x_wconf 87' lang='lat' dir='ltr'><strong><em>quorum</em></strong></span> <span class='ocrx_word' id='word_1_267' title='bbox 1380 3105 1555 3150; x_wconf 89' lang='lat' dir='ltr'><strong><em>tamen</em></strong></span> <span class='ocrx_word' id='word_1_268' title='bbox 1602 3096 1780 3152; x_wconf 90' lang='lat' dir='ltr'><strong><em>nullus</em></strong></span> <span class='ocrx_word' id='word_1_269' title='bbox 1813 3097 1962 3151; x_wconf 67' lang='lat' dir='ltr'><strong><em>ultra,</em></strong></span> <span class='ocrx_word' id='word_1_270' title='bbox 1993 3099 2258 3169; x_wconf 87' lang='lat' dir='ltr'><strong><em>p’salmum</em></strong></span> <span class='ocrx_word' id='word_1_271' title='bbox 2296 3114 2428 3165; x_wconf 84' lang='lat' dir='ltr'><strong><em>cm,</em></strong></span> <span class='ocrx_word' id='word_1_272' title='bbox 2471 3111 2664 3169; x_wconf 69' lang='lat' dir='ltr'><strong><em>praeter</em></strong></span> <span class='ocrx_word' id='word_1_273' title='bbox 2702 3101 3003 3172; x_wconf 87' lang='lat' dir='ltr'><strong><em>interjectas</em></strong></span> <span class='ocrx_word' id='word_1_274' title='bbox 3042 3101 3283 3165; x_wconf 88' lang='lat' dir='ltr'><strong><em>lacunas,</em></strong></span> <span class='ocrx_word' id='word_1_275' title='bbox 3335 3100 3670 3170; x_wconf 78' lang='lat' dir='ltr'><strong><em>procedebat.</em></strong></span> 
     </span>
    </p>
   </div>
   <div class='ocr_carea' id='block_1_24' title="bbox 415 3191 3676 3265">
    <p class='ocr_par' dir='ltr' id='par_1_24' title="bbox 415 3191 3676 3265">
     <span class='ocr_line' id='line_1_24' title="bbox 415 3191 3676 3265; baseline -0 -18"><span class='ocrx_word' id='word_1_276' title='bbox 415 3192 558 3264; x_wconf 83' lang='lat' dir='ltr'><strong><em>Ergo</em></strong></span> <span class='ocrx_word' id='word_1_277' title='bbox 587 3193 656 3247; x_wconf 91' lang='lat' dir='ltr'><strong><em>ad</em></strong></span> <span class='ocrx_word' id='word_1_278' title='bbox 685 3191 917 3248; x_wconf 89' lang='lat' dir='ltr'><strong><em>Catenas</em></strong></span> <span class='ocrx_word' id='word_1_279' title='bbox 961 3191 1248 3246; x_wconf 83' lang='lat' dir='ltr'><strong><em>Vaticanus</em></strong></span> <span class='ocrx_word' id='word_1_280' title='bbox 1290 3207 1595 3257; x_wconf 86' lang='lat' dir='ltr'><strong><em>conversus,</em></strong></span> <span class='ocrx_word' id='word_1_281' title='bbox 1628 3191 1683 3245; x_wconf 91' lang='lat' dir='ltr'><strong><em>in</em></strong></span> <span class='ocrx_word' id='word_1_282' title='bbox 1710 3191 1898 3261; x_wconf 89' lang='lat' dir='ltr'><strong><em>quibus</em></strong></span> <span class='ocrx_word' id='word_1_283' title='bbox 1929 3192 2142 3248; x_wconf 86' lang='lat' dir='ltr'><strong><em>Eusebii</em></strong></span> <span class='ocrx_word' id='word_1_284' title='bbox 2172 3192 2445 3247; x_wconf 89' lang='lat' dir='ltr'><strong><em>abundant</em></strong></span> <span class='ocrx_word' id='word_1_285' title='bbox 2472 3203 2741 3264; x_wconf 71' lang='lat' dir='ltr'><strong><em>excerpta,</em></strong></span> <span class='ocrx_word' id='word_1_286' title='bbox 2771 3195 2827 3248; x_wconf 93' lang='lat' dir='ltr'><strong><em>in</em></strong></span> <span class='ocrx_word' id='word_1_287' title='bbox 2865 3194 3124 3265; x_wconf 88' lang='lat' dir='ltr'><strong><em>plerisque</em></strong></span> <span class='ocrx_word' id='word_1_288' title='bbox 3151 3194 3327 3264; x_wconf 85' lang='lat' dir='ltr'><strong><em>utique</em></strong></span> <span class='ocrx_word' id='word_1_289' title='bbox 3366 3194 3552 3264; x_wconf 80' lang='lat' dir='ltr'><strong><em>agnovi</em></strong></span> <span class='ocrx_word' id='word_1_290' title='bbox 3580 3193 3676 3247; x_wconf 84' lang='lat' dir='ltr'><strong><em>de-</em></strong></span> 
     </span>
    </p>
   </div>
   <div class='ocr_carea' id='block_1_25' title="bbox 414 3284 3673 3358">
    <p class='ocr_par' dir='ltr' id='par_1_25' title="bbox 414 3284 3673 3358">
     <span class='ocr_line' id='line_1_25' title="bbox 414 3284 3673 3358; baseline -0.002 -15"><span class='ocrx_word' id='word_1_291' title='bbox 414 3290 570 3358; x_wconf 81' lang='lat' dir='ltr'><strong><em>ficere</em></strong></span> <span class='ocrx_word' id='word_1_292' title='bbox 606 3289 818 3342; x_wconf 89' lang='lat' dir='ltr'><strong><em>omnino</em></strong></span> <span class='ocrx_word' id='word_1_293' title='bbox 859 3286 1142 3341; x_wconf 86' lang='lat' dir='ltr'><strong><em>Eusebium</em></strong></span> <span class='ocrx_word' id='word_1_294' title='bbox 1181 3295 1297 3356; x_wconf 91' lang='lat' dir='ltr'><strong><em>post</em></strong></span> <span class='ocrx_word' id='word_1_295' title='bbox 1333 3285 1593 3356; x_wconf 83' lang='lat' dir='ltr'><strong><em>psalmum</em></strong></span> <span class='ocrx_word' id='word_1_296' title='bbox 1625 3300 1815 3345; x_wconf 76' lang='lat' dir='ltr'><strong><em>cxvm,</em></strong></span> <span class='ocrx_word' id='word_1_297' title='bbox 1847 3301 1964 3356; x_wconf 69' lang='lat' dir='ltr'><strong><em>quas</em></strong></span> <span class='ocrx_word' id='word_1_298' title='bbox 1993 3302 2074 3340; x_wconf 90' lang='lat' dir='ltr'><strong><em>res</em></strong></span> <span class='ocrx_word' id='word_1_299' title='bbox 2114 3302 2232 3340; x_wconf 89' lang='lat' dir='ltr'><strong><em>cum</em></strong></span> <span class='ocrx_word' id='word_1_300' title='bbox 2269 3284 2656 3356; x_wconf 80' lang='lat' dir='ltr'><strong><em>Montfauconii</em></strong></span> <span class='ocrx_word' id='word_1_301' title='bbox 2693 3285 2758 3340; x_wconf 91' lang='lat' dir='ltr'><strong><em>de</em></strong></span> <span class='ocrx_word' id='word_1_302' title='bbox 2803 3285 3094 3341; x_wconf 85' lang='lat' dir='ltr'><strong><em>Parisiacis</em></strong></span> <span class='ocrx_word' id='word_1_303' title='bbox 3124 3285 3336 3341; x_wconf 86' lang='lat' dir='ltr'><strong><em>Catenis</em></strong></span> <span class='ocrx_word' id='word_1_304' title='bbox 3363 3286 3673 3339; x_wconf 84' lang='lat' dir='ltr'><strong><em>narratione</em></strong></span> 
     </span>
    </p>
   </div>
   <div class='ocr_carea' id='block_1_26' title="bbox 413 3375 3686 3451">
    <p class='ocr_par' dir='ltr' id='par_1_26' title="bbox 413 3375 3686 3451">
     <span class='ocr_line' id='line_1_26' title="bbox 413 3375 3686 3451; baseline -0.001 -18"><span class='ocrx_word' id='word_1_305' title='bbox 413 3381 677 3451; x_wconf 74' lang='lat' dir='ltr'><strong><em>congruit.</em></strong></span> <span class='ocrx_word' id='word_1_306' title='bbox 713 3379 816 3434; x_wconf 89' lang='lat' dir='ltr'><strong><em>Sed</em></strong></span> <span class='ocrx_word' id='word_1_307' title='bbox 866 3388 1039 3432; x_wconf 89' lang='lat' dir='ltr'><strong><em>tamen</em></strong></span> <span class='ocrx_word' id='word_1_308' title='bbox 1077 3377 1217 3448; x_wconf 89' lang='lat' dir='ltr'><strong><em>quod</em></strong></span> <span class='ocrx_word' id='word_1_309' title='bbox 1244 3378 1365 3432; x_wconf 85' lang='lat' dir='ltr'><strong><em>huic</em></strong></span> <span class='ocrx_word' id='word_1_310' title='bbox 1406 3375 1561 3432; x_wconf 87' lang='lat' dir='ltr'><strong><em>docto</em></strong></span> <span class='ocrx_word' id='word_1_311' title='bbox 1604 3375 1794 3431; x_wconf 88' lang='lat' dir='ltr'><strong><em>editori</em></strong></span> <span class='ocrx_word' id='word_1_312' title='bbox 1823 3394 1926 3430; x_wconf 85' lang='lat' dir='ltr'><strong><em>non</em></strong></span> <span class='ocrx_word' id='word_1_313' title='bbox 1959 3375 2165 3448; x_wconf 87' lang='lat' dir='ltr'><strong><em>obtigit,</em></strong></span> <span class='ocrx_word' id='word_1_314' title='bbox 2197 3388 2255 3431; x_wconf 91' lang='lat' dir='ltr'><strong><em>ut</em></strong></span> <span class='ocrx_word' id='word_1_315' title='bbox 2300 3378 2445 3432; x_wconf 90' lang='lat' dir='ltr'><strong><em>ultra</em></strong></span> <span class='ocrx_word' id='word_1_316' title='bbox 2482 3395 2600 3433; x_wconf 88' lang='lat' dir='ltr'><strong><em>eum</em></strong></span> <span class='ocrx_word' id='word_1_317' title='bbox 2652 3379 2930 3432; x_wconf 87' lang='lat' dir='ltr'><strong><em>terminum</em></strong></span> <span class='ocrx_word' id='word_1_318' title='bbox 2965 3377 3268 3449; x_wconf 72' lang='lat' dir='ltr'><strong><em>pra&#39;tervehi</em></strong></span> <span class='ocrx_word' id='word_1_319' title='bbox 3314 3387 3510 3446; x_wconf 87' lang='lat' dir='ltr'><strong><em>posset,</em></strong></span> <span class='ocrx_word' id='word_1_320' title='bbox 3542 3377 3686 3430; x_wconf 72' lang='lat' dir='ltr'><strong><em>mibi-</em></strong></span> 
     </span>
    </p>
   </div>
   <div class='ocr_carea' id='block_1_27' title="bbox 415 3468 3680 3542">
    <p class='ocr_par' dir='ltr' id='par_1_27' title="bbox 415 3468 3680 3542">
     <span class='ocr_line' id='line_1_27' title="bbox 415 3468 3680 3542; baseline -0.002 -14"><span class='ocrx_word' id='word_1_321' title='bbox 415 3473 687 3529; x_wconf 87' lang='lat' dir='ltr'><strong><em>commode</em></strong></span> <span class='ocrx_word' id='word_1_322' title='bbox 714 3490 776 3527; x_wconf 93' lang='lat' dir='ltr'><strong><em>ac</em></strong></span> <span class='ocrx_word' id='word_1_323' title='bbox 821 3473 1045 3542; x_wconf 79' lang='lat' dir='ltr'><strong><em>feliciter</em></strong></span> <span class='ocrx_word' id='word_1_324' title='bbox 1087 3471 1336 3526; x_wconf 79' lang='lat' dir='ltr'><strong><em>obvenit:</em></strong></span> <span class='ocrx_word' id='word_1_325' title='bbox 1365 3471 1553 3525; x_wconf 89' lang='lat' dir='ltr'><strong><em>etenim</em></strong></span> <span class='ocrx_word' id='word_1_326' title='bbox 1582 3469 1720 3524; x_wconf 89' lang='lat' dir='ltr'><strong><em>inter</em></strong></span> <span class='ocrx_word' id='word_1_327' title='bbox 1767 3479 1840 3523; x_wconf 90' lang='lat' dir='ltr'><strong><em>tot</em></strong></span> <span class='ocrx_word' id='word_1_328' title='bbox 1885 3469 2193 3534; x_wconf 84' lang='lat' dir='ltr'><strong><em>Vaticanos,</em></strong></span> <span class='ocrx_word' id='word_1_329' title='bbox 2233 3479 2338 3525; x_wconf 86' lang='lat' dir='ltr'><strong><em>tres</em></strong></span> <span class='ocrx_word' id='word_1_330' title='bbox 2369 3471 2542 3525; x_wconf 87' lang='lat' dir='ltr'><strong><em>inveni</em></strong></span> <span class='ocrx_word' id='word_1_331' title='bbox 2572 3469 2825 3535; x_wconf 89' lang='lat' dir='ltr'><strong><em>Catenas,</em></strong></span> <span class='ocrx_word' id='word_1_332' title='bbox 2865 3471 2918 3524; x_wconf 89' lang='lat' dir='ltr'><strong><em>in</em></strong></span> <span class='ocrx_word' id='word_1_333' title='bbox 2954 3470 3142 3542; x_wconf 87' lang='lat' dir='ltr'><strong><em>quibus</em></strong></span> <span class='ocrx_word' id='word_1_334' title='bbox 3181 3468 3393 3523; x_wconf 85' lang='lat' dir='ltr'><strong><em>Eusebii</em></strong></span> <span class='ocrx_word' id='word_1_335' title='bbox 3425 3478 3680 3538; x_wconf 64' lang='lat' dir='ltr'><strong><em>excerpta</em></strong></span> 
     </span>
    </p>
   </div>
   <div class='ocr_carea' id='block_1_28' title="bbox 418 3560 3691 3633">
    <p class='ocr_par' dir='ltr' id='par_1_28' title="bbox 418 3560 3691 3633">
     <span class='ocr_line' id='line_1_28' title="bbox 418 3560 3691 3633; baseline -0.002 -13"><span class='ocrx_word' id='word_1_336' title='bbox 418 3584 520 3620; x_wconf 87' lang='lat' dir='ltr'><strong><em>non</em></strong></span> <span class='ocrx_word' id='word_1_337' title='bbox 545 3563 921 3620; x_wconf 89' lang='lat' dir='ltr'><strong><em>contemnenda</em></strong></span> <span class='ocrx_word' id='word_1_338' title='bbox 957 3580 1119 3633; x_wconf 88' lang='lat' dir='ltr'><strong><em>usque</em></strong></span> <span class='ocrx_word' id='word_1_339' title='bbox 1163 3564 1231 3616; x_wconf 89' lang='lat' dir='ltr'><strong><em>ad</em></strong></span> <span class='ocrx_word' id='word_1_340' title='bbox 1261 3560 1516 3617; x_wconf 90' lang='lat' dir='ltr'><strong><em>Psalterii</em></strong></span> <span class='ocrx_word' id='word_1_341' title='bbox 1547 3562 1701 3632; x_wconf 80' lang='lat' dir='ltr'><strong><em>ﬁnem</em></strong></span> <span class='ocrx_word' id='word_1_342' title='bbox 1731 3561 1991 3632; x_wconf 85' lang='lat' dir='ltr'><strong><em>leguntur.</em></strong></span> <span class='ocrx_word' id='word_1_343' title='bbox 2040 3561 2228 3616; x_wconf 87' lang='lat' dir='ltr'><strong><em>Prima</em></strong></span> <span class='ocrx_word' id='word_1_344' title='bbox 2255 3571 2334 3617; x_wconf 90' lang='lat' dir='ltr'><strong><em>est</em></strong></span> <span class='ocrx_word' id='word_1_345' title='bbox 2375 3573 2561 3618; x_wconf 88' lang='lat' dir='ltr'><strong><em>catena</em></strong></span> <span class='ocrx_word' id='word_1_346' title='bbox 2588 3564 2870 3632; x_wconf 87' lang='lat' dir='ltr'><strong><em>pervetusti</em></strong></span> <span class='ocrx_word' id='word_1_347' title='bbox 2907 3563 3226 3617; x_wconf 81' lang='lat' dir='ltr'><strong><em>membranei</em></strong></span> <span class='ocrx_word' id='word_1_348' title='bbox 3249 3561 3465 3627; x_wconf 85' lang='lat' dir='ltr'><strong><em>codicis,</em></strong></span> <span class='ocrx_word' id='word_1_349' title='bbox 3490 3562 3691 3616; x_wconf 49' lang='lat' dir='ltr'><strong><em>saeculis</em></strong></span> 
     </span>
    </p>
   </div>
   <div class='ocr_carea' id='block_1_29' title="bbox 418 3653 3674 3729">
    <p class='ocr_par' dir='ltr' id='par_1_29' title="bbox 418 3653 3674 3729">
     <span class='ocr_line' id='line_1_29' title="bbox 418 3653 3674 3729; baseline -0.001 -18"><span class='ocrx_word' id='word_1_350' title='bbox 418 3658 582 3728; x_wconf 83' lang='lat' dir='ltr'><strong><em>ferme</em></strong></span> <span class='ocrx_word' id='word_1_351' title='bbox 604 3673 657 3712; x_wconf 78' lang='lat' dir='ltr'><strong><em>XI</em></strong></span> <span class='ocrx_word' id='word_1_352' title='bbox 682 3673 832 3729; x_wconf 89' lang='lat' dir='ltr'><strong><em>quem</em></strong></span> <span class='ocrx_word' id='word_1_353' title='bbox 862 3656 916 3710; x_wconf 93' lang='lat' dir='ltr'><strong><em>in</em></strong></span> <span class='ocrx_word' id='word_1_354' title='bbox 941 3655 1128 3726; x_wconf 83' lang='lat' dir='ltr'><strong><em>Cyrilli</em></strong></span> <span class='ocrx_word' id='word_1_355' title='bbox 1152 3655 1378 3710; x_wconf 81' lang='lat' dir='ltr'><strong><em>editione</em></strong></span> <span class='ocrx_word' id='word_1_356' title='bbox 1401 3655 1476 3726; x_wconf 90' lang='lat' dir='ltr'><strong><em>(in</em></strong></span> <span class='ocrx_word' id='word_1_357' title='bbox 1500 3671 1604 3725; x_wconf 90' lang='lat' dir='ltr'><strong><em>qua</em></strong></span> <span class='ocrx_word' id='word_1_358' title='bbox 1639 3653 1927 3709; x_wconf 83' lang='lat' dir='ltr'><strong><em>Vaticanus</em></strong></span> <span class='ocrx_word' id='word_1_359' title='bbox 1951 3654 2020 3707; x_wconf 89' lang='lat' dir='ltr'><strong><em>ad</em></strong></span> <span class='ocrx_word' id='word_1_360' title='bbox 2051 3655 2372 3710; x_wconf 82' lang='lat' dir='ltr'><strong><em>Psalterium</em></strong></span> <span class='ocrx_word' id='word_1_361' title='bbox 2404 3654 2633 3711; x_wconf 79' lang='lat' dir='ltr'><strong><em>Catenas</em></strong></span> <span class='ocrx_word' id='word_1_362' title='bbox 2665 3656 2942 3725; x_wconf 88' lang='lat' dir='ltr'><strong><em>descripsi)</em></strong></span> <span class='ocrx_word' id='word_1_363' title='bbox 2972 3655 3240 3726; x_wconf 80' lang='lat' dir='ltr'><strong><em>designavi</em></strong></span> <span class='ocrx_word' id='word_1_364' title='bbox 3263 3655 3444 3709; x_wconf 89' lang='lat' dir='ltr'><strong><em>littera</em></strong></span> <span class='ocrx_word' id='word_1_365' title='bbox 3472 3653 3541 3709; x_wconf 91' lang='lat' dir='ltr'><strong><em>D.</em></strong></span> <span class='ocrx_word' id='word_1_366' title='bbox 3575 3654 3674 3709; x_wconf 84' lang='lat' dir='ltr'><strong><em>Se-</em></strong></span> 
     </span>
    </p>
   </div>
   <div class='ocr_carea' id='block_1_30' title="bbox 418 3744 3668 3820">
    <p class='ocr_par' dir='ltr' id='par_1_30' title="bbox 418 3744 3668 3820">
     <span class='ocr_line' id='line_1_30' title="bbox 418 3744 3668 3820; baseline -0.002 -15"><span class='ocrx_word' id='word_1_367' title='bbox 418 3753 593 3806; x_wconf 85' lang='lat' dir='ltr'><strong><em>cunda</em></strong></span> <span class='ocrx_word' id='word_1_368' title='bbox 619 3761 698 3806; x_wconf 90' lang='lat' dir='ltr'><strong><em>est</em></strong></span> <span class='ocrx_word' id='word_1_369' title='bbox 730 3750 924 3805; x_wconf 84' lang='lat' dir='ltr'><strong><em>codicis</em></strong></span> <span class='ocrx_word' id='word_1_370' title='bbox 961 3752 1082 3804; x_wconf 90' lang='lat' dir='ltr'><strong><em>item</em></strong></span> <span class='ocrx_word' id='word_1_371' title='bbox 1113 3749 1324 3820; x_wconf 89' lang='lat' dir='ltr'><strong><em>egregii,</em></strong></span> <span class='ocrx_word' id='word_1_372' title='bbox 1357 3748 1669 3820; x_wconf 79' lang='lat' dir='ltr'><strong><em>bombycini,</em></strong></span> <span class='ocrx_word' id='word_1_373' title='bbox 1694 3749 1875 3802; x_wconf 69' lang='lat' dir='ltr'><strong><em>saeculi</em></strong></span> <span class='ocrx_word' id='word_1_374' title='bbox 1894 3749 2106 3803; x_wconf 83' lang='lat' dir='ltr'><strong><em>circiter</em></strong></span> <span class='ocrx_word' id='word_1_375' title='bbox 2136 3764 2258 3814; x_wconf 77' lang='lat' dir='ltr'><strong><em>xm,</em></strong></span> <span class='ocrx_word' id='word_1_376' title='bbox 2281 3766 2433 3820; x_wconf 89' lang='lat' dir='ltr'><strong><em>quem</em></strong></span> <span class='ocrx_word' id='word_1_377' title='bbox 2464 3749 2720 3804; x_wconf 70' lang='lat' dir='ltr'><strong><em>denotavi</em></strong></span> <span class='ocrx_word' id='word_1_378' title='bbox 2745 3749 2925 3804; x_wconf 89' lang='lat' dir='ltr'><strong><em>littera</em></strong></span> <span class='ocrx_word' id='word_1_379' title='bbox 2962 3748 3025 3805; x_wconf 78' lang='grc' dir='ltr'><strong><em>ϐ..</em></strong></span> <span class='ocrx_word' id='word_1_380' title='bbox 3066 3748 3246 3803; x_wconf 82' lang='lat' dir='ltr'><strong><em>Tertia</em></strong></span> <span class='ocrx_word' id='word_1_381' title='bbox 3277 3756 3358 3802; x_wconf 89' lang='lat' dir='ltr'><strong><em>est</em></strong></span> <span class='ocrx_word' id='word_1_382' title='bbox 3379 3745 3576 3801; x_wconf 84' lang='lat' dir='ltr'><strong><em>codicis</em></strong></span> <span class='ocrx_word' id='word_1_383' title='bbox 3603 3744 3668 3811; x_wconf 84' lang='lat' dir='ltr'><strong><em>C,</em></strong></span> 
     </span>
    </p>
   </div>
   <div class='ocr_carea' id='block_1_31' title="bbox 419 3837 3672 3913">
    <p class='ocr_par' dir='ltr' id='par_1_31' title="bbox 419 3837 3672 3913">
     <span class='ocr_line' id='line_1_31' title="bbox 419 3837 3672 3913; baseline -0.002 -16"><span class='ocrx_word' id='word_1_384' title='bbox 419 3845 705 3899; x_wconf 84' lang='lat' dir='ltr'><strong><em>chartacei.</em></strong></span> <span class='ocrx_word' id='word_1_385' title='bbox 743 3843 972 3913; x_wconf 88' lang='lat' dir='ltr'><strong><em>Denique</em></strong></span> <span class='ocrx_word' id='word_1_386' title='bbox 1007 3843 1168 3897; x_wconf 90' lang='lat' dir='ltr'><strong><em>etiam</em></strong></span> <span class='ocrx_word' id='word_1_387' title='bbox 1203 3843 1258 3895; x_wconf 90' lang='lat' dir='ltr'><strong><em>in</em></strong></span> <span class='ocrx_word' id='word_1_388' title='bbox 1291 3840 1556 3895; x_wconf 86' lang='lat' dir='ltr'><strong><em>codicibus</em></strong></span> <span class='ocrx_word' id='word_1_389' title='bbox 1585 3839 1633 3894; x_wconf 89' lang='lat' dir='ltr'><strong><em>E</em></strong></span> <span class='ocrx_word' id='word_1_390' title='bbox 1652 3851 1701 3895; x_wconf 92' lang='lat' dir='ltr'><strong><em>et</em></strong></span> <span class='ocrx_word' id='word_1_391' title='bbox 1734 3839 1798 3906; x_wconf 90' lang='lat' dir='ltr'><strong><em>L,</em></strong></span> <span class='ocrx_word' id='word_1_392' title='bbox 1831 3841 2088 3896; x_wconf 86' lang='lat' dir='ltr'><strong><em>nonnulla</em></strong></span> <span class='ocrx_word' id='word_1_393' title='bbox 2117 3840 2329 3896; x_wconf 75' lang='lat' dir='ltr'><strong><em>Eusebii</em></strong></span> <span class='ocrx_word' id='word_1_394' title='bbox 2352 3852 2470 3912; x_wconf 90' lang='lat' dir='ltr'><strong><em>post</em></strong></span> <span class='ocrx_word' id='word_1_395' title='bbox 2507 3857 2676 3898; x_wconf 79' lang='lat' dir='ltr'><strong><em>cxvm</em></strong></span> <span class='ocrx_word' id='word_1_396' title='bbox 2705 3841 2967 3912; x_wconf 87' lang='lat' dir='ltr'><strong><em>psalmum</em></strong></span> <span class='ocrx_word' id='word_1_397' title='bbox 2995 3841 3194 3896; x_wconf 83' lang='lat' dir='ltr'><strong><em>scholia</em></strong></span> <span class='ocrx_word' id='word_1_398' title='bbox 3214 3849 3510 3910; x_wconf 87' lang='lat' dir='ltr'><strong><em>supersunt.</em></strong></span> <span class='ocrx_word' id='word_1_399' title='bbox 3537 3837 3672 3904; x_wconf 72' lang='lat' dir='ltr'><strong><em>Quae</em></strong></span> 
     </span>
    </p>
   </div>
   <div class='ocr_carea' id='block_1_32' title="bbox 421 3932 3664 4006">
    <p class='ocr_par' dir='ltr' id='par_1_32' title="bbox 421 3932 3664 4006">
     <span class='ocr_line' id='line_1_32' title="bbox 421 3932 3664 4006; baseline -0.002 -16"><span class='ocrx_word' id='word_1_400' title='bbox 421 3953 538 3990; x_wconf 89' lang='lat' dir='ltr'><strong><em>cum</em></strong></span> <span class='ocrx_word' id='word_1_401' title='bbox 571 3938 646 3989; x_wconf 91' lang='lat' dir='ltr'><strong><em>ita</em></strong></span> <span class='ocrx_word' id='word_1_402' title='bbox 677 3952 731 3990; x_wconf 88' lang='lat' dir='ltr'><strong><em>se</em></strong></span> <span class='ocrx_word' id='word_1_403' title='bbox 757 3934 1024 3999; x_wconf 86' lang='lat' dir='ltr'><strong><em>haberent,</em></strong></span> <span class='ocrx_word' id='word_1_404' title='bbox 1067 3932 1213 3988; x_wconf 90' lang='lat' dir='ltr'><strong><em>nolui</em></strong></span> <span class='ocrx_word' id='word_1_405' title='bbox 1245 3932 1482 4004; x_wconf 88' lang='lat' dir='ltr'><strong><em>equidem</em></strong></span> <span class='ocrx_word' id='word_1_406' title='bbox 1522 3932 1758 3987; x_wconf 88' lang='lat' dir='ltr'><strong><em>oblatam</em></strong></span> <span class='ocrx_word' id='word_1_407' title='bbox 1799 3933 2106 4002; x_wconf 80' lang='lat' dir='ltr'><strong><em>facultatem</em></strong></span> <span class='ocrx_word' id='word_1_408' title='bbox 2149 3935 2388 3990; x_wconf 90' lang='lat' dir='ltr'><strong><em>omittere</em></strong></span> <span class='ocrx_word' id='word_1_409' title='bbox 2427 3935 2700 4005; x_wconf 84' lang='lat' dir='ltr'><strong><em>supplendi</em></strong></span> <span class='ocrx_word' id='word_1_410' title='bbox 2729 3937 3007 4006; x_wconf 79' lang='lat' dir='ltr'><strong><em>egregiam,</em></strong></span> <span class='ocrx_word' id='word_1_411' title='bbox 3035 3944 3290 4005; x_wconf 88' lang='lat' dir='ltr'><strong><em>quantum</em></strong></span> <span class='ocrx_word' id='word_1_412' title='bbox 3337 3933 3464 3987; x_wconf 85' lang='lat' dir='ltr'><strong><em>mihi</em></strong></span> <span class='ocrx_word' id='word_1_413' title='bbox 3493 3932 3664 3996; x_wconf 88' lang='lat' dir='ltr'><strong><em>licuit,</em></strong></span> 
     </span>
    </p>
   </div>
   <div class='ocr_carea' id='block_1_33' title="bbox 421 4025 3690 4099">
    <p class='ocr_par' dir='ltr' id='par_1_33' title="bbox 421 4025 3690 4099">
     <span class='ocr_line' id='line_1_33' title="bbox 421 4025 3690 4099; baseline -0.001 -19"><span class='ocrx_word' id='word_1_414' title='bbox 421 4026 815 4096; x_wconf 77' lang='lat' dir='ltr'><strong><em>Montfauconii</em></strong></span> <span class='ocrx_word' id='word_1_415' title='bbox 863 4027 1174 4093; x_wconf 89' lang='lat' dir='ltr'><strong><em>editionem,</em></strong></span> <span class='ocrx_word' id='word_1_416' title='bbox 1206 4033 1257 4080; x_wconf 91' lang='lat' dir='ltr'><strong><em>et</em></strong></span> <span class='ocrx_word' id='word_1_417' title='bbox 1293 4026 1338 4079; x_wconf 92' lang='lat' dir='ltr'><strong><em>si</em></strong></span> <span class='ocrx_word' id='word_1_418' title='bbox 1369 4041 1470 4078; x_wconf 91' lang='lat' dir='ltr'><strong><em>non</em></strong></span> <span class='ocrx_word' id='word_1_419' title='bbox 1494 4026 1754 4096; x_wconf 85' lang='lat' dir='ltr'><strong><em>integrum</em></strong></span> <span class='ocrx_word' id='word_1_420' title='bbox 1797 4025 2006 4080; x_wconf 89' lang='lat' dir='ltr'><strong><em>Eusebii</em></strong></span> <span class='ocrx_word' id='word_1_421' title='bbox 2029 4025 2500 4095; x_wconf 87' lang='lat' dir='ltr'><strong><em>Commentarium,</em></strong></span> <span class='ocrx_word' id='word_1_422' title='bbox 2533 4029 2720 4083; x_wconf 91' lang='lat' dir='ltr'><strong><em>saltem</em></strong></span> <span class='ocrx_word' id='word_1_423' title='bbox 2762 4029 2877 4099; x_wconf 88' lang='lat' dir='ltr'><strong><em>ejus</em></strong></span> <span class='ocrx_word' id='word_1_424' title='bbox 2911 4037 3153 4096; x_wconf 75' lang='lat' dir='ltr'><strong><em>excerpta</em></strong></span> <span class='ocrx_word' id='word_1_425' title='bbox 3189 4026 3522 4093; x_wconf 48' lang='lat' dir='ltr'><strong><em>et*reliquias</em></strong></span> <span class='ocrx_word' id='word_1_426' title='bbox 3553 4034 3690 4079; x_wconf 49' lang='lat' dir='ltr'><strong><em>stum</em></strong></span> 
     </span>
    </p>
   </div>
   <div class='ocr_carea' id='block_1_34' title="bbox 419 4115 3598 4191">
    <p class='ocr_par' dir='ltr' id='par_1_34' title="bbox 419 4115 3598 4191">
     <span class='ocr_line' id='line_1_34' title="bbox 419 4115 3598 4191; baseline -0.001 -18"><span class='ocrx_word' id='word_1_427' title='bbox 419 4122 566 4176; x_wconf 90' lang='lat' dir='ltr'><strong><em>diose</em></strong></span> <span class='ocrx_word' id='word_1_428' title='bbox 593 4139 620 4176; x_wconf 91' lang='lat' dir='ltr'><strong><em>e</em></strong></span> <span class='ocrx_word' id='word_1_429' title='bbox 651 4120 916 4176; x_wconf 87' lang='lat' dir='ltr'><strong><em>codicibus</em></strong></span> <span class='ocrx_word' id='word_1_430' title='bbox 938 4129 1198 4191; x_wconf 90' lang='lat' dir='ltr'><strong><em>sumptas,</em></strong></span> <span class='ocrx_word' id='word_1_431' title='bbox 1231 4118 1520 4174; x_wconf 90' lang='lat' dir='ltr'><strong><em>Latinitate</em></strong></span> <span class='ocrx_word' id='word_1_432' title='bbox 1551 4120 1733 4184; x_wconf 91' lang='lat' dir='ltr'><strong><em>etiam,</em></strong></span> <span class='ocrx_word' id='word_1_433' title='bbox 1765 4121 2070 4175; x_wconf 87' lang='lat' dir='ltr'><strong><em>imminente</em></strong></span> <span class='ocrx_word' id='word_1_434' title='bbox 2094 4122 2261 4190; x_wconf 87' lang='lat' dir='ltr'><strong><em>prelo,</em></strong></span> <span class='ocrx_word' id='word_1_435' title='bbox 2297 4138 2329 4175; x_wconf 95' lang='lat' dir='ltr'><strong><em>a</em></strong></span> <span class='ocrx_word' id='word_1_436' title='bbox 2362 4137 2441 4176; x_wconf 90' lang='lat' dir='ltr'><strong><em>me</em></strong></span> <span class='ocrx_word' id='word_1_437' title='bbox 2470 4121 2720 4184; x_wconf 69' lang='lat' dir='ltr'><strong><em>donatas.</em></strong></span> <span class='ocrx_word' id='word_1_438' title='bbox 2754 4120 2823 4174; x_wconf 90' lang='lat' dir='ltr'><strong><em>ad</em></strong></span> <span class='ocrx_word' id='word_1_439' title='bbox 2846 4119 3096 4175; x_wconf 74' lang='lat' dir='ltr'><strong><em>Ecclesia:</em></strong></span> <span class='ocrx_word' id='word_1_440' title='bbox 3125 4135 3283 4174; x_wconf 86' lang='lat' dir='ltr'><strong><em>usum</em></strong></span> <span class='ocrx_word' id='word_1_441' title='bbox 3301 4115 3598 4189; x_wconf 88' lang='lat' dir='ltr'><strong><em>perducere.</em></strong></span> 
     </span>
    </p>
   </div>
   <div class='ocr_carea' id='block_1_35' title="bbox 493 4231 3668 4308">
    <p class='ocr_par' dir='ltr' id='par_1_35' title="bbox 493 4231 3668 4308">
     <span class='ocr_line' id='line_1_35' title="bbox 493 4231 3668 4308; baseline -0.002 -18"><span class='ocrx_word' id='word_1_442' title='bbox 493 4235 660 4290; x_wconf 79' lang='lat' dir='ltr'><strong><em>Porro</em></strong></span> <span class='ocrx_word' id='word_1_443' title='bbox 692 4235 833 4289; x_wconf 83' lang='lat' dir='ltr'><strong><em>haud</em></strong></span> <span class='ocrx_word' id='word_1_444' title='bbox 870 4237 1176 4290; x_wconf 90' lang='lat' dir='ltr'><strong><em>continuum</em></strong></span> <span class='ocrx_word' id='word_1_445' title='bbox 1203 4234 1339 4289; x_wconf 91' lang='lat' dir='ltr'><strong><em>hunc</em></strong></span> <span class='ocrx_word' id='word_1_446' title='bbox 1359 4251 1470 4290; x_wconf 88' lang='lat' dir='ltr'><strong><em>esse</em></strong></span> <span class='ocrx_word' id='word_1_447' title='bbox 1499 4233 1968 4299; x_wconf 86' lang='lat' dir='ltr'><strong><em>Commentarium,</em></strong></span> <span class='ocrx_word' id='word_1_448' title='bbox 1993 4235 2111 4305; x_wconf 87' lang='lat' dir='ltr'><strong><em>jam</em></strong></span> <span class='ocrx_word' id='word_1_449' title='bbox 2140 4235 2277 4308; x_wconf 75' lang='lat' dir='ltr'><strong><em>dixi,</em></strong></span> <span class='ocrx_word' id='word_1_450' title='bbox 2313 4237 2438 4308; x_wconf 81' lang='lat' dir='ltr'><strong><em>quia</em></strong></span> <span class='ocrx_word' id='word_1_451' title='bbox 2479 4238 2690 4291; x_wconf 83' lang='lat' dir='ltr'><strong><em>nonnisi</em></strong></span> <span class='ocrx_word' id='word_1_452' title='bbox 2723 4253 2750 4291; x_wconf 89' lang='lat' dir='ltr'><strong><em>e</em></strong></span> <span class='ocrx_word' id='word_1_453' title='bbox 2776 4237 2974 4290; x_wconf 86' lang='lat' dir='ltr'><strong><em>catenis</em></strong></span> <span class='ocrx_word' id='word_1_454' title='bbox 3007 4245 3276 4304; x_wconf 66' lang='lat' dir='ltr'><strong><em>excerptas</em></strong></span> <span class='ocrx_word' id='word_1_455' title='bbox 3298 4251 3331 4287; x_wconf 90' lang='lat' dir='ltr'><strong><em>a</em></strong></span> <span class='ocrx_word' id='word_1_456' title='bbox 3362 4232 3508 4288; x_wconf 90' lang='lat' dir='ltr'><strong><em>nobis</em></strong></span> <span class='ocrx_word' id='word_1_457' title='bbox 3545 4231 3668 4300; x_wconf 79' lang='lat' dir='ltr'><strong><em>fuit.-</em></strong></span> 
     </span>
    </p>
   </div>
   <div class='ocr_carea' id='block_1_36' title="bbox 422 4306 3671 4398">
    <p class='ocr_par' dir='ltr' id='par_1_36' title="bbox 422 4306 3671 4398">
     <span class='ocr_line' id='line_1_36' title="bbox 422 4306 3671 4398; baseline -0.001 -18"><span class='ocrx_word' id='word_1_458' title='bbox 422 4328 563 4392; x_wconf 77' lang='lat' dir='ltr'><strong><em>Quid</em></strong></span> <span class='ocrx_word' id='word_1_459' title='bbox 588 4329 744 4383; x_wconf 81' lang='lat' dir='ltr'><strong><em>vero?</em></strong></span> <span class='ocrx_word' id='word_1_460' title='bbox 777 4325 966 4381; x_wconf 89' lang='lat' dir='ltr'><strong><em>Nonne</em></strong></span> <span class='ocrx_word' id='word_1_461' title='bbox 987 4336 1036 4381; x_wconf 90' lang='lat' dir='ltr'><strong><em>et</em></strong></span> <span class='ocrx_word' id='word_1_462' title='bbox 1064 4327 1347 4381; x_wconf 83' lang='lat' dir='ltr'><strong><em>Athanasii</em></strong></span> <span class='ocrx_word' id='word_1_463' title='bbox 1375 4327 1430 4381; x_wconf 92' lang='lat' dir='ltr'><strong><em>in</em></strong></span> <span class='ocrx_word' id='word_1_464' title='bbox 1459 4325 1728 4391; x_wconf 89' lang='lat' dir='ltr'><strong><em>Psalmos,</em></strong></span> <span class='ocrx_word' id='word_1_465' title='bbox 1765 4343 1935 4382; x_wconf 87' lang='lat' dir='ltr'><strong><em>nonne</em></strong></span> <span class='ocrx_word' id='word_1_466' title='bbox 1958 4328 2115 4381; x_wconf 85' lang='lat' dir='ltr'><strong><em>etiam</em></strong></span> <span class='ocrx_word' id='word_1_467' title='bbox 2152 4306 2461 4383; x_wconf 68' lang='lat' dir='ltr'><strong><em>Theodoreti</em></strong></span> <span class='ocrx_word' id='word_1_468' title='bbox 2494 4329 2547 4382; x_wconf 89' lang='lat' dir='ltr'><strong><em>in</em></strong></span> <span class='ocrx_word' id='word_1_469' title='bbox 2593 4327 2795 4384; x_wconf 81' lang='lat' dir='ltr'><strong><em>Isaiam</em></strong></span> <span class='ocrx_word' id='word_1_470' title='bbox 2819 4328 3102 4398; x_wconf 80' lang='lat' dir='ltr'><strong><em>deperdita:</em></strong></span> <span class='ocrx_word' id='word_1_471' title='bbox 3127 4327 3495 4397; x_wconf 64' lang='lat' dir='ltr'><strong><em>expositiones,</em></strong></span> <span class='ocrx_word' id='word_1_472' title='bbox 3527 4325 3671 4391; x_wconf 51' lang='lat' dir='ltr'><strong><em>priva</em></strong></span> 
     </span>
    </p>
   </div>
   <div class='ocr_carea' id='block_1_37' title="bbox 421 4417 3672 4493">
    <p class='ocr_par' dir='ltr' id='par_1_37' title="bbox 421 4417 3672 4493">
     <span class='ocr_line' id='line_1_37' title="bbox 421 4417 3672 4493; baseline 0 -21"><span class='ocrx_word' id='word_1_473' title='bbox 421 4419 498 4473; x_wconf 92' lang='lat' dir='ltr'><strong><em>ris</em></strong></span> <span class='ocrx_word' id='word_1_474' title='bbox 522 4417 728 4489; x_wconf 88' lang='lat' dir='ltr'><strong><em>quidem</em></strong></span> <span class='ocrx_word' id='word_1_475' title='bbox 756 4435 787 4472; x_wconf 94' lang='lat' dir='ltr'><strong><em>a</em></strong></span> <span class='ocrx_word' id='word_1_476' title='bbox 830 4417 1256 4489; x_wconf 82' lang='lat' dir='ltr'><strong><em>Montfauconio,</em></strong></span> <span class='ocrx_word' id='word_1_477' title='bbox 1297 4419 1604 4488; x_wconf 86' lang='lat' dir='ltr'><strong><em>posterioris</em></strong></span> <span class='ocrx_word' id='word_1_478' title='bbox 1639 4436 1671 4473; x_wconf 92' lang='lat' dir='ltr'><strong><em>a</em></strong></span> <span class='ocrx_word' id='word_1_479' title='bbox 1699 4418 1984 4475; x_wconf 89' lang='lat' dir='ltr'><strong><em>Sirmondo</em></strong></span> <span class='ocrx_word' id='word_1_480' title='bbox 2005 4437 2033 4475; x_wconf 89' lang='lat' dir='ltr'><strong><em>e</em></strong></span> <span class='ocrx_word' id='word_1_481' title='bbox 2061 4418 2274 4476; x_wconf 83' lang='lat' dir='ltr'><strong><em>Catenis</em></strong></span> <span class='ocrx_word' id='word_1_482' title='bbox 2306 4423 2669 4479; x_wconf 89' lang='lat' dir='ltr'><strong><em>tantummodo</em></strong></span> <span class='ocrx_word' id='word_1_483' title='bbox 2701 4422 2947 4479; x_wconf 76' lang='lat' dir='ltr'><strong><em>delibata:</em></strong></span> <span class='ocrx_word' id='word_1_484' title='bbox 2973 4423 3227 4493; x_wconf 87' lang='lat' dir='ltr'><strong><em>fuerunt?</em></strong></span> <span class='ocrx_word' id='word_1_485' title='bbox 3259 4421 3324 4476; x_wconf 89' lang='lat' dir='ltr'><strong><em>Et</em></strong></span> <span class='ocrx_word' id='word_1_486' title='bbox 3355 4418 3561 4492; x_wconf 88' lang='lat' dir='ltr'><strong><em>quidem</em></strong></span> <span class='ocrx_word' id='word_1_487' title='bbox 3574 4420 3672 4489; x_wconf 83' lang='lat' dir='ltr'><strong><em>ju-</em></strong></span> 
     </span>
    </p>
   </div>
   <div class='ocr_carea' id='block_1_38' title="bbox 417 4509 3676 4586">
    <p class='ocr_par' dir='ltr' id='par_1_38' title="bbox 417 4509 3676 4586">
     <span class='ocr_line' id='line_1_38' title="bbox 417 4509 3676 4586; baseline 0.001 -22"><span class='ocrx_word' id='word_1_488' title='bbox 417 4510 598 4566; x_wconf 88' lang='lat' dir='ltr'><strong><em>dicare</em></strong></span> <span class='ocrx_word' id='word_1_489' title='bbox 623 4527 679 4565; x_wconf 90' lang='lat' dir='ltr'><strong><em>se</em></strong></span> <span class='ocrx_word' id='word_1_490' title='bbox 713 4511 842 4565; x_wconf 88' lang='lat' dir='ltr'><strong><em>dicit</em></strong></span> <span class='ocrx_word' id='word_1_491' title='bbox 871 4510 1212 4576; x_wconf 90' lang='lat' dir='ltr'><strong><em>Sirmondus,</em></strong></span> <span class='ocrx_word' id='word_1_492' title='bbox 1246 4511 1532 4568; x_wconf 90' lang='lat' dir='ltr'><strong><em>medullam</em></strong></span> <span class='ocrx_word' id='word_1_493' title='bbox 1558 4512 1702 4566; x_wconf 90' lang='lat' dir='ltr'><strong><em>haud</em></strong></span> <span class='ocrx_word' id='word_1_494' title='bbox 1739 4511 1892 4568; x_wconf 88' lang='lat' dir='ltr'><strong><em>dubie</em></strong></span> <span class='ocrx_word' id='word_1_495' title='bbox 1921 4530 2234 4585; x_wconf 87' lang='lat' dir='ltr'><strong><em>succumque</em></strong></span> <span class='ocrx_word' id='word_1_496' title='bbox 2264 4515 2512 4586; x_wconf 82' lang='lat' dir='ltr'><strong><em>cujusque</em></strong></span> <span class='ocrx_word' id='word_1_497' title='bbox 2530 4517 2710 4586; x_wconf 89' lang='lat' dir='ltr'><strong><em>scripti</em></strong></span> <span class='ocrx_word' id='word_1_498' title='bbox 2732 4518 2985 4571; x_wconf 83' lang='lat' dir='ltr'><strong><em>contineri</em></strong></span> <span class='ocrx_word' id='word_1_499' title='bbox 3016 4516 3068 4570; x_wconf 92' lang='lat' dir='ltr'><strong><em>in</em></strong></span> <span class='ocrx_word' id='word_1_500' title='bbox 3097 4514 3310 4571; x_wconf 86' lang='lat' dir='ltr'><strong><em>Catenis</em></strong></span> <span class='ocrx_word' id='word_1_501' title='bbox 3336 4513 3522 4569; x_wconf 88' lang='lat' dir='ltr'><strong><em>solere.</em></strong></span> <span class='ocrx_word' id='word_1_502' title='bbox 3554 4509 3676 4566; x_wconf 87' lang='lat' dir='ltr'><strong><em>Etsi</em></strong></span> 
     </span>
    </p>
   </div>
   <div class='ocr_carea' id='block_1_39' title="bbox 419 4603 3686 4679">
    <p class='ocr_par' dir='ltr' id='par_1_39' title="bbox 419 4603 3686 4679">
     <span class='ocr_line' id='line_1_39' title="bbox 419 4603 3686 4679; baseline 0 -21"><span class='ocrx_word' id='word_1_503' title='bbox 419 4615 596 4660; x_wconf 84' lang='lat' dir='ltr'><strong><em>autem</em></strong></span> <span class='ocrx_word' id='word_1_504' title='bbox 626 4604 734 4660; x_wconf 68' lang='lat' dir='ltr'><strong><em>hinc</em></strong></span> <span class='ocrx_word' id='word_1_505' title='bbox 769 4603 981 4659; x_wconf 86' lang='lat' dir='ltr'><strong><em>Eusebii</em></strong></span> <span class='ocrx_word' id='word_1_506' title='bbox 1009 4605 1216 4660; x_wconf 82' lang='lat' dir='ltr'><strong><em>scholia</em></strong></span> <span class='ocrx_word' id='word_1_507' title='bbox 1245 4607 1298 4660; x_wconf 92' lang='lat' dir='ltr'><strong><em>in</em></strong></span> <span class='ocrx_word' id='word_1_508' title='bbox 1319 4606 1580 4676; x_wconf 89' lang='lat' dir='ltr'><strong><em>plerisque</em></strong></span> <span class='ocrx_word' id='word_1_509' title='bbox 1615 4607 1836 4676; x_wconf 83' lang='lat' dir='ltr'><strong><em>psalmis</em></strong></span> <span class='ocrx_word' id='word_1_510' title='bbox 1868 4607 2108 4662; x_wconf 89' lang='lat' dir='ltr'><strong><em>tenuiora</em></strong></span> <span class='ocrx_word' id='word_1_511' title='bbox 2147 4618 2292 4674; x_wconf 90' lang='lat' dir='ltr'><strong><em>sunt,</em></strong></span> <span class='ocrx_word' id='word_1_512' title='bbox 2325 4618 2559 4663; x_wconf 88' lang='lat' dir='ltr'><strong><em>attamen</em></strong></span> <span class='ocrx_word' id='word_1_513' title='bbox 2589 4609 2642 4662; x_wconf 88' lang='lat' dir='ltr'><strong><em>in</em></strong></span> <span class='ocrx_word' id='word_1_514' title='bbox 2680 4608 2878 4679; x_wconf 83' lang='lat' dir='ltr'><strong><em>aliquot</em></strong></span> <span class='ocrx_word' id='word_1_515' title='bbox 2903 4608 2979 4662; x_wconf 90' lang='lat' dir='ltr'><strong><em>ita</em></strong></span> <span class='ocrx_word' id='word_1_516' title='bbox 3016 4606 3308 4669; x_wconf 85' lang='lat' dir='ltr'><strong><em>abundant,</em></strong></span> <span class='ocrx_word' id='word_1_517' title='bbox 3349 4614 3405 4658; x_wconf 90' lang='lat' dir='ltr'><strong><em>ut</em></strong></span> <span class='ocrx_word' id='word_1_518' title='bbox 3429 4619 3584 4674; x_wconf 89' lang='lat' dir='ltr'><strong><em>prope</em></strong></span> <span class='ocrx_word' id='word_1_519' title='bbox 3607 4621 3686 4659; x_wconf 60' lang='lat' dir='ltr'><strong><em>ea</em></strong></span> 
     </span>
    </p>
   </div>
   <div class='ocr_carea' id='block_1_40' title="bbox 421 4697 3692 4772">
    <p class='ocr_par' dir='ltr' id='par_1_40' title="bbox 421 4697 3692 4772">
     <span class='ocr_line' id='line_1_40' title="bbox 421 4697 3692 4772; baseline 0.001 -23"><span class='ocrx_word' id='word_1_520' title='bbox 421 4701 623 4769; x_wconf 84' lang='lat' dir='ltr'><strong><em>intequ</em></strong></span> <span class='ocrx_word' id='word_1_521' title='bbox 662 4713 813 4767; x_wconf 86' lang='lat' dir='ltr'><strong><em>opere</em></strong></span> <span class='ocrx_word' id='word_1_522' title='bbox 861 4713 1130 4768; x_wconf 86' lang='lat' dir='ltr'><strong><em>superesse</em></strong></span> <span class='ocrx_word' id='word_1_523' title='bbox 1155 4697 1450 4762; x_wconf 89' lang='lat' dir='ltr'><strong><em>videantur,</em></strong></span> <span class='ocrx_word' id='word_1_524' title='bbox 1494 4701 1540 4753; x_wconf 91' lang='lat' dir='ltr'><strong><em>si</em></strong></span> <span class='ocrx_word' id='word_1_525' title='bbox 1560 4709 1697 4754; x_wconf 86' lang='lat' dir='ltr'><strong><em>certe</em></strong></span> <span class='ocrx_word' id='word_1_526' title='bbox 1724 4701 1922 4769; x_wconf 90' lang='lat' dir='ltr'><strong><em>partim</em></strong></span> <span class='ocrx_word' id='word_1_527' title='bbox 1967 4700 2295 4770; x_wconf 84' lang='lat' dir='ltr'><strong><em>psalmorum</em></strong></span> <span class='ocrx_word' id='word_1_528' title='bbox 2342 4700 2692 4772; x_wconf 87' lang='lat' dir='ltr'><strong><em>quorumdam</em></strong></span> <span class='ocrx_word' id='word_1_529' title='bbox 2741 4701 3065 4763; x_wconf 86' lang='lat' dir='ltr'><strong><em>brevitatem.</em></strong></span> <span class='ocrx_word' id='word_1_530' title='bbox 3105 4701 3299 4770; x_wconf 89' lang='lat' dir='ltr'><strong><em>partim</em></strong></span> <span class='ocrx_word' id='word_1_531' title='bbox 3349 4699 3692 4753; x_wconf 66' lang='lat' dir='ltr'><strong><em>scholiorum..</em></strong></span> 
     </span>
    </p>
   </div>
   <div class='ocr_carea' id='block_1_41' title="bbox 419 4789 3693 4860">
    <p class='ocr_par' dir='ltr' id='par_1_41' title="bbox 419 4789 3693 4860">
     <span class='ocr_line' id='line_1_41' title="bbox 419 4789 3693 4860; baseline 0.001 -18"><span class='ocrx_word' id='word_1_532' title='bbox 419 4791 627 4859; x_wconf 75' lang='lat' dir='ltr'><strong><em>copiam</em></strong></span> <span class='ocrx_word' id='word_1_533' title='bbox 647 4798 958 4860; x_wconf 88' lang='lat' dir='ltr'><strong><em>spectemus,</em></strong></span> <span class='ocrx_word' id='word_1_534' title='bbox 983 4789 1140 4844; x_wconf 86' lang='lat' dir='ltr'><strong><em>veluti</em></strong></span> <span class='ocrx_word' id='word_1_535' title='bbox 1169 4789 1238 4843; x_wconf 90' lang='lat' dir='ltr'><strong><em>ad</em></strong></span> <span class='ocrx_word' id='word_1_536' title='bbox 1275 4790 1508 4859; x_wconf 81' lang='lat' dir='ltr'><strong><em>psalmos</em></strong></span> <span class='ocrx_word' id='word_1_537' title='bbox 1528 4806 1688 4856; x_wconf 80' lang='lat' dir='ltr'><strong><em>cxxv,</em></strong></span> <span class='ocrx_word' id='word_1_538' title='bbox 1714 4805 1920 4854; x_wconf 74' lang='lat' dir='ltr'><strong><em>cum,</em></strong></span> <span class='ocrx_word' id='word_1_539' title='bbox 1948 4806 2156 4856; x_wconf 77' lang='lat' dir='ltr'><strong><em>csxxu,</em></strong></span> <span class='ocrx_word' id='word_1_540' title='bbox 2185 4808 2404 4857; x_wconf 79' lang='lat' dir='ltr'><strong><em>cxxxw,</em></strong></span> <span class='ocrx_word' id='word_1_541' title='bbox 2423 4808 2508 4858; x_wconf 70' lang='lat' dir='ltr'><strong><em>cc,</em></strong></span> <span class='ocrx_word' id='word_1_542' title='bbox 2545 4803 2594 4847; x_wconf 94' lang='lat' dir='ltr'><strong><em>et</em></strong></span> <span class='ocrx_word' id='word_1_543' title='bbox 2624 4792 2692 4846; x_wconf 89' lang='lat' dir='ltr'><strong><em>ad</em></strong></span> <span class='ocrx_word' id='word_1_544' title='bbox 2719 4808 2876 4859; x_wconf 67' lang='lat' dir='ltr'><strong><em>cxcv,</em></strong></span> <span class='ocrx_word' id='word_1_545' title='bbox 2908 4809 3056 4858; x_wconf 72' lang='lat' dir='ltr'><strong><em>cus,</em></strong></span> <span class='ocrx_word' id='word_1_546' title='bbox 3089 4809 3214 4848; x_wconf 77' lang='lat' dir='ltr'><strong><em>cu.</em></strong></span> <span class='ocrx_word' id='word_1_547' title='bbox 3242 4790 3488 4846; x_wconf 86' lang='lat' dir='ltr'><strong><em>Jamvero</em></strong></span> <span class='ocrx_word' id='word_1_548' title='bbox 3531 4791 3693 4844; x_wconf 75' lang='lat' dir='ltr'><strong><em>then--</em></strong></span> 
     </span>
    </p>
   </div>
   <div class='ocr_carea' id='block_1_42' title="bbox 422 4869 3670 4957">
    <p class='ocr_par' dir='ltr' id='par_1_42' title="bbox 422 4869 3670 4957">
     <span class='ocr_line' id='line_1_42' title="bbox 422 4869 3670 4957; baseline 0 -21"><span class='ocrx_word' id='word_1_549' title='bbox 422 4883 620 4953; x_wconf 87' lang='lat' dir='ltr'><strong><em>logicus</em></strong></span> <span class='ocrx_word' id='word_1_550' title='bbox 644 4884 698 4936; x_wconf 90' lang='lat' dir='ltr'><strong><em>in</em></strong></span> <span class='ocrx_word' id='word_1_551' title='bbox 725 4881 825 4937; x_wconf 87' lang='lat' dir='ltr'><strong><em>hac</em></strong></span> <span class='ocrx_word' id='word_1_552' title='bbox 853 4898 986 4936; x_wconf 88' lang='lat' dir='ltr'><strong><em>nova</em></strong></span> <span class='ocrx_word' id='word_1_553' title='bbox 1009 4880 1223 4936; x_wconf 89' lang='lat' dir='ltr'><strong><em>Eusebii</em></strong></span> <span class='ocrx_word' id='word_1_554' title='bbox 1246 4892 1398 4952; x_wconf 89' lang='lat' dir='ltr'><strong><em>parte</em></strong></span> <span class='ocrx_word' id='word_1_555' title='bbox 1436 4886 1500 4938; x_wconf 89' lang='lat' dir='ltr'><strong><em>de</em></strong></span> <span class='ocrx_word' id='word_1_556' title='bbox 1536 4881 1736 4939; x_wconf 85' lang='lat' dir='ltr'><strong><em>Christi</em></strong></span> <span class='ocrx_word' id='word_1_557' title='bbox 1757 4881 2032 4937; x_wconf 89' lang='lat' dir='ltr'><strong><em>divinitate</em></strong></span> <span class='ocrx_word' id='word_1_558' title='bbox 2061 4900 2244 4939; x_wconf 89' lang='lat' dir='ltr'><strong><em>sensus</em></strong></span> <span class='ocrx_word' id='word_1_559' title='bbox 2275 4901 2437 4940; x_wconf 87' lang='lat' dir='ltr'><strong><em>sanus</em></strong></span> <span class='ocrx_word' id='word_1_560' title='bbox 2465 4869 2892 4957; x_wconf 73' lang='lat' dir='ltr'><strong><em>orthodoxusque</em></strong></span> <span class='ocrx_word' id='word_1_561' title='bbox 2923 4887 3112 4956; x_wconf 91' lang='lat' dir='ltr'><strong><em>ubique</em></strong></span> <span class='ocrx_word' id='word_1_562' title='bbox 3132 4895 3230 4950; x_wconf 89' lang='lat' dir='ltr'><strong><em>est,</em></strong></span> <span class='ocrx_word' id='word_1_563' title='bbox 3255 4883 3472 4938; x_wconf 92' lang='lat' dir='ltr'><strong><em>moralis</em></strong></span> <span class='ocrx_word' id='word_1_564' title='bbox 3498 4893 3670 4935; x_wconf 87' lang='lat' dir='ltr'><strong><em>autem</em></strong></span> 
     </span>
    </p>
   </div>
   <div class='ocr_carea' id='block_1_43' title="bbox 418 4974 3669 5048">
    <p class='ocr_par' dir='ltr' id='par_1_43' title="bbox 418 4974 3669 5048">
     <span class='ocr_line' id='line_1_43' title="bbox 418 4974 3669 5048; baseline 0 -18"><span class='ocrx_word' id='word_1_565' title='bbox 418 4983 468 5030; x_wconf 91' lang='lat' dir='ltr'><strong><em>et</em></strong></span> <span class='ocrx_word' id='word_1_566' title='bbox 502 4974 815 5031; x_wconf 90' lang='lat' dir='ltr'><strong><em>doctrinalis</em></strong></span> <span class='ocrx_word' id='word_1_567' title='bbox 856 4976 1008 5031; x_wconf 90' lang='lat' dir='ltr'><strong><em>valde</em></strong></span> <span class='ocrx_word' id='word_1_568' title='bbox 1030 4977 1146 5047; x_wconf 90' lang='lat' dir='ltr'><strong><em>pius</em></strong></span> <span class='ocrx_word' id='word_1_569' title='bbox 1183 4986 1233 5032; x_wconf 91' lang='lat' dir='ltr'><strong><em>et</em></strong></span> <span class='ocrx_word' id='word_1_570' title='bbox 1262 4976 1432 5043; x_wconf 90' lang='lat' dir='ltr'><strong><em>utilis,</em></strong></span> <span class='ocrx_word' id='word_1_571' title='bbox 1454 4975 1518 5031; x_wconf 90' lang='lat' dir='ltr'><strong><em>de</em></strong></span> <span class='ocrx_word' id='word_1_572' title='bbox 1547 4987 1681 5032; x_wconf 85' lang='lat' dir='ltr'><strong><em>recte</em></strong></span> <span class='ocrx_word' id='word_1_573' title='bbox 1715 4977 1915 5048; x_wconf 83' lang='lat' dir='ltr'><strong><em>agenda</em></strong></span> <span class='ocrx_word' id='word_1_574' title='bbox 1948 4977 2076 5043; x_wconf 81' lang='lat' dir='ltr'><strong><em>vita,</em></strong></span> <span class='ocrx_word' id='word_1_575' title='bbox 2109 4977 2175 5031; x_wconf 85' lang='lat' dir='ltr'><strong><em>de</em></strong></span> <span class='ocrx_word' id='word_1_576' title='bbox 2207 4977 2398 5032; x_wconf 89' lang='lat' dir='ltr'><strong><em>orandi</em></strong></span> <span class='ocrx_word' id='word_1_577' title='bbox 2435 4995 2554 5042; x_wconf 90' lang='lat' dir='ltr'><strong><em>usu,</em></strong></span> <span class='ocrx_word' id='word_1_578' title='bbox 2597 4977 2662 5033; x_wconf 92' lang='lat' dir='ltr'><strong><em>de</em></strong></span> <span class='ocrx_word' id='word_1_579' title='bbox 2703 4980 2898 5034; x_wconf 72' lang='lat' dir='ltr'><strong><em>animre</em></strong></span> <span class='ocrx_word' id='word_1_580' title='bbox 2935 4979 3356 5042; x_wconf 86' lang='lat' dir='ltr'><strong><em>immortalitate,</em></strong></span> <span class='ocrx_word' id='word_1_581' title='bbox 3397 4977 3461 5030; x_wconf 89' lang='lat' dir='ltr'><strong><em>de</em></strong></span> <span class='ocrx_word' id='word_1_582' title='bbox 3489 4976 3669 5045; x_wconf 81' lang='lat' dir='ltr'><strong><em>futura</em></strong></span> 
     </span>
    </p>
   </div>
   <div class='ocr_carea' id='block_1_44' title="bbox 419 5065 3691 5141">
    <p class='ocr_par' dir='ltr' id='par_1_44' title="bbox 419 5065 3691 5141">
     <span class='ocr_line' id='line_1_44' title="bbox 419 5065 3691 5141; baseline -0.001 -17"><span class='ocrx_word' id='word_1_583' title='bbox 419 5071 550 5134; x_wconf 88' lang='lat' dir='ltr'><strong><em>vita,</em></strong></span> <span class='ocrx_word' id='word_1_584' title='bbox 583 5069 648 5123; x_wconf 89' lang='lat' dir='ltr'><strong><em>de</em></strong></span> <span class='ocrx_word' id='word_1_585' title='bbox 673 5068 1038 5124; x_wconf 67' lang='lat' dir='ltr'><strong><em>haereticorum</em></strong></span> <span class='ocrx_word' id='word_1_586' title='bbox 1085 5069 1500 5139; x_wconf 84' lang='lat' dir='ltr'><strong><em>reprehensione,</em></strong></span> <span class='ocrx_word' id='word_1_587' title='bbox 1532 5077 1640 5125; x_wconf 85' lang='lat' dir='ltr'><strong><em>etc.</em></strong></span> <span class='ocrx_word' id='word_1_588' title='bbox 1674 5069 1755 5124; x_wconf 78' lang='lat' dir='ltr'><strong><em>Ad</em></strong></span> <span class='ocrx_word' id='word_1_589' title='bbox 1783 5086 1994 5124; x_wconf 89' lang='lat' dir='ltr'><strong><em>sacram</em></strong></span> <span class='ocrx_word' id='word_1_590' title='bbox 2026 5069 2260 5124; x_wconf 88' lang='lat' dir='ltr'><strong><em>criticem</em></strong></span> <span class='ocrx_word' id='word_1_591' title='bbox 2286 5079 2335 5124; x_wconf 92' lang='lat' dir='ltr'><strong><em>et</em></strong></span> <span class='ocrx_word' id='word_1_592' title='bbox 2382 5069 2725 5140; x_wconf 88' lang='lat' dir='ltr'><strong><em>philologiam</em></strong></span> <span class='ocrx_word' id='word_1_593' title='bbox 2756 5069 2894 5141; x_wconf 90' lang='lat' dir='ltr'><strong><em>quod</em></strong></span> <span class='ocrx_word' id='word_1_594' title='bbox 2943 5071 3150 5133; x_wconf 87' lang='lat' dir='ltr'><strong><em>attinet,</em></strong></span> <span class='ocrx_word' id='word_1_595' title='bbox 3188 5068 3371 5122; x_wconf 91' lang='lat' dir='ltr'><strong><em>laudat</em></strong></span> <span class='ocrx_word' id='word_1_596' title='bbox 3411 5065 3691 5121; x_wconf 82' lang='lat' dir='ltr'><strong><em>Eusebius.</em></strong></span> 
     </span>
    </p>
   </div>
   <div class='ocr_carea' id='block_1_45' title="bbox 422 5159 3685 5232">
    <p class='ocr_par' dir='ltr' id='par_1_45' title="bbox 422 5159 3685 5232">
     <span class='ocr_line' id='line_1_45' title="bbox 422 5159 3685 5232; baseline -0.002 -18"><span class='ocrx_word' id='word_1_597' title='bbox 422 5177 526 5215; x_wconf 89' lang='lat' dir='ltr'><strong><em>non</em></strong></span> <span class='ocrx_word' id='word_1_598' title='bbox 563 5160 720 5216; x_wconf 81' lang='lat' dir='ltr'><strong><em>semel</em></strong></span> <span class='ocrx_word' id='word_1_599' title='bbox 751 5160 1018 5231; x_wconf 82' lang='lat' dir='ltr'><strong><em>Aquilam,</em></strong></span> <span class='ocrx_word' id='word_1_600' title='bbox 1049 5161 1241 5231; x_wconf 66' lang='lat' dir='ltr'><strong><em>sacpius</em></strong></span> <span class='ocrx_word' id='word_1_601' title='bbox 1281 5160 1674 5232; x_wconf 78' lang='lat' dir='ltr'><strong><em>Symmachum,</em></strong></span> <span class='ocrx_word' id='word_1_602' title='bbox 1703 5160 2012 5232; x_wconf 87' lang='lat' dir='ltr'><strong><em>quandoque</em></strong></span> <span class='ocrx_word' id='word_1_603' title='bbox 2043 5161 2204 5216; x_wconf 90' lang='lat' dir='ltr'><strong><em>etiam</em></strong></span> <span class='ocrx_word' id='word_1_604' title='bbox 2232 5161 2658 5226; x_wconf 84' lang='lat' dir='ltr'><strong><em>Theodotionem,</em></strong></span> <span class='ocrx_word' id='word_1_605' title='bbox 2693 5161 3041 5232; x_wconf 85' lang='lat' dir='ltr'><strong><em>Septuaginta</em></strong></span> <span class='ocrx_word' id='word_1_606' title='bbox 3071 5159 3405 5229; x_wconf 81' lang='lat' dir='ltr'><strong><em>Interpretes,</em></strong></span> <span class='ocrx_word' id='word_1_607' title='bbox 3431 5159 3685 5228; x_wconf 51' lang='lat' dir='ltr'><strong><em>quintam.</em></strong></span> 
     </span>
    </p>
   </div>
   <div class='ocr_carea' id='block_1_46' title="bbox 422 5247 3670 5326">
    <p class='ocr_par' dir='ltr' id='par_1_46' title="bbox 422 5247 3670 5326">
     <span class='ocr_line' id='line_1_46' title="bbox 422 5247 3670 5326; baseline -0.002 -18"><span class='ocrx_word' id='word_1_608' title='bbox 422 5254 723 5320; x_wconf 82' lang='lat' dir='ltr'><strong><em>editionem,</em></strong></span> <span class='ocrx_word' id='word_1_609' title='bbox 748 5262 797 5308; x_wconf 92' lang='lat' dir='ltr'><strong><em>et</em></strong></span> <span class='ocrx_word' id='word_1_610' title='bbox 836 5255 1010 5308; x_wconf 90' lang='lat' dir='ltr'><strong><em>varios</em></strong></span> <span class='ocrx_word' id='word_1_611' title='bbox 1037 5253 1300 5310; x_wconf 89' lang='lat' dir='ltr'><strong><em>interdum</em></strong></span> <span class='ocrx_word' id='word_1_612' title='bbox 1323 5253 1546 5317; x_wconf 88' lang='lat' dir='ltr'><strong><em>codices,</em></strong></span> <span class='ocrx_word' id='word_1_613' title='bbox 1569 5253 1786 5326; x_wconf 88' lang='lat' dir='ltr'><strong><em>denique</em></strong></span> <span class='ocrx_word' id='word_1_614' title='bbox 1819 5253 2159 5310; x_wconf 66' lang='lat' dir='ltr'><strong><em>Hebraeorum</em></strong></span> <span class='ocrx_word' id='word_1_615' title='bbox 2183 5262 2382 5309; x_wconf 76' lang='lat' dir='ltr'><strong><em>textum</em></strong></span> <span class='ocrx_word' id='word_1_616' title='bbox 2425 5263 2579 5324; x_wconf 89' lang='lat' dir='ltr'><strong><em>atque</em></strong></span> <span class='ocrx_word' id='word_1_617' title='bbox 2609 5255 2927 5308; x_wconf 88' lang='lat' dir='ltr'><strong><em>idiotismos.</em></strong></span> <span class='ocrx_word' id='word_1_618' title='bbox 2960 5253 3138 5320; x_wconf 83' lang='lat' dir='ltr'><strong><em>Quare</em></strong></span> <span class='ocrx_word' id='word_1_619' title='bbox 3165 5263 3214 5306; x_wconf 86' lang='lat' dir='ltr'><strong><em>et</em></strong></span> <span class='ocrx_word' id='word_1_620' title='bbox 3245 5267 3377 5306; x_wconf 91' lang='lat' dir='ltr'><strong><em>nova</em></strong></span> <span class='ocrx_word' id='word_1_621' title='bbox 3401 5247 3670 5315; x_wconf 78' lang='lat' dir='ltr'><strong><em>hexapla—</em></strong></span> 
     </span>
    </p>
   </div>
   <div class='ocr_carea' id='block_1_47' title="bbox 423 5340 3684 5418">
    <p class='ocr_par' dir='ltr' id='par_1_47' title="bbox 423 5340 3684 5418">
     <span class='ocr_line' id='line_1_47' title="bbox 423 5340 3684 5418; baseline -0.002 -20"><span class='ocrx_word' id='word_1_622' title='bbox 423 5347 570 5402; x_wconf 87' lang='lat' dir='ltr'><strong><em>ribus</em></strong></span> <span class='ocrx_word' id='word_1_623' title='bbox 597 5345 939 5402; x_wconf 87' lang='lat' dir='ltr'><strong><em>varietatibus</em></strong></span> <span class='ocrx_word' id='word_1_624' title='bbox 971 5349 1199 5403; x_wconf 86' lang='lat' dir='ltr'><strong><em>accessio</em></strong></span> <span class='ocrx_word' id='word_1_625' title='bbox 1229 5348 1348 5401; x_wconf 90' lang='lat' dir='ltr'><strong><em>hinc</em></strong></span> <span class='ocrx_word' id='word_1_626' title='bbox 1373 5347 1492 5418; x_wconf 81' lang='lat' dir='ltr'><strong><em>ﬁeri</em></strong></span> <span class='ocrx_word' id='word_1_627' title='bbox 1513 5346 1786 5402; x_wconf 86' lang='lat' dir='ltr'><strong><em>videbitur.</em></strong></span> <span class='ocrx_word' id='word_1_628' title='bbox 1819 5345 1902 5400; x_wconf 82' lang='lat' dir='ltr'><strong><em>Ad</em></strong></span> <span class='ocrx_word' id='word_1_629' title='bbox 1923 5345 2186 5415; x_wconf 90' lang='lat' dir='ltr'><strong><em>psalmum</em></strong></span> <span class='ocrx_word' id='word_1_630' title='bbox 2216 5359 2438 5409; x_wconf 78' lang='lat' dir='ltr'><strong><em>cxxxtv,</em></strong></span> <span class='ocrx_word' id='word_1_631' title='bbox 2471 5347 2706 5416; x_wconf 90' lang='lat' dir='ltr'><strong><em>loquitur</em></strong></span> <span class='ocrx_word' id='word_1_632' title='bbox 2747 5346 2939 5400; x_wconf 89' lang='lat' dir='ltr'><strong><em>diserte</em></strong></span> <span class='ocrx_word' id='word_1_633' title='bbox 2973 5343 3228 5398; x_wconf 89' lang='lat' dir='ltr'><strong><em>Eusebius</em></strong></span> <span class='ocrx_word' id='word_1_634' title='bbox 3259 5342 3323 5396; x_wconf 90' lang='lat' dir='ltr'><strong><em>de</em></strong></span> <span class='ocrx_word' id='word_1_635' title='bbox 3343 5340 3684 5396; x_wconf 76' lang='lat' dir='ltr'><strong><em>ethnicorum.</em></strong></span> 
     </span>
    </p>
   </div>
   <div class='ocr_carea' id='block_1_48' title="bbox 424 5432 3670 5512">
    <p class='ocr_par' dir='ltr' id='par_1_48' title="bbox 424 5432 3670 5512">
     <span class='ocr_line' id='line_1_48' title="bbox 424 5432 3670 5512; baseline -0.003 -18"><span class='ocrx_word' id='word_1_636' title='bbox 424 5457 523 5494; x_wconf 89' lang='lat' dir='ltr'><strong><em>sua</em></strong></span> <span class='ocrx_word' id='word_1_637' title='bbox 561 5449 717 5495; x_wconf 68' lang='lat' dir='ltr'><strong><em>aetate</em></strong></span> <span class='ocrx_word' id='word_1_638' title='bbox 765 5439 1119 5507; x_wconf 88' lang='lat' dir='ltr'><strong><em>conversione,</em></strong></span> <span class='ocrx_word' id='word_1_639' title='bbox 1151 5457 1280 5512; x_wconf 70' lang='lat' dir='ltr'><strong><em>quos</em></strong></span> <span class='ocrx_word' id='word_1_640' title='bbox 1326 5456 1528 5511; x_wconf 88' lang='lat' dir='ltr'><strong><em>reapse,</em></strong></span> <span class='ocrx_word' id='word_1_641' title='bbox 1562 5441 1830 5510; x_wconf 86' lang='lat' dir='ltr'><strong><em>regnantis</em></strong></span> <span class='ocrx_word' id='word_1_642' title='bbox 1861 5439 2195 5510; x_wconf 82' lang='lat' dir='ltr'><strong><em>potissimum</em></strong></span> <span class='ocrx_word' id='word_1_643' title='bbox 2224 5439 2460 5509; x_wconf 79' lang='lat' dir='ltr'><strong><em>exemplo</em></strong></span> <span class='ocrx_word' id='word_1_644' title='bbox 2500 5437 2858 5504; x_wconf 86' lang='lat' dir='ltr'><strong><em>Constantini,</em></strong></span> <span class='ocrx_word' id='word_1_645' title='bbox 2901 5436 3158 5506; x_wconf 88' lang='lat' dir='ltr'><strong><em>plurimos</em></strong></span> <span class='ocrx_word' id='word_1_646' title='bbox 3209 5434 3276 5488; x_wconf 90' lang='lat' dir='ltr'><strong><em>ad</em></strong></span> <span class='ocrx_word' id='word_1_647' title='bbox 3311 5432 3670 5490; x_wconf 89' lang='lat' dir='ltr'><strong><em>Christianam</em></strong></span> 
     </span>
    </p>
   </div>
   <div class='ocr_carea' id='block_1_49' title="bbox 427 5519 3686 5616">
    <p class='ocr_par' dir='ltr' id='par_1_49' title="bbox 427 5519 3686 5616">
     <span class='ocr_line' id='line_1_49' title="bbox 427 5519 3686 5616; baseline -0.003 -28"><span class='ocrx_word' id='word_1_648' title='bbox 427 5534 584 5604; x_wconf 80' lang='lat' dir='ltr'><strong><em>fidem</em></strong></span> <span class='ocrx_word' id='word_1_649' title='bbox 605 5535 888 5616; x_wconf 71' lang='lat' dir='ltr'><strong><em>accessisse</em></strong></span> <span class='ocrx_word' id='word_1_650' title='bbox 907 5534 1120 5589; x_wconf 87' lang='lat' dir='ltr'><strong><em>scimus.</em></strong></span> <span class='ocrx_word' id='word_1_651' title='bbox 1148 5533 1539 5606; x_wconf 81' lang='lat' dir='ltr'><strong><em>Qualiscunque</em></strong></span> <span class='ocrx_word' id='word_1_652' title='bbox 1575 5532 1782 5588; x_wconf 89' lang='lat' dir='ltr'><strong><em>demum</em></strong></span> <span class='ocrx_word' id='word_1_653' title='bbox 1811 5535 1879 5590; x_wconf 91' lang='lat' dir='ltr'><strong><em>sit</em></strong></span> <span class='ocrx_word' id='word_1_654' title='bbox 1915 5533 2102 5588; x_wconf 89' lang='lat' dir='ltr'><strong><em>horum</em></strong></span> <span class='ocrx_word' id='word_1_655' title='bbox 2133 5532 2452 5588; x_wconf 88' lang='lat' dir='ltr'><strong><em>scholiorum</em></strong></span> <span class='ocrx_word' id='word_1_656' title='bbox 2485 5549 2631 5598; x_wconf 83' lang='lat' dir='ltr'><strong><em>usus,</em></strong></span> <span class='ocrx_word' id='word_1_657' title='bbox 2675 5543 2814 5588; x_wconf 82' lang='lat' dir='ltr'><strong><em>certe</em></strong></span> <span class='ocrx_word' id='word_1_658' title='bbox 2850 5540 2957 5585; x_wconf 88' lang='lat' dir='ltr'><strong><em>tam</em></strong></span> <span class='ocrx_word' id='word_1_659' title='bbox 2994 5529 3154 5601; x_wconf 87' lang='lat' dir='ltr'><strong><em>prisci</em></strong></span> <span class='ocrx_word' id='word_1_660' title='bbox 3182 5519 3415 5598; x_wconf 70' lang='lat' dir='ltr'><strong><em>clarique</em></strong></span> <span class='ocrx_word' id='word_1_661' title='bbox 3441 5525 3686 5581; x_wconf 64' lang='lat' dir='ltr'><strong><em>hominis.</em></strong></span> 
     </span>
    </p>
   </div>
   <div class='ocr_carea' id='block_1_50' title="bbox 309 5625 1725 5699">
    <p class='ocr_par' dir='ltr' id='par_1_50' title="bbox 309 5625 1725 5699">
     <span class='ocr_line' id='line_1_50' title="bbox 309 5625 1725 5699; baseline -0.001 -17"><span class='ocrx_word' id='word_1_662' title='bbox 309 5651 325 5665; x_wconf 84' lang='lat'><strong>-</strong></span> <span class='ocrx_word' id='word_1_663' title='bbox 426 5625 589 5682; x_wconf 74' lang='lat' dir='ltr'><strong><em>uullce</em></strong></span> <span class='ocrx_word' id='word_1_664' title='bbox 619 5643 652 5682; x_wconf 94' lang='lat' dir='ltr'><strong><em>a</em></strong></span> <span class='ocrx_word' id='word_1_665' title='bbox 685 5643 766 5682; x_wconf 86' lang='lat' dir='ltr'><strong><em>me</em></strong></span> <span class='ocrx_word' id='word_1_666' title='bbox 788 5625 1250 5699; x_wconf 61' lang='lat' dir='ltr'><strong><em>praetermittenda:</em></strong></span> <span class='ocrx_word' id='word_1_667' title='bbox 1281 5627 1514 5698; x_wconf 75' lang='lat' dir='ltr'><strong><em>reliquia:</em></strong></span> <span class='ocrx_word' id='word_1_668' title='bbox 1550 5635 1725 5681; x_wconf 87' lang='lat' dir='ltr'><strong><em>erant.</em></strong></span> 
     </span>
    </p>
   </div>
   <div class='ocr_carea' id='block_1_51' title="bbox 2014 5758 2094 5790">
    <p class='ocr_par' dir='ltr' id='par_1_51' title="bbox 2014 5758 2094 5790">
     <span class='ocr_line' id='line_1_51' title="bbox 2014 5758 2094 5790; baseline 0 -4"><span class='ocrx_word' id='word_1_669' title='bbox 2014 5758 2094 5790; x_wconf 55' lang='grc' dir='ltr'><strong><em>-β</em></strong></span> 
     </span>
    </p>
   </div>
  </div>
