3994 6448
1375 305 1871 368 ΟΟΜΜΕΝΤΑΒΙᾺ
1895 312 1980 386 ίιΝ
2019 313 2362 375 PSALMOS.

3438 333 3505 384 (ph

247 458 3472 520 mm:

822 636 1583 832 EUSEBII
1643 640 2928 850 CfESARIENSlS

1004 924 1890 1020 COMMENTABIA
1967 934 2090 1022 IN
2174 934 2741 1031 PSALMOS.

226 1225 1148 1300 ειτδλεβιυχρειιωιοιιωι
1180 1231 1774 1291 INSCRIPTIONES

1874 1233 2278 1298 ,ΕΥΣΕΒΙΟΥ
2317 1234 2439 1286 ΕΙΣ
2485 1235 2619 1287 ΤΑΣ
2663 1233 3073 1288 ΕΠῘΓΡΑΦΑΣ
3119 1238 3258 1290 ΤΩΝ
3302 1241 3484 1295 ΨΑΛ-

293 1297 913 1357 INTERPRETATIO
948 1301 1420 1368 QUARUMDAH
1454 1305 1800 1363 COMPEN—

291 1368 411 1425 Dll
451 1369 507 1424 Μ
519 1369 664 1426 ORE
690 1369 1130 1428 DESCRIPTA.

283 1486 520 1542 Centum
545 1492 598 1539 et
631 1485 1023 1558 quinquaginta
1058 1490 1251 1560 psalmi
1277 1500 1405 1547 sunt
1439 1502 1530 1550 :et
1547 1510 1679 1552 sane
1707 1513 1799 1552 sa-

215 1596 307 1635 cer
348 1588 436 1636 est
490 1579 998 1650 quinquagenarius
1056 1597 1353 1649 numerus,
1391 1586 1488 1642 illo
1529 1588 1798 1659 siquidem

215 1672 426 1727 dierum
463 1672 744 1728 curriculo
767 1673 1078 1732 instituitur
1107 1675 1454 1745 Pentecoste,
1479 1695 1544 1736 ac
1569 1681 1799 1738 totidem

213 1779 484 1821 annorum
509 1781 741 1824 numero
767 1767 1052 1834 Jubilasus,
1089 1779 1148 1826 ut
1175 1782 1374 1828 vocant
1403 1773 1634 1842 Hebraei,
1656 1775 1799 1830 cele-

216 1857 423 1914 bratur.
463 1857 641 1914 Nabla
678 1861 819 1931 apud
869 1861 1126 1920 Hebmos
1163 1873 1394 1920 vocatur
1433 1866 1796 1937 psalterium;

211 1949 352 2020 quod
387 1965 459 2005 ex
509 1951 740 2006 musicis
774 1951 1159 2010 instrumentis
1209 1955 1386 2011 solum
1428 1937 1796 2013 rectissimum

207 2051 310 2103 est.
335 2057 520 2113 neque
543 2043 612 2097 ab
643 2043 846 2101 intimis
878 2046 1126 2118 partibus
1153 2045 1220 2101 ad
1253 2062 1449 2103 sonum
1483 2048 1795 2117 adhibetur,

209 2133 300 2189 sed
330 2149 361 2188 a
401 2135 664 2206 supernis
693 2137 910 2192 sonanti
951 2153 1058 2193 mre
1091 2139 1408 2197 instruitur.
1447 2140 1654 2198 Psalmi
1699 2145 1799 2200 ita-

208 2243 309 2297 que
345 2237 617 2283 vocantur
638 2237 909 2302 quotquot
942 2233 1059 2287 sola
1086 2233 1582 2292 instrumentorum
1606 2239 1797 2309 pulsa-

207 2319 546 2383 tione,nullis
563 2321 814 2380 admistis
827 2325 1490 2398 vocibus,pcrsolvuntur.
1506 2329 1795 2387 Canticum

206 2410 402 2466 dicitur
427 2412 580 2484 quod
602 2415 756 2470 suavi
787 2417 1153 2489 mquabilique
1181 2435 1315 2476 voce
1343 2423 1596 2491 canitur;
1619 2426 1796 2481 canti-

204 2514 322 2554 cum
347 2502 574 2573 psalmi,
597 2505 746 2576 quod
777 2521 886 2560 una
926 2523 1052 2563 cum
1087 2509 1474 2568 instrumentis
1509 2530 1788 2573 consonas

1960 1305 2136 1358 ΜΩΝ.
2186 1305 2566 1357 ΕΡΜΗΝΕΙΑ
2606 1305 2827 1358 ΤῙΝΩΝ
2855 1305 3016 1360 ΚᾼΤ
3043 1307 3446 1366 ΕΠΙΤΟΜΗΝ.

1987 1523 2210 1578 Ἑκατδν
2243 1523 2578 1593 πεντήκοντα
2607 1521 2963 1592 τυγχάνουσιν
2995 1524 3043 1576 οἱ
3072 1523 3296 1596 ψαλμοὶ,
3331 1526 3480 1600 ίεροῦ

1899 1616 1994 1670 τοῦ
2032 1624 2076 1670 ν’
2107 1616 2466 1686 τυγχάνοντος
2505 1613 2764 1685 ἀριθμοῖν
2812 1615 2870 1667 ὲν
2915 1615 3014 1686 μὲν
3043 1617 3277 1689 ἡμέραις
3311 1619 3479 1672 ποιῶν

1900 1709 2000 1780 τὴν
2032 1705 2435 1780 ΙΙεντηκοστὴν,
2461 1706 2519 1758 ὲν
2547 1705 2604 1758 δὲ
2636 1707 2900 1769 ἐνιαυτοῖς
2928 1707 3020 1760 τὸν
3047 1711 3176 1780 παρ’
3208 1711 3478 1785 Ἑϐραίοις

1899 1799 2230 1872 καλούμενον
2245 1799 2419 1870 Ἰωήλ.
2443 1797 2630 1851 Νάϐλα
2658 1797 2714 1851 δὲ
2734 1799 2862 1869 παρ’
2879 1798 3144 1868 Ἑϐραίοις
3172 1801 3388 1871 λέγεται
3417 1804 3479 1856 τὸ

1897 1891 2214 1963 ψαλτήριον,
2233 1891 2262 1944 ὃ
2275 1889 2340 1962 δὴ
2359 1889 2515 1961 μόνον
2531 1888 2640 1942 τῶν
2670 1889 2949 1960 μουσικῶν
2981 1891 3229 1962 ὀργάνων
3249 1893 3474 1965 ὀρθότα-

1897 2001 2009 2048 τον,
2030 1983 2125 2037 καὶ
2149 1983 2224 2055 μὴ
2251 1983 2680 2059 συνεργούμενον
2712 1986 2792 2046 είς
2808 1979 2940 2054 ἦχον
2963 1985 3028 2037 ἐκ
3057 1985 3164 2037 τῶν
3180 1985 3478 2040 κατωτάτω

1902 2075 2102 2148 μερῶν,
2151 2073 2265 2129 ἀλλ’
2311 2075 2516 2129 ἄνωθεν
2560 2075 2703 2146 ἔχειν
2747 2075 2840 2129 τὸν
2893 2075 3206 2146 ύπηχοῦντα
3251 2077 3470 2148 χαλκόν.

1897 2167 2118 2240 Ψαλμοὶ
2139 2167 2237 2239 μὲν
2259 2163 2351 2222 οὖν
2370 2169 2419 2221 οἱ
2443 2168 2528 2222 διὰ
2552 2169 2715 2240 μόνου
2735 2167 2829 2222 τοῦ
2847 2168 3078 2241 ὀργάνου
3099 2168 3268 2240 χωρὶς
3289 2169 3473 2239 φωνῆς

1897 2259 2341 2330 ἀνακρουόμενοι·
2373 2257 2484 2331 ᾠδὴ
2523 2258 2580 2312 δὲ
2618 2258 2667 2312 οἱ
2695 2257 2784 2312 διὰ
2813 2259 2997 2330 φωνῆς
3034 2256 3325 2329 ἐμμελοῦς
3359 2257 3473 2329 ᾠδὴ

1896 2347 1953 2400 δὲ
1983 2348 2196 2420 ψαλμοῦ
2232 2349 2294 2402 τὸ
2324 2348 2402 2418 τῷ
2437 2349 2653 2421 ὀργάνῳ
2685 2348 2974 2420 σύμφωνον
3007 2349 3233 2418 ἐπάγειν
3261 2351 3464 2422 φωνήν·

1894 2439 2105 2513 ψαλμὸς
2137 2441 2194 2495 δὲ
2227 2440 2370 2514 ᾠδῆς
2413 2440 2704 2507 ἀνάπαλιν,
2750 2441 3169 2517 προηγουμένης
3209 2442 3309 2514 τῆς
3359 2444 3469 2497 τῶν

1896 2532 2254 2606 κρουσμάτων
2297 2533 2497 2606 φωνῆς.
2557 2533 2908 2605 Ἀλληγορίας
2946 2534 3002 2588 δὲ
3045 2534 3213 2606 νόμῳ,
3253 2534 3467 2607 ψαλμδς

205 2593 434 2648 admittit
451 2611 652 2665 voces;
676 2599 923 2668 psalmus
940 2602 1143 2656 cantici
1161 2618 1405 2671 rursum,
1428 2621 1552 2661 cum
1580 2607 1774 2664 instru-

1891 2592 1988 2696 μέν
2013 2592 2262 2694 σῶματος
2281 2592 2494 2695 κίνησις
2517 2592 2831 2696 ὲναρμύνιος
2850 2592 2930 2687 είς
2949 2592 3210 2695 ἔργασίάν
3232 2592 3465 2696 ἀγαθὴν,

205 2691 512 2740 mentorum
548 2688 889 2743 musicorum
919 2706 1091 2749 sonus
1117 2695 1346 2753 vocibus
1364 2698 1540 2767 praeit.
1573 2699 1629 2754 Si
1660 2701 1788 2757 alle-

204 2773 378 2844 gorice
403 2792 502 2834 res
534 2779 856 2851 accipiatur,
883 2783 1130 2854 psalmus
1160 2796 1245 2843 est
1265 2790 1570 2848 concinnus
1595 2807 1786 2863 corpo-

203 2865 275 2921 ris
316 2876 506 2926 motus
544 2870 615 2926 ad
657 2887 796 2944 opus
822 2874 1028 2930 bonum
1076 2879 1524 2950 exsequendum,
1565 2885 1782 2941 etiamsi

203 2961 588 3032 contemplatio
642 2978 811 3034 parva
863 2967 1252 3040 subsequatur.
1307 2972 1596 3029 Canticum
1628 2977 1782 3033 nullo

203 3067 358 3123 opere
377 3055 683 3113 admistum
717 3065 802 3115 est
835 3060 1088 3118 veritatis
1123 3065 1572 3135 comprehensio,
1597 3077 1780 3126 mente

204 3144 266 3199 ad
292 3144 382 3200 Dei
400 3147 636 3218 ejusque
662 3163 977 3206 sermonum
1000 3155 1519 3226 contemplationem
1543 3159 1781 3218 illustra-

203 3245 271 3290 ta.
302 3236 595 3294 Canticum
651 3241 850 3310 psalmi
893 3242 1100 3300 dicitur
1147 3261 1272 3301 cum
1315 3249 1555 3319 cognitio
1592 3264 1774 3309 actum

203 3330 482 3396 prmedit,
542 3330 699 3400 juxta
743 3332 877 3387 illud
917 3352 933 3390 :
979 3334 1364 3407 Cancupiscens
1418 3343 1771 3413 sapientiam,

199 3435 341 3474 serva
384 3421 668 3487 mandata,
712 3434 762 3478 et
807 3424 1068 3483 Dominus
1111 3429 1360 3498 prwbebt't
1404 3434 1555 3490 illam
1599 3437 1694 3493 tibi
1728 3441 1768 3498 ί.

199 3505 438 3566 Psalmus
455 3512 656 3568 cantici
680 3521 767 3569 est
793 3523 952 3573 actus
981 3517 1218 3576 ducente
1233 3523 1542 3594 cognitione
1565 3527 1770 3587 admis-

201 3613 308 3664 sus,
349 3601 583 3661 docente
615 3605 826 3662 scilicet
855 3625 966 3680 quo
998 3619 1161 3682 pacto
1193 3629 1372 3685 quove
1400 3624 1647 3690 tempore
1696 3623 1770 3679 sit

200 3693 458 3761 agendum
499 3712 512 3750 :
547 3707 881 3770 quapropter
925 3699 981 3755 in
1026 3702 1383 3776 inscriptione
1428 3711 1766 3779 psalmorum

201 3795 294 3837 vox
325 3784 562 3841 canticis
589 3785 784 3856 praeit;
813 3801 924 3843 non
955 3788 1101 3844 enim
1134 3805 1164 3845 a
1189 3795 1648 3865 contemplatione
1681 3801 1768 3855 \ir

196 3883 408 3930 sanctus
448 3877 700 3943 orditur,
731 3879 828 3936 sed
872 3879 977 3936 lide
1019 3883 1246 3940 omnino
1275 3884 1342 3940 ad
1391 3901 1556 3958 opera
1600 3907 1762 3948 exse-

196 3966 397 4033 quenda
422 3968 622 4026 currit.
659 3969 774 4026 Sub
801 3969 962 4028 ﬁnem
1006 3975 1176 4030 multa
1215 3977 1430 4034 cantica
1471 3992 1622 4042 sunt.
1658 3983 1762 4042 Ubi
1791 3973 1832 4030 ο

1885 2717 1990 2772 κᾶν
2031 2717 2105 2788 μὴ
2129 2717 2270 2771 πάνυ
2307 2735 2390 2782 τις
2413 2716 2748 2790 ἐπακολουθῇ
2793 2716 3012 2790 θεωρία’
3047 2717 3156 2789 ᾠδὴ
3197 2716 3254 2770 δὲ
3293 2717 3464 2789 χωρὶς

1885 2807 2136 2880 πράξεως
2179 2808 2437 2882 ἀληθείας
2483 2809 2806 2880 κατάληψις,
2857 2808 3239 2880 φωτιζομένης
3281 2808 3462 2880 ψυχῆς

1882 2901 2012 2972 περὶ
2043 2900 2176 2954 Θεοῦ
2217 2902 2310 2956 καὶ
2351 2899 2460 2954 τῶν
2498 2901 2694 2970 λογίων
2725 2899 2910 2955 αὐτοῦ.
2974 2901 3093 2972 ’ῼδὴ
3127 2900 3183 2954 δὲ
3219 2899 3460 2971 ψαλμοῦ,

1880 2992 2228 3064 προαγούσης
2251 2990 2501 3064 πράξεως
2517 2990 2788 3061 γνώσεωςο
2806 2989 2947 3045 κατά
2959 2991 3037 3043 τό·
3056 2988 3462 3059 Ἐπιθυμήσας

1877 3081 2097 3150 σοφίας
2129 3079 2495 3150 διατήρησον
2519 3080 2790 3146 ἐντολὰς,
2822 3079 2919 3133 καὶ
2959 3081 3174 3148 Κύριος
3197 3078 3458 3149 χορηγήο

1875 3187 1971 3228 σει
2000 3189 2100 3228 σοι
2126 3174 2340 3244 αὐτήν.
2362 3173 2590 3245 Ψαλμδς
2607 3174 2664 3228 δὲ
2683 3173 2828 3244 ᾠδῆς
2851 3173 3048 3244 πρᾶξις
3071 3173 3176 3226 ὑπὸ
3200 3169 3457 3242 γνώσεως

1872 3264 2236 3338 ὁδηγουμένη,
2269 3265 2398 3339 περὶ
2423 3264 2517 3319 τοῦ
2537 3265 2654 3330 πῶς
2674 3266 2766 3318 καὶ
2787 3265 2918 3319 πότε
2940 3267 3230 3337 πρακτέον·
3258 3269 3338 3322 διὸ
3360 3267 3454 3322 καὶ

1873 3353 2089 3427 πρῶται
2118 3356 2227 3410 τῶν
2255 3354 2486 3428 ψαλμῶν
2511 3357 2567 3410 αἱ
2594 3355 2915 3427 ὲπιγραφαί’
2951 3358 3012 3410 ού
3045 3358 3154 3429 γὰρ
3183 3358 3290 3412 ἀπὸ
3318 3359 3454 3412 Θεω-

1873 3445 1996 3520 ρίας
2019 3447 2048 3498 ὁ
2076 3446 2227 3516 ἆγιος
2246 3445 2494 3518 ἄρχεται,
2517 3444 2633 3499 ἀλλ’
2659 3444 2805 3499 ἆπαν
2839 3445 3021 3499 πίστει
3042 3450 3162 3511 ταῖς
3188 3447 3453 3519 πράξεσιν

1869 3535 2168 3609 ἐπιτρέχει.
2213 3535 2336 3589 Ἐπὶ
2362 3535 2420 3588 δὲ
2445 3533 2524 3607 τῷ
2551 3533 2694 3588 τέλει
2726 3533 2916 3587 πολλαὶ
2941 3535 2998 3589 αἱ
3021 3534 3173 3606 ᾠδαί·
3198 3536 3291 3588 καὶ
3313 3537 3450 3590 ὅπου

1868 3624 2194 3696 ἀναϐαθμοὶ,
2227 3623 2463 3697 ούδαμοῦ
2501 3623 2735 3696 ψαλμὸς,
2764 3623 2888 3678 οὔτε
2921 3625 3043 3680 καθ’
3067 3626 3279 3692 ἑαυτὸν,
3321 3625 3445 3682 οὔτε

1871 3717 1988 3788 μετ’
2018 3715 2341 3788 ἐπιπλοκῆς.
2385 3715 2531 3788 ᾬδαὶ
2565 3715 2624 3770 δὲ
2651 3715 2828 3770 πάντα
2867 3716 2988 3771 καθ’
3023 3718 3241 3782 ἑαυτάς·
3268 3720 3301 3791 ἡ
3335 3719 3449 3790 γὰρ

1865 3808 2126 3872 ἀνάϐασις
2151 3808 2289 3880 πρὸς
2313 3808 2480 3880 μόνην
2501 3810 2602 3882 ὁρᾷ
2621 3808 2872 3879 θεωρίαν.
2895 3807 3185 3882 Διάψαλμα
3211 3811 3269 3864 δὲ
3293 3812 3445 3883 παρά

1869 3901 1966 3971 μὲν
2011 3899 2212 3972 Ἀκύλᾳ
2245 3900 2339 3954 καὶ
2366 3899 2445 3972 τῷ
2481 3899 2756 3974 Ἑϐραῖκῷ
2782 3901 2844 3954 ού
2881 3904 3076 3956 κεῖταιο
3107 3903 3230 3957 ἀντὶ
3260 3903 3318 3958 δὲ
3343 3904 3442 3957 αύ-

1865 3991 1960 4045 τοῦ
1983 3992 2046 4046 τὸ
2065 3994 2180 4047 ἀεί.

197 4067 364 4116 autem
393 4064 598 4136 εηάιιε
624 4065 896 4124 habent“?
919 4085 1190 4141 ηυείιυωη
1226 4073 1472 4144 Psa'mus
1496 4117 1511 4142 ν
1542 4095 1719 4152 neque
1758 4100 1854 4156 per
1894 4103 1954 4143 se
1979 4090 2150 4153 solus,
2190 4103 2366 4159 neque
2407 4087 2515 4142 alia
2561 4085 2818 4157 adjuncta
2877 4103 3012 4144 voce
3074 4088 3433 4144 inscribitur:

199 4154 282 4207 sed
303 4154 371 4210 ibi
393 4160 608 4215 cantica
634 4161 812 4216 solum
836 4173 1217 4235 apponuntur;
1238 4183 1364 4224 nam
1421 4173 1520 4229 ubi
1573 4154 1838 4239 ascensus
1874 4184 2140 4255 graduum
2166 4154 2382 4249 est,-ibi
2412 4183 2532 4238 sola
2559 4154 2946 4253 contemplatio
2973 4191 3271 4255 spectatur.
3309 4183 3436 4238 Dia-

200 4249 393 4315 psalma
421 4267 588 4322 porro
609 4255 754 4328 apud
787 4255 1040 4328 Aquilam
1063 4267 1117 4313 et
1147 4258 1202 4314 in
1229 4259 1499 4321 Hebraico
1525 4283 1637 4325 non
1659 4283 1837 4331 exstat
1863 4249 1999 4334 :vsed
2034 4277 2156 4348 ejus
2183 4278 2328 4345 loco,
2360 4291 2562 4346 semper
2595 4249 2913 4334 ascribitur.

321 4379 846 4441 ARGUMENTUM
878 4386 1190 4447 EUSEBII
1211 4393 1611 4457 PAMPHILI.

260 4489 400 4550 Libri
443 4495 788 4556 Psalmorum
837 4501 1029 4561 istliaac
1068 4507 1268 4564 divisio
1302 4509 1488 4578 fuerit,
1517 4524 1578 4571 ut
1625 4533 1752 4575 cum

196 4583 302 4654 ipsa
333 4594 674 4650 accuratiora
695 4599 1050 4670 exemplaria,
1082 4611 1197 4658 tum
1233 4603 1534 4666 Hebraicus
1569 4618 1750 4669 textus

196 4680 590 4744 circumferunt.
617 4687 804 4762 Neque
831 4709 983 4763 vero,
1014 4704 1073 4751 ut
1095 4697 1220 4767 quis
1247 4699 1386 4756 forte
1403 4703 1750 4761 existimave-

196 4771 277 4839 rit,
301 4792 488 4836 omnes
517 4783 714 4852 psalmi
759 4793 888 4840 sunt
933 4785 1190 4855 Davidis;
1223 4791 1318 4844 sed
1349 4792 1580 4848 aliorum
1609 4811 1747 4865 quo-

196 4877 290 4933 que
317 4872 724 4943 prophetarum,
747 4878 838 4948 qui
874 4879 1158 4949 psallendo
1180 4883 1496 4954 prophetica
1523 4890 1745 4944 oracula

195 4955 425 5019 edebant.
451 4964 630 5032 Quare
652 4968 797 5039 apud
828 4969 1108 5038 Hebraeos,
1125 4977 1378 5032 universa
1409 4981 1742 5052 psalmorum

194 5051 464 5122 scriptura,
495 5073 604 5114 non
638 5059 858 5118 Davidis
881 5062 985 5120 fert
1007 5065 1441 5137 inscriptionem.
1468 5071 1562 5127 sed
1592 5072 1748 5128 inde-

198 5137 330 5198 ﬁnite
381 5147 517 5205 liber
555 5152 899 5209 Psalmorum
948 5167 1198 5214 vocatur.
1246 5157 1305 5214 In
1349 5170 1534 5231 partes
1579 5179 1746 5233 porro

197 5233 412 5308 quinque
440 5240 652 5299 Hebraei
680 5245 883 5302 librum
909 5248 1249 5308 Psalmorum
1269 5253 1538 5310 dividunt.
1563 5254 1746 5312 Prima

200 5337 309 5418 Prtrs
335 5345 362 5385 ιι
384 5335 560 5404 primo
590 5337 658 5392 ad
692 5340 1174 5411 quadragesimum
1205 5345 1476 5416 psalmum
1503 5348 1744 5418 comple-

198 5416 370 5489 ctitur;
411 5426 672 5494 secunda,
701 5444 732 5483 a
759 5430 1176 5504 quadragesimo
1205 5436 1382 5506 primo
1420 5435 1488 5490 ad
1519 5416 1740 5506 septua-

199 5511 434 5574 gesimum
457 5521 786 5589 secundum;
810 5525 968 5580 tertia
998 5541 1028 5580 a
1071 5529 1473 5600 septuagesimo
1498 5529 1740 5586 secundo

199 5599 259 5656 ad
293 5614 673 5683 octogesimum
719 5625 1006 5688 octavum;
1036 5629 1232 5692 quarta
1251 5599 1283 5690 ,ί
1304 5623 1374 5680 ab
1401 5623 1737 5696 octogesimo

259 5781 278 5816 ⁸
311 5784 469 5848 Eccli.
503 5808 553 5859 I,
585 5793 676 5850 53.

1959 4411 2326 4464 ΥΠΟΘΕΣΙΣ
2354 4410 2679 4463 ΕΥΣΕΒΙΟ
2691 4411 2737 4462 Υ
2769 4410 2914 4462 ΤΟΥ
2933 4411 3259 4464 ΠΑΜΦΙΛΟ
3273 4411 3333 4464 Υ.

1929 4521 2039 4592 Τῆς
2063 4519 2246 4591 βίϐλου
2271 4520 2378 4574 τῶν
2400 4519 2646 4591 Ψαλμῶν
2660 4520 2755 4591 ἦδε
2785 4520 2852 4574 ἂν
2877 4519 2964 4592 εἴη
2991 4521 3328 4593 ήδιαίρεσις’
3349 4518 3429 4582 ὡς

1855 4609 1924 4666 τὰ
1957 4613 2156 4684 ἀκριϐῆ
2197 4611 2305 4666 τῶν
2347 4610 2697 4683 ἀντιγράφων
2743 4610 2876 4664 αύτό
2917 4628 2977 4665 τε
3021 4611 3082 4664 τὸ
3140 4609 3427 4682 Ἑϐραῖκδν

1855 4703 2118 4776 περιέχει.
2159 4703 2272 4775 Ούχ
2300 4702 2376 4767 ὡς
2411 4703 2478 4756 ἄν
2513 4719 2596 4766 τις
2640 4701 2901 4754 ὑπολάϐοι
2940 4701 3139 4764 πάντες
3179 4701 3285 4753 εἰσὶ
3330 4696 3428 4752 τοῦ

1854 4777 2018 4850 Δαυ⁶ίδ
2044 4798 2096 4850 oi
2130 4793 2355 4866 ψαλμοὶ,
2397 4794 2534 4848 ἀλλά
2571 4797 2664 4848 καὶ
2702 4794 2904 4866 ἑτέρων
2940 4791 3232 4865 προφητῶν
3261 4793 3319 4845 ἐν
3345 4789 3428 4858 τῷ

1850 4888 2070 4958 ψάλλειν
2095 4887 2564 4961 προφητευόντων.
2594 4887 2849 4958 Διόπερή
2885 4886 3036 4938 πᾶσα
3065 4882 3251 4957 γραφὴ
3293 4882 3422 4952 παρ’

1862 4977 2130 5052 Ἑϐραίοις
2159 4979 2265 5032 τῶν
2297 4977 2523 5049 ψαλμῶν
2551 4979 2611 5031 ού
2643 4977 2738 5031 τοῦ
2770 4975 2934 5031 Δαυῒδ
2964 4976 3278 5048 ἐπιγράφει·
3307 4975 3424 5028 ἀλλ’

1847 5069 2165 5140 ἀδιορίστως
2188 5067 2368 5139 βίϐλος
2393 5067 2625 5140 ψαλμῶν
2665 5067 3012 5139 ὀνομάζεται.
3043 5067 3138 5130 Et;
3170 5065 3332 5120 πέντε
3363 5065 3423 5119 δὲ

1849 5159 1992 5232 μέρη
2017 5159 2115 5232 τὴν
2136 5160 2318 5214 πᾶσαν
2337 5159 2444 5214 τῶν
2461 5159 2706 5230 Ψαλμῶν
2731 5157 2916 5229 βίϐλον
2933 5157 3121 5221 παῖδες
3158 5157 3424 5229 Ἑϐραίων

1843 5252 2130 5325 διαιροῦσι·
2168 5251 2384 5324 πρῶτον
2425 5253 2505 5318 είς
2535 5253 2660 5316 τοὺς
2690 5250 2798 5305 ἀπὸ
2850 5255 2900 5304 α’
2938 5249 3098 5322 μέχρι
3134 5257 3206 5321 μη
3239 5249 3422 5303 δεύτε-

1848 5361 1942 5416 ρον
1967 5346 2048 5409 είς
2073 5346 2200 5409 τοὺς
2231 5345 2339 5400 ἀπὸ
2369 5353 2458 5417 μα’
2493 5344 2684 5418 μέχρις
2709 5343 2808 5396 οϐ”
2844 5343 3030 5416 τρίτον
3063 5345 3144 5408 εἰς
3164 5344 3290 5406 τοὺς
3309 5339 3421 5395 ἀπὸ

1843 5444 1923 5506 οῖ’
1950 5437 2143 5510 μέχρις
2174 5444 2287 5508 πη¹ο
2309 5436 2569 5508 τέταρτον
2595 5437 2677 5499 είς
2696 5435 2823 5499 τοὺς
2847 5435 2956 5489 ἀπὸ
2985 5435 3072 5488 πθ¹
3098 5434 3289 5506 μέχρις
3314 5444 3414 5506 ρεοο

1844 5529 2096 5600 πέμπτον
2135 5529 2215 5592 είς
2236 5529 2361 5592 τοὺς
2389 5527 2498 5582 ἀπὸ
2540 5532 2629 5598 ρς¹
2659 5526 2821 5598 μέχρι
2846 5525 3051 5590 τέλους.
3094 5524 3415 5596 Ἀνεπίγρα-

1843 5639 1933 5693 φοι
1962 5620 2020 5675 δέ
2043 5622 2149 5676 εἰσι
2171 5619 2377 5694 ψαλμοὶ
2393 5616 2478 5688 ιϐ’,
2501 5616 2971 5692 ἐπιγεγραμμένοι
2992 5617 3128 5692 ρλα’.
3152 5615 3271 5671 Τῶν
3293 5617 3416 5671 ἐπιμ-
