3998 6432
204 367 258 426 τε
1259 345 1762 405 COMMENTABIA
1799 351 1864 406 IN
1905 351 2239 408 essurus.
3333 349 3402 408 74

200 485 372 553 στήσας
395 477 560 550 αὐτὴν
583 479 662 542 είς
687 473 1054 546 Ἰερουσαλὴμ,
1087 472 1396 544 ἐπιλέγεται
1415 475 1480 528 ὲκ
1504 475 1603 547 τῆς
1635 493 1718 544 φυ·

1839 470 2176 542 reposuisset
2195 469 2366 534 illam,
2397 486 2460 526 ex
2493 467 2636 524 tribu
2672 465 2799 524 Levi
2845 469 3175 540 psalmorum
3217 482 3404 526 canto-

195 575 273 645 λῆς
293 568 412 625 Λευτ
431 567 616 640 κλήρῳ
639 565 944 636 ψαλτῳδοὺς
967 565 1232 637 ἄρχοντας
1251 565 1405 637 ᾠδῶν
1439 565 1727 638 τέσσαρας,

191 664 266 720 τοῦ
291 661 496 732 ψάλλειν
529 661 628 712 καὶ
666 658 810 730 ᾄδειν
837 656 1067 709 ἐνώπιον
1109 657 1206 728 τῆς
1247 655 1478 710 κιϐωτοῦ
1503 657 1580 728 τῷ
1621 659 1730 710 Ku-

194 757 290 828 ρίῳ,
335 753 422 807 καὶ
451 751 746 823 ἀναφέρειν
777 749 960 820 φωνὴν
989 749 1328 821 εὐφροσύνης
1359 751 1438 814 εἰς
1483 749 1730 821 ἐξομολό-

189 865 320 916 γησιν
339 845 428 898 καὶ
448 843 652 898 αἴνεσιν
673 845 730 896 ὲν
751 843 998 914 ὀργάνοις
1015 842 1400 914 ἡρμοσμένοις,
1427 843 1520 897 καὶ
1541 843 1726 914 ᾠδαῖς,

189 941 262 992 καὶ
285 937 537 1008 κινύραις,
567 937 660 990 καὶ
695 936 940 1000 νάϐλαις,
975 939 1066 991 καὶ
1109 937 1428 1008 τυμπάνοις,
1466 936 1556 990 καὶ
1590 954 1729 1008 κυμ-

189 1031 359 1092 ϐάλοις,
402 1029 493 1082 καί
541 1029 845 1100 ψαλτηρίῳ,
899 1030 994 1082 καὶ
1054 1027 1334 1100 κερατίνη,
1385 1029 1476 1082 τὸν
1532 1029 1724 1097 Ἀσάφ,

187 1121 350 1190 Αίμάν,
397 1119 582 1184 Ᾱίθάν,
641 1120 906 1191 Ἰδιθούμ⁶
939 1115 1291 1190 οἷς-ἀριθμὸς
1333 1114 1486 1190 ᾠδῶν
1539 1121 1728 1174 ἐπετέ-

187 1229 340 1274 τακτο,
367 1209 596 1282 ᾀδόντων
633 1212 922 1266 διακοσίων
962 1213 1288 1284 ὀγδοήκοντα
1315 1213 1477 1277 ὀκτὼ,
1515 1213 1727 1284 ἑκάστῳ

187 1301 516 1371 ἑϐδομήκοντα
563 1302 679 1370 δύο,
705 1306 768 1358 ἐκ
801 1301 896 1358 τοῦ
933 1303 1064 1374 Χάμ
1092 1303 1192 1368 λ6’,
1225 1303 1320 1358 τοῦ
1359 1305 1480 1376 Σὴμ
1507 1304 1605 1367 κε’,
1631 1303 1725 1358 τοῦ

197 1393 342 1462 Ἰάφεθ
378 1401 453 1446 ιε’.
485 1395 717 1460 Οῖτινες,
754 1394 987 1459 ἑστῶτες
1017 1395 1323 1468 ἔμπροσθεν
1361 1395 1462 1466 τῆς
1493 1395 1726 1450 κιϐωτοῦ

185 1485 418 1557 Διαθήκης
464 1489 700 1559 Κυρίου.
750 1488 976 1558 ἔψαλλον
1017 1491 1110 1543 καὶ
1141 1487 1269 1562 ¹ᾖδον
1307 1484 1385 1560 τῷ
1418 1489 1631 1560 Κυρίῳ·
1667 1489 1726 1554 ὃς

187 1578 264 1647 μὲν
289 1579 340 1631 ὲν
366 1578 576 1650 κινύρα,
603 1580 663 1644 ὃς
705 1579 761 1634 δὲ
791 1583 848 1634 ὲν
876 1582 1194 1654 κυμϐάλοις,
1235 1583 1294 1647 ὃς
1325 1579 1380 1635 δὲ
1413 1584 1471 1635 ἑν
1502 1581 1723 1655 κιθάρᾳ.

179 1671 228 1731 ὃς
261 1669 310 1722 δὲ
345 1671 400 1722 ἐν
445 1669 734 1744 ψσλτηρὶῳ
755 1687 770 1702 ·
805 1665 880 1726 ὧν
933 1673 1094 1743 μέσος
1134 1671 1318 1726 ἵστατο
1369 1674 1398 1725 ὁ
1458 1673 1726 1744 μακάριος

179 1759 327 1823 Arati},
347 1763 500 1826 αὑτὸς
525 1764 716 1834 ἄρχων
741 1764 1020 1836 ἀρχόντων
1057 1765 1230 1838 ᾠδῶν,
1261 1765 1476 1837 κρατῶν
1501 1765 1594 1818 ἐπὶ
1615 1767 1726 1836 χεῖ-

1835 579 1924 620 rcs
1947 571 2210 635 quatuor,
2249 563 2586 617 canticorum
2619 561 2915 632 principes.
2949 561 3050 618 sibi
3083 571 3231 620 sorte
3258 561 3402 618 delc~

1833 657 1947 728 git;
1993 663 2051 709 ut
2085 655 2141 710 in
2188 662 2484 724 conspectu
2539 669 2680 708 arcte
2736 652 2969 709 Domino
3025 654 3317 724 psallerent
3351 662 3402 711 et

1831 753 2142 810 cantarent,
2187 761 2484 816 vocemque
2533 745 2752 810 laetitias,
2813 746 2868 801 in
2918 739 3316 802 éonfessionem
3347 753 3400 801 ct

1831 839 2048 894 laudem
2085 838 2464 894 instrumentis
2506 837 2797 894 concinnis
2854 838 3180 910 proferrent,
3227 840 3403 894 canti-

1829 931 1934 996 cis,
1973 931 2200 1002 cyniris,
2247 931 2444 995 nablis,
2477 933 2770 1004 tympanis,
2799 932 3085 1003 cymbalis,
3121 932 3399 1002 psalterio.
3473 995 3476 998 ς

1827 1031 1886 1078 et
1919 1023 2050 1078 tuba
2097 1038 2333 1090 cornea;
2365 1023 2616 1080 videlicet
2665 1023 2870 1093 Asaph,
2912 1021 3131 1088 A'Jman,
3173 1023 3401 1086 Ethan,

1831 1115 2090 1178 ldithum,
2123 1114 2283 1184 queis
2317 1123 2504 1170 certus
2535 1115 2875 1171 canticorum
2906 1131 3164 1172 numerus
3196 1115 3402 1172 consti-

1831 1219 1982 1288 tutus
2017 1223 2172 1278 erat;
2207 1211 2482 1282 deputatis
2505 1211 2825 1264 cantoribus
2849 1210 3098 1266 ducentis
3122 1210 3398 1280 octoginta

1829 1313 2004 1369 octo;
2080 1303 2312 1373 singulis
2383 1304 2642 1357 nimirum
2703 1301 3044 1372 septuaginta
3115 1293 3243 1356 duo.
3321 1300 3397 1354 Ex

1825 1394 2036 1450 Chamo
2105 1396 2218 1452 sive
2281 1394 2468 1448 Chami
2533 1395 2790 1465 progenie
2849 1395 3070 1464 triginta
3131 1394 3274 1462 duo;
3333 1407 3436 1464 cx_

1831 1489 1995 1544 Semo
2027 1489 2220 1560 viginti
2255 1489 2532 1560 quinque;
2565 1504 2630 1543 ex
2665 1485 2894 1560 Japhcto
2926 1487 3259 1558 quindecim.
3293 1487 3398 1555 Qui

1827 1591 2037 1638 stantes
2068 1596 2251 1636 coram
2295 1597 2422 1636 arca
2453 1582 2768 1636 testamenti
2799 1579 3037 1646 Domini,
3077 1581 3396 1650 psallebant,

1826 1676 2205 1744 canebanlque
2253 1672 2510 1739 Domino;
2564 1673 2655 1727 alii
2709 1673 2918 1744 cinyra,
2971 1672 3062 1726 alii
3111 1672 3395 1742 cymbalis.

1828 1766 2051 1837 quidam
2086 1765 2320 1827 cithara,
2347 1763 2513 1834 aliqui
2539 1763 2798 1833 psalterio
2833 1781 2844 1816 :
2881 1763 2934 1816 in
2955 1775 3188 1832 quorum
3221 1761 3399 1814 medio

181 1871 260 1923 ρας
299 1855 354 1907 τὸ
399 1855 720 1928 ψαλτήριον.
754 1859 1022 1923 Ἕκαστος
1075 1859 1132 1912 δὲ
1177 1857 1304 1934 ᾖδεν
1355 1859 1448 1912 καὶ
1497 1859 1718 1928 ἔψαλλεν

1829 1859 2165 1914 consistebat
2197 1855 2387 1920 David,
2426 1856 2541 1926 ipse
2571 1855 2826 1924 princeps
2877 1853 3180 1924 principum
3227 1852 3400 1905 canti‘

178 1941 327 2012 ὑμνῶν
345 1943 432 1997 τὸν
463 1945 600 1998 Θεὸν
629 1947 766 2018 ἁγίῳ
797 1949 1070 2020 Πνεύματι
1109 1949 1474 2020 τεταγμένως.
1533 1950 1720 2003 Ἠνίκα

175 2035 320 2088 τοίνυν
337 2037 558 2110 ἐσκίρτα
587 2040 650 2092 τὸ
669 2039 894 2110 Πνεῦμα
913 2041 1005 2095 ἐπί
1026 2059 1147 2095 τινα
1172 2041 1278 2094 τῶν
1309 2042 1581 2112 ἀρχόντων
1609 2043 1717 2096 τῶν

175 2128 445 2201 ψαλτῳδῶν,
467 2133 516 2186 οἱ
541 2133 726 2188 λοιποὶ
774 2135 1003 2206 ἡσυχίαν
1043 2131 1176 2206 ἦγον
1234 2135 1582 2206 παρεστῶτες
1625 2136 1720 2189 καὶ

175 2219 494 2286 ὑπακούοντες
512 2223 594 2294 (1)
616 2227 919 2295 συμφώνως
934 2225 1012 2296 τῷ
1031 2225 1305 2296 ψάλλοντι,
1337 2225 1716 2292 Ἀλλ-ηλούῖα.

1827 1965 2042 2014 eorum,
2076 1965 2242 2004 manu
2277 1959 2518 2004 tractans
2541 1946 2879 2018 psalterium.
2916 1945 3128 2017 Singuli
3157 1958 3288 2000 vero
3309 1959 3400 1998 ca-

1827 2043 2028 2097 nebant
2060 2049 2114 2098 et
2149 2041 2474 2112 psallebant,
2515 2041 2732 2111 hymnis
2769 2039 2935 2094 Deum
2959 2038 3248 2098 concinne,
3275 2033 3400 2105 Spi-

1825 2136 1934 2188 ritu
1971 2144 2160 2190 sancto
2185 2135 2339 2198 moti,
2383 2134 2740 2189 celebrantes.
2767 2132 2902 2187 Cum
2944 2132 3126 2201 itaque
3159 2128 3396 2199 Spiritus

1831 2228 1885 2281 in
1917 2227 2228 2297 quempiam
2255 2226 2560 2296 principum
2593 2233 2880 2280 cantorum
2931 2224 3183 2287 insiliret,
3215 2219 3396 2276 caeteri

172 2319 320 2386 quiete
356 2321 588 2389 agebant
629 2329 872 2377 astantes
917 2337 980 2376 ac
1013 2338 1146 2378 voce
1175 2337 1418 2377 consona
1455 2323 1710 2392 psallenti
1747 2323 2164 2396 reSpondentes,
2207 2323 2461 2378 Alleluia.

235 2411 310 2462 Ἐν
345 2414 405 2481 τῇ
449 2412 719 2484 Ἐϐραῖκῇ
753 2413 918 2486 βίϐλῳ
951 2415 1060 2466 τῶν
1084 2411 1313 2486 ψαλμῶν
1346 2415 1474 2469 ἄνευ
1498 2416 1596 2486 τῆς
1626 2411 1720 2468 τοῦ

1897 2416 1955 2470 1η
1997 2413 2266 2471 llebraico
2297 2413 2636 2470 Psalmorum
2663 2413 2822 2478 libro,
2853 2411 3248 2483 psalmiomnes
3275 2405 3396 2464 sine

1827 2505 2039 2561 numeri
2068 2505 2345 2560 additione
2377 2505 2528 2560 varie
2558 2504 2806 2574 inscripti
2844 2512 2991 2559 sunt.
3027 2503 3090 2556 Et
3113 2509 3243 2558 sunt
3273 2501 3394 2571 qui-

1822 2601 1944 2656 dem
1975 2601 2066 2655 alii
2099 2601 2401 2672 conjuncti,
2429 2601 2519 2654 alii
2551 2615 2680 2655 vero
2707 2599 2888 2656 divisi.
2927 2597 3069 2653 Sane
3099 2597 3312 2668 primus
3341 2603 3393 2651 et

1822 2695 2096 2751 secundus
2125 2695 2280 2764 juxta
2308 2693 2634 2749 llebraicum
2665 2693 2993 2762 copulantur
3020 2711 3032 2746 :
3061 2707 3238 2746 nonus
3259 2705 3394 2744 eon-

1821 2796 1904 2841 tra
1929 2787 2022 2858 qui
2058 2787 2199 2857 apud
2231 2803 2332 2842 nos
2363 2785 2696 2854 coniunctus
2729 2793 2833 2847 est,
2867 2783 2920 2836 in
2946 2783 3086 2839 duos
3106 2781 3248 2853 apud
3278 2777 3396 2838 He-

1819 2880 2064 2935 braicum
2100 2887 2308 2934 textum
2349 2879 2718 2933 distribuitur.
2761 2875 3174 2931 Observandum
3208 2879 3388 2928 autem

1817 2977 1924 3034 est,
1961 2985 2073 3024 non
2105 2969 2172 3022 ad
2203 2967 2399 3022 seriem
2425 2969 2669 3023 historia:
2701 2977 3033 3036 temporum,
3055 2965 3388 3034 psalmorum

1817 3063 2068 3118 ordinem
2089 3062 2448 3114 constitutum
2481 3075 2602 3114 esse
2629 3078 2640 3112 :
2680 3058 2948 3126 siquidem
2989 3057 3219 3110 multum
3240 3069 3392 3109 com-

1817 3161 2078 3214 mutatur,
2105 3151 2181 3206 uti
2207 3149 2520 3220 Regnorum
2545 3150 2682 3204 liber
2714 3164 2777 3203 ac
2805 3149 2886 3204 vel
2908 3149 3024 3218 ipse
3053 3149 3187 3202 ordo
3214 3146 3390 3201 decla-

1814 3249 1919 3297 rat.
1950 3242 2086 3297 Cum
2118 3242 2304 3309 itaque
2331 3239 2502 3292 multo
2533 3237 2858 3292 idololatrias
2907 3252 3103 3306 genere
3125 3233 3388 3290 Judaicus

1815 3333 2050 3404 populus
2081 3333 2438 3396 detineretur,
2473 3331 2666 3386 dicunt
2698 3345 2762 3384 eo
2791 3345 2964 3398 usque
2985 3328 3293 3390 devenisse,
3327 3334 3388 3380 ut

1813 3428 2020 3498 patrias
2051 3427 2354 3498 scripturas
2405 3441 2434 3481 c
2482 3423 2748 3480 memoria
2787 3422 3190 3484 oblitterarent,
3229 3421 3302 3475 ita
3329 3423 3388 3474 ut

1813 3535 1988 3590 neque
2015 3518 2266 3574 Mosaicae
2295 3517 2433 3586 legis
2460 3517 2598 3570 liber
2649 3513 2790 3567 ultra
2821 3513 3179 3582 reperiretur,
3207 3525 3386 3580 neque

1814 3615 2052 3679 paterna
2077 3607 2294 3676 pietatis
2323 3604 2642 3660 memoriam
2663 3607 3072 3656 conservarent.
3097 3599 3386 3654 Enimvero

1811 3699 2108 3769 prophetas
2160 3697 2504 3768 impietatem
2559 3709 2716 3750 suam
2757 3699 3122 3764 coarguentcs
3175 3690 3388 3744 interfia

1811 3791 2048 3844 ciebant.
2079 3787 2224 3842 Nihil
2275 3789 2458 3856 itaque
2499 3786 2700 3840 mirum
2735 3794 2820 3840 est
2847 3784 2900 3838 in
2944 3783 3036 3836 tali
3074 3793 3383 3852 temporum

1810 3881 2144 3945 conditione,
2163 3879 2404 3950 psalmos
2422 3879 2632 3947 aliquot
2657 3876 2788 3931 olim
2807 3876 2862 3928 in
2887 3874 3226 3928 Psalmorurn
3244 3874 3384 3930 libro

1809 3979 2184 4036 occurrentes,
2221 3971 2382 4042 longo
2417 3983 2690 4024 annorum
2733 3966 3010 4022 curriculo
3041 3965 3252 4019 incuria
3283 3965 3384 4019 ob-

1810 4065 2084 4119 litteratos
2113 4062 2406 4122 excidisse.
2445 4061 2560 4116 Sub
2585 4061 2700 4114 haec
2733 4067 2916 4112 autem
2949 4057 3103 4110 aiunt
3133 4057 3249 4112 sive
3282 4058 3382 4110 Es~

1808 4157 1986 4220 dram,
2006 4156 2120 4212 sive
2144 4156 2282 4211 alios
2304 4154 2570 4226 quosdam
2591 4156 2906 4223 prophetas,
2925 4151 3072 4220 ipsos
3093 4148 3382 4218 colligendi

1807 4263 1994 4303 curam
2032 4249 2343 4319 suscepisse
2370 4285 2386 4312 ,
2429 4255 2725 4316 posteaque
2781 4241 3123 4296 Psalmorum
3183 4241 3378 4294 librum

165 4337 254 4402 μῶν
277 4341 550 4411 ἡγιοχέναι
597 4343 744 4410 (sic),
773 4342 874 4394 οὑκ
921 4340 1132 4412 ἀθρόως
1163 4341 1388 4414 εὑρόντα
1417 4343 1545 4406 τοὺς
1571 4343 1706 4396 πάν-

1821 4355 2184 4406 :onsecrasse,
2221 4354 2322 4393 nec
2344 4336 2632 4392 confertim
2667 4341 2916 4404 repertos
2961 4347 3152 4388 omnes
3185 4331 3378 4394 fuisse,

161 4441 252 4494 τας,
281 4433 406 4486 ἀλλά
429 4433 571 4488 κατὰ
597 4433 882 4505 διαφόρους
913 4433 1155 4504 χρόνους.
1187 4435 1296 4487 Καὶ
1329 4435 1538 4489 τάττειν
1563 4435 1620 4488 δὲ
1647 4436 1705 4487 ὲν

1821 4432 1903 4488 sed
1931 4432 2168 4496 diversis
2197 4429 2559 4500 temporibus.
2603 4425 2818 4483 Primos
2863 4435 3046 4481 autem
3077 4425 3380 4480 collocasse

161 4521 358 4592 πρώτοις
381 4527 508 4586 τοὺς
531 4523 781 4594 πρώτους
812 4523 1231 4596 εὑρισκομένους
1247 4541 1259 4554 ·
1296 4525 1430 4596 μηδὲ
1459 4527 1582 4590 τοὺς
1607 4526 1700 4580 τοῦ

1821 4541 1902 4581 tos
1928 4525 2018 4594 qui
2051 4524 2228 4594 primi
2249 4524 2454 4578 inventi
2491 4521 2708 4575 fuerant
2748 4538 2760 4582 ;
2817 4519 3058 4589 hincque
3085 4517 3287 4572 factum
3319 4525 3380 4570 ut

161 4611 287 4667 41515
316 4615 512 4686 ἐφεξῆς
545 4613 758 4668 κεῖσθαι
799 4615 1040 4680 πάντας·
1071 4617 1128 4670 έν
1165 4635 1226 4671 τε
1256 4617 1334 4688 τῷ
1368 4615 1568 4688 μεταξὺ
1607 4619 1702 4672 καὶ

1828 4617 1967 4687 iqui
1996 4632 2026 4669 a
2059 4613 2262 4668 Davide
2312 4613 2608 4680 conscripti
2651 4617 2777 4668 sunt
2824 4625 2934 4664 non
2979 4611 3382 4678 consequenter

157 4703 242 4756 τῶν
265 4707 388 4758 υἱῶν
411 4705 581 4777 Κορὲ,
619 4706 714 4760 καὶ
742 4705 836 4760 τοῦ
873 4707 1064 4776 Ἀσάφ,
1096 4710 1188 4762 καὶ
1207 4707 1566 4780 Σολομῶντος,
1609 4710 1702 4766 καὶ

1825 4717 2038 4772 aceant,
2097 4707 2192 4764 sed
2230 4705 2500 4762 commisti
2533 4718 2656 4757 cum
2702 4703 2770 4759 iis
2815 4701 2910 4771 qui
2948 4699 3182 4754 ﬁliorum
3213 4698 3375 4760 Core,

157 4793 413 4863 Μωὺσέολς,
431 4798 615 4868 Αίμάν
639 4815 720 4862 τε,
751 4797 846 4852 καὶ
871 4797 1058 4864 Αίθάν,
1083 4799 1176 4852 καὶ
1209 4800 1460 4872 Ἰδιθοὺμ,
1487 4803 1580 4856 καὶ
1599 4803 1702 4856 πά·

1821 4803 2029 4874 tsaphi,
2051 4797 2380 4865 Salomonis,
2399 4797 2622 4868 Moysis,
2643 4795 2864 4859 Eman,
2883 4792 3349 4857 1Etban,ldithum
3363 4835 3376 4858 ,

159 4885 220 4940 λιν
247 4891 332 4944 τοῦ
359 4891 524 4948 Δαυῖδ
546 4891 894 4965 εὑρίσκεσθαι
923 4891 1124 4962 ἀναμὶξ
1145 4894 1202 4946 ὲν
1229 4895 1296 4965 τῇ
1336 4894 1503 4965 βίϐλῳ
1533 4913 1688 4950 κατα-

1821 4909 2134 4964 'ursumque
2161 4890 2384 4946 Davidis
2421 4889 2820 4949 inscribuntur,
2859 4901 2968 4944 non
3001 4885 3212 4938 ratione
3238 4889 3378 4937 tem-

159 4985 508 5054 ῖεταγμένους,
559 4986 620 5037 οὐ
642 4983 763 5037 καθ’
795 4979 888 5047 οὒς
937 4981 1234 5056 ἐλέχθησαν
1279 4985 1520 5057 χρόνους,
1565 4987 1700 5041 ἀλλὰ

1821 4989 1953 5042 toris
1980 5001 2089 5056 quo
2122 4983 2359 5054 primum
2389 4981 2518 5036 editi
2542 4989 2596 5034 et
2625 4977 2984 5050 pronuntiati,
3017 4974 3114 5032 sed
3145 4987 3254 5044 quo
3281 4973 3380 5028 de-

161 5073 252 5126 καθ’
273 5077 356 5139 οὓς
379 5077 657 5148 εὕρηνται.
687 5075 876 5130 Ἔνθεν
896 5091 952 5129 τε
987 5075 1257 5148 συμϐῆναι
1290 5079 1413 5141 τοὺς
1435 5081 1548 5144 τοῖς
1575 5080 1696 5151 χρό-

1821 5075 2061 5145 prehensi
2083 5079 2231 5130 sunt.
2263 5070 2510 5140 [linoque
2537 5071 2857 5139 contigisse,
2908 5075 2966 5122 ut
3005 5066 3100 5136 qui
3131 5073 3377 5135 tempore

161 5179 244 5228 nt;
259 5168 506 5240 ὑστέρους
529 5169 778 5239 πρώτους
803 5165 1143 5239 εὑρεθέντας,
1171 5168 1543 5239 ἀναληφθῆναι
1568 5189 1694 5241 προ-

1821 5167 2138 5223 )οειονὶοι-οε
2162 5171 2339 5228 erant,
2374 5179 2498 5218 cum
2529 5163 2690 5230 primi
2712 5159 2912 5232 reperti
2945 5159 3170 5220 fuerint,
3211 5155 3374 5227 primi

162 5254 336 5326 τίρους’
369 5263 493 5325 τοὺς
523 5261 580 5314 δὲ
611 5261 904 5332 προτέρους
937 5259 1074 5329 μετὰ
1103 5259 1273 5314 ταῦτα
1297 5261 1616 5333 εὑρεθέντας
1635 5265 1693 5318 ὲν

1821 5258 2024 5327 'epositi
2060 5257 2172 5312 sint
2197 5273 2212 5322 ;
2243 5269 2308 5310 ac
2333 5256 2452 5310 vice
2491 5269 2648 5310 versa
2667 5253 2761 5322 qui
2783 5253 2942 5323 primi
2975 5249 3214 5314 fuerant,
3245 5248 3374 5319 quia

162 5343 344 5421 δευτέρᾳ
365 5351 596 5422 ταγῆναι
622 5351 776 5423 χώρᾳ⁸
794 5369 806 5382 ·
835 5351 896 5406 τδ
915 5347 958 5404 δ⁴
988 5351 1118 5405 αὑτὸ
1135 5351 1312 5424 εὕροις
1334 5355 1694 5425 γεγενημένον

1821 5355 1922 5402 rost
1947 5347 2084 5400 alios
2114 5345 2254 5400 eruti
2273 5351 2422 5410 sunt,
2457 5343 2816 5414 posteriorem
2851 5341 2906 5395 in
2924 5341 3104 5395 locum
3119 5339 3228 5395 sint
3241 5353 3375 5393 con-

165 5429 206 5486 ἓν
223 5441 314 5500 τοῖς
337 5441 659 5512 προφήταις.

1821 5439 1970 5492 .tituti
1992 5458 2004 5492 :
2023 5439 2168 5508 quod
2191 5438 2368 5508 ipsum
2395 5437 2448 5490 in
2465 5436 2742 5508 prophetis
2757 5434 2960 5490 factum
2975 5429 3370 5503 deprehendas.

215 5525 376 5584 Πάντα
397 5532 582 5602 ὥσπερ
615 5534 674 5584 ὲν
705 5531 923 5601 μεγάλῳ
955 5533 1062 5586 τινὶ
1089 5532 1182 5586 καὶ
1205 5532 1368 5603 κοινῷ
1388 5533 1596 5604 ταμείῳ
1621 5535 1688 5605 τῇ

1869 5531 1930 5584 ln
1965 5529 2106 5582 libro
2135 5527 2476 5582 Psalmorum
2531 5527 2714 5580 omnia
2751 5525 2924 5580 ceuin
2951 5537 3148 5594 magno
3174 5537 3238 5575 ac
3269 5535 3372 5590 pu-

167 5611 298 5689 βίϐλῳ
321 5622 424 5675 τῶν
445 5622 677 5694 ψαλμῶν
706 5617 1144 5695 τεθησαυρισται.
1173 5623 1410 5677 Κάκεῖνο
1438 5619 1494 5676 δὲ
1530 5641 1596 5693 τη
1607 5623 1696 5694 pip

1821 5624 1952 5678 [ilico
1982 5621 2246 5693 penuario
2267 5618 2543 5675 recondita
2571 5625 2718 5675 sunt.
2745 5615 3156 5674 Observandum
3187 5619 3370 5666 autem

171 2501 365 2573 ἀριθμοῦ
394 2507 719 2577 προσθήκης
747 2507 1130 2579 ἀνεγράφησαν
1161 2505 1209 2561 oi
1244 2509 1442 2572 πάντες
1479 2507 1572 2562 καὶ
1599 2507 1718 2560 δια-

173 2594 332 2664 φάρως.
382 2595 442 2648 Ol
482 2597 592 2666 μέν
629 2601 732 2650 εἰσι
784 2599 1138 2669 συνημμένοι,
1186 2601 1234 2653 οἱ
1276 2600 1332 2652 δὲ
1377 2598 1713 2672 διῃρημένοι..

180 2681 356 2754 ’Λμὲλει
386 2685 413 2738 ὀ
442 2687 540 2754 μὲν
583 2687 798 2757 πρῶτος
827 2689 922 2742 καὶ
947 2689 1195 2760 δεύτερος
1242 2689 1576 2760 συνημμένοι
1608 2689 1716 2741 εἰσὶ

173 2775 281 2828 κατὰ
306 2777 360 2828 τὸ
401 2778 726 2848 Ἑϐραῖκόνο
764 2777 856 2832 καὶ
889 2779 1048 2832 πάλιν
1072 2783 1100 2832 ὁ
1133 2780 1338 2842 ἔνατος,
1373 2778 1714 2850 συνημμένος

171 2866 270 2936 παρ’
294 2867 432 2936 ἡμῖν,
477 2869 540 2920 ὲν
567 2867 648 2938 τῷ
689 2868 960 2940 Ἐϐραῖκῷ
990 2869 1239 2940 διῄρηται
1272 2872 1352 2932 είς
1394 2869 1503 2924 δύο.
1539 2869 1714 2942 Παρα-

167 2959 386 3028 τηρητέον
415 2960 492 3024 δὲ,
539 2961 628 3014 ὅτι
666 2961 740 3031 μὴ
776 2961 916 3014 κατὰ
946 2961 1263 3016 ἀκολουθίαν
1304 2963 1412 3015 τῶν
1435 2963 1534 3032 τῆς
1571 2964 1711 3016 ἱστο-

171 3049 488 3124 ρίιςῑρὸνων
519 3057 558 3126 ἡ
597 3053 706 3109 τῶν
737 3053 965 3126 ψαλμῶν
1009 3053 1288 3122 σύγκειται
1333 3055 1514 3120 τάξις·
1551 3057 1708 3126 ἐνήλ-

167 3145 319 3200 λακται
337 3150 390 3201 δὲ
414 3149 576 3220 παρά
603 3149 758 3212 πολὺ,
794 3147 974 3212 καθὼς
1001 3150 1034 3220 ἡ
1061 3147 1242 3218 βίϐλος
1262 3148 1369 3202 τῶν
1391 3149 1706 3213 Βασιλειῶν,

167 3239 236 3288 καὶ
263 3238 386 3310 αὕτη
411 3243 444 3310 ἡ
492 3239 655 3304 τάξις
685 3239 849 3310 δηλοῖ.
887 3239 1094 3310 Πολλῆς
1143 3239 1320 3292 τοίνυν
1368 3258 1711 3312 κατακρατη-
1739 3238 1760 3260 ‘

165 3329 304 3399 σάς-ης
348 3330 794 3400 εἰδωλολατρείας
841 3329 935 3383 τοῦ
978 3329 1243 3382 Ἰουδαίων
1297 3330 1499 3393 ἔθνους,
1543 3329 1710 3401 λήθην

167 3423 323 3487 αὐτούς
367 3441 498 3491 φασι
557 3423 886 3494 πεποιῆσθαι
916 3423 1024 3476 τῶν
1069 3424 1312 3496 πατρίων
1357 3425 1604 3496 γραφῶν,
1635 3426 1711 3488 ὠς

165 3515 270 3583 μηδὲ
313 3515 400 3568 τοῦ
433 3517 721 3577 Μωῦσέως
753 3515 916 3584 νόμου
945 3513 1124 3584 βίϐλον
1165 3515 1539 3586 ἐπιφέρεσθαι,
1577 3515 1708 3586 μηδὲ

167 3606 348 3675 μνήμην
367 3607 460 3676 τῆς
485 3605 604 3658 τῶν
627 3605 874 3673 πατέρων
899 3604 1177 3668 εὐσεϐείας
1205 3605 1528 3670 ἀποσώζειν.
1553 3601 1710 3658 Οὕτω

163 3696 262 3760 γοῦν
285 3699 398 3761 τοὺς
433 3695 726 3770 προφήτας
749 3696 978 3767 ἀνῄρουν
1015 3695 1384 3767 διελέγχοντας
1409 3696 1588 3750 αὐτῶν
1611 3697 1710 3760 τὰς

163 3787 454 3853 δυσσεϐείας.
507 3789 648 3843 Οὐδὲ
681 3789 775 3841 νῦν
818 3787 1126 3859 θαυμαστὸν
1169 3790 1226 3840 ὲν
1273 3787 1496 3860 τοιαύτῃ
1539 3805 1707 3842 καταα

165 3881 314 3933 στάσει
345 3881 558 3951 καιρῶν
590 3881 686 3934 καὶ
711 3879 819 3933 τῶν
851 3879 1236 3952 ἐμφερομένων
1263 3879 1414 3942 τινὰς
1445 3883 1508 3951 τῇ
1544 3878 1708 3950 βίϐλῳ

163 3973 244 4026 τῶν
263 3975 481 4044 ψαλμῶν
511 3973 975 4036 διαπεπτωκέναι,
1011 3971 1149 4046 λήθῃ
1181 3991 1238 4026 τε
1267 3976 1494 4044 μακροῖς
1527 3987 1705 4047 παρα·-

163 4061 362 4120 {satisﬁat
381 4067 790 4138 χρόνοις.”Υστε
799 4083 888 4138 ρον
901 4065 958 4120 δὲ
974 4065 1110 4137 μετά
1121 4064 1314 4130 ταῦτα,
1333 4066 1704 4138 εἴτεἜσδραν,

163 4153 244 4207 εἴτε
287 4159 426 4222 τινάς
457 4157 686 4230 ἐτέρους
719 4159 1023 4230 προφήτας,
1075 4160 1202 4231 περὶ
1242 4159 1341 4230 τὴν
1389 4159 1706 4230 συναγωγὴν

162 4244 304 4300 αὐτῶν
329 4250 742 4314 ἐσπουδακέναι,
770 4251 888 4321 μεθ’
915 4243 989 4304 ὧν
1013 4252 1106 4303 καὶ
1121 4251 1216 4322 τὴν
1237 4251 1418 4322 βίϐλον
1440 4251 1546 4304 τῶν
1570 4251 1706 4320 ψαλ-

217 5729 276 5816 ll)
312 5731 679 5816 ξῖξαθξούξιν,
717 5735 772 5790 id
811 5744 896 5816 est
935 5735 1242 5816 respondere
1291 5737 1505 5792 :multa
1539 5735 1702 5807 hujus
1742 5739 2152 5812 signiﬁcationis
2204 5736 2446 5808 exempla
2489 5736 2771 5792 attulimus
2825 5735 2882 5789 in
2913 5733 3148 5790 editione
3200 5730 3368 5786 Atha-

165 5803 294 5856 nasii.
315 5800 440 5858 Vide
479 5806 534 5860 in
566 5805 918 5861 Onomastico
951 5800 1168 5861 ibidem.

365 5899 631 5961 ΡΑτιιοι..
666 5901 780 5962 Gn.
833 5901 1069 5966 XXIII.

3121 5889 3159 5950 3
