3994 6448
543 362 622 420 τε
1282 358 1552 419 EUSEBII
1588 364 2063 422 cazsstuENSIs
2090 367 2237 424 ore.
2267 334 2462 422 ratis
2505 317 2600 426 llt.
2627 403 2695 418 .-
2728 376 3135 438 meamea.
3737 403 3813 458 τε

546 490 633 536 est
658 473 860 537 librum
909 486 1243 552 psalmorum
1276 501 1401 560 post
1432 491 1633 563 Moysis
1683 493 1877 564 legem,
1918 511 2109 552 novam

2220 517 2349 566 σεις,
2382 493 2466 556 ὡς
2519 499 2554 575 ἡ
2600 507 2778 578 βίϐλος
2813 513 2917 562 τῶν
2949 512 3178 582 ψαλμῶν
3225 513 3414 584 καινὴν
3452 514 3813 570 διδασκαλίαν

548 576 840 645 (amplecti
895 577 1202 635 doctrinam
1229 621 1244 646 ,
1289 582 1577 652 ipsumque
1611 591 1734 654 post
1765 595 2119 643 memoratam

551 664 751 737 Bloysis
795 672 1162 740 ,scripturam,
1196 675 1495 728 secundum
1517 716 1532 741 ,
1564 676 1632 730 ad
1662 675 1964 732 doctrinam
1997 696 2122 749 spe-

545 767 806 824 etantem,
825 777 947 816 esse
971 764 1189 818 librum.
1205 765 1341 821 Cum
1366 767 1548 839 itaque
1575 779 1698 839 post
1722 779 1952 826 mortem
1970 771 2121 844 Moy-

547 850 624 905 sis
651 858 705 906 et
749 850 901 916 Jesu,
929 863 981 907 et
1017 865 1140 923 post
1164 856 1416 926 judicum
1439 866 1678 930 tempus,
1711 861 1880 918 David
1897 873 2117 922 aetatem

454 1009 462 1017 .
546 942 801 1011 duxerit;
859 952 1049 1016 utpote
1101 949 1196 1018 qui
1245 949 1546 1008 Salvatoris
1599 963 1756 1024 pater
1809 958 2120 1028 nuncupari

545 1036 828 1102 meruerit,
862 1055 1066 1095 novum
1109 1041 1227 1111 ipse
1254 1044 1505 1110 modum;
1533 1045 1852 1115 psalmodize
1885 1049 2115 1115 scilicet,

543 1128 754 1196 primus
778 1127 1018 1187 llebrreis
1050 1133 1310 1200 tradidit;
1337 1151 1447 1205 quo
1469 1136 1562 1190 illa
1596 1153 1718 1207 qua:
1740 1138 1807 1193 de
1829 1140 2118 1198 sacriﬁciis

543 1232 575 1270 a
605 1217 786 1290 Moyse
824 1223 1032 1277 sancita
1064 1222 1280 1280 fuerant
1312 1228 1379 1283 de
1401 1228 1585 1284 medio
1621 1231 1782 1296 tollit,
1801 1248 2117 1302 novumque

541 1307 714 1362 divini
769 1311 953 1366 cultus
1015 1328 1224 1368 morem
1257 1330 1354 1386 per
1383 1316 1619 1388 hymnos
1649 1334 1712 1376 ac
1757 1322 2117 1392 jubilationes

541 1399 747 1454 invehit
779 1421 794 1457 :
830 1404 1046 1475 aliaque
1099 1406 1238 1462 bene
1289 1409 1460 1463 multa
1498 1410 1700 1482 Moysis
1755 1415 1926 1487 legem
1958 1417 2116 1490 longe

537 1495 854 1562 superantia
885 1512 980 1566 per
1009 1505 1184 1552 totum
1214 1515 1352 1570 opus
1377 1501 1591 1557 edocet.

785 1673 1006 1729 Eusebii
1024 1675 1372 1733 Cwsariensis
1397 1679 1461 1734 de
1482 1681 1862 1750 diapsalmate.

610 1763 919 1834 Diapsalma
962 1768 1308 1838 scripserunt
1357 1771 1687 1842 interpretes
1743 1774 1820 1828 illi
1865 1775 2108 1848 quinque

535 1857 836 1928 principes,
886 1858 1036 1930 quia
1065 1860 1270 1916 Davide
1320 1878 1446 1933 rege
1479 1879 1546 1918 ex
1577 1864 1725 1920 tribu
1771 1865 1902 1922 Levi
1928 1867 2106 1922 allecti
2140 1867 2180 1922 Β

535 1956 715 2016 sunt;
771 1967 1004 2021 quorum
1037 1953 1154 2008 haec
1186 1955 1454 2010 nomina:
1510 1957 1728 2027 ASaph,
1786 1959 1883 2014 ﬁlii
1943 1959 2105 2026 Core,

533 2040 1020 2108 Emasztham,
1052 2046 1287 2102 ldithum
1317 2069 1329 2104 :
1363 2049 1530 2107 hosce
1553 2060 1738 2109 certus
1766 2054 2108 2110 canticorum

535 2149 798 2190 numerus
827 2138 1288 2207 consequebatur,
1341 2141 1552 2196 scilicet
1581 2143 1831 2212 singulos
1889 2153 2108 2214 septua-

533 2223 684 2293 ginta
714 2223 845 2279 duo.
877 2225 943 2280 lli
972 2227 1196 2282 stabant
1221 2229 1274 2283 in
1303 2240 1605 2300 conspectu
1647 2233 1949 2287 sanctuarii
1995 2234 2108 2290 Do-

530 2318 688 2381 mini,
746 2317 1032 2375 laudantes
1067 2321 1315 2375 omnium
1347 2321 1637 2376 Dominum
1673 2339 1686 2389 ;
1716 2323 1857 2379 alius
1886 2325 2109 2396 cymba-

530 2406 602 2468 la,
641 2407 784 2463 alius
835 2409 1182 2480 psalterium,
1220 2412 1363 2467 alius
1415 2413 1660 2484 cinyram
1691 2454 1708 2479 ,
1741 2414 1882 2469 alius
1919 2415 2106 2469 tubam

528 2511 809 2562 corneam,
844 2499 984 2556 alius
1015 2502 1285 2556 citharam
1309 2504 1548 2559 tenebat.
1573 2503 1817 2572 Quorum
1844 2506 1899 2561 in
1929 2506 2109 2562 medio

528 2591 712 2646 stabat
743 2590 934 2649 David.
968 2593 1190 2665 llocque
1219 2603 1380 2666 pacto
1407 2599 1624 2654 cantica
1655 2600 2106 2670 auspicabantur,

527 2685 846 2756 huiusmodi
888 2687 1253 2744 instrumenta
1281 2691 1560 2747 .manibus
1603 2699 1878 2748 tenentes.
1929 2693 2108 2765 Atque

527 2779 754 2850 singuli,
787 2777 994 2849 Spiritu
1022 2787 1214 2835 sancto
1244 2789 1520 2846 movente,
1550 2781 1720 2839 Deum
1767 2784 1988 2853 hymnis
2017 2802 2110 2842 ce-

525 2867 852 2934 lchrabant,
891 2886 1192 2942 omnesque
1243 2888 1352 2927 una
1405 2874 1663 2944 psallenti
1719 2875 2104 2942 succinebant,

525 2958 780 3014 Alleluia.
805 2960 1120 3016 Absistente
1154 2969 1337 3018 autem
1366 2964 1435 3020 ad
1485 2965 1651 3021 breve
1682 2972 1899 3035 tempus
1930 2963 2108 3036 Spiri—

523 3059 614 3107 tus
631 3051 807 3108 sancti
825 3053 1023 3122 gratia,
1042 3054 1266 3124 organis
1283 3054 1545 3128 deinceps
1564 3057 1935 3124 cessantibus,
1951 3066 2104 3129 tunc,

526 3147 607 3203 uti
642 3161 739 3218 par
757 3154 899 3211 erat,
934 3145 1242 3217 diapsalma
1271 3147 1610 3205 scribebant.

1110 3237 1432 3293 PSALMUS
1471 3237 1512 3294 1.

591 3329 760 3384 Vens.
790 3331 842 3384 l.
876 3329 1072 3384 Beatus
1100 3331 1177 3384 vir
1193 3331 1283 3401 qui
1309 3347 1410 3384 non
1436 3330 1566 3385 abiit
1594 3333 1652 3386 in
1684 3336 2110 3406 consilioimpio-

525 3437 666 3476 rum.
731 3420 1186 3492 Quandoquidem
1246 3423 1332 3477 vel
1392 3424 1511 3493 ipso
1568 3433 1781 3482 naturae
1845 3427 2109 3484 instinctu

519 3528 713 3568 omnis
747 3514 1139 3570 beatitudinem
1173 3517 1512 3586 appetimus,
1571 3517 1704 3572 boni
1763 3519 1922 3575 finem
1983 3531 2100 3576 sta-

521 3614 736 3662 tuentes
771 3605 1119 3674 felicitatem;
1173 3623 1472 3680 errareque
1519 3611 1718 3668 mentis
1763 3612 1912 3667 ducti
1958 3630 2110 3669 com-

521 3700 725 3770 plures,
762 3698 908 3754 illam
940 3697 997 3756 in
1041 3698 1418 3770 Voluptatibus
1448 3703 1729 3772 corporeis
1759 3705 2108 3773 quaerendam

522 3800 753 3864 putant,
795 3791 1035 3859 divitias,
1063 3791 1360 3862 dignitates
1382 3833 1398 3860 ,
1432 3795 1831 3866 praesentisque
1860 3796 1986 3852 vitae
2015 3813 2110 3851 vo-

524 3886 762 3956 luptates
804 3886 858 3941 in
913 3886 1086 3955 pretio
1121 3886 1416 3952 habentes;
1465 3887 1594 3941 hinc
1621 3886 1746 3956 jure
1779 3888 2107 3959 hymnorum

522 3977 590 4031 ad
623 3977 793 4034 Deum
823 3977 1153 4032 laudandum
1183 3978 1473 4034 exordium
1497 3978 1722 4050 ductum
1754 3987 1859 4047 est,
1887 3980 2110 4036 descri-

519 4067 784 4140 biturque
819 4068 1073 4140 quisnam
1118 4085 1244 4124 vere
1299 4070 1493 4125 beatus
1541 4070 1652 4133 sit,
1702 4079 1866 4142 atque
1904 4073 2108 4127 bonum

520 4161 682 4215 ﬁnem
715 4177 744 4215 a
781 4160 889 4215 Deo
923 4169 1314 4231 consequatur.
1365 4160 1432 4215 Et
1463 4176 1597 4217 sane
1638 4161 1760 4227 hic,
1807 4163 1936 4234 quia
1982 4179 2108 4234 per-

518 4270 684 4326 quam
730 4255 838 4309 rari
884 4254 1101 4310 fuerant
1127 4254 1162 4309 ii
1194 4253 1288 4325 qui
1312 4253 1439 4308 olim
1472 4255 1640 4325 probe
1669 4255 1838 4310 vitam
1859 4264 2104 4326 egerant,

520 4361 690 4402 unum
748 4347 1056 4416 quempiam
1113 4345 1330 4400 beatum
1384 4345 1645 4416 praedicat
1689 4344 2000 4402 Psalmista.
2038 4349 2108 4400 At

521 4438 780 4494 Servator
809 4445 995 4493 noster
1025 4438 1122 4508 qui
1170 4438 1484 4507 complures
1531 4439 1720 4495 beatos
1753 4437 1962 4504 elfecit,
1993 4440 2110 4510 plu-

2221 590 2467 662 περιέχει
2497 597 2636 663 μετά
2654 600 2752 669 τὴν
2782 602 3056 664 Μωῦσέως
3087 603 3428 671 νομοθεσίαν,
3453 606 3547 660 καὶ
3573 608 3654 661 ὅτι
3681 607 3815 660 δευ-

2220 683 2351 752 τέρα
2382 685 2520 754 μετά
2549 690 2646 760 τὴν
2674 691 2943 756 Μωῦσέως
2967 695 3282 765 νομοθεσίαν
3307 699 3523 768 γραφὴν
3540 698 3814 752 διδασκα-

2219 775 2344 846 λικὴ
2375 776 2556 846 βίϐλος
2583 781 2720 852 αῦτη
2747 785 3024 854 τυγχάνει.
3051 787 3204 841 Μετά
3232 788 3363 855 γοῦν
3395 789 3492 860 τὴν
3519 791 3814 854 Μωῦσέως

2219 869 2313 920 καὶ
2347 870 2519 940 Ἰησοῦ
2553 874 2806 946 τελευτὴν
2837 878 2930 930 καὶ
2971 879 3106 947 μετά
3132 880 3256 942 τοὺς
3285 881 3474 952 κριτὰς
3514 882 3674 936 Δαυῖδ
3712 900 3814 951 γε·

2220 959 2460 1030 νόμενος,
2497 963 2697 1019 ὡσανεὶ
2728 967 2821 1020 τοῦ
2851 969 3098 1040 Σωτῆρος
3135 971 3295 1035 αὐτὸς
3330 973 3660 1043 χρηματίσαι
3699 992 3815 1027 πα-

2219 1054 2324 1125 τὴρ
2354 1056 2732 1124 καταξιωθεὶς,
2769 1062 2953 1115 καινὸν
2985 1064 3186 1133 τρόπον
3220 1064 3312 1117 τὸν
3352 1068 3450 1137 τῆς
3478 1067 3813 1139 ψαλμῳδίας

2218 1145 2432 1216 πρῶτος
2467 1149 2735 1220 Ἑϐραίοις
2751 1153 3033 1225 παρέδωκε
3051 1173 3063 1186 ·
3088 1151 3236 1228 δι’ἦς
3251 1158 3462 1230 ἀναιρεῖ
3488 1159 3564 1229 (1)
3586 1147 3710 1231 ’μὲν
3735 1160 3813 1214 τὰ

2217 1238 2368 1308 παρά
2394 1241 2600 1313 Μωῦσῇ
2636 1244 2762 1315 περὶ
2788 1245 2986 1298 θυσιῶν
3013 1250 3494 1320 νενομοθετημένα,
3525 1253 3717 1306 καινὸν
3749 1252 3812 1306 δὲ

2214 1327 2306 1381 τὸν
2320 1330 2385 1382 δι’
2409 1330 2591 1402 ὓμνων
2624 1335 2720 1387 καὶ
2732 1335 3062 1408 ἀλαλαγμῶν
3083 1341 3282 1410 τρόπον
3293 1342 3394 1413 τῆς
3419 1343 3512 1396 τοῦ
3538 1344 3674 1398 Θεοῦ
3707 1344 3812 1398 λα-

2212 1422 2400 1492 τρείας
2444 1426 2692 1494 εἰσάγει·
2725 1427 2820 1481 καὶ
2861 1428 2995 1483 ἄλλα
3026 1429 3084 1483 δὲ
3109 1431 3335 1485 πλεῖστα
3379 1432 3470 1487 τὸν
3518 1436 3811 1500 Μωῦσέως

2213 1517 2374 1584 νόμον
2424 1517 2868 1588 ὲπαναϐεϐηκότα
2911 1521 2976 1574 δι’
3007 1522 3135 1595 ὅλης
3179 1526 3344 1579 αὐτοῦ
3391 1527 3490 1598 τῆς
3535 1544 3808 1599 πραγμα-

2217 1607 2366 1672 τείας
2396 1609 2657 1665 διδάσκει.

2280 1703 2574 1756 Εὺσεϐίου
2601 1706 2956 1774 Καισαρείας
2981 1706 3115 1776 περὶ
3140 1705 3244 1762 τοῦ
3280 1707 3718 1779 ὄιαψάλματος.

2283 1793 2570 1872 Ἔγραψαν
2615 1795 2678 1848 τὸ
2728 1795 3006 1868 διάψαλμα
3052 1800 3101 1851 οἱ
3151 1799 3586 1872 ἑρμηνεύσαντες
3630 1803 3806 1856 πέντε

2209 1882 2487 1954 ἄρχοντες,
2531 1885 2580 1938 οἳ
2613 1886 2920 1957 ἐξελέγοντο
2950 1889 3056 1943 ὑπὸ
3087 1889 3248 1944 Δαυῒδ
3292 1891 3385 1945 τοῦ
3432 1893 3698 1964 βασιλέως
3738 1897 3806 1949 ὲκ

2208 1974 2310 2043 τῆς
2337 1974 2512 2045 φυλῆς
2535 1978 2685 2030 Λευῒ·
2715 1972 2790 2033 ὧν
2811 1979 2878 2034 τά
2907 1981 3146 2051 ὀνόματά
3165 1984 3272 2035 εἰσι
3301 1984 3494 2050 ταῦτα,
3530 1986 3729 2054 Ἀσάφ,
3751 1990 3804 2041 ol

2209 2066 2316 2118 υίοδ⁹
2343 2068 2509 2140 Κορὲ,
2538 2069 2738 2140 Αίμάν,
2767 2072 2972 2143 Δίθάμ,
3019 2071 3277 2146 ἰδιθούμ’
3308 2075 3519 2141 τούτοις
3559 2077 3806 2150 ἀριθμὸς

2208 2157 2361 2229 ᾠδῶν
2391 2162 2810 2233 παρηκολούθει,
2839 2164 3056 2237 ἑκάστῳ
3092 2166 3460 2241 ἐϐδομήκοντα
3483 2169 3596 2226 δύο.
3633 2165 3804 2225 οὗτοι

2209 2250 2426 2305 ἵσταντο
2463 2252 2694 2308 ἐνώπιον
2735 2255 2829 2310 τοῦ
2865 2255 3206 2329 ἀγιάσματος
3249 2261 3476 2332 Κυρίου,
3517 2260 3804 2326 αἰνοῦντες

2208 2343 2298 2396 τὸν
2331 2345 2548 2399 πάντων
2567 2346 2832 2420 δεσπότην
2851 2389 2868 2413 ,
2897 2349 2956 2414 ὃς
2984 2349 3084 2422 μὲν
3114 2350 3390 2423 κύμϐαλα,
3429 2353 3488 2417 ὃς
3515 2353 3571 2406 δὲ
3596 2353 3806 2426 ψαλτῇ

2211 2453 2343 2509 ριον,
2385 2438 2444 2502 ὃς
2476 2438 2534 2493 δὲ
2567 2438 2824 2512 κινύραν,
2864 2441 2924 2505 ὃς
2947 2441 3004 2495 δὲ
3045 2443 3358 2514 κερατίνην,
3391 2444 3450 2509 ὃς
3481 2447 3537 2500 δὲ
3559 2446 3802 2518 κιθάραν

2208 2528 2366 2598 ἔχων,
2401 2523 2476 2583 ὧν
2513 2530 2674 2602 μέσος
2716 2531 2901 2585 ἵστατο
2931 2533 2962 2586 ό
2995 2533 3176 2586 Δαυῖδ.
3201 2535 3311 2588 Καὶ
3345 2535 3516 2600 οὕτως
3561 2538 3802 2608 ἤρχοντο

2207 2618 2316 2670 τῶν
2339 2617 2490 2688 ᾠδῶν
2534 2621 2860 2694 κρατοῦντες
2881 2623 2974 2677 ἐπὶ
3007 2627 3163 2694 χεῖρα
3191 2625 3257 2680 τὰ
3303 2627 3526 2682 τοιαῦτα
3551 2628 3797 2698 ὄργαναο

2208 2708 2304 2760 καὶ
2353 2708 2581 2774 ἕκαστος
2626 2711 2906 2784 Πνεύματι
2959 2715 3100 2787 ἀγίῳ
3140 2717 3454 2790 κινούμενος
3497 2717 3656 2790 ὕμνει
3706 2721 3800 2774 τὸν

2207 2798 2358 2863 Θεὸν,
2390 2801 2485 2854 καὶ
2512 2801 2712 2866 πάντες
2746 2805 3060 2876 ἐπεφώνουν
3087 2808 3165 2880 τῷ
3201 2809 3456 2880 ψάλλοντι
3483 2814 3544 2868 τὸ
3589 2815 3801 2884 Ἄλλη-

2206 2893 2402 2946 λούῖα.
2471 2891 2738 2964 Ὀπηνίκα
2789 2896 2846 2949 δὲ
2900 2897 2932 2967 ἡ
2985 2897 3078 2953 τοῦ
3127 2900 3441 2973 Πνεύματος
3486 2904 3578 2958 τοῦ
3634 2907 3798 2975 ἁγίου

2208 2980 2423 3052 ἀπέστη
2463 2983 2626 3055 χάρις
2658 2984 2796 3056 πρὸς
2829 2987 3024 3059 βραχὺ,
3055 2988 3162 3042 τῶν
3202 2991 3448 3062 ὀργάνων
3487 2993 3675 3050 λοιπὸν
3721 2997 3799 3068 μὴ

2208 3073 2563 3144 κινουμένων,
2617 3077 2679 3130 τὸ
2734 3079 3034 3150 τηνικαῦτα
3087 3083 3235 3146 εἰκὸς
3275 3085 3368 3138 καὶ
3408 3086 3470 3139 τὸ
3509 3086 3799 3160 διάψαλμα

2209 3161 2465 3234 ἔγραφον.
3257 3235 3262 3240 .

2802 3263 3095 3320 ΨΑΛΜΟΣ
3122 3271 3202 3322 A'.

2281 3347 2580 3419 Μακάριος
2617 3354 2650 3405 ό
2679 3352 2836 3421 ἀνὴρ
2887 3353 2955 3420 ὃς
2998 3357 3108 3410 οὐκ
3149 3357 3440 3427 ἐπορεύθη
3484 3358 3555 3413 ἐν
3583 3360 3798 3431 ,βουλῇ

2210 3442 2463 3497 ἀσεϐῶν.
2507 3445 2660 3500 Ἐπεὶ⁴
2693 3446 2938 3515 φυσικῶς
2975 3448 3281 3521 ὀρεγόμεθα
3315 3451 3514 3516 πάντες
3543 3451 3638 3506 τοῦ
3687 3471 3798 3523 μα·
3903 3475 3910 3484 ·

2209 3535 2390 3609 κάριοι
2421 3533 2579 3602 εἶναι,
2614 3537 2768 3603 τέλος
2798 3540 3006 3607 ἀγαθοῦ
3047 3543 3110 3596 τὸ
3157 3544 3423 3616 μακάριον
3460 3545 3793 3618 ὁριζόμενοι,

2210 3625 2645 3698 πεπλανημένως
2673 3646 2738 3698 γε
2780 3630 2885 3703 μὴν
2923 3631 3108 3685 πολλοὶ
3149 3632 3307 3687 τοῦτο
3335 3635 3691 3704 μεταδιώκειν
3733 3638 3794 3690 ὲν

2211 3721 2480 3787 σωμάτων
2524 3717 2739 3789 ἡδοναῖς
2794 3720 3073 3792 ἡγοῦνται,
3105 3721 3369 3789 πλούτους
3421 3726 3822 3801 θαυμάζοντεςΔ

2211 3808 2304 3861 καὶ
2341 3808 2644 3880 ἀξιώματα,
2677 3812 2771 3864 καὶ
2799 3813 2898 3876 τὰς
2929 3813 2988 3867 ὲν
3029 3813 3107 3885 τῷ
3141 3817 3370 3888 παρόντι
3399 3817 3499 3888 βίῳ
3542 3820 3789 3891 τρυφάς·

2210 3900 2435 3964 εἰκότως
2465 3901 2495 3954 ὁ
2532 3901 2688 3971 λόγος
2714 3905 2772 3959 ὲν
2800 3904 3010 3968 τούτοις
3033 3906 3156 3961 ὅθεν
3188 3909 3354 3980 ἐχρῆν
3379 3908 3478 3981 τὴν
3510 3914 3794 3984 καταρχὴν

2209 3995 2502 4066 ἐποιήσατο
2529 3998 2627 4068 τῆς
2657 3997 2800 4053 κατὰ
2829 3998 2962 4052 Θεὸν
2989 4000 3282 4070 ὑμνῳδίαις,
3315 4002 3407 4057 τὸν
3441 4003 3656 4073 ἀληθῶς
3689 4023 3795 4075 μα-

2209 4085 2398 4158 κάριον
2432 4088 2526 4142 καὶ
2557 4088 2745 4153 τέλους
2772 4089 2976 4158 ἀγαθοῦ
3020 4089 3112 4144 τοῦ
3153 4091 3306 4164 παρά
3344 4091 3462 4164 Θεῷ
3490 4095 3794 4166 ἠξιωμένον

2209 4178 2566 4250 ὑπογράφων.
2603 4181 2712 4235 Καὶ
2745 4181 2935 4236 ἐνθάδε
2969 4183 3066 4253 μὲν
3101 4183 3190 4238 διὰ
3216 4184 3275 4238 τὸ
3310 4185 3536 4241 σπάνιον
3556 4187 3667 4240 τῶν
3697 4189 3796 4245 πά-

2209 4272 2298 4326 λαι
2328 4274 2592 4346 πῴτερον
2650 4275 3059 4348 κατορθούντων
3104 4278 3203 4332 ἕνα
3243 4278 3367 4333 τινὰ
3398 4280 3693 4352 μακαρίζει
3715 4299 3731 4312 ο
3763 4285 3793 4336 ὁ

2208 4365 2267 4418 δὲ
2293 4366 2483 4438 Σωτὴρ
2513 4367 2672 4439 ἡμῶν
2701 4367 2954 4433 πλείονας
2985 4370 3153 4424 ποιῶν
3199 4372 3523 4444 μακαρίους,
3549 4373 3792 4445 πληθυν-

2205 4459 2372 4524 τικῶς
2412 4462 2539 4525 τοὺς
2591 4463 2970 4534 μακαρισμοὺς
3014 4463 3404 4535 προσφέρεται.
3462 4465 3690 4520 Πάντων
3735 4467 3793 4521 δὲ

519 4532 709 4587 raliter
765 4530 1132 4588 beatitudincs
1180 4531 1406 4602 profert.
1475 4529 1694 4588 Primus
1749 4540 1931 4588 autem
1989 4533 2108 4602 ipse

2215 4554 2425 4625 πρῶτος
2455 4529 2616 4618 αὐτὸς
2658 4555 2723 4610 ἂν
2749 4529 2851 4626 ἐἴη
2879 4558 2908 4609 ό
2955 4529 3421 4628 μακαριζόμενος
3460 4558 3539 4612 διὸ
3567 4561 3662 4613 καὶ
3704 4562 3793 4614 ἐπ’

514 4625 642 4695 jure
679 4624 896 4679 dicatur
933 4639 1122 4680 eorum
1155 4626 1245 4694 qui
1273 4624 1414 4680 beati
1467 4625 1854 4696 praedicantur.
1901 4624 2107 4691 Quam-

519 4715 708 4771 obrem
766 4715 822 4769 in
872 4715 1023 4770 illum
1076 4713 1396 4786 referendus
1447 4715 1658 4786 primus
1700 4717 1948 4786 psalmus
1996 4723 2101 4783 est,

521 4816 708 4878 utpote
730 4808 823 4878 qui
849 4808 932 4862 vir
965 4808 1131 4864 fuerit
1161 4806 1420 4864 Ecclesia:
1476 4822 1694 4879 sponsae
1751 4824 1881 4863 sum.
1944 4805 2102 4874 Quod

517 4900 732 4958 videtur
787 4900 1056 4956 Hebraica
1106 4915 1241 4956 voce
1293 4898 1632 4970 signiﬁcari,
1679 4899 1833 4972 juxta
1902 4916 2101 4971 quam,

518 4992 718 5052 Beatus
749 4993 849 5056 vir,
879 5008 1006 5047 cum
1042 4992 1258 5047 articuli
1292 4991 1478 5047 addito
1510 4993 1717 5048 dictum
1749 5001 1855 5049 est.

592 5082 662 5139 Et
684 5086 736 5139 in
767 5086 854 5140 via
889 5095 1224 5155 peccatorum
1266 5102 1370 5139 non
1399 5087 1584 5154 stetit,
1645 5095 1696 5141 et
1744 5087 1800 5139 in
1856 5088 2108 5140 cathedra

516 5178 886 5250 pestiferorum
943 5195 1045 5234 non
1082 5178 1241 5235 sedit.
1281 5178 1452 5234 Primi
1507 5188 1636 5236 sunt
1689 5180 1785 5250 qui
1839 5178 1979 5234 falso
2009 5195 2108 5232 no-

520 5271 725 5326 minata
753 5271 1064 5342 cognitione
1095 5271 1288 5327 imbuti
1325 5279 1452 5328 sunt
1479 5270 1556 5345 [id
1589 5279 1673 5328 est
1699 5271 1980 5344 gnostici],
2008 5273 2101 5342 qui

518 5361 656 5418 nihil
679 5359 896 5417 ﬁrmum
929 5363 1230 5434 stabileque
1253 5362 1482 5432 habent;
1523 5363 1616 5418 sed
1646 5379 1747 5434 pro
1777 5364 1949 5420 lubito
1976 5379 2098 5426 suo,

516 5455 670 5511 nullo
690 5458 942 5511 examine
964 5456 1282 5526 ponderatis
1317 5456 1745 5526 cogitationibus
1772 5464 2062 5513 moventur
2080 5495 2097 5524 ,

519 5547 672 5618 impii
707 5547 976 5603 homines.
1029 5548 1264 5604 Secundi
1300 5555 1428 5605 sunt
1471 5557 1741 5620 quotquot
1773 5557 1896 5621 post
1920 5549 2104 5620 cogni-

517 5640 722 5695 tionem
745 5639 993 5695 veritatis
1022 5639 1076 5694 in
1107 5648 1329 5711 peccata
1380 5641 1648 5697 incidunt.
1703 5640 1873 5696 Tertii
1927 5642 2100 5713 pesti-

589 5735 667 5810 (l)
707 5733 766 5810 ld_
790 5742 896 5810 est,
916 5734 982 5810 de
1005 5736 1184 5810 medio
1207 5738 1346 5792 tollit
1371 5738 1766 5793 sacriﬁciorum
1803 5739 1970 5810 leges,
1995 5753 2104 5792 non

519 5805 698 5861 reinsa
720 5806 1005 5873 abolendo,
1037 5809 1131 5863 sed
1162 5809 1576 5866 nracnuntiando
1594 5805 1938 5878 abrogandas
1957 5825 2102 5869 esse.

2211 4645 2373 4700 αὐτὸν
2416 4647 2619 4701 ἀνοίσει
2653 4664 2736 4710 τις
2764 4647 2856 4701 τὸν
2887 4648 3128 4720 παρόντα
3152 4649 3386 4721 ψαλμὸν,
3430 4651 3526 4704 ἅτε
3559 4653 3792 4724 γενόμε-

2210 4755 2299 4791 νον
2327 4737 2496 4810 ἀνδρα
2528 4739 2626 4810 τῆς
2670 4738 2885 4811 νύμφης
2925 4739 3089 4794 αὑτοῦ
3135 4741 3460 4814 Ἑκκλησίας
3483 4760 3496 4773 ο
3543 4744 3706 4798 τοῦτο
3733 4745 3792 4800 δὲ

2208 4830 2384 4883 ἔοικεν
2417 4833 2450 4902 ἡ
2496 4830 2756 4904 Ἐὁραῖκὴ
2782 4833 2934 4903 φωνὴ
2955 4836 3244 4906 παριστᾷν,
3267 4834 3388 4890 καθ’
3409 4836 3476 4908 ἢν
3502 4836 3580 4907 (2)
3600 4837 3794 4906 μακά-

2197 4941 2332 4992 ριος
2359 4927 2390 4976 d
2416 4922 2569 4992 ἀνὴρ
2601 4925 2737 4994 μετά
2753 4924 2852 4996 τῆς
2873 4925 2963 4978 τοῦ
2988 4927 3188 5001 ἄρθρου
3209 4927 3526 5001 προσθήκης
3550 4928 3788 5002 εἴρηται.

2277 5081 2386 5134 Καὶ
2419 5081 2489 5134 ἐν
2513 5081 2631 5148 ὀδῷ
2663 5083 3025 5152 ἁμαρτωλῶν
3044 5086 3156 5139 οὐκ
3184 5086 3355 5154 ἔστη,
3392 5089 3488 5140 καὶ
3519 5087 3619 5140 ἐπὶ
3651 5091 3792 5144 καθ-

2209 5172 2392 5242 έδραν
2439 5173 2665 5244 ,λοιμῶν
2701 5177 2814 5229 οὐκ
2855 5175 3156 5230 ἐκάθισεν.
3205 5178 3420 5250 Πρῶτοί
3451 5180 3584 5232 εἰσιν
3612 5181 3662 5232 οἱ
3691 5180 3790 5251 τὴν

2206 5261 2554 5336 ψευδώνυμον
2593 5265 2807 5335 ἔχοντες
2831 5266 3052 5334 γνῶσιν.
3093 5261 3258 5340 μηδὲν
3300 5269 3513 5341 ἔχοντες
3539 5271 3788 5342 ἑστηκὸς,

2209 5356 2322 5410 ἀλλ’
2373 5357 2750 5424 ἀνεξετάστως
2797 5361 3102 5432 κινούμενοι
3155 5363 3436 5434 λογισμοῖς
3487 5365 3547 5417 ὲν
3600 5357 3682 5426 οἷς
3724 5364 3791 5420 ἂν

2211 5451 2564 5525 βουληθῶσιν,
2615 5454 2664 5506 οἱ
2715 5454 2950 5518 ἀσεϐεῖς.
3005 5455 3259 5528 Δεύτεροι
3303 5455 3505 5520 πάντες
3549 5457 3600 5509 οἱ
3653 5456 3790 5527 μετά

2209 5544 2408 5616 γνῶσιν
2440 5545 2697 5616 ἀληθείας
2730 5545 3214 5618 ἐξαμαρτάνοντες.
3253 5549 3317 5600 Οἱ
3355 5547 3410 5602 δὲ
3453 5547 3635 5620 λοιμοὶ
3675 5547 3791 5618 τρί-

2205 5656 2312 5702 τοι,
2355 5640 2430 5711 μὴ
2481 5638 2640 5710 μόνον
2682 5638 2986 5705 νοσοῦντες,
3032 5640 3168 5694 ἀλλὰ
3212 5641 3307 5694 καὶ
3347 5639 3672 5711 φθοροποιοῦ
3715 5641 3792 5692 δι⁴

2249 5809 2262 5822 .
2289 5736 2364 5810 (2)
2405 5735 2464 5793 In
2498 5735 2769 5794 llebraico
2823 5737 3022 5811 legitur
3065 5746 3223 5799 imm
3266 5738 3425 5810 quasi
3471 5735 3647 5804 dicas,
3700 5739 3792 5792 ille

2215 5826 2311 5864 tur.
