3994 6448
195 377 254 428 77
1337 370 1839 434 COMMEMARIA
1885 369 1952 422 IN
1992 368 2328 424 psalmus.
3354 365 3419 428 νε

120 493 125 498 ’
191 487 474 551 δασκαλίας
507 487 872 558 μεταδιδόντες
894 488 1003 552 τοῖς
1042 489 1241 552 ἄλλοις,
1272 489 1305 560 ἦ
1345 493 1492 542 κατὰ
1537 493 1735 555 γνῶσιν

1842 497 1939 542 teri
1973 492 2242 552 homines,
2284 491 2378 558 qui
2426 501 2535 540 non
2569 500 2732 540 πιοοο
2769 480 3092 555 aegritudine
3131 479 3415 547 laborant;

191 579 373 652 ἧκατὰ
415 578 630 650 πρᾶξιν,
661 580 692 650 ἢ
725 581 842 632 κατ’
881 579 1164 650 ἀμφότερα
1192 596 1201 606 '
1240 579 1289 632 οἳ
1323 579 1416 631 καὶ
1444 578 1741 649 ὲνίδρυνται

164 670 257 740 ,τῷ
303 669 475 740 κακῷ,
521 669 626 722 τῶν
666 669 930 740 δευτέρων
969 670 1274 740 ἑστηκότων
1318 671 1376 722 ὲν
1426 668 1739 741 ἁμαρτίαις,

189 761 282 813 τῶν
317 760 372 812 δὲ
405 760 635 831 πρώτων
674 761 966 814 ὁδευόντων
1001 765 1057 815 ὲν
1091 762 1287 836 πλάνῃ.
1337 764 1393 816 '0
1426 763 1482 816 δὲ
1528 763 1742 816 πάντων

188 853 372 906 τούτων
395 852 810 923 ἀπηλλαγμένος
837 853 1123 923 μακάριος.

1850 579 1946 634 sed
1982 587 2236 649 corrupta
2271 578 2517 633 doctrina
2563 578 2701 633 alios
2751 577 3032 642 imbuunt;
3066 577 3180 632 sive
3225 592 3422 632 secuno

1849 669 1980 722 dum
2007 669 2395 738 cognitionem.
2431 668 2545 722 sive
2575 668 2874 723 secundum
2895 668 3288 738 operationem,
3306 668 3420 723 sive

1849 758 2150 814 secundum
2190 767 2479 828 utramque
2515 775 2529 812 :
2572 757 2664 827 qui
2698 758 2905 812 scilicet
2940 761 2994 812 in
3025 757 3166 811 malo
3199 755 3421 810 ﬁrman-

1847 857 1961 911 tur,
1997 848 2129 902 dum
2155 847 2381 901 secundi
2421 847 2476 901 in
2500 847 2739 916 peccatis
2770 854 3143 917 perseverant,
3177 854 3229 902 et
3259 847 3420 916 primi

191 950 236 1002 in
270 945 470 999 erroris
503 945 584 998 via
628 944 972 1014 gradiuntur.
1017 945 1120 1012 Qui
1154 953 1332 1000 autem
1375 945 1629 1001 omnibus
1669 943 1739 1000 iis
1772 942 2036 997 liberatus
2083 947 2138 994 et
2165 953 2374 994 vacuus
2417 946 2502 993 est
2539 939 2733 993 beatus
2773 939 2990 994 dicitur.

260 1038 415 1093 Ἀλλ’
444 1037 482 1105 ἢ
517 1037 587 1090 ἐν
614 1037 694 1102 τῷ
725 1038 884 1106 νόμῳ
913 1039 1134 1106 Κυρίου
1175 1040 1239 1092 τὸ
1275 1039 1500 1109 θέλημα
1532 1041 1740 1105 αὑτοῦ,

187 1130 270 1184 καὶ
291 1129 358 1180 ἐν
385 1125 465 1191 τῷ
490 1127 651 1194 νόμῳ
680 1127 864 1180 αὑτοῦ
897 1127 1219 1197 μελετήσει
1253 1129 1476 1198 ἡμέρας
1504 1130 1599 1183 καὶ
1634 1148 1740 1184 νυ-

186 1221 326 1286 κτός.
376 1210 596 1285 Ἐπειδὴ
629 1218 796 1288 πολλή
830 1219 913 1284 τίς
946 1221 1060 1274 ἐστι
1085 1221 1316 1292 διαφορὰ
1343 1221 1451 1276 τῶν
1489 1223 1637 1293 φόϐῳ
1661 1241 1742 1275 τι-

187 1310 389 1381 μωριῶν
419 1307 476 1363 εὖ
505 1309 761 1380 πράττειν
789 1311 1323 1381 κατηναγκασμένων
1353 1312 1444 1366 καὶ
1470 1313 1577 1365 τῶν
1604 1327 1740 1383 προ-

183 1403 370 1474 αιρέσει
410 1400 542 1455 αὐτὸ
574 1400 634 1454 τὸ
663 1401 825 1455 καλὸν
858 1401 1218 1474 αἱρουμένων,
1259 1402 1348 1456 διὰ
1377 1403 1532 1458 τοῦτό
1571 1421 1701 1476 φησι
1721 1419 1736 1434 ο

195 1489 277 1540 ἐν
299 1487 376 1552 τῷ
407 1488 570 1557 νόμῳ
601 1490 822 1556 Κυρίου
849 1489 1078 1559 θέλημα
1117 1492 1323 1546 αὑτοῦ.
1351 1493 1532 1564 Νόμον
1555 1492 1610 1546 δέ
1645 1509 1744 1564 φηο

185 1577 356 1632 σινόὗ
389 1578 610 1642 πάντως
639 1579 729 1632 τὸν
769 1579 967 1651 σκιώδη
1003 1581 1095 1634 καὶ
1123 1583 1349 1635 τυπικδν
1385 1583 1566 1653 νόμον,
1605 1582 1738 1637 πολὺ

183 1667 232 1720 δὲ
252 1669 504 1739 πρότερον
526 1669 616 1722 τὸν
638 1671 696 1723 ὲν
722 1670 869 1741 αὐτῷ
893 1672 1154 1742 λεληθότα
1178 1675 1544 1744 πνευματικὸν
1561 1674 1737 1743 λόγον.

185 1758 272 1829 Εῖη
293 1758 334 1810 δ’
366 1757 430 1812 ἂν
459 1760 628 1831 νόμος
659 1763 862 1834 Κυρίου
905 1763 1000 1817 καὶ⁴
1035 1766 1064 1816 6
1097 1763 1237 1818 κατά
1267 1766 1426 1834 φύσιν
1458 1769 1621 1820 πᾶσιν
1649 1767 1742 1819 ἀν-

183 1851 397 1922 Θρώποις
430 1853 854 1924 ὲνεσπαρμένος,
899 1855 965 1908 δι’
995 1849 1056 1909 οὗ
1111 1857 1453 1929 κατορθῶσαι
1497 1858 1739 1928 λέγονται

181 1945 223 1997 oi
256 1943 354 2014 πρὸ
379 1943 474 1996 τοῦ
507 1945 595 1999 διὰ
640 1944 910 2010 Μωῦσέως
952 1948 1114 2019 νόμου
1161 1949 1338 2018 ἅγιοιο
1375 1951 1504 2021 περὶ
1529 1944 1604 2004 ὧν
1637 1969 1742 2024 φη-

183 2052 255 2089 σιν
277 2037 304 2089 6
353 2035 707 2100 Ἀπόστολος·
761 2039 937 2093 Ὅταν
980 2042 1092 2110 τὰρ
1137 2043 1280 2110 ἔθνη
1326 2044 1398 2097 τὰ
1432 2045 1518 2113 μὴ
1551 2045 1740 2115 νόμον

179 2128 394 2195 ἔχοντα,
440 2128 538 2181 τὸν
581 2130 823 2200 γραπτὸν
868 2131 1129 2202 δηλονότι,
1172 2135 1354 2202 φύσει
1386 2137 1457 2190 τὰ
1497 2136 1604 2190 τοῦ
1634 2139 1738 2191 νό-

174 2237 277 2286 μου
314 2217 475 2286 ποιῇ,
513 2216 695 2284 οὗτοι,
731 2223 918 2291 νόμον
935 2221 1021 2291 μὴ
1047 2223 1312 2293 ἔχοντες,
1347 2225 1581 2292 ἑαυτοῖς
1619 2229 1738 2282 εισι

175 2311 357 2379 νόμος.
393 2314 462 2365 Ἦ
515 2314 676 2384 νόμος
721 2314 924 2386 Κυρίου
966 2317 1052 2386 εἴη
1098 2315 1164 2370 ἂν
1205 2319 1234 2370 ὁ
1267 2318 1404 2389 πρὸς
1443 2318 1606 2372 αὑτοῦ
1641 2318 1735 2373 τοῦ

178 2403 362 2472 Κυρίου
391 2404 487 2456 καὶ⁵
526 2405 777 2476 Σωτῆρος
818 2405 973 2475 ἡμῶν
1015 2409 1146 2460 πᾶσι
1183 2410 1297 2472 τοῖς
1321 2408 1497 2463 ἔθνεσι
1531 2428 1740 2482 κατηγ-

177 2492 413 2563 γελμένος
433 2495 790 2564 εὐαγγελικδς
817 2495 994 2567 λόγος.

238 2586 335 2638 Kal
363 2586 542 2640 ἔσται
564 2589 644 2654 ὡς
671 2588 738 2641 τὸ
777 2589 970 2652 ξύλον
1005 2590 1072 2644 τὸ
1102 2592 1552 2662 πεφυτευμένον
1577 2594 1738 2663 παρὰ

177 2677 269 2742 τὰς
294 2677 607 2746 διεξόδους
634 2678 754 2733 τῶν
783 2679 1038 2746 ὑδάτων,
1073 2681 1104 2736 ὃ
1137 2684 1246 2737 τὸν
1283 2685 1519 2753 καρπὸν
1548 2686 1736 2741 αὐτοῦ

178 2769 332 2824 δώσει
362 2772 431 2825 ἐν
475 2772 662 2840 καιρῷ
695 2772 902 2827 αὐτοῦ.
951 2774 1007 2829 '0
1053 2776 1141 2830 διὰ
1187 2776 1369 2848 πάσης
1407 2777 1507 2848 τῆς
1541 2779 1734 2833 ἑαυτοῦ

181 2861 305 2933 ζωῆς
341 2866 433 2918 καὶ
481 2866 540 2917 ἐν
578 2867 740 2920 παντ)⁸
768 2867 946 2940 καιρῷ
977 2868 1170 2932 νυκτός
1207 2887 1266 2922 τε
1299 2871 1394 2924 καὶ⁹
1421 2871 1632 2942 ἡμέρας
1656 2871 1737 2938 τῷ

181 2953 292 3027 θείῳ
317 2957 590 3027 σχολάζων
620 2959 789 3030 νόμῳ,
824 2961 918 3013 καὶ
942 2963 1054 3024 τοῖς
1081 2959 1140 3025 ἐξ
1161 2961 1326 3016 αὐτοῦ
1362 2963 1599 3033 λογικοῖς
1639 2965 1738 3019 νά-

184 3065 327 3118 μασιν
353 3051 670 3123 ἀρδόμενος,
701 3053 910 3124 σφόδρα
945 3054 1162 3118 οἰκείως
1192 3055 1343 3127 φυτῷ
1375 3059 1506 3129 παρ’
1549 3056 1736 3112 ὕδασιν

178 3140 511 3213 ιρῤιξωμένῳ
559 3143 1008 3215 παραϐέϐληταιο
1060 3145 1140 3198 διὸ
1195 3147 1291 3200 καὶ
1344 3148 1609 3219 μακάριος
1659 3149 1736 3212 ὡς

177 3233 370 3302 ἀληθῶς
412 3229 592 3301 οὗτος,
626 3237 720 3290 ἆτε
765 3237 999 3308 μάλιστα
1032 3238 1381 3310 ποτιζόμενος
1418 3243 1531 3304 τοῖς
1572 3240 1736 3305 θείοις

1919 1033 2086 1088 Vens.
2117 1033 2172 1087 2.
2215 1033 2317 1088 Sed
2375 1033 2427 1086 in
2481 1033 2584 1103 lege
2611 1031 2827 1087 Domini
2852 1034 3092 1087 voluntas
3122 1032 3256 1102 ejus,
3289 1040 3338 1086 et
3367 1033 3419 1085 in

1849 1125 1955 1194 lege
1989 1126 2104 1187 eius
2157 1123 2496 1178 meditabitur
2545 1123 2628 1177 die
2681 1142 2743 1178 ac
2793 1136 2958 1179 nocte.
3011 1123 3148 1192 Quia
3187 1124 3419 1179 multum

1846 1215 2184 1270 discriminis
2213 1225 2298 1270 est
2333 1217 2474 1269 inter
2503 1231 2598 1270 eos
2627 1217 2720 1285 qui
2752 1224 2896 1272 metu
2933 1217 3184 1286 supplicii
3225 1232 3420 1272 uece5¢

1847 1309 2116 1377 sitateque
2147 1308 2324 1362 coacti
2371 1309 2509 1363 bene
2553 1318 2757 1378 agunt,
2802 1325 2854 1363 et
2901 1324 2996 1363 eos
3042 1310 3133 1379 qui
3187 1309 3426 1379 propria"

1845 1403 2142 1458 voluntatis
2204 1401 2414 1456 delectu
2467 1399 2532 1454 ad
2569 1400 2772 1454 bonum
2821 1415 2880 1455 se
2927 1399 3251 1465 conferunt,
3297 1399 3419 1454 ideo

1847 1496 1960 1551 ait:
2000 1493 2066 1549 In
2116 1495 2220 1566 lege
2273 1493 2485 1547 Domini
2531 1491 2773 1546 voluntas
2814 1491 2949 1559 ejus.
3007 1489 3204 1562 Legem
3237 1499 3418 1545 autem

1847 1586 1999 1650 dicit,
2030 1602 2138 1641 non
2169 1586 2514 1641 umbratilem
2545 1585 2692 1638 illam
2735 1590 2789 1637 et
2829 1583 3114 1652 figuratam
3137 1623 3151 1648 ,
3184 1582 3280 1640 sed
3324 1599 3417 1652 po-

1844 1681 1955 1735 tius
1989 1680 2270 1750 spirituale
2298 1679 2523 1734 verbum
2567 1678 2620 1731 in
2661 1691 2725 1731 ea
2760 1678 2936 1730 latens
2978 1683 3031 1730 et
3079 1675 3416 1731 obvolutum.

1848 1770 2033 1826 Fuerit
2062 1771 2224 1824 etiam
2273 1769 2505 1825 fortasse
2552 1769 2635 1823 lex
2672 1767 2885 1822 Domini
2923 1782 2987 1822 ea
3020 1783 3140 1838 quae
3165 1769 3419 1822 omnibus

1846 1863 2159 1920 hominibus
2183 1863 2252 1917 ab
2279 1863 2396 1932 ipsa
2428 1873 2620 1915 natura
2663 1860 2827 1914 insita
2870 1867 2986 1926 est;
3021 1874 3129 1930 qua
3169 1860 3306 1913 duce
3336 1859 3419 1912 di-

1845 1962 2048 2010 cuntur
2077 1954 2244 2025 probe
2277 1954 2479 2008 vixisse
2519 1953 2692 2007 sancti
2722 1951 2814 2021 qui
2851 1961 2975 2006 ante
3006 1950 3206 2022 Moysis
3248 1950 3416 2018 legem

1773 2022 1813 2076 Β
1844 2022 2098 2106 fuerunt;
2130 2049 2196 2104 de
2219 2048 2416 2119 quibus
2443 2049 2518 2101 ait
2542 2046 2870 2116 Apostolus:
2893 2044 3025 2099 Cum
3052 2046 3187 2098 enim
3217 2053 3416 2114 gentes,

1839 2158 1956 2213 qute
1984 2140 2150 2212 legem
2203 2156 2303 2194 non
2339 2138 2565 2205 habent,
2607 2137 2867 2207 scriptam
2893 2135 3166 2201 videlicet,
3197 2142 3416 2188 maturata

1841 2236 1962 2290 liter
1989 2252 2050 2289 ea
2072 2251 2190 2305 qua:
2220 2233 2347 2303 legis
2381 2241 2504 2287 sunt
2545 2231 2749 2302 faciunt
2775 2271 2789 2296 ,
2837 2226 3099 2297 ejusmodi
3125 2226 3284 2297 legem
3314 2241 3417 2279 non

1837 2324 2102 2389 habentes,
2138 2324 2239 2389 ipsi
2275 2320 2375 2376 sibi
2407 2329 2529 2374 sunt
2571 2323 2653 2374 lex
2691 2321 2753 2372 ι’.
2796 2317 2902 2371 Aut
2944 2318 3033 2373 lex
3065 2314 3279 2370 Domini
3310 2315 3416 2368 fuc-

1837 2417 1908 2473 rit
1933 2416 2305 2487 evangelicum
2340 2412 2588 2476 verbum,
2614 2412 2682 2464 ab
2717 2410 2835 2480 ipso
2870 2408 3104 2463 Domino
3140 2413 3195 2462 et
3235 2404 3394 2461 Salva

1836 2520 1954 2567 tore
1980 2519 2167 2565 nostro
2196 2509 2450 2565 omnibus
2477 2506 2728 2580 gentibus
2763 2504 3183 2579 annuntiarum._

1906 2602 2074 2659 Vens.
2129 2601 2183 2656 5.
2231 2599 2299 2656 Et
2347 2602 2447 2656 erit
2487 2610 2738 2671 tanquam
2782 2599 2982 2667 lignum
3027 2595 3165 2668 quod
3213 2595 3396 2664 planta

1839 2704 1947 2748 tum
1967 2703 2043 2748 est
2067 2710 2215 2749 secus
2244 2693 2496 2747 decursus
2523 2707 2804 2762 aquarum,
2832 2688 2972 2760 quod
3002 2688 3234 2758 fructum
3263 2703 3416 2741 suum

1837 2785 1988 2840 dabit
2039 2788 2094 2840 in
2128 2795 2355 2853 tempore
2382 2799 2499 2840 suo.
2537 2781 2639 2849 Qui
2693 2795 2789 2852 per
2832 2788 3004 2833 totam
3050 2778 3218 2833 vitam
3260 2792 3415 2832 suam

1838 2879 2094 2948 omnique
2127 2885 2373 2946 tempore
2418 2881 2578 2929 nocte
2622 2887 2687 2927 ac
2721 2872 2811 2927 die
2859 2869 3058 2925 divinae
3087 2867 3192 2941 legi
3220 2877 3414 2932 vacat,

1837 2980 1891 3026 et
1920 2971 2068 3025 rivis.
2107 2984 2174 3023 ex
2211 2982 2274 3022 eo
2311 2965 2640 3030 fluentibus,
2697 2963 3073 3034 spiritualibus
3121 2961 3411 3032 irrigatur.

1839 3060 2128 3114 admodum
2163 3058 2414 3130 apposite
2457 3058 2644 3129 ligno.
2693 3057 2853 3124 cujus
2905 3054 3117 3110 radices
3170 3053 3417 3124 proximo,

1839 3166 2008 3222 aquas
2042 3151 2230 3220 positae
2265 3155 2414 3216 sunt,
2447 3156 2814 3219 comparatur.
2849 3145 3192 3217 Quapropter
3224 3160 3412 3200 revera

1840 3244 2028 3299 beatus
2057 3241 2146 3297 ille
2174 3283 2189 3308 ,
2221 3249 2408 3311 utpote
2449 3240 2544 3311 qui
2592 3239 2793 3294 divinis
2839 3245 3000 3308 potus
3045 3237 3415 3307 irrigatusque

179 3325 497 3415 μαθήμασιν,
537 3327 744 3399 ὦριμον
781 3329 974 3384 ἑαυτοῦ
1011 3331 1101 3386 τὸν
1140 3332 1352 3402 καρπὸν
1394 3315 1729 3387 ἀποδίδωσιν.

1839 3333 2161 3405 disciplinis,
2189 3349 2348 3388 suum
2381 3339 2712 3404 opportuno.
2728 3336 2970 3400 tempore
3007 3329 3244 3384 fructum
3274 3344 3414 3399 prm-

177 3413 274 3470 Εἶτ’
305 3420 488 3476 ἐπειδὴ
534 3420 687 3487 ξύλον
721 3423 838 3475 ἐστὶ
878 3421 1023 3494 ζωῆς
1057 3424 1086 3475 6
1131 3423 1226 3477 τοῦ
1271 3423 1406 3477 Θεοῦ
1453 3425 1579 3488 Υἱὸς
1596 3425 1736 3480 κατά

175 3509 254 3562 τὸν
297 3512 614 3585 Σολομῶντα
662 3515 908 3586 φήσαντα
960 3516 1220 3588 περὶτῆς
1264 3518 1494 3586 Σοφίαςο
1536 3518 1736 3572 Ξύλον

176 3601 294 3654 ἐστὶ
333 3603 482 3672 ζωῆς
522 3603 670 3660 πᾶσι
695 3606 819 3672 τοῖς
844 3607 1262 3677 ἀντεχομένοις
1285 3608 1476 3677 αὐτῆς
1498 3609 1591 3664 καὶ
1622 3612 1736 3674 τοῖς

176 3693 596 3766 ἰπερειδομένοις
614 3699 699 3749 ἐπ’
724 3699 892 3770 αὐτὴν
911 3699 986 3762 ὡς
1006 3701 1097 3752 ἐπὶ
1110 3700 1310 3773 Κύριον
1334 3701 1545 3774 ἀσφαλῆ
1570 3703 1694 3772 (sic)
1715 3719 1730 3734 ’

178 3787 379 3851 εἰκότως
408 3791 436 3842 6
471 3791 908 3863 μακαριζόμενος
933 3791 1010 3863 τῷ
1035 3790 1129 3844 τοῦ
1155 3792 1289 3846 Θεοῦ
1317 3793 1432 3865 Υίῷ
1453 3795 1736 3864 ἀφωμοιω-

176 3894 254 3930 ται
287 3879 362 3949 τῷ
575 3881 675 3946 τὰς
705 3882 968 3948 διεξόδους
1002 3884 1115 3936 ὄντι
1159 3885 1268 3937 τῶν
1295 3885 1500 3940 ὑδάτων
1529 3903 1734 3958 μαρτυ-

181 3970 418 4040 ρούμενος
450 3974 547 4026 καὶ
571 3975 968 4046 κηρυττόμενος
1001 3975 1107 4028 ὑπὸ
1132 3975 1242 4028 τῶν
1267 3977 1367 4047 τῆς
1408 3977 1556 4039 θείας
1595 3977 1734 4048 Γρα-

179 4061 270 4131 φῆς
293 4062 622 4118 διδασκάλων
655 4065 749 4118 καὶ
778 4067 1100 4138 προφητῶν·
1136 4067 1332 4132 οἵτινες
1375 4069 1468 4121 καὶ
1509 4068 1733 4136 ἀφέσεις

180 4147 367 4203 ὑδάτων
389 4153 542 4224 παρά
567 4156 632 4224 τῇ
663 4153 1003 4225 θεοπνεύστῳ
1028 4156 1277 4224 λέγονται
1301 4157 1489 4229 Γραφῇ
1507 4197 1520 4211 .
1546 4157 1732 4228 Τούτῳ

177 4235 259 4292 οὖν
292 4244 642 4314 ἀφωμοίωται
683 4247 713 4298 6
754 4247 1208 4317 μακαριζόμενος,
1240 4249 1533 4320 ἀρδόμενος
1566 4249 1733 4314 διεξά-

176 4328 275 4394 δοις
299 4334 404 4386 τῶν
438 4335 550 4388 ἀπὸ
577 4335 676 4405 τῆς
703 4335 853 4400 Θείας
881 4337 1104 4408 Γραφῆς
1146 4341 1527 4411 πνευματικῶν
1554 4341 1734 4411 ναμά-

179 4437 292 4485 των,
320 4425 529 4496 καρπόν
555 4442 615 4478 τε
640 4425 843 4495 ἀγαθὸν
869 4427 1177 4500 προφέρων.

241 4599 341 4652 Kal
387 4599 453 4652 τὸ
483 4601 722 4668 φύλλον
754 4602 942 4656 αὑτοῦ
967 4604 1078 4657 οὐκ
1124 4603 1589 4672 ἁπορῤυήσεται,
1631 4605 1732 4659 καὶ

1837 3426 1982 3484 beat.
2037 3426 2306 3496 Deinceps
2361 3425 2488 3496 quia
2545 3423 2640 3478 Dei
2692 3420 2865 3477 Filius
2901 3422 3105 3493 lignum
3159 3420 3284 3475 vita:
3331 3429 3415 3474 est

1829 3519 1984 3590 juxta
2035 3517 2384 3574 Salomonem
2439 3515 2532 3587 qui
2590 3515 2659 3571 de
2710 3513 2989 3584 Sapientia
3044 3513 3173 3568 talia
3223 3511 3409 3566 fatur:

1834 3610 2058 3681 Lignum
2099 3611 2217 3666 vita:
2248 3618 2326 3664 est
2379 3608 2459 3663 his
2511 3608 2602 3678 qui
2646 3604 3076 3676 apprehenderint
3108 3606 3307 3667 eam”,
3359 3611 3413 3657 ct

1833 3699 1927 3770 qui
1970 3714 2071 3763 ea,
2141 3698 2256 3753 sive
2305 3697 2426 3768 ipso
2471 3683 2720 3763 Domino,
2779 3694 2891 3749 nixi
2943 3694 3177 3756 fuerint,
3217 3705 3411 3747 secure

1834 3788 2070 3859 degunt;
2124 3787 2250 3858 jure
2315 3802 2382 3841 ac
2437 3786 2635 3841 merito
2680 3785 2774 3856 qui
2819 3785 3011 3838 beatus
3051 3782 3409 3853 praedicatur,

1831 3878 1972 3934 Filio
1992 3878 2087 3934 Dei
2124 3879 2320 3934 similis
2353 3877 2589 3944 dicitur,
2627 3877 2719 3946 qui
2754 3890 2916 3931 secus
2948 3876 3214 3931 decursus
3243 3889 3412 3942 aqua-

1833 3988 1954 4027 rum
1987 3972 2127 4028 situs
2167 3979 2286 4036 est,
2337 3971 2540 4040 quique
2573 3966 2890 4022 testimonio
2921 3981 2984 4020 ac
3029 3966 3414 4035 praedicatione

1832 4064 2113 4120 doctorum
2153 4063 2353 4118 divina:
2394 4061 2720 4132 Scriptum,
2775 4073 2839 4113 ac
2894 4059 3277 4128 prophetarum
3312 4070 3414 4109 an-

1833 4157 2155 4211 nuntiatur:
2190 4169 2315 4208 nam
2373 4154 2410 4206 ii
2461 4151 2786 4208 emissiones
2848 4164 3113 4220 aquarum
3163 4149 3218 4202 in
3262 4145 3412 4202 Scri-

1831 4231 1996 4318 ptura
2026 4243 2208 4299 divina
2249 4244 2607 4313 appellantur.
2649 4240 2786 4294 Huic
2833 4242 3016 4309 itaque
3057 4246 3410 4309 comparatur

1831 4340 1926 4411 qui
1971 4339 2162 4394 beatus
2199 4338 2435 4400 dicitur,
2469 4337 2728 4406 irrigatus
2763 4333 2982 4387 ﬂuentis
3022 4334 3259 4386 rivorum
3296 4331 3411 4400 spi-

1831 4430 2108 4485 ritualium
2165 4444 2196 4482 a
2247 4429 2531 4497 Scriptura
2566 4439 2723 4480 sacra
2774 4422 3149 4484 manantium,
3197 4427 3250 4474 et
3295 4417 3411 4472 fruo

1831 4526 1977 4573 ctum
2013 4516 2295 4587 proferens
2325 4517 2548 4570 bonum.

1905 4609 1974 4663 Et
2003 4610 2190 4678 folium
2220 4609 2334 4670 eius
2381 4626 2487 4662 non
2529 4607 2757 4676 defluet,
2810 4614 2860 4658 et
2890 4603 3410 4671 omniaquccunque

180 4685 360 4743 πάντα
405 4689 523 4742 ὅσα
573 4688 650 4743 ἂν
697 4692 840 4759 ποιῇ
891 4691 1456 4759 κατευοὸωθήσεται.
1510 4697 1619 4749 Καὶ
1673 4696 1730 4749 τά

1839 4702 1993 4772 faciet
2015 4699 2484 4769 prosperabuntur.
2517 4697 2583 4750 Et
2611 4696 2740 4751 folia
2767 4694 2909 4764 ejus,
2943 4701 3003 4746 ut
3037 4692 3177 4746 alius
3206 4691 3404 4759 inquit,

181 4777 336 4843 ψύλλα
367 4781 424 4833 δὲ
471 4781 656 4844 αὐτοῦ,
689 4783 765 4846 ὠς
797 4784 955 4849 ἄλλος
988 4784 1173 4856 φησιν,
1209 4783 1373 4855 ἔτερα
1413 4783 1541 4840 ὄντα
1581 4789 1731 4860 παρά

180 4866 264 4920 τδν
291 4870 489 4924 τέλειον
509 4873 741 4944 καρπὸν,
775 4873 846 4926 τά
872 4876 1014 4928 κατά
1055 4875 1145 4929 τὸν
1175 4876 1366 4946 θνητὸν
1396 4877 1594 4950 δηλαδὴ
1620 4879 1730 4950 βίον

181 4960 480 5030 πράγματα,
510 4963 577 5016 τά
620 4980 678 5016 τε
711 4964 853 5017 κατά
878 4964 976 5036 τὴν
1011 4965 1357 5037 ἀνθρωπίνην
1407 4967 1570 5039 ζωὴν,
1609 4968 1730 5023 καθ’

179 5046 238 5116 ἢν
261 5053 349 5103 καὶ
374 5051 404 5104 6
425 5053 626 5113 τέλειος
643 5055 853 5125 καρπὸς
879 5056 1169 5108 σκέπτεταί
1199 5073 1259 5109 τε
1285 5059 1379 5110 καὶ
1406 5059 1729 5126 φυλάττεται

181 5140 261 5191 καὶ
287 5143 382 5194 οὐκ
425 5146 673 5216 ἀπορρεῖ,
711 5146 872 5216 μέχρι
915 5147 1010 5200 καὶ
1050 5147 1254 5201 τούτων
1293 5149 1535 5220 ἀκριόὦς
1578 5151 1728 5221 βιοῦν

181 5236 711 5309 παραφυλαττομὲνου
731 5255 749 5270 ο
774 5240 855 5293 διὸ
877 5241 972 5292 καὶ
993 5241 1052 5294 ὲν
1081 5243 1246 5295 πᾶσιν
1271 5238 1353 5306 οἷς
1381 5244 1447 5298 ᾶν
1471 5249 1594 5317 ποιῇ
1620 5246 1727 5300 ὑπὸ

179 5323 261 5375 τοῦ
294 5326 423 5381 Θεοῦ
467 5332 982 5402 κατευοδωθήσεται.
1028 5333 1139 5385 Καὶ
1181 5335 1353 5398 ἄλλως
1394 5337 1424 5390 6
1458 5338 1726 5408 μακάριος

177 5413 250 5468 διὰ
285 5421 475 5485 παντὸς
515 5423 807 5493 ἀρδόμενος
847 5421 1000 5477 ὕδασι
1030 5424 1266 5492 λογικοῖς
1295 5428 1394 5499 τῆς
1426 5428 1607 5481 ἐνθέου
1643 5429 1725 5482 δι-

178 5507 470 5576 δασκαλίας,
497 5517 589 5568 καὶ
633 5515 734 5585 τῆς
761 5516 1145 5587 προσηκούσης
1173 5519 1446 5590 γεωργίας
1471 5521 1609 5574 κατά
1634 5523 1724 5575 τὸν

182 5603 404 5670 παρόντα
447 5606 555 5662 βίον
597 5608 880 5678 τυγχάνων
921 5610 980 5661 ὲν
1005 5609 1181 5680 καιρῷ
1228 5610 1306 5681 τῷ
1335 5611 1528 5666 ἑαυτοῦ
1567 5613 1726 5669 δώσει

180 5689 255 5742 τὸν
286 5694 468 5750 ἑαυτοῦ
497 5700 722 5769 καρπόν.
755 5701 960 5764 Καιρὸς
995 5701 1052 5754 δὲ
1081 5701 1246 5754 αὑτοῦ
1277 5705 1308 5755 ὁ
1339 5704 1544 5774 μέλλων
1581 5709 1727 5762 ἐστὶν

247 5807 281 5836 ⁸·
319 5809 470 5868 Rom.
501 5829 576 5878 ιι,
613 5815 698 5870 ιι.
767 5819 790 5847 ¹
829 5815 988 5872 Prov.
1031 5833 1125 5884 m,
1163 5818 1246 5873 18.

1831 4810 1952 4866 qua:
1989 4792 2202 4848 diversa
2234 4799 2360 4848 sunt
2397 4805 2428 4843 a
2455 4789 2695 4860 perfecto
2722 4786 2900 4840 fructu
2920 4824 2934 4849 ,
2969 4783 3220 4838 videlicet
3241 4797 3407 4851 opera

1831 4886 2081 4942 mortalis
2103 4886 2330 4954 hujusce
2349 4883 2491 4946 vitae,
2517 4882 2850 4951 humanique
2875 4879 3088 4933 vivendi
3117 4877 3403 4938 curriculi.

1831 4978 1886 5032 in
1918 4995 2026 5049 quo
2067 4977 2279 5031 fructus
2329 4975 2419 5029 ille
2448 4974 2719 5046 perlectus
2747 4978 3027 5042 spectatur
3058 4976 3112 5024 et
3141 4969 3405 5023 observa-

1831 5076 1941 5132 tur,
1974 5085 2083 5123 non
2123 5068 2381 5131 deﬂuent,
2409 5067 2537 5120 dum
2593 5065 2708 5133 ipse
2759 5061 2926 5134 probe
2961 5058 3177 5114 vivendi
3216 5074 3406 5114 curam

1833 5163 2083 5230 habebit;
2123 5161 2472 5232 quamobrem
2523 5159 2576 5211 in
2628 5157 2843 5211 cunctis
2898 5152 3157 5224 operibus
3206 5153 3322 5208 suis
3374 5165 3404 5202 α

1831 5253 1942 5309 Deo
1969 5263 2116 5308 recte
2145 5265 2509 5323 prospereque
2550 5248 2834 5319 dirigetur.
2889 5245 3008 5298 Alia
3031 5257 3162 5298 vero
3194 5243 3404 5298 ratione

1833 5350 1912 5403 sic
1940 5346 2280 5416 explicatur:
2311 5342 2510 5397 Beatus
2545 5342 2634 5395 ille
2681 5341 2775 5410 qui
2804 5353 3020 5408 semper
3050 5335 3403 5406 intelligibili-

1831 5435 1934 5493 bus
1968 5437 2166 5491 divina:
2218 5435 2480 5488 doctrina:
2525 5432 2683 5503 aquis
2740 5430 3033 5499 irrigatur,
3065 5433 3122 5482 et.
3171 5426 3228 5481 in
3269 5440 3404 5496 pra:-

1831 5529 1968 5585 senti
2001 5527 2112 5580 vita
2137 5542 2236 5581 ceu
2267 5541 2394 5596 ager
2427 5531 2788 5596 congruenter
2813 5520 3047 5585 colitur;
3082 5516 3235 5572 dabit
3289 5515 3400 5568 {ru-

1831 5630 1981 5677 ctum
2021 5635 2180 5675 suum
2213 5618 2268 5673 in
2298 5627 2538 5688 tempore
2581 5632 2702 5672 suo.
2760 5611 3002 5684 Tempus
3051 5623 3218 5680 porro
3245 5609 3401 5679 ejus,

1833 5711 2076 5768 futurum
2116 5709 2371 5766 saeculum
2402 5717 2526 5764 est:
2559 5705 2842 5779 praesentis
2873 5703 3074 5776 quippe
3107 5701 3232 5755 vita
3265 5710 3405 5754 tein.
