3994 6448
505 338 577 395 τε,
1134 311 1405 372 EUSEBII
1441 318 1923 379 CESARIENSIS
1957 321 2109 380 OPP.
2148 321 2328 380 PARS
2371 304 2465 374 ΠΙ.
2495 333 2573 367 \
2611 329 3014 390 EXEGETICA.
3693 344 3775 392 ευ

506 465 609 523 pus
656 464 767 509 non
802 451 915 522 ipsi
948 449 1228 522 proprium
1250 493 1267 517 ,
1302 455 1399 510 sed
1447 455 1684 511 alienum
1720 463 1833 520 est;
1886 470 2085 527 quam-

2194 470 2322 509 αιων
2340 468 2360 483 θ
2407 453 2602 528 ιπειδη
2644 473 2739 509 του
2777 468 3041 526 παροντος
3068 453 3172 507 οὐκ
3210 450 3359 507 εστιν
3396 451 3617 517 οίκεῖος,
3646 449 3774 505 ἀλλ’

504 542 692 597 obrem
721 540 779 597 in
805 548 1052 612 tempore
1069 556 1170 598 suo
1197 546 1484 614 praesentis
1504 546 1852 617 agricultura;
1866 545 2085 604 fructus

507 631 621 689 Deo
642 631 905 706 proferet.
932 634 1056 691 Alio
1088 650 1306 709 quoque
1331 636 1493 692 modo
1523 636 1881 711 intelligitur;
1921 639 2087 696 nimi-

503 740 650 791 rum,
682 724 775 782 ille
810 725 905 797 qui
929 724 1127 787 beatus
1162 728 1527 799 praedicatur,
1581 744 1648 786 ex
1704 731 1923 786 mortali
1972 731 2086 788 vita

502 815 838 882 translatus,
901 817 1323 886 promissionem
1374 818 1598 876 habebit
1638 834 1699 876 se
1732 819 1977 878 futurum
2028 823 2085 880 in

505 906 762 977 paradiso
783 906 884 962 Dei
908 908 1074 981 quasi
1111 907 1318 981 lignum
1347 912 1494 981 quod
1540 911 1845 982 plantatum
1886 922 1973 972 est
1994 931 2088 973 se-

502 1014 604 1055 cus
627 999 893 1057 decursus
914 1015 1203 1072 aquarum.

578 1090 747 1149 Vsus.
778 1094 835 1150 4.
875 1091 998 1149 Νοη
1032 1096 1109 1149 sic
1150 1094 1341 1165 impii,
1385 1111 1490 1153 non
1526 1097 1637 1160 sic.
1693 1097 1785 1154 sed
1831 1108 2084 1170 tanquam

500 1185 674 1254 pulvis
704 1200 865 1256 quem
910 1185 1126 1257 proiicit
1165 1198 1344 1244 ventus
1399 1206 1433 1244 a
1479 1191 1618 1260 [acie
1661 1200 1837 1249 terra.
1883 1191 2085 1250 Beatus

506 1274 598 1332 ille
626 1277 806 1348 qualis
840 1276 931 1332 hic
980 1276 1315 1335 describitur
1342 1289 1432 1336 :et
1460 1296 1595 1338 sane
1629 1282 1942 1352 huiusmodi
1986 1285 2086 1339 ho-

502 1367 680 1423 mines
709 1368 1003 1425 admodum
1031 1368 1143 1424 rari
1186 1369 1455 1439 paucique
1484 1379 1632 1429 sunt.
1682 1372 1753 1438 At
1780 1373 1932 1444 impii
1963 1390 2084 1430 ma-

499 1472 609 1529 gno
638 1471 902 1525 numero;
951 1457 1046 1529 qui
1077 1463 1137 1513 ut
1183 1458 1322 1513 nihil
1352 1458 1616 1517 habentes
1661 1459 1805 1531 apud
1863 1460 2084 1517 beatum

504 1551 655 1606 illum
687 1553 829 1608 male
854 1551 1118 1617 audiunt;
1154 1550 1393 1607 fructum
1421 1553 1622 1625 quippe
1648 1563 2081 1626 temporaneum,

502 1647 820 1703 mutabilem
868 1661 935 1703 ac
984 1647 1289 1717 periturum
1340 1646 1715 1717 possidentes,
1773 1647 1905 1704 facti
1955 1656 2086 1705 sunt

500 1738 662 1809 quasi
688 1737 860 1808 pulvis
882 1754 1034 1808 quem
1058 1738 1271 1808 projicit
1301 1749 1478 1793 ventus
1505 1757 1538 1794 a
1563 1739 1701 1810 [acie
1727 1748 1902 1796 terrae.

2187 547 2497 621 ἀλλότριος’
2546 546 2627 600 διὸ
2672 548 2731 601 ὲν
2772 545 2964 618 ἐκείνῳ
2999 545 3078 617 τῷ
3107 544 3300 600 ἑαυτοῦ
3342 542 3517 616 καιρῷ
3542 542 3640 614 τῆς
3673 545 3774 597 ἑν-

2184 637 2363 693 ταῦθα
2411 638 2686 710 γεωργίας
2730 636 3002 693 ἀποδώσει
3045 635 3125 708 τῷ
3164 634 3284 708 Θεῷ
3323 638 3449 700 τοὺς
3497 633 3773 709 καρπούς.

2187 731 2298 789 Καὶ
2350 729 2472 785 καθ’
2514 730 2704 802 ἕτερον
2735 728 2792 783 δὲ
2833 728 3057 802 τρόπον.
3096 730 3128 783 6
3166 725 3625 801 μακαριζόμενος,
3671 742 3780 799 μιν·

2185 820 2548 892 ταφυτευθεὶς
2596 821 2661 874 ὲκ
2701 818 2798 873 τοῦ
2846 817 3044 892 θνητοῦ
3091 816 3229 890 βίου,
3281 816 3608 887 ἐπαγγελίαν
3654 814 3778 882 list

2186 916 2245 968 ὲν
2269 913 2352 986 τῷ
2396 911 2710 985 παραδείσῳ
2736 909 2832 966 τοῦ
2875 909 3011 966 Θεοῦ
3054 910 3292 976 ἔσεσθαι,
3323 910 3399 975 ὡς
3426 909 3486 964 τὺ
3516 909 3669 976 ξύλον
3708 909 3781 964 τὺ

2190 1004 2599 1079 πεφυτευμένον
2624 1002 2776 1077 παρὰ
2798 1002 2896 1068 τὰς
2918 1002 3184 1070 διεξόδους
3210 1001 3318 1058 τῶν
3343 1003 3571 1059 ὑδάτων.

2265 1099 2390 1167 Οὐχ
2422 1097 2611 1163 οὕτως
2640 1099 2695 1150 oi
2719 1093 2976 1161 ἀσεϐεῖς,
3009 1097 3122 1166 οὐχ
3149 1095 3356 1162 οὕτως,
3382 1095 3520 1151 ἀλλ’
3549 1093 3589 1164 ἢ
3624 1092 3779 1150 ὡσεί

2185 1190 2353 1260 χοῦς,
2396 1189 2470 1243 ὃν
2507 1189 2767 1259 ἐκρίπτει
2800 1191 2833 1244 ὀ
2877 1188 3097 1258 ἄνεμος
3147 1187 3267 1243 ἀπὸ
3308 1187 3634 1258 προσώπου
3660 1185 3783 1257 τῆς

2185 1280 2318 1352 γῆς.
2365 1282 2422 1335 '0
2455 1281 2554 1352 μὲν
2588 1280 2857 1353 μακάριος
2896 1279 3137 1344 τοιοῦτος
3162 1275 3274 1334 οἷον
3313 1281 3341 1334 6
3371 1280 3527 1350 λόγος
3555 1280 3786 1352 διέγρα-

2183 1373 2284 1445 ψεν
2303 1391 2315 1403 ·
2352 1372 2576 1436 σπάνιος
2612 1373 2670 1426 δὲ
2704 1368 2861 1437 οὗτος
2895 1372 2991 1426 καὶ
3026 1374 3084 1425 ὲν
3122 1371 3324 1442 ὀλίγοις
3363 1372 3781 1445 εὑρισκόμενος.

2186 1461 2377 1517 Πολλοὶ
2416 1463 2475 1517 δὲ
2511 1462 2563 1515 oi.
2594 1461 2833 1526 ἀσεϐεῖς,
2872 1461 3071 1525 οἵτινες
3114 1461 3191 1527 ὼς
3235 1462 3402 1535 μηδὲν
3443 1461 3658 1535 ἔχοντες
3698 1460 3783 1532 τῷ

2188 1555 2444 1627 μακαρίῳ
2468 1554 2872 1628 διαϐέϐληνται.
2910 1555 3140 1627 Καρπδν
3170 1555 3281 1627 γὰρ
3308 1555 3642 1628 πρόσκαιρον
3679 1555 3785 1610 καὶ

2187 1647 2499 1711 σκεδαστὸν,
2516 1647 2611 1701 καὶ
2629 1646 2999 1719 ἀπολλύμενον
3021 1649 3372 1720 κτησάμενοι,
3393 1648 3680 1717 γεγόνασιν
3699 1648 3783 1713 ὡς

2186 1741 2221 1794 ὁ
2233 1738 2382 1810 χοῦς
2401 1737 2473 1792 ὃν
2486 1738 2749 1807 ἐκρίπτει
2762 1741 2796 1793 ό
2812 1739 3031 1808 ἄνεμος
3048 1739 3167 1794 ἀπὸ
3186 1738 3508 1807 προσώπου
3522 1736 3632 1808 τῆς
3642 1738 3784 1808 γῆς.

572 1829 739 1886 Vsus.
783 1830 837 1887 5.
882 1828 1013 1886 Ideo
1064 1848 1169 1887 non
1219 1841 1490 1903 resurgent
1539 1833 1689 1902 impii
1739 1833 1796 1887 in
1838 1831 2082 1902 judicio,

2255 1830 2359 1885 Διὰ
2385 1830 2564 1885 τοῦτο
2594 1832 2706 1885 οὐκ
2728 1831 3179 1897 ἀναστήσονται
3207 1831 3445 1898 ἀσεϐεῖς
3463 1833 3534 1886 ἐν
3555 1833 3786 1901 κρίσει.

501 1939 664 1995 neque
688 1933 989 1992 peccatores
1015 1924 1070 1979 in
1098 1925 1326 1980 concilio
1352 1924 1648 1996 justorum.
1675 1922 1735 1979 In
1768 1924 2082 1990 communi,

503 2012 677 2079 illud,
724 2014 779 2068 in
828 2014 1057 2069 concilio
1106 2013 1372 2081 iustorum
1418 2014 1692 2085 accipias,
1737 2013 1811 2068 ita
1860 2022 1919 2068 ut
1970 2014 2085 2069 haec

501 2105 779 2162 sententia
806 2105 972 2163 fuerit
996 2126 1008 2162 :
1044 2104 1500 2178 Quandoquidem
1526 2106 1664 2165 nihil
1692 2105 1892 2169 fertile,
1918 2104 2085 2165 vitale

498 2199 673 2267 nihil,
704 2214 882 2270 neque
907 2198 1145 2256 fructum
1171 2199 1277 2257 Deo
1298 2199 1523 2270 dignum
1541 2239 1557 2265 ,
1582 2199 1798 2270 qualem
1818 2197 2086 2255 dederunt

496 2292 666 2363 justi,
699 2292 852 2365 impii
880 2294 1194 2366 protulere;
1225 2294 1349 2351 ideo
1378 2292 1433 2349 in
1461 2292 1655 2364 iudicii
1684 2299 1963 2361 tempore,
1994 2306 2086 2345 ue-

499 2401 598 2456 que
625 2394 927 2455 peccatores
965 2386 1019 2441 in
1051 2385 1282 2443 concilio
1307 2386 1581 2456 justorum
1616 2389 1930 2455 rcsurgent.
1975 2380 2086 2437 Pro

500 2476 741 2532 concilio
769 2486 952 2534 autem
983 2477 1179 2550 Aquila
1214 2486 1269 2535 et
1299 2477 1606 2533 Theodotio
1639 2491 1968 2547 synagogam
2000 2473 2085 2529 in-

498 2569 784 2640 terpretati
810 2576 978 2637 sunt;
1013 2569 1378 2642 Symmachus
1401 2582 1553 2633 vero,
1582 2576 1913 2624 conventum.
1937 2565 2087 2622 Con-

499 2661 690 2717 cilium
726 2661 892 2732 igitur
926 2659 1018 2716 hic
1052 2661 1327 2734 intelligas
1363 2666 1696 2716 conventum
1727 2664 2082 2723 sanctorum,

500 2764 563 2808 ut
601 2751 659 2807 in
693 2751 969 2823 principio
1003 2751 1212 2809 dictum
1252 2760 1358 2809 est.
1396 2751 1777 2824 Oppositoque
1811 2765 1980 2806 sensu
2018 2749 2087 2804 il-

499 2844 593 2900 Iud
613 2887 631 2912 ,
664 2846 721 2900 iu
750 2846 976 2901 concilio
1006 2845 1291 2916 impiorum
1310 2885 1326 2911 ,
1356 2860 1458 2917 pro
1485 2852 1760 2901 conventu
1790 2842 2086 2915 impiorum

500 2935 766 3007 accipias.
801 2936 1072 2994 Caeterum
1107 2944 1399 3009 resurgant
1435 2936 1539 3007 ipsi
1576 2950 1796 3007 quoque
1818 2974 1834 3002 ,
1872 2934 1969 2992 sed
2016 2935 2085 2990 ad

501 3042 719 3100 poenam
747 3037 912 3101 atque
943 3029 1311 3102 supplicium:
1347 3028 1493 3085 Nam
1531 3039 1724 3085 cuncta
1755 3044 1875 3101 qua
1906 3028 2083 3099 ﬁunt,

501 3117 727 3176 adducet
763 3119 909 3177 Deus
960 3122 1018 3177 in
1054 3119 1326 3193 judicium
1375 3137 1472 3192 pro
1523 3136 1668 3175 omni
1715 3128 1931 3185 errato,
1980 3119 2088 3175 sive

499 3212 697 3267 bonum
734 3213 844 3269 sive
872 3214 1077 3269 malum
1104 3212 1243 3269 illud
1269 3214 1437 3285 fuerit
1468 3214 1509 3269 ³.
1550 3213 1866 3269 Notandum
1904 3223 2089 3269 autem

499 3313 614 3369 cst,
651 3305 890 3376 primum
941 3303 1202 3361 Davidem
1232 3304 1717 3376 resurrectionem
1756 3313 1812 3361 et
1842 3304 2090 3360 futurum

499 3404 623 3464 post
656 3375 1131 3450 resurrectionem
1165 3375 1461 3464 ju'dicium,
1490 3409 1707 3451 necnon
1736 3394 1934 3450 tutum:
1967 3396 2092 3450 vita;

500 3485 962 3558 promissionem,
1023 3493 1209 3558 aperte
1254 3486 1564 3544 docuisse:
1619 3485 1835 3559 Moyses
1889 3487 2093 3558 quippe

500 3578 638 3632 nihil
672 3576 986 3647 huiusmodi
1018 3579 1231 3649 uspiam
1261 3576 1509 3638 tradidit.

578 3668 746 3728 Vsus.
785 3670 838 3727 6.
881 3671 1153 3737 Quoniam
1206 3671 1352 3726 novit
1402 3669 1669 3726 Dominus
1716 3672 1858 3726 riam
1906 3670 2089 3741 justo-

501 3777 622 3816 rum
646 3801 662 3829 ,
734 3773 783 3818 et
840 3763 941 3819 iter
996 3764 1281 3835 impiorum
1337 3762 1551 3834 peribit.
1608 3760 1708 3818 Hic
1781 3760 2087 3834 generatim

501 3863 660 3912 notes
715 3855 915 3919 velim,
981 3854 1185 3911 bonum
1238 3854 1462 3926 quidem
1512 3851 1746 3910 Domino
1801 3852 2085 3925 cognitum

501 3963 661 4013 esse,
696 3946 793 4004 sed
826 3946 1033 4003 malum
1070 3947 1417 4018 neutiquam.
1453 3944 1604 4002 Bona
1639 3945 1840 4017 quippe
1870 3951 1958 4001 est
1989 3944 2086 4015 ju-

504 4048 718 4096 storum
752 4038 873 4105 via,
904 4052 1085 4109 neque
1130 4037 1376 4099 dicitur:
1419 4034 1584 4093 Novit
1628 4035 1893 4094 Dominus
1944 4035 2089 4091 viam

504 4133 800 4204 impiorum
824 4171 841 4195 ,
869 4130 1126 4187 videlicet
1150 4146 1345 4187 eorum
1377 4130 1471 4201 qui
1503 4130 1558 4185 in
1589 4129 1887 4200 perniciem
1918 4136 2087 4197 eunt;

506 4225 606 4282 sed
633 4243 647 4281 :
682 4222 845 4279 Nouit
879 4221 1144 4278 Dominus
1173 4224 1264 4294 qui
1296 4232 1416 4281 sunt
1446 4222 1561 4292 ejus
1599 4219 1640 4276 ⁵.
1673 4219 1960 4277 Justorum
1993 4235 2092 4275 au-

506 4329 614 4374 tem
649 4316 739 4373 via
768 4325 854 4375 est
887 4317 936 4374 is
967 4316 1062 4388 qui
1093 4316 1235 4373 dixit
1265 4336 1280 4372 :
1319 4315 1433 4387 Ego
1461 4332 1581 4372 sum
1611 4316 1698 4371 nia
1726 4317 1747 4347 ⁸
1778 4332 1796 4382 ;
1824 4324 1879 4370 et
1908 4313 2041 4370 illud
2072 4334 2085 4370 :

514 4408 697 4466 Videte
723 4426 843 4481 qua:
874 4410 947 4466 sit
977 4412 1064 4466 via
1094 4409 1234 4465 bona
1253 4410 1295 4465 ⁸.
1328 4409 1456 4466 Huic
1490 4409 1715 4481 respicit
1749 4410 2018 4481 psalmus.

930 4520 1259 4579 PSALMUS
1325 4520 1537 4577 DAVID
1595 4521 1662 4577 ll.

966 4634 1295 4709 Explanatio
1326 4636 1524 4707 psalmi
1564 4651 1627 4693 ll.

575 4752 746 4810 Vsus.
776 4757 826 4808 ι.
860 4752 1041 4820 Quare
1071 4752 1401 4823 fremuerunt
1429 4761 1608 4824 gentes
1627 4793 1642 4819 ,
1681 4760 1731 4807 et
1772 4748 1956 4822 populi
1986 4765 2094 4803 me-

504 4845 669 4902 ditati
698 4854 821 4901 sunt
855 4846 1043 4899 inania
1064 4847 1090 4901 ?
1120 4843 1473 4916 Prophctiam
1509 4842 1698 4908 aﬂcrt,
1731 4857 1841 4914 qua
1885 4839 2094 4898 Christi

2120 4518 2167 4575 Β

2185 1918 2328 1976 οὐδὲ
2356 1920 2691 1990 ἁμαρτωλοὶ
2720 1921 2789 1974 ἐν
2830 1917 3040 1988 ,βουλῇ
3082 1919 3346 1974 δικαίων.
3388 1922 3545 1975 Κατὰ
3593 1919 3786 1974 κοινοῦ

2184 2012 2265 2078 τὸ,
2295 2012 2366 2067 ἐν
2398 2009 2605 2080 ,βουλῇ
2624 2010 2889 2077 δικαίων,
2918 2009 3203 2074 ὰκούσεις·
3238 2010 3316 2076 ὡς
3346 2006 3485 2066 εἶναι
3523 2010 3624 2083 τὴν
3653 2012 3782 2066 διὰ-

2183 2121 2333 2159 νοιαν
2360 2100 2614 2174 τοιαύτην
2636 2118 2650 2133 ·
2681 2101 2833 2155 Ἐπεὶ
2867 2100 3035 2174 μηδὲν
3088 2103 3308 2175 γόνιμον
3353 2102 3487 2175 μηδὲ
3524 2100 3787 2170 ζωτικὸν,

2185 2196 2300 2251 ἀλλ’
2331 2195 2454 2250 οὐδὲ
2492 2195 2704 2266 καρπὸν
2736 2194 2873 2249 Θεοῦ
2904 2195 3052 2263 ἄξιον
3090 2198 3204 2260 τοῖς
3235 2195 3462 2264 δικαίοις
3494 2197 3790 2267 παραπλη·

2187 2290 2318 2354 σίως
2345 2292 2396 2345 οἱ
2434 2289 2656 2355 ἀσεϐεῖς
2706 2289 3143 2363 προηνέγκαντο,
3171 2287 3262 2342 διὰ
3295 2287 3453 2342 τοῦτο
3489 2290 3549 2342 ὲν
3574 2287 3656 2359 τῷ
3681 2288 3790 2359 τῆς

2186 2380 2420 2453 κρίσεως
2465 2380 2665 2454 καιρῷ,
2705 2382 2845 2435 οὔτε
2887 2384 2943 2435 οἱ
2989 2379 3323 2450 ἁμαρτωλοί
3353 2379 3423 2433 ἐν
3452 2377 3660 2447 ,βουλῇ
3691 2377 3789 2433 δι·-

2186 2475 2373 2528 καίων
2403 2474 2826 2545 ἀναστήσονται.
2872 2473 3021 2527 Ἀντὶ
3050 2472 3108 2527 δὲ
3136 2471 3329 2543 βουλῆς
3351 2473 3378 2525 ό
3412 2471 3511 2542 μὲν
3549 2469 3790 2535 nam

2188 2567 2283 2620 καὶ
2311 2566 2340 2619 ὁ
2364 2565 2659 2620 Θεοδοτίων
2682 2564 3048 2636 συναγωγὴν
3070 2562 3466 2636 ἠρμηνεύκασι,
3492 2561 3790 2617 συνέλευ-

2185 2675 2291 2713 σιν
2318 2658 2376 2713 δὲ
2413 2660 2444 2713 6
2473 2658 2791 2731 Σύμμαχος.
2824 2657 3030 2728 Βουλὴν
3058 2657 3239 2711 τοίνυν
3285 2658 3515 2728 ἡγητέον
3546 2654 3790 2709 ἐνταῦθα

2187 2751 2438 2826 εἰρῆσθαι
2477 2752 2576 2825 τὴν
2609 2751 2828 2806 σύνοδον
2851 2749 2960 2804 τῶν
2988 2749 3180 2819 ἁγίων,
3209 2749 3285 2813 ὼς
3323 2747 3419 2804 καὶ
3443 2749 3500 2802 ὲν
3531 2747 3676 2819 ἀρχῇ
3706 2747 3792 2800 εἰ-

2167 2865 2375 2924 ηρηται.
2407 2847 2566 2902 Κατὰ
2598 2845 2859 2918 δευτέραν
2880 2844 3117 2900 διάνοιαν
3146 2842 3243 2914 τὴν
3274 2840 3489 2896 σύνοδον
3516 2840 3627 2895 τῶν
3655 2841 3793 2895 ἀσε-

2187 2940 2299 2997 ϐῶν
2331 2940 2624 3014 δηλοῦσθαι
2657 2941 2723 2993 ὲκ
2750 2938 2847 2993 τοῦ
2875 2940 2946 2994 ἐν
2965 2936 3172 3006 ,βουλῇ
3201 2933 3456 2991 ἀσεϐῶν.
3480 2935 3629 3007 Πλὴν
3656 2933 3793 2987 ἀνα·

2190 3038 2479 3107 στήσονται
2527 3035 2619 3089 ἐπὶ
2665 3033 2885 3089 κολάσει
2934 3032 3031 3087 καὶ
3080 3029 3343 3103 τιμιιιρίᾳι
3386 3027 3518 3083 Πᾶν
3558 3029 3669 3099 γὰρ
3714 3025 3791 3080 τὸ

2190 3129 2416 3198 ποίημα
2436 3126 2567 3192 ἄξει
2591 3130 2623 3183 ό
2656 3124 2801 3192 Θεὸς
2825 3127 2913 3191 είς
2941 3124 3149 3193 κρίσιν
3171 3123 3232 3176 ἐν
3273 3119 3453 3174 παντί
3480 3132 3792 3187 παρεωρα-

2186 3221 2369 3294 μένῳ,
2397 3221 2507 3276 ἐάν
2528 3237 2593 3277 τε
2633 3219 2860 3290 ἀγαθὸν
2886 3213 2947 3291 ᾖ,
2983 3217 3095 3273 ἐάν
3122 3234 3185 3272 τε
3227 3215 3511 3284 πονηρόν.
3543 3213 3794 3286 Σημείω-

2194 3335 2284 3375 σαι
2318 3317 2396 3380 δὲ,
2439 3318 2521 3372 ὃτι
2569 3316 2786 3388 πρῶτος
2818 3312 2981 3369 Δαυῒδ
3018 3314 3116 3367 καὶ
3140 3310 3436 3367 ἀνάστασιν
3479 3307 3572 3363 καὶ
3599 3306 3796 3373 κρίσιν

2195 3407 2334 3481 μετά
2358 3408 2459 3480 τὴν
2492 3408 2789 3463 ἀνάστασιν
2819 3403 3112 3476 ἐσομένην,
3145 3403 3240 3457 καὶ
3269 3400 3599 3470 ἐπαγγελίαν
3631 3392 3789 3468 ζωῆς

2196 3500 2495 3574 μελλούσης
2526 3499 2714 3570 σαφῶς
2752 3497 2979 3565 ἐδίδαξε,
3020 3494 3301 3559 Μωῦσέως
3334 3492 3500 3566 μηδὲν
3545 3488 3795 3546 τοιοῦτον

2193 3593 2659 3656 παοαδεδωκότος.

2265 3688 2386 3739 Ὅτι
2436 3684 2716 3756 γινώσκει
2759 3684 2977 3753 Κύριος
3008 3681 3154 3738 ὁδὸν
3193 3679 3459 3744 δικαίων,
3502 3677 3600 3733 καί
3639 3675 3793 3744 ὁδὸς

2191 3778 2430 3834 ἀσεϐῶν
2460 3776 2792 3834 ἀπολεῖται.
2838 3776 3152 3847 Σημείωσαι
3191 3771 3517 3836 καθολικῶς,
3565 3772 3648 3825 ὅτι
3674 3786 3793 3824 κα-

2191 3870 2283 3927 λὸν
2334 3872 2432 3943 μὲν
2479 3868 2808 3941 γινώσκεται
2861 3867 2969 3922 ὑπὸ
3009 3867 3239 3941 Κυρίου,
3289 3863 3491 3935 φαῦλον
3534 3863 3593 3917 δὲ
3628 3861 3794 3916 οὐδὲν

2192 3964 2468 4018 οὐδέποτε.
2527 3960 2707 4016 Καλὸν
2744 3961 2855 4033 γὰρ
2904 3959 3020 4024 ὁδὸς
3066 3958 3310 4022 δικαίων,
3342 3957 3437 4011 καὶ
3477 3955 3579 4011 οὐκ
3616 3950 3746 4009 εἷπε
3772 3970 3790 3986 ο

2191 4054 2454 4110 Γινώσκει
2495 4052 2704 4125 Κύριος
2730 4051 2849 4106 όδδν
2893 4049 3128 4113 ἀσεϐῶν,
3168 4049 3287 4121 ἦτοι
3325 4046 3435 4102 τῶν
3475 4045 3793 4117 ἀπολλυμέ-

2193 4165 2328 4203 νωνο
2361 4147 2528 4202 ἀλλάο
2561 4147 2669 4201 Καὶ
2709 4144 2865 4217 ἔγνω
2912 4144 3128 4211 Κύριος
3166 4140 3312 4209 τοὺς
3351 4140 3533 4206 ὄντας
3572 4138 3791 4193 αὑτοῦ.

2206 4241 2353 4305 Ὁδὸς
2393 4241 2453 4296 δὲ
2492 4239 2738 4303 δικαίων,
2771 4239 2802 4292 6
2829 4234 3031 4291 είπώνο
3073 4234 3213 4305 Ἐγώ
3248 4236 3364 4305 είμι
3399 4236 3439 4301 ἡ
3481 4232 3657 4299 ὀδόςο
3686 4231 3792 4285 καὶ

2191 4333 2256 4388 τό
2273 4349 2288 4366 ι
2319 4331 2501 4388 Ἴδετε
2523 4330 2667 4386 ποία
2693 4329 2869 4384 ἐστίν
2889 4329 2930 4397 ἠ
2952 4326 3096 4395 ὁδὸς
3116 4328 3155 4396 ἠ
3180 4325 3395 4398 ἀγαθή.
3426 4325 3549 4380 Ἐπί
3575 4324 3791 4379 τούτων

2201 4424 2554 4496 ἀναφέρεται.

2625 4535 2922 4590 ΨΑΛΜΟΣ
2947 4534 3034 4606 'rn
3059 4522 3259 4585 ΔΑΥΪΔ
3290 4531 3364 4583 ιιι.

2637 4625 2962 4697 Ἐξήγησις
3002 4620 3249 4694 ψαλμοῦ
3272 4622 3353 4687 β’.

2270 4747 2398 4801 Ἵνα
2439 4745 2498 4799 τί
2541 4743 2852 4814 ἐφρύαξαν
2887 4740 3054 4809 ἔθνη,
3102 4738 3203 4793 καί
3235 4737 3373 4793 λαοὶ
3408 4734 3794 4808 ἐμελέτησαν

2199 4836 2395 4903 uerti;
2458 4835 2804 4910 Προφητείαν
2871 4831 3112 4907 ἐντίθησι
3176 4829 3411 4904 Χριστοῦ
3479 4829 3792 4902 παρουσίας

508 4938 776 4995 adventus
804 4938 1124 4993 enuntiatur
1148 4954 1165 5005 ;
1192 4951 1303 5008 qun
1325 4941 1485 5007 pacto
1511 4935 1723 4992 scilicet
1753 4935 1995 4990 futurum
2024 4933 2086 4988 sil

2197 4929 2705 5003 προσαγορευτικήν
2725 4945 2738 4958 ·
2774 4928 2869 4982 καὶ
2897 4926 2973 4993 ὼς
3003 4925 3110 4980 ὑπὸ
3139 4923 3407 4979 Ἰουδαίων
3438 4923 3539 4994 μὲν
3566 4921 3791 4978 ἐπιϐου-

509 5035 571 5084 ut
616 5026 932 5089 Judzeorum
979 5026 1196 5085 insidiis
1244 5033 1554 5097 appetatur,
1594 5026 1947 5098 gentiumque
1976 5037 2096 5077 om-

490 5122 665 5189 nium
696 5119 1032 5186 dominetur,
1064 5126 1120 5174 et
1149 5124 1421 5189 quotquot
1453 5116 1509 5171 in
1541 5130 1666 5171 eum
1704 5112 1958 5169 ﬁduciam
1993 5111 2093 5166 ha-

510 5212 751 5276 bebunt,
783 5212 906 5282 ejus
939 5226 1108 5283 opera
1142 5209 1331 5266 felices
1359 5208 1621 5265 evadant.
1656 5205 1877 5262 Primus
1909 5206 2095 5277 itaque

506 5305 759 5379 psalmus
794 5319 957 5375 parce
990 5304 1224 5375 loquens
1272 5317 1445 5359 unum
1485 5301 1754 5358 duntaxat
1800 5301 1896 5372 qui
1940 5299 2092 5355 salu-

503 5410 617 5457 tem
673 5405 1010 5454 consecutus
1055 5403 1139 5453 est
1190 5396 1411 5451 beatum
1467 5394 1765 5466 praedicat;
1818 5393 1909 5448 hic
1958 5407 2092 5448 vero

505 5492 759 5564 psalmus
793 5488 863 5545 ad
896 5487 1214 5545 felicitatem
1247 5487 1657 5543 multitudinem
1692 5495 1869 5541 vocat.
1907 5483 2091 5556 Siqui-

502 5583 627 5641 dem
663 5582 912 5643 omnium
944 5596 1056 5637 una
1100 5581 1347 5654 gentium
1388 5580 1734 5637 vocationem
1775 5578 2095 5650 complecti-

504 5687 618 5741 tur,
658 5691 941 5748 regnaque
963 5684 1130 5732 terrae
1154 5674 1350 5730 invitat
1378 5671 1447 5728 ad
1474 5671 1727 5733 salutem.
1765 5668 1892 5726 Huc
1922 5684 2089 5740 porro

505 5772 648 5823 bona
701 5781 801 5838 per
843 5766 1128 5822 Christum
1171 5763 1489 5820 hominibus
1536 5761 1843 5818 obventura
1889 5774 2085 5816 conse-

2194 5021 2540 5093 λευθήσεται,
2589 5021 2859 5092 κρατήσει
2901 5016 2957 5071 δὲ
3007 5015 3114 5071 τῶν
3155 5014 3325 5070 ἐθνῶν
3368 5015 3647 5077 ἁπάντων,
3688 5018 3790 5069 καὶ

2193 5116 2270 5181 ὡς
2294 5115 2361 5170 δι’
2404 5112 2571 5168 αὐτοῦ
2602 5112 2801 5177 πάντες
2852 5111 3112 5183 μακάριοι
3143 5109 3356 5164 ἔσονται
3386 5111 3433 5164 οί
3462 5106 3785 5165 πεποιθότες

2193 5210 2282 5263 ἐπ’
2310 5206 2478 5280 αὐτῷ.
2525 5207 2582 5259 ’0
2615 5205 2713 5277 μὲν
2739 5199 2833 5258 οὖν
2859 5202 3075 5276 πρῶτος
3102 5200 3316 5274 ψαλμὸς
3362 5200 3459 5255 ἕνα
3497 5197 3621 5254 τινὰ
3653 5216 3787 5253 σπα·

2198 5301 2327 5363 νίως
2359 5299 2663 5371 σωζόμενον
2692 5296 3025 5370 ἐμακάριζεν
3044 5313 3058 5326 ο
3080 5296 3109 5349 ὁ
3136 5296 3193 5350 δὲ
3223 5293 3413 5368 παρὼν
3435 5292 3573 5365 ὁμοῦ
3602 5292 3783 5363 πλήθη

2201 5391 2356 5446 καλεῖ
2397 5390 2490 5444 ἐπὶ
2533 5389 2627 5444 τὸν
2678 5387 3027 5459 μακαρισμὸν
3053 5402 3065 5415 ’
3116 5384 3237 5439 ἐπεὶ
3286 5382 3382 5436 καὶ
3436 5380 3630 5451 κλῆσιν
3672 5377 3786 5432 τῶν

2200 5481 2370 5538 ἐθνῶν
2400 5481 2652 5537 ἁπάντων
2690 5479 2956 5554 περιέχει,
2988 5476 3084 5531 καὶ
3112 5474 3209 5538 τὰς
3242 5472 3524 5545 βασιλείας
3550 5471 3650 5543 τῆς
3678 5469 3785 5540 γῆς

2201 5573 2295 5631 ἐπὶ
2337 5572 2437 5645 τὴν
2481 5571 2754 5644 σωτηρίαν
2803 5568 2976 5625 καλεῖ.
3023 5565 3209 5620 Ταῦτα
3246 5565 3302 5618 δὲ
3350 5564 3530 5617 πάντα
3569 5561 3660 5616 διὰ
3685 5559 3783 5614 τοῦ

2200 5664 2436 5740 Χριστοῦ
2457 5662 2953 5739 προξενηθήσεσθαι
2978 5660 3286 5734 ἀνθρώποις
3308 5655 3553 5722 θεσπίζει
3576 5654 3778 5729 σφόδρα

2195 5756 2523 5822 ἀκολούθως.
2572 5753 2721 5811 Ἔδει
2764 5755 2875 5831 γὰρ
2917 5756 3062 5831 ἡμᾶς
3109 5748 3608 5825 προμεμαθηκάτας
3653 5748 3770 5820 περ

579 5880 600 5913 ⁸
640 5880 826 5937 Eccle.
858 5899 955 5944 xu.
984 5885 1066 5941 14.
1142 5886 1164 5917 δ
1201 5880 1246 5936 ιι
1278 5880 1419 5941 Tim.
1456 5897 1527 5947 Il,
1565 5880 1650 5936 l9.
1729 5880 1751 5913 ⁵
1787 5876 1946 5935 Joan.
1979 5894 2071 5933 xw

2271 5878 2293 5909 ⁸
2328 5874 2526 5933 Jerem.
2567 5890 2642 5940 vt,
2684 5861 2779 5930 16.
