3994 6448
155 407 214 464 st
581 479 592 492 ⁸
1287 401 1740 456 COMMENTABI

1857 403 1898 454 Ν
1939 399 2277 456 PSALMOS.
3353 405 3424 458 8‘3
3483 421 3486 424 '

157 525 252 580 τῶν
291 525 388 580 δύο
417 523 572 586 ὁδῶν,
607 523 732 594 ἑξῆς
775 523 870 578 καὶ
911 517 978 576 τὰ
1019 521 1146 594 περὶ
1175 521 1270 576 τοῦ
1315 523 1566 593 Σωτῆρος
1613 539 1740 576 παι-

1851 535 2076 592 quenter
2115 521 2406 578 admodum
2449 519 2804 574 vaticinatur.
2847 517 2954 574 Par
2987 521 3132 576 enim
3169 531 3284 576 erat
3323 501 3426 578 ιιιιέ

155 617 400 686 δευθτῖμιαι
421 633 436 646 ο
473 615 538 668 δι’
561 607 624 668 οὗ
653 615 856 680 πάντες
885 613 1162 686 ἄνθρωποι
1205 615 1302 686 τὴν
1332 615 1428 686 μὲν
1457 613 1566 668 τῶν
1611 615 1736 668 ἀσε-

157 709 260 764 ϐῶν
287 709 408 762 ὁδὸν
438 707 721 778 ἐξέφυγον,
749 707 936 778 ἔτυχον
964 705 1018 760 δὲ
1051 707 1154 778 τῆς
1187 707 1307 761 ὁδοῦ
1341 707 1441 778 τῆς
1465 705 1734 778 σωτηρίου

153 802 236 858 διὰ
261 803 360 872 τῆς
391 801 477 866 είς
503 799 668 854 αὐτὸν
703 801 964 864 πίστεως·
998 799 1026 853 ὅ
1058 799 1122 872 δὴ
1153 799 1480 872 παρίστησιν
1511 799 1736 870 φάσκων

159 921 182 946 .ι
207 893 380 962 λόγος·
401 891 694 960 Μακάριοι
710 889 934 958 πάντες
949 893 1004 946 oi.
1024 893 1374 956 πεποιθότες
1408 893 1496 958 εἰς
1529 893 1732 946 αὐτόν.

1843 615 1912 672 de
1967 615 2186 670 duabus
2247 615 2352 670 viis
2403 613 2558 686 prius
2611 611 2952 678 instructos,
3011 627 3076 666 ea
3134 629 3254 684 qua:
3307 611 3425 668 Sal-

1843 716 2087 764 vatorem
2153 711 2406 778 spectant
2463 703 2719 772 (lcincrps
2772 703 3058 770 ediscere;
3113 719 3211 776 per
3261 719 3422 776 quem

1847 815 2040 856 omnes
2091 783 2342 854 homines
2389 813 2515 852 cum
2563 797 2855 866 impiorum
2899 797 3040 852 viam
3087 797 3422 869 effugerunt,

1844 899 1959 946 tum
2001 891 2146 946 viam
2192 893 2484 948 salutarem
2515 905 2612 960 per
2653 887 2812 944 [idem
2861 887 2918 942 in
2961 889 3140 960 ipsum
3187 889 3424 962 ingressi

157 993 314 1050 sunt;
365 983 514 1054 quod
557 983 706 1038 hisee
747 983 928 1038 verbis
973 983 1326 1040 declaratur:
1363 983 1512 1036 Beati
1543 999 1724 1036 omnes
1759 987 1848 1053 qui
1889 983 2166 1054 conﬁdunt
2207 985 2264 1038 in
2301 1001 2380 1038 eo.

221 1101 628 1170 ηαρέστησαν
665 1101 720 1152 οὶ
757 1099 1042 1168 ,Βασιλεῖς
1073 1099 1184 1168 τῆς
1225 1097 1358 1170 τῆς,
1401 1099 1498 1154 κιιὶ
1551 1103 1608 1154 ol
1637 1099 1740 1170 ι’ίρ-

163 1209 364 1264 χοντες
393 1189 802 1262 συνήχθησαν
845 1191 946 1244 ἐπὶ
991 1191 1058 1246 τό
1088 1193 1236 1246 αὐτὸ
1279 1193 1428 1248 κατὰ
1473 1193 1580 1246 τοῦ
1623 1196 1740 1247 Κυ-

153 1289 282 1356 ρίου
323 1283 428 1338 καὶ
461 1283 612 1338 κατὰ
645 1283 748 1338 τοῦ
777 1284 1036 1352 Χριστοῦ
1067 1283 1274 1338 αὑτοῦ.
1309 1285 1498 1356 Σωτὴρ
1531 1283 1742 1358 ἀνθρώ-

163 1395 274 1442 ποις
303 1377 702 1448 ὲπιδεδήμηκεν
735 1378 764 1430 ό
803 1377 1038 1448 Χριστὸς
1081 1375 1176 1430 τοῦ
1201 1375 1370 1430 Θεοῦο
1409 1377 1602 1448 Σωτὴρ
1643 1379 1738 1432 καὶ

165 1471 338 1541 ’ρωστὴ
347 1487 378 1542 ρ
409 1468 520 1522 τῶν
549 1467 720 1522 ἐθνῶν
747 1469 1026 1532 ἁπάντων,
1071 1469 1390 1534 διδάσκαλος
1437 1469 1740 1536 εὐσεϐείας,

163 1559 510 1634 σωφροσύνης
529 1559 882 1632 καθηγεμὼν,
906 1559 1250 1632 δικαιοσύνης
1265 1561 1524 1634 ἀρχηγὸς,
1543 1563 1742 1634 ἀρετῆς

163 1651 370 1720 ἁπάσης
401 1651 498 1704 καὶ
543 1651 876 1719 θεογνωσίας
909 1649 1146 1722 ἀληθοῦς
1185 1649 1378 1716 αἴτιος.
1431 1653 1494 1704 Τί
1527 1653 1584 1706 δὲ
1619 1649 1738 1718 οὖν,

163 1743 306 1814 φησι,
339 1743 674 1812 ταράττεται
697 1739 764 1794 τὰ
793 1739 922 1812 ἔθνη
953 1741 1046 1796 ἐπὶ
1077 1743 1144 1814 τῇ
1169 1739 1274 1796 τῶν
1295 1741 1564 1796 τοσούτων
1599 1743 1740 1812 ἀγα-

167 1835 264 1888 θῶν
317 1833 628 1906 παρουσίας
675 1835 738 1888 Εἰ
783 1833 840 1888 δὲ
889 1833 982 1888 καὶ
1029 1833 1320 1906 πληρωτὴς
1375 1833 1600 1906 ἐλήλυθε
1647 1837 1744 1890 τοῦ

165 1925 424 1990 Μωῦσέως
461 1925 650 1998 νόμου,
687 1925 880 1996 ὥσπερ
917 1915 1012 1980 οὖν
1057 1925 1220 1990 αὐτὸς
1261 1925 1502 1980 διδάσκει
1535 1926 1738 1996 λέγων·

171 2021 278 2074 Οὐκ
311 2013 506 2088 ἦλθον
549 2015 888 2071 καταλῦσαι
921 2017 1024 2070 τὸν
1059 2019 1270 2086 νόμον,
1308 2015 1468 2072 ἀλλὰ
1505 2019 1744 2086 πληρῶ-

165 2129 276 2176 σαι,
323 2113 418 2164 καὶ
459 2111 534 2164 τὰ
567 2109 674 2164 τῶν
707 2109 1000 2182 προφητῶν
1043 2109 1198 2180 λόγια
1233 2111 1300 2164 δι’
1345 2111 1512 2166 αὑτοῦ
1557 2111 1744 2176 τέλους

169 2203 446 2274 ἐτύγχανε·
483 2203 540 2254 τί
579 2201 636 2254 δὲ
667 2203 716 2254 οἱ
755 2201 926 2256 ταῦτα
967 2201 1320 2274 μελετῶντες,
1357 2207 1450 2260 καὶ
1493 2205 1582 2260 διὰ
1635 2209 1744 2262 στό-

171 2311 322 2366 ματος
361 2293 508 2348 αὑτὰ
561 2293 752 2366 φέρειν
795 2293 1204 2360 σπουδάζοντες,
1245 2297 1294 2350 οἱ
1341 2297 1434 2352 τοῦ
1475 2299 1744 2354 Ἰουδαίων

165 2387 334 2448 ἔθνους
363 2387 488 2440 λαοὶ
513 2385 752 2456 ματαίαν
774 2385 1096 2458 ἐποιήσαντο
1127 2387 1256 2458 περὶ
1279 2387 1446 2442 αὑτοῦ
1473 2387 1738 2460 μελέτην;

179 2479 326 2532 Ἀλλὰ
363 2477 456 2530 καὶ
493 2479 544 2530 οἱ
585 2477 706 2530 καθ’
743 2477 874 2546 ὅλης
909 2477 1012 2548 τῆς
1053 2479 1378 2550 οἰκουμένης
1423 2481 1530 2534 τῶν
1571 2481 1742 2534 ὲθνῶν

169 2571 424 2642 ἄρχοντες,
457 2570 518 2622 οἵ
541 2587 598 2622 τε
627 2571 766 2624 κατὰ
797 2571 1022 2642 χρόνους
1049 2571 1290 2642 βασιλεῖς
1321 2573 1422 2642 τῆς
1447 2573 1572 2644 γῆς,
1597 2575 1650 2628 τί
1675 2573 1740 2648 δὴ

171 2661 412 2726 παθόντες
433 2661 632 2726 δεινὸν,
667 2663 698 2733 ἦ
737 2663 790 2716 τί
831 2663 1008 2734 λέγειν
1043 2663 1256 2734 ἔχοντες
1285 2663 1536 2736 διαϐολῆς
1569 2665 1740 2732 ἄξιον,

167 2753 286 2824 ὁμοῦ
325 2755 416 2806 καὶ
465 2755 614 2808 κατὰ
659 2754 720 2806 τὸ
753 2755 886 2808 αὐτὸ
919 2755 1092 2828 κακὴν
1133 2755 1336 2828 ταύτην
1387 2757 1742 2822 συνετάξαντο

173 2845 504 2916 συμφωνίαν,
537 2845 614 2908 ὡς
663 2847 792 2916 μίαν
843 2847 1134 2918 ἐπιϐουλὴν
1179 2849 1412 2920 ἀρτῦσαι
1467 2851 1560 2904 καὶ
1611 2851 1742 2922 μίαν

169 2939 320 3008 ἀσεϐῆ
353 2939 588 3010 γνώμην
629 2939 1020 3010 βουλεύσασθαι
1051 2939 1196 2994 κατὰ
1227 2939 1322 2994 τοῦ
1351 2939 1458 2992 τῶν
1487 2940 1622 2994 ὅλων
1653 2941 1742 2994 δε-

173 3029 346 3082 σπότου
377 3045 438 3082 τε
471 3031 568 3082 καὶ
599 3029 862 3100 βασιλέως
895 3029 1052 3102 Θεοῦ,
1079 3033 1170 3084 καὶ
1205 3031 1348 3084 κατὰ
1381 3029 1474 3084 τοῦ
1505 3029 1742 3104 Χριστοῦ

171 3121 344 3184 αύτοῦ;
377 3123 442 3176 Oi
487 3121 616 3190 γοῦν
659 3123 750 3175 τὸν
777 3122 882 3174 ὑπὸ
915 3123 1010 3176 τοῦ
1047 3123 1266 3178 πάντων
1297 3123 1500 3194 Κυρῗου
1547 3141 1606 3176 τε
1649 3123 1743 3176 καὶ

169 3215 284 3268 θεοῦ
313 3215 732 3286 ἀπεσταλμένον
759 3215 1068 3287 ἀνθρώποις
1095 3217 1322 3288 Σωτῆρα
1359 3215 1740 3286 πολεμοῦντες,

168 3305 472 3370 ὶλαύνοντές
495 3323 554 3360 τε
581 3305 742 3360 αὐτοῦ
765 3307 866 3378 τὴν
891 3305 1240 3362 διδασκαλίαν
1263 3307 1356 3362 καὶ
1385 3307 1482 3378 τὴν
1517 3307 1744 3378 Ἐκκλη-

169 3405 272 3452 σίαν
313 3398 486 3452 αὑτοῦ
513 3401 652 3452 κατὰ
683 3399 908 3469 χρόνους
937 3399 1226 3464 διώκοντες
1253 3399 1494 3470 βασιλεῖς
1523 3401 1618 3452 καὶ
1647 3401 1744 3472 ἄρ-

169 3507 334 3560 χοντες
357 3491 468 3562 τῆς
503 3493 606 3562 γῆς
645 3491 932 3564 λελήθασιν
964 3493 1026 3546 ού
1064 3493 1224 3564 μόνον
1253 3495 1334 3557 εἰς
1365 3493 1456 3546 τὸν
1485 3491 1740 3564 Χριστὸν,

173 3583 290 3638 ἀλλὰ
315 3587 408 3638 καὶ
467 3587 548 3650 είς
589 3587 682 3640 τὸν
709 3585 1090 3642 ἀπεσταλκότα
1115 3585 1278 3640 αὑτὸν
1311 3585 1640 3650 ἐκτείνοντες
1675 3583 1744 3638 τὰ

175 3677 250 3748 τῆς
275 3676 554 3740 ἀσεϐείας.
583 3677 818 3748 Χριστὸν
855 3677 950 3748 μὲν
979 3673 1074 3732 οὖν
1099 3679 1360 3750 ὀνομαστὶ
1391 3677 1498 3734 ὑπὸ
1531 3675 1742 3750 ἀνθρώ-

177 3785 274 3822 ⁴ιιων
307 3771 792 3842 ἐπιϐουλευόμενον
835 3769 1022 3840 σαφῶς
1053 3773 1110 3824 ὲν
1153 3771 1362 3836 τούτοις
1389 3773 1416 3824 ὁ
1453 3771 1610 3840 λόγος
1653 3769 1744 3824 θε-
1776 3767 1818 3786 “⁴

179 3861 356 3924 σιτίζει.
395 3861 612 3934 Προϊὼν
639 3861 696 3916 δὲ
725 3863 820 3916 καὶ
857 3863 982 3916 Υἱὸν
1007 3863 1098 3916 τοῦ
1129 3863 1264 3916 θεοῦ
1287 3863 1576 3934 ὀνομάζει·
1609 3863 1746 3916 ἀλλὰ

177 3953 254 4004 καὶ
283 3953 482 4024 κλῆρον
507 3953 654 4025 αὑτῷ
677 3955 826 4025 παρὰ
859 3955 952 4008 τοῦ
983 3955 1195 4027 Πατρδς
1221 3953 1540 4024 δοθήσεσθαι
1573 3957 1746 4010 πάντα

175 4045 232 4098 τὲ
267 4045 388 4116 ἔθνη
423 4047 524 4100 καὶ
563 4045 630 4098 τὰ
665 4047 878 4118 πέρατα
903 4047 1006 4116 τῆς
1039 4047 1144 4116 γῆς
1185 4045 1462 4100 διδάσκει·
1497 4047 1532 4100 δι
1559 4047 1622 4116 δὴ
1653 4047 1746 4100 ἐπὶ

181 4137 306 4206 μόνῳ
349 4137 426 4208 τῷ
457 4139 714 4210 ἡμετέρῳ
749 4139 960 4210 Σωτῆρι
1001 4139 1406 4210 πεπληρωμένα
1451 4137 1743 4192 δείκνυται.

189 4227 320 4282 Ἐπεὶ
363 4229 418 4284 δὲ
451 4231 712 4298 γεγόνασι
761 4229 912 4301 παρὰ
949 4229 1224 4293 Ἰουδαίοις
1263 4231 1356 4284 καὶ
1389 4231 1566 4302 ἕτεροι
1607 4231 1744 4300 Χρι·

181 4321 298 4382 στοὶ,
329 4323 498 4392 ἱερεῖς
523 4321 720 4394 δηλαδὴ
749 4323 844 4375 καὶ
877 4321 1118 4391 βασιλεῖς
1155 4319 1250 4374 τοῦ
1281 4321 1492 4384 ἔθνους,
1539 4321 1748 4390 σκοπή-

181 4425 278 4474 σεις
315 4413 404 4466 ἐπὶ
443 4415 592 4478 τίνος
630 4414 834 4468 τούτων
869 4415 936 4466 τὰ
967 4413 1334 4484 θεσπιζόμενα
1363 4411 1708 4484 συμϐέϐηκεν
1729 4429 1742 4442 ο

181 4501 316 4566 εἴτις
355 4505 450 4558 καὶ
475 4503 633 4567 ἄλλος
675 4503 1104 4568 ἐπιϐουλεύεται,
1141 4505 1194 4558 εί
1219 4521 1301 4567 τις
1331 4503 1458 4566 Υίὺς
1489 4501 1624 4556 Θεοῦ
1651 4503 1746 4556 κέ-

183 4591 372 4664 κληται,
403 4597 458 4649 εἴ
499 4613 586 4660 τις
633 4595 742 4650 τῶν
772 4595 942 4650 ἐθνῶν
983 4597 1240 4650 ἁπάντων
1279 4597 1622 4668 κεκράτηκεν
1649 4612 1662 4626 ’
1699 4595 1752 4648 εί

183 4699 252 4746 τις
299 4687 414 4740 καθ’
473 4687 604 4758 ὅλης
657 4689 892 4760 Χριστὸς
945 4687 1194 4760 ἐγνώσθη
1245 4687 1348 4760 τῆς
1401 4689 1744 4760 οἰκουμένης.

193 4775 310 4830 Ἀλλ’
349 4781 450 4832 ούκ
503 4779 574 4834 ἂν
613 4779 726 4850 ἔχοι
763 4799 848 4845 τις
883 4783 1058 4836 εἰπεῖν
1083 4799 1098 4812 ο
1151 4781 1310 4851 μόνος
1345 4781 1454 4854 γὰρ
1487 4783 1516 4836 ὁ
1557 4779 1748 4852 Σωτὴρ

185 4867 320 4938 ἡμῶν
363 4873 570 4944 Ἰησοῦς
603 4875 840 4946 Χριστὸς
871 4875 970 4944 τῆς
1009 4875 1216 4938 οἰκείας
1245 4873 1618 4946 προσηγορίας
1657 4873 1748 4924 τὸν

185 4957 452 5030 σύμπαντα
497 4965 810 5039 κατέπλησε
853 4967 1076 5038 κόσμον,
1115 4965 1456 5040 Χριστιανῶν
1487 4965 1546 5032 ἐξ
1581 4963 1748 5018 αὐτοῦ

1921 1101 2084 1158 Vens.
2125 1101 2176 1156 2.
2217 1103 2510 1158 Astilerunt
2535 1119 2676 1172 reges
2707 1113 2896 1166 terrm,
2927 1111 2974 1156 et
3007 1101 3272 1173 principes
3299 1119 3428 1158 cou-

1845 1205 2098 1250 renerunt
2135 1195 2192 1250 in
2235 1211 2396 1250 unum
2421 1235 2436 1258 ,
2475 1193 2732 1250 adversus
2769 1193 3052 1250 Dominum
3086 1204 3134 1248 et
3173 1195 3422 1250 adversus

1845 1285 2116 1340 Christum
2137 1285 2272 1355 ejus.
2301 1285 2554 1340 Salvator
2591 1285 2904 1340 hominibus
2934 1285 3154 1340 advenit
3173 1285 3426 1342 Christus

1845 1377 1982 1444 Dei;
2017 1377 2290 1442 Salvator,
2323 1377 2566 1448 inquam,
2591 1383 2646 1430 et
2691 1377 2964 1432 luminare
3009 1377 3264 1448 gentibus
3303 1379 3428 1432 uni-

1845 1469 2018 1526 versis
2039 1509 2054 1534 ,
2085 1469 2280 1526 doctor
2303 1467 2522 1540 pietatis
2541 1509 2556 1534 ,
2591 1475 2784 1522 auctor
2817 1469 3222 1538 temperantiae,
3257 1468 3424 1538 justi-

1847 1563 1934 1616 tite
1971 1561 2204 1618 antistes
2227 1601 2240 1625 ,
2271 1561 2518 1616 omnium
2547 1559 2816 1616 virtutum
2853 1575 2918 1614 ac
2949 1559 3150 1614 divina
3179 1575 3428 1630 veraeque

1844 1651 2178 1722 cognitionis
2207 1665 2398 1706 causa.
2439 1649 2552 1706 Cur
2581 1665 2748 1722 ergo,
2795 1651 3006 1720 inquit,
3049 1665 3148 1720 pro
3189 1661 3268 1706 tot
3307 1661 3428 1704 tan-

1847 1751 2138 1814 torumque
2171 1743 2444 1798 bonorum
2475 1741 2716 1798 adventu
2751 1751 2944 1814 gentes
2979 1743 3430 1798 tumultuantur?

1849 1835 1906 1890 Si
1939 1833 1986 1890 is
2023 1833 2246 1890 advenit
2280 1835 2376 1904 qui
2411 1831 2618 1904 Moysis
2651 1833 2822 1904 legem
2859 1835 3048 1904 implet
3082 1849 3146 1888 ac
3179 1835 3388 1902 perlicit
3409 1875 3425 1899 ,

1847 1935 1908 1984 ut
1947 1929 2064 1998 ipse
2101 1927 2342 1982 declarat
2387 1927 2472 1982 his
2513 1927 2696 1982 verbis
2734 1943 2748 1982 :
2781 1925 2906 1980 Non
2949 1927 3064 1982 verti
3109 1925 3308 1981 solvere
3341 1927 3422 1980 le-

1845 2035 1996 2092 gem,
2031 2017 2122 2074 sed
2153 2015 2442 2086 adimplere
2473 2019 2518 2084 7',
2563 2019 2610 2074 si
2659 2033 2754 2088 per
2803 2017 2982 2088 ipsum
3023 2016 3248 2072 oracula
3301 2033 3429 2088 pro-

1849 2113 2136 2182 phetarum
2173 2111 2334 2166 tinem
2369 2119 2526 2166 nacta
2561 2117 2692 2166 sunt
2723 2129 2738 2170 ;
2769 2109 2902 2180 quid
2933 2125 3118 2165 causa:
3145 2119 3230 2164 est
3259 2125 3362 2166 cur
3389 2109 3424 2164 ii

1845 2204 1940 2274 qui
1975 2203 2092 2260 haec
2123 2203 2486 2266 meditantur.
2519 2203 2636 2260 haec
2671 2205 2728 2258 in
2769 2217 2866 2258 ore
2913 2203 3056 2260 ferre
3089 2209 3426 2274 procurant,

1845 2295 2062 2352 Judaici
2093 2295 2348 2352 videlicet
2379 2297 2606 2368 populi,
2632 2311 2830 2350 vanam
2863 2297 3132 2352 adversus
3159 2313 3285 2352 eum
3316 2313 3430 2352 me-

1849 2389 2168 2445 ditationem
2199 2397 2254 2446 et
2279 2405 2468 2446 curam
2499 2389 2894 2460 susceperint?
2925 2387 3040 2446 lino
3067 2404 3200 2446 vero
3231 2391 3432 2462 princi-

1851 2498 1946 2552 pes
1975 2481 2216 2552 gentium
2249 2497 2346 2552 per
2379 2483 2702 2538 universum
2737 2483 2926 2538 orbem
2951 2523 2966 2546 ,
2995 2491 3052 2538 et
3083 2497 3238 2554 reges
3271 2490 3430 2536 terra:

1849 2575 1944 2644 qui
1977 2573 2146 2630 variis
2179 2575 2520 2646 temporibus
2549 2573 2892 2630 dominatum
2933 2575 3224 2630 obtinuere
3245 2613 3260 2638 ,
3295 2575 3426 2646 quid

1849 2681 2014 2738 grave
2055 2667 2336 2738 perpessi,
2377 2681 2612 2738 quamve
2653 2668 3028 2724 calumniandi
3071 2675 3124 2724 et
3166 2669 3430 2738 querendi

1849 2773 2070 2814 causam
2117 2757 2420 2824 habentes,
2465 2773 2574 2814 una
2623 2775 2818 2816 omnes
2859 2761 2914 2816 in
2953 2761 3092 2816 hanc
3125 2759 3432 2831 improbam

1849 2851 2200 2906 concordiam
2235 2851 2454 2906 adducti
2487 2859 2636 2916 sunt,
2669 2861 2726 2908 ut
2777 2851 3008 2908 insidias
3045 2853 3208 2908 simul
3251 2861 3434 2910 strue-

1851 2950 2004 3006 rent,
2039 2943 2382 3012 impiumque
2413 2941 2710 2996 consiliqu
2759 2941 2962 2996 inirent
3005 2941 3268 2997 adversus
3307 2941 3432 2998 uni-

1849 3051 2068 3090 versum
2121 3033 2406 3088 dominum
2457 3047 2520 3086 ac
2567 3047 2748 3104 regem
2803 3031 3010 3099 Deum,
3063 3041 3118 3088 et
3167 3031 3435 3088 adversus

1849 3125 2130 3182 Christum
2161 3125 2282 3196 ejus
2303 3123 2378 3180 ?|i
2411 3139 2540 3196 ergo
2569 3125 2664 3194 qui
2699 3123 2962 3180 adversus
2981 3123 3342 3190 Salvatorem,
3363 3127 3434 3180 ah

1850 3219 2094 3274 omnium
2128 3215 2360 3272 Domino
2399 3231 2464 3272 ac
2504 3215 2616 3272 Deo
2647 3215 2960 3272 hominibus
2989 3217 3218 3272 missum
3241 3257 3256 3280 ,
3291 3217 3434 3271 bella

1851 3319 2174 3382 gesserunt,
2221 3309 2428 3380 quique
2473 3309 2780 3364 doctrinam
2827 3307 2948 3378 eius
2985 3307 3232 3362 insectati
3263 3313 3432 3366 sunt.

1853 3403 2266 3472 Ecclesiamque
2297 3399 2536 3458 diversis
2577 3399 2918 3470 temporibus
2945 3410 3244 3464 vexarunt,
3277 3413 3436 3469 reges

1851 3495 2114 3550 nimirum
2155 3505 2218 3546 ac
2259 3491 2536 3562 principes
2577 3499 2768 3554 terrae,
2805 3491 3194 3560 iguoraverunl
3225 3505 3286 3544 se
3317 3505 3428 3544 non

1851 3585 2012 3640 modo
2043 3591 2236 3640 contra
2265 3581 2546 3638 Christum
2565 3621 2580 3644 ,
2617 3579 2714 3636 sed
2743 3579 2908 3634 etiam
2938 3577 3206 3634 adversus
3235 3593 3364 3634 eum
3401 3591 3432 3630 a

1851 3677 1960 3748 quo
2005 3675 2210 3732 missus
2241 3673 2496 3730 Christus
2547 3681 2668 3732 est.
2729 3671 3062 3742 impietatem
3111 3669 3430 3724 extendisse

1849 3783 2024 3826 suam.
2053 3767 2328 3824 Christum
2359 3767 2526 3838 igitur
2553 3763 2872 3820 nominatim
2899 3763 3112 3818 insidiis
3147 3761 3432 3816 hominum

1847 3861 2150 3932 appetitum
2175 3899 2190 3922 ,
2225 3865 2412 3928 aperte
2449 3859 2552 3912 hoc
2587 3857 2642 3912 in
2677 3855 2938 3910 vaticinio
2977 3869 3298 3924 expressum
3339 3853 3434 3906 ha-

1847 3953 2042 4008 bemus
2067 3971 2080 4018 ;
2105 3953 2158 4006 in
2187 3951 2540 4022 sequentibus
2565 3961 2746 4004 autem
2767 3947 2938 4002 Filius
2953 3945 3046 4002 Dei
3079 3949 3392 4002 nominatur
3417 3965 3430 4010 ;

1851 4045 1945 4100 sed
1991 4043 2154 4100 etiam
2195 4045 2458 4098 docemur
2501 4049 2692 4112 gentes
2735 4055 2930 4094 omnes
2975 4037 3222 4108 finesque
3269 4047 3432 4093 terra:

1851 4137 1906 4190 in
1939 4135 2310 4190 haereditatem
2345 4133 2448 4204 ipsi
2481 4149 2512 4186 a
2539 4131 2704 4186 Patre
2727 4131 3017 4186 donandos
3045 4149 3058 4184 :
3091 4145 3214 4200 quae
3245 4133 3432 4186 omnia

1849 4227 1908 4280 in
1945 4239 2054 4280 uno
2089 4223 2374 4278 Salvatore
2406 4231 2596 4276 nostro
2627 4221 2898 4290 completa
2929 4235 3054 4276 esse
3085 4221 3432 4276 demonsn'a-

1851 4327 1962 4374 tur.
2019 4316 2156 4384 Quia
2201 4331 2334 4372 vero
2379 4313 2526 4386 apud
2569 4313 2788 4368 Judu-os
2833 4313 2924 4366 alii
2975 4311 3181 4367 Christi
3241 4311 3428 4376 fuere,

1853 4407 2170 4466 sacerdotes
2197 4407 2448 4462 videlicet
2473 4413 2528 4460 et
2555 4419 2712 4476 reges
2739 4403 2922 4476 gentis
2951 4403 3130 4470 illius;
3161 4403 3432 4474 perpende

1853 4501 2020 4565 mihi,
2045 4515 2254 4570 quaiso,
2277 4499 2364 4552 cui
2395 4511 2610 4562 eorum,
2643 4497 2842 4568 qumjn
2871 4495 3132 4550 vaticinio
3157 4495 3430 4560 feruntur,

1851 4592 2170 4664 contigere:
2205 4605 2336 4644 num
2371 4589 2496 4660 quis
2539 4589 2680 4642 alius
2732 4587 2952 4644 insidiis
2999 4587 3276 4658 appetitus
3317 4587 3428 4648 sit;

1853 4701 1982 4740 num
2020 4685 2144 4754 quis
2177 4683 2348 4738 Filius
2383 4679 2472 4736 Dei
2505 4681 2790 4746 audierit;
2841 4695 2972 4734 num
3015 4681 3142 4750 quis
3177 4679 3430 4748 gentibus

1853 4775 2128 4832 universis
2159 4771 2484 4842 imperarit;
2521 4785 2652 4826 num
2687 4773 2812 4840 quis
2845 4785 2942 4840 per
2985 4769 3302 4824 universum
3341 4785 3434 4824 or-

1853 4869 1972 4924 bem
2005 4877 2064 4922 ut
2095 4865 2350 4921 Christus
2383 4863 2604 4918 habitus
2639 4861 2824 4918 fuerit.
2875 4861 2982 4916 Sed
3021 4861 3294 4916 neminem
3325 4861 3432 4914 hu-

1851 4959 2096 5030 jusmodi
2139 4957 2414 5030 quispiam
2471 4955 2718 5028 proferre
2761 4955 2982 5021 valeat;
3015 4953 3168 5008 solus
3197 4967 3432 5022 namque.

187 5053 346 5108 πᾶσαν
389 5059 490 5130 τὴν
537 5059 864 5132 οίκουμένην
917 5059 1230 5132 πληρώσας,
1295 5061 1394 5116 καὶ
1449 5061 1542 5114 ἐπὶ
1597 5057 1743 5130 μόνῳ

1855 5051 2104 5108 Salvator
2121 5056 2306 5104 noster
2319 5043 2482 5102 Jesus
2497 5045 2750 5102 Christus
2771 5083 2788 5108 ,
2821 5045 2924 5099 hoc
2967 5059 3070 5100 suo
3101 5043 3320 5098 nomine
3349 5051 3430 5096 to-

189 5141 316 5216 αὐτῷ
337 5149 562 5216 ἕκαστος
585 5151 696 5204 τῶν
721 5151 1028 5224 εἰρημένων
1059 5152 1246 5216 τέλους
1277 5153 1484 5226 ἔτυχεν.

1857 5153 1972 5200 tum
2003 5139 2322 5212 adimplevit
2355 5139 2564 5206 orbem,
2597 5137 2726 5192 dum
2741 5133 3076 5192 Christianis
3091 5147 3194 5190 suo
3209 5133 3430 5188 iiumine

187 5237 462 5300 ticvocatis
477 5245 788 5302 universam
821 5253 1022 5300 terram
1061 5249 1286 5318 replevit
1315 5267 1328 5302 :
1353 5255 1516 5316 atque
1545 5247 1602 5301 in
1631 5245 1736 5300 hoc
1765 5241 1884 5300 solo
1911 5251 2034 5310 quae
2059 5235 2204 5292 dicta
2227 5239 2358 5290 sunt
2371 5231 2556 5288 omnia
2583 5229 2654 5286 ad
2687 5229 2982 5286 terminum
3009 5227 3246 5284 deducta
3277 5237 3424 5282 sunt-

779 5363 1118 5434 Διάφαλμα.

247 5465 312 5520 Τὸ
333 5469 604 5546 διαψαλμα
621 5473 776 5546 παρὰ
799 5477 912 5540 τοῖς
940 5475 1342 5550 Ἐϐδομήκοντα
1384 5479 1584 5540 κεῖται,
1615 5477 1742 5530 οὐκ-

189 5553 258 5612 ἑτι
285 5559 336 5614 δὲ
385 5567 531 5638 παρὰ
595 5565 910 5620 Θεοδοτίωνι
953 5569 1050 5622 καὶ
1095 5567 1396 5640 Συμμάχῳ.
1445 5567 1636 5622 Καίτοι
1677 5585 1740 5638 γε

193 5643 386 5704 εἰώθασι
437 5655 692 5720 πολλάκις
734 5655 972 5728 χρῆσθαι
1015 5659 1082 5729 τῇ
1127 5653 1270 5723 λέξει
1315 5657 1492 5732 ταύτῃ
1537 5657 1742 5729 ὁμοίως

193 5737 284 5800 "II:
319 5741 730 5820 Ἐϐδομήκοντα.
767 5747 858 5804 Διδ
909 5747 1074 5814 εἰκὸς,
1101 5753 1150 5804 εἰ
1195 5751 1290 5804 καὶ
1337 5749 1398 5804 τὸ
1449 5749 1740 5824 πρόσωπον

255 5895 272 5928 '
311 5897 480 5960 Hatth.
519 5923 568 5972 ι’,
615 5905 698 5962 l7.

2469 5341 2818 5412 Βὶαρεοιηια..

1917 5459 1978 5516 In
2033 5457 2392 5531 Septuaginta
2437 5455 2836 5528 lnterpretibus
2883 5453 3040 5510 adest
3087 5453 3424 5523 diapsalma,

1848 5553 1942 5610 sed
1963 5567 2076 5608 non
2095 5551 2238 5623 apud
2261 5549 2691 5606 Theodotionem
2707 5555 2764 5604 et
2781 5545 3194 5620 Symmachum,
3209 5543 3426 5600 etiamsi

1849 5647 1954 5720 ipsi
1987 5647 2312 5718 plerumque
2343 5643 2446 5698 hac
2479 5657 2614 5698 voce
2653 5641 2980 5700 uti.soleant
3009 5637 3234 5710 perinde
3261 5645 3426 5708 atque

1852 5741 2212 5814 Septuaginta
2245 5735 2592 5810 Interpretcs.
2625 5735 2996 5806 Quapropter,
3029 5732 3132 5790 etsi
3177 5731 3266 5788 hic
3301 5747 3424 5804 per-
