3994 6448
468 376 538 426 σε

1179 357 1445 418 EUSEBII
1474 361 1950 422 CALSARIENSIS
1985 368 2130 421 ore.
2170 366 2347 417 rans
2388 353 2478 422 Ill.
2519 398 2585 412 -
2621 367 3032 424 EXEGETICA.

469 480 657 523 sonam
683 458 992 522 mutaverit,
1018 473 1117 528 par
1141 463 1241 514 luit
1267 462 1515 515 eumdem
1543 461 1779 515 musices
1809 461 2024 514 modum

2160 459 2530 531 ιεταϐἐὸὶ.ηκε,
2548 463 2638 515 τὸν
2657 475 2911 532 μουσικον
2929 464 3025 532 ρυθ
3034 475 3130 531 μον
3150 458 3493 530 τετηρεῖσθαι
3511 458 3708 528 (Ι),καὶ

465 555 696 615 servari,
745 560 906 622 atque
935 549 1081 613 (ideo
1125 567 1155 604 a
1199 550 1568 605 Theodotione
1608 561 1662 605 et
1711 551 2034 626 Symmacho

2139 553 2226 606 διά
2251 551 2404 605 τοῦτο
2441 556 2514 623 μὴ
2547 551 2986 623 προστεθεικέναι
3013 551 3072 602 τὸ
3103 550 3378 620 διάψαλμα
3402 549 3493 602 τὸν
3525 549 3710 602 Θεοδο-

467 664 576 706 non
608 645 842 716 positum
873 642 1044 698 fuisse
1064 643 1363 712 diapsalma
1397 642 1626 698 videtur.
1659 641 2036 711 Dirumpamus

2160 646 2304 700 :imva.
2348 645 2442 700 καὶ
2491 645 2582 696 τὸν
2632 644 2947 715 Σύμμαχον.
2994 642 3405 711 Διαρῤήξωμεν
3436 641 3576 705 τοὺς
3611 641 3708 693 δε-

465 738 675 792 ινὶηειιία
715 752 918 799 eorum,
965 744 1014 790 et
1043 734 1382 803 projiciamus
1421 751 1451 785 a
1494 733 1639 787 nobis
1672 733 1861 804 jugum
1897 735 2037 803 ipso-

467 846 602 887 rum.
658 827 763 894 Qui
810 827 1016 880 habitat
1063 827 1118 879 in
1165 825 1306 878 caelis
1367 823 1608 878 irridebit
1653 841 1780 887 eos,
1839 835 1888 878 et
1931 825 2039 876 Do-

467 925 642 976 minus
699 918 1044 973 subsannabit
1091 935 1198 973 eos.
1250 917 1448 972 Primis
1486 918 1737 973 versibus
1781 918 1872 987 qui
1917 925 2040 973 ante

465 1011 766 1080 diapsalma
800 1010 892 1064 siti
921 1016 1100 1073 erant,
1131 1016 1386 1079 putamus
1431 1009 1598 1063 hosce
1637 1023 1856 1079 quoque
1889 1007 2040 1078 adje-

467 1109 586 1155 ctos
621 1099 813 1153 fuisse.

543 1190 708 1245 Vsus.
741 1192 794 1245 5.
839 1190 1224 1258 Dirumpamus
1259 1187 1465 1243 vincula
1492 1204 1698 1253 eorum,
1722 1199 1769 1243 et
1789 1188 2042 1258 projicia-

470 1299 586 1336 mus
617 1299 649 1335 a
678 1282 824 1336 nobis
845 1282 1037 1352 jugum
1066 1284 1320 1350 ipsorum.
1352 1279 1556 1336 Gentes
1578 1281 1813 1334 vinculis
1846 1296 2042 1349 pecca-

471 1382 648 1426 torum
689 1387 914 1425 suorum
943 1372 1278 1432 constrictae,
1322 1385 1499 1439 neque
1531 1370 1733 1431 liberie,
1769 1370 1884 1424 suis
1915 1371 2044 1439 ipsa:

472 1462 632 1517 malis
660 1463 1009 1533 colligantur.
1033 1463 1231 1531 Aitqtte
1256 1463 1534 1525 Christus,
1564 1462 1679 1515 sive
1703 1464 1909 1532 angelis
1940 1463 2042 1516 sibi

471 1555 934 1618 ministrantibus,
973 1555 1090 1609 sive
1135 1553 1282 1606 Patri
1311 1561 1365 1608 ct
1395 1552 1617 1622 Spiritui
1673 1564 1884 1612 sancto.
1929 1555 2043 1609 sive

472 1648 636 1702 tertio
666 1647 933 1718 apostolis
981 1650 1099 1701 suis
1133 1654 1187 1701 et
1227 1643 1503 1714 Evangelii
1542 1646 1901 1714 praeconibus.
1951 1661 2045 1699 co—

473 1739 701 1794 hortans
728 1753 824 1794 eos
853 1739 918 1793 ad
943 1738 1203 1792 solvenda
1225 1737 1698 1806 dirumpendaque
1727 1736 2042 1806 hujusmodi

477 1828 734 1882 vincula:
765 1827 1148 1896 Dirttmpamtts
1201 1825 1410 1880 vincula
1462 1842 1665 1880 eorum.
1706 1825 1897 1894 Populi
1948 1842 2045 1880 au-
2076 1811 2120 1866 Β

475 1928 583 1970 tem
637 1919 732 1988 qui
782 1919 883 1973 sub
928 1917 1062 1988 jugo
1113 1919 1247 1989 legis
1294 1921 1652 1991 corporaliter
1689 1919 2041 1983 detinentur;

475 2009 635 2078 cujus
663 2010 1031 2080 despicienda:
1061 2020 1254 2066 auctor
1285 2013 1400 2082 ipse
1429 2020 1536 2075 est,
1578 2018 1765 2080 utpote
1798 2024 1916 2079 quae
1947 2009 2047 2061 ἰη-

475 2104 667 2155 stituta
723 2116 788 2155 ac
826 2111 1097 2171 prtecepta
1141 2119 1248 2157 non
1305 2105 1448 2158 bona
1493 2104 1907 2174 complectatur,
1948 2116 2047 2171 per

474 2195 752 2249 (,hristum
778 2193 999 2248 adducti
1016 2194 1084 2248 ad
1110 2196 1277 2265 legem
1299 2196 1663 2266 spiritualem,
1693 2193 1956 2248 institutis
1981 2208 2046 2247 ac

477 2285 759 2355 praeceptis
808 2285 969 2340 bonis
1004 2286 1349 2352 instructam,
1403 2303 1568 2358 grave
1615 2286 1920 2342 occidentis
1955 2287 2050 2340 lit-

477 2387 605 2432 terae
629 2377 821 2447 jugum
855 2375 1159 2447 deponunt,
1189 2377 1472 2434 Salvatore
1504 2380 1790 2450 praedictos
1820 2378 2044 2432 commi-

476 2469 682 2524 nistros
721 2482 851 2523 suos
879 2469 960 2522 sic
1002 2468 1366 2539 compellante
1392 2488 1405 2524 :
1433 2469 1791 2539 Projiciamus
1833 2487 1866 2522 a
1897 2469 2045 2522 uobis

471 2559 658 2628 jugum
700 2560 955 2628 ipsorum.
987 2559 1121 2613 Illud
1156 2569 1360 2624 autem,
1391 2577 1424 2614 a
1465 2561 1635 2622 nobis,
1667 2561 1745 2614 sic
1788 2561 2047 2630 explicari

479 2658 678 2720 potest.
741 2650 924 2722 Ipsum
972 2653 1164 2722 procul
1215 2667 1245 2706 a
1291 2642 1465 2707 nobis
1497 2653 1849 2721 abjiciamus,
1913 2652 2048 2706 nihil

477 2750 804 2798 cunctantes
834 2759 1010 2813 neque
1033 2744 1167 2798 moti
1195 2745 1589 2815 supplicatione
1616 2759 1805 2797 eorum
1829 2743 1922 2813 qui
1956 2744 2049 2797 illo

481 2835 654 2908 [jugo]
689 2845 1008 2892 onerantur.
1046 2837 1177 2892 Hac'
1200 2853 1418 2908 quoque
1450 2837 1662 2891 ratione
1697 2837 1848 2901 illud,
1882 2853 1915 2888 a
1957 2852 2052 2888 uo-

481 2929 582 2994 bis,
633 2929 934 2999 intelligere
986 2929 1137 2984 licet.
1194 2928 1306 3000 Ego
1342 2929 1458 2999 ipse
1510 2928 1605 2998 qui
1656 2943 1778 2982 cum
1835 2927 2050 2997 pupulis

480 3032 620 3071 vana
663 3016 1054 3074 meditantibus
1086 3035 1275 3076 versor
1320 3035 1386 3074 ac
1422 3021 1586 3072 vitam
1625 3033 1747 3087 ago,
1792 3016 1894 3072 sub
1919 3017 2051 3086 jugo

481 3124 670 3165 eorum
716 3124 859 3178 sum,
905 3119 1095 3183 utpote
1144 3111 1527 3167 circumcisus.
1595 3110 1663 3163 Et
1707 3109 2051 3178 proficiamus

467 3209 940 3278 jugumipsorum,
981 3205 1035 3258 id
1066 3213 1151 3259 est
1198 3220 1230 3259 a
1267 3219 1356 3259 me
1403 3212 1458 3258 et
1503 3203 1571 3258 ab
1614 3203 1680 3258 iis
1711 3203 1803 3273 qui
1839 3217 2053 3256 mecum

484 3305 862 3367 consentiunt,
901 3313 956 3358 et
985 3304 1180 3374 legem,
1221 3319 1343 3373 qua:
1391 3305 1620 3358 salutem
1660 3303 1882 3358 minime
1925 3317 2056 3358 conv

487 3395 615 3461 fert,
649 3397 808 3466 quasi
840 3394 1212 3450 conferentem
1236 3395 1551 3450 observant.
1588 3394 1712 3449 Sive
1736 3396 1839 3449 hoc
1860 3393 2050 3451 modo:

487 3489 614 3556 quia
639 3487 974 3542 arbitramur
1009 3487 1323 3557 impositum
1371 3487 1530 3542 nobis
1581 3502 1722 3542 onus
1750 3486 1882 3540 illud
1912 3501 2056 3551 esse,

481 3581 673 3649 ngum
696 3579 942 3648 ipsorum
976 3577 1350 3648 projiciamus.
1377 3577 1532 3632 Hunc
1555 3578 1698 3634 enim
1722 3577 1975 3632 affectum
2003 3579 2058 3631 in

486 3670 708 3724 Christo
737 3684 858 3723 esse
895 3667 1166 3722 aﬂirmare
1190 3668 1478 3733 audemus,
1511 3669 1582 3723 ob
1611 3669 1784 3738 ipsius
1806 3682 1933 3738 erga
1964 3683 2060 3723 eos

487 3762 580 3831 (μί
609 3762 742 3832 jugo
763 3762 1152 3830 opprimuntur
1176 3760 1499 3815 charitatem
1524 3779 1539 3827 ;
1567 3762 1744 3830 qualis
1767 3761 1931 3816 etiam
1963 3760 2060 3813 ha-

495 3857 654 3909 betur
713 3855 768 3909 in
821 3854 1077 3910 omnibus
1134 3853 1508 3908 misericordia:
1548 3855 1694 3921 viris,
1743 3855 1836 3925 qui
1885 3853 2060 3909 aliena

487 3955 713 4020 peccata
745 3956 805 4001 ut
833 3963 930 4002 sua
963 3953 1242 4016 reputant.

565 4036 734 4092 Vsus.
773 4037 827 4091 4.
869 4035 1093 4090 Ηαιοοᾶε
1124 4034 1438 4089 hominibus
1472 4035 1586 4091 sive
1609 4036 1922 4105 gentilibus,
1948 4036 2061 4090 sive

488 4129 691 4186 Judaais
731 4129 874 4184 dicta
919 4129 1050 4182 sint.
1098 4125 1217 4182 Jam
1259 4141 1388 4181 vero
1436 4127 1590 4191 illud,
1634 4129 1723 4196 qui
1764 4126 1966 4180 habitat
2009 4127 2064 4181 in

489 4222 632 4276 atriis
680 4220 941 4286 irridebit,
987 4235 1112 4273 cum
1179 4220 1283 4272 hoc
1335 4219 1734 4290 copulandum,
1785 4221 2064 4273 astiterunt

491 4332 632 4386 reges
664 4325 838 4378 teme,
872 4328 1009 4382 quos
1046 4311 1294 4366 irridebit
1317 4310 1460 4366 Deus
1490 4313 1582 4381 qui
1623 4312 1829 4365 habitat
1861 4312 1913 4365 in
1947 4327 2063 4366 cte-

492 4395 582 4469 li's,
631 4414 819 4475 utpote
867 4413 1084 4459 terrena
1134 4410 1316 4458 mente
1368 4402 1644 4472 praeditos.
1694 4403 1876 4472 Neque
1917 4404 2064 4456 enim

2082 3170 2124 3225 C

2139 735 2332 804 σμοὺς
2373 734 2590 801 αὐτῶν,
2634 736 2731 788 καὶ
2773 735 3192 803 ἁποῤῥίψωμεν
3237 733 3336 802 ἀφ’
3383 731 3553 801 ἡμῶν
3602 729 3712 785 τὸν

2141 827 2318 896 ζυγὸν
2348 825 2563 880 αὐτῶν.
2617 829 2679 880 '0
2708 825 2998 881 κατοικῶν
3050 826 3120 878 ἐν
3155 823 3428 891 οὐρανοῖς
3463 822 3710 894 ἐκγελάο

2143 934 2312 972 σεται
2351 918 2592 984 αὐτοὺς,
2629 918 2727 971 καὶ
2754 922 2786 972 ὀ
2816 919 3027 986 Κύριος
3052 915 3435 987 ἐκμυκττιριεῖ
3467 917 3709 980 αὐτούς.

2143 1012 2286 1082 Πρὸς
2313 1012 2438 1074 τοὺς
2472 1009 2720 1082 πρώτους
2751 1009 2962 1080 στίχους
2991 1010 3116 1073 τοὺς
3150 1009 3255 1082 πρὸ
3282 1007 3372 1061 τοῦ
3401 1007 3706 1078 διαψάλμα-

2142 1118 2232 1164 τος
2262 1101 2540 1171 ἡγούμεθα
2573 1101 2793 1164 τούτους
2821 1099 3181 1154 ἀποδίδοσθαι.

2213 1192 2626 1262 Διαρῤήξωμεν
2673 1191 2816 1258 τοὺς
2850 1192 3110 1260 δεσμοὺς
3147 1189 3364 1253 αὐτῶν,
3395 1189 3492 1244 καὶ
3526 1189 3720 1258 ἀποβ-

2135 1278 2410 1354 ,όίψωμεν
2431 1285 2531 1353 ἀφ’
2552 1283 2719 1353 ἡμῶν
2745 1284 2852 1336 τὸν
2883 1281 3062 1350 ζυγὸν
3090 1279 3302 1334 αὐτῶν.
3327 1279 3407 1334 Τά
3427 1279 3576 1350 ἔθνη.
3605 1295 3718 1332 σει-

2147 1379 2267 1449 ραῖς
2309 1377 2417 1430 τῶν
2456 1375 2608 1428 ίδίων
2651 1373 2934 1446 ἁμαρτιῶν
2968 1372 3306 1443 σφιγγόμενα
3335 1371 3428 1425 καὶ
3455 1371 3555 1424 ούκ
3586 1371 3717 1424 ὅντα

2145 1469 2426 1540 ἐλεύθερα,
2479 1467 2687 1522 δέδεται
2735 1469 2848 1531 τοῖς
2894 1466 3041 1530 ἰδίοις
3082 1464 3261 1519 αὐτῶν
3309 1466 3529 1527 κακοῖς·
3562 1463 3659 1517 καὶ
3687 1465 3718 1516 ό

2145 1557 2375 1629 Χριστός
2419 1572 2603 1627 φησιν,
2655 1556 2774 1627 ἦτοι
2824 1557 2959 1626 πρὸς
2989 1555 3110 1618 τους
3160 1552 3538 1614 διακονοῦντας
3566 1549 3719 1621 αὐτῷ

2146 1648 2426 1715 ἀγγέλους,
2448 1647 2482 1717 ἦ
2507 1647 2641 1716 πρὸς
2662 1647 2752 1699 τὸν
2779 1647 2996 1718 Πατέρα
3017 1647 3110 1700 καὶ
3131 1646 3192 1698 τὸ
3216 1643 3438 1715 Πνεῦμα
3455 1643 3517 1696 τὸ
3538 1643 3718 1711 ἆγισν,

2147 1741 2180 1811 ἢ
2217 1741 2398 1811 τρίτον
2423 1740 2546 1803 τοὺς
2595 1738 2922 1804 ἀποστόλους
2966 1741 3058 1793 καὶ
3092 1737 3370 1809 ὑπηρέτας
3413 1736 3506 1790 τοῦ
3538 1735 3718 1804 Εὐαγ-

2149 1831 2350 1901 γελίου,
2385 1830 2714 1902 παρακαλῶν
2758 1831 2956 1894 αὐτοὺς
2999 1831 3092 1883 ἐπὶ
3133 1830 3224 1882 τὸν
3251 1828 3594 1898 διασπασμὸν
3622 1827 3720 1880 καὶ

2149 1921 2246 1992 τὴν
2266 1919 2545 1991 διάρρηξιν
2568 1920 2764 1984 αὐτῶν,
2782 1920 2860 1972 τέ’
2875 1917 3284 1988 Διαῤῥήξωμεν
3303 1917 3442 1984 τοὺς
3457 1916 3722 1985 δεσμοὺς

2151 2012 2366 2067 αὐτῶν.
2404 2013 2466 2065 0i
2507 2011 2563 2064 δὲ
2608 2010 2746 2075 λαοὶ,
2795 2010 2901 2063 ὑπὸ
2942 2011 3033 2064 τὸν
3079 2007 3238 2078 ζυγὸν
3270 2009 3596 2080 σωματικῶς
3623 2006 3720 2061 τοῦ

2150 2106 2316 2176 νόμον
2370 2104 2748 2174 τυγχάνοντες,
2803 2099 2865 2158 οὗ
2919 2103 3158 2157 διδάσκει
3211 2103 3590 2172 καταφρονεῖν,
3644 2090 3723 2162 ὡς

2153 2197 2497 2267 περιέχοντος
2527 2193 2870 2266 δικαιώματα
2911 2194 2973 2247 ού
2999 2193 3160 2259 καλὰ,
3190 2195 3283 2246 καὶ
3321 2192 3723 2264 προστάγματα

2151 2290 2210 2343 ού
2243 2289 2400 2355 καλὰ,
2438 2290 2834 2360 προσαγόμενοι
2859 2288 2945 2341 διὰ
2968 2286 3062 2341 τοῦ
3095 2285 3329 2359 Χριστοῦ
3362 2285 3439 2356 τῷ
3477 2301 3723 2356 πνευμαμ

2152 2382 2289 2454 τικῷ
2318 2383 2466 2454 νόμῳ
2507 2383 2680 2453 ἔχοντι
2721 2380 2789 2434 τά
2821 2379 2956 2434 καλά
2985 2377 3325 2448 δικαιώματα
3361 2376 3456 2430 καὶ
3485 2375 3726 2447 προστά-

2153 2491 2336 2546 γματα
2364 2474 2524 2537 καλά,
2554 2473 2896 2528 ἀποτίθενται
2927 2471 3017 2524 τὸν
3053 2470 3220 2542 βαρὺν
3251 2469 3346 2522 τοῦ
3377 2468 3726 2522 ἀποκτείνονε

2153 2585 2243 2632 τος
2272 2567 2594 2639 γράμματος
2621 2567 2802 2634 ζυγὸν,
2834 2564 2927 2618 τοῦ
2970 2563 3221 2635 Σωτῆρος
3253 2562 3549 2632 φάσκοντος
3585 2559 3726 2631 πρὸς

2154 2660 2279 2721 τοὺς
2336 2657 2765 2730 προειρημένους
2812 2655 3106 2726 συνεργοὺς
3146 2653 3227 2716 τὸ,
3286 2651 3727 2724 nam)th

2155 2753 2253 2821 ἀφ’
2300 2749 2470 2820 ἡμῶν
2515 2749 2621 2802 τὸν
2665 2748 2840 2817 ζυγὸν
2885 2745 3104 2802 αὐτῶν.
3155 2744 3228 2796 Τὸ
3275 2743 3350 2807 δέ,
3380 2743 3480 2811 ἀφ’
3530 2739 3724 2810 ἡμῶν,

2156 2844 2373 2898 δύναται
2405 2840 2645 2895 τοιοῦτον
2674 2836 2833 2894 εἶναι·
2889 2839 3005 2908 Ἀφ’
3045 2835 3252 2891 ἑαυτῶν
3285 2835 3598 2905 ποιήσωμεν
3648 2833 3727 2902 μὴ

2159 2935 2570 3004 περιμείναντες
2612 2931 2710 3002 τὴν
2739 2930 2919 3001 δέησιν
2942 2928 3050 2980 τῶν
3092 2925 3458 2998 βαρουμένων.
3491 2923 3726 2980 amo.

2158 3025 2213 3078 δὲ
2243 3023 2324 3086 τὸ,
2355 3025 2454 3091 ἀφ’
2493 3021 2680 3090 ἡμῶν,
2731 3022 2823 3074 καὶ
2862 3019 3002 3072 οὕτω
3052 3017 3323 3072 νοεῖσθαι·
3358 3017 3528 3086 Κάγὼ
3573 3017 3728 3088 παρά

2159 3119 2268 3178 τοῖς
2312 3115 2457 3177 λαοῖς
2498 3115 2610 3177 τοῖς
2656 3109 2916 3184 μελετῶσι
2953 3109 3020 3165 τὰ
3067 3106 3198 3163 κενά
3243 3107 3604 3179 γεγενημένος
3629 3107 3726 3158 καὶ

2158 3208 2592 3280 ἀνατρεφόμενος
2617 3205 2724 3258 ὑπὸ
2751 3203 2843 3257 τὸν
2888 3203 3049 3271 ζυγόν
3081 3204 3196 3273 είμι
3227 3200 3404 3254 αὐτῶν
3451 3215 3725 3269 περιτμη-

2157 3299 2290 3364 θεὶς,
2328 3299 2432 3353 Καὶ
2478 3297 2900 3365 ἀπορῤἰψωμεν
2943 3291 3141 3347 αὐτῶν
3173 3291 3279 3345 τὸν
3319 3289 3514 3358 ζυγὸν,
3565 3303 3727 3341 τουτ-

2157 3393 2302 3446 έστιν
2329 3392 2423 3443 ἀπ’
2461 3388 2595 3459 ἐμοῦ
2627 3387 2722 3441 καὶ
2770 3385 2877 3439 ἀπὸ
2916 3384 3023 3438 τῶν
3070 3379 3608 3451 συγκατατιθεμένων
3636 3394 3728 3449 μοι

2157 3486 2247 3538 τὸν
2279 3482 2352 3554 μὴ
2384 3479 2622 3544 σώζοντα
2654 3479 2816 3549 νόμον
2855 3477 2930 3540 ώς
2975 3474 3212 3538 σώζοντα
3254 3471 3582 3526 ἀσκούντων.
3616 3471 3691 3523 Ἤ
3711 3487 3724 3498 ·

2159 3575 2487 3647 Νομίζοντες
2503 3569 2640 3625 εἶναι
2658 3570 2821 3640 βάρος
2853 3568 3196 3639 ἐπικείμενον
3220 3565 3480 3634 καὶήμίν,
3508 3561 3601 3614 τὸν
3628 3563 3728 3625 ζυ-

2159 3667 2255 3736 γὸν
2285 3665 2464 3720 αὐτῶν
2483 3662 2894 3734 ἀπορρίψωμεν.
2912 3657 3217 3730 Τολμητέον
3235 3657 3343 3727 γὰρ
3362 3655 3538 3723 λέγειν
3556 3651 3731 3706 ταῦτα

2161 3760 2298 3816 εἶναι
2329 3764 2385 3815 ἐν
2413 3760 2489 3830 τῷ
2501 3757 2718 3830 Χριστῷ
2733 3756 2821 3810 διά
2837 3756 2932 3826 τὴν
2949 3754 3084 3824 πρὸς
3103 3753 3229 3814 τοὺς
3245 3751 3410 3822 βαρου
3418 3748 3610 3820 μένους
3624 3748 3730 3801 ὑπὸ

2159 3853 2252 3905 τοῦ
2280 3849 2445 3919 ζυγοῦ
2473 3848 2714 3917 ἀγάην,
2751 3845 2894 3915 άπερ
2917 3843 3034 3895 ἐστὶ⁹
3065 3841 3159 3895 καὶ
3196 3841 3253 3892 ἐν
3280 3841 3413 3892 πᾶσι
3441 3839 3564 3904 τοῖς
3592 3841 3734 3892 εὐσ-

2163 3943 2514 4013 πλιὶγχνοις,
2527 3939 2595 3993 τὰ
2615 3937 2722 3991 τῶν
2738 3936 2912 3990 ἄλλων
2926 3933 3299 4005 ἁμαρτήματα
3315 3931 3420 3984 ίδια
3436 3929 3730 4000 κρίνουσιν.

2234 4034 2414 4087 Ταῦτα
2464 4032 2561 4103 μὲν
2606 4026 2699 4083 οὖν
2729 4027 2856 4099 περὶ
2889 4022 3188 4094 ἀνθρώπων
3234 4020 3342 4075 τῶν
3383 4038 3444 4074 τε
3487 4020 3596 4073 ἀπὸ
3624 4019 3735 4072 τῶν

2164 4129 2330 4182 ἐθνῶν
2357 4127 2451 4180 καὶ
2466 4124 2572 4179 ἀπὸ
2589 4121 2680 4176 τοῦ
2703 4118 2857 4179 λαοῦ.
2886 4118 2958 4170 Τὸ
2983 4115 3057 4180 δὲ,
3076 4116 3136 4168 '0
3164 4111 3452 4166 κατοικῶν
3470 4111 3540 4164 ἐν
3562 4112 3739 4178 οὐρα-

2164 4220 2291 4284 νοῖς
2325 4213 2735 4286 ἐκγελάσεται,
2789 4204 3232 4281 προσαρμοστέον
3282 4202 3418 4274 πρὸς
3454 4201 3534 4264 τὸ,
3581 4203 3737 4268 [Iap-

2165 4313 2435 4372 ἐίττησαν
2481 4309 2533 4359 oi
2554 4301 2834 4369 ,ϐασιλεῖς
2865 4299 2976 4367 τῆς
3002 4295 3130 4368 τῆς,
3170 4293 3264 4357 οὒς
3315 4291 3667 4361 ἔκγελάσεται
3709 4295 3738 4347 ὁ

2168 4404 2297 4464 Θεὸς
2328 4401 2385 4453 ἐν
2413 4398 2658 4470 ούρανοίς
2699 4392 2968 4448 κατοικῶν
3001 4390 3252 4462 φρόνημα
3280 4387 3498 4458 ἔχοντας
3527 4387 3735 4456 γήϊνον.

489 4499 732 4554 divinant
759 4499 905 4551 circa
937 4495 1369 4550 incarnationem
1394 4493 1597 4549 Christi
1626 4494 1987 4548 oeconomiam
2009 4505 2054 4549 et

2169 4494 2244 4547 Ού
2274 4491 2381 4562 γὰρ
2412 4490 2697 4559 νενοήκασι
2719 4486 2819 4556 τὴν
2845 4480 3151 4552 οἰκονομίαν
3177 4480 3270 4532 καὶ
3297 4477 3393 4548 τὴν
3423 4477 3617 4546 σοφίαν
3642 4477 3738 4530 τοῦ

492 4593 815 4660 sapientiam
859 4589 1284 4643 intellexerunt:
1317 4586 1449 4640 illud
1488 4573 1690 4651 antem,
1729 4597 1778 4639 et
1810 4586 2064 4640 Dominus

493 4681 842 4736 subsamtabit
883 4697 991 4746 eos,
1026 4678 1372 4734 referendum
1407 4678 1474 4731 ad
1515 4678 1619 4731 hoc
1655 4679 1883 4740 dictum,
1913 4677 2064 4745 prin-

494 4777 632 4843 cipes
656 4781 1004 4827 convenerunt
1021 4772 1075 4826 iu
1103 4787 1288 4835 unum,
1318 4780 1378 4824 ut
1402 4770 1612 4825 scilicet
1639 4787 1668 4824 a
1694 4770 1913 4825 Christo
1938 4771 2067 4824 sub-

493 4873 861 4922 sannarentur
890 4864 1188 4935 principes,
1221 4864 1316 4935 qui
1355 4864 1671 4934 congregati
1705 4874 1835 4917 sunt
1873 4862 2064 4918 adver-

493 4975 590 5015 sus
610 4958 894 5012 Dominum
926 4966 978 5012 et
1007 4958 1271 5013 adversus
1291 4957 1568 5012 Christum
1593 4957 1731 5026 ejus.
1752 4957 2069 5026 Congruen-

494 5063 579 5108 tes
625 5063 805 5108 autem
857 5053 983 5108 boni
1031 5052 1123 5108 Dei
1167 5051 1306 5106 Filio
1337 5058 1466 5106 sunt
1510 5051 1627 5104 ista:
1672 5065 1868 5115 voces;
1911 5049 2061 5119 quia,

494 5149 710 5202 etiamsi
741 5147 1064 5202 fremucrint
1102 5156 1312 5215 gentes,
1362 5153 1416 5201 et
1459 5145 1642 5216 pepuli
1675 5144 1918 5200 meditati
1959 5144 2072 5199 sint

495 5241 701 5303 inania,
737 5249 792 5292 at
819 5255 919 5295 nos
953 5239 1298 5295 frementium
1340 5239 1680 5292 ethnicorum
1723 5238 1939 5291 vincula
1983 5235 2071 5289 di-

495 5348 842 5403 rumpamus,
882 5341 936 5386 et
971 5332 1162 5403 jugum
1207 5331 1531 5402 populorum
1568 5329 1751 5384 inania
1805 5329 2072 5382 meditanv

499 5427 636 5487 tium
671 5425 1046 5496 projiciamus.

567 5521 639 5574 At
683 5519 811 5589 quia
859 5533 967 5572 non
1011 5519 1122 5588 jam
1159 5518 1232 5573 ita
1274 5503 1430 5572 facile
1463 5515 1728 5570 medelam
1776 5511 2070 5568 admittunt

500 5609 742 5680 praedicti
791 5625 951 5678 reges
996 5617 1154 5664 terra:
1201 5618 1257 5665 et
1303 5605 1788 5680 priueipcs;jubet
1834 5602 2073 5672 Spiritus

502 5712 749 5768 sant-tus,
784 5702 1026 5774 gentium
1068 5710 1122 5758 et
1162 5702 1509 5772 populorum,
1557 5712 1742 5768 regum
1773 5704 1826 5751 ct
1867 5695 2071 5772 princi-

573 5818 651 5890 (i)
701 5819 1094 5890 Τετηρεῗσθαι.
1130 5817 1266 5886 Lege
1294 5815 1638 5890 τετηρῆσθαι.
1671 5811 1828 5871 Eun.

2174 4583 2308 4638 Θεοῦ
2341 4583 2436 4652 τὴν
2463 4580 2592 4651 περὶ
2616 4577 2712 4648 τὴν
2733 4573 3138 4646 ἐνανθρώπησιν
3163 4571 3257 4624 τοῦ
3283 4569 3540 4642 Χριστοῦ.
3565 4567 3638 4621 Τὸ
3657 4568 3740 4631 δέ,

2173 4675 2279 4730 Καὶ
2305 4677 2336 4728 ό
2356 4674 2567 4740 Κύριος
2591 4665 2969 4737 ἐκμυκτηριεῖ
3004 4662 3245 4728 αὐτοὺς,
3279 4661 3414 4732 πρὸς
3439 4660 3520 4723 τὸ,
3551 4662 3615 4712 οι
3640 4657 3744 4726 ἄρ-

2171 4783 2380 4838 χοντες
2410 4763 2814 4832 συνήχθησαν
2835 4758 2929 4811 ἐπὶ
2959 4756 3028 4810 τὸ
3053 4757 3228 4808 αὑτόο
3253 4753 3341 4806 ἵνα
3371 4749 3745 4822 μυκτηρίζωνο

2169 4879 2259 4914 ται
2305 4861 2354 4912 οἱ
2401 4857 2658 4928 ἄρχοντες
2689 4852 2795 4905 ὑπὸ
2838 4849 2932 4903 τοῦ
2985 4845 3244 4919 Χριστοῦ,
3290 4846 3340 4898 οἱ
3387 4841 3746 4912 συναχθέντες

2173 4950 2314 5004 κατά
2345 4948 2439 5002 τοῦ
2473 4945 2677 5018 Κυρίου
2709 4945 2800 4997 καὶ
2829 4940 2970 4996 κατά
2997 4937 3091 4992 τοῦ
3115 4935 3351 5010 Χριστοῦ
3381 4932 3567 4988 αὑτοῦ.
3597 4931 3744 5004 Πρέ-

2172 5058 2370 5095 πουσαι
2416 5039 2471 5092 δέ
2510 5035 2710 5107 ἀγαθοῦ
2750 5033 2886 5089 Θεοῦ
2931 5032 3047 5102 Υἱῷ
3094 5029 3302 5100 φωναί·
3334 5029 3440 5090 ὅτι,
3472 5027 3521 5079 εἰ
3551 5023 3746 5079 καὶτὰ

2172 5134 2297 5205 ἔθνη
2345 5130 2640 5203 ἐφρύαξαν,
2672 5129 2765 5184 καὶ
2801 5128 2851 5179 οἱ
2893 5125 3012 5179 λαοὶ
3036 5121 3370 5194 ἐμελέτησαν
3401 5116 3552 5180 κενὰ,
3581 5118 3746 5187 ἡμεῖς

2172 5245 2235 5296 γε
2263 5227 2390 5287 τοὺς
2415 5223 2646 5294 δεσμοὺς
2673 5219 2851 5276 αὐτῶν
2884 5217 2992 5270 τῶν
3019 5213 3373 5287 φρυαξάντων
3415 5209 3584 5264 ἐθνῶν
3627 5209 3746 5262 δια-

2177 5318 2491 5387 σπάσωμεν,
2537 5316 2629 5368 καὶ
2675 5312 2766 5365 τὸν
2819 5309 2976 5378 ζυγὸν
3021 5307 3126 5362 τῶν
3175 5303 3584 5377 μελετησάντων
3613 5300 3750 5354 κενά

2172 5411 2316 5466 λαῶν
2348 5411 2490 5479 ἀπορ
2497 5405 2634 5480 ῥίψω
2641 5422 2758 5476 μεν.

2258 5503 2410 5555 Ἐπεὶ
2435 5501 2491 5553 δέ
2528 5498 2710 5556 ούκὲτι
2751 5495 2992 5568 εὐχερῶς
3036 5493 3278 5564 δέχονται
3323 5488 3420 5564 τὴν
3450 5482 3749 5559 θεραπείαν

2181 5596 2231 5648 οἵ
2269 5611 2330 5646 τε
2360 5590 2664 5663 τηλικοῦτοι
2695 5586 3075 5660 προειρημένοι
3098 5585 3198 5654 τῆς
3230 5583 3332 5654 γῆς
3378 5578 3614 5650 βασιλεῖς
3653 5573 3750 5630 καὶ

2181 5691 2227 5741 οἱ
2268 5687 2541 5762 ἄρχοντες,
2571 5683 2678 5736 τῶν
2721 5679 2857 5740 κατᾶ
2900 5676 2991 5730 τοῦ
3027 5674 3231 5750 Κυρίου
3262 5673 3352 5726 καὶ
3384 5669 3476 5723 τοῦ
3510 5669 3746 5740 Χριστοτλ
