3994 6448
179 411 247 466 35
1323 399 1824 457 counsmama
1867 399 1932 455 IN
1965 400 2302 457 PSALMOS.
3374 421 3448 466 διν.

177 525 340 581 αὐτοῦ
386 525 765 596 συναχθέντων
798 525 971 580 ἐθνῶν
997 542 1057 580 τε
1084 528 1180 583 καὶ
1209 527 1376 595 λαῶν,
1407 529 1675 601 βασιλέων
1704 546 1750 582 τε

1871 545 2021 599 pum,
2059 529 2358 585 visibilium
2397 534 2452 584 et
2491 527 2874 594 invisibiuum,
2905 544 2996 600 qui
3037 542 3301 584 adversus
3333 525 3446 582 Do~

177 618 266 671 καὶ
294 617 594 688 ἀρχόντων,
629 619 922 690 ὁρωμένων
952 635 1011 671 τε
1038 621 1130 673 καὶ
1166 620 1412 690 ἀφανῶν,
1437 622 1762 694 προστάττει

175 708 232 762 τὸ
257 709 487 778 Πνεῦμα
511 707 572 761 τὸ
596 707 749 777 ἆγιον
777 709 905 772 τοὺς
928 708 1028 779 τῆς
1057 709 1508 784 είδωλολατρείας
1530 710 1762 783 δεσμοὺς

177 797 584 872 διαρῤηγνύναι,
637 799 734 853 καὶ⁵
779 798 872 853 τὸν
927 798 1097 872 βαρὺν
1140 802 1240 872 τῆς
1281 801 1558 874 ἁμαρτίας
1599 803 1762 872 ζυγὸν

177 891 533 963 ἀπορρίπτειν
563 891 665 960 τῆς
694 890 904 945 ἐαυτῶν
932 891 1142 963 ψυχῆςο
1174 889 1257 957 οἷς
1285 893 1763 964 καταδεδουλωμέ-

176 1001 251 1037 νοι
274 983 538 1055 πρότερον
564 983 773 1055 ἐτέροις
811 984 1074 1055 ἄρχουσιν
1105 984 1479 1055 ὺπεκείμεθα·
1511 985 1597 1040 ἵνα
1621 986 1763 1039 ἐκεί-

176 1093 276 1128 νων
312 1073 770 1146 ἐλευθερωθέντες
793 1073 885 1126 τὸν
911 1072 1148 1144 ἐλαφρὸν
1174 1073 1266 1126 τοῦ
1301 1075 1556 1147 Σωτῆρος
1595 1074 1760 1144 ζυγὸν

173 1165 577 1238 ἀναδεξώμεθα,
603 1166 690 1234 ἐφ’
715 1167 774 1220 ὃν
796 1165 1154 1237 προκαλεῖται
1176 1164 1350 1235 λέγων
1369 1182 1384 1197 ο
1406 1165 1584 1220 Δεῦτε
1609 1174 1760 1236 πρὸς

172 1266 248 1332 μὲ
272 1260 499 1327 πάντες
524 1263 580 1313 οἱ
616 1259 948 1324 κοπιῶντες
969 1257 1068 1312 καὶ
1095 1259 1573 1330 πεφορτισμένοι,
1599 1259 1760 1328 κάγὼ

173 1353 500 1409 ἀναπαύσω
521 1349 697 1420 ὑμᾶς.
729 1352 933 1420 Ἄρατε
962 1350 1069 1405 τὸν
1094 1349 1270 1420 ζυγόν
1291 1369 1434 1420 μου,
1458 1351 1557 1405 καὶ
1581 1351 1756 1418 ἴδετε,

178 1447 262 1500 ὅτι
285 1447 558 1516 χρηστός
616 1445 770 1501 ἐστι.
799 1445 1066 1498 Λέλεκται
1091 1444 1148 1498 δέ
1172 1443 1346 1498 ταῦτα
1370 1445 1506 1516 πρὸς
1532 1444 1599 1498 τὰ
1631 1444 1755 1516 ἔθνη

175 1536 239 1590 τὰ
266 1535 344 1606 τῷ
372 1535 595 1607 Χριστῷ
622 1536 726 1589 ὑπὸ
747 1535 841 1589 τοῦ
873 1535 1086 1606 Πατρὸς
1117 1535 1398 1608 δεδομένα,
1435 1535 1758 1606 προλαμϐά-

175 1646 346 1692 νοντος
375 1629 468 1682 τοῦ
499 1628 662 1697 λόγου
694 1629 822 1692 τοὺς
857 1627 1151 1699 μέλλοντας
1200 1629 1484 1701 προσιέναι
1514 1632 1581 1700 τῇ
1623 1630 1756 1700 Χρι-

178 1722 294 1776 ατοῦ
321 1721 662 1794 διδασκαλίᾳ,
694 1721 787 1775 καὶ
830 1720 1225 1790 παραινοῦντος
1279 1721 1474 1792 μηκέτι
1521 1721 1610 1774 τὸν
1644 1737 1755 1776 πα-

177 1815 314 1870 λαιὸν
336 1814 497 1884 ζυγὸν
527 1815 621 1868 ἐπὶ
653 1812 761 1868 τῶν
787 1813 954 1884 ὤμων
982 1813 1190 1886 φέρειν,
1227 1813 1362 1885 μηδέ
1392 1816 1514 1877 ταῖς
1543 1816 1752 1885 σειραῖς

1865 621 2072 675 minum
2125 627 2182 676 et
2223 621 2487 678 adversus
2539 620 2820 676 Christum
2879 621 2998 690 ejus
3046 626 3440 685 convenerant,

1864 711 2188 768 idololatriae
2228 713 2446 768 vincula
2492 713 2826 782 dirumpere,
2879 723 2933 766 et
2978 727 3226 783 quosque
3273 727 3442 783 grave

1864 805 2074 876 peccati
2093 805 2288 877 jugum
2315 807 2383 861 ab
2413 806 2592 860 anima
2616 822 2715 861 sua
2750 807 3019 877 projicere
3044 823 3058 872 ;
3091 806 3292 876 quibus
3316 804 3441 861 sub-

1857 897 2036 969 jugati
2066 897 2220 966 prius
2250 898 2372 953 aliis
2413 899 2753 970 principibus
2783 899 3108 954 suberamus
3138 917 3156 952 :
3185 905 3246 953 ut
3275 897 3344 954 iis
3374 897 3443 951 li-

1862 986 2034 1041 berati
2073 987 2192 1042 leve
2239 986 2537 1044 Salvatoris
2567 989 2758 1059 jugum
2807 989 3163 1061 accipiamus,
3199 1003 3308 1060 quo
3335 1003 3438 1044 nos

1861 1086 2123 1148 provocat
2146 1079 2233 1136 his
2255 1079 2437 1135 verbis
2469 1098 2482 1134 :
2526 1079 2704 1135 Venite
2733 1084 2806 1135 ad
2833 1099 2934 1147 me,
2964 1099 3141 1138 omnes
3173 1083 3263 1153 qui
3296 1081 3439 1136 labo-

1861 1173 1995 1224 ratis
2017 1180 2066 1224 et
2099 1172 2305 1224 onerati
2332 1172 2483 1236 estis,
2516 1180 2566 1226 et
2599 1189 2690 1242 ego
2723 1173 2959 1242 reﬁciam
2994 1191 3082 1227 vos
3107 1190 3125 1228 :
3152 1173 3321 1228 tollite
3342 1173 3438 1242 ju-

1859 1278 1982 1332 gum
2011 1279 2185 1316 meum
2206 1277 2363 1331 super
2393 1279 2502 1326 vos,
2528 1272 2577 1317 et
2607 1263 2772 1318 videte
2793 1266 2918 1334 quia
2949 1274 3280 1319 mansuetum
3302 1265 3434 1320 est“.

1861 1351 1987 1407 Haec
2022 1368 2190 1423 porro
2221 1353 2366 1408 dicta
2399 1361 2530 1408 sunt
2553 1354 2806 1425 gentibus
2831 1354 3054 1410 Christo
3083 1370 3113 1408 a
3137 1353 3299 1410 Patre
3325 1363 3438 1408 tra-

1859 1445 2011 1510 ditis,
2055 1445 2340 1516 praemissa
2381 1445 2592 1501 scilicet
2643 1462 2836 1500 eorum
2865 1447 2958 1517 qui
2988 1445 3055 1501 ad
3093 1446 3296 1502 Christi
3335 1448 3436 1502 do-

1858 1537 2096 1592 ctrinam
2123 1538 2403 1593 accessuri
2437 1547 2568 1592 sunt
2607 1539 2945 1603 narratione,
2979 1539 3215 1608 dataque
3244 1538 3436 1593 admo-

1857 1628 2085 1691 nitione,
2138 1636 2199 1682 ut
2242 1643 2311 1683 ne
2356 1628 2499 1682 ultra
2546 1637 2704 1683 vetus
2726 1628 2918 1698 jugum
2958 1627 3201 1683 humeris
3231 1627 3431 1692 ferant,

1857 1733 2035 1791 neque
2079 1719 2290 1776 catenis
2338 1720 2582 1790 priorum
2631 1719 2955 1775 delictorum
2999 1720 3280 1775 constricti
3321 1737 3435 1774 ma-

1859 1819 2045 1869 neant.
2078 1810 2186 1868 Sed
2226 1811 2438 1868 etiamsi
2491 1812 2713 1882 quidam
2749 1811 2882 1883 ipsis
2923 1822 3048 1868 ante
3092 1812 3309 1868 fuerant
3343 1812 3434 1866 do-

179 1909 276 1962 τῶν
324 1907 610 1980 προτέρων
654 1906 1072 1979 ἁμαρτημάτων
1115 1907 1323 1961 ἑαυτῶν
1373 1907 1750 1980 παραμένειν⁶

1858 1901 2011 1966 mini,
2048 1903 2326 1973 principes
2363 1901 2569 1965 acerbi,
2599 1902 2855 1958 videlicet
2877 1902 3102 1973 maligni
3132 1903 3428 1969 daemones,

179 2000 282 2055 ἀλλ’
312 2001 359 2054 εί
381 1998 475 2054 καί
503 2015 652 2062 τινες
675 1994 817 2070 ἦσαν
851 1997 1030 2053 αὐτῶν
1059 1999 1326 2071 πρότερον
1359 1999 1536 2072 κύριοι
1567 1999 1755 2072 ἄρχον-

177 2093 261 2157 τές
281 2110 340 2146 τε
367 2091 582 2164 πικροὶ,
607 2093 656 2145 οἱ
682 2090 848 2146 πάλαι
875 2089 986 2143 τῶν
1015 2089 1184 2144 ἐθνῶν
1218 2091 1752 2163 κατατυραννοῦντες

176 2183 414 2254 δαίμονες
441 2183 692 2254 πονηροὶ,
721 2179 816 2244 οὓς
846 2180 910 2251 δὴ
929 2179 1087 2245 θεοὺς
1114 2180 1417 2252 ὠνόμαζον,
1460 2182 1622 2252 ζυγὸν
1655 2183 1754 2236 αὐ-

173 2279 279 2341 τοῖς
305 2275 711 2346 ἐπαιωροῦντες
744 2273 914 2345 βαρὺν
942 2273 1040 2326 καὶ
1088 2273 1424 2344 συγκύπτειν
1447 2274 1545 2346 τὴν
1572 2275 1751 2346 ψυχὴν

177 2369 260 2421 ἐπὶ
285 2367 342 2420 τὸ
373 2367 527 2421 κάτω
561 2365 860 2428 ποιοῦντες,
898 2364 1121 2435 δεσμοῖς
1150 2381 1211 2417 τε
1257 2365 1458 2429 αὐτοὺς
1491 2365 1748 2430 ἀσεϐείας

177 2459 665 2532 καταδεσμοῦντες·
719 2459 924 2513 τούτων
979 2458 1236 2512 ἁπάντων
1282 2457 1381 2529 τὴν
1433 2458 1751 2512 δυναστείαν

175 2554 381 2625 φεύγειν
415 2552 874 2627 παρακελεύεται·
900 2550 1266 2622 προσφεύγειν
1291 2549 1349 2604 δὲ
1382 2549 1461 2621 τῷ
1488 2551 1747 2623 Λυτρωτῇ

176 2647 260 2699 καὶ
297 2645 533 2719 ἃιηῆρι,
573 2645 668 2699 καὶ
699 2645 764 2716 δὴ
795 2644 994 2716 κλῆρον
1028 2643 1230 2703 αὐτοὺς
1279 2640 1433 2713 παρὰ
1477 2641 1571 2694 τοῦ
1619 2641 1749 2694 ίδίου

175 2737 367 2810 Harpe;
382 2739 648 2811 εἰληφότι.
665 2737 847 2792 Ταῦτα
865 2737 944 2798 δὲ,
963 2738 1116 2808 φησὶ,
1131 2732 1426 2807 πράξωμεν
1451 2735 1501 2788 oi
1531 2735 1628 2806 τῆς
1655 2734 1748 2787 τοῦ

175 2830 391 2907 Χριστοῦ
424 2832 800 2905 κληρονομίας
829 2831 968 2898 ἄξιοι
1004 2830 1309 2900 γενόμενοι,
1336 2829 1656 2894 είδότες,δτι
1688 2829 1749 2881 '0

175 2925 454 2981 κατοικῶν
521 2927 592 2980 ἐν
633 2924 913 2993 οὐρανοῖς
955 2923 1346 2993 ἐκγελὰσεται
1393 2920 1637 2987 αὐτοὺς,
1680 2921 1750 2974 τὰ

174 3019 288 3092 ἔθνη
326 3017 530 3091 δηλαδὴ
559 3018 655 3072 καὶ
685 3017 814 3080 τοὺς
845 3015 1008 3079 λαοὺς
1043 3017 1172 3078 τοὺς
1219 3013 1631 3076 ἐπαναστάντας
1651 3011 1750 3083 ’τῷ

175 3110 375 3183 Χριστῷ
403 3109 598 3176 αὑτοῦ,
627 3109 724 3162 καὶ
766 3111 799 3163 ό
829 3109 1046 3176 Κύριος
1092 3104 1478 3174 ὲκμυκτηριεῖ
1499 3105 1742 3170 αὐτούς.

176 3202 343 3257 Ταῦτα
379 3202 553 3256 πάλαι
596 3201 699 3273 μὲν
738 3199 1092 3273 προφητικῶς
1112 3198 1446 3267 ἀνεφωνεῖτο
1467 3213 1480 3225 ο
1514 3195 1748 3248 πέπονθε

1854 1994 1985 2048 olim
2017 2009 2119 2066 pro
2145 1993 2253 2050 diis
2276 1993 2470 2057 habiti,
2494 1993 2585 2064 qui
2613 1994 2953 2065 tyrannidem
2983 1995 3038 2049 in
3067 2006 3255 2064 gentes
3275 2011 3429 2050 excr-

1854 2087 2074 2150 cebant,
2110 2097 2163 2141 et
2190 2086 2381 2158 jugum
2415 2086 2550 2158 ipsis
2597 2101 2762 2157 grave
2806 2101 3210 2158 onerosumque
3255 2087 3432 2158 impo-

1852 2178 2078 2244 nehant,
2117 2185 2175 2231 ut
2205 2178 2442 2231 animam
2493 2191 2684 2232 eorum
2727 2177 2794 2230 ad
2837 2178 3022 2231 intima
3054 2179 3426 2244 incurvarent,

1852 2269 2292 2338 colligabantque
2343 2268 2494 2338 ipsos
2543 2267 2840 2337 impietatis
2906 2268 3172 2334 vinculis;
3229 2267 3425 2323 horum

1852 2361 2097 2417 omnium
2146 2360 2434 2431 imperium
2488 2359 2747 2430 eli‘ugere,
2795 2367 2850 2414 et
2907 2359 2974 2414 ad
3009 2358 3425 2432 Redemptorem

1853 2454 2304 2525 Salvatoremque
2366 2453 2665 2525 confugere
2714 2455 3014 2524 jubentur,
3082 2464 3274 2526 utpote
3333 2458 3428 2527 qui

1852 2546 2002 2618 ipsos
2036 2562 2066 2600 a
2095 2546 2261 2603 Patre
2293 2563 2395 2603 suo
2435 2548 2490 2602 in
2539 2548 2910 2604 hrcreditatem
2947 2551 3240 2620 acceperit.
3276 2549 3424 2612 ﬂare,

1853 2639 2050 2709 inquit,
2085 2654 2310 2710 agamus
2349 2641 2439 2711 qui
2473 2639 2679 2695 Christi
2713 2639 3031 2696 haereditate
3069 2641 3216 2712 digni
3248 2641 3427 2696 eﬂecti

1851 2747 2066 2797 sumus,
2111 2733 2266 2803 gnari
2306 2735 2561 2790 videlicet
2604 2733 2916 2801 illiuszQui
2948 2732 3154 2787 habitat
3199 2734 3252 2786 in
3285 2734 3428 2788 caelis

1849 2823 2088 2876 irridebit
2113 2840 2223 2887 eos,
2256 2824 2516 2878 nimirum
2552 2825 2784 2896 populos
2812 2824 2903 2894 qui
2940 2825 3205 2880 adversus
3241 2823 3428 2879 Domi—

1851 2914 2060 2968 minum
2113 2922 2167 2968 et
2209 2916 2474 2970 adversus
2514 2913 2792 2971 Christum
2835 2915 2956 2985 ejus
2988 2916 3425 2979 insurrexerunt,

1847 3014 1900 3061 et
1932 3005 2190 3060 Dominus
2214 3007 2561 3061 subsannabit
2598 3024 2706 3062 eos.
2744 3005 2869 3061 llaec
2894 3008 3022 3062 olim
3045 3007 3266 3079 quidem
3301 3025 3430 3080 pro-

1851 3099 2066 3169 phetice
2116 3099 2658 3168 praenuntiabantur;
2715 3105 2770 3152 at
2809 3106 2997 3169 postea
3029 3098 3290 3156 Iudaicus
3333 3117 3430 3171 pu-

1853 3191 2015 3262 pulus
2041 3205 2105 3246 ea
2142 3191 2259 3261 ipsa
2300 3205 2598 3262 perpessus
2636 3199 2741 3256 est,
2774 3191 3035 3248 obsessus
3062 3199 3116 3246 et
3153 3207 3432 3263 expugnata

173 3294 224 3349 δὲ
259 3294 391 3349 αὐτὰ
419 3294 487 3348 τὸ
531 3293 802 3348 Ἰουδαίων
832 3292 983 3356 ἔθνος
1011 3288 1366 3360 πολιορκηθὲν
1411 3288 1750 3359 παραχρῆμα

1856 3292 1941 3338 lus
1961 3299 2072 3338 non
2103 3283 2278 3338 multo
2307 3291 2601 3353 postquam
2640 3282 2869 3338 insidias
2911 3284 3206 3339 struxisset
3235 3292 3428 3339 contra

179 3386 302 3458 μετά
333 3386 428 3458 τὴν
479 3385 622 3440 κατά
664 3385 759 3439 τοῦ
802 3384 1052 3455 Σωτῆρος
1091 3379 1417 3452 ἐπιϐουλήν·
1465 3380 1559 3432 καὶ
1605 3380 1747 3433 κατά

177 3480 383 3551 χρόνους
407 3479 462 3533 δέ
498 3481 548 3532 οἱ
581 3478 682 3548 τῆς
728 3475 1054 3546 Ἐκκλησίας
1081 3472 1174 3526 τοῦ
1207 3471 1444 3543 Χριστοῦ
1477 3471 1745 3543 πολέμιοι,

178 3573 405 3645 κρυφαία
429 3574 518 3627 ἀεὶ
551 3572 696 3646 χειρὶ
725 3568 1144 3641 πολεμούμενοι,
1177 3567 1283 3620 ὑπὸ
1313 3566 1406 3620 τοῦ
1434 3565 1750 3620 κατοικοῦνο

177 3683 256 3729 τος
289 3668 346 3720 ὲν
385 3668 637 3739 οὐρανοῖς
674 3663 899 3736 Κυρίου,
932 3660 1026 3716 τοῦ
1073 3661 1214 3732 πρὸς
1259 3658 1439 3714 αὐτῶν
1479 3657 1746 3730 πολεμου-

183 3758 352 3829 μένου.

245 3853 374 3906 Τότε
413 3850 674 3917 λαλήσει
712 3848 861 3918 πρὸς
885 3847 1108 3913 αὐτοὺς
1134 3845 1204 3900 ὲν
1229 3843 1378 3916 ὀργῇ
1407 3842 1614 3902 αὐτοῦ,
1647 3841 1745 3896 καὶ

180 3944 241 3997 ἐν·
267 3942 342 4009 τῷ
373 3942 539 4014 θυμῷ
571 3941 760 3998 αὑτοῦ
794 3938 1033 4009 ταράξει
1061 3937 1306 4004 αὐτούς.
1350 3934 1514 3992 Ἀλλά
1549 3934 1644 3987 καὶ
1690 3933 1746 3985 ἐν

181 4035 249 4106 τῷ
277 4036 369 4107 τῆς
401 4035 639 4107 κρίσεως
673 4031 852 4105 καιρῷ
895 4029 1070 4102 ὀργῆς
1113 4027 1250 4082 Θεοῦ
1303 4025 1745 4096 πειραθήσονται,

183 4128 266 4180 καὶ
303 4126 377 4198 τῷ
420 4125 580 4197 θυμῷ
617 4124 782 4178 αὐτοῦ
830 4121 1267 4195 ταραχθήσονται
1313 4119 1514 4180 πάντες
1559 4117 1608 4169 οἱ
1652 4116 1747 4170 τοῦ

185 4219 432 4292 σωτηρίου
455 4219 614 4288 λόγου
643 4217 911 4288 πολέμιοι.
943 4213 1205 4285 Ἐπείπερ
1225 4213 1385 4275 αὐτὸς
1404 4214 1432 4264 ὁ
1457 4211 1547 4262 ὑπ’
1571 4208 1748 4262 αὐτῶν

185 4309 532 4382 προσηλωθεὶς
579 4311 676 4363 καὶ
731 4307 950 4379 θανάτῳ
983 4303 1310 4377 παραδοθεὶς
1329 4343 1344 4368 ,
1377 4301 1648 4358 κατοικῶν
1691 4303 1748 4355 ἐν

182 4401 410 4472 οὐρανοῖς
443 4401 538 4456 καὶ
569 4400 640 4454 τὰ
686 4401 865 4454 πάντα
908 4398 1201 4470 περιέχων,
1249 4395 1602 4464 ἐκγελάσεται
1648 4392 1748 4446 αὒ-

181 4494 312 4558 τοῦς,
345 4496 436 4547 καὶ
462 4496 492 4548 ό
515 4492 706 4547 τούτου
735 4492 793 4546 δὲ
823 4493 1012 4563 Πατὴρ
1039 4494 1067 4545 ὁ
1100 4492 1197 4544 σὺν
1222 4487 1301 4559 τῷ
1335 4485 1558 4560 Χριστῷ
1582 4485 1748 4537 πολε-

185 4583 431 4654 μοὺμενος
487 4585 736 4656 ἐκμυκτη
747 4584 850 4654 ριεῖ
871 4582 1090 4645 αὐτοὺς,
1119 4580 1212 4633 καὶ
1233 4579 1331 4649 τὴν
1358 4577 1516 4656 ἀξίαν
1550 4576 1748 4640 αὐτοὺς

1852 3374 2230 3439 Salvatorem;
2266 3374 2544 3445 variisque
2579 3374 2832 3430 similiter
2864 3376 3204 3447 temporibus
3237 3375 3428 3430 eadem

1847 3467 2059 3537 experti
2089 3474 2218 3522 sunt
2242 3466 2451 3520 inimici
2479 3465 2738 3521 Ecclesia:
2767 3465 2994 3532 Christi,
3033 3468 3248 3522 occulta
3283 3483 3431 3524 sem-

1850 3574 1945 3630 per
1974 3575 2138 3613 manu
2161 3559 2466 3632 impugnati
2498 3575 2527 3613 a
2558 3559 2790 3614 Domino
2819 3559 2911 3630 qui
2936 3559 3147 3613 habitat
3174 3559 3229 3612 iu
3250 3560 3427 3623 caelis,

1847 3666 2009 3721 quem
2047 3650 2148 3721 ipsi
2181 3649 2330 3705 bello
2360 3649 2722 3721 impetebant.

1920 3829 2088 3887 Vens.
2125 3829 2180 3885 5.
2221 3827 2368 3883 Tunc
2401 3827 2644 3899 loquetur
2687 3827 2756 3881 ad
2787 3843 2874 3882 eos
2921 3827 2974 3880 in
3010 3828 3090 3880 ira
3123 3842 3244 3888 sua,
3279 3834 3328 3878 et
3374 3824 3428 3878 in

1847 3923 2030 3992 furore
2058 3937 2155 3976 suo
2185 3918 2522 3975 conturbabit
2543 3935 2653 3974 eos.
2693 3917 2837 3973 Sane
2862 3917 2919 3972 in
2947 3925 3190 3986 tempore
3208 3915 3426 3985 judicii,

1849 4015 1943 4070 ira:
1971 4012 2168 4068 divina:
2200 4011 2503 4084 periculum
2545 4010 2770 4074 facient,
2802 4025 2864 4064 ac
2889 4009 3062 4079 ipsius
3094 4009 3280 4062 furore
3311 4013 3431 4060 tur-

1848 4107 2130 4162 babuntur
2161 4121 2354 4160 omnes
2394 4103 2546 4159 verbi
2587 4101 2847 4157 salutaris
2881 4099 3110 4155 inimici.
3147 4097 3429 4168 Siquidem

1849 4199 1897 4255 is
1932 4198 2050 4268 ipse
2093 4196 2188 4267 qui
2228 4194 2420 4250 allixus
2470 4195 2540 4249 ab
2572 4194 2681 4247 illis
2715 4199 2820 4258 est,
2864 4206 2928 4246 ac
2973 4191 3131 4245 morti
3173 4189 3426 4252 traditus,

1848 4292 1945 4364 qui
1975 4288 2184 4344 habitat
2212 4288 2270 4342 in
2294 4286 2452 4342 oculis
2479 4292 2536 4340 et
2580 4283 2765 4340 omnia
2798 4281 3201 4352 complectitur,
3236 4280 3434 4336 irride-

1849 4382 1928 4438 bit
1954 4397 2070 4444 eos,
2107 4379 2340 4450 ejusque
2372 4376 2531 4432 Pater
2556 4375 2649 4446 qui
2700 4389 2824 4429 cum
2853 4373 2974 4444 ipso
3001 4373 3224 4428 Christo
3256 4388 3432 4444 oppu-

1849 4486 2049 4548 gnatur
2089 4473 2454 4531 subsannabit
2502 4486 2619 4537 eos,
2663 4471 2966 4541 dignasque
3005 4469 3073 4523 ab
3114 4469 3194 4524 eis
3239 4482 3431 4539 poenas

1853 4576 2092 4640 expetet,
2131 4565 2403 4638 siquidem
2429 4565 2597 4620 verba
2627 4563 2864 4618 minacia
2908 4562 3004 4616 ira:
3032 4569 3275 4632 tempore
3300 4574 3432 4630 pro-

183 4637 519 4746 εἰσπράξεται
558 4637 759 4746 δίκηνῗ
806 4675 855 4727 εἰ
887 4675 937 4726 oi
971 4637 1118 4742 λόγοι
1168 4637 1300 4724 τῶν¹
1320 4637 1560 4722 ἀπειλῶν
1595 4637 1744 4738 λόγοι

1856 4637 1962 4717 lata
1991 4669 2141 4716 sunt.

185 4766 305 4818 εἰσὶν
339 4770 393 4823 ἐν
422 4770 560 4840 ὀργῇ
589 4765 1078 4837 ἀπαγγελλόμενοι.

255 4859 392 4930 Ἐγὼ
444 4860 512 4915 δὲ
545 4859 921 4926 κατεστάθην
948 4857 1250 4924 ,ϐασιλεὺς
1284 4856 1383 4910 ὑπ’
1423 4853 1608 4909 αὐτοῦ
1645 4852 1745 4906 ἐπὶ

184 4950 322 5006 Σιὼν
349 4953 482 5022 ὄρος
513 4953 580 5008 τὸ
617 4953 790 5024 ἅγιον
821 4950 1032 5015 αὑτοῦ,
1072 4948 1444 5020 διαγγέλλων
1463 4945 1531 5000 τὸ
1561 4946 1744 5014 πρόσ-

186 5053 355 5109 ταγμα
390 5042 630 5110 Κυρίου.
708 5041 831 5095 Οἵδε
873 5039 971 5112 μὲν
997 5078 1012 5103 ,
1054 5038 1230 5110 φησὶ,
1297 5037 1424 5091 τάδε
1464 5036 1744 5090 πείσονται

187 5131 229 5182 οἱ
273 5135 405 5186 κατά
450 5133 546 5188 τοῦ
602 5134 811 5205 Κυρίου
857 5133 952 5186 καὶ
991 5130 1134 5185 κατά
1169 5130 1262 5184 τοῦ
1300 5127 1538 5202 Χριστοῦ
1578 5125 1745 5180 αὐτοῦ

189 5224 505 5290 συνελθόντες
525 5267 540 5290 ,
564 5227 656 5280 καὶ
682 5225 919 5279 τοιοῦτον
963 5225 1063 5296 μὲν
1089 5224 1314 5276 ἐκείνων
1343 5221 1404 5275 τὸ
1431 5220 1585 5284 τέλος
1605 5237 1618 5249 ·
1647 5218 1747 5289 ἐμὲ

187 5313 235 5368 δὲ
279 5318 391 5372 τότε
443 5319 580 5389 μετά
628 5319 729 5414 την
757 5316 1025 5387 τοσαύτην
1058 5316 1351 5386 ἐπιϐουλὴν
1385 5314 1478 5368 καὶ
1507 5310 1745 5367 τοσαῦτα

190 5407 316 5480 πάθη
365 5411 583 5482 βασιλέα
613 5403 751 5483 πρὸς
781 5410 944 5464 αὑτοῦ
980 5408 1075 5462 τοῦ
1113 5407 1327 5476 [Ιατρὸς
1355 5403 1744 5469 καθεστάσθαι,

192 5502 272 5555 καὶ
293 5503 350 5557 τδ
380 5507 640 5578 πατρικὸν
672 5507 801 5576 ὑμῖν
831 5505 1164 5576 πρόσταγμα
1187 5499 1519 5569 διαγγέλλειν
1541 5515 1554 5528 ·
1585 5496 1744 5550 τοῦτο

188 5592 226 5644 δ’
249 5594 307 5649 ἂν
336 5597 415 5671 εἰη
446 5598 505 5652 τὸ
536 5597 888 5666 εὐαγγελικὸν
917 5597 1198 5670 κήρυγμα.
1271 5593 1336 5647 Et
1361 5592 1420 5646 δέ
1446 5593 1593 5645 ἐστιν
1617 5591 1742 5661 ὅρος

193 5686 326 5756 ἅγιον
352 5693 480 5747 Θεοῦ
517 5693 577 5746 τὸ
611 5691 934 5764 ἐπουράνιον
962 5689 1089 5760 περὶ⁵
1118 5683 1179 5742 οὗ
1231 5703 1395 5758 φησιν
1424 5687 1452 5740 ό
1484 5684 1693 5748 Παῦλος
1724 5701 1736 5713 ·

196 5781 665 5852 Προσεληλύθητε
694 5784 846 5839 Σιὼν
879 5783 1000 5852 ὄρει
1019 5799 1031 5811 ·
1072 5781 1164 5836 καὶ
1199 5779 1363 5834 πάλιν
1381 5796 1393 5808 ·
1437 5778 1506 5833 Ἢ
1533 5774 1601 5830 δὲ
1620 5775 1742 5829 ἅνω

253 5894 271 5926 ⁸
307 5895 479 5954 Matth.
520 5917 593 5968 at,
624 5900 814 5956 28-50.
891 5899 912 5932 ⁹
953 5896 1117 5955 Hebr.
1154 5913 1249 5965 xu,
1283 5897 1373 5952 2‘2.

1922 4839 2089 4895 Vens.
2111 4838 2166 4894 6.
2189 4837 2297 4909 Ego
2329 4850 2500 4892 autem
2531 4837 2847 4890 constitutus
2869 4852 2982 4888 sum
3001 4849 3092 4888 rex
3107 4833 3170 4890 ab
3195 4851 3255 4888 eo
3279 4849 3433 4901 super

1852 4935 1984 4991 Sion
2005 4945 2233 4990 montem
2256 4944 2498 4990 sauctum
2519 4934 2654 5002 ejus,
2677 4932 2973 5001 pra’dicaus
2989 4939 3305 4998 prwceptum
3328 4930 3434 4982 Do-

1856 5031 2010 5083 mini.
2049 5027 2175 5084 Hmc
2216 5037 2269 5083 et
2297 5028 2522 5092 similia,
2561 5025 2761 5096 inquit,
2792 5024 3067 5096 patientur
3098 5020 3192 5092 qui
3227 5037 3425 5076 conve-

1853 5130 2056 5178 nerunt
2096 5121 2362 5177 adversus
2410 5119 2702 5178 Dominum
2738 5123 2791 5171 et
2842 5115 3107 5170 adversus
3150 5113 3432 5167 Christum

1849 5217 1994 5286 ejus,
2026 5226 2079 5270 et
2111 5213 2427 5284 hujusmodi
2461 5213 2566 5268 erit
2597 5211 2819 5264 illorum
2853 5207 2998 5264 linis.
3049 5206 3206 5274 Quod
3248 5215 3432 5261 autem

1852 5329 1955 5383 ego
2007 5319 2129 5384 post
2174 5319 2354 5365 tantas
2397 5308 2627 5366 insidias
2666 5314 2720 5361 et
2755 5315 2866 5360 tam
2917 5303 3120 5358 multos
3150 5301 3430 5355 cruciatus

1847 5421 1944 5461 rex
1993 5407 2061 5460 ab
2113 5406 2233 5473 ipso
2279 5405 2438 5460 Patre
2486 5398 2907 5457 constituendus
2971 5395 3098 5460 sim,
3142 5400 3430 5464 paternum

1851 5496 2006 5552 vobis
2041 5503 2371 5564 praeceptum
2406 5493 2780 5553 nuntiaturus,
2819 5504 2883 5542 ea
2916 5495 3065 5542 certe
3109 5479 3427 5550 evangelica

1854 5587 2172 5658 praedicatio
2207 5586 2391 5648 fuerit.
2441 5585 2598 5652 Quod
2639 5583 2686 5638 si
2721 5595 2878 5635 mons
2911 5585 3138 5634 sanctus
3162 5571 3280 5633 Dei,
3311 5583 3428 5622 cm—

1853 5681 2009 5736 lestis
2040 5680 2132 5734 ille
2163 5677 2330 5734 fuerit
2359 5678 2427 5733 de
2467 5691 2578 5749 quo
2611 5675 2686 5730 ait
2736 5673 2978 5728 Paulus:
3019 5661 3330 5724 Accessistis
3357 5658 3426 5712 ad

1854 5770 1986 5828 Sion
2012 5774 2311 5838 montem";
2334 5786 2398 5826 ac
2423 5785 2650 5828 rursus:
2696 5767 2804 5824 Illa
2841 5774 3018 5821 autem
3073 5776 3192 5831 qua'
3214 5770 3427 5812 sursum
