3994 6448
526 402 595 460 ετ
1228 403 1497 458 susse"
1537 400 2017 461 CA-JSAltIENSlS
2045 401 2194 459 ore.
2229 391 2413 455 PARS
2447 372 2543 455 ιη,
2578 433 2645 445 -
2669 404 3077 459 esses-rica.
3735 406 3793 459 aq

523 529 604 576 est
628 517 952 587 Jerusalem.
980 522 1148 580 libera
1175 525 1335 590 est“,
1365 524 1634 597 atquebic
1665 532 1848 580 tamen
1880 538 2093 595 regium

2222 522 2625 593 Ἰερουσαλὴμ
2671 524 2958 593 ἐλευθέρα
3003 521 3179 577 ἐστίν
3201 566 3217 590 ,
3279 519 3536 577 ἐνταῦθά
3585 538 3712 592 φησι
3740 525 3797 579 τὰ

527 609 636 666 sibi
660 610 1023 667 constitutum
1061 613 1172 682 ait;
1207 628 1336 685 pars
1386 630 1523 686 ergo
1566 630 1820 684 superna:
1848 613 2107 671 Ecclesiae

531 699 700 757 fuerit
726 701 892 758 etiam
939 717 1004 759 ea
1035 719 1158 776 quae
1189 705 1245 760 in
1295 713 1441 763 terra
1479 716 1751 769 versatur,
1791 719 1921 761 cum
1950 721 2108 761 eum-

530 792 653 849 dem
699 792 769 850 ad
804 793 966 852 ﬁnem
999 796 1117 869 ipsa
1168 797 1486 855 contendat.
1541 797 1829 866 Quomodo
1861 806 2045 854 autem
2072 812 2106 852 a

528 884 693 943 Patre
722 886 777 941 in
823 884 955 942 Sion
991 889 1203 946 calesti
1246 891 1587 948 constitutus
1621 891 1787 947 fuerit
1812 906 1909 946 rex
1949 889 2109 945 Chri-

528 989 671 1041 stus.
696 979 1001 1052 intelligere
1032 982 1180 1046 licet,
1211 984 1358 1055 quod
1386 984 1596 1040 dictum
1634 984 1713 1038 ilIi
1756 982 1867 1039 sit:
1904 980 2041 1037 Sede
2070 999 2106 1037 α

526 1071 732 1127 dextris
770 1073 920 1137 meis,
953 1073 1120 1129 donec
1150 1092 1343 1146 ponam
1379 1078 1623 1133 inimicos
1661 1093 1780 1132 tuo:
1814 1076 2105 1132 seabellunt

524 1164 718 1233 pedum
751 1166 1043 1220 tuorum“.
1091 1165 1242 1234 Quos
1273 1184 1467 1240 nempe
1499 1170 1772 1234 inimicos,
1797 1169 1903 1225 nisi
1938 1185 2105 1241 supra

525 1266 886 1325 memoratos,
915 1259 1009 1330 qui
1040 1262 1358 1333 congregati
1400 1270 1531 1318 sunt
1559 1264 1827 1320 adversus
1855 1278 2004 1326 eum,
2049 1271 2105 1319 et

523 1347 817 1403 astiterunt
854 1349 1151 1420 principes,
1197 1366 1374 1422 reges,
1416 1360 1609 1423 gentes
1664 1362 1830 1425 atque
1877 1353 2107 1424 populi?

523 1440 692 1497 hosce
719 1442 866 1497 enim
895 1442 999 1498 sub
1038 1443 1269 1513 pedibus
1294 1445 1418 1516 ejus
1442 1447 1863 1503 substraturum
1891 1461 1951 1502 se
1974 1461 2104 1517 pro-

525 1533 676 1591 misit
718 1535 901 1590 Pater.

600 1624 764 1683 Vens.
797 1628 850 1683 7.
889 1627 1147 1683 Dominus
1191 1628 1329 1682 dixit
1371 1628 1442 1681 ad
1488 1646 1602 1684 me:
1646 1627 1826 1684 Filius
1861 1645 2007 1685 meus
2045 1645 2101 1685 es

523 1726 601 1782 tu,
648 1735 742 1790 ego
774 1718 930 1775 hodie
980 1722 1138 1792 genui
1167 1728 1237 1778 te.
1284 1718 1443 1786 Illud,
1495 1720 1669 1788 hodie,
1717 1737 1917 1777 nomen
1960 1729 2103 1779 tem-

522 1812 673 1882 poris
718 1824 822 1878 est,
862 1813 1115 1887 idemque
1157 1815 1427 1886 signiﬁcat
1468 1821 1633 1886 atque
1689 1816 1944 1886 prazseuti
1983 1814 2094 1871 die.

2212 613 2466 685 βασίλεια
2518 613 2669 686 αὐτῷ
2729 613 3080 670 συνεστάναιο
3147 615 3317 686 μέρος
3370 613 3421 667 δ’
3456 612 3528 667 ἂν
3568 612 3668 684 τῆς
3700 615 3797 672 ἄνω

2224 707 2557 780 Ἐκκλησίας
2590 708 2685 764 καὶ
2722 711 2757 781 ἡ
2784 710 2879 763 ἐπὶ
2901 710 3008 782 γῆς
3038 710 3121 774 είς
3150 709 3334 763 ἐκεῖνο
3360 706 3563 772 τέλους
3604 710 3695 763 καὶ
3717 712 3801 766 αὑ·

2213 804 2283 875 τῇ
2315 803 2623 857 σπεύδουσα
2653 802 2755 876 (1).
2785 804 2979 867 Ὅπως
3019 802 3077 857 δὲ
3102 802 3208 857 ὑπὸ
3252 801 3358 857 τοῦ
3388 800 3616 873 Πατρὸς
3640 804 3697 857 ἐν
3741 809 3797 878 τῇ

2207 892 2520 967 ἐπουρανίῳ
2533 893 2673 947 Σιὼν
2697 893 3006 964 κατεστάθη
3026 892 3281 965 βασιλεὺς
3301 896 3335 949 ὁ
3355 893 3603 967 Χριστὸς
3624 896 3798 962 αὑτοῦ.

2208 985 2444 1058 πάρεστι
2469 988 2670 1057 γνῶναι
2701 986 2797 1041 καὶ¹
2820 986 2929 1042 ἀπὸ
2960 985 3055 1040 τοῦ
3084 985 3343 1056 λέγεσθαι
3372 986 3571 1057 αῦτῴ-
3617 986 3798 1044 Κάθου

2204 1081 2274 1135 ἐκ
2300 1078 2516 1146 δεξιῶν
2538 1097 2659 1151 μου
2678 1119 2694 1143 ,
2718 1079 2824 1147 ἕως
2858 1078 2936 1133 ἂν
2962 1077 3044 1133 θῶ
3071 1078 3207 1145 τοὺς
3235 1079 3509 1149 ἐχθρούς
3533 1094 3653 1133 σου
3676 1081 3798 1136 ὐπο-

2207 1173 2423 1228 πόδιον
2453 1172 2572 1227 τῶν
2602 1171 2806 1229 ποδῶν
2834 1186 2973 1227 σου.
3030 1171 3223 1236 Ποίους
3250 1171 3310 1225 δὲ
3344 1170 3591 1244 ἐχθροὺς
3621 1171 3655 1244 ῆ
3685 1175 3797 1239 τοὺς

2206 1264 2643 1339 προλεχθέντας,
2679 1266 2807 1328 τοὺς
2833 1263 2899 1337 δὴ
2938 1261 3301 1334 συναχθέντας
3356 1262 3490 1317 κατ’
3516 1262 3683 1317 αὑτοῦ
3713 1266 3795 1320 καὶ

2206 1359 2590 1431 παραστάντας
2622 1357 2889 1429 ἄρχοντας
2916 1357 3010 1411 καὶ
3036 1355 3293 1428 βασιλεῖς,
3324 1356 3430 1410 καὶ
3485 1354 3675 1421 λαοὺς,
3715 1359 3796 1411 καὶ

2205 1449 2374 1523 ἐθνη;
2426 1449 2651 1511 τούτους
2698 1450 2809 1522 γὰρ
2857 1447 3150 1517 ῦποτάξειν
3199 1451 3314 1513 τοῖς
3368 1447 3549 1504 αὐτοῦ
3596 1450 3744 1505 ποσὶν
3769 1453 3794 1505 ὁ

2204 1542 2396 1616 Πατὴρ
2425 1542 2812 1616 ἐπηγγείλατο.

2273 1639 2490 1706 Κύριος
2535 1633 2668 1691 εἷπε
2717 1639 2869 1705 πρὸς
2899 1640 2984 1706 μέ
3008 1654 3022 1667 ·
3077 1636 3205 1702 Υἱός
3238 1652 3365 1705 μου
3405 1630 3473 1689 εἷ
3521 1633 3608 1689 σὺ
3630 1675 3646 1699 ,
3692 1634 3793 1704 ἐνὶ»

2202 1728 2469 1800 σήμερον
2495 1725 2828 1801 γεγέννηκά
2851 1742 2946 1782 σε.
2996 1726 3071 1780 Τὸ
3100 1724 3374 1797 σήμερον
3401 1725 3585 1797 ὄνομα
3616 1726 3792 1798 χρόνου

2203 1822 2353 1876 ἐστίν
2376 1838 2390 1854 ·
2452 1821 2763 1893 ίσοδυναμεί
2792 1821 2849 1876 δὲ
2897 1823 2962 1893 τῇ
3013 1817 3291 1893 ἐνεστώσῃ
3321 1816 3562 1892 ἡμέρᾳ·
3621 1818 3789 1891 ἡμέρα

523 1902 649 1961 Dies
709 1912 892 1961 autem
942 1915 1028 1963 est
1066 1908 1427 1965 interstitium
1490 1908 1768 1980 quoddam
1812 1910 2093 1981 temporis.

2201 1914 2258 1970 δέ
2308 1914 2586 1987 διάστημά
2628 1932 2682 1969 τι
2738 1914 2991 1985 κρονικόν
3023 1913 3162 1967 ἐστι.
3248 1911 3315 1965 Τί
3348 1906 3453 1965 οῦν
3493 1927 3633 1982 φησι
3670 1909 3789 1982 πρδς

520 1992 634 2050 Cur
658 1994 825 2067 igitur
847 1996 922 2051 ait
949 1997 1025 2053 illi
1058 1997 1355 2056 Dominus:
1400 1998 1515 2073 Ego
1543 1999 1701 2055 hodie
1724 2001 1882 2072 genui
1924 1998 2012 2054 te!
2045 2000 2100 2056 id

518 2085 777 2143 videlicet
809 2087 878 2145 de
908 2091 1194 2163 temporali
1218 2093 1571 2163 generatione
1598 2092 1831 2157 dictum,
1856 2108 1979 2164 quae
2004 2109 2101 2164 per

519 2180 881 2235 mconomiam
907 2180 1072 2239 facta.
1128 2181 1203 2239 De
1237 2185 1327 2240 illa
1358 2200 1597 2256 namque
1633 2201 1755 2256 qua:
1793 2185 1913 2241 sine
1941 2186 2093 2256 priu-

518 2269 666 2341 cipio
698 2279 805 2334 est.
834 2273 910 2329 ait
944 2276 1063 2346 ipse
1098 2274 1304 2332 David:
1357 2275 1443 2330 Ex
1470 2286 1618 2333 utero
1665 2287 1788 2333 ante
1818 2279 2099 2349 luciferum

515 2363 674 2435 genui
704 2365 837 2420 te".
887 2364 1145 2439 Cignitur
1174 2375 1358 2424 autem
1402 2369 1588 2436 hodie,
1620 2387 1728 2428 nou
1759 2373 2093 2445 principium

515 2456 821 2513 exsistendi
851 2458 907 2514 in
932 2468 1059 2514 ortu
1088 2461 1390 2532 accipiens,
1420 2461 1518 2518 sed
1548 2465 1856 2520 secundum
1895 2480 2099 2520 carna-

517 2548 625 2604 lem
668 2550 1034 2606 tecouomiam
1073 2551 1129 2608 in
1160 2550 1511 2624 adoptionem
1534 2556 1781 2612 veniens.
1838 2555 1906 2610 Et
1939 2558 2097 2629 quis-

517 2640 646 2710 quis
696 2640 766 2697 ab
807 2656 875 2696 eo
924 2641 1124 2713 accipit
1175 2650 1504 2714 potestatem
1552 2652 1615 2701 ut
1659 2645 1805 2704 ﬁlius
1841 2646 1931 2703 Dei
1981 2648 2094 2713 ﬁat,

513 2730 735 2802 quando
762 2730 926 2792 ﬁlius.
951 2748 1048 2804 per
1066 2733 1396 2806 baptismum
1426 2745 1798 2808 regeneratus,
1829 2738 2095 2808 eﬂicitur;

515 2822 610 2893 qui
667 2830 849 2880 tamen
891 2823 1103 2895 aliquid
1150 2824 1331 2881 fuerat
1371 2834 1665 2901 antequam
1726 2829 1871 2885 lilius
1922 2838 2092 2896 esset,

514 2925 647 2972 tunc
702 2914 822 2988 ipse
877 2916 1222 2972 nobilitatur.
1272 2917 1485 2974 Dicitur
1530 2920 1806 2991 propriam
1838 2920 2095 2978 Ilebraici

515 3014 700 3065 textus
731 3007 1188 3075 signiﬁcationem
1218 3025 1343 3067 esse
1366 3013 1563 3082 peperi,
1590 3027 1697 3083 qua
1728 3012 1927 3085 Aquila
1958 3029 2095 3071 usus

511 3109 617 3157 est.
671 3099 970 3172 Apostolus
1006 3108 1188 3158 autem
1240 3102 1592 3175 legisperitus
1637 3120 1763 3161 cum
1818 3114 1988 3172 esset,
2036 3109 2093 3163 in

510 3192 756 3265 Epistola
785 3190 853 3248 ad
881 3192 1139 3251 Hebraeos
1174 3193 1530 3269 Septuaginta
1554 3196 1920 3270 lnterpretum
1964 3216 2091 3257 ver-

511 3288 668 3343 sione
699 3301 836 3344 usus
868 3294 973 3344 est.

579 3378 737 3446 Quod
771 3386 953 3435 autem
981 3379 1097 3435 haec
1137 3381 1193 3436 in
1223 3378 1509 3438 Salvatore
1537 3390 1729 3440 nostro
1759 3382 1889 3441 Jesu
1925 3385 2091 3442 Chrio

512 3477 621 3537 sto,
656 3478 711 3527 et
737 3485 852 3531 non
877 3471 932 3527 in
962 3472 1094 3542 alio,
1116 3474 1389 3546 completa
1419 3475 1554 3542 sint,
1585 3475 1929 3547 declaratur;
1956 3480 2091 3537 illud

510 3566 657 3621 cnim
680 3583 696 3623 :

581 3654 751 3716 Vsus.
768 3655 823 3713 8.
858 3655 1084 3714 Postulo
1105 3675 1140 3713 a
1159 3674 1260 3722 me,
1301 3667 1352 3713 ct
1388 3658 1528 3716 dabo
1553 3659 1650 3715 tibi
1669 3673 1849 3732 gentes
1872 3661 2100 3719 haedi-

2202 2009 2365 2063 αὐτὸν
2384 2010 2414 2063 ὀ
2442 2008 2646 2081 Κύριος
2665 2027 2680 2041 ο
2729 2005 2871 2077 Ἐγὼ
2901 2005 3169 2076 σήμερον
3200 2000 3549 2076 γεγέννηκά
3575 2018 3681 2065 σεξ
3706 2003 3789 2075 δη-

2200 2101 2376 2156 λονότι
2430 2102 2560 2173 περὶ
2617 2101 2718 2173 τῆς
2777 2100 3036 2174 χρονικῆς
3086 2098 3188 2171 ἔφη
3229 2098 3522 2170 γενήσεως
3551 2096 3651 2167 τῆς
3680 2097 3786 2150 κατ’

2199 2191 2542 2264 οἰκονομίαν·
2605 2190 2734 2264 περὶ
2789 2189 2900 2262 γὰρ
2951 2190 3051 2262 τῆς
3079 2190 3317 2261 ἀνάρχου
3351 2187 3532 2260 φησιν
3584 2186 3786 2252 αῦτδςὸ

2198 2283 2392 2337 Audio:
2456 2285 2548 2337 Ἐκ
2582 2281 2844 2354 γαστρὸς
2871 2281 2986 2351 πρὸ
3015 2282 3329 2351 ἑωσφόρον
3358 2278 3673 2349 ἐγέννησά
3700 2296 3780 2333 σε.

2200 2375 2458 2430 Γεννᾶται
2487 2376 2545 2430 δέ
2575 2378 2817 2448 σήμερον
2854 2375 2978 2446 οὐχὶ
3032 2374 3207 2447 ἀρχὴν
3243 2375 3570 2436 συστάσεως
3622 2373 3679 2425 ἐν
3717 2372 3783 2444 τῷ

2199 2466 2492 2536 γεννᾶσθαι
2542 2464 2867 2538 λαμῦάνων,
2904 2463 3045 2520 κατὰ
3080 2464 3136 2519 δὲ
3162 2464 3262 2536 τὴν
3285 2463 3567 2537 σαρκικὴν
3596 2462 3781 2517 οἰκονο-

2200 2558 2331 2628 μίαν
2361 2559 2442 2621 εἰς
2463 2556 2737 2612 υἱοθεσίαν
2763 2555 2955 2612 ἐλθών.
2991 2556 3101 2610 Καὶ
3119 2557 3150 2611 ὁ
3172 2556 3302 2628 παρ’
3328 2553 3505 2609 αὐτοῦ
3530 2553 3589 2607 δὲ
3618 2551 3781 2606 λαϐὼν

2196 2650 2444 2719 ἐξουσίαν
2468 2649 2657 2705 τέκνον
2682 2648 2819 2704 Θεοῦ
2838 2648 3087 2719 γενέσθαι
3102 2689 3119 2714 ,
3143 2649 3233 2704 ὅτε
3254 2647 3473 2718 γίνεται
3493 2647 3682 2701 τέκνον
3702 2645 3779 2699 διὰ

2196 2740 2291 2795 τοῦ
2326 2739 2701 2812 βαπτίσματος
2729 2737 3174 2810 ἀναγεννωμενος
3202 2778 3220 2803 ,
3250 2737 3444 2811 ἔτερόν
3474 2754 3528 2791 τι
3561 2735 3668 2806 πρὸ
3694 2733 3778 2790 τοῦ

2194 2826 2335 2887 εἶναι
2367 2829 2556 2885 τέκνον
2590 2828 2852 2902 ὑπάρχων
2877 2869 2892 2893 ,
2932 2828 3348 2899 ἐξευγενίςεται.
3397 2824 3456 2883 ’0
3500 2828 3685 2900 μέντοι
3719 2843 3774 2897 γε

2207 2922 2459 2995 Ἑϐραῖος
2492 2922 2709 2992 ἐλέγετο
2742 2921 2931 2994 κύριον
2963 2917 3104 2976 εἶναι
3141 2921 3240 2993 τῆς
3268 2921 3477 2988 λέξεως
3505 2962 3521 2987 ,
3557 2920 3775 2983 ἔτεκον,

2194 3015 2331 3088 ὅπερ
2351 3014 2445 3069 καὶ
2477 3013 2708 3079 ’Δκύλας
2735 3012 3050 3086 πεποίηκεν.
3093 3009 3152 3066 '0
3173 3012 3232 3067 δέ
3264 3013 3615 3079 Ἀπόστολος,
3639 3030 3776 3082 νομο-

2197 3106 2376 3180 μαθὴς
2404 3107 2667 3181 ὑπάρχων
2686 3148 2702 3173 ,
2728 3107 2786 3162 ἐν
2807 3110 2875 3180 τῇ
2899 3106 3035 3180 πρὸς
3069 3106 3355 3179 Ἐϐραίους
3373 3110 3444 3181 τῇ
3466 3108 3576 3163 τῶν
3610 3101 3774 3162 Ἑϐδο-

2198 3199 2439 3273 μήκοντα
2470 3199 2760 3271 ἐχρήσατο.
3390 3193 3397 3199 ’

2261 3380 2372 3435 Καὶ
2403 3381 2487 3435 ὅτι
2518 3397 2582 3450 γε
2629 3381 2710 3444 είς
2741 3377 2833 3435 τὸν
2868 3377 3135 3451 ἡμέτερον
3167 3377 3396 3448 Σωτῆρα
3442 3373 3655 3448 Ἰησοῦν
3694 3371 3773 3427 τὸν

2192 3473 2462 3546 Χριστὸν,
2513 3473 2611 3526 καὶ
2662 3471 2764 3524 οὐκ
2792 3471 2873 3534 είς
2933 3469 3129 3537 ἄλλον,
3186 3467 3551 3543 πεπλήρωται
3593 3465 3771 3529 ταῦτα,

2194 3563 2522 3637 παρίστησι·
2553 3560 2616 3616 τὸ
2648 3559 2759 3634 γάρ
2777 3575 2792 3590 ο

2259 3657 2511 3726 Αἵτησαι
2532 3655 2667 3725 παρ’
2687 3651 2855 3723 ἐμοῦ,
2877 3651 2978 3710 καί
2995 3651 3168 3707 δώσω
3197 3667 3295 3707 σοι
3320 3651 3471 3721 ἔθνη
3502 3649 3620 3719 τὴν
3648 3650 3772 3713 κλη-

511 3756 675 3803 tatent
712 3757 883 3815 tatam,
908 3759 960 3805 et
1000 3751 1387 3821 possessionem
1426 3760 1575 3807 tuam
1619 3756 1873 3811 terminos
1914 3765 2089 3825 terrm,

2200 3751 2475 3822 οονομίαν
2493 3765 2632 3813 σου,
2655 3749 2751 3803 καί
2777 3747 2892 3817 τὴν
2908 3742 3286 3814 κατάσχεσίν
3313 3760 3431 3798 σου
3461 3741 3538 3797 τὰ
3562 3739 3770 3810 πέρατα

511 3856 675 3899 nemo
695 3840 898 3897 dixerit
927 3842 984 3897 in
1013 3842 1122 3899 alio
1151 3843 1410 3916 quopiam
1458 3854 1707 3902 veterum
1729 3844 1825 3903 Dei
1853 3848 2092 3919 prophe-

510 3944 690 3991 tarum
715 3934 893 3991 visum
915 3950 981 3990 ac
994 3936 1324 4010 completum
1344 3951 1487 3994 esse.
1518 3936 1654 3994 Nam
1677 3954 1851 4011 neque
1872 3939 2088 4013 Moyses

508 4025 766 4083 omnibus
801 4027 1058 4100 gentibus
1087 4029 1396 4100 imperavit,
1443 4044 1623 4102 neque
1672 4029 1866 4098 David,
1913 4049 2091 4105 neque

511 4117 794 4185 Salomon,
827 4135 1002 4192 neque
1029 4121 1172 4177 alius
1193 4121 1467 4192 quispiam
1494 4137 1687 4178 eorum
1709 4124 1805 4194 qui
1833 4138 1864 4178 a
1887 4126 2090 4181 seaculo

508 4209 663 4267 fuere
687 4212 1077 4284 prophetarum
1110 4221 1208 4269 aut
1239 4229 1471 4285 regum:
1517 4214 1620 4271 soli
1668 4222 1855 4272 autem
1900 4215 2091 4272 Salva-

507 4300 615 4357 tori
654 4309 846 4359 nostro
893 4302 1009 4358 hzec
1037 4313 1349 4376 competere
1386 4305 1472 4361 vel
1500 4304 1618 4376 ipsa
1646 4320 1834 4362 rerum
1866 4309 2083 4379 perspi-

505 4390 680 4448 cuitas
700 4390 1057 4451 testiﬁcatur:
1085 4394 1530 4465 quandoquidem
1552 4395 1608 4451 in
1641 4411 1859 4453 omnem
1884 4408 2089 4456 terram

503 4483 673 4540 exivit
692 4500 863 4542 sonus
894 4487 1272 4558 apostolorum
1296 4488 1439 4558 ejus,
1466 4495 1521 4545 et
1556 4489 1611 4544 in
1642 4488 1781 4548 ﬁnes
1804 4492 1957 4548 orbis
1987 4500 2090 4550 ter-

502 4591 580 4631 ra:
614 4577 782 4633 verba
808 4592 998 4634 eorum
1031 4580 1405 4647 pervasere".

575 4668 741 4728 Vsus.
781 4671 837 4728 9.
870 4671 1066 4729 Pasce:
1093 4690 1180 4729 eos
1208 4673 1263 4729 in
1284 4675 1431 4747 virga
1452 4674 1650 4747 ferrea,
1678 4686 1931 4749 tanquam
1952 4696 2085 4737 vasa

436 4830 450 4845 ο
503 4762 656 4835 ﬁguli
704 4763 1005 4837 confringe:
1047 4782 1156 4824 eos.
1186 4765 1422 4839 Accepta
1468 4769 1522 4825 in
1564 4784 1758 4827 omnes
1790 4780 2083 4843 potestate,

502 4855 716 4931 priores
744 4857 867 4913 illos
893 4858 987 4929 qui
1018 4859 1309 4916 adversum
1361 4868 1416 4916 te
1461 4860 1807 4919 fremuerunt
1849 4872 1905 4919 et
1945 4882 2084 4921 vana

501 4947 748 5005 meditati
774 4957 924 5015 sunt,
956 4949 1053 5006 sed
1090 4951 1257 5007 etiam
1288 4951 1380 5023 qui
1423 4953 1740 5021 astiterunt.
1767 4966 1823 5012 et
1874 4972 2080 5015 conve-

502 5048 704 5098 nerunt
722 5041 1015 5100 adversum
1038 5050 1092 5100 te
1110 5058 1268 5116 reges
1290 5052 1451 5102 terra:
1470 5054 1524 5101 et
1539 5048 1837 5120 principes,
1859 5062 2081 5120 pasces,

503 5147 611 5189 non
638 5135 901 5204 pastorali
941 5144 1355 5195 mansuetarum
1401 5138 1586 5195 ovium
1613 5142 1788 5214 virga,
1816 5159 1939 5215 quae
1964 5160 2085 5201 scr-

502 5226 762 5284 monibus
792 5228 1242 5303 salutaribusque
1277 5231 1588 5307 disciplinis
1611 5244 1832 5292 constat
1857 5255 1873 5306 ;
1898 5239 2086 5309 hujus-

500 5318 650 5377 modi
679 5334 918 5392 namque
947 5322 1100 5395 virga
1132 5322 1449 5382 rationabili
1479 5326 1691 5385 Christi
1720 5344 1852 5387 oves
1880 5332 1935 5387 in
1957 5332 2082 5404 ejus

502 5416 761 5483 ovilibus,
792 5417 910 5474 sive
936 5418 990 5473 in
1013 5417 1278 5478 Ecclesiis
1306 5428 1362 5478 et
1382 5420 1768 5495 spiritualibus
1796 5440 2081 5482 sacrarum

504 5506 916 5581 Scripturarum
940 5511 1188 5581 pascuis,
1232 5525 1531 5586 reguntur;
1572 5515 1669 5572 sed
1694 5517 1751 5571 in
1774 5517 1927 5590 virga
1969 5518 2082 5575 fer-

502 5619 630 5673 rea;
661 5619 770 5677 qua
792 5611 848 5661 et
876 5604 1000 5662 illos
1025 5614 1081 5662 et
1099 5606 1461 5679 cogitationes
1486 5623 1680 5665 eorum
1705 5608 2077 5684 confringere,

574 5737 622 5771 “
657 5736 836 5795 Galat.
869 5753 957 5808 tv,
986 5736 1078 5796 26.
1156 5739 1199 5771 “
1241 5736 1531 5805 Psal.crx,
1571 5741 1620 5808 i,
1659 5740 1715 5798 2.
1793 5743 1836 5775 "

1935 5748 2066 5807 ibid.
2133 5752 2189 5810 4.

2191 3842 2299 3912 τῆς
2345 3843 2481 3915 γῆς,
2531 3843 2709 3907 οὐδεὶς
2761 3840 2828 3899 ἂν
2875 3839 2987 3912 ἔχοι
3030 3837 3197 3910 φάναι
3268 3835 3352 3905 ἐφ’
3415 3835 3608 3908 ἐτέρου
3673 3830 3770 3886 τῶν

2191 3937 2362 3992 πάλαι
2386 3935 2482 3991 τοῦ
2509 3935 2646 3991 Θεοῦ
2676 3933 2971 4008 προφητῶν
3005 3928 3427 4003 πεφανερῶσθαι
3455 3928 3554 3983 καὶ
3577 3924 3770 3996 πεπλη-

2191 4027 2417 4105 ρῶσθαι.
2450 4027 2589 4083 Οὔτε
2616 4026 2727 4100 γὰρ
2747 4025 2989 4098 Μωῦσῆς
3014 4023 3122 4079 τῶν
3139 4021 3309 4078 ἐθνῶν
3335 4022 3593 4076 ἁπάντων
3613 4016 3766 4090 ἐκρά-

2187 4139 2355 4194 τησεν
2374 4160 2390 4185 ,
2433 4119 2560 4176 οὔτε
2609 4118 2772 4174 Δαυῖδ
2794 4159 2810 4182 ,
2851 4116 2977 4171 οῦτε
3003 4113 3256 4185 Σολομὼν
3274 4155 3290 4179 ,
3319 4112 3446 4168 οὔτε
3477 4129 3565 4175 τις
3596 4109 3767 4181 ἕτερος

2190 4212 2486 4287 προφητῶν
2530 4212 2564 4285 ἢ
2611 4210 2873 4283 βασιλέων
2915 4209 3025 4263 τῶν
3084 4206 3146 4273 ἐξ
3193 4205 3389 4270 αἰῶνος
3432 4202 3761 4297 γενομένων’

2193 4306 2340 4379 μόνῳ
2358 4307 2417 4361 δὲ
2436 4304 2515 4379 τῷ
2542 4303 2795 4377 ἡμετέρῳ
2824 4301 3090 4375 Σωτῆριή
3117 4300 3226 4355 τῶν
3252 4298 3596 4371 πραγμάτων
3623 4290 3765 4362 ἐνάρ-

2189 4417 2314 4470 γεια
2361 4399 2656 4471 μαρτυρεῖ·
2690 4394 2986 4468 ἐπειδήπερ
3037 4395 3118 4458 είς
3151 4393 3334 4449 πᾶσαν
3364 4391 3465 4465 τὴν
3494 4389 3600 4462 γῆν
3626 4383 3765 4456 ἐξῆλ-
3848 4404 3851 4409 ·

2190 4491 2283 4547 θεν
2333 4494 2363 4546 ὁ
2413 4489 2650 4563 φθόγγος
2689 4487 2797 4542 τῶν
2845 4486 3157 4542 ἀποστόλων
3207 4485 3410 4550 αὐτοῦ,
3456 4484 3554 4540 καὶ
3601 4484 3677 4546 εἰς
3704 4476 3764 4532 τὰ

2120 4609 2165 4665 ι)
2196 4585 2407 4657 πέρατα
2439 4583 2532 4655 τῆς
2553 4580 2879 4654 οἰκουμένης
2906 4579 2977 4637 τὰ
3009 4581 3228 4653 ῥήματα
3260 4576 3443 4633 αὐτῶν
3473 4574 3698 4649 διῆλθεν.

2265 4676 2580 4748 Romani};
2607 4673 2831 4741 αὐτοὺς
2860 4673 2931 4728 ἐν
2948 4667 3150 4737 ῥάϐδῳ
3180 4669 3400 4741 σιδηρᾷ
3424 4712 3440 4738 ,
3476 4672 3560 4738 ὡς
3584 4665 3758 4731 σκεύη

2196 4770 2491 4841 κεραμέως
2543 4768 2902 4837 συντρίψας
2948 4765 3192 4832 αὐτούς.
3267 4763 3463 4820 Λαϐὼν
3500 4763 3597 4836 τὴν
3634 4754 3760 4815 κατά

2195 4864 2413 4918 πάντων
2464 4861 2715 4929 ἐξουσίαν
2736 4900 2752 4922 ,
2811 4859 2939 4922 τοὺς
2987 4857 3285 4931 προτέρους
3345 4856 3587 4920 ἐκείνως
3647 4849 3760 4911 ττιὺς

2194 4957 2335 5013 κατᾶ
2376 4955 2471 5011 σοῦ
2504 4953 2852 5026 φρυάξαντας
2882 4950 2975 5005 καὶ
3007 4950 3140 5005 κενὰ
3172 4950 3576 5023 μελετήσαντας
3593 4988 3608 5012 ,
3636 4941 3758 5002 ἀλλά

2191 5053 2287 5107 καὶ
2335 5053 2461 5116 τοὺς
2492 5048 2878 5122 παραστάντας
2921 5044 3018 5100 καὶ
3072 5043 3435 5115 συναχθέντας
3486 5039 3626 5097 κατὰ
3673 5033 3757 5090 σοῦ

2192 5145 2435 5218 βασιλεῖς
2458 5162 2522 5200 τε
2555 5145 2659 5215 γῆς
2699 5145 2793 5199 καὶ
2832 5142 3101 5216 ἄρχοντας
3128 5140 3437 5210 ποιμανεῖς.
3486 5136 3547 5190 οῦ
3571 5135 3634 5204 τῇ
3660 5126 3756 5184 τῶν

2191 5239 2414 5312 ἡμέρων
2442 5237 2732 5310 προϐάτων
2760 5235 3091 5308 ποιμαντικῇ
3126 5230 3307 5303 ῥάϐδῳ
3325 5270 3341 5293 ,
3385 5231 3452 5301 τῇ
3485 5226 3573 5282 διὰ
3601 5223 3757 5290 λόγων

2190 5332 2285 5387 καὶ
2308 5329 2590 5402 σωτηρίων
2619 5327 2958 5401 μαθημάτων
2975 5342 2990 5356 ⁶
3010 5322 3364 5402 τοιαύτῃ-γὰρ
3383 5321 3576 5392 λογικῇ
3595 5313 3758 5390 ράὄδφ

2189 5422 2259 5477 τὰ
2294 5396 2533 5495 Χριστοῦ
2592 5396 2839 5493 πρόὸατα
2876 5420 2935 5473 ἐν
2970 5419 3093 5481 ταῖς
3134 5396 3398 5488 μάνδραις
3435 5409 3597 5467 αὑτοῦ
3625 5449 3640 5475 ,
3703 5404 3754 5456 ἓν

2187 5516 2310 5578 ταῖς
2351 5512 2697 5584 Ἐκκλησίαις
2727 5511 2822 5566 καὶ
2863 5512 2981 5574 ταῖς
3009 5508 3119 5563 τῶν
3154 5505 3315 5580 ἱερῶν
3338 5502 3568 5577 Γραφῶν
3611 5511 3756 5552 πνευ-

2192 5607 2452 5683 ματικαῖς
2479 5607 2672 5677 νομαῖς
2696 5603 3044 5675 ποιμαίνεται
3067 5619 3079 5634 ·
3116 5599 3230 5656 ἀλλ’
3261 5600 3322 5656 ἐν
3349 5596 3530 5673 ῥάϐδῳ
3554 5586 3751 5663 σιδηρᾷ,

2329 5743 2373 5775 ³³
2409 5741 2558 5800 Psal.
2591 5756 2724 5797 xvm
2746 5781 2761 5807 ,
2796 5740 2850 5798 5.

573 5892 652 5972 (l)
678 5894 866 5967 Αὑτῆ.
914 5910 1023 5954 σπ.
1056 5896 1367 5973 Legendum
1394 5899 1552 5972 αὐτή,
1580 5915 1702 5957 nem
1712 5915 1777 5972 pe
1804 5901 1837 5974 ἡ
1865 5902 1955 5955 ἐπὶ
1984 5902 2087 5971 γῆς

2200 5899 2453 5974 κκλησία.
2490 5899 2646 5959 Enn.
