3994 6448
249 391 316 448 89
1335 389 1842 450 COMMENTARIA
1885 389 1950 444 IN
1987 389 2332 452 PSALMOS.
3419 405 3492 462 90

249 509 318 562 δι’
339 504 412 580 ἦς
439 506 746 580 συντρίψειν
775 509 994 575 αὐτοὺς,
1027 511 1120 564 καὶ
1145 511 1208 566 τὸ
1229 513 1312 586 οίη
1323 529 1398 584 μα
1421 513 1602 568 αὐτῶν
1632 515 1830 568 κατεά-

1937 523 1988 570 et
2019 523 2280 588 tanquam
2339 533 2436 574 vas
2467 517 2614 590 ﬁguli
2643 527 2926 576 conterere
2965 519 3082 590 ipse
3123 519 3344 576 dicitur.
3387 519 3512 574 Vir-

247 601 362 670 ξειν
391 601 548 676 δίκην
591 603 814 670 ἀγγείου
859 603 1180 674 ὁστρακίνου
1212 605 1448 674 λέγεται,
1523 605 1744 660 Ῥάδδον
1773 605 1830 658 δὲ

255 693 480 764 σιδηρᾶν
515 693 614 764 τὴν
658 693 946 766 Ῥωμαίων
973 695 1148 768 ἀρχὴν
1175 693 1314 750 εἷναί
1351 713 1514 769 φησιν
1537 739 1552 762 ,
1601 699 1832 770 ἐπικρα-

249 783 512 854 τεστέραν
531 783 828 858 γενομένην
865 787 1000 856 μετά
1021 787 1120 858 τὴν
1143 785 1236 840 τοῦ
1259 787 1410 858 Σωτῆ
1421 805 1510 860 ρος
1533 789 1690 860 ἡμῶν
1713 789 1834 842 ἑπι-

250 875 498 944 φάνειαν.
563 875 650 942 Ἐξ
673 876 882 932 ἐκείνου
915 879 1028 946 γὰρ
1055 877 1166 931 τῶν
1191 879 1310 932 κατ’
1335 878 1460 950 ἔθνη
1487 879 1832 950 πολυαρχιῶν

251 965 344 1020 καὶ
393 965 506 1020 τῶν
553 967 696 1022 κατά
733 967 918 1040 χώρας
953 969 1256 1040 ὲθναρχιῶν
1293 969 1702 1024 καταλυθεισῶν
1725 1011 1742 1036 ,
1797 975 1830 1044 ἡ

261 1057 548 1128 Ῥωμαίων
571 1060 910 1131 ὲμονάρχησε
943 1059 1210 1130 βασιλεία,
1239 1061 1304 1132 ήν
1345 1063 1438 1116 καὶ
1461 1063 1494 1134 ή
1515 1061 1606 1116 τοῦ
1633 1063 1832 1135 Δανιὴλ

247 1151 556 1222 προφητεία
589 1149 816 1224 σιδηρᾶν
849 1154 1148 1224 προσεῖπεν
1179 1193 1196 1219 ,
1229 1155 1324 1206 ἐπὶ
1363 1153 1464 1224 μὲν
1493 1153 1592 1224 τῆς
1623 1154 1834 1218 εἰκόνος

247 1245 500 1316 φήσασα·
521 1244 578 1296 αί
611 1243 818 1316 κνῆμαι
847 1245 938 1298 καὶ
965 1246 1012 1298 οἱ
1045 1245 1204 1310 πόδες
1233 1247 1476 1318 σιδηροῖ,
1507 1247 1602 1298 καὶ
1629 1247 1730 1318 τὴν
1751 1248 1836 1320 έρ-

247 1337 474 1408 μηνείαν
515 1337 782 1408 ὲκθεμένη
805 1337 896 1392 διά
919 1336 1014 1390 τοῦ
1039 1338 1203 1406 φάναι
1225 1355 1240 1370 ο
1263 1338 1554 1392 Βασιλεία
1579 1337 1832 1406 τετάρτη

243 1433 412 1486 ἔσται
427 1429 648 1500 ισχυρὰ
657 1431 738 1496 ὡς
749 1433 782 1484 ό
789 1429 1056 1498 σίδηρος·
1077 1429 1148 1484 ὃν
1161 1433 1382 1500 τρόπον
1395 1431 1502 1500 γὰρ
1515 1433 1550 1484 ὁ
1563 1429 1830 1498 σίδηρος,

243 1523 526 1582 λεπτυνεῐ
543 1524 642 1577 καί
665 1522 948 1592 δαμάσεν
985 1523 1076 1576 ἐπὶ
1097 1521 1156 1576 δὲ
1179 1521 1280 1592 τῆς
1301 1521 1548 1594 ὁράσεως
1577 1521 1670 1574 τοῦ
1699 1537 1834 1592 προ-

245 1618 410 1688 φήτου
431 1627 444 1640 ’
480 1615 592 1670 Καὶ
623 1613 754 1668 ίδοὺ
773 1653 788 1678 ,
825 1615 988 1684 φησὶν
1007 1653 1021 1678 ,
1071 1613 1216 1674 ζῖῦον
1245 1613 1530 1682 τέταρτον
1555 1612 1828 1682 φοϐερὸν,

245 1707 340 1762 καὶ
369 1710 426 1760 οι
453 1705 704 1772 ὀδόντες
729 1705 914 1760 αὐτοῦ
939 1705 1204 1774 σιδηροῖ,
1237 1705 1448 1760 ἐσθίον
1477 1707 1576 1760 καὶ
1615 1707 1834 1760 λεπτύ-

245 1819 350 1856 νον
364 1841 378 1866 ,
401 1799 502 1854 καί
517 1799 592 1854 τὰ
611 1799 898 1852 ἐπίλοιπα
921 1797 1046 1866 τοῖς
1067 1797 1252 1852 ποσὶν
1271 1799 1458 1853 αὐτοῦ
1479 1797 1826 1852 συνεπάτει.

1933 621 2058 674 gam
2105 617 2288 662 autem
2339 607 2572 664 ferream
2615 607 2926 664 Ennianum
2987 609 3274 680 imperium
3327 618 3506 674 vocat,

1933 698 2078 768 quod
2101 701 2406 756 secundum
2437 699 2744 756 Salvatoris
2773 701 2950 756 nostri
2982 699 3278 756 adventum
3311 709 3510 770 poten-

1935 793 2044 846 tius
2071 794 2266 848 evasit.
2315 791 2452 848 Nam
2497 811 2622 850 cum
2653 795 2848 852 exinde
2893 793 3050 848 multi
3089 793 3335 864 variique
3379 809 3510 862 gen-

1933 885 2072 940 tium
2103 885 2466 962 principatus,
2489 895 2542 943 et
2565 899 2662 958 per
2689 889 2936 944 diversas
2965 887 3214 956 regiones
3257 885 3508 940 domina-

1933 983 2022 1030 tus
2049 975 2344 1030 multorum
2377 977 2622 1048 abrogati
2657 977 2786 1042 sint,
2807 993 2974 1032 unum
3005 975 3372 1030 Romanorum
3405 975 3508 1028 im-

1935 1067 2142 1138 perium
2174 1067 2432 1130 obtinuit,
2455 1067 2600 1139 quod
2625 1069 2676 1124 in
2697 1069 2935 1124 Danielis
2961 1069 3244 1139 prephetia
3271 1067 3504 1122 ferreum

1933 1167 2190 1216 vocatur:
2219 1175 2345 1214 nam
2397 1161 2470 1215 ibi
2507 1161 2576 1216 de
2605 1169 2786 1216 statua
2819 1161 3040 1224 dicitur,
3073 1161 3222 1216 tibiae
3247 1167 3300 1214 et
3339 1157 3506 1230 pedes

1931 1253 2052 1324 ejus
2085 1251 2280 1308 ferrei:
2311 1252 2540 1322 ejusque
2573 1253 2652 1308 rei
2689 1253 3190 1322 interpretationem
3233 1249 3390 1306 affert
3421 1251 3506 1306 his

1933 1345 2150 1402 verbis:
2199 1344 2432 1416 Regnum
2469 1355 2718 1416 quartum
2749 1345 3024 1400 robustum
3083 1345 3184 1400 erit
3207 1343 3344 1398 sicut
3393 1342 3504 1412 fer-

1933 1453 2086 1492 rum:
2119 1437 2560 1506 quemadmodum
2579 1437 2718 1492 enim
2743 1437 2964 1506 ferrum,
2993 1437 3312 1490 comminuet
3337 1443 3388 1490 et
3411 1433 3510 1490 do-

1935 1527 2164 1582 mabit”
2205 1527 2488 1598 Perpende
2515 1527 2668 1590 mihi,
2685 1543 2890 1596 qiizcso.
2909 1526 3188 1596 prophetae
3201 1525 3465 1579 visionem
3489 1543 3502 1578 :

1935 1615 2004 1670 Et
2031 1633 2168 1678 ecce,
2203 1617 2397 1686 inquit,
2425 1616 2592 1672 bestia
2615 1627 2808 1687 quarta
2844 1615 3120 1680 terribilis,
3145 1615 3298 1686 cujus
3327 1613 3504 1668 dentes

1932 1711 2114 1781 ferrei,
2138 1707 2413 1765 comedens
2455 1719 2612 1780 atque
2637 1711 3022 1774 comminuens,
3047 1718 3096 1764 et
3123 1711 3326 1778 reliqua
3357 1705 3506 1777 pedi-

1935 1801 2030 1856 bus
2071 1803 2184 1856 suis
2231 1801 2662 1858 conculcabat“.
2715 1799 2830 1856 Hoc
2863 1799 3050 1872 itaque
3079 1815 3310 1870 regnum
3355 1800 3508 1854 hisce

247 1893 458 1960 Ταύτην
491 1891 670 1946 τοίνυν
699 1891 796 1944 καὶ
827 1891 920 1944 ἐπὶ
945 1889 1038 1944 τοῦ
1079 1891 1344 1962 παρόντος
1395 1889 1689 1960 δηλοῦσθαι
1715 1891 1820 1958 φά-

1937 1895 2112 1950 verbis
2133 1893 2428 1966 signiﬁcari
2469 1893 2744 1950 creditur:
2777 1893 2976 1948 Pasce:
3003 1909 3091 1948 eos
3121 1893 3176 1946 in
3205 1895 3352 1964 virga
3395 1893 3504 1962 {er-

247 2001 462 2048 σκοντος
481 1981 642 2054 λόγου
661 1999 676 2014 ·
695 1981 1008 2053 Ποιμανεῖς
1023 1981 1245 2048 αὐτοὺς
1271 1981 1341 2034 ἐν
1355 1981 1556 2050 ῥάϐδῳ
1587 1979 1826 2050 σιδηρᾷ,

245 2079 322 2144 ὡς
343 2077 536 2146 σκεύη
565 2075 868 2146 κεραμέως
903 2075 1258 2142 συντρίψεις
1289 2073 1532 2140 αὐτούς.
1589 2073 1830 2146 Δυνάμει

247 2169 350 2240 γάρ
379 2169 585 2238 ἀφανεῖ
609 2172 706 2222 καὶ
729 2167 946 2238 ἀοράτῳ
973 2165 1124 2237 παρά
1147 2164 1238 2218 τοῦ
1263 2165 1476 2237 Πατρὸς
1497 2165 1698 2237 κλῆρον
1723 2183 1830 2220 πα-

249 2259 496 2336 ραλαϐὼν
557 2261 628 2314 τά
659 2259 782 2314 καθ’
816 2259 942 2328 ὅλης
992 2259 1089 2329 τῆς
1127 2257 1448 2330 οἰκουμένης
1479 2258 1606 2330 ἔθνη
1637 2261 1668 2312 ὁ
1697 2259 1832 2331 Χρι-

249 2357 366 2422 στὸς
391 2397 408 2420 ,
475 2355 608 2418 τοὺς
647 2353 744 2426 μὲν
783 2351 1161 2422 ὲπεγνωκότας
1201 2351 1364 2405 αὐτὸν
1391 2391 1406 2416 ,
1463 2352 1558 2406 καὶ
1591 2349 1696 2406 ὑπὸ
1730 2352 1829 2423 τὴν

247 2445 406 2504 αὐτοῦ
435 2447 680 2520 μάνδραν
721 2443 1048 2516 γενομένους
1073 2445 1328 2514 ποιμανεῖ
1367 2443 1603 2512 εἰσάγων
1631 2445 1726 2498 καὶ
1745 2443 1832 2510 ἑξ-

249 2543 388 2612 άγων
403 2542 482 2602 είς
495 2539 708 2608 ἀγαθὰς
721 2555 780 2592 νο
787 2535 910 2608 μὰς,
927 2535 1068 2590 ὥστε
1096 2535 1274 2604 λέγειν
1293 2535 1390 2606 τὴν
1405 2535 1570 2590 αὐτοῦ
1597 2535 1830 2607 ποίμνην

249 2635 453 2706 (λογικὴ
483 2635 596 2706 γὰρ
759 2635 972 2704 Κύριος
983 2636 1278 2705 ποιμαίνει
1303 2653 1400 2704 με,
1429 2635 1528 2690 καὶ
1552 2635 1732 2691 οὐδέν
1755 2651 1832 2706 με

249 2729 590 2798 ὑστερήσει.
651 2731 754 2795 Eli;
785 2729 970 2782 τόπον
991 2727 1180 2796 χλόης
1204 2727 1330 2786 ἐκεῖ
1346 2745 1424 2798 με
1453 2727 1832 2795 κατεσκήνω-

250 2837 356 2876 σεν
377 2837 392 2852 ο
431 2819 536 2874 ἐπὶ
565 2821 784 2886 ὕδατος
815 2819 1212 2888 ἀναπαύσεως
1239 2819 1527 2890 ἐξέθρεψέ
1573 2837 1682 2892 με,
1717 2819 1832 2890 τὴν

251 2913 458 2986 ψυχήν
509 2931 630 2984 μου
677 2913 1014 2984 ἐπέστρεψε
1033 2933 1048 2946 ·
1085 2916 1212 2980 τοὺς
1241 2913 1300 2966 δὲ
1329 2913 1674 2984 ἀφηνιῶντας
1723 2913 1832 2966 τῶν

251 3005 414 3062 ὲθνῶν
447 3007 546 3062 καὶ
575 3007 1074 3078 κατεπαιρομένους
1103 3007 1210 3060 τῶν
1243 3005 1408 3060 αὐτοῦ
1443 3005 1728 3078 προϐάτων
1762 3007 1828 3076 τῇ

253 3097 426 3172 ῥάϐδῳ
461 3101 534 3171 τῇ
586 3099 780 3173 σιδηρᾷ
828 3099 1226 3156 καθυποτάττει
1271 3097 1526 3170 δαμάζων
1575 3097 1668 3152 καὶ
1707 3115 1832 3150 συν-

253 3193 446 3264 τρίϐων
473 3193 566 3246 διὰ
617 3195 716 3266 τῆς
756 3193 1070 3264 Ῥωμαῖκῆς
1097 3191 1434 3254 δυναστείας.
1517 3189 1674 3246 Οὕτω
1701 3189 1832 3260 γοῦν

254 3287 538 3356 συμϐαίνει
562 3287 670 3340 τῶν
703 3287 991 3358 ἀπλήστων
1022 3285 1190 3339 ἐθνῶν
1217 3285 1344 3348 τοὺς
1371 3283 1576 3356 θυμοὺς
1605 3285 1698 3338 καὶ
1735 3283 1834 3346 τὰς

253 3377 419 3450 ὁρμὰς
473 3377 576 3444 τὰς
626 3379 766 3432 κατά
819 3378 918 3450 τῆς
963 3376 1290 3446 Ἐκκλησίας
1339 3375 1431 3430 τοῦ
1459 3375 1596 3429 Θεοῦ
1619 3375 1706 3428 διὰ
1731 3375 1828 3447 τῆς

263 3469 576 3540 Ῥωμαῖκῆς
607 3469 836 3541 ἀπειλῆς
887 3467 1322 3540 ἀνακρούεσθαι,
1381 3469 1480 3522 οὐκ
1513 3467 1578 3521 ἂν
1609 3469 1830 3538 ἐπιτρε-

255 3561 462 3632 ψάντων
501 3563 608 3616 τῶν
643 3563 782 3616 κατά
813 3561 996 3626 πόλεις
1019 3561 1300 3634 ἀρχόντων
1319 3577 1380 3614 τε
1409 3559 1503 3614 καὶ
1535 3557 1742 3630 δήμων,
1773 3559 1832 3612 ὲν

259 3655 436 3726 μέσοις
481 3655 664 3710 αὐτῶν
713 3655 972 3726 συστῆναι
1015 3653 1110 3708 τοῦ
1165 3653 1404 3725 Χριστοῦ
1459 3649 1830 3712 διδασκαλίαν,

255 3749 654 3822 ἀνατρεπτικὴν
683 3749 782 3820 τῆς
809 3747 1066 3802 πολυθέΟυ
1101 3747 1312 3818 πλάνης
1334 3744 1512 3800 αὐτῶν
1537 3743 1834 3814 τυγχάνου-

259 3857 372 3903 σαν,
400 3843 448 3894 εί
483 3845 558 3912 μὴ
595 3843 620 3894 ὁ
665 3839 973 3912 Ῥωμαϊκὸς
997 3839 1178 3902 αὐτοῖς
1211 3833 1278 3908 ἧν
1325 3835 1702 3906 ἑπηρτημένος
1743 3831 1836 3902 φό-

259 3934 364 3998 ϐος,
391 3933 490 3987 καὶ
515 3933 582 3986 τὰ
613 3931 964 4004 συντρίϐοντα
993 3931 1192 3994 αὐτοὺς
1219 3929 1312 3982 καὶ
1345 3929 1418 4000 μὴ
1455 3927 1630 3982 ἐῶντα
1665 3941 1836 3993 κεφαο

261 4023 352 4096 λήν
381 4025 588 4098 ἐπᾶραι
617 4024 968 4094 διατάγματα
987 4023 1114 4086 τοὺς
1145 4021 1350 4092 θυμοὺς
1381 4018 1558 4074 αὐτῶν
1585 4017 1832 4088 ἐχαλίνου

261 4117 350 4170 καὶ
373 4115 678 4190 συνέτριϐε.
709 4117 818 4168 Καὶ
839 4113 972 4186 ἄλλῃ
1005 4113 1062 4168 δὲ
1090 4113 1243 4184 θεῖκῇ
1281 4113 1376 4166 καὶ
1417 4111 1714 4182 ἀπορρήτῳ
1743 4107 1836 4160 δυ-

261 4209 412 4280 νάμει
445 4211 474 4262 ὁ
499 4207 734 4280 Χριστὸς
767 4205 834 4260 τὰ
861 4205 958 4276 μὲν
993 4203 1156 4258 αὐτοῦ
1185 4201 1432 4274 πρόϐατα
1463 4201 1684 4273 ἡμέρως
1719 4215 1838 4254 ποι-

267 4301 460 4372 μαίνει,
501 4299 768 4372 μηδέποτε
799 4297 1098 4370 ἀναχωρῶν
1131 4297 1224 4350 ἀπ’
1257 4295 1456 4356 αὐτῶν,
1491 4293 1612 4348 καθ’
1639 4294 1706 4365 ἢν
1737 4309 1840 4346 πε·-

265 4393 478 4464 ποίηται
519 4391 850 4462 ἐπαγγελίαν
901 4393 1110 4462 φήσας·
1156 4391 1340 4442 Ὅπου
1393 4385 1472 4441 ὃν
1509 4381 1634 4440 εἶεν
1657 4385 1766 4439 δύο
1797 4383 1836 4454 ἢ

265 4483 414 4552 τρεῖς
439 4483 806 4552 συνηγμένοι
831 4483 902 4536 ὲν
923 4481 1006 4547 τῷ
1033 4481 1278 4550 ὀνόματί
1303 4496 1444 4548 μου,
1483 4477 1612 4530 ἐκεῖ
1627 4479 1744 4545 ειμι
1769 4475 1841 4530 ἐν

266 4575 422 4646 μέσῳ
449 4575 650 4632 αὐτῶν
669 4593 684 4606 ·
709 4575 806 4630 καὶ
833 4573 996 4629 πάλιν
1015 4589 1030 4604 ο
1069 4571 1214 4628 Ἰδσὺ
1242 4571 1357 4642 ἐγὼ
1371 4571 1503 4640 μεθ’
1531 4567 1700 4638 ὑμῶν
1721 4571 1840 4638 ειμι

1937 2003 2046 2052 rea,
2075 1997 2326 2058 tanquam
2363 2003 2490 2040 uasa
2521 1987 2672 2056 figuli
2711 1987 3010 2058 confringe;
3037 2001 3150 2040 eos.
3189 1985 3326 2040 Cum
3357 1985 3506 2040 enim

1931 2079 2134 2134 latente
2185 2087 2350 2150 atque
2393 2079 2652 2134 invisibili
2679 2087 2950 2150 potestate
2977 2077 3232 2134 Christus
3265 2093 3296 2130 a
3345 2075 3508 2132 Patre

1931 2168 2198 2224 universa:
2219 2179 2380 2226 terra:
2409 2169 2640 2240 populos
2669 2169 2726 2224 in
2753 2169 3124 2226 haereditatem
3163 2167 3466 2238 accepisset
3491 2181 3506 2230 ;

1931 2259 2056 2314 illos
2085 2259 2308 2330 quidem
2357 2258 2450 2330 qui
2491 2275 2552 2314 se
2587 2271 2878 2326 noverunt,
2911 2267 2964 2316 et
2999 2253 3210 2314 in'ovili
3243 2275 3342 2314 suo
3371 2273 3506 2313 con-

1933 2351 2156 2418 sistunt,
2205 2351 2402 2420 pascit,
2453 2349 2508 2404 in
2541 2365 2748 2420 pascua
2777 2351 2920 2406 bona
2966 2351 3208 2406 educens
3243 2363 3308 2404 ac
3343 2349 3508 2404 redu-

1931 2458 2062 2500 cens
2087 2461 2102 2511 ;
2139 2445 2213 2498 ita
2241 2455 2300 2498 ut
2327 2443 2448 2514 ejus
2477 2443 2640 2508 ovile,
2675 2451 2864 2512 utpote
2891 2443 3236 2502 rationabile.
3275 2443 3388 2497 haec
3419 2444 3504 2496 lo-

1933 2543 2170 2606 quatur:
2203 2535 2464 2590 Dominus
2493 2537 2664 2605 pascit
2711 2553 2812 2598 me,
2839 2545 2888 2590 et
2927 2535 3058 2590 nihil
3083 2535 3212 2590 mihi
3241 2533 3426 2598 deerit,
3453 2535 3508 2588 in

1933 2629 2046 2682 loco
2067 2643 2280 2698 pascua:
2303 2627 2376 2681 ibi
2407 2643 2490 2682 me
2527 2627 2826 2682 collocavit.
2873 2627 3044 2696 Super
3083 2643 3277 2698 aquam
3315 2628 3508 2700 quietis

1931 2719 2172 2774 educavit
2203 2735 2304 2782 me,
2349 2721 2584 2778 animum
2623 2735 2792 2774 meam
2824 2721 3164 2776 conuertit“.
3218 2719 3296 2774 Ex
3331 2722 3512 2790 genti-

1933 2813 2038 2870 bus
2085 2829 2254 2886 porro
2283 2829 2380 2870 eos
2407 2815 2500 2886 qui
2527 2829 2654 2870 cum
2693 2815 2896 2885 itnp‘etu
2933 2813 3206 2878 feruntur,
3233 2817 3288 2868 et
3311 2813 3510 2866 adver~

1934 2919 2056 2960 sum
2117 2905 2242 2974 ejus
2277 2919 2408 2960 oves
2442 2905 2758 2976 insurgunt,
2797 2904 2969 2974 virga:
3017 2901 3210 2958 ferrem
3261 2901 3510 2972 subjicit,

1933 3012 2032 3068 per
2045 2995 2349 3051 Romanam
2369 3005 2520 3067 potes
2529 3003 2692 3052 tatem
2710 2995 2942 3051 domans
2953 3003 3044 3064 atq
3053 3011 3118 3050 ne
3135 3001 3400 3050 atterens.
3423 2991 3500 3046 lta

1935 3089 2142 3146 scilicet
2162 3089 2430 3160 contingit
2457 3087 2792 3144 insatiabiles
2819 3089 3060 3158 gentium
3105 3087 3318 3140 animos
3347 3093 3512 3156 atque

1935 3181 2174 3252 impetus
2195 3181 2458 3236 adversus
2477 3179 2779 3236 Ecclesiam
2803 3178 2918 3242 Dei,
2943 3193 3040 3248 per
3063 3178 3212 3232 solas
3231 3175 3509 3230 Barcano-

1937 3287 2060 3328 rmn
2093 3273 2273 3327 minas
2309 3273 2636 3343 propulsari.
2675 3269 2866 3340 Neque
2891 3271 3036 3326 enim
3073 3269 3348 3339 principes
3377 3267 3514 3322 civi-

1943 3373 2120 3418 tatum
2181 3378 2246 3418 ac
2297 3363 2625 3434 pepulerum
2655 3401 2672 3427 ,
2725 3361 2932 3416 Christi
2989 3359 3296 3414 doctrinam
3331 3399 3346 3426 ,
3401 3373 3510 3428 qua

1933 3471 2126 3512 eorum
2173 3455 2242 3510 de
2287 3455 2449 3510 turba
2482 3455 2770 3510 numinum
2799 3469 2956 3510 error
2987 3457 3271 3520 evertitur,
3301 3455 3356 3508 in
3393 3469 3512 3508 me-

1933 3547 2028 3600 dio
2061 3545 2148 3602 sui
2195 3546 2500 3600 consistere
2533 3543 2819 3608 sinerent,
2869 3543 2978 3596 nisi
3023 3545 3342 3596 imminente
3377 3541 3514 3611 ipsis

1936 3635 2308 3692 Romanorum
2357 3645 2544 3702 metu,
2593 3651 2658 3690 ac
2705 3633 2810 3690 nisi
2847 3633 3036 3703 jussa,
3079 3633 3286 3704 quibus
3317 3640 3510 3686 conte—

1935 3739 2154 3794 runtur,
2201 3737 2264 3784 ut
2309 3743 2490 3798 neque
2531 3727 2838 3782 concedant
2891 3725 3028 3796 ipsis
3069 3725 3154 3780 vel
3197 3735 3362 3794 caput
3403 3723 3514 3778 cri-

1935 3837 2063 3894 gere
2085 3863 2100 3888 ,
2141 3821 2354 3882 animos
2383 3835 2576 3876 eorum
2611 3817 2854 3874 frenaret
2899 3827 3062 3888 atque
3107 3817 3514 3885 comprimeret.

1937 3914 2056 3968 Alia
2111 3927 2330 3984 quoque
2379 3913 2568 3968 divina
2631 3925 2696 3966 ac
2745 3919 2956 3966 secreta
3005 3909 3210 3964 virtute
3261 3907 3516 3962 Christus

1939 4021 2070 4062 oves
2111 4021 2242 4062 suas
2274 4005 2472 4060 leniter
2515 4004 2726 4075 pascit,
2777 4017 3058 4072 nunquam
3099 4001 3168 4054 ab
3199 3999 3334 4068 ipsis
3363 4013 3518 4052 rere-

1937 4101 2074 4158 dens
2105 4099 2410 4156 secundum
2445 4099 2872 4170 promissionem
2901 4111 3010 4166 qua
3041 4111 3102 4150 se
3131 4093 3394 4164 obligavit
3429 4093 3518 4148 his

1938 4193 2122 4250 verbis
2155 4213 2168 4247 :
2217 4191 2318 4246 Ubi
2355 4193 2460 4246 duo
2494 4191 2573 4246 vel
2611 4201 2716 4244 tres
2753 4189 3055 4258 congregati
3089 4187 3294 4254 fuerint
3329 4185 3380 4236 in
3421 4201 3518 4238 no-

1937 4285 2078 4338 mine
2103 4299 2214 4338 meo
2233 4323 2248 4346 ,
2281 4281 2392 4335 illic
2417 4297 2536 4334 sum
2563 4281 2616 4334 in
2641 4279 2814 4334 medio
2843 4293 3022 4332 eorum
3055 4277 3096 4306 ”
3123 4289 3140 4338 ;
3171 4283 3226 4328 et
3251 4287 3470 4327 rursum
3501 4290 3514 4326 :

1941 4375 2078 4430 Ecce
2117 4391 2210 4444 ego
2256 4371 2518 4428 vobiscum
2563 4389 2678 4428 sum
2723 4369 2966 4426 omnibus
3013 4367 3198 4422 diebus
3239 4381 3402 4436 usque
3445 4361 3516 4416 ad

1943 4467 2457 4523 consummationem
2495 4465 2680 4520 secuti
2719 4463 2782 4516 ⁸⁸.
2817 4459 2924 4516 Eos
2963 4467 3142 4514 autem
3189 4459 3286 4528 qui
3327 4465 3518 4510 contra

1945 4559 2090 4614 ovile
2121 4573 2282 4613 suum
2313 4555 2486 4610 variis
2513 4551 2854 4624 temporibus
2885 4551 3208 4619 insurgunt,
3245 4546 3362 4614 ipse
3393 4559 3522 4598 rur-

267 4637 462 4734 Wuc
481 4667 588 4734 τὰς
603 4665 826 4736 ἡμέρας
847 4666 956 4732 ἓως
977 4663 1090 4732 τῆς
1109 4637 1462 4728 συντελείας
1479 4637 1584 4714 τοῧ
1603 4637 1835 4724 αἰῶνος·

1947 4667 2068 4708 sum
2101 4651 2310 4706 latente
2338 4657 2502 4718 atque
2533 4645 2792 4702 invisibili
2821 4649 3090 4714 potestate
3117 4637 3328 4694 invadit
3355 4644 3520 4706 atque

267 4763 388 4827 τοὺς
407 4763 452 4818 δ’
483 4759 944 4832 ἐπανισταμένους
973 4755 1140 4812 αὑτοῦ
1165 4759 1232 4828 τῇ
1255 4754 1456 4826 ποίμνῃ
1485 4753 1544 4806 ὲν
1563 4753 1678 4816 τοῖς
1701 4749 1842 4804 κατά

271 4857 486 4931 χρόνους
511 4855 772 4926 διωγμοῖς
797 4853 958 4908 πάλιν
987 4851 1154 4916 αὐτὸς
1185 4849 1506 4922 μετέρχεται
1527 4845 1726 4916 ἀφανεῖ
1745 4843 1842 4897 καὶ

275 4949 478 5020 ἀοράτῳ
497 4945 724 5018 δυνάμει
755 4943 998 5009 κολάζων
1027 4943 1086 4996 ἐν
1116 4941 1298 5014 ῥάϐδῳ
1331 4937 1544 5010 σιδηρᾷ,
1581 4933 1717 4990 ἀλλὰ
1749 4933 1846 4986 καὶ

273 5043 366 5113 τὴν
389 5041 764 5114 ὑπερηφανίαν
793 5037 970 5093 αὐτῶν
1009 5037 1104 5090 καὶ
1133 5034 1196 5088 τὸ
1237 5033 1462 5103 ἔπαρμα
1505 5029 1604 5100 τῆς
1641 5023 1842 5090 ἀλαζο-

277 5135 416 5200 νείας
445 5137 519 5199 ὡς
545 5133 714 5204 σκεύη
743 5133 984 5204 κεράμια
1019 5127 1294 5201 συντρίϐει
1315 5145 1328 5155 ·
1361 5127 1436 5188 ὡς
1473 5123 1574 5196 ήδη
1615 5119 1842 5192 μυρίους

278 5227 448 5282 αὐτῶν
477 5228 582 5282 ὑπὸ
609 5225 716 5280 τῶν
741 5223 1014 5295 θεηλάτων
1041 5219 1202 5274 αὐτοῦ
1233 5217 1512 5290 μαστίγων
1551 5211 1844 5282 ἐλαυνομέ-

281 5339 396 5386 νους
415 5321 594 5376 δοῦναι
621 5317 776 5385 δόξαν
799 5315 876 5388 τῷ
897 5313 1016 5386 Θεῷ
1037 5354 1053 5378 ,
1083 5311 1178 5368 καὶ
1222 5303 1722 5380 ἐξομολογήσασθαι
1745 5301 1848 5366 τὰς

283 5411 584 5475 δυσσεϐείας
625 5409 821 5464 αὐτῶν.
869 5407 964 5473 Ὡς
1011 5405 1202 5470 σκεύη
1251 5399 1546 5470 κεραμέως
1605 5393 1848 5463 συντρί-

283 5505 412 5571 trem
435 5501 652 5568 αὐτούς
669 5517 682 5532 ·
717 5501 816 5570 οὐχ
847 5497 988 5552 ὥστε
1013 5493 1276 5548 ἀπολέσαι
1299 5489 1393 5544 καὶ
1421 5485 1694 5542 ἀναλῶσαι
1723 5499 1850 5538 συν-

285 5595 470 5666 τρίϐει,
503 5593 616 5650 ἀλλ’
645 5593 782 5648 ὥστε
815 5589 1153 5645 ἀναπλάσαι*
1203 5585 1340 5656 πρὸς
1377 5581 1538 5636 τοῦτο
1585 5579 1694 5652 γὰρ
1723 5595 1852 5632 σκο-

289 5689 382 5754 πὸς
401 5689 476 5762 τῷ
503 5689 734 5762 κεραμεῖ
757 5681 1058 5755 συντρίϐειν
1083 5681 1152 5734 τὰ
1195 5679 1368 5732 οἰκεῖα
1393 5673 1560 5746 σκεύη
1579 5713 1592 5738 ,
1617 5673 1742 5726 ὅταν
1773 5667 1852 5722 ἔτι

1949 4745 2188 4815 castigat
2235 4743 2290 4796 in
2341 4742 2494 4810 virga
2543 4738 2754 4802 ferrea,
2819 4737 2930 4790 imo
2979 4734 3142 4790 etiam
3201 4728 3518 4800 superbiam

1951 4849 2144 4892 eorum
2189 4831 2592 4901 elationemque
2649 4829 3006 4900 arrOgantiae,
3071 4833 3332 4892 tanquam
3393 4835 3521 4874 vasa

1947 4933 2192 4981 testacea
2221 4921 2554 4992 confringit;
2599 4921 2674 4976 ita
2707 4928 2768 4976 ut
2799 4919 2914 4989 jam
2957 4915 3156 4972 inﬁniti
3206 4927 3400 4970 eorum
3449 4912 3522 4966 ob

1949 5019 2224 5074 divinitus
2281 5015 2528 5071 immissa
2575 5013 2646 5070 ab
2699 5013 2822 5084 ipso
2869 5009 3082 5080 ﬂagella
3137 5003 3400 5062 couunoti
3457 5017 3526 5058 ac

1947 5111 2228 5184 perculsi,
2279 5107 2510 5180 gloriam
2561 5104 2676 5162 Deo
2723 5103 3004 5170 referant,
3055 5109 3110 5158 et
3157 5099 3524 5154 conﬁteantur

1947 5205 2256 5276 impietates
2305 5217 2456 5260 suas.
2513 5201 2790 5270 Tanquam
2841 5215 2970 5253 uasa
3019 5193 3168 5266 figuli
3223 5192 3524 5262 confringe:

1951 5315 2044 5354 eos
2073 5313 2092 5351 :
2123 5297 2219 5368 qui
2253 5311 2360 5351 non
2397 5291 2660 5366 perdendi
2701 5305 2764 5345 ac
2793 5285 3148 5346 consumendi
3193 5297 3362 5340 causa
3391 5295 3526 5336 con.-

1949 5391 2116 5458 terit,
2147 5387 2244 5446 sed
2273 5383 2636 5442 reformandi.
2671 5381 2774 5438 llic
2801 5391 2886 5438 est
2913 5383 3058 5436 enim
3091 5377 3244 5448 ligul-i
3279 5387 3484 5442 secpus
3503 5409 3524 5438 .

1951 5499 2076 5538 cum
2121 5497 2252 5536 vasa
2299 5479 2520 5551 propria
2561 5475 2838 5540 conterit,
2879 5471 3100 5544 quando
3129 5469 3344 5526 scilicet
3383 5465 3526 5520 inte-

1949 5589 2101 5646 gram
2145 5573 2328 5628 adhuc
2369 5579 2424 5628 et
2475 5585 2664 5627 sanam
2711 5567 2994 5626 materiam
3039 5577 3196 5622 suam
3247 5575 3354 5616 non
3397 5565 3526 5612 ante

1951 5667 2062 5738 igni
2105 5665 2362 5722 traditam
2403 5671 2714 5721 conservat.
2751 5659 2878 5716 Haec
2907 5655 3230 5714 testiﬁcatur
3257 5651 3528 5708 Jeremias

359 5869 400 5902 "
439 5868 570 5926 Dan.
645 5887 707 5936 ιι,
761 5869 844 5929 40,
941 5865 984 5896 ¹⁶
1027 5861 1160 5918 Dan.
1192 5875 1304 5926 vn,
1341 5857 1404 5912 7.‘
1473 5857 1514 5934 ξε
1555 5851 1704 5910 Psal.
1739 5863 1830 5906 ut

1937 5847 2046 5904 [-5.
2130 5847 2169 5877 "
2213 5843 2400 5900 Matth.
2437 5857 2606 5908 ιινιιι,
2641 5841 2732 5896 20.
2813 5839 2854 5870 “
2895 5833 3086 5914 Matth.
3121 5844 3328 5896 nvm,
3357 5827 3452 5882 ‘30.
