3994 6448
353 362 415 418 9i
1047 355 1315 416 κυεειιιι
1353 358 1834 417 ΟΕΕᾹΒΙΕΝΒΙΒ
1870 356 2244 417 0PP.PARS.
2278 332 2371 410 111.
2408 390 2486 407 -
2511 363 2925 422 EXEGETICA.
3531 365 3603 421 9S

350 476 650 551 propheta.
679 473 808 532 dum
840 477 1000 549 quasi
1028 492 1093 534 ex
1125 492 1359 550 persona
1392 477 1486 535 Dei
1516 477 1599 535 sic
1624 475 1913 549 loquitur:

2029 476 2150 547 ὑγιῆ
2174 476 2269 530 καὶ
2291 470 2553 549 ἀκεραιον
2575 476 2724 551 σώζῃ
2743 476 2840 533 τοῦ
2867 475 3156 550 κεραμιως
3185 476 3289 552 τὴν
3313 477 3605 534 οιάπλασιν

352 567 609 641 Nunquid
644 570 783 625 sicut
811 569 1007 641 ﬁgulus
1036 587 1141 625 non
1177 580 1357 640 potero
1392 569 1536 626 vobis
1569 569 1771 640 facere,
1807 566 1907 623 do-

349 678 468 716 mus
502 660 713 725 Israel,
747 662 881 715 dicit
910 660 1173 718 Dominus
1201 664 1290 718 ¹⁹⁴ί
1318 662 1372 719 id
1402 671 1516 728 est,
1548 663 1630 720 sic
1653 670 1710 720 et
1739 663 1925 733 lapsos

348 753 680 819 reformare,
718 768 785 809 ac
822 768 1021 811 rursus
1059 754 1115 810 in
1156 754 1446 826 pristinam
1486 754 1721 813 formam
1761 757 1928 814 resti-

350 857 522 903 tuere.

424 1134 589 1195 Vens.
637 1137 820 1194 lO-lﬁ.
866 1137 935 1193 Et
982 1155 1147 1205 nunc,
1204 1155 1379 1210 reges,
1437 1138 1752 1212 sntelligite,
1811 1157 1931 1196 eru-

351 1216 543 1285 dimini
566 1231 659 1301 qui
679 1228 941 1300 iudicatis
973 1240 1192 1286 terram.
1226 1231 1432 1287 Servite
1483 1232 1708 1288 Domino
1751 1235 1806 1288 in
1855 1235 1924 1288 ti-

350 1337 529 1387 more,
581 1331 634 1378 et
674 1322 940 1378 exsultat:
983 1324 1033 1377 ei
1075 1339 1197 1377 cum
1236 1333 1484 1380 tremore.
1541 1326 1925 1396 Apprehendite

348 1410 723 1483 disciplinam.
755 1430 820 1470 ne
859 1413 1072 1485 quando
1106 1415 1376 1471 irascatur
1417 1416 1696 1473 Dominus.
1738 1417 1924 1473 Evano

349 1504 579 1575 gelicam
618 1503 873 1561 videlicet
920 1504 1093 1576 legem
1157 1506 1415 1578 exponit,
1462 1507 1589 1563 inde
1647 1510 1923 1565 translato

350 1599 604 1655 serlnone
626 1636 641 1664 ,
673 1596 1018 1670 principibus
1046 1613 1109 1655 ac
1150 1599 1372 1671 regibus
1393 1639 1409 1663 ,
1458 1599 1514 1655 in
1552 1601 1705 1672 virga
1744 1600 1922 1658 ferrea

350 1688 683 1760 pascendis;
714 1689 945 1760 aitque:
998 1687 1186 1745 Heus!
1240 1705 1368 1756 vos,
1418 1690 1575 1762 gnari
1621 1700 1677 1746 et
1720 1692 1926 1748 intelli-

349 1788 541 1853 gentes
567 1787 769 1852 quanta
799 1788 1046 1850 potestas
1075 1781 1197 1852 ejus
1228 1780 1302 1838 sit
1328 1782 1422 1853 qui
1453 1796 1484 1836 a
1514 1780 1678 1839 Patre
1709 1785 1922 1855 accepit

350 1838 542 1943 gentes
568 1838 624 1928 in
658 1838 1034 1929 bmreditatem
1057 1912 1072 1939 ,
1102 1838 1157 1928 et
1182 1838 1363 1945 qualis
1392 1874 1465 1930 sit
1502 1875 1655 1946 virga
1687 1875 1779 1929 illa
1809 1838 1921 1930 retr;
1957 1838 1997 1891 Β

347 1977 445 2020 rea
492 1970 685 2019 contra
732 1978 827 2019 vos
877 1970 1081 2029 erecta,
1113 1963 1274 2020 linem
1315 1971 1507 2020 contra
1533 1979 1656 2020 eum
1688 1965 1926 2021 bellandi

354 2054 549 2118 facite,
596 2054 693 2111 sed
740 2055 926 2127 potius
975 2062 1200 2127 accepta
1236 2056 1636 2127 intelligentia,
1681 2056 1929 2113 rationa-

355 2144 455 2203 bili
487 2144 797 2205 disciulinte
822 2161 922 2204 vos
949 2145 1322 2204 instituendos
1352 2147 1571 2205 tradite.

417 2317 586 2377 Vens.
624 2320 713 2377 15.
756 2320 892 2378 Cum
926 2322 1189 2378 exarserit
1226 2321 1285 2377 in
1313 2322 1455 2379 brevi
1484 2324 1569 2380 ira
1594 2324 1751 2396 ejus:
1785 2324 1927 2381 beati

350 2431 530 2471 omnes
567 2415 660 2485 qui
697 2412 971 2484 conﬁdunt
1008 2414 1063 2468 in
1094 2430 1175 2470 eo.
1210 2413 1369 2482 Quod
1399 2424 1583 2472 autem
1614 2417 1670 2472 in
1701 2416 1814 2474 Deo
1844 2418 1924 2473 ira

350 2516 405 2562 et
434 2505 589 2562 luror
616 2520 727 2561 non
757 2506 866 2562 sint
893 2507 1169 2576 passiones
1191 2546 1206 2572 ,
1236 2506 1539 2563 declaravit
1566 2507 1757 2566 beatus
1782 2508 1927 2565 Pau-

349 2600 437 2657 lus
465 2597 554 2656 his
582 2598 803 2656 verbis:
837 2596 1138 2654 Secundum
1176 2608 1355 2655 autem
1392 2599 1649 2654 duritiam
1681 2611 1840 2656 tuam'
1872 2613 1923 2656 et

348 2692 674 2764 impmnitens
712 2708 824 2753 cor.
871 2690 1203 2746 thesaurisas
1234 2689 1331 2745 tibi
1352 2691 1501 2761 jram
1533 2691 1587 2744 in
1616 2690 1702 2745 die
1723 2691 1821 2746 im
1850 2692 1920 2749 ὀ.

347 2785 516 2854 Queis
542 2783 835 2855 signiﬁcat,
867 2789 1216 2853 peccatorum
1244 2781 1584 2853 punitionem
1610 2781 1795 2836 vocari
1822 2779 1927 2837 lu-

348 2891 530 2934 rorem
559 2884 615 2933 et
641 2876 798 2931 iram.
829 2872 955 2945 Ipsi,
981 2874 1177 2944 inquit.
1201 2873 1422 2930 Christo
1451 2871 1810 2941 conﬁdentes,
1827 2875 1923 2946 qui

351 2983 448 3039 per
473 2974 645 3023 totum
677 2965 823 3021 hunc
854 2963 1124 3035 psalmum
1162 2964 1478 3035 prapltctice
1504 2964 1920 3035 praenuntiatum

346 3077 454 3119 non
492 3060 666 3116 multo
693 3069 903 3130 postea,
934 3055 1117 3112 brevis
1148 3070 1386 3126 namque
1415 3071 1656 3127 prmsens
1680 3056 1790 3111 vita
1814 3064 1920 3123 est,

346 3155 489 3211 beati
517 3152 880 3225 reperientur.
919 3148 1019 3205 His
1047 3156 1231 3205 autem
1252 3149 1437 3205 verbis
1459 3164 1523 3205 ea
1547 3148 1747 3206 litteris
1776 3164 1927 3206 con—
1950 3172 1994 3228 ο

250 3282 259 3295 ι
347 3247 550 3319 signat,
585 3259 709 3316 quae
746 3243 802 3301 in
836 3241 1015 3315 primo
1041 3240 1255 3313 psalmo
1283 3241 1531 3297 deerant.
1564 3240 1685 3297 Non
1727 3241 1927 3298 sullicit

344 3342 491 3397 enim
529 3340 585 3396 in
624 3338 915 3395 consilium
951 3336 1245 3406 impiorum
1286 3349 1398 3389 non
1438 3333 1721 3399 accedere,
1754 3334 1811 3389 in
1839 3336 1925 3391 via

346 3438 698 3505 peccatorum
728 3446 836 3485 non
863 3436 1034 3493 stare,
1069 3435 1125 3485 et
1152 3428 1208 3485 in
1240 3426 1358 3498 lege
1389 3426 1679 3493 meditari;
1716 3434 1773 3481 at
1815 3442 1925 3483 non

348 3528 554 3583 lrustra
582 3520 957 3579 meditandum
985 3528 1091 3587 est,
1115 3520 1211 3577 sed
1231 3535 1297 3576 ex
1322 3518 1392 3575 iis
1417 3517 1485 3574 ad
1509 3516 1716 3574 Christi
1737 3519 1926 3590 cogni-

346 3617 551 3674 tionem
594 3616 780 3673 venire
812 3629 910 3685 par
946 3619 1052 3677 est.
1094 3611 1151 3667 in
1194 3609 1440 3680 ejusdem
1499 3617 1709 3682 partem
1761 3618 1925 3681 atque

347 3707 716 3764 hereditatem
768 3703 1049 3769 accedere,
1085 3716 1149 3756 ac
1195 3716 1291 3772 per
1328 3700 1487 3756 iidem
1524 3709 1581 3756 et
1618 3715 1785 3771 opera
1818 3700 1921 3771 ipsi

345 3800 641 3857 conlidere.
668 3797 805 3855 Cum
833 3800 1013 3868 itaque
1035 3795 1270 3851 duorum
1292 3793 1557 3851 horumce
1586 3795 1921 3865 psalmorum

346 3908 454 3950 una
491 3892 566 3949 sit
605 3890 898 3954 sententia,
926 3886 1052 3958 jure
1096 3886 1134 3942 ii
1173 3885 1317 3956 apud
1352 3884 1610 3943 Hebraeos
1641 3884 1923 3957 conjuncti

345 3998 496 4045 Illﬂl.

731 4083 1133 4144 ENAllRATIO
1172 4083 1423 4140 PSALMI
1454 4082 1523 4138 Ill

346 4186 599 4245 Psalmus
646 4181 838 4248 David,
879 4176 1117 4319 quanglo”
1140 4177 1374 4260 fugiebat
1414 4193 1447 4230 a
1487 4176 1624 4247 {acie
1666 4174 1918 4230 Absalom

1077 4265 1115 4303 ιι
1152 4264 1256 4304 sui.

416 4363 582 4421 Vens.
606 4363 656 4419 l.
681 4361 1004 4417 Necessario
1029 4368 1245 4431 tempus
1267 4361 1516 4424 adnotat,
1538 4366 1597 4412 ut
1617 4356 1780 4412 dictis
1802 4356 1919 4414 suis

346 4454 658 4527 Regnorum
683 4451 967 4508 historiam
990 4456 1304 4516 contrectat,
1323 4457 1492 4520 utque
1510 4448 1843 4512 ediscamus,
1859 4464 1919 4504 se

2028 565 2242 621 οὐδέπω
2268 566 2405 638 πυρὶ
2456 567 2933 640 προσωμιληκάτα.
2976 568 3198 632 Τούτοις
3237 567 3296 622 δι
3340 572 3609 640 μαρτυρεῖ

2028 659 2121 713 καὶ
2145 661 2175 714 6
2201 658 2470 731 μακάριος
2506 659 2774 731 Ἱερεμίας
2795 660 2825 713 6
2863 660 3149 732 προφήτης
3166 698 3183 723 ,
3231 657 3406 729 λέγων
3432 660 3509 724 ὡς
3538 663 3607 715 ὲκ

2024 747 2119 803 τοῦ
2147 749 2317 803 Θεοῦ’
2356 750 2425 806 Ἢ
2453 748 2650 817 καθὼς
2674 753 2709 805 ὁ
2741 750 3053 820 κεραμεὺς,
3102 750 3286 817 οὕτως
3312 752 3387 805 οὐ
3420 750 3608 819 δυνή-

2025 856 2205 910 σομαι
2233 839 2340 895 τοῦ
2360 839 2609 910 ποιῆσαι
2632 840 2795 911 ὑμῖν,
2817 841 2985 908 οἶκος
3016 840 3274 910 Ἰσραὴλ,
3298 840 3463 911 λέγει
3487 843 3609 898 Κύ-

2015 947 2186 1001 ριος;
2218 931 2516 997 τουτέστιν,
2579 932 2724 987 οὕτω
2753 936 2850 987 καὶ
2881 934 3239 997 διαπεσόντας
3270 933 3605 1002 ἀναπλάσαι,

2025 1022 2121 1078 καὶ
2155 1023 2316 1077 πάλιν
2348 1025 2428 1088 είς
2456 1024 2520 1079 τὸ
2555 1026 2782 1097 ἀρχαῖον
2812 1025 3284 1096 ἀποκαταστῆσαι.

2094 1115 2205 1169 Kal
2233 1113 2368 1179 νῦν,
2392 1115 2694 1183 βασιλεῖς,
2721 1117 2959 1181 σύνετε,
2983 1115 3339 1187 παιδεύθητε
3378 1117 3607 1187 πάντες

2023 1212 2079 1264 οί
2109 1210 2416 1278 κρίνοντες
2448 1209 2563 1280 τὴν
2584 1209 2722 1281 γῆν.
2767 1211 3144 1266 Δου.ῑεύοάτε
3181 1210 3262 1277 τῷ
3308 1213 3509 1280 Κυρίῳ
3532 1215 3609 1267 ἐν

2022 1302 2205 1370 φόϐῳ,
2233 1302 2330 1356 καὶ
2364 1301 2737 1373 ἀγαλλιᾶσθε
2774 1302 2936 1368 αὐτῷ
2958 1303 3029 1356 ἐν
3052 1304 3261 1372 τρόμῳ.
3297 1302 3608 1372 Δράξασθε

2024 1389 2314 1457 παιδείας,
2333 1391 2564 1462 μήποτε
2587 1392 2836 1462 ὀργισθῇ
2852 1394 3087 1461 Κύριος.
3116 1393 3229 1463 Τῆς
3245 1392 3609 1465 εὖαγγελικῆς

2022 1483 2264 1555 δηλονότι
2291 1483 2628 1555 νομοθεσίας.
2668 1484 2946 1539 Ἐντεῦθεν
2992 1484 3370 1555 μεταϐατικῶς
3393 1488 3423 1540 6
3448 1485 3609 1555 λόγος

2020 1573 2366 1630 διδασκαλίαν
2380 1574 2651 1631 ἐκτίθεται
2665 1578 2777 1640 τοῖς
2805 1576 3033 1649 ἄρχουσι
3063 1576 3156 1630 καὶ
3170 1578 3281 1641 τοῖς
3305 1575 3606 1647 βασιλεῦσι,

2021 1666 2135 1727 τοῖς
2180 1664 2286 1721 ὑπὸ
2328 1667 2396 1737 τῇ
2438 1664 2634 1738 σιδηρᾷ
2679 1665 2861 1739 ῥάϐδῳ
2906 1665 3458 1738 ποιμανθησομόνοις,
3510 1668 3607 1723 καί

2023 1771 2217 1827 φησιν’
2239 1757 2322 1810 ὃτι
2346 1756 2609 1822 Γνῶντες,
2638 1751 2685 1811 ὦ
2712 1752 2879 1820 οὗτοι,
2910 1757 3004 1812 καὶ
3024 1758 3276 1822 συνόντες
3314 1759 3489 1830 ὁπόση
3521 1777 3607 1824 τις

2024 1847 2308 1921 ήδύναμις
2336 1847 2432 1903 τοῦ
2475 1849 2628 1921 παρὰ
2656 1848 2750 1904 τοῦ
2788 1849 3001 1920 Πατρδς
3041 1849 3323 1920 εἰληφότος
3361 1849 3430 1905 τά
3474 1850 3608 1923 εθνη

2026 1937 2408 2012 κληρονομίαν,
2432 1939 2527 1997 καὶ
2546 1940 2708 1994 ὁποία
2733 1957 2819 2005 τις
2847 1941 3153 2014 τυγχάνειή
3187 1940 3383 2014 σιδηρᾶ
3407 1942 3608 2015 ῥάϐδος

2025 2031 2061 2103 ἡ
2096 2030 2219 2085 καθ’
2259 2031 2413 2103 ὑμῶν
2447 2032 2865 2105 ὲπεγειρομένη,
2910 2032 3192 2087 παύσασθε
3239 2033 3606 2106 πολεμοῦντες

2026 2124 2174 2197 αὐτῷ
2189 2143 2202 2156 ’
2222 2125 2584 2191 ἀπολαϐόντες
2605 2126 2661 2180 δὲ
2690 2127 2890 2199 μᾶλλον
2912 2126 3124 2182 σύνεσιν
3144 2126 3357 2182 ὲπίδοτε
3375 2129 3607 2194 ἑαυτοὺς

2025 2221 2092 2291 τῇ
2124 2218 2315 2290 λογικῇ
2346 2218 2586 2290 παιδεία.

2099 2310 2277 2364 Ὅταν
2300 2309 2568 2380 ἐκκαυθιῖ
2596 2310 2667 2364 ἐν
2696 2309 2863 2380 τάχει
2882 2314 2917 2366 ό
2950 2309 3138 2382 θυμὸς
3161 2310 3380 2366 αὑτοῦ*
3407 2308 3606 2381 μακά-

2017 2418 2137 2470 pros
2167 2400 2390 2469 πάντες
2433 2404 2488 2456 oi
2516 2402 2864 2469 πεποιθότες
2913 2403 3007 2457 ἐπ’
3051 2402 3213 2470 αὐτῷ
3233 2420 3248 2436 ο
3279 2403 3402 2458 Ὀτι
3438 2404 3498 2458 δὲ
3527 2403 3605 2476 μὴ

2026 2492 2185 2562 πάθη
2211 2493 2345 2548 Θεοῦ
2365 2493 2503 2566 ὀργὴ
2534 2494 2627 2548 καὶ
2646 2493 2836 2566 θυμὸς,
2858 2496 2887 2548 6
2910 2493 3177 2567 μακάριος
3201 2493 3435 2567 ἐδήλωσε
3456 2495 3606 2549 Παῦ-

2026 2584 2115 2650 λος
2142 2584 2312 2639 είπὼν
2327 2602 2340 2616 ·
2370 2587 2535 2643 Κατὰ
2553 2584 2621 2640 δὲ
2645 2585 2760 2655 τὴν
2783 2586 3172 2656 σκληρότητά
3192 2602 3309 2643 σου
3337 2587 3435 2643 καὶ
3463 2589 3607 2658 ἀμε-

2025 2677 2319 2746 τανόητον
2363 2678 2636 2747 καρδίαν,
2665 2677 3042 2748 θησαυρίζεις
3076 2678 3269 2746 ἐαυτῷ
3308 2679 3498 2752 ὀργὴν
3532 2682 3607 2735 ἐν

2027 2767 2215 2837 ἡμέρᾳ
2246 2767 2458 2838 όργῆςο
2485 2769 2554 2824 δι’
2600 2762 2676 2823 ὧν
2726 2770 2980 2840 σημαίνει
3026 2769 3128 2842 τὴν
3173 2771 3260 2841 ἐφ’
3307 2772 3604 2846 ἁμαρτίαις

2026 2856 2245 2913 κόλασιν
2282 2857 2541 2929 εἰρῆσθαι
2588 2857 2759 2930 θυμὸν
2809 2860 2905 2913 καὶ
2937 2859 3127 2931 ὀργήν.
3177 2860 3294 2914 Ἐπ’
3335 2862 3482 2935 αὐτῷ
3519 2863 3603 2929 δὲ,

2024 2945 2192 3031 λέγει’,
2243 2948 2563 3012 πεποιθότες
2609 2947 2689 3021 τῷ
2738 2950 3203 3031 προφητευομὲνῳ
3242 2953 3464 3026 Χριστῷ
3511 2955 3605 3011 διὰ

2026 3039 2226 3103 παντὸς
2252 3037 2346 3092 τοῦ
2370 3037 2607 3112 ψαλμοῦ,
2652 3041 2701 3097 οἱ
2728 3041 2923 3115 μικρὸν
2957 3040 3182 3115 ὕστερον
3220 3042 3447 3117 (βραχὺς
3493 3047 3607 3119 γὰρ

2025 3130 2172 3199 ἅπας
2202 3134 2232 3186 6
2283 3131 2472 3206 παρὼν
2514 3132 2649 3205 βίος)
2685 3132 3070 3205 εὑρεθήσονται
3119 3136 3398 3209 μακάριοι.
3440 3138 3514 3192 Τὸ
3543 3138 3606 3194 δὲ

2026 3221 2208 3279 λεῖπον
2230 3227 2343 3288 τοῖς
2366 3226 2423 3278 ὲν
2451 3223 2529 3295 τῷ
2563 3222 2764 3297 πρώτῳ
2792 3225 2994 3297 ψαλμῷ
3030 3225 3119 3280 διὰ
3156 3226 3360 3282 τούτων
3393 3229 3605 3283 ἀπέδω-

2026 3334 2141 3372 κεν.
2172 3319 2249 3375 Οὐ
2284 3316 2392 3390 γὰρ
2417 3317 2579 3391 ἀρκεῖ
2603 3317 2762 3389 μόνον
2787 3317 2849 3371 τὺ
2880 3317 2955 3390 μὴ
2988 3317 3315 3391 πορεύεσθαι
3348 3323 3406 3375 ὲν
3435 3320 3601 3395 βουλῇ

2026 3408 2258 3474 ἀσεϐῶν,
2302 3408 2423 3463 οῦδὲ
2466 3408 2528 3465 τὸ
2559 3409 2633 3481 μὴ
2664 3409 2859 3480 στῆναι
2892 3410 2952 3463 ὲν
2977 3408 3083 3481 ὁδῷ
3125 3410 3471 3483 ἁμαρτωλῶν
3506 3413 3605 3467 καὶ

2027 3501 2253 3575 μελετᾷν
2280 3504 2338 3557 ἐν
2367 3500 2446 3574 τῷ
2501 3502 2681 3574 νόμιμ’
2709 3501 2844 3556 ἀλλά
2869 3502 2977 3575 γὰρ
3026 3501 3089 3574 δὴ
3122 3504 3216 3558 καὶ
3249 3504 3325 3578 μὴ
3350 3505 3604 3576 διακενῆς

2028 3594 2293 3667 μελετᾷν,
2329 3594 2465 3650 ἀλλά
2506 3594 2710 3663 γνῶναι
2752 3593 2985 3667 Χριστὸν
3025 3594 3084 3663 ἐξ
3133 3596 3331 3663 αὐτῶν,
3380 3597 3604 3669 καὶτῆς

2024 3687 2189 3742 αὑτοῦ
2221 3687 2471 3757 γενέσθαι
2503 3688 2720 3761 μερίδος
2750 3705 2809 3741 τε
2843 3687 2938 3741 καὶ
2975 3686 3359 3759 κληρονομίας,
3389 3689 3482 3743 καὶ
3511 3689 3604 3744 διὰ

2025 3779 2260 3844 πίστεως
2290 3780 2384 3834 καὶ
2433 3779 2609 3852 ἔργων
2657 3780 2742 3835 ἐπ’
2789 3776 2937 3848 αὐτῷ
2982 3779 3316 3834 πεποιθέναι.
3363 3780 3602 3847 Εἰκότως

2022 3870 2150 3943 ἄρα,
2216 3873 2346 3943 μιᾶς
2396 3870 2564 3943 οὔσης
2596 3871 2696 3942 τῆς
2748 3869 3017 3936 διανοίας,
3080 3872 3413 3944 συνημμένοι
3456 3876 3599 3947 ,παρ’

2031 3961 2303 4033 Ἑϐραίοις
2329 3964 2468 4018 εἰσιν
2489 3965 2538 4018 οἱ
2563 3963 2658 4017 δύο
2681 3962 2905 4034 ψαλμοί.

2396 4080 2728 4134 ΕΞΗΙἮΣΙΣ
2759 4080 2896 4134 ΤΟΥ
2926 4079 3222 4135 ΨΑΔΜΟΥ
3251 4077 3291 4130 Γ
3290 4086 3325 4134 '.

2028 4172 2370 4244 Ψαλμὸςτῷ
2389 4172 2596 4237 Δαυῒδ,
2619 4174 2802 4244 ὁπότε
2827 4172 3268 4244 ἀπεδίδρασκεν
3282 4169 3402 4244 ἀπὸ
3421 4185 3602 4240 προσ-

2251 4243 2417 4298 ώπου
2457 4241 2835 4313 Ἀϐεσσαλὼμ
2858 4243 2962 4297 τοῦ
2992 4242 3125 4297 υίοῦ
3152 4241 3360 4296 αὑτοῦ.

2102 4361 2442 4433 ’Δναγκαίως
2467 4360 2560 4414 τὸν
2579 4359 2768 4434 καιρὸν
2787 4361 2951 4431 ὲπιση
2959 4357 3225 4430 μειοῦται,
3241 4356 3319 4421 ὡς
3341 4357 3408 4411 ἂν
3428 4358 3599 4429 ἐφαρ-

2022 4454 2178 4526 μόσοι
2222 4452 2322 4525 μὲν
2381 4455 2494 4516 τοῖς
2549 4451 2860 4522 λεγομένοις
2892 4450 2991 4522 τὴν
3020 4448 3129 4503 ἀπὸ
3156 4447 3267 4502 τῶν
3307 4445 3598 4502 Βασιλειῶν

346 4555 469 4620 post
496 4545 797 4602 admissum
831 4559 956 4599 cum
991 4556 1166 4597 uxore
1193 4538 1339 4596 Urim
1368 4547 1677 4611 peccatum,
1710 4546 1921 4594 tantum

2032 4545 2294 4619 ἱστορίαν,
2328 4544 2424 4598 καὶ
2447 4542 2523 4607 ὡς
2556 4541 2624 4596 ἂν
2659 4540 2948 4613 μάθοιμεν,
2971 4540 3074 4605 ὅτι,
3113 4538 3250 4611 μετά
3280 4536 3601 4610 τὺὲξαμαρ-

346 4638 599 4695 retulisse
630 4636 966 4708 paenitentia:
995 4633 1260 4695 fructum,
1292 4638 1353 4687 ut
1381 4646 1599 4686 rursum
1627 4628 1814 4685 divino
1842 4628 1926 4683 af-

344 4730 507 4789 llatus
537 4728 741 4801 Spiritu
770 4727 1047 4798 psalleret.
1078 4723 1377 4781 Historiam
1407 4723 1552 4780 enim
1575 4736 1697 4794 quae
1722 4736 1838 4777 rem
1868 4722 1922 4776 in

349 4820 534 4879 Uriam
563 4828 772 4893 gestam
818 4819 1065 4890 respicit,
1093 4814 1451 4886 consequitur
1490 4813 1716 4870 rebellio
1743 4812 1920 4868 Absu-

347 4918 490 4974 lonis
521 4915 578 4971 in
609 4924 838 4987 patrem.
873 4910 1002 4967 Inde
1042 4910 1189 4965 enim
1221 4908 1292 4963 ab
1322 4907 1446 4962 aliis
1485 4906 1791 4978 exemplum
1827 4921 1924 4963 su-

346 5018 529 5066 matur
567 5004 981 5077 resipiscentise,
1013 5011 1178 5073 atque
1227 4998 1544 5055 mutationis
1591 5013 1623 5053 a
1658 4998 1922 5070 'pristinis

346 5102 508 5160 mulis
539 5102 594 5158 in
623 5100 902 5156 meliorem
930 5096 1179 5167 frugem;
1208 5091 1569 5161 doctrinaque
1598 5090 1791 5146 istbsrc
1817 5091 1921 5145 erit

347 5199 574 5255 sincera:
605 5193 673 5249 ad
705 5192 873 5248 Deum
908 5188 1312 5245 conversionis.
1354 5184 1612 5255 Aliasque
1642 5184 1921 5254 proprium

341 5288 617 5359 iustorum
644 5290 731 5340 est
756 5280 1019 5338 aerumnis
1047 5278 1218 5346 allici;
1241 5276 1598 5349 quamobrem
1630 5274 1708 5330 ait
1736 5274 1927 5329 Salva-

348 5389 483 5436 tor:
523 5378 589 5434 In
623 5373 816 5431 mundo
863 5388 1168 5444 pressuram
1215 5369 1477 5426 habebitis
1497 5369 1574 5429 ἰς
1607 5378 1657 5423 et
1697 5378 1924 5441 angusta

343 5481 398 5530 st
420 5481 570 5527 arcta
598 5470 683 5526 uia
702 5477 781 5524 est
806 5482 923 5538 qua:
940 5465 1087 5520 ducit
1115 5463 1186 5519 ad
1212 5466 1373 5519 citant
1394 5464 1462 5514 ".

418 5561 585 5619 Vens.
638 5560 757 5615 2-4.
798 5556 1043 5623 Domine,
1088 5556 1215 5629 quid
1264 5551 1605 5622 multiplicati
1651 5561 1776 5608 sunt
1830 5552 1919 5621 qui

347 5652 605 5709 tribulam
648 5652 771 5708 me?
804 5649 957 5704 multi
996 5650 1273 5719 insurgunt
1308 5646 1585 5701 aduersum
1615 5659 1713 5698 me.
1758 5640 1919 5696 Multi

420 5852 464 5888 δ’
499 5849 698 5909 ιρι-ειη.
733 5862 900 5917 mu.
930 5847 986 5904 θ.
1064 5845 1110 5877 ⁸⁸
1149 5841 1308 5901 Rom.
1343 5858 1415 5908 ιι,
1451 5841 1504 5897 5.
1585 5842 1628 5874 “
1668 5836 1825 5896 Joan.
1864 5852 1983 5906 ενι,

2026 4638 2188 4710 στῆσαι
2214 4639 2292 4701 εἰς
2322 4637 2424 4709 τὴν
2454 4633 2550 4689 τοῦ
2581 4633 2800 4707 Οὐρίου,
2823 4632 3071 4687 τοσοῦτον
3107 4630 3462 4703 είσηνέγκατο
3499 4646 3599 4701 με-

2025 4730 2243 4794 τανοίας
2274 4726 2508 4801 καρπὸν,
2539 4727 2616 4790 ὼς
2633 4725 2796 4781 πάλιν
2820 4726 2878 4780 ὲν
2906 4723 3035 4794 θείῳ
3054 4721 3330 4793 Πνεύματι
3353 4720 3597 4792 ψάλλειν.

2028 4823 2258 4876 Ἕπεται
2277 4820 2388 4892 γὰρ
2414 4822 2481 4890 τῇ
2502 4817 2645 4871 κατά
2660 4816 2752 4871 τὸν
2774 4816 2973 4887 Οὐρίαν
3005 4815 3260 4888 ίστορίᾳή
3293 4813 3387 4867 τοῦ
3415 4813 3601 4866 ’Δϐεσ-

2025 4914 2221 4986 σαλὼμ
2251 4912 2393 4967 κατά
2422 4909 2518 4965 τοῦ
2554 4909 2762 4980 πατρὸς
2786 4908 3171 4970 ἐπανάστασις.
3218 4905 3433 4959 Γένοιτο
3460 4905 3505 4958 δ’
3530 4904 3598 4958 ἂν

2023 5006 2089 5058 ὲκ
2112 5000 2317 5056 τούτων
2351 4999 2444 5054 καὶ
2474 4998 2682 5071 ἑτέροις
2723 4997 2898 5069 τροπὴ
2924 4998 3022 5069 τῆς
3048 4994 3156 5050 ἀπὸ
3189 4994 3468 5068 προτέρων
3502 5012 3599 5048 κα-

2023 5094 2135 5147 κῶν
2156 5092 2249 5147 ἐπὶ
2277 5088 2345 5144 τά
2372 5090 2608 5162 κρείττω
2638 5086 2972 5161 μεταϐολῆς,
3011 5084 3329 5139 διδασκαλία
3354 5101 3415 5138 τε
3463 5100 3598 5156 γνηο

2026 5184 2145 5248 σίας
2170 5182 2308 5255 πρὸς
2338 5182 2431 5236 τὸν
2461 5181 2594 5235 Θεὸν
2618 5179 2977 5252 ἐπιστροφῆς.
3023 5178 3133 5231 Καὶ
3164 5176 3341 5240 ἄλλως
3371 5175 3428 5229 δὲ
3466 5176 3599 5230 ἴδιον

2022 5274 2244 5329 δικαίων
2283 5273 2401 5328 ἐστὶ
2447 5272 2509 5327 τὸ
2546 5270 2856 5326 θλίϐεσθαι·
2889 5269 2970 5323 διὸ
2999 5272 3094 5324 καὶ
3114 5270 3143 5322 6
3172 5270 3365 5341 Σωτήρ
3397 5284 3593 5340 φησιν·

2039 5367 2141 5420 Ἐν
2160 5364 2242 5430 τῷ
2272 5363 2478 5434 κόσμῳ
2500 5363 2714 5430 θλίψιν
2757 5360 2957 5429 exere“
2992 5359 3090 5412 καὶ
3119 5357 3307 5426 στενὴ
3360 5358 3461 5411 καί
3508 5373 3600 5411 τε·

2028 5454 2320 5525 θλιμμένη
2347 5453 2521 5507 ἐστίν
2542 5453 2581 5520 ἡ
2612 5450 2753 5519 όδὸς
2772 5452 2810 5519 ἡ
2832 5449 3153 5519 ἀπάγοι-σα
3177 5451 3266 5516 εις
3286 5447 3400 5516 τὴν
3423 5446 3596 5513 ζωήν.

2096 5546 2290 5614 Κύριε,
2320 5544 2376 5597 τί
2400 5543 2870 5609 ὲκληθύνθησιιν
2896 5544 2951 5594 οὶ
2972 5538 3282 5605 θλίϐοντές
3301 5555 3413 5610 pe;
3439 5541 3595 5593 Πολ-

2025 5638 2122 5695 λοί
2162 5635 2595 5691 ἐπανίστανται
2640 5632 2734 5688 ἐπ’
2779 5631 2885 5704 ἐμέ
2905 5650 2918 5663 ’
2972 5631 3189 5687 πολλοὶ
3230 5630 3475 5701 λέγουσι
3523 5626 3597 5698 τῇ

2020 5836 2110 5895 35.
2185 5837 2230 5869 “
2273 5832 2461 5891 Matth.
2498 5848 2594 5903 ru,
2630 5832 2717 5889 ιι.
