3994 6448
215 371 286 430 π
1367 354 1869 415 conum-mnu
1912 361 1978 416 IN
2016 359 2353 416 rssmos.
3421 361 3496 420 ct

216 507 386 582 ψυχιῖ
423 525 572 578 μου·
620 507 743 560 Οὐκ
779 504 911 559 ἔστι
953 505 1216 571 σωτηρία
1252 500 1413 567 αὐτῷ
1452 501 1524 556 ἐν
1553 501 1633 567 τῷ
1671 497 1794 564 Θεῷ

1899 498 2081 552 dicunt
2109 511 2304 550 ammte
2333 509 2460 549 mete
2493 507 2513 547 :
2551 493 2672 547 Non
2710 502 2788 547 est
2811 492 2959 548 salus
2995 494 3095 564 ipsi
3130 495 3182 549 in
3205 493 3314 550 Deo
3351 497 3489 568 ejus.

216 603 422 660 αὑτοῦ.
453 601 545 655 Σὺ
582 598 668 662 δὲ,
702 598 900 666 Κύριε,
926 595 1308 664 ἀντιλήπτωρ
1346 612 1466 665 μου
1515 589 1604 660 εἴ,
1648 593 1801 656 δόξα

211 712 346 766 μου,
384 692 489 745 καὶ
527 687 701 759 ὑψῶν
733 687 850 754 τὴν
891 683 1166 753 κεφαλήν
1206 703 1346 754 μου.
1397 685 1611 747 Πάντας
1668 683 1798 736 διω-

215 789 384 860 γμοὺς
410 784 528 857 χρὴ
551 782 859 855 προσδοκᾷν
881 782 1008 843 τοὺς
1033 778 1176 833 κατὰ
1200 779 1333 832 Θεὸν
1354 778 1454 850 ζῇν
1476 777 1798 851 προῃρημέ-

214 899 354 945 νους.
396 878 560 932 Ἐπεὶ
590 874 730 930 κατὰ
755 875 848 927 τὸν
876 871 1196 926 Ἀπόστολον
1215 887 1229 900 '
1258 869 1490 937 Πάντες
1519 873 1572 923 οἱ
1600 870 1804 924 θέλον-

216 992 308 1041 τες
339 969 454 1040 ζῇν
487 967 755 1033 εὐσεϐῶς
794 967 865 1019 ἐν
905 962 1138 1032 Χριστῷ
1190 962 1385 1031 Ἰησοῦ
1422 960 1794 1032 διωχθήσον-

215 1083 322 1121 ται.
363 1063 513 1116 Ἀλλ’
543 1063 599 1114 ἐν
629 1061 765 1114 πᾶσι
799 1057 1066 1130 προσήκει
1091 1055 1160 1108 τὰ
1191 1055 1340 1108 δεινὰ
1367 1054 1651 1126 καρτερῶς
1674 1055 1804 1108 ὑπο-

220 1160 395 1232 μένειν
416 1174 431 1187 ·
496 1155 622 1208 ἐπεὶ
664 1153 800 1224 μηδὲ
845 1151 981 1223 πρὸς
1025 1150 1206 1219 ὀλίγον
1231 1149 1379 1201 ἐστὶν
1404 1149 1535 1218 ἡμῖν
1564 1149 1593 1200 ὁ
1625 1145 1795 1214 ἁγὼν,

219 1251 346 1325 μηδὲ
377 1248 523 1322 πρὸς
553 1246 811 1318 μικροὺς,
858 1243 995 1299 ἀλλὰ
1039 1241 1176 1315 πρὸς
1216 1240 1467 1302 πλείονας
1492 1239 1588 1293 καὶ
1624 1237 1800 1309 μιγάσ-

214 1345 355 1407 λους,
411 1341 476 1393 οὐ
518 1339 677 1411 μόνον
707 1339 833 1402 τοὺς
862 1339 919 1389 ἐν
963 1333 1305 1407 ἀνθρώποις,
1357 1329 1494 1386 ἀλλὰ
1532 1331 1626 1384 καὶ
1671 1328 1799 1392 τοὺς

217 1434 483 1508 ἀοράτους
506 1429 756 1502 ἐχθρούς.
783 1428 893 1481 Καὶ
918 1427 1061 1481 κατὰ
1092 1426 1153 1479 τὸ
1184 1426 1345 1497 ῥητὸν
1375 1424 1464 1489 δὲ,
1499 1421 1661 1476 Δαυῖδ
1680 1461 1695 1485 ,
1731 1422 1797 1474 ἐκ

215 1529 336 1590 νέας
363 1525 587 1598 ἡλικίας
615 1523 722 1577 ὑπὸ
757 1521 852 1575 τοῦ
896 1520 1069 1574 Σαοὺλ
1111 1516 1472 1589 πολεμηθεὶς,
1525 1516 1620 1570 καὶ
1661 1515 1800 1586 μετὰ

217 1616 384 1672 ταῦτα
406 1614 515 1669 ὑπὸ
546 1612 754 1686 μυρίων
781 1610 975 1674 ἄλλων,
1007 1611 1102 1664 καὶ
1122 1608 1273 1672 τέλος
1294 1607 1399 1661 ὑπὸ
1423 1605 1516 1660 τοῦ
1550 1604 1667 1660 υἱοῦ
1701 1604 1800 1675 τῆς

219 1708 492 1781 βασιλείας
528 1704 884 1774 ἐλαυνόμενος
919 1702 1014 1756 καὶ
1060 1700 1295 1770 φεύγων,
1327 1697 1500 1753 ταῦτα
1540 1697 1684 1752 κατὰ
1707 1697 1800 1753 τὸν

221 1804 400 1874 καιρὸν
424 1799 532 1869 τῆς
567 1798 746 1868 φυγῆς
765 1796 969 1864 ἔλεγεν.
1009 1794 1251 1867 Ἐχθρῶν
1279 1795 1338 1850 δέ
1367 1796 1484 1848 ἐστι
1528 1792 1592 1846 τὸ
1627 1792 1805 1864 ἐπεμ-

1905 591 1991 645 Τιι
2027 600 2222 656 autent,
2257 588 2499 651 Domine,
2541 599 2812 656 susceptor
2847 605 2990 643 meus
3020 606 3074 643 es
3107 605 3124 642 :
3157 591 3330 661 gloria
3378 609 3493 648 inea

1905 694 1954 735 et
1984 684 2229 736 exultans
2270 691 2429 750 caput
2472 696 2666 735 meum.
2706 679 3128 737 Persecutiones
3171 692 3493 754 exspectare

1903 784 2127 846 oportet
2159 791 2351 830 omnes
2389 775 2482 844 qui
2521 772 2823 829 secundum
2855 771 3024 828 Deum
3069 775 3251 830 vivere
3282 778 3490 832 consti-

1902 869 2132 922 tuerint.
2172 867 2452 938 Siquidem
2490 875 2550 920 ut
2577 866 2654 920 ait
2680 866 2977 936 Apostolus
3009 884 3020 920 :
3064 866 3256 922 Omnes
3287 869 3375 938 qui
3409 871 3491 938 pie

1901 961 2084 1014 volunt
2126 961 2290 1015 vivere
2331 960 2385 1012 in
2427 958 2637 1014 Christo
2673 962 2802 1011 .lesu
2834 959 3246 1027 persecutionem
3285 960 3491 1027 patien-

1902 1058 1992 1104 tur
2008 1051 2076 1104 ".
2107 1049 2177 1106 At
2209 1050 2263 1104 in
2298 1050 2556 1105 omnibus
2587 1066 2686 1120 par
2715 1059 2798 1106 est
2827 1049 3015 1120 gravia
3050 1049 3268 1104 fortiter
3301 1050 3444 1106 ferre
3471 1069 3484 1106 :

1900 1142 2347 1212 quandoquidem
2390 1157 2567 1212 neque
2603 1140 2670 1195 ad
2710 1142 2874 1196 breve
2907 1148 3144 1212 tempus,
3181 1159 3358 1213 neque
3392 1142 3490 1198 ad-

1900 1245 2096 1288 versus
2122 1246 2328 1303 paucos
2359 1238 2634 1285 certamen
2668 1230 2825 1286 nobis
2851 1239 2969 1296 est;
3000 1231 3095 1286 scd
3127 1241 3319 1288 contra
3349 1235 3490 1288 mula

1901 1330 1990 1380 tos
2017 1340 2082 1380 ac
2114 1324 2306 1386 fortes,
2341 1339 2452 1378 non
2494 1324 2671 1380 solum
2713 1324 2986 1390 homines,
3024 1324 3118 1381 sed
3149 1326 3312 1380 etiam
3350 1326 3490 1382 invi-

1901 1414 2092 1470 sibiles
2123 1415 2397 1470 inimicos.
2431 1412 2495 1467 Et
2528 1424 2586 1468 ut
2613 1412 2678 1467 ad
2703 1428 2816 1467 rem
2844 1416 3177 1484 propositam
3212 1415 3486 1476 veniatur,

1901 1507 2072 1565 David
2111 1525 2141 1565 a
2171 1510 2459 1578 juventutc
2495 1523 2592 1563 sua
2626 1523 2723 1578 per
2756 1507 2976 1564 Saulem
3009 1509 3150 1564 bello
3180 1510 3487 1580 impetitus,

1902 1617 1968 1657 ac
2012 1601 2272 1672 deinceps
2318 1616 2346 1655 a
2396 1599 2672 1656 sexcentis
2723 1599 2868 1665 aliis,
2911 1600 3241 1670 demumque
3291 1617 3320 1656 a
3378 1601 3490 1656 lilio

1902 1695 2096 1765 pulsus
2143 1709 2346 1764 regno,
2389 1703 2554 1762 atque
2598 1690 2848 1762 fugatus,
2895 1692 3011 1746 haec
3055 1700 3301 1763 tempore
3347 1691 3490 1765 fugas

1901 1785 2138 1842 dicebat.
2181 1784 2537 1840 lnimieorum
2586 1791 2768 1839 autem
2811 1784 3096 1856 pr0prium
3139 1792 3246 1849 est,
3278 1784 3490 1843 irrucre

220 1890 413 1944 σαίνειν
435 1890 536 1944 καὶ
552 1887 943 1943 ἐπανίστασθαι
961 1889 1075 1951 τοῖς
1100 1890 1288 1950 κακοῖς
1313 1884 1420 1939 τῶν
1440 1884 1507 1940 δι’
1527 1883 1797 1949 ἐναντίας·

1904 1887 2070 1950 atque
2101 1879 2388 1950 insurgere
2422 1879 2476 1934 in
2505 1877 2713 1941 hostes,
2736 1877 2866 1933 dum
2903 1878 2958 1932 in
2983 1879 3125 1932 mala
3153 1879 3489 1935 inciderunt.

219 1980 395 2050 διόπερ
424 1979 524 2032 καὶ
545 1978 622 2049 τῷ
648 1976 810 2030 Δαυῖδ
841 1975 1181 2048 ἡμαρτηκότι
1218 1976 1311 2029 ἐπὶ
1341 1975 1440 2046 τῆς
1471 1974 1569 2029 τοῦ
1600 1974 1798 2046 Οὐρίου

221 2071 393 2125 πολλοὶ
411 2072 778 2125 ἐπανίσταντο
801 2068 1270 2139 ἐπιχαιρεσίκακοι
1295 2067 1480 2140 ἐχθροί
1500 2085 1664 2132 τινες.
1687 2066 1801 2122 Πά-

219 2163 302 2218 λαι
323 2164 416 2216 καὶ
438 2164 506 2216 ἐκ
537 2163 748 2234 μακροῦ
773 2163 860 2217 διὰ
882 2161 1075 2233 φθόνου
1105 2159 1333 2229 ὑψοῦται
1360 2158 1570 2230 κεφαλὴ
1585 2159 1678 2216 τοῦ
1707 2177 1800 2213 κα-

220 2255 282 2307 τὰ
306 2254 464 2324 σῶμα
497 2254 916 2326 μεγεθισμένου,
946 2251 1099 2325 παρὰ
1124 2251 1226 2315 τὰς
1255 2251 1362 2305 τῶν
1394 2251 1798 2323 ὑποδεεστέρων

219 2345 451 2414 κεφαλὰς
482 2347 638 2400 κάτω
669 2345 942 2416 κειμένας.
971 2345 1129 2399 Οῦτω
1169 2343 1532 2414 διαναστάσης
1565 2344 1664 2414 τῆς
1703 2343 1796 2396 τοῦ

224 2435 487 2508 μακαρίου
533 2436 710 2508 ψυχῆς
745 2437 840 2490 καὶ
874 2438 953 2500 είς
986 2435 1223 2490 ἐπίδοσιν
1259 2435 1660 2504 ἀναϐεϐηκυίας
1697 2432 1796 2489 τοῦ

217 2527 288 2592 ὥς
331 2530 386 2581 ὲν
436 2528 642 2600 ψυχαῖς
691 2528 987 2599 μεγέθους,
1039 2530 1073 2598 ὴ
1123 2525 1332 2598 κεφαλὴ
1384 2526 1612 2598 ὑψοῦται
1659 2525 1796 2580 Θεοῦ

224 2619 605 2692 συνεργοῦντος
632 2621 772 2691 αὑτῇ
801 2622 894 2674 καὶ
923 2621 1058 2692 πρὸς
1083 2621 1274 2675 ἐαυτὸν
1299 2621 1378 2685 εἱς
1410 2619 1636 2690 οὐρανὸν
1667 2620 1798 2674 ἀνά-

220 2730 414 2780 γοντος,
443 2713 544 2766 τὸν
574 2713 952 2784 ἐμπαρέχοντα
980 2713 1142 2766 αὑτὸν
1173 2715 1241 2784 τῇ
1277 2712 1412 2784 πρὸς
1442 2711 1502 2765 τὸ
1536 2711 1798 2766 ἀνωτάτω

221 2803 524 2874 ἀκολουθίᾳ.
568 2803 723 2856 Ἐπεὶ
775 2802 830 2856 δὲ
866 2802 1044 2875 πολλῷ
1087 2803 1246 2856 πλέον
1280 2803 1378 2874 τῆς
1427 2802 1797 2875 προαιρέσεως

220 2895 311 2964 τῆς
339 2893 667 2966 τάνθρώπου
701 2895 1001 2965 χαρίζεται,
1034 2893 1199 2948 νικῶν
1235 2896 1293 2948 ἐν
1329 2892 1409 2964 τῷ
1446 2893 1735 2966 δωρεῖσθαι
1767 2897 1797 2949 ό

223 2984 509 3054 εὐεργέτης
533 2985 625 3038 τὸν
653 2984 791 3038 κατὰ
814 2984 1040 3056 δύναμιν
1071 2984 1326 3039 ποιοῦντα
1372 2985 1433 3039 τὸ
1474 2984 1656 3038 καλόνο
1701 2985 1798 3040 καὶ

221 3074 300 3128 διὰ
329 3075 495 3129 τοῦτο
526 3075 726 3138 παντὸς
754 3073 919 3129 καλοῦ
956 3074 1054 3148 τὴν
1086 3076 1265 3128 αἰτίαν
1300 3075 1329 3126 ό
1365 3075 1576 3139 Παῦλος
1606 3076 1793 3132 ἀνατι-

1902 1969 2269 2038 Quamobrem
2294 1979 2415 2040 post
2440 1980 2721 2042 peccatum
2741 1969 2964 2025 Davidis
2984 1986 3109 2024 cum
3132 1987 3301 2026 uxore
3324 1970 3487 2035 Uriae,

1899 2063 2060 2118 multi
2091 2063 2144 2118 in
2174 2079 2321 2130 eum,
2351 2080 2416 2119 ex
2464 2065 2533 2119 iis
2575 2065 2789 2119 scilicet
2825 2065 2920 2134 qui
2953 2064 3146 2119 alienis
3177 2064 3490 2136 gaudebant

1899 2153 2081 2217 malis,
2109 2152 2548 2209 insurrexerunt.
2580 2152 2799 2208 Jamdiu
2824 2156 2970 2211 enim
2994 2162 3048 2210 et
3081 2170 3110 2209 a
3139 2155 3316 2226 longis
3341 2162 3489 2212 retro

1901 2246 2240 2315 temporibus
2274 2261 2371 2316 per
2413 2246 2672 2300 invidiam
2704 2246 2978 2301 exaltatur
3016 2257 3180 2317 caput
3211 2248 3355 2317 ejus,
3391 2249 3488 2319 qui

1899 2336 2198 2392 secundum
2247 2352 2446 2407 corpus
2478 2338 2544 2392 ad
2577 2338 2784 2408 majora
2823 2338 3095 2404 evehitur,
3139 2346 3194 2394 et
3240 2339 3490 2394 imminet

1898 2427 2172 2497 capitibus
2224 2426 2570 2494 intimorum,
2628 2443 2750 2500 qua:
2801 2428 3060 2483 deorsum
3119 2418 3486 2485 inclinantur.

1898 2516 2102 2572 Eodem
2140 2517 2302 2573 modo
2325 2517 2454 2572 dum
2487 2518 2632 2574 beati
2687 2520 2789 2574 viri
2838 2521 3019 2576 anima
3077 2522 3300 2588 crescit,
3333 2531 3387 2578 et
3421 2525 3486 2578 ad

1898 2609 2171 2674 altiorem,
2213 2610 2394 2680 qualis
2425 2611 2714 2668 animabus
2755 2614 3039 2683 competit,
3092 2615 3488 2684 magnitudinis

1897 2701 2125 2774 gradum
2159 2705 2428 2772 evehitur,
2464 2703 2574 2763 Deo
2603 2705 2858 2762 videlicet
2905 2708 3134 2777 juvante
3161 2716 3216 2762 et
3245 2708 3312 2764 ad
3338 2726 3398 2765 se
3431 2710 3485 2764 in

1897 2794 2096 2848 caelum
2139 2794 2402 2852 evehente
2435 2812 2559 2851 eum
2611 2798 2704 2867 qui
2736 2812 2859 2853 sese
2894 2797 3102 2867 praebet
3148 2798 3213 2853 ad
3248 2815 3487 2870 superna

1896 2884 2227 2941 ducendum.
2288 2885 2556 2953 Quoniam
2631 2904 2780 2954 vero,
2835 2889 3129 2944 munillcus
3205 2905 3330 2944 cum
3391 2892 3485 2954 sit.

1895 2978 2071 3032 multo
2095 2977 2251 3048 plura
2290 2978 2497 3034 homini
2539 2980 2746 3052 praebet
2777 2995 2942 3050 quam
2975 2984 3094 3052 ipse
3123 2983 3208 3037 vel
3241 2992 3367 3038 voto
3397 2999 3488 3037 as-

1895 3077 2176 3138 sequatur,
2200 3078 2530 3140 superatque
2562 3071 2722 3126 donis
2752 3073 2868 3127 suis
2897 3089 3020 3128 cum
3043 3115 3058 3141 ,
3097 3076 3190 3146 qui
3227 3091 3325 3145 pro
3350 3077 3486 3130 viri-

224 3163 326 3228 θεὶς
365 3163 443 3235 τῷ
493 3163 612 3234 Θεῷ
653 3179 835 3235 φησιν’
883 3165 966 3218 Οὐ
1003 3164 1110 3217 τοῦ
1157 3164 1462 3230 θέλοντος,
1504 3164 1648 3218 οὐδὲ
1686 3165 1792 3220 τοῦ

1899 3160 2237 3217 bus-bonum
2255 3170 2550 3232 operatur;
2583 3164 2704 3219 ideo
2741 3164 2924 3221 omnis
2957 3166 3086 3221 boni
3119 3181 3345 3242 causam
3376 3167 3488 3224 Deo

221 3255 552 3325 τρέχοντος,
578 3256 737 3310 ἀλλὰ
771 3251 873 3310 τοῦ
891 3255 1209 3322 ἐλεοῦντος
1239 3255 1408 3312 Θεοῦ.
1449 3257 1506 3309 '0
1533 3257 1663 3321 Θεὸς
1698 3257 1796 3328 μὲν

1901 3255 2224 3311 adscribens
2246 3255 2450 3312 Paulus
2489 3257 2565 3310 ait
2597 3275 2610 3310 :
2649 3255 2772 3311 Non
2794 3259 3012 3312 volentis
3032 3298 3047 3322 ,
3081 3238 3246 3330 neque
3271 3276 3489 3315 curren-

222 3341 305 3400 οὖν
335 3347 425 3399 καὶ
471 3348 503 3414 ἡ
533 3345 701 3417 ἁρετὴ
737 3345 1042 3415 μεγεθύνει,
1077 3344 1170 3398 καὶ
1205 3344 1272 3398 δι’
1308 3345 1444 3399 ὅλων
1473 3349 1684 3400 ἐπαινεί
1717 3348 1792 3420 (1)

224 3437 312 3510 τὴν
339 3438 430 3492 τοῦ
460 3438 615 3506 ἁγίου
641 3439 836 3510 ψυχήνο
872 3437 1038 3491 κακία
1065 3437 1122 3490 δὲ
1151 3437 1245 3491 καὶ
1271 3440 1303 3510 ἡ
1346 3439 1601 3509 συνεργὸς
1623 3438 1793 3514 ταύτῃ

225 3530 382 3602 ἐχθρὰ
420 3533 538 3594 τοῖς
587 3529 891 3601 ἀνθρώποις
926 3529 1183 3600 δύναμις,
1245 3530 1521 3583 συστέλλει
1572 3531 1666 3586 καὶ
1717 3535 1797 3596 είς

226 3623 398 3675 στενὸν
453 3621 673 3690 συνάγει
721 3622 819 3694 τὴν
879 3621 953 3693 μὴ
998 3621 1268 3693 ἑπομένην
1326 3622 1465 3693 Θεῷ,
1516 3625 1609 3676 καὶ
1654 3623 1796 3678 οὕτω

227 3712 444 3782 βραχεῖα
482 3712 688 3780 γίνεται
735 3714 830 3766 καὶ
873 3713 1088 3784 κολοϐὴ,
1135 3714 1275 3767 ὥστε
1310 3715 1408 3785 τῆς
1447 3715 1658 3785 χύσεως
1696 3717 1797 3788 τῆς

226 3808 410 3869 κακίας
431 3805 814 3876 ἐπιγινομένης
830 3808 909 3868 εἰς
929 3808 988 3858 τὸ
1018 3807 1203 3878 μηδὲν,
1225 3807 1321 3878 τὴν
1342 3807 1599 3879 τοιαύτην
1618 3808 1796 3880 ψυχὴν

225 3897 525 3968 λογισθῆναι
553 3898 695 3951 κατὰ
731 3898 824 3950 τὸν
861 3898 1108 3952 Ἠσαῖαν·
1149 3901 1197 3952 οἱ
1245 3899 1351 3972 γὰρ
1391 3901 1797 3972 ἁμαρτάνοντες

226 3992 297 4049 εἰς
326 3991 477 4042 οὐδὲν
513 3988 887 4058 ἐλογίσθησαν.
921 3989 1031 4044 Καὶ
1071 3988 1257 4061 ὥσπερ
1303 3992 1570 4060 σωμάτων
1616 3989 1798 4060 ἐλάχιο

230 4081 342 4132 στὸν
369 4084 514 4134 ἐστιν
537 4083 567 4133 ὁ
594 4081 742 4150 χοῦς,
760 4080 932 4144 οὕτως
965 4083 1020 4133 αἱ
1077 4082 1250 4151 πάντη
1285 4083 1555 4154 μοχθηραὶ
1585 4081 1756 4154 ψυχαὶ
1775 4123 1792 4146 ,

230 4175 310 4227 ἐπὶ
333 4175 468 4228 πολὺ
489 4173 920 4246 σμικρυνθείσαι,
945 4175 1081 4228 εἰσιν
1097 4176 1177 4242 ὡς
1192 4179 1224 4228 ό
1273 4174 1423 4245 χοῦς
1446 4175 1518 4228 ὃν
1530 4176 1797 4244 expiaret

230 4269 258 4317 ό
282 4265 514 4336 ἄνεμος.
541 4265 796 4336 Κεφαλὴν
833 4265 891 4318 δὲ
928 4266 1026 4336 τῆς
1062 4266 1238 4336 ψυχῆς
1277 4267 1495 4338 νοητέον
1531 4268 1630 4340 τὴν
1679 4268 1796 4322 δια-

229 4361 472 4432 νοητικὴν
539 4361 785 4430 δύναμιν·
834 4359 1038 4429 ταύτης
1090 4361 1196 4431 γὰρ
1253 4360 1613 4431 διαφέρουσαν
1673 4361 1795 4415 οὐδὲ

233 4451 382 4523 μέχρι
411 4452 507 4505 τοῦ
533 4454 811 4523 ἐπινοῆσαι
842 4453 1082 4505 δυνατόν’
1115 4454 1166 4505 εἴ
1194 4471 1256 4522 γε
1291 4454 1386 4506 καὶ
1416 4454 1510 4507 τοῦ
1543 4455 1796 4526 σώματος

230 4543 259 4611 ἡ
290 4544 491 4615 κεφαλὴ
520 4546 837 4616 τιμιωτέρα.
864 4545 1011 4614 Αὕτη
1036 4545 1212 4597 τοίνυν
1233 4547 1266 4615 ἡ
1288 4546 1511 4618 νοητικὴ
1543 4547 1790 4616 δύναμις,

1897 3348 1986 3412 tis,
2014 3347 2105 3403 sed
2143 3349 2440 3403 miserentis
2469 3359 2548 3403 est
2575 3347 2670 3403 Dei
2695 3349 2762 3404 ".
2798 3349 2942 3405 Deus
2994 3350 3161 3422 igitur
3191 3363 3353 3423 atque
3375 3352 3489 3407 vir-

1898 3448 1988 3495 tus
2021 3440 2197 3496 sancti
2242 3441 2347 3496 viri
2373 3441 2612 3495 animam
2643 3441 2986 3498 incremento
3017 3443 3248 3509 donant,
3280 3452 3335 3500 et
3367 3459 3489 3499 om-

1897 3533 2030 3587 nino
2057 3533 2126 3588 ad
2159 3534 2354 3588 altiora
2387 3533 2624 3588 evehunt
2654 3550 2668 3588 :
2703 3535 3017 3605 malignitas
3052 3545 3232 3593 autem
3256 3539 3488 3609 ejusque

1897 3625 2138 3694 adjutrix
2173 3626 2394 3680 inimica
2429 3628 2743 3684 hominibus
2796 3637 3040 3699 potestas
3085 3632 3383 3694 contrahit,
3429 3634 3486 3688 in

1896 3724 2298 3787 angustumque
2347 3719 2546 3788 redigit
2573 3719 2814 3775 animam
2861 3720 2973 3776 Deo
3026 3738 3132 3776 non
3176 3723 3487 3793 obsequen-

1899 3815 2035 3875 tem;
2071 3816 2236 3878 atque
2261 3809 2334 3862 ita
2365 3811 2651 3876 minuitur,
2683 3821 2757 3875 ct,
2789 3821 2849 3866 ut
2891 3813 2964 3866 ita
2992 3812 3192 3878 dicam,
3228 3815 3486 3870 decurta-

1898 3908 2016 3966 tur;
2048 3907 2109 3953 ut
2139 3899 2441 3956 inundante
2477 3903 2707 3967 malitia,
2762 3903 3079 3973 hujusmodi
3121 3905 3342 3970 anima,
3397 3923 3488 3961 se-

1896 3992 2136 4046 cundum
2188 3992 2407 4055 Isaiam,
2447 4010 2544 4064 pro
2577 3995 2748 4051 nihilo
2797 4003 3082 4065 reputetur
3113 4014 3127 4051 :
3163 4008 3485 4068 peccatores

1898 4101 2137 4155 namque
2185 4102 2282 4155 pro
2335 4087 2506 4142 nihilo
2559 4088 2850 4142 habentur.
2889 4090 2970 4144 Ac
3020 4092 3484 4160 quemadmodum

1897 4179 2142 4234 omnium
2171 4193 2462 4247 corporum
2494 4179 2780 4234 minimum
2817 4181 2996 4251 pulvis
3030 4191 3140 4246 est;
3184 4182 3260 4237 ita
3287 4186 3486 4240 anima:

1899 4271 2162 4341 improba:
2196 4271 2426 4323 multum
2481 4273 2804 4336 imminutae,
2845 4284 2974 4328 sunt
3027 4283 3281 4344 tanquam
3311 4277 3482 4344 pulvis

1896 4379 2046 4433 quem
2071 4362 2284 4430 proiicit
2302 4371 2502 4416 tentus.
2528 4362 2706 4431 Caput
2727 4373 2905 4417 autem
2930 4364 3128 4418 animae
3159 4365 3484 4421 aestimanda

1897 4461 1982 4510 est
2015 4453 2350 4524 intelligendi
2403 4454 2484 4509 vis
2519 4472 2533 4508 :
2567 4453 2700 4507 nihil
2730 4455 2878 4510 enim
2905 4470 2970 4509 ea
3005 4458 3362 4526 praestantius
3397 4458 3484 4511 vel

1900 4545 2140 4615 cogitare
2164 4545 2324 4610 licet;
2357 4544 2624 4614 siquidem
2653 4553 2707 4598 et
2744 4553 2910 4616 caput
2933 4546 3152 4616 corpori
3183 4547 3481 4602 antecellit.

231 4636 615 4708 τροπικώτερον
649 4637 854 4708 κεφαλὴ
901 4637 1152 4708 λεχθεῖσα
1191 4637 1290 4707 τῆς
1331 4638 1527 4709 ψυχῆς,
1563 4634 1646 4702 οἷς
1689 4639 1792 4709 μὲν

1901 4611 2026 4692 Ηαξο
2079 4638 2243 4704 igitur
2293 4611 2630 4705 intelligendi
2671 4611 2973 4708 visique
3026 4611 3186 4708 tropo
3245 4639 3484 4708 quodam

234 4721 426 4792 ῦψωται
457 4727 571 4780 ἄνω
604 4725 895 4795 βλέπουσα,
929 4727 991 4778 οὐ
1036 4727 1193 4796 μόνον
1223 4727 1321 4798 τὴν
1362 4727 1488 4796 γῆν,
1529 4727 1664 4781 ἀλλὰ
1703 4727 1800 4782 καὶ

235 4817 396 4872 πάντα
433 4819 500 4872 τὰ
543 4818 770 4889 σώματα
815 4818 1196 4889 ὑπερκύψασα,
1248 4819 1324 4883 ὡς
1355 4819 1576 4887 φθάνειν
1635 4821 1796 4893 μέχρι

235 4910 374 4965 Θεοῦ.
397 4912 813 4984 Παρατηρητέον
837 4913 893 4965 δὲ
921 4913 1120 4984 τριχῶς
1149 4913 1250 4982 τῆς
1285 4914 1517 4983 σχέσεως
1545 4912 1639 4966 τοῦ
1659 4915 1796 4968 Θεοῦ

235 4999 560 5072 ὑμνουμένης
585 5004 690 5055 ὑπὸ
711 5002 805 5055 τοῦ
837 5003 1086 5070 λέγοντος
1115 5003 1214 5075 τὴν
1247 5004 1400 5068 τάξιν
1438 5004 1533 5058 τοῦ
1572 5006 1794 5077 πρώτου

237 5088 518 5160 λεχθέντος,
567 5094 660 5146 καὶ
709 5093 802 5146 τοῦ
849 5094 976 5162 ἐξῆς
1025 5094 1120 5148 καί
1171 5094 1265 5148 τοῦ
1309 5095 1515 5148 λοιποῦ.
1571 5097 1796 5168 Πρῶτον

237 5184 335 5254 γάρ
362 5203 521 5255 φησιν
549 5181 684 5239 εἶναι
713 5187 804 5238 τὸν
827 5187 958 5240 Θεὸν
987 5188 1352 5260 ἀντιλήπτορα
1379 5190 1543 5243 αὑτοῦ
1564 5231 1579 5253 ,
1605 5191 1798 5246 ἔπειτα

237 5274 397 5342 bin,
431 5279 620 5331 Emit:
657 5279 892 5347 ὑψοῦντα
923 5279 1022 5349 τὴν
1051 5281 1310 5350 κεφαλήν.
1339 5284 1450 5336 Καὶ
1481 5286 1615 5354 ἡμῖν
1645 5287 1798 5340 ἀντι-

239 5357 464 5436 λήπτωρ,
505 5366 598 5418 καὶ
631 5365 691 5418 τὸ
729 5366 900 5435 ὕνομρα
933 5366 1086 5435 δηλοῖ
1121 5369 1672 5442 ἀντιλαμϐανόμενον,
1713 5375 1801 5427 ἵνα

241 5449 364 5523 ῥύσῃ
405 5469 464 5506 τε
501 5455 609 5508 ἀπὺ
655 5453 860 5506 πολλῶν
901 5454 1192 5511 θλιϐόντων
1227 5461 1320 5512 καὶ
1354 5462 1801 5534 ἐπανισταμένων

241 5543 324 5594 καὶ
339 5545 813 5614 ἀπογινωσκόντων
827 5547 924 5617 τὴν
941 5549 1035 5602 τοῦ
1057 5551 1305 5620 λέγοντος
1315 5555 1486 5609 ταῦτα
1508 5559 1800 5628 σωτηρίαν.

305 5701 345 5730 ⁸³
385 5699 422 5752 ll
459 5703 599 5760 Tim.
639 5722 728 5768 ιιι,
769 5707 849 5762 li.
927 5709 974 5741 ’⁸
1015 5707 1172 5765 Rom.
1211 5727 1299 5776 ix,
1343 5712 1422 5765 l6.

312 5857 496 5920 ίιέἼσ.
535 5865 764 5933 ἐπαῖριι.

1901 4738 2067 4800 caput
2086 4730 2283 4784 animae
2307 4729 2527 4794 dicitur,
2551 4728 2605 4782 in
2631 4729 2961 4799 quibusdam
2985 4745 3205 4785 sursum
3229 4731 3480 4801 erigitur,

1900 4822 2031 4877 dum
2065 4836 2305 4892 superne
2335 4821 2578 4891 respicit,
2611 4829 2774 4891 atque
2795 4836 2906 4876 non
2937 4823 3098 4877 modo
3126 4829 3353 4887 terram,
3385 4823 3484 4878 sed

1899 4913 2080 4967 omnia
2116 4913 2283 4968 etiam
2317 4927 2550 4983 corpora
2587 4913 2963 4978 transcendit,
2995 4913 3070 4967 ita
3107 4921 3167 4968 ut
3213 4929 3388 4984 usque
3415 4915 3484 4968 ad

1901 5005 2070 5061 Deum
2105 5006 2405 5077 perveniat.
2457 5005 2873 5061 Observandum
2922 5012 3105 5060 autem
3155 5014 3280 5070 est,
3313 5006 3483 5062 Deum

1902 5098 1992 5154 hic
2038 5099 2238 5169 triplici
2275 5099 2439 5154 modo
2481 5099 2770 5162 celebrari,
2813 5112 2880 5152 ac
2911 5098 3110 5168 primo,
3147 5097 3350 5153 dehinc
3395 5114 3486 5154 se.

1900 5191 2103 5254 eundo,
2157 5191 2376 5246 demum
2429 5191 2591 5246 tertio
2637 5190 2834 5247 ordine
2884 5189 3140 5259 exprimi.
3185 5190 3277 5244 Ait
3333 5192 3482 5246 enim

1901 5284 2080 5354 primo
2111 5282 2282 5338 Deum
2311 5299 2438 5340 esse
2469 5290 2846 5354 susceptorem
2895 5296 3076 5343 suum.
3127 5282 3330 5339 deinde
3365 5285 3484 5355 glo-

1903 5374 2060 5438 riam,
2087 5373 2326 5446 denique
2364 5377 2692 5430 exaltantem
2724 5382 2908 5445 caput.
2937 5374 3052 5429 Cur
3077 5384 3260 5430 autem
3291 5391 3484 5446 susce-

1903 5477 2030 5539 ptor
2063 5469 2179 5524 sive
2211 5475 2474 5538 patronus
2515 5467 2609 5529 sit,
2645 5467 2726 5523 vel
2779 5468 2900 5537 ipso
2923 5467 3146 5522 nomine
3175 5467 3484 5540 deprehen-

1907 5559 2096 5612 ditur:
2127 5559 2253 5630 quia
2289 5557 2683 5630 patrocinatur,
2723 5567 2782 5611 ut
2825 5556 3015 5611 liberet
3043 5572 3074 5609 a
3113 5558 3299 5612 multis
3343 5563 3482 5613 mala
