3994 6448
417 392 489 447 95
1062 395 1328 453 EUSEBII
1365 390 1847 451 CzESARlENSlS
1872 385 2025 445 OPP.
2070 386 2270 443 PARS.
2310 376 2407 438 ιιι.
2448 409 2520 424 ....
2553 382 2964 440 εχεοετιω,
3603 384 3677 437 913

418 504 815 570 inferentibus,
871 503 1288 575 insurgentibus
1338 511 1393 558 et
1439 500 1508 557 ad
1549 500 1983 573 desperationem

2100 501 2258 575 Ἑξῆς
2305 501 2363 557 δὲ
2402 503 2482 572 τῳ
2561 502 2917 574 άντιλήπτορι
2958 504 2991 573 ή
3031 501 3181 566 δόξα
3226 500 3361 554 ἐστί’
3410 497 3678 570 πρότερον

416 596 614 653 salutis
644 595 1033 651 inducentibus
1063 610 1188 651 eum
1222 594 1317 665 qui
1347 595 1473 647 talia
1502 590 1664 650 lator.
1697 591 1990 663 Postquam

415 696 794 759 susccptorem
824 685 986 753 dixit,
1017 687 1292 758 sequitur,
1332 685 1507 756 gloria
1540 699 1561 739 :
1590 686 1742 755 prius
1764 687 1996 756 suscipit

415 777 594 841 Deus.
631 779 829 837 deinde
880 779 1052 851 gloria
1095 777 1288 841 allicit,
1330 777 1549 833 demum
1600 778 1773 850 gloria
1816 777 1993 833 affecti

415 886 581 944 caput
608 874 833 929 exaltat.
877 870 1012 927 Nam
1041 872 1090 927 si
1124 869 1471 927 consurrexit
1523 887 1647 925 cum
1670 870 1913 936 Christo,
1941 878 1995 926 et

414 980 538 1036 qua:
588 981 808 1021 sursum
856 973 986 1020 sunt
1036 963 1200 1034 sapit,
1248 978 1358 1019 non
1410 977 1532 1034 qua:
1579 977 1745 1032 super
1768 969 1993 1029 terram,

414 1057 747 1113 exaltabitur
769 1063 935 1129 caput
956 1056 1078 1126 ejus
1101 1070 1132 1110 a
1157 1054 1410 1119 Domino,
1435 1057 1526 1126 qui
1547 1064 1631 1112 est
1658 1053 1917 1120 Verbum,
1941 1063 1996 1111 et

412 1148 586 1222 gloria
623 1150 745 1220 ejus
791 1150 884 1221 qui
932 1165 992 1206 se
1040 1151 1255 1221 recipit,
1304 1164 1469 1219 quam
1498 1163 1528 1202 a
1563 1149 1681 1205 solo
1726 1146 1992 1221 [Christo]

413 1243 639 1313 expetit,
669 1241 923 1313 quisquis
959 1242 1191 1314 gloriam
1239 1256 1348 1296 non
1409 1242 1608 1309 accipit
1652 1240 1723 1295 ab
1752 1239 1992 1295 homine.

413 1332 697 1398 Quomodo
721 1341 903 1389 autem
937 1331 1236 1388 exaltatum
1276 1333 1348 1387 sit
1376 1330 1600 1386 Davidis
1636 1337 1799 1401 caput
1828 1329 1995 1401 probe

414 1426 707 1495 intelliges,
729 1426 777 1481 si
807 1427 1232 1490 animadvertas,
1252 1423 1474 1481 Davidis
1503 1438 1700 1479 nomen
1744 1438 1841 1495 per
1871 1422 1996 1476 uni-

410 1530 630 1571 Versum
673 1516 860 1572 orbem
912 1526 967 1573 et
1022 1516 1080 1572 in
1143 1517 1403 1572 omnibus
1455 1515 1709 1588 gentibus
1774 1521 1996 1585 propter

409 1607 689 1664 Christum
716 1608 808 1665 Dei
836 1606 1137 1674 Filium,ex
1165 1609 1374 1665 semine
1402 1608 1523 1678 ejus
1552 1607 1853 1665 secundum
1879 1622 1997 1661 car-

409 1716 534 1755 nem
588 1708 807 1766 ortum,
866 1700 1154 1756 celebrari.
1209 1698 1330 1755 Non
1403 1707 1557 1754 tanta
1614 1698 1760 1755 enim
1819 1698 1993 1768 gloria

409 1788 669 1855 aﬂ‘ectus,
714 1804 892 1861 neque
922 1791 997 1846 ita
1026 1792 1303 1847 exaltatus
1353 1799 1460 1856 est,
1491 1806 1614 1846 cum
1640 1790 1784 1845 inter
1817 1788 1996 1843 homi-

2094 595 2206 668 γάρ
2250 593 2708 667 ἀντιλαμϐάνεται
2750 598 2780 649 6
2820 594 2971 658 Θεὸς,
3011 590 3129 648 εἶτα
3170 590 3383 657 δοξάζει
3420 591 3516 645 καὶ
3548 588 3679 659 ἑξῆς

2094 687 2221 758 ύψοῐ
2237 687 2331 741 τοῦ
2350 686 2734 759 δεδοξασμένον
2749 686 2848 759 τὴν
2862 685 3125 757 κεφαλήν.
3148 685 3211 738 El
3232 685 3342 754 γὰρ
3365 681 3680 754 συνηγέρθη

2094 778 2334 852 Χριστῷ,
2373 779 2470 833 καὶ
2505 776 2574 831 τὰ
2616 778 2730 833 ἀνω
2778 779 2984 850 φρονεῖ,
3036 777 3097 830 οῦ
3147 775 3217 829 τά
3265 777 3359 830 ἐπὶ
3400 775 3498 847 τῆς
3550 775 3678 845 γῆς,

2095 871 2437 943 ύιιιωθησεται
2464 870 2629 925 αὑτοῦ
2651 873 2686 942 ἠ
2720 868 2928 942 κεφαλὴ
2955 868 3062 923 ἀπὸ
3079 867 3172 923 τοῦ
3193 868 3421 941 Κυρίου,
3440 867 3501 932 ὃς
3527 869 3681 922 ἐστιν

2094 964 2123 1017 6
2154 962 2347 1031 Λόγος,
2381 961 2510 1027 δόξα
2530 959 2608 1015 ὣν
2634 959 2730 1015 τοῦ
2766 963 3109 1033 χωρήσαντος
3134 959 3316 1024 αὑτὸν,
3351 960 3420 1031 ἦν
3446 961 3556 1014 ἀπὸ
3582 960 3687 1014 τοῦ

2098 1053 2262 1124 μόνου
2296 1051 2557 1124 ἐξῄτησεν
2600 1054 2631 1107 ὁ
2663 1052 2739 1125 μὴ
2775 1052 3067 1124 λαμῢάνων
3098 1050 3256 1116 δόξαν
3281 1050 3433 1124 παρὰ
3465 1050 3685 1123 ἀνθρώ-

2096 1160 2219 1198 που.
2252 1144 2441 1209 Ὅπως
2470 1143 2527 1198 δὲ
2562 1142 2751 1216 ὑψώθη
2781 1142 2876 1198 τοῦ
2915 1143 3077 1198 Δαυῒδ
3104 1146 3139 1215 ἡ
3174 1144 3419 1216 κεφαλὴ,
3462 1146 3683 1216 νοήσεις

2096 1238 2415 1307 ἐπιστήσας,
2441 1236 2518 1301 ὡς
2537 1236 2656 1290 καθ’
2669 1236 2798 1308 ὅλης
2824 1236 2923 1307 τῆς
2945 1236 3055 1290 τῶν
3087 1234 3389 1309 ἀνθρώπων
3415 1238 3682 1308 οἰκουμέ-

2094 1346 2193 1401 νης
2232 1329 2329 1383 καί
2362 1331 2421 1382 εν
2456 1329 2590 1382 πᾶσι
2621 1332 2735 1394 τοῖς
2766 1328 2946 1382 ἔθνεσι
2983 1328 3045 1382 τὸ
3088 1327 3181 1382 τοῦ
3219 1328 3383 1382 Δαυῒδ
3417 1327 3683 1401 βεὸὀηται

2093 1422 2283 1493 ὄνομα,
2306 1419 2392 1475 διὰ
2415 1420 2509 1474 τὸν
2533 1421 2599 1475 ἐκ
2626 1420 2939 1493 σπέρματος
2960 1419 3126 1475 αὑτοῦ
3152 1418 3295 1476 κατά
3318 1420 3499 1491 σάρκα
3523 1421 3687 1490 γενό⁶

2098 1532 2258 1588 μενον
2289 1512 2520 1585 Χριστὸν
2557 1514 2649 1568 τὸν
2680 1513 2774 1568 τοῦ
2803 1513 2939 1568 Θεοῦ
2970 1513 3121 1567 Υἰόν·
3153 1515 3251 1584 οὐχ
3280 1512 3454 1577 οὕτως
3480 1514 3592 1585 γὰρ
3619 1515 3686 1570 ὲν

2094 1604 2403 1678 ἀνθρώποις
2453 1605 2550 1671 ὢν,
2598 1607 2693 1661 καὶ
2745 1607 2909 1678 μόνου
2953 1604 3048 1659 τοῦ
3085 1604 3300 1678 Ἰσραὴλ
3354 1605 3681 1677 βασιλεύων,

2092 1697 2373 1764 δεδόξαστο
2395 1699 2489 1752 καὶ
2523 1697 2724 1767 ῦψωτο,
2755 1698 2849 1752 καὶ
2880 1697 3116 1769 μάλιστα
3149 1696 3287 1769 μετά
3327 1695 3427 1769 τὴν
3470 1697 3684 1752 ἐπανά-

2096 1808 2283 1845 στασιν
2315 1790 2409 1845 τοῦ
2462 1788 2815 1862 ’Δϐεσσαλὼμ
2840 1788 2944 1860 τὴν
2982 1791 3102 1843 κατ’
3147 1787 3314 1844 αὐτοῦ
3342 1790 3643 1861 γενομένην
3662 1828 3680 1852 ,

410 1896 510 1938 nes
558 1889 895 1947 versaretur,
951 1888 1006 1938 et
1062 1883 1240 1939 solum
1298 1883 1516 1939 lsraelis
1572 1896 1802 1952 regnum
1847 1880 1984 1936 obti-

2093 1883 2169 1947 ὡς
2190 1882 2280 1936 διὰ
2309 1883 2407 1954 τῆς
2433 1882 2703 1954 σωτηρίου
2724 1858 3045 1952 θεοφανείας
3072 1884 3137 1936 ὲκ
3162 1858 3485 1954 σπέρματος-
3505 1858 3679 1936 αὐτοῦ

408 1982 584 2038 ncret,
612 1974 958 2045 maximeque
993 1983 1120 2046 post
1164 1976 1459 2031 Absalonis
1510 1974 1887 2041 rebellionem,
1926 1973 1993 2026 il-

2092 1972 2463 2046 προελθούσης
2486 1972 2629 2028 κατά
2658 1973 2856 2045 σάρκα.

407 2064 688 2133 latumque
714 2061 942 2130 bellum,
973 2071 1181 2135 quanta
1221 2072 1521 2121 exornatus
1569 2070 1656 2120 est
1690 2062 1866 2136 gloria
1905 2077 2003 2133 per
2038 2063 2331 2119 salutarem
2357 2061 2451 2119 Dei
2488 2079 2554 2119 ex
2583 2063 2793 2120 semine
2819 2064 2940 2136 ejus
2963 2065 3265 2122 secundum
3323 2078 3547 2120 carnem
3577 2065 3684 2119 ad-

403 2145 649 2214 ventum.

475 2298 643 2357 Vsus.
683 2301 739 2357 5.
796 2300 933 2357 Voce
990 2316 1107 2355 mea
1164 2299 1235 2354 ad
1282 2299 1567 2355 Dominum
1627 2299 1889 2366 clamavi,
1941 2308 1993 2353 et

400 2393 671 2450 exaudivit
704 2411 786 2449 me
832 2397 898 2451 de
950 2404 1124 2448 monte
1176 2404 1361 2448 sancto
1401 2392 1538 2463 ejus.
1567 2391 1725 2448 Hunc
1751 2400 1991 2448 montem

403 2492 671 2541 memorat
713 2485 1030 2557 praecedens
1054 2486 1298 2557 psalmus
1343 2502 1469 2542 cum
1503 2487 1579 2542 ait
1609 2506 1623 2542 :
1659 2485 1772 2557 Ego
1815 2495 1991 2541 autem

401 2574 719 2629 constitutus
745 2590 862 2629 sum
892 2590 984 2629 rex
1021 2574 1087 2629 ab
1137 2591 1198 2629 eo
1234 2591 1392 2645 super
1423 2575 1556 2631 Sion
1586 2586 1815 2632 montem
1861 2593 1986 2631 san-

399 2673 544 2717 etum
568 2664 704 2734 ejus.
737 2663 991 2720 Christus
1017 2673 1200 2720 autem
1230 2673 1351 2721 erat
1402 2666 1599 2737 quisic
1632 2667 1989 2739 loquebatur;

401 2761 459 2810 at
488 2771 636 2811 nunc
660 2756 851 2821 David,
901 2772 962 2813 se
993 2772 1025 2812 a
1066 2758 1287 2814 Christo
1317 2758 1386 2814 de
1435 2765 1622 2814 monte
1647 2766 1840 2815 sancto
1867 2759 1988 2830 ejus

399 2845 802 2901 exaudiendum
836 2846 1186 2903 testiﬁcatur.
1219 2847 1389 2914 Quem
1416 2863 1581 2918 porro
1599 2848 1986 2905 exauditurum

402 2950 463 2991 se
514 2936 672 3003 dicit,
727 2936 837 2993 nisi
882 2936 1174 2993 Dominum
1226 2937 1320 3009 qui
1361 2936 1699 2994 constitutus
1746 2946 1832 2994 est
1888 2955 1986 2995 rex

397 3039 553 3096 super
596 3024 729 3081 Sion
764 3036 992 3082 montem
1041 3036 1284 3083 sanctum
1320 3024 1479 3097 ejus?
1526 3025 1630 3083 Per
1661 3027 1807 3084 hunc
1836 3027 1985 3084 enim

398 3118 575 3174 solum
642 3118 903 3176 credebat
964 3135 1025 3176 se
1086 3121 1467 3177 remissionem
1527 3128 1986 3189 consecuturum;

397 3211 758 3282 eumdemque
784 3227 906 3268 esse
937 3211 1165 3283 gloriam
1188 3227 1366 3278 suam,
1390 3221 1445 3267 et
1471 3212 1797 3268 exaltantem
1821 3220 1987 3284 caput
2013 3200 2056 3257 (ἶ

399 3318 583 3360 suum.
614 3301 752 3357 Cum
802 3303 968 3374 igitur
1019 3305 1226 3360 diserte
1272 3305 1700 3375 pramontiasset
1726 3320 1786 3361 se
1811 3306 1983 3377 g'loria

397 3393 740 3451 aﬂiciendum
760 3436 776 3460 ,
805 3402 860 3451 et
882 3407 1047 3466 caput
1063 3412 1223 3452 suum
1247 3396 1595 3453 exaltantlum
1624 3413 1779 3466 esse;
1808 3413 1984 3469 quan-

396 3486 596 3543 donam
646 3487 700 3542 id
747 3487 853 3543 sibi
888 3489 1178 3560 contigerit
1210 3490 1323 3560 jam
1369 3489 1613 3545 declarat
1648 3490 1731 3545 his
1760 3491 1979 3548 verbis:

409 3577 542 3634 Voce
575 3595 691 3634 mea
720 3578 789 3634 ad
819 3578 1106 3633 Dominum
1151 3581 1401 3648 clamavi,
1427 3590 1477 3636 et
1505 3580 1775 3636 exaudivit
1812 3598 1893 3637 me
1919 3581 1984 3637 de

398 3678 571 3724 ηιοηιε
596 3678 779 3725 εαηειο
810 3686 929 3725 ειιο.

468 3778 636 3838 Vsus.
668 3781 724 3837 6.
754 3779 869 3854 Ego
905 3781 1129 3839 dormivi
1154 3792 1204 3839 et
1233 3793 1514 3855 separatus
1540 3802 1681 3851 sum,
1706 3788 1980 3843 exsurrexi

395 3873 527 3943 quia
549 3871 807 3928 Dominus
857 3875 1105 3944 suscipiet
1152 3890 1252 3930 me.
1311 3874 1518 3931 Futura
1550 3876 1661 3943 hic,
1715 3887 1979 3948 tanquam

398 3965 669 4035 praeterita
702 3965 1052 4033 vaticinatur;
1082 3966 1227 4023 sicut
1245 3968 1392 4023 enim
1421 3969 1477 4025 in
1506 3971 1752 4027 secundo
1770 3972 1981 4042 psalmo

394 4057 601 4115 dictum
623 4067 710 4115 est
736 4076 751 4115 :
782 4057 964 4126 Quare
992 4059 1321 4129 fremuerunt
1348 4070 1555 4132 gentes,
1598 4073 1648 4118 et
1675 4065 1856 4134 populi
1879 4081 1983 4121 me-

393 4149 555 4206 ditati
608 4159 731 4204 sunt
792 4151 1015 4208 inania?
1044 4152 1339 4207 Astiterunt
1390 4164 1441 4208 et
1487 4166 1836 4210 convenerunt
1880 4157 1980 4211 ad-

395 4255 572 4295 versus
606 4239 890 4297 Dominum
910 4250 960 4295 et
994 4239 1245 4297 adversus
1278 4239 1549 4298 Christum
1585 4243 1701 4313 ejus
1728 4260 1747 4298 :
1780 4252 1836 4300 et
1863 4246 1979 4301 haec

395 4340 580 4388 tamen
632 4330 703 4388 de
745 4332 932 4388 l'uturo
982 4332 1467 4403 intelligebantur;
1519 4334 1709 4391 eadem
1764 4336 1980 4393 ratione

390 4424 503 4494 jam
541 4423 677 4480 illud
703 4443 717 4479 :
742 4422 856 4496 Ego
892 4423 1118 4479 dormivi
1144 4434 1194 4479 et
1242 4435 1524 4495 soporatus
1552 4443 1693 4492 sum,
1740 4430 1977 4500 prophe-

2165 2286 2340 2357 Φωνῆ
2355 2306 2474 2358 μου
2491 2288 2642 2358 πρὸς
2661 2290 2883 2359 Κύριον
2903 2289 3222 2360 ἐκέκραξα,
3243 2294 3341 2348 καί
3365 2293 3684 2362 ἐπήκουσέ

2088 2400 2209 2453 μου
2232 2382 2302 2446 ἐξ
2331 2382 2508 2450 ὅρους
2524 2381 2696 2452 ἁγίου
2722 2382 2932 2438 αὐτοῦ.
2955 2383 3062 2438 Τοῦ
3102 2383 3260 2458 ὅρους
3303 2388 3682 2461 ἐμνημόνευσε

2092 2472 2286 2528 τούτου
2318 2472 2414 2528 καὶ
2442 2474 2471 2527 6
2499 2472 2608 2543 πρὸ
2629 2472 2821 2527 τούτου
2839 2472 3073 2547 ψαλμὸς,
3095 2478 3153 2530 ὲν
3180 2471 3263 2542 οἷς
3288 2478 3492 2550 ἔλεγεν·
3527 2481 3682 2553 Ἐγὼ

2092 2567 2161 2621 δὲ
2184 2566 2562 2636 xandrer
2579 2568 2885 2637 βασιλεὺς
2911 2570 3014 2624 ὑπ’
3033 2572 3220 2627 αὐτοῦ
3241 2572 3336 2627 ἐπὶ
3364 2573 3518 2629 Σιὼν
3538 2574 3682 2645 ὄρος

2094 2660 2162 2714 τὸ
2199 2659 2370 2730 ἅγιον
2416 2660 2626 2715 αὑτοῦ.
2667 2656 2776 2715 τΗν
2825 2662 2883 2715 δὲ
2933 2664 3026 2715 καὶ
3066 2665 3095 2717 6
3131 2663 3304 2733 λέγων
3349 2668 3408 2719 ἐν
3446 2668 3681 2733 ἐκείνοις

2094 2751 2269 2807 ταῦτα
2304 2755 2334 2807 6
2382 2755 2635 2826 Χριστός
2681 2755 2779 2809 καὶ
2812 2754 2906 2809 νῦν
2944 2757 3232 2829 τοιγαροῦν
3275 2760 3681 2816 ἐπακούσεσθαι

2096 2841 2264 2896 αὑτοῦ
2295 2858 2458 2913 φησιν
2490 2846 2519 2897 6
2555 2841 2720 2898 Δαυῒδ
2750 2842 2809 2910 ἐξ
2839 2844 2998 2917 ὅρους
3030 2846 3184 2916 ἁγίου
3224 2849 3412 2906 αὑτοῦ.
3447 2850 3581 2905 Τίνα
3616 2852 3683 2906 δὲ

2095 2933 2497 2989 ἐπακούσεσθαι
2546 2935 2736 2998 αὐτοῦ,
2780 2935 2895 2991 ἀλλ’
2938 2937 2973 3009 ἥ
3015 2939 3107 2994 τὸν
3129 2939 3333 3013 Κύριον
3376 2942 3468 2996 τὸν
3510 2959 3682 2997 κατα-

2089 3025 2291 3082 στάντα
2320 3025 2541 3097 pacata
2570 3028 2670 3083 ἐπὶ
2700 3028 2854 3084 Σιὼν
2877 3031 3015 3099 ὄρος
3040 3031 3108 3086 τὸ
3139 3032 3312 3104 ἅγιον
3329 3034 3554 3102 αὐτοῦ,·
3575 3038 3679 3093 Διά

2089 3118 2282 3174 τούτου
2314 3119 2426 3193 γάρ
2461 3120 2621 3193 μόνου
2662 3122 2912 3193 ἀφέσεως
2949 3124 3233 3190 τεύξεσθαι
3280 3127 3676 3199 πεπίστευκεν,

2089 3214 2251 3269 αὐτὸν
2281 3215 2337 3268 δὲ
2369 3210 2508 3269 εἶναι
2535 3215 2692 3281 δόξαν
2717 3218 2907 3283 αὐτοῦ,
2945 3220 3042 3273 καὶ
3068 3220 3160 3275 τὸν
3181 3220 3418 3292 ὑψοῦντα
3446 3223 3543 3296 τὴν
3578 3242 3674 3278 κε-

2088 3308 2264 3380 φαλὴν
2280 3308 2466 3363 αὑτοῦ.
2499 3310 2715 3382 Σφόδρα
2741 3311 2922 3367 τοίνυν
2952 3314 3230 3384 προειπὼν
3248 3315 3678 3389 δοξασθήσεσθαι

2087 3401 2181 3454 καὶ
2210 3400 2591 3475 ὑψωθήσεσθαι
2622 3403 2721 3475 τὴν
2753 3404 2944 3459 ἑαυτοῦ
2973 3407 3237 3480 κεφαλὴν,
3268 3407 3466 3462 ὁπόθεν
3497 3411 3679 3482 ὑπῆρ-

2088 3489 2176 3556 ξεν
2220 3490 2370 3562 αὑτῷ
2411 3491 2570 3547 τοῦτο
2609 3493 2847 3550 διδάσκει
2894 3495 3089 3565 λέγων’
3131 3497 3306 3569 Φωνῇ
3353 3517 3474 3569 μου
3521 3500 3676 3571 πρὸς

2084 3582 2306 3650 Κύριον
2351 3582 2667 3654 ἐκέκραξα,
2715 3587 2814 3642 καί
2864 3587 3173 3656 ἐπήκουσέ
3207 3609 3328 3662 μου
3365 3593 3436 3659 ἐξ
3489 3593 3674 3664 ὄρους

2085 3676 2258 3744 ἁγίου
2289 3676 2498 3733 αὐτοῦ.

2167 3788 2316 3861 Ἐγὼ
2360 3790 2689 3860 ἐκοιμήθην
2728 3794 2827 3848 καί
2880 3793 3162 3861 ὕπνωσα,
3205 3798 3538 3869 ἐξηγέρθην
3577 3801 3674 3858 ὅτι

2084 3881 2298 3949 Κύριος
2335 3880 2735 3951 ἀντιλήψεται
2770 3900 2910 3953 μου.
2943 3883 3024 3939 Τὰ
3065 3885 3325 3956 μέλλοντα
3366 3891 3425 3943 ὲν
3459 3889 3671 3956 τούτοις

2081 3969 2157 4035 ὡς
2187 3975 2553 4045 παρῳχηκότα
2580 3974 2845 4039 θεσπίζεν
2875 3976 2952 4040 ὡς
2972 3977 3082 4049 γάρ
3110 3979 3169 4032 ὲν
3195 3978 3272 4048 τῷ
3294 3980 3530 4053 δευτέρῳ
3550 3982 3671 4037 ἐλέ-

2081 4079 2234 4132 γετο·
2258 4065 2383 4120 Ἵνα
2400 4066 2456 4119 τί
2476 4066 2786 4135 ἐφρύαξαν
2809 4067 2976 4137 ἔθνη,
3003 4069 3104 4124 καί
3132 4071 3271 4125 λαοὶ
3293 4072 3673 4142 ἐμελέτησαν

2080 4155 2261 4220 md;
2298 4156 2703 4227 Παρέστησαν
2753 4161 2850 4215 καί
2890 4160 3301 4235 ,συνέστησαν
3356 4167 3507 4220 κατὰ
3558 4166 3669 4221 τοῦ

2080 4251 2303 4320 Κυρίου
2335 4252 2433 4306 καί
2477 4254 2627 4307 κατὰ
2678 4253 2788 4307 τοῦ
2833 4254 3093 4323 Χριστοῦ
3133 4257 3353 4321 αὐτοῦ,
3388 4257 3560 4313 ταῦτά
3603 4277 3665 4314 τε

2080 4343 2281 4396 ὲνοεῖτο
2322 4341 2689 4414 μελλητικῶςο
2718 4342 2864 4399 οὕτω
2909 4345 3006 4399 καὶ
3037 4345 3132 4400 νῦν
3174 4346 3270 4409 τὸ,
3317 4348 3466 4418 Ἐγὼ
3502 4349 3666 4405 ἐκοι-

2073 4430 2278 4502 μήθην
2301 4432 2400 4486 καί
2431 4433 2702 4499 ὕπνωσα,
2738 4436 3090 4507 προφητικῶς
3121 4438 3359 4510 εἴρηται,
3400 4442 3520 4495 ἀντὶ
3546 4442 3664 4505 τοῦ.

393 4517 502 4574 tice
542 4516 748 4573 dictum
778 4524 886 4580 est,
935 4517 1205 4583 videlicet,
1235 4518 1527 4583 dormiam,
1585 4522 1890 4591 soporabor
1921 4531 1975 4580 et

2087 4524 2527 4596 Κοιμηθήσομαι
2567 4525 2668 4581 καὶ
2710 4526 3002 4594 ὑπνώσω,
3056 4529 3149 4584 καὶ
3194 4530 3625 4605 ὲξεγερθήσομαι
3646 4552 3663 4566 ο

392 4625 707 4682 exsurgant,
744 4609 1004 4682 quoniam
1055 4616 1137 4674 tu,
1182 4609 1430 4677 Domine,
1477 4620 1768 4683 susceptor
1822 4630 1977 4672 meus

392 4715 477 4765 es,
515 4701 688 4773 gloria
729 4717 872 4767 mea,
905 4709 964 4759 et
982 4702 1233 4759 exaltans
1254 4713 1421 4775 caput
1450 4720 1653 4762 meum.
1705 4705 1805 4763 Hic
1831 4708 1979 4763 enim

395 4801 611 4864 tempus
648 4792 945 4864 signiﬁcat,
978 4808 1088 4864 quo
1136 4792 1242 4850 sibi
1300 4794 1416 4851 haec
1445 4796 1747 4852 obventura
1801 4809 1930 4854 sunt
1961 4816 1977 4854 :

395 4893 685 4959 postquam
723 4886 1032 4952 dormierit,
1064 4888 1265 4959 inquit,
1294 4889 1844 4962 exsurget,quouiam
1866 4890 1978 4949 Do-

392 4975 577 5031 minus
599 4975 862 5048 suscipiet
884 4991 1033 5033 eum.
1050 4975 1156 5033 Per
1182 4976 1552 5032 dormitionem
1580 4979 1726 5035 enim
1744 4989 1977 5038 mortem

394 5064 692 5133 signiﬁcat,
726 5065 1028 5122 secundum
1058 5082 1222 5138 quam
1252 5066 1370 5123 haec
1409 5067 1513 5133 sibi
1544 5067 1730 5126 futura
1775 5072 1975 5127 vatici-

392 5167 560 5217 natur
587 5178 602 5214 :
629 5157 795 5229 idque
833 5158 1005 5214 refert
1054 5158 1125 5215 ad
1184 5165 1405 5229 tempus
1452 5158 1578 5215 vita
1636 5159 1973 5235 Salvatoris,

392 5266 501 5326 qua
543 5262 762 5323 peracta
811 5251 1105 5307 terminum
1163 5251 1449 5323 prophetia
1493 5263 1795 5310 consecuta
1848 5265 1972 5325 est;

391 5342 613 5416 quando
642 5342 855 5399 scilicet
896 5340 1071 5399 Filius
1109 5342 1347 5399 hominis
1386 5341 1644 5400 Christus
1690 5345 1761 5401 ad
1802 5345 1975 5404 inier-

391 5450 523 5491 num
570 5449 747 5505 usque
793 5433 1098 5502 descendit,
1127 5441 1181 5489 et
1236 5433 1598 5504 captivorum,
1630 5440 1725 5506 qui
1763 5437 1972 5493 exitum

391 5528 807 5601 exspectabant,
846 5525 1101 5584 Salvator
1129 5534 1594 5586 commonstratus
1623 5537 1746 5597 est;
1780 5531 1856 5586 ita
1910 5538 1971 5587 ut

392 5620 813 5677 resurrectionis
872 5619 995 5692 ejus
1056 5635 1125 5676 ex
1188 5620 1421 5676 mortuis
1483 5629 1729 5695 tempore
1798 5625 1970 5680 multa

390 5728 621 5784 corpora
677 5721 996 5770 sanctorum
1039 5712 1135 5784 qui
1176 5711 1516 5770 dormierant
1545 5729 1656 5770 una
1683 5730 1809 5772 cum
1847 5717 1968 5790 ipso

394 5804 714 5873 revixerint,
749 5805 805 5863 in
855 5805 1012 5878 queis
1052 5803 1373 5882 verisimile
1395 5814 1481 5865 est
1528 5807 1700 5866 fuisse
1730 5808 1966 5867 animam

2078 4616 2161 4672 ὅτι
2207 4618 2272 4672 σὺ
2305 4617 2512 4690 Κύριος
2561 4618 2909 4692 ἀντιλήπτωρ
2962 4637 3067 4686 μου
3113 4617 3184 4686 εἷ,
3235 4622 3362 4688 δόξα
3418 4642 3521 4697 μου
3567 4628 3666 4682 καὶ

2053 4708 2233 4785 ,ὑψῶν
2262 4709 2363 4781 τὴν
2395 4710 2638 4784 κεφαλήν
2684 4729 2806 4784 μου.
2843 4713 2934 4768 Ἐν
2976 4715 3153 4784 τούτῳ
3195 4716 3308 4790 ⁴γάρ
3334 4717 3426 4772 τὸν
3471 4719 3663 4792 καιρὸν

2078 4800 2504 4873 ἐπισημαίνεται
2539 4800 2660 4857 καθ’
2704 4802 2766 4857 δν
2791 4803 3023 4877 ὑπάρξει
3068 4807 3219 4879 αὐτῷ
3263 4808 3455 4864 ταῦτα.
3503 4812 3663 4866 Μετά

2029 4920 2032 4924 λ
2078 4892 2188 4966 γάρ
2216 4892 2277 4946 τὸ
2304 4892 2633 4965 κοιμηθῆναι
2660 4895 2826 4950 αὐτὸν
2875 4897 3318 4972 ἑξεγερθήσεται,
3354 4901 3541 4975 φησὶν,
3574 4905 3660 4960 ὅτι

2076 4983 2280 5057 Κύριος
2300 4984 2651 5058 ἀντιλήψεται
2675 4988 2860 5044 αὑτοῦ.
2883 4991 3179 5061 Κοίμησιν
3200 4992 3259 5047 δὲ
3284 4994 3538 5067 σημαίνει
3562 4996 3660 5052 τὸν

2078 5075 2329 5143 θάνατον,
2360 5079 2483 5150 μεθ’
2514 5077 2575 5133 ὃν
2602 5078 2774 5135 ταῦτα
2807 5079 3027 5136 ἔσεσθαι
3057 5084 3186 5155 περὶ
3227 5085 3394 5140 αὐτοῦ
3438 5103 3656 5161 προφη-

2075 5164 2243 5232 τεύει,
2271 5165 2612 5255 ἀναπέμπων
2648 5169 2739 5222 ἐπὶ
2777 5170 2867 5225 τὸν
2894 5171 3086 5243 χρόνον
3124 5173 3224 5246 τῆς
3265 5174 3360 5229 τοῦ
3402 5176 3657 5249 Σωτῆρος

2077 5258 2405 5331 παρουσίας,
2438 5259 2560 5331 μεθ’
2590 5259 2651 5313 δν
2680 5260 2867 5323 τέλους
2892 5262 3085 5334 ἔτυχεν
3116 5264 3151 5336 ἠ
3183 5266 3517 5339 προφητεία·
3564 5269 3654 5323 ὅτε

2073 5351 2170 5405 καὶ
2215 5349 2408 5424 μέχρις
2452 5352 2580 5424 ᾅδου
2629 5354 2874 5419 καταϐάς
2914 5357 2946 5409 6
2990 5356 3121 5422 Υίδς
3164 5358 3260 5414 τοῦ
3291 5358 3577 5431 ἀνθρώπω
3621 5362 3653 5415 6

2072 5444 2330 5518 Χριστὸς,
2367 5446 2461 5500 καὶ
2492 5446 2601 5499 τῶν
2633 5449 2753 5501 ἐκεῖ
2791 5447 3218 5522 προσδοκώντων
3247 5451 3428 5523 ἄφιξιν
3460 5453 3653 5527 Σωτὴρ

2071 5536 2378 5610 ἐπεδείχθη,
2408 5539 2485 5603 ὡς
2519 5538 2635 5610 ἃμα
2665 5542 2733 5611 τῇ
2775 5540 2943 5596 αὐτοῦ
2994 5544 3059 5597 ὲκ
3102 5545 3312 5618 νεκρῶν
3352 5540 3649 5601 ἀναστάσει

2071 5628 2241 5684 πολλά
2271 5630 2499 5702 σώματα
2534 5630 2643 5686 τῶν
2698 5631 2870 5701 ἁγίων
2919 5634 3029 5689 τῶν
3059 5638 3474 5710 κεκοιμημένων
3520 5655 3649 5693 συν-

2070 5721 2367 5793 αναστῆναι
2396 5721 2566 5794 αὐτῷ,
2584 5724 2642 5777 ἐν
2670 5721 2754 5789 οἷς
2783 5724 2930 5790 εἰκὸς
2954 5725 3094 5782 εἶναι
3112 5729 3210 5783 καὶ
3239 5728 3338 5801 τὴν
3369 5729 3462 5784 τοῦ
3485 5730 3649 5788 Δαυῖδ

2068 5814 2266 5888 ψυχήν.
2295 5814 2525 5887 Θαρσῶν
2560 5816 2617 5871 δὲ
2646 5821 2710 5890 τῇ
2749 5819 2973 5892 δυνάμει
3014 5819 3115 5892 τῆς
3162 5823 3505 5888 ἀναστάσεως
3550 5823 3644 5878 τοῦ
