3998 6432
314 285 385 342 97

1463 295 1972 373 CQHMENTARIA
2013 302 2079 359 lN
2120 304 2459 365 PSALMUS.

3528 328 3598 387 98

308 411 593 503 Σωτῆρος,
635 414 703 470 δι’
747 412 817 489 ἧς
847 417 1046 490 ἧμιλλε
1092 419 1187 475 xui.
1232 419 1397 485 αὐτὸς
1450 423 1738 497 κοιμηθεὶς
1791 426 1872 495 ὲξε

2009 428 2250 487 Davidis.
2291 430 2492 487 Fidens
2527 441 2708 489 autem
2737 436 2922 491 virtuti
2954 441 3379 501 resurrectionis
3410 442 3598 503 Salva-

305 500 709 575 γερθήσεσθαι,
739 510 908 580 φησιν
927 527 941 541 ·

2011 523 2168 590 toris,
2202 539 2300 595 per
2327 540 2494 595 quam
2532 533 2585 581 et
2616 525 2733 597 ipse
2760 527 3041 586 dormiens
3069 533 3424 593 suscitandus
3456 549 3596 607 erat,

1878 652 1919 663 κέ
2008 613 2087 668 ait
2121 635 2132 667 ε

369 684 455 735 Οὐ
484 687 1046 758 φοϐηθήσομαιὼτὸ
1070 692 1377 762 μυριάδων
1397 695 1549 749 λαοῦ
1572 694 1688 751 τῶν
1701 699 1906 767 κύκλῳ

298 779 864 849 συνεπιτιθεμένων
885 800 1008 852 μοι.
1055 783 1322 859 Προειῦρα
1366 790 1475 861 γάρ
1519 790 1603 844 ὅτι
1644 793 1904 865 μυριάδες

298 866 728 947 ἀντικειμένων.
760 871 1044 944 δυνάμεων
1104 874 1457 949 βουλήσονται
1510 882 1756 953 ἐπισχεῖν
1803 883 1901 956 τὴν

296 957 404 1011 τῶν
457 960 646 1028 ἁγίων
705 963 1002 1020 ἀναϐίωσιν
1027 1009 1042 1033 ,
1098 969 1554 1044 διαφθονούμεναι
1602 978 1668 1048 τῇ
1720 978 1900 1031 αὐτῶν

296 1052 551 1123 σωτηρίᾳ
574 1070 590 1083 ο
629 1047 706 1109 ὧν
749 1055 880 1125 ἐγὼ,
913 1060 1102 1130 φησὶν,
1138 1061 1292 1131 λόγον
1345 1064 1535 1119 οὐδένα
1578 1068 1895 1139 ποιήσομαι,

293 1140 521 1216 θαρρῶν
547 1145 634 1217 τῷ
664 1148 1046 1224 ὑπερασπιστῇ
1079 1170 1203 1225 μου,
1230 1153 1309 1226 τῷ
1344 1156 1439 1210 τοῦ
1478 1157 1709 1212 θανάτου
1741 1178 1897 1231 νικη-

291 1240 357 1307 τῇ
379 1255 393 1267 °
427 1237 491 1302 ὃς
522 1239 592 1311 δὴ
629 1240 802 1312 θύρας
829 1244 1036 1313 χαλκᾶς
1062 1248 1355 1319 συντρίψας
1382 1251 1473 1303 καὶ¹
1504 1252 1733 1322 μοχλοὺς
1750 1254 1897 1326 σιδη-

294 1326 422 1398 ροῦς
453 1331 787 1399 συνθλάσας,
811 1334 909 1399 τὰς
934 1335 992 1401 ἐξ
1017 1337 1211 1407 αἰῶνος
1246 1340 1752 1413 ἀποκεκλεισμένας
1799 1346 1893 1400 τοῦ

258 1436 263 1441 ‘
289 1421 526 1476 Θανάτου
554 1425 736 1489 πύλας
765 1426 1025 1498 ἀνέῳξεν
1056 1430 1171 1483 ὀδόν
1196 1449 1252 1484 τε
1277 1434 1626 1500 ἀναστάσεως
1648 1438 1891 1510 παρέσχε

289 1519 400 1581 τοῖς
419 1518 623 1572 αὐτόθι
648 1521 947 1592 γνωρίμοις
977 1522 1161 1588 αὐτοῦ,
1193 1518 1266 1577 ὧν
1288 1520 1368 1590 εἷς
1399 1527 1576 1580 αὐτῶν
1620 1524 1686 1601 ἦν
1728 1532 1757 1583 6
1787 1533 1892 1585 Δα-

286 1609 391 1660 υἲδ.
444 1612 542 1664 Διὸ
575 1614 640 1665 ἐν
681 1614 854 1685 ἑτέρῳ
882 1612 1083 1687 ψαλμῷ
1114 1616 1329 1686 ἔλεγεν·
1386 1621 1747 1691 Ἐγνὼρισάς
1787 1641 1887 1692 μοι

287 1701 466 1770 ὁδοὺς
504 1703 684 1774 ζωῆς·
719 1707 1059 1775 πληρώσεις
1073 1727 1150 1779 με
1166 1713 1550 1782 εὐφροσύνης
1585 1714 1735 1785 μετὰ
1783 1716 1887 1770 τοῦ

285 1796 632 1863 προσώπου
666 1816 797 1854 σου.

371 1887 672 1956 Ἀνάστα,
703 1894 900 1961 Κύριε,
935 1894 1143 1950 σῶσόν
1161 1916 1273 1967 με,
1318 1902 1350 1954 o’
1392 1900 1537 1965 Θεός
1572 1918 1714 1970 μου.
1759 1902 1886 1956 Ὅτι

288 1980 368 2035 σὺ
399 1983 726 2055 ἑπάταξας
746 1987 977 2057 πάντας
1006 1991 1147 2058 τοὺς
1176 1993 1605 2062 ἐχθραίνοντάς
1642 2013 1743 2065 μοι
1768 2015 1882 2066 μα-

284 2074 485 2142 ταίως·
527 2076 791 2146 ὀδόντας
816 2082 1182 2151 ἁμαρτωλῶν
1208 2084 1599 2155 συνέτριψας.
1643 2090 1751 2141 Τοῦ
1777 2094 1886 2143 Κυ-

275 2167 415 2234 ρίου
439 2171 479 2237 ἡ
517 2173 813 2241 σωτηρία,
832 2176 929 2229 καὶ
951 2176 1051 2229 ἐπὶ
1084 2176 1189 2231 τόν
1229 2178 1383 2232 λαόν
1421 2193 1537 2234 σου
1570 2181 1609 2248 ἡ
1635 2184 1885 2251 εὐλογία

278 2278 415 2317 σου.
444 2264 768 2331 Πιστεύσας
797 2269 862 2339 τῇ
888 2268 1199 2340 προγνώσει
1221 2271 1318 2342 τῆς
1339 2274 1710 2346 γενησομένης
1734 2276 1883 2348 αὐτῷ

285 2356 421 2425 μετά
464 2357 592 2426 τὴν
626 2362 910 2429 κοίμησιν
944 2362 1191 2416 τουτέστι
1242 2362 1335 2416 τοῦ
1388 2363 1619 2419 θανάτου
1659 2367 1746 2422 διὰ
1783 2368 1883 2439 τῆς

282 2451 567 2521 σωτηρίου
600 2452 819 2524 χάριτος
846 2456 940 2509 καὶ
971 2451 1321 2526 εύεργεσίας’
1363 2458 1445 2509 ὅτι
1483 2473 1541 2509 τε
1572 2456 1671 2511 οὐκ
1704 2458 1880 2523 ἄλλως

279 2541 432 2596 ἔσται
470 2543 505 2614 ἢ
570 2546 665 2598 σὺν
695 2548 760 2618 τῇ
790 2546 953 2601 αὑτοῦ
976 2546 1069 2601 τοῦ
1098 2549 1349 2621 Σωτῆρος
1389 2549 1707 2613 ἀναστάσει,
1751 2551 1880 2604 ἀκο-

278 2633 488 2700 λούθως
521 2637 744 2708 εῠχεται
773 2640 1095 2711 ἐπιταχῦναι
1134 2641 1229 2695 τοῦ
1264 2641 1469 2713 Κυρίου
1500 2641 1599 2713 τὴν
1641 2643 1848 2697 ἀνάστα

283 2743 385 2789 σιν,
417 2729 578 2792 ὅπως
617 2730 683 2783 δι’
720 2731 888 2801 αὐτῆς
920 2730 1060 2804 τύχῃ
1100 2734 1191 2787 καὶ
1249 2733 1412 2797 αὐτὸς
1438 2735 1537 2805 τῆς
1564 2735 1837 2807 σωτηρίας
1858 2752 1871 2766 ·

277 2817 359 2870 διό
398 2836 599 2889 φησιν·
646 2817 915 2884 Ἀνάστα,
945 2823 1142 2889 Κύριε,
1164 2820 1373 2875 σῶσόν
1387 2840 1483 2891 με.
1515 2828 1547 2878 ό
1576 2826 1719 2890 Θεός
1730 2844 1872 2894 μου.

280 2904 534 2982 Νικητὴν
562 2909 617 2962 δὲ
648 2910 736 2962 τὸν
760 2911 989 2982 Σωτῆρα
1007 2910 1164 2975 εἰδὼς
1198 2912 1413 2965 πάντων
1438 2912 1546 2966 τῶν
1578 2913 1874 2968 ἐπιϐουλῶν

277 2999 368 3053 τοῦ
406 3001 527 3054 τῶν
562 3000 863 3073 ἀνθρώπων
901 3001 1126 3070 γένους,
1170 3003 1440 3074 δαιμόνων
1486 3005 1736 3076 πονηρῶν
1779 3006 1874 3061 καὶ⁸

278 3091 569 3163 δυνάμεων
610 3093 1000 3164 ἀντικειμένων
1021 3134 1036 3157 ,
1063 3094 1229 3165 φησίν
1247 3112 1261 3126 ·
1310 3097 1429 3148 Ὅτι
1457 3096 1539 3150 σὺ
1569 3096 1874 3165 ea:de

274 3184 516 3250 πάντας
546 3186 689 3252 τοὺς
713 3185 1141 3255 ἐχθραίνοντάς
1166 3203 1269 3256 μοι
1288 3188 1572 3255 ματαίως.
1610 3187 1796 3251 Οὕτως
1809 3188 1868 3241 τὸ

289 3275 583 3347 Ἑὸραῐκὸν
636 3278 712 3348 (1)
757 3280 856 3332 οὐκ
886 3278 996 3349 ἔχει
1021 3317 1035 3341 ,
1062 3278 1349 3348 ματαίως,
1385 3278 1542 3346 ἀλλά,
1579 3279 1864 3349 σιαγόνα·

274 3368 322 3418 ei
353 3369 409 3421 δὲ
453 3368 887 3441 Ἑϐδομήκοντα,
913 3387 1072 3440 ματα
1086 3371 1196 3437 ’ως,
1227 3370 1497 3436 ἐξέδωκαν
1518 3410 1532 3433 ,
1573 3368 1606 3440 ἦ
1632 3370 1773 3424 κατὰ
1803 3371 1869 3425 τά

275 3460 479 3532 ἀρχαῖα
519 3452 826 3533 ἀντίγραφα
859 3462 1059 3535 ἑτέρως
1082 3464 1371 3534 ἐσχηκότα,
1397 3461 1542 3518 καθά
1568 3464 1700 3532 ιρασί
1727 3481 1869 3531 τινες

272 3555 379 3608 τῶν
418 3555 728 3628 Ἐϐραίων,
756 3555 788 3626 ἢ
825 3554 924 3626 τῆς
949 3554 1148 3619 λέξεως
1179 3553 1240 3607 τὺ
1277 3553 1491 3616 εὐτελὲς
1522 3553 1864 3622 ἀπορεύγον-

273 3664 382 3712 τες.
417 3648 603 3702 Οίονεὶ
634 3647 691 3700 δὲ
727 3645 1069 3719 κοιμώμενον
1085 3646 1300 3709 δεικνὺς
1326 3644 1417 3698 τὸν
1444 3644 1597 3707 Θεὸν,
1630 3646 1719 3699 ὅτε
1750 3646 1867 3699 πεί-

272 3756 373 3811 ρας
406 3740 578 3793 ἕνεκα
611 3738 923 3812 παρέδωκεν
953 3740 1102 3811 ἡμᾶς
1127 3740 1247 3800 ταῖς
1266 3735 1670 3807 ἀντικειμέναις
1704 3736 1864 3790 δυνά·

277 3850 400 3904 μεσι
423 3874 441 3899 ,
475 3832 810 3903 διανίστησιν
854 3832 1033 3885 αὐτόν.
1084 3830 1238 3901 Τάχα
1264 3830 1320 3883 δὲ
1365 3830 1459 3882 καὶ
1496 3830 1584 3882 ὅτε
1619 3829 1710 3883 τὸν
1753 3830 1865 3881 Σω-

271 3927 413 4000 τῆρα
438 3927 584 3998 ὑπὲρ
606 3926 762 3997 ἡμῶν
787 3926 1005 3979 πάντων
1036 3926 1373 3998 παρέδωκεν,
1396 3921 1685 3976 ἐκάθευδεν
1714 3919 1862 3992 αὐτῷ

271 4018 299 4069 ὀ
326 4018 523 4089 Πατήρ
543 4034 557 4048 ο
612 4016 918 4069 Ἀνίσταται
949 4013 1008 4069 δὲ
1039 4014 1229 4079 σώζων
1254 4014 1416 4067 αὐτὸν
1444 4012 1737 4065 πατάσσων
1762 4010 1860 4063 αύ-

272 4111 362 4164 τοῦ
396 4111 530 4175 τοὺς
561 4111 808 4183 ἐχθροὺς,
840 4110 872 4181 ἢ
903 4110 1030 4173 τοὺς
1075 4108 1385 4171 Ἰουδαίους,
1417 4106 1451 4178 ἦ
1486 4107 1612 4170 τοὺς
1637 4104 1860 4175 νοητοὺς

274 4203 487 4272 ἀλόγως
534 4204 934 4275 ὲχθραίνοντας.
998 4199 1153 4254 Μετὰ
1188 4199 1297 4271 γὰρ
1344 4198 1453 4251 τῶν
1502 4196 1801 4269 μισούντων
1829 4197 1858 4249 6

275 4297 428 4366 ἀγιός
460 4299 608 4349 ἐστιν
645 4294 937 4366 εἰρηνικὸς,
971 4291 1198 4364 ἀγαπῶν
1228 4293 1354 4354 τοὺς
1374 4289 1616 4362 ἐχθρούς
1650 4287 1859 4359 ἀνθρωο

274 4389 554 4459 πινότερον
583 4390 611 4440 ὁ
645 4385 719 4457 μὴ
752 4384 964 4456 ματαίω
978 4402 994 4446 ;
1026 4382 1324 4455 ὲχθραίνῳν
1360 4380 1665 4453 ἀμύνεσθαι
1691 4378 1850 4433 θέλει’

274 4476 683 4548 θεοσεϐέστερον
704 4475 762 4529 δὲ
792 4474 881 4528 διὰ
907 4474 968 4526 τὸ
989 4472 1295 4544 ἀληθεύειν.
1329 4473 1473 4542 Ἔφη
1503 4470 1611 4542 γὰρ
1642 4470 1670 4522 ὁ
1703 4467 1852 4522 Παῦ-

272 4569 360 4634 λος
379 4587 392 4599 -
436 4571 674 4638 Ἐχθρὸς
692 4567 833 4637 ὑμῖν
862 4565 1076 4636 γέγονα
1111 4566 1429 4633 ἀληθεύειν
1450 4564 1524 4634 (2)
1560 4561 1701 4632 ὑμῖν
1725 4578 1737 4591 ·
1771 4562 1855 4615 '0-

277 4666 426 4717 ποῖον
444 4663 537 4715 καί
568 4663 625 4714 ὲν
654 4661 903 4732 Ψαλμοῖς
930 4658 1010 4723 τὸ,
1051 4657 1197 4727 Οὐχὶ
1227 4658 1370 4724 τοὺς
1394 4655 1726 4726 μισοῦντάς
1754 4667 1850 4718 σε,

274 4754 468 4821 Κύριε,
525 4754 829 4823 ἐμίσησα;
893 4751 1031 4804 Ἀλλ’
1049 4750 1149 4803 οὐκ
1175 4747 1620 4817 ὲπιϐουλευτικὴν
1654 4743 1851 4815 ἔχθραν

273 4845 509 4915 νοητέον,
544 4842 681 4896 ἀ)λά
707 4843 1013 4913 κωλυτικὴν
1033 4882 1046 4905 ,
1074 4841 1335 4913 χεομένης
1377 4838 1573 4899 κακίας
1606 4837 1685 4899 είς
1720 4834 1851 4887 πολ-

272 4934 414 5001 λούς.
446 4936 523 4990 Δι’
544 4934 736 4989 ἑαυτοῦ
767 4933 874 5007 γὰρ
898 4934 932 5006 ἢ
955 4934 1050 4988 καὶ
1078 4933 1141 4987 δι’
1165 4932 1325 4987 ἀλλον
1358 4930 1466 5003 χρὴ
1494 4928 1590 5000 τὴν
1619 4925 1852 4997 δυνατὴν

276 5031 617 5101 προσάγοντα
674 5027 922 5099 βοήθειαν
973 5025 1326 5098 θεραπεύειν·
1372 5023 1499 5097 ἢτὸ
1542 5021 1849 5075 τελευταῖον

273 5123 522 5195 εὔχεσθαι
562 5122 690 5194 περὶ
733 5120 827 5174 τοῦ
880 5119 1211 5189 κολασθῆναι
1237 5117 1335 5188 τὴν
1386 5114 1667 5188 μοχθηρὰν
1706 5112 1842 5178 ἒξιν.

272 5217 434 5287 ἤγουν
458 5214 818 5287 ὲκριζωθῆναι
860 5214 970 5268 ἀπὸ
1007 5212 1099 5266 τοῦ
1150 5211 1393 5282 ἕ;.;οντος·
1437 5202 1498 5263 οὗ
1538 5207 1844 5262 διδακτικὺν

273 5309 362 5361 καὶ
391 5307 473 5370 τό,
522 5308 941 5376 Προσεύχεσθε
986 5302 1137 5372 ὑπὲρ
1189 5301 1309 5356 τῶν
1357 5298 1806 5369 ἐπηρεαζόντων
1824 5338 1839 5363 ,
1865 5314 1877 5327 ·

273 5399 361 5451 καὶ
387 5400 484 5462 τὸ,
530 5396 821 5467 Ἀγαπᾶτε
858 5394 1001 5461 τοὺς
1043 5392 1296 5462 ἐχθροὺς
1343 5390 1532 5461 ὑμῶν.
1585 5390 1643 5442 '0
1674 5388 1730 5441 δὲ
1764 5388 1841 5460 μὴ
1872 5406 1886 5424 ο

270 5492 434 5563 ψιλῶς
461 5491 719 5561 ἀγαπῶν,
760 5490 855 5547 καὶ
906 5490 1035 5562 περὶ
1071 5487 1131 5541 τὸ
1170 5486 1350 5551 καλῶς
1391 5482 1643 5555 γενέσθαι
1694 5481 1841 5555 αὐτῷ

1890 4518 1934 4574 D

2078 705 2246 764 Vsus.
2279 709 2333 763 7.
2368 707 2492 764 Non
2524 709 2713 766 timebo
2756 713 2929 768 millia
2982 715 3165 785 populi
3212 718 3594 778 circumdantis

2006 812 2107 850 me.
2136 794 2475 851 Praevidebat
2496 798 2640 852 enim
2673 800 2842 853 multa
2874 800 2989 857 fore
3023 803 3463 862 adversariarum
3494 824 3593 879 po-

2003 895 2267 944 testatum
2300 889 2491 954 millia,
2544 906 2664 960 qua:
2711 899 3030 948 sanctorum
3088 899 3587 965 resurreCtioncm,

2001 998 2191 1037 eorum
2225 982 2389 1038 saluti
2421 983 2746 1048 invidentes,
2783 985 3131 1057 interpellare
3164 991 3405 1046 vellent:
3450 1008 3589 1064 quos

1999 1091 2122 1146 ego,
2178 1075 2379 1145 inquit,
2428 1075 2585 1129 nihili
2643 1076 2865 1142 faciam,
2901 1078 3143 1136 conlisus
3194 1087 3587 1155 propugnatori

1998 1181 2142 1231 meo,
2173 1167 2367 1222 mortis
2395 1167 2626 1234 victori;
2650 1168 2741 1237 qui
2773 1171 3028 1225 contritis
3059 1173 3216 1227 aereis
3247 1173 3458 1231 foribus
3492 1192 3588 1233 ve-

2005 1258 2298 1328 ctibusque
2359 1256 2553 1314 ferreis
2615 1260 2935 1321 contractis.
2989 1263 3242 1319 occlusas
3289 1281 3319 1319 a
3381 1268 3585 1323 saeculo

1995 1356 2183 1418 portas
2208 1348 2400 1403 mortis
2420 1349 2652 1420 aperuit,
2688 1351 2940 1422 notisque
2971 1353 3088 1408 suis
3125 1353 3199 1408 ibi
3233 1355 3578 1426 degentibus,

1993 1454 2024 1494 e
2052 1454 2287 1509 quorum
2321 1455 2552 1495 numero
2592 1439 2762 1495 David
2810 1454 2960 1508 erat,
3014 1445 3082 1499 ad
3118 1449 3579 1505 resurrectionem

1991 1533 2136 1586 viam
2191 1534 2424 1603 paravit.
2488 1533 2854 1601 Quamobrem
2909 1537 2962 1590 in
2997 1530 3104 1591 alio
3150 1541 3360 1608 psalmo
3392 1542 3575 1599 dixit:

1992 1623 2166 1682 Notas
2199 1628 2330 1681 milii
2352 1628 2525 1696 fecisti
2582 1630 2693 1684 vias
2732 1629 2851 1683 vita:
2882 1645 2900 1682 :
2929 1626 3243 1699 adimplebis
3277 1650 3358 1687 me
3388 1633 3578 1689 lwtitia

1990 1735 2107 1772 cum
2142 1722 2287 1775 vultu
2319 1732 2410 1775 tuo
2436 1723 2525 1777 “2

1920 1790 1962 1845 Β

2070 1899 2213 1957 Vens
2269 1902 2323 1957 8.
2355 1900 2614 1973 Exsurge,
2645 1902 2889 1969 Domine,
2932 1904 3141 1959 salvum
3186 1922 3267 1960 me
3295 1906 3403 1975 fac,
3431 1906 3574 1963 Deus

1993 2011 2161 2049 meus.
2235 1994 2499 2060 Quoniam
2546 2007 2601 2049 tu
2653 1997 2961 2064 percussiin
3006 2013 3186 2052 omnes
3234 1994 3572 2054 adversantes

1993 2086 2123 2139 mihi
2155 2085 2269 2139 sine
2302 2101 2489 2148 causa,
2524 2085 2704 2139 dentes
2735 2096 3069 2155 peccatorum
3098 2089 3418 2144 contrivisti.
3463 2090 3574 2144 ου-

1991 2177 2122 2229 mini
2171 2186 2247 2230 est
2286 2177 2456 2243 salus,
2511 2186 2560 2230 et
2590 2193 2745 2245 super
2781 2178 3034 2248 populum
3080 2190 3229 2233 tuum
3282 2179 3570 2235 benedictio

1991 2276 2105 2323 tua.
2146 2267 2286 2323 Cum
2321 2269 2663 2340 prospiceret
2698 2270 2932 2325 salutem
2967 2270 3094 2333 sibi,
3129 2278 3254 2341 post
3284 2271 3569 2327 dormitio-

1990 2380 2106 2417 nem
2155 2364 2271 2419 sive
2316 2363 2551 2425 obitum,
2588 2363 2817 2417 salutari
2863 2365 3036 2434 gratia
3084 2372 3249 2435 atque
3298 2365 3569 2422 beneﬁcio

1989 2452 2402 2520 conferendam,
2440 2453 2654 2525 ipsique
2693 2453 2851 2509 ﬁdem
2899 2454 3160 2522 haberet;
3196 2465 3381 2511 certus
3421 2456 3566 2511 hanc

1988 2545 2205 2600 nonnisi
2243 2531 2298 2599 in
2343 2545 2747 2601 resurrectione
2802 2544 3107 2602 Salvatoris
3134 2563 3298 2618 posse
3332 2550 3437 2603 sibi
3477 2549 3569 2604 ob-

1985 2638 2193 2701 venire,
2233 2644 2641 2705 consequenter
2693 2646 2961 2708 precatur
3003 2640 3297 2711 accelerari
3348 2638 3563 2696 Domini

1986 2728 2469 2791 resurrectionem,
2502 2735 2562 2782 ut
2591 2743 2686 2798 per
2715 2744 2834 2783 eam
2871 2736 2925 2784 et
2952 2729 3069 2799 ipse
3102 2730 3335 2786 salutem
3371 2745 3566 2786 conse-

1984 2829 2204 2893 quatur.
2241 2820 2609 2887 Quamobrem
2640 2821 2751 2876 ait:
2800 2819 3057 2892 Exsurge,
3084 2821 3326 2885 Domine,
3356 2823 3562 2879 salvum

1983 2930 2065 2968 me
2086 2914 2195 2980 fac,
2221 2912 2365 2967 Deus
2390 2928 2571 2967 meus:
2610 2928 2926 2983 ignarusque
2958 2912 3200 2967 futurum
3222 2912 3560 2970 Salvatorem

1982 3007 2228 3061 omnium
2284 3006 2502 3077 generis
2555 3006 2781 3059 humani
2838 3005 3187 3070 insidiarum,
3251 3008 3558 3064 daamonum

1980 3099 2109 3155 item
2162 3108 2213 3154 et
2253 3097 2694 3153 adversariarum
2755 3106 3088 3166 potestatum
3121 3099 3410 3164 victorem,
3442 3101 3554 3155 ait:

1983 3189 2251 3256 Quoniam
2279 3196 2333 3240 tu
2362 3186 2670 3256 percussisti
2703 3201 2881 3240 omnes
2921 3184 3256 3241 adversantes
3287 3187 3416 3240 mihi
3447 3186 3560 3241 site

1982 3296 2166 3334 causa.
2198 3276 2528 3334 Hebraicum
2578 3277 2857 3345 exemplar
2908 3292 3017 3330 non
3068 3278 3150 3331 sic
3205 3278 3390 3341 habet,
3444 3276 3559 3334 sine

1974 3389 2163 3436 causa,
2196 3372 2316 3435 sed,
2348 3371 2404 3424 in
2452 3368 2777 3433 maxillam;
2812 3367 3166 3440 Septuaginta
3213 3385 3346 3425 vero
3382 3368 3554 3426 Inter-

1974 3472 2176 3534 pretes,
2217 3464 2328 3517 sine
2356 3477 2542 3523 causa,
2574 3460 2888 3525 ediderunt,
2923 3460 3038 3516 sive
3078 3460 3207 3531 quia
3252 3463 3552 3518 vetustiora

1973 3554 2305 3625 exemplaria
2339 3554 2645 3616 variabant,
2675 3560 2733 3607 ut
2755 3553 2977 3623 quidam
3008 3552 3362 3609 Hebraeorum
3395 3557 3555 3610 testi-

1974 3643 2240 3698 ﬁcantur:
2305 3644 2420 3698 sive
2479 3651 2533 3697 nt
2594 3658 2622 3695 a
2692 3643 2845 3698 vocis
2921 3644 3130 3698 vilitate
3185 3641 3547 3701 declinarent.

1971 3734 2140 3789 Deum
2175 3749 2305 3790 vero
2340 3736 2497 3804 quasi
2532 3742 2645 3787 tum
2678 3734 3043 3789 dormientem
3067 3734 3547 3796 adumbrans,cum

1970 3827 2215 3882 tenlandi
2255 3841 2423 3882 causa
2455 3826 2789 3882 adversariis
2820 3841 2922 3881 nos
2966 3827 3331 3896 potestatibus
3376 3828 3549 3881 tradi-

1969 3916 2070 3981 dit,
2128 3917 2309 3986 ipsum
2358 3929 2387 3969 a
2423 3930 2620 3970 somno
2678 3916 2907 3968 excitat.
2960 3912 3026 3966 Et
3078 3912 3332 3968 fortassis
3379 3913 3543 3967 etiam

1966 4014 2102 4062 tunc
2159 3998 2320 4060 Pater
2364 4005 2669 4068 dormierit,
2720 4020 2845 4059 cum
2905 4002 3243 4058 Salvatorem
3293 4009 3545 4057 nostrum

1967 4114 2067 4169 pro
2113 4097 2273 4152 nobis
2316 4095 2576 4151 omnibus
2617 4094 2874 4150 tradidit:
2922 4094 3193 4150 excitatur
3250 4099 3432 4148 autem
3484 4100 3544 4147 ut

1966 4192 2198 4245 salutem
2230 4190 2335 4260 ipsi
2367 4188 2639 4251 conferat,
2692 4188 3074 4259 percutiatque
3111 4186 3369 4241 inimicos
3395 4183 3541 4253 ejus,

1967 4299 2091 4339 cum
2123 4282 2360 4347 Judzeos,
2420 4294 2532 4338 tum
2596 4281 2969 4352 intelligibiles
3017 4280 3226 4347 hostes,
3286 4279 3381 4350 qui
3422 4279 3541 4334 sine

1966 4395 2131 4435 causa
2163 4380 2340 4449 ipsum
2373 4377 2627 4432 oderunt.
2664 4373 2799 4428 Nam
2826 4373 2911 4428 vel
2943 4388 3067 4428 cum
3102 4372 3171 4428 iis
3202 4373 3297 4441 qui
3332 4387 3392 4429 se
3413 4370 3542 4426 odio

1964 4473 2166 4526 habent
2195 4471 2281 4525 vir
2313 4479 2538 4525 sanctus
2571 4468 2836 4539 paciﬁcus
2893 4472 3002 4529 est,
3054 4464 3419 4534 inimicosque
3450 4463 3538 4518 di-

1963 4566 2113 4636 ligit:
2152 4564 2450 4618 humanius
2502 4573 2684 4617 autem
2724 4560 2891 4616 sentit
2945 4558 3041 4629 qui
3090 4571 3216 4611 cum
3267 4571 3378 4610 non
3414 4556 3541 4613 sine

1961 4673 2129 4713 causa
2181 4658 2344 4711 alicui
2376 4657 2634 4711 inimicus
2665 4655 2756 4720 sit,
2805 4655 3069 4708 ultionem
3123 4651 3368 4722 expetit.:
3411 4651 3538 4706 reli-

1960 4750 2170 4820 giosius
2212 4762 2377 4818 porro
2405 4747 2519 4801 veri
2561 4743 2777 4801 dicendi
2815 4757 2983 4797 causa
3037 4742 3197 4815 {tales
3236 4741 3537 4796 inimicitia:

1958 4838 2389 4912 suscipiuntur.]
2453 4838 2542 4892 Ait
2592 4838 2738 4892 enim
2789 4834 3032 4890 Paulus:
3089 4833 3346 4888 Inimicus
3394 4833 3533 4888 vobis

1954 4921 2130 5004 factus
2159 4948 2276 4986 sum
2301 4947 2478 4985 verum
2500 4928 2679 4982 dicens
2696 4927 2766 4981 ηε
2798 4926 2961 4998 quale
2987 4925 3152 4978 etiam
3205 4924 3260 4977 in
3298 4921 3533 4978 Psalmis

1952 5023 2086 5090 illud
2115 5032 2232 5076 est:
2269 5020 2456 5073 Nonne
2482 5017 2574 5088 qui
2602 5015 2824 5070 oderunt
2848 5024 2917 5079 te,
2948 5013 3191 5077 Domine,
3220 5011 3436 5067 oderam
3452 5011 3536 5065 “i

1951 5112 2023 5167 At
2056 5127 2167 5167 non
2201 5109 2555 5166 insidiantem
2591 5106 2937 5162 inimicitiam
2990 5104 3078 5157 hic
3121 5103 3394 5174 intelligas
3435 5116 3530 5155 νει

1952 5202 2068 5263 lim,
2102 5199 2197 5256 sed
2248 5198 2677 5269 impedientem;
2729 5193 2937 5248 malitia
2984 5191 3195 5246 scilicet
3234 5189 3292 5243 in
3325 5187 3528 5243 multos

1948 5294 2167 5349 diﬂ‘usa.
2221 5293 2320 5347 Sui
2354 5304 2595 5361 namque
2627 5289 2713 5345 vel
2760 5288 2925 5342 etiam
2961 5284 3190 5339 alterius
3237 5294 3407 5336 causa
3435 5294 3529 5334 co-

1947 5385 2141 5442 lendus
2175 5384 2664 5454 observandusque
2691 5390 2779 5437 est
2831 5380 2924 5451 qui
2953 5377 3217 5432 auxilium
3267 5378 3525 5444 prastat;

1948 5482 2065 5537 sive
2101 5479 2320 5536 demum
2352 5475 2691 5550 precandum
2719 5483 2825 5537 est,
2854 5471 3010 5527 ut'de
3044 5467 3296 5542 improbo
3327 5464 3528 5520 allectis

336 5646 401 5679 ’δ’
442 5643 590 5700 Psal.
618 5660 712 5710 xv,
743 5643 830 5700 10.
906 5642 952 5674 ⁸⁵
991 5639 1168 5697 Galat.
1204 5656 1289 5701 iv,
1327 5637 1415 5695 16.
1491 5639 1535 5671 ⁸·
1568 5636 1715 5694 Psal.
1752 5649 2028 5702 cxxxvm,
2068 5633 2149 5693 21.

332 5805 407 5875 (ll
448 5804 507 5861 in
542 5804 806 5863 llebraico
840 5806 1056 5874 legitur,
1096 5784 1190 5866 ’ΠΒ
1215 5800 1360 5864 quod
1380 5804 1464 5856 est
1492 5794 1736 5852 maxilla.

1997 5789 2082 5865 (2)
2122 5788 2283 5845 Forte
2311 5784 2603 5859 legendum
2644 5784 2943 5856 ἀληθεύων.
2983 5780 3140 5835 Enn.
