3994 6448
394 345 470 404 99
1088 342 1360 401 EL‘SEBII
1397 339 1883 401 CESARIENSIS
1920 343 1980 399 Ol

2112 334 2314 398 rans.
2352 316 2453 389 ιιι.
2487 339 2973 404 -εχεοετιω
3580 349 3700 406 too

397 466 538 523 ultio
566 472 858 531 sumatur;
888 463 974 520 vel
1010 471 1073 518 ut
1120 464 1391 519 radicitus
1424 465 1651 519 tollatur
1688 464 1759 519 ab
1788 479 1855 519 eo
1893 467 1980 534 qu‘:

2100 462 2368 535 συνεργεῖ,
2404 462 2501 517 καὶ
2534 463 2598 516 τὸ
2623 465 2682 516 ὲν
2705 462 2919 534 ἑϐδόμῳ
2944 458 3001 516 δὲ
3015 462 3217 536 ψαλμῷ
3241 464 3531 535 λεγόμενον
3550 482 3567 497 ·
3614 466 3700 520 El

395 560 482 615 sic
498 558 726 614 affectus
747 565 851 613 est.
877 556 1052 624 Quam
1069 572 1184 612 rem
1202 557 1362 611 docet
1377 555 1509 611 illud
1529 574 1544 611 :
1564 554 1867 610 Precamini
1887 570 1980 624 pro

2091 554 2488 610 ἀπαπέδωκα
2525 554 2650 622 τοῖς
2678 554 3154 612 ἀνταποδιδοῦσί
3180 574 3284 627 μοι
3309 557 3470 612 κακὰ
3491 598 3508 625 ,
3537 558 3701 613 ἀπο-

393 653 462 706 tis
498 651 588 723 qui
635 667 726 706 vos
773 650 1017 705 molestia
1065 648 1402 720 aﬂiciunt";
1462 656 1515 704 et
1561 649 1733 704 illud:
1771 649 1980 720 Diligite

2092 648 2335 719 πέσοιμι
2369 647 2486 718 ἄρα
2524 649 2643 703 ἀπὸ
2671 648 2792 703 τῶν
2819 647 3052 719 ἐχθρῶν
3082 668 3204 720 μου
3247 651 3461 718 κενὸς,
3498 651 3699 723 σαφῶς

397 742 641 797 inimicos
687 752 888 797 vestros
920 744 993 798 “.
1047 741 1152 810 Qui
1201 754 1371 813 porro
1417 755 1530 797 non
1578 741 1770 797 lcviter
1813 752 1983 806 amat,

398 840 661 906 procurat
701 836 869 893 etiam
907 844 967 892 ut
1020 835 1262 893 inimicis
1308 836 1452 893 bene
1490 836 1793 908 contingat.
1825 834 1987 892 insu-

400 937 609 992 perque
648 924 775 981 illud
819 941 873 979 tn
900 926 1132 997 septimo
1158 928 1371 997 psalmo
1396 930 1604 986 dictum
1634 950 1647 987 :
1677 930 1738 987 Si
1764 934 1975 987 reddidi

402 1014 809 1069 retribuentibus
830 1016 959 1070 mihi
982 1017 1145 1085 mala,
1170 1019 1409 1074 decidant
1433 1023 1622 1076 merito
1646 1022 1711 1077 ab
1737 1025 1971 1078 inimicis

396 1103 527 1157 meis
547 1102 721 1158 inanis
746 1107 814 1171 ”,
834 1106 1118 1177 perspicue
1138 1108 1298 1166 docet
1320 1112 1592 1169 neminem
1615 1114 1742 1169 odio
1764 1114 1971 1172 baben-

380 1190 537 1256 ‘dum
559 1216 701 1258 esse.
738 1200 853 1257 Cur
879 1202 1063 1274 itaque
1085 1203 1297 1259 dictum
1316 1210 1400 1261 est
1420 1201 1743 1275 :Nonnequi
1763 1204 1986 1259 oderunt

402 1303 472 1357 te,
527 1293 767 1358 Domine,
810 1295 1134 1351 oderam"?
1166 1294 1280 1352 lmo
1312 1297 1498 1368 potius
1531 1297 1657 1368 quis
1694 1296 1832 1353 adeo
1878 1298 1983 1352 im-

400 1386 547 1456 pius,
586 1394 643 1440 ut
682 1401 808 1440 eum
834 1386 963 1441 odio
995 1386 1212 1450 habeat,
1258 1401 1420 1457 quem
1446 1384 1616 1443 Deum
1650 1384 1987 1441 arbitratur?

400 1476 504 1545 Qui
540 1479 708 1548 igitur
737 1478 1021 1535 Christum
1067 1478 1196 1535 odio
1248 1478 1452 1534 habent
1502 1493 1567 1535 ac
1617 1478 1981 1540 detestantur,

399 1568 574 1627 Deum
597 1571 838 1629 oderunt
864 1590 878 1628 :
914 1588 1065 1637 nam,
1107 1572 1199 1642 qui
1224 1587 1307 1626 me
1329 1573 1535 1640 recipit,
1567 1571 1766 1643 inquit,
1798 1571 1982 1641 recipit

398 1679 518 1717 eum
555 1664 645 1734 qui
690 1681 772 1718 me
829 1665 973 1719 misit
999 1664 1069 1731 ”;
1117 1673 1192 1729 et,
1243 1663 1332 1735 qui
1357 1664 1640 1734 conﬁtetur
1665 1660 1890 1727 Filium,
1933 1669 1984 1715 et

400 1754 622 1811 Patrem
665 1756 821 1813 habet
858 1757 925 1824 ³²,
960 1771 1026 1812 ac
1069 1756 1192 1812 vice
1238 1771 1421 1820 versa,
1468 1756 1561 1827 qui
1604 1752 1806 1810 Filium
1846 1754 1980 1822 odit,

2090 738 2333 794 διδάσκει
2360 739 2565 812 μηδένα
2588 742 2788 811 μισεῖν.
2817 741 2943 805 Πῶς
2966 737 3059 796 οῦν
3088 743 3304 814 εἴρηται
3321 758 3336 773 θ
3365 742 3515 814 οὐχὶ
3544 744 3701 810 τοὺς

2087 828 2422 898 μισοῦντάς
2445 847 2541 895 σε,
2565 832 2763 901 Κύριε.
2788 831 3086 903 aptanda;
3104 833 3325 888 Μᾶλλον
3348 832 3407 888 δὲ
3432 833 3516 899 τίς
3537 836 3699 889 ἐστιν

2090 920 2265 986 οὕτως
2292 921 2472 986 ἄθεος,
2504 921 2581 988 ὡς
2617 926 2795 996 μισεῖν
2822 923 2883 978 δν
2914 926 3131 998 ⁴ἡγεῖται
3165 923 3333 992 Θεόν;
3376 923 3545 998 Δῆλον
3567 923 3692 992 οὖν,

2090 1015 2167 1080 ὡς
2208 1018 2259 1071 οἱ
2294 1016 2582 1088 μισοῦντες
2622 1019 2717 1072 καὶ⁵
2766 1017 3294 1090 καταθεματίζοντες
3344 1019 3552 1092 Ἰησοῦν
3596 1041 3698 1094 μι-

2094 1108 2250 1164 σοῦσι
2281 1111 2374 1165 τὸν
2402 1110 2537 1166 Θεόν
2557 1129 2571 1142 ο
2614 1110 2679 1167 '0
2709 1111 2817 1186 γὰρ
2838 1112 2965 1184 ἐμὲ,
3012 1113 3187 1186 φησὶ,
3225 1113 3550 1187 δεχόμενος
3588 1116 3695 1174 δέο

2092 1221 2262 1277 χεται
2300 1203 2409 1258 τὸν
2456 1204 2911 1261 ἀποστείλαντά
2934 1222 3042 1277 με’
3094 1208 3223 1273 καὶ,
3270 1208 3326 1261 '0
3372 1209 3697 1282 ὁμολογῶν

2110 1299 2219 1353 τὸν
2254 1296 2413 1364 Υὶὸν,
2444 1297 2543 1351 καὶ
2579 1297 2686 1352 τὸν
2714 1298 2949 1369 Πατέρα
2989 1300 3147 1369 ἔχει·
3185 1300 3379 1357 οὐκοῦν
3399 1301 3493 1356 καὶ
3523 1306 3558 1357 ό
3595 1322 3699 1375 μι-

2091 1387 2222 1448 σῶν
2236 1388 2343 1445 τὸν
2351 1388 2609 1454 normal
2630 1390 2739 1445 τὸν
2750 1393 2983 1460 Πατέρα
2989 1389 3173 1462 μισεῖ.
3180 1392 3289 1446 Καὶ
3304 1394 3411 1457 πάς
3423 1393 3481 1447 δὲ
3502 1395 3695 1467 ἀμαρ-

2088 1483 2266 1538 τάνων
2295 1483 2447 1553 μισεῖ
2464 1483 2556 1536 τὸν
2581 1482 2715 1536 Θεόν
2734 1499 2750 1513 ο
2789 1484 2939 1555 μισεῖ
2974 1484 3085 1557 γὰρ
3126 1483 3320 1555 σοφίαν
3352 1484 3447 1540 καὶ
3472 1486 3693 1541 δικαιο-

2093 1571 2283 1644 σύνην,
2317 1573 2457 1645 άπερ
2483 1571 2600 1626 ἐστὶ
2628 1569 2885 1643 Χριστός.
2918 1569 3031 1626 Καὶ
3058 1570 3113 1625 τί
3155 1571 3471 1643 θαυμαστὸν
3491 1615 3507 1640 ,
3542 1572 3687 1627 ὅπου

2090 1660 2284 1718 ἑαυτὸν
2317 1664 2346 1717 ό
2372 1661 2702 1735 ἁμαρτάνων
2728 1665 2878 1734 μισεῖ
2899 1677 2914 1728 ;
2935 1660 3094 1717 Κατά
3116 1662 3225 1735 γὰρ
3247 1660 3590 1735 Σολομῶντα·
3627 1664 3691 1714 ’0

2088 1754 2513 1825 ἀπωθούμενος
2564 1753 2843 1808 παιδείαν
2882 1753 3059 1824 μισεῖ
3113 1754 3353 1808 ἑαυτόν.
3400 1751 3611 1807 οὐκοῦν
3654 1753 3693 1807 ὁ

400 1846 516 1902 odit
539 1857 586 1902 et
618 1846 838 1903 Patrem
862 1847 928 1903 ⁸³.
955 1846 1218 1918 Quisquis
1243 1863 1374 1904 vero
1396 1854 1607 1920 peccat,
1633 1846 1749 1902 odit
1776 1845 1945 1902 Deum
1971 1865 1980 1903 :

2095 1846 2270 1920 μισῶν
2296 1848 2422 1912 τοὺς
2450 1846 2744 1919 μισοῦντας
2770 1846 2861 1901 τὸν
2890 1846 3025 1901 Θεδν
3057 1845 3199 1919 πλὴν
3224 1846 3421 1918 λογίων
3448 1844 3561 1900 τῶν
3592 1845 3694 1900 εὐ-

398 1941 512 1996 odit
541 1941 743 2012 quippe
775 1940 1107 2012 sapientiam
1136 1938 1543 2012 iustitiamque,
1573 1939 1787 1995 scilicet
1819 1936 1984 1993 Chri-

400 2051 570 2096 Stnm.
649 2037 859 2111 Ecquid
916 2036 1172 2094 mirum?
1214 2038 1439 2109 quando
1486 2052 1546 2094 se
1575 2037 1694 2109 ipse
1726 2042 1986 2109 peccator

403 2131 546 2188 odit.
599 2129 763 2197 Nam,
798 2146 868 2186 ex
918 2129 1231 2199 Salomone,
1265 2133 1356 2204 qui
1384 2130 1580 2187 deserit
1622 2129 1984 2200 disciplinam,

398 2220 510 2276 odit
546 2221 869 2292 seipsum".
917 2218 1107 2295 itaque
1134 2221 1231 2294 qui
1263 2219 1382 2278 odit
1409 2236 1506 2279 eos
1523 2219 1619 2293 qui
1647 2218 1821 2276 Deum
1855 2218 1988 2276 ode-

403 2319 558 2378 runt,
592 2329 804 2381 omnes,
839 2314 1086 2386 exceptis
1136 2329 1271 2371 sane
1320 2312 1455 2369 viris
1502 2310 1872 2384 prudentibus
1920 2325 1987 2366 ac

399 2405 699 2476 religiosis,
752 2404 880 2461 odio
919 2404 1179 2472 habebit;
1214 2405 1325 2460 imo
1361 2403 1605 2476 seipsum
1638 2409 1982 2474 peccantem.

397 2496 586 2568 Neque
624 2513 757 2554 sane
806 2496 1133 2569 putandum,
1168 2497 1427 2553 animalia
1477 2508 1601 2552 esse
1651 2509 1776 2567 quae
1808 2493 1977 2549 Deum

397 2590 666 2646 oderunt:
728 2590 822 2647 sed
881 2592 1023 2646 mala
1076 2590 1197 2661 ipsa
1238 2588 1556 2646 hominibus
1603 2585 1977 2649 obvenienlia,

396 2682 580 2755 qualis
624 2691 709 2740 est
748 2682 980 2749 malitia,
1020 2679 1141 2756 [Dei
1186 2683 1374 2739 odium
1417 2678 1692 2756 pariunt.]
1746 2680 1979 2751 ipseque

397 2775 660 2847 injustas.
696 2783 970 2848 quatenus
1038 2775 1279 2846 iniustus
1336 2784 1442 2837 est,
1499 2772 1670 2831 Deum
1723 2772 1876 2838 odit;
1925 2770 1978 2826 id

2091 1939 2432 1994 σεϐεστάτων
2462 1937 2667 2004 πάντας
2689 1940 2915 2012 μισήσει
2940 1939 3036 1995 καὶ
3056 1939 3246 1994 ἑαυτὸν
3274 1938 3686 2012 ἁμαρτάνοντα..

2092 2031 2255 2085 ’Ὥστε
2283 2032 2345 2085 οὐ
2383 2029 2501 2097 ζῶα
2531 2029 2817 2102 νομιστέον
2843 2029 2912 2085 τὰ
2939 2030 3203 2103 μισοῦντα
3229 2030 3322 2086 τὸν
3350 2029 3485 2087 Θεὸν
3503 2072 3518 2098 ,
3544 2031 3693 2087 ἀλλὰ

2082 2126 2197 2188 τοῖς
2226 2123 2466 2194 λογικοῖς
2493 2123 2640 2179 κακὰ
2683 2123 3094 2196 συμϐεϐηκότα,
3116 2120 3230 2179 οἷον
3267 2125 3302 2197 ὴ
3334 2124 3517 2180 ἀδικία
3534 2142 3551 2156 ο
3580 2126 3689 2180 καὶ

2081 2217 2112 2270 ό
2146 2216 2330 2281 ἄδικος
2375 2215 2513 2271 καθὸ
2556 2216 2744 2280 ἄδικος
2799 2219 2950 2289 μισεῖ
2977 2218 3067 2272 τὸν
3097 2216 3267 2286 Θεὸν,
3295 2217 3398 2291 τῆς
3441 2220 3500 2273 ὲν
3526 2217 3689 2289 αὺτῷ

2083 2308 2299 2372 ἀδικίας
2321 2308 2480 2363 τοῦτο
2514 2307 2794 2381 ποιούσης.
2840 2308 2951 2363 Καὶ
2979 2308 3062 2362 δεῖ
3080 2307 3252 2363 ταῦτα
3281 2312 3460 2381 μισεῖν
3508 2307 3689 2382 ἐχθρὰ

2083 2401 2419 2472 τυγχάνοντα
2468 2401 2899 2473 προηγουμένως
2953 2401 3131 2475 ημῶν.
3182 2402 3295 2457 Καὶ
3341 2401 3532 2475 ὥσπερ
3564 2402 3686 2456 ἀπὸ

2081 2493 2422 2567 τελειότητος
2447 2476 3002 2568 έρχεταιδικαιοσόνη
3037 2494 3134 2550 καὶ
3167 2494 3512 2568 σωφροσύνη,
3534 2493 3687 2549 οὕτω

2083 2587 2179 2641 καὶ
2210 2586 2271 2640 τὸ
2298 2585 2499 2640 τοιόνδε
2529 2589 2703 2658 μῖσος.
2733 2585 2945 2641 Οὐκοῦν
2967 2588 3078 2652 πᾶς
3101 2585 3402 2659 ὲχθραίνων
3436 2586 3546 2642 τινὶ
3572 2604 3688 2660 μα-

2084 2679 2253 2744 ταίως
2300 2678 2610 2753 ἐχθραίνειυ
2647 2677 2676 2734 δ
2711 2680 2776 2753 δὴ
2826 2679 3123 2753 προῦκειτο
3164 2679 3357 2748 δεῖξαι.
3416 2672 3686 2736 Τοιοῦτόν

2086 2772 2202 2825 ἐστι
2238 2771 2332 2825 καὶ
2358 2771 2439 2836 τὸ,
2482 2765 2819 2842 Ἐμίσησάν
2844 2789 2924 2842 με
2949 2770 3195 2842 δωρεάν.

395 2878 593 2944 agente
625 2870 834 2926 malitia
873 2884 996 2942 quae
1027 2868 1173 2925 inest
1218 2867 1442 2925 eidem:
1478 2878 1643 2939 atque
1708 2866 1825 2922 haec
1852 2863 2007 2928 vitia,
2051 2870 2242 2935 utpote
2305 2864 2550 2930 inimica,
2592 2879 2795 2936 perosa
2849 2874 3068 2937 oportet
3111 2882 3236 2925 esse
3278 2867 3463 2940 potius
3509 2880 3682 2939 quam

395 2978 498 3020 nos
530 2963 698 3037 ipsos.
752 2962 898 3020 Sane
931 2971 1051 3019 uta
1094 2959 1432 3035 perfectione
1497 2960 1771 3027 prodeunt
1827 2958 2044 3031 justitia
2083 2968 2138 3014 et
2168 2960 2566 3030 temperantia,
2603 2961 2681 3016 ita
2732 2962 2923 3018 odium
2975 2963 3297 3034 huiusmodi
3349 2964 3544 3022 eodem
3598 2979 3675 3019 ex

394 3059 547 3117 fonte
593 3057 864 3132 procedit.
912 3056 1176 3130 Quisquis
1216 3074 1348 3132 ergo
1375 3055 1503 3113 odio
1534 3055 1772 3128 aliquem
1806 3052 1993 3117 habet,
2034 3060 2241 3108 temere
2303 3066 2370 3107 ac
2399 3068 2538 3110 vane
2575 3053 2728 3112 odit:
2775 3055 2924 3128 quod
2975 3058 3136 3115 nobis
3182 3056 3525 3131 probandum
3588 3058 3685 3114 in-

391 3149 634 3217 cumbit;
675 3147 993 3219 hujusmodi
1022 3149 1152 3205 item
1185 3149 1321 3205 illud
1364 3155 1471 3213 est,
1505 3145 1628 3202 odio
1675 3146 1967 3202 habuerunt
1997 3162 2079 3200 me
2094 3144 2264 3216 gratis
2286 3143 2352 3200 ³⁸.

398 3260 403 3265 ’
461 3240 668 3297 Eorum
698 3255 830 3296 vero
862 3254 1032 3295 causa
1065 3240 1161 3311 qui
1192 3239 1448 3311 superius
1488 3237 1746 3294 dixerant
1780 3239 1979 3292 anima:
2007 3254 2051 3311 ο

392 3335 533 3407 ejus,
565 3350 671 3390 non
703 3341 780 3387 est
813 3331 965 3388 salus
987 3332 1090 3403 ipsi
1116 3333 1170 3386 in
1203 3331 1309 3387 Deo
1335 3331 1476 3401 ejus,
1511 3345 1661 3386 nunc
1685 3331 1780 3394 ait,
1834 3328 1979 3385 Den-

393 3436 472 3484 tss
527 3435 871 3495 peccatorum
931 3424 1252 3488 contrivisti,
1303 3424 1407 3478 hoc
1444 3429 1552 3487 est,
1602 3436 1888 3479 sermones
1925 3429 1979 3476 et

392 3516 714 3590 blasphema
752 3515 899 3570 dicta
929 3515 1223 3572 adversum
1273 3530 1361 3571 me
1401 3514 1619 3586 prolata
1665 3513 1977 3581 abstulisti;

394 3610 507 3665 imo
531 3623 686 3675 vero,
725 3622 822 3663 eos
861 3607 955 3679 qui
1001 3607 1133 3661 talia
1161 3606 1452 3663 adversum
1485 3622 1573 3662 me
1621 3605 1975 3679 spargebant,

391 3702 591 3775 impios
628 3699 881 3756 homines
907 3700 1112 3771 alienis
1142 3699 1305 3755 malis
1337 3699 1660 3772 gaudentes,
1708 3699 1980 3755 contrivi-

396 3795 492 3860 sti,
550 3808 826 3865 vocesque
866 3807 1059 3847 eorum
1122 3790 1445 3848 confudisti.
1493 3791 1685 3863 Neque
1716 3791 1852 3848 mihi
1885 3792 1979 3848 uni

392 3895 521 3960 post
549 3887 762 3959 obitum
790 3925 807 3951 ,
839 3885 936 3942 sed
964 3887 1128 3942 etiam
1160 3886 1440 3950 universo,
1471 3887 1569 3958 qui
1599 3895 1729 3943 tuus
1759 3885 1978 3943 futurus

390 3986 532 4043 erat,
563 3980 763 4049 popqu
787 3981 1251 4035 resurrectionem
1288 3977 1517 4048 parasti.
1555 3975 1975 4044 Observandum

391 4077 575 4127 autem
607 4078 714 4135 est,
734 4070 856 4125 loco
887 4070 1034 4125 illius
1061 4068 1233 4137 vocis,
1261 4067 1432 4131 salus,
1463 4065 1788 4126 Hebraicam
1812 4085 1980 4125 usur-

392 4170 581 4234 patam
639 4178 765 4221 esse
813 4177 1027 4227 vocem,
1083 4177 1206 4234 quae
1244 4177 1446 4218 nomen
1484 4160 1619 4218 Iesu
1673 4162 1973 4235 exprimit:

390 4263 557 4326 atque
584 4257 757 4312 totius
790 4256 986 4327 psalmi
1013 4257 1328 4321 terminum,
1360 4255 1473 4311 duo
1498 4257 1679 4327 capita
1714 4256 1979 4311 doctrinae

389 4348 719 4419 complecti;
774 4348 1034 4404 nimirum
1083 4349 1341 4405 virtutem
1402 4347 1620 4405 Domini
1674 4349 1974 4405 salutarem

387 4453 548 4507 esse;
583 4440 871 4512 ipsumque
900 4441 1100 4512 populo
1135 4456 1259 4507 suo,
1285 4442 1380 4513 qui
1402 4458 1500 4513 per
1527 4443 1706 4512 ipsum
1741 4441 1975 4496 salutem

390 4538 726 4588 consecutus
772 4541 879 4597 est,
922 4532 1357 4590 benedictionem
1390 4534 1821 4606 impertiturum.
1874 4531 1976 4588 Be-

2165 3234 2326 3289 ’Δλλὰ
2349 3234 2445 3289 καὶ
2470 3234 2559 3290 διὰ
2598 3236 2729 3301 τοὺς
2763 3232 3025 3309 ἀνωτέρω
3072 3236 3370 3309 εἰρηκότας
3412 3242 3479 3313 τῇ
3522 3240 3679 3318 ψυχῇ

2082 3327 2273 3394 αὑτοῦ,
2313 3330 2435 3383 οὐκ
2466 3328 2600 3382 ἔστι
2630 3329 2898 3397 σωτηρία
2921 3327 3085 3395 αὐτῷ
3108 3329 3179 3383 ἐν
3196 3328 3276 3396 τῷ
3305 3329 3429 3399 Θεῷ
3459 3335 3678 3403 αὐτοῦ,

2080 3419 2176 3476 νῦν
2203 3436 2369 3492 φησιν
2390 3436 2406 3451 ’
2454 3418 2728 3486 Ὀδόντας
2745 3416 3111 3490 ἁμαρτωλῶν
3133 3420 3525 3494 συνέτριψας,
3553 3443 3684 3482 του.

2079 3512 2370 3575 τέστιτοὺς
2387 3510 2579 3581 λόγους
2602 3511 2697 3566 καὶ
2723 3511 2823 3577 τὰς
2843 3512 2966 3567 κατ’
2982 3511 3119 3584 ἐμοῦ
3141 3512 3493 3588 βλασφημίας
3521 3534 3683 3592 περι·

2078 3607 2251 3671 εῖλας·
2290 3604 2428 3661 ἀλλὰ
2469 3605 2565 3660 καὶ
2598 3606 2799 3670 αὐτοὺς
2836 3607 2966 3672 τοὺς
3007 3609 3130 3662 κατ’
3164 3608 3299 3681 ἐμοῦ
3337 3609 3408 3665 τὰ
3447 3610 3680 3668 τοιαῦτα

2080 3696 2511 3771 φθεγξαμένους,
2538 3696 2757 3762 ἀσεϐεῖς
2784 3697 2947 3763 ὄντας
2989 3698 3085 3755 καὶ
3132 3700 3674 3775 ὲπιχαιρεσικάκους,

2082 3790 2433 3864 συνέτριψας,
2473 3792 2570 3846 καὶ
2595 3789 2698 3858 τὰς
2720 3790 2907 3862 φωνὰς
2937 3792 3117 3848 αὐτῶν
3142 3791 3512 3867 κατῄσχυνας.
3556 3797 3676 3852 Καὶ

2079 3883 2141 3938 οὐ
2173 3882 2334 3956 μόνον
2362 3898 2427 3954 γε
2457 3883 2580 3955 ἐμοὶ
2609 3882 2749 3956 μετά
2780 3882 2843 3937 τὸ
2867 3883 3203 3957 κοιμηθῆναι
3234 3887 3329 3941 καὶ
3368 3888 3672 3961 ἀναστῆναι

2079 3976 2378 4049 παρέσχου,
2404 3975 2540 4031 ἀλλὰ
2571 3976 2667 4031 καὶ
2698 3978 2864 4031 παντὶ⁸
2883 3976 2961 4049 τῷ
3008 3976 3257 4050 μέλλοντι
3304 3981 3674 4052 χρηματίζειν

2082 4086 2177 4122 σου
2209 4067 2342 4141 λαῷ.
2392 4067 2675 4141 Τηρητέον
2715 4066 2774 4124 δὲ
2799 4107 2814 4134 ,
2848 4067 2960 4136 ὡς,
2996 4070 3120 4125 ἀντὶ
3150 4069 3248 4125 τοῦ
3280 4074 3578 4142 Σωτηρία,
3631 4076 3670 4147 ἡ

2089 4159 2354 4235 Ἐϐραῖκὴ
2386 4161 2538 4235 φωνὴ
2567 4160 2644 4235 (1)
2669 4160 2733 4216 τὸ
2779 4162 2887 4218 τοῦ
2940 4162 3139 4232 Ἰησοῦ
3181 4162 3355 4236 ὄνομα
3401 4164 3671 4239 παρείληο

2079 4266 2245 4309 πταν
2278 4255 2373 4309 καὶ
2405 4253 2470 4327 δὴ
2499 4254 2561 4308 τὸ
2590 4255 2969 4328 συμπέρασμα
2992 4255 3086 4311 τοῦ
3110 4256 3313 4323 παντὸς
3346 4257 3443 4312 δύο
3482 4256 3673 4330 περιέ-

2079 4362 2165 4419 χει
2194 4345 2570 4413 διδασκαλίας’
2609 4349 2690 4403 ὅτι
2722 4366 2781 4405 τε
2811 4351 2844 4422 ἡ
2877 4349 2973 4403 τοῦ
3005 4350 3212 4423 Κυρίου
3234 4351 3465 4423 δύναμις
3489 4353 3671 4424 σωτή-

2082 4438 2196 4513 ριός
2222 4440 2359 4503 ἐστι,
2391 4440 2486 4493 καὶ
2507 4440 2592 4495 ὅτι
2621 4437 2785 4507 αὐτὸς
2811 4441 2891 4513 τῷ
2918 4441 3084 4496 αὐτοῦ
3115 4440 3249 4514 λαῷ,
3286 4442 3367 4514 τῷ
3396 4442 3467 4497 δι’
3499 4443 3666 4498 αὐτοῦ

2082 4531 2431 4604 σεσωσμένῳ,
2461 4533 2562 4606 τὴν
2586 4530 2836 4602 εὐλογίαν
2867 4532 3115 4606 παρέξει.
3166 4533 3402 4604 Εὑλογία
3446 4535 3505 4589 δὲ
3531 4536 3673 4591 πάν-

389 4625 633 4682 nedictio
703 4633 886 4681 autem
934 4625 1241 4697 Spiritualis
1296 4641 1526 4698 prorsus
1574 4633 1688 4686 est.
1744 4639 1812 4680 ex
1867 4624 1971 4680 hoc

2087 4640 2186 4688 τως
2229 4623 2578 4696 πνευματικὴ
2614 4624 2758 4679 κατὰ
2789 4624 2878 4680 τὸν
2920 4623 3241 4680 Ἀπόστολον
3267 4627 3490 4682 εἰπόντα
3510 4647 3523 4661 ·
3550 4630 3671 4683 Εὑ-

394 4720 640 4792 Αροειοιὶ
674 4720 862 4776 dicto:
898 4718 1217 4774 Benedictus
1266 4717 1407 4775 Deus
1440 4726 1491 4774 et
1541 4716 1708 4771 Pater
1755 4715 1974 4771 Domini

389 4816 563 4871 nostri
587 4814 721 4871 Iesu
753 4812 979 4881 Christi,
1000 4815 1092 4884 qui
1117 4812 1388 4868 benedixit
1419 4829 1516 4866 nos
1546 4813 1605 4866 in
1635 4812 1779 4866 omni
1815 4813 1971 4865 bene-

388 4906 619 4962 dictione
641 4904 913 4977 spirituali
938 4906 993 4959 in
1025 4902 1322 4960 coelestibus
1352 4903 1407 4957 in
1435 4901 1651 4956 Christo
1668 4899 1735 4955 ³⁸.
1768 4898 1937 4953 Proin
1957 4927 1971 4939 ς

390 4998 569 5071 deque
594 5000 650 5055 in
682 4998 889 5056 Christi
920 5005 1047 5055 ortu
1088 4996 1333 5068 Iosepho
1363 4995 1572 5051 dictum
1619 4993 1722 5049 fuit
1766 4994 1836 5048 ab
1875 5007 1972 5047 an-

391 5090 545 5163 gelo:
584 5089 655 5145 Et
686 5090 901 5147 vocabis
932 5106 1121 5145 nomen
1153 5088 1269 5160 ejus
1303 5086 1511 5153 Iesum,
1544 5087 1657 5158 ipse
1688 5087 1830 5141 enim
1859 5084 1975 5140 sal-

389 5198 510 5240 sum
538 5184 701 5252 faciet
718 5183 971 5255 populum
999 5199 1156 5238 suum
1171 5182 1240 5247 ³⁷,
1274 5181 1371 5253 qui
1392 5181 1555 5237 etiam
1579 5180 1788 5251 populi,
1821 5178 1966 5234 beati

386 5283 678 5333 vocantur.
714 5275 842 5331 Haec
884 5276 1278 5347 speculationis
1310 5288 1461 5329 more
1487 5271 1635 5328 dicta
1674 5279 1826 5328 sunt.
1857 5269 1967 5326 Po-

390 5377 498 5425 test
529 5370 697 5426 etiam
731 5367 842 5424 dici
892 5369 1103 5433 isthtec,
1165 5386 1288 5441 qua:
1331 5376 1515 5423 tamen
1568 5364 1888 5437 prophetice
1938 5380 1968 5417 a

391 5460 595 5517 Davide
626 5460 987 5533 praenuntiata
1036 5460 1276 5529 fuerant,
1323 5459 1391 5515 ad
1450 5459 1690 5513 litteram
1740 5455 1967 5526 impleta

390 5551 560 5610 fuisse
598 5553 692 5609 ilio
717 5562 962 5625 tempore
990 5568 1058 5609 ac
1088 5570 1273 5610 rerum
1302 5550 1643 5614 conditione,
1662 5563 1788 5604 cum
1820 5547 1966 5603 ﬁlius

457 5666 502 5699 "
545 5664 679 5723 Luc.
712 5681 766 5721 Vl
788 5707 802 5727 ,
834 5664 926 5722 28.
1001 5666 1050 5700 “
1089 5666 1279 5722 Matth.
1316 5683 1347 5720 ν
1371 5707 1386 5730 ,
1421 5666 1511 5721 μ.
1589 5666 1634 5698 "
1673 5662 1817 5722 Psal.
1850 5678 1964 5723 vn.
1996 5659 2051 5716 8.

2080 4715 2338 4786 λογητὸς
2368 4719 2401 4770 ό
2433 4717 2578 4782 Θεὸς
2609 4716 2711 4771 καί
2739 4716 2946 4787 Πατὴρ
2968 4712 3078 4773 τοῦ
3098 4719 3324 4788 Κυρίου
3350 4718 3520 4790 ἡμῶν
3562 4720 3670 4790 Ἰη-

2081 4806 2200 4863 σοῦ
2226 4805 2486 4878 Χριστοῦ
2505 4826 2519 4840 ο
2545 4812 2578 4864 ὀ
2604 4809 2949 4880 εὐλογήσας
2983 4810 3143 4882 ἡμᾶς
3179 4812 3251 4866 ἐν
3287 4810 3456 4883 πάσῃ
3486 4815 3667 4869 εὐλο-

2079 4901 2179 4970 γίᾳ
2212 4900 2594 4973 πνευματικῇ
2629 4904 2700 4959 ἐν
2741 4906 2868 4973 τοῖς
2905 4903 3286 4976 ἐπουρανίοις
3315 4907 3386 4962 ἐν
3408 4906 3663 4977 Χριστῷ.

2085 4992 2275 5047 Ἔνθεν
2303 4991 2398 5048 ἐπὶ
2427 4990 2531 5066 τῆς
2572 4996 2668 5050 τοῦ
2697 4996 2951 5071 Σωτῆρος
2993 4997 3262 5068 γενέσεως
3298 4999 3549 5055 λέλεκται
3584 4999 3668 5071 τῷ

2094 5083 2290 5158 Ἰωσὴφ
2324 5085 2430 5141 ὑπὸ
2449 5084 2544 5140 τοῦ
2578 5088 2813 5159 ἀγγέλου
2835 5105 2850 5121 ⁸
2898 5086 3013 5145 Καὶ
3044 5090 3330 5157 καλέσεις
3371 5089 3436 5146 τὸ
3476 5091 3668 5162 ὄνομα

2074 5175 2262 5230 αὑτοῦ
2326 5176 2562 5247 Ἰησοῦν
2582 5195 2598 5210 ·
2642 5180 2828 5248 αὐτὸς
2852 5182 2965 5252 τὰρ
3006 5180 3191 5237 σώσει
3220 5182 3332 5237 τὸν
3358 5181 3514 5238 λαὸν
3558 5187 3665 5239 αὺ-

2075 5267 2204 5334 τοῦ,
2234 5265 2328 5334 οὒς
2356 5270 2452 5325 καὶ
2485 5273 2792 5345 μακαρίους
2819 5274 2849 5328 ό
2877 5273 3035 5343 λόγος
3079 5274 3308 5346 ἔφασκε.
3346 5274 3534 5330 Ταῦτα
3565 5277 3663 5348 μὲν

2075 5354 2170 5415 οῦν
2198 5377 2282 5426 τις
2300 5361 2443 5417 κατά
2466 5362 2699 5437 θεωρίαν
2725 5362 2834 5419 τῶν
2872 5363 3271 5438 προκειμένων.
3324 5367 3485 5422 Είποι
3510 5366 3556 5420 δ’
3596 5366 3662 5421 ἄν

2076 5467 2160 5520 τις
2182 5454 2278 5508 καὶ
2307 5452 2443 5527 πρὸς
2459 5454 2606 5524 λέξιν
2639 5456 3033 5531 πεπληρῶσθαι
3074 5459 3248 5515 αὐτά·
3292 5457 3662 5532 προλεχθέντα

2081 5545 2180 5617 μὲν
2205 5545 2310 5604 ὑπὸ
2341 5544 2438 5602 τοῦ
2455 5548 2619 5603 Δαυτδ
2646 5549 3000 5622 προφητικῶς
3031 5553 3091 5607 ὲν
3133 5551 3315 5625 καιρῷ
3352 5550 3455 5623 τῆς
3505 5566 3657 5622 περι·

2129 5660 2358 5737 _'°_Psal.
2393 5676 2680 5729 cxxxvm,
2705 5664 2796 5720 2|.
2875 5665 2920 5699 ³¹
2954 5665 3146 5724 Matth.
3186 5667 3354 5737 x,i0.
3432 5668 3481 5702 “
3520 5667 3652 5727 ibid.

397 5738 443 5770 ³³
458 5736 618 5792 Joan.
646 5755 735 5797 xv.
767 5738 857 5794 23.
935 5738 980 5771 ³⁸
999 5736 1161 5794 Prov.
1184 5753 1272 5803 xv,
1295 5737 1382 5793 52.
1463 5737 1508 5769 ⁸⁸
1541 5735 1685 5793 Psal.
1726 5750 1910 5817 xxxiv,
1942 5734 2029 5791 i9.
2096 5733 2142 5766 ³⁸
2177 5732 2376 5804 Ephes.
2404 5751 2442 5803 t,
2470 5742 2522 5797 5.
2589 5744 2631 5776 ²“¹
2666 5741 2854 5799 Matth.
2880 5763 2917 5811 l,
2949 5747 3039 5813 21,

454 5828 536 5889 li)
564 5828 826 5887 llebraica
861 5847 966 5889 vox
994 5841 1077 5891 est
1113 5850 1125 5887 :
1158 5835 1358 5896 nam”.
