3994 6448
251 346 345 398 101

1387 337 1896 396 COMMENTARIA
1938 339 2003 393 IN
2043 337 2384 392 PSALMOS.

3427 343 3530 398 10‘:

249 464 519 524 στάσεως,
550 460 790 532 ὁπηνίκα
814 456 842 508 ὁ
868 458 983 524 υἱὸς
1005 458 1228 512 ἐδίωκεν
1257 459 1440 523 αὑτὸν,
1465 461 1559 513 ἐπὶ
1589 461 1762 532 πέρας
1786 461 1839 514 δὲ

1952 466 2372 528 persequeretur
2395 471 2520 512 eum
2545 474 2560 522 ;
2593 455 2689 512 sed
2717 455 2785 510 ad
2819 457 3113 512 terminum
3149 471 3260 512 non
3291 458 3522 512 multum

244 553 462 628 ἡγμένα
511 551 626 623 μετ’
673 552 734 604 οὐ
787 549 921 605 πολὺ
947 591 961 614 ,
997 550 1086 603 ὅτε
1122 552 1180 603 ὲν
1209 553 1274 621 τῇ
1296 549 1392 603 τοῦ
1437 551 1675 623 πολέμου
1703 569 1841 623 συμ.

245 647 372 715 6ολῇ
406 643 600 698 πίπτει
636 643 736 714 μὲν
763 644 792 696 ὁ
833 641 1209 712 Ἀδεσσαλὼμ,
1250 642 1508 696 πίπτουσι
1556 642 1614 696 δὲ
1647 644 1740 697 καὶ
1791 646 1839 696 οἱ

245 739 310 790 τὰ
354 736 495 804 φίλα
543 733 690 805 αύτῷ
719 732 1076 804 φρονοῦντεςο
1128 735 1322 804 κρατεῖ
1359 733 1418 786 δὲ
1452 735 1496 804 ,ἡ
1529 733 1626 786 τοῦ
1675 727 1839 787 Δαυῒδ

249 829 560 901 πρόρρησις
591 829 624 898 ἡ
660 828 912 898 φήσασα·
975 826 1096 878 Ὅτι
1133 825 1215 880 σὺ
1259 824 1564 892 ὲπὰταξας
1610 823 1841 892 πάντας

247 921 386 987 τοὺς
410 916 844 990 ἐχθραίνοντὰς
861 935 962 987 μοι
976 918 1241 988 ματαίως
1261 934 1277 948 ο
1304 916 1556 984 ὀδόντας
1579 918 1842 987 ἁμαρτω-

246 1014 369 1071 λῶν
394 1013 792 1082 συνέτριψας.
820 1011 931 1066 Τοῦ
964 1012 1187 1081 Κυρίου
1214 1013 1254 1080 ἡ
1281 1012 1569 1080 σωτηρία,
1605 1011 1703 1065 καὶ
1739 1011 1841 1065 ἐπὶ

245 1107 352 1162 τὸν
373 1106 536 1161 λαόν
563 1121 680 1160 σου
713 1106 751 1175 ἠ
789 1105 1036 1176 εὐλογία
1065 1118 1204 1159 σου.
1243 1103 1491 1172 Ἐλέγετο
1511 1101 1643 1172 γοῦν
1667 1102 1841 1158 ταῦτα

246 1197 626 1271 προφητικῶς,
643 1197 720 1262 ὼς
739 1196 806 1252 ἂν
835 1197 936 1270 ἤδη
966 1196 1058 1251 τοῦ
1085 1196 1217 1252 λαοῦ
1238 1197 1605 1269 σεσωσμένου,
1623 1196 1717 1251 καὶ
1736 1196 1842 1250 ὑπὸ

246 1292 340 1346 τοῦ
367 1290 539 1346 Δαυῒδ
571 1290 902 1362 γενημένου.

663 1405 995 1458 ΕΞΗΓΗΣΙΣ
1033 1403 1336 1458 ΨΑΛΜΟΥ
1377 1404 1450 1458 A'.

351 1513 429 1582 (l)
461 1515 570 1580 Εἰς
589 1513 658 1568 τὸ
689 1513 865 1581 τέλος
896 1513 966 1567 ἐν
985 1513 1251 1584 ψαλμοῖς
1274 1512 1398 1583 ᾠδὴ
1425 1512 1503 1580 τῷ
1528 1513 1731 1569 Δαυΐδ.

352 1632 458 1696 Εἰς
485 1629 554 1682 τὸ
580 1628 756 1695 τέλος
795 1628 866 1682 ἐν
891 1628 1104 1698 ὕμνοις
1129 1627 1374 1698 ψαλμός
1409 1627 1490 1694 τῷ
1530 1629 1737 1714 Δαυΐδ,

321 1723 534 1794 ’Ὠσπερ
570 1723 751 1793 πάσης
797 1723 993 1792 τέχνης
1025 1721 1118 1775 καὶ
1155 1723 1465 1793 ἐπιστήμης
1509 1721 1660 1786 τέλος
1695 1721 1842 1776 ἐστὶν

1945 564 2134 623 postea
2179 553 2436 618 deducta,
2482 567 2608 606 cum
2650 551 2707 605 in
2755 566 3057 622 congressu
3106 551 3277 622 praelii
3325 551 3527 606 cecidit

1942 647 2198 702 Absalnm
2231 686 2247 710 ,
2298 645 2618 702 ceciderunt
2691 646 2897 716 pariter
2948 644 3041 715 qui
3094 644 3214 713 ejus
3274 645 3523 715 partibus

1943 739 2250 796 haerebant:
2297 738 2644 809 obtinuitque
2670 737 2952 808 praedictio
2981 739 3072 793 illa
3096 737 3316 793 Davidis
3345 731 3524 798 πραο-

1940 833 2089 883 niam
2137 840 2194 883 tu
2240 830 2552 898 percussisti
2601 846 2778 884 omnes
2835 828 3172 884 adversantes
3225 828 3355 883 mihi
3409 830 3524 884 sine

1943 940 2153 979 causa:
2197 923 2379 978 dentes
2431 935 2770 993 peccatorum
2820 923 3138 978 contrivisti.
3193 922 3407 976 Domini
3445 931 3523 976 est

1939 1018 2108 1081 salus,
2177 1026 2228 1070 et
2292 1033 2451 1083 super
2499 1017 2751 1087 populum
2816 1026 2965 1070 tuum
3036 1015 3329 1071 benedictio
3407 1024 3520 1068 tua.

1945 1109 2072 1165 Haec
2101 1111 2289 1180 itaque
2337 1110 2657 1180 prophetico
2712 1108 2859 1163 dicta
2911 1117 3061 1173 sunt,
3114 1123 3178 1163 ac
3211 1109 3256 1164 si
3288 1107 3523 1178 populus

1937 1201 2050 1271 jam
2085 1202 2270 1256 salvus
2303 1209 2471 1265 esset,
2505 1208 2560 1255 et
2604 1201 2672 1256 ad
2727 1200 2949 1256 Davidis
3008 1199 3298 1270 imperium
3351 1197 3520 1254 redu-

1941 1301 2086 1350 ctus.

2313 1402 2716 1460 ENARRATIO
2760 1403 3010 1460 PSALMI
3047 1402 3134 1459 IV.

2121 1521 2173 1577 Ι.
2202 1519 2268 1576 In
2301 1523 2458 1592 ﬁnem
2489 1521 2544 1574 in
2573 1520 2796 1590 psalmis
2836 1520 3104 1573 canticum
3145 1517 3338 1573 David.

2194 1631 2259 1686 In
2288 1633 2446 1702 ﬁnem
2478 1633 2530 1685 in
2561 1631 2770 1702 hymnis
2805 1631 3040 1700 psalmus
3063 1629 3255 1683 David.

2017 1726 2170 1780 Sicut
2201 1726 2448 1794 cujusvis
2477 1726 2614 1780 artis
2646 1739 2710 1778 ac
2741 1724 2982 1778 scientiae
3012 1722 3135 1776 ﬁnis
3157 1731 3262 1789 est,
3289 1730 3347 1774 ut
3370 1721 3523 1792 quis-

251 1816 348 1886 (Ξ).
378 1856 391 1868 .
418 1856 431 1868 .
454 1854 469 1867 .
502 1855 515 1868 .
551 1855 566 1868 .
598 1855 614 1872 .
643 1855 656 1868 .
686 1857 699 1870 .
736 1815 1069 1886 καταντῆσαι
1101 1814 1192 1868 τὸν
1230 1815 1658 1886 μετερχόμενονο
1698 1815 1839 1870 οὕτω

1945 1816 2069 1886 quis
2095 1817 2266 1886 ipsam
2299 1816 2412 1870 adit
2442 1816 2506 1869 ad
2548 1814 2937 1886 perfectionem
2965 1812 3217 1867 deveniat
3247 1829 3261 1873 ς
3294 1812 3367 1866 ita
3398 1827 3520 1866 om-

252 1910 427 1979 πάσης
465 1907 694 1978 λογικῆς
725 1907 960 1977 φύσεως,
998 1907 1059 1960 τὸ
1089 1908 1148 1960 ὲν
1181 1905 1401 1978 Χριστῷ
1441 1907 1839 1980 ζωοποιηθῆναι

252 2003 396 2066 τέλος
425 2003 599 2064 ἐστὶν,
624 2001 699 2066 ὡς
719 2001 777 2055 ὲν
809 2004 875 2074 τῇ
910 2000 1102 2074 πρώτῃ
1134 2000 1272 2073 πρὸς
1304 1999 1621 2073 Κορινθίους
1634 2002 1676 2070 ,ὁ
1693 2000 1842 2054 Παῦ-

251 2093 337 2157 λός
361 2109 495 2164 φησι
524 2093 700 2161 λέγων
721 2091 799 2163 τῷ
825 2092 940 2163 ἰδίῳ
973 2091 1211 2162 τάγματι
1231 2108 1245 2121 ο
1271 2093 1429 2145 Δοκεῖ
1457 2107 1644 2162 μη.....
1784 2103 1842 2145 εν

255 2185 592 2258 ὑπογράφειν
623 2185 898 2250 ἁπάντων,
927 2184 1001 2248 ὡς
1030 2185 1085 2237 αί
1110 2183 1340 2238 ἑκάστου
1372 2182 1840 2254 ζωοποιουμένου

252 2277 382 2348 πρὸς
408 2275 512 2348 τὴν
547 2275 704 2341 ἀξίαν
736 2275 872 2346 μετὰ
895 2274 1177 2346 βασάνους.
1208 2276 1280 2328 Ἦ
1311 2276 1404 2330 καὶ
1439 2275 1642 2329 τούτων
1673 2277 1842 2348 χωρὶς

255 2367 621 2436 ᾇυοποιήσας
652 2369 710 2423 δὲ
755 2368 960 2432 πάντας
1006 2369 1240 2439 Χριστὸς
1284 2370 1342 2421 ὲν
1381 2367 1558 2440 ἑαυτῷ
1587 2368 1714 2433 τοὺς
1762 2367 1842 2440 τῷ

264 2461 428 2532 ’Δόὰμ
445 2460 891 2534 ἀποθνήσκοντας
917 2458 1187 2530 βασιλεύει
1205 2459 1322 2514 τῶν
1345 2459 1837 2528 ζωοποιηθέντωνο

253 2558 333 2626 ἐφ’
357 2556 385 2610 ὃ
407 2551 850 2629 παρεκάλειτοίνς
875 2553 1152 2618 συνιέντας
1170 2555 1304 2624 ήείς
1330 2553 1396 2607 τὸ
1421 2553 1594 2620 τέλος
1614 2556 1841 2626 ἐπιγρα-

256 2650 343 2720 φή.
363 2649 542 2702 Παντὶ
555 2648 609 2701 δὲ
627 2645 1011 2717 ἀγωνιζομένῳ
1035 2645 1187 2709 τέλος
1208 2647 1241 2717 ἡ
1265 2645 1409 2715 νίκη.
1429 2645 1623 2702 Πολλαὶ
1631 2644 1730 2718 μὲν
1746 2641 1840 2700 οὖν

255 2742 306 2793 αἱ
332 2739 471 2794 κατᾶ
512 2740 678 2812 μέρος
696 2739 864 2803 νίκαι,
899 2739 992 2792 καί
1019 2737 1170 2801 τέλος
1201 2737 1234 2810 ἢ
1283 2736 1414 2790 ποτὲ
1464 2737 1562 2809 μὲν
1592 2736 1840 2806 λέγοντος

255 2828 490 2885 Παύλουο
547 2832 649 2884 Ἐν
690 2832 920 2896 τούτοις
948 2826 1138 2884 πᾶσιν
1169 2826 1578 2898 ὑπερνικῶμεν
1608 2829 1704 2883 διὰ
1732 2829 1838 2883 τοῦ

253 2921 680 2990 ἀγαπήσαντος
702 2919 859 2991 ἡμᾶς
878 2937 891 2950 ·
925 2919 1055 2972 ποτὲ
1086 2919 1144 2972 δέ
1167 2937 1180 2950 ·
1213 2921 1325 2974 Τὸν
1353 2919 1555 2991 ἀγῶνα
1586 2920 1694 2974 τὸν
1731 2936 1838 2974 κα·-

255 3013 362 3066 λὸν
387 3014 745 3083 ἠγώνισμαι,
773 3013 882 3068 τὸν
909 3012 1133 3081 δρόμον
1159 3013 1460 3074 τετέλεκα,
1492 3011 1607 3079 τὴν
1631 3017 1840 3068 πίστιν

254 3105 578 3175 τετήρηκα·
613 3107 830 3160 λοιπὸν
861 3105 1171 3160 ἀπόκειταί
1205 3122 1307 3174 μοι
1334 3107 1368 3158 ό
1400 3102 1507 3172 τῆς
1531 3103 1837 3159 δικαιοσύ-

1945 1913 2032 1966 nis
2061 1909 2349 1964 rationalis
2377 1917 2590 1962 natura:
2621 1908 2744 1963 ﬁnis
2773 1916 2856 1961 est
2909 1915 2968 1960 ut
3017 1907 3070 1958 in
3102 1904 3324 1959 Christo
3354 1905 3519 1958 vitam

1945 2001 2216 2083 accipiat,
2256 2001 2720 2072 quemadmodum
2778 1999 2832 2054 in
2870 2000 3046 2070 prima
3091 1999 3158 2052 ad
3205 1996 3521 2052 Corinthios

1945 2093 2187 2165 Epistola
2207 2097 2283 2148 ait
2311 2093 2513 2148 Paulus
2545 2093 2612 2149 ⁸⁸.
2658 2131 2672 2146 .
2715 2130 2731 2146 .
2776 2133 2791 2148 .
2835 2134 2850 2148 .
2896 2132 2912 2146 .
2957 2133 2970 2146 .
3013 2130 3027 2144 .
3070 2130 3086 2146 .
3129 2089 3371 2160 Singulis
3401 2097 3524 2161 post

1944 2189 2222 2242 cruciatus
2252 2203 2350 2257 pro
2381 2187 2578 2242 merito
2613 2200 2716 2240 suo
2761 2184 3060 2254 viviﬁcatis.
3099 2182 3395 2254 Postquam
3424 2198 3525 2236 au-

1945 2286 2050 2332 tem
2078 2277 2328 2332 Christus
2357 2292 2549 2332 omnes
2577 2276 2670 2347 qui
2704 2276 2759 2330 in
2789 2275 2999 2328 Adamn
3029 2272 3232 2326 mortui
3269 2278 3447 2336 erant,
3467 2270 3523 2324 in

1943 2371 2125 2440 seipso
2177 2368 2480 2438 viviﬁcavit,
2542 2380 2735 2438 regnat
2767 2367 2821 2420 in
2853 2366 3192 2435 viviﬁcatos:
3243 2363 3310 2416 ad
3357 2377 3520 2433 quam

1942 2478 2058 2516 rem
2084 2463 2332 2517 homines
2349 2461 2705 2531 intelligentia
2726 2460 2983 2530 praeditos
3004 2465 3194 2512 evocat
3210 2455 3518 2526 inscriptio,

1943 2557 1998 2609 in
2023 2555 2200 2626 ﬁnem.
2231 2553 2392 2610 Omni
2445 2561 2629 2609 autem
2677 2552 2946 2622 prmlianti
2983 2550 3107 2604 ﬁnis
3138 2549 3367 2602 victoria
3413 2556 3518 2604 est.

1955 2647 2134 2702 Multa:
2155 2662 2322 2718 porro
2347 2654 2476 2702 sunt
2497 2645 2810 2717 singulatim
2841 2651 3077 2715 acceptae
3103 2645 3524 2713 victm‘izn;qua-

1942 2757 2063 2794 rum
2079 2740 2238 2795 linem
2262 2736 2765 2798 describitPaulus,
2785 2735 2948 2791 modo
2972 2735 3161 2790 dicens
3183 2754 3194 2789 :
3231 2731 3294 2787 In
3313 2734 3394 2787 his
3412 2750 3526 2786 om-

1942 2833 2098 2888 nibus
2128 2847 2448 2898 superamus
2469 2839 2686 2900 propter
2706 2846 2822 2883 eum
2845 2829 2932 2900 qui
2954 2827 3138 2881 dilexit
3157 2844 3250 2880 nos
3273 2826 3340 2891 ³⁹;
3361 2825 3525 2880 modo

1941 2933 2122 2981 autem
2143 2944 2154 2979 :
2177 2925 2382 2978 Bonum
2407 2933 2672 2977 certamen
2693 2921 2908 2984 certavi,
2931 2935 3146 2973 cursum
3163 2915 3544 2978 consummaui,

1941 3021 2099 3090 ﬁdem
2127 3018 2329 3073 servavi
2360 3034 2378 3072 :
2419 3019 2472 3070 in
2525 3017 2726 3086 reliquo
2766 3015 2994 3084 reposita
3047 3022 3123 3066 est
3167 3012 3296 3065 mihi
3325 3027 3523 3065 corona

1932 3111 2359 3181 justitiw,quam
2379 3107 2556 3163 reddet
2578 3106 2708 3160 mihi
2729 3104 2985 3158 Dominus
3003 3105 3068 3158 ιθ.
3089 3101 3292 3158 Psalmi
3312 3101 3516 3172 itaque,

255 3215 358 3265 νης
377 3197 706 3267 στέφανος,
735 3198 808 3252 ὃν
842 3197 1143 3253 ἀποδώσει
1175 3215 1277 3267 μοι
1310 3199 1344 3250 ὁ
1387 3197 1624 3265 Κύριος.
1657 3198 1719 3250 Οἱ
1746 3193 1839 3252 οὖν

1947 3207 2000 3258 in
2033 3204 2193 3274 ﬁnem
2249 3201 2353 3272 ipsi
2384 3199 2557 3254 David
2615 3198 2890 3268 inscripti,
2925 3198 3086 3250 tinem
3127 3194 3426 3266 praedicant
3460 3209 3525 3247 ac

250 3291 720 3366 ἐπιγεγραμμένοι
747 3293 834 3359 είς
869 3291 936 3344 τὸ
974 3291 1150 3357 τέλος
1179 3288 1259 3356 τῷ
1297 3289 1500 3355 Δαυῒὸ,
1554 3290 1707 3355 τέλος
1747 3293 1842 3345 καὶ

254 3384 398 3456 νίκην
422 3383 830 3454 ἀπαγγέλλουσι
857 3384 950 3439 τοῦ
969 3384 1204 3456 Χριστοῦ
1231 3384 1524 3455 λεγομένου
1541 3384 1719 3437 Δαυῖδ·
1748 3386 1842 3439 καὶ

253 3478 367 3531 ἀντὶ
395 3478 521 3543 τοῦ,
555 3481 642 3545 εὶς
675 3478 870 3545 τέλος,
906 3479 1047 3532 κατὰ
1082 3479 1173 3531 τὸν
1217 3478 1471 3541 Ἀκύλαν,
1503 3477 1839 3532 νικοποιοῦ.

257 3565 416 3620 Παντὶ
463 3568 577 3640 γὰρ
623 3568 958 3640 νενικημένῳ
1004 3569 1418 3647 περιποιήσεται
1469 3569 1648 3640 νίκην.
1707 3568 1842 3622 Ὑπὸ

255 3656 487 3729 Χριστοδ
520 3661 629 3733 γάρ
672 3679 754 3726 τις
797 3659 1129 3733 νικώμενος,
1173 3659 1272 3732 τὴν
1317 3659 1516 3713 κακίαν
1561 3661 1838 3731 νενίκηκε,

255 3753 448 3824 ταύτην
499 3753 837 3824 ἐξαφανίζων
871 3753 948 3825 τῷ
1003 3754 1370 3824 ὑποτετάχθαι
1406 3754 1650 3827 Χριστῷ.
1695 3755 1842 3825 Νικᾷ

251 3845 356 3920 γὰρ
385 3847 493 3900 ούκ
520 3847 776 3913 ἄκοντας,
805 3846 941 3901 ἀλλὰ
974 3847 1180 3900 πείθων
1209 3845 1286 3909 ὡς
1313 3845 1471 3915 λόγος
1506 3847 1662 3901 Θεοῦ.
1701 3847 1841 3912 Τοὺς

255 3935 308 3990 δὲ
335 3937 609 4002 τοιούτους
647 3937 848 4009 ὕμνους
876 3938 910 4010 ἢ
940 3938 1210 4011 ψαλμοὺς,
1245 3940 1334 4004 εις
1377 3938 1444 3992 τὸ
1477 3937 1668 4005 νῖκος,
1707 3938 1841 3992 Θεο-

253 4029 434 4084 δοτίων
477 4031 788 4104 ἐπέγραψε·
841 4032 1136 4104 Σύμμαχος
1165 4032 1244 4099 δὲ,
1287 4031 1638 4097 ἐπινικίους.
1683 4030 1842 4084 Οὕτω

255 4123 310 4181 δὲ
343 4129 483 4185 νοεῖν
526 4125 766 4196 εύλογον,
793 4125 898 4180 κᾶν
925 4126 1000 4198 μὴ
1026 4125 1104 4197 τῷ
1131 4123 1296 4178 Δαυῒδ
1325 4119 1458 4178 ὦσιν
1491 4125 1839 4196 ἐπιγεγραμ-

262 4222 425 4292 μένοι,
453 4222 570 4276 ἀλλ’
595 4226 683 4288 είς
725 4219 792 4276 τὸ
829 4219 1005 4286 τέλος
1050 4219 1211 4290 τυχὸν
1259 4217 1341 4284 τῷ
1381 4216 1586 4287 Ἀσὰςρ,
1634 4217 1668 4289 ἢ
1716 4217 1841 4284 τοῖς

258 4315 401 4382 υἱοῖς
426 4314 601 4385 Κορὲ,
633 4313 710 4385 τῷ
737 4314 861 4378 τοὺς
894 4313 1085 4382 ἁγίους
1118 4309 1466 4383 ἁναδεδέχθαι
1506 4312 1715 4374 πάντας
1741 4311 1840 4381 τὴν

259 4409 434 4462 εἰκόνα
465 4407 725 4480 Χριστοῦ.
751 4407 824 4459 Τὸ
855 4405 910 4459 δὲ
938 4405 1008 4457 ἐν
1038 4403 1306 4474 ψαλμοῖς
1341 4403 1491 4476 παρὰ
1516 4405 1630 4466 τοῖς
1657 4403 1838 4456 Ἐὁδο-

265 4505 501 4572 μήκοντα
532 4502 628 4556 καὶ
669 4501 917 4565 Ἀκύλας,
953 4501 1072 4572 (sic)
1107 4500 1439 4571 σαφέστερον
1466 4501 1496 4552 ὁ
1522 4497 1835 4570 Σύμμαχος,

1944 3296 2228 3351 victoriam
2279 3293 2530 3356 Christi,
2574 3291 2668 3362 qui
2704 3289 2873 3344 David
2901 3297 3146 3344 vocatur.
3191 3283 3323 3340 Vice
3344 3294 3524 3340 autem

1943 3388 2112 3452 illius,
2143 3388 2196 3442 in
2221 3384 2712 3457 ﬁnem,secundum
2740 3382 3016 3453 Aquilam,
3045 3377 3521 3440 victoris,dicitur.

1941 3479 1992 3536 Is
2043 3481 2188 3534 enim
2238 3477 2463 3533 cuilibet
2491 3477 2636 3530 victo
2652 3474 2934 3530 victoriam
2967 3472 3190 3526 tribuet.
3211 3469 3344 3523 Nam
3369 3468 3526 3538 quis-
3629 3541 3633 3545 τ

1941 3576 2065 3644 quis
2091 3591 2119 3626 a
2151 3572 2372 3627 Christo
2400 3571 2663 3632 vincitur,
2713 3567 2978 3622 iiialitiam
3011 3565 3200 3624 vincit,
3240 3564 3526 3634 ipsamque

1941 3667 2009 3720 de
2036 3667 2215 3720 medio
2241 3665 2403 3728 tollit,
2436 3664 2563 3734 quia
2594 3659 2884 3728 subjicitur
2905 3657 3147 3714 Christo.
3174 3653 3362 3725 Neque
3375 3655 3527 3709 enim

1942 3756 2146 3811 invitos
2181 3755 2347 3809 vincit
2379 3754 2490 3816 ille,
2518 3752 2614 3806 sed
2639 3750 2920 3812 suasione,
2955 3755 3144 3818 utpote
3162 3745 3387 3800 verbum
3407 3743 3522 3799 Dei.

1942 3849 2270 3919 llujusmodi
2306 3861 2470 3917 porro
2518 3846 2752 3917 hymnos
2793 3843 2875 3898 vel
2922 3842 3162 3913 psalmos
3197 3838 3523 3902 Theodotio,

1941 3945 1994 3997 in
2019 3941 2320 4004 victoriam,
2349 3936 2630 4008 inscripsit
2661 3954 2675 4003 ;
2716 3933 3100 4005 Symmachus,
3155 3928 3524 3998 triumphales.

1941 4032 2258 4105 Eademque
2321 4032 2536 4088 ratione
2594 4025 3009 4098 intelligendum
3057 4033 3141 4079 est
3172 4023 3525 4079 etiamsinon

1943 4123 2136 4177 Davidi
2165 4121 2420 4192 inscripti
2450 4121 2584 4186 sint,
2623 4118 2718 4173 sed
2749 4116 2888 4169 forte
2908 4115 2964 4168 in
3000 4115 3157 4185 linem
3192 4113 3393 4182 Asaph,
3428 4120 3525 4166 aut

1941 4218 2072 4288 ﬁliis
2100 4216 2253 4284 Core,
2285 4216 2414 4286 quia
2463 4212 2636 4269 sancti
2664 4225 2855 4265 omnes
2894 4223 2993 4279 pro
3026 4207 3261 4278 imagine
3317 4206 3522 4262 Christi

1893 4310 2235 4364 'habentur.
2294 4303 2431 4359 Illud
2490 4313 2666 4357 autem
2734 4299 2789 4354 in
2817 4300 3039 4368 psalmis
3088 4297 3234 4368 quod
3289 4298 3344 4352 in
3383 4295 3525 4350 LXX

1941 4413 1996 4460 et
2021 4404 2076 4457 in
2099 4401 2294 4472 Aquila
2319 4399 2538 4470 legitur,
2571 4394 2819 4466 apertius
2844 4392 3208 4464 Symmachus
3237 4407 3356 4444 cum
3383 4390 3526 4459 psal-

1945 4494 2088 4548 teriis
2139 4491 2360 4555 edidit;
2408 4489 2676 4557 docetque
2731 4501 2857 4540 cum
2907 4482 3188 4555 psalteriis
3244 4481 3524 4534 canticum

259 4593 350 4648 διὰ
383 4593 735 4664 ψαλτηρίων
758 4593 987 4658 ἐξέδωκε
1018 4592 1258 4646 διδασκο.
1280 4633 1292 4646 .
1311 4633 1324 4646 .
1344 4631 1358 4645 .
1376 4629 1389 4644 .
1410 4628 1425 4644 .
1443 4630 1455 4643 .
1473 4630 1487 4644 .
1506 4629 1522 4646 .
1555 4591 1656 4662 τὴν
1689 4590 1833 4662 ᾠδὴν

1943 4585 2281 4660 persolutum
2333 4581 2522 4637 fuisse.
2591 4578 2856 4636 Psalteria
2913 4577 3114 4648 quippe
3160 4577 3526 4629 instrumenta

263 4685 522 4756 εἰρῆσθαι.
553 4727 566 4739 .
595 4725 607 4737 .
637 4725 648 4736 .
677 4725 692 4740 .
719 4724 734 4738 .
762 4723 776 4736 .
804 4722 818 4736 .
847 4721 862 4736 .
905 4683 975 4736 τὰ
1004 4681 1278 4752 ψαλτήρια
1315 4679 1506 4734 πλείω.
1538 4718 1552 4730 .
1578 4716 1592 4732 .
1621 4717 1634 4732 .
1663 4717 1676 4730 .
1699 4714 1712 4730 .
1737 4721 1750 4735 .
1775 4718 1790 4734 .
1816 4718 1831 4732 .

1945 4689 2093 4743 sunt,
2134 4677 2337 4748 quibus
2364 4672 2496 4728 illud
2537 4673 2589 4726 in
2613 4672 2772 4742 ﬁnem
2806 4669 3047 4730 canitur,
3079 4667 3195 4721 sive
3221 4682 3319 4728 pro
3366 4675 3524 4735 parta

263 4777 458 4848 ὖργανα
483 4778 548 4831 δι’
583 4771 657 4832 ὧν
685 4777 868 4849 ᾅδεται
893 4775 953 4828 τὸ
985 4778 1072 4841 εὶς
1095 4774 1159 4826 τὸ
1187 4773 1384 4838 τέλος,
1409 4772 1443 4842 ἦ
1469 4773 1500 4825 ό
1520 4769 1834 4836 ἐπινίκιος,

263 4867 296 4939 ἢ
321 4871 397 4936 τῷ
426 4869 727 4935 νικοποιῷ,
756 4868 785 4921 ὃ
815 4867 1008 4940 δηλοῦν
1035 4866 1176 4920 ἔοικε
1209 4867 1303 4920 καὶ
1340 4865 1400 4918 τὸ
1430 4867 1518 4930 είς
1562 4865 1733 4930 νῖκος
1766 4865 1836 4918 ἐν

266 4962 464 5032 ὕμνοις
490 4964 640 5036 παρὰ
666 4963 743 5033 τῷ
775 4960 1108 5015 Θεοδοτίωνι.
1149 4958 1298 5028 Αὕτη
1330 4957 1512 5010 τοίνυν
1557 4958 1594 5028 ἡ
1635 4957 1769 5029 ᾠδὴ,
1800 4955 1834 5027 ἢ

265 5055 322 5109 τὸ
349 5056 656 5128 μελῲδημα,
681 5055 714 5127 ἢ
741 5053 954 5124 ψαλμὺς
975 5053 1072 5124 τὴν
1094 5051 1391 5124 εἰρημένην
1418 5049 1556 5121 ἔχων
1580 5048 1834 5102 ὑπόθεσιν

269 5147 644 5218 ἐπαγγέλλεται
677 5146 880 5218 ταύτην
907 5144 1228 5216 κοινὼτερον
1259 5143 1357 5213 μὲν
1389 5145 1447 5196 ὲν
1471 5140 1551 5213 τῷ
1575 5142 1835 5213 προφήτῃ

269 5242 438 5309 Λαυῖδ,
471 5239 873 5315 μυστικώτερον
909 5239 966 5293 δὲ
999 5238 1078 5311 τῷ
1118 5236 1370 5310 Χριστῷ,
1422 5236 1483 5289 τὸ
1534 5234 1834 5307 πρόσωπον

1941 4771 2182 4833 victoria,
2214 4768 2331 4823 sive
2369 4765 2591 4821 victori:
2624 4764 2771 4836 quod
2804 4763 2984 4834 ipsum
3024 4758 3340 4830 signiﬁcare
3367 4758 3528 4812 vide-

1944 4872 2036 4919 tur
2078 4861 2207 4916 illud
2235 4860 2292 4913 in
2337 4857 2614 4913 victoriam
2644 4857 2698 4909 in
2743 4853 2951 4924 hymnis
3002 4849 3148 4920 apud
3181 4848 3522 4904 Theodotio-

1946 4971 2092 5011 nem.
2123 4953 2239 5007 Hoc
2268 4951 2437 5022 igitur
2467 4949 2769 5011 canticum,
2802 4946 2887 5000 vel
2921 4941 3180 5006 melodia,
3211 4942 3328 4996 sive
3371 4941 3524 5013 psal-

1941 5061 2089 5110 mus,
2136 5048 2499 5098 memoratum
2554 5039 2764 5094 habens
2791 5040 3202 5106 argumentum,
3236 5031 3524 5086 victoriam

1945 5136 2254 5209 pollicetur,
2278 5149 2344 5186 ex
2364 5131 2665 5203 vulgatiore
2689 5126 2961 5184 sententia
2983 5124 3197 5189 Davidi,
3219 5122 3524 5179 secundum

1946 5242 2204 5284 arcanam
2237 5241 2366 5282 vero
2401 5221 2886 5296 signiﬁcationem,
2934 5217 3158 5274 Christo
3206 5228 3524 5274 sanctorum

335 5399 380 5434 ³⁸
417 5400 592 5457 lCor.
626 5415 730 5466 xv,
760 5397 852 5454 22.
928 5397 973 5430 ³⁹
1013 5395 1174 5450 Rom.
1207 5409 1338 5459 vui,
1370 5393 1460 5448 '57.
1536 5391 1583 5422 “
1619 5389 1663 5445 ll
1693 5387 1837 5444 Tim.
1874 5402 1962 5452 iv,
1995 5384 2051 5445 7,
2085 5380 2138 5436 8.

337 5556 409 5631 (l)
447 5559 711 5616 Hebraica
758 5556 920 5612 lectio
963 5564 1084 5622 est;
1111 5563 1304 5613 am
1337 5557 1546 5611 mnu:
1576 5528 1771 5608 much
1815 5565 1827 5598 :

273 5634 384 5722 πή
415 5667 534 5722 quae
571 5649 652 5707 sic
689 5648 978 5722 ab‘Aquila
1007 5647 1418 5722 exprimuntur.
1449 5641 1529 5712 τῷ
1570 5637 1838 5722 νικοποιῷ

281 5711 584 5794 imitati-poi;
636 5711 932 5794 μλῴδημα
979 5718 1060 5794 τῷ
1079 5711 1355 5794 patilo-3A.
1386 5711 1714 5794 Synimachn
1743 5723 1836 5794 au:

280 5779 406 5860 tein,
447 5779 707 5857 ἐπινίκίος
753 5779 866 5844 ’διάϊ
905 5779 1225 5860 ψαλτηρίων
1255 5785 1366 5860 est,
1416 5779 1511 5860 τῷ,
1548 5779 1727 5860 ᾼαυῖδ.
1789 5781 1834 5860 ξ.

281 5837 896 5928 7.5
1255 5837 1444 5926 ύμείοις
1474 5837 1696 5925 ’ψαλμοί
1759 5846 1836 5917 τῷ

1938 5561 2124 5616 Acuta.
2156 5557 2554 5615 Theodotionis
2592 5556 2866 5612 diversam
2914 5552 3075 5609 aliert
3137 5548 3521 5604 Theodoretus

1940 5633 2249 5693 lectionem,
2274 5630 2554 5694 nimirum,
2573 5627 2650 5698 τῷ
2667 5625 2928 5696 νικοποιῷ
2945 5627 3001 5679 ὲν
3034 5623 3222 5697 ὖμνοις
3235 5662 3250 5689 ,
3266 5628 3399 5690 etc.,
3424 5619 3521 5677 sed

1941 5718 2090 5774 prior
2110 5715 2388 5774 germana.

2013 5773 2087 5844 (2)
2116 5769 2221 5828 ‘Sic
2250 5773 2430 5828 lacera
2470 5778 2598 5828 sunt
2633 5769 2748 5826 haec
2789 5770 2844 5826 in
2885 5782 3018 5823 mss.
