3994 6448
412 326 511 381 105

1125 322 1393 382 EUSEBII
1430 322 1904 382 CESARIENSIS
1922 318 2071 379 ore.
2108 293 2297 368 PARS
2328 281 2423 355 ³η·
2465 345 2544 366 ~
2575 323 2984 385 exsomnes.

3570 332 3676 389 104

406 461 696 502 τετεοηαιιι
746 445 1073 512 assumenti,
1106 447 1462 519 ipsorumque
1512 461 1786 503 aerumnas
1814 448 1967 519 quasi

2072 434 2188 498 τῶν
2220 432 2388 509 ἁγίων
2441 440 2917 519 ἀναλαμῶνοντι,
2956 448 3057 514 τὰς
3102 449 3163 504 δι
3228 447 3442 521 θλίψεις
3492 448 3671 506 αὐτῶν

408 539 685 610 proprias,
709 554 922 595 necnon
947 546 1265 595 sanctorum
1295 539 1649 596 dilatationes
1669 539 1775 595 sibi
1804 540 1979 596 ascri-

405 630 552 686 benti
575 648 591 698 ;
614 640 932 687 sanctorum
954 631 1157 703 quippe
1185 645 1290 686 vox
1310 631 1402 695 ina
1443 640 1550 697 est,
1585 631 1976 688 tribulationem

401 723 683 793 patientes.
709 722 804 778 sed
833 740 938 778 non
962 725 1259 796 augustiati
1286 710 1375 793 ﬁ“;
1409 725 1751 781 convertenti
1794 732 1979 781 autem

403 829 501 869 eos
531 814 627 885 qui
657 815 809 886 gravi
861 816 1027 871 corde
1057 824 1209 881 sunt,
1245 824 1556 888 quaerentes
1584 816 1884 873 vanitatem
1926 824 1982 873 et

406 905 691 977 loquentes
714 906 1080 963 mendacium.
1113 907 1346 965 Melodia
1378 924 1544 981 porro
1572 917 1771 981 praeter
1800 909 1982 966 canti-

405 1012 531 1054 cum
560 999 775 1055 videtur
818 999 1048 1056 innuero
1101 1000 1348 1072 mysticae
1382 1001 1776 1059 modulationis
1805 1003 1983 1058 artiﬁ-

403 1091 551 1145 cium
584 1109 598 1146 :
631 1100 743 1146 tum
770 1091 817 1146 si
840 1092 909 1147 ad
939 1101 1146 1147 rectam
1165 1093 1503 1165 intelligendi
1524 1109 1774 1150 normam
1807 1095 1976 1151 dedu-

404 1191 584 1251 catur,
613 1189 694 1237 est
722 1181 846 1237 vitae
872 1182 1185 1237 institutum
1212 1182 1282 1236 ad
1311 1181 1406 1238 Dei
1433 1183 1694 1255 gloriam,
1716 1199 1843 1239 cum
1880 1182 1982 1241 do-

406 1274 583 1328 ctrina
612 1289 745 1330 sana
781 1274 1071 1345 verbisque
1124 1273 1191 1330 ad
1234 1274 1469 1330 aliorum
1512 1276 1811 1331 utilitatum
1840 1290 1978 1331 con-

404 1364 663 1419 rimatis.

473 1455 636 1511 νεεδ.
652 1454 707 1510 2.
726 1453 857 1512 Cum
871 1457 1187 1517 invocarem.
1204 1456 1471 1513 exaudiuit
1495 1474 1576 1513 me
1591 1457 1730 1514 Deus
1746 1457 1981 1528 justitice

400 1562 549 1611 mete,
570 1547 624 1601 in
652 1547 991 1602 tribulatione
1006 1547 1251 1602 dilatasti
1263 1565 1361 1604 me.
1390 1547 1709 1607 Praecedens
1736 1552 1978 1621 psalmus

404 1641 587 1697 dictus
626 1648 710 1696 est
739 1657 863 1696 cum
888 1641 1096 1714 fugeret
1126 1641 1295 1697 David
1325 1658 1356 1698 a
1390 1643 1531 1699 facie
1552 1643 1850 1700 Absalonis
1882 1644 1977 1699 lilii

398 1733 483 1786 sui
517 1749 532 1800 ;
586 1747 826 1803 praesens
866 1747 1001 1789 vero
1032 1732 1251 1787 videtur
1297 1740 1423 1804 post
1448 1734 1600 1807 illum
1631 1736 1974 1802 enuntiatus,

2078 527 2479 609 ιδιοποιημένῳ
2530 540 2626 594 καὶ
2676 540 2805 604 τοὺς
2849 539 3198 612 πλατυσμους
3244 541 3449 611 ἁγίων·
3500 540 3673 610 ἁγίων

2078 626 2211 702 γὰρ,
2242 626 2397 700 φωνὴ
2429 629 2512 696 τὸ,
2547 630 2652 684 Ἑν
2677 629 2859 683 παντὶ
2886 631 3244 701 θλιϐόμενοι,
3275 632 3416 687 ἀλλ’
3438 632 3515 687 οὐ
3549 643 3674 684 0.8-

2078 726 2535 795 νοχωρούμενοι·
2558 724 2940 797 ἐπιστρέφοντι
2967 725 3027 780 δὲ
3056 726 3299 790 καὶτοὺς
3327 725 3447 779 ὅσοι
3460 723 3671 795 τυγχάο

2080 832 2233 870 νουσι
2254 814 2628 889 βαρυκάρδιοι,
2650 815 2778 881 τούς
2808 798 2865 870 τὶ
2887 816 3222 887 ἀγαπῶντας
3241 816 3313 871 τὰ
3342 817 3551 889 μάταια
3575 815 3672 871 καὶ

2080 907 2377 980 ζητοῦντας
2398 907 2462 961 τὸ
2488 905 2712 976 ψεῦδος.
2731 906 2806 960 Τδ
2822 907 2881 961 δὲ
2905 907 3200 980 μελῴδημα
3227 908 3379 980 παρά
3394 907 3498 978 τὴν
3526 905 3671 978 ᾠδὴν

2080 999 2223 1055 ἔοικε
2252 999 2448 1072 δηλοῦν
2475 999 2572 1055 καὶ
2606 999 2667 1053 τὸ
2705 998 2800 1053 τοῦ
2837 999 3101 1072 μυστικοῦ
3146 999 3356 1071 ῥυθμοῦ
3387 995 3667 1071 τεχνικὸνσ

2081 1091 2226 1146 κατά
2252 1091 2311 1146 δὲ
2331 1091 2625 1162 ἀναγωγὴν
2669 1088 2856 1163 ὀρθὴν,
2891 1090 3139 1146 πολιτεία
3168 1092 3307 1163 πρὸς
3339 1090 3500 1157 δόξαν
3531 1088 3669 1146 θεοῦ

2084 1184 2223 1255 μετά
2251 1184 2538 1257 δογμάτων
2572 1182 2744 1252 ὑγιῶν
2777 1183 2875 1239 καὶ
2900 1182 3075 1255 λόγων
3102 1181 3198 1237 καὶ
3225 1181 3436 1255 ἑτέροις
3460 1179 3667 1254 ὠφελί-

2094 1294 2232 1349 μων.

2163 1451 2267 1506 Ἐν
2293 1449 2375 1518 τῷ
2408 1451 2825 1508 ἐπικαλεῖσθαί
2842 1468 2940 1523 με,
2970 1450 3296 1520 εἰσήκουσέ
3316 1466 3437 1522 μου
3466 1454 3502 1508 ό
3522 1452 3669 1522 Θεὸς

2080 1541 2190 1610 τῆς
2227 1541 2623 1613 δικαιοσύνης
2653 1563 2790 1615 μου,
2823 1545 2895 1599 ἐν
2929 1546 3132 1614 θλίψει
3185 1541 3531 1611 emititur-dc
3563 1561 3669 1614 με.

2092 1628 2151 1681 '0
2176 1628 2276 1700 μὲν
2303 1631 2412 1702 πρὸ
2435 1630 2626 1687 τούτου
2658 1633 2873 1706 ψαλμὸς
2902 1634 3121 1702 ἐλέγετο
3164 1635 3224 1688 ὲν
3260 1633 3338 1706 τῷ
3369 1634 3669 1708 ἀποδιδρὰ-

2082 1736 2233 1775 σκειν
2254 1721 2420 1776 Δαυῒδ
2471 1723 2579 1778 ἀπὸ
2628 1724 2923 1797 προσώπου
2980 1724 3337 1797 Ἀϐεσσαλὼμ
3393 1726 3488 1781 τοῦ
3544 1726 3666 1782 υἱοῦ

396 1831 523 1892 post
551 1832 764 1893 partam
826 1824 1037 1881 scilicet
1083 1825 1151 1880 de
1182 1823 1459 1883 Absalone
1485 1826 1778 1884 victoriam
1812 1847 1825 1883 ε
1861 1845 1967 1899 quo

2074 1812 2237 1867 αὑτοῦ
2262 1833 2276 1847 ο
2306 1816 2335 1868 ὁ
2361 1814 2418 1868 δὲ
2445 1815 2636 1889 παρὼν
2663 1818 2837 1872 ἔοικεν
2870 1819 2994 1890 ἑξῆς
3025 1820 3221 1891 ἐκείνῳ
3247 1818 3502 1894 εἰρῆσθαι
3529 1821 3667 1892 μετά

396 1924 569 1983 gesto,
630 1915 1015 1985 triumphalem
1054 1915 1314 1988 hymnum
1368 1918 1654 1973 victoriam
1709 1920 1974 1991 praebenti

395 2003 505 2059 Deo
535 2016 843 2071 consecrat,
872 2014 1194 2075 praesentem
1234 2004 1484 2062 videlicet
1513 2010 1788 2078 psalmum
1820 2028 1836 2077 ;
1863 2027 1974 2083 quo

395 2095 660 2152 suadetur
688 2097 850 2152 nobis
888 2109 945 2151 ut
978 2112 1046 2152 ne
1077 2097 1251 2154 simus
1277 2099 1371 2155 Dei
1388 2115 1518 2172 erga
1550 2117 1653 2158 nos
1678 2102 1972 2158 benelicio-

394 2204 514 2243 rum
572 2189 945 2245 immemores.
980 2188 1173 2246 Merito
1226 2192 1392 2264 igitur
1416 2194 1473 2248 in
1500 2194 1673 2263 priori
1706 2194 1924 2251 dicebat
1955 2212 1969 2250 :

394 2280 639 2345 Domine,
673 2281 800 2353 quid
828 2281 1172 2351 multiplicati
1203 2294 1327 2340 sunt
1357 2290 1446 2357 qui
1479 2287 1741 2343 tribulam
1772 2305 1853 2344 me
1882 2289 1928 2321 “
1953 2306 1968 2357 ;

396 2372 450 2426 in
476 2373 579 2428 hoc
601 2385 803 2439 autem,
831 2376 885 2428 in
915 2375 1261 2433 tribulatione
1292 2378 1541 2434 dilatasti
1572 2397 1671 2436 me.
1691 2381 1816 2436 Haec
1839 2397 1972 2438 sane

394 2461 635 2533 loquitur
664 2464 732 2519 de
756 2467 1068 2523 calamitate
1100 2485 1197 2539 per
1216 2470 1546 2526 Absalonem
1579 2471 1893 2544 importata,
1915 2474 1970 2529 in

392 2569 525 2625 qua,
551 2561 675 2610 cuin
703 2555 871 2612 Deum
897 2561 1229 2630 invocasset,
1260 2565 1557 2636 propitium
1574 2576 1837 2638 expertus
1862 2576 1968 2633 est,

390 2657 465 2713 et,
501 2665 624 2705 cum
651 2662 874 2722 propter
908 2656 1165 2725 populum
1189 2664 1242 2712 et
1275 2667 1501 2729 propter
1536 2674 1722 2716 arcam
1754 2660 1969 2718 Domini

392 2742 446 2797 in
474 2746 738 2801 aerumnis
769 2746 1029 2818 degeret,
1062 2750 1299 2819 quietem
1331 2766 1395 2806 ac
1421 2751 1817 2821 dilatatioaem,
1848 2771 1970 2812 ces-

394 2843 552 2892 sante
587 2837 751 2903 bello,
785 2855 850 2894 ac
873 2839 1310 2912 profundissima
1342 2858 1478 2915 pace
1506 2861 1564 2902 se
1598 2858 1762 2918 atque
1792 2864 1968 2920 popu—

392 2927 504 2983 lum
546 2945 765 2987 omnem
792 2934 1133 3005 excipiente,
1184 2947 1383 2994 nactus
1429 2948 1533 2994 est.
1568 2937 1666 2994 Vel
1716 2941 1968 2997 fortassis

392 3018 507 3077 llaec
535 3023 669 3079 dicit
699 3026 994 3083 occasione
1022 3028 1210 3100 lapsus
1244 3046 1368 3086 cum
1403 3048 1572 3089 uxore
1595 3031 1761 3098 Urius,
1792 3035 1970 3090 rebel-

352 3106 357 3112 ’
389 3112 552 3170 lionis
587 3115 703 3179 lilii,
726 3126 779 3173 et
809 3120 1144 3191 reliquarum
1166 3122 1411 3177 omnium
1438 3124 1817 3180 calamitatum
1845 3139 1967 3197 quae

388 3204 566 3277 ipsum
600 3207 747 3265 domi
778 3212 1229 3282 excepeerum
1254 3215 1399 3270 enim
1448 3224 1671 3288 propter
1695 3218 1810 3274 hec
1842 3233 1962 3273 om-

388 3300 479 3353 nia
510 3315 631 3356 sese
684 3301 963 3358 amictioni
1016 3303 1319 3361 dedidisset
1351 3347 1366 3371 ,
1399 3307 1464 3362 ad
1498 3309 1876 3378 ptenitentiam
1909 3318 1964 3367 et

388 3390 792 3447 ronfessionem
824 3410 945 3449 sese
978 3398 1253 3461 vertisset,
1283 3407 1337 3455 et
1357 3400 1519 3470 quasi
1552 3403 1799 3458 certatim
1833 3420 1966 3474 sup-

387 3482 615 3553 plicium
666 3484 721 3539 in
757 3500 816 3540 se
844 3487 913 3541 de
939 3495 1165 3558 peccato
1190 3491 1540 3562 sumpsisset.
1567 3493 1800 3564 justitiaa
1829 3512 1963 3567 ope-

386 3576 541 3630 ribus
582 3575 964 3651 l‘ructibusquc
1014 3591 1161 3637 recte
1208 3582 1475 3639 l'actorun
1527 3586 1751 3656 Optimis
1793 3586 1963 3643 Deum

385 3669 735 3739 propitiatus,
772 3670 973 3727 bonam
1038 3683 1327 3731 assecutus
1377 3678 1823 3748 promissionem,
1855 3696 1962 3751 qua

386 3770 666 3831 permotus
697 3766 751 3818 in
784 3765 1112 3834 praecedenti
1149 3769 1359 3838 psalmo
1421 3771 1741 3843 prophetice
1778 3772 1958 3831 dixit:

388 3852 465 3908 Tu
494 3866 691 3922 autem,
732 3857 970 3923 Domine,
1001 3873 1271 3933 susceptor
1307 3882 1453 3920 meus
1491 3883 1568 3930 es,
1620 3867 1797 3938 gloria
1845 3885 1961 3924 mea

382 3956 432 4001 et
460 3952 704 4005 exaltant
753 3964 910 4022 caput
948 3971 1122 4009 meum
1149 3956 1216 4025 ”,
1251 3971 1315 4013 ac
1344 3968 1540 4015 cwtera
1566 3999 1583 4024 ,
1618 3976 1740 4032 quae
1790 3962 1959 4032 priori

384 4054 636 4097 sermone
672 4043 835 4098 allata
865 4054 994 4101 sunt
1028 4065 1043 4115 ;
1084 4056 1487 4120 consequenter
1519 4052 1573 4107 in
1607 4052 1757 4109 hisce
1779 4054 1961 4109 decla-

383 4141 467 4186 rat
502 4152 514 4188 :
553 4133 687 4189 Cum
742 4138 1072 4203 invocarem,
1127 4142 1399 4198 exaudivit
1432 4161 1513 4199 me
1542 4143 1686 4200 Deus
1727 4146 1962 4216 justitia:

381 4240 530 4288 mete,
563 4227 617 4280 in
669 4229 1011 4287 tribulatione
1034 4234 1279 4290 dilatasti
1314 4252 1414 4292 me.
1447 4235 1705 4294 Miserere
1758 4242 1881 4303 mei,
1910 4250 1961 4296 et

377 4316 573 4369 exaudi
599 4321 891 4375 orationem
922 4341 1113 4381 meam.
1137 4325 1201 4380 Et
1233 4329 1492 4398 primum,
1525 4332 1815 4389 exauditus
1833 4349 1959 4389 cum

380 4420 657 4463 mvocaret
676 4408 983 4479 Dominum,
1004 4432 1111 4471 non
1127 4420 1354 4490 erigitur
1369 4422 1504 4493 (25;,
1523 4439 1700 4496 neque
1714 4425 1768 4480 in
1787 4429 1961 4498 segni-

401 4497 505 4554 iem
528 4502 675 4556 cadit
710 4522 723 4559 :
756 4504 851 4560 sed
876 4509 1084 4572 statim.
1110 4510 1178 4569 de
1212 4514 1397 4570 futuro
1419 4517 1714 4582 sollicitus.
1757 4538 1956 4593 preca-

402 4604 468 4643 ur
501 4592 721 4657 iterum,
764 4611 962 4667 rogans
1010 4598 1178 4657 Deum
1234 4615 1496 4677 perpetuo
1523 4611 1629 4666 sibi
1673 4592 1789 4669 lore
1822 4631 1952 4686 pro-
1985 4603 2031 4662 ί)

376 4681 591 4750 pitiun.
616 4682 898 4757 Supplicat
914 4699 1092 4745 autem
1115 4696 1364 4750 exaudiri
1382 4714 1442 4754 se
1462 4715 1526 4754 ex
1548 4681 1950 4771 misericordia,

378 4785 486 4826 non
519 4788 585 4828 ex
633 4774 837 4834 debito.
892 4776 1119 4837 Etiamsi
1170 4787 1316 4842 enim
1370 4788 1477 4860 ipsi
1512 4792 1704 4849 aderat
1753 4796 1955 4868 aliquis

372 4863 603 4935 justitiae
631 4866 844 4926 fructus
877 4891 892 4940 ;
929 4884 984 4928 at
1024 4875 1129 4946 ipsi
1178 4895 1286 4935 non
1321 4884 1599 4943 conlidere
1625 4904 1686 4944 se
1711 4863 1949 4957 dicebat,

377 4956 471 5011 sed
502 4956 593 5013 Dei
629 4961 1022 5022 misericordiae
1043 4976 1097 5023 et
1132 4972 1597 5035 miserationibus.

374 5238 467 5307 qui
507 5253 799 5312 aggravata
834 5257 1016 5304 mente
1045 5261 1195 5319 sunt,
1238 5256 1490 5330 tardique
1519 5262 1587 5317 ad
1615 5267 1839 5323 verbum
1867 5271 1952 5326 di-

374 5334 560 5386 vinum
596 5335 948 5405 audiendum,
990 5358 1186 5414 graves
1218 5349 1386 5405 corde
1414 5356 1649 5424 vocavit,
1693 5360 1810 5416 sive
1851 5376 1948 5420 eos

371 5425 465 5495 qui
494 5430 833 5485 conscientia
873 5432 1136 5504 improbis
1164 5442 1591 5514 cogitationibus
1616 5461 1816 5509 onusta
1859 5471 1950 5512 es-

371 5525 516 5572 sent.
553 5518 704 5586 Quos
736 5524 906 5580 verbo
940 5528 1225 5589 incessens
1253 5536 1369 5592 ait:
1396 5536 1693 5612 Usquequo
1722 5545 1777 5600 in
1818 5560 1947 5617 pec-

370 5612 511 5667 catis
558 5620 757 5676 vestris
804 5628 1243 5695 perseverabitis,
1286 5647 1412 5687 cum
1459 5612 1834 5696 festinandum
1876 5642 1944 5699 ad

445 5771 489 5805 ⁸³
533 5770 577 5827 ll
608 5773 734 5832 Cor.
770 5794 851 5847 tv,
889 5779 941 5837 8.
1018 5783 1063 5817 “
1102 5784 1246 5843 Psal.
1285 5805 1381 5860 ιη,
1418 5792 1473 5852 Ξ.
1546 5794 1593 5829 ⁸³
1632 5796 1765 5854 ibid.
1802 5799 1855 5856 4.

2075 1905 2177 1976 τὴν
2205 1904 2346 1958 κατὰ
2371 1905 2465 1960 τοῦ
2492 1908 2845 1978 Ἀϐεσσαλὼμ
2865 1910 3053 1981 νίκηνσ
3093 1912 3214 1983 μεθ’
3242 1910 3303 1966 ὃν
3344 1909 3512 1981 ὖμνον
3543 1913 3668 1965 ὲπιο

2075 1998 2246 2050 νίκιον
2274 1997 2353 2069 τῷ
2382 1999 2642 2071 νικοποιῷ
2671 1999 2791 2072 Θεῷ
2818 2001 3103 2073 ἀνατίθησι
3135 2002 3228 2056 τὸν
3261 2002 3507 2074 παρόντα
3526 2002 3664 2072 ψαλ-

2078 2081 2198 2159 μὸν,
2223 2088 2290 2142 δι’
2316 2082 2378 2142 οὗ
2408 2089 2502 2143 καὶ
2521 2092 2685 2162 ἡμεῖς
2710 2092 3073 2164 παιδευόμεθα
3096 2094 3171 2166 μὴ
3197 2095 3531 2167 ἀμνημονεῖν
3554 2095 3665 2149 τῶν

2074 2177 2167 2232 τοῦ
2200 2177 2336 2232 Θεοῦ
2369 2181 2447 2244 είς
2489 2180 2638 2252 ἡμᾶς
2669 2181 3018 2253 εὐεργεσιῶν.
3058 2185 3297 2249 Εἰκότως
3332 2182 3426 2241 οὖν
3466 2187 3525 2240 ὲν
3562 2186 3665 2258 μὲν

2072 2270 2152 2342 τῷ
2181 2270 2288 2342 πρὸ
2315 2271 2506 2325 τούτου
2535 2272 2752 2342 ἔλεγεν*
2787 2276 2985 2344 Κύριε,
3010 2276 3069 2329 τί
3095 2276 3572 2347 ἐπληθύνθησαν
3607 2280 3664 2333 οι

2072 2360 2382 2427 θλίϐοντές
2404 2376 2520 2430 ps;
2543 2362 2599 2415 ὲν
2622 2362 2677 2416 δὲ
2699 2365 2903 2434 τούτῳ·
2942 2365 3046 2419 Ἐν
3076 2367 3281 2435 θλίψει
3314 2365 3655 2436 ἐπλάτυνάς

2067 2468 2163 2521 με.
2194 2451 2357 2521 Λέγει
2386 2452 2446 2506 δὲ
2482 2453 2655 2507 ταῦτα
2688 2456 2814 2527 περὶ
2861 2457 2958 2528 τῆς
2994 2457 3133 2511 κατά
3164 2459 3256 2512 τὸν
3307 2460 3662 2534 Ἀὗεσσαλὼμ

2075 2546 2389 2616 συμφορᾶςο
2420 2541 2542 2599 καθ⁴
2575 2545 2644 2618 ἢν
2672 2547 2764 2602 τὸν
2795 2548 2930 2603 Θεὸν
2950 2548 3442 2623 ἐπικαλεσάμενος,
3470 2552 3661 2625 ἔτυχεν

2073 2636 2236 2691 αὑτοῦ
2261 2638 2498 2710 ἐπηκόου
2518 2652 2533 2672 ο
2566 2656 2662 2695 και
2691 2638 2983 2712 γενόμενος
3008 2643 3065 2695 ὲν
3093 2641 3271 2714 θλίψει
3289 2643 3377 2698 διά
3399 2645 3490 2699 τὸν
3508 2644 3661 2713 λαὸν,

2072 2725 2168 2779 καὶ
2197 2725 2294 2797 τὴν
2329 2722 2561 2781 κιϐωτὸν
2589 2727 2686 2782 τοῦ
2713 2729 2870 2794 Θεοῦ,
2906 2732 3142 2798 ἀνέσεως
3174 2735 3267 2789 καὶ
3296 2737 3660 2807 πλατυσμοῦ

2070 2815 2277 2890 ⁴ηξιιὶιθη
2299 2860 2313 2883 ,
2351 2820 2707 2892 παυσαμένου
2750 2821 2849 2893 μὲν
2881 2822 2972 2878 τοῦ
3031 2825 3303 2898 πολέμου,
3345 2829 3569 2901 εἰρήνης
3601 2829 3661 2884 δδ

2073 2911 2380 2985 βαθυτάτης
2432 2916 2797 2991 διαλαὸούσης
2843 2922 3005 2976 αὐτόν
3055 2939 3116 2976 τε
3196 2926 3290 2979 καὶ
3337 2928 3513 2982 πάντα
3563 2927 3661 2981 τὸν

2070 3004 2217 3058 λαόν.
2250 3008 2319 3059 Ἢ
2350 3008 2524 3074 ἄλλως
2554 3010 2703 3081 λέγει
2726 3013 2902 3068 ταῦτα
2936 3015 3029 3069 ἐπὶ
3062 3015 3158 3070 τοῦ
3189 3017 3530 3089 πταίσματος
3553 3018 3658 3091 τῆς

2069 3097 2166 3151 τοῦ
2195 3099 2416 3171 Οὐρίου,
2445 3102 2540 3157 καὶ
2569 3105 2602 3174 ἡ
2630 3104 2725 3158 τοῦ
2749 3106 2866 3160 υἱοῦ
2899 3106 3286 3174 ἐπανάστασις,
3322 3111 3417 3164 καὶ
3451 3110 3520 3166 τὰ
3550 3111 3660 3165 λοι-

2066 3187 2143 3242 πὰ
2169 3189 2347 3246 πάντα
2370 3192 2439 3248 τά
2459 3195 2601 3250 κατὰ
2622 3196 2714 3250 τὸν
2731 3194 2877 3253 οἶκον
2894 3198 3043 3253 κακά
3064 3199 3100 3254 ἃ
3121 3200 3464 3274 συμϐέϐηκεν
3484 3202 3656 3275 αὐτῷ.

2079 3280 2202 3333 Ἐπὶ
2224 3282 2434 3348 τούτοις
2474 3286 2586 3358 γὰρ
2619 3290 2811 3345 ἑαυτὸν
2847 3290 3128 3356 κακώσας,
3161 3295 3420 3367 μετανοίᾳ
3461 3314 3522 3350 τε
3564 3298 3660 3351 καὶ

2065 3370 2449 3447 ἐξομολογήσει
2484 3379 2676 3434 ἑαυτὸν
2724 3383 3037 3456 παραδοὺς,
3096 3387 3192 3441 καὶ
3241 3386 3322 3460 τῷ
3352 3388 3659 3460 πταίσματι

2062 3462 2373 3532 ἐφαμίλλως
2402 3469 2593 3524 ἑαυτὸν
2632 3476 3113 3547 τιμωρησάμενος,
3149 3478 3334 3548 ἔργοις
3362 3497 3421 3534 τε
3452 3481 3660 3536 δικαιο-

2069 3551 2234 3627 σύνης
2271 3559 2366 3611 καὶ
2398 3563 2630 3633 καρποῖς
2654 3564 2878 3634 ἀγαθοῖς
2908 3569 3090 3640 πάσης
3120 3569 3369 3635 εὐποιίας
3398 3571 3491 3626 τὸν
3522 3572 3654 3625 Θεὸν

2066 3646 2407 3719 ίλασάμενος,
2437 3654 2530 3706 καὶ
2559 3654 2739 3727 τυχὼν
2769 3659 3104 3728 ἐπαγγελίας
3128 3662 3361 3733 ἀγαθῆς,
3388 3662 3458 3716 δι’
3480 3663 3550 3733 ἡν
3575 3662 3658 3735 τῷ

2063 3737 2170 3811 πρὸ
2199 3739 2390 3796 τούτου
2422 3743 2622 3818 ψαλμῷ
2653 3750 3008 3821 προφητικῶς
3020 3750 3171 3821 ἔλεγε
3190 3770 3206 3786 ο
3232 3754 3319 3808 Σὺ
3340 3753 3429 3823 δὲ,
3453 3757 3649 3824 Κύριε,

2061 3830 2444 3911 amatrixth
2487 3855 2603 3906 μου
2628 3840 2702 3907 εἷ,
2736 3839 2887 3906 δόξα
2911 3860 3033 3912 μου
3061 3845 3159 3899 καί
3199 3846 3375 3917 ὑψῶν
3398 3838 3513 3915 τήν
3553 3864 3652 3902 κει·

2060 3922 2270 4014 genitiv-
2291 3944 2433 3995 μου,
2456 3929 2550 3983 καὶ
2580 3930 2650 3986 τά
2680 3931 2842 3989 λοιπὰ
2874 3934 2977 3990 ὅσα
2999 3938 3238 4011 παρίστη
3270 3940 3300 3993 ὁ
3335 3940 3437 4014 πρὸ
3457 3940 3649 3996 τούτου

2059 4010 2237 4083 λόγος,
2271 4015 2582 4086 ἀκολούθως
2611 4021 2698 4076 διὰ
2740 4023 2848 4079 τῶν
2884 4010 3264 4100 προκειμένων
3299 4010 3498 4102 φησίν·
3546 4034 3653 4088 Ἐν

2060 4102 2140 4171 τῷ
2175 4107 2593 4166 ἐπικαλεῖσθαί
2621 4130 2699 4184 με
2738 4115 3070 4183 είσήκουσέ
3115 4138 3236 4190 μου
3276 4125 3312 4177 ὁ
3349 4122 3495 4191 Θεὸς
3534 4122 3649 4190 τῆς

2057 4193 2453 4267 δικαιοσύνης
2493 4219 2646 4270 μου,
2688 4204 2761 4259 ἐν
2799 4208 3001 4277 θλίψει
3042 4211 3385 4281 ἐπλάτυνάς
3414 4231 3511 4284 με.
3554 4218 3639 4270 οι.

2058 4286 2382 4355 κτείρησόν
2433 4306 2511 4359 με
2563 4294 2663 4348 καί
2709 4295 3080 4353 εἰσάκουσον
3132 4299 3246 4369 τῆς
3292 4303 3648 4376 προσευχῆς

2051 4394 2192 4446 μου.
2231 4380 2305 4433 Τὸ
2327 4381 2545 4454 πρῶτον
2570 4388 2931 4455 ἑπακουσθεὶς
2959 4392 3019 4445 ὲν
3044 4392 3124 4464 τῷ
3148 4394 3526 4451 ἐπικαλεῖσθαι
3553 4397 3651 4451 τὸν

2057 4468 2283 4542 Κύριον,
2305 4473 2407 4528 οὐκ
2440 4474 2723 4549 ἐπαίρεται
2751 4479 2873 4534 οὐδὲ
2896 4482 3310 4558 ἀπορρᾳθυμεί·
3341 4488 3456 4543 ἀλλ’
3480 4488 3645 4557 εὐθὺς

2060 4560 2190 4631 περὶ
2208 4561 2303 4616 τοῦ
2334 4564 2617 4634 μέλλοντος
2648 4571 2839 4643 χρόνου
2871 4575 3033 4629 πάλιν
3060 4576 3258 4643 δέεται,
3292 4580 3521 4634 πάντοτε
3548 4581 3648 4635 τὸν

2056 4650 2189 4705 θεὸν
2239 4653 2476 4725 ἐπήκοον
2528 4658 2673 4730 ἔχειν
2717 4665 3083 4737 παρακαλῶν*
3123 4670 3355 4730 ἱκετεύει
3397 4688 3458 4725 τε
3516 4674 3640 4727 κατ’

2054 4738 2234 4836 οἶκτον
2276 4746 2699 4823 ἔπακουσθῆναι,
2731 4754 2794 4809 οὐ
2845 4757 2967 4811 κατ’
3010 4758 3250 4832 ὀφειλὴν.
3294 4763 3359 4816 Et
3405 4762 3515 4836 γὰρ
3545 4764 3641 4818 καὶ

2052 4833 2237 4922 παρῆν
2268 4852 2353 4900 τις
2384 4839 2537 4912 αὐτῷ
2581 4843 2793 4916 καρπὸς
2824 4847 3202 4922 δικαιοσύνης,
3239 4851 3353 4906 ἀλλ’
3399 4833 3502 4908 οὐκ
3543 4856 3639 4910 ἐπὶ

2050 4920 2226 4995 τούτῳ
2268 4924 2488 4998 θαρσεῖν
2530 4929 2750 5001 ἔλεγενο
2795 4934 2911 4990 ἀλλ’
2959 4938 3054 4991 ἐπὶ
3081 4920 3158 5009 τῷ
3206 4939 3344 5013 ἐλέῳ
3397 4942 3639 5007 καὶτοῖς

2055 5013 2361 5085 οίκτιρμοῖς
2392 5017 2490 5071 τοῦ
2525 5018 2682 5077 Θεοῦ.

2125 5105 2243 5159 Υίοὶ
2280 5105 2625 5178 ἀνθρώπων,
2658 5111 2771 5181 ἕως
2807 5116 2955 5171 πότε
2988 5117 3381 5187 ,βαρυκάρδιοι
3402 5137 3422 5186 ;
3442 5122 3545 5176 ἵνα
3579 5119 3641 5177 τί

2055 5193 2322 5281 ἀγαπᾶτε
2358 5202 2753 5271 ματαιότητα,
2794 5208 2893 5262 καὶ
2947 5207 3168 5277 ζητεῖτε
3199 5211 3465 5281 ψεῦδοςῖ
3496 5213 3635 5279 Τοὺς

2184 5286 2426 5379 διανοιαν
2458 5297 2940 5367 πεπαχυμμένους,
2973 5301 3066 5355 καὶ
3098 5304 3227 5376 περὶ
3249 5304 3349 5378 τὴν
3386 5304 3635 5379 ὑπακοὴν

2053 5376 2149 5471 τοῦ
2175 5377 2320 5471 θείου
2364 5380 2522 5452 λόγου
2568 5384 2802 5458 βραδεῖς,
2834 5388 3233 5467 βαρυκαρδίους
3260 5376 3562 5470 ὠνόμασεν,

2052 5469 2180 5562 τοὺς
2213 5469 2619 5546 βεϐαρημένους
2646 5479 2707 5533 τὺ
2748 5483 2986 5550 συνειδὸς
3015 5482 3120 5541 ὑπὸ
3153 5469 3444 5562 μοχθηρῶν
3482 5469 3630 5561 λογιέ

2055 5560 2208 5630 σμῶν
2226 5577 2239 5591 °
2283 5562 2535 5635 πλήττων
2579 5569 2638 5623 δὲ
2677 5571 2902 5639 τούτους
2939 5575 3018 5648 τῷ
3055 5560 3197 5650 λόγῳ
3222 5560 3433 5652 ήιρηγσίν·
3486 5560 3632 5647 Ἕως

2053 5666 2182 5706 ποτε
2227 5656 2347 5722 ταῖς
2389 5659 2594 5715 ἑαυτῶν
2632 5662 2930 5739 ἁμαρτίαις
2968 5671 3349 5744 παραμένετε,
3379 5675 3630 5731 σπεύδειν
