3994 6448
187 391 280 448 ΜΒ
1291 388 1764 445 COMMENTARI.

1837 393 1908 446 ΙΝ
1938 393 2271 448 PSALMOS.
3294 406 3397 461 106

181 505 286 560 δέον
313 501 408 556 ἐπὶ
437 499 720 572 μετάνοιαν
751 499 848 554 καὶ
891 499 989 572 τήν
1025 501 1187 574 φίλην
1208 503 1296 574 -τῷ
1328 505 1448 576 Θεῷ
1490 487 1738 577 ἐξομολό-

1845 507 2219 578 ρωηῑιοηιίειη
2250 517 2305 566 et
2345 509 2412 564 ad
2453 507 2706 564 dilectam
2739 507 2849 562 Deo
2891 505 3286 565 confessionem
3324 524 3397 562 es-

184 611 355 667 γησινς
384 592 525 645 κατὰ
567 591 623 644 δὲ
674 589 772 662 τὴν
823 591 1085 664 ἱστορίαν,
1126 593 1299 647 ἔοικεν
1331 597 1359 648 ὁ
1388 595 1550 650 Δαυϊδ
1603 597 1740 669 πρὸς

1842 600 1966 655 set?
1993 601 2151 666 Quod
2185 601 2232 657 si
2264 601 2495 656 historia
2521 607 2818 670 spectetur,
2855 599 3071 655 videtur
3099 597 3268 654 David
3309 614 3403 654 eos

182 687 291 751 τοὺς
331 685 420 737 ἐπὶ
466 686 577 745 τοῖς
615 685 944 752 πειρασμοῖς
983 685 1078 738 καὶ
1110 687 1229 748 ταῖς
1255 689 1604 758 περιστάσεσι
1641 707 1737 743 τα-

1841 691 2065 761 alloqui,
2101 693 2197 763 qui
2239 691 2295 747 in
2327 690 2719 748 tentationibus
2744 699 2798 745 et
2833 690 2889 744 in
2919 690 3198 746 eventibus
3235 690 3401 747 variis

185 774 542 848 ραττομένους,
577 774 668 828 καὶ
699 773 1149 847 θορυϐουμένους,
1185 779 1278 832 καὶ
1319 780 1497 834 πάντα
1539 782 1738 852 μᾶλλον

1838 781 2151 846 turbantur,
2197 783 2488 853 omniaque
2507 780 2688 852 potius
2718 787 2906 851 agunt,
2945 794 3107 849 quam
3139 779 3204 834 ad
3233 777 3399 833 Deum

180 869 494 937 πράττοντας
529 865 560 935 ἢ
598 865 692 918 ἐπὶ
739 866 830 919 τὸν
869 866 1002 921 Θεὸν
1053 869 1530 940 καταφεύγοντας,
1565 875 1737 930 ταῦτα

1837 871 2179 944 confugiant.
2225 871 2366 939 Quid
2417 889 2577 944 opus,
2613 872 2809 942 inquit,
2847 870 3056 926 turbari
3103 885 3167 923 ac
3193 871 3399 924 tumul-

178 964 353 1031 λέγειν.
390 961 454 1013 Τί
484 959 589 1032 γάρ
630 960 736 1032 χρὴ
768 963 1052 1033 ταράττειν
1088 965 1182 1018 καὶ
1211 965 1590 1036 ταράττεσθαι,
1635 987 1737 1041 φη-

1836 965 1979 1018 tuari
2017 979 2116 1034 pro
2145 963 2463 1019 conditione
2491 963 2834 1035 temporum?
2868 960 3010 1028 Quid
3037 959 3189 1030 juvat
3220 975 3278 1016 se
3314 974 3402 1012 va-

179 1056 268 1116 clv,
300 1055 354 1104 ἐν
400 1055 517 1114 τοῖς
554 1055 964 1123 περιστατικοῖς
1007 1057 1256 1127 καιροῖς;
1285 1057 1348 1110 Τί
1389 1057 1445 1110 δὲ
1489 1058 1594 1130 χρὴ
1631 1078 1734 1131 μα-

1835 1055 1996 1110 nitati
2021 1055 2258 1122 tradere,
2289 1071 2322 1110 ο
2353 1056 2504 1127 gravi
2552 1057 2718 1112 corde
2754 1055 3037 1110 homines?
3065 1052 3204 1120 Quid
3248 1069 3400 1108 meu-

176 1143 394 1212 ταιότητι
439 1142 667 1206 ἑαυτοὺς
719 1142 1012 1209 ἐκδιδόναι,
1047 1138 1091 1197 ὦ
1125 1145 1478 1218 βαρυκάρδιοι
1507 1149 1731 1220 ἄνδρες;

1834 1143 2050 1198 dacium
2097 1159 2364 1214 quaerere,
2397 1145 2590 1199 relicta
2639 1143 2903 1198 veritate?
2929 1141 3071 1208 Quin
3111 1141 3292 1212 potius
3330 1155 3397 1194 ex

176 1234 230 1284 Τί
257 1232 308 1283 δὲ
348 1232 404 1284 τὸ
429 1231 624 1300 ψεῦδος
665 1233 930 1302 μετιέναι,
966 1236 1024 1288 τὸ
1073 1236 1272 1308 ἀληθὲς
1305 1239 1730 1309 καταλιπόντας;

1831 1233 1985 1290 hisce
2011 1233 2211 1299 edocti,
2246 1234 2416 1290 Deum
2460 1249 2525 1288 ac
2553 1233 2841 1288 Dominum
2882 1249 3004 1289 esse
3040 1233 3282 1287 omnium
3313 1231 3399 1285 in-

187 1323 324 1375 Ἀλλά
356 1322 462 1393 γάρ
498 1322 748 1377 ἐντεῦθεν
793 1324 1076 1395 μαθόντες,
1111 1328 1192 1382 ὅτι
1234 1328 1365 1393 Θεὸς
1405 1330 1502 1383 καὶ
1529 1329 1734 1402 Κύριός

1833 1337 2139 1399 spectorem
2190 1342 2254 1381 ac
2302 1327 2723 1390 moderatorem,
2761 1327 2854 1396 qui
2897 1327 3104 1379 nullum
3155 1339 3394 1394 unquam

175 1417 302 1468 ἐστιν
331 1417 358 1468 ὁ
386 1415 495 1467 τῶν
525 1415 661 1468 ὅλων
685 1415 880 1488 ἔφορος
917 1418 1010 1471 καὶ
1049 1423 1371 1496 προνοητὴς,
1403 1425 1431 1476 ὁ
1462 1423 1731 1495 μηδέποτε

1831 1425 2151 1474 sanctorum
2191 1433 2414 1472 suorum
2461 1417 2686 1482 deserit,
2737 1415 2831 1470 sed
2877 1415 3147 1470 mirabilia
3182 1429 3398 1484 semper

175 1505 490 1560 καταλείπων
527 1506 706 1560 πάντα
746 1508 891 1560 ὅσιον
927 1507 1125 1572 αὑτοῦ,
1163 1509 1278 1562 ἀλλ’
1308 1511 1396 1563 ἀεὶ
1443 1510 1731 1582 θαυμαστὰ

1829 1508 2044 1563 illorum
2077 1524 2244 1564 causa
2273 1507 2449 1573 efﬁcit,
2479 1517 2667 1563 curate
2703 1523 2802 1563 vos
2825 1507 2927 1576 ipsi
2955 1515 3014 1560 ut
3043 1508 3214 1562 sancti
3250 1507 3394 1570 sitis,

176 1601 248 1652 ἐπ’
271 1597 410 1668 αὐτῷ
435 1597 674 1662 δεικνὺς,
719 1598 1050 1662 σπουδάζετε
1083 1600 1175 1652 καὶ
1212 1599 1367 1653 αὐτοὶ
1405 1600 1540 1654 ὅσιοι
1577 1601 1731 1670 γενέ-

1830 1597 2072 1668 apprime
2093 1598 2270 1669 gnari,
2303 1596 2592 1652 Dominum
2621 1596 2800 1661 vobis,
2830 1595 3053 1666 perinde
3078 1603 3241 1664 atque
3262 1596 3394 1649 mihi

177 1691 302 1754 σθαι,
335 1686 391 1743 εὖ
439 1689 536 1742 καὶ
579 1690 822 1762 ἀκριϐῶς
867 1690 1085 1756 εἰδότες,
1113 1692 1194 1744 ὅτι
1225 1691 1316 1746 καὶ
1355 1690 1508 1762 ὑμῶν
1541 1691 1729 1765 ὥσπερ

1829 1689 2122 1760 propitium
2153 1687 2292 1754 fore,
2329 1689 2375 1744 si
2401 1687 2621 1758 quando
2652 1686 2718 1740 ad
2763 1687 2940 1757 ipsum
2977 1687 3304 1741 clamabitis.
3335 1684 3394 1741 Si

175 1779 253 1838 οὖν
281 1783 368 1836 καὶ
413 1782 552 1854 ἐμοῦ
595 1780 762 1836 αὐτοῦ
819 1782 1023 1854 Κύριος
1081 1783 1496 1845 είσακούσεται,
1550 1785 1607 1837 ὲν
1651 1785 1728 1855 τῷ

1831 1787 2011 1833 autem
2043 1794 2141 1833 vos
2174 1777 2436 1832 Dominus
2484 1777 2810 1840 exaudierit,
2847 1777 2996 1830 nulla
3040 1777 3270 1831 ulterius
3297 1791 3395 1831 vo-

176 1872 474 1943 κεκραγέναι
513 1872 649 1944 πρὸς
676 1873 856 1926 αὐτόν.
895 1873 1326 1938 Ἐπακούσαντος
1357 1875 1414 1928 δὲ
1448 1875 1602 1946 ὑμῶν
1631 1875 1724 1930 τοῦ

1826 1868 1912 1923 bis
1940 1867 2248 1924 sollicitudo
2277 1869 2462 1937 fuerit,
2490 1884 2614 1924 cum
2643 1869 2764 1938 ejus
2789 1869 3052 1923 auxilium
3076 1869 3229 1924 vobis
3255 1869 3396 1925 scia-

174 1965 355 2036 Κυρίου
381 2004 396 2028 ,
455 1964 616 2018 οὐδὲν
653 1963 734 2018 δεῖ
785 1963 968 2017 λοιπὸν
1032 1967 1335 2036 μεριμνᾷν,
1398 1964 1618 2036 ἔχοντας
1665 1967 1726 2020 τὸ

1828 1961 1898 2016 tis
1943 1961 2280 2018 adfuturum.
2326 1960 2511 2018 Gloria
2563 1971 2744 2019 autem
2795 1963 2964 2017 divini
3015 1964 3165 2018 verbi
3194 1963 3397 2021 fuerint

174 2056 382 2126 ἀσφαλὲς
409 2056 523 2109 ἀπὸ
559 2057 658 2128 τῆς
695 2057 824 2128 παρ’
860 2056 1024 2110 αὐτοῦ
1069 2057 1337 2128 βοηθείας.
1372 2058 1508 2124 Δόξα
1542 2077 1601 2112 τε
1629 2059 1724 2112 τοῦ

1827 2051 1921 2105 lilii
1954 2053 2260 2118 hominum,
2290 2052 2445 2122 juxta
2467 2053 2716 2124 Aquilam
2743 2061 2798 2108 et
2825 2051 3246 2126 Symmachum;
3269 2067 3394 2107 nam

174 2146 296 2199 θείου
324 2145 478 2214 λόγου
536 2140 644 2198 εἷεν
672 2145 737 2200 ἂν
771 2146 818 2199 oi
850 2146 955 2198 υἱοὶ
981 2146 1090 2199 τῶν
1122 2145 1423 2218 ἀνθρώπων
1455 2147 1594 2201 κατά
1634 2148 1725 2203 τὸν

1824 2139 2021 2211 Aquila
2050 2143 2128 2197 sic
2163 2143 2361 2197 habet:
2393 2141 2688 2212 Usquequo,
2717 2143 2936 2212 gloriosi
2971 2143 3115 2199 mei?
3146 2140 3397 2214 Symma-

186 2235 384 2289 ’Δκύλαν
415 2235 516 2288 καὶ
537 2234 828 2306 Σύμμαχον
857 2237 954 2306 (1)⁶
979 2238 1008 2289 ὁ
1042 2236 1140 2308 μὲν
1161 2239 1267 2309 γὰρ
1302 2237 1548 2302 Ἀκύλας·
1573 2240 1724 2306 "Em;

1825 2231 1965 2288 chus
1996 2247 2163 2288 vero:
2197 2231 2490 2303 Usquequo,
2512 2233 2687 2302 gloria
2719 2235 2880 2288 nica?
2907 2231 3157 2288 videlicet
3177 2240 3396 2304 pr0pter

173 2329 312 2392 πότε,
337 2333 387 2382 ol
412 2327 660 2392 ἔνδοξοί
678 2343 832 2397 you;
861 2329 888 2380 ὁ
909 2327 964 2381 δὲ
992 2328 1302 2400 Σύμμαχοςο
1330 2329 1481 2396 ’Έως
1505 2333 1668 2394 πότε,
1685 2332 1723 2400 ἡ

1826 2321 2062 2374 animam
2107 2320 2446 2393 intelligendi
2478 2321 2528 2375 vi
2565 2320 2847 2391 praeditam
2894 2331 2949 2378 et
2993 2323 3393 2385 rationabilem,

173 2418 300 2482 δόξα
319 2435 464 2488 μου;
503 2417 592 2471 διὰ
624 2416 723 2488 τὴν
758 2419 815 2470 ὲν
849 2418 1034 2482 αὐτοῖς
1067 2419 1260 2490 νοερὰν
1288 2418 1465 2492 ψυχὴν
1512 2420 1604 2474 καὶ
1637 2419 1724 2474 λο-

1825 2411 1893 2466 ad
1942 2412 2236 2484 imaginem
2289 2412 2386 2468 Dei
2432 2411 2653 2468 factam.
2703 2413 2916 2480 Quibus
2963 2413 3053 2468 hic
3105 2415 3397 2484 exprobrat

176 2510 312 2581 γικὴν
346 2509 438 2580 τὴν
484 2511 611 2564 κατ’
641 2511 824 2566 εἰκόνα
866 2511 960 2565 τοῦ
996 2509 1130 2565 Θεοῦ
1175 2511 1565 2584 πεποιημένην.
1616 2511 1723 2578 Οὒς

1822 2498 2131 2564 Psalmista.
2167 2517 2389 2573 eosque,
2440 2509 2627 2572 utpote
2659 2503 2728 2557 ad
2783 2503 2967 2573 pejora
3003 2519 3213 2567 versos,
3245 2503 3395 2573 gravi

178 2601 255 2653 ἐπὶ
282 2600 335 2654 τὸ
360 2604 537 2674 χεῖρον
569 2603 795 2667 ἑαυτοὺς
819 2603 1238 2676 διαστρέφοντας
1265 2606 1294 2657 ό
1333 2603 1489 2674 λόγος
1514 2605 1724 2658 ἐπονει-

1823 2592 1981 2648 corde
2016 2593 2284 2658 homines,
2329 2609 2392 2648 ac
2438 2595 2576 2651 ﬁlios
2609 2594 2894 2649 hominum
2927 2604 3120 2662 vocat;
3161 2611 3300 2664 quos
3332 2595 3388 2650 ll-

175 2692 756 2762 δίζει,,ϐαρυκαρδίους
777 2694 976 2758 καλῶν,
994 2694 1089 2748 καὶ
1104 2694 1403 2765 ἀνθρώπων
1420 2693 1588 2758 υἱούς
1606 2693 1722 2748 δέον

1821 2683 1925 2739 lios
1972 2698 2095 2739 esse
2138 2683 2231 2740 Dei
2272 2686 2622 2752 oportuisset,
2663 2687 2819 2756 juxta
2865 2685 2998 2741 illud
3033 2703 3046 2741 :
3076 2685 3189 2756 Ego
3230 2685 3346 2740 dixi
3371 2700 3391 2740 :

177 2779 293 2838 εἶναι
315 2785 454 2848 υἱοὺς
485 2784 650 2852 Θεοῦ,
685 2785 828 2840 κατά
849 2785 906 2838 τό
927 2803 939 2815 ο
979 2785 1126 2856 Ἐγὼ
1153 2783 1326 2840 εἷπον
1344 2802 1358 2816 ·
1396 2786 1530 2840 Θεοί
1557 2784 1718 2852 ἐστε,

1221 2803 1326 2840 mor
1344 2802 1358 2816 ·
1396 2786 1530 2840 Θεοί
1557 2784 1718 2852 ἐστε,
1821 2774 1914 2831 Dii
1932 2778 2078 2842 estis,
2101 2785 2149 2832 et
2171 2777 2273 2847 ﬁlii
2293 2777 2504 2834 Excelsi
2534 2797 2710 2834 omnes
2733 2779 2798 2834 “.

177 2873 256 2926 καὶ
289 2873 396 2926 vlol
434 2875 725 2943 Ὑψίστου
751 2873 992 2940 πάντες.

233 2962 329 3014 Kal
355 2961 561 3033 γνῶτε,
591 2963 681 3016 ὅτι
717 2963 1143 3034 ἐθαυμάστωσε
1161 2964 1377 3032 Κύριος
1409 2963 1516 3019 τὸν
1549 2964 1722 3019 ὅσιον

1893 2953 2060 3008 Vens.
2092 2953 2146 3008 4.
2191 2953 2262 3008 Et
2303 2955 2489 3008 scitote
2529 2955 2778 3024 quoniam
2809 2953 3393 3023 miriﬁcavitbominus

173 3051 350 3106 αὑτοῦ.
385 3053 440 3106 '0
469 3055 762 3125 προφήτης
791 3055 916 3126 περὶ
947 3053 1181 3128 Χριστοῦ
1211 3054 1447 3108 διδάσκει
1473 3056 1641 3127 ἡμᾶς,
1663 3056 1722 3119 ὃς

1824 3053 2067 3101 sanctum
2088 3061 2265 3101 suum.
2307 3049 2383 3099 De
2408 3043 2630 3100 Christo
2672 3059 2775 3099 nos
2805 3042 3074 3114 Propheta
3115 3045 3392 3106 admonet.

174 3141 297 3193 ἐστιν
345 3142 766 3214 ἀληθὴςοὸσιος,
810 3143 952 3198 κατά
1005 3143 1065 3197 τὸ
1121 3144 1409 3217 εἰρημένον
1457 3145 1516 3199 ἐν
1549 3145 1627 3218 τῷ
1662 3152 1720 3198 ιε’

1823 3133 1918 3206 qui
1965 3147 2127 3189 verus
2164 3141 2387 3188 sanctus
2434 3139 2541 3195 est,
2589 3139 2651 3185 ut
2690 3132 2745 3186 in
2783 3133 2996 3202 psalmo
3029 3149 3096 3187 xv
3138 3133 3391 3200 habetur,

173 3231 373 3305 ψαλμῷο
405 3203 590 3288 καινοί
632 3203 918 3288 ἀπόστολοι
952 3235 1007 3291 δὲ
1035 3203 1456 3309 ἐμαρτόρησαν,
1490 3237 1566 3301 ὡς
1597 3203 1724 3308 περὶ

1824 3203 1985 3297 quem
2019 3225 2198 3280 locum
2246 3223 2611 3280 testiﬁcantur
2660 3223 2892 3294 apostoli
2923 3223 2990 3280 de
3012 3223 3234 3281 Christo
3268 3241 3395 3296 pro-

172 3327 375 3398 Χριστοῦ
407 3329 890 3401 προφητευομὲνου
915 3330 1163 3399 λέγοντες
1200 3329 1452 3403 εἰρῆσθαι
1477 3330 1568 3394 τὸ,
1602 3331 1723 3384 οὐκ

1823 3319 2039 3393 phetice
2087 3317 2524 3387 intelligendum,
2565 3319 2864 3375 videlicet:
2899 3319 3024 3374 Non
3064 3320 3389 3392 derelinques

171 3418 596 3490 ἐγκαταλείψεις
638 3419 752 3490 τὴν
800 3421 1014 3490 ψυχήν
1052 3439 1172 3491 μου
1208 3425 1294 3487 εὶς
1346 3421 1538 3490 ᾅδην,
1581 3421 1723 3476 οὐδὲ

1825 3412 2058 3466 animam
2094 3426 2263 3464 meam
2293 3410 2346 3462 in
2398 3410 2628 3480 inferno,
2673 3427 2765 3464 nec
2794 3409 2946 3466 dabis
2978 3423 3215 3466 sanctum
3242 3423 3391 3466 tuum

171 3508 352 3578 δώσεις
375 3512 479 3566 τὸν
504 3512 680 3567 ὅσιόν
712 3529 828 3566 σου
856 3512 1004 3567 ἰδεῖν
1023 3513 1370 3583 διαφθοράν.
1403 3515 1635 3569 Δυνατὸν
1665 3515 1722 3568 δὲ

1820 3504 1992 3560 videre
2019 3504 2402 3571 corruptionem
2419 3503 2487 3558 ".
2512 3501 2657 3558 Fieri
2684 3511 2868 3559 tamen
2890 3512 3067 3574 potest
3087 3514 3144 3559 ut
3172 3503 3239 3559 de
3267 3521 3393 3560 san-

173 3603 249 3655 καὶ
277 3606 393 3676 περὶ
421 3603 626 3668 παντὸς
657 3604 803 3658 ὁσίου
834 3605 1181 3659 διδάσκεσθαι
1219 3607 1386 3676 ἡμᾶς.
1424 3608 1498 3660 Οὐ
1525 3607 1720 3661 ταυτὸν

1821 3606 1910 3651 cto
1937 3596 2182 3666 quolibet
2219 3596 2310 3650 hic
2351 3595 2666 3651 doceamur.
2709 3595 2898 3667 Neque
2941 3605 3122 3652 tamen
3153 3597 3389 3668 idipsum

171 3691 340 3746 δέὲστι
380 3694 706 3759 πιστεῦσαι,
753 3694 842 3748 ὅτι
886 3695 1312 3765 ἐθαυμὰστωσε
1365 3699 1575 3766 Κύριος
1614 3697 1722 3750 τὸν

1820 3697 1906 3743 est
1947 3690 2191 3754 credere,
2221 3690 2472 3759 quoniam
2511 3690 2816 3759 miri/icavit
2846 3690 3107 3745 Dominus
3147 3701 3388 3745 sanctum

172 3785 317 3837 ὅσιον
345 3786 554 3849 αὑτοῦ,
596 3788 690 3840 καὶ
721 3787 942 3856 γνῶναι,
981 3787 1056 3852 ῶς
1088 3789 1210 3842 οὐδὲ
1255 3790 1452 3842 ταυτόν
1502 3791 1619 3842 ἐστι
1651 3792 1716 3860 τῇ

1821 3796 1997 3844 suum,
2049 3795 2114 3834 ac
2145 3796 2473 3852 cognoscere
2529 3797 2638 3836 non
2665 3782 2807 3837 idem
2858 3797 2981 3838 esse
3028 3783 3250 3838 credere
3301 3799 3393 3838 ve-

171 3872 365 3946 ἀληθεία
398 3874 725 3941 πιστεῦσαι,
775 3878 867 3930 καὶ
913 3877 1114 3945 γνῶναι
1149 3879 1246 3950 τὴν
1279 3878 1536 3950 ἀλήθειαν
1558 3919 1572 3944 ,
1628 3881 1721 3933 καὶ

1819 3873 1988 3940 ritati,
2019 3880 2073 3929 et
2100 3889 2264 3930 nosse
2287 3875 2604 3942 veritatem;
2633 3882 2688 3930 et
2720 3874 2943 3932 credere
2972 3875 3102 3944 Deo,
3137 3891 3201 3931 ac
3229 3891 3391 3933 nosse

175 3963 425 4017 πιστεῦσαι
456 3962 540 4034 τῷ
560 3963 677 4036 Θεῷ
707 3966 800 4018 καὶ
821 3965 1022 4034 γνῶναι
1049 3967 1139 4020 τὸν
1159 3967 1309 4020 Θεόν.
1340 3969 1404 4020 Οἱ
1433 3967 1719 4021 ἀπόστολοι

1820 3964 2011 4022 Deum.
2041 3966 2286 4038 Apostoli
2321 3977 2472 4024 certe
2513 3967 2730 4023 veritati
2772 3968 3099 4035 credebant;
3131 3969 3226 4024 sed
3257 3970 3387 4024 dum

174 4047 247 4104 οὖν
273 4057 334 4124 τῇ
363 4055 590 4127 ἀληθείᾳ
621 4056 902 4110 ἐπίστευον
922 4074 934 4085 ³
972 4057 1084 4110 ἀλλ’
1117 4058 1177 4110 οὑ
1232 4073 1447 4121 παντως
1478 4060 1567 4112 ὅτε
1599 4057 1719 4111 ἐπί-

1820 4060 2126 4124 crederent,
2155 4075 2262 4115 non
2295 4075 2522 4131 prorsus
2551 4061 2852 4117 noscebant
2881 4060 3050 4114 illam.
3082 4059 3214 4126 Quae
3248 4061 3386 4115 dici-

177 4160 334 4198 στευον
372 4146 704 4216 ὲγνώκεισαν
737 4150 925 4220 αὐτήν.
984 4148 1278 4213 Ἀπόδειξις
1325 4149 1382 4202 δὲ
1425 4149 1532 4202 τῶν
1567 4153 1718 4220 εἰρη-

1819 4165 1942 4206 mus
1970 4151 2140 4221 probe
2160 4159 2660 4205 commonstrantur
2690 4167 2759 4206 ex
2788 4151 2894 4206 hoc
2917 4149 3195 4221 Evangelii
3227 4151 3347 4205 loco
3373 4170 3385 4204 :

177 4235 328 4302 μένων
371 4237 428 4289 τὸ
458 4239 812 4306 Εὑαγγέλιον,
855 4239 982 4292 ἔνθα
1007 4240 1254 4312 εἴρηται*
1299 4240 1442 4294 Ἐὰν
1476 4241 1719 4310 μείνητε

1821 4240 1881 4296 Si
1910 4243 2212 4296 manseritis
2239 4243 2292 4296 in
2315 4258 2550 4296 sermone
2573 4259 2706 4305 meo,
2744 4259 2855 4296 vere
2875 4242 3124 4309 discipuli
3155 4243 3257 4296 mei
3284 4243 3390 4296 eri-

173 4322 229 4375 ὲν
252 4324 321 4389 τῷ
353 4325 471 4395 ἐμῷ
505 4327 681 4395 λόγῳ,
722 4327 958 4396 ἀληθῶς
990 4331 1250 4398 μαθηταί
1269 4331 1387 4400 μού
1415 4330 1586 4397 ἐστε,
1621 4331 1718 4386 καὶ

1822 4334 1910 4398 tis,
1931 4343 1980 4387 et
2003 4335 2320 4404 cognoscetis
2346 4335 2637 4395 veritatem,
2667 4343 2716 4387 et
2741 4334 2934 4388 veritas
2956 4333 3200 4387 liberabit
3219 4350 3306 4387 vos
3320 4333 3385 4388 “.

171 4416 445 4484 γνώσεσθε
475 4419 593 4488 τὴν
617 4419 924 4488 ἀλήθειαν,
962 4421 1060 4474 καὶ
1105 4424 1144 4490 η
1183 4421 1432 4489 ἀλήθεια
1483 4423 1714 4478 ἐλευθε-

1819 4426 2059 4482 Credunt
2087 4427 2254 4493 enim,
2281 4427 2481 4496 inquit,
2517 4427 2757 4491 veritati,
2792 4436 2852 4481 ut
2877 4435 3215 4498 cognoscant
3247 4426 3389 4482 veri-

171 4508 319 4575 ρὼσει
351 4512 529 4580 ὑμᾶς.
576 4515 894 4568 Πιστεύουσι
921 4515 1028 4587 γὰρ
1062 4518 1129 4586 τῇ
1167 4514 1414 4586 ἀληθείᾳ,
1455 4517 1608 4586 φησὶ,
1654 4516 1712 4568 τὸ
1747 4583 1748 4591 γ

1819 4524 1984 4571 tatem
2029 4533 2227 4581 :nam,
2299 4518 2598 4572 secundum
2673 4517 3004 4588 prophetas,
3057 4517 3388 4573 credendum

174 4601 443 4668 γνώσεσθαι
499 4606 596 4680 τὴν
625 4608 908 4678 ἀλήθειαν·
945 4610 1086 4663 κατά
1127 4609 1236 4680 γὰρ
1283 4609 1406 4671 τοὺς
1435 4608 1716 4679 προφήτας

1820 4607 1973 4678 prius
2015 4616 2101 4664 est
2135 4624 2296 4678 quam
2329 4609 2697 4679 intelligamus
2739 4617 2792 4664 et
2814 4610 3128 4681 loquamur,
3173 4608 3391 4665 dicente

176 4695 431 4750 πιστεῦσαι
467 4697 548 4750 δεῖ
589 4701 717 4770 πρὶν
762 4699 996 4754 συνιέναι
1041 4701 1135 4754 καὶ
1186 4699 1441 4772 λαλῆσαν
1481 4699 1574 4752 τοῦ
1617 4699 1716 4770 μὲν

1819 4698 1957 4753 Isaia
1988 4720 2002 4754 :
2058 4701 2122 4757 Si
2165 4717 2270 4754 non
2317 4700 2666 4765 credideritis,
2701 4717 2862 4772 neque
2895 4701 3198 4771 intelligetis
3219 4701 3304 4768 ιτς
3336 4708 3392 4756 et

184 4781 373 4841 Ἦσαῖου
409 4790 684 4860 λέγοντος·
739 4793 881 4846 Ἐὰν
917 4791 1002 4862 μὴ
1048 4797 1442 4862 πιστεύσητε,
1486 4792 1612 4848 οὐδ’
1645 4794 1716 4847 οὐ

1822 4787 2024 4846 Davide
2053 4808 2066 4845 :
2101 4788 2338 4858 Credidi,
2369 4799 2580 4858 propter
2619 4790 2756 4860 quod
2793 4790 2996 4845 locutus
3014 4805 3134 4845 sum
3148 4789 3215 4848 ⁸⁸.
3232 4789 3389 4857 Quod

175 4873 242 4942 μὴ
277 4878 524 4947 συνῆτε·
572 4880 664 4933 τοῦ
707 4880 764 4934 δὲ
800 4882 992 4934 Aaui‘d'
1044 4883 1428 4948 Ἐπίστευσα,
1453 4883 1543 4936 διὸ
1575 4881 1715 4937 ἑλά-

1822 4888 2002 4935 autem
2032 4880 2328 4936 discrimen
2358 4880 2431 4936 sit
2465 4880 2606 4935 inter
2631 4879 2800 4936 Deum
2842 4895 3006 4937 nosse
3035 4890 3091 4936 et
3130 4881 3240 4937 Deo
3271 4897 3389 4937 cre-

83 4991 88 4997 -
176 4966 333 5033 λησα.
360 4971 476 5023 Ὀτι
505 4971 562 5024 δὲ
589 4971 650 5024 τὸ
693 4970 981 5039 γινώσκειν
1012 4973 1104 5026 τὸν
1147 4973 1278 5026 Θεὸν
1308 4972 1402 5025 τοῦ
1444 4973 1660 5026 πιστεύε

1821 4971 1969 5036 dere,
2014 4973 2068 5025 in
2100 4972 2325 5042 psalmis
2363 4972 2694 5028 describitur
2736 4973 2822 5028 his
2853 4972 3076 5028 verbis:
3119 4973 3314 5028 Vacate
3337 4983 3387 5027 et

179 5055 302 5128 αὐτῷ
329 5059 590 5134 διαφέρει,
639 5063 696 5114 ὲν
741 5066 855 5126 τοῖς
905 5063 1152 5133 Ψαλμοῖς
1183 5062 1596 5134 ἀναγέγραπται
1627 5063 1715 5117 διὰ

1821 5063 1988 5118 videte
2014 5063 2261 5133 quoniam
2293 5081 2385 5134 ego
2413 5080 2528 5118 sum
2559 5061 2696 5116 Deus
2722 5057 2768 5090 "
2797 5083 2811 5118 :
2845 5079 2953 5119 non
2985 5064 3134 5118 enim
3167 5065 3280 5119 hazc
3305 5066 3387 5118 lo-

175 5145 274 5212 rm'i,
318 5151 662 5218 Σχολάσατε
690 5154 787 5207 καὶ
823 5151 1029 5223 γνῶτε,
1057 5155 1146 5209 ὅτι
1186 5155 1298 5225 ἐγώ
1328 5157 1444 5225 ειμι
1479 5160 1511 5210 ὀ
1542 5158 1715 5223 Θεός·

1821 5155 2005 5226 quitur
2034 5171 2145 5211 non
2177 5155 2530 5212 credentibus
2559 5175 2573 5211 :
2609 5155 2805 5211 Vacate
2845 5167 2894 5211 et
2940 5158 3105 5211 uidete
3135 5159 3386 5222 quoniam

178 5237 226 5289 οὗ
247 5241 344 5312 γὰρ
366 5247 473 5310 soi;
503 5245 790 5299 ἀπιστοῦσι
817 5263 948 5317 φησι
968 5263 981 5277 ο
1014 5246 1356 5306 Σκ>λάσατε
1384 5249 1482 5302 καὶ
1511 5247 1716 5317 γνῶτε,

1818 5263 1909 5318 ego
1936 5264 2053 5302 sum
2096 5246 2262 5304 Deus.
2322 5251 2460 5307 Cum
2513 5251 2698 5321 itaque
2742 5264 2842 5305 nos
2879 5265 3060 5304 sermo
3088 5250 3156 5305 ad
3195 5251 3385 5320 cogni.

181 5327 250 5381 ὅτι
273 5332 377 5401 ἐγώ
409 5339 524 5406 ειμι
558 5342 592 5393 ὁ
621 5340 786 5406 Θεός.
826 5339 948 5392 Ἐπὶ
979 5341 1178 5408 γνῶσιν
1206 5336 1299 5394 οὖν
1327 5342 1474 5412 ἡμᾶς
1501 5343 1530 5394 ὁ
1561 5341 1718 5408 λόγος

1818 5340 2023 5396 tionem
2051 5349 2261 5410 evocat,
2283 5340 2490 5398 indicat
2520 5343 2681 5398 simul
2714 5343 2872 5413 cujus
2907 5344 2983 5398 rei
3009 5344 3258 5397 notitiam
3287 5356 3387 5396 nos

183 5425 581 5500 προκαλούμενος
615 5431 904 5485 ὑποϐάλλει
945 5433 1040 5485 καὶ
1063 5431 1161 5504 τὴν
1188 5433 1332 5496 τίνος
1359 5432 1558 5502 γνῶσιν
1588 5435 1718 5487 ἀνα-

1821 5433 2037 5506 assequi
2065 5442 2344 5507 Oporteat;
2370 5433 2624 5489 videlicet
2665 5433 2943 5488 mirabiles
2972 5431 3110 5488 ellici
3140 5439 3381 5496 sanctos.

238 5577 427 5638 “Psal.
459 5583 711 5650 unl,6.
790 5584 994 5640 "Psal.
1026 5603 1092 5641 xv
1115 5627 1128 5650 ,
1167 5589 1247 5643 l0.
1292 5588 1338 5620 “
1359 5587 1654 5655 Joan.vm,
1685 5589 1868 5656 51,32.
1911 5593 1952 5622 "’
1993 5590 2094 5644 lsa.
2127 5607 2227 5657 vn,
2262 5592 2316 5647 9.
2349 5591 2394 5624 ’⁵⁸
2423 5590 2569 5646 Psal.
2601 5603 2725 5656 cxv,
2754 5590 2840 5644 lO.
2905 5590 2948 5622 δ’
2975 5589 3250 5654 Psal.xt.v,
3295 5588 3382 5644 Il.

237 5781 302 5851 (Ι)
336 5784 391 5840 ln
430 5786 690 5846 llebraico
717 5792 912 5862 legitur
935 5798 1107 5859 πω,
1147 5793 1198 5849 id
1230 5801 1333 5860 est,
1368 5793 1537 5864 gloria
1568 5809 1703 5862 mea,
1732 5801 1793 5850 ut
1821 5795 1990 5867 probe
2015 5797 2374 5869 Symmachus
2398 5797 2806 5867 interpretatur.

353 5887 614 5951 Parnm.
648 5890 764 5951 Gn.
803 5886 1034 5951 XXlll.

3023 5890 3062 5944 ὃ
