3994 6448
577 403 682 460 107

575 613 844 669 latio‘uum
892 612 1242 668 mirabilibus
1283 611 1876 682 admoventurzatque
1924 613 2029 682 ipsi
2059 627 2158 682 per

574 705 672 762 Dei
727 706 958 777 gratiam
1017 706 1370 778 divinamque
1422 705 1818 776 inSpectionem
1877 704 2156 760 mirabiles

574 800 832 857 evadunt.

650 980 823 1037 Vens.
859 981 912 1036 5.
958 978 1264 1034 Irascimini
1287 986 1337 1034 et
1361 978 1522 1033 nolite
1547 993 1761 1047 peccare
1785 992 1804 1031 :
1834 993 1952 1049 qua!
1978 977 2156 1034 dicitis

573 1075 636 1130 in
681 1071 927 1129 cordibus
968 1075 1174 1139 vestris,
1213 1074 1270 1127 in
1311 1070 1571 1126 cubilibus
1622 1073 1806 1125 vestris
1851 1072 2157 1141 compungi-

573 1166 728 1222 mini.
761 1163 964 1220 Suadet
1001 1163 1095 1218 irae
1128 1163 1391 1236 impetum
1426 1161 1703 1225 cohibere,
1731 1162 1777 1216 si
1818 1161 2040 1231 quando
2070 1177 2158 1216 ve-

573 1257 814 1314 hementi
865 1256 1233 1312 commotione
1283 1254 1527 1319 feratur,
1577 1264 1872 1324 monetque
1919 1269 1990 1309 ne
2024 1253 2156 1324 quid

573 1349 655 1404 ira
686 1349 999 1420 impellente
1016 1355 1212 1420 agatur
1241 1365 1254 1402 :
1286 1362 1465 1418 neque
1492 1347 1808 1418 importune
1833 1347 1963 1401 talia
1988 1345 2149 1400 fatur.

571 1441 709 1496 Nam
751 1441 881 1512 quia
919 1441 957 1496 ii
990 1441 1085 1512 qui
1117 1455 1150 1496 a
1180 1438 1385 1495 Davide
1409 1440 1651 1506 stabant,
1683 1439 2036 1494 rebellionem
2062 1439 2157 1492 lilii

572 1534 628 1592 in
655 1543 887 1603 patrem,
921 1534 997 1589 uti
1027 1548 1126 1604 par
1154 1538 1293 1600 erat,
1321 1531 1546 1603 indigne
1571 1531 1832 1596 ferentes,
1867 1531 1922 1585 in
1953 1530 2155 1585 bellum

573 1635 768 1685 contra
817 1626 1150 1683 Absalonem
1210 1625 1291 1680 ira
1339 1624 1577 1695 correpti
1625 1622 2154 1694 proﬁciscebantur;

572 1720 700 1777 ideo
744 1719 825 1775 sic
865 1733 963 1776 eos
1008 1717 1337 1789 compellare
1382 1715 1637 1772 videtur:
1665 1713 1776 1770 Vos
1824 1714 2066 1785 quidem,
2124 1729 2157 1768 ο

569 1816 678 1872 viri
737 1813 1181 1876 commilitones,
1231 1809 1326 1882 qui
1380 1823 1509 1864 vere
1559 1807 1782 1880 gloriosi
1825 1806 1934 1862 mei
1983 1806 2154 1869 estis,

1245 400 1516 462 unseen
1547 399 2027 458 CESABIENS-IS
2057 399 2209 459 OPP.
2243 393 2419 452 rans
2474 379 2570 453 Ill.
2613 430 2682 439 —
2720 397 3132 455 EXEGETICA.
3711 408 3792 463 ωε

576 523 708 579 d'um
743 535 1068 578 arcanorum
1109 521 1499 593 mysteriorum
1533 501 1928 592 sacrarumque
1957 537 2150 593 specu-

2261 521 2446 574 λαϐεῖν
2469 519 2621 590 ἡμᾶς
2646 521 2772 594 χρὴ,
2801 519 2876 585 ὥς
2893 522 3029 574 εἰσιν
3051 520 3154 574 ὑπὸ
3169 519 3304 575 Θεοῦ
3332 521 3797 595 τεθαυμαστωμένοι

2257 617 2308 669 oi
2340 616 2498 679 ὅσιοι,
2535 615 2775 686 θαύμασι
2807 613 3207 686 προσαχθέντες
3233 615 3346 668 τῶν
3380 615 3686 689 ἀπορρήτων
3721 639 3798 691 μυ-

2259 708 2497 780 στηρίων
2525 708 2620 762 καὶ
2659 707 2767 761 τῶν
2817 707 2987 776 ἁγίων
3030 706 3424 778 θεωρημάτων,
3454 710 3546 761 καὶ
3574 711 3710 764 αὐτοὶ
3747 714 3798 766 δι’

2257 801 2426 874 αὐτὴν
2445 799 2541 856 τοῦ
2567 800 2702 854 Θεοῦ
2737 800 2899 872 χάριν
2931 800 3026 853 καὶ
3047 797 3198 853 θείαν
3221 800 3521 870 ἐπισκοπὴν
3539 799 3800 872 θαυμαστοὶ

2258 893 2560 964 γενόμενοι.

2343 983 2664 1056 Ὀργίζεσθε
2719 983 2818 1036 καὶ
2857 981 2945 1052 μὴ
2991 982 3393 1052 ἁμαρτάνετεο
3433 981 3472 1036 ἃ
3521 983 3709 1053 λέγετε
3744 987 3798 1039 ἐν

2257 1077 2388 1144 ταῖς
2419 1075 2690 1146 καρδίαις
2708 1075 2896 1146 ὑμῶν,
2919 1074 3017 1127 ἐπὶ
3051 1074 3180 1141 ταῖς
3211 1075 3439 1140 κοίταις
3479 1075 3635 1143 ὑμῶν
3651 1093 3796 1130 κατα-

2256 1173 2498 1243 νύγητε.
2528 1169 2893 1241 Συμδουλεύει
2927 1169 3157 1224 κωλύειν
3196 1169 3259 1222 τὸ
3301 1168 3405 1238 τῆς
3445 1169 3608 1240 ὀργῆς
3643 1170 3799 1237 πάθος,

2258 1265 2313 1318 εί
2338 1279 2468 1317 ποτε
2499 1261 2882 1330 άγανακτικῶς
2916 1261 3271 1325 ἀνακινεῖται,
3303 1259 3439 1330 μηδὲ
3473 1261 3552 1322 εἰς
3573 1259 3714 1331 ἔργον
3732 1262 3804 1315 τὸν

2259 1355 2429 1428 θυμὸν
2463 1353 2730 1408 κινεῖσθαι
2780 1353 3080 1426 παραινῶν.
3127 1354 3241 1406 Οὐκ
3289 1351 3533 1424 ἀκαίρως
3571 1352 3624 1404 δὲ
3665 1352 3804 1410 ταῦτά

2259 1465 2422 1520 φησιν
2442 1463 2456 1476 '
2499 1445 2614 1500 ἀλλ’
2648 1445 2837 1516 ἐπειδὴ
2877 1445 3020 1499 κατὰ
3049 1445 3142 1499 τοῦ
3180 1443 3535 1515 Ἀὅεσσαλὼμ
3568 1445 3804 1517 ὁρμῶντες

2258 1543 2337 1607 είς
2365 1541 2622 1611 πόλεμον.
2653 1538 2768 1610 μετ’
2794 1538 2968 1609 ὀργῆς
2999 1538 3261 1611 ἐξῄεσαν,
3297 1539 3374 1602 ὡς
3407 1538 3580 1601 είκὸς,
3618 1539 3663 1590 οἱ
3695 1539 3804 1606 μετὰ

2257 1633 2350 1690 τοῦ
2383 1632 2564 1695 Δαυῖδ,
2604 1629 3042 1700 ἀγανακτοῦντες
3071 1629 3165 1682 ἐπὶ
3209 1631 3274 1700 τῇ
3311 1627 3406 1682 τοῦ
3436 1627 3552 1681 υἱοῦ
3580 1625 3708 1680 κατὰ
3728 1627 3803 1681 τοῦ

2259 1723 2466 1800 πατρὸς
2523 1722 2920 1776 ἐπαναστάσει·
2967 1721 3160 1775 τούτου
3215 1721 3377 1793 χάριν
3421 1719 3563 1774 ἔοικε
3615 1720 3806 1776 τοιαῦτά

2257 1835 2377 1872 τινα
2406 1814 2542 1888 πρὸς
2573 1813 2771 1878 αὐτοὺς
2791 1813 3007 1882 ’λέγειν’
3057 1813 3246 1884 Ὑμεῖς
3277 1813 3400 1884 μὲν,
3424 1806 3470 1866 ὦ
3493 1812 3673 1884 ἄνδρες
3696 1813 3804 1884 σύμ-

572 1914 761 1978 utpote
792 1905 896 1977 ﬁlii
922 1905 1217 1969 hominum,
1263 1901 1414 1973 gravi
1447 1905 1606 1955 corde
1638 1898 1876 1987 praediti,
1910 1907 1964 1955 et
2003 1913 2150 1952 mor-

2261 1927 2445 1982 μαχοι,
2481 1911 2530 1964 οἳ
2561 1910 2624 1982 δὴ
2665 1909 2759 1964 καὶ
2788 1905 3028 1971 ἔνδοξοί
3085 1922 3220 1977 μου,
3249 1905 3324 1969 ὡς
3362 1904 3482 1958 υἱοὶ
3523 1903 3805 1974 ἀνθρώπων

570 2001 698 2056 talis
738 1999 906 2070 hujus
949 1999 1073 2053 vitae
1123 1994 1355 2052 vanitati
1392 1995 1694 2062 haerentes,
1728 1993 2156 2065 ignorantesque

566 2089 903 2166 justum'Dei
931 2099 1125 2147 contra
1156 2089 1356 2160 impios
1379 2085 1674 2160 judicium,
1717 2085 2024 2142 irascimini
2059 2085 2158 2140 ad-

569 2203 766 2244 versus
809 2183 1038 2255 impium
1094 2182 1266 2238 lilium
1299 2199 1313 2236 :
1350 2195 1415 2236 ac
1459 2179 1584 2250 jure
1611 2177 1831 2250 quidem
1872 2175 2151 2240 commoti,

569 2276 906 2348 indigneque
938 2287 1054 2329 rem
1086 2272 1349 2338 ferentes,
1382 2271 1438 2326 in
1467 2271 1669 2326 bellum
1715 2266 2150 2341 proliciscimini.

568 2370 686 2442 Ego
715 2384 844 2424 vero
873 2381 970 2423 vos
1008 2381 1201 2422 omnes
1239 2378 1462 2428 moneo,
1495 2362 1602 2418 etsi
1632 2363 1827 2417 merito
1876 2361 1955 2416 ira
1985 2361 2156 2431 perci-

567 2473 679 2527 tos,
723 2477 794 2518 ne
837 2461 960 2518 sitis
999 2457 1304 2516 clementiae
1333 2455 1723 2528 patientiaeque
1773 2455 2150 2522 immemores,

570 2566 677 2612 neu
733 2553 810 2609 ita
862 2549 1256 2618 succenseatis,
1309 2559 1371 2606 ut
1427 2550 1484 2605 in
1534 2556 1823 2621 peccatum
1867 2549 2150 2604 labamini.

569 2647 937 2716 Quamobrem
982 2645 1106 2700 dico
1147 2663 1161 2700 :
1201 2642 1542 2712 Irascimini,
1583 2642 1674 2698 sed
1718 2642 1878 2697 nolite
1913 2657 2149 2712 peccare.

567 2738 798 2794 Etiamsi
833 2751 1002 2809 porro
1052 2743 1277 2807 propter
1321 2734 1602 2806 improbos
1646 2733 1940 2790 Absalonis
1982 2747 2151 2790 ausus

569 2831 779 2896 animo,
814 2831 971 2901 juxta
1017 2829 1294 2900 Aquilam,
1351 2825 1792 2891 commovemini,
1840 2832 2030 2882 cavete
2067 2833 2152 2880 ta-

568 2943 719 2991 men,
752 2942 819 2982 ne
847 2924 1126 2998 prioribus
1155 2921 1396 2994 peccatis
1445 2935 1647 2974 novum
1679 2916 1972 2989 adjiciatis,
2017 2917 2064 2972 si
2092 2918 2149 2971 in

566 3017 855 3076 iracundia
895 3013 1283 3087 perseveretis.
1317 3009 1707 3082 Deprehendes
1750 3015 1934 3064 autem
1977 3008 2033 3062 in
2063 3005 2150 3060 hi-

568 3113 740 3170 storia
795 3111 978 3183 ipsum
1025 3106 1322 3165 admodum
1375 3102 1705 3176 praecepisse
1753 3109 1813 3158 ut
1866 3100 1980 3157 lilio
2024 3116 2151 3175 par-

566 3214 776 3262 celent.

638 3384 807 3441 Vens.
827 3381 937 3441 6.7.
950 3380 1262 3451 sacriﬁcate
1290 3378 1618 3448 sacriﬁcium
1635 3375 1898 3444 justitiaz,
1929 3376 1997 3428 'et
2035 3391 2151 3442 sre-

567 3487 683 3531 rate
727 3477 785 3530 in
839 3474 1087 3530 Domino.
1124 3471 1352 3526 Etiamsi
1391 3477 1452 3524 ut
1498 3468 1748 3522 homines
1793 3466 2053 3522 mortales
2095 3467 2151 3520 in

567 3569 757 3625 multis
837 3565 1300 3640 cogitationibus,
1369 3562 1452 3618 ira
1513 3560 1782 3632 permoti,
1857 3575 1956 3632 per
2006 3561 2150 3617 diem

566 3660 903 3730 versamini;
956 3666 1012 3714 at
1061 3658 1118 3712 in
1174 3655 1447 3712 cubilibus
1497 3653 1684 3726 quiete
1730 3653 1874 3724 apud
1919 3669 2019 3710 vos
2066 3654 2150 3724 ip-

567 3769 662 3811 sos
711 3759 972 3825 agentes,
1019 3757 1191 3822 atque
1245 3749 1337 3804 illa
1387 3763 1509 3820 quae
1560 3745 1620 3802 in
1677 3744 1767 3802 die
1794 3745 2151 3818 perpetrastis

565 3845 849 3902 vobiscum
929 3849 1287 3914 reputantes,
1384 3837 1833 3911 compungimini.
1910 3835 1990 3893 Ne
2056 3836 2152 3908 igi-

567 3945 657 3992 tur
695 3935 956 3994 adversus
1001 3948 1098 3989 eos
1149 3932 1244 4003 qui
1292 3945 1391 3986 vos
1438 3928 1778 3986 facinoribus
1824 3927 2152 4001 aggrediun-

565 4037 676 4093 tur,
732 4040 910 4098 neque
969 4025 1235 4081 adversus
1304 4023 1475 4078 lilium
1541 4023 1684 4093 patri
1737 4022 1995 4079 rebellem
2065 4021 2150 4077 ira

563 4117 917 4174 concitemini
953 4136 966 4172 :
1002 4131 1108 4172 neu
1155 4129 1274 4180 vos,
1317 4113 1718 4170 lacessentibus
1763 4113 1892 4169 licet
1944 4114 2146 4184 impiis,

565 4216 730 4282 atque
777 4209 846 4264 ad
899 4207 1242 4264 iracundiam
1293 4205 1762 4278 provocantibus,
1815 4207 1871 4261 in
1923 4217 2148 4277 peccata

565 4300 859 4366 labamini;
900 4301 1010 4355 imo
1059 4302 1268 4372 potius,
1316 4299 1364 4355 si
1408 4297 1628 4370 quidem
1679 4298 1736 4352 in
1784 4305 1902 4354 tuto
1951 4299 2150 4370 degere

565 4394 824 4465 cupiatis,
858 4393 1158 4464 sacriﬁcate
1179 4393 1506 4463 sacriﬁcium
1543 4391 1800 4462 justitite,
1841 4402 1891 4446 et
1939 4403 2148 4462 sperate

565 4490 621 4542 in
666 4479 930 4553 Domino;
975 4501 1155 4558 neque
1208 4487 1636 4552 conturbemini,
1675 4495 1862 4558 utpote
1905 4487 2000 4556 qui
2050 4503 2148 4558 per

2252 1999 2650 2070 βαρυκάρδιοί
2699 2016 2842 2062 τινες
2875 1997 3058 2061 ὄντες,
3093 1997 3185 2051 καὶ
3237 1999 3303 2068 τῇ
3340 1995 3438 2050 τοῦ
3489 1996 3674 2068 θνητοῦ
3713 1997 3803 2068 βίον

2262 2097 2581 2166 ματαιότητι
2635 2089 3023 2163 προσέχοντες,
3050 2090 3152 2143 οὐκ
3182 2089 3389 2152 εἰδότες
3435 2089 3534 2160 τὴν
3569 2089 3656 2142 τοῦ
3697 2089 3802 2142 Θεοῦ

2257 2185 2398 2240 κατὰ
2430 2184 2541 2238 τῶν
2573 2182 2788 2238 ἀσεϐῶν
2819 2179 3235 2253 δικαιοκρισίαν,
3269 2178 3544 2250 θυμοῦσθε
3577 2180 3706 2233 κατὰ
3732 2180 3803 2233 τοῦ

2257 2276 2488 2340 ἀσεϐοῦς
2531 2273 2681 2329 υίοῦ⁶
2715 2273 2812 2328 καὶ⁹
2860 2273 3084 2336 δικαίως
3119 2269 3464 2342 κινούμενοι,
3515 2271 3606 2324 καὶ
3634 2272 3806 2340 ἀγανα-

2255 2370 2459 2434 κτικῶς
2488 2365 2852 2440 ὀργιζόμενοι,
2889 2365 2981 2418 ἐπὶ
3033 2364 3124 2418 τὸν
3174 2364 3412 2434 πόλεμον
3459 2363 3691 2436 ὀρμᾶτε·
3719 2362 3805 2432 ἐγὼ

2254 2463 2313 2517 δέ
2361 2463 2473 2526 τοῖς
2508 2463 2640 2515 πᾶσι
2677 2459 2931 2532 παραινῶ
2955 2500 2970 2525 ,
3009 2459 3058 2510 εί
3098 2459 3193 2512 καὶ
3221 2456 3444 2525 εὔλογος
3471 2458 3504 2526 ἡ
3537 2455 3684 2528 ὀργὴ,
3715 2456 3802 2511 ἀλλ’

2257 2555 2403 2628 ὑμᾶς
2434 2555 2494 2608 ού
2540 2555 2647 2627 χρὴ
2693 2554 2791 2626 τῆς
2833 2551 3040 2615 οἰκείας
3081 2549 3539 2604 ἐπιλανθάνεσθαι
3590 2546 3804 2613 ἀνεξικα-

2255 2647 2399 2712 κίας,
2423 2646 2531 2700 οὐδ’
2553 2647 2646 2700 ἐπὶ
2674 2646 2833 2700 πλέον
2865 2643 3214 2710 ἐξάπτεσθαι,
3239 2643 3315 2707 ὼς
3334 2644 3432 2696 καὶ
3454 2641 3547 2696 ἐπὶ
3569 2642 3803 2714 ἁμαρτίας

2253 2739 2563 2794 ἐκπίπτειν.
2593 2739 2686 2793 Διό
2719 2754 2896 2810 φημισ
2946 2733 3291 2805 Ὀργίζεσθε,
3330 2735 3494 2789 ἀλλὰ
3537 2733 3620 2804 μὴ
3651 2735 3804 2803 ἀμαρ-

2251 2827 2480 2882 τάνετε.
2509 2829 2573 2882 Ei
2597 2827 2654 2881 δέ
2688 2829 2785 2882 καὶ
2813 2825 3111 2891 κλονεῖσθε,
3145 2823 3288 2879 κατὰ
3317 2825 3410 2879 τὸν
3460 2823 3698 2888 Ἀκύλαν,
3726 2823 3805 2886 τὰς

2249 2919 2428 2992 ψυχὰς
2454 2919 2544 2974 διὰ
2579 2920 2646 2974 τὰ
2674 2919 2753 2992 τῷ
2788 2915 3146 2988 Ἀὁεσσαλὼμ
3172 2917 3650 2988 προτετολμημὲνα
3674 2956 3688 2982 ,
3711 2915 3802 2969 ἀλλ’

2249 3011 2414 3084 ὁρᾶτε
2461 3011 2537 3085 μὴ
2565 3012 2662 3066 καὶ
2686 3011 2878 3084 ἑτέραν
2908 3010 3000 3064 ἐπὶ
3029 3011 3150 3073 ταῖς
3184 3009 3485 3081 προτέραις
3518 3007 3804 3081 προσθείητε

2251 3107 2562 3178 ἁμαρτίαν,
2609 3108 2676 3178 τῇ
2721 3107 2858 3179 ὀργῇ
2902 3104 3275 3177 ἐπιμένοντες.
3318 3105 3517 3178 Εὖροις
3555 3104 3598 3160 δ’
3635 3105 3694 3158 ἂν
3731 3104 3807 3158 καὶ

2177 3237 2218 3294 C
2253 3201 2398 3256 κατὰ
2431 3201 2530 3275 τὴν
2553 3201 2794 3274 ἱστορίαν
2824 3199 2996 3255 πολλὰ
3036 3196 3406 3272 παραινοῦντα
3451 3199 3612 3254 αὑτὸν
3651 3195 3807 3269 φείσα-

2255 3295 2378 3349 σθαι
2409 3294 2505 3348 τοῦ
2530 3294 2742 3358 παιδός.

2327 3386 2562 3442 Θύσατε
2587 3386 2810 3441 θυσίαν
2827 3385 3245 3454 δικαιοσύνης,
3279 3383 3380 3438 καὶ
3412 3383 3698 3439 ἐλπίσατε
3728 3381 3810 3437 ἐπὶ

2251 3477 2495 3547 Κύριον.
2511 3479 2576 3532 Et
2599 3478 2695 3532 καὶ
2720 3478 2796 3542 ὡς
2822 3477 3100 3548 ἄνθρωποι
3135 3477 3323 3548 θνητοὶ
3351 3477 3523 3531 πολλὰ
3548 3475 3810 3532 διανοεῖσθε

2251 3570 2373 3642 μεθ’
2405 3570 2621 3644 ἡμέραν
2648 3571 3008 3645 ὀργιζόμενοι·
3037 3571 3151 3626 ἀλλ’
3177 3571 3269 3624 ἐπὶ
3299 3573 3420 3636 ταῖς
3451 3571 3654 3634 κοίταις
3681 3567 3809 3640 ὑμῶν

2253 3663 2338 3733 ἐφ’
2366 3663 2618 3734 ἡσυχίας,
2651 3666 2779 3734 παρ’
2811 3665 3026 3728 ἑαυτοῖς
3047 3664 3352 3735 γενόμενοι,
3382 3663 3732 3735 κατανύγητε,
3754 3659 3810 3714 τὰ

2249 3756 2317 3810 δι’
2355 3756 2572 3828 ἡμέρας
2634 3757 2764 3828 ὑμῖν
2823 3756 3191 3828 πεπραγμένα
3240 3753 3684 3829 διαλογιζόμενοι.
3733 3752 3808 3822 Mi;

2251 3847 2402 3918 γοῦν,
2427 3849 2613 3921 φησὶν,
2641 3847 2928 3921 ὀργίζεσθε
2961 3848 3104 3903 κατὰ
3147 3848 3256 3902 τῶν
3287 3850 3368 3913 είς
3408 3849 3555 3920 ὑμᾶς
3587 3847 3810 3919 πλημμε-

2251 3941 2519 4008 λούντων,
2556 3942 2692 4014 μηδὲ
2730 3942 2873 3998 κατὰ
2919 3941 3015 3997 τοῦ
3069 3942 3476 4007 ἐπαναστάντος
3521 3941 3598 4014 τῷ
3633 3936 3806 4011 πατρί·

2254 4035 2393 4108 μήτε
2447 4034 2604 4089 αὐτοὶ
2653 4033 3103 4106 ἁμαρτάνοντες,
3137 4033 3240 4088 κᾶν
3292 4033 3471 4106 ἕτεροι
3517 4031 3810 4092 ἀσεϐοῦντες

2252 4124 2653 4199 προκαλοῦνται
2686 4126 2831 4198 ὑμᾶς
2884 4127 2967 4190 είς
3013 4126 3185 4198 ὀργῆς
3234 4125 3370 4199 ἔργα
3402 4126 3498 4179 καὶ
3529 4127 3609 4189 εἰς
3653 4125 3810 4196 ἁμαρο

2249 4217 2389 4282 τίας,
2421 4217 2536 4271 ἀλλ’
2594 4217 2718 4271 ἀντὶ
2749 4215 2956 4270 τούτων
3000 4217 3236 4288 μᾶλλον,
3286 4215 3445 4287 είπερ
3481 4209 3723 4286 βούλεσθε
3759 4209 3811 4264 τὸ

2249 4309 2490 4380 ἀσφαλὲς
2521 4309 2688 4381 ἔχειν,
2737 4311 2962 4364 θύσατε
2993 4309 3215 4364 θυσίαν
3258 4307 3682 4374 δικαιοσύνης,
3725 4303 3807 4357 καί

2249 4403 2544 4457 ἐλπίσατε
2583 4402 2682 4456 ἐπὶ
2729 4404 2987 4471 Κύριον,
3049 4399 3146 4456 καὶ
3217 4400 3416 4473 μηκέτι
3467 4395 3807 4472 ταράττεσθε,

2249 4495 2621 4560 οίκειωθέντες
2653 4495 2732 4567 τῷ
2758 4495 2949 4566 Κυρίῳ
2983 4493 3072 4547 διὰ
3109 4493 3212 4563 τῆς
3243 4491 3608 4563 δικαιοσύνης.
3655 4487 3812 4542 Ἐπεί-

561 4583 832 4654 justitiam
883 4582 938 4637 in
969 4579 1065 4638 Dei
1117 4581 1379 4637 familiam
1424 4583 1652 4655 ascripti
1695 4583 1849 4638 estis.
1885 4580 2146 4648 Quando-

2253 4603 2358 4657 περ
2395 4587 2517 4641 ἀντὶ⁸
2573 4585 2754 4657 πάσης
2791 4583 2984 4647 θυσίας
3029 4582 3212 4654 χαίρει
3260 4581 3693 4653 δικαιοπραγίαις
3732 4574 3812 4628 καὶ

566 4681 788 4751 quidem
816 4681 907 4738 ille
936 4695 1048 4753 prae
1076 4681 1333 4738 omnibus
1369 4680 1680 4744 sacriﬁciis,
1708 4681 1938 4752 iustitiae
1967 4681 2149 4752 operi-

564 4776 672 4830 bus
697 4784 752 4829 et
776 4781 931 4830 recte
963 4771 1128 4830 lactis
1160 4772 1497 4840 delectatur;
1536 4773 1711 4827 multo
1740 4773 1885 4828 enim
1920 4781 2147 4843 praesta—

565 4869 736 4924 bilius
777 4875 863 4924 est
903 4867 980 4923 ita
1016 4883 1200 4942 agere,
1233 4883 1400 4940 quam
1431 4868 1598 4925 irasci
1633 4879 1690 4926 et
1733 4869 2000 4924 ultionem
2033 4885 2147 4926 me-

567 4959 762 5029 ditari;
792 4975 912 5016 eam
951 4961 1026 5018 ob
1055 4975 1194 5027 rem,
1242 4960 1547 5018 rebellante
1571 4959 1706 5031 lilio,
1737 4977 1800 5018 ea
1854 4963 1988 5018 mihi
2038 4978 2146 5018 una

567 5070 699 5109 cura
731 5053 854 5122 fuit,
881 5061 940 5109 ut
968 5069 1064 5125 per
1087 5053 1360 5125 justitiam
1399 5053 1570 5116 Deum
1600 5055 1872 5126 placarem
1906 5075 1919 5110 :
1951 5070 2143 5127 quare,

565 5163 685 5201 cum
715 5148 1010 5202 invocarem
1050 5148 1323 5202 exaudivit
1353 5165 1434 5203 me
1462 5148 1604 5204 Deus
1625 5148 1856 5219 justitia:
1885 5165 2036 5212 meae,
2068 5156 2142 5213 et,

565 5239 620 5289 in
653 5237 994 5292 tribulatione
1035 5239 1280 5292 ditatasti
1326 5238 1478 5304 mihi,
1513 5238 1640 5309 quia
1672 5253 1798 5294 cum
1839 5239 2148 5296 sacriﬁcas-

565 5346 681 5386 sem
713 5330 1045 5386 sacrillcium
1069 5331 1318 5402 justitite,
1352 5333 1411 5388 in
1440 5333 1562 5404 ipso
1593 5333 1830 5405 speravi.

636 5420 798 5476 Multi
825 5422 1009 5476 dicunt
1039 5440 1058 5477 :
1085 5426 1202 5495 quis
1231 5424 1470 5480 ostendet
1498 5425 1648 5480 nobis
1679 5425 1858 5484 bona?
1891 5425 1999 5481 Alii
2024 5427 2148 5498 qui-

563 5515 688 5569 dem
739 5516 842 5569 alia
889 5516 1220 5587 cogitantes.
1253 5519 1600 5590 maximeque
1643 5520 1736 5590 qui
1781 5522 1932 5592 gravi
1977 5521 2144 5576 corde

563 5612 694 5661 sunt
728 5605 825 5661 lilii
851 5606 1157 5674 hominum,
1183 5610 1276 5680 qui
1317 5611 1611 5666 vanitatem
1641 5611 1764 5665 vitae
1795 5610 2048 5682 diligunt,
2080 5627 2145 5666 ac

562 5701 818 5769 ignorant
845 5718 966 5773 qua:
992 5719 1120 5759 vere
1150 5703 1291 5759 bona
1321 5703 1452 5771 sint,
1475 5711 1531 5760 et
1567 5719 1687 5760 cum
1720 5719 1896 5775 neque
1922 5712 2145 5775 sperent

562 5809 740 5863 neque
775 5796 1003 5850 credant
1027 5812 1090 5852 ea
1131 5813 1189 5853 se
1227 5799 1446 5854 visuros
1477 5813 1743 5868 unquam,
1775 5796 1930 5851 aiunt
1964 5815 1976 5852 :
2008 5796 2142 5863 Quis

565 5885 798 5942 ostendet
845 5888 994 5948 nobis
1039 5890 1214 5946 bona?
1261 5888 1447 5956 Neque
1489 5891 1635 5948 enim
1675 5905 1739 5947 ea
1773 5888 1980 5952 vident,
2010 5889 2141 5946 auia

2248 4682 2370 4744 ταῖς
2413 4683 2532 4735 κατ’
2573 4679 2773 4753 ἀρετὴν
2811 4677 3064 4749 πράξεσι.
3109 4675 3220 4729 Καὶ
3259 4674 3417 4728 τοῦτο
3464 4673 3596 4728 πολὺ
3629 4670 3810 4744 βέλτιον

2249 4774 2506 4848 πράττειν
2549 4774 2582 4846 ἢ
2621 4773 2933 4847 ὀργίζεσθαι
2968 4773 3062 4827 καὶ
3115 4771 3344 4834 ἑαυτοὺς
3390 4767 3623 4822 ἐκδικεῖν
3659 4778 3808 4817 σπου-

2247 4869 2446 4935 δάζειν.
2500 4867 2590 4922 Διὸ
2637 4869 2702 4941 δὴ
2729 4869 2824 4922 καὶ
2868 4866 3050 4931 αὐτὸς,
3101 4863 3506 4925 ἐπαναστάντος
3537 4859 3631 4914 τοῦ
3682 4853 3807 4914 υίοῦ,

2249 4961 2378 5034 περὶ
2431 4962 2592 5016 τοῦτο
2639 4961 2798 5033 μόνον
2854 4959 3164 5014 ἐσπούδασα
3216 4958 3306 5012 διὰ
3351 4954 3692 5024 δικαιοσύνης
3733 4949 3812 5002 τὸν

2247 5054 2381 5108 Θεὸν
2423 5055 2800 5124 ἱλασκόμενος·
2851 5053 2995 5120 ὅθεν,
3035 5053 3139 5106 Ἔν
3176 5049 3257 5118 τῷ
3297 5044 3710 5104 ἐπικαλεῖσθαι
3743 5058 3812 5112 με

2247 5145 2578 5214 εἰσήκουσέ
2604 5166 2724 5218 μου
2747 5150 2780 5202 ό
2810 5145 2955 5212 Θεὸς
2995 5141 3104 5212 τῆς
3147 5141 3536 5210 δικαιοσύνης
3556 5157 3691 5210 μου,
3708 5136 3808 5201 καις

2246 5242 2316 5294 ἐν
2351 5241 2555 5310 θλίψει
2592 5237 2939 5304 ἐπλάτυνάς
2979 5251 3113 5307 μοι’
3165 5234 3391 5307 ἐπειδὴ,
3424 5233 3589 5296 θύσας
3637 5227 3806 5283 θυσίαν

2245 5332 2616 5404 δικαιοσύνης,
2645 5333 2732 5386 ἐπ’
2768 5330 2931 5384 αὐτὸν
2963 5329 3188 5401 ἤλπισα.

2315 5424 2862 5493 Πολλοὶλέτουσιν·
2901 5423 2996 5489 Τίς
3027 5421 3208 5487 δείξει
3229 5420 3373 5490 ἡμῖν
3395 5416 3620 5489 ἀγαθὼ
3641 5412 3806 5468 Ἀλλπι

2249 5517 2550 5590 μὲν,φησὶν
2571 5557 2585 5582 ,
2613 5516 2790 5579 ἄλλως
2809 5513 3175 5585 διανοούμενοι
3201 5555 3214 5576 ,
3249 5514 3341 5566 καὶ
3378 5510 3609 5582 μάλιστα
3638 5509 3683 5560 oi
3717 5503 3802 5573 βα-

2250 5611 2526 5682 ρυκάρδιοι
2559 5611 2666 5663 υἱοὶ
2691 5608 2798 5662 τῶν
2841 5606 3144 5680 ἀνθρώπων
3167 5647 3182 5667 ,
3215 5606 3264 5658 οἱ
3305 5605 3402 5675 τὴν
3435 5602 3529 5656 τοῦ
3573 5599 3685 5670 βίου
3715 5611 3805 5665 μα’

2245 5704 2506 5773 ταιότητα
2543 5701 2887 5770 ἀγαπῶντες.
2921 5700 3022 5753 ούκ
3066 5697 3266 5760 εἰδότες
3293 5697 3339 5749 τ’
3372 5693 3584 5765 ἀληθῶς
3618 5682 3804 5754 ἀγαθὰν

2244 5793 2364 5847 οὐδὲ
2399 5793 2740 5858 ἐλπίζοντες,
2791 5791 2912 5843 οὐδὲ
2967 5789 3311 5851 πιστεύοντες
3344 5785 3514 5839 ταῦτα
3553 5777 3763 5850 ὄψεσθαι
3787 5811 3802 5836 ν

2246 5887 2408 5942 φασί·
2445 5888 2540 5952 Τίς
2567 5885 2748 5952 δείξει
2775 5883 2920 5951 ἡμῖν
2947 5881 3021 5936 τὰ
3048 5877 3276 5948 ἀγαθὼ
3299 5879 3372 5931 (ὶὺ
3395 5877 3500 5946 γὰρ
3525 5867 3804 5941 συνορῶσιν
