3994 6448
227 417 326 471 “t9

1345 413 1858 468 LUMMENTARIA
1893 413 1957 465 ΙΝ
2000 412 2332 467 PSALMOS.

3366 421 3468 473 ΗΟ

219 527 374 591 αὐτὰ,
398 525 479 596 τῷ
514 526 584 597 μὴ
618 525 1054 594 καταυγάζεσθαι
1085 525 1162 597 τῷ
1199 527 1337 596 φωτὶ
1376 528 1466 581 τοῦ
1503 526 1781 600 προσώπω

1902 525 2088 581 vultus
2106 527 2184 580 tui
2210 527 2416 582 lumine
2440 541 2550 582 non
2579 528 2928 584 illustrantur
2954 548 2967 585 :
2992 529 3344 600 quamobrem
3367 533 3468 586 rati

222 635 343 674 σου·
385 618 470 671 διὸ
499 618 560 688 δὴ
595 618 730 688 μόνα
760 619 826 672 τά
872 617 1048 688 γεώδη
1087 617 1180 671 καὶ
1222 618 1437 691 φθαρτά
1479 619 1802 690 ὑπολαμϐά-

220 727 397 772 νοντες
423 705 562 762 εἶναι
585 709 785 777 ἀγαθὰ,
812 710 943 780 περὶ
968 708 1140 763 ταῦτα
1176 709 1530 781 ἀσχολοῦνται
1551 711 1644 763 καὶ
1671 710 1803 764 ταῦ-

217 819 284 856 τα
309 800 753 874 μεεταδιὼκουπν.
787 801 850 854 Εί
883 801 939 854 δέ
974 819 1058 865 τις
1085 801 1268 864 αὐτοῖς
1295 801 1423 874 περὶ
1460 801 1567 855 τῶν
1593 799 1801 856 θειοτέ-

221 911 324 967 ρων
349 894 445 945 καὶ
471 892 810 964 ἐπουρανίων
841 891 1010 962 λέγοι,
1034 895 1244 966 ὲρωτᾷν
1270 895 1523 948 εἰώθασιν
1542 911 1555 924 °
1586 895 1694 948 Καὶ
1714 894 1803 956 τίς

219 983 324 1055 ἆρά
355 987 508 1039 ἐστιν
558 988 587 1038 ὁ
633 985 821 1050 δείξων
867 987 999 1058 ἡμῖν
1040 987 1245 1054 ταῦτα;
1289 988 1429 1040 Ἀλλ’
1460 990 1655 1041 ἐκεῖνοι
1699 987 1799 1057 μὲν

218 1077 442 1130 τοιοῦτοί
471 1095 635 1141 τινες.
665 1079 855 1150 Ἡμεῖς
875 1078 932 1131 δὲ
955 1079 1082 1150 παρ’
1105 1073 1185 1142 οἷς
1215 1079 1545 1148 ἐσημειώθη
1578 1077 1642 1131 τὸ
1673 1077 1800 1164 φῶς

216 1167 317 1219 τοῦ
343 1165 673 1234 προσώπου
702 1181 841 1230 σου,
865 1162 912 1220 ὦ
938 1169 1135 1236 Κύριε,
1167 1167 1262 1222 καὶ
1294 1167 1384 1220 τὸν
1430 1165 1670 1231 δείξοντα
1702 1162 1798 1221 καὶ

218 1259 306 1312 τὸν
357 1258 604 1314 δώσοντα
651 1260 783 1331 ἡμῖν
827 1261 966 1314 αύτά
1014 1259 1356 1332 ἐπιστάμεθα
1404 1258 1508 1312 ὑπὸ
1560 1258 1652 1312 τοῦ
1701 1277 1796 1312 σου

218 1351 390 1419 φωτὸς
435 1352 516 1414 εἰς
553 1351 652 1423 τὴν
683 1353 883 1420 γνῶσιν
915 1354 1094 1406 αὐτῶν
1133 1353 1483 1423 ἐληλυθότες·
1528 1352 1798 1420 Ἕδωκας

219 1445 606 1512 εὐφροσύνην
635 1447 723 1511 εὶς
755 1445 869 1513 τὴν
893 1445 1144 1513 καρδίαν
1165 1463 1304 1514 μου.

294 1535 427 1588 Ἀπὸ
473 1537 708 1603 καρποῦ
743 1537 851 1592 τοῦ
893 1538 1068 1591 σίτου
1105 1537 1203 1591 καὶ
1242 1538 1410 1592 οτνου
1447 1540 1544 1592 καὶ
1585 1538 1795 1593 ἐλαίου

217 1625 408 1680 αὐτῶν
435 1626 929 1696 ἐκληθύνθησαν.
966 1629 1120 1682 Ἐπεὶ⁹
1139 1629 1196 1682 δὲ
1229 1629 1496 1701 πολλαχοῦ
1524 1629 1630 1684 τῶν
1655 1631 1796 1700 Γρα-

1906 619 2022 672 sola
2050 627 2267 674 terrena
2299 629 2352 675 et
2380 621 2755 692 corruptibilis
2790 622 2930 677 bona
2959 638 3100 686 esse,
3131 624 3199 678 iis
3227 623 3466 691 student,

1902 726 1963 765 ea
2011 721 2435 782 persequuntur.
2471 713 2627 781 Quod
2672 715 2720 770 si
2761 716 2886 786 quis
2923 731 3017 771 eos
3058 716 3127 772 de
3167 716 3366 772 divinis
3403 732 3469 774 ac

1902 803 2222 858 coelestibus
2275 805 2602 875 alloquatur,
2651 822 2846 878 rogare
2897 807 3069 864 solent
3107 825 3121 863 :
3159 808 3292 875 Quis
3339 825 3468 880 ergo

1899 902 1984 948 est
2012 895 2105 964 qui
2153 896 2267 950 haec
2308 899 2558 952 ostendet
2609 897 2804 954 nobis?
2834 897 2910 953 Eo
2963 899 3042 952 illi
3089 901 3248 954 modo
3290 901 3467 956 aﬂ'ecti

1901 994 2047 1042 sunt.
2084 985 2196 1043 Nos
2235 1005 2365 1044 vero
2396 990 2542 1061 apud
2569 1006 2709 1061 quos
2738 993 3004 1062 signatum
3031 1002 3108 1046 est
3139 993 3312 1047 lumen
3353 995 3467 1048 cut.

1900 1087 1983 1132 tus
2012 1079 2111 1142 tui,
2142 1079 2385 1144 Domine,
2420 1082 2513 1152 qui
2541 1083 2746 1138 lumine
2779 1090 2872 1137 tuo
2905 1084 3159 1138 illustrati
3195 1084 3250 1138 in
3274 1100 3463 1140 eorum

1897 1172 2261 1241 cognitionem
2297 1172 2564 1237 venimus,
2596 1177 2764 1245 probe
2796 1175 3002 1231 scimus
3031 1184 3085 1228 et
3121 1175 3243 1245 quis
3277 1184 3463 1233 osten-

1896 1258 1992 1314 dat
2019 1269 2074 1315 et
2105 1262 2230 1333 quis
2263 1261 2508 1318 conferat
2537 1262 2629 1317 illa
2662 1281 2676 1318 :
2713 1262 2918 1318 Dedisti
2955 1263 3196 1318 lanitium
3225 1265 3280 1318 in
3308 1265 3463 1321 corde

1897 1369 2028 1406 meo.

1966 1527 2133 1584 Vens.
2161 1529 2216 1584 8.
2253 1531 2297 1584 Α
2326 1530 2503 1600 fructu
2540 1532 2814 1602 frumenti,
2855 1535 2960 1588 uini
2985 1545 3036 1588 et
3064 1535 3168 1590 olei
3205 1536 3289 1590 sui
3323 1535 3462 1589 mul-

1895 1620 2121 1688 tiplicati
2165 1631 2312 1676 sunt.
2359 1622 2496 1687 Quia
2539 1622 2593 1677 in
2641 1625 2827 1678 multis
2870 1623 3276 1694 Scripturarum
3327 1626 3462 1682 locis

220 1717 329 1786 φῶν
359 1719 418 1770 ἐν
449 1717 723 1784 εὐλογίαις
757 1722 900 1782 σῖτος
931 1719 1023 1772 καὶ
1055 1714 1192 1782 οἶνος
1219 1721 1333 1782 τοῖς
1379 1720 1554 1788 ἁγίοις
1583 1723 1781 1774 κεῖνται

1894 1709 2225 1766 frumentum
2267 1719 2322 1766 et
2359 1712 2545 1766 vinum
2591 1712 2736 1769 inter
2775 1715 3169 1784 promissiones
3203 1731 3267 1770 ac
3299 1716 3464 1771 bene-

217 1811 270 1864 ὲν
293 1808 616 1880 ἐπαγγελίᾳ,
647 1807 722 1872 ὡς
768 1809 861 1863 τοῦ
906 1810 1147 1865 ἐναντίου
1211 1814 1323 1875 τοῖς
1376 1811 1718 1882 ἁμαρτωλοῖς
1755 1814 1781 1884 ἡ

1892 1801 2160 1856 dictiones
2205 1809 2502 1872 ponuntur,
2531 1811 2697 1873 atque
2724 1820 2790 1858 ex
2826 1805 3054 1860 adverso
3083 1807 3462 1874 peccatoribus

218 1899 412 1952 τούτων
437 1900 723 1970 στέρησις·
752 1899 901 1964 ἀξιον
928 1901 1234 1972 ἀποστῆσαι
1259 1902 1355 1971 τῆς
1383 1901 1524 1956 κατά
1549 1903 1610 1955 τὸ
1630 1903 1781 1974 ῥητὸν

1893 1893 2209 1948 eorumdem
2242 1893 2474 1964 privatio
2497 1895 2870 1961 denuntiatur;
2889 1895 3000 1964 jam
3024 1911 3201 1966 Operae
3227 1898 3460 1967 pretium

216 1989 359 2059 ψιλὸν
396 1989 744 2061 ὑπολήψεως,
781 1990 909 2055 τούς
934 2009 992 2044 τε
1031 1992 1446 2064 ἀκεραιοτέρους
1480 1993 1588 2046 τῶν
1629 2011 1789 2047 πεπι-

219 2083 536 2145 στευκότων,
569 2083 812 2146 καὶτοὺς
857 2083 944 2137 διὰ
989 2083 1088 2154 τὴν
1141 2083 1440 2156 μικρότητα
1468 2084 1568 2154 τῆς
1618 2086 1790 2154 ἐπαγ-

217 2173 390 2242 γελίας
418 2173 594 2244 ἑτέρῳ
619 2172 738 2243 Θεῷ
770 2172 1228 2244 ἀναπλαττομένῳ
1264 2174 1356 2228 ὑπ’
1384 2175 1563 2228 αὐτῶν
1601 2175 1787 2244 βουλο-

220 2265 405 2336 μένους
441 2268 802 2336 προσκυνεῖν·
859 2265 954 2319 καὶ
1004 2265 1381 2336 φιλοτιμητέον
1428 2268 1489 2320 τὸ
1545 2269 1788 2322 ποικίλον

214 2357 314 2409 τῶν
348 2357 681 2427 σωματικῶν
711 2357 1015 2428 βρωμάτων
1052 2358 1347 2427 ἀναγαγεῖν
1375 2360 1468 2413 ἐπὶ
1489 2360 1682 2424 ταῦτα,
1711 2354 1786 2415 ὧν

221 2449 700 2519 μεταλαμϐάνουσα
729 2451 849 2504 κατ’
895 2450 1051 2514 ἀξίαν
1084 2451 1286 2522 ἑκάστη
1326 2450 1469 2523 ψυχὴ
1503 2453 1786 2522 ἀγιάζεταί

217 2556 271 2591 τε
302 2541 391 2593 καὶ⁵
413 2541 632 2594 εύεκτεῖ
663 2542 757 2595 καὶ
787 2544 1203 2612 ίσχυροποιεῖται
1244 2544 1381 2616 πρὸς
1412 2545 1474 2598 τὸ
1525 2545 1785 2602 δύνασθαι

217 2626 278 2679 τὰ
313 2627 671 2683 ἐπιϐάλλοντα
703 2629 837 2702 αὐτῇ
888 2630 1025 2702 ἔργα
1071 2633 1357 2687 ἐπιτελεῖν·
1383 2635 1524 2704 Ἐγὼ
1556 2637 1612 2690 δὲ
1631 2633 1785 2708 οἶμαι

217 2718 344 2772 αὐτὰ
367 2721 462 2772 καὶ
497 2722 579 2784 εἰς
602 2721 691 2774 τὸν
727 2721 988 2792 μέλλοντα
1021 2724 1194 2779 αἰῶνα
1219 2726 1534 2794 ἀνάγεσθαι.
1563 2729 1672 2782 Καὶ
1699 2729 1786 2783 ἵνα

221 2811 288 2877 μὴ
317 2811 439 2881 περὶ¹
487 2812 598 2864 τῶν
640 2813 971 2884 τηλικούτων
1012 2815 1344 2887 ἀμαρτύρως
1373 2817 1612 2889 δόξωμεν
1651 2820 1786 2873 ἀπο-

216 2900 516 2968 φαίνεσθαι,
553 2903 775 2975 ἀρκέσει
825 2907 954 2976 ἡμῖν
1009 2905 1218 2970 Παῦλος
1271 2907 1581 2976 σαφέστατα
1627 2908 1784 2964 τοῦτο

214 2989 464 3045 διδάσκων
518 2994 574 3047 ἓν
595 2998 660 3066 τῇ
695 2996 832 3066 πρὸς
857 2995 1246 3068 Φιλιππησίους
1271 2998 1555 3065 Ἐπιστολῇ
1575 2997 1746 3064 οὕτως
1762 3015 1778 3032 ·

213 3083 302 3149 Μὴ
329 3080 440 3138 οὖν
469 3102 563 3152 τις
592 3085 748 3156 ὑμᾶς
771 3087 1015 3157 κρινέτω
1051 3088 1123 3142 ἐν
1146 3089 1373 3157 βρώσει
1404 3089 1442 3158 ἢ
1480 3089 1552 3144 ἐν
1583 3092 1777 3158 πόσει,

214 3175 249 3243 ἢ
272 3175 336 3228 ἐν
352 3177 522 3244 μέρει
555 3177 821 3248 ἐορτῆςῆ
848 3181 1178 3251 νουμηνίας
1203 3181 1544 3238 σαϐϐάτων·
1572 3183 1612 3238 ἄ
1647 3183 1780 3240 ἐστι

214 3269 344 3322 σκιὰ
363 3269 482 3322 τῶν
501 3272 876 3340 μελλόντων.

286 3451 375 3503 Ἐν
421 3450 634 3521 ειρήνῃ
686 3452 784 3506 ἐπὶ
843 3453 911 3507 τὸ
971 3453 1118 3508 αὐτὸ
1179 3455 1613 3524 κοιμηθήσομαι
1676 3457 1774 3512 καί

214 3541 492 3602 ὐπνώσω,
531 3541 620 3596 ὅτι
652 3542 754 3608 σὺ,
793 3545 991 3612 Κύριε,
1035 3544 1184 3612 κατὰ
1218 3547 1410 3614 μόνας
1447 3547 1539 3599 ἐπ’
1576 3547 1776 3601 ἐλπίδι

217 3632 541 3700 κατῴκισάς
561 3651 656 3703 με.
688 3636 871 3688 Ἐοικε
897 3635 1085 3705 δηλοῦν
1111 3636 1210 3706 τὴν
1239 3636 1448 3707 ἀϐλαϐῆ
1469 3636 1650 3691 ἄνεσιν
1683 3639 1775 3692 καὶ

215 3720 509 3776 ἀνάπαυσιν
539 3722 640 3793 τῆς
669 3723 868 3794 ψυχῆς,
900 3723 1204 3795 συμφώνως
1231 3725 1308 3795 τῷ
1327 3725 1452 3796 θείῳ
1483 3726 1627 3798 λόγῳ
1654 3730 1774 3782 ἐσο-

218 3812 370 3884 μένην
413 3813 556 3884 me
595 3812 694 3878 τάς
736 3813 872 3885 πρὸς
918 3814 987 3868 τὰ
1030 3813 1289 3868 κάλλιστα
1336 3814 1584 3888 θεωρίας.
1623 3817 1774 3886 Τάχα

214 3904 310 3976 γὰρ
338 3905 394 3960 ὃν
421 3906 624 3978 τρόπον
667 3905 807 3960 κατὰ
842 3907 902 3960 τὸ
948 3907 1107 3978 σῶμα
1139 3909 1400 3978 φαγόντες
1439 3909 1533 3962 καὶ
1561 3909 1774 3971 πιόντες

215 3996 436 4057 ἀνέσεως
454 3997 686 4068 δεόμεθα
710 3998 809 4068 τῆς
831 3998 972 4054 κατά
1003 4001 1092 4054 τὸν
1117 4000 1308 4055 ὕπνον·
1339 4000 1510 4064 οὕτως
1544 4001 1604 4054 ού
1639 4000 1774 4054 πάν-

214 4102 327 4138 τοτε
359 4087 631 4160 δυναμένη
655 4089 898 4160 διαρκεῖν
929 4091 961 4160 ή
994 4089 1138 4162 ψυχὴ
1177 4092 1312 4162 πρὸς
1339 4091 1401 4145 τὸ
1438 4090 1682 4162 θεωρεῖν,
1714 4092 1772 4144 ὲν

216 4179 376 4250 καιρῷ
403 4179 700 4244 ένατενίζει
728 4183 838 4245 τοῖς
880 4181 1021 4235 κατὰ
1063 4183 1162 4254 τὴν
1196 4182 1395 4253 ἑαυτῆς
1434 4183 1659 4253 δύναμιν
1693 4181 1771 4252 τῷ

215 4271 484 4343 αύτάρκει·
514 4269 631 4326 εἶτα
671 4273 1022 4327 διανάπαυσιν
1055 4274 1335 4346 ἡγούμεθα
1369 4274 1655 4344 δηλοῦσθαι
1682 4275 1768 4328 διά

215 4361 332 4413 τοῦ·
376 4363 480 4416 Ἐν
524 4361 731 4432 εἰρήνῃ
767 4363 864 4416 ἐπὶ
904 4363 971 4418 τὸ
1008 4366 1154 4418 αὐτὸ
1195 4365 1625 4436 κοιμηθήσομαι
1667 4365 1766 4419 καὶ

216 4451 474 4508 ὑπνώσω.

1890 1990 1995 2046 est,
2026 1991 2085 2037 ut
2113 1985 2449 2039 credentium
2480 1985 2864 2056 simpliciores,
2892 2003 3105 2042 necnon
3133 2003 3228 2044 eos
3259 1989 3351 2058 qui
3389 1989 3462 2044 ob

1890 2074 2273 2142 promissionis
2323 2077 2643 2131 tenuitatem
2690 2077 2851 2131 deum
2900 2077 3099 2145 alium,
3147 2093 3308 2148 quem
3357 2080 3462 2150 ipsi

1889 2165 1993 2220 sibi
2035 2165 2549 2232 comminiscuntur,
2583 2167 2813 2224 adorare
2844 2169 3055 2236 volunt,
3089 2171 3157 2224 ab
3203 2171 3462 2240 opinione

1888 2265 2052 2328 atque
2085 2258 2358 2313 sententia
2389 2259 2727 2329 hujusmodi,
2763 2275 2826 2315 ex
2861 2259 3054 2316 littera:
3085 2261 3294 2315 vilitate
3325 2277 3458 2317 con-

1887 2358 2063 2420 cepta,
2091 2350 2456 2406 retrahatnus.
2490 2349 2556 2404 Et
2585 2366 2798 2406 summo
2823 2351 3040 2422 quidem
3067 2367 3230 2423 opere
3261 2367 3462 2407 curan-

1887 2440 2040 2509 dum,
2070 2449 2131 2495 ut
2160 2443 2342 2496 varios
2373 2443 2496 2497 illos
2527 2445 2840 2512 corporales
2870 2444 3023 2500 cibos
3048 2445 3115 2498 ad
3151 2445 3287 2500 alios
3314 2445 3459 2499 refe-

1885 2547 2094 2596 ramus,
2130 2534 2286 2602 queis
2334 2549 2434 2604 pro
2481 2535 2678 2589 merito
2727 2533 2932 2590 refecta
2980 2536 3163 2596 anima
3207 2552 3456 2607 qumque,

1885 2631 2073 2678 sancta
2105 2623 2359 2688 edicitur,
2393 2625 2530 2681 bene
2573 2627 2736 2690 valet,
2769 2627 3022 2697 viresque
3062 2628 3261 2698 accipit
3295 2627 3362 2681 ad
3392 2643 3457 2681 ea

1885 2727 2071 2784 opera,
2103 2731 2224 2785 qua:
2269 2718 2354 2771 sui
2407 2717 2567 2772 ofﬁcii
2614 2725 2742 2772 sunt
2787 2720 3152 2789 exsequenda.
3185 2719 3294 2790 Ego
3328 2734 3458 2774 vero

1883 2805 2096 2860 aestimo
2126 2806 2244 2876 ipsa
2273 2807 2434 2861 etiam
2467 2809 2531 2860 ad
2560 2809 2804 2884 iuturum
2840 2811 3097 2864 saeculum
3125 2809 3453 2865 reducenda.

1881 2896 1961 2949 Ac
2006 2911 2075 2949 ne
2118 2897 2184 2951 de
2231 2899 2397 2954 tantis
2439 2900 2602 2954 rebus
2643 2901 2926 2956 videamur
2969 2905 3088 2957 sine
3137 2902 3454 2957 testimonio

1883 2987 2206 3041 sententiam
2243 2989 2406 3051 ferre,
2447 2989 2677 3045 suiliciat
2719 2992 2878 3046 nobis
2917 2990 3146 3047 Paulum
3176 2993 3368 3048 aiierre
3397 2993 3454 3048 in

1881 3073 2125 3146 Epistola
2179 3077 2244 3134 ad
2297 3079 2678 3152 Philippenses
2730 3082 2964 3152 idipsum
3020 3083 3304 3139 docentem
3366 3083 3454 3140 his

1879 3169 2062 3226 verbis
2087 3190 2100 3225 :
2132 3170 2182 3222 Ν
2188 3187 2300 3226 emo
2326 3189 2413 3226 vos
2433 3173 2637 3242 judicet
2662 3173 2716 3227 in
2741 3173 2876 3239 cibo,
2903 3184 2993 3228 aut
3021 3176 3076 3228 in
3102 3185 3248 3243 potu,
3275 3185 3366 3229 aut
3397 3177 3452 3228 in

1878 3267 2030 3328 parte
2084 3258 2188 3314 diei
2237 3260 2360 3330 [cui
2427 3274 2516 3314 aut
2564 3264 2840 3317 neomenia!
2905 3262 3276 3330 sabbatorum,
3330 3281 3448 3335 quc

1877 3359 2002 3405 sunt
2031 3351 2219 3406 umbra
2246 3353 2545 3421 futurorum
2570 3354 2638 3406 ⁸ο.

1947 3441 2116 3500 Vens.
2149 3444 2203 3510 9,
2230 3445 2318 3499 {0.
2363 3444 2426 3499 In
2455 3462 2582 3516 pace
2621 3447 2678 3500 in
2714 3445 2946 3516 idipsum
2987 3446 3256 3502 dormiam
3285 3455 3333 3500 et
3364 3463 3449 3500 reo

1873 3536 2180 3606 quiescam;
2219 3539 2469 3608 quoniam
2517 3549 2594 3606 tu,
2626 3538 2868 3606 Domine,
2897 3539 3238 3610 singulariter
3274 3540 3328 3592 in
3358 3555 3448 3608 spe

1874 3629 2198 3682 constituisti
2242 3647 2341 3684 me.
2385 3629 2631 3685 indicare
2661 3630 2877 3686 videtur
2903 3631 3178 3685 innoxiam
3209 3631 3446 3700 quietem

1874 3721 2150 3792 animique
2195 3723 2596 3786 remissionem,
2631 3739 2754 3794 qua:
2797 3734 2921 3794 post
2964 3725 3447 3794 praastantissima-

1873 3829 1993 3868 rum
2022 3830 2202 3870 rerum
2232 3815 2771 3884 contemplationem,
2802 3823 2862 3870 ut
2896 3815 3082 3869 divino
3112 3815 3278 3870 verbo
3306 3831 3442 3870 con-

1871 3907 2040 3974 venit,
2073 3907 2338 3964 sumenda
2361 3917 2465 3964 est.
2494 3907 2750 3964 Fortasse
2777 3907 2921 3963 enim
2947 3908 3088 3964 sicut
3109 3917 3232 3978 post
3259 3908 3442 3963 cibum

1871 4005 2166 4070 potumque
2207 4001 2566 4068 corporalem,
2597 4002 2779 4070 quiete
2816 3999 2908 4054 illa
2951 4016 3172 4068 egemus
3198 4015 3320 4069 quae
3345 4014 3442 4080 per

1871 4103 2122 4144 somnum
2153 4091 2408 4155 sumitur,
2441 4091 2515 4144 ita
2545 4106 2668 4161 cum
2701 4105 2810 4146 non
2849 4091 3028 4146 valeat
3069 4092 3248 4146 anima
3298 4109 3442 4147 sem-

1869 4196 1966 4249 per
2008 4196 2072 4235 ac
2115 4182 2235 4236 sine
2283 4183 2690 4238 intermissione
2737 4182 3184 4252 contemplationi
3222 4197 3440 4246 vacare,

1868 4277 2020 4325 certo
2063 4273 2281 4341 quidem
2329 4280 2573 4341 tempore
2626 4271 2934 4341 spiritualia
2981 4271 3207 4340 respicit
3246 4286 3308 4325 ac
3341 4286 3440 4340 pro

1866 4363 2076 4418 viribus
2124 4364 2474 4434 speculatur;
2510 4362 2706 4416 deinde
2746 4377 2876 4416 vero
2904 4363 3195 4432 requiescit
3227 4381 3240 4416 :
3273 4378 3436 4432 quam

1863 4463 2120 4524 putamus
2146 4456 2389 4525 requiem
2421 4455 2506 4510 his
2537 4454 2834 4525 signiﬁcari
2859 4473 2872 4508 :
2895 4452 2960 4509 In
2980 4470 3105 4523 pace
3130 4456 3187 4508 in
3210 4455 3436 4523 idipsunt

1865 4543 2127 4599 dormiam
2155 4556 2203 4600 et
2236 4547 2574 4616 requiescam.

285 4629 505 4684 Ἐκεῖνοι
549 4631 667 4703 μὲν,
701 4633 884 4704 φησὶν,
919 4634 967 4686 οἱ
1021 4633 1207 4686 πολλοὶ
1263 4634 1356 4687 ἅτε
1404 4635 1468 4706 δὴ
1508 4637 1761 4690 πλατεῖαν

1935 4637 2016 4693 Illi
2046 4645 2214 4702 certe,
2239 4639 2332 4703 ait,
2363 4639 2454 4708 qui
2489 4637 2643 4691 multi
2673 4653 2900 4692 numero
2927 4645 3075 4701 sunt,
3095 4639 3250 4692 multi
3281 4653 3434 4692 nam-

216 4718 296 4769 καὶ
325 4720 632 4791 εὐρύχωρον
666 4721 959 4786 ὁδεύοντες,
993 4723 1058 4775 δι’
1085 4719 1154 4795 ἧς
1179 4726 1227 4776 οἱ
1259 4723 1441 4778 πολλοὶ
1469 4725 1761 4796 βαδίζουσι,

1882 4748 1972 4802 lue
2017 4733 2073 4786 in
2117 4733 2226 4786 lata
2265 4733 2614 4803 spatiosaque
2642 4731 2729 4786 via
2761 4733 3117 4802 gradiuntur;
3167 4748 3275 4786 non
3309 4746 3431 4800 spe-

215 4806 300 4860 οὐκ
323 4809 531 4876 ἐλπίζον
546 4813 645 4878 τες,
686 4813 770 4877 τίς
799 4812 960 4878 δείξει
990 4814 1174 4878 αὐτοῖς
1209 4815 1276 4869 τά
1316 4816 1456 4870 κατά
1509 4817 1763 4889 ἀλήθειαν

1882 4831 2049 4878 'antes
2079 4823 2272 4880 adesse
2297 4823 2628 4894 quempiam,
2658 4825 2752 4893 qui
2777 4825 3027 4880 ostendat
3054 4825 3188 4896 ipsis
3217 4840 3281 4879 ea
3309 4839 3429 4894 quae

217 4897 392 4966 ἀγαθὰ,
423 4906 480 4956 ὲν
509 4905 636 4975 οἴνῳ
663 4907 755 4959 καὶ
788 4905 950 4977 ἐλαίῳ
992 4907 1087 4960 καὶ
1117 4907 1250 4979 σίτῳ
1283 4907 1660 4980 πληθύνοντες,
1686 4911 1762 4974 ὡς

1882 4915 2162 4970 ιεουηᾱιιω
2191 4915 2270 4970 rei
2295 4915 2582 4970 veritatem
2621 4914 2761 4970 bona
2806 4926 2961 4985 sunt;
2995 4917 3141 4982 vino,
3171 4917 3294 4972 oleo
3343 4923 3428 4970 at-

217 4987 413 5055 ἀγαθῶν
446 4995 647 5051 τούτων
678 4997 970 5052 ἀπολαύειν
994 4998 1250 5068 ἡγοῦνται
1270 5017 1283 5030 ·
1315 5001 1436 5070 ἐμοὶ
1477 5001 1532 5054 δὲ
1554 5001 1630 5072 τῷ
1659 5020 1758 5055 κα-

1882 5021 1966 5076 μιε
1999 5005 2276 5060 frumento
2301 5005 2584 5061 amuentes
2603 5044 2620 5071 ,
2648 5007 2716 5062 iis
2743 5022 2802 5062 se
2828 5017 3085 5078 tanquam
3115 5023 3240 5063 vere
3267 5007 3428 5062 bonis

215 5080 514 5155 ταξιωμένῳ
553 5085 647 5140 τοῦ
691 5089 866 5158 φωτὸς
910 5088 1002 5142 τοῦ
1047 5088 1334 5160 προσώπου
1379 5108 1502 5156 σου,
1553 5091 1754 5162 Κύριε,

1882 5100 1967 5152 ‘rui
2010 5097 2370 5154 arbitrantur.
2425 5098 2557 5154 Mihi
2591 5116 2754 5164 vero,
2790 5116 2952 5171 quem
2996 5099 3201 5155 lumine
3242 5102 3425 5156 vultus

217 5167 398 5236 ἔδωκας
433 5175 765 5247 εὐφροσύνην
796 5176 1050 5248 καρδίας·
1079 5177 1193 5230 ἀλλ’
1225 5179 1345 5231 οὐδὲ
1379 5179 1596 5250 σαρκῶν
1636 5179 1756 5232 οὐδὲ

1882 5190 1935 5242 ui
1966 5188 2222 5258 dignatus
2254 5204 2347 5254 es,
2385 5189 2647 5256 Domine,
2689 5167 2873 5246 cordis
2907 5191 3148 5246 laetitiam
3181 5191 3421 5258 dedisti;

219 5263 480 5330 σωμάτων,
512 5268 606 5321 καὶ
637 5269 699 5321 οὐ
726 5268 824 5340 τὴν
863 5270 924 5334 ἐξ
959 5271 1100 5323 οἴνου
1127 5270 1219 5323 καὶ
1255 5269 1399 5324 σίτου
1443 5270 1536 5324 καὶ
1577 5271 1754 5324 ἐλαίου

1882 5295 1966 5334 non
2017 5281 2165 5335 illam
2217 5296 2349 5337 sane
2392 5297 2512 5353 qua:
2551 5283 2704 5338 carni
2753 5283 3081 5353 corporique
3131 5284 3420 5353 competit,

1858 5387 2034 5443 neque
2067 5372 2215 5426 illam
2249 5389 2371 5444 qua:
2401 5374 2712 5440 frumento,
2742 5376 2870 5430 vino
2937 5382 2991 5429 et
3022 5375 3144 5430 oleo
3172 5375 3418 5438 aﬂ‘ertur,

1855 5463 1950 5519 sed
2002 5463 2243 5518 laetitiam
2291 5481 2413 5535 quae
2455 5474 2636 5521 mente
2679 5467 2998 5536 percipitur.
3043 5467 3177 5522 Cum
3207 5467 3351 5522 enim
3385 5480 3417 5518 a

1856 5553 2140 5611 Salvatore
2163 5571 2343 5627 exque
2371 5557 2658 5627 promissis
2685 5555 2797 5611 tuis
2821 5556 3136 5612 edidicerint
3154 5596 3171 5620 ,
3202 5557 3418 5612 etiamsi

1851 5647 1987 5701 mihi
2039 5647 2289 5717 dolores,
2339 5663 2629 5716 aerumnae,
2671 5650 3028 5714 tentationes,
3079 5649 3417 5705 calamitates

1853 5738 1912 5794 in
1972 5742 2226 5810 praesenti
2273 5741 2382 5798 vita
2431 5755 2543 5798 non
2593 5740 2886 5808 deﬁciant,
2938 5739 3182 5796 futurum
3233 5751 3416 5798 tamen

218 5352 408 5424 σώμασι
463 5361 907 5433 κορηγουμένην,
950 5363 1063 5416 ἀλλ’
1098 5363 1431 5434 εὐφροσύνην
1475 5362 1573 5434 τὴν
1617 5363 1756 5417 κατά

218 5440 450 5505 διάνοιαν.
489 5451 693 5505 Μαθὼν
738 5452 846 5522 γὰρ
880 5453 1027 5526 παρὰ
1071 5453 1163 5506 τοῦ
1213 5453 1460 5524 Σωτῆρος
1498 5453 1593 5506 καὶ
1646 5453 1755 5506 τῶν

222 5533 314 5586 σῶν
348 5540 698 5610 ἐπαγγελιῶν,
725 5543 829 5607 ὅτι,
871 5546 919 5596 εί
952 5544 1046 5598 καὶ
1076 5545 1145 5597 τὰ
1192 5545 1426 5615 μάλιστα
1481 5545 1621 5598 κατὰ
1664 5545 1754 5598 τὸν

219 5615 459 5678 ἐνεστῶτα
494 5627 604 5698 βίον
641 5629 808 5683 λύπαι
841 5648 930 5701 μοι
968 5632 1061 5685 καὶ
1103 5631 1308 5704 θλίψεις
1341 5633 1434 5688 καὶ
1463 5636 1754 5706 πειρασμοὶ

220 5709 300 5761 καὶ
325 5718 658 5784 περιστάσεις
683 5722 744 5774 ού
771 5720 1152 5788 διαλείπουσιν,
1185 5724 1298 5778 ἀλλ’
1329 5725 1478 5780 ἔσται
1513 5742 1602 5797 μοι
1632 5743 1750 5782 και-

280 5821 321 5853 "
354 5825 554 5888 Coloss.
588 5848 662 5897 ιι,
696 5834 793 5897 16,
828 5835 916 5892 Π.
