3994 6448
489 409 588 464 ΙΗ

1191 395 1458 465 EUSEBII
1498 407 1976 463 CESARIENSIS
2014 406 2164 463 opp.
2207 399 2384 458 rans
2424 381 2514 451 Ill.
2556 433 2616 444 -
2657 403 3062 460 EXEGETICA.

3633 403 3724 456 1ίῖ
3879 6 3941 446 Χ

484 535 616 590 mihi
649 543 863 603 tempus
895 547 1006 603 quo
1038 547 1068 586 a
1099 546 1328 602 corpore
1379 531 1635 587 decedam
1657 572 1672 596 ,
1719 548 1782 586 ac
1827 533 1880 586 in
1920 545 2053 602 pace

2174 528 2254 591 πὸς
2285 528 2313 580 6
2333 525 2434 597 τῆς
2456 522 2778 596 ἀπαλλαγῆς
2803 522 2898 577 τοῦ
2923 522 3187 591 σώματος,
3213 519 3342 575 καθ’
3367 519 3428 572 ὃν
3464 521 3522 572 tv
3551 520 3727 593 εἰρήνῃ

482 626 748 682 dormiam
772 664 788 690 ,
821 635 874 679 et
906 641 936 680 a
967 639 1193 694 corpore
1223 624 1535 689 liberabor;
1569 641 1864 696 persuasus
1896 628 2056 695 plane

484 732 604 772 sum
645 723 782 770 tunc
820 715 954 770 mihi
997 714 1184 770 adfore
1206 715 1405 770 laetitiae
1436 716 1595 770 tinem
1625 730 1688 770 ac
1715 731 2058 772 consumma-

483 809 688 863 tionem
715 826 729 876 ;
763 822 888 861 cum
920 807 1130 862 scilicet
1159 823 1244 864 me
1269 822 1438 878 scpor
1465 807 1554 862 ille
1581 809 1881 880 mortisque
1911 826 2056 866 som-

486 916 591 956 nus
623 899 1118 969 comprehenderit.
1154 900 1308 953 Tunc
1337 899 1481 954 enim
1512 907 1571 953 tu
1608 900 1756 972 ipse,
1797 900 2053 962 Domine,

485 1007 574 1047 me
607 993 702 1045 tali
734 1007 828 1061 spe
873 991 1013 1046 bona
1055 992 1381 1047 instructum
1427 993 1670 1062 excipies
1712 1001 1766 1046 et
1804 993 1857 1046 in
1889 994 2056 1047 cmle-

486 1084 667 1138 stibus
691 1083 1069 1140 mansionibus
1099 1085 1415 1140 collocabis.
1443 1084 1680 1140 Observa
1705 1100 1868 1154 porro
1895 1086 2056 1138 etiam

489 1171 594 1226 hoc
626 1172 745 1226 loco
775 1172 1194 1242 diapsalmatum
1225 1173 1608 1229 distinctiones
1628 1214 1641 1233 .
1673 1189 1792 1244 quae
1820 1174 1902 1227 vel
1935 1189 2060 1227 sen-

489 1262 677 1317 tentiae
704 1264 1062 1318 mutationem
1090 1264 1368 1328 indicant,
1397 1266 1480 1319 vel
1511 1265 1743 1321 fortasse
1771 1265 2057 1320 melodiam

490 1366 811 1407 conversam
832 1393 846 1418 ,
880 1353 995 1407 sive
1027 1353 1264 1424 denique
1295 1354 1634 1426 rhythmum.

562 1525 814 1581 Asterius
843 1533 1025 1581 autem
1053 1528 1278 1581 arianus
1305 1527 1450 1580 hunc
1479 1525 1747 1596 psalmum
1781 1525 1860 1580 sic
1891 1541 2062 1594 expo-

493 1617 642 1672 suit:
695 1615 911 1682 Quare,
959 1617 1013 1669 in
1057 1616 1213 1684 ﬁnem
1257 1617 1312 1670 in
1350 1616 1586 1686 hymnis,
1635 1617 1932 1686 inscriptus
1975 1617 2064 1670 hic

489 1708 738 1778 psalmus
787 1709 913 1764 est?
952 1708 1090 1774 Quia
1134 1709 1304 1779 probe
1346 1709 1545 1778 cmpit,
1583 1724 1647 1762 ac
1682 1708 1850 1778 probe
1896 1708 2062 1762 vitam

489 1801 627 1856 obiit
657 1819 668 1854 :
703 1802 819 1865 vel,
846 1801 974 1870 quia
1003 1801 1142 1855 male
1171 1801 1448 1870 inceperat
1473 1841 1486 1864 ,
1518 1815 1642 1852 cum
1674 1797 1816 1853 Uria:
1840 1814 2062 1853 uxorem

2165 622 2460 693 ποιήσομαι
2491 619 2590 690 τὴν
2617 619 2870 689 κοίμησιν
2905 617 3002 671 καὶ
3029 617 3125 686 τὴν
3158 611 3485 681 ἀπαλλαγὴν
3515 611 3608 664 τοῦ
3639 612 3732 666 σώ-

2165 729 2366 785 ματος’
2417 707 2475 766 εὖ
2513 711 2571 764 δὲ
2607 709 2848 782 ἀκριὸὦς
2875 710 3204 778 πέπεισμαι,
3234 707 3318 759 ὅτι
3353 705 3478 758 τότε
3511 720 3599 774 μοι
3636 723 3734 759 πα-

2166 806 2351 878 ρέσται
2382 804 2451 858 τὰ
2489 803 2614 875 τέλη
2641 803 2740 872 τῆς
2780 800 3135 874 εὐφροσύνης,
3170 797 3395 852 ἐπειδὰν
3429 799 3463 867 ἡ
3493 797 3735 867 κοίμησίς

2166 916 2232 970 με
2267 896 2550 969 καταλάϐῃ
2580 896 2675 948 καὶ
2722 896 2751 947 6
2799 893 2941 948 κατὰ
2977 892 3068 946 τὸν
3112 891 3342 945 θάνατον
3388 889 3574 952 ὕπνος.
3615 891 3734 944 Τότε

2161 992 2270 1061 γὰρ
2303 989 2367 1042 σὺ
2417 987 2578 1050 αὐτὸς
2616 989 2665 1050 6,
2718 986 2910 1058 Κύριε,
2944 983 3082 1056 μετὰ
3130 985 3228 1054 τῆς
3269 981 3492 1050 ἀγαθῆς
3545 981 3736 1053 ταύτης

2162 1081 2377 1144 ἐλπίδος
2406 1076 2689 1133 ἀναλαϐών
2723 1095 2788 1148 με
2820 1078 3112 1138 κατοικιεῖς
3147 1077 3204 1127 tv
3246 1076 3370 1136 ταῖς
3407 1073 3737 1142 ἐπουρανίοις

2167 1174 2375 1244 μοναῖς.
2407 1171 2721 1242 Σημείωσαι
2741 1169 2796 1222 δὲ
2826 1168 3101 1222 κάνταῦθα
3131 1167 3229 1230 τὰς
3256 1166 3354 1218 ἐπὶ
3386 1167 3500 1226 τοῖς
3531 1164 3740 1233 διαψάλ-

2167 1282 2297 1335 μασι
2336 1262 2639 1326 διαστολὰς,
2671 1264 2788 1332 ἦτοι
2827 1261 2925 1331 τῆς
2965 1260 3200 1322 διανοίας
3243 1257 3556 1328 ἐναλλαγὴν
3593 1275 3740 1328 παρι-

2164 1355 2398 1419 στώσας,
2421 1356 2453 1426 ἢ
2478 1355 2618 1425 τάχα
2641 1354 2941 1426 μεταϐολὴν
2961 1352 3053 1405 τοῦ
3087 1351 3277 1423 μέλους
3310 1349 3740 1415 ὲναλλάττοντος,

2166 1446 2198 1516 ἢ
2233 1446 2322 1498 τὸν
2360 1445 2585 1516 ῥυθμόν.

2239 1538 2312 1608 (ι)
2371 1538 2645 1608 Ἀστέριος
2691 1537 2746 1590 δὲ
2802 1538 2831 1590 6
2875 1538 3125 1608 ἁρειανὸς
3169 1537 3344 1599 οὕτως
3410 1535 3502 1587 τὸν
3542 1533 3741 1604 ψαλμὸν

2168 1630 2492 1702 ἐξηγήσατοο
2523 1628 2620 1682 Διὰ
2650 1629 2722 1692 τί,
2762 1631 2849 1694 εις
2881 1628 2945 1682 τὸ
2980 1629 3155 1694 τέλος
3189 1629 3260 1681 ἐν
3291 1628 3535 1696 ὕμνοις,
3565 1628 3739 1695 ἐπιγέ-

2168 1739 2410 1794 γραπται
2438 1724 2466 1775 6
2495 1720 2740 1790 ψαλμόςς
2787 1719 3000 1790 Ἐπειδὴ
3035 1719 3216 1782 καλῶς
3247 1721 3349 1790 μὲν
3388 1719 3616 1790 ἤρξατο,
3653 1737 3743 1773 κα-

2168 1813 2276 1877 λῶς
2295 1813 2348 1865 δὲ
2375 1812 2465 1864 τὸν
2499 1811 2610 1881 βίον
2637 1811 2848 1863 ἐτέλεσε
2867 1827 2880 1840 ·
2906 1811 2938 1881 ἢ
2969 1810 3153 1881 ἐπειδὴ
3180 1810 3366 1874 κακῶς
3398 1811 3502 1881 μὲν
3529 1810 3738 1881 ἤρξατο,

492 1893 804 1947 abluentem
848 1907 907 1948 se
949 1892 1332 1962 conspicatus,
1385 1892 1490 1962 ipsi
1539 1899 1790 1960 stuprum
1844 1891 2064 1956 intulit;

2174 1903 2453 1975 θεωρήσας
2487 1903 2584 1972 τὴν
2628 1901 2721 1954 τοῦ
2770 1900 2968 1973 Οὐρίου
3021 1904 3253 1969 γυναῖκα
3297 1900 3601 1971 λουομένην
3656 1899 3742 1953 καὶ

491 1985 631 2039 bene
662 1993 842 2040 autem
875 2000 934 2040 se
966 1986 1135 2056 gessit
1163 1985 1308 2054 quod
1343 1993 1562 2055 peracta
1603 1985 1923 2054 pmnitentia
1957 1986 2062 2037 vita

493 2075 714 2131 functus
747 2077 837 2131 sit.
873 2075 1138 2145 Ideoque,
1174 2077 1227 2130 in
1259 2076 1575 2145 principium
1611 2076 1664 2128 in
1688 2075 1988 2143 vituperiis,
2013 2076 2066 2128 in

493 2169 651 2238 ﬁnem
691 2169 743 2221 in
783 2170 988 2238 hymnis
1028 2169 1264 2222 dicatur.
1301 2167 1553 2222 Psalmus
1588 2167 1779 2224 Davidi
1809 2208 1823 2231 ,
1861 2167 1914 2220 id
1946 2175 2063 2230 est,

493 2261 828 2332 pmnitentia:
881 2275 1082 2330 opera,
1131 2262 1255 2330 quia
1310 2261 1397 2314 ubi
1445 2260 1734 2314 abundavit
1781 2259 2065 2324 delictum,

496 2352 954 2421 superabundavit
989 2352 1207 2421 justitia
1255 2355 1323 2409 ".
1373 2352 1736 2418 Quamobrem
1784 2355 1901 2406 ait:
1935 2352 2067 2426 Cum

493 2440 790 2495 invocarem
817 2443 1082 2496 exaudivit
1111 2461 1189 2497 me
1217 2443 1352 2498 Deus
1369 2443 1598 2512 justitiaz
1622 2460 1771 2506 mete,
1796 2443 2066 2513 justitiam

495 2546 654 2586 suam
685 2532 852 2588 David
888 2535 1261 2604 paenitentiam
1302 2545 1480 2590 vocat.
1518 2534 1665 2590 Vidit
1703 2534 1846 2590 Deus
1877 2549 2070 2590 emun-

496 2621 678 2676 datam
727 2625 1001 2687 animam,
1045 2626 1375 2696 admisitque
1413 2627 1736 2681 orationem.
1782 2626 1910 2682 Sive
1958 2625 2068 2681 for-

495 2722 643 2769 tasse
673 2716 802 2784 quia
832 2715 887 2769 in
931 2716 1250 2785 praecedenti
1302 2718 1531 2787 psalmo,
1586 2733 1709 2772 cum
1769 2717 1838 2772 ab
1890 2717 2068 2772 Absa-

498 2806 624 2861 Ione
673 2807 816 2862 bello
868 2808 1148 2879 impetitus
1202 2811 1448 2880 lugeret,
1483 2810 1850 2866 interveniens
1899 2811 2070 2866 oratio

500 2904 794 2969 tyrannum
827 2899 894 2954 de
920 2901 1102 2955 medio
1135 2901 1358 2956 sustulit
1387 2919 1401 2967 ;
1435 2916 1534 2955 ceu
1562 2901 1930 2972 interrogatus
1961 2915 2068 2969 qua

497 2989 710 3044 ratione
775 2991 1103 3046 Absaloncm
1170 2993 1505 3056 debellaret,
1569 2991 1864 3062 respondet
1916 2991 2070 3046 initio

498 3083 716 3151 psalmi.
753 3081 908 3137 Sicut
943 3085 1088 3138 enim
1113 3123 1128 3148 ,
1167 3084 1380 3154 inquit,
1418 3091 1540 3155 post
1573 3091 1857 3156 peccatum
1891 3100 2068 3139 meum

499 3171 643 3229 Deus
675 3174 826 3228 illum
861 3175 1150 3231 adversum
1183 3191 1270 3232 me
1311 3176 1625 3240 suscitavit,
1669 3177 1748 3230 sic
1785 3177 2068 3246 pcenitenti

2169 1993 2452 2064 ἐμοίχευσε
2473 2008 2484 2021 ·
2519 1991 2700 2054 καλῶς
2736 1989 2812 2052 δὲ,
2850 1989 3206 2060 μετανοήσας,
3231 1989 3323 2041 τὸν
3356 1986 3476 2056 βίον
3500 1986 3738 2038 ὲτέλεσεο

2167 2084 2254 2138 διὰ
2285 2083 2442 2136 τοῦτο
2466 2084 2553 2148 είς
2580 2080 2696 2147 τὴν
2727 2079 2924 2148 ἀρχὴν
2955 2080 3026 2132 ἐν
3057 2082 3303 2148 ψόγοις,
3345 2080 3438 2144 εις
3468 2078 3537 2130 τὸ
3582 2077 3741 2143 τέλος

2169 2176 2237 2228 ἐν
2265 2175 2492 2244 ὕμνοις.
2525 2172 2771 2241 Ψαλμὸς
2798 2169 2876 2234 τῷ
2921 2169 3099 2223 Δαυῒδ
3130 2172 3162 2240 ἠ
3195 2168 3396 2240 πρᾶξις
3442 2167 3545 2237 τῆς
3591 2183 3742 2238 μετα-

2168 2269 2346 2331 νοίας·
2389 2267 2484 2320 καὶ
2530 2265 2716 2335 ἐπειδὴ
2766 2265 2917 2317 ὅπου
2960 2263 3336 2316 ἐπλεόνασεν
3371 2262 3412 2331 ή
3460 2260 3739 2330 ἁμαρτία,

2169 2358 2761 2428 ὑπερεπερίσσευσεν
2808 2359 2846 2423 ἠ
2885 2355 3258 2422 δικαιοσύνη,
3298 2352 3390 2407 διὰ
3441 2352 3601 2406 τοῦτο
3641 2352 3743 2404 ἑλε-

2169 2469 2291 2523 γεν·
2312 2449 2500 2518 Ἐντῷ
2519 2449 2933 2505 ἐπικαλεῖσθαί
2948 2464 3024 2517 με
3068 2446 3392 2513 ῖὶσήκουσέ
3414 2464 3537 2516 μου
3561 2448 3594 2498 ό
3611 2444 3738 2510 Θεὸς

2169 2544 2280 2613 τῆς
2304 2545 2694 2610 δικαιοσύνης
2729 2560 2868 2612 μου.
2919 2541 3270 2611 Δικαιοσύνην
3309 2539 3420 2610 γὰρ
3465 2536 3630 2590 αὐτοῦ
3657 2535 3741 2590 νῦν

2169 2632 2317 2702 λέγει
2355 2635 2384 2686 6
2429 2631 2589 2685 Aau‘i6
2625 2633 2723 2703 τὴν
2760 2632 3064 2702 μετάνοιαν.
3101 2625 3253 2682 Εἷδεν
3281 2631 3309 2682 6
3361 2627 3499 2691 Θεὸς
3546 2624 3739 2696 καθαρ-

2171 2724 2357 2779 θεῖσαν
2400 2723 2498 2795 τὴν
2538 2723 2715 2794 ψυχὴν
2737 2763 2751 2786 ,
2786 2724 2880 2776 καλ⁸
2919 2722 3136 2786 ἐδέξατο
3169 2721 3266 2792 τὴν
3319 2719 3649 2792 προσευχήν.
3679 2717 3740 2769 Ἦ

2173 2816 2360 2887 ἐπειδὴ
2396 2819 2453 2869 tv
2499 2815 2577 2887 τῷ
2612 2815 2716 2886 πρὸ
2759 2814 2948 2868 τούτου
2980 2813 3180 2884 ψαλμῷ
3233 2811 3324 2866 τὸν
3373 2811 3611 2879 διωγμὸν
3660 2807 3740 2861 τὸν

2171 2911 2277 2964 ὑπὸ
2302 2910 2396 2964 τοῦ
2449 2908 2786 2962 Ἀϐεσσαλὼν
2835 2907 3103 2980 ὠδύρετοο
3155 2903 3434 2979 προσευχὴ
3494 2904 3552 2956 δὲ
3602 2918 3742 2973 μεσι-

2173 3004 2412 3058 τεύσασα
2443 3003 2534 3056 τὸν
2581 3001 2841 3072 τύραννον
2870 2999 3078 3054 ἀνεῖλεν
3096 3015 3112 3030 ο
3144 2998 3219 3061 ὡς
3239 3035 3253 3059 ,
3307 2995 3604 3068 ἐρωτηθεὶς
3634 2991 3739 3056 πῶς

2171 3095 2266 3150 τοῦ
2326 3095 2678 3165 Ἀὁεσσαλὼμ
2719 3094 3003 3163 ἐνίκησεν,
3058 3090 3394 3162 ἀπεκρίνατο
3442 3088 3540 3156 τὴν
3581 3085 3738 3156 ἀρχὴν

2172 3189 2265 3243 τοῦ
2298 3187 2533 3260 ψαλμοῦ.
2566 3188 2776 3259 Ὥσπερ
2807 3185 2934 3257 γὰρ,
2971 3184 3159 3256 φησὶν,
3194 3179 3575 3253 ἁμαρτήσαντί
3605 3195 3686 3250 μοι
3713 3176 3739 3228 6

496 3267 787 3320 victoriam
839 3267 1074 3336 paravit.
1125 3267 1240 3322 Cur
1281 3276 1460 3322 autem
1502 3269 1586 3323 vel
1626 3267 1746 3338 ipso
1779 3268 2068 3323 invocandi

2174 3255 2493 3344 Θεὸς-αὑτὸν
2519 3281 2640 3333 κατ’
2679 3255 2813 3349 ἐμοῦ
2845 3255 3087 3348 ἤγειρεν,
3131 3272 3306 3336 οὕτως
3361 3271 3740 3342 μετανοήσαντι

499 3364 744 3426 tempore
773 3357 1062 3412 exauditus
1109 3365 1195 3411 est
1245 3356 1460 3412 David?
1505 3357 1645 3423 Quia
1695 3358 2008 3428 increpatus
2041 3372 2071 3411 a

501 3447 711 3502 Nathan
741 3450 990 3518 protinus
1021 3447 1089 3502 ad
1124 3449 1500 3518 paenitentiam
1544 3465 1737 3504 versus
1779 3456 1863 3505 est
1891 3469 1902 3503 :
1937 3465 2070 3518 qua-

501 3547 724 3608 propter
751 3553 877 3592 cum
907 3549 1246 3608 precaretur,
1275 3539 1457 3594 subito
1484 3540 1774 3595 exauditus
1804 3549 1905 3596 est.
1935 3539 2070 3594 Nam

501 3629 682 3694 Dens,
738 3631 832 3702 qui
890 3633 1071 3685 omnia
1111 3648 1434 3702 quacunque
1477 3631 1585 3687 vult
1627 3633 1756 3702 facit
1788 3634 1855 3697 ",
1886 3633 2072 3688 statim

501 3722 766 3790 exaudit;
814 3732 868 3779 et
919 3724 1099 3780 adhuc
1153 3725 1412 3796 loquente
1458 3725 1683 3781 homine
1732 3724 1904 3781 dicit:
1939 3724 2074 3779 Ecce

503 3815 693 3868 adsum
726 3813 809 3867 ⁸³.“

570 3990 776 4049 Deinde
804 4009 934 4050 vero
966 4003 1255 4066 postquam
1285 3996 1649 4052 familiaribus
1681 3997 1914 4052 dixisset
1961 4013 2072 4068 quo

503 4093 664 4153 pacto
697 4087 882 4141 statim
913 4089 1204 4144 exauditus
1246 4096 1414 4155 esset,
1472 4103 1784 4143 sermonem
1812 4091 1973 4144 vertit
2005 4089 2070 4142 ad

504 4176 694 4242 Deum,
756 4180 1185 4252 propitiantique
1214 4181 1318 4236 sibi
1351 4181 1556 4251 gratias
1587 4181 1732 4250 agit,
1765 4182 1819 4234 in
1849 4181 2076 4235 tribula-

504 4270 646 4323 tione
702 4269 950 4325 dilutasti
993 4273 1142 4325 mihi.
1179 4272 1573 4327 IErunInarum
1621 4272 1842 4338 ﬂuctus,
1873 4273 2072 4344 inquit,

505 4362 790 4431 repentina
821 4365 1194 4434 tranquillitas
1239 4364 1581 4436 compescuit
1616 4382 1629 4418 :
1662 4365 1913 4435 fameque
1943 4381 2073 4420 con-

505 4450 705 4506 fectum
736 4469 820 4509 me
853 4454 1035 4509 fructu
1056 4455 1338 4519 frumenti,
1363 4457 1476 4510 vini
1506 4466 1559 4511 et
1591 4459 1693 4513 olei
1714 4457 1955 4513 dilatasti
1979 4477 1993 4524 ;
2018 4467 2076 4512 ut

506 4565 615 4604 non
673 4550 823 4603 solus
861 4564 997 4620 ego,
1061 4549 1152 4604 sed
1188 4565 1380 4605 omnes
1431 4551 1636 4606 subditi
1693 4551 1798 4606 mei
1828 4567 1890 4607 ea
1919 4553 2076 4624 cepia

505 4641 840 4697 fruerentur.
871 4642 1232 4708 Quamobrem
1278 4644 1392 4698 haec
1435 4643 1665 4699 inferius
1710 4644 2010 4716 subiungit,
2043 4661 2074 4696 a

506 4733 686 4802 fructu
739 4733 1008 4800 frumenti,
1037 4734 1147 4787 vini
1188 4744 1236 4789 ct
1280 4735 1382 4790 olei
1413 4737 1497 4790 sui
1541 4736 1882 4806 multiplicati
1931 4746 2081 4792 sunt:

510 4826 749 4889 illorum,
780 4826 978 4895 inquit,
1011 4827 1342 4882 abundantia
1373 4829 1558 4885 cordis
1588 4831 1719 4884 mihi
1743 4829 1928 4883 laetitia
1953 4829 2074 4884 fuit.

499 4918 646 4976 Illud
677 4927 856 4973 autem
891 4920 960 4975 ab
993 4922 1110 4990 ipsa
1140 4922 1370 4977 historia
1405 4923 1724 4980 ediscimus.
1766 4923 1899 4978 Nam
1953 4939 2077 4978 cum

507 5007 651 5063 bello
680 5008 960 5080 impetitus
987 5012 1055 5066 ab
1083 5013 1356 5068 Absalone
1389 5014 1600 5084 fugeret
1629 5015 1684 5068 in
1721 5014 1939 5068 deserta
2000 5022 2080 5068 at-

508 5115 615 5170 que
666 5110 902 5169 montes,
941 5102 1082 5158 fame
1116 5119 1180 5159 ac
1221 5121 1402 5160 rerum
1441 5107 1687 5176 penuria,
1731 5122 1796 5161 eo
1839 5114 2081 5176 tempore

509 5192 857 5258 calamitatis,
895 5195 1186 5252 amictatus
1215 5237 1228 5260 ,
1279 5196 1400 5267 ejus
1449 5199 1732 5268 angustias
1769 5198 1913 5254 Deus
1950 5215 2078 5253 con-

509 5283 742 5340 solatur.
780 5285 992 5343 Primus
1025 5290 1169 5343 enim
1204 5287 1365 5353 Siba,
1397 5306 1463 5346 ex
1497 5290 1658 5345 domo
1692 5289 1873 5346 Saulis
1901 5290 2079 5344 famu-

511 5375 620 5440 lus,
651 5377 830 5431 attulit
861 5377 961 5448 ipsi
987 5394 1156 5450 panes
1186 5380 1472 5446 ducentos,
1501 5382 1710 5446 vinum,
1747 5382 1995 5453 palathas
2025 5391 2074 5436 et

511 5480 648 5522 uvas
674 5481 868 5538 passas
903 5487 915 5522 :
988 5477 1174 5539 postea
1204 5485 1333 5526 vero
1380 5471 1607 5528 Berzelli
1643 5470 1954 5528 Galaadites
1984 5471 2078 5526 ob-

2171 3373 2268 3444 τὴν
2304 3373 2421 3425 κατ’
2461 3369 2625 3423 αὑτοῦ
2659 3369 2968 3440 ἐδωρήσατο
2999 3367 3176 3437 νίκην.
3223 3363 3321 3417 Διὰ
3353 3363 3406 3416 τί
3429 3363 3475 3416 δ’
3516 3363 3574 3413 tv
3603 3356 3739 3428 αὐτῷ

2171 3461 2249 3533 τῷ
2275 3458 2647 3515 ἐπικαλεῖσθαι
2672 3457 2998 3529 εἰσηκούσθη
3028 3459 3057 3510 6
3085 3455 3280 3520 Δαυῖδ;
3328 3451 3568 3523 Ἐπειδὴ,
3600 3450 3740 3518 ὲλεγο

2172 3551 2398 3624 χόμενος
2431 3551 2536 3604 ὑπὸ
2563 3550 2657 3602 τοῦ
2703 3549 2910 3614 Νάθαν,
2934 3547 3095 3611 εὐθὺς
3127 3548 3207 3610 είς
3255 3546 3544 3617 μετάνοιαν
3585 3542 3740 3610 ἐκάμ-

2175 3642 2304 3714 φθη,
2335 3641 2424 3696 διὰ
2451 3640 2609 3694 τοῦτο
2648 3641 2806 3703 εὐθὺς
2851 3640 3283 3710 προσευχόμενος
3311 3633 3654 3707 εἰσηκούσθη.
3687 3629 3738 3682 '0

2173 3733 2283 3805 γὰρ
2302 3733 2497 3787 πάντα
2519 3732 2706 3786 ποιῶν
2729 3731 2844 3785 ὅσα
2866 3731 3174 3794 βούλεται,
3201 3729 3228 3780 6
3245 3727 3398 3792 Θεὸς,
3419 3724 3737 3794 ὑπακούεται

2177 3826 2515 3896 παραχρῆμα
2538 3864 2552 3888 ,
2583 3824 2678 3877 καὶ
2712 3823 2790 3876 ἔτι
2825 3820 3110 3884 λαλοῦντος
3153 3821 3270 3892 ὲρεῖ
3311 3821 3339 3872 6
3384 3818 3519 3882 Θεός
3541 3833 3554 3847 ·
3603 3811 3736 3869 Ἰδοὺ

2179 3912 2432 3981 πάρειμι.

2246 3999 2640 4075 Εἷτα-είρηκὼς
2679 4003 2791 4065 τοῖς
2834 4001 3061 4073 πλησίον
3103 4001 3253 4063 ὅπως
3284 3999 3473 4069 τάχιον
3503 3991 3740 4065 είσηκού⁹

2179 4094 2300 4166 σθη,
2332 4094 2524 4167 τρέπει
2569 4095 2660 4147 τὸν
2701 4093 2858 4162 λόγον
2909 4092 3046 4163 πρὸς
3074 4093 3164 4145 τὸν
3190 4090 3341 4154 Θεὸν,
3377 4089 3474 4142 κα)⁸
3501 4087 3578 4158 τῷ
3607 4087 3741 4138 είσα-

2175 4187 2433 4241 κούσαντι
2487 4187 2826 4258 εὐχαριστεῖ*
2889 4186 2984 4238 Ἐν
3026 4186 3227 4252 θλίψει
3264 4181 3608 4244 ἐπλάτυνάς
3625 4194 3736 4248 μοι.

2175 4279 2257 4332 Τὰ
2278 4279 2343 4332 κύ
2353 4296 2494 4349 ματα
2518 4277 2624 4331 τῶν
2643 4277 2891 4347 θλίψεων,
2917 4277 3099 4346 φησὶν,
3131 4278 3164 4346 ἠ
3195 4278 3384 4345 ταχεῖα
3413 4274 3618 4342 γαλήνη
3640 4267 3738 4323 διέ-

2175 4370 2322 4433 λυσε,
2344 4371 2436 4423 καὶ
2459 4368 2601 4440 λιμῷ
2633 4387 2699 4441 με
2751 4369 3052 4439 τηκόμενον
3093 4365 3200 4421 ἀπὸ
3233 4363 3445 4436 καρποῦ
3483 4363 3625 4415 σίτου
3658 4357 3740 4411 καὶ

2175 4463 2314 4515 οἴνου
2341 4461 2433 4514 καὶ
2462 4460 2640 4514 ὲλαίου
2669 4459 3010 4522 ὲπλούτισας,
3040 4458 3116 4521 ὡς
3157 4455 3230 4528 μὴ
3267 4455 3423 4526 μόνον
3464 4454 3585 4526 ἐμὲ,
3617 4447 3740 4504 ἀλλὰ

2177 4553 2269 4606 καὶ
2296 4553 2502 4615 πάντας
2533 4552 2657 4613 τοὺς
2686 4549 2776 4602 ὑπ’
2801 4549 2900 4620 ἐμὲ
2921 4546 3244 4602 ἀπολαῦσαι.
3271 4544 3361 4597 Διὸ
3389 4538 3736 4598 ὑπωκαταὸάς

2181 4642 2382 4710 ἔλεγεν·
2424 4641 2567 4697 Ἀπὸ
2621 4641 2850 4710 καρποῦ
2889 4640 3061 4694 σίτου
3092 4639 3188 4692 καὶ
3223 4638 3390 4691 οἴνου
3421 4637 3516 4690 καὶ
3545 4633 3739 4688 ἐλαίου

2182 4734 2378 4790 αὐτῶν
2404 4735 2890 4802 ὲπληθύνθησαν.
2929 4733 2995 4785 Ἦ
3026 4732 3248 4785 ἐκείνων
3276 4730 3525 4782 συνουσία
3555 4727 3738 4794 εὐφρα-

2187 4828 2320 4898 σύνη
2348 4828 2571 4898 καρδίας
2608 4844 2696 4897 μοι
2720 4825 2959 4895 γέγονεν.
2995 4823 3164 4877 Τοῦτο
3205 4823 3261 4876 δὲ
3295 4821 3629 4894 μανθάνομεν
3653 4811 3738 4868 ἀπ’

2181 4919 2353 4990 αὐτῆς
2384 4920 2481 4989 τῆς
2517 4919 2776 4990 ἱστορίας.
2800 4919 2926 4973 "Ore
2944 4917 3050 4989 γὰρ
3085 4915 3487 4986 πολεμούμενος
3514 4911 3615 4967 ὑπὸ
3652 4905 3738 4960 τοῦ

2195 5010 2546 5081 Ἀϐεσσαλὼμ
2570 5011 2764 5080 ἔφυγεν
2791 5012 2848 5064 tv
2883 5012 3002 5072 ταῖς
3028 5009 3255 5080 ἐρήμοις
3283 5007 3375 5060 καὶ
3400 5009 3455 5059 tv
3487 5007 3594 5067 τοῖς
3627 5001 3737 5070 δρε-

2187 5122 2291 5167 σιν,
2320 5103 2463 5174 λιμῷ
2487 5105 2580 5156 καὶ
2601 5103 2816 5176 ἀνάγκη
2849 5102 2924 5166 ὡς
2958 5103 3015 5154 tv
3043 5098 3265 5170 διωγμῷ
3294 5096 3565 5170 ἐκρατήθη
3589 5111 3600 5126 ·
3634 5088 3737 5144 ἀλλ’

2186 5198 2213 5249 6
2237 5196 2368 5260 θεὸς
2412 5195 2576 5250 αὐτοῦ
2618 5196 2716 5266 τὴν
2755 5194 2998 5263 ἀνάγκην
3039 5190 3482 5262 παρεμυθήσατο.
3533 5184 3736 5256 Πρῶτος

2185 5287 2293 5358 γὰρ
2321 5288 2348 5338 6
2373 5286 2502 5338 Σίϐα
2532 5289 2559 5339 ὁ
2591 5288 2654 5339 ὲκ
2699 5285 2793 5339 τοῦ
2837 5284 2985 5338 οίκου
3016 5283 3111 5336 τοῦ
3139 5281 3310 5336 Σαοὺλ
3353 5282 3576 5351 ἧνεγκεν
3603 5267 3737 5338 αὺτῷ

2188 5379 2380 5448 ἄρτους
2399 5377 2721 5442 διακοσίους,
2761 5377 2855 5430 καλ⁵
2889 5373 3026 5430 οἶνον
3056 5375 3149 5428 καὶ
3174 5373 3419 5436 παλάθας
3451 5372 3543 5425 καὶ
3565 5360 3737 5431 σταφί-

2186 5472 2282 5536 δας
2305 5489 2317 5501 °
2371 5467 2488 5525 εἶτα
2527 5470 2663 5542 μετὰ
2715 5469 2902 5523 τοῦτον
2938 5468 3192 5540 Βερζελλὶ
3218 5470 3246 5522 ὁ
3278 5464 3620 5534 Γαλααδίτης,
3650 5453 3735 5510 καὶ

583 5649 626 5680 ³⁸
671 5649 830 5706 Rom.
867 5667 932 5718 v,
969 5653 1056 5707 το.
1136 5654 1180 5687 ³³
1223 5653 1366 5711 Psal.
1399 5668 1567 5719 CXIII,
1603 5655 1655 5709 '5.
1733 5653 1779 5686 "
1818 5651 1920 5709 lsa.
1959 5669 2118 5719 LVIII,
2152 5652 2206 5707 9.

585 5824 671 5894 (ll
707 5825 829 5883 llaec
872 5828 922 5882 in
947 5829 1135 5885 codice
1170 5829 1496 5888 Taurincnsi
1527 5833 1594 5886 ab
1631 5848 1962 5888 amanuense
1993 5831 2245 5898 adjuncta
2286 5837 2434 5895 sunt,
2471 5845 2570 5886 nec
2595 5828 2861 5884 habentur
2892 5828 2946 5883 in
2973 5827 3094 5882 aliis
3127 5841 3260 5882 mss.
