3994 6448
267 317 372 372 115

1399 327 1906 386 COMMENTARIA
1943 331 2010 386 IN
2051 331 2390 392 PSALMOS.

3419 339 3522 396 1M

259 429 432 496 αὐτὸς
449 431 596 504 αύτῷ
621 435 960 506 προσήνεγκε
987 437 1120 492 δέκα
1141 439 1346 504 κοίτας,
1369 441 1454 496 ἵνα
1477 443 1550 514 μὴ
1579 461 1646 514 χα
1655 447 1839 516 μευνῇ,

1957 447 2080 502 tulit
2109 450 2212 520 ipsi
2241 449 2428 532 decem
2457 450 2628 508 lectos
2663 467 2730 508 ne
2757 453 2906 508 humi
2937 453 3196 520 cubaret,
3223 467 3278 512 et
3309 457 3522 528 amphi-

257 523 358 578 καὶ
387 525 802 598 άμφιτάπητας,
835 529 964 594 τοὺς
1009 531 1378 604 καλουμένους
1413 533 1510 588 νῦν
1535 535 1846 608 τυλοτάπη-

1949 541 2154 608 tapetia
2185 557 2312 610 quae
2338 543 2452 612 jam
2503 545 2826 616 tylotapetia
2877 555 3145 602 vocantur
3177 587 3190 612 ,
3225 546 3338 602 vini
3391 561 3522 602 vasa

257 633 378 680 τας,
413 617 506 670 καὶ
529 617 674 672 οἴνου
709 619 952 694 κεράμια
1003 623 1097 676 καὶ
1139 627 1346 697 πυροὺς
1381 628 1475 682 καὶ
1515 628 1710 700 κριθάς
1750 631 1839 684 καὶ

1951 631 2158 704 ﬁglina,
2195 633 2552 700 frumentum,
2601 635 2907 702 hordeum,
2955 637 3212 706 farinam,
3261 637 3416 696 fabas
3469 645 3526 694 et

257 707 492 780 ἄλευρον
519 709 612 764 καὶ
635 711 846 782 κύαμον
861 715 956 768 καὶ
983 715 1172 784 φακὸν,
1191 717 1284 770 καὶ
1309 719 1428 790 μέλι
1455 721 1548 774 καὶ
1565 719 1840 794 βούτυρον,

253 799 350 854 καὶ
381 801 651 872 πρόϐατα,
709 805 804 858 καὶ
841 803 1122 878 γαλαθηνὰ
1167 809 1456 882 μοσχάριαο
1493 811 1844 884 Εύχαριστῶν

251 887 348 944 οὖν
375 893 470 946 ἐπὶ
492 893 702 958 τούτοις
727 895 921 968 φησίν·
969 899 1074 954 Ἐν
1111 901 1310 970 θλίψει
1339 903 1686 970 ἐπλάτυνάς
1719 923 1840 976 μοι.

323 981 394 1034 Τί
429 983 508 1050 δὲ,
557 981 734 1052 λέγων
777 987 1157 1060 είσηκούσθην,
1191 991 1264 1062 μὴ
1313 993 1522 1064 μακρὸν
1553 995 1844 1062 κατέτονας

251 1071 414 1142 λόγον
437 1089 452 1136 ;
483 1073 576 1146 Μὴ
605 1075 814 1132 πλατὺν
843 1077 1124 1150 ὀνομάτων
1151 1081 1246 1134 καὶ
1281 1084 1346 1154 ρη
1356 1081 1542 1152 μάτων
1571 1085 1844 1158 κατέγρα-

247 1165 358 1236 ψας
379 1166 620 1234 πίνακας
645 1169 932 1240 οὐδαμῶς,
965 1173 1132 1244 φησὶν
1155 1175 1184 1227 6
1211 1175 1369 1230 Δαυϊδ
1387 1193 1402 1208 ·
1435 1177 1494 1230 ού
1524 1177 1634 1250 γὰρ
1653 1179 1844 1252 χρῄζει

249 1259 580 1330 πολυλογίας
611 1262 642 1316 6
673 1259 824 1328 Θεὸς,
867 1263 896 1316 6
933 1264 1026 1318 καὶ
1057 1265 1203 1338 μόνῳ
1237 1271 1526 1342 στεναγμῷ
1567 1272 1842 1344 άρχούμε-

249 1369 360 1416 νος.
395 1351 570 1406 Τοῦτο
596 1355 758 1426 μόνον
788 1355 974 1426 ἔλεγον
1011 1361 1450 1434 προσευχόμενος
1473 1381 1488 1394 '
1545 1367 1844 1434 Οίκτείρη-

249 1459 388 1510 σον,
425 1446 528 1522 καί
569 1445 942 1504 εἰσάκουσον
977 1449 1090 1520 τῆς
1121 1454 1470 1524 προσευχῆς
1505 1475 1644 1526 μου.
1685 1457 1844 1512 Εἴποι

247 1535 304 1588 δὲ
331 1537 512 1590 ταῦτα
543 1537 638 1592 καὶ
669 1539 698 1591 6
729 1539 930 1612 λῃστὴς
973 1543 1032 1594 έν
1065 1527 1155 1614 τῷ
1187 1543 1404 1618 σταυρῷ
1437 1547 1572 1618 πρὸς
1599 1547 1692 1602 τὸν
1727 1549 1842 1602 Κύ-

253 1647 362 1700 ριον
381 1647 396 1660 ·
431 1630 601 1684 είπὼν
646 1631 756 1706 γὰρ
805 1633 900 1687 καὶ
953 1635 1418 1708 ἐπικαλεσάμενος
1463 1641 1522 1694 ὲν
1567 1645 1632 1713 τῇ
1678 1641 1842 1696 αὐτοῦ

249 1719 464 1792 θλίψει·
525 1723 850 1794 Μνήσθητι
871 1743 1014 1796 μου,
1059 1729 1252 1798 Κύριε,
1289 1729 1436 1785 ὅταν
1465 1731 1650 1802 ἔλθῃς
1671 1735 1742 1790 ἐν
1769 1733 1844 1804 τῇ

1949 727 2148 792 lentes,
2181 729 2288 782 mel
2309 737 2364 784 et
2393 729 2674 802 butyrum,
2735 747 2864 788 oves
2885 731 2940 788 et
2965 733 3170 789 lacteos
3191 731 3412 788 vitulos.
3449 733 3522 790 De

1947 819 2034 874 his
2069 821 2252 892 itaque
2275 821 2480 892 gratias
2505 837 2674 895 agens
2691 825 2790 892 ait,
2817 825 2870 878 in
2887 823 3226 880 tribulatione
3281 825 3523 882 dilatasti

1949 910 2098 964 mihi.

2017 1003 2132 1060 Cur
2161 1013 2344 1060 autem
2373 1021 2497 1060 cum
2525 1013 2578 1060 te
2607 1007 2924 1062 exauditum
2955 1009 3058 1074 ais,
3091 1025 3200 1063 non
3249 1007 3520 1080 prolixum

1948 1107 2262 1150 sermonem
2319 1095 2701 1152 contexuisti?
2747 1095 2928 1162 Quare
2955 1113 3066 1154 non
3105 1099 3321 1170 longam
3349 1099 3522 1154 nomi-

1949 1201 2078 1240 num
2109 1185 2514 1258 verborumque
2543 1189 2796 1258 paginam
2841 1192 3126 1246 cxarasti?
3177 1190 3521 1258 Nullatenus,

1949 1278 2128 1350 inquit
2165 1277 2332 1334 David
2367 1324 2382 1348 ,
2409 1297 2588 1352 neque
2611 1283 2786 1338 multo
2813 1299 3066 1340 sermone
3105 1301 3246 1354 opus
3277 1284 3388 1340 Deo
3417 1291 3522 1352 est,

1947 1371 2038 1426 cui
2089 1373 2174 1428 vel
2219 1373 2372 1428 solus
2405 1375 2638 1442 gemitus
2686 1375 2758 1430 sit
2787 1377 2946 1442 ,satis
2983 1395 2996 1430 :
3043 1377 3178 1432 illud
3229 1387 3438 1432 tantum
3469 1379 3524 1432 in

1949 1463 2201 1520 oratione
2214 1463 2350 1530 dixi,
2371 1461 2620 1522 Miserere
2653 1467 2774 1532 mei,
2806 1477 2854 1522 et
2881 1467 3078 1521 exaudi
3105 1469 3394 1522 orationem
3413 1485 3524 1523 me-

1947 1571 2056 1610 am.
2101 1555 2238 1612 lllud
2273 1559 2440 1612 etiam
2469 1559 2699 1614 Domino
2745 1561 2950 1616 dixerit
2977 1561 3034 1616 in
3069 1577 3234 1616 cruce
3281 1561 3526 1632 pendens

1951 1649 2113 1716 latro,
2149 1651 2242 1720 qui
2273 1651 2326 1706 in
2362 1653 2610 1707 cruciatu
2643 1654 2822 1724 ipsum
2863 1655 3136 1710 invocavit
3181 1656 3268 1712 his
3293 1657 3478 1711 verbis
3509 1673 3522 1708 :

1951 1743 2214 1800 Memento
2229 1745 2351 1810 mei,
2372 1745 2614 1812 Domine,
2633 1763 2750 1802 cum
2765 1749 2964 1803 veneris
2981 1749 3036 1803 in
3058 1765 3270 1820 regnum
3293 1759 3440 1804 tuum
3457 1753 3524 1806 ".

245 1811 542 1880 ,Βασηιείᾳ
589 1829 728 1880 σου,
784 1815 1136 1888 εἰσηκούσθη,
1181 1819 1276 1873 καὶ
1325 1821 1448 1874 ἀντὶ
1479 1823 1712 1895 σταυροῦ
1753 1825 1839 1880 τὸν

1946 1835 1997 1892 Is
2031 1837 2162 1892 item
2221 1837 2512 1894 exauditus
2541 1847 2625 1894 est
2647 1879 2662 1906 ,
2697 1855 2760 1894 ac
2793 1839 2974 1896 crucis
3027 1841 3148 1898 loco
3208 1841 3526 1911 paradisum

251 1905 588 1976 παράδεισον
617 1903 822 1978 ᾤκησε,
855 1909 950 1962 καὶ
981 1909 1206 1982 πολίτης
1233 1911 1426 1982 γέγονε
1463 1913 1558 1968 τοῦ
1587 1915 1838 1988 ούρανοῦ.

249 1998 426 2062 Λύτδς
455 1999 552 2053 καὶ
585 1997 722 2070 πρὸς
765 1999 892 2064 τοὺς
945 2001 1232 2066 Ἰουδαίους
1255 2003 1510 2076 βοήσεται
1529 2023 1542 2036 ·
1591 2009 1708 2062 Υἱοὶ
1735 2009 1842 2064 ἀν-

249 2089 522 2158 θρώπων,
541 2091 650 2157 ἕως
667 2093 812 2146 πότε
821 2091 1212 2162 βαρυκάρδιοι
1229 2111 1248 2158 ;
1274 2093 1540 2150 θεάσασθε
1555 2097 1652 2170 τὴν
1665 2099 1842 2152 κτίσιν

245 2185 322 2256 τῷ
341 2185 544 2258 κτίστῃ
572 2185 1022 2259 συμπάσχουσαν.
1045 2187 1128 2252 El,
1151 2187 1242 2242 τὸν
1261 2187 1514 2262 Λάζαρον
1539 2196 1844 2264 τετραήμε-

253 2295 342 2350 ρον
359 2279 472 2334 άπὸ
487 2279 584 2333 τοῦ
605 2280 778 2350 τάφου
799 2279 1062 2352 τρέχοντα
1085 2281 1302 2348 ίδόντες,
1334 2283 1436 2336 οὐκ
1461 2283 1842 2352 ἐπιστεύσατε,

247 2367 342 2422 νῦν
375 2369 512 2438 γοῦν
543 2371 960 2442 προσκυνήσατε
993 2369 1086 2424 τοῦ
1119 2371 1534 2444 Σταυρωθέντος
1555 2373 1654 2448 τὴν
1677 2375 1840 2430 δύνα-

251 2477 341 2532 μιν
367 2477 382 2490 ·
419 2461 650 2532 νεκροὺς
701 2461 730 2512 ὀ
783 2463 1006 2532 σεισμὸς
1057 2461 1376 2535 ἀνέστησεν,
1419 2465 1517 2519 καὶ
1563 2467 1724 2538 ὑμεῖς

247 2553 480 2626 ἀπιστίᾳ
511 2553 822 2609 καθεύδετε.
883 2555 984 2608 Διά
1024 2556 1076 2609 τί
1116 2555 1500 2632 βαρυκάρδιοι;
1535 2559 1706 2634 Τοῦτο
1741 2563 1844 2634 μὲν

244 2645 330 2700 διὰ
353 2647 416 2700 τδ
439 2647 518 2720 μὴ
543 2649 911 2720 κατανυγῆναι
937 2651 1050 2716 τοῖς
1076 2647 1370 2721 θαύμασιν,
1407 2633 1643 2708 τοῦτο-δὲ
1659 2633 1753 2710 sit
1779 2655 1840 2711 τὺ

245 2735 304 2802 ἐξ
335 2737 656 2812 ἀφροσύνης
699 2739 908 2812 βαρέως
959 2743 1102 2798 κατὰ
1127 2745 1222 2799 τοῦ
1255 2747 1493 2819 Χριστοῦ
1533 2749 1838 2822 ὀργίζεσθε.

247 2833 476 2904 Μάρτυς
509 2837 542 2906 ὴ
569 2833 758 2908 Γραφὴ
779 2835 1010 2892 εἰποῦσα
1029 2853 1044 2868 ο
1079 2837 1242 2907 Rapit
1275 2840 1446 2908 λίθος
1475 2839 1576 2894 καὶ
1613 2841 1842 2896 δυσϐά-

247 2941 514 2992 στακτος
559 2925 776 2998 ἅμμος·
813 2927 959 2998 ὀργὴ
987 2927 1056 2982 δὲ
1089 2929 1352 3002 ἄφρονος
1387 2931 1724 3004 ,ϐαρυτέρω
1757 2935 1842 2988 ὅτι

245 3015 368 3070 δῦτε
417 3017 676 3092 νουθεσίᾳ
731 3019 1002 3090 θέλγεται,
1031 3021 1124 3076 καὶ
1167 3021 1422 3096 θαύματα
1445 3023 1660 3096 βλέπων
1687 3023 1844 3098 ὀργί-

243 3107 420 3172 ζεται.

1947 1929 2162 1996 incolit,
2194 1935 2358 2000 atque
2391 1929 2538 1985 inter
2567 1931 2715 1988 cives
2743 1933 2870 1988 coeli
2913 1933 3210 2004 ascriptus,
3246 1933 3327 1990 sic
3348 1933 3529 1988 Judae-

1947 2033 2008 2074 os
2043 2018 2292 2074 clamans
2341 2021 2690 2089 compellabit
2720 2039 2732 2076 :
2775 2019 2911 2076 Filii
2937 2021 3232 2090 hominum,
3262 2037 3526 2092 usquequo

1945 2111 2096 2182 gravi
2121 2109 2300 2176 corde,
2327 2125 2418 2167 res
2443 2119 2660 2168 creatas
2687 2113 3010 2184 conspicitis
3041 2113 3290 2170 Creatori
3321 2115 3526 2169 condo-

1945 2201 2158 2258 lentes?
2189 2201 2246 2257 Si
2275 2203 2706 2274 quatriduanum
2743 2203 3010 2260 Lazarum
3045 2219 3078 2262 e
3119 2205 3372 2275 sepulcro
3399 2221 3526 2260 cur—

1941 2301 2152 2347 rentem
2176 2307 2300 2347 cum
2323 2293 2602 2360 videretis,
2631 2311 2742 2351 non
2771 2294 3106 2361 credidistis,
3145 2305 3201 2350 at
3239 2311 3386 2351 nunc
3415 2297 3524 2352 sal-

1944 2389 2054 2438 tem
2089 2381 2350 2440 Cruciﬁxi
2383 2391 2708 2456 potestatem
2765 2385 2990 2444 adoi'ate
3019 2405 3033 2442 :
3061 2393 3308 2444 mortuos
3363 2397 3524 2444 terras

1941 2481 2128 2529 motus
2162 2475 2442 2542 excitavit,
2479 2483 2532 2530 ct
2555 2491 2654 2532 vos
2685 2477 2740 2530 in
2773 2477 3092 2532 inﬁdelitate
3117 2487 3300 2534 vestra
3315 2477 3524 2533 dormi-

1945 2569 2040 2621 tis.
2065 2566 2248 2634 Quare
2263 2567 2416 2638 gravi
2445 2567 2612 2625 corde
2635 2569 2850 2641 praediti
2877 2571 2901 2624 ἲ
2933 2569 3158 2626 Scilicet
3181 2571 3308 2642 quia
3336 2573 3404 2626 ob
3419 2573 3524 2628 mi-

1943 2659 2140 2714 rabilia
2184 2669 2336 2732 gesta
2367 2677 2478 2716 non
2513 2663 2946 2732 compungimini
2987 2681 3001 2730 ;
3049 2663 3164 2718 sive
3189 2679 3254 2719 ex
3289 2663 3524 2720 stultitia

1939 2751 2179 2822 graviter
2201 2749 2424 2808 Christo
2445 2753 2810 2810 succensetis.
2837 2751 3080 2824 Hujusce
3127 2755 3208 2808 rei
3249 2755 3406 2810 testis
3437 2763 3523 2812 est

1943 2841 2228 2916 Scriptura
2263 2859 2384 2916 qua:
2419 2847 2498 2902 sic
2533 2845 2694 2902 habet
2724 2867 2736 2902 :
2775 2845 2942 2902 Grave
2974 2857 3052 2902 est
3081 2861 3294 2914 saxum,
3320 2857 3368 2902 et
3399 2865 3524 2904 one—

1939 2953 2066 2992 rosa
2113 2954 2278 2992 arena
2309 2957 2326 2994 :
2352 2939 2444 2994 sed
2481 2939 2566 2994 ira
2593 2941 2748 2996 stulti
2778 2941 2994 3006 gravior
3037 2939 3127 3006 ";
3169 2939 3300 3010 quia
3345 2957 3522 3012 neque

1941 3029 2166 3086 monitis
2198 3031 2458 3098 allicitur,
2485 3040 2540 3090 et
2569 3033 2840 3088 miracula
2867 3049 2992 3088 cum
3019 3031 3185 3096 videt,
3219 3033 3355 3087 iram
3387 3051 3520 3090 con-

1941 3119 2096 3190 cipit.

314 3227 444 3280 Ἵνα
479 3227 538 3280 τί
581 3225 848 3298 ἀγαπᾶτε
873 3231 1256 3300 ματαιότητα,
1293 3231 1384 3286 τὸν
1413 3229 1706 3304 Βαραϐσὰν
1738 3231 1838 3288 τοῦ

2015 3231 2082 3289 Ut
2099 3235 2226 3308 quid
2245 3235 2469 3308 diligitis
2503 3213 2790 3292 uanitatem
2815 3239 2944 3310 ;qui
2977 3239 3278 3298 Barabbam
3299 3241 3522 3298 Christo

245 3319 487 3390 Χριστοῦ
535 3322 996 3392 προτιμήσαντες,
1044 3323 1134 3378 τὸν
1181 3325 1348 3394 φονέα
1401 3325 1542 3398 ὑπὲρ
1581 3325 1674 3382 τὸν
1702 3323 1834 3390 ζωο-

245 3413 398 3466 ποιδν
425 3451 440 3476 ,
469 3411 568 3484 τὴν
599 3412 876 3484 βασιλείαν
927 3414 1020 3469 τοῦ
1063 3415 1342 3488 Καίσαρος
1385 3417 1526 3488 ὑπὲρ
1557 3417 1656 3490 τὴν
1681 3417 1836 3490 βασι-

245 3503 394 3558 λείαν
428 3505 538 3558 τῶν
567 3507 834 3578 οὐρανῶν,
867 3509 968 3580 τὴν
1011 3509 1284 3580 ἁμαρτίαν
1313 3509 1414 3582 τὴν
1443 3509 1630 3582 ἅμμου
1659 3529 1836 3582 παρα·-

247 3593 364 3658 λίας
395 3595 708 3670 βαρυτέραν
738 3599 878 3671 ὑπὲρ
897 3599 996 3672 τὴν
1029 3599 1398 3672 δικαιοσύνην,
1434 3602 1504 3656 τὰ
1525 3601 1838 3674 πρόσκαιρα

247 3687 388 3760 ὑπὲρ
416 3689 490 3742 τὰ
539 3687 752 3754 αἰώνια,
801 3691 900 3764 τὴν
935 3691 1142 3764 φθορὰν
1189 3693 1331 3764 ὑπὲρ
1363 3693 1462 3764 τὴν
1495 3693 1833 3764 ἀφθαρσίαν;

255 3781 420 3836 Ἀλλὰ
445 3781 580 3854 πρὸς
593 3784 804 3848 τούτοις
827 3785 922 3840 καὶ
953 3783 1214 3854 ζητεῖσθε
1238 3785 1486 3856 ψεῦδος,
1527 3785 1838 3858 ψευδομάρ-

245 3891 416 3946 τυρας
473 3875 828 3948 ἐξωνούμενοι
883 3877 1028 3932 κατά
1095 3878 1198 3950 τῆς
1243 3877 1496 3952 άληθείας
1547 3877 1832 3948 λέγοντας·

253 3967 478 4022 Τοῦτον
501 3967 754 4038 εὕρομεν
797 3968 1234 4040 διαστρέφοντα
1276 3969 1342 4024 τὸ
1375 3969 1572 4036 ἔθνος,
1603 3969 1698 4024 καί
1723 3986 1836 4023 κω-

243 4059 474 4114 λύοντα
499 4057 578 4125 τῷ
603 4061 858 4130 Καίσαρι
885 4063 1076 4132 φόρον
1111 4061 1362 4118 διδόναι.
1413 4063 1698 4116 Ἀνασείει
1731 4061 1840 4116 τὸν

245 4151 402 4204 λαὸν
435 4149 758 4206 διδάσκων.
791 4155 860 4206 Εί
885 4151 972 4222 μὴ
1010 4147 1090 4224 ἦν
1121 4148 1300 4220 οὗτος
1342 4151 1684 4218 κακοποιὸς,
1725 4155 1838 4206 οὐκ

247 4241 324 4294 ἄν
355 4257 458 4296 σοι
485 4241 910 4314 παρεδώκαμεν
941 4245 1146 4298 αὐτόν.
1171 4245 1283 4298 Καὶ
1319 4245 1373 4298 τί
1405 4243 1836 4316 ὲκακοποίησεν;

247 4333 328 4388 ὅτι
349 4331 642 4400 νοσοῦντας
689 4335 900 4400 ἰάσατο,
929 4337 1012 4390 ὅτι
1055 4337 1317 4410 δαίμονας
1343 4339 1730 4408 ἐφυγάδευσεν,
1756 4339 1840 4392 ὅτι

249 4427 480 4500 νεκροὺς
537 4428 757 4498 ἤγειρεν
783 4469 798 4492 ,
841 4429 922 4482 ὅτι
963 4431 1028 4482 ὲκ
1087 4431 1249 4484 πέντε
1293 4429 1474 4502 ἄρτων
1519 4429 1841 4502 ἰσαρίθμους

253 4519 498 4590 χιλιάδας
531 4520 592 4572 ὲν
613 4520 808 4592 ἐρήμῳ
831 4519 1078 4592 διέθρεψε
1113 4521 1284 4594 χωρὶς
1303 4521 1578 4590 γυναικῶν
1599 4523 1692 4574 καὶ
1713 4519 1838 4574 παί-

251 4611 386 4678 δωνς
415 4613 588 4684 ’Έτιή
615 4613 790 4686 τροφὴ
833 4615 892 4666 ὲν
943 4613 1022 4686 τῷ
1065 4615 1300 4687 λάρυγγι
1345 4613 1442 4669 καὶ
1467 4615 1529 4666 τὸ
1555 4611 1750 4683 ψεῦδος
1779 4613 1838 4668 ἐν

253 4703 326 4774 τῷ
347 4705 598 4776 στόματι.
639 4707 750 4759 Καὶ
792 4707 906 4770 τοῖς
947 4707 1025 4776 τῷ
1065 4705 1422 4778 Ἀὅεσσαλὼμ
1463 4705 1840 4771 συναποξενω-

253 4799 424 4854 θεῖσιν
453 4799 638 4868 ἔλεγεν
673 4801 702 4854 ὁ
731 4799 894 4852 Δαυῒδ
911 4817 924 4830 ·
961 4799 1026 4852 Τί
1055 4799 1134 4870 τῷ
1157 4799 1378 4870 ἀτάκτῳ
1417 4799 1570 4852 παιδὶ
1597 4799 1842 4870 συναπή-

255 4891 454 4964 χθητε;
501 4891 568 4945 Τί
609 4891 700 4946 τὸν
747 4893 875 4948 Υἰὸν
909 4892 1052 4946 κατὰ
1085 4891 1290 4965 πατρὸς
1331 4891 1616 4961 ἀλείφετες
1655 4891 1718 4944 Τί
1765 4893 1830 4964 τῇ

257 4985 460 5056 ματαίᾳ
497 4983 658 5058 βουλῇ
693 4983 788 5038 τοῦ
857 4985 1136 5056 Ἀχιτόφελ
1179 4985 1616 5058 ἠκολουθήσατε;
1681 4985 1746 5038 Et
1803 4986 1832 5038 6

259 5075 570 5145 κακολογῶν
605 5077 816 5148 πατέρα
843 5077 878 5150 ἢ
909 5077 1124 5150 μητέρα
1172 5077 1402 5132 θανάτου
1433 5075 1602 5142 ἄξιος,
1631 5079 1660 5132 6
1689 5075 1832 5132 κατὰ

259 5169 460 5240 πατρὸς
485 5169 695 5224 ἀκονῶν
735 5169 886 5240 ξίφος
918 5171 1034 5236 υίὸς
1075 5169 1307 5234 ποσάκις
1341 5169 1490 5222 ἐστὶν
1515 5167 1666 5234 ἄξιος
1698 5167 1834 5224 ἀπο-

255 5261 470 5328 θανεϊν;
525 5263 648 5319 Ἵνα
689 5265 746 5318 τι
793 5257 886 5318 οὖν
923 5261 1190 5334 ἀγαπᾶτε
1211 5263 1580 5334 ματαιότητα
1605 5260 1702 5316 καί
1745 5259 1836 5330 ζη-

257 5351 402 5408 τεῖτε
461 5353 724 5432 ψεῦδοςς
781 5353 992 5420 Ψεῦδος
1049 5355 1198 5426 λέγει
1239 5353 1370 5408 ’νῦν
1429 5355 1539 5408 πᾶν
1599 5355 1834 5426 πρᾶγμα

265 5443 506 5514 μάταιον,
553 5447 778 5516 ταχεῖαν
827 5447 929 5517 τὴν
973 5445 1180 5500 πτῶσιν
1223 5447 1318 5500 καὶ¹
1355 5445 1656 5518 μεταϐολὴν
1689 5445 1831 5517 έχον.

261 5535 430 5604 Πλὴν
441 5537 678 5606 μάταιοι
709 5541 764 5593 οἱ
795 5539 914 5593 υἱοὶ
951 5539 1069 5594 τῶν
1099 5539 1445 5608 ἀνθρώπων,
1491 5537 1738 5607 ψευδεῖς
1777 5541 1834 5592 οἱ

261 5629 372 5681 υἱοὶ
403 5629 520 5682 τῶν
555 5629 888 5700 ἀνθρώπων
909 5631 978 5685 ἐν
999 5631 1216 5704 ζυγοῖς,
1245 5631 1352 5686 τοῦ
1401 5629 1706 5702 ἀδικῆσαι.

335 5809 382 5844 ⁸⁸
417 5809 552 5868 Luc.
587 5829 760 5878 xxiii,
805 5815 880 5868 i2.
959 5817 1002 5846 ³⁸
1043 5813 1202 5870 l’rov.
1241 5831 1419 5880 xxvii,
1451 5815 1504 5871 5.

1933 3327 2274 3398 praetulistis,
2293 3327 2628 3384 homicidam
2643 3331 2766 3384 vitae
2783 3333 3014 3394 auctori,
3039 3349 3268 3404 regnum
3289 3333 3522 3390 Caesaris

1939 3435 2105 3490 regno
2119 3421 2408 3486 cmlorum,
2431 3429 2714 3492 peccatum
2733 3437 2896 3478 arena
2913 3424 3085 3479 maris
3113 3425 3336 3496 gravius
3365 3423 3526 3496 justi-

1937 3509 2046 3572 tite,
2099 3515 2450 3580 temperance
2497 3509 2742 3572 internis,
2777 3513 3186 3580 corruptionem
3237 3511 3528 3590 incorrupf

1935 3599 2100 3672 tionii.
2111 3599 2216 3656 Sed
2230 3602 2416 3658 etinsu
2423 3616 2516 3672 per
2528 3601 2764 3674 quwritis
2783 3601 3138 3665 mendacium,
3155 3601 3428 3674 falsosque
3443 3609 3524 3658 te-

1937 3701 2050 3748 stes
2070 3701 2262 3748 contra
2281 3694 2564 3748 veritatem
2603 3693 2910 3750 conducitis
2931 3695 3045 3750 haec
3061 3693 3306 3750 dicentes
3331 3715 3344 3748 :
3367 3693 3534 3750 Hunc-

1937 3781 2228 3836 inuenimus
2291 3779 2672 3836 subvertentem
2731 3783 3006 3852 populum,
3063 3790 3114 3836 et
3165 3781 3522 3852 prohibentem

1939 3871 2138 3926 tributa
2161 3872 2292 3927 dare
2322 3871 2552 3928 Caesari.
2609 3871 2912 3928 Commovet
2953 3873 3204 3944 populum
3234 3872 3424 3928 docens
3451 3871 3520 3927 “‘.

1939 3963 2066 4020 Nisi
2099 3973 2234 4020 esset
2262 3965 2346 4018 hic
2371 3964 2708 4034 malefactor,
2735 3981 2838 4019 non
2858 3963 2952 4018 tibi
2975 3963 3386 4018 tradidissemus
3403 3979 3522 4018 eum

1937 4059 2006 4114 ⁸⁷.
2036 4059 2180 4130 Quid
2209 4067 2394 4114 autem
2435 4059 2574 4114 mali
2605 4057 2733 4114 fecit
2761 4059 2784 4112 ?
2813 4073 2880 4111 an
2923 4059 3052 4128 quia
3081 4073 3258 4126 aegros
3283 4057 3520 4120 curavit,

1939 4149 2224 4204 daemones
2253 4147 2478 4220 fugavit,
2523 4155 2773 4202 mortuos
2811 4147 3101 4202 suscitavit
3133 4147 3158 4198 ’ἒ
3187 4161 3256 4200 an
3291 4145 3418 4216 quia
3453 4161 3522 4199 ex

1943 4241 2190 4312 quinque
2217 4241 2452 4310 panibus
2481 4238 2709 4294 totidem
2745 4239 2916 4293 millia
2937 4237 3221 4292 hominum
3257 4237 3310 4292 in
3339 4253 3522 4292 eremo

1941 4333 2164 4390 satiavit
2191 4333 2436 4404 exceptis
2457 4333 2780 4388 mulieribus
2801 4339 2855 4388 et
2878 4331 3123 4403 parvulis
3139 4331 3163 4386 ί
3179 4329 3374 4386 Adhuc
3393 4347 3522 4388 esca

1941 4427 1998 4480 in
2031 4433 2254 4498 gutture
2299 4425 2546 4496 ipsorum
2577 4433 2716 4488 erat,
2755 4423 2888 4478 dum
2927 4423 3276 4480 mendacium
3313 4423 3368 4478 in
3404 4439 3518 4479 ore.

1941 4521 2120 4590 Atque
2149 4517 2218 4574 iis
2246 4519 2338 4590 qui
2367 4519 2438 4574 ad
2469 4517 2802 4574 Absalonem
2827 4515 3174 4572 desciverant
3209 4515 3388 4571 aiebat
3417 4513 3520 4568 Da-

1943 4611 2034 4666 vid
2067 4631 2082 4668 :
2109 4611 2222 4668 Cur
2249 4628 2374 4668 cum
2399 4611 2652 4683 improbo
2695 4611 2806 4664 ﬁlio
2839 4607 3170 4664 defecistis?
3200 4607 3312 4663 Cur
3349 4607 3522 4660 ﬁlium

1941 4705 2208 4762 adversus
2237 4713 2456 4776 patrem
2487 4701 2822 4758 concitatis?
2877 4701 3063 4768 Quare
3107 4699 3266 4754 vanis
3293 4699 3520 4756 Achito-

1943 4797 2120 4868 phelis
2151 4795 2400 4854 consiliis
2457 4811 2664 4851 morem
2699 4795 2946 4866 geritis?
2975 4795 3033 4850 Si
3072 4795 3119 4851 is
3163 4797 3256 4866 qui
3295 4793 3504 4850 maledi-

1945 4890 2084 4946 xerit
2108 4890 2248 4960 patri
2281 4889 2364 4944 vel
2393 4887 2557 4942 matri
2607 4901 2782 4944 morte
2805 4887 3006 4960 dignus
3033 4898 3117 4943 est
3151 4927 3166 4954 ,
3203 4887 3296 4958 qui
3327 4895 3520 4942 contra

1941 4993 2150 5054 patrem
2185 4983 2422 5054 gladium
2465 4981 2612 5035 acuit
2671 4989 2808 5054 quot
2837 4981 3110 5036 mortibus
3143 4995 3207 5036 ac
3237 4980 3520 5051 suppliciis

1939 5079 2142 5148 dignus
2169 5079 2192 5132 'l
2243 5075 2310 5130 Ut
2337 5075 2463 5148 quid
2505 5075 2672 5148 igitur
2701 5075 2926 5146 diligitis
2957 5076 3242 5129 vanitatem
3287 5082 3340 5129 et
3377 5089 3526 5144 quia-

1941 5169 2060 5224 ritis
2117 5167 2448 5222 mendacium
2483 5169 2510 5222 ?
2569 5167 2912 5222 Mendacium
2943 5175 3102 5222 vocat
3152 5165 3520 5236 quodcunque

1943 5274 2144 5314 vanum
2165 5273 2324 5330 Opus,
2343 5259 2506 5328 cujus
2529 5267 2780 5328 prompta
2813 5257 2996 5321 ruina,
3031 5243 3314 5328 repen'tina
3339 5263 3518 5310 muta-

1941 5353 2038 5408 tio.
2087 5353 2452 5407 Verumtamen
2481 5353 2603 5408 vaui
2635 5351 2738 5422 ﬁlii
2769 5351 3064 5422 hominum,
3097 5351 3371 5406 mendaces
3414 5347 3516 5418 ﬁlii

1939 5447 2208 5504 hominum
2245 5449 2298 5502 in
2322 5448 2558 5514 steteris,
2595 5457 2653 5502 ut
2677 5447 2872 5518 injuste
2899 5457 3061 5518 agant
3091 5447 3154 5502 ⁸⁸.

1581 5817 1626 5850 ⁵⁵
1671 5813 1800 5872 Luc.
1837 5831 1968 5872 um
1993 5855 2006 5882 ,
2039 5813 2094 5872 9.
2176 5815 2236 5848 ‘7‘
2262 5813 2420 5870 Joan.
2459 5817 2610 5880 xvii),
2641 5813 2730 5870 50.
2805 5811 2852 5842 ⁸⁵
2893 5807 3036 5866 Psal.
3069 5822 3158 5863 LM
3183 5847 3200 5874 ,
3235 5807 3324 5864 ιο.
