  <div class='ocr_page' id='page_1' title='image "/cluster/home/n/w/nwhite01/storage/ocr_20150623/23/hvd.32044073501124/065.png"; bbox 0 0 3994 6448; ppageno 0'>
   <div class='ocr_carea' id='block_1_1' title="bbox 433 323 541 380">
    <p class='ocr_par' dir='ltr' id='par_1_1' title="bbox 433 323 541 380">
     <span class='ocr_line' id='line_1_1' title="bbox 433 323 541 380; baseline -0.009 0"><span class='ocrx_word' id='word_1_1' title='bbox 433 323 541 380; x_wconf 83' lang='grc'><strong>115</strong></span> 
     </span>
    </p>
   </div>
   <div class='ocr_carea' id='block_1_2' title="bbox 746 438 1695 500">
    <p class='ocr_par' dir='ltr' id='par_1_2' title="bbox 746 438 1695 500">
     <span class='ocr_line' id='line_1_2' title="bbox 746 438 1695 500; baseline 0.004 -6"><span class='ocrx_word' id='word_1_2' title='bbox 746 438 1305 500; x_wconf 80' lang='lat' dir='ltr'><strong>INTERPRETATlO</strong></span> <span class='ocrx_word' id='word_1_3' title='bbox 1343 443 1594 500; x_wconf 82' lang='lat' dir='ltr'><strong>PSALMI</strong></span> <span class='ocrx_word' id='word_1_4' title='bbox 1630 443 1695 498; x_wconf 68' lang='grc' dir='ltr'>ν.</span> 
     </span>
    </p>
   </div>
   <div class='ocr_carea' id='block_1_3' title="bbox 429 565 2003 646">
    <p class='ocr_par' dir='ltr' id='par_1_3' title="bbox 429 565 2003 646">
     <span class='ocr_line' id='line_1_3' title="bbox 429 565 2003 646; baseline 0.005 -24"><span class='ocrx_word' id='word_1_5' title='bbox 429 565 485 622; x_wconf 71' lang='grc'><strong>1.</strong></span> <span class='ocrx_word' id='word_1_6' title='bbox 501 565 569 623; x_wconf 87' lang='lat' dir='ltr'><strong>In</strong></span> <span class='ocrx_word' id='word_1_7' title='bbox 598 568 756 638; x_wconf 74' lang='lat' dir='ltr'><strong>ﬁnem</strong></span> <span class='ocrx_word' id='word_1_8' title='bbox 783 585 879 638; x_wconf 92' lang='lat' dir='ltr'><strong>pro</strong></span> <span class='ocrx_word' id='word_1_9' title='bbox 899 587 964 626; x_wconf 88' lang='lat' dir='ltr'><strong>ea</strong></span> <span class='ocrx_word' id='word_1_10' title='bbox 991 565 1108 642; x_wconf 76' lang='lat' dir='ltr'><strong>qua:</strong></span> <span class='ocrx_word' id='word_1_11' title='bbox 1124 572 1487 646; x_wconf 59' lang='lat' dir='ltr'><strong>hereditatem</strong></span> <span class='ocrx_word' id='word_1_12' title='bbox 1508 576 1846 646; x_wconf 73' lang='lat' dir='ltr'><strong>consequitur</strong></span> <span class='ocrx_word' id='word_1_13' title='bbox 1866 576 2003 644; x_wconf 84' lang='lat' dir='ltr'><strong>psal-</strong></span> 
     </span>
    </p>
   </div>
   <div class='ocr_carea' id='block_1_4' title="bbox 1049 644 1388 701">
    <p class='ocr_par' dir='ltr' id='par_1_4' title="bbox 1049 644 1388 701">
     <span class='ocr_line' id='line_1_4' title="bbox 1049 644 1388 701; baseline 0.015 -5"><span class='ocrx_word' id='word_1_14' title='bbox 1049 659 1165 698; x_wconf 91' lang='lat' dir='ltr'><strong>mus</strong></span> <span class='ocrx_word' id='word_1_15' title='bbox 1194 644 1388 701; x_wconf 80' lang='lat' dir='ltr'><strong>David.</strong></span> 
     </span>
    </p>
   </div>
   <div class='ocr_carea' id='block_1_5' title="bbox 498 748 2002 830">
    <p class='ocr_par' dir='ltr' id='par_1_5' title="bbox 498 748 2002 830">
     <span class='ocr_line' id='line_1_5' title="bbox 498 748 2002 830; baseline 0.004 -23"><span class='ocrx_word' id='word_1_16' title='bbox 498 748 556 808; x_wconf 85' lang='lat' dir='ltr'><strong>In</strong></span> <span class='ocrx_word' id='word_1_17' title='bbox 581 752 742 809; x_wconf 82' lang='lat' dir='ltr'><strong>linem</strong></span> <span class='ocrx_word' id='word_1_18' title='bbox 770 753 1008 826; x_wconf 85' lang='lat' dir='ltr'><strong>hymnus</strong></span> <span class='ocrx_word' id='word_1_19' title='bbox 1035 757 1340 828; x_wconf 86' lang='lat' dir='ltr'><strong>gratiarum</strong></span> <span class='ocrx_word' id='word_1_20' title='bbox 1380 758 1615 813; x_wconf 78' lang='lat' dir='ltr'><strong>actionis</strong></span> <span class='ocrx_word' id='word_1_21' title='bbox 1645 758 1864 813; x_wconf 91' lang='lat' dir='ltr'><strong>canitur</strong></span> <span class='ocrx_word' id='word_1_22' title='bbox 1901 774 2002 830; x_wconf 92' lang='lat' dir='ltr'><strong>pro</strong></span> 
     </span>
    </p>
   </div>
   <div class='ocr_carea' id='block_1_6' title="bbox 427 845 2002 918">
    <p class='ocr_par' dir='ltr' id='par_1_6' title="bbox 427 845 2002 918">
     <span class='ocr_line' id='line_1_6' title="bbox 427 845 2002 918; baseline 0.002 -19"><span class='ocrx_word' id='word_1_23' title='bbox 427 845 608 900; x_wconf 88' lang='lat' dir='ltr'><strong>anima</strong></span> <span class='ocrx_word' id='word_1_24' title='bbox 635 846 751 902; x_wconf 84' lang='lat' dir='ltr'><strong>sive</strong></span> <span class='ocrx_word' id='word_1_25' title='bbox 783 863 883 918; x_wconf 90' lang='lat' dir='ltr'><strong>pro</strong></span> <span class='ocrx_word' id='word_1_26' title='bbox 905 848 1173 912; x_wconf 85' lang='lat' dir='ltr'><strong>Ecclesia,</strong></span> <span class='ocrx_word' id='word_1_27' title='bbox 1199 865 1322 918; x_wconf 70' lang='lat' dir='ltr'><strong>quae</strong></span> <span class='ocrx_word' id='word_1_28' title='bbox 1355 849 1410 903; x_wconf 92' lang='lat' dir='ltr'><strong>in</strong></span> <span class='ocrx_word' id='word_1_29' title='bbox 1431 849 1674 904; x_wconf 83' lang='lat' dir='ltr'><strong>divinam</strong></span> <span class='ocrx_word' id='word_1_30' title='bbox 1715 850 2002 904; x_wconf 70' lang='lat' dir='ltr'><strong>haeredita-</strong></span> 
     </span>
    </p>
   </div>
   <div class='ocr_carea' id='block_1_7' title="bbox 427 934 2000 1010">
    <p class='ocr_par' dir='ltr' id='par_1_7' title="bbox 427 934 2000 1010">
     <span class='ocr_line' id='line_1_7' title="bbox 427 934 2000 1010; baseline 0.001 -19"><span class='ocrx_word' id='word_1_31' title='bbox 427 947 536 991; x_wconf 90' lang='lat' dir='ltr'><strong>tem</strong></span> <span class='ocrx_word' id='word_1_32' title='bbox 574 934 667 992; x_wconf 88' lang='lat' dir='ltr'><strong>Dei</strong></span> <span class='ocrx_word' id='word_1_33' title='bbox 700 935 921 994; x_wconf 84' lang='lat' dir='ltr'><strong>famulis</strong></span> <span class='ocrx_word' id='word_1_34' title='bbox 973 949 1337 1008; x_wconf 72' lang='lat' dir='ltr'><strong>praeparatam</strong></span> <span class='ocrx_word' id='word_1_35' title='bbox 1395 939 1638 995; x_wconf 87' lang='lat' dir='ltr'><strong>ducitur.</strong></span> <span class='ocrx_word' id='word_1_36' title='bbox 1671 937 1768 996; x_wconf 87' lang='lat' dir='ltr'><strong>Est</strong></span> <span class='ocrx_word' id='word_1_37' title='bbox 1798 941 2000 1010; x_wconf 87' lang='lat' dir='ltr'><strong>quippe</strong></span> 
     </span>
    </p>
   </div>
   <div class='ocr_carea' id='block_1_8' title="bbox 425 1029 2000 1104">
    <p class='ocr_par' dir='ltr' id='par_1_8' title="bbox 425 1029 2000 1104">
     <span class='ocr_line' id='line_1_8' title="bbox 425 1029 2000 1104; baseline 0.003 -22"><span class='ocrx_word' id='word_1_38' title='bbox 425 1029 718 1086; x_wconf 61' lang='lat' dir='ltr'><strong>hereditas</strong></span> <span class='ocrx_word' id='word_1_39' title='bbox 741 1029 914 1086; x_wconf 90' lang='lat' dir='ltr'><strong>Deum</strong></span> <span class='ocrx_word' id='word_1_40' title='bbox 934 1031 1264 1086; x_wconf 74' lang='lat' dir='ltr'><strong>.colcntibus</strong></span> <span class='ocrx_word' id='word_1_41' title='bbox 1297 1042 1518 1102; x_wconf 88' lang='lat' dir='ltr'><strong>parata,</strong></span> <span class='ocrx_word' id='word_1_42' title='bbox 1552 1041 1607 1089; x_wconf 90' lang='lat' dir='ltr'><strong>et</strong></span> <span class='ocrx_word' id='word_1_43' title='bbox 1635 1033 1750 1088; x_wconf 66' lang='lat' dir='ltr'><strong>haec</strong></span> <span class='ocrx_word' id='word_1_44' title='bbox 1781 1031 2000 1104; x_wconf 89' lang='lat' dir='ltr'><strong>quidem</strong></span> 
     </span>
    </p>
   </div>
   <div class='ocr_carea' id='block_1_9' title="bbox 423 1123 2003 1196">
    <p class='ocr_par' dir='ltr' id='par_1_9' title="bbox 423 1123 2003 1196">
     <span class='ocr_line' id='line_1_9' title="bbox 423 1123 2003 1196; baseline 0.003 -20"><span class='ocrx_word' id='word_1_45' title='bbox 423 1137 534 1177; x_wconf 91' lang='lat' dir='ltr'><strong>non</strong></span> <span class='ocrx_word' id='word_1_46' title='bbox 560 1123 960 1193; x_wconf 80' lang='lat' dir='ltr'><strong>corruptibilis,</strong></span> <span class='ocrx_word' id='word_1_47' title='bbox 993 1139 1172 1196; x_wconf 90' lang='lat' dir='ltr'><strong>neque</strong></span> <span class='ocrx_word' id='word_1_48' title='bbox 1201 1124 1255 1178; x_wconf 90' lang='lat' dir='ltr'><strong>in</strong></span> <span class='ocrx_word' id='word_1_49' title='bbox 1288 1125 1500 1182; x_wconf 85' lang='lat' dir='ltr'><strong>divitiis</strong></span> <span class='ocrx_word' id='word_1_50' title='bbox 1533 1141 1754 1181; x_wconf 85' lang='lat' dir='ltr'><strong>sensum</strong></span> <span class='ocrx_word' id='word_1_51' title='bbox 1785 1141 2003 1182; x_wconf 82' lang='lat' dir='ltr'><strong>moven-</strong></span> 
     </span>
    </p>
   </div>
   <div class='ocr_carea' id='block_1_10' title="bbox 423 1213 1999 1273">
    <p class='ocr_par' dir='ltr' id='par_1_10' title="bbox 423 1213 1999 1273">
     <span class='ocr_line' id='line_1_10' title="bbox 423 1213 1999 1273; baseline 0.004 -8"><span class='ocrx_word' id='word_1_52' title='bbox 423 1213 571 1268; x_wconf 89' lang='lat' dir='ltr'><strong>tibus</strong></span> <span class='ocrx_word' id='word_1_53' title='bbox 602 1214 877 1270; x_wconf 87' lang='lat' dir='ltr'><strong>consistit.</strong></span> <span class='ocrx_word' id='word_1_54' title='bbox 910 1213 1126 1270; x_wconf 85' lang='lat' dir='ltr'><strong>Dicitur</strong></span> <span class='ocrx_word' id='word_1_55' title='bbox 1159 1217 1305 1272; x_wconf 91' lang='lat' dir='ltr'><strong>enim</strong></span> <span class='ocrx_word' id='word_1_56' title='bbox 1359 1215 1702 1273; x_wconf 83' lang='lat' dir='ltr'><strong>inducendos</strong></span> <span class='ocrx_word' id='word_1_57' title='bbox 1755 1216 1999 1272; x_wconf 61' lang='lat' dir='ltr'><strong>heredes</strong></span> 
     </span>
    </p>
   </div>
   <div class='ocr_carea' id='block_1_11' title="bbox 421 1304 2000 1377">
    <p class='ocr_par' dir='ltr' id='par_1_11' title="bbox 421 1304 2000 1377">
     <span class='ocr_line' id='line_1_11' title="bbox 421 1304 2000 1377; baseline 0.002 -17"><span class='ocrx_word' id='word_1_58' title='bbox 421 1304 597 1374; x_wconf 67' lang='lat' dir='ltr'><strong>ipsius</strong></span> <span class='ocrx_word' id='word_1_59' title='bbox 615 1320 759 1370; x_wconf 87' lang='lat' dir='ltr'><strong>esse,</strong></span> <span class='ocrx_word' id='word_1_60' title='bbox 790 1307 843 1360; x_wconf 91' lang='lat' dir='ltr'><strong>in</strong></span> <span class='ocrx_word' id='word_1_61' title='bbox 858 1306 1224 1362; x_wconf 66' lang='lat' dir='ltr'><strong>hazreditatem</strong></span> <span class='ocrx_word' id='word_1_62' title='bbox 1249 1307 1728 1377; x_wconf 86' lang='lat' dir='ltr'><strong>incorruptibilem,</strong></span> <span class='ocrx_word' id='word_1_63' title='bbox 1755 1311 2000 1364; x_wconf 85' lang='lat' dir='ltr'><strong>inconta-</strong></span> 
     </span>
    </p>
   </div>
   <div class='ocr_carea' id='block_1_12' title="bbox 421 1399 1994 1465">
    <p class='ocr_par' dir='ltr' id='par_1_12' title="bbox 421 1399 1994 1465">
     <span class='ocr_line' id='line_1_12' title="bbox 421 1399 1994 1465; baseline 0.004 -15"><span class='ocrx_word' id='word_1_64' title='bbox 421 1399 704 1463; x_wconf 73' lang='lat' dir='ltr'><strong>minatam,</strong></span> <span class='ocrx_word' id='word_1_65' title='bbox 733 1399 1249 1465; x_wconf 83' lang='lat' dir='ltr'><strong>immarcescibilem,</strong></span> <span class='ocrx_word' id='word_1_66' title='bbox 1286 1410 1654 1456; x_wconf 75' lang='lat' dir='ltr'><strong>conservatam</strong></span> <span class='ocrx_word' id='word_1_67' title='bbox 1682 1403 1736 1455; x_wconf 90' lang='lat' dir='ltr'><strong>in</strong></span> <span class='ocrx_word' id='word_1_68' title='bbox 1764 1401 1908 1456; x_wconf 63' lang='lat' dir='ltr'><strong>caelis</strong></span> <span class='ocrx_word' id='word_1_69' title='bbox 1925 1403 1994 1456; x_wconf 68' lang='lat'><strong>‘9.</strong></span> 
     </span>
    </p>
   </div>
   <div class='ocr_carea' id='block_1_13' title="bbox 419 1487 1992 1563">
    <p class='ocr_par' dir='ltr' id='par_1_13' title="bbox 419 1487 1992 1563">
     <span class='ocr_line' id='line_1_13' title="bbox 419 1487 1992 1563; baseline 0.003 -21"><span class='ocrx_word' id='word_1_70' title='bbox 419 1487 478 1542; x_wconf 89' lang='lat' dir='ltr'><strong>lu</strong></span> <span class='ocrx_word' id='word_1_71' title='bbox 510 1489 658 1543; x_wconf 88' lang='lat' dir='ltr'><strong>illam</strong></span> <span class='ocrx_word' id='word_1_72' title='bbox 696 1505 794 1546; x_wconf 87' lang='lat' dir='ltr'><strong>eos</strong></span> <span class='ocrx_word' id='word_1_73' title='bbox 833 1490 928 1560; x_wconf 86' lang='lat' dir='ltr'><strong>qui</strong></span> <span class='ocrx_word' id='word_1_74' title='bbox 962 1490 1116 1563; x_wconf 88' lang='lat' dir='ltr'><strong>digni</strong></span> <span class='ocrx_word' id='word_1_75' title='bbox 1168 1499 1298 1548; x_wconf 91' lang='lat' dir='ltr'><strong>sunt</strong></span> <span class='ocrx_word' id='word_1_76' title='bbox 1339 1507 1577 1548; x_wconf 85' lang='lat' dir='ltr'><strong>evocans</strong></span> <span class='ocrx_word' id='word_1_77' title='bbox 1608 1491 1859 1547; x_wconf 85' lang='lat' dir='ltr'><strong>Salvator</strong></span> <span class='ocrx_word' id='word_1_78' title='bbox 1879 1491 1992 1547; x_wconf 88' lang='lat' dir='ltr'><strong>ait:</strong></span> 
     </span>
    </p>
   </div>
   <div class='ocr_carea' id='block_1_14' title="bbox 427 1582 1992 1654">
    <p class='ocr_par' dir='ltr' id='par_1_14' title="bbox 427 1582 1992 1654">
     <span class='ocr_line' id='line_1_14' title="bbox 427 1582 1992 1654; baseline 0.003 -20"><span class='ocrx_word' id='word_1_79' title='bbox 427 1582 610 1637; x_wconf 82' lang='lat' dir='ltr'><strong>Venite</strong></span> <span class='ocrx_word' id='word_1_80' title='bbox 641 1585 731 1654; x_wconf 94' lang='lat' dir='ltr'><strong>qui</strong></span> <span class='ocrx_word' id='word_1_81' title='bbox 763 1601 796 1637; x_wconf 91' lang='lat' dir='ltr'><strong>a</strong></span> <span class='ocrx_word' id='word_1_82' title='bbox 819 1583 1022 1639; x_wconf 79' lang='lat' dir='ltr'><strong>dextris</strong></span> <span class='ocrx_word' id='word_1_83' title='bbox 1051 1586 1180 1641; x_wconf 90' lang='lat' dir='ltr'><strong>meis</strong></span> <span class='ocrx_word' id='word_1_84' title='bbox 1204 1586 1356 1651; x_wconf 86' lang='lat' dir='ltr'><strong>estis,</strong></span> <span class='ocrx_word' id='word_1_85' title='bbox 1390 1586 1644 1641; x_wconf 83' lang='lat' dir='ltr'><strong>benedicti</strong></span> <span class='ocrx_word' id='word_1_86' title='bbox 1676 1585 1858 1640; x_wconf 86' lang='lat' dir='ltr'><strong>Patris</strong></span> <span class='ocrx_word' id='word_1_87' title='bbox 1872 1587 1992 1650; x_wconf 89' lang='lat' dir='ltr'><strong>mei,</strong></span> 
     </span>
    </p>
   </div>
   <div class='ocr_carea' id='block_1_15' title="bbox 417 1674 1997 1747">
    <p class='ocr_par' dir='ltr' id='par_1_15' title="bbox 417 1674 1997 1747">
     <span class='ocr_line' id='line_1_15' title="bbox 417 1674 1997 1747; baseline 0.001 -19"><span class='ocrx_word' id='word_1_88' title='bbox 417 1674 678 1744; x_wconf 80' lang='lat' dir='ltr'><strong>possidete</strong></span> <span class='ocrx_word' id='word_1_89' title='bbox 695 1685 945 1745; x_wconf 88' lang='lat' dir='ltr'><strong>paratum</strong></span> <span class='ocrx_word' id='word_1_90' title='bbox 975 1676 1119 1730; x_wconf 81' lang='lat' dir='ltr'><strong>vobis</strong></span> <span class='ocrx_word' id='word_1_91' title='bbox 1155 1693 1374 1747; x_wconf 81' lang='lat' dir='ltr'><strong>regnum</strong></span> <span class='ocrx_word' id='word_1_92' title='bbox 1399 1678 1468 1734; x_wconf 82' lang='grc' dir='ltr'><strong>⁸ο.</strong></span> <span class='ocrx_word' id='word_1_93' title='bbox 1500 1675 1678 1745; x_wconf 87' lang='lat' dir='ltr'><strong>Hujus</strong></span> <span class='ocrx_word' id='word_1_94' title='bbox 1698 1691 1884 1732; x_wconf 89' lang='lat' dir='ltr'><strong>amore</strong></span> <span class='ocrx_word' id='word_1_95' title='bbox 1903 1690 1997 1730; x_wconf 90' lang='lat' dir='ltr'><strong>ca-</strong></span> 
     </span>
    </p>
   </div>
   <div class='ocr_carea' id='block_1_16' title="bbox 417 1768 1992 1839">
    <p class='ocr_par' dir='ltr' id='par_1_16' title="bbox 417 1768 1992 1839">
     <span class='ocr_line' id='line_1_16' title="bbox 417 1768 1992 1839; baseline 0.001 -19"><span class='ocrx_word' id='word_1_96' title='bbox 417 1773 544 1837; x_wconf 85' lang='lat' dir='ltr'><strong>ptus</strong></span> <span class='ocrx_word' id='word_1_97' title='bbox 602 1768 695 1837; x_wconf 89' lang='lat' dir='ltr'><strong>qui</strong></span> <span class='ocrx_word' id='word_1_98' title='bbox 762 1776 1084 1837; x_wconf 59' lang='lat' dir='ltr'><strong>praesentem</strong></span> <span class='ocrx_word' id='word_1_99' title='bbox 1142 1769 1411 1839; x_wconf 89' lang='lat' dir='ltr'><strong>psalmum</strong></span> <span class='ocrx_word' id='word_1_100' title='bbox 1480 1769 1692 1832; x_wconf 87' lang='lat' dir='ltr'><strong>recitat,</strong></span> <span class='ocrx_word' id='word_1_101' title='bbox 1743 1768 1852 1823; x_wconf 87' lang='lat' dir='ltr'><strong>Deo</strong></span> <span class='ocrx_word' id='word_1_102' title='bbox 1900 1769 1992 1838; x_wconf 89' lang='lat' dir='ltr'><strong>qui</strong></span> 
     </span>
    </p>
   </div>
   <div class='ocr_carea' id='block_1_17' title="bbox 415 1859 1996 1933">
    <p class='ocr_par' dir='ltr' id='par_1_17' title="bbox 415 1859 1996 1933">
     <span class='ocr_line' id='line_1_17' title="bbox 415 1859 1996 1933; baseline 0.002 -18"><span class='ocrx_word' id='word_1_103' title='bbox 415 1860 594 1931; x_wconf 87' lang='lat' dir='ltr'><strong>ipsam</strong></span> <span class='ocrx_word' id='word_1_104' title='bbox 619 1861 940 1931; x_wconf 70' lang='lat' dir='ltr'><strong>praeparavit</strong></span> <span class='ocrx_word' id='word_1_105' title='bbox 967 1859 1272 1916; x_wconf 82' lang='lat' dir='ltr'><strong>orationem</strong></span> <span class='ocrx_word' id='word_1_106' title='bbox 1287 1861 1506 1925; x_wconf 88' lang='lat' dir='ltr'><strong>emittit,</strong></span> <span class='ocrx_word' id='word_1_107' title='bbox 1526 1869 1585 1916; x_wconf 93' lang='lat' dir='ltr'><strong>ut</strong></span> <span class='ocrx_word' id='word_1_108' title='bbox 1602 1861 1799 1933; x_wconf 88' lang='lat' dir='ltr'><strong>dignus</strong></span> <span class='ocrx_word' id='word_1_109' title='bbox 1833 1862 1996 1918; x_wconf 87' lang='lat' dir='ltr'><strong>habe-</strong></span> 
     </span>
    </p>
   </div>
   <div class='ocr_carea' id='block_1_18' title="bbox 415 1953 1991 2022">
    <p class='ocr_par' dir='ltr' id='par_1_18' title="bbox 415 1953 1991 2022">
     <span class='ocr_line' id='line_1_18' title="bbox 415 1953 1991 2022; baseline 0.002 -15"><span class='ocrx_word' id='word_1_110' title='bbox 415 1961 537 2007; x_wconf 89' lang='lat' dir='ltr'><strong>atur</strong></span> <span class='ocrx_word' id='word_1_111' title='bbox 563 1953 656 2022; x_wconf 90' lang='lat' dir='ltr'><strong>qui</strong></span> <span class='ocrx_word' id='word_1_112' title='bbox 685 1968 807 2008; x_wconf 89' lang='lat' dir='ltr'><strong>eam</strong></span> <span class='ocrx_word' id='word_1_113' title='bbox 836 1954 1140 2010; x_wconf 88' lang='lat' dir='ltr'><strong>secundum</strong></span> <span class='ocrx_word' id='word_1_114' title='bbox 1188 1962 1578 2010; x_wconf 85' lang='lat' dir='ltr'><strong>testamentum</strong></span> <span class='ocrx_word' id='word_1_115' title='bbox 1613 1970 1816 2009; x_wconf 91' lang='lat' dir='ltr'><strong>novum</strong></span> <span class='ocrx_word' id='word_1_116' title='bbox 1856 1970 1991 2010; x_wconf 86' lang='lat' dir='ltr'><strong>con-</strong></span> 
     </span>
    </p>
   </div>
   <div class='ocr_carea' id='block_1_19' title="bbox 413 2044 1990 2116">
    <p class='ocr_par' dir='ltr' id='par_1_19' title="bbox 413 2044 1990 2116">
     <span class='ocr_line' id='line_1_19' title="bbox 413 2044 1990 2116; baseline 0.002 -18"><span class='ocrx_word' id='word_1_117' title='bbox 413 2050 698 2114; x_wconf 85' lang='lat' dir='ltr'><strong>sequatur,</strong></span> <span class='ocrx_word' id='word_1_118' title='bbox 730 2044 804 2099; x_wconf 92' lang='lat' dir='ltr'><strong>ita</strong></span> <span class='ocrx_word' id='word_1_119' title='bbox 834 2053 893 2099; x_wconf 89' lang='lat' dir='ltr'><strong>ut</strong></span> <span class='ocrx_word' id='word_1_120' title='bbox 917 2045 1278 2116; x_wconf 87' lang='lat' dir='ltr'><strong>inscriptione</strong></span> <span class='ocrx_word' id='word_1_121' title='bbox 1311 2045 1425 2111; x_wconf 90' lang='lat' dir='ltr'><strong>illa,</strong></span> <span class='ocrx_word' id='word_1_122' title='bbox 1456 2061 1552 2116; x_wconf 87' lang='lat' dir='ltr'><strong>pro</strong></span> <span class='ocrx_word' id='word_1_123' title='bbox 1590 2063 1652 2100; x_wconf 90' lang='lat' dir='ltr'><strong>ea</strong></span> <span class='ocrx_word' id='word_1_124' title='bbox 1682 2062 1799 2116; x_wconf 77' lang='lat' dir='ltr'><strong>qua:</strong></span> <span class='ocrx_word' id='word_1_125' title='bbox 1824 2046 1990 2101; x_wconf 68' lang='lat' dir='ltr'><strong>haere-</strong></span> 
     </span>
    </p>
   </div>
   <div class='ocr_carea' id='block_1_20' title="bbox 411 2134 1988 2209">
    <p class='ocr_par' dir='ltr' id='par_1_20' title="bbox 411 2134 1988 2209">
     <span class='ocr_line' id='line_1_20' title="bbox 411 2134 1988 2209; baseline 0.003 -21"><span class='ocrx_word' id='word_1_126' title='bbox 411 2134 634 2189; x_wconf 90' lang='lat' dir='ltr'><strong>ditatem</strong></span> <span class='ocrx_word' id='word_1_127' title='bbox 684 2137 1042 2207; x_wconf 87' lang='lat' dir='ltr'><strong>consequitur,</strong></span> <span class='ocrx_word' id='word_1_128' title='bbox 1073 2150 1230 2192; x_wconf 87' lang='lat' dir='ltr'><strong>suam</strong></span> <span class='ocrx_word' id='word_1_129' title='bbox 1284 2137 1461 2209; x_wconf 89' lang='lat' dir='ltr'><strong>ipsam</strong></span> <span class='ocrx_word' id='word_1_130' title='bbox 1511 2138 1751 2192; x_wconf 89' lang='lat' dir='ltr'><strong>animam</strong></span> <span class='ocrx_word' id='word_1_131' title='bbox 1812 2139 1988 2209; x_wconf 80' lang='lat' dir='ltr'><strong>signi-</strong></span> 
     </span>
    </p>
   </div>
   <div class='ocr_carea' id='block_1_21' title="bbox 411 2217 935 2281">
    <p class='ocr_par' dir='ltr' id='par_1_21' title="bbox 411 2217 935 2281">
     <span class='ocr_line' id='line_1_21' title="bbox 411 2217 935 2281; baseline 0.002 -2"><span class='ocrx_word' id='word_1_132' title='bbox 411 2225 562 2281; x_wconf 80' lang='lat' dir='ltr'><strong>ﬁcet.</strong></span> <span class='ocrx_word' id='word_1_133' title='bbox 931 2217 935 2222; x_wconf 69' lang='grc'><strong>’</strong></span> 
     </span>
    </p>
   </div>
   <div class='ocr_carea' id='block_1_22' title="bbox 399 2319 1986 2393">
    <p class='ocr_par' dir='ltr' id='par_1_22' title="bbox 399 2319 1986 2393">
     <span class='ocr_line' id='line_1_22' title="bbox 399 2319 1986 2393; baseline 0.001 -17"><span class='ocrx_word' id='word_1_134' title='bbox 399 2357 404 2365; x_wconf 71' lang='grc' dir='ltr'><strong>ι</strong></span> <span class='ocrx_word' id='word_1_135' title='bbox 481 2319 650 2376; x_wconf 67' lang='lat' dir='ltr'><strong>Vens.</strong></span> <span class='ocrx_word' id='word_1_136' title='bbox 673 2321 732 2377; x_wconf 74' lang='lat'><strong>2.</strong></span> <span class='ocrx_word' id='word_1_137' title='bbox 770 2321 938 2376; x_wconf 83' lang='lat' dir='ltr'><strong>Verba</strong></span> <span class='ocrx_word' id='word_1_138' title='bbox 969 2338 1084 2376; x_wconf 91' lang='lat' dir='ltr'><strong>mea</strong></span> <span class='ocrx_word' id='word_1_139' title='bbox 1113 2321 1333 2378; x_wconf 81' lang='lat' dir='ltr'><strong>auribus</strong></span> <span class='ocrx_word' id='word_1_140' title='bbox 1371 2325 1596 2393; x_wconf 84' lang='lat' dir='ltr'><strong>percipe,</strong></span> <span class='ocrx_word' id='word_1_141' title='bbox 1627 2321 1868 2389; x_wconf 76' lang='lat' dir='ltr'><strong>Domine,</strong></span> <span class='ocrx_word' id='word_1_142' title='bbox 1904 2325 1986 2378; x_wconf 88' lang='lat' dir='ltr'><strong>in-</strong></span> 
     </span>
    </p>
   </div>
   <div class='ocr_carea' id='block_1_23' title="bbox 411 2415 1990 2487">
    <p class='ocr_par' dir='ltr' id='par_1_23' title="bbox 411 2415 1990 2487">
     <span class='ocr_line' id='line_1_23' title="bbox 411 2415 1990 2487; baseline 0.002 -19"><span class='ocrx_word' id='word_1_143' title='bbox 411 2415 585 2487; x_wconf 83' lang='lat' dir='ltr'><strong>tellige</strong></span> <span class='ocrx_word' id='word_1_144' title='bbox 615 2416 898 2470; x_wconf 79' lang='lat' dir='ltr'><strong>clamorem</strong></span> <span class='ocrx_word' id='word_1_145' title='bbox 931 2432 1123 2470; x_wconf 87' lang='lat' dir='ltr'><strong>meum.</strong></span> <span class='ocrx_word' id='word_1_146' title='bbox 1159 2415 1303 2471; x_wconf 84' lang='lat' dir='ltr'><strong>Sane</strong></span> <span class='ocrx_word' id='word_1_147' title='bbox 1329 2417 1494 2472; x_wconf 87' lang='lat' dir='ltr'><strong>verba</strong></span> <span class='ocrx_word' id='word_1_148' title='bbox 1523 2432 1620 2471; x_wconf 88' lang='lat' dir='ltr'><strong>ore</strong></span> <span class='ocrx_word' id='word_1_149' title='bbox 1652 2417 1863 2486; x_wconf 86' lang='lat' dir='ltr'><strong>prolata</strong></span> <span class='ocrx_word' id='word_1_150' title='bbox 1891 2432 1990 2471; x_wconf 75' lang='lat' dir='ltr'><strong>au~</strong></span> 
     </span>
    </p>
   </div>
   <div class='ocr_carea' id='block_1_24' title="bbox 406 2502 1985 2574">
    <p class='ocr_par' dir='ltr' id='par_1_24' title="bbox 406 2502 1985 2574">
     <span class='ocr_line' id='line_1_24' title="bbox 406 2502 1985 2574; baseline 0.004 -18"><span class='ocrx_word' id='word_1_151' title='bbox 406 2502 564 2558; x_wconf 85' lang='lat' dir='ltr'><strong>ribus</strong></span> <span class='ocrx_word' id='word_1_152' title='bbox 613 2505 993 2574; x_wconf 91' lang='lat' dir='ltr'><strong>percipiuntur</strong></span> <span class='ocrx_word' id='word_1_153' title='bbox 1023 2512 1078 2559; x_wconf 91' lang='lat' dir='ltr'><strong>et</strong></span> <span class='ocrx_word' id='word_1_154' title='bbox 1107 2504 1409 2560; x_wconf 87' lang='lat' dir='ltr'><strong>audiuntur</strong></span> <span class='ocrx_word' id='word_1_155' title='bbox 1460 2525 1474 2560; x_wconf 90' lang='lat'>:</span> <span class='ocrx_word' id='word_1_156' title='bbox 1531 2507 1739 2562; x_wconf 89' lang='lat' dir='ltr'><strong>clamor</strong></span> <span class='ocrx_word' id='word_1_157' title='bbox 1781 2515 1985 2574; x_wconf 78' lang='lat' dir='ltr'><strong>autem,</strong></span> 
     </span>
    </p>
   </div>
   <div class='ocr_carea' id='block_1_25' title="bbox 405 2595 1989 2667">
    <p class='ocr_par' dir='ltr' id='par_1_25' title="bbox 405 2595 1989 2667">
     <span class='ocr_line' id='line_1_25' title="bbox 405 2595 1989 2667; baseline 0.004 -19"><span class='ocrx_word' id='word_1_158' title='bbox 405 2609 517 2650; x_wconf 87' lang='lat' dir='ltr'><strong>non</strong></span> <span class='ocrx_word' id='word_1_159' title='bbox 550 2595 772 2664; x_wconf 86' lang='lat' dir='ltr'><strong>quidem</strong></span> <span class='ocrx_word' id='word_1_160' title='bbox 801 2595 1006 2660; x_wconf 85' lang='lat' dir='ltr'><strong>verbis,</strong></span> <span class='ocrx_word' id='word_1_161' title='bbox 1061 2595 1276 2651; x_wconf 89' lang='lat' dir='ltr'><strong>etiamsi</strong></span> <span class='ocrx_word' id='word_1_162' title='bbox 1310 2597 1414 2667; x_wconf 90' lang='lat' dir='ltr'><strong>ipsi</strong></span> <span class='ocrx_word' id='word_1_163' title='bbox 1447 2597 1648 2652; x_wconf 73' lang='lat' dir='ltr'><strong>dicant</strong></span> <span class='ocrx_word' id='word_1_164' title='bbox 1666 2597 1834 2653; x_wconf 91' lang='lat' dir='ltr'><strong>Deum</strong></span> <span class='ocrx_word' id='word_1_165' title='bbox 1867 2599 1989 2654; x_wconf 88' lang='lat' dir='ltr'><strong>uni-</strong></span> 
     </span>
    </p>
   </div>
   <div class='ocr_carea' id='block_1_26' title="bbox 404 2689 1988 2760">
    <p class='ocr_par' dir='ltr' id='par_1_26' title="bbox 404 2689 1988 2760">
     <span class='ocr_line' id='line_1_26' title="bbox 404 2689 1988 2760; baseline 0.004 -20"><span class='ocrx_word' id='word_1_166' title='bbox 404 2702 690 2743; x_wconf 86' lang='lat' dir='ltr'><strong>versorum</strong></span> <span class='ocrx_word' id='word_1_167' title='bbox 723 2703 785 2743; x_wconf 83' lang='lat' dir='ltr'><strong>se</strong></span> <span class='ocrx_word' id='word_1_168' title='bbox 811 2702 1166 2760; x_wconf 81' lang='lat' dir='ltr'><strong>cognoscere,</strong></span> <span class='ocrx_word' id='word_1_169' title='bbox 1191 2704 1254 2742; x_wconf 89' lang='lat' dir='ltr'><strong>ac</strong></span> <span class='ocrx_word' id='word_1_170' title='bbox 1283 2689 1443 2744; x_wconf 86' lang='lat' dir='ltr'><strong>labiis</strong></span> <span class='ocrx_word' id='word_1_171' title='bbox 1472 2689 1720 2745; x_wconf 75' lang='lat' dir='ltr'><strong>cunliteri</strong></span> <span class='ocrx_word' id='word_1_172' title='bbox 1744 2709 1760 2756; x_wconf 90' lang='lat'><strong>;</strong></span> <span class='ocrx_word' id='word_1_173' title='bbox 1799 2691 1896 2747; x_wconf 87' lang='lat' dir='ltr'><strong>sed</strong></span> <span class='ocrx_word' id='word_1_174' title='bbox 1932 2692 1988 2746; x_wconf 89' lang='lat' dir='ltr'><strong>in</strong></span> 
     </span>
    </p>
   </div>
   <div class='ocr_carea' id='block_1_27' title="bbox 404 2777 1987 2842">
    <p class='ocr_par' dir='ltr' id='par_1_27' title="bbox 404 2777 1987 2842">
     <span class='ocr_line' id='line_1_27' title="bbox 404 2777 1987 2842; baseline 0.003 -11"><span class='ocrx_word' id='word_1_175' title='bbox 404 2777 594 2842; x_wconf 90' lang='lat' dir='ltr'><strong>corde,</strong></span> <span class='ocrx_word' id='word_1_176' title='bbox 643 2778 758 2832; x_wconf 90' lang='lat' dir='ltr'><strong>sive</strong></span> <span class='ocrx_word' id='word_1_177' title='bbox 803 2779 858 2832; x_wconf 92' lang='lat' dir='ltr'><strong>in</strong></span> <span class='ocrx_word' id='word_1_178' title='bbox 887 2785 1069 2834; x_wconf 85' lang='lat' dir='ltr'><strong>mente</strong></span> <span class='ocrx_word' id='word_1_179' title='bbox 1114 2793 1303 2835; x_wconf 90' lang='lat' dir='ltr'><strong>eorum</strong></span> <span class='ocrx_word' id='word_1_180' title='bbox 1337 2779 1554 2835; x_wconf 81' lang='lat' dir='ltr'><strong>exsistit</strong></span> <span class='ocrx_word' id='word_1_181' title='bbox 1594 2798 1610 2836; x_wconf 93' lang='lat'><strong>:</strong></span> <span class='ocrx_word' id='word_1_182' title='bbox 1663 2796 1727 2835; x_wconf 91' lang='lat' dir='ltr'><strong>ac</strong></span> <span class='ocrx_word' id='word_1_183' title='bbox 1764 2797 1832 2836; x_wconf 88' lang='lat' dir='ltr'><strong>ne</strong></span> <span class='ocrx_word' id='word_1_184' title='bbox 1879 2797 1987 2836; x_wconf 88' lang='lat' dir='ltr'><strong>una</strong></span> 
     </span>
    </p>
   </div>
   <div class='ocr_carea' id='block_1_28' title="bbox 403 2869 1987 2943">
    <p class='ocr_par' dir='ltr' id='par_1_28' title="bbox 403 2869 1987 2943">
     <span class='ocr_line' id='line_1_28' title="bbox 403 2869 1987 2943; baseline 0.003 -19"><span class='ocrx_word' id='word_1_185' title='bbox 403 2870 624 2940; x_wconf 88' lang='lat' dir='ltr'><strong>quidem</strong></span> <span class='ocrx_word' id='word_1_186' title='bbox 653 2885 781 2925; x_wconf 84' lang='lat' dir='ltr'><strong>vera</strong></span> <span class='ocrx_word' id='word_1_187' title='bbox 814 2869 882 2926; x_wconf 90' lang='lat' dir='ltr'><strong>de</strong></span> <span class='ocrx_word' id='word_1_188' title='bbox 905 2869 1015 2926; x_wconf 92' lang='lat' dir='ltr'><strong>Deo</strong></span> <span class='ocrx_word' id='word_1_189' title='bbox 1046 2870 1309 2940; x_wconf 74' lang='lat' dir='ltr'><strong>cogitatio</strong></span> <span class='ocrx_word' id='word_1_190' title='bbox 1332 2877 1469 2926; x_wconf 89' lang='lat' dir='ltr'><strong>erat.</strong></span> <span class='ocrx_word' id='word_1_191' title='bbox 1502 2869 1826 2942; x_wconf 88' lang='lat' dir='ltr'><strong>Hujusmodi</strong></span> <span class='ocrx_word' id='word_1_192' title='bbox 1860 2887 1987 2943; x_wconf 87' lang='lat' dir='ltr'><strong>pro-</strong></span> 
     </span>
    </p>
   </div>
   <div class='ocr_carea' id='block_1_29' title="bbox 401 2961 1985 3036">
    <p class='ocr_par' dir='ltr' id='par_1_29' title="bbox 401 2961 1985 3036">
     <span class='ocr_line' id='line_1_29' title="bbox 401 2961 1985 3036; baseline 0.001 -18"><span class='ocrx_word' id='word_1_193' title='bbox 401 2961 546 3018; x_wconf 80' lang='lat' dir='ltr'><strong>fecto</strong></span> <span class='ocrx_word' id='word_1_194' title='bbox 568 2970 686 3017; x_wconf 87' lang='lat' dir='ltr'><strong>erat</strong></span> <span class='ocrx_word' id='word_1_195' title='bbox 717 2969 844 3018; x_wconf 88' lang='lat' dir='ltr'><strong>ante</strong></span> <span class='ocrx_word' id='word_1_196' title='bbox 861 2961 1160 3018; x_wconf 88' lang='lat' dir='ltr'><strong>Salvatoris</strong></span> <span class='ocrx_word' id='word_1_197' title='bbox 1176 2963 1468 3036; x_wconf 79' lang='lat' dir='ltr'><strong>adventum</strong></span> <span class='ocrx_word' id='word_1_198' title='bbox 1496 2971 1670 3018; x_wconf 89' lang='lat' dir='ltr'><strong>totum</strong></span> <span class='ocrx_word' id='word_1_199' title='bbox 1704 2963 1985 3020; x_wconf 88' lang='lat' dir='ltr'><strong>hominum</strong></span> 
     </span>
    </p>
   </div>
   <div class='ocr_carea' id='block_1_30' title="bbox 401 3051 1985 3125">
    <p class='ocr_par' dir='ltr' id='par_1_30' title="bbox 401 3051 1985 3125">
     <span class='ocr_line' id='line_1_30' title="bbox 401 3051 1985 3125; baseline 0.001 -16"><span class='ocrx_word' id='word_1_200' title='bbox 401 3068 594 3123; x_wconf 86' lang='lat' dir='ltr'><strong>genus.</strong></span> <span class='ocrx_word' id='word_1_201' title='bbox 623 3051 892 3124; x_wconf 89' lang='lat' dir='ltr'><strong>lnsipiens</strong></span> <span class='ocrx_word' id='word_1_202' title='bbox 933 3062 1114 3108; x_wconf 89' lang='lat' dir='ltr'><strong>autem</strong></span> <span class='ocrx_word' id='word_1_203' title='bbox 1157 3053 1449 3109; x_wconf 86' lang='lat' dir='ltr'><strong>admodum</strong></span> <span class='ocrx_word' id='word_1_204' title='bbox 1475 3069 1604 3109; x_wconf 85' lang='lat' dir='ltr'><strong>vere</strong></span> <span class='ocrx_word' id='word_1_205' title='bbox 1633 3068 1696 3108; x_wconf 92' lang='lat' dir='ltr'><strong>ac</strong></span> <span class='ocrx_word' id='word_1_206' title='bbox 1727 3069 1985 3125; x_wconf 87' lang='lat' dir='ltr'><strong>germane</strong></span> 
     </span>
    </p>
   </div>
   <div class='ocr_carea' id='block_1_31' title="bbox 1100 309 1985 384">
    <p class='ocr_par' dir='ltr' id='par_1_31' title="bbox 1100 324 1985 384">
     <span class='ocr_line' id='line_1_31' title="bbox 1100 324 1985 384; baseline 0.001 -4"><span class='ocrx_word' id='word_1_207' title='bbox 1100 324 1370 383; x_wconf 80' lang='lat' dir='ltr'><strong>EUSEBII</strong></span> <span class='ocrx_word' id='word_1_208' title='bbox 1409 327 1522 384; x_wconf 66' lang='grc' dir='ltr'><strong>ΟΕ</strong></span> <span class='ocrx_word' id='word_1_209' title='bbox 1531 325 1892 382; x_wconf 78' lang='lat' dir='ltr'><strong>SARIENSIS</strong></span> <span class='ocrx_word' id='word_1_210' title='bbox 1927 325 1985 384; x_wconf 85' lang='lat'><strong>01</strong></span> 
     </span>
    </p>
   </div>
   <div class='ocr_carea' id='block_1_32' title="bbox 2095 309 2980 384">
    <p class='ocr_par' dir='ltr' id='par_1_32' title="bbox 2119 309 2980 382">
     <span class='ocr_line' id='line_1_32' title="bbox 2119 309 2980 382; baseline -0.007 0"><span class='ocrx_word' id='word_1_211' title='bbox 2119 321 2298 382; x_wconf 78' lang='lat' dir='ltr'><strong>PARS</strong></span> <span class='ocrx_word' id='word_1_212' title='bbox 2338 309 2424 371; x_wconf 79' lang='grc'><strong>111.</strong></span> <span class='ocrx_word' id='word_1_213' title='bbox 2456 334 2537 364; x_wconf 48' lang='grc' dir='ltr'><strong>κ</strong></span> <span class='ocrx_word' id='word_1_214' title='bbox 2572 321 2980 380; x_wconf 74' lang='lat' dir='ltr'><strong>EXEGETICA.</strong></span> 
     </span>
    </p>
   </div>
   <div class='ocr_carea' id='block_1_33' title="bbox 3577 319 3683 376">
    <p class='ocr_par' dir='ltr' id='par_1_33' title="bbox 3577 319 3683 376">
     <span class='ocr_line' id='line_1_33' title="bbox 3577 319 3683 376; baseline 0 0"><span class='ocrx_word' id='word_1_215' title='bbox 3577 319 3683 376; x_wconf 80' lang='lat' dir='ltr'><strong>H6</strong></span> 
     </span>
    </p>
   </div>
   <div class='ocr_carea' id='block_1_34' title="bbox 2493 440 3284 498">
    <p class='ocr_par' dir='ltr' id='par_1_34' title="bbox 2493 440 3284 498">
     <span class='ocr_line' id='line_1_34' title="bbox 2493 440 3284 498; baseline -0.004 -2"><span class='ocrx_word' id='word_1_216' title='bbox 2493 442 2852 498; x_wconf 78' lang='lat' dir='ltr'><strong>EPMHNEIA</strong></span> <span class='ocrx_word' id='word_1_217' title='bbox 2878 440 3178 494; x_wconf 76' lang='grc' dir='ltr'><strong>ΨΑΛΜΟΥ</strong></span> <span class='ocrx_word' id='word_1_218' title='bbox 3209 441 3284 494; x_wconf 85' lang='grc' dir='ltr'><strong>Ε’.</strong></span> 
     </span>
    </p>
   </div>
   <div class='ocr_carea' id='block_1_35' title="bbox 2105 571 3683 648">
    <p class='ocr_par' dir='ltr' id='par_1_35' title="bbox 2105 571 3683 648">
     <span class='ocr_line' id='line_1_35' title="bbox 2105 571 3683 648; baseline -0.004 -16"><span class='ocrx_word' id='word_1_219' title='bbox 2105 578 2209 646; x_wconf 83' lang='grc' dir='ltr'><strong>Εἰς</strong></span> <span class='ocrx_word' id='word_1_220' title='bbox 2243 579 2308 633; x_wconf 81' lang='grc' dir='ltr'>τὸ</span> <span class='ocrx_word' id='word_1_221' title='bbox 2342 576 2521 646; x_wconf 76' lang='grc' dir='ltr'>τέλος</span> <span class='ocrx_word' id='word_1_222' title='bbox 2561 575 2715 648; x_wconf 77' lang='grc' dir='ltr'>ὑπὲρ</span> <span class='ocrx_word' id='word_1_223' title='bbox 2767 574 2878 648; x_wconf 61' lang='grc' dir='ltr'><strong>⁸τῆς</strong></span> <span class='ocrx_word' id='word_1_224' title='bbox 2903 573 3398 648; x_wconf 73' lang='grc' dir='ltr'>κληρονομούσης</span> <span class='ocrx_word' id='word_1_225' title='bbox 3438 571 3683 642; x_wconf 54' lang='lat' dir='ltr'><strong>pupae</strong></span> 
     </span>
    </p>
   </div>
   <div class='ocr_carea' id='block_1_36' title="bbox 2727 646 3048 712">
    <p class='ocr_par' dir='ltr' id='par_1_36' title="bbox 2727 646 3048 712">
     <span class='ocr_line' id='line_1_36' title="bbox 2727 646 3048 712; baseline -0.009 -12"><span class='ocrx_word' id='word_1_226' title='bbox 2727 646 2806 712; x_wconf 86' lang='grc' dir='ltr'>τῷ</span> <span class='ocrx_word' id='word_1_227' title='bbox 2851 646 3048 699; x_wconf 81' lang='grc' dir='ltr'>Δαυῖδ.</span> 
     </span>
    </p>
   </div>
   <div class='ocr_carea' id='block_1_37' title="bbox 2173 753 3682 832">
    <p class='ocr_par' dir='ltr' id='par_1_37' title="bbox 2173 753 3682 832">
     <span class='ocr_line' id='line_1_37' title="bbox 2173 753 3682 832; baseline -0.004 -17"><span class='ocrx_word' id='word_1_228' title='bbox 2173 762 2268 826; x_wconf 71' lang='lat' dir='ltr'><strong>Ei;</strong></span> <span class='ocrx_word' id='word_1_229' title='bbox 2300 761 2366 816; x_wconf 87' lang='grc' dir='ltr'><strong>τὺ</strong></span> <span class='ocrx_word' id='word_1_230' title='bbox 2412 759 2565 824; x_wconf 82' lang='grc' dir='ltr'><strong>τέλος</strong></span> <span class='ocrx_word' id='word_1_231' title='bbox 2619 761 2973 832; x_wconf 85' lang='grc' dir='ltr'>χαριστήριος</span> <span class='ocrx_word' id='word_1_232' title='bbox 2998 758 3165 830; x_wconf 79' lang='grc' dir='ltr'>ὕμνος</span> <span class='ocrx_word' id='word_1_233' title='bbox 3194 756 3379 829; x_wconf 80' lang='grc' dir='ltr'>ᾄδεται</span> <span class='ocrx_word' id='word_1_234' title='bbox 3419 755 3558 827; x_wconf 82' lang='grc' dir='ltr'>ὑπὲρ</span> <span class='ocrx_word' id='word_1_235' title='bbox 3578 753 3682 826; x_wconf 81' lang='grc' dir='ltr'>τῆς</span> 
     </span>
    </p>
   </div>
   <div class='ocr_carea' id='block_1_38' title="bbox 2101 847 3680 924">
    <p class='ocr_par' dir='ltr' id='par_1_38' title="bbox 2101 847 3680 924">
     <span class='ocr_line' id='line_1_38' title="bbox 2101 847 3680 924; baseline -0.005 -17"><span class='ocrx_word' id='word_1_236' title='bbox 2101 853 2376 924; x_wconf 81' lang='grc' dir='ltr'><strong>ἀγομένης</strong></span> <span class='ocrx_word' id='word_1_237' title='bbox 2404 853 2602 924; x_wconf 78' lang='grc' dir='ltr'>ψυχῆς,</span> <span class='ocrx_word' id='word_1_238' title='bbox 2637 852 2758 924; x_wconf 74' lang='grc' dir='ltr'>ἢτοι</span> <span class='ocrx_word' id='word_1_239' title='bbox 2806 852 3150 922; x_wconf 83' lang='grc' dir='ltr'>Ἐκκλησίας,</span> <span class='ocrx_word' id='word_1_240' title='bbox 3182 853 3262 913; x_wconf 77' lang='grc' dir='ltr'><strong>εἰς</strong></span> <span class='ocrx_word' id='word_1_241' title='bbox 3297 848 3444 902; x_wconf 88' lang='grc' dir='ltr'>θείαν</span> <span class='ocrx_word' id='word_1_242' title='bbox 3479 847 3680 918; x_wconf 83' lang='grc' dir='ltr'>κληρο-</span> 
     </span>
    </p>
   </div>
   <div class='ocr_carea' id='block_1_39' title="bbox 2100 942 3680 1017">
    <p class='ocr_par' dir='ltr' id='par_1_39' title="bbox 2100 942 3680 1017">
     <span class='ocr_line' id='line_1_39' title="bbox 2100 942 3680 1017; baseline -0.002 -18"><span class='ocrx_word' id='word_1_243' title='bbox 2100 946 2289 1017; x_wconf 87' lang='grc' dir='ltr'>νομίαν</span> <span class='ocrx_word' id='word_1_244' title='bbox 2309 945 2718 1017; x_wconf 79' lang='grc' dir='ltr'><strong>ἡτοιμασμένην</strong></span> <span class='ocrx_word' id='word_1_245' title='bbox 2739 947 2851 1009; x_wconf 82' lang='grc' dir='ltr'>τοῖς</span> <span class='ocrx_word' id='word_1_246' title='bbox 2865 944 2957 998; x_wconf 82' lang='grc' dir='ltr'>τοῦ</span> <span class='ocrx_word' id='word_1_247' title='bbox 2971 943 3106 998; x_wconf 88' lang='grc' dir='ltr'><strong>Θεοῦ</strong></span> <span class='ocrx_word' id='word_1_248' title='bbox 3124 943 3501 1015; x_wconf 80' lang='grc' dir='ltr'><strong>θεραπευταῖς.</strong></span> <span class='ocrx_word' id='word_1_249' title='bbox 3529 942 3680 996; x_wconf 61' lang='grc' dir='ltr'>Ἐστι</span> 
     </span>
    </p>
   </div>
   <div class='ocr_carea' id='block_1_40' title="bbox 2099 1034 3680 1111">
    <p class='ocr_par' dir='ltr' id='par_1_40' title="bbox 2099 1034 3680 1111">
     <span class='ocr_line' id='line_1_40' title="bbox 2099 1034 3680 1111; baseline -0.002 -20"><span class='ocrx_word' id='word_1_250' title='bbox 2099 1037 2207 1111; x_wconf 89' lang='grc' dir='ltr'><strong>γάρ</strong></span> <span class='ocrx_word' id='word_1_251' title='bbox 2239 1037 2572 1110; x_wconf 85' lang='grc' dir='ltr'>κληρονομία</span> <span class='ocrx_word' id='word_1_252' title='bbox 2625 1041 2735 1102; x_wconf 87' lang='grc' dir='ltr'>τοῖς</span> <span class='ocrx_word' id='word_1_253' title='bbox 2788 1037 3150 1108; x_wconf 77' lang='grc' dir='ltr'><strong>θεραπεύουσι</strong></span> <span class='ocrx_word' id='word_1_254' title='bbox 3173 1036 3403 1108; x_wconf 78' lang='grc' dir='ltr'>Κύριον·</span> <span class='ocrx_word' id='word_1_255' title='bbox 3439 1035 3596 1088; x_wconf 89' lang='grc' dir='ltr'>Ἔστι</span> <span class='ocrx_word' id='word_1_256' title='bbox 3619 1034 3680 1088; x_wconf 76' lang='grc' dir='ltr'>δὲ</span> 
     </span>
    </p>
   </div>
   <div class='ocr_carea' id='block_1_41' title="bbox 2100 1123 3677 1203">
    <p class='ocr_par' dir='ltr' id='par_1_41' title="bbox 2100 1123 3677 1203">
     <span class='ocr_line' id='line_1_41' title="bbox 2100 1123 3677 1203; baseline -0.003 -19"><span class='ocrx_word' id='word_1_257' title='bbox 2100 1129 2236 1203; x_wconf 75' lang='grc' dir='ltr'>αὕτη</span> <span class='ocrx_word' id='word_1_258' title='bbox 2259 1130 2320 1184; x_wconf 83' lang='grc' dir='ltr'><strong>ού</strong></span> <span class='ocrx_word' id='word_1_259' title='bbox 2353 1130 2564 1203; x_wconf 84' lang='grc' dir='ltr'>φθαρτὴ</span> <span class='ocrx_word' id='word_1_260' title='bbox 2583 1131 2678 1184; x_wconf 74' lang='grc' dir='ltr'>καὶ</span> <span class='ocrx_word' id='word_1_261' title='bbox 2703 1133 2760 1184; x_wconf 85' lang='grc' dir='ltr'><strong>ἐν</strong></span> <span class='ocrx_word' id='word_1_262' title='bbox 2786 1128 3028 1201; x_wconf 71' lang='grc' dir='ltr'>αἰσθητῷ</span> <span class='ocrx_word' id='word_1_263' title='bbox 3045 1128 3261 1199; x_wconf 83' lang='grc' dir='ltr'>πλούτῳ</span> <span class='ocrx_word' id='word_1_264' title='bbox 3288 1127 3485 1198; x_wconf 73' lang='grc' dir='ltr'>ἔχουσα</span> <span class='ocrx_word' id='word_1_265' title='bbox 3514 1123 3677 1182; x_wconf 83' lang='grc' dir='ltr'>εἶναι.</span> 
     </span>
    </p>
   </div>
   <div class='ocr_carea' id='block_1_42' title="bbox 2098 1220 3679 1296">
    <p class='ocr_par' dir='ltr' id='par_1_42' title="bbox 2098 1220 3679 1296">
     <span class='ocr_line' id='line_1_42' title="bbox 2098 1220 3679 1296; baseline -0.003 -19"><span class='ocrx_word' id='word_1_266' title='bbox 2098 1223 2327 1296; x_wconf 79' lang='grc' dir='ltr'><strong>Εἴρηται</strong></span> <span class='ocrx_word' id='word_1_267' title='bbox 2363 1225 2470 1296; x_wconf 88' lang='grc' dir='ltr'><strong>γάρ</strong></span> <span class='ocrx_word' id='word_1_268' title='bbox 2522 1223 2835 1292; x_wconf 82' lang='grc' dir='ltr'><strong>εἰσάγεσθαι</strong></span> <span class='ocrx_word' id='word_1_269' title='bbox 2885 1223 3010 1286; x_wconf 78' lang='grc' dir='ltr'>τοὺς</span> <span class='ocrx_word' id='word_1_270' title='bbox 3049 1220 3251 1290; x_wconf 80' lang='grc' dir='ltr'>ταύτης</span> <span class='ocrx_word' id='word_1_271' title='bbox 3309 1220 3679 1292; x_wconf 83' lang='grc' dir='ltr'>κληρονόμους</span> 
     </span>
    </p>
   </div>
   <div class='ocr_carea' id='block_1_43' title="bbox 2097 1309 3681 1384">
    <p class='ocr_par' dir='ltr' id='par_1_43' title="bbox 2097 1309 3681 1384">
     <span class='ocr_line' id='line_1_43' title="bbox 2097 1309 3681 1384; baseline -0.004 -15"><span class='ocrx_word' id='word_1_272' title='bbox 2097 1317 2184 1381; x_wconf 83' lang='grc' dir='ltr'><strong>είς</strong></span> <span class='ocrx_word' id='word_1_273' title='bbox 2205 1315 2608 1384; x_wconf 79' lang='grc' dir='ltr'>κληρονομίαν</span> <span class='ocrx_word' id='word_1_274' title='bbox 2634 1315 2938 1383; x_wconf 70' lang='grc' dir='ltr'>ἄφθαρτον</span> <span class='ocrx_word' id='word_1_275' title='bbox 2963 1313 3062 1366; x_wconf 75' lang='grc' dir='ltr'>καὶ</span> <span class='ocrx_word' id='word_1_276' title='bbox 3081 1313 3371 1382; x_wconf 81' lang='grc' dir='ltr'>ἀμίαντον</span> <span class='ocrx_word' id='word_1_277' title='bbox 3402 1311 3499 1364; x_wconf 83' lang='grc' dir='ltr'>καὶ</span> <span class='ocrx_word' id='word_1_278' title='bbox 3529 1309 3681 1379; x_wconf 78' lang='grc' dir='ltr'>ἀμά-</span> 
     </span>
    </p>
   </div>
   <div class='ocr_carea' id='block_1_44' title="bbox 2089 1404 3680 1477">
    <p class='ocr_par' dir='ltr' id='par_1_44' title="bbox 2089 1404 3680 1477">
     <span class='ocr_line' id='line_1_44' title="bbox 2089 1404 3680 1477; baseline -0.004 -15"><span class='ocrx_word' id='word_1_279' title='bbox 2089 1425 2336 1476; x_wconf 83' lang='grc' dir='ltr'>ραντον,</span> <span class='ocrx_word' id='word_1_280' title='bbox 2360 1407 2764 1477; x_wconf 84' lang='grc' dir='ltr'>τετηρημένην</span> <span class='ocrx_word' id='word_1_281' title='bbox 2780 1408 2851 1460; x_wconf 86' lang='grc' dir='ltr'>ἐν</span> <span class='ocrx_word' id='word_1_282' title='bbox 2867 1407 3166 1475; x_wconf 82' lang='grc' dir='ltr'>οὐρανοῖς.</span> <span class='ocrx_word' id='word_1_283' title='bbox 3198 1406 3290 1469; x_wconf 78' lang='grc' dir='ltr'><strong>Εἰς</strong></span> <span class='ocrx_word' id='word_1_284' title='bbox 3320 1404 3524 1475; x_wconf 84' lang='grc' dir='ltr'>ταύτην</span> <span class='ocrx_word' id='word_1_285' title='bbox 3550 1405 3680 1468; x_wconf 73' lang='grc' dir='ltr'>τοὺς</span> 
     </span>
    </p>
   </div>
   <div class='ocr_carea' id='block_1_45' title="bbox 2097 1489 3681 1570">
    <p class='ocr_par' dir='ltr' id='par_1_45' title="bbox 2097 1489 3681 1570">
     <span class='ocr_line' id='line_1_45' title="bbox 2097 1489 3681 1570; baseline -0.006 -17"><span class='ocrx_word' id='word_1_286' title='bbox 2097 1500 2280 1565; x_wconf 83' lang='grc' dir='ltr'>ἀξίους</span> <span class='ocrx_word' id='word_1_287' title='bbox 2305 1499 2484 1553; x_wconf 88' lang='grc' dir='ltr'>καλῶν</span> <span class='ocrx_word' id='word_1_288' title='bbox 2515 1501 2544 1552; x_wconf 83' lang='grc' dir='ltr'><strong>ό</strong></span> <span class='ocrx_word' id='word_1_289' title='bbox 2566 1499 2756 1570; x_wconf 84' lang='grc' dir='ltr'>Σωτήρ</span> <span class='ocrx_word' id='word_1_290' title='bbox 2773 1514 2786 1528; x_wconf 77' lang='grc'><em>’</em></span> <span class='ocrx_word' id='word_1_291' title='bbox 2817 1495 2994 1550; x_wconf 87' lang='grc' dir='ltr'>Δεῦτε</span> <span class='ocrx_word' id='word_1_292' title='bbox 3021 1495 3088 1548; x_wconf 83' lang='grc' dir='ltr'><strong>ἐκ</strong></span> <span class='ocrx_word' id='word_1_293' title='bbox 3112 1493 3326 1559; x_wconf 80' lang='grc' dir='ltr'>δεξιῶν</span> <span class='ocrx_word' id='word_1_294' title='bbox 3339 1511 3479 1563; x_wconf 84' lang='grc' dir='ltr'>μου,</span> <span class='ocrx_word' id='word_1_295' title='bbox 3513 1489 3681 1560; x_wconf 79' lang='grc' dir='ltr'>εἴπερ</span> 
     </span>
    </p>
   </div>
   <div class='ocr_carea' id='block_1_46' title="bbox 2097 1589 3681 1664">
    <p class='ocr_par' dir='ltr' id='par_1_46' title="bbox 2097 1589 3681 1664">
     <span class='ocr_line' id='line_1_46' title="bbox 2097 1589 3681 1664; baseline -0.008 -15"><span class='ocrx_word' id='word_1_296' title='bbox 2097 1595 2216 1664; x_wconf 88' lang='lat' dir='ltr'><strong>(sic)</strong></span> <span class='ocrx_word' id='word_1_297' title='bbox 2253 1597 2308 1647; x_wconf 84' lang='grc' dir='ltr'><strong>οί</strong></span> <span class='ocrx_word' id='word_1_298' title='bbox 2352 1591 2746 1662; x_wconf 73' lang='grc' dir='ltr'>εὐλογημένοι</span> <span class='ocrx_word' id='word_1_299' title='bbox 2791 1589 2897 1644; x_wconf 86' lang='grc' dir='ltr'>τοῦ</span> <span class='ocrx_word' id='word_1_300' title='bbox 2947 1589 3180 1656; x_wconf 83' lang='grc' dir='ltr'>Πατρός</span> <span class='ocrx_word' id='word_1_301' title='bbox 3213 1605 3354 1656; x_wconf 83' lang='grc' dir='ltr'>μου,</span> <span class='ocrx_word' id='word_1_302' title='bbox 3391 1589 3681 1652; x_wconf 71' lang='grc' dir='ltr'>κληρονο-</span> 
     </span>
    </p>
   </div>
   <div class='ocr_carea' id='block_1_47' title="bbox 2088 1677 3683 1757">
    <p class='ocr_par' dir='ltr' id='par_1_47' title="bbox 2088 1677 3683 1757">
     <span class='ocr_line' id='line_1_47' title="bbox 2088 1677 3683 1757; baseline -0.008 -16"><span class='ocrx_word' id='word_1_303' title='bbox 2088 1686 2324 1757; x_wconf 81' lang='grc' dir='ltr'>μήσατε</span> <span class='ocrx_word' id='word_1_304' title='bbox 2345 1685 2460 1752; x_wconf 85' lang='grc' dir='ltr'>τὴν</span> <span class='ocrx_word' id='word_1_305' title='bbox 2475 1682 2924 1753; x_wconf 70' lang='grc' dir='ltr'>ἡτοιμασμένην</span> <span class='ocrx_word' id='word_1_306' title='bbox 2937 1679 3082 1750; x_wconf 84' lang='grc' dir='ltr'>ὑμῖν</span> <span class='ocrx_word' id='word_1_307' title='bbox 3097 1679 3444 1745; x_wconf 76' lang='grc' dir='ltr'>βασιλείαν.</span> <span class='ocrx_word' id='word_1_308' title='bbox 3459 1677 3683 1749; x_wconf 83' lang='grc' dir='ltr'>Ταύτης</span> 
     </span>
    </p>
   </div>
   <div class='ocr_carea' id='block_1_48' title="bbox 2095 1769 3680 1848">
    <p class='ocr_par' dir='ltr' id='par_1_48' title="bbox 2095 1769 3680 1848">
     <span class='ocr_line' id='line_1_48' title="bbox 2095 1769 3680 1848; baseline -0.006 -18"><span class='ocrx_word' id='word_1_309' title='bbox 2095 1777 2273 1848; x_wconf 78' lang='grc' dir='ltr'>ἔρωτα</span> <span class='ocrx_word' id='word_1_310' title='bbox 2305 1775 2483 1829; x_wconf 78' lang='grc' dir='ltr'>λαϐὼν</span> <span class='ocrx_word' id='word_1_311' title='bbox 2503 1777 2532 1829; x_wconf 84' lang='grc' dir='ltr'>ὁ</span> <span class='ocrx_word' id='word_1_312' title='bbox 2557 1775 2648 1828; x_wconf 84' lang='grc' dir='ltr'>τὸν</span> <span class='ocrx_word' id='word_1_313' title='bbox 2674 1774 2991 1844; x_wconf 71' lang='grc' dir='ltr'>ἐγκείμενον</span> <span class='ocrx_word' id='word_1_314' title='bbox 3028 1771 3242 1842; x_wconf 79' lang='grc' dir='ltr'>ψαλμὸν</span> <span class='ocrx_word' id='word_1_315' title='bbox 3281 1770 3477 1838; x_wconf 88' lang='grc' dir='ltr'>λέγων,</span> <span class='ocrx_word' id='word_1_316' title='bbox 3513 1769 3680 1839; x_wconf 74' lang='grc' dir='ltr'>εὐχὴν</span> 
     </span>
    </p>
   </div>
   <div class='ocr_carea' id='block_1_49' title="bbox 2095 1863 3680 1941">
    <p class='ocr_par' dir='ltr' id='par_1_49' title="bbox 2095 1863 3680 1941">
     <span class='ocr_line' id='line_1_49' title="bbox 2095 1863 3680 1941; baseline -0.004 -19"><span class='ocrx_word' id='word_1_317' title='bbox 2095 1869 2409 1941; x_wconf 81' lang='grc' dir='ltr'>ἀναπέμπει</span> <span class='ocrx_word' id='word_1_318' title='bbox 2451 1868 2528 1940; x_wconf 82' lang='grc' dir='ltr'>τῷ</span> <span class='ocrx_word' id='word_1_319' title='bbox 2572 1868 2951 1940; x_wconf 82' lang='grc' dir='ltr'>εὐτρεπίσαντι</span> <span class='ocrx_word' id='word_1_320' title='bbox 2977 1867 3149 1940; x_wconf 79' lang='grc' dir='ltr'>αὐτὴν</span> <span class='ocrx_word' id='word_1_321' title='bbox 3183 1864 3322 1936; x_wconf 88' lang='grc' dir='ltr'><strong>Θεῷ,</strong></span> <span class='ocrx_word' id='word_1_322' title='bbox 3355 1867 3444 1919; x_wconf 82' lang='grc' dir='ltr'><strong>ίνα</strong></span> <span class='ocrx_word' id='word_1_323' title='bbox 3471 1863 3680 1936; x_wconf 74' lang='grc' dir='ltr'>ἀξιωθῇ</span> 
     </span>
    </p>
   </div>
   <div class='ocr_carea' id='block_1_50' title="bbox 2093 1954 3678 2031">
    <p class='ocr_par' dir='ltr' id='par_1_50' title="bbox 2093 1954 3678 2031">
     <span class='ocr_line' id='line_1_50' title="bbox 2093 1954 3678 2031; baseline -0.003 -20"><span class='ocrx_word' id='word_1_324' title='bbox 2093 1958 2429 2031; x_wconf 80' lang='grc' dir='ltr'>κληρονόμος</span> <span class='ocrx_word' id='word_1_325' title='bbox 2491 1959 2661 2030; x_wconf 80' lang='grc' dir='ltr'>αὐτῆς</span> <span class='ocrx_word' id='word_1_326' title='bbox 2717 1958 2858 2012; x_wconf 88' lang='grc' dir='ltr'><strong>κατά</strong></span> <span class='ocrx_word' id='word_1_327' title='bbox 2884 1956 2983 2028; x_wconf 84' lang='grc' dir='ltr'>τὴν</span> <span class='ocrx_word' id='word_1_328' title='bbox 3016 1956 3206 2028; x_wconf 78' lang='grc' dir='ltr'>καινὴν</span> <span class='ocrx_word' id='word_1_329' title='bbox 3247 1954 3509 2027; x_wconf 76' lang='grc' dir='ltr'>διαθήκην</span> <span class='ocrx_word' id='word_1_330' title='bbox 3540 1954 3678 2007; x_wconf 85' lang='grc' dir='ltr'>ἀνα-</span> 
     </span>
    </p>
   </div>
   <div class='ocr_carea' id='block_1_51' title="bbox 2090 2045 3680 2122">
    <p class='ocr_par' dir='ltr' id='par_1_51' title="bbox 2090 2045 3680 2122">
     <span class='ocr_line' id='line_1_51' title="bbox 2090 2045 3680 2122; baseline -0.003 -18"><span class='ocrx_word' id='word_1_331' title='bbox 2090 2051 2367 2122; x_wconf 81' lang='grc' dir='ltr'>δειχθῆναι</span> <span class='ocrx_word' id='word_1_332' title='bbox 2390 2069 2405 2083; x_wconf 77' lang='grc' dir='ltr'><strong>ο</strong></span> <span class='ocrx_word' id='word_1_333' title='bbox 2435 2052 2512 2116; x_wconf 86' lang='grc' dir='ltr'>ὼς</span> <span class='ocrx_word' id='word_1_334' title='bbox 2550 2051 2645 2105; x_wconf 78' lang='grc' dir='ltr'>καὶ</span> <span class='ocrx_word' id='word_1_335' title='bbox 2711 2052 2843 2122; x_wconf 74' lang='grc' dir='ltr'>περὶ</span> <span class='ocrx_word' id='word_1_336' title='bbox 2888 2050 2988 2120; x_wconf 83' lang='grc' dir='ltr'>τῆς</span> <span class='ocrx_word' id='word_1_337' title='bbox 3014 2047 3178 2104; x_wconf 81' lang='grc' dir='ltr'>αὐτοῦ</span> <span class='ocrx_word' id='word_1_338' title='bbox 3216 2047 3392 2119; x_wconf 77' lang='grc' dir='ltr'>ψυχῆς</span> <span class='ocrx_word' id='word_1_339' title='bbox 3421 2045 3680 2118; x_wconf 80' lang='grc' dir='ltr'>σημαίνει</span> 
     </span>
    </p>
   </div>
   <div class='ocr_carea' id='block_1_52' title="bbox 2090 2140 3535 2216">
    <p class='ocr_par' dir='ltr' id='par_1_52' title="bbox 2090 2140 3535 2216">
     <span class='ocr_line' id='line_1_52' title="bbox 2090 2140 3535 2216; baseline -0.004 -18"><span class='ocrx_word' id='word_1_340' title='bbox 2090 2144 2189 2216; x_wconf 79' lang='grc' dir='ltr'>τὴν</span> <span class='ocrx_word' id='word_1_341' title='bbox 2222 2144 2531 2215; x_wconf 78' lang='grc' dir='ltr'>ἐπιγραφὴν</span> <span class='ocrx_word' id='word_1_342' title='bbox 2562 2143 2660 2215; x_wconf 73' lang='grc' dir='ltr'>τὴν</span> <span class='ocrx_word' id='word_1_343' title='bbox 2687 2141 2840 2210; x_wconf 83' lang='grc' dir='ltr'>ὑπὲρ</span> <span class='ocrx_word' id='word_1_344' title='bbox 2867 2140 2978 2211; x_wconf 81' lang='grc' dir='ltr'>τῆς</span> <span class='ocrx_word' id='word_1_345' title='bbox 3015 2140 3535 2210; x_wconf 79' lang='grc' dir='ltr'>κληρονομούσης.</span> 
     </span>
    </p>
   </div>
   <div class='ocr_carea' id='block_1_53' title="bbox 2166 2315 3674 2392">
    <p class='ocr_par' dir='ltr' id='par_1_53' title="bbox 2166 2315 3674 2392">
     <span class='ocr_line' id='line_1_53' title="bbox 2166 2315 3674 2392; baseline -0.003 -16"><span class='ocrx_word' id='word_1_346' title='bbox 2166 2323 2243 2377; x_wconf 84' lang='grc' dir='ltr'><em>Τὰ</em></span> <span class='ocrx_word' id='word_1_347' title='bbox 2287 2321 2528 2392; x_wconf 75' lang='grc' dir='ltr'>ῥήματά</span> <span class='ocrx_word' id='word_1_348' title='bbox 2577 2339 2696 2390; x_wconf 85' lang='grc' dir='ltr'><strong>μου</strong></span> <span class='ocrx_word' id='word_1_349' title='bbox 2755 2320 3054 2382; x_wconf 82' lang='grc' dir='ltr'>ἐνωτίσαι,</span> <span class='ocrx_word' id='word_1_350' title='bbox 3101 2319 3312 2387; x_wconf 84' lang='grc' dir='ltr'>Κύριε,</span> <span class='ocrx_word' id='word_1_351' title='bbox 3358 2319 3543 2384; x_wconf 84' lang='grc' dir='ltr'>σύνες</span> <span class='ocrx_word' id='word_1_352' title='bbox 3596 2315 3674 2384; x_wconf 74' lang='grc' dir='ltr'>τῇ</span> 
     </span>
    </p>
   </div>
   <div class='ocr_carea' id='block_1_54' title="bbox 2089 2406 3674 2484">
    <p class='ocr_par' dir='ltr' id='par_1_54' title="bbox 2089 2406 3674 2484">
     <span class='ocr_line' id='line_1_54' title="bbox 2089 2406 3674 2484; baseline -0.005 -16"><span class='ocrx_word' id='word_1_353' title='bbox 2089 2411 2322 2484; x_wconf 74' lang='grc' dir='ltr'>κραυγῇ</span> <span class='ocrx_word' id='word_1_354' title='bbox 2369 2432 2510 2484; x_wconf 86' lang='grc' dir='ltr'>μου.</span> <span class='ocrx_word' id='word_1_355' title='bbox 2557 2413 2638 2467; x_wconf 79' lang='grc' dir='ltr'><strong>Τά</strong></span> <span class='ocrx_word' id='word_1_356' title='bbox 2693 2411 2794 2483; x_wconf 88' lang='grc' dir='ltr'><strong>μέν</strong></span> <span class='ocrx_word' id='word_1_357' title='bbox 2845 2406 2937 2465; x_wconf 78' lang='grc' dir='ltr'>οὖν</span> <span class='ocrx_word' id='word_1_358' title='bbox 2996 2412 3213 2481; x_wconf 79' lang='grc' dir='ltr'>ῥήματα</span> <span class='ocrx_word' id='word_1_359' title='bbox 3265 2409 3354 2463; x_wconf 82' lang='grc' dir='ltr'><strong>διὰ</strong></span> <span class='ocrx_word' id='word_1_360' title='bbox 3403 2408 3674 2479; x_wconf 86' lang='grc' dir='ltr'>στόματος</span> 
     </span>
    </p>
   </div>
   <div class='ocr_carea' id='block_1_55' title="bbox 2088 2497 3676 2574">
    <p class='ocr_par' dir='ltr' id='par_1_55' title="bbox 2088 2497 3676 2574">
     <span class='ocr_line' id='line_1_55' title="bbox 2088 2497 3676 2574; baseline -0.003 -17"><span class='ocrx_word' id='word_1_361' title='bbox 2088 2504 2531 2574; x_wconf 79' lang='grc' dir='ltr'>ἐπαγγελλόμενα</span> <span class='ocrx_word' id='word_1_362' title='bbox 2567 2503 2699 2556; x_wconf 72' lang='grc' dir='ltr'>ὠσὶν</span> <span class='ocrx_word' id='word_1_363' title='bbox 2746 2500 2999 2555; x_wconf 84' lang='grc' dir='ltr'>ἀκούεται</span> <span class='ocrx_word' id='word_1_364' title='bbox 3047 2501 3137 2554; x_wconf 71' lang='grc' dir='ltr'>καὶ</span> <span class='ocrx_word' id='word_1_365' title='bbox 3163 2498 3475 2563; x_wconf 74' lang='grc' dir='ltr'>ἐνωτίζεται</span> <span class='ocrx_word' id='word_1_366' title='bbox 3496 2516 3510 2529; x_wconf 75' lang='grc' dir='ltr'><strong>ο</strong></span> <span class='ocrx_word' id='word_1_367' title='bbox 3541 2500 3575 2567; x_wconf 82' lang='grc' dir='ltr'>ἠ</span> <span class='ocrx_word' id='word_1_368' title='bbox 3611 2497 3676 2552; x_wconf 84' lang='grc' dir='ltr'><strong>δέ</strong></span> 
     </span>
    </p>
   </div>
   <div class='ocr_carea' id='block_1_56' title="bbox 2089 2582 3673 2666">
    <p class='ocr_par' dir='ltr' id='par_1_56' title="bbox 2089 2582 3673 2666">
     <span class='ocr_line' id='line_1_56' title="bbox 2089 2582 3673 2666; baseline -0.003 -20"><span class='ocrx_word' id='word_1_369' title='bbox 2089 2594 2302 2666; x_wconf 84' lang='grc' dir='ltr'>κραυγὴ</span> <span class='ocrx_word' id='word_1_370' title='bbox 2350 2595 2410 2648; x_wconf 87' lang='grc' dir='ltr'><strong>ού</strong></span> <span class='ocrx_word' id='word_1_371' title='bbox 2464 2593 2551 2648; x_wconf 85' lang='grc' dir='ltr'><strong>διὰ</strong></span> <span class='ocrx_word' id='word_1_372' title='bbox 2582 2592 2690 2646; x_wconf 89' lang='grc' dir='ltr'><strong>τῶν</strong></span> <span class='ocrx_word' id='word_1_373' title='bbox 2741 2591 2934 2662; x_wconf 89' lang='grc' dir='ltr'>λόγων,</span> <span class='ocrx_word' id='word_1_374' title='bbox 2978 2590 3080 2646; x_wconf 81' lang='grc' dir='ltr'>κᾶν</span> <span class='ocrx_word' id='word_1_375' title='bbox 3127 2591 3282 2644; x_wconf 73' lang='grc' dir='ltr'>αὐτοὶ</span> <span class='ocrx_word' id='word_1_376' title='bbox 3329 2582 3673 2644; x_wconf 81' lang='grc' dir='ltr'>είδέναιὲκαὶ</span> 
     </span>
    </p>
   </div>
   <div class='ocr_carea' id='block_1_57' title="bbox 2086 2681 3665 2758">
    <p class='ocr_par' dir='ltr' id='par_1_57' title="bbox 2086 2681 3665 2758">
     <span class='ocr_line' id='line_1_57' title="bbox 2086 2681 3665 2758; baseline -0.006 -16"><span class='ocrx_word' id='word_1_377' title='bbox 2086 2689 2366 2758; x_wconf 85' lang='grc' dir='ltr'>ὁμολογεῖν</span> <span class='ocrx_word' id='word_1_378' title='bbox 2392 2686 2482 2740; x_wconf 86' lang='grc' dir='ltr'>τὸν</span> <span class='ocrx_word' id='word_1_379' title='bbox 2504 2687 2597 2740; x_wconf 73' lang='grc' dir='ltr'><strong>ἐπὶ</strong></span> <span class='ocrx_word' id='word_1_380' title='bbox 2629 2685 2845 2741; x_wconf 79' lang='grc' dir='ltr'>πάντων</span> <span class='ocrx_word' id='word_1_381' title='bbox 2863 2685 2996 2740; x_wconf 81' lang='grc' dir='ltr'>Θεὸν</span> <span class='ocrx_word' id='word_1_382' title='bbox 3016 2686 3127 2748; x_wconf 87' lang='grc' dir='ltr'>τοῖς</span> <span class='ocrx_word' id='word_1_383' title='bbox 3144 2681 3346 2754; x_wconf 86' lang='grc' dir='ltr'>χείλεσι</span> <span class='ocrx_word' id='word_1_384' title='bbox 3372 2682 3665 2751; x_wconf 45' lang='grc' dir='ltr'>φάσκοιεν)</span> 
     </span>
    </p>
   </div>
   <div class='ocr_carea' id='block_1_58' title="bbox 2087 2770 3667 2852">
    <p class='ocr_par' dir='ltr' id='par_1_58' title="bbox 2087 2770 3667 2852">
     <span class='ocr_line' id='line_1_58' title="bbox 2087 2770 3667 2852; baseline -0.006 -18"><span class='ocrx_word' id='word_1_385' title='bbox 2087 2781 2200 2836; x_wconf 82' lang='grc' dir='ltr'>ἀλλ’</span> <span class='ocrx_word' id='word_1_386' title='bbox 2224 2783 2279 2833; x_wconf 89' lang='grc' dir='ltr'><strong>ἐν</strong></span> <span class='ocrx_word' id='word_1_387' title='bbox 2309 2783 2375 2852; x_wconf 83' lang='grc' dir='ltr'>τῇ</span> <span class='ocrx_word' id='word_1_388' title='bbox 2408 2778 2607 2850; x_wconf 78' lang='grc' dir='ltr'>καρδία</span> <span class='ocrx_word' id='word_1_389' title='bbox 2663 2777 2894 2842; x_wconf 83' lang='grc' dir='ltr'>ἐαυτῶν,</span> <span class='ocrx_word' id='word_1_390' title='bbox 2930 2776 3208 2831; x_wconf 81' lang='grc' dir='ltr'>τουτέστιν</span> <span class='ocrx_word' id='word_1_391' title='bbox 3242 2777 3300 2828; x_wconf 88' lang='grc' dir='ltr'><strong>ἐν</strong></span> <span class='ocrx_word' id='word_1_392' title='bbox 3329 2775 3393 2844; x_wconf 78' lang='grc' dir='ltr'><strong>τῇ</strong></span> <span class='ocrx_word' id='word_1_393' title='bbox 3418 2770 3628 2845; x_wconf 76' lang='grc' dir='ltr'>διανοίᾳ</span> <span class='ocrx_word' id='word_1_394' title='bbox 3648 2785 3667 2803; x_wconf 79' lang='grc'><strong>⁸</strong></span> 
     </span>
    </p>
   </div>
   <div class='ocr_carea' id='block_1_59' title="bbox 2085 2863 3665 2943">
    <p class='ocr_par' dir='ltr' id='par_1_59' title="bbox 2085 2863 3665 2943">
     <span class='ocr_line' id='line_1_59' title="bbox 2085 2863 3665 2943; baseline -0.005 -18"><span class='ocrx_word' id='word_1_395' title='bbox 2085 2872 2205 2926; x_wconf 79' lang='grc' dir='ltr'>οὐδὲ</span> <span class='ocrx_word' id='word_1_396' title='bbox 2263 2871 2360 2943; x_wconf 87' lang='grc' dir='ltr'><strong>μία</strong></span> <span class='ocrx_word' id='word_1_397' title='bbox 2412 2889 2494 2935; x_wconf 88' lang='grc' dir='ltr'><strong>τις</strong></span> <span class='ocrx_word' id='word_1_398' title='bbox 2549 2870 2755 2943; x_wconf 84' lang='grc' dir='ltr'>ἀληθὴς</span> <span class='ocrx_word' id='word_1_399' title='bbox 2811 2869 2942 2942; x_wconf 74' lang='grc' dir='ltr'>περὶ</span> <span class='ocrx_word' id='word_1_400' title='bbox 2991 2867 3127 2922; x_wconf 83' lang='grc' dir='ltr'>Θεοῦ</span> <span class='ocrx_word' id='word_1_401' title='bbox 3175 2866 3419 2938; x_wconf 78' lang='grc' dir='ltr'>ὑπῆρχεν</span> <span class='ocrx_word' id='word_1_402' title='bbox 3467 2863 3665 2917; x_wconf 78' lang='grc' dir='ltr'>ἔννοια.</span> 
     </span>
    </p>
   </div>
   <div class='ocr_carea' id='block_1_60' title="bbox 2086 2955 3676 3035">
    <p class='ocr_par' dir='ltr' id='par_1_60' title="bbox 2086 2955 3676 3035">
     <span class='ocr_line' id='line_1_60' title="bbox 2086 2955 3676 3035; baseline -0.008 -16"><span class='ocrx_word' id='word_1_403' title='bbox 2086 2964 2336 3029; x_wconf 80' lang='grc' dir='ltr'>Τοιοῦτος</span> <span class='ocrx_word' id='word_1_404' title='bbox 2370 2965 2467 3035; x_wconf 87' lang='grc' dir='ltr'><strong>μέν</strong></span> <span class='ocrx_word' id='word_1_405' title='bbox 2507 2959 2600 3018; x_wconf 79' lang='grc' dir='ltr'><strong>οὖν</strong></span> <span class='ocrx_word' id='word_1_406' title='bbox 2654 2963 2949 3034; x_wconf 75' lang='grc' dir='ltr'>ἐτύγχανεν</span> <span class='ocrx_word' id='word_1_407' title='bbox 2971 2964 3078 3025; x_wconf 79' lang='grc' dir='ltr'><strong>πᾶς</strong></span> <span class='ocrx_word' id='word_1_408' title='bbox 3112 2960 3140 3012; x_wconf 86' lang='grc' dir='ltr'>ὁ</span> <span class='ocrx_word' id='word_1_409' title='bbox 3163 2959 3268 3030; x_wconf 84' lang='grc' dir='ltr'>πρὸ</span> <span class='ocrx_word' id='word_1_410' title='bbox 3298 2958 3397 3028; x_wconf 80' lang='grc' dir='ltr'>τῆς</span> <span class='ocrx_word' id='word_1_411' title='bbox 3425 2955 3519 3010; x_wconf 77' lang='grc' dir='ltr'>τοῦ</span> <span class='ocrx_word' id='word_1_412' title='bbox 3554 2956 3676 3009; x_wconf 84' lang='grc' dir='ltr'><strong>Σω-</strong></span> 
     </span>
    </p>
   </div>
   <div class='ocr_carea' id='block_1_61' title="bbox 2084 3045 3672 3128">
    <p class='ocr_par' dir='ltr' id='par_1_61' title="bbox 2084 3045 3672 3128">
     <span class='ocr_line' id='line_1_61' title="bbox 2084 3045 3672 3128; baseline -0.007 -20"><span class='ocrx_word' id='word_1_413' title='bbox 2084 3054 2246 3128; x_wconf 84' lang='grc' dir='ltr'>τῆρος</span> <span class='ocrx_word' id='word_1_414' title='bbox 2271 3053 2425 3125; x_wconf 86' lang='grc' dir='ltr'>ἡμῶν</span> <span class='ocrx_word' id='word_1_415' title='bbox 2447 3053 2746 3126; x_wconf 81' lang='grc' dir='ltr'>παρουσίας</span> <span class='ocrx_word' id='word_1_416' title='bbox 2770 3053 2900 3124; x_wconf 89' lang='grc' dir='ltr'>βίος.</span> <span class='ocrx_word' id='word_1_417' title='bbox 2922 3053 2996 3121; x_wconf 91' lang='grc'><strong>(1)</strong></span> <span class='ocrx_word' id='word_1_418' title='bbox 3017 3048 3304 3121; x_wconf 78' lang='grc' dir='ltr'>Ἀφρωνδέ</span> <span class='ocrx_word' id='word_1_419' title='bbox 3328 3045 3672 3118; x_wconf 85' lang='grc' dir='ltr'>ἀληθέστατα</span> 
     </span>
    </p>
   </div>
   <div class='ocr_carea' id='block_1_62' title="bbox 400 3138 1985 3223">
    <p class='ocr_par' dir='ltr' id='par_1_62' title="bbox 400 3145 1985 3220">
     <span class='ocr_line' id='line_1_62' title="bbox 400 3145 1985 3220; baseline -0.002 -17"><span class='ocrx_word' id='word_1_420' title='bbox 400 3147 604 3204; x_wconf 84' lang='lat' dir='ltr'><strong>dicitur</strong></span> <span class='ocrx_word' id='word_1_421' title='bbox 631 3148 726 3220; x_wconf 88' lang='lat' dir='ltr'><strong>qui</strong></span> <span class='ocrx_word' id='word_1_422' title='bbox 755 3154 918 3219; x_wconf 90' lang='lat' dir='ltr'><strong>negat</strong></span> <span class='ocrx_word' id='word_1_423' title='bbox 962 3146 1154 3203; x_wconf 91' lang='lat' dir='ltr'><strong>Deum.</strong></span> <span class='ocrx_word' id='word_1_424' title='bbox 1180 3145 1319 3201; x_wconf 88' lang='lat' dir='ltr'><strong>Nam</strong></span> <span class='ocrx_word' id='word_1_425' title='bbox 1374 3146 1420 3201; x_wconf 90' lang='lat' dir='ltr'><strong>si</strong></span> <span class='ocrx_word' id='word_1_426' title='bbox 1459 3147 1672 3200; x_wconf 87' lang='lat' dir='ltr'><strong>initium</strong></span> <span class='ocrx_word' id='word_1_427' title='bbox 1713 3147 1985 3215; x_wconf 63' lang='lat' dir='ltr'><strong>sapientia?</strong></span> 
     </span>
    </p>
   </div>
   <div class='ocr_carea' id='block_1_63' title="bbox 2095 3138 3670 3223">
    <p class='ocr_par' dir='ltr' id='par_1_63' title="bbox 2095 3138 3670 3217">
     <span class='ocr_line' id='line_1_63' title="bbox 2095 3138 3670 3217; baseline -0.005 -19"><span class='ocrx_word' id='word_1_428' title='bbox 2095 3146 2181 3199; x_wconf 73' lang='grc' dir='ltr'>καὶ</span> <span class='ocrx_word' id='word_1_429' title='bbox 2234 3144 2588 3216; x_wconf 75' lang='grc' dir='ltr'>φυσικώτατα</span> <span class='ocrx_word' id='word_1_430' title='bbox 2629 3147 2658 3199; x_wconf 88' lang='grc' dir='ltr'>ὁ</span> <span class='ocrx_word' id='word_1_431' title='bbox 2702 3143 3021 3217; x_wconf 88' lang='grc' dir='ltr'>ἀρνησίθεος</span> <span class='ocrx_word' id='word_1_432' title='bbox 3069 3141 3402 3212; x_wconf 84' lang='grc' dir='ltr'>ὠνόμασται.</span> <span class='ocrx_word' id='word_1_433' title='bbox 3453 3140 3515 3192; x_wconf 75' lang='lat' dir='ltr'><strong>Ei</strong></span> <span class='ocrx_word' id='word_1_434' title='bbox 3556 3138 3670 3209; x_wconf 79' lang='grc' dir='ltr'><strong>γὰρ</strong></span> 
     </span>
    </p>
   </div>
   <div class='ocr_carea' id='block_1_64' title="bbox 402 3239 1985 3312">
    <p class='ocr_par' dir='ltr' id='par_1_64' title="bbox 402 3239 1985 3312">
     <span class='ocr_line' id='line_1_64' title="bbox 402 3239 1985 3312; baseline -0.001 -16"><span class='ocrx_word' id='word_1_435' title='bbox 402 3243 562 3296; x_wconf 89' lang='lat' dir='ltr'><strong>timor</strong></span> <span class='ocrx_word' id='word_1_436' title='bbox 583 3241 798 3297; x_wconf 89' lang='lat' dir='ltr'><strong>Domini</strong></span> <span class='ocrx_word' id='word_1_437' title='bbox 817 3243 886 3305; x_wconf 73' lang='lat'><strong>°‘,</strong></span> <span class='ocrx_word' id='word_1_438' title='bbox 921 3240 1205 3310; x_wconf 88' lang='lat' dir='ltr'><strong>despectio</strong></span> <span class='ocrx_word' id='word_1_439' title='bbox 1237 3256 1302 3294; x_wconf 92' lang='lat' dir='ltr'><strong>ac</strong></span> <span class='ocrx_word' id='word_1_440' title='bbox 1347 3247 1696 3310; x_wconf 88' lang='lat' dir='ltr'><strong>contemptus</strong></span> <span class='ocrx_word' id='word_1_441' title='bbox 1725 3239 1840 3306; x_wconf 89' lang='lat' dir='ltr'><strong>Dei,</strong></span> <span class='ocrx_word' id='word_1_442' title='bbox 1887 3255 1985 3312; x_wconf 82' lang='lat' dir='ltr'><strong>op-</strong></span> 
     </span>
    </p>
   </div>
   <div class='ocr_carea' id='block_1_65' title="bbox 400 3331 1133 3406">
    <p class='ocr_par' dir='ltr' id='par_1_65' title="bbox 400 3331 1133 3406">
     <span class='ocr_line' id='line_1_65' title="bbox 400 3331 1133 3406; baseline -0.004 -17"><span class='ocrx_word' id='word_1_443' title='bbox 400 3334 613 3405; x_wconf 83' lang='lat' dir='ltr'><strong>positus</strong></span> <span class='ocrx_word' id='word_1_444' title='bbox 645 3333 924 3406; x_wconf 79' lang='lat' dir='ltr'><strong>sapientiae</strong></span> <span class='ocrx_word' id='word_1_445' title='bbox 949 3331 1133 3386; x_wconf 84' lang='lat' dir='ltr'><strong>fuerit.</strong></span> 
     </span>
    </p>
   </div>
   <div class='ocr_carea' id='block_1_66' title="bbox 472 3420 1985 3490">
    <p class='ocr_par' dir='ltr' id='par_1_66' title="bbox 472 3420 1985 3490">
     <span class='ocr_line' id='line_1_66' title="bbox 472 3420 1985 3490; baseline -0.001 -12"><span class='ocrx_word' id='word_1_446' title='bbox 472 3421 639 3478; x_wconf 75' lang='lat' dir='ltr'><strong>Vens.</strong></span> <span class='ocrx_word' id='word_1_447' title='bbox 669 3424 723 3479; x_wconf 74' lang='grc'><strong>4.</strong></span> <span class='ocrx_word' id='word_1_448' title='bbox 761 3423 1027 3490; x_wconf 82' lang='lat' dir='ltr'><strong>Quoniam</strong></span> <span class='ocrx_word' id='word_1_449' title='bbox 1059 3421 1130 3474; x_wconf 91' lang='lat' dir='ltr'><strong>ad</strong></span> <span class='ocrx_word' id='word_1_450' title='bbox 1187 3430 1236 3475; x_wconf 83' lang='lat' dir='ltr'><strong>le</strong></span> <span class='ocrx_word' id='word_1_451' title='bbox 1283 3420 1467 3486; x_wconf 87' lang='lat' dir='ltr'><strong>orabo,</strong></span> <span class='ocrx_word' id='word_1_452' title='bbox 1513 3420 1771 3486; x_wconf 88' lang='lat' dir='ltr'><strong>Domine,</strong></span> <span class='ocrx_word' id='word_1_453' title='bbox 1832 3438 1985 3476; x_wconf 88' lang='lat' dir='ltr'><strong>mane</strong></span> 
     </span>
    </p>
   </div>
   <div class='ocr_carea' id='block_1_67' title="bbox 397 3513 1982 3572">
    <p class='ocr_par' dir='ltr' id='par_1_67' title="bbox 397 3513 1982 3572">
     <span class='ocr_line' id='line_1_67' title="bbox 397 3513 1982 3572; baseline -0.003 0"><span class='ocrx_word' id='word_1_454' title='bbox 397 3515 650 3572; x_wconf 70' lang='lat' dir='ltr'><strong>exaudies</strong></span> <span class='ocrx_word' id='word_1_455' title='bbox 678 3531 848 3568; x_wconf 85' lang='lat' dir='ltr'><strong>vocem</strong></span> <span class='ocrx_word' id='word_1_456' title='bbox 882 3530 1052 3568; x_wconf 90' lang='lat' dir='ltr'><strong>meam</strong></span> <span class='ocrx_word' id='word_1_457' title='bbox 1078 3531 1097 3568; x_wconf 90' lang='lat'><em>:</em></span> <span class='ocrx_word' id='word_1_458' title='bbox 1127 3531 1279 3569; x_wconf 90' lang='lat' dir='ltr'><strong>mane</strong></span> <span class='ocrx_word' id='word_1_459' title='bbox 1312 3515 1534 3570; x_wconf 81' lang='lat' dir='ltr'><strong>adstabo</strong></span> <span class='ocrx_word' id='word_1_460' title='bbox 1565 3513 1662 3567; x_wconf 86' lang='lat' dir='ltr'><strong>tibi</strong></span> <span class='ocrx_word' id='word_1_461' title='bbox 1690 3524 1740 3569; x_wconf 90' lang='lat' dir='ltr'><strong>et</strong></span> <span class='ocrx_word' id='word_1_462' title='bbox 1787 3515 1982 3568; x_wconf 80' lang='lat' dir='ltr'><strong>videbis</strong></span> 
     </span>
    </p>
   </div>
   <div class='ocr_carea' id='block_1_68' title="bbox 398 3604 1982 3677">
    <p class='ocr_par' dir='ltr' id='par_1_68' title="bbox 398 3604 1982 3677">
     <span class='ocr_line' id='line_1_68' title="bbox 398 3604 1982 3677; baseline -0.001 -15"><span class='ocrx_word' id='word_1_463' title='bbox 398 3623 500 3663; x_wconf 88' lang='lat' dir='ltr'><strong>me.</strong></span> <span class='ocrx_word' id='word_1_464' title='bbox 530 3604 626 3662; x_wconf 85' lang='lat' dir='ltr'><strong>His</strong></span> <span class='ocrx_word' id='word_1_465' title='bbox 681 3605 910 3660; x_wconf 87' lang='lat' dir='ltr'><strong>docetur</strong></span> <span class='ocrx_word' id='word_1_466' title='bbox 941 3605 1124 3660; x_wconf 86' lang='lat' dir='ltr'><strong>anima</strong></span> <span class='ocrx_word' id='word_1_467' title='bbox 1156 3620 1279 3675; x_wconf 71' lang='lat' dir='ltr'><strong>qua:</strong></span> <span class='ocrx_word' id='word_1_468' title='bbox 1335 3604 1710 3660; x_wconf 63' lang='lat' dir='ltr'><strong>hatreditatem</strong></span> <span class='ocrx_word' id='word_1_469' title='bbox 1761 3607 1982 3677; x_wconf 88' lang='lat' dir='ltr'><strong>accipit,</strong></span> 
     </span>
    </p>
   </div>
   <div class='ocr_carea' id='block_1_69' title="bbox 396 3696 1976 3770">
    <p class='ocr_par' dir='ltr' id='par_1_69' title="bbox 396 3696 1976 3770">
     <span class='ocr_line' id='line_1_69' title="bbox 396 3696 1976 3770; baseline 0 -16"><span class='ocrx_word' id='word_1_470' title='bbox 396 3699 725 3754; x_wconf 90' lang='lat' dir='ltr'><strong>diurnorum</strong></span> <span class='ocrx_word' id='word_1_471' title='bbox 779 3713 1008 3768; x_wconf 91' lang='lat' dir='ltr'><strong>operum</strong></span> <span class='ocrx_word' id='word_1_472' title='bbox 1060 3696 1336 3770; x_wconf 89' lang='lat' dir='ltr'><strong>primitias</strong></span> <span class='ocrx_word' id='word_1_473' title='bbox 1385 3697 1572 3754; x_wconf 89' lang='lat' dir='ltr'><strong>divino</strong></span> <span class='ocrx_word' id='word_1_474' title='bbox 1632 3715 1754 3755; x_wconf 90' lang='lat' dir='ltr'><strong>esse</strong></span> <span class='ocrx_word' id='word_1_475' title='bbox 1803 3704 1976 3754; x_wconf 90' lang='lat' dir='ltr'><strong>cultui</strong></span> 
     </span>
    </p>
   </div>
   <div class='ocr_carea' id='block_1_70' title="bbox 396 3787 1982 3860">
    <p class='ocr_par' dir='ltr' id='par_1_70' title="bbox 396 3787 1982 3860">
     <span class='ocr_line' id='line_1_70' title="bbox 396 3787 1982 3860; baseline 0 -15"><span class='ocrx_word' id='word_1_476' title='bbox 396 3787 806 3846; x_wconf 86' lang='lat' dir='ltr'><strong>consecrandas</strong></span> <span class='ocrx_word' id='word_1_477' title='bbox 839 3807 853 3843; x_wconf 89' lang='lat'><strong>:</strong></span> <span class='ocrx_word' id='word_1_478' title='bbox 888 3788 1030 3858; x_wconf 92' lang='lat' dir='ltr'><strong>quod</strong></span> <span class='ocrx_word' id='word_1_479' title='bbox 1067 3787 1255 3859; x_wconf 89' lang='lat' dir='ltr'><strong>utique</strong></span> <span class='ocrx_word' id='word_1_480' title='bbox 1301 3803 1412 3842; x_wconf 88' lang='lat' dir='ltr'><strong>non</strong></span> <span class='ocrx_word' id='word_1_481' title='bbox 1444 3787 1670 3854; x_wconf 80' lang='lat' dir='ltr'><strong>faceret,</strong></span> <span class='ocrx_word' id='word_1_482' title='bbox 1706 3790 1752 3844; x_wconf 92' lang='lat' dir='ltr'><strong>si</strong></span> <span class='ocrx_word' id='word_1_483' title='bbox 1783 3789 1838 3844; x_wconf 87' lang='lat' dir='ltr'><strong>in</strong></span> <span class='ocrx_word' id='word_1_484' title='bbox 1861 3789 1982 3860; x_wconf 90' lang='lat' dir='ltr'><strong>ipso</strong></span> 
     </span>
    </p>
   </div>
   <div class='ocr_carea' id='block_1_71' title="bbox 394 3880 1436 3951">
    <p class='ocr_par' dir='ltr' id='par_1_71' title="bbox 394 3880 1436 3951">
     <span class='ocr_line' id='line_1_71' title="bbox 394 3880 1436 3951; baseline 0 -15"><span class='ocrx_word' id='word_1_485' title='bbox 394 3880 565 3937; x_wconf 91' lang='lat' dir='ltr'><strong>cubili</strong></span> <span class='ocrx_word' id='word_1_486' title='bbox 604 3881 661 3936; x_wconf 90' lang='lat' dir='ltr'><strong>in</strong></span> <span class='ocrx_word' id='word_1_487' title='bbox 692 3880 812 3951; x_wconf 87' lang='lat' dir='ltr'><strong>ejus</strong></span> <span class='ocrx_word' id='word_1_488' title='bbox 846 3880 1174 3936; x_wconf 86' lang='lat' dir='ltr'><strong>oblivionem</strong></span> <span class='ocrx_word' id='word_1_489' title='bbox 1209 3881 1436 3936; x_wconf 79' lang='lat' dir='ltr'><strong>veniret.</strong></span> 
     </span>
    </p>
   </div>
   <div class='ocr_carea' id='block_1_72' title="bbox 467 3970 1982 4044">
    <p class='ocr_par' dir='ltr' id='par_1_72' title="bbox 467 3970 1982 4044">
     <span class='ocr_line' id='line_1_72' title="bbox 467 3970 1982 4044; baseline -0.001 -17"><span class='ocrx_word' id='word_1_490' title='bbox 467 3970 636 4028; x_wconf 70' lang='lat' dir='ltr'><strong>Vnus.</strong></span> <span class='ocrx_word' id='word_1_491' title='bbox 668 3971 722 4037; x_wconf 85' lang='lat'><strong>5,</strong></span> <span class='ocrx_word' id='word_1_492' title='bbox 751 3971 806 4027; x_wconf 86' lang='lat'><strong>6.</strong></span> <span class='ocrx_word' id='word_1_493' title='bbox 835 3971 1100 4040; x_wconf 82' lang='lat' dir='ltr'><strong>Quoniam</strong></span> <span class='ocrx_word' id='word_1_494' title='bbox 1129 3988 1235 4026; x_wconf 86' lang='lat' dir='ltr'><strong>non</strong></span> <span class='ocrx_word' id='word_1_495' title='bbox 1260 3970 1404 4026; x_wconf 91' lang='lat' dir='ltr'><strong>Deus</strong></span> <span class='ocrx_word' id='word_1_496' title='bbox 1432 3971 1606 4026; x_wconf 85' lang='lat' dir='ltr'><strong>volens</strong></span> <span class='ocrx_word' id='word_1_497' title='bbox 1650 3972 1982 4044; x_wconf 81' lang='lat' dir='ltr'><strong>iniquitatem</strong></span> 
     </span>
    </p>
   </div>
   <div class='ocr_carea' id='block_1_73' title="bbox 394 4063 1984 4136">
    <p class='ocr_par' dir='ltr' id='par_1_73' title="bbox 394 4063 1984 4136">
     <span class='ocr_line' id='line_1_73' title="bbox 394 4063 1984 4136; baseline 0 -16"><span class='ocrx_word' id='word_1_498' title='bbox 394 4073 452 4120; x_wconf 84' lang='lat' dir='ltr'><strong>tu</strong></span> <span class='ocrx_word' id='word_1_499' title='bbox 481 4080 534 4119; x_wconf 86' lang='lat' dir='ltr'><strong>es</strong></span> <span class='ocrx_word' id='word_1_500' title='bbox 565 4079 585 4118; x_wconf 91' lang='lat'><strong><em>:</em></strong></span> <span class='ocrx_word' id='word_1_501' title='bbox 615 4080 777 4136; x_wconf 88' lang='lat' dir='ltr'><strong>neque</strong></span> <span class='ocrx_word' id='word_1_502' title='bbox 803 4063 1063 4117; x_wconf 79' lang='lat' dir='ltr'><strong>habitabit</strong></span> <span class='ocrx_word' id='word_1_503' title='bbox 1078 4063 1243 4134; x_wconf 73' lang='lat' dir='ltr'><strong>juxta</strong></span> <span class='ocrx_word' id='word_1_504' title='bbox 1284 4071 1332 4119; x_wconf 88' lang='lat' dir='ltr'><strong>te</strong></span> <span class='ocrx_word' id='word_1_505' title='bbox 1357 4064 1646 4133; x_wconf 83' lang='lat' dir='ltr'><strong>malignus,</strong></span> <span class='ocrx_word' id='word_1_506' title='bbox 1677 4081 1839 4136; x_wconf 86' lang='lat' dir='ltr'><strong>neque</strong></span> <span class='ocrx_word' id='word_1_507' title='bbox 1865 4081 1984 4135; x_wconf 88' lang='lat' dir='ltr'><strong>per-</strong></span> 
     </span>
    </p>
   </div>
   <div class='ocr_carea' id='block_1_74' title="bbox 392 4138 1982 4228">
    <p class='ocr_par' dir='ltr' id='par_1_74' title="bbox 392 4138 1982 4228">
     <span class='ocr_line' id='line_1_74' title="bbox 392 4138 1982 4228; baseline 0.001 -18"><span class='ocrx_word' id='word_1_508' title='bbox 392 4157 676 4212; x_wconf 85' lang='lat' dir='ltr'><strong>manebunt</strong></span> <span class='ocrx_word' id='word_1_509' title='bbox 697 4155 884 4225; x_wconf 87' lang='lat' dir='ltr'><strong>injusti</strong></span> <span class='ocrx_word' id='word_1_510' title='bbox 911 4165 1031 4211; x_wconf 81' lang='lat' dir='ltr'><strong>ante</strong></span> <span class='ocrx_word' id='word_1_511' title='bbox 1058 4156 1236 4210; x_wconf 82' lang='lat' dir='ltr'><strong>oculos</strong></span> <span class='ocrx_word' id='word_1_512' title='bbox 1269 4164 1409 4211; x_wconf 90' lang='lat' dir='ltr'><strong>tuos.</strong></span> <span class='ocrx_word' id='word_1_513' title='bbox 1447 4154 1643 4226; x_wconf 90' lang='lat' dir='ltr'><strong>Utpote</strong></span> <span class='ocrx_word' id='word_1_514' title='bbox 1670 4138 1982 4228; x_wconf 55' lang='lat' dir='ltr'><strong>quaidigna</strong></span> 
     </span>
    </p>
   </div>
   <div class='ocr_carea' id='block_1_75' title="bbox 392 4245 1980 4318">
    <p class='ocr_par' dir='ltr' id='par_1_75' title="bbox 392 4245 1980 4318">
     <span class='ocr_line' id='line_1_75' title="bbox 392 4245 1980 4318; baseline 0 -16"><span class='ocrx_word' id='word_1_515' title='bbox 392 4245 578 4302; x_wconf 88' lang='lat' dir='ltr'><strong>habita</strong></span> <span class='ocrx_word' id='word_1_516' title='bbox 632 4246 704 4302; x_wconf 91' lang='lat' dir='ltr'><strong>sit</strong></span> <span class='ocrx_word' id='word_1_517' title='bbox 737 4261 858 4316; x_wconf 61' lang='lat' dir='ltr'><strong>qua:</strong></span> <span class='ocrx_word' id='word_1_518' title='bbox 891 4247 1284 4318; x_wconf 86' lang='lat' dir='ltr'><strong>promissorum</strong></span> <span class='ocrx_word' id='word_1_519' title='bbox 1315 4247 1582 4302; x_wconf 88' lang='lat' dir='ltr'><strong>bonorum</strong></span> <span class='ocrx_word' id='word_1_520' title='bbox 1610 4247 1980 4303; x_wconf 67' lang='lat' dir='ltr'><strong>hmreditatem</strong></span> 
     </span>
    </p>
   </div>
   <div class='ocr_carea' id='block_1_76' title="bbox 391 4338 1979 4410">
    <p class='ocr_par' dir='ltr' id='par_1_76' title="bbox 391 4338 1979 4410">
     <span class='ocr_line' id='line_1_76' title="bbox 391 4338 1979 4410; baseline 0.001 -16"><span class='ocrx_word' id='word_1_521' title='bbox 391 4340 688 4409; x_wconf 88' lang='lat' dir='ltr'><strong>acciperet,</strong></span> <span class='ocrx_word' id='word_1_522' title='bbox 721 4338 941 4409; x_wconf 87' lang='lat' dir='ltr'><strong>iniquos</strong></span> <span class='ocrx_word' id='word_1_523' title='bbox 977 4339 1081 4394; x_wconf 87' lang='lat' dir='ltr'><strong>sibi</strong></span> <span class='ocrx_word' id='word_1_524' title='bbox 1136 4338 1312 4393; x_wconf 88' lang='lat' dir='ltr'><strong>oculis</strong></span> <span class='ocrx_word' id='word_1_525' title='bbox 1350 4339 1590 4410; x_wconf 88' lang='lat' dir='ltr'><strong>subjicit.</strong></span> <span class='ocrx_word' id='word_1_526' title='bbox 1625 4339 1803 4410; x_wconf 90' lang='lat' dir='ltr'><strong>lniqui</strong></span> <span class='ocrx_word' id='word_1_527' title='bbox 1832 4341 1979 4396; x_wconf 88' lang='lat' dir='ltr'><strong>enim</strong></span> 
     </span>
    </p>
   </div>
   <div class='ocr_carea' id='block_1_77' title="bbox 389 4430 1981 4515">
    <p class='ocr_par' dir='ltr' id='par_1_77' title="bbox 389 4430 1981 4515">
     <span class='ocr_line' id='line_1_77' title="bbox 389 4430 1981 4515; baseline -0.003 -27"><span class='ocrx_word' id='word_1_528' title='bbox 389 4431 607 4488; x_wconf 78' lang='lat' dir='ltr'><strong>etiamsi</strong></span> <span class='ocrx_word' id='word_1_529' title='bbox 633 4436 926 4515; x_wconf 85' lang='lat' dir='ltr'><strong>antequam</strong></span> <span class='ocrx_word' id='word_1_530' title='bbox 977 4430 1468 4502; x_wconf 65' lang='lat' dir='ltr'><strong>praevaricarentur</strong></span> <span class='ocrx_word' id='word_1_531' title='bbox 1494 4431 1654 4501; x_wconf 78' lang='lat' dir='ltr'><strong>juxta</strong></span> <span class='ocrx_word' id='word_1_532' title='bbox 1683 4440 1734 4487; x_wconf 91' lang='lat' dir='ltr'><strong>te</strong></span> <span class='ocrx_word' id='word_1_533' title='bbox 1765 4431 1981 4487; x_wconf 82' lang='lat' dir='ltr'><strong>habita-</strong></span> 
     </span>
    </p>
   </div>
   <div class='ocr_carea' id='block_1_78' title="bbox 2085 3230 3672 3309">
    <p class='ocr_par' dir='ltr' id='par_1_78' title="bbox 2085 3230 3672 3309">
     <span class='ocr_line' id='line_1_78' title="bbox 2085 3230 3672 3309; baseline -0.008 -15"><span class='ocrx_word' id='word_1_534' title='bbox 2085 3240 2306 3309; x_wconf 67' lang='grc' dir='ltr'>σοφίας</span> <span class='ocrx_word' id='word_1_535' title='bbox 2335 3239 2491 3308; x_wconf 77' lang='grc' dir='ltr'>ἀρχὴ</span> <span class='ocrx_word' id='word_1_536' title='bbox 2512 3239 2694 3308; x_wconf 64' lang='grc' dir='ltr'>φόϐος</span> <span class='ocrx_word' id='word_1_537' title='bbox 2721 3237 2888 3302; x_wconf 80' lang='grc' dir='ltr'>Θεοῦ,</span> <span class='ocrx_word' id='word_1_538' title='bbox 2915 3234 3114 3306; x_wconf 82' lang='grc' dir='ltr'>ἀφοὸία</span> <span class='ocrx_word' id='word_1_539' title='bbox 3139 3232 3232 3286; x_wconf 77' lang='grc' dir='ltr'>καὶ</span> <span class='ocrx_word' id='word_1_540' title='bbox 3262 3231 3516 3302; x_wconf 82' lang='grc' dir='ltr'>ἀθέτησις</span> <span class='ocrx_word' id='word_1_541' title='bbox 3543 3230 3672 3283; x_wconf 81' lang='grc' dir='ltr'>τού-</span> 
     </span>
    </p>
   </div>
   <div class='ocr_carea' id='block_1_79' title="bbox 2085 3329 2994 3399">
    <p class='ocr_par' dir='ltr' id='par_1_79' title="bbox 2085 3329 2994 3399">
     <span class='ocr_line' id='line_1_79' title="bbox 2085 3329 2994 3399; baseline -0.004 -15"><span class='ocrx_word' id='word_1_542' title='bbox 2085 3331 2294 3385; x_wconf 86' lang='grc' dir='ltr'>ναντίον</span> <span class='ocrx_word' id='word_1_543' title='bbox 2317 3331 2384 3384; x_wconf 84' lang='grc' dir='ltr'>ἂν</span> <span class='ocrx_word' id='word_1_544' title='bbox 2419 3331 2625 3399; x_wconf 87' lang='grc' dir='ltr'>γένοιτο</span> <span class='ocrx_word' id='word_1_545' title='bbox 2656 3331 2753 3399; x_wconf 79' lang='grc' dir='ltr'>τῆς</span> <span class='ocrx_word' id='word_1_546' title='bbox 2785 3329 2994 3398; x_wconf 77' lang='grc' dir='ltr'>σοφίας.</span> 
     </span>
    </p>
   </div>
   <div class='ocr_carea' id='block_1_80' title="bbox 2159 3415 3670 3492">
    <p class='ocr_par' dir='ltr' id='par_1_80' title="bbox 2159 3415 3670 3492">
     <span class='ocr_line' id='line_1_80' title="bbox 2159 3415 3670 3492; baseline -0.004 -16"><span class='ocrx_word' id='word_1_547' title='bbox 2159 3424 2277 3476; x_wconf 89' lang='grc' dir='ltr'>Ὅτι</span> <span class='ocrx_word' id='word_1_548' title='bbox 2303 3423 2451 3492; x_wconf 84' lang='grc' dir='ltr'>πρὸς</span> <span class='ocrx_word' id='word_1_549' title='bbox 2478 3423 2554 3476; x_wconf 88' lang='grc' dir='ltr'>σὲ</span> <span class='ocrx_word' id='word_1_550' title='bbox 2590 3421 3014 3491; x_wconf 76' lang='grc' dir='ltr'>προσεύξομαι,</span> <span class='ocrx_word' id='word_1_551' title='bbox 3035 3419 3229 3488; x_wconf 79' lang='grc' dir='ltr'>Κύριε,</span> <span class='ocrx_word' id='word_1_552' title='bbox 3271 3417 3336 3470; x_wconf 81' lang='grc' dir='ltr'>τὸ</span> <span class='ocrx_word' id='word_1_553' title='bbox 3362 3416 3513 3484; x_wconf 81' lang='grc' dir='ltr'>πρωῒ</span> <span class='ocrx_word' id='word_1_554' title='bbox 3541 3415 3670 3470; x_wconf 78' lang='grc' dir='ltr'><strong>εισ-</strong></span> 
     </span>
    </p>
   </div>
   <div class='ocr_carea' id='block_1_81' title="bbox 2085 3505 3671 3584">
    <p class='ocr_par' dir='ltr' id='par_1_81' title="bbox 2085 3505 3671 3584">
     <span class='ocr_line' id='line_1_81' title="bbox 2085 3505 3671 3584; baseline -0.006 -13"><span class='ocrx_word' id='word_1_555' title='bbox 2085 3517 2318 3584; x_wconf 82' lang='grc' dir='ltr'>ακούσῃ</span> <span class='ocrx_word' id='word_1_556' title='bbox 2383 3515 2494 3584; x_wconf 80' lang='grc' dir='ltr'>τῆς</span> <span class='ocrx_word' id='word_1_557' title='bbox 2541 3513 2744 3584; x_wconf 71' lang='grc' dir='ltr'>φωνῆς</span> <span class='ocrx_word' id='word_1_558' title='bbox 2759 3529 2906 3582; x_wconf 72' lang='grc' dir='ltr'>μουο</span> <span class='ocrx_word' id='word_1_559' title='bbox 2934 3512 3000 3566; x_wconf 86' lang='grc' dir='ltr'>τὸ</span> <span class='ocrx_word' id='word_1_560' title='bbox 3028 3512 3177 3580; x_wconf 85' lang='grc' dir='ltr'>πρωῒ</span> <span class='ocrx_word' id='word_1_561' title='bbox 3205 3505 3671 3579; x_wconf 76' lang='grc' dir='ltr'>παραστήσομαι</span> 
     </span>
    </p>
   </div>
   <div class='ocr_carea' id='block_1_82' title="bbox 2084 3603 3670 3677">
    <p class='ocr_par' dir='ltr' id='par_1_82' title="bbox 2084 3603 3670 3677">
     <span class='ocr_line' id='line_1_82' title="bbox 2084 3603 3670 3677; baseline -0.006 -14"><span class='ocrx_word' id='word_1_562' title='bbox 2084 3626 2182 3663; x_wconf 86' lang='grc' dir='ltr'>σοι</span> <span class='ocrx_word' id='word_1_563' title='bbox 2211 3609 2309 3662; x_wconf 80' lang='grc' dir='ltr'>καὶ</span> <span class='ocrx_word' id='word_1_564' title='bbox 2338 3606 2539 3677; x_wconf 50' lang='lat' dir='ltr'><strong>sese&quot;</strong></span> <span class='ocrx_word' id='word_1_565' title='bbox 2561 3626 2656 3677; x_wconf 82' lang='grc' dir='ltr'>με.</span> <span class='ocrx_word' id='word_1_566' title='bbox 2693 3607 3015 3662; x_wconf 86' lang='grc' dir='ltr'>Παιδεύεται</span> <span class='ocrx_word' id='word_1_567' title='bbox 3053 3606 3142 3659; x_wconf 83' lang='grc' dir='ltr'><strong>διὰ</strong></span> <span class='ocrx_word' id='word_1_568' title='bbox 3170 3605 3372 3659; x_wconf 87' lang='grc' dir='ltr'>τούτων</span> <span class='ocrx_word' id='word_1_569' title='bbox 3406 3606 3438 3674; x_wconf 80' lang='grc' dir='ltr'><strong>ἡ</strong></span> <span class='ocrx_word' id='word_1_570' title='bbox 3470 3603 3670 3674; x_wconf 82' lang='grc' dir='ltr'>κληρο-</span> 
     </span>
    </p>
   </div>
   <div class='ocr_carea' id='block_1_83' title="bbox 2084 3690 3666 3769">
    <p class='ocr_par' dir='ltr' id='par_1_83' title="bbox 2084 3690 3666 3769">
     <span class='ocr_line' id='line_1_83' title="bbox 2084 3690 3666 3769; baseline -0.008 -17"><span class='ocrx_word' id='word_1_571' title='bbox 2084 3698 2323 3769; x_wconf 76' lang='grc' dir='ltr'>νομοῦσα</span> <span class='ocrx_word' id='word_1_572' title='bbox 2367 3698 2464 3768; x_wconf 80' lang='grc' dir='ltr'>τὴν</span> <span class='ocrx_word' id='word_1_573' title='bbox 2507 3697 2760 3768; x_wconf 83' lang='grc' dir='ltr'>ἀπαρχὴν</span> <span class='ocrx_word' id='word_1_574' title='bbox 2809 3695 2916 3748; x_wconf 91' lang='grc' dir='ltr'><strong>τῶν</strong></span> <span class='ocrx_word' id='word_1_575' title='bbox 2973 3691 3250 3766; x_wconf 81' lang='grc' dir='ltr'>ήμερινῶν</span> <span class='ocrx_word' id='word_1_576' title='bbox 3294 3690 3547 3766; x_wconf 78' lang='grc' dir='ltr'>πράξεων</span> <span class='ocrx_word' id='word_1_577' title='bbox 3605 3691 3666 3757; x_wconf 74' lang='grc' dir='ltr'>τῇ</span> 
     </span>
    </p>
   </div>
   <div class='ocr_carea' id='block_1_84' title="bbox 2085 3774 3666 3862">
    <p class='ocr_par' dir='ltr' id='par_1_84' title="bbox 2085 3774 3666 3862">
     <span class='ocr_line' id='line_1_84' title="bbox 2085 3774 3666 3862; baseline -0.008 -18"><span class='ocrx_word' id='word_1_578' title='bbox 2085 3791 2219 3862; x_wconf 82' lang='grc' dir='ltr'>πρὸς</span> <span class='ocrx_word' id='word_1_579' title='bbox 2243 3774 2376 3843; x_wconf 81' lang='grc' dir='ltr'>Θεὸν</span> <span class='ocrx_word' id='word_1_580' title='bbox 2405 3789 2709 3844; x_wconf 83' lang='grc' dir='ltr'>ἀνατιθέναι</span> <span class='ocrx_word' id='word_1_581' title='bbox 2729 3785 2954 3860; x_wconf 71' lang='grc' dir='ltr'>λατρεία</span> <span class='ocrx_word' id='word_1_582' title='bbox 2972 3803 2985 3816; x_wconf 72' lang='grc' dir='ltr'><strong>ο</strong></span> <span class='ocrx_word' id='word_1_583' title='bbox 3008 3787 3144 3857; x_wconf 83' lang='grc' dir='ltr'>ὅπερ</span> <span class='ocrx_word' id='word_1_584' title='bbox 3167 3785 3264 3837; x_wconf 81' lang='grc' dir='ltr'><strong>ούκ</strong></span> <span class='ocrx_word' id='word_1_585' title='bbox 3286 3782 3350 3836; x_wconf 84' lang='grc' dir='ltr'>ἂν</span> <span class='ocrx_word' id='word_1_586' title='bbox 3384 3781 3555 3835; x_wconf 87' lang='grc' dir='ltr'>ἐποίει</span> <span class='ocrx_word' id='word_1_587' title='bbox 3587 3779 3666 3851; x_wconf 76' lang='grc' dir='ltr'>μὴ</span> 
     </span>
    </p>
   </div>
   <div class='ocr_carea' id='block_1_85' title="bbox 2085 3875 3215 3951">
    <p class='ocr_par' dir='ltr' id='par_1_85' title="bbox 2085 3875 3215 3951">
     <span class='ocr_line' id='line_1_85' title="bbox 2085 3875 3215 3951; baseline -0.007 -18"><span class='ocrx_word' id='word_1_588' title='bbox 2085 3881 2178 3933; x_wconf 74' lang='grc' dir='ltr'>καὶ</span> <span class='ocrx_word' id='word_1_589' title='bbox 2209 3880 2317 3933; x_wconf 77' lang='grc' dir='ltr'>ἀπὸ</span> <span class='ocrx_word' id='word_1_590' title='bbox 2346 3880 2535 3951; x_wconf 82' lang='grc' dir='ltr'>κοίτης</span> <span class='ocrx_word' id='word_1_591' title='bbox 2567 3879 2765 3950; x_wconf 69' lang='grc' dir='ltr'>έχουσα</span> <span class='ocrx_word' id='word_1_592' title='bbox 2793 3877 2891 3948; x_wconf 78' lang='grc' dir='ltr'>τὴν</span> <span class='ocrx_word' id='word_1_593' title='bbox 2922 3875 3215 3944; x_wconf 83' lang='grc' dir='ltr'>ἀγνωσίαν.</span> 
     </span>
    </p>
   </div>
   <div class='ocr_carea' id='block_1_86' title="bbox 2157 3961 3668 4041">
    <p class='ocr_par' dir='ltr' id='par_1_86' title="bbox 2157 3961 3668 4041">
     <span class='ocr_line' id='line_1_86' title="bbox 2157 3961 3668 4041; baseline -0.007 -14"><span class='ocrx_word' id='word_1_594' title='bbox 2157 3975 2284 4027; x_wconf 85' lang='grc' dir='ltr'>’Ὁτι</span> <span class='ocrx_word' id='word_1_595' title='bbox 2315 3973 2450 4041; x_wconf 78' lang='grc' dir='ltr'>οὐχί</span> <span class='ocrx_word' id='word_1_596' title='bbox 2477 3972 2618 4038; x_wconf 79' lang='grc' dir='ltr'>Θεὸς</span> <span class='ocrx_word' id='word_1_597' title='bbox 2654 3971 2846 4026; x_wconf 73' lang='grc' dir='ltr'>θέλων</span> <span class='ocrx_word' id='word_1_598' title='bbox 2862 3965 3118 4038; x_wconf 76' lang='grc' dir='ltr'>ἀνομίαν</span> <span class='ocrx_word' id='word_1_599' title='bbox 3137 3966 3218 4020; x_wconf 83' lang='grc' dir='ltr'><strong>σὺ</strong></span> <span class='ocrx_word' id='word_1_600' title='bbox 3248 3961 3321 4020; x_wconf 76' lang='grc' dir='ltr'><strong>εἴ·</strong></span> <span class='ocrx_word' id='word_1_601' title='bbox 3361 3967 3433 4018; x_wconf 87' lang='grc' dir='ltr'>οὐ</span> <span class='ocrx_word' id='word_1_602' title='bbox 3467 3981 3668 4032; x_wconf 81' lang='grc' dir='ltr'>παροι-</span> 
     </span>
    </p>
   </div>
   <div class='ocr_carea' id='block_1_87' title="bbox 2084 4054 3668 4134">
    <p class='ocr_par' dir='ltr' id='par_1_87' title="bbox 2084 4054 3668 4134">
     <span class='ocr_line' id='line_1_87' title="bbox 2084 4054 3668 4134; baseline -0.006 -13"><span class='ocrx_word' id='word_1_603' title='bbox 2084 4066 2258 4133; x_wconf 76' lang='grc' dir='ltr'>κήσει</span> <span class='ocrx_word' id='word_1_604' title='bbox 2281 4083 2380 4119; x_wconf 90' lang='grc' dir='ltr'><strong>σοι</strong></span> <span class='ocrx_word' id='word_1_605' title='bbox 2407 4066 2908 4134; x_wconf 81' lang='grc' dir='ltr'>πονηρευόμενος,</span> <span class='ocrx_word' id='word_1_606' title='bbox 2944 4061 3086 4116; x_wconf 82' lang='grc' dir='ltr'>οὐδὲ</span> <span class='ocrx_word' id='word_1_607' title='bbox 3106 4058 3452 4129; x_wconf 78' lang='grc' dir='ltr'>διαμενοῦσι</span> <span class='ocrx_word' id='word_1_608' title='bbox 3477 4054 3668 4125; x_wconf 81' lang='grc' dir='ltr'>παρά-</span> 
     </span>
    </p>
   </div>
   <div class='ocr_carea' id='block_1_88' title="bbox 2083 4146 3664 4227">
    <p class='ocr_par' dir='ltr' id='par_1_88' title="bbox 2083 4146 3664 4227">
     <span class='ocr_line' id='line_1_88' title="bbox 2083 4146 3664 4227; baseline -0.007 -15"><span class='ocrx_word' id='word_1_609' title='bbox 2083 4175 2251 4227; x_wconf 81' lang='grc' dir='ltr'>νομοι</span> <span class='ocrx_word' id='word_1_610' title='bbox 2275 4156 2590 4210; x_wconf 81' lang='grc' dir='ltr'>κατέναντι</span> <span class='ocrx_word' id='word_1_611' title='bbox 2612 4155 2730 4208; x_wconf 81' lang='grc' dir='ltr'><strong>τῶν</strong></span> <span class='ocrx_word' id='word_1_612' title='bbox 2757 4153 3082 4223; x_wconf 67' lang='grc' dir='ltr'>ὀφθαλμῶν</span> <span class='ocrx_word' id='word_1_613' title='bbox 3109 4168 3244 4206; x_wconf 86' lang='grc' dir='ltr'>σου.</span> <span class='ocrx_word' id='word_1_614' title='bbox 3299 4149 3386 4212; x_wconf 85' lang='grc' dir='ltr'>Ὦς</span> <span class='ocrx_word' id='word_1_615' title='bbox 3419 4149 3483 4203; x_wconf 83' lang='grc' dir='ltr'>ἂν</span> <span class='ocrx_word' id='word_1_616' title='bbox 3507 4146 3664 4218; x_wconf 73' lang='grc' dir='ltr'>ἠξιω-</span> 
     </span>
    </p>
   </div>
   <div class='ocr_carea' id='block_1_89' title="bbox 2087 4239 3659 4321">
    <p class='ocr_par' dir='ltr' id='par_1_89' title="bbox 2087 4239 3659 4321">
     <span class='ocr_line' id='line_1_89' title="bbox 2087 4239 3659 4321; baseline -0.007 -19"><span class='ocrx_word' id='word_1_617' title='bbox 2087 4249 2221 4321; x_wconf 86' lang='grc' dir='ltr'>μένη</span> <span class='ocrx_word' id='word_1_618' title='bbox 2258 4248 2364 4302; x_wconf 87' lang='grc' dir='ltr'><strong>τῶν</strong></span> <span class='ocrx_word' id='word_1_619' title='bbox 2418 4247 2842 4318; x_wconf 78' lang='grc' dir='ltr'>ἐπηγγελμένων</span> <span class='ocrx_word' id='word_1_620' title='bbox 2883 4244 3102 4314; x_wconf 86' lang='grc' dir='ltr'>ἀγαθῶν</span> <span class='ocrx_word' id='word_1_621' title='bbox 3147 4245 3182 4314; x_wconf 81' lang='grc' dir='ltr'><strong>ἡ</strong></span> <span class='ocrx_word' id='word_1_622' title='bbox 3225 4239 3659 4314; x_wconf 76' lang='grc' dir='ltr'>κληρονομοῦσα,</span> 
     </span>
    </p>
   </div>
   <div class='ocr_carea' id='block_1_90' title="bbox 2081 4334 3659 4410">
    <p class='ocr_par' dir='ltr' id='par_1_90' title="bbox 2081 4334 3659 4410">
     <span class='ocr_line' id='line_1_90' title="bbox 2081 4334 3659 4410; baseline -0.006 -16"><span class='ocrx_word' id='word_1_623' title='bbox 2081 4343 2209 4404; x_wconf 85' lang='grc' dir='ltr'>τοὺς</span> <span class='ocrx_word' id='word_1_624' title='bbox 2238 4340 2472 4410; x_wconf 86' lang='grc' dir='ltr'>ἀνόμους</span> <span class='ocrx_word' id='word_1_625' title='bbox 2502 4339 2863 4392; x_wconf 78' lang='grc' dir='ltr'>ἐπιδείκνυσιν</span> <span class='ocrx_word' id='word_1_626' title='bbox 2895 4339 3082 4408; x_wconf 79' lang='grc' dir='ltr'>ἑαυτῇ.</span> <span class='ocrx_word' id='word_1_627' title='bbox 3105 4337 3168 4388; x_wconf 87' lang='grc' dir='ltr'><strong>Οί</strong></span> <span class='ocrx_word' id='word_1_628' title='bbox 3190 4335 3298 4405; x_wconf 75' lang='grc' dir='ltr'><strong>γὰρ</strong></span> <span class='ocrx_word' id='word_1_629' title='bbox 3333 4334 3659 4405; x_wconf 81' lang='grc' dir='ltr'>παράνομοι,</span> 
     </span>
    </p>
   </div>
   <div class='ocr_carea' id='block_1_91' title="bbox 2083 4425 3658 4505">
    <p class='ocr_par' dir='ltr' id='par_1_91' title="bbox 2083 4425 3658 4505">
     <span class='ocr_line' id='line_1_91' title="bbox 2083 4425 3658 4505; baseline -0.006 -19"><span class='ocrx_word' id='word_1_630' title='bbox 2083 4435 2132 4486; x_wconf 82' lang='grc' dir='ltr'>εἰ</span> <span class='ocrx_word' id='word_1_631' title='bbox 2162 4433 2256 4486; x_wconf 75' lang='grc' dir='ltr'>καὶ</span> <span class='ocrx_word' id='word_1_632' title='bbox 2281 4432 2386 4505; x_wconf 85' lang='grc' dir='ltr'>πρὸ</span> <span class='ocrx_word' id='word_1_633' title='bbox 2432 4432 2527 4485; x_wconf 82' lang='grc' dir='ltr'><strong>τοῦ</strong></span> <span class='ocrx_word' id='word_1_634' title='bbox 2578 4431 2962 4503; x_wconf 80' lang='grc' dir='ltr'>παρανομῆσαι</span> <span class='ocrx_word' id='word_1_635' title='bbox 3004 4427 3341 4498; x_wconf 71' lang='grc' dir='ltr'>παρῴκησαν</span> <span class='ocrx_word' id='word_1_636' title='bbox 3385 4425 3467 4478; x_wconf 89' lang='grc' dir='ltr'><strong>σοί</strong></span> <span class='ocrx_word' id='word_1_637' title='bbox 3506 4440 3658 4485; x_wconf 87' lang='grc' dir='ltr'>ποτε,</span> 
     </span>
    </p>
   </div>
   <div class='ocr_carea' id='block_1_92' title="bbox 391 4515 1985 4596">
    <p class='ocr_par' dir='ltr' id='par_1_92' title="bbox 391 4521 1972 4596">
     <span class='ocr_line' id='line_1_92' title="bbox 391 4521 1972 4596; baseline -0.001 -15"><span class='ocrx_word' id='word_1_638' title='bbox 391 4525 587 4590; x_wconf 85' lang='lat' dir='ltr'><strong>verint,</strong></span> <span class='ocrx_word' id='word_1_639' title='bbox 635 4523 1096 4596; x_wconf 89' lang='lat' dir='ltr'><strong>quemadmodum</strong></span> <span class='ocrx_word' id='word_1_640' title='bbox 1150 4523 1190 4577; x_wconf 87' lang='lat' dir='ltr'><strong>ii</strong></span> <span class='ocrx_word' id='word_1_641' title='bbox 1237 4522 1331 4594; x_wconf 90' lang='lat' dir='ltr'><strong>qui</strong></span> <span class='ocrx_word' id='word_1_642' title='bbox 1363 4521 1566 4596; x_wconf 80' lang='lat' dir='ltr'><strong>Moysis</strong></span> <span class='ocrx_word' id='word_1_643' title='bbox 1601 4523 1774 4595; x_wconf 87' lang='lat' dir='ltr'><strong>legem</strong></span> <span class='ocrx_word' id='word_1_644' title='bbox 1815 4539 1972 4580; x_wconf 84' lang='lat' dir='ltr'><strong>acce-</strong></span> 
     </span>
    </p>
   </div>
   <div class='ocr_carea' id='block_1_93' title="bbox 2095 4515 3661 4596">
    <p class='ocr_par' dir='ltr' id='par_1_93' title="bbox 2095 4515 3661 4596">
     <span class='ocr_line' id='line_1_93' title="bbox 2095 4515 3661 4596; baseline -0.008 -17"><span class='ocrx_word' id='word_1_645' title='bbox 2095 4524 2333 4596; x_wconf 85' lang='grc' dir='ltr'>ιαθὰπερ</span> <span class='ocrx_word' id='word_1_646' title='bbox 2385 4525 2433 4577; x_wconf 77' lang='grc' dir='ltr'>οἱ</span> <span class='ocrx_word' id='word_1_647' title='bbox 2466 4524 2556 4577; x_wconf 76' lang='grc' dir='ltr'><strong>τὸν</strong></span> <span class='ocrx_word' id='word_1_648' title='bbox 2605 4523 2883 4586; x_wconf 83' lang='grc' dir='ltr'>Μωῦσέως</span> <span class='ocrx_word' id='word_1_649' title='bbox 2938 4521 3218 4592; x_wconf 78' lang='grc' dir='ltr'>δεξάμενοι</span> <span class='ocrx_word' id='word_1_650' title='bbox 3269 4518 3465 4588; x_wconf 88' lang='grc' dir='ltr'>νόμον,</span> <span class='ocrx_word' id='word_1_651' title='bbox 3522 4515 3661 4581; x_wconf 74' lang='grc' dir='ltr'><strong>ἀλλά</strong></span> 
     </span>
    </p>
   </div>
   <div class='ocr_carea' id='block_1_94' title="bbox 389 4617 1967 4692">
    <p class='ocr_par' dir='ltr' id='par_1_94' title="bbox 389 4617 1967 4692">
     <span class='ocr_line' id='line_1_94' title="bbox 389 4617 1967 4692; baseline 0 -19"><span class='ocrx_word' id='word_1_652' title='bbox 389 4634 548 4692; x_wconf 89' lang='lat' dir='ltr'><strong>pere;</strong></span> <span class='ocrx_word' id='word_1_653' title='bbox 579 4624 635 4672; x_wconf 89' lang='lat' dir='ltr'><strong>at</strong></span> <span class='ocrx_word' id='word_1_654' title='bbox 661 4625 950 4689; x_wconf 88' lang='lat' dir='ltr'><strong>postquam</strong></span> <span class='ocrx_word' id='word_1_655' title='bbox 1004 4617 1341 4688; x_wconf 69' lang='lat' dir='ltr'><strong>praevaricati</strong></span> <span class='ocrx_word' id='word_1_656' title='bbox 1373 4625 1522 4683; x_wconf 90' lang='lat' dir='ltr'><strong>sunt,</strong></span> <span class='ocrx_word' id='word_1_657' title='bbox 1566 4617 1879 4674; x_wconf 86' lang='lat' dir='ltr'><strong>nullatenus</strong></span> <span class='ocrx_word' id='word_1_658' title='bbox 1913 4618 1967 4673; x_wconf 91' lang='lat' dir='ltr'><strong>in</strong></span> 
     </span>
    </p>
   </div>
   <div class='ocr_carea' id='block_1_95' title="bbox 390 4707 1970 4782">
    <p class='ocr_par' dir='ltr' id='par_1_95' title="bbox 390 4707 1970 4782">
     <span class='ocr_line' id='line_1_95' title="bbox 390 4707 1970 4782; baseline 0.001 -19"><span class='ocrx_word' id='word_1_659' title='bbox 390 4710 624 4782; x_wconf 88' lang='lat' dir='ltr'><strong>pristino</strong></span> <span class='ocrx_word' id='word_1_660' title='bbox 646 4710 766 4765; x_wconf 92' lang='lat' dir='ltr'><strong>loco</strong></span> <span class='ocrx_word' id='word_1_661' title='bbox 787 4716 1013 4764; x_wconf 82' lang='lat' dir='ltr'><strong>manent</strong></span> <span class='ocrx_word' id='word_1_662' title='bbox 1051 4726 1065 4762; x_wconf 89' lang='lat'><strong>:</strong></span> <span class='ocrx_word' id='word_1_663' title='bbox 1099 4716 1156 4762; x_wconf 91' lang='lat' dir='ltr'><strong>tu</strong></span> <span class='ocrx_word' id='word_1_664' title='bbox 1196 4726 1326 4766; x_wconf 88' lang='lat' dir='ltr'><strong>vero</strong></span> <span class='ocrx_word' id='word_1_665' title='bbox 1347 4709 1531 4765; x_wconf 91' lang='lat' dir='ltr'><strong>oderis</strong></span> <span class='ocrx_word' id='word_1_666' title='bbox 1555 4724 1650 4765; x_wconf 86' lang='lat' dir='ltr'><strong>eos</strong></span> <span class='ocrx_word' id='word_1_667' title='bbox 1678 4709 1774 4780; x_wconf 90' lang='lat' dir='ltr'><strong>qui</strong></span> <span class='ocrx_word' id='word_1_668' title='bbox 1805 4724 1836 4763; x_wconf 89' lang='lat' dir='ltr'><strong>a</strong></span> <span class='ocrx_word' id='word_1_669' title='bbox 1873 4707 1970 4764; x_wconf 88' lang='lat' dir='ltr'><strong>Dei</strong></span> 
     </span>
    </p>
   </div>
   <div class='ocr_carea' id='block_1_96' title="bbox 387 4800 1968 4873">
    <p class='ocr_par' dir='ltr' id='par_1_96' title="bbox 387 4800 1968 4873">
     <span class='ocr_line' id='line_1_96' title="bbox 387 4800 1968 4873; baseline -0.001 -17"><span class='ocrx_word' id='word_1_670' title='bbox 387 4800 539 4856; x_wconf 90' lang='lat' dir='ltr'><strong>cultu</strong></span> <span class='ocrx_word' id='word_1_671' title='bbox 569 4814 847 4856; x_wconf 80' lang='lat' dir='ltr'><strong>recessere</strong></span> <span class='ocrx_word' id='word_1_672' title='bbox 867 4839 882 4865; x_wconf 91' lang='lat'><strong>,</strong></span> <span class='ocrx_word' id='word_1_673' title='bbox 913 4806 1123 4871; x_wconf 90' lang='lat' dir='ltr'><strong>quanto</strong></span> <span class='ocrx_word' id='word_1_674' title='bbox 1152 4808 1394 4872; x_wconf 89' lang='lat' dir='ltr'><strong>tempore</strong></span> <span class='ocrx_word' id='word_1_675' title='bbox 1425 4801 1460 4856; x_wconf 92' lang='lat' dir='ltr'><strong>ii</strong></span> <span class='ocrx_word' id='word_1_676' title='bbox 1491 4800 1617 4857; x_wconf 88' lang='lat' dir='ltr'><strong>odio</strong></span> <span class='ocrx_word' id='word_1_677' title='bbox 1650 4801 1812 4873; x_wconf 88' lang='lat' dir='ltr'><strong>digna</strong></span> <span class='ocrx_word' id='word_1_678' title='bbox 1843 4815 1968 4872; x_wconf 86' lang='lat' dir='ltr'><strong>per-</strong></span> 
     </span>
    </p>
   </div>
   <div class='ocr_carea' id='block_1_97' title="bbox 457 4901 622 4948">
    <p class='ocr_par' dir='ltr' id='par_1_97' title="bbox 457 4901 622 4948">
     <span class='ocr_line' id='line_1_97' title="bbox 457 4901 622 4948; baseline 0 -1"><span class='ocrx_word' id='word_1_679' title='bbox 457 4901 622 4948; x_wconf 85' lang='lat' dir='ltr'><strong>trant.</strong></span> 
     </span>
    </p>
   </div>
   <div class='ocr_carea' id='block_1_98' title="bbox 387 4910 1972 5054">
    <p class='ocr_par' dir='ltr' id='par_1_98' title="bbox 387 4910 1972 5054">
     <span class='ocr_line' id='line_1_98' title="bbox 457 4910 622 4947; baseline 0 0"><span class='ocrx_word' id='word_1_680' title='bbox 457 4910 538 4947; x_wconf 87' lang='lat' dir='ltr'><strong>tra</strong></span> <span class='ocrx_word' id='word_1_681' title='bbox 583 4910 622 4947; x_wconf 86' lang='lat' dir='ltr'><strong>t.</strong></span> 
     </span>
     <span class='ocr_line' id='line_1_99' title="bbox 387 4910 1972 5054; baseline 0 -17"><span class='ocrx_word' id='word_1_682' title='bbox 387 4910 628 5040; x_wconf 57' lang='lat' dir='ltr'><strong>peVeitls.</strong></span> <span class='ocrx_word' id='word_1_683' title='bbox 663 4985 714 5050; x_wconf 89' lang='lat'><strong>7,</strong></span> <span class='ocrx_word' id='word_1_684' title='bbox 751 4984 805 5041; x_wconf 90' lang='lat'><strong>8.</strong></span> <span class='ocrx_word' id='word_1_685' title='bbox 837 4982 1036 5049; x_wconf 87' lang='lat' dir='ltr'><strong>Odisti,</strong></span> <span class='ocrx_word' id='word_1_686' title='bbox 1079 4983 1322 5049; x_wconf 85' lang='lat' dir='ltr'><strong>Domine,</strong></span> <span class='ocrx_word' id='word_1_687' title='bbox 1358 5000 1536 5038; x_wconf 89' lang='lat' dir='ltr'><strong>omnes</strong></span> <span class='ocrx_word' id='word_1_688' title='bbox 1570 4983 1661 5054; x_wconf 86' lang='lat' dir='ltr'><strong>qui</strong></span> <span class='ocrx_word' id='word_1_689' title='bbox 1687 4992 1972 5054; x_wconf 86' lang='lat' dir='ltr'><strong>operantur</strong></span> 
     </span>
    </p>
   </div>
   <div class='ocr_carea' id='block_1_99' title="bbox 385 5075 1968 5149">
    <p class='ocr_par' dir='ltr' id='par_1_99' title="bbox 385 5075 1968 5149">
     <span class='ocr_line' id='line_1_100' title="bbox 385 5075 1968 5149; baseline -0.001 -17"><span class='ocrx_word' id='word_1_690' title='bbox 385 5079 739 5149; x_wconf 85' lang='lat' dir='ltr'><strong>iniquitatem,</strong></span> <span class='ocrx_word' id='word_1_691' title='bbox 766 5077 948 5147; x_wconf 88' lang='lat' dir='ltr'><strong>perdes</strong></span> <span class='ocrx_word' id='word_1_692' title='bbox 970 5093 1147 5131; x_wconf 89' lang='lat' dir='ltr'><strong>omnes</strong></span> <span class='ocrx_word' id='word_1_693' title='bbox 1183 5077 1274 5147; x_wconf 88' lang='lat' dir='ltr'><strong>qui</strong></span> <span class='ocrx_word' id='word_1_694' title='bbox 1303 5075 1588 5146; x_wconf 82' lang='lat' dir='ltr'><strong>loquuntur</strong></span> <span class='ocrx_word' id='word_1_695' title='bbox 1615 5077 1968 5131; x_wconf 85' lang='lat' dir='ltr'><strong>mendacium.</strong></span> 
     </span>
    </p>
   </div>
   <div class='ocr_carea' id='block_1_100' title="bbox 397 5168 1970 5241">
    <p class='ocr_par' dir='ltr' id='par_1_100' title="bbox 397 5168 1970 5241">
     <span class='ocr_line' id='line_1_101' title="bbox 397 5168 1970 5241; baseline 0 -17"><span class='ocrx_word' id='word_1_696' title='bbox 397 5170 580 5224; x_wconf 83' lang='lat' dir='ltr'><strong>Virum</strong></span> <span class='ocrx_word' id='word_1_697' title='bbox 606 5171 924 5241; x_wconf 87' lang='lat' dir='ltr'><strong>sanguinum</strong></span> <span class='ocrx_word' id='word_1_698' title='bbox 952 5180 1003 5224; x_wconf 88' lang='lat' dir='ltr'><strong>et</strong></span> <span class='ocrx_word' id='word_1_699' title='bbox 1041 5168 1285 5224; x_wconf 84' lang='lat' dir='ltr'><strong>dolosum</strong></span> <span class='ocrx_word' id='word_1_700' title='bbox 1323 5168 1661 5223; x_wconf 85' lang='lat' dir='ltr'><strong>abominatur</strong></span> <span class='ocrx_word' id='word_1_701' title='bbox 1689 5169 1970 5224; x_wconf 89' lang='lat' dir='ltr'><strong>Dominus.</strong></span> 
     </span>
    </p>
   </div>
   <div class='ocr_carea' id='block_1_101' title="bbox 386 5259 1969 5332">
    <p class='ocr_par' dir='ltr' id='par_1_101' title="bbox 386 5259 1969 5332">
     <span class='ocr_line' id='line_1_102' title="bbox 386 5259 1969 5332; baseline -0.003 -14"><span class='ocrx_word' id='word_1_702' title='bbox 386 5261 506 5318; x_wconf 84' lang='lat' dir='ltr'><strong>Non</strong></span> <span class='ocrx_word' id='word_1_703' title='bbox 538 5262 714 5318; x_wconf 90' lang='lat' dir='ltr'><strong>solum</strong></span> <span class='ocrx_word' id='word_1_704' title='bbox 772 5277 868 5317; x_wconf 89' lang='lat' dir='ltr'><strong>eos</strong></span> <span class='ocrx_word' id='word_1_705' title='bbox 921 5260 1016 5332; x_wconf 88' lang='lat' dir='ltr'><strong>qui</strong></span> <span class='ocrx_word' id='word_1_706' title='bbox 1055 5261 1210 5325; x_wconf 91' lang='lat' dir='ltr'><strong>olim,</strong></span> <span class='ocrx_word' id='word_1_707' title='bbox 1247 5259 1343 5316; x_wconf 90' lang='lat' dir='ltr'><strong>sed</strong></span> <span class='ocrx_word' id='word_1_708' title='bbox 1377 5260 1541 5316; x_wconf 90' lang='lat' dir='ltr'><strong>etiam</strong></span> <span class='ocrx_word' id='word_1_709' title='bbox 1586 5276 1681 5317; x_wconf 89' lang='lat' dir='ltr'><strong>eos</strong></span> <span class='ocrx_word' id='word_1_710' title='bbox 1716 5261 1808 5332; x_wconf 86' lang='lat' dir='ltr'><strong>qui</strong></span> <span class='ocrx_word' id='word_1_711' title='bbox 1855 5260 1969 5330; x_wconf 89' lang='lat' dir='ltr'><strong>jam</strong></span> 
     </span>
    </p>
   </div>
   <div class='ocr_carea' id='block_1_102' title="bbox 385 5351 1964 5425">
    <p class='ocr_par' dir='ltr' id='par_1_102' title="bbox 385 5351 1964 5425">
     <span class='ocr_line' id='line_1_103' title="bbox 385 5351 1964 5425; baseline 0.001 -17"><span class='ocrx_word' id='word_1_712' title='bbox 385 5361 684 5423; x_wconf 89' lang='lat' dir='ltr'><strong>operantur</strong></span> <span class='ocrx_word' id='word_1_713' title='bbox 710 5352 1074 5423; x_wconf 88' lang='lat' dir='ltr'><strong>iniquitatem,</strong></span> <span class='ocrx_word' id='word_1_714' title='bbox 1121 5353 1168 5408; x_wconf 88' lang='lat' dir='ltr'><strong>si</strong></span> <span class='ocrx_word' id='word_1_715' title='bbox 1199 5353 1417 5423; x_wconf 91' lang='lat' dir='ltr'><strong>quidem</strong></span> <span class='ocrx_word' id='word_1_716' title='bbox 1448 5351 1504 5407; x_wconf 89' lang='lat' dir='ltr'><strong>in</strong></span> <span class='ocrx_word' id='word_1_717' title='bbox 1537 5354 1745 5408; x_wconf 89' lang='lat' dir='ltr'><strong>malitia</strong></span> <span class='ocrx_word' id='word_1_718' title='bbox 1781 5370 1964 5425; x_wconf 83' lang='lat' dir='ltr'><strong>perse-</strong></span> 
     </span>
    </p>
   </div>
   <div class='ocr_carea' id='block_1_103' title="bbox 384 5445 1968 5516">
    <p class='ocr_par' dir='ltr' id='par_1_103' title="bbox 384 5445 1968 5516">
     <span class='ocr_line' id='line_1_104' title="bbox 384 5445 1968 5516; baseline -0.001 -16"><span class='ocrx_word' id='word_1_719' title='bbox 384 5453 597 5511; x_wconf 86' lang='lat' dir='ltr'><strong>verent,</strong></span> <span class='ocrx_word' id='word_1_720' title='bbox 633 5445 749 5502; x_wconf 88' lang='lat' dir='ltr'><strong>odit</strong></span> <span class='ocrx_word' id='word_1_721' title='bbox 783 5445 925 5501; x_wconf 89' lang='lat' dir='ltr'><strong>Deus</strong></span> <span class='ocrx_word' id='word_1_722' title='bbox 955 5463 969 5502; x_wconf 91' lang='lat'>:</span> <span class='ocrx_word' id='word_1_723' title='bbox 1007 5460 1071 5500; x_wconf 84' lang='lat' dir='ltr'><strong>ae</strong></span> <span class='ocrx_word' id='word_1_724' title='bbox 1091 5461 1203 5516; x_wconf 61' lang='lat' dir='ltr'><strong>prae</strong></span> <span class='ocrx_word' id='word_1_725' title='bbox 1223 5445 1482 5501; x_wconf 91' lang='lat' dir='ltr'><strong>omnibus</strong></span> <span class='ocrx_word' id='word_1_726' title='bbox 1515 5446 1774 5516; x_wconf 87' lang='lat' dir='ltr'><strong>perniciei</strong></span> <span class='ocrx_word' id='word_1_727' title='bbox 1802 5447 1968 5501; x_wconf 88' lang='lat' dir='ltr'><strong>tradit</strong></span> 
     </span>
    </p>
   </div>
   <div class='ocr_carea' id='block_1_104' title="bbox 2079 4606 3659 4688">
    <p class='ocr_par' dir='ltr' id='par_1_104' title="bbox 2079 4606 3659 4688">
     <span class='ocr_line' id='line_1_105' title="bbox 2079 4606 3659 4688; baseline -0.007 -20"><span class='ocrx_word' id='word_1_728' title='bbox 2079 4615 2394 4688; x_wconf 79' lang='grc' dir='ltr'>παραϐάται</span> <span class='ocrx_word' id='word_1_729' title='bbox 2418 4614 2700 4683; x_wconf 87' lang='grc' dir='ltr'>γεγονότες</span> <span class='ocrx_word' id='word_1_730' title='bbox 2720 4615 2782 4666; x_wconf 83' lang='grc' dir='ltr'>οὐ</span> <span class='ocrx_word' id='word_1_731' title='bbox 2813 4613 3080 4685; x_wconf 85' lang='grc' dir='ltr'>μένουσιν.</span> <span class='ocrx_word' id='word_1_732' title='bbox 3103 4611 3297 4673; x_wconf 84' lang='grc' dir='ltr'>Μισεῖς</span> <span class='ocrx_word' id='word_1_733' title='bbox 3335 4608 3392 4661; x_wconf 82' lang='grc' dir='ltr'>δὲ</span> <span class='ocrx_word' id='word_1_734' title='bbox 3416 4606 3659 4669; x_wconf 76' lang='grc' dir='ltr'>καὶτοὺς</span> 
     </span>
    </p>
   </div>
   <div class='ocr_carea' id='block_1_105' title="bbox 2079 4703 3652 4779">
    <p class='ocr_par' dir='ltr' id='par_1_105' title="bbox 2079 4703 3652 4779">
     <span class='ocr_line' id='line_1_106' title="bbox 2079 4703 3652 4779; baseline -0.005 -19"><span class='ocrx_word' id='word_1_735' title='bbox 2079 4706 2186 4773; x_wconf 72' lang='grc' dir='ltr'><strong>ἔξω</strong></span> <span class='ocrx_word' id='word_1_736' title='bbox 2209 4707 2310 4779; x_wconf 84' lang='grc' dir='ltr'>τῆς</span> <span class='ocrx_word' id='word_1_737' title='bbox 2339 4707 2650 4770; x_wconf 77' lang='grc' dir='ltr'>θεοσεὸείας</span> <span class='ocrx_word' id='word_1_738' title='bbox 2689 4708 2748 4761; x_wconf 87' lang='grc' dir='ltr'><strong>ἐν</strong></span> <span class='ocrx_word' id='word_1_739' title='bbox 2775 4707 2884 4777; x_wconf 77' lang='grc' dir='ltr'><strong>ὅσῳ</strong></span> <span class='ocrx_word' id='word_1_740' title='bbox 2930 4705 3123 4776; x_wconf 87' lang='grc' dir='ltr'>μίσους</span> <span class='ocrx_word' id='word_1_741' title='bbox 3152 4704 3276 4770; x_wconf 79' lang='grc' dir='ltr'>ἄξια</span> <span class='ocrx_word' id='word_1_742' title='bbox 3305 4703 3652 4774; x_wconf 80' lang='grc' dir='ltr'>πράττουσιν.</span> 
     </span>
    </p>
   </div>
   <div class='ocr_carea' id='block_1_106' title="bbox 2157 4979 3655 5057">
    <p class='ocr_par' dir='ltr' id='par_1_106' title="bbox 2157 4979 3655 5057">
     <span class='ocr_line' id='line_1_107' title="bbox 2157 4979 3655 5057; baseline -0.007 -15"><span class='ocrx_word' id='word_1_743' title='bbox 2157 4987 2509 5057; x_wconf 79' lang='grc' dir='ltr'>Ἐμίσησας,</span> <span class='ocrx_word' id='word_1_744' title='bbox 2555 4987 2752 5054; x_wconf 83' lang='grc' dir='ltr'>Κύριε,</span> <span class='ocrx_word' id='word_1_745' title='bbox 2785 4984 3016 5049; x_wconf 79' lang='grc' dir='ltr'>πάντας</span> <span class='ocrx_word' id='word_1_746' title='bbox 3047 4981 3189 5048; x_wconf 88' lang='grc' dir='ltr'>τοὺς</span> <span class='ocrx_word' id='word_1_747' title='bbox 3227 4979 3655 5050; x_wconf 74' lang='grc' dir='ltr'>ἐργαζομένους</span> 
     </span>
    </p>
   </div>
   <div class='ocr_carea' id='block_1_107' title="bbox 2072 5072 3653 5150">
    <p class='ocr_par' dir='ltr' id='par_1_107' title="bbox 2072 5072 3653 5150">
     <span class='ocr_line' id='line_1_108' title="bbox 2072 5072 3653 5150; baseline -0.006 -15"><span class='ocrx_word' id='word_1_748' title='bbox 2072 5080 2188 5150; x_wconf 79' lang='grc' dir='ltr'>τὴν</span> <span class='ocrx_word' id='word_1_749' title='bbox 2214 5081 2490 5150; x_wconf 81' lang='grc' dir='ltr'>ἀνομίαν,</span> <span class='ocrx_word' id='word_1_750' title='bbox 2521 5079 2768 5145; x_wconf 75' lang='grc' dir='ltr'>ἀπολεῖς</span> <span class='ocrx_word' id='word_1_751' title='bbox 2787 5077 3016 5142; x_wconf 83' lang='grc' dir='ltr'>πάντας</span> <span class='ocrx_word' id='word_1_752' title='bbox 3045 5075 3188 5142; x_wconf 87' lang='grc' dir='ltr'>τοὺς</span> <span class='ocrx_word' id='word_1_753' title='bbox 3215 5073 3552 5139; x_wconf 69' lang='grc' dir='ltr'>λαλοῦντας</span> <span class='ocrx_word' id='word_1_754' title='bbox 3590 5072 3653 5125; x_wconf 86' lang='grc' dir='ltr'>τὸ</span> 
     </span>
    </p>
   </div>
   <div class='ocr_carea' id='block_1_108' title="bbox 2072 5167 3656 5244">
    <p class='ocr_par' dir='ltr' id='par_1_108' title="bbox 2072 5167 3656 5244">
     <span class='ocr_line' id='line_1_109' title="bbox 2072 5167 3656 5244; baseline -0.009 -13"><span class='ocrx_word' id='word_1_755' title='bbox 2072 5174 2320 5244; x_wconf 61' lang='grc' dir='ltr'><strong>⁸Ψεῦδος.</strong></span> <span class='ocrx_word' id='word_1_756' title='bbox 2359 5172 2575 5242; x_wconf 81' lang='grc' dir='ltr'>Ἄνδρα</span> <span class='ocrx_word' id='word_1_757' title='bbox 2602 5171 2865 5242; x_wconf 72' lang='grc' dir='ltr'>αἱμάτων</span> <span class='ocrx_word' id='word_1_758' title='bbox 2890 5169 2989 5225; x_wconf 75' lang='grc' dir='ltr'>καὶ</span> <span class='ocrx_word' id='word_1_759' title='bbox 3015 5168 3222 5222; x_wconf 77' lang='grc' dir='ltr'>δόλιον</span> <span class='ocrx_word' id='word_1_760' title='bbox 3241 5167 3656 5232; x_wconf 68' lang='grc' dir='ltr'>,ϐδελύσσεται</span> 
     </span>
    </p>
   </div>
   <div class='ocr_carea' id='block_1_109' title="bbox 2073 5257 3656 5334">
    <p class='ocr_par' dir='ltr' id='par_1_109' title="bbox 2073 5257 3656 5334">
     <span class='ocr_line' id='line_1_110' title="bbox 2073 5257 3656 5334; baseline -0.008 -14"><span class='ocrx_word' id='word_1_761' title='bbox 2073 5267 2307 5334; x_wconf 87' lang='grc' dir='ltr'>Κύριος.</span> <span class='ocrx_word' id='word_1_762' title='bbox 2335 5267 2411 5320; x_wconf 81' lang='grc' dir='ltr'><strong>Οὐ</strong></span> <span class='ocrx_word' id='word_1_763' title='bbox 2435 5265 2560 5329; x_wconf 86' lang='grc' dir='ltr'>τούς</span> <span class='ocrx_word' id='word_1_764' title='bbox 2602 5281 2734 5318; x_wconf 90' lang='grc' dir='ltr'>ποτε</span> <span class='ocrx_word' id='word_1_765' title='bbox 2780 5260 3207 5334; x_wconf 81' lang='grc' dir='ltr'>ἐργασαμένους,</span> <span class='ocrx_word' id='word_1_766' title='bbox 3232 5259 3367 5313; x_wconf 87' lang='grc' dir='ltr'><strong>ἀλλά</strong></span> <span class='ocrx_word' id='word_1_767' title='bbox 3403 5257 3496 5312; x_wconf 75' lang='grc' dir='ltr'>καὶ</span> <span class='ocrx_word' id='word_1_768' title='bbox 3527 5257 3656 5318; x_wconf 77' lang='grc' dir='ltr'>τοὺς</span> 
     </span>
    </p>
   </div>
   <div class='ocr_carea' id='block_1_110' title="bbox 2074 5346 3648 5425">
    <p class='ocr_par' dir='ltr' id='par_1_110' title="bbox 2074 5346 3648 5425">
     <span class='ocr_line' id='line_1_111' title="bbox 2074 5346 3648 5425; baseline -0.005 -17"><span class='ocrx_word' id='word_1_769' title='bbox 2074 5354 2153 5408; x_wconf 79' lang='grc' dir='ltr'><strong>ἐτι</strong></span> <span class='ocrx_word' id='word_1_770' title='bbox 2214 5355 2309 5407; x_wconf 75' lang='grc' dir='ltr'>καὶ</span> <span class='ocrx_word' id='word_1_771' title='bbox 2357 5353 2452 5407; x_wconf 80' lang='grc' dir='ltr'><strong>νῦν</strong></span> <span class='ocrx_word' id='word_1_772' title='bbox 2491 5352 2907 5425; x_wconf 80' lang='grc' dir='ltr'>ἐργαζομένους,</span> <span class='ocrx_word' id='word_1_773' title='bbox 2952 5351 3028 5414; x_wconf 88' lang='grc' dir='ltr'>ὼς</span> <span class='ocrx_word' id='word_1_774' title='bbox 3071 5349 3136 5404; x_wconf 80' lang='grc' dir='ltr'>ἂν</span> <span class='ocrx_word' id='word_1_775' title='bbox 3183 5348 3539 5420; x_wconf 78' lang='grc' dir='ltr'>ἐπιμένοντας</span> <span class='ocrx_word' id='word_1_776' title='bbox 3581 5346 3648 5415; x_wconf 76' lang='grc' dir='ltr'>τῇ</span> 
     </span>
    </p>
   </div>
   <div class='ocr_carea' id='block_1_111' title="bbox 2076 5439 3653 5517">
    <p class='ocr_par' dir='ltr' id='par_1_111' title="bbox 2076 5439 3653 5517">
     <span class='ocr_line' id='line_1_112' title="bbox 2076 5439 3653 5517; baseline -0.003 -19"><span class='ocrx_word' id='word_1_777' title='bbox 2076 5445 2268 5517; x_wconf 80' lang='grc' dir='ltr'>κακίᾳ,</span> <span class='ocrx_word' id='word_1_778' title='bbox 2309 5448 2460 5516; x_wconf 86' lang='grc' dir='ltr'>μισεῖ</span> <span class='ocrx_word' id='word_1_779' title='bbox 2482 5445 2511 5497; x_wconf 85' lang='grc' dir='ltr'><strong>ό</strong></span> <span class='ocrx_word' id='word_1_780' title='bbox 2545 5443 2697 5508; x_wconf 86' lang='grc' dir='ltr'>Θεός.</span> <span class='ocrx_word' id='word_1_781' title='bbox 2753 5442 2913 5514; x_wconf 89' lang='grc' dir='ltr'>Παρά</span> <span class='ocrx_word' id='word_1_782' title='bbox 2940 5443 3146 5508; x_wconf 80' lang='grc' dir='ltr'>πάντας</span> <span class='ocrx_word' id='word_1_783' title='bbox 3169 5441 3227 5494; x_wconf 85' lang='grc' dir='ltr'>δὲ</span> <span class='ocrx_word' id='word_1_784' title='bbox 3259 5439 3479 5503; x_wconf 70' lang='grc' dir='ltr'>τούτους</span> <span class='ocrx_word' id='word_1_785' title='bbox 3501 5439 3653 5493; x_wconf 66' lang='grc' dir='ltr'>ἀπυ-</span> 
     </span>
    </p>
   </div>
   <div class='ocr_carea' id='block_1_112' title="bbox 453 5601 2153 5669">
    <p class='ocr_par' dir='ltr' id='par_1_112' title="bbox 453 5601 2153 5669">
     <span class='ocr_line' id='line_1_113' title="bbox 453 5601 2153 5669; baseline 0.006 -12"><span class='ocrx_word' id='word_1_786' title='bbox 453 5602 505 5638; x_wconf 74' lang='lat'>”</span> <span class='ocrx_word' id='word_1_787' title='bbox 545 5601 741 5659; x_wconf 86' lang='lat' dir='ltr'><strong>lPetr.</strong></span> <span class='ocrx_word' id='word_1_788' title='bbox 776 5619 832 5668; x_wconf 81' lang='grc' dir='ltr'><strong>ι,</strong></span> <span class='ocrx_word' id='word_1_789' title='bbox 862 5603 916 5656; x_wconf 74' lang='grc'><strong>4.</strong></span> <span class='ocrx_word' id='word_1_790' title='bbox 996 5603 1042 5633; x_wconf 75' lang='grc' dir='ltr'><strong>σο</strong></span> <span class='ocrx_word' id='word_1_791' title='bbox 1084 5601 1275 5658; x_wconf 78' lang='lat' dir='ltr'><strong>Matth.</strong></span> <span class='ocrx_word' id='word_1_792' title='bbox 1306 5618 1449 5669; x_wconf 77' lang='lat' dir='ltr'><strong>xxv,</strong></span> <span class='ocrx_word' id='word_1_793' title='bbox 1484 5603 1572 5661; x_wconf 71' lang='lat'><strong>3:.</strong></span> <span class='ocrx_word' id='word_1_794' title='bbox 1647 5602 1694 5638; x_wconf 84' lang='grc'><strong>-⁶¹</strong></span> <span class='ocrx_word' id='word_1_795' title='bbox 1736 5601 1882 5659; x_wconf 87' lang='lat' dir='ltr'><strong>Psal.</strong></span> <span class='ocrx_word' id='word_1_796' title='bbox 1918 5617 2024 5666; x_wconf 66' lang='lat' dir='ltr'><strong>cx,</strong></span> <span class='ocrx_word' id='word_1_797' title='bbox 2071 5602 2153 5657; x_wconf 80' lang='grc' dir='ltr'><strong>1οα</strong></span> 
     </span>
    </p>
   </div>
   <div class='ocr_carea' id='block_1_113' title="bbox 458 5775 1338 5861">
    <p class='ocr_par' dir='ltr' id='par_1_113' title="bbox 458 5775 1338 5861">
     <span class='ocr_line' id='line_1_114' title="bbox 458 5775 1338 5861; baseline -0.014 -10"><span class='ocrx_word' id='word_1_798' title='bbox 458 5787 535 5861; x_wconf 80' lang='grc' dir='ltr'><strong>(Ι)</strong></span> <span class='ocrx_word' id='word_1_799' title='bbox 574 5786 711 5854; x_wconf 66' lang='lat' dir='ltr'><strong>Vide</strong></span> <span class='ocrx_word' id='word_1_800' title='bbox 739 5797 926 5846; x_wconf 81' lang='lat' dir='ltr'><strong>notam</strong></span> <span class='ocrx_word' id='word_1_801' title='bbox 957 5787 1011 5845; x_wconf 90' lang='lat' dir='ltr'><strong>in</strong></span> <span class='ocrx_word' id='word_1_802' title='bbox 1039 5786 1176 5860; x_wconf 90' lang='lat' dir='ltr'><strong>psal.</strong></span> <span class='ocrx_word' id='word_1_803' title='bbox 1209 5775 1338 5842; x_wconf 75' lang='lat' dir='ltr'><strong>xvii.</strong></span> 
     </span>
    </p>
   </div>
  </div>
