3998 6432
270 230 362 288 m

1408 229 1910 288 COMMENTARlA
1942 229 2013 284 IN
2051 227 2387 285 PSALMOS.

3423 225 3528 280 118

270 351 384 424 λείᾳ
443 352 774 424 παραδίδωσι
809 355 932 418 τοὺς
980 353 1054 426 μὴ
1087 347 1246 426 μόνον
1288 353 1426 410 κατὰ
1459 355 1675 426 ἀπάτην
1697 354 1826 422 λογι-

1949 367 2066 418 eos,
2098 352 2190 423 qui
2239 366 2350 406 non
2403 348 2564 404 modo
2593 363 2691 420 per
2743 346 3013 404 fallaciam
3061 347 3344 404 mendacia
3373 347 3530 418 cogi-

265 445 523 516 ξομὲνους
567 447 639 500 τὰ
658 447 848 516 ψευδῆ,
876 446 1012 500 ἀλλὰ
1053 448 1148 501 καὶ
1186 446 1478 512 λαλοῦντας
1539 447 1699 511 αὐτὰ,
1751 449 1846 502 καὶ

265 539 466 610 ἑτέροις
491 539 960 610 διακονουμένους,
989 540 1167 594 ὁποῖοι
1213 542 1574 612 τυγχάνουσιν
1596 542 1646 594 οἱ
1675 539 1842 604 ἄθεοι,

261 632 378 702 αίρε
387 631 600 685 aliIn-az.
631 633 736 686 Καὶ
761 633 856 685 ἐπὶ
877 633 1009 686 πᾶσι
1028 633 1240 699 τούτοις
1258 635 1365 688 τὸν
1383 634 1572 704 ἄνδρα
1585 634 1845 704 αἱμάτων

263 713 912 785 βδελύσσεταιΚύριοςς
939 723 1033 778 καὶ
1061 724 1118 778 ὲν
1147 729 1214 798 τῇ
1249 723 1338 798 ἴσῃ
1380 725 1555 798 τούτῳ
1601 725 1844 796 τιμωρίᾳ

259 811 348 863 καὶ
391 811 491 864 τὸν
537 812 714 866 δόλιον
761 813 994 886 τίθησιν.
1042 817 1102 870 ὐ
1145 816 1202 872 δὲ
1242 817 1538 888 βδελυγμὸς
1572 817 1844 892 ὑπερϐάλ-

259 899 446 953 λουσαν
501 901 880 976 ἀποστροφὴν,
927 905 1005 970 ὡς
1047 907 1142 962 ἐπὶ
1182 908 1403 979 μεγάλῳ
1443 909 1726 982 βιάσματι,
1745 908 1841 962 τοῦ

257 992 682 1064 βδελυσσομένου
716 996 850 1069 πρὸς
866 997 956 1051 τὺν
992 999 1280 1070 βδελυκτὺν
1314 1001 1633 1074 παρίστησι.

317 1086 519 1154 Κύριε,
539 1087 854 1158 όϐήτησόν
858 1107 936 1159 με
950 1089 1104 1160 ὲντῇ
1121 1089 1478 1163 δικαιοσύνῃ
1498 1107 1614 1148 σου
1629 1111 1642 1124 °
1661 1093 1842 1149 ἕνεκα

251 1177 364 1230 τῶν
413 1179 656 1248 ἐχθρῶν
693 1199 814 1250 μου
867 1183 1237 1238 κατεύθυνον
1277 1183 1536 1240 ἐνώπιόν
1577 1203 1694 1242 σου
1725 1186 1842 1256 τὴν

249 1269 390 1322 ὀδόν
411 1287 561 1338 μου.
597 1273 835 1344 Χριστὸς
852 1273 909 1326 δὲ
937 1277 970 1344 ἠ
1003 1274 1318 1348 δικαιοσύνη
1339 1292 1353 1305 ·
1392 1277 1558 1342 αὐτὸς
1586 1277 1694 1348 γάρ
1721 1278 1841 1346 ὲγε-

249 1364 380 1435 νήθη
411 1364 582 1434 σοφία
616 1367 764 1438 ἡμῖν
799 1368 908 1422 ἀπὸ
948 1367 1105 1434 Θεοῦ,
1135 1368 1449 1442 δικαιοσύνη
1475 1387 1534 1424 τε
1560 1372 1656 1425 καὶ
1680 1372 1838 1440 ἁγια-

251 1455 380 1526 σμὸς
401 1459 496 1511 καὶ
523 1459 929 1532 ἀπολύτρωσις.

315 1548 442 1602 Ὅτι
475 1553 598 1606 οὐκ
641 1553 813 1608 ἔστιν
848 1553 918 1607 ἐν
957 1553 1037 1619 τῷ
1065 1555 1317 1625 στόματι
1343 1555 1543 1612 αὐτῶν
1564 1556 1832 1624 ἀλήθεια,

246 1642 284 1708 ἡ
311 1642 526 1709 καρδία
591 1645 794 1700 αὐτῶν
831 1648 1072 1717 ματαία.
1105 1648 1322 1702 Ματαία
1361 1649 1418 1702 δὲ
1459 1651 1554 1706 καὶ
1593 1649 1700 1704 τῶν
1729 1649 1833 1716 ἔξω

247 1735 414 1803 σοφῶν
439 1737 472 1806 ἡ
509 1737 718 1808 καρδία
749 1741 880 1812 περὶ
927 1733 1004 1794 ὧν
1039 1741 1288 1813 εἴρηται·
1313 1742 1527 1810 Κύριος
1557 1741 1835 1812 γινώσκει
1866 1717 1906 1772 Β

245 1826 376 1891 τοὺς
413 1825 1017 1899 διαλογισμοὺς,τῶν
1055 1831 1284 1902 σοφῶν,
1309 1833 1398 1886 ὅτι
1417 1833 1538 1888 εἰσὶ
1553 1833 1793 1904 μάταιοι
1816 1852 1829 1865 ·

242 1913 310 1972 ὧν
339 1923 366 1974 ὁ
397 1920 618 1992 λάρυγξ
659 1922 891 1976 ἀπέπνει
936 1923 1107 1995 νεκρὰ
1144 1923 1412 1994 δόγματα,
1443 1923 1536 1977 τὸν
1571 1923 1834 1988 ζωοποιὸν

243 2011 327 2064 τοῦ
349 2013 484 2066 Θεοῦ
513 2013 683 2082 λόγον
709 2013 783 2085 μὴ
809 2014 1188 2080 διδασκόντων,
1221 2015 1314 2070 τὸν
1346 2015 1404 2068 δὲ
1433 2015 1600 2086 ψευδῆ
1625 2016 1720 2069 καὶ
1742 2033 1834 2070 νε-

245 2105 362 2176 κρόν
381 2119 394 2133 ·
421 2103 658 2173 Κρῖνον
706 2105 950 2171 αὐτοὺς.
979 2108 1014 2160 ό
1041 2107 1207 2170 Θεὸς,
1235 2105 1364 2169 τοὺς
1385 2105 1834 2171 ἐπιϐουλεύοντάς

245 2213 338 2266 μου
353 2199 473 2260 ταῖς
505 2199 643 2268 περὶ
674 2197 774 2268 τῆς
795 2197 1158 2270 κληρονομίας
1187 2197 1399 2252 ἐλπίσιν
1417 2215 1431 2228 ο
1467 2191 1613 2252 οὗτοι
1642 2199 1748 2272 γάρ
1771 2217 1831 2253 σε

245 2289 768 2362 παραπικραινοῦσι.
795 2290 1018 2358 Κρῐνον
1037 2307 1050 2320 ·
1107 2289 1202 2343 σοῦ
1226 2290 1336 2360 γὰρ
1367 2289 1558 2356 σώζειν
1610 2291 1834 2346 σπουδά-

241 2381 434 2446 ζοντος,
463 2383 807 2454 πολεμοῦσιν
848 2383 1312 2448 ἐπιϐουλεύοντες.
1359 2383 1618 2438 Βούλεται
1649 2384 1708 2438 δὲ
1736 2385 1832 2438 καὶ

241 2477 428 2542 αὐτοὺς
477 2477 742 2532 ἐντεῦθεν
801 2477 903 2550 ήδη
962 2478 1274 2548 κριθέντας
1325 2479 1692 2552 ὠφεληθῆναι,
1733 2477 1829 2534 τοῦ

241 2567 467 2640 πλήθους
484 2569 610 2624 τῶν
642 2569 813 2644 ἀσεϐη
822 2571 1006 2642 μάτων
1032 2569 1138 2636 ἔξω
1165 2571 1586 2644 γεγενημένους.

302 2746 410 2800 Kal
431 2747 959 2817 εὐφρανθήτωσαν
987 2748 1212 2816 πάντες
1261 2751 1317 2804 οἱ
1349 2747 1695 2818 ἐλπίζοντες
1728 2750 1828 2806 ἐπὶ

239 2837 326 2902 σὲ,
357 2841 445 2904 εὶς
481 2837 682 2892 αἰῶνα
711 2838 1188 2909 άγαλλιάσονται
1213 2839 1314 2894 καὶ
1336 2839 1830 2908 κατασκηνώσεις

237 2929 302 2983 ἐν
326 2929 561 2996 αὐτοῖς.
593 2929 752 2983 Ἀλλὰ
777 2931 873 2984 καὶ
897 2929 992 2984 ἐπὶ
1011 2930 1110 3002 τῆς
1137 2928 1233 2984 τοῦ
1253 2929 1508 3002 Σωτῆρος
1535 2927 1827 3000 ἐπιδημίας

237 3021 521 3093 ηὐφράνθη
533 3037 632 3075 σαν
663 3021 711 3075 οἱ
737 3021 837 3093 τὴν
860 3021 1026 3076 αὐτοῦ
1053 3023 1532 3096 καραδοκήσαντες
1554 3023 1828 3096 ὲνανθρὼ-

239 3133 392 3186 πησιν
411 3133 424 3145 ·
449 3117 584 3186 ἥτις
629 3118 748 3180 τοῖς
792 3119 1102 3190 προφήταις
1134 3119 1230 3174 καὶ
1259 3121 1372 3183 τοῖς
1395 3118 1576 3175 νοοῦσι
1599 3121 1668 3176 τὰ
1699 3121 1827 3176 τού-

239 3225 334 3260 των
359 3208 652 3278 ἠλπίζετο.
711 3209 1056 3282 Ἐπεδήμησε
1084 3210 1194 3284 γὰρ
1225 3213 1254 3266 ὁ
1289 3211 1422 3276 Θεὸς
1473 3213 1646 3282 Λόγος
1690 3213 1826 3286 σὰρξ

239 3300 488 3370 γεγονὼς,
519 3301 824 3374 προσλήψει
867 3303 1089 3374 σαρκὸς,
1109 3303 1197 3358 ἵνα
1232 3303 1486 3376 σκηνὼσῃ
1517 3307 1574 3358 ὲν
1597 3307 1710 3370 τοῖς
1737 3321 1828 3359 πε-

239 3395 586 3448 πιστευκόσιν
612 3392 782 3464 αὐτῷ,
814 3393 1056 3458 κατὰτὸ,
1096 3395 1151 3448 Ὁ
1185 3397 1378 3467 Λόγος
1403 3395 1559 3465 σὰρξ
1585 3397 1826 3468 ἐγένετο

239 3486 328 3540 καί
368 3485 734 3553 ἐσκήνωσεν
761 3487 832 3540 ἐν
851 3487 997 3556 ἡμῖν
1026 3505 1039 3517 ·
1074 3489 1124 3542 οἳ
1147 3489 1241 3542 καὶ
1267 3489 1346 3552 είς
1371 3477 1546 3544 αίιῖὶνα
1564 3489 1826 3558 ἀγαλλιά-

241 3593 428 3646 σονται,
467 3579 712 3650 ὁρῶντες
739 3579 834 3633 τοῦ
861 3581 1235 3652 σαρκωθέντος
1259 3581 1432 3650 Λόγου
1473 3581 1585 3650 τὴν
1610 3581 1819 3649 δόξαν,

237 3671 309 3734 ὡς
349 3673 746 3742 Μονοτενοῦς
801 3673 964 3741 παρὰ
1019 3673 1273 3742 Πατρός,
1313 3676 1552 3746 πλήρης
1582 3675 1824 3745 χάριτος

237 3765 326 3816 καὶ
343 3765 639 3834 ἀληθείας
691 3763 742 3818 οῖ
770 3765 866 3818 καί
885 3781 1048 3834 φασιν
1073 3785 1084 3795 ·
1105 3769 1176 3820 El
1195 3765 1294 3821 καὶ
1311 3767 1657 3837 ἐγνώκαμεν
1669 3767 1822 3823 κατὰ

236 3855 429 3925 σάρκα
479 3857 764 3926 Χριστὸν,
822 3857 983 3912 ἀλλὰ
1025 3857 1144 3912 νῦν
1173 3858 1375 3914 οὐκέτι
1423 3859 1819 3931 γινώσκομεν,

237 3948 444 4019 ἔχοντες
473 3949 710 4020 Θεωρίαν
741 3952 839 4022 τῆς
866 3948 1024 4022 δόξης
1038 3951 1226 4016 αὑτοῦ,
1259 3951 1380 4006 καθ’
1418 3953 1484 4024 ἢν
1509 3953 1823 4027 Μονογενὴς

237 4041 378 4114 παρὰ
412 4042 634 4113 Πατρός
662 4043 832 4095 ἐστιν.

299 4133 405 4186 Καὶ
437 4131 858 4200 καυχήσονται
880 4133 950 4187 ἐν
975 4134 1072 4188 σοι
1091 4138 1145 4188 οἱ
1167 4133 1516 4205 ἀγαπῶντες
1542 4136 1606 4192 τὸ
1633 4137 1821 4208 ὄνομά

235 4239 362 4286 σου,
383 4223 478 4277 ὅτι
494 4223 575 4276 σὺ
595 4223 956 4293 εὐλογήσεις
982 4225 1215 4282 δίκαιον
1236 4267 1248 4280 .
1283 4227 1465 4300 Οῠσης
1493 4229 1652 4299 λόγου
1673 4245 1814 4284 καυ-

221 4313 613 4384 pillei-tentem
635 4307 704 4388 ἦς
729 4316 757 4367 ὁ
779 4313 992 4378 Παῦλός
1017 4333 1182 4388 φησιν
1205 4332 1218 4346 ·
1249 4317 1470 4385 Μηδεὶς
1493 4317 1815 4386 καυχάσθω

1945 451 2096 509 tant;
2121 443 2216 499 sed
2239 443 2402 498 etiam
2433 441 2524 496 illa
2555 440 2859 512 proferunt,
2895 439 3124 510 aliisque
3151 455 3214 496 ea
3249 439 3302 494 in
3335 455 3396 495 re
3424 440 3528 495 ari-

1945 537 2186 591 ministri
2237 544 2364 592 sunt
2398 555 2410 590 :
2447 534 2758 604 cujusmodi
2809 541 2937 588 sunt
2972 533 3127 596 ,athei
3169 544 3223 588 et
3261 533 3523 589 haeretici.

1948 628 2052 684 Sed
2087 630 2208 701 plus
2235 643 2398 700 quam
2446 645 2542 684 eos
2570 643 2781 690 omnes,
2831 627 3000 681 virum
3047 627 3362 697 sanguinum
3394 626 3526 680 abo-

1945 723 2180 775 minatur
2213 719 2486 786 Dominus,
2553 735 2618 774 ac
2643 719 2761 774 viro
2801 719 2927 774 item
2954 719 3144 775 doloso
3183 733 3281 790 par
3318 717 3530 789 suppli«

1943 817 2088 872 cium
2117 813 2376 870 destinat.
2394 813 2740 868 Abominatio
2773 821 2954 867 autem
2990 821 3286 869 extremam
3321 812 3525 868 abomi-

1943 908 2124 964 nantis
2161 908 2218 962 in
2244 907 2614 962 abominatum
2643 905 3004 974 aversionem,
3035 914 3220 978 utpote
3245 907 3302 962 in
3335 905 3526 963 foedis-

1941 997 2082 1052 simo
2114 997 2340 1060 scelere,
2377 996 2664 1068 significat.

2013 1089 2182 1146 Vens.
2257 1089 2313 1145 9.
2353 1089 2614 1153 Domine,
2667 1089 2836 1144 deduc
2863 1107 2944 1146 me
2997 1091 3053 1146 in
3109 1091 3317 1156 iustitia
3373 1100 3466 1146 tua
3503 1105 3524 1146 .°

1937 1193 2149 1252 propter
2187 1183 2430 1237 inimicos
2459 1199 2598 1237 meos
2629 1181 2800 1253 dirige
2831 1183 2887 1236 in
2929 1193 3207 1254 conspectu
3253 1193 3342 1238 tuo
3383 1189 3523 1238 viam

1939 1294 2131 1331 meam.
2165 1276 2422 1332 Christus
2454 1291 2587 1331 sane
2611 1275 2824 1345 justitia
2850 1286 2966 1342 est;
3010 1276 3126 1346 ipse
3155 1291 3392 1348 namque
3423 1293 3524 1331 no-

1939 1369 2023 1424 bis
2051 1385 2080 1422 a
2103 1369 2212 1425 Deo
2242 1369 2420 1426 iactus
2449 1377 2534 1425 est
2565 1369 2854 1441 sapientia,
2882 1369 3094 1439 justitia
3129 1371 3280 1436 item,
3311 1373 3522 1426 sancti-

1940 1460 2119 1515 ﬁcatio
2151 1469 2205 1516 et
2237 1461 2557 1532 redemptio.

2005 1551 2170 1608 Vens.
2235 1553 2324 1617 1.0,
2384 1554 2469 1612 Η.
2537 1553 2800 1620 Quoniam
2863 1570 2966 1608 non
3023 1556 3180 1610 estin
3215 1573 3302 1610 ore
3336 1573 3521 1611 eorum

1937 1643 2147 1708 veritas,
2167 1659 2258 1696 cor
2286 1659 2469 1698 eorum
2504 1659 2692 1696 vanum
2714 1655 2813 1700 est.
2833 1641 3046 1696 Vanum
3077 1658 3293 1713 quoque
3321 1651 3407 1699 est
3427 1657 3523 1698 cor

1935 1735 2271 1790 exoticorum
2301 1736 2774 1806 philosophorum,
2803 1735 2870 1790 de
2888 1735 3088 1806 quibus
3121 1737 3322 1792 dicitur
3357 1755 3371 1790 :
3410 1735 3522 1790 Do-

1936 1827 2107 1884 minus
2159 1827 2303 1883 novit
2353 1829 2698 1899 cogitationes
2731 1829 3050 1897 sapientum,
3097 1829 3346 1900 quoniam
3375 1845 3522 1884 vente

1935 1929 2057 1974 sunt
2085 1919 2134 1952 “
2158 1939 2172 1974 :
2215 1935 2448 1991 quorum
2478 1929 2666 1992 guttur
2695 1919 2976 1976 mortifera
2997 1921 3216 1977 exhalat
3243 1920 3518 1991 dogmata,

1935 2024 2059 2065 cum
2107 2025 2218 2064 non
2258 2011 2532 2067 viviﬁcum
2564 2011 2662 2067 Dei
2711 2012 2937 2067 verbum
2969 2011 3198 2076 doceat,
3231 2013 3326 2070 sed
3367 2029 3522 2070 men—

1934 2103 2090 2158 dacia
2117 2111 2172 2159 et
2205 2111 2420 2160 mortua
2448 2103 2694 2174 proferat
2721 2104 2910 2161 verba.
2947 2103 3146 2159 Iudico
3178 2105 3325 2169 illos,
3355 2105 3515 2168 Deus,

1933 2196 2028 2266 qui
2079 2213 2214 2252 mete
2241 2197 2310 2253 de
2349 2197 2536 2252 futura
2589 2197 2910 2255 haereditate
2971 2199 3086 2269 spei
3136 2199 3518 2254 insidiantur:

1933 2305 2061 2344 nam
2095 2290 2132 2344 ii
2163 2297 2214 2348 te
2239 2307 2452 2348 summe
2478 2291 2718 2347 irritant.
2746 2290 2970 2357 Judica,
3013 2299 3072 2370 te.
3103 2307 3342 2362 namque
3373 2293 3520 2348 salu-

1933 2390 2041 2439 tem
2072 2392 2316 2441 nostram
2347 2394 2698 2458 procurante,
2725 2387 3050 2443 insidiosum
3073 2387 3148 2442 illi
3183 2387 3383 2442 bellum
3421 2406 3516 2458 pa-

1931 2487 2075 2532 rant.
2099 2475 2356 2548 Peroptat
2391 2479 2558 2532 etiam
2592 2477 2860 2534 Dominus
2897 2478 3045 2548 ipsos
3071 2479 3154 2534 vel
3175 2479 3286 2543 jam
3305 2479 3521 2547 judica-

1934 2577 2014 2623 tos
2045 2569 2171 2626 inde
2195 2570 2398 2640 juvari,
2419 2571 2467 2626 si
2491 2570 2711 2642 quidem
2742 2585 2772 2624 a
2797 2571 3148 2628 multitudine
3179 2571 3519 2642 impietatum

1932 2659 2252 2718 abscedant.
2635 2725 2638 2728 ,

2003 2749 2170 2808 Vens.
2206 2751 2304 2808 12.
2333 2751 2400 2808 Ει
2425 2753 2671 2808 ίαξεεηιιιι·
2703 2770 2884 2816 omnes
2913 2755 3004 2826 qui
3037 2763 3252 2824 sperant
3273 2753 3328 2808 in
3363 2766 3431 2816 te,
3463 2757 3518 2809 in

1930 2853 2182 2900 aeternum
2203 2845 2545 2900 exsultabunt
2573 2854 2626 2900 et
2658 2845 2928 2900 habitabis
2962 2847 3018 2899 in
3041 2847 3137 2902 eis.
3163 2847 3224 2901 In
3248 2846 3366 2917 ipso
3393 2845 3514 2900 Sal-

1929 2934 2134 2989 vatoris
2161 2934 2398 2990 adventu
2429 2935 2595 2990 laetati
2627 2943 2758 2990 sunt
2789 2935 2826 2990 ii
2875 2935 2970 3007 qui
3009 2936 3134 3006 ejus
3182 2937 3518 2992 incarnatio-

1930 3039 2052 3078 nem
2085 3025 2476 3094 exspectabant
2511 3044 2524 3080 :
2553 3040 2676 3095 qua:
2705 3025 2927 3096 quidem
2981 3042 3111 3096 spes
3153 3025 3436 3096 prophetis
3462 3035 3518 3082 et

1934 3115 2006 3170 iis
2033 3116 2124 3186 qui
2156 3116 2310 3186 paria
2369 3116 2678 3173 sentiebant
2736 3116 2936 3172 inerat.
2986 3117 3222 3173 Advenit
3278 3134 3516 3189 namque

1929 3205 2076 3262 Deus
2103 3205 2343 3262 Verbum
2365 3223 2490 3262 cum
2515 3223 2648 3263 caro
2677 3207 2878 3263 factum
2904 3217 3010 3276 est,
3034 3217 3314 3281 assumpta
3347 3226 3516 3268 carne

1927 3304 1987 3354 ut
2006 3313 2132 3354 cum
2160 3297 2412 3356 ﬁdelibus
2435 3301 2552 3355 suis
2575 3300 2869 3366 habitaret,
2883 3299 3046 3372 juxta
3074 3301 3208 3356 illud
3233 3321 3247 3357 :
3287 3302 3529 3357 Verbum-

1926 3408 2050 3445 σαι-ο
2075 3391 2276 3462 factum
2308 3401 2387 3446 est
2417 3402 2468 3446 et
2495 3392 2753 3448 habitavit
2799 3394 2855 3447 in
2885 3393 3034 3448 nobis
3070 3394 3135 3448 “.
3165 3395 3207 3449 Ii
3242 3403 3420 3450 autem
3457 3395 3514 3448 in

1925 3491 2188 3540 aeternum
2242 3485 2637 3549 exsultabunt,
2691 3485 2943 3540 videntes
3008 3485 3278 3541 incarnati
3347 3485 3512 3541 Verbi

1923 3577 2151 3648 gloriam
2191 3579 2348 3648 quasi
2387 3575 2654 3648 Unigeniti
2685 3595 2716 3630 a
2753 3577 2938 3640 Patre,
2993 3579 3204 3646 plenum
3247 3580 3436 3649 gratia:
3463 3589 3514 3633 et

1924 3671 2158 3726 veritatis
2191 3671 2256 3726 “.
2298 3669 2404 3738 Qui
2455 3670 2646 3725 dicunt
2692 3671 2904 3726 etiam:
2951 3669 3072 3724 Etsi
3121 3672 3512 3742 cognoverimus

1925 3759 2194 3816 Christum
2218 3758 2504 3814 secundum
2531 3775 2770 3823 carnem,
2805 3775 2923 3828 1am
2951 3775 3057 3813 non
3088 3758 3233 3811 ultra
3274 3758 3512 3813 novimus

1923 3869 2042 3908 eum
2071 3853 2141 3920 ⁸⁵,
2174 3853 2440 3910 habentes
2468 3853 2982 3923 contemplationem
3017 3851 3202 3923 gloriae
3239 3851 3382 3920 ejus,
3424 3866 3510 3906 sea

1923 3945 2163 4001 cundum
2189 3961 2352 4017 quam
2384 3953 2470 4002 est
2497 3943 2821 4017 Unigenitus
2845 3960 2876 4000 a
2903 3943 3087 3999 Patre.

1993 4119 2159 4177 Vens.
2201 4121 2287 4176 15.
2321 4121 2390 4176 Et
2437 4121 2812 4194 gloriabuntur
2855 4123 2910 4176 in
2949 4131 2998 4177 te
3028 4123 3119 4193 qui
3155 4123 3384 4194 diligunt
3415 4140 3504 4178 no-

1923 4230 2036 4267 men
2091 4223 2262 4276 tuum,
2293 4215 2541 4286 quoniam
2596 4223 2650 4268 tu
2693 4213 2962 4269 benedices
2991 4214 3164 4283 justo.
3195 4213 3332 4270 Cum
3393 4215 3498 4285 glo-

1921 4304 2166 4359 riationis
2195 4305 2423 4360 verbum
2460 4305 2568 4373 sit,
2615 4306 2684 4361 de
2725 4321 2836 4377 quo
2873 4306 3080 4362 Paulus
3119 4306 3194 4360 ait
3235 4325 3250 4361 :
3309 4303 3512 4362 Nullus.

234 4399 298 4452 ἐν
329 4401 688 4490 ἀνθρώποις,
731 4407 824 4460 καὶ
867 4407 894 4460 ὁ
929 4408 1213 4480 προφήτης
1235 4425 1247 4437 ·
1294 4407 1392 4476 Μὴ
1430 4409 1754 4479 καυχάσθω
1779 4411 1813 4462 ό

1935 4393 2172 4462 ιΙοι-ἱειιιι·
2201 4397 2254 4450 in
2276 4395 2575 4452 hominibus
2613 4397 2688 4465 “;
2718 4405 2773 4454 et
2799 4397 3062 4469 propheta
3087 4417 3104 4451 τ
3145 4395 3228 4453 Ne
3249 4398 3504 4470 glorietur

235 4491 419 4558 σοφὸς
449 4476 626 4560 ἐν’τῇ
649 4493 836 4562 σοφίᾳ
862 4493 1069 4558 αὐτοῦ,
1099 4476 1288 4548 καὶτὰ
1312 4495 1439 4566 ἑξῆς
1460 4515 1472 4527 ·
1498 4476 1810 4570 οῦίτοιαύτη

233 4584 487 4654 τυγχάνει
514 4585 548 4654 ἡ
573 4582 668 4638 τοῦ
697 4583 946 4654 λέ-γοντος
965 4603 977 4616 ·
1018 4587 1180 4657 Ἐμοὶ
1199 4587 1268 4642 δὲ
1292 4589 1372 4659 ιιὴ
1404 4589 1640 4660 γένοιτο
1673 4609 1814 4646 καυ-

235 4675 452 4744 χᾶσθαι
493 4679 546 4730 εὶ
589 4675 678 4745 μὴ
722 4678 794 4731 ἐν
825 4677 904 4745 τῷ
945 4679 1188 4749 σταυρῷ
1231 4681 1338 4736 τοῦ
1381 4683 1604 4751 Κυρίου
1645 4681 1815 4752 ἡμῶν

247 4767 448 4834 Ἰησοῦ
472 4767 762 4836 Χριστοῦ·
811 4771 943 4833 ’καὶ,
985 4771 1038 4824 '0
1079 4771 1485 4843 καυχώμενος,
1515 4772 1587 4826 ἐν
1615 4774 1816 4843 Κυρίῳ

238 4859 573 4930 καυχάσθω.
607 4861 849 4916 Τοιοῦτοι
901 4864 1030 4933 περὶ
1079 4857 1155 4918 ὧν
1182 4866 1210 4917 ὁ
1240 4842 1419 4932 ito-70;,
1447 4842 1813 4936 ἠγαπηκότων

237 4952 390 5012 αὑτοῦ
435 4954 498 5006 τὸ
551 4953 738 5024 ὄνομα.
789 4954 1113 5027 Προαιρέσει
1153 4955 1282 5025 γὰρ,
1307 4956 1368 5009 οὐ
1392 4956 1812 5028 φ66ῳ,τετιμη-

175 5033 190 5052 ’
238 5044 386 5108 κότες
444 5043 774 5116 ὲκαυχῶντο.
804 5045 986 5102 Αίτιον
1008 5046 1064 5101 δὲ
1097 5047 1206 5116 τῆς
1231 5047 1588 5118 καυχήσεως
1612 5048 1672 5102 τὸ
1699 5048 1810 5100 τῶν

237 5135 562 5206 ἐπουρανίων
611 5139 898 5208 τυγχάνειν
946 5139 1205 5209 εὐλογιῶν
1231 5157 1243 5170 ·
1290 5141 1418 5212 περὶ
1465 5133 1541 5194 ὧν
1581 5158 1746 5213 φησιν
1783 5144 1812 5195 ὁ

139 5263 146 5271 -
249 5229 559 5292 Ἀπόστολος
577 5247 590 5259 ·
611 5231 954 5300 Εὐλογητὸς
987 5235 1020 5286 ὀ
1048 5229 1192 5298 Θεὸς
1221 5236 1254 5286 ό
1284 5230 1629 5302 εὐλογήσας
1653 5230 1812 5302 ἡμᾶς

235 5317 298 5372 ὲν
321 5319 486 5390 πάσῃ
506 5321 752 5390 εὐλογίᾳ
777 5324 1150 5394 πνευματικῇ
1168 5326 1238 5379 ἐν
1263 5325 1388 5393 τοῖς
1405 5325 1805 5395 ἐπουρανίοις.

239 5411 339 5466 Καὶ
369 5413 522 5476 τέλος
563 5411 620 5466 δὲ
663 5414 882 5482 ἀγαθῶν
920 5415 1022 5487 τῆς
1057 5415 1416 5490 ἐλπιζομένης
1443 5417 1809 5490 κληρονομίας

303 5593 344 5624 ⁸³
382 5591 528 5648 Psal.
567 5609 734 5656 xcm,
775 5594 858 5648 li.

245 5659 308 5692 ’ν’
345 5662 518 5720 Galat.
555 5681 645 5732 vs,
689 5665 772 5722 lci,
851 5666 895 5698 “
933 5665 952 5719 l
989 5667 1116 5722 Cor.
1157 5686 1210 5734 I,
1245 5669 1334 5722 5i.

937 5595 982 5626 ⁸³
1014 5593 1170 5650 Joan.
1208 5612 1260 5656 ι.
1297 5596 1426 5653 “.-
1465 5598 1514 5631 “
1550 5597 1681 5655 ibid.
1762 5599 1806 5632 ”

1935 5599 2048 5657 Cor.
2089 5617 2117 5656 ιι
2146 5640 2160 5664 ,
2201 5600 2286 5657 16.
2367 5601 2410 5633 ⁸⁸
2451 5601 2631 5657 lCor.
2671 5618 2760 5664 tn,
2797 5603 2887 5658 ει.

1920 4488 2128 4555 sapiens
2165 4489 2220 4542 in
2271 4490 2536 4558 sapientia
2567 4507 2666 4544 sua
2697 4491 2776 4556 ⁸⁷,
2810 4501 2864 4545 et
2899 4491 3140 4561 reliqua;
3165 4507 3274 4551 non
3312 4491 3500 4562 hujus-

1920 4581 2068 4636 modi
2094 4597 2228 4636 sane
2249 4582 2424 4653 gloria
2467 4582 2590 4654 ejus
2635 4590 2740 4647 est,
2764 4583 2874 4653 qui
2896 4585 2976 4639 sic
3008 4584 3083 4638 ait
3122 4583 3296 4638 :Mihi
3329 4595 3502 4640 autem

1919 4672 2059 4726 absit
2105 4673 2364 4744 gloriari,
2405 4675 2510 4728 nisi
2552 4675 2607 4728 in
2666 4691 2818 4729 cruce
2871 4674 3092 4729 Domini
3141 4676 3310 4730 nostri
3373 4673 3502 4730 J‘esu

1919 4763 2119 4822 Christi
2149 4767 2239 4834 '7";
2264 4775 2362 4822 et-z
2390 4767 2496 4834 Qui
2529 4769 2793 4846 gloriatur
2813 4769 2869 4822 in
2899 4768 3128 4823 Domino
3163 4769 3501 4840 glorietur“.

1918 4859 2080 4916 Tales
2108 4861 2146 4916 ii
2178 4870 2306 4918 sunt
2344 4862 2412 4917 de
2439 4863 2641 4933 quibus
2657 4861 2768 4932 jam
2806 4877 3000 4918 sermo
3021 4869 3125 4927 est,
3153 4861 3250 4932 qui
3293 4863 3500 4919 scilicet

1918 4954 2230 5014 dilexerunt
2265 4970 2464 5015 nomen
2515 4955 2660 5024 ejus.
2720 4954 2952 5025 Proprio
3002 4955 3150 5011 enim
3202 4956 3501 5011 voluntatis

1915 5046 2151 5112 delectu,
2187 5064 2298 5103 non
2325 5057 2504 5102 autem
2541 5048 2761 5116 timore,
2797 5047 2966 5101 Deum
3021 5048 3268 5104 colentes
3299 5049 3498 5119 gloria»

1913 5138 2134 5193 bantur.
2169 5139 2342 5195 Porro
2371 5140 2710 5211 gloriationis
2729 5139 3052 5210 hujusmodi
3081 5154 3248 5196 causa
3275 5156 3310 5195 at
3332 5141 3491 5196 ciale-

1914 5233 2088 5289 stibus
2129 5233 2602 5290 benedictionibus
2637 5249 2774 5305 quas
2808 5235 3158 5290 consecuturi
3201 5243 3332 5288 sunt
3362 5235 3492 5304 peti-

1913 5335 2036 5392 tur;
2069 5326 2136 5382 de
2163 5328 2365 5398 quibus
2393 5327 2468 5382 ait
2495 5327 2792 5398 Apostolus
2823 5348 2837 5381 -.
2874 5327 3190 5383 Benedictus
3218 5327 3496 5390 Dominus,

1911 5419 1999 5492 qui
2025 5419 2288 5476 benedixit
2320 5440 2413 5477 nos
2455 5425 2510 5477 in
2558 5423 2701 5477 omni
2752 5422 3106 5478 benedictione
3131 5421 3402 5493 spirituali
3445 5423 3495 5475 in

2989 5601 3031 5633 "
3057 5597 3256 5656 Jerem.
3291 5612 3368 5660 ιι.
3399 5595 3514 5664 25..
