3994 6448
471 294 578 352 119

1169 292 1442 350 EUSEBll
1477 291 1960 351 ςιεεΑιιιεΝειε
1998 284 2348 348 oremus
2389 261 2483 337 1η.
2522 318 2595 334 -
2629 289 3036 348 EXEGETICA.

3645 295 3737 354 120

470 407 763 462 caelestibus
794 408 859 462 ⁶⁹.
919 405 1070 462 Finis
1132 417 1313 464 autem
1359 409 1627 464 bonorum
1680 407 1734 461 in
1790 422 1855 462 ea
1892 421 2044 477 quam

2160 405 2188 458 ὁ
2215 405 2316 477 τῆς
2364 397 2713 477 δικαιοσύνης
2759 405 3042 474 στέφανος,
3081 399 3142 462 οὗ
3187 405 3484 474 τεύξονται
3526 411 3573 465 oi
3613 417 3740 471 κατά

469 513 756 569 speramus
806 497 1156 568 inmeditate,
1195 509 1280 555 est
1325 517 1531 556 corona
1587 499 1840 570 iustitiae,
1889 515 2048 569 quam

469 600 870 647 consecuturus
897 599 979 646 est
1013 579 1266 664 quisquis
1295 609 1416 648 cum
1447 593 1617 648 Paulo
1641 593 1823 649 dicere
1854 595 1999 649 valet
2035 613 2050 650 ι

469 680 539 736 1η
569 683 768 753 reliquo
795 683 1034 752 reposita
1065 694 1142 738 est
1177 685 1306 738 mihi
1335 701 1528 739 corona
1551 684 1781 755 justitia:
1806 685 1853 717 "°
1895 702 1910 740 :
1946 699 2055 755 quo

467 789 668 844 genere
699 789 978 830 armorum
1001 775 1080 830 uti
1105 775 1252 832 Deus
1281 777 1475 843 voluit,
1511 788 1568 833 ut
1607 793 1738 834 suos
1757 791 1787 832 a
1813 777 2057 849 quolibet

467 865 654 922 hostili
692 865 1040 922 inimicorum
1070 867 1294 924 incursu
1323 867 1658 926 defenderet.

955 975 1284 1036 PSALMUS
1316 978 1528 1035 DAVlD
1562 980 1645 1036 Vl.

759 1089 810 1144 1.
847 1085 912 1144 In
937 1091 1096 1160 ﬁnem
1124 1092 1182 1148 in
1215 1091 1444 1164 hymnis,
1475 1111 1572 1164 pro
1600 1107 1804 1153 octava.

535 1226 740 1284 Octava
774 1237 858 1285 est
886 1229 1145 1286 salutaris
1170 1235 1596 1292 resurrectionis
1625 1235 1835 1294 Christi
1867 1237 2056 1294 Domi-

463 1319 587 1375 nica
617 1320 758 1386 dies,
792 1323 848 1376 in
877 1337 986 1394 qua
1018 1331 1370 1393 peccatorum
1403 1329 1646 1383 omnium
1678 1331 2053 1402 purgationem

462 1427 586 1469 esse
617 1413 928 1485 credimus;
958 1416 1013 1471 in
1045 1433 1153 1488 qua
1176 1420 1476 1492 symbolice
1507 1423 1728 1493 quidem
1764 1426 2054 1482 circumci-

465 1501 733 1560 debantur
752 1520 943 1562 omnes
975 1505 1235 1574 infantes,
1271 1507 1370 1564 sed
1401 1525 1590 1565 revera
1625 1527 1720 1581 per
1759 1528 2052 1583 regenera-

461 1596 668 1652 tionem
721 1605 990 1669 purgatur
1045 1598 1230 1654 anima
1285 1603 1544 1671 quaslibet
1599 1603 1653 1658 in
1701 1602 1810 1659 Deo
1846 1605 2049 1676 genita.

460 1688 650 1761 Usque
675 1691 810 1746 adeo
853 1699 1036 1746 autem
1089 1693 1441 1762 praestantior
1473 1703 1558 1750 est
1586 1695 1674 1752 die
1707 1696 1956 1767 septima,
1993 1703 2053 1750 ut

462 1781 518 1836 in
564 1797 627 1839 ca
676 1785 924 1843 solvatur
950 1786 1032 1844 lex
1074 1783 1323 1852 Sabbati,
1360 1786 1406 1842 si
1437 1801 1562 1840 cum
1603 1797 1796 1841 octava
1822 1786 2051 1842 infantis

458 1874 549 1930 die
577 1875 782 1931 incidat
812 1877 1038 1933 Sabbati
1071 1877 1190 1934 dies
1223 1898 1236 1933 :
1274 1879 1439 1935 homo
1469 1879 1669 1950 quippe
1704 1880 1789 1934 vel
1822 1882 1876 1934 in
1912 1877 2052 1935 Sab-

459 1969 587 2026 bato
625 1970 1058 2025 circumciditur.

533 2056 698 2115 Vrsas.
766 2060 887 2115 2-4.
951 2059 1190 2124 Domine,
1268 2077 1330 2114 ne
1387 2061 1445 2114 in
1479 2060 1658 2130 furore
1712 2071 1801 2116 tuo
1854 2079 2050 2133 arguas

456 2163 560 2214 me,
583 2166 743 2220 neque
765 2150 818 2204 in
849 2151 932 2204 ira
963 2159 1054 2204 tua
1077 2151 1336 2221 corripias
1370 2168 1471 2206 me.
1505 2150 1758 2206 Miserere
1783 2154 1903 2220 mei,
1932 2154 2048 2209 Do-

457 2243 617 2309 mine,
675 2246 927 2314 quoniam
965 2246 1208 2315 inﬁrmus
1267 2261 1424 2314 sum;
1483 2262 1616 2299 sana
1674 2263 1775 2312 me,
1803 2246 2046 2316 Domine,

455 2337 706 2407 quoniam
735 2338 1056 2392 conturbata
1088 2345 1213 2393 sunt
1247 2354 1369 2392 ossa
1415 2354 1554 2392 mea.
1583 2336 1721 2392 Nam
1764 2354 1926 2396 omne
1953 2341 2049 2399 de-

455 2430 646 2486 lictum
676 2449 742 2488 ex
776 2432 1095 2487 inﬁrmitate
1125 2431 1324 2498 oritur,
1363 2431 1492 2502 quia
1515 2433 1700 2486 anima
1743 2432 1811 2487 ad
1847 2449 2048 2505 pravos

458 2537 673 2594 semper
694 2523 921 2580 allectus
942 2524 1242 2579 inclinatur
1272 2541 1286 2578 :
1321 2533 1656 2594 quapropter
1692 2523 1758 2577 ad
1793 2523 2050 2581 Servato-

456 2628 570 2666 rem
594 2621 648 2668 et
671 2614 964 2682 medicum,
998 2615 1093 2671 Dei
1125 2615 1335 2671 scilicet
1369 2613 1591 2681 Filium,
1623 2615 1887 2686 confugit.
1911 2616 2047 2672 Nam

453 2718 581 2758 cum
625 2705 680 2759 in
715 2707 954 2760 animam
1003 2706 1384 2761 rationabilem
1435 2707 1674 2772 advenit,
1707 2714 1893 2778 utpote
1925 2724 2044 2764 ver-

453 2795 582 2850 bum
635 2805 690 2851 et
720 2798 862 2853 ratio
890 2797 1009 2863 Dei,
1058 2798 1180 2869 ejus
1211 2799 1618 2854 irrationabiles
1648 2809 1833 2856 motus
1871 2802 2048 2857 elimi-

453 2896 588 2956 nat;
623 2896 682 2943 ut
712 2890 1002 2959 sapientia,
1038 2890 1106 2943 ab
1139 2891 1458 2962 insipientia
1495 2892 1668 2963 ipsam
1716 2893 1929 2957 liberat,
1989 2901 2046 2948 ut

454 2979 666 3050 iustitia
695 2981 764 3035 ab
796 2981 1093 3051 injustitia,
1149 2989 1206 3034 ut
1247 2983 1450 3036 veritas
1493 2998 1520 3035 a
1568 2982 1878 3037 mendacio.
1936 2983 2047 3038 Ro-

450 3075 643 3132 bustas
690 3090 856 3147 porro
885 3075 1054 3130 animi
1104 3075 1248 3131 vires
1279 3075 1614 3139 subindicat,
1661 3091 1784 3130 cum
1812 3076 1888 3130 ait
1913 3092 2046 3133 con-

2160 499 2373 554 Παῦλον
2404 496 2586 569 λέγειν
2621 499 2937 571 δυνάμενον
2971 499 3196 554 Λοιπὸν
3227 501 3553 557 ἀπόκειταί
3579 523 3674 574 μοι
3711 513 3741 566 ὁ

2156 591 2266 661 τῆς
2287 591 2678 661 δικαιοσύνης
2696 592 2996 663 στέφανος
3014 611 3028 624 ο
3059 586 3210 667 ᾧπερ
3237 595 3547 667 ηὐδόκησεν
3576 599 3603 651 ὁ
3621 599 3742 669 Θεὸς

2156 683 2311 752 ὅπλῳ
2340 683 2648 754 χρήσασθαι
2682 683 2995 755 φυλακτικῷ
3025 683 3204 754 πάσης
3251 684 3454 754 ἐφόδου
3486 686 3741 760 πολεμίων

2162 762 2430 843 ἐπιούσης
2455 771 2600 826 κατὰ
2622 771 2732 827 τῶν
2754 773 2970 826 οίκείων
2995 771 3183 829 αὐτοῦ.

2546 976 2843 1030 ΨΑΛΜΟΣ
2887 976 2974 1028 ΤΩ
3021 975 3220 1030 ΔΑΥΙΔ
3259 978 3358 1046 ς’.

2262 1090 2370 1156 Εἰς
2405 1089 2472 1144 τὸ
2504 1087 2681 1156 τέλος
2708 1089 2778 1143 ἐν
2822 1089 3034 1160 ὕμνοις
3065 1089 3218 1160 ὑπὲρ
3243 1090 3366 1160 τῆς
3406 1091 3645 1162 ὀγδόης.

2240 1221 2429 1294 Ὀγδόη
2449 1224 2483 1294 ἡ
2501 1222 2869 1293 ἀναστάσιμος
2883 1221 2978 1276 τοῦ
3006 1224 3258 1296 Σωτῆρος
3286 1225 3482 1299 ἡμέρα
3517 1232 3741 1304 κυριακὴ

2160 1317 2456 1389 σωτήριος,
2481 1319 2538 1370 ὲν
2619 1317 2836 1372 πάντων
2859 1320 3274 1392 ἁμαρτημάτων
3293 1319 3598 1392 καθάρσιον
3620 1319 3742 1378 εἶναι

2155 1411 2486 1482 πιστεύομεν
2505 1429 2518 1442 ·
2546 1413 2604 1466 ὲν
2633 1405 2667 1485 ᾖ
2691 1411 3033 1483 συμϐολικῶς
3061 1414 3159 1484 μὲν
3180 1414 3331 1468 ἅπαν
3365 1416 3742 1486 περιετέμνετο

2156 1502 2379 1575 βρέφος,
2413 1503 2556 1558 κατά
2585 1503 2641 1556 δὲ
2667 1503 2728 1557 τὸ
2751 1503 2951 1576 ἀληθὲς
2993 1505 3321 1578 καθαίρεται
3355 1505 3428 1561 δι’
3463 1509 3743 1581 ἀναγεννή-

2156 1613 2296 1660 σεως
2326 1597 2478 1650 πᾶσα
2528 1597 2588 1650 ὲν
2641 1595 2762 1667 Θεῷ
2797 1596 2944 1670 ψυχὴ
2997 1599 3338 1669 γεννωμένη.
3385 1598 3654 1654 Τοσοῦτον
3692 1601 3740 1655 δὲ

2156 1691 2406 1758 κρεῖττον
2460 1687 2599 1758 αὑτὴ
2631 1688 2733 1758 τῆς
2755 1688 3010 1760 ἑϐδόμης,
3031 1689 3107 1752 ὡς
3128 1691 3187 1742 ὲν
3214 1690 3356 1760 αὐτῇ
3410 1687 3634 1742 λύεσθαι
3655 1690 3741 1762 τὴν

2154 1777 2284 1850 περὶ
2333 1777 2428 1832 τοῦ
2491 1777 2762 1833 σαϐϐάτου
2815 1778 3156 1850 νομοθεσίαν,
3203 1780 3253 1832 εί
3291 1777 3599 1832 καταλάϐοι
3632 1781 3740 1833 κατ’

2081 1842 2124 1899 Β
2153 1842 2322 1942 αὐτὴν
2348 1870 2492 1943 ἡτοῦ
2519 1869 2751 1942 βρέφους
2773 1842 2934 1942 ὀγδόη
2951 1887 2964 1900 δ
2995 1842 3390 1944 περιτέμνεται
3411 1871 3526 1942 γὰρ
3549 1869 3740 1942 ἄνθρω-

2153 1980 2252 2026 πος
2277 1964 2334 2016 ὲν
2366 1962 2638 2034 σαϐϐάτῳ.

2223 2057 2420 2124 Κύριε,
2459 2056 2546 2126 μὴ
2597 2055 2681 2122 τῷ
2710 2055 2875 2126 θυμῷ
2921 2071 3038 2110 σου
3060 2054 3321 2126 ἐλέγξῃς
3358 2072 3461 2125 με,
3486 2053 3642 2124 μηδὲ
3672 2051 3740 2124 τῇ

2150 2148 2301 2221 ὀργῇ
2331 2164 2449 2203 σου
2470 2132 2804 2217 παιδεύσῃς
2819 2165 2916 2218 με.
2971 2139 3266 2217 Ἐλέησόν
3288 2164 3396 2218 με,
3432 2148 3628 2215 Κύριε,
3659 2144 3739 2199 ὅτι

2151 2241 2420 2309 ἀσθενής
2465 2244 2616 2312 εἰμι’
2652 2241 2822 2296 ἴασαι
2858 2259 2955 2311 με,
2984 2241 3184 2310 Κύριε,
3219 2239 3313 2294 ὅτι
3340 2237 3646 2320 ἐταράχθη
3674 2238 3738 2293 τὰ

2152 2332 2304 2390 ὀστᾶ
2318 2351 2458 2404 μου.
2505 2332 2593 2400 Ἐξ
2626 2333 2909 2398 ἀσθενείας
2942 2331 3052 2404 γὰρ
3081 2331 3227 2386 ἅπαν
3254 2333 3574 2404 ἁμάρτημα
3600 2330 3736 2399 γίνε-

2149 2443 2261 2492 ται,
2303 2427 2442 2498 πρὸς
2487 2425 2548 2480 τὸ
2577 2426 2750 2491 πάθος
2778 2425 2868 2480 ἀεὶ
2917 2426 3016 2497 τῆς
3047 2425 3225 2496 ψυχῆς
3269 2423 3621 2495 ἐνδιδούσης·
3665 2422 3736 2476 διὸ

2149 2518 2487 2590 καταφεύγει
2512 2519 2650 2591 πρὸς
2693 2519 2785 2574 τὸν
2818 2518 3049 2590 Σωτῆρα
3104 2519 3196 2572 καὶ
3225 2516 3438 2590 ἰατρὸν,
3482 2515 3577 2570 τὸν
3620 2515 3735 2568 Υίδν

2148 2613 2243 2668 τοῦ
2273 2611 2431 2668 Θεοῦ.
2473 2612 2863 2684 Ἐγγενόμενος
2885 2610 2995 2684 γάρ
3019 2610 3165 2684 ψυχῇ
3201 2614 3266 2683 τῇ
3290 2611 3516 2681 λογικῇ,
3544 2609 3618 2672 ὡς
3645 2607 3733 2679 μιν

2147 2705 2302 2776 λόγος
2327 2705 2462 2760 Θεοῦ
2497 2705 2596 2777 τὴν
2624 2705 2850 2774 ἀλογίαν
2876 2704 3045 2776 αὐτῆς
3066 2706 3388 2775 ἀφαιρεῖται
3407 2719 3421 2733 ο
3460 2701 3537 2765 ὡς
3571 2699 3624 2752 δὲ
3655 2716 3734 2752 σο-

2148 2801 2246 2871 φία
2272 2800 2373 2872 τῆς
2401 2799 2712 2872 ἀφροσύνης
2733 2798 2904 2871 αὐτὴν
2932 2797 3283 2861 ἀπαλλάττει,
3313 2795 3413 2850 καὶ
3443 2795 3520 2858 ὡς
3547 2793 3732 2846 δικαιο-

2150 2891 2284 2963 σύνη
2315 2893 2414 2964 τῆς
2439 2891 2674 2957 ἀδικίας,
2698 2891 2794 2945 καὶ
2834 2890 2910 2955 ὡς
2953 2889 3178 2961 ἀλήθεια
3204 2888 3298 2944 τοῦ
3333 2888 3570 2958 ψεύδους
3595 2889 3732 2942 ἐλευ-

2149 2987 2316 3063 θεροῖ.
2347 2989 2459 3054 Τάς
2493 2988 2750 3054 νεανικὰς
2784 2989 2840 3042 δὲ
2883 2989 2983 3058 τῆς
3020 2988 3198 3059 ψυχῆς
3247 2988 3544 3058 ὑποφαίνει
3586 2987 3730 3042 δυνά-

2151 3099 2294 3154 μεις,
2315 3081 2647 3153 τεταράχθαι
2671 3081 2850 3152 φήσας
2881 3079 3045 3134 αὐτοῦ
3073 3079 3143 3133 τὰ
3165 3080 3322 3142 ὀστᾶ,
3355 3079 3424 3133 δι’
3449 3073 3524 3133 ὧν
3553 3078 3730 3133 εἴωθεν

449 3169 671 3223 turbata
711 3183 834 3223 esse
886 3182 1013 3223 ossa
1067 3183 1202 3230 sua,
1254 3168 1456 3238 quibus
1502 3169 1734 3224 viriliter
1789 3166 2044 3223 violentis

2154 3172 2479 3227 ἀντιϐαίνειν
2508 3175 2620 3236 τοῖς
2648 3171 2880 3226 πάθεσιν
2923 3171 3193 3242 ἀνδρικῶς
3219 3187 3234 3202 ·
3271 3171 3299 3223 ὃ
3332 3171 3399 3242 δὴ
3427 3170 3728 3242 σαφηνίζων

453 3262 616 3315 animi
643 3261 882 3314 motibus
911 3260 1181 3315 obsistere
1227 3260 1477 3328 solebat;
1507 3261 1654 3330 quod
1704 3260 1759 3314 in
1813 3274 2049 3332 sequen-

451 3353 598 3408 tibus
628 3352 872 3406 declarat
928 3351 1015 3406 his
1043 3345 1222 3407 verbis
1259 3369 1272 3406 :
1325 3350 1395 3404 Et
1437 3352 1615 3408 anima
1677 3369 1790 3406 mea
1835 3353 2048 3406 turbela

450 3458 528 3502 est
558 3445 730 3501 valde.
769 3444 978 3501 Medela
1012 3453 1195 3501 autem
1236 3461 1336 3516 pro
1363 3446 1681 3504 inﬁrmitate
1714 3450 1932 3516 animae,
1966 3463 2048 3506 est

451 3554 482 3592 a
514 3537 626 3593 Deo
657 3538 856 3593 collata
903 3537 1112 3602 virtus,
1143 3552 1312 3608 quam
1364 3540 1621 3610 quisquis
1669 3540 1882 3596 obtinet
1911 3541 1986 3597 ait
2029 3561 2042 3599 :

451 3631 658 3688 Omnia'
680 3646 896 3700 possum
935 3633 991 3686 in
1019 3630 1232 3687 Christo
1263 3633 1351 3702 qui
1390 3649 1471 3687 me
1501 3633 1768 3703 confortat
1790 3635 1856 3688 ⁷⁸.
1887 3635 2044 3703 Quod

449 3730 630 3779 aittem
657 3738 766 3778 non
793 3723 860 3778 de
888 3723 1245 3780 sensibilibus
1293 3726 1517 3780 ossibus
1555 3725 1832 3796 loquatur,
1863 3728 2043 3799 palam

449 3814 580 3868 facit
606 3815 738 3870 illud
770 3833 784 3870 :
816 3814 1011 3871 Omnia
1061 3833 1183 3871 ossa
1235 3834 1352 3872 mea
1392 3818 1567 3872 dicent
1599 3835 1617 3873 :
1649 3817 1893 3886 Domine,
1927 3821 2044 3891 quis

447 3905 641 3960 similis
671 3905 767 3959 tibi
797 3906 882 3959 7’?
911 3913 965 3962 et
994 3907 1128 3962 illud
1171 3923 1391 3978 quoque
1416 3927 1428 3962 :
1457 3907 1732 3978 Dissipata
1764 3919 1888 3964 sunt
1921 3928 2045 3966 ossa

448 4006 634 4050 nostra
671 4013 819 4052 secus
852 3997 1118 4067 infernum
1141 4000 1206 4052 ⁷³.

521 4088 588 4142 Et
631 4100 707 4153 tu,
775 4089 1021 4157 Domine,
1057 4095 1367 4162 usquequo?
1400 4091 1725 4147 Diuturnum
1773 4093 2046 4164 pteniten-

448 4181 537 4234 tiae
579 4196 692 4236 sua:
729 4188 945 4251 tempus
971 4184 1246 4238 enuntiat.
1297 4181 1509 4238 Etenim
1551 4185 1768 4253 sapiens
1805 4185 1894 4239 ille
1923 4184 2045 4238 ani-

447 4287 661 4326 marum
705 4274 973 4338 medicus,
1031 4291 1140 4330 non
1193 4277 1400 4338 statim,
1452 4292 1628 4347 neque
1689 4275 1758 4330 ad
1809 4276 2042 4347 primam

446 4365 886 4436 eﬂlagitationem
920 4369 1321 4439 supplicantem
1349 4371 1589 4432 exaudit.
1615 4377 1674 4424 ut
1702 4370 1756 4423 in
1780 4369 1874 4424 illo
1900 4369 2042 4440 aequi

446 4458 686 4529 bonique
730 4457 926 4514 affectu
972 4460 1184 4516 diutius
1215 4470 1554 4532 permaneat,
1587 4477 1652 4516 ac
1682 4461 1894 4516 firmam
1926 4473 2040 4517 sta-

2151 3265 2398 3337 ὲπήγαγε
2418 3281 2431 3295 ·
2467 3265 2577 3318 Καὶ
2603 3265 2641 3334 η
2677 3264 2848 3333 ψυχή
2881 3281 3002 3334 μου
3023 3262 3320 3332 ἐταράχθη
3339 3263 3597 3334 σφόδρα.
3627 3263 3729 3314 Ἴα-

2153 3377 2237 3422 σις
2267 3359 2324 3413 δὲ
2351 3359 2635 3420 ἀσθενείας
2659 3359 2836 3430 ψυχῆς
2858 3361 2892 3430 ἡ
2927 3359 2991 3412 ἐκ
3026 3357 3162 3412 Θεοῦ
3198 3357 3431 3430 δύναμις
3451 3377 3464 3389 ο
3497 3353 3564 3430 ἧς
3593 3357 3621 3410 ό
3642 3372 3726 3409 τυ-

2150 3449 2259 3521 χών
2285 3467 2448 3522 φησι·
2485 3450 2690 3504 Πάντα
2735 3451 2926 3521 ἰσχύω
2955 3449 3026 3503 ἐν
3053 3449 3132 3516 τῷ
3166 3449 3613 3520 ἐνδυναμοῦντί
3657 3462 3728 3516 με

2148 3541 2397 3614 Χριστῷ.
2435 3542 2554 3596 Ὅτι
2591 3542 2647 3595 δὲ
2676 3542 2750 3614 μὴ
2788 3543 3008 3606 πάντως
3031 3540 3266 3613 αἰσθητά
3301 3542 3374 3596 τά
3409 3543 3564 3605 ὀστᾶ,
3590 3539 3728 3610 δηλοῖ

2147 3637 2231 3702 τὸ,
2260 3635 2464 3690 Πάντα
2479 3635 2550 3689 τὰ
2567 3633 2719 3690 ὀστᾶ
2738 3652 2856 3705 μου
2887 3634 3162 3704 ἐροῦσινο
3196 3636 3398 3704 Κύριε,
3427 3636 3520 3701 τίς
3539 3633 3727 3704 ὅμοιός

2146 3743 2284 3794 σοι;
2343 3730 2454 3784 Καὶ
2487 3728 2568 3794 τὸ,
2598 3729 3038 3798 Διεσκορπίσθη
3060 3727 3135 3782 τὰ
3160 3726 3313 3784 ὀστᾶ
3351 3728 3528 3800 ἡμῶν
3577 3723 3725 3794 παρά

2145 3821 2253 3876 τὸν
2280 3821 2453 3889 ᾅδην.

2216 4092 2326 4146 Καὶ
2380 4090 2484 4153 σὺ,
2533 4093 2750 4159 Κύριε,
2813 4089 2925 4153 ἕως
2992 4088 3170 4153 πότος
3230 4089 3343 4160 Τὴν
3393 4088 3489 4141 ἐπὶ
3539 4080 3724 4157 μακρῷ

2145 4181 2321 4254 χρόνῳ
2361 4184 2667 4256 παράτασιν
2720 4183 2821 4254 τῆς
2868 4182 3063 4236 ἑαυτοῦ
3123 4181 3412 4254 μετανοίας
3455 4175 3720 4252 ἐμφαίνει.

2156 4277 2212 4330 Ὁ
2241 4277 2348 4347 γάρ
2372 4293 2456 4328 τοι
2502 4276 2664 4346 σοφὸς
2696 4275 2806 4329 τῶν
2849 4275 3036 4347 ψυχῶν
3079 4275 3260 4346 ἰατρὸς
3293 4275 3354 4328 ού
3391 4271 3720 4344 παραχρῆμα

2142 4369 2285 4425 κατά
2309 4368 2406 4441 τὴν
2437 4367 2660 4441 πρώτην
2683 4368 3018 4439 ἐπιστροφὴν
3047 4367 3306 4420 ἐπακούει
3326 4369 3420 4420 τοῦ
3452 4353 3716 4436 δεομένου,

2143 4461 2217 4527 ὡς
2240 4463 2296 4514 ἐν
2327 4460 2442 4527 ἔξει
2473 4462 2777 4534 παραμόνῳ
2823 4461 3048 4533 γένηται
3079 4459 3339 4528 τάγαθοῦ,
3371 4460 3595 4531 βεϐαίαν
3619 4456 3720 4510 δεί-

447 4549 722 4620 bilemque
738 4549 992 4606 exhibeat
1022 4552 1431 4622 pmnitentiam;
1463 4555 1558 4609 sed
1577 4565 1700 4624 post
1727 4569 2036 4624 congruen-

2154 4557 2236 4623 Ξας
2265 4557 2554 4627 μετάνοιαν
2578 4572 2592 4585 ·
2652 4557 2747 4608 καὶ
2779 4555 2916 4626 μετὰ
2956 4553 3052 4623 τὴν
3097 4553 3285 4625 ἱκανὴν
3311 4555 3609 4626 καρτερίαν
3629 4549 3720 4619 τὴν

446 4651 554 4698 tem
608 4644 660 4698 in
711 4644 1533 4718 conﬁtendoperseverantiam
1591 4669 1603 4704 :
1675 4649 1779 4714 Me,
1835 4651 2032 4722 inquit,

445 4736 708 4798 exorasti,
733 4742 963 4804 temp‘ore
987 4749 1198 4809 accepto
1223 4739 1472 4794 exaudiui
1502 4750 1549 4795 te
1573 4741 1641 4796 ⁷⁸,
1673 4740 1809 4794 Nam
1839 4742 1906 4798 iis
1939 4743 2034 4814 qui

443 4840 553 4879 non
581 4825 635 4880 in
660 4835 886 4897 peccato
919 4829 1098 4898 ipsum
1131 4829 1391 4885 invocant
1419 4831 1567 4887 dicet
1601 4851 1612 4885 :
1655 4831 1849 4888 Adhuc
1876 4843 1930 4888 te
1959 4833 2035 4886 lo-

443 4925 666 4984 quente,
699 4916 836 4974 Ecce
863 4919 1053 4974 adsum
1076 4921 1144 4974 ⁷⁸.

517 5009 685 5066 Vens.
733 5013 852 5070 5-9.
894 5013 1161 5080 Quoniam
1211 5032 1316 5070 non
1379 5024 1459 5072 est
1501 5019 1558 5072 in
1598 5027 1766 5073 morte
1798 5019 1889 5090 qui
1925 5036 2034 5074 me-

443 5121 561 5158 mor
587 5106 654 5160 sit
696 5107 811 5172 tui;
841 5107 896 5161 in
919 5107 1128 5178 inferno
1169 5119 1344 5166 autem
1377 5113 1497 5182 quis
1528 5113 1866 5181 conﬁtebitur
1896 5113 2032 5170 tibi?

443 5195 705 5253 Laboravi
747 5201 800 5254 in
833 5202 1030 5272 gemitu
1064 5201 1200 5269 meo,
1239 5203 1425 5258 lavabo
1457 5220 1548 5274 per
1583 5205 1823 5275 singulas
1854 5215 2031 5260 noctes

442 5291 630 5346 lectum
677 5309 884 5358 meum,
928 5295 1180 5366 iacrymis
1207 5298 1335 5351 meis
1359 5306 1589 5350 stratum
1629 5313 1800 5351 meum
1826 5297 2028 5369 rigabo.

442 5381 674 5454 Sapiens
701 5401 827 5440 cum
857 5395 1004 5443 esset
1035 5386 1224 5453 David,
1279 5405 1390 5444 non
1422 5389 1713 5461 ignorabat
1745 5391 2031 5460 praesentis

435 5479 563 5532 vita:
591 5486 826 5551 tempus,
863 5481 1084 5536 medelar
1107 5497 1231 5538 esse
1253 5491 1662 5553 Opportunum;
1694 5499 1804 5553 quo
1843 5485 2032 5554 elapso

438 5584 601 5626 nemo
664 5582 812 5628 recte
840 5587 1001 5643 agere
1054 5574 1223 5629 valet.
1281 5573 1540 5646 Nihilque
1590 5590 1701 5629 non
1721 5575 1830 5642 agit
1852 5581 1912 5628 ut
1935 5591 2020 5631 sa-

513 5682 559 5716 "
597 5682 796 5758 Ephes.
833 5701 882 5748 ι.
918 5685 972 5758 5_.
1049 5687 1097 5718 ⁷ο
1136 5685 1178 5739 Il
1213 5685 1356 5743 Tim.
1392 5703 1466 5755 tv,
1503 5687 1554 5744 8.
1635 5687 1680 5720 ⁷⁸
1721 5685 1957 5758 Philipp.
1993 5701 2080 5754 Iv,
2119 5684 2208 5742 15.

440 5751 572 5808 Cor.
605 5751 694 5821 vi,
723 5755 780 5812 2.
855 5757 902 5792 ⁷⁵
944 5755 1048 5815 lsa.
1080 5773 1247 5821 Lvut,
1281 5758 1334 5813 9.

2141 4650 2198 4702 ὲν
2244 4647 2661 4720 ἐξομολογήσειο
2715 4648 2882 4718 φησὶν
2942 4647 3257 4711 ὲνέπεισας·
3307 4645 3490 4714 καιρῷ
3543 4639 3718 4706 δεκτῷ

2139 4737 2457 4806 ἐπήκουσά
2503 4753 2642 4795 σου.
2705 4739 2830 4802 Τοῖς
2875 4737 2984 4810 γάρ
3038 4737 3112 4810 μὴ
3148 4736 3206 4802 ἐξ
3249 4737 3521 4809 ἁμαρτίας
3566 4733 3718 4788 αὐτὸν

2140 4827 2593 4901 ἐπικαλουμένοις
2665 4829 2808 4901 ὲρεῖ’
2880 4830 3001 4882 Ἔτι
3064 4829 3351 4892 λαλοῦντός
3405 4847 3532 4894 σου,
3579 4822 3716 4880 Ἰδοὺ

2137 4921 2399 4992 πάρειμι.

2215 5015 2337 5067 Ὅτι
2374 5015 2486 5067 οὐκ
2537 5011 2710 5067 ἔστιν
2764 5013 2834 5066 ἐν
2870 5012 2952 5080 τῷ
2984 5012 3218 5081 θανάτῳ
3264 5017 3297 5067 ὁ
3333 5011 3716 5084 μνημονεύων

2139 5123 2278 5171 σου,
2303 5107 2373 5161 ἐν
2398 5105 2466 5160 δὲ
2493 5106 2573 5173 τῷ
2596 5105 2711 5175 ᾅδῃ
2747 5107 2838 5174 τίς
2860 5107 3372 5176 ἐξομολογήσεται
3405 5122 3531 5171 σοι;
3567 5105 3712 5156 Ἐχο-

2139 5201 2333 5254 alarm
2385 5199 2455 5253 ἐν
2503 5199 2816 5271 στεναγγιῷ
2870 5219 3010 5271 μου,
3043 5201 3250 5254 λούσω
3289 5201 3418 5256 καθ’
3457 5197 3712 5261 ἑκάστην

2139 5292 2331 5345 νύκτα
2355 5291 2471 5361 τὴν
2498 5293 2718 5360 κλίνην
2741 5309 2884 5362 μου,
2915 5291 3254 5361 ὲνδάκρυσί
3269 5310 3389 5362 μου
3409 5291 3522 5359 τὴν
3539 5303 3709 5356 στρω-

2131 5384 2298 5455 μνήν
2322 5403 2443 5455 μου
2470 5385 2688 5454 βρέξω.
2727 5385 2896 5455 Σοφὸς
2927 5384 3002 5439 ὢν
3025 5386 3054 5438 ὁ
3081 5384 3244 5439 Δαυῖδ
3283 5386 3382 5439 οὐκ
3410 5383 3590 5455 ἠγνόει
3621 5375 3706 5447 τὴν

2139 5476 2422 5548 παροῦσαν
2451 5476 2596 5548 ζωὴν
2637 5475 2934 5548 θεραπείας
2972 5473 3110 5531 εἶναι
3146 5477 3359 5549 καιρδν,
3394 5475 3509 5548 μεθ’
3541 5473 3597 5526 ὃν
3625 5468 3681 5522 ού

2125 5571 2237 5633 δεὶς
2269 5568 2524 5641 κατορθοῖ
2542 5585 2555 5598 ’
2587 5569 2682 5622 καὶ
2703 5569 2885 5623 πάντα
2912 5571 3142 5638 πράττει
3165 5569 3562 5642 θεραπευθῆναι
3594 5564 3701 5634 βου*

2309 5686 2354 5717 ⁷²
2393 5683 2541 5740 Psal.
2583 5699 2786 5752 xxxiv,
2823 5683 2910 5740 10.
2989 5685 3034 5718 ⁷³
3074 5683 3218 5740 Psal.
3254 5698 3391 5752 cn,
3430 5682 3481 5739 7.
3588 5679 3629 5708 "
3664 5671 3702 5727 υ
