3994 6448
221 377 310 432 HI

1339 366 1848 426 COMMENTARIA
1886 368 1954 424 IN
1991 368 2334 435 PSALMOS.

3365 374 3473 432 122

217 497 453 566 λύμηνος,
501 489 638 562 πρὶν
685 488 791 542 ὑπὸ
842 487 935 541 τοῦ
997 492 1176 547 κοινοῦ
1219 485 1648 558 καταληφθῆναι.
1694 488 1772 538 Διι

1893 483 2119 541 nitatem
2167 486 2443 550 obtineat,
2489 489 2809 558 priusquam
2888 501 2919 541 a
2973 481 3252 543 communi
3287 480 3475 544 debito

218 605 371 661 φησιν
393 604 406 617 ·
477 584 620 638 Ἀντὶ
669 585 799 655 μιᾶς
829 582 1019 646 νυκτὸς
1055 581 1176 636 καθ’
1211 581 1279 653 ἣν
1309 582 1574 655 ἥμαρτον,
1605 580 1786 645 πάσας

217 678 632 752 ὲξομολογοῦμαι
665 676 795 740 ’τὰς
840 679 1065 740 νύκτας,
1091 673 1400 729 ἀποπλῦναι
1448 672 1786 746 πειρώμενος

217 774 462 846 ἐμαυτὸν.
488 772 579 826 καὶ
606 770 706 844 τὴν
734 771 818 840 ἐφ’
844 772 910 842 ἢν
935 770 1180 841 ἥμαρτον
1213 768 1400 840 κλίνην
1433 767 1662 840 δᾶκρυσι
1689 785 1786 838 με-

215 869 442 931 τανοίας.
486 861 616 920 Οἶδα
667 864 776 938 γὰρ
809 864 867 918 δὲ
905 862 1008 918 κᾶν
1044 861 1186 934 τύχῃ
1211 861 1310 933 τῆς
1333 859 1581 930 ἀφέσεως
1618 861 1787 929 ἑπαγ-

216 961 484 1033 γέλληται,
513 962 764 1033 δακρύων
795 963 966 1035 πέρας
993 965 1090 1035 οὐχ
1119 965 1280 1030 ἕξειν.
1313 965 1386 1018 Τὸ
1411 964 1488 1030 δὲ,
1541 962 1639 1028 Τίς
1680 959 1779 1027 ἐξ·

218 1053 644 1126 ομολοτήσεταί
689 1072 821 1118 σοις
870 1057 991 1110 ἀντὶ
1027 1057 1144 1123 τοῦ,
1173 1056 1394 1124 οὐδείς,
1425 1057 1632 1110 κεῖται·
1681 1051 1778 1108 νῦν

216 1147 314 1219 γὰρ
345 1146 404 1200 οὐ
442 1147 697 1220 σημαίνει
723 1149 786 1202 τὸ
810 1149 1049 1204 σπάνιον.

282 1403 604 1475 Ἐταράχθη
655 1403 776 1460 ἀπὸ
826 1404 1018 1475 θυμοῦ
1048 1407 1082 1460 ὁ
1125 1404 1435 1475 ὀφθαλμός
1461 1422 1604 1490 μου,
1635 1403 1781 1460 ἐπα-
1857 1462 1863 1468 _

207 1495 460 1565 λαιιῖιθην
502 1497 574 1551 ἐν
631 1496 784 1553 πᾶσι
817 1497 942 1564 τοῖς
994 1497 1230 1568 ἐχθροῖς
1263 1516 1405 1568 μου.
1448 1499 1513 1552 Ἦ
1565 1499 1778 1571 μνήμη,

209 1591 350 1661 φησὶ,
371 1589 464 1643 τοῦ
491 1588 665 1660 θυμοῦ
683 1607 774 1644 σου
809 1591 904 1645 καὶ
931 1591 1032 1663 τῆς
1076 1591 1246 1664 ὀργῆς
1275 1591 1366 1646 τὴν
1391 1592 1525 1664 ἐμὸν
1549 1590 1778 1664 ἐτάραξε

210 1683 348 1737 νοῦν·
376 1683 478 1755 ὃδὴ
505 1683 777 1738 διδάσκων
805 1686 833 1738 ὁ
850 1685 1042 1757 Σωτὴρ
1065 1685 1250 1756 ἔλεγεν
1270 1703 1282 1717 ο
1321 1678 1386 1734 Ὃ
1411 1688 1643 1756 λύχνος
1671 1687 1778 1740 τοῦ

207 1777 464 1847 σώματος
510 1777 684 1832 ἐστὶν
729 1781 762 1832 ό
804 1779 1131 1848 ὀφθαλμός.
1169 1780 1243 1833 Οὐ
1271 1779 1381 1853 γὰρ
1425 1781 1661 1853 ἐγχωρεῖ
1681 1781 1777 1834 ἕνα

204 1870 300 1923 τῶν
327 1870 468 1923 δυεῖν
502 1869 798 1941 ὀφθαλμῶν
822 1870 914 1925 τοῦ
943 1870 1193 1943 σώματος
1230 1872 1423 1944 λύχνον
1453 1868 1588 1927 εἶναι
1616 1889 1630 1904 ο
1659 1872 1773 1927 ἀλλ’

203 1961 308 2016 οὐδὲ
338 1963 648 2034 σωματικὸς
673 1963 950 2035 ὀφθαλμὸς
976 1965 1083 2018 ὑπὸ
1113 1963 1284 2036 θυμοῦ
1318 1967 1651 2038 ταράσσεται
1679 1965 1772 2021 τοῦ

205 2054 344 2111 Θεοῦ.
408 2057 556 2110 Ἀντὶ
604 2055 1029 2129 κατορθώματος
1090 2058 1148 2112 δὲ
1198 2058 1618 2131 καταριθμεῖται
1673 2060 1774 2124 τὰς

207 2149 329 2211 ιδίας
375 2149 750 2214 κακοπαθείας
771 2167 786 2182 ·
823 2153 882 2204 ὲν
915 2146 1004 2215 αἷς
1033 2153 1128 2206 καὶ
1175 2153 1275 2224 τὴν
1307 2152 1548 2206 κάκωσιν
1580 2171 1640 2206 τε
1677 2155 1774 2208 καὶ

205 2241 538 2307 ταπείνωσιν,
559 2243 627 2314 ἢν
649 2243 742 2296 ἐπὶ
762 2242 1010 2298 πλεῖστον
1025 2243 1216 2317 χρόνον
1243 2246 1300 2298 ὲν
1328 2244 1516 2316 μέσοις
1539 2247 1774 2302 ἐποιεῖτο

204 2339 304 2399 τοῖς
330 2335 478 2400 ίδίοις
513 2336 748 2408 ἐχθροῖς.
1395 2375 1400 2382 ο

273 2429 587 2497 Ἀπόστητε
611 2428 712 2484 ἀπ’
741 2427 911 2499 ἐμοῦ,
936 2429 1160 2496 πάντες
1175 2432 1228 2484 οἱ
1258 2427 1633 2500 ἐργαζόμενοι
1658 2428 1774 2499 τὴν

200 2519 454 2589 ἀνομίαν,
507 2521 597 2576 ὅτι
657 2520 989 2589 statimst
1030 2525 1244 2592 Κύριος
1279 2521 1389 2592 τῆς
1418 2522 1626 2594 φωνῆς
1663 2523 1772 2578 τοῦ

202 2612 498 2682 κλαυθμοῦ
531 2631 671 2682 μου.
718 2611 1064 2680 Είσήκουσε
1095 2615 1311 2684 Κύριος
1335 2614 1446 2684 τῆς
1507 2614 1772 2683 δεήσεώς

199 2723 322 2774 μου,
366 2706 590 2774 Κύριος
649 2705 766 2776 τὴν
794 2705 1152 2776 προσευχήν
1183 2725 1303 2778 μου
1341 2707 1767 2777 προσεδέξατο.

203 2799 677 2868 Αίσχυνθείησαν
743 2799 846 2856 καί
910 2801 1358 2871 ταραχθειησαν
1426 2801 1650 2870 πάντες
1715 2806 1772 2859 οἱ

200 2892 381 2962 ἐχθροί
402 2910 552 2962 μου,
598 2893 1119 2965 ἐπιστραφείησαν
1158 2897 1259 2950 καί
1290 2897 1772 2966 αἰσχυνθείησαν

199 2983 413 3053 σφόδρα
467 2985 571 3041 διὰ
617 2984 860 3055 τάχους.
927 2988 1197 3060 Ἐπηκόου
1249 2989 1427 3060 τυχὼν
1468 2987 1562 3042 τοῦ
1609 2989 1768 3056 Θεοῦ,

202 3076 501 3148 ἐπιστρέφει
551 3077 715 3131 πάλιν
742 3077 880 3150 πρὸς
917 3079 1079 3133 αὐτὸν
1103 3079 1203 3150 τὴν
1231 3081 1417 3152 εὐχὴν,
1451 3081 1547 3134 καὶ
1585 3097 1768 3153 παρα-

1891 577 2408 654 comprehendatur.
2428 576 2793 646 Quamobrem
2813 577 2888 634 ait
2909 597 2921 634 :
2939 577 3048 634 Pro
3064 593 3172 634 una
3190 585 3349 635 nocte
3365 595 3473 651 qua

1887 676 2171 740 peccatum
2201 671 2418 736 admisi,
2459 688 2556 742 per
2593 672 2838 743 singulas
2871 679 3061 728 noctes
3098 671 3382 738 conﬁteor,
3417 673 3473 729 id

1886 770 2143 832 satagens
2173 772 2231 817 ut
2275 765 2543 833 meipsum
2593 771 2647 820 et
2701 764 2901 819 lectum
2952 765 3010 819 in
3059 780 3168 835 quo
3224 764 3470 835 peccavi,

1885 854 2222 925 paenitentia:
2277 854 2532 926 lacrymis
2584 855 2824 912 abluam.
2875 853 3053 912 Probe
3106 855 3224 911 scio
3283 855 3469 920 enim,

1884 948 2100 1004 etiamsi
2159 947 2539 1003 remissionem
2590 948 2937 1019 polliceatur,
2975 964 3063 1004 me
3131 947 3473 1020 lacrymandi

1883 1048 2068 1098 tamen
2127 1039 2288 1096 ﬁnem
2351 1055 2632 1111 nunquam
2698 1040 2995 1096 facturum.
3036 1039 3177 1096 Illud
3228 1049 3410 1095 autem
3453 1060 3466 1096 :

1883 1131 2016 1200 Quis
2049 1131 2383 1202 conﬁtebitur
2425 1131 2562 1188 tibi?
2609 1133 2731 1187 loco
2760 1132 2936 1200 verbi,
2976 1133 3178 1198 nullus,
3231 1133 3473 1202 positum

1881 1232 1987 1292 est,
2019 1240 2196 1296 neque
2231 1225 2380 1282 enim
2414 1226 2745 1297 paucitatem
2777 1225 3154 1282 conﬁtentium
3200 1242 3349 1282 nunc
3395 1226 3472 1284 si-

1881 1317 2123 1390 gniﬁcat.

1953 1408 2120 1467 Vens.
2154 1410 2208 1466 8.
2247 1409 2513 1465 Turbatus
2540 1417 2618 1464 est
2649 1426 2682 1464 ιι
2715 1409 2896 1480 furore
2928 1409 3112 1465 oculus
3161 1427 3306 1466 meus
3346 1426 3366 1465 :
3398 1412 3474 1466 in-

1881 1504 2108 1557 veteravi
2138 1504 2276 1557 inter
2327 1519 2506 1557 omnes
2555 1502 2799 1557 inimicos
2851 1519 3013 1559 meos.
3052 1504 3333 1571 Memoria,
3386 1507 3474 1562 in-

1881 1598 2020 1667 quit,
2052 1595 2254 1653 furoris
2302 1597 2503 1667 iraeque
2533 1604 2639 1651 tua:
2672 1606 2911 1651 mentem
2957 1612 3131 1652 meam
3181 1600 3418 1654 turbavit
3452 1619 3465 1657 :

1880 1689 2026 1759 quod
2055 1689 2235 1759 ipsum
2290 1686 2543 1744 Salvator
2589 1688 2678 1744 his
2720 1689 2905 1745 verbis
2955 1689 3142 1744 docuit
3178 1707 3194 1747 :
3224 1690 3468 1746 Lucerna

1880 1783 2117 1851 corporis
2170 1783 2246 1835 tui
2306 1790 2384 1836 est
2434 1781 2616 1836 oculus
2653 1791 2774 1836 tuus
2816 1782 2887 1837 ⁷⁸.
2923 1781 3112 1854 Neque
3153 1784 3299 1840 enim
3349 1783 3467 1840 ﬁeri

1877 1881 2078 1944 potest,
2108 1884 2169 1929 ut
2202 1891 2345 1931 unus
2383 1881 2594 1930 tantum
2623 1892 2690 1930 ex
2715 1875 2934 1932 duobus
2960 1876 3138 1933 oculis
3171 1878 3242 1932 sit
3271 1893 3468 1949 corpo-

1874 1971 1954 2026 ris
2004 1969 2227 2024 lucerna
2260 1987 2273 2023 :
2312 1975 2367 2021 at
2399 1983 2578 2037 neque
2620 1983 2924 2039 corporeus
2980 1969 3178 2025 oculus
3212 1985 3242 2024 a
3281 1968 3469 2026 furore

1875 2060 1971 2117 Dei
1994 2060 2271 2115 turbatur.
2310 2055 2458 2112 Inter
2489 2064 2641 2113 recte
2671 2057 2817 2113 facta
2863 2074 2996 2114 vero
3040 2058 3384 2114 calamitates
3412 2063 3469 2112 et

1873 2168 2147 2210 zerumnas
2175 2167 2306 2207 suas
2335 2159 2658 2230 enumerat;
2700 2150 2757 2205 in
2787 2151 2990 2222 quibus
3020 2149 3356 2206 recensenda
3383 2156 3469 2205 est

1874 2245 2097 2300 aﬂlictio
2124 2244 2216 2298 illa
2250 2250 2302 2298 et
2334 2241 2593 2313 abjectio,
2628 2258 2791 2313 quam
2819 2241 3085 2298 diuturno
3118 2251 3360 2312 tempore
3382 2240 3470 2294 in»

1874 2347 1956 2392 ter
1987 2335 2198 2391 medios
2230 2333 2484 2390 inimicos
2511 2349 2810 2405 perpessus
2831 2341 2936 2389 est.

1943 2428 2112 2486 Vsus.
2172 2427 2331 2483 9-H.
2391 2425 2657 2481 Discedite
2711 2443 2744 2480 a
2799 2442 2902 2491 me,
2950 2441 3129 2480 omnes
3166 2424 3256 2495 qui
3281 2439 3468 2493 opera-

1873 2522 2004 2576 mini
2032 2510 2385 2593 iniquitatem,
2424 2519 2676 2591 quoniam
2703 2517 2971 2573 exaudivit
3006 2516 3265 2571 Dominus
3293 2532 3466 2570 uocem

1871 2614 2027 2684 ﬂetus
2061 2613 2184 2668 mei.
2220 2610 2508 2665 Exaudivit
2533 2608 2793 2664 Dominus
2826 2607 3245 2678 deprecationem
3272 2625 3464 2675 meum,

1872 2705 2132 2760 Dominus
2185 2704 2478 2759 orationem
2513 2719 2685 2758 meam
2726 2701 2978 2771 suscepit.
3044 2699 3378 2755 Erubescunt
3417 2709 3469 2755 et

1872 2794 2246 2852 conturbentur
2311 2812 2489 2851 omnes
2538 2796 2746 2849 inimici
2805 2794 2931 2857 mei,
2984 2792 3385 2864 confundantur
3416 2803 3469 2848 et

1869 2889 2177 2945 erubescant
2211 2887 2363 2943 valde
2396 2887 2658 2943 velociter.
2711 2886 2852 2942 Cum
2904 2885 3078 2942 Deum
3137 2884 3241 2940 sibi
3280 2883 3466 2956 propi-

1873 2987 2009 3042 tium
2039 2992 2235 3041 nactus
2263 2985 2354 3049 sit,
2391 2983 2460 3038 ad
2503 2983 2684 3053 ipsum
2736 2979 2920 3035 denuo
2968 2977 3274 3033 orationem
3308 2991 3467 3032 suam

1871 3079 2178 3145 convertit;
2238 3083 2505 3148 rogatque
2538 3080 2598 3129 ut
2645 3071 2907 3128 recedant
2947 3077 3004 3124 et
3055 3068 3466 3125 confundantur

202 3168 339 3222 καλεῖ
386 3169 526 3239 πρὸς
560 3168 622 3222 τὸ
675 3170 1026 3242 ἀναχωρῆσαι
1058 3171 1154 3225 καὶ
1193 3172 1550 3244 αίσχυνθῆναι
1597 3171 1762 3226 αὑτοῦ

1878 3172 2076 3228 inimici
2102 3171 2208 3234 sui,
2246 3175 2534 3241 postquam
2560 3165 2773 3222 insidiae
2793 3165 3062 3235 ipsorum,
3093 3161 3204 3217 Deo
3235 3161 3339 3218 sibi
3366 3177 3466 3233 per

200 3264 310 3326 τοὺς
332 3261 582 3333 ἐχθροὺς,
635 3262 1004 3333 ἁποτυχόντας
1037 3265 1095 3317 ὲν
1131 3257 1213 3328 οἷς
1242 3263 1662 3328 ἐπεϐούλευσαν,
1699 3263 1766 3318 δι’

201 3349 264 3410 ὧν
290 3355 431 3426 αὐτῷ
451 3355 588 3421 Θεὸς
610 3355 708 3427 τὴν
742 3355 1017 3428 σωτηρίαν
1044 3356 1368 3428 παρέσχετο.
1409 3355 1574 3422 Ἀξιοῖ
1596 3357 1653 3410 δὲ
1673 3357 1770 3412 καὶ

203 3449 304 3501 Δίαν
353 3448 554 3513 αὐτοὺς
585 3447 953 3522 ταραχθῆναιο
985 3449 1014 3502 ὃ
1047 3448 1112 3521 δὴ
1144 3449 1360 3515 πάντως
1392 3449 1589 3515 αὐτοὺς
1625 3448 1770 3504 κατὰ

201 3541 278 3596 τὸν
307 3542 494 3615 καιρὸν
542 3543 642 3614 τῆς
689 3541 784 3596 τοῦ
826 3542 959 3596 Θεοῦ
1023 3543 1421 3614 δικαιοκρισίας
1468 3542 1766 3608 ἐκδέξεται.

601 3661 895 3716 ΨΑΛΜΟΣ
921 3661 1008 3714 ΤΩ
1039 3660 1240 3712 ΔΑΥΙΔ
1273 3661 1347 3713 Ζ’.

208 3771 295 3826 Ὃν
319 3766 434 3845 ᾖσε
457 3771 542 3838 τῷ
591 3773 791 3842 Κυρίῳ
839 3772 993 3842 ὑπὲρ
1032 3773 1154 3845 τῶν
1189 3774 1389 3844 λόγων
1410 3772 1601 3827 Χουσὶ
1630 3770 1770 3828 υἱοῦ

854 3843 1106 3914 Ἰεμενεῖ.

262 3958 428 4027 Κύριε
450 3961 484 4014 ὀ
521 3960 665 4026 Θεός
685 3977 829 4030 μου,
863 3959 962 4014 ἐπί
994 3959 1093 4015 σοί
1121 3959 1366 4029 ’ἤλπισα
1390 3976 1403 3989 ·
1451 3955 1660 4012 σῶσόν
1686 3974 1767 4028 με

202 4047 259 4104 ἐκ
282 4050 519 4105 πάντων
554 4054 678 4109 τῶν
715 4053 1049 4108 διωκόντων
1067 4069 1163 4122 με,
1202 4051 1300 4106 καὶ
1319 4050 1510 4120 ῥῦσαί
1518 4068 1616 4120 με,
1646 4050 1764 4120 μή·

201 4157 328 4196 ποτε
353 4143 595 4215 ἁρπάσῃ
629 4145 710 4211 ὡς
741 4143 899 4199 λέων
926 4143 1039 4213 τὴν
1072 4143 1286 4213 ψυχήν
1308 4161 1448 4213 μου,
1475 4143 1562 4213 μὴ
1590 4142 1765 4210 ὄντος

201 4237 614 4307 λυτρουμένου,
640 4236 796 4307 μηδέ
827 4236 1138 4303 σώζοντος.
1171 4237 1286 4290 Οὐκ
1314 4238 1400 4290 ἐπ’
1433 4235 1760 4308 ἀνθρώποις,

202 4329 303 4383 οὐδὲ
336 4331 663 4402 συμϐουλαῖς
713 4329 1046 4404 ἀνθρώπων,
1085 4329 1119 4400 ἢ
1176 4329 1408 4401 στρατοῦ
1437 4328 1631 4401 πλήθει
1664 4329 1764 4396 τὰς

202 4423 322 4492 ἐμὰς
359 4423 581 4488 ἐλπίδας
633 4425 968 4497 ἀπήρτησα·
1010 4424 1102 4476 Διό
1155 4441 1222 4495 με
1277 4422 1436 4496 ῥῦσαι
1487 4423 1763 4494 πολεμίων

1869 3281 1963 3322 cas
2005 3266 2236 3322 salutem
2289 3261 2626 3324 conferente,
2657 3259 2799 3314 male
2827 3264 3136 3313 cesserunt.
3199 3253 3461 3311 Precatu:

1869 3364 2072 3422 autem,
2110 3363 2171 3411 ut
2225 3353 2576 3411 vehementer
2629 3348 3071 3406 conturbenlur:
3130 3347 3279 3417 quod
3327 3345 3464 3418 ipsis

1868 3450 2155 3524 sane‘justi
2181 3448 2278 3507 Dei
2303 3446 2501 3520 judicii
2535 3455 2782 3516 tempore
2823 3451 3146 3498 eventurum
3177 3447 3287 3496 est.

2269 3643 2596 3701 PSALMUS
2632 3641 2846 3698 DAVID
2886 3639 3002 3695 Vll.

1866 3764 1921 3820 i.
1981 3762 2147 3830 Quem
2202 3762 2437 3816 cantavit
2483 3759 2712 3830 Domino
2754 3772 2855 3830 pro
2906 3755 3081 3811 verbis
3135 3753 3304 3810 Chusi
3360 3752 3462 3822 ﬁlii

2560 3829 2782 3884 Jemini.

1933 3947 2100 4005 Vsus.
2130 3948 2187 4014 2,
2217 3947 2271 4002 5.
2307 3945 2531 4000 Domine
2577 3943 2720 3998 Deus
2777 3959 2949 4008 meus,
2995 3942 3055 3996 in
3110 3949 3157 3995 te
3189 3939 3399 4010 speravi
3428 3957 3450 3995 :

1863 4046 2068 4098 salvum
2135 4057 2216 4096 me
2277 4039 2365 4109 fac
2423 4053 2489 4093 ex
2549 4036 2791 4091 omnibus
2845 4033 3275 4106 persequentibus
3339 4049 3456 4098 me,

1862 4148 1912 4190 et
1947 4133 2111 4188 libera
2141 4149 2243 4186 me.
2269 4128 2566 4202 Nequando
2598 4129 2775 4198 rapiat
2803 4136 2862 4181 ut
2891 4126 2972 4182 leo
3002 4127 3236 4179 animam
3265 4140 3455 4189 meam,

1863 4227 1989 4281 dum
2034 4243 2138 4280 non
2184 4233 2262 4279 est
2289 4225 2379 4294 qui
2435 4221 2686 4285 redimat,
2718 4234 2881 4284 neque
2908 4218 2998 4290 qui
3037 4216 3241 4272 fatuum
3266 4215 3454 4284 faciat.

1861 4319 2219 4391 Nequaquam
2252 4319 2306 4373 in
2341 4315 2694 4378 hominibus,
2730 4324 2910 4382 neque
2940 4310 2996 4364 in
3049 4307 3298 4364 consiliis
3352 4306 3456 4361 bo-

1867 4413 2097 4479 minum,
2129 4424 2306 4480 neque
2337 4408 2390 4462 in
2421 4406 2699 4462 exercitus
2749 4403 2924 4472 copiis
2958 4414 3108 4470 spem
3138 4413 3315 4454 meam
3367 4413 3458 4453 re-

205 4529 281 4583 μοι
299 4514 563 4569 τοσούτων
609 4517 974 4587 ἐπικειμένων
1003 4515 1090 4571 διὰ
1119 4516 1340 4580 παντός.
1364 4517 1439 4570 Οὐ
1477 4515 1636 4587 μόνον
1669 4514 1764 4569 νῦν

1878 4503 2026 4573 posui
2065 4521 2077 4556 :
2112 4506 2445 4571 quapropter
2477 4511 2507 4550 a
2531 4502 2612 4550 tot
2647 4508 2865 4564 semper
2894 4489 3232 4548 instantibus
3271 4490 3457 4545 inimi-

213 4605 566 4680 Ἀϐεσσαλὼμ,
625 4610 718 4663 καὶ
762 4609 1062 4680 Ἀχιτόφελ,
1097 4610 1190 4663 καὶ
1231 4607 1340 4661 τῶν
1391 4608 1490 4660 σὺν
1535 4607 1756 4671 αὐτοῖς·

201 4696 320 4750 ἀλλὰ
347 4701 439 4752 καὶ
457 4700 625 4754 παλαι
655 4699 761 4771 νέῳ
787 4700 900 4754 δντι
933 4700 1105 4753 Σαούλ
1143 4717 1202 4753 τε
1235 4699 1327 4753 καὶ
1357 4698 1623 4752 πλείστων
1651 4697 1760 4750 τῶν

202 4804 252 4841 τε
269 4789 329 4843 δι’
353 4791 530 4845 αὑτῶν
554 4793 775 4862 ἀφανῶς
811 4811 900 4864 μοι
932 4792 1312 4864 πολεμούντων
1343 4792 1614 4862 δαιμόνων
1638 4808 1652 4822 ο
1685 4785 1762 4844 ὧν

205 4884 314 4954 περὶ
336 4883 426 4937 τοῦ
456 4885 712 4958 ἄρχοντος
735 4887 947 4960 εἴρηται
965 4904 980 4917 ο
1027 4887 1081 4940 '0
1107 4886 1410 4952 ἀντίδικος
1449 4880 1617 4955 ὑμῶν
1637 4882 1764 4937 διά-

206 4975 362 5042 εολος
405 4984 492 5043 ὡς
540 4976 700 5032 λέων
751 4977 1087 5048 ὠρυόμενος
1143 4979 1511 5049 περιέρχεται
1573 4973 1763 5047 ζητῶν

206 5068 322 5122 τίνα
370 5073 628 5143 καταπίῃ
653 5091 667 5105 ·
703 5074 762 5140 ἐξ
785 5067 845 5128 οὗ
873 5073 1107 5145 μάλιστα
1140 5074 1403 5148 ρυσθῆναι
1434 5074 1758 5147 παρακαλῶ.

269 5345 428 5413 Κύριε
455 5348 487 5400 ὁ
515 5347 656 5413 Θεός
691 5364 832 5417 μου,
865 5348 917 5401 εί
957 5346 1216 5414 ἐποίησα
1263 5347 1459 5410 τοῦτο,
1500 5348 1552 5400 ει
1592 5346 1765 5401 ἐστιν

210 5436 386 5492 ἀδικία
415 5442 485 5493 ἐν
513 5442 688 5512 χερσί
713 5459 854 5512 μου,
892 5443 946 5496 εὶ
984 5441 1374 5497 ἀνταπέδωκα
1420 5439 1543 5506 τοῖς
1580 5441 1762 5494 ἀντα-

213 5528 500 5586 ποδιδοῡσί
543 5551 643 5603 μοι
691 5533 881 5598 κακὰ,
920 5533 1281 5603 ἀποπέσοιμι
1323 5531 1437 5601 ἄρα
1483 5531 1603 5586 ἀπὸ
1645 5530 1765 5586 τῶν

213 5616 416 5689 ἐχθρῶν
436 5643 551 5694 μου
580 5629 955 5698 κενός.”οσην
975 5627 1096 5696 ἄγει
1120 5627 1430 5700 παρρησίαν
1453 5626 1544 5679 ἐπὶ
1574 5625 1653 5696 τῷ
1683 5625 1759 5696 μὴ

218 5722 568 5784 μνησικακεῖνῐ
617 5721 922 5793 Ἐξαίρετον
961 5722 1071 5792 γὰρ
1108 5719 1268 5774 τοῦτο
1303 5718 1634 5792 κατόρθωμα
1663 5715 1759 5772 τοῦ

274 5877 314 5912 ⁷⁸
351 5878 531 5934 Malm.
564 5897 641 5951 Vl,
683 5878 772 5935 9.2.
851 5879 894 5910 ⁷⁷
938 5878 953 5933 1
989 5876 1132 5932 Petr.
1171 5893 1200 5928 ν
1225 5916 1240 5930 .
1274 5877 1327 5932 8.

1868 4597 1950 4650 cis
1981 4595 2134 4664 eripe
2185 4607 2290 4647 me.
2325 4588 2514 4659 Neque
2569 4587 2745 4643 solum
2775 4584 2922 4639 enim
2974 4583 3043 4638 ab
3083 4581 3358 4638 Absalone
3400 4591 3458 4638 et

1867 4687 2223 4757 Achitophele
2279 4697 2579 4752 eorumque
2636 4675 2969 4749 sequacibus
3033 4676 3126 4746 qui
3185 4688 3274 4729 me
3307 4687 3456 4729 nunc

1869 4781 2231 4845 adoriuntur;
2269 4775 2366 4831 sed
2409 4774 2524 4845 jam
2563 4771 2697 4828 olim
2744 4766 2966 4839 juvenis
2994 4781 3121 4821 cum
3160 4779 3364 4828 essem,
3421 4778 3454 4820 a

1871 4875 2058 4936 Saule.
2095 4882 2149 4929 et
2174 4889 2203 4927 a
2233 4870 2418 4926 multis
2447 4867 2538 4938 qui
2572 4881 2660 4921 me
2693 4863 2870 4934 ipsius
2894 4874 3060 4933 opera
3093 4858 3234 4914 clam
3274 4855 3454 4928 impu-

1867 4968 2111 5040 gnabant
2160 4961 2522 5022 daemonibus,
2568 4958 2638 5013 de
2687 4969 2922 5027 quorum
2952 4951 3200 5021 principe
3243 4948 3452 5040 dictum

1869 5039 2366 5116 esttddversarius
2417 5060 2584 5105 tester
2631 5044 2899 5108 diabolus,
2939 5051 3190 5112 tanquam
3247 5039 3326 5094 leo
3360 5054 3455 5092 ru-

1867 5159 2012 5225 giens
2033 5150 2220 5205 circuit
2239 5161 2479 5218 qurerens
2503 5159 2653 5214 quem
2687 5140 2896 5194 devoret
2921 5137 2989 5190 ⁷⁷.
3020 5135 3066 5188 A
3087 5149 3198 5206 quo
3219 5149 3452 5205 prmser.

1870 5249 1962 5302 tim
1988 5261 2074 5300 me
2097 5245 2294 5299 liberes
2318 5255 2474 5311 rogo.
3386 5235 3395 5243 '

1922 5339 2090 5393 Vsus.
2125 5338 2180 5399 4,
2205 5336 2260 5390 5.
2291 5333 2514 5388 Domine
2539 5329 2674 5384 Deus
2710 5342 2875 5389 meus,
2892 5325 2940 5379 si
2969 5324 3069 5394 feci
3097 5323 3263 5388 istud,
3300 5321 3346 5375 si
3369 5328 3449 5376 est

1868 5434 2124 5504 iniquitas
2170 5429 2224 5484 in
2259 5427 2504 5481 manibus
2549 5423 2678 5478 meis
2712 5435 2731 5474 :
2767 5421 2816 5476 si
2852 5417 3059 5473 reddidi
3105 5411 3448 5470 retribuenti-

1869 5529 1964 5584 bus
2003 5525 2132 5580 mihi
2184 5523 2352 5585 mala,
2384 5517 2629 5575 decidam
2683 5513 2872 5569 merito
2913 5511 2980 5566 ab
3035 5508 3266 5564 inimicis
3313 5518 3447 5562 mas

1865 5620 2065 5676 inanis.
2115 5615 2389 5682 Quantam
2415 5626 2482 5666 ex
2521 5607 2798 5664 oblivione
2841 5602 3166 5674 iniuriarum
3217 5613 3282 5653 ac
3307 5595 3448 5651 tole-

1864 5712 2042 5769 rantia
2074 5706 2328 5764 ﬁduciam
2361 5699 2533 5758 David
2562 5697 2815 5757 exhibet!
2851 5694 2979 5751 Haec
3007 5704 3139 5748 sane
3168 5685 3446 5759 praecipua

3675 5 3716 16 ιτ.-
3723 5 3882 18 ι-ΑἮ.
3935 13 3938 16 .
3955 0 3957 18 Ι
