3994 6448
451 282 557 338 123

1098 281 1374 338 EUSEBII
1406 281 1887 339 CIESARIENSIS
1923 282 2072 338 OPP.
2109 278 2298 336 PARS
2335 261 2422 330 ΙΙΙ.
2465 307 2537 320 -
2570 281 2978 339 EXEGETICA.

3611 273 3714 330 124

451 405 574 474 ejus
607 404 783 461 virtus
807 413 919 471 est,
953 409 1014 459 ut
1061 401 1266 475 Moysis
1309 403 1700 459 mansuetudo:
1733 403 1866 458 Erat
1894 405 2031 457 enim

2136 400 2326 454 Δαυῖδ·
2369 397 2446 466 ὡς
2475 403 2571 456 τοῦ
2604 405 2700 475 μὲν
2726 403 3002 466 Μωῦσέως
3040 401 3102 456 τὸ
3142 404 3343 474 πρᾶον·
3377 399 3572 468 Πρᾶος
3603 399 3713 468 τύρ

453 496 762 550 mitissimus
797 512 951 565 super
983 513 1162 551 omnes
1211 495 1444 550 homines
1483 497 1572 566 qui
1604 495 1950 550 morabantur
1975 497 2029 550 in

476 599 618 644 terra
635 589 711 652 ⁷⁸;
739 587 1034 643 Abrahami
1070 588 1236 644 ﬁdes:
1268 587 1506 643 Credidit
1533 589 1680 644 enim
1719 588 1846 653 Deo,
1879 599 1927 642 et
1947 606 2030 642 re-

452 691 696 752 putatum
731 691 807 737 est
838 683 886 736 ei
910 682 962 736 in
983 683 1353 751 justitiam";
1385 680 1507 736 Jobi
1542 681 1824 752 patientia.
1873 679 2031 736 Jose-

453 774 546 844 phi
595 773 954 838 continentia,
1003 772 1314 828 Salomonis
1356 774 1646 844 sapientia.
1690 772 1852 828 Certe
1901 790 2030 829 san-

453 873 668 918 ctorum
700 867 921 935 egregia
968 865 1170 929 virtus,
1217 881 1327 920 non
1359 866 1417 920 in
1445 865 1612 921 rebus
1650 865 1843 921 iisdem
1873 867 2030 921 testi-

453 957 698 1010 monium
751 958 1003 1028 accepit;
1053 957 1146 1012 sed
1201 957 1256 1012 in
1306 971 1415 1028 quo
1466 957 1784 1013 certaminis
1835 973 2032 1028 genere

454 1049 817 1119 pnecellebat.
855 1047 1026 1104 David
1070 1049 1238 1120 igitur
1282 1049 1376 1120 qui
1419 1065 1638 1121 semper
1683 1051 2030 1107 tolerantiam

451 1140 892 1210 oblivionemque
937 1139 1267 1211 injuriarum
1300 1142 1560 1210 expetiit,
1593 1141 1643 1195 id
1675 1141 1818 1210 apud
1861 1141 2029 1196 Deum

453 1231 737 1286 contendit
766 1241 823 1286 ut
849 1233 1002 1302 paria
1026 1241 1417 1304 consequatur.
1463 1232 1598 1288 Nam
1634 1249 1666 1288 a
1707 1233 1911 1305 Spiritu
1946 1235 2031 1289 di-

453 1324 582 1378 vino
619 1325 918 1380 edidicerat
943 1324 1190 1380 futuram
1209 1327 1356 1380 illam
1387 1324 1688 1382 Salvatoris
1713 1328 2034 1397 promissio-

457 1433 618 1471 nem:
674 1416 733 1472 Si
767 1419 1081 1474 dimiseritis
1111 1418 1412 1472 hominibus
1459 1429 1676 1486 peccata
1707 1436 1909 1484 eorum,
1942 1421 2030 1474 di-

455 1512 626 1564 mittet
653 1521 700 1564 et
732 1511 873 1566 vobis
904 1510 1071 1565 Pater
1097 1520 1262 1566 vester
1291 1513 1517 1566 cmlestis
1540 1511 1733 1566 delicta
1763 1523 1935 1566 vestra
1957 1514 2026 1567 ‘°.

455 1597 638 1662 Quare
685 1614 809 1652 cum
871 1609 1264 1669 congruentem
1314 1601 1577 1657 edidisset
1627 1603 2028 1672 paenitentiam,

453 1691 667 1743 veniam
695 1700 1028 1746 consecutus
1058 1700 1165 1748 est.

2135 489 2214 564 ἦν
2241 493 2400 562 παρὰ
2427 495 2659 560 πάντας
2683 495 2824 561 τοὺς
2852 493 3198 563 ἀνθρώπους
3222 494 3364 559 τοὺς
3396 492 3573 556 ὄντας
3613 489 3712 542 ἐπὶ

2137 585 2246 654 τῆς
2281 584 2425 655 γῆς·
2477 585 2576 638 τοῦ
2618 585 2868 659 Ἀϐραὰμ
2914 585 2969 638 δέ
3012 587 3045 657 ἡ
3093 585 3305 648 πίστις’
3354 584 3714 638 Ἐπίστευσα

2136 680 2243 750 γὰρ
2283 677 2361 743 τῷ
2394 677 2537 742 Θεῷ,
2566 679 2659 730 καὶ
2683 678 2969 747 ἐλογίσθη
2992 676 3151 742 αὐτῷ
3169 679 3256 743 εις
3282 675 3676 741 δικαιοσύνην
3693 689 3710 704 ο

2137 772 2236 825 καὶ
2273 769 2367 824 τοῦ
2408 769 2529 824 Ἰὼϐ
2563 773 2594 841 ἠ
2630 770 2912 843 καρτερία,
2941 771 3034 824 καὶ
3075 770 3272 841 Ἰωσὴφ
3301 771 3333 839 ἡ
3368 767 3711 839 σωφροσύνη,

2138 863 2232 916 καὶ
2267 865 2302 935 ἡ
2354 863 2515 932 σοφία
2562 862 2656 916 τοῦ
2709 862 3078 933 Σαλομῶντος.
3116 861 3226 915 Καὶ
3252 859 3314 912 τὺ
3352 858 3574 931 στερρὸν
3607 857 3716 910 τῶν

2139 955 2309 1024 ἁγίων
2336 956 2435 1007 ούκ
2468 955 2562 1008 ἐπὶ
2588 957 2702 1018 τοῖς
2734 955 2916 1018 αὐτοῖς
2948 954 3362 1025 μεμαρτύρηται
3381 968 3394 981 ο
3434 948 3547 1004 ἀλλ’
3579 950 3638 1000 ἐν
3669 942 3714 1016 ᾧ

2139 1051 2334 1119 κρατεῖ
2351 1047 2637 1119 παραδόξῳ
2658 1048 3015 1119 παλαίσματι.
3039 1046 3201 1100 Δαυῒδ
3219 1046 3399 1099 τοίνυν
3420 1046 3448 1096 ό
3469 1042 3556 1096 διὰ
3581 1058 3718 1094 πανκ

2137 1142 2228 1205 τὸς
2257 1141 2632 1212 ἁμνησίκακον
2665 1140 2852 1210 ᾔτησε,
2890 1139 3158 1210 προτείνει
3186 1130 3314 1202 Θεῷ
3359 1134 3468 1188 τῶν
3494 1133 3625 1186 ἰσων
3656 1130 3718 1196 ἐξ

2139 1233 2303 1289 αὑτοῦ
2348 1235 2529 1304 τυχεῖν
2577 1231 3142 1302 ἐξαιτούμενος.”ῌδει
3170 1228 3277 1300 γὰρ
3321 1229 3385 1280 ἐκ
3431 1225 3524 1278 τοῦ
3569 1224 3716 1279 θείου

2139 1327 2452 1397 Πνεύματος
2493 1325 2590 1396 τὴν
2638 1324 2933 1399 μέλλουσαν
2973 1323 3068 1376 τοῦ
3107 1321 3357 1391 Σωτῆρος
3387 1317 3715 1387 ἐπαγγελίαν

2136 1422 2256 1493 τὴν,
2276 1420 2416 1475 Ἐὰν
2431 1418 2631 1489 ἀφῆτε
2664 1418 2787 1484 τοῖς
2817 1415 3146 1484 ἀνθρώποις
3179 1412 3250 1466 τὰ
3277 1409 3717 1478 παραπτώματα

2137 1513 2354 1581 αὐτῶν,
2379 1512 2602 1582 ἀφήσει
2629 1510 2726 1564 καὶ
2752 1509 2893 1579 ὑμῖν
2919 1511 2950 1561 ὀ
2976 1505 3180 1572 Πατὴρ
3205 1502 3416 1573 ὑμῶνό
3440 1500 3720 1569 οὐράνιος

2138 1605 2210 1659 τὰ
2241 1601 2681 1672 παραπτώματα
2715 1599 2900 1668 ὑμῶν.
2923 1595 3014 1649 Διὸ
3041 1593 3181 1666 μετὰ
3204 1592 3300 1663 τὴν
3330 1591 3518 1661 ἱκανὴν
3546 1587 3716 1660 μετά-

2137 1713 2289 1749 νοιαν
2323 1695 2481 1764 ἔτυχε
2516 1694 2616 1764 τῆς
2655 1692 2924 1761 ἀφέσεως.

528 1780 698 1835 Vens.
729 1783 783 1836 6.
825 1782 1185 1854 Persequatur
1225 1785 1471 1839 inimicus
1501 1787 1739 1840 animam
1768 1804 1958 1848 meam,
1983 1798 2031 1840 et

2203 1786 2568 1851 Καταδιώξαι
2607 1786 2720 1854 ἄρα
2745 1789 2776 1838 ό
2803 1783 3016 1853 ἐχθρὸς
3051 1780 3165 1849 τὴν
3197 1780 3408 1848 ψυχήν
3427 1794 3566 1846 μου,
3616 1775 3716 1827 καὶ

453 1873 882 1940 comprehendat,
914 1885 962 1928 et
993 1876 1266 1930 conculcet
1299 1879 1354 1930 in
1387 1886 1533 1931 terra
1563 1880 1726 1932 vitam
1753 1897 1946 1944 meam,
1979 1890 2030 1933 et

453 1967 682 2036 gloriam
737 1984 908 2021 meam
951 1969 1008 2021 in
1036 1969 1300 2037 pulverem
1347 1969 1594 2024 deducat.
1651 1971 1910 2027 Pluribus
1956 1973 2032 2027 ita

453 2057 638 2111 verbis
668 2057 932 2113 insistens
962 2060 1071 2114 ait:
1112 2058 1168 2113 Si
1193 2076 1314 2115 eam
1340 2077 1455 2116 rem
1492 2078 1602 2118 non
1631 2064 1803 2134 probe
1823 2067 2028 2136 egerim

453 2164 523 2203 ne
552 2164 581 2200 a
613 2158 836 2219 peccato
888 2158 1015 2206 ante
1063 2152 1275 2206 obitum
1324 2153 1544 2223 eripiar,
1592 2171 1771 2226 neque
1801 2157 2030 2227 gloriam

453 2255 628 2294 meam
670 2241 963 2311 recipiam;
995 2242 1090 2298 sed
1124 2243 1177 2297 in
1213 2243 1348 2313 ipsis
1365 2244 1576 2301 delictis
1592 2249 2042 2320 comprehendar,

454 2341 513 2385 ut
546 2332 804 2387 inimicus
840 2349 1016 2398 meus,
1065 2336 1295 2404 perinde
1338 2346 1502 2406 atque
1536 2338 1589 2392 in
1619 2343 1740 2408 ipso
1769 2341 2029 2410 peccandi

450 2433 717 2492 tempore,
747 2424 987 2478 animam
1037 2442 1213 2480 meam
1254 2443 1472 2498 semper
1503 2431 1810 2496 conculcet,
1856 2432 2031 2486 donec

451 2527 515 2566 ea
551 2513 604 2566 in
638 2514 914 2584 pulverem
943 2517 1138 2572 mortis
1173 2527 1499 2574 revertatur.
1529 2519 1627 2575 Sin
1655 2532 1846 2576 contra
1865 2524 2032 2592 probe

450 2618 538 2658 me
563 2604 847 2672 gesserim,
883 2605 1200 2676 redemptus
1224 2624 1286 2663 ea
1316 2625 1438 2678 qua:
1455 2625 1552 2679 par
1580 2619 1666 2666 est
1695 2627 2028 2683 consequar,

449 2710 629 2764 neque
661 2696 716 2749 in
745 2697 1026 2766 pulverem
1070 2701 1280 2768 peccati
1313 2703 1575 2767 carnalis,
1606 2704 1660 2756 in
1691 2720 1852 2774 quem
1882 2705 2033 2760 dela-

451 2803 586 2857 psus
613 2804 756 2852 sum,
790 2804 1160 2858 permaneam.
1199 2789 1321 2845 Vita
1347 2792 1468 2861 ejus
1494 2795 1590 2862 qui
1618 2795 1820 2848 terreni
1857 2795 2033 2848 homi-

454 2879 543 2934 nis
574 2879 864 2950 imaginem
897 2882 1055 2952 gerit,
1086 2881 1155 2935 ab
1191 2882 1415 2938 inimico
1451 2885 1506 2939 in
1538 2893 1684 2940 terra
1710 2888 2031 2941 conculcata

453 2978 560 3024 est.
625 2970 990 3036 Quamobrem
1037 2972 1149 3037 ille,
1183 2974 1397 3029 etiamsi
1445 2975 1693 3030 videatur
1740 2977 2033 3047 aliquando

453 3062 628 3132 gloria
654 3062 814 3128 allici,
860 3073 1100 3119 attamen
1141 3067 1315 3136 gloria
1335 3067 1458 3136 ejus
1487 3068 1545 3122 in
1590 3070 1812 3138 pulvere
1844 3069 2028 3138 jacet;

450 3154 644 3223 quales
677 3164 806 3210 sunt
853 3157 945 3226 qui
989 3157 1176 3228 gloriae
1210 3173 1379 3213 causa
1423 3167 1613 3230 agunt,
1645 3159 1837 3216 laudes
1867 3177 2030 3232 expe-

451 3251 596 3304 tunt,
643 3245 725 3298 vel
760 3247 1064 3301 mercedem
1098 3247 1167 3301 ab
1196 3247 1514 3304 hominibus
1557 3260 1922 3321 aucupantur.

525 3332 692 3388 Vens.
716 3335 767 3398 7,
795 3334 847 3389 8.
881 3334 1142 3407 Exsurge,
1169 3337 1692 3403 Domine,iniratua
1720 3351 1768 3395 et
1798 3345 2035 3399 exaltare

449 3423 508 3477 in
550 3425 745 3491 ﬁnibus
800 3427 1137 3481 inimicorum
1210 3440 1441 3503 tuorum.
1504 3431 1762 3504 Exsurge,
1815 3435 2035 3491 Domine

454 3516 592 3571 Deus
629 3533 794 3579 meus,
827 3519 879 3570 in
911 3529 1170 3587 prcecepto
1203 3523 1341 3590 quod
1368 3523 1660 3590 mandasti,
1693 3537 1741 3579 et
1767 3544 2034 3600 synagoga

453 3607 772 3678 populorum
820 3609 1168 3663 circumdabit
1225 3621 1292 3665 te.
1336 3612 1625 3667 Dominum
1658 3616 1930 3681 hortatur,
1973 3628 2032 3674 ut

453 3700 624 3755 veluti
655 3700 766 3753 dux
811 3701 1087 3758 exercitus
1131 3717 1256 3756 cum
1317 3703 1693 3775 indignatione
1731 3717 2032 3780 consurgat

451 3791 719 3846 adversus
745 3792 1046 3861 principem
1077 3794 1351 3850 exercitus
1385 3795 1742 3854 invisibilium
1781 3800 2030 3856 inimico-

451 3897 598 3945 rum,
627 3883 707 3936 sic
745 3896 871 3936 eum
905 3882 1279 3951 compellans:
1326 3882 1409 3938 Tu
1446 3885 1583 3955 ipse,
1611 3888 1704 3957 qui
1741 3888 1902 3944 nobis
1933 3889 2031 3944 ho-

452 3973 694 4028 minibus
742 3972 1049 4042 przecepisti
1107 3981 1166 4028 ut
1203 3984 1609 4042 concertemus,
1659 3978 1898 4049 idipsum
1947 3979 2030 4034 fa-

452 4067 581 4121 cito.
638 4065 710 4119 lis
739 4065 882 4119 enim
917 4064 1015 4118 abs
1045 4073 1095 4118 te
1128 4064 1330 4135 fugatis
1356 4082 1420 4121 ac
1453 4067 1684 4135 deletis,
1705 4086 1806 4141 ego
1843 4073 2029 4128 salvus

450 4172 587 4222 ero;
621 4172 798 4226 neque
827 4158 1003 4220 solus,
1051 4158 1143 4212 sed
1178 4159 1340 4213 etiam
1383 4159 1627 4217 Ecclesia
1666 4179 1732 4218 ex
1761 4166 2029 4234 gentibus

449 4246 814 4300 circumdabit
850 4253 924 4309 te,
969 4247 1250 4302 eliminato
1278 4249 1488 4306 scilicet
1516 4253 1665 4305 omni
1712 4253 2026 4310 dmmonum

449 4352 656 4392 errore.
715 4335 771 4390 ln
812 4337 903 4390 illa
934 4353 1066 4392 sane
1094 4341 1243 4394 velut
1289 4339 1344 4393 in
1375 4341 1548 4395 choro
1591 4342 1804 4400 medius
1833 4348 2023 4401 consi—

2133 1877 2453 1932 καταλάϐοι
2500 1878 2600 1930 καὶ
2651 1872 3069 1940 καταπατῆσαι
3110 1873 3196 1936 εις
3233 1869 3351 1939 γῆν
3395 1868 3518 1935 τὴν
3565 1864 3718 1932 ζωήν

2125 1988 2267 2041 μου,
2301 1970 2398 2023 καὶ
2439 1968 2552 2037 τὴν
2580 1968 2767 2031 δόξαν
2790 1984 2909 2037 μου
2936 1967 3024 2030 εὶς
3051 1961 3202 2033 χοῦν
3230 1957 3712 2025 κατασκηνώσαι.

2131 2061 2537 2130 Διατεινόμενος
2563 2059 2619 2112 δέ
2648 2073 2844 2128 φησιν·
2873 2057 2935 2108 El
2965 2056 3039 2126 μὴ
3073 2051 3411 2122 κατώρθωσα
3439 2049 3613 2112 τοῦτο,
3641 2047 3716 2118 μὴ

2133 2149 2555 2222 ἐλευθερωθείην
2587 2148 2693 2219 πρὸ
2714 2147 2808 2200 τοῦ
2838 2147 3070 2200 θανάτου
3102 2145 3205 2214 τῆς
3241 2140 3538 2213 ἁμαρτίας,
3575 2137 3714 2210 μηδὲ

2131 2241 2228 2312 τὴν
2262 2243 2399 2313 ἐμὴν
2421 2241 2744 2311 ἀπολάϐοιμι
2761 2240 2935 2304 δόξαν,
2963 2241 3021 2290 ἐν
3050 2239 3240 2300 αύταῖς
3268 2235 3325 2288 δέ
3357 2252 3456 2305 μου
3482 2231 3718 2301 καταλη-

2134 2336 2326 2404 φθείην
2351 2338 2472 2398 ταῖς
2503 2333 2818 2405 ἁμαρτίαις,
2855 2331 2922 2385 ἵν’
2960 2332 3035 2395 ὡς
3067 2333 3155 2384 ὅτε
3181 2331 3425 2400 ἥμαρτον
3449 2326 3593 2380 οὕτω
3622 2327 3718 2396 μέ-

2132 2446 2222 2500 χρι
2257 2427 2452 2490 παντὸς
2481 2425 2578 2497 τὴν
2613 2425 2750 2496 ἐμὴν
2777 2427 2806 2478 ό
2835 2422 3102 2494 δυσμενὴς
3134 2421 3494 2490 καταπατήσῃ
3514 2418 3712 2490 ψυχὴν,

2137 2519 2296 2590 μέχρι
2349 2516 2444 2570 τοῦ
2492 2520 2570 2581 εἰς
2619 2516 2747 2588 χοῦν
2774 2514 3114 2586 ὑποστρέψαι
3149 2513 3399 2566 θανάτουι
3435 2511 3497 2562 El.
3528 2509 3586 2562 δὲ
3615 2526 3716 2562 κα-

2133 2610 2417 2682 τώρθωσα,
2446 2610 2662 2680 τύχοιμι
2705 2609 2814 2661 τῶν
2846 2607 2974 2661 ίσων
3000 2605 3381 2678 λυτρούμενος,
3414 2604 3504 2657 καὶ
3538 2602 3614 2673 μὴ
3639 2603 3716 2665 εἰς

2133 2701 2193 2754 ὃν
2226 2701 2286 2768 ἐξ
2325 2701 2601 2772 ἁμαρτίας
2626 2701 2906 2754 κατέπεσα
2941 2698 3069 2770 χοῦν
3099 2695 3372 2767 ἐπιμένων
3399 2694 3500 2764 τῆς
3534 2709 3719 2764 σαρκι-

2134 2794 2237 2863 κῆς
2282 2795 2576 2866 ἁμαρτίας.
2596 2795 2658 2847 Ἦ
2687 2793 2798 2865 ζωὴ
2830 2792 2924 2845 τοῦ
2951 2792 3029 2845 ἑτι
3058 2791 3157 2861 τὴν
3197 2789 3378 2843 εἰκόνα
3409 2786 3501 2840 τοῦ
3532 2785 3718 2857 χοϊκοῦ

2134 2883 2426 2954 φοροῦντος
2479 2884 2936 2954 καταπεπάτηται
2982 2880 3086 2934 ὑπὸ
3115 2879 3210 2933 τοῦ
3246 2878 3442 2951 ἐχθροῦ
3467 2880 3546 2941 εἰς
3575 2877 3681 2948 γῆν
3699 2893 3712 2906 ·

2133 2970 2283 3038 οὗτος
2310 2975 2386 3040 δὲ,
2418 2974 2520 3028 κᾶν
2565 2973 2881 3041 δοξάζεσθαι
2935 2973 3066 3026 ποτὲ
3117 2972 3268 3042 δοκῇ,
3305 2970 3726 3040 κατεσκήνωσεν

2137 3069 2300 3122 αὑτοῦ
2334 3071 2367 3140 ὴ
2394 3069 2521 3135 δόξα
2555 3071 2636 3132 είς
2665 3067 2814 3140 χοῦν,
2841 3068 2917 3130 ὼς
2945 3067 3054 3119 τῶν
3081 3064 3376 3118 ποιούντων
3413 3063 3501 3117 διὰ
3536 3061 3716 3127 δόξαν,

2139 3165 2231 3218 καὶ
2259 3165 2351 3218 τὸν
2381 3162 2510 3235 παρ’
2541 3161 2719 3215 αὐτῶν
2749 3161 2990 3225 ἔπαινον,
3025 3159 3058 3230 ἢ
3089 3159 3186 3229 τὴν
3215 3159 3343 3229 παρ’
3372 3157 3552 3219 αὐτοῖς
3576 3157 3718 3212 ἀποτ

2135 3257 2316 3329 δοχήν.

2221 3351 2549 3418 Ἀνάστηθι,
2585 3350 2780 3417 Κύριε,
2807 3349 2878 3403 ἐν
2909 3346 2985 3416 τῇ
3017 3345 3164 3417 ὀργῆ
3191 3362 3329 3408 σου,
3354 3343 3618 3414 ὑψιὼθητι
3647 3343 3724 3396 er

2135 3441 2258 3506 τοῖς
2285 3440 2499 3508 πέρασι
2521 3439 2640 3493 τῶν
2666 3439 2897 3510 ἐχθρῶν
2919 3456 3055 3494 σου.
3075 3438 3463 3508 Ἔξεγέρθητι,
3485 3437 3660 3504 Κύριε
3683 3437 3720 3488 ό

2138 3533 2284 3597 Θεός
2306 3549 2447 3600 μου,
2485 3531 2558 3584 ἐν
2589 3529 2996 3600 προστάγματι
3021 3523 3070 3597 ᾧ
3105 3530 3401 3592 ἑνετείλω,
3434 3528 3530 3581 καὶ
3569 3542 3717 3580 συν-

2134 3624 2333 3696 αγωγὴ
2367 3623 2532 3678 λαῶν
2561 3621 2862 3676 κυκλώσει
2889 3639 2983 3677 σε.
3016 3618 3118 3676 Οἷα
3160 3622 3224 3694 δὴ
3266 3621 3567 3693 στρατηγὸν
3595 3621 3714 3674 δια-

2135 3719 2397 3788 ναστῆναι
2448 3717 2544 3772 σὺν
2596 3716 2967 3785 ἀγανακτήσει
2998 3714 3141 3768 κατὰ
3173 3712 3266 3766 τοῦ
3312 3713 3420 3765 τῶν
3468 3712 3714 3783 ἀοράτων

2135 3810 2408 3881 πολεμίων
2435 3809 2692 3878 ἄρχοντος
2729 3807 3116 3877 στρατοπέδου,
3151 3805 3325 3874 λέγων
3349 3822 3362 3835 ο
3399 3806 3462 3857 Ὃ
3484 3807 3596 3867 τοῖς
3620 3804 3715 3856 ἀν-

2134 3903 2374 3976 θρώποις
2430 3903 2560 3972 ἡμῖν
2613 3899 2953 3971 προσέταξας
3003 3897 3364 3967 ἀγωνίζεσθαι
3412 3897 3552 3951 κατὰ
3605 3896 3714 3950 τῶν

2134 3997 2377 4068 ἀοράτων
2401 3993 2704 4062 δυνάμεων,
2734 3991 2892 4044 τοῦτο
2923 3991 3120 4063 δρᾶσον
3153 3991 3332 4054 αὑτός.
3363 3989 3577 4042 Τούτων
3604 3986 3715 4063 γὰρ

2134 4090 2238 4144 ὑπὸ
2277 4087 2371 4141 σοῦ
2406 4085 2824 4158 καθῃρημένων,
2858 4083 3013 4152 κάγὼ
3061 4083 3396 4152 σωθήσομαι,
3426 4081 3486 4133 ού
3529 4081 3710 4151 μόνος,

2131 4181 2268 4236 ἀλλὰ
2306 4180 2401 4233 καὶ
2449 4181 2482 4250 ἡ
2513 4177 2620 4230 τῶν
2655 4176 2823 4229 ἐθνῶν
2862 4175 3157 4245 Ἐκκλησία
3192 4173 3460 4228 κυκλώσει
3494 4190 3572 4234 σε,
3607 4172 3713 4225 πά-

2133 4291 2231 4345 σης
2255 4272 2523 4343 δαιμόνων
2550 4271 2757 4340 πλάνης
2783 4267 3201 4336 ἀπελασθείσης.
3231 4266 3447 4338 Ταύτης
3470 4266 3525 4319 δέ
3549 4264 3713 4318 καθά-

2133 4384 2238 4439 περ
2263 4365 2423 4436 χοροῦ
2459 4364 2624 4436 μέσος
2649 4362 2940 4431 γενόμενος
2968 4359 3134 4430 ὕμνον
3181 4360 3524 4430 ἀναπέμψεις
3573 4359 3708 4430 πρέ-

451 4442 603 4486 stens
645 4431 906 4501 hymnum
957 4433 1175 4488 emittes
1204 4431 1352 4488 Patri
1405 4442 1522 4499 tuo,
1554 4438 2022 4506 quemadmodum

2136 4431 2295 4513 ττορτᾶ
2431 4431 2605 4527 Πατρὶ
2634 4455 2884 4525 καθάπερ
2915 4452 3051 4523 ἔφης
3072 4470 3085 4482 ·
3135 4451 3465 4523 Ἀπαγγελῶ
3489 4453 3552 4506 τὸ
3577 4453 3710 4506 ὄνοι

449 4524 674 4581 dixisti:
726 4522 976 4577 Narrabo
1036 4541 1224 4578 nomen
1274 4535 1421 4579 tuum
1471 4527 1732 4596 fratribus
1783 4532 1932 4598 meis,
1969 4536 2026 4588 in

2136 4550 2212 4618 μά
2247 4522 2386 4604 σου.
2405 4549 2529 4614 τοῖς
2552 4522 2865 4616 ’ἀδελφοῖς
2877 4522 3017 4616 μου,
3050 4546 3119 4598 ἐν
3143 4522 3326 4613 μέσῳν
3354 4545 3710 4612 Ἐκκλησίας

450 4617 622 4670 medio
650 4615 905 4669 Ecclesia:
936 4615 1172 4670 laudabo
1205 4617 1337 4671 te“.

524 4727 692 4782 Vens.
717 4727 770 4781 9.
808 4726 874 4780 Et
897 4736 1110 4797 propter
1141 4727 1274 4781 hanc
1303 4729 1358 4781 in
1390 4727 1557 4783 altum
1583 4732 1868 4800 regredere,
1915 4735 2026 4788 Do-

451 4823 628 4876 minus
667 4821 934 4890 judicabit
970 4821 1211 4890 populos.
1253 4821 1452 4876 Judica
1503 4841 1604 4887 me,
1646 4825 1892 4892 Domine,
1940 4847 2024 4884 δε-

453 4914 682 4970 cundum
718 4913 990 4983 justitiam
1038 4924 1205 4978 tuam,
1237 4924 1286 4968 et
1325 4916 1613 4969 secundum
1663 4919 2023 4976 innocentiam

453 5020 621 5060 meam
646 5020 801 5074 super
834 5020 934 5057 me.
971 5002 1240 5070 Quoniam
1287 5020 1476 5061 omnes
1523 5017 1808 5066 creaturas
1851 5013 2024 5068 addu-

453 5104 540 5152 cet
579 5096 722 5151 Deus
765 5097 819 5150 in
849 5097 1138 5166 judicium,
1188 5109 1515 5169 oportetque
1561 5101 1850 5160 universos
1897 5117 2024 5162 ante

451 5186 654 5241 Christi
685 5186 923 5241 tribunal
960 5188 1108 5250 sisti,
1161 5204 1284 5245 cum
1329 5190 1614 5247 didicisset
1646 5192 1817 5248 David
1870 5195 2020 5251 futu-

451 5293 572 5332 rum
604 5294 726 5332 esse
761 5286 818 5331 ut
858 5279 1121 5334 mundum
1154 5282 1360 5350 judicet
1405 5284 1458 5337 in
1486 5283 1723 5352 justitia,
1757 5295 1808 5340 et
1847 5305 2023 5358 popu-

453 5368 534 5423 los
567 5368 620 5421 in
657 5368 932 5436 aequitate,
965 5369 1088 5436 jure
1127 5371 1238 5424 ait:
1283 5369 1386 5425 Mei
1425 5386 1642 5440 quoque
1671 5372 1836 5440 judex
1874 5384 2017 5440 esto,

452 5459 702 5523 Domine,
740 5475 847 5514 non
878 5461 1176 5515 secundum
1213 5463 1452 5533 reliquas
1476 5466 1822 5533 operationes
1848 5481 2016 5530 meas,

453 5551 548 5609 sed
579 5552 879 5608 secundum
903 5550 1310 5623 simplicitatem
1336 5565 1391 5610 et
1425 5554 1697 5625 justitiam
1726 5571 1945 5624 meam,‘

552 5754 598 5790 ⁷⁸
637 5751 798 5808 Nam.
836 5769 948 5821 ιιι,
983 5752 1035 5808 5.
1111 5754 1155 5786 τ’
1193 5751 1325 5810 Gen.
1365 5770 1465 5818 xv,
1505 5753 1554 5808 6.
1637 5754 1679 5784 πο
1723 5751 1908 5808 Matth.
1949 5771 1997 5808 γι
2024 5793 2038 5819 ,
2075 5754 2158 5810 lt.

2130 4642 2382 4712 ὑμνήσω
2411 4658 2504 4697 σε.

2199 4732 2310 4785 Καὶ
2332 4732 2482 4799 ὑπὲρ
2511 4734 2731 4799 ταύτης
2759 4734 2846 4799 είς
2871 4731 3030 4801 ὕψος
3071 4732 3454 4800 ἐπέστρεφον,
3491 4732 3709 4798 Κύριος

2129 4823 2320 4892 κρινεῖ
2338 4825 2545 4889 λαούς.
2574 4823 2794 4891 Κρῖνόν
2819 4841 2917 4894 με,
2940 4825 3136 4892 Κύριε,
3172 4822 3320 4876 κατὰ
3353 4821 3466 4891 τὴν
3491 4821 3710 4875 δικαιο-

2128 4917 2327 4982 σύνην
2366 4931 2503 4979 σου,
2527 4914 2627 4968 καὶ
2666 4916 2816 4970 κατὰ
2856 4914 2972 4982 τὴν
3011 4915 3270 4969 ἀκακίαν
3307 4931 3425 4983 μου
3465 4913 3558 4966 ἐπ’
3577 4913 3704 4983 ἐμέ.

2135 5006 2351 5077 Ἐπειδὴ
2401 5009 2507 5060 πᾶν
2554 5007 2615 5060 τὸ
2658 5007 2866 5078 ποίημα
2900 5007 3016 5072 ἄξει
3050 5010 3078 5059 ὁ
3105 5007 3235 5069 Θεὸς
3267 5008 3346 5070 εἰς
3375 5006 3575 5076 κρίσιν,
3611 5006 3707 5059 καὶ

2120 5100 2246 5160 τοὺς
2277 5097 2483 5160 πάντας
2505 5097 2588 5150 δεῖ
2610 5100 2955 5169 παραστῆναι
2985 5099 3064 5167 τῷ
3094 5098 3296 5169 βήματι
3323 5098 3416 5151 τοῦ
3445 5098 3702 5171 Χριστοῦ,

2123 5190 2346 5251 εἰκότως
2369 5187 2558 5259 μαθὼν
2584 5192 2612 5242 ὁ
2644 5189 2826 5252 Δαυῖδ,
2859 5192 2938 5243 ὅτι
2967 5191 3148 5260 μέλλει
3171 5192 3376 5262 κρίνειν
3405 5191 3501 5262 τὴν
3527 5193 3706 5244 οἰκου-

2126 5281 2291 5351 μένην
2325 5282 2382 5332 ἐν
2415 5280 2730 5352 δικαιοσύνῃ
2779 5282 2872 5334 καὶ
2920 5281 3081 5344 λαοὺς
3111 5283 3168 5334 ἐν
3195 5281 3478 5352 εὐθύτεητι⁸
3517 5281 3701 5344 Γενοῦ,

2126 5373 2279 5443 φησί,
2314 5371 2494 5441 κάμοῦ
2525 5372 2738 5443 κριτὴς,
2767 5364 2812 5424 ὦ
2858 5371 3049 5442 Κύριε,
3086 5372 3160 5444 μὴ
3209 5374 3349 5426 κατὰ
3382 5372 3480 5437 τὰς
3511 5373 3705 5437 λοιπάς

2127 5481 2226 5533 μου
2253 5462 2500 5534 πράξεις,
2519 5463 2654 5518 ἀλλὰ
2676 5463 2821 5517 κατά
2841 5463 2944 5536 τὴν.
2959 5465 3240 5537 ἁπλότητα
3267 5483 3368 5536 μου
3389 5467 3483 5519 καὶ
3509 5465 3708 5519 δικαιο-

2122 5572 2307 5626 συνην.

2241 5755 2286 5785 “
2327 5753 2469 5812 Psal.
2508 5769 2630 5818 xxi,
2667 5753 2752 5811 9.5.
