  <div class='ocr_page' id='page_1' title='image "/cluster/home/n/w/nwhite01/storage/ocr_20150623/23/hvd.32044073501124/070.png"; bbox 0 0 3994 6448; ppageno 0'>
   <div class='ocr_carea' id='block_1_1' title="bbox 157 307 3412 422">
    <p class='ocr_par' dir='ltr' id='par_1_1' title="bbox 157 307 3412 422">
     <span class='ocr_line' id='line_1_1' title="bbox 157 307 3412 422; baseline -0.005 -7"><span class='ocrx_word' id='word_1_1' title='bbox 157 356 256 416; x_wconf 62' lang='lat' dir='ltr'><strong>sses</strong></span> <span class='ocrx_word' id='word_1_2' title='bbox 1275 307 1786 408; x_wconf 62' lang='lat' dir='ltr'><strong>commeaturus</strong></span> <span class='ocrx_word' id='word_1_3' title='bbox 1826 347 1896 404; x_wconf 83' lang='lat' dir='ltr'>IN</span> <span class='ocrx_word' id='word_1_4' title='bbox 1928 349 2273 407; x_wconf 75' lang='lat' dir='ltr'><strong>PSALMOS.</strong></span> <span class='ocrx_word' id='word_1_5' title='bbox 2743 397 2757 422; x_wconf 82' lang='grc'><strong>,</strong></span> <span class='ocrx_word' id='word_1_6' title='bbox 3306 356 3412 414; x_wconf 68' lang='grc' dir='ltr'><strong>ιεσ</strong></span> 
     </span>
    </p>
   </div>
   <div class='ocr_carea' id='block_1_2' title="bbox 221 463 1741 536">
    <p class='ocr_par' dir='ltr' id='par_1_2' title="bbox 221 465 1741 536">
     <span class='ocr_line' id='line_1_2' title="bbox 221 465 1741 536; baseline -0.003 -12"><span class='ocrx_word' id='word_1_7' title='bbox 221 466 684 533; x_wconf 73' lang='grc' dir='ltr'>Συντελεσθήτω</span> <span class='ocrx_word' id='word_1_8' title='bbox 708 466 786 535; x_wconf 71' lang='grc' dir='ltr'>δὴ</span> <span class='ocrx_word' id='word_1_9' title='bbox 814 467 1072 535; x_wconf 67' lang='lat' dir='ltr'><strong>xor-mnia</strong></span> <span class='ocrx_word' id='word_1_10' title='bbox 1105 466 1463 536; x_wconf 72' lang='grc' dir='ltr'><strong>ἁμαρτωλῶν</strong></span> <span class='ocrx_word' id='word_1_11' title='bbox 1498 465 1598 520; x_wconf 75' lang='grc' dir='ltr'>καί</span> <span class='ocrx_word' id='word_1_12' title='bbox 1636 482 1741 519; x_wconf 84' lang='grc' dir='ltr'><strong>κα-</strong></span> 
     </span>
    </p>
   </div>
   <div class='ocr_carea' id='block_1_3' title="bbox 1846 463 3418 536">
    <p class='ocr_par' dir='ltr' id='par_1_3' title="bbox 1920 463 3418 536">
     <span class='ocr_line' id='line_1_3' title="bbox 1920 463 3418 536; baseline 0.005 -22"><span class='ocrx_word' id='word_1_13' title='bbox 1920 463 2086 521; x_wconf 77' lang='lat' dir='ltr'><strong>Vns.</strong></span> <span class='ocrx_word' id='word_1_14' title='bbox 2123 466 2215 531; x_wconf 81' lang='grc'>10,</span> <span class='ocrx_word' id='word_1_15' title='bbox 2253 465 2342 522; x_wconf 74' lang='lat' dir='ltr'>II.</span> <span class='ocrx_word' id='word_1_16' title='bbox 2371 465 2730 520; x_wconf 84' lang='lat' dir='ltr'><strong>Consumatur</strong></span> <span class='ocrx_word' id='word_1_17' title='bbox 2751 467 2986 536; x_wconf 80' lang='lat' dir='ltr'><strong>nequitia</strong></span> <span class='ocrx_word' id='word_1_18' title='bbox 3008 475 3337 522; x_wconf 69' lang='lat' dir='ltr'><strong>peccatorum</strong></span> <span class='ocrx_word' id='word_1_19' title='bbox 3363 477 3418 522; x_wconf 86' lang='lat' dir='ltr'><strong>et</strong></span> 
     </span>
    </p>
   </div>
   <div class='ocr_carea' id='block_1_4' title="bbox 159 558 1738 629">
    <p class='ocr_par' dir='ltr' id='par_1_4' title="bbox 159 558 1738 629">
     <span class='ocr_line' id='line_1_4' title="bbox 159 558 1738 629; baseline -0.003 -12"><span class='ocrx_word' id='word_1_20' title='bbox 159 560 448 626; x_wconf 80' lang='grc' dir='ltr'>τευθυνεῖς</span> <span class='ocrx_word' id='word_1_21' title='bbox 489 559 745 622; x_wconf 74' lang='grc' dir='ltr'>δίκαιον,</span> <span class='ocrx_word' id='word_1_22' title='bbox 768 558 986 620; x_wconf 77' lang='grc' dir='ltr'>έτάζων</span> <span class='ocrx_word' id='word_1_23' title='bbox 1009 559 1257 628; x_wconf 82' lang='grc' dir='ltr'><strong>καρδίας</strong></span> <span class='ocrx_word' id='word_1_24' title='bbox 1285 559 1384 614; x_wconf 77' lang='grc' dir='ltr'>καί</span> <span class='ocrx_word' id='word_1_25' title='bbox 1412 559 1671 629; x_wconf 65' lang='grc' dir='ltr'>νεφροὺς</span> <span class='ocrx_word' id='word_1_26' title='bbox 1703 561 1738 613; x_wconf 81' lang='grc' dir='ltr'><em>ὁ</em></span> 
     </span>
    </p>
   </div>
   <div class='ocr_carea' id='block_1_5' title="bbox 162 650 1736 723">
    <p class='ocr_par' dir='ltr' id='par_1_5' title="bbox 162 650 1736 723">
     <span class='ocr_line' id='line_1_5' title="bbox 162 650 1736 723; baseline -0.003 -15"><span class='ocrx_word' id='word_1_27' title='bbox 162 651 784 722; x_wconf 79' lang='grc' dir='ltr'>Θεός.Ἔπιστημονικὸν</span> <span class='ocrx_word' id='word_1_28' title='bbox 825 652 921 704; x_wconf 78' lang='grc' dir='ltr'>καὶ</span> <span class='ocrx_word' id='word_1_29' title='bbox 969 652 1110 721; x_wconf 89' lang='grc' dir='ltr'>μέγα</span> <span class='ocrx_word' id='word_1_30' title='bbox 1144 650 1206 704; x_wconf 81' lang='grc' dir='ltr'>τὸ</span> <span class='ocrx_word' id='word_1_31' title='bbox 1247 651 1423 723; x_wconf 81' lang='grc' dir='ltr'>πέρας</span> <span class='ocrx_word' id='word_1_32' title='bbox 1466 650 1736 704; x_wconf 71' lang='grc' dir='ltr'>αἰτεῖσθαι</span> 
     </span>
    </p>
   </div>
   <div class='ocr_carea' id='block_1_6' title="bbox 160 741 1737 815">
    <p class='ocr_par' dir='ltr' id='par_1_6' title="bbox 160 741 1737 815">
     <span class='ocr_line' id='line_1_6' title="bbox 160 741 1737 815; baseline -0.001 -17"><span class='ocrx_word' id='word_1_33' title='bbox 160 743 396 815; x_wconf 83' lang='grc' dir='ltr'>γενέσθαι</span> <span class='ocrx_word' id='word_1_34' title='bbox 433 743 657 806; x_wconf 84' lang='grc' dir='ltr'>κακίας,</span> <span class='ocrx_word' id='word_1_35' title='bbox 697 741 1026 814; x_wconf 83' lang='grc' dir='ltr'>κυϐέρνησιν</span> <span class='ocrx_word' id='word_1_36' title='bbox 1069 743 1127 797; x_wconf 81' lang='grc' dir='ltr'>δὲ</span> <span class='ocrx_word' id='word_1_37' title='bbox 1168 741 1246 814; x_wconf 81' lang='grc' dir='ltr'>τῷ</span> <span class='ocrx_word' id='word_1_38' title='bbox 1279 743 1472 814; x_wconf 83' lang='grc' dir='ltr'>δικαίῳ</span> <span class='ocrx_word' id='word_1_39' title='bbox 1504 743 1640 815; x_wconf 82' lang='grc' dir='ltr'>πρὸς</span> <span class='ocrx_word' id='word_1_40' title='bbox 1676 742 1737 796; x_wconf 81' lang='grc' dir='ltr'>τὸ</span> 
     </span>
    </p>
   </div>
   <div class='ocr_carea' id='block_1_7' title="bbox 163 833 1735 910">
    <p class='ocr_par' dir='ltr' id='par_1_7' title="bbox 163 833 1735 910">
     <span class='ocr_line' id='line_1_7' title="bbox 163 833 1735 910; baseline -0.003 -19"><span class='ocrx_word' id='word_1_41' title='bbox 163 838 348 910; x_wconf 79' lang='grc' dir='ltr'>μηκέτι</span> <span class='ocrx_word' id='word_1_42' title='bbox 399 834 782 907; x_wconf 74' lang='grc' dir='ltr'><strong>χειμάζεσθαι.</strong></span> <span class='ocrx_word' id='word_1_43' title='bbox 811 835 946 906; x_wconf 72' lang='grc' dir='ltr'>Περὶ</span> <span class='ocrx_word' id='word_1_44' title='bbox 996 836 1394 908; x_wconf 76' lang='grc' dir='ltr'><strong>δικαιοκρισίας</strong></span> <span class='ocrx_word' id='word_1_45' title='bbox 1441 834 1611 889; x_wconf 86' lang='grc' dir='ltr'>εἰπὼν</span> <span class='ocrx_word' id='word_1_46' title='bbox 1639 833 1735 888; x_wconf 80' lang='grc' dir='ltr'><strong>τοῦ</strong></span> 
     </span>
    </p>
   </div>
   <div class='ocr_carea' id='block_1_8' title="bbox 161 923 1737 996">
    <p class='ocr_par' dir='ltr' id='par_1_8' title="bbox 161 923 1737 996">
     <span class='ocr_line' id='line_1_8' title="bbox 161 923 1737 996; baseline -0.003 -13"><span class='ocrx_word' id='word_1_47' title='bbox 161 927 302 988; x_wconf 73' lang='grc' dir='ltr'>Θεοῦ,</span> <span class='ocrx_word' id='word_1_48' title='bbox 330 926 494 996; x_wconf 80' lang='grc' dir='ltr'>μόνον</span> <span class='ocrx_word' id='word_1_49' title='bbox 535 926 742 979; x_wconf 80' lang='grc' dir='ltr'>δίκαιον</span> <span class='ocrx_word' id='word_1_50' title='bbox 774 925 1065 995; x_wconf 77' lang='grc' dir='ltr'>ἀποφαίνει</span> <span class='ocrx_word' id='word_1_51' title='bbox 1106 926 1322 996; x_wconf 81' lang='grc' dir='ltr'>κριτὴν,</span> <span class='ocrx_word' id='word_1_52' title='bbox 1344 924 1419 988; x_wconf 83' lang='grc' dir='ltr'>ὼς</span> <span class='ocrx_word' id='word_1_53' title='bbox 1447 923 1737 995; x_wconf 79' lang='grc' dir='ltr'>καὶομόνον</span> 
     </span>
    </p>
   </div>
   <div class='ocr_carea' id='block_1_9' title="bbox 160 1015 1736 1094">
    <p class='ocr_par' dir='ltr' id='par_1_9' title="bbox 160 1015 1736 1094">
     <span class='ocr_line' id='line_1_9' title="bbox 160 1015 1736 1094; baseline -0.004 -17"><span class='ocrx_word' id='word_1_54' title='bbox 160 1022 355 1094; x_wconf 79' lang='grc' dir='ltr'>δρῶντα</span> <span class='ocrx_word' id='word_1_55' title='bbox 379 1019 610 1090; x_wconf 80' lang='grc' dir='ltr'>καρδίας</span> <span class='ocrx_word' id='word_1_56' title='bbox 628 1036 643 1048; x_wconf 89' lang='grc'><strong>·</strong></span> <span class='ocrx_word' id='word_1_57' title='bbox 674 1019 836 1082; x_wconf 80' lang='grc' dir='ltr'>αὐτὸς</span> <span class='ocrx_word' id='word_1_58' title='bbox 866 1017 977 1090; x_wconf 76' lang='grc' dir='ltr'>γὰρ</span> <span class='ocrx_word' id='word_1_59' title='bbox 1008 1017 1330 1072; x_wconf 86' lang='grc' dir='ltr'>ἀποδίδωσιν</span> <span class='ocrx_word' id='word_1_60' title='bbox 1356 1016 1570 1088; x_wconf 79' lang='grc' dir='ltr'><strong>ἑκάστῳ</strong></span> <span class='ocrx_word' id='word_1_61' title='bbox 1593 1015 1736 1070; x_wconf 77' lang='grc' dir='ltr'>κατὰ</span> 
     </span>
    </p>
   </div>
   <div class='ocr_carea' id='block_1_10' title="bbox 159 1105 1731 1183">
    <p class='ocr_par' dir='ltr' id='par_1_10' title="bbox 159 1105 1731 1183">
     <span class='ocr_line' id='line_1_10' title="bbox 159 1105 1731 1183; baseline -0.012 -15"><span class='ocrx_word' id='word_1_62' title='bbox 159 1117 220 1168; x_wconf 72' lang='grc' dir='ltr'><strong>τὰ</strong></span> <span class='ocrx_word' id='word_1_63' title='bbox 252 1114 388 1183; x_wconf 75' lang='grc' dir='ltr'>ἔργα</span> <span class='ocrx_word' id='word_1_64' title='bbox 418 1110 966 1178; x_wconf 72' lang='grc' dir='ltr'>αὑτοῢ.Ἀνθρωετος</span> <span class='ocrx_word' id='word_1_65' title='bbox 1001 1109 1100 1179; x_wconf 82' lang='grc' dir='ltr'>μὲν</span> <span class='ocrx_word' id='word_1_66' title='bbox 1133 1109 1242 1180; x_wconf 70' lang='grc' dir='ltr'>γὰρ</span> <span class='ocrx_word' id='word_1_67' title='bbox 1285 1111 1375 1174; x_wconf 75' lang='grc' dir='ltr'>εἰς</span> <span class='ocrx_word' id='word_1_68' title='bbox 1420 1108 1566 1177; x_wconf 69' lang='grc' dir='ltr'><strong>ὄψιν</strong></span> <span class='ocrx_word' id='word_1_69' title='bbox 1587 1105 1731 1178; x_wconf 41' lang='grc' dir='ltr'><strong>δρᾷς</strong></span> 
     </span>
    </p>
   </div>
   <div class='ocr_carea' id='block_1_11' title="bbox 161 1199 1739 1276">
    <p class='ocr_par' dir='ltr' id='par_1_11' title="bbox 161 1199 1739 1276">
     <span class='ocr_line' id='line_1_11' title="bbox 161 1199 1739 1276; baseline -0.005 -15"><span class='ocrx_word' id='word_1_70' title='bbox 161 1206 308 1268; x_wconf 74' lang='grc' dir='ltr'>αὐτὸς</span> <span class='ocrx_word' id='word_1_71' title='bbox 331 1205 388 1258; x_wconf 81' lang='grc' dir='ltr'>δὲ</span> <span class='ocrx_word' id='word_1_72' title='bbox 415 1202 666 1276; x_wconf 84' lang='grc' dir='ltr'>κριτικός</span> <span class='ocrx_word' id='word_1_73' title='bbox 692 1203 838 1254; x_wconf 74' lang='grc' dir='ltr'>ἐστιν</span> <span class='ocrx_word' id='word_1_74' title='bbox 866 1200 1217 1271; x_wconf 76' lang='grc' dir='ltr'>ἐνθυμήσεων</span> <span class='ocrx_word' id='word_1_75' title='bbox 1241 1199 1336 1253; x_wconf 80' lang='grc' dir='ltr'>καὶ</span> <span class='ocrx_word' id='word_1_76' title='bbox 1355 1200 1572 1253; x_wconf 80' lang='grc' dir='ltr'>ἐννοιῶν</span> <span class='ocrx_word' id='word_1_77' title='bbox 1598 1218 1739 1273; x_wconf 78' lang='grc' dir='ltr'>καρ-</span> 
     </span>
    </p>
   </div>
   <div class='ocr_carea' id='block_1_12' title="bbox 159 1291 1736 1365">
    <p class='ocr_par' dir='ltr' id='par_1_12' title="bbox 159 1291 1736 1365">
     <span class='ocr_line' id='line_1_12' title="bbox 159 1291 1736 1365; baseline -0.005 -13"><span class='ocrx_word' id='word_1_78' title='bbox 159 1297 296 1361; x_wconf 75' lang='grc' dir='ltr'>δίαςο</span> <span class='ocrx_word' id='word_1_79' title='bbox 332 1297 431 1349; x_wconf 77' lang='grc' dir='ltr'>οὐκ</span> <span class='ocrx_word' id='word_1_80' title='bbox 461 1295 578 1348; x_wconf 78' lang='grc' dir='ltr'>ἐστι</span> <span class='ocrx_word' id='word_1_81' title='bbox 613 1295 794 1365; x_wconf 85' lang='grc' dir='ltr'>κρίσις</span> <span class='ocrx_word' id='word_1_82' title='bbox 824 1291 1036 1363; x_wconf 75' lang='grc' dir='ltr'>ἀφανὴς</span> <span class='ocrx_word' id='word_1_83' title='bbox 1063 1291 1293 1345; x_wconf 80' lang='grc' dir='ltr'>ἐνώπιον</span> <span class='ocrx_word' id='word_1_84' title='bbox 1325 1291 1512 1346; x_wconf 79' lang='grc' dir='ltr'>αὑτοῦ.</span> <span class='ocrx_word' id='word_1_85' title='bbox 1543 1291 1736 1345; x_wconf 79' lang='grc' dir='ltr'>Τοιοῦ-</span> 
     </span>
    </p>
   </div>
   <div class='ocr_carea' id='block_1_13' title="bbox 160 1383 1735 1457">
    <p class='ocr_par' dir='ltr' id='par_1_13' title="bbox 160 1383 1735 1457">
     <span class='ocr_line' id='line_1_13' title="bbox 160 1383 1735 1457; baseline -0.004 -15"><span class='ocrx_word' id='word_1_86' title='bbox 160 1407 239 1443; x_wconf 85' lang='grc' dir='ltr'><strong>τον</strong></span> <span class='ocrx_word' id='word_1_87' title='bbox 262 1387 436 1452; x_wconf 80' lang='grc' dir='ltr'>δείξας</span> <span class='ocrx_word' id='word_1_88' title='bbox 464 1387 558 1440; x_wconf 77' lang='grc' dir='ltr'><strong>τὸν</strong></span> <span class='ocrx_word' id='word_1_89' title='bbox 585 1387 738 1450; x_wconf 81' lang='grc' dir='ltr'>Θεὸν,</span> <span class='ocrx_word' id='word_1_90' title='bbox 769 1383 1312 1457; x_wconf 75' lang='grc' dir='ltr'>πεπαρρησιασμένῳ</span> <span class='ocrx_word' id='word_1_91' title='bbox 1342 1384 1601 1437; x_wconf 81' lang='grc' dir='ltr'><strong>συνειδότι</strong></span> <span class='ocrx_word' id='word_1_92' title='bbox 1630 1401 1735 1455; x_wconf 80' lang='grc' dir='ltr'>φη-</span> 
     </span>
    </p>
   </div>
   <div class='ocr_carea' id='block_1_14' title="bbox 162 1473 1737 1549">
    <p class='ocr_par' dir='ltr' id='par_1_14' title="bbox 162 1473 1737 1549">
     <span class='ocr_line' id='line_1_14' title="bbox 162 1473 1737 1549; baseline -0.003 -15"><span class='ocrx_word' id='word_1_93' title='bbox 162 1481 264 1534; x_wconf 85' lang='grc' dir='ltr'>σίν·</span> <span class='ocrx_word' id='word_1_94' title='bbox 307 1481 366 1535; x_wconf 84' lang='grc' dir='ltr'><strong><em>Ἠ</em></strong></span> <span class='ocrx_word' id='word_1_95' title='bbox 386 1478 644 1545; x_wconf 82' lang='grc' dir='ltr'>,ϐοήθειά</span> <span class='ocrx_word' id='word_1_96' title='bbox 668 1497 788 1549; x_wconf 79' lang='grc' dir='ltr'><strong>μου</strong></span> <span class='ocrx_word' id='word_1_97' title='bbox 820 1477 978 1545; x_wconf 79' lang='grc' dir='ltr'><em>παρὰ</em></span> <span class='ocrx_word' id='word_1_98' title='bbox 1008 1475 1116 1530; x_wconf 88' lang='grc' dir='ltr'>τοῦ</span> <span class='ocrx_word' id='word_1_99' title='bbox 1147 1473 1295 1530; x_wconf 87' lang='grc' dir='ltr'><strong>Θεοῦ</strong></span> <span class='ocrx_word' id='word_1_100' title='bbox 1319 1477 1424 1530; x_wconf 85' lang='grc' dir='ltr'>τοῦ</span> <span class='ocrx_word' id='word_1_101' title='bbox 1446 1475 1737 1543; x_wconf 74' lang='grc' dir='ltr'><em>σώζοντος</em></span> 
     </span>
    </p>
   </div>
   <div class='ocr_carea' id='block_1_15' title="bbox 162 1567 1736 1642">
    <p class='ocr_par' dir='ltr' id='par_1_15' title="bbox 162 1567 1736 1642">
     <span class='ocr_line' id='line_1_15' title="bbox 162 1567 1736 1642; baseline -0.002 -15"><span class='ocrx_word' id='word_1_102' title='bbox 162 1573 290 1640; x_wconf 82' lang='grc' dir='ltr'>τοὺς</span> <span class='ocrx_word' id='word_1_103' title='bbox 326 1572 522 1638; x_wconf 83' lang='grc' dir='ltr'>εὐθεῖς</span> <span class='ocrx_word' id='word_1_104' title='bbox 549 1571 622 1640; x_wconf 76' lang='grc' dir='ltr'>τῇ</span> <span class='ocrx_word' id='word_1_105' title='bbox 648 1571 882 1640; x_wconf 80' lang='grc' dir='ltr'>καρδίᾳ.</span> <span class='ocrx_word' id='word_1_106' title='bbox 905 1570 1131 1642; x_wconf 77' lang='grc' dir='ltr'>Χρηστὰ</span> <span class='ocrx_word' id='word_1_107' title='bbox 1161 1569 1271 1641; x_wconf 84' lang='grc' dir='ltr'><strong>γὰρ</strong></span> <span class='ocrx_word' id='word_1_108' title='bbox 1299 1567 1508 1633; x_wconf 72' lang='grc' dir='ltr'>ἐλπίζει</span> <span class='ocrx_word' id='word_1_109' title='bbox 1531 1570 1619 1623; x_wconf 80' lang='grc' dir='ltr'><strong>διὰ</strong></span> <span class='ocrx_word' id='word_1_110' title='bbox 1645 1571 1736 1624; x_wconf 82' lang='grc' dir='ltr'>τὸν</span> 
     </span>
    </p>
   </div>
   <div class='ocr_carea' id='block_1_16' title="bbox 163 1659 1737 1732">
    <p class='ocr_par' dir='ltr' id='par_1_16' title="bbox 163 1659 1737 1732">
     <span class='ocr_line' id='line_1_16' title="bbox 163 1659 1737 1732; baseline 0.001 -19"><span class='ocrx_word' id='word_1_111' title='bbox 163 1660 405 1723; x_wconf 71' lang='grc' dir='ltr'>ὲτᾶζοντα</span> <span class='ocrx_word' id='word_1_112' title='bbox 437 1660 669 1730; x_wconf 79' lang='grc' dir='ltr'><strong>καρδίας</strong></span> <span class='ocrx_word' id='word_1_113' title='bbox 709 1661 803 1713; x_wconf 77' lang='grc' dir='ltr'><strong>καὶ</strong></span> <span class='ocrx_word' id='word_1_114' title='bbox 837 1661 1090 1731; x_wconf 81' lang='grc' dir='ltr'>νεφροὺς,</span> <span class='ocrx_word' id='word_1_115' title='bbox 1137 1659 1213 1723; x_wconf 84' lang='grc' dir='ltr'><strong>ὡς</strong></span> <span class='ocrx_word' id='word_1_116' title='bbox 1247 1660 1313 1732; x_wconf 85' lang='grc' dir='ltr'>δὴ</span> <span class='ocrx_word' id='word_1_117' title='bbox 1355 1659 1566 1713; x_wconf 75' lang='grc' dir='ltr'>σκολιὸν</span> <span class='ocrx_word' id='word_1_118' title='bbox 1598 1660 1737 1731; x_wconf 82' lang='grc' dir='ltr'>ἔχων</span> 
     </span>
    </p>
   </div>
   <div class='ocr_carea' id='block_1_17' title="bbox 163 1752 629 1824">
    <p class='ocr_par' dir='ltr' id='par_1_17' title="bbox 163 1752 629 1824">
     <span class='ocr_line' id='line_1_17' title="bbox 163 1752 629 1824; baseline -0.004 -18"><span class='ocrx_word' id='word_1_119' title='bbox 163 1753 299 1806; x_wconf 74' lang='grc' dir='ltr'>οὐδὲν</span> <span class='ocrx_word' id='word_1_120' title='bbox 325 1755 381 1806; x_wconf 83' lang='grc' dir='ltr'>ἐν</span> <span class='ocrx_word' id='word_1_121' title='bbox 411 1752 629 1824; x_wconf 72' lang='grc' dir='ltr'>καρδία.</span> 
     </span>
    </p>
   </div>
   <div class='ocr_carea' id='block_1_18' title="bbox 239 1843 1735 1916">
    <p class='ocr_par' dir='ltr' id='par_1_18' title="bbox 239 1843 1735 1916">
     <span class='ocr_line' id='line_1_18' title="bbox 239 1843 1735 1916; baseline -0.004 -13"><span class='ocrx_word' id='word_1_122' title='bbox 239 1846 372 1903; x_wconf 78' lang='grc' dir='ltr'><strong>Ἐὰν</strong></span> <span class='ocrx_word' id='word_1_123' title='bbox 414 1844 504 1914; x_wconf 81' lang='grc' dir='ltr'>μὴ</span> <span class='ocrx_word' id='word_1_124' title='bbox 551 1845 982 1916; x_wconf 58' lang='grc' dir='ltr'>ἐπιστραφῆτε,</span> <span class='ocrx_word' id='word_1_125' title='bbox 1033 1847 1150 1916; x_wconf 82' lang='grc' dir='ltr'><strong>τὴν</strong></span> <span class='ocrx_word' id='word_1_126' title='bbox 1189 1846 1497 1916; x_wconf 69' lang='grc' dir='ltr'><em>ῥομφαίαν</em></span> <span class='ocrx_word' id='word_1_127' title='bbox 1544 1843 1735 1898; x_wconf 86' lang='grc' dir='ltr'><em>αὐτοῦ</em></span> 
     </span>
    </p>
   </div>
   <div class='ocr_carea' id='block_1_19' title="bbox 165 1936 1734 2006">
    <p class='ocr_par' dir='ltr' id='par_1_19' title="bbox 165 1936 1734 2006">
     <span class='ocr_line' id='line_1_19' title="bbox 165 1936 1734 2006; baseline -0.002 -14"><span class='ocrx_word' id='word_1_128' title='bbox 165 1936 468 1992; x_wconf 61' lang='grc' dir='ltr'>σταίᾶῦσει</span> <span class='ocrx_word' id='word_1_129' title='bbox 493 1955 507 1967; x_wconf 83' lang='grc'><em>’</em></span> <span class='ocrx_word' id='word_1_130' title='bbox 560 1938 628 1991; x_wconf 85' lang='grc' dir='ltr'>τὸ</span> <span class='ocrx_word' id='word_1_131' title='bbox 671 1939 854 2003; x_wconf 78' lang='grc' dir='ltr'><em>τόξον</em></span> <span class='ocrx_word' id='word_1_132' title='bbox 874 1939 1061 1994; x_wconf 80' lang='grc' dir='ltr'>αὑτοῦ</span> <span class='ocrx_word' id='word_1_133' title='bbox 1083 1939 1342 1992; x_wconf 77' lang='grc' dir='ltr'><strong>ἐνέτεινε</strong></span> <span class='ocrx_word' id='word_1_134' title='bbox 1367 1937 1464 1990; x_wconf 73' lang='grc' dir='ltr'>καί</span> <span class='ocrx_word' id='word_1_135' title='bbox 1491 1937 1734 2006; x_wconf 78' lang='grc' dir='ltr'>ἡτοίμα-</span> 
     </span>
    </p>
   </div>
   <div class='ocr_carea' id='block_1_20' title="bbox 165 2028 1736 2103">
    <p class='ocr_par' dir='ltr' id='par_1_20' title="bbox 165 2028 1736 2103">
     <span class='ocr_line' id='line_1_20' title="bbox 165 2028 1736 2103; baseline -0.003 -19"><span class='ocrx_word' id='word_1_136' title='bbox 165 2047 264 2084; x_wconf 72' lang='grc' dir='ltr'><strong>σεν</strong></span> <span class='ocrx_word' id='word_1_137' title='bbox 302 2031 467 2083; x_wconf 84' lang='grc' dir='ltr'><strong>αὐτό.</strong></span> <span class='ocrx_word' id='word_1_138' title='bbox 505 2031 732 2101; x_wconf 78' lang='grc' dir='ltr'><strong>Μήποτε</strong></span> <span class='ocrx_word' id='word_1_139' title='bbox 781 2031 1366 2103; x_wconf 85' lang='grc' dir='ltr'>παρασεσιωπημένως</span> <span class='ocrx_word' id='word_1_140' title='bbox 1405 2028 1576 2083; x_wconf 77' lang='grc' dir='ltr'>ταῦτα</span> <span class='ocrx_word' id='word_1_141' title='bbox 1608 2029 1736 2100; x_wconf 81' lang='grc' dir='ltr'>περὶ</span> 
     </span>
    </p>
   </div>
   <div class='ocr_carea' id='block_1_21' title="bbox 163 2118 1737 2195">
    <p class='ocr_par' dir='ltr' id='par_1_21' title="bbox 163 2118 1737 2195">
     <span class='ocr_line' id='line_1_21' title="bbox 163 2118 1737 2195; baseline -0.001 -19"><span class='ocrx_word' id='word_1_142' title='bbox 163 2123 245 2176; x_wconf 74' lang='grc' dir='ltr'>τοῦ</span> <span class='ocrx_word' id='word_1_143' title='bbox 291 2123 540 2176; x_wconf 82' lang='grc' dir='ltr'>διαϐόλου</span> <span class='ocrx_word' id='word_1_144' title='bbox 585 2124 834 2193; x_wconf 84' lang='grc' dir='ltr'>λέγεται·</span> <span class='ocrx_word' id='word_1_145' title='bbox 867 2118 1022 2188; x_wconf 72' lang='grc' dir='ltr'>οὗτος</span> <span class='ocrx_word' id='word_1_146' title='bbox 1063 2123 1170 2195; x_wconf 78' lang='grc' dir='ltr'><strong>γὰρ</strong></span> <span class='ocrx_word' id='word_1_147' title='bbox 1218 2122 1356 2194; x_wconf 84' lang='grc' dir='ltr'>πρὸς</span> <span class='ocrx_word' id='word_1_148' title='bbox 1393 2121 1616 2185; x_wconf 87' lang='grc' dir='ltr'>τούτους</span> <span class='ocrx_word' id='word_1_149' title='bbox 1646 2121 1737 2175; x_wconf 75' lang='grc' dir='ltr'>καὶ</span> 
     </span>
    </p>
   </div>
   <div class='ocr_carea' id='block_1_22' title="bbox 165 2215 1080 2287">
    <p class='ocr_par' dir='ltr' id='par_1_22' title="bbox 165 2215 1080 2287">
     <span class='ocr_line' id='line_1_22' title="bbox 165 2215 1080 2287; baseline 0.001 -18"><span class='ocrx_word' id='word_1_150' title='bbox 165 2218 408 2286; x_wconf 71' lang='grc' dir='ltr'>ὡδίνησεν</span> <span class='ocrx_word' id='word_1_151' title='bbox 438 2216 678 2280; x_wconf 79' lang='grc' dir='ltr'>ἀδικίαν,</span> <span class='ocrx_word' id='word_1_152' title='bbox 715 2217 810 2270; x_wconf 78' lang='grc' dir='ltr'>καὶ</span> <span class='ocrx_word' id='word_1_153' title='bbox 835 2216 902 2270; x_wconf 75' lang='grc' dir='ltr'><strong>τὰ</strong></span> <span class='ocrx_word' id='word_1_154' title='bbox 935 2215 1080 2287; x_wconf 77' lang='grc' dir='ltr'><strong>ἑξῆς.</strong></span> 
     </span>
    </p>
   </div>
   <div class='ocr_carea' id='block_1_23' title="bbox 238 2308 1735 2376">
    <p class='ocr_par' dir='ltr' id='par_1_23' title="bbox 238 2308 1735 2376">
     <span class='ocr_line' id='line_1_23' title="bbox 238 2308 1735 2376; baseline 0.001 -14"><span class='ocrx_word' id='word_1_155' title='bbox 238 2309 375 2362; x_wconf 81' lang='grc' dir='ltr'>Ἰδοὺ</span> <span class='ocrx_word' id='word_1_156' title='bbox 411 2309 715 2376; x_wconf 75' lang='grc' dir='ltr'>ὠδίνησεν</span> <span class='ocrx_word' id='word_1_157' title='bbox 753 2308 1010 2375; x_wconf 78' lang='grc' dir='ltr'>ἀδικίαν,</span> <span class='ocrx_word' id='word_1_158' title='bbox 1056 2308 1356 2364; x_wconf 75' lang='grc' dir='ltr'>συνέλαϐε</span> <span class='ocrx_word' id='word_1_159' title='bbox 1393 2311 1604 2374; x_wconf 81' lang='grc' dir='ltr'><em>πόνον,</em></span> <span class='ocrx_word' id='word_1_160' title='bbox 1638 2309 1735 2363; x_wconf 78' lang='grc' dir='ltr'>καί</span> 
     </span>
    </p>
   </div>
   <div class='ocr_carea' id='block_1_24' title="bbox 165 2397 1738 2468">
    <p class='ocr_par' dir='ltr' id='par_1_24' title="bbox 165 2397 1738 2468">
     <span class='ocr_line' id='line_1_24' title="bbox 165 2397 1738 2468; baseline -0.001 -14"><span class='ocrx_word' id='word_1_161' title='bbox 165 2400 352 2454; x_wconf 75' lang='grc' dir='ltr'>ἔτεκεν</span> <span class='ocrx_word' id='word_1_162' title='bbox 397 2399 678 2467; x_wconf 76' lang='grc' dir='ltr'><strong>ἀνομίαν.</strong></span> <span class='ocrx_word' id='word_1_163' title='bbox 711 2397 952 2452; x_wconf 77' lang='grc' dir='ltr'>Αὰκκον</span> <span class='ocrx_word' id='word_1_164' title='bbox 1004 2398 1195 2467; x_wconf 78' lang='grc' dir='ltr'>ὤρυξε</span> <span class='ocrx_word' id='word_1_165' title='bbox 1245 2399 1343 2452; x_wconf 80' lang='grc' dir='ltr'><strong>καὶ</strong></span> <span class='ocrx_word' id='word_1_166' title='bbox 1385 2397 1738 2468; x_wconf 72' lang='grc' dir='ltr'><strong>ἀνέσκαψεν</strong></span> 
     </span>
    </p>
   </div>
   <div class='ocr_carea' id='block_1_25' title="bbox 165 2489 1732 2560">
    <p class='ocr_par' dir='ltr' id='par_1_25' title="bbox 165 2489 1732 2560">
     <span class='ocr_line' id='line_1_25' title="bbox 165 2489 1732 2560; baseline -0.001 -16"><span class='ocrx_word' id='word_1_167' title='bbox 165 2491 353 2554; x_wconf 73' lang='grc' dir='ltr'><em>αὐτὸν,</em></span> <span class='ocrx_word' id='word_1_168' title='bbox 389 2490 862 2560; x_wconf 45' lang='grc' dir='ltr'>καίέμπεσεῖται</span> <span class='ocrx_word' id='word_1_169' title='bbox 899 2493 986 2557; x_wconf 84' lang='grc' dir='ltr'><strong>είς</strong></span> <span class='ocrx_word' id='word_1_170' title='bbox 1012 2492 1242 2559; x_wconf 78' lang='grc' dir='ltr'><strong>βόθρον</strong></span> <span class='ocrx_word' id='word_1_171' title='bbox 1286 2490 1358 2545; x_wconf 81' lang='grc' dir='ltr'><strong>ὃν</strong></span> <span class='ocrx_word' id='word_1_172' title='bbox 1397 2489 1732 2560; x_wconf 66' lang='grc' dir='ltr'>εἰργάσατο.</span> 
     </span>
    </p>
   </div>
   <div class='ocr_carea' id='block_1_26' title="bbox 177 2583 1734 2654">
    <p class='ocr_par' dir='ltr' id='par_1_26' title="bbox 177 2583 1734 2654">
     <span class='ocr_line' id='line_1_26' title="bbox 177 2583 1734 2654; baseline 0.001 -18"><span class='ocrx_word' id='word_1_173' title='bbox 177 2584 536 2652; x_wconf 72' lang='grc' dir='ltr'>Ἐπιστρέψει</span> <span class='ocrx_word' id='word_1_174' title='bbox 571 2587 603 2636; x_wconf 84' lang='grc' dir='ltr'><strong><em>ό</em></strong></span> <span class='ocrx_word' id='word_1_175' title='bbox 634 2585 820 2648; x_wconf 75' lang='grc' dir='ltr'><em>πόνος</em></span> <span class='ocrx_word' id='word_1_176' title='bbox 850 2583 1036 2637; x_wconf 84' lang='grc' dir='ltr'>αὑτοῦ</span> <span class='ocrx_word' id='word_1_177' title='bbox 1081 2587 1169 2650; x_wconf 84' lang='grc' dir='ltr'>εἰς</span> <span class='ocrx_word' id='word_1_178' title='bbox 1209 2583 1484 2654; x_wconf 65' lang='grc' dir='ltr'>κεφαλὴν</span> <span class='ocrx_word' id='word_1_179' title='bbox 1528 2583 1734 2648; x_wconf 83' lang='grc' dir='ltr'>αὐτοῦ,</span> 
     </span>
    </p>
   </div>
   <div class='ocr_carea' id='block_1_27' title="bbox 166 2675 1738 2746">
    <p class='ocr_par' dir='ltr' id='par_1_27' title="bbox 166 2675 1738 2746">
     <span class='ocr_line' id='line_1_27' title="bbox 166 2675 1738 2746; baseline 0.001 -19"><span class='ocrx_word' id='word_1_180' title='bbox 166 2677 250 2728; x_wconf 77' lang='grc' dir='ltr'>καί</span> <span class='ocrx_word' id='word_1_181' title='bbox 282 2676 376 2729; x_wconf 75' lang='grc' dir='ltr'><strong>ἐπὶ</strong></span> <span class='ocrx_word' id='word_1_182' title='bbox 418 2675 699 2746; x_wconf 61' lang='grc' dir='ltr'>κορυφὴν</span> <span class='ocrx_word' id='word_1_183' title='bbox 723 2675 912 2730; x_wconf 83' lang='grc' dir='ltr'><em>αὐτοῦ</em></span> <span class='ocrx_word' id='word_1_184' title='bbox 948 2677 986 2746; x_wconf 77' lang='grc' dir='ltr'><strong><em>ἠ</em></strong></span> <span class='ocrx_word' id='word_1_185' title='bbox 1015 2675 1220 2731; x_wconf 80' lang='grc' dir='ltr'>ἀδικία</span> <span class='ocrx_word' id='word_1_186' title='bbox 1248 2676 1437 2731; x_wconf 83' lang='grc' dir='ltr'>αὑτοῦ</span> <span class='ocrx_word' id='word_1_187' title='bbox 1480 2675 1738 2742; x_wconf 78' lang='grc' dir='ltr'>καταϐή-</span> 
     </span>
    </p>
   </div>
   <div class='ocr_carea' id='block_1_28' title="bbox 167 2762 1734 2840">
    <p class='ocr_par' dir='ltr' id='par_1_28' title="bbox 167 2762 1734 2840">
     <span class='ocr_line' id='line_1_28' title="bbox 167 2762 1734 2840; baseline 0.002 -19"><span class='ocrx_word' id='word_1_188' title='bbox 167 2784 339 2822; x_wconf 75' lang='grc' dir='ltr'>σεται.</span> <span class='ocrx_word' id='word_1_189' title='bbox 379 2768 568 2822; x_wconf 76' lang='grc' dir='ltr'>Ταῦτα</span> <span class='ocrx_word' id='word_1_190' title='bbox 639 2769 818 2840; x_wconf 79' lang='grc' dir='ltr'>ῥητῶς</span> <span class='ocrx_word' id='word_1_191' title='bbox 879 2768 966 2822; x_wconf 83' lang='grc' dir='ltr'><strong>ἐπ’</strong></span> <span class='ocrx_word' id='word_1_192' title='bbox 1013 2762 1295 2840; x_wconf 76' lang='grc' dir='ltr'>Ἀχίτόφελ</span> <span class='ocrx_word' id='word_1_193' title='bbox 1361 2769 1734 2840; x_wconf 78' lang='grc' dir='ltr'><strong>πεπλήρωται.</strong></span> 
     </span>
    </p>
   </div>
   <div class='ocr_carea' id='block_1_29' title="bbox 168 2860 1738 2934">
    <p class='ocr_par' dir='ltr' id='par_1_29' title="bbox 168 2860 1738 2934">
     <span class='ocr_line' id='line_1_29' title="bbox 168 2860 1738 2934; baseline -0.001 -19"><span class='ocrx_word' id='word_1_194' title='bbox 168 2861 654 2933; x_wconf 74' lang='grc' dir='ltr'>Παρευδοκιμηθεὶς</span> <span class='ocrx_word' id='word_1_195' title='bbox 696 2863 805 2934; x_wconf 76' lang='grc' dir='ltr'>γὰρ</span> <span class='ocrx_word' id='word_1_196' title='bbox 848 2862 954 2916; x_wconf 78' lang='grc' dir='ltr'>ὑπὸ</span> <span class='ocrx_word' id='word_1_197' title='bbox 998 2862 1094 2915; x_wconf 81' lang='grc' dir='ltr'><strong>τοῦ</strong></span> <span class='ocrx_word' id='word_1_198' title='bbox 1124 2861 1318 2927; x_wconf 76' lang='grc' dir='ltr'>Χουσὶ,</span> <span class='ocrx_word' id='word_1_199' title='bbox 1349 2863 1442 2915; x_wconf 70' lang='grc' dir='ltr'>καὶ</span> <span class='ocrx_word' id='word_1_200' title='bbox 1482 2860 1552 2914; x_wconf 84' lang='grc' dir='ltr'>τὰ</span> <span class='ocrx_word' id='word_1_201' title='bbox 1594 2860 1738 2930; x_wconf 82' lang='grc' dir='ltr'>πρά-</span> 
     </span>
    </p>
   </div>
   <div class='ocr_carea' id='block_1_30' title="bbox 168 2951 1739 3028">
    <p class='ocr_par' dir='ltr' id='par_1_30' title="bbox 168 2951 1739 3028">
     <span class='ocr_line' id='line_1_30' title="bbox 168 2951 1739 3028; baseline -0.002 -20"><span class='ocrx_word' id='word_1_202' title='bbox 168 2973 335 3026; x_wconf 81' lang='grc' dir='ltr'>γματα</span> <span class='ocrx_word' id='word_1_203' title='bbox 365 2955 460 3008; x_wconf 75' lang='grc' dir='ltr'><strong>τοῦ</strong></span> <span class='ocrx_word' id='word_1_204' title='bbox 503 2955 877 3026; x_wconf 84' lang='grc' dir='ltr'>Ἀϐεσσαλὼμ,</span> <span class='ocrx_word' id='word_1_205' title='bbox 909 2955 984 3020; x_wconf 82' lang='grc' dir='ltr'>ὡς</span> <span class='ocrx_word' id='word_1_206' title='bbox 1012 2956 1076 3028; x_wconf 78' lang='grc' dir='ltr'>δὴ</span> <span class='ocrx_word' id='word_1_207' title='bbox 1111 2955 1293 3026; x_wconf 77' lang='grc' dir='ltr'>σοφὸς,</span> <span class='ocrx_word' id='word_1_208' title='bbox 1329 2954 1620 3024; x_wconf 76' lang='grc' dir='ltr'>ἀπογνοὺς,</span> <span class='ocrx_word' id='word_1_209' title='bbox 1643 2951 1739 3006; x_wconf 74' lang='grc' dir='ltr'><strong>καὶ</strong></span> 
     </span>
    </p>
   </div>
   <div class='ocr_carea' id='block_1_31' title="bbox 169 3041 1739 3118">
    <p class='ocr_par' dir='ltr' id='par_1_31' title="bbox 169 3041 1739 3118">
     <span class='ocr_line' id='line_1_31' title="bbox 169 3041 1739 3118; baseline -0.004 -18"><span class='ocrx_word' id='word_1_210' title='bbox 169 3047 254 3118; x_wconf 75' lang='grc' dir='ltr'>τὴν</span> <span class='ocrx_word' id='word_1_211' title='bbox 303 3048 602 3118; x_wconf 86' lang='grc' dir='ltr'>μέλλουσαν</span> <span class='ocrx_word' id='word_1_212' title='bbox 651 3049 717 3100; x_wconf 87' lang='grc' dir='ltr'>ὲκ</span> <span class='ocrx_word' id='word_1_213' title='bbox 763 3046 856 3099; x_wconf 81' lang='grc' dir='ltr'>τοῦ</span> <span class='ocrx_word' id='word_1_214' title='bbox 891 3045 1054 3098; x_wconf 84' lang='grc' dir='ltr'>Δαυῒδ</span> <span class='ocrx_word' id='word_1_215' title='bbox 1083 3045 1418 3116; x_wconf 81' lang='grc' dir='ltr'>φοϐούμενος</span> <span class='ocrx_word' id='word_1_216' title='bbox 1455 3044 1630 3114; x_wconf 88' lang='grc' dir='ltr'>δίκην,</span> <span class='ocrx_word' id='word_1_217' title='bbox 1658 3041 1739 3095; x_wconf 74' lang='grc' dir='ltr'><strong>οῖ-</strong></span> 
     </span>
    </p>
   </div>
   <div class='ocr_carea' id='block_1_32' title="bbox 170 3135 1741 3213">
    <p class='ocr_par' dir='ltr' id='par_1_32' title="bbox 170 3135 1741 3213">
     <span class='ocr_line' id='line_1_32' title="bbox 170 3135 1741 3213; baseline -0.004 -20"><span class='ocrx_word' id='word_1_218' title='bbox 170 3141 287 3194; x_wconf 79' lang='grc' dir='ltr'>καδε</span> <span class='ocrx_word' id='word_1_219' title='bbox 334 3141 698 3212; x_wconf 78' lang='grc' dir='ltr'>ἀναχωρήσας</span> <span class='ocrx_word' id='word_1_220' title='bbox 745 3139 1048 3213; x_wconf 82' lang='grc' dir='ltr'>ἀπήγξατο,</span> <span class='ocrx_word' id='word_1_221' title='bbox 1093 3137 1281 3192; x_wconf 85' lang='grc' dir='ltr'>παθὼν</span> <span class='ocrx_word' id='word_1_222' title='bbox 1327 3137 1471 3208; x_wconf 77' lang='grc' dir='ltr'>ἅπερ</span> <span class='ocrx_word' id='word_1_223' title='bbox 1511 3135 1741 3188; x_wconf 79' lang='grc' dir='ltr'>ἐπεϐού-</span> 
     </span>
    </p>
   </div>
   <div class='ocr_carea' id='block_1_33' title="bbox 169 3227 1743 3304">
    <p class='ocr_par' dir='ltr' id='par_1_33' title="bbox 169 3227 1743 3304">
     <span class='ocr_line' id='line_1_33' title="bbox 169 3227 1743 3304; baseline -0.004 -18"><span class='ocrx_word' id='word_1_224' title='bbox 169 3234 276 3287; x_wconf 81' lang='grc' dir='ltr'>λευε</span> <span class='ocrx_word' id='word_1_225' title='bbox 325 3235 524 3289; x_wconf 79' lang='grc' dir='ltr'>παθεῖν</span> <span class='ocrx_word' id='word_1_226' title='bbox 558 3236 648 3288; x_wconf 83' lang='grc' dir='ltr'>τὸν</span> <span class='ocrx_word' id='word_1_227' title='bbox 685 3234 867 3299; x_wconf 81' lang='grc' dir='ltr'>Δαυῒδ,</span> <span class='ocrx_word' id='word_1_228' title='bbox 898 3235 992 3288; x_wconf 70' lang='grc' dir='ltr'>καὶ</span> <span class='ocrx_word' id='word_1_229' title='bbox 1037 3233 1138 3304; x_wconf 79' lang='grc' dir='ltr'>τὴν</span> <span class='ocrx_word' id='word_1_230' title='bbox 1182 3231 1304 3285; x_wconf 86' lang='grc' dir='ltr'>κατ’</span> <span class='ocrx_word' id='word_1_231' title='bbox 1336 3227 1502 3283; x_wconf 83' lang='grc' dir='ltr'>αὐτοῦ</span> <span class='ocrx_word' id='word_1_232' title='bbox 1545 3228 1743 3282; x_wconf 87' lang='grc' dir='ltr'>κακίαν</span> 
     </span>
    </p>
   </div>
   <div class='ocr_carea' id='block_1_34' title="bbox 171 3320 1744 3398">
    <p class='ocr_par' dir='ltr' id='par_1_34' title="bbox 171 3320 1744 3398">
     <span class='ocr_line' id='line_1_34' title="bbox 171 3320 1744 3398; baseline -0.004 -18"><span class='ocrx_word' id='word_1_233' title='bbox 171 3328 252 3380; x_wconf 70' lang='grc' dir='ltr'><strong>ἐπὶ</strong></span> <span class='ocrx_word' id='word_1_234' title='bbox 285 3327 379 3398; x_wconf 82' lang='grc' dir='ltr'>τὴν</span> <span class='ocrx_word' id='word_1_235' title='bbox 414 3327 584 3382; x_wconf 77' lang='grc' dir='ltr'>αὐτοῦ</span> <span class='ocrx_word' id='word_1_236' title='bbox 616 3328 860 3398; x_wconf 79' lang='grc' dir='ltr'>κεφαλὴν</span> <span class='ocrx_word' id='word_1_237' title='bbox 895 3324 1236 3396; x_wconf 77' lang='grc' dir='ltr'>ἀπεμάξατο.</span> <span class='ocrx_word' id='word_1_238' title='bbox 1286 3322 1398 3377; x_wconf 75' lang='grc' dir='ltr'><strong>Καὶ</strong></span> <span class='ocrx_word' id='word_1_239' title='bbox 1427 3321 1654 3376; x_wconf 86' lang='grc' dir='ltr'>καθόλου</span> <span class='ocrx_word' id='word_1_240' title='bbox 1687 3320 1744 3373; x_wconf 87' lang='grc' dir='ltr'>δὲ</span> 
     </span>
    </p>
   </div>
   <div class='ocr_carea' id='block_1_35' title="bbox 173 3412 1744 3492">
    <p class='ocr_par' dir='ltr' id='par_1_35' title="bbox 173 3412 1744 3492">
     <span class='ocr_line' id='line_1_35' title="bbox 173 3412 1744 3492; baseline 0.01 -23"><span class='ocrx_word' id='word_1_241' title='bbox 173 3421 268 3482; x_wconf 75' lang='grc' dir='ltr'>πᾶς</span> <span class='ocrx_word' id='word_1_242' title='bbox 298 3419 360 3471; x_wconf 79' lang='grc' dir='ltr'><strong>δι’</strong></span> <span class='ocrx_word' id='word_1_243' title='bbox 389 3413 464 3472; x_wconf 82' lang='grc' dir='ltr'><strong>ῶν</strong></span> <span class='ocrx_word' id='word_1_244' title='bbox 493 3419 782 3492; x_wconf 84' lang='grc' dir='ltr'>είργὰσατο</span> <span class='ocrx_word' id='word_1_245' title='bbox 814 3418 1000 3473; x_wconf 83' lang='grc' dir='ltr'>κακῶν</span> <span class='ocrx_word' id='word_1_246' title='bbox 1037 3416 1155 3471; x_wconf 82' lang='grc' dir='ltr'>καθ’</span> <span class='ocrx_word' id='word_1_247' title='bbox 1185 3413 1377 3469; x_wconf 78' lang='grc' dir='ltr'>ἑαυτοῦ</span> <span class='ocrx_word' id='word_1_248' title='bbox 1419 3413 1518 3486; x_wconf 70' lang='grc' dir='ltr'>τὴν</span> <span class='ocrx_word' id='word_1_249' title='bbox 1557 3412 1744 3484; x_wconf 62' lang='grc' dir='ltr'><strong>Ψῆφον</strong></span> 
     </span>
    </p>
   </div>
   <div class='ocr_carea' id='block_1_36' title="bbox 172 3509 900 3582">
    <p class='ocr_par' dir='ltr' id='par_1_36' title="bbox 172 3509 900 3582">
     <span class='ocr_line' id='line_1_36' title="bbox 172 3509 900 3582; baseline 0.001 -21"><span class='ocrx_word' id='word_1_250' title='bbox 172 3509 222 3562; x_wconf 85' lang='grc' dir='ltr'>ὲν</span> <span class='ocrx_word' id='word_1_251' title='bbox 250 3510 425 3581; x_wconf 74' lang='grc' dir='ltr'>ἡμέρᾳ</span> <span class='ocrx_word' id='word_1_252' title='bbox 459 3511 696 3580; x_wconf 85' lang='grc' dir='ltr'>κρίσεως</span> <span class='ocrx_word' id='word_1_253' title='bbox 727 3510 900 3582; x_wconf 74' lang='grc' dir='ltr'>φέρει.</span> 
     </span>
    </p>
   </div>
   <div class='ocr_carea' id='block_1_37' title="bbox 247 3592 1746 3669">
    <p class='ocr_par' dir='ltr' id='par_1_37' title="bbox 247 3592 1746 3669">
     <span class='ocr_line' id='line_1_37' title="bbox 247 3592 1746 3669; baseline -0.002 -19"><span class='ocrx_word' id='word_1_254' title='bbox 247 3600 789 3669; x_wconf 73' lang='grc' dir='ltr'>Ἐξομολογήσομαι</span> <span class='ocrx_word' id='word_1_255' title='bbox 821 3599 902 3664; x_wconf 87' lang='grc' dir='ltr'>τῷ</span> <span class='ocrx_word' id='word_1_256' title='bbox 941 3599 1139 3666; x_wconf 81' lang='grc' dir='ltr'>Κυρίῳ</span> <span class='ocrx_word' id='word_1_257' title='bbox 1171 3595 1321 3652; x_wconf 83' lang='grc' dir='ltr'>κατὰ</span> <span class='ocrx_word' id='word_1_258' title='bbox 1364 3593 1479 3663; x_wconf 76' lang='grc' dir='ltr'><strong>τὴν</strong></span> <span class='ocrx_word' id='word_1_259' title='bbox 1523 3592 1746 3647; x_wconf 83' lang='grc' dir='ltr'>δικαιο-</span> 
     </span>
    </p>
   </div>
   <div class='ocr_carea' id='block_1_38' title="bbox 174 3686 1744 3760">
    <p class='ocr_par' dir='ltr' id='par_1_38' title="bbox 174 3686 1744 3760">
     <span class='ocr_line' id='line_1_38' title="bbox 174 3686 1744 3760; baseline -0.004 -16"><span class='ocrx_word' id='word_1_260' title='bbox 174 3691 357 3759; x_wconf 74' lang='grc' dir='ltr'>σύνην</span> <span class='ocrx_word' id='word_1_261' title='bbox 383 3692 594 3754; x_wconf 84' lang='grc' dir='ltr'>αὑτοῦ,</span> <span class='ocrx_word' id='word_1_262' title='bbox 630 3690 806 3760; x_wconf 68' lang='grc' dir='ltr'>ψαλῶ</span> <span class='ocrx_word' id='word_1_263' title='bbox 835 3690 912 3757; x_wconf 87' lang='grc' dir='ltr'>τῷ</span> <span class='ocrx_word' id='word_1_264' title='bbox 943 3691 1185 3759; x_wconf 83' lang='grc' dir='ltr'>ὀνόματι</span> <span class='ocrx_word' id='word_1_265' title='bbox 1213 3690 1435 3756; x_wconf 79' lang='grc' dir='ltr'>Κυρίου</span> <span class='ocrx_word' id='word_1_266' title='bbox 1461 3687 1566 3740; x_wconf 85' lang='grc' dir='ltr'>τοῦ</span> <span class='ocrx_word' id='word_1_267' title='bbox 1590 3686 1744 3755; x_wconf 73' lang='grc' dir='ltr'><strong>Ὑψί-</strong></span> 
     </span>
    </p>
   </div>
   <div class='ocr_carea' id='block_1_39' title="bbox 175 3778 1745 3854">
    <p class='ocr_par' dir='ltr' id='par_1_39' title="bbox 175 3778 1745 3854">
     <span class='ocr_line' id='line_1_39' title="bbox 175 3778 1745 3854; baseline -0.002 -19"><span class='ocrx_word' id='word_1_268' title='bbox 175 3799 331 3837; x_wconf 84' lang='grc' dir='ltr'>στου.</span> <span class='ocrx_word' id='word_1_269' title='bbox 350 3784 433 3846; x_wconf 86' lang='grc' dir='ltr'>Ὡς</span> <span class='ocrx_word' id='word_1_270' title='bbox 460 3783 520 3836; x_wconf 79' lang='grc' dir='ltr'>δὲ</span> <span class='ocrx_word' id='word_1_271' title='bbox 554 3782 738 3854; x_wconf 74' lang='grc' dir='ltr'>μηδενὶ</span> <span class='ocrx_word' id='word_1_272' title='bbox 764 3783 925 3846; x_wconf 75' lang='grc' dir='ltr'>αὐτὸς</span> <span class='ocrx_word' id='word_1_273' title='bbox 951 3781 1360 3845; x_wconf 81' lang='grc' dir='ltr'>ἐπιϐουλεύσας,</span> <span class='ocrx_word' id='word_1_274' title='bbox 1389 3780 1522 3852; x_wconf 82' lang='grc' dir='ltr'>μηδὲ</span> <span class='ocrx_word' id='word_1_275' title='bbox 1544 3778 1745 3832; x_wconf 82' lang='grc' dir='ltr'>λάκκον</span> 
     </span>
    </p>
   </div>
   <div class='ocr_carea' id='block_1_40' title="bbox 175 3870 1744 3948">
    <p class='ocr_par' dir='ltr' id='par_1_40' title="bbox 175 3870 1744 3948">
     <span class='ocr_line' id='line_1_40' title="bbox 175 3870 1744 3948; baseline -0.002 -20"><span class='ocrx_word' id='word_1_276' title='bbox 175 3875 377 3946; x_wconf 77' lang='grc' dir='ltr'>ὀρύξας,</span> <span class='ocrx_word' id='word_1_277' title='bbox 420 3875 676 3948; x_wconf 87' lang='grc' dir='ltr'>παρορῶν</span> <span class='ocrx_word' id='word_1_278' title='bbox 724 3876 781 3929; x_wconf 85' lang='grc' dir='ltr'>δὲ</span> <span class='ocrx_word' id='word_1_279' title='bbox 827 3877 954 3940; x_wconf 79' lang='grc' dir='ltr'>τοὺς</span> <span class='ocrx_word' id='word_1_280' title='bbox 1001 3873 1324 3938; x_wconf 82' lang='grc' dir='ltr'>ἀδικοῦντας</span> <span class='ocrx_word' id='word_1_281' title='bbox 1373 3870 1480 3926; x_wconf 89' lang='grc' dir='ltr'><strong>τῶν</strong></span> <span class='ocrx_word' id='word_1_282' title='bbox 1533 3871 1744 3926; x_wconf 81' lang='grc' dir='ltr'>ἀσεϐῶν</span> 
     </span>
    </p>
   </div>
   <div class='ocr_carea' id='block_1_41' title="bbox 176 3964 1742 4039">
    <p class='ocr_par' dir='ltr' id='par_1_41' title="bbox 176 3964 1742 4039">
     <span class='ocr_line' id='line_1_41' title="bbox 176 3964 1742 4039; baseline -0.003 -19"><span class='ocrx_word' id='word_1_283' title='bbox 176 3968 547 4039; x_wconf 79' lang='grc' dir='ltr'>ἀπολλυμένων</span> <span class='ocrx_word' id='word_1_284' title='bbox 596 3969 654 4020; x_wconf 85' lang='grc' dir='ltr'>ὲν</span> <span class='ocrx_word' id='word_1_285' title='bbox 707 3967 925 4039; x_wconf 84' lang='grc' dir='ltr'>κρίσει,</span> <span class='ocrx_word' id='word_1_286' title='bbox 959 3964 1542 4035; x_wconf 78' lang='grc' dir='ltr'>Ἐξομολογήσομαι,</span> <span class='ocrx_word' id='word_1_287' title='bbox 1588 3964 1742 4035; x_wconf 78' lang='grc' dir='ltr'>φησὶ,</span> 
     </span>
    </p>
   </div>
   <div class='ocr_carea' id='block_1_42' title="bbox 178 4057 1744 4130">
    <p class='ocr_par' dir='ltr' id='par_1_42' title="bbox 178 4057 1744 4130">
     <span class='ocr_line' id='line_1_42' title="bbox 178 4057 1744 4130; baseline -0.004 -16"><span class='ocrx_word' id='word_1_288' title='bbox 178 4059 247 4125; x_wconf 82' lang='grc' dir='ltr'>τῷ</span> <span class='ocrx_word' id='word_1_289' title='bbox 266 4063 458 4130; x_wconf 83' lang='grc' dir='ltr'>Κυρίῳ</span> <span class='ocrx_word' id='word_1_290' title='bbox 480 4062 628 4114; x_wconf 82' lang='grc' dir='ltr'>κατὰ</span> <span class='ocrx_word' id='word_1_291' title='bbox 655 4060 768 4130; x_wconf 81' lang='grc' dir='ltr'><strong>τὴν</strong></span> <span class='ocrx_word' id='word_1_292' title='bbox 786 4060 1184 4128; x_wconf 73' lang='grc' dir='ltr'>δικαιοσύνην</span> <span class='ocrx_word' id='word_1_293' title='bbox 1205 4058 1395 4113; x_wconf 87' lang='grc' dir='ltr'>αὑτοῦ</span> <span class='ocrx_word' id='word_1_294' title='bbox 1419 4075 1433 4089; x_wconf 67' lang='grc' dir='ltr'><strong>θ</strong></span> <span class='ocrx_word' id='word_1_295' title='bbox 1462 4057 1542 4112; x_wconf 86' lang='grc' dir='ltr'><strong>Τὰ</strong></span> <span class='ocrx_word' id='word_1_296' title='bbox 1571 4058 1744 4128; x_wconf 80' lang='grc' dir='ltr'>ἐμαυ-</span> 
     </span>
    </p>
   </div>
   <div class='ocr_carea' id='block_1_43' title="bbox 177 4147 1746 4224">
    <p class='ocr_par' dir='ltr' id='par_1_43' title="bbox 177 4147 1746 4224">
     <span class='ocr_line' id='line_1_43' title="bbox 177 4147 1746 4224; baseline 0.002 -22"><span class='ocrx_word' id='word_1_297' title='bbox 177 4149 260 4203; x_wconf 76' lang='grc' dir='ltr'>τοῦ</span> <span class='ocrx_word' id='word_1_298' title='bbox 287 4151 467 4206; x_wconf 86' lang='grc' dir='ltr'>δίκαια</span> <span class='ocrx_word' id='word_1_299' title='bbox 505 4151 752 4223; x_wconf 84' lang='grc' dir='ltr'>καθάπερ</span> <span class='ocrx_word' id='word_1_300' title='bbox 783 4154 841 4206; x_wconf 85' lang='grc' dir='ltr'>ὲν</span> <span class='ocrx_word' id='word_1_301' title='bbox 863 4153 1200 4224; x_wconf 76' lang='grc' dir='ltr'>δικαστηρίῳ</span> <span class='ocrx_word' id='word_1_302' title='bbox 1229 4149 1450 4224; x_wconf 87' lang='grc' dir='ltr'>προθείς</span> <span class='ocrx_word' id='word_1_303' title='bbox 1471 4166 1484 4179; x_wconf 70' lang='grc' dir='ltr'><strong>ο</strong></span> <span class='ocrx_word' id='word_1_304' title='bbox 1519 4147 1616 4203; x_wconf 79' lang='grc' dir='ltr'><strong>καὶ</strong></span> <span class='ocrx_word' id='word_1_305' title='bbox 1638 4149 1746 4216; x_wconf 72' lang='grc' dir='ltr'>ψακο</span> 
     </span>
    </p>
   </div>
   <div class='ocr_carea' id='block_1_44' title="bbox 177 4238 1746 4313">
    <p class='ocr_par' dir='ltr' id='par_1_44' title="bbox 177 4238 1746 4313">
     <span class='ocr_line' id='line_1_44' title="bbox 177 4238 1746 4313; baseline -0.003 -19"><span class='ocrx_word' id='word_1_306' title='bbox 177 4238 256 4294; x_wconf 82' lang='grc' dir='ltr'><strong>λῶ</strong></span> <span class='ocrx_word' id='word_1_307' title='bbox 296 4242 361 4296; x_wconf 82' lang='grc' dir='ltr'>δὲ</span> <span class='ocrx_word' id='word_1_308' title='bbox 399 4242 480 4310; x_wconf 86' lang='grc' dir='ltr'>τῷ</span> <span class='ocrx_word' id='word_1_309' title='bbox 506 4245 744 4313; x_wconf 79' lang='grc' dir='ltr'>ὀνόματι</span> <span class='ocrx_word' id='word_1_310' title='bbox 773 4245 992 4312; x_wconf 83' lang='grc' dir='ltr'>Κυρίου</span> <span class='ocrx_word' id='word_1_311' title='bbox 1015 4243 1122 4297; x_wconf 89' lang='grc' dir='ltr'><strong>τοῦ</strong></span> <span class='ocrx_word' id='word_1_312' title='bbox 1147 4244 1444 4312; x_wconf 76' lang='grc' dir='ltr'>ὑψίστου·</span> <span class='ocrx_word' id='word_1_313' title='bbox 1477 4238 1746 4294; x_wconf 79' lang='grc' dir='ltr'>πιστεύων</span> 
     </span>
    </p>
   </div>
   <div class='ocr_carea' id='block_1_45' title="bbox 181 4328 1744 4409">
    <p class='ocr_par' dir='ltr' id='par_1_45' title="bbox 181 4328 1744 4409">
     <span class='ocr_line' id='line_1_45' title="bbox 181 4328 1744 4409; baseline -0.003 -23"><span class='ocrx_word' id='word_1_314' title='bbox 181 4334 666 4408; x_wconf 77' lang='grc' dir='ltr'>καταξιωθήσεσθαι</span> <span class='ocrx_word' id='word_1_315' title='bbox 693 4336 784 4390; x_wconf 77' lang='grc' dir='ltr'>τοῦ</span> <span class='ocrx_word' id='word_1_316' title='bbox 814 4335 973 4409; x_wconf 77' lang='grc' dir='ltr'>χοροῦ</span> <span class='ocrx_word' id='word_1_317' title='bbox 1001 4334 1108 4390; x_wconf 88' lang='grc' dir='ltr'><strong>τῶν</strong></span> <span class='ocrx_word' id='word_1_318' title='bbox 1141 4336 1270 4406; x_wconf 77' lang='grc' dir='ltr'>παρ’</span> <span class='ocrx_word' id='word_1_319' title='bbox 1303 4330 1468 4389; x_wconf 73' lang='grc' dir='ltr'>αὑτοῦ</span> <span class='ocrx_word' id='word_1_320' title='bbox 1501 4328 1744 4400; x_wconf 77' lang='grc' dir='ltr'><strong>σωζομέ⁴</strong></span> 
     </span>
    </p>
   </div>
   <div class='ocr_carea' id='block_1_46' title="bbox 180 4442 295 4479">
    <p class='ocr_par' dir='ltr' id='par_1_46' title="bbox 180 4442 295 4479">
     <span class='ocr_line' id='line_1_46' title="bbox 180 4442 295 4479; baseline 0 0"><span class='ocrx_word' id='word_1_321' title='bbox 180 4442 295 4479; x_wconf 85' lang='grc' dir='ltr'>νων.</span> 
     </span>
    </p>
   </div>
   <div class='ocr_carea' id='block_1_47' title="bbox 563 4541 1337 4597">
    <p class='ocr_par' dir='ltr' id='par_1_47' title="bbox 563 4541 1337 4597">
     <span class='ocr_line' id='line_1_47' title="bbox 563 4541 1337 4597; baseline 0.004 -3"><span class='ocrx_word' id='word_1_322' title='bbox 563 4542 858 4596; x_wconf 76' lang='grc' dir='ltr'><strong>ΨΑΛΜΟΣ</strong></span> <span class='ocrx_word' id='word_1_323' title='bbox 895 4541 981 4595; x_wconf 85' lang='grc' dir='ltr'><strong>ΤΩ</strong></span> <span class='ocrx_word' id='word_1_324' title='bbox 1018 4542 1216 4595; x_wconf 79' lang='grc' dir='ltr'><strong>ΔΑΥΙΔ</strong></span> <span class='ocrx_word' id='word_1_325' title='bbox 1254 4541 1337 4597; x_wconf 84' lang='lat' dir='ltr'><strong>H&#39;.</strong></span> 
     </span>
    </p>
   </div>
   <div class='ocr_carea' id='block_1_48' title="bbox 451 4655 1462 4728">
    <p class='ocr_par' dir='ltr' id='par_1_48' title="bbox 451 4655 1462 4728">
     <span class='ocr_line' id='line_1_48' title="bbox 451 4655 1462 4728; baseline 0 -17"><span class='ocrx_word' id='word_1_326' title='bbox 451 4657 556 4722; x_wconf 82' lang='grc' dir='ltr'><strong>Εὶς</strong></span> <span class='ocrx_word' id='word_1_327' title='bbox 593 4657 659 4710; x_wconf 84' lang='grc' dir='ltr'>τὸ</span> <span class='ocrx_word' id='word_1_328' title='bbox 690 4657 864 4725; x_wconf 87' lang='grc' dir='ltr'>τέλος</span> <span class='ocrx_word' id='word_1_329' title='bbox 902 4657 1056 4727; x_wconf 78' lang='grc' dir='ltr'>ὑπὲρ</span> <span class='ocrx_word' id='word_1_330' title='bbox 1088 4657 1207 4712; x_wconf 76' lang='grc' dir='ltr'>τῶν</span> <span class='ocrx_word' id='word_1_331' title='bbox 1235 4655 1462 4728; x_wconf 76' lang='grc' dir='ltr'>ληνῶν.</span> 
     </span>
    </p>
   </div>
   <div class='ocr_carea' id='block_1_49' title="bbox 245 4772 1747 4846">
    <p class='ocr_par' dir='ltr' id='par_1_49' title="bbox 245 4772 1747 4846">
     <span class='ocr_line' id='line_1_49' title="bbox 245 4772 1747 4846; baseline 0.002 -21"><span class='ocrx_word' id='word_1_332' title='bbox 245 4772 319 4825; x_wconf 75' lang='grc' dir='ltr'><strong>Τὰ</strong></span> <span class='ocrx_word' id='word_1_333' title='bbox 346 4774 440 4827; x_wconf 79' lang='grc' dir='ltr'><strong>ἐπὶ</strong></span> <span class='ocrx_word' id='word_1_334' title='bbox 476 4777 543 4846; x_wconf 77' lang='grc' dir='ltr'><strong>τῇ</strong></span> <span class='ocrx_word' id='word_1_335' title='bbox 579 4773 857 4845; x_wconf 73' lang='grc' dir='ltr'>συντελείᾳ</span> <span class='ocrx_word' id='word_1_336' title='bbox 887 4773 984 4829; x_wconf 85' lang='grc' dir='ltr'>νῦν</span> <span class='ocrx_word' id='word_1_337' title='bbox 1019 4776 1126 4827; x_wconf 87' lang='grc' dir='ltr'><strong>τῶν</strong></span> <span class='ocrx_word' id='word_1_338' title='bbox 1158 4772 1368 4828; x_wconf 83' lang='grc' dir='ltr'>αἰώνων</span> <span class='ocrx_word' id='word_1_339' title='bbox 1415 4773 1747 4845; x_wconf 84' lang='grc' dir='ltr'>προφητευό-</span> 
     </span>
    </p>
   </div>
   <div class='ocr_carea' id='block_1_50' title="bbox 189 4863 1746 4940">
    <p class='ocr_par' dir='ltr' id='par_1_50' title="bbox 189 4863 1746 4940">
     <span class='ocr_line' id='line_1_50' title="bbox 189 4863 1746 4940; baseline 0.001 -23"><span class='ocrx_word' id='word_1_340' title='bbox 189 4881 307 4934; x_wconf 82' lang='grc' dir='ltr'>μενα</span> <span class='ocrx_word' id='word_1_341' title='bbox 335 4867 433 4939; x_wconf 81' lang='grc' dir='ltr'>τὴν</span> <span class='ocrx_word' id='word_1_342' title='bbox 460 4868 788 4940; x_wconf 75' lang='grc' dir='ltr'>ἐπιγραφὴν,</span> <span class='ocrx_word' id='word_1_343' title='bbox 823 4869 909 4933; x_wconf 80' lang='grc' dir='ltr'><strong>είς</strong></span> <span class='ocrx_word' id='word_1_344' title='bbox 950 4866 1016 4921; x_wconf 87' lang='grc' dir='ltr'><strong><em>τύ</em></strong></span> <span class='ocrx_word' id='word_1_345' title='bbox 1058 4868 1250 4932; x_wconf 85' lang='grc' dir='ltr'>τέλος,</span> <span class='ocrx_word' id='word_1_346' title='bbox 1282 4863 1746 4937; x_wconf 81' lang='grc' dir='ltr'>ὲποίησεν.Ὑπὲρ</span> 
     </span>
    </p>
   </div>
   <div class='ocr_carea' id='block_1_51' title="bbox 185 4955 1749 5031">
    <p class='ocr_par' dir='ltr' id='par_1_51' title="bbox 185 4955 1749 5031">
     <span class='ocr_line' id='line_1_51' title="bbox 185 4955 1749 5031; baseline 0.003 -21"><span class='ocrx_word' id='word_1_347' title='bbox 185 4955 235 5010; x_wconf 81' lang='grc' dir='ltr'>δὲ</span> <span class='ocrx_word' id='word_1_348' title='bbox 259 4957 367 5012; x_wconf 79' lang='grc' dir='ltr'>τῶν</span> <span class='ocrx_word' id='word_1_349' title='bbox 392 4959 596 5028; x_wconf 78' lang='grc' dir='ltr'>ληνῶν</span> <span class='ocrx_word' id='word_1_350' title='bbox 621 4960 708 5013; x_wconf 82' lang='grc' dir='ltr'><strong>διὰ</strong></span> <span class='ocrx_word' id='word_1_351' title='bbox 739 4960 838 5024; x_wconf 85' lang='grc' dir='ltr'>τὰς</span> <span class='ocrx_word' id='word_1_352' title='bbox 869 4961 928 5013; x_wconf 86' lang='grc' dir='ltr'>ὲν</span> <span class='ocrx_word' id='word_1_353' title='bbox 959 4959 1107 5030; x_wconf 76' lang='grc' dir='ltr'>πάσῃ</span> <span class='ocrx_word' id='word_1_354' title='bbox 1127 4962 1192 5030; x_wconf 81' lang='grc' dir='ltr'><strong>τῇ</strong></span> <span class='ocrx_word' id='word_1_355' title='bbox 1217 4962 1288 5031; x_wconf 79' lang='grc' dir='ltr'><strong>γῇ</strong></span> <span class='ocrx_word' id='word_1_356' title='bbox 1317 4961 1587 5024; x_wconf 86' lang='grc' dir='ltr'>συστάσας</span> <span class='ocrx_word' id='word_1_357' title='bbox 1627 4960 1749 5014; x_wconf 86' lang='grc' dir='ltr'>Ἐκ-</span> 
     </span>
    </p>
   </div>
   <div class='ocr_carea' id='block_1_52' title="bbox 187 5048 1748 5124">
    <p class='ocr_par' dir='ltr' id='par_1_52' title="bbox 187 5048 1748 5124">
     <span class='ocr_line' id='line_1_52' title="bbox 187 5048 1748 5124; baseline 0.001 -24"><span class='ocrx_word' id='word_1_358' title='bbox 187 5048 418 5120; x_wconf 79' lang='grc' dir='ltr'>κλησίας,</span> <span class='ocrx_word' id='word_1_359' title='bbox 468 5050 794 5124; x_wconf 80' lang='grc' dir='ltr'>ἀλληγορίας</span> <span class='ocrx_word' id='word_1_360' title='bbox 845 5052 994 5121; x_wconf 80' lang='grc' dir='ltr'>νόμῳ</span> <span class='ocrx_word' id='word_1_361' title='bbox 1043 5050 1340 5122; x_wconf 82' lang='grc' dir='ltr'>λεγομένας</span> <span class='ocrx_word' id='word_1_362' title='bbox 1396 5050 1748 5123; x_wconf 81' lang='grc' dir='ltr'>ληνούς.⁹⁹οτε</span> 
     </span>
    </p>
   </div>
   <div class='ocr_carea' id='block_1_53' title="bbox 191 5135 1748 5216">
    <p class='ocr_par' dir='ltr' id='par_1_53' title="bbox 191 5135 1748 5216">
     <span class='ocr_line' id='line_1_53' title="bbox 191 5135 1748 5216; baseline 0.003 -24"><span class='ocrx_word' id='word_1_363' title='bbox 191 5141 277 5208; x_wconf 77' lang='grc' dir='ltr'>μὲν</span> <span class='ocrx_word' id='word_1_364' title='bbox 307 5137 382 5206; x_wconf 78' lang='grc' dir='ltr'>εἷς</span> <span class='ocrx_word' id='word_1_365' title='bbox 409 5139 476 5214; x_wconf 84' lang='grc' dir='ltr'>ἦν</span> <span class='ocrx_word' id='word_1_366' title='bbox 505 5144 632 5207; x_wconf 84' lang='grc' dir='ltr'>λαός</span> <span class='ocrx_word' id='word_1_367' title='bbox 650 5160 663 5172; x_wconf 87' lang='grc'><strong>·</strong></span> <span class='ocrx_word' id='word_1_368' title='bbox 697 5140 765 5214; x_wconf 83' lang='grc' dir='ltr'>ἦν</span> <span class='ocrx_word' id='word_1_369' title='bbox 790 5143 847 5197; x_wconf 78' lang='grc' dir='ltr'>δὲ</span> <span class='ocrx_word' id='word_1_370' title='bbox 876 5139 1029 5207; x_wconf 76' lang='grc' dir='ltr'>οὗτος</span> <span class='ocrx_word' id='word_1_371' title='bbox 1072 5143 1310 5214; x_wconf 85' lang='grc' dir='ltr'>Ἰσραὴλ,</span> <span class='ocrx_word' id='word_1_372' title='bbox 1344 5135 1388 5211; x_wconf 79' lang='grc' dir='ltr'>ᾧ</span> <span class='ocrx_word' id='word_1_373' title='bbox 1414 5142 1748 5216; x_wconf 74' lang='grc' dir='ltr'>ἐχρημάτιζε</span> 
     </span>
    </p>
   </div>
   <div class='ocr_carea' id='block_1_54' title="bbox 190 5230 1751 5305">
    <p class='ocr_par' dir='ltr' id='par_1_54' title="bbox 190 5230 1751 5305">
     <span class='ocr_line' id='line_1_54' title="bbox 190 5230 1751 5305; baseline 0.006 -25"><span class='ocrx_word' id='word_1_374' title='bbox 190 5230 270 5282; x_wconf 76' lang='grc' dir='ltr'>καὶ</span> <span class='ocrx_word' id='word_1_375' title='bbox 297 5231 498 5304; x_wconf 86' lang='grc' dir='ltr'>πύργος</span> <span class='ocrx_word' id='word_1_376' title='bbox 526 5236 554 5288; x_wconf 86' lang='grc' dir='ltr'>ὁ</span> <span class='ocrx_word' id='word_1_377' title='bbox 597 5234 743 5305; x_wconf 76' lang='grc' dir='ltr'>παρὰ</span> <span class='ocrx_word' id='word_1_378' title='bbox 769 5233 979 5298; x_wconf 84' lang='grc' dir='ltr'>τούτοις</span> <span class='ocrx_word' id='word_1_379' title='bbox 1019 5233 1173 5298; x_wconf 86' lang='grc' dir='ltr'>νεὼς,</span> <span class='ocrx_word' id='word_1_380' title='bbox 1201 5235 1295 5288; x_wconf 77' lang='grc' dir='ltr'>καὶ</span> <span class='ocrx_word' id='word_1_381' title='bbox 1329 5235 1664 5303; x_wconf 74' lang='grc' dir='ltr'>προλήνιον</span> <span class='ocrx_word' id='word_1_382' title='bbox 1689 5235 1751 5288; x_wconf 84' lang='grc' dir='ltr'>τὸ</span> 
     </span>
    </p>
   </div>
   <div class='ocr_carea' id='block_1_55' title="bbox 193 5320 1747 5399">
    <p class='ocr_par' dir='ltr' id='par_1_55' title="bbox 193 5320 1747 5399">
     <span class='ocr_line' id='line_1_55' title="bbox 193 5320 1747 5399; baseline 0.008 -30"><span class='ocrx_word' id='word_1_383' title='bbox 193 5320 286 5389; x_wconf 82' lang='grc' dir='ltr'>πρὸ</span> <span class='ocrx_word' id='word_1_384' title='bbox 311 5324 399 5376; x_wconf 79' lang='grc' dir='ltr'>τοῦ</span> <span class='ocrx_word' id='word_1_385' title='bbox 431 5325 559 5378; x_wconf 78' lang='grc' dir='ltr'>ναοῦ</span> <span class='ocrx_word' id='word_1_386' title='bbox 587 5325 969 5398; x_wconf 85' lang='grc' dir='ltr'>θυσιαστήριον</span> <span class='ocrx_word' id='word_1_387' title='bbox 997 5325 1140 5380; x_wconf 87' lang='grc' dir='ltr'>κατὰ</span> <span class='ocrx_word' id='word_1_388' title='bbox 1164 5327 1264 5399; x_wconf 81' lang='grc' dir='ltr'>τὴν</span> <span class='ocrx_word' id='word_1_389' title='bbox 1295 5326 1517 5380; x_wconf 78' lang='grc' dir='ltr'>Ἡσαΐου</span> <span class='ocrx_word' id='word_1_390' title='bbox 1544 5329 1747 5399; x_wconf 83' lang='grc' dir='ltr'>φωνήν.</span> 
     </span>
    </p>
   </div>
   <div class='ocr_carea' id='block_1_56' title="bbox 190 5406 1753 5489">
    <p class='ocr_par' dir='ltr' id='par_1_56' title="bbox 190 5406 1753 5489">
     <span class='ocr_line' id='line_1_56' title="bbox 190 5406 1753 5489; baseline 0.008 -30"><span class='ocrx_word' id='word_1_391' title='bbox 190 5406 255 5460; x_wconf 78' lang='grc' dir='ltr'>Τὸ</span> <span class='ocrx_word' id='word_1_392' title='bbox 275 5410 328 5462; x_wconf 81' lang='grc' dir='ltr'>δὲ</span> <span class='ocrx_word' id='word_1_393' title='bbox 362 5412 560 5484; x_wconf 84' lang='grc' dir='ltr'>πλῆθος</span> <span class='ocrx_word' id='word_1_394' title='bbox 602 5417 719 5469; x_wconf 75' lang='grc' dir='ltr'>νυνὶ</span> <span class='ocrx_word' id='word_1_395' title='bbox 766 5415 875 5469; x_wconf 89' lang='grc' dir='ltr'><strong>τῶν</strong></span> <span class='ocrx_word' id='word_1_396' title='bbox 917 5416 1094 5488; x_wconf 87' lang='grc' dir='ltr'>ληνῶν</span> <span class='ocrx_word' id='word_1_397' title='bbox 1131 5416 1201 5470; x_wconf 79' lang='grc' dir='ltr'>τὰ</span> <span class='ocrx_word' id='word_1_398' title='bbox 1237 5416 1405 5470; x_wconf 74' lang='grc' dir='ltr'>πολλὰ</span> <span class='ocrx_word' id='word_1_399' title='bbox 1442 5417 1635 5489; x_wconf 84' lang='grc' dir='ltr'>μηνύει</span> <span class='ocrx_word' id='word_1_400' title='bbox 1667 5418 1753 5471; x_wconf 84' lang='grc' dir='ltr'>θυ-</span> 
     </span>
    </p>
   </div>
   <div class='ocr_carea' id='block_1_57' title="bbox 196 5505 1752 5580">
    <p class='ocr_par' dir='ltr' id='par_1_57' title="bbox 196 5505 1752 5580">
     <span class='ocr_line' id='line_1_57' title="bbox 196 5505 1752 5580; baseline 0.006 -29"><span class='ocrx_word' id='word_1_401' title='bbox 196 5505 483 5574; x_wconf 77' lang='grc' dir='ltr'>σιαστήρια,</span> <span class='ocrx_word' id='word_1_402' title='bbox 512 5508 632 5569; x_wconf 86' lang='grc' dir='ltr'>ταῖς</span> <span class='ocrx_word' id='word_1_403' title='bbox 675 5506 820 5561; x_wconf 85' lang='grc' dir='ltr'>κατὰ</span> <span class='ocrx_word' id='word_1_404' title='bbox 863 5509 1028 5579; x_wconf 83' lang='grc' dir='ltr'>μέρος</span> <span class='ocrx_word' id='word_1_405' title='bbox 1071 5509 1388 5580; x_wconf 81' lang='grc' dir='ltr'>ἐκκλησίαις</span> <span class='ocrx_word' id='word_1_406' title='bbox 1417 5507 1752 5579; x_wconf 79' lang='grc' dir='ltr'>συνδιαιρούο</span> 
     </span>
    </p>
   </div>
   <div class='ocr_carea' id='block_1_58' title="bbox 197 5599 1753 5674">
    <p class='ocr_par' dir='ltr' id='par_1_58' title="bbox 197 5599 1753 5674">
     <span class='ocr_line' id='line_1_58' title="bbox 197 5599 1753 5674; baseline 0.006 -26"><span class='ocrx_word' id='word_1_407' title='bbox 197 5608 336 5662; x_wconf 80' lang='grc' dir='ltr'>μενα.</span> <span class='ocrx_word' id='word_1_408' title='bbox 366 5599 452 5651; x_wconf 79' lang='grc' dir='ltr'><strong>Διὸ</strong></span> <span class='ocrx_word' id='word_1_409' title='bbox 498 5600 592 5653; x_wconf 74' lang='grc' dir='ltr'>καὶ</span> <span class='ocrx_word' id='word_1_410' title='bbox 633 5602 690 5653; x_wconf 80' lang='grc' dir='ltr'>ὲν</span> <span class='ocrx_word' id='word_1_411' title='bbox 732 5607 821 5670; x_wconf 84' lang='grc' dir='ltr'>πγ¹</span> <span class='ocrx_word' id='word_1_412' title='bbox 848 5601 1046 5674; x_wconf 76' lang='grc' dir='ltr'>ψαλμῷ</span> <span class='ocrx_word' id='word_1_413' title='bbox 1087 5603 1178 5656; x_wconf 76' lang='grc' dir='ltr'>τὸν</span> <span class='ocrx_word' id='word_1_414' title='bbox 1206 5601 1368 5656; x_wconf 77' lang='grc' dir='ltr'>αὐτὸν</span> <span class='ocrx_word' id='word_1_415' title='bbox 1395 5601 1753 5673; x_wconf 77' lang='grc' dir='ltr'>ἐπιγραφέντι</span> 
     </span>
    </p>
   </div>
   <div class='ocr_carea' id='block_1_59' title="bbox 257 5774 764 5852">
    <p class='ocr_par' dir='ltr' id='par_1_59' title="bbox 257 5774 764 5852">
     <span class='ocr_line' id='line_1_59' title="bbox 257 5774 764 5852; baseline 0.006 -19"><span class='ocrx_word' id='word_1_416' title='bbox 257 5774 299 5806; x_wconf 80' lang='grc'>⁸¹</span> <span class='ocrx_word' id='word_1_417' title='bbox 338 5777 352 5830; x_wconf 96' lang='lat' dir='ltr'><strong>I</strong></span> <span class='ocrx_word' id='word_1_418' title='bbox 389 5777 514 5852; x_wconf 76' lang='lat' dir='ltr'><strong>Reg.</strong></span> <span class='ocrx_word' id='word_1_419' title='bbox 555 5797 675 5848; x_wconf 76' lang='lat' dir='ltr'><strong>xvr,</strong></span> <span class='ocrx_word' id='word_1_420' title='bbox 711 5781 764 5836; x_wconf 84' lang='lat'><strong>7.</strong></span> 
     </span>
    </p>
   </div>
   <div class='ocr_carea' id='block_1_60' title="bbox 1771 4513 1818 4569">
    <p class='ocr_par' dir='ltr' id='par_1_60' title="bbox 1771 4513 1818 4569">
     <span class='ocr_line' id='line_1_60' title="bbox 1771 4513 1818 4569; baseline 0 0"><span class='ocrx_word' id='word_1_421' title='bbox 1771 4513 1818 4569; x_wconf 92' lang='lat' dir='ltr'><strong>D</strong></span> 
     </span>
    </p>
   </div>
   <div class='ocr_carea' id='block_1_61' title="bbox 1837 555 3415 626">
    <p class='ocr_par' dir='ltr' id='par_1_61' title="bbox 1837 555 3415 626">
     <span class='ocr_line' id='line_1_61' title="bbox 1837 555 3415 626; baseline 0.003 -17"><span class='ocrx_word' id='word_1_422' title='bbox 1837 555 2030 626; x_wconf 78' lang='lat' dir='ltr'><strong>dirigas</strong></span> <span class='ocrx_word' id='word_1_423' title='bbox 2043 555 2273 626; x_wconf 81' lang='lat' dir='ltr'><strong>justum,</strong></span> <span class='ocrx_word' id='word_1_424' title='bbox 2299 567 2543 612; x_wconf 82' lang='lat' dir='ltr'><strong>scrutans</strong></span> <span class='ocrx_word' id='word_1_425' title='bbox 2571 556 2732 611; x_wconf 85' lang='lat' dir='ltr'><strong>corda</strong></span> <span class='ocrx_word' id='word_1_426' title='bbox 2749 567 2799 612; x_wconf 89' lang='lat' dir='ltr'><strong>et</strong></span> <span class='ocrx_word' id='word_1_427' title='bbox 2816 575 2983 623; x_wconf 77' lang='lat' dir='ltr'><strong>rencs,</strong></span> <span class='ocrx_word' id='word_1_428' title='bbox 3009 559 3166 614; x_wconf 79' lang='lat' dir='ltr'><strong>Deus.</strong></span> <span class='ocrx_word' id='word_1_429' title='bbox 3202 557 3415 615; x_wconf 87' lang='lat' dir='ltr'><strong>Scitum</strong></span> 
     </span>
    </p>
   </div>
   <div class='ocr_carea' id='block_1_62' title="bbox 1837 651 3425 722">
    <p class='ocr_par' dir='ltr' id='par_1_62' title="bbox 1837 651 3425 722">
     <span class='ocr_line' id='line_1_62' title="bbox 1837 651 3425 722; baseline 0.001 -16"><span class='ocrx_word' id='word_1_430' title='bbox 1837 666 2212 722; x_wconf 78' lang='lat' dir='ltr'><strong>magnumque</strong></span> <span class='ocrx_word' id='word_1_431' title='bbox 2237 658 2323 706; x_wconf 89' lang='lat' dir='ltr'><strong>est</strong></span> <span class='ocrx_word' id='word_1_432' title='bbox 2361 651 2642 721; x_wconf 90' lang='lat' dir='ltr'><strong>postulare</strong></span> <span class='ocrx_word' id='word_1_433' title='bbox 2675 659 2735 704; x_wconf 92' lang='lat' dir='ltr'><strong>ut</strong></span> <span class='ocrx_word' id='word_1_434' title='bbox 2765 651 2900 707; x_wconf 73' lang='lat' dir='ltr'><strong>ﬁnis.</strong></span> <span class='ocrx_word' id='word_1_435' title='bbox 2926 652 3002 706; x_wconf 88' lang='lat' dir='ltr'><strong>sit</strong></span> <span class='ocrx_word' id='word_1_436' title='bbox 3037 651 3258 707; x_wconf 74' lang='lat' dir='ltr'><strong>malitia:</strong></span> <span class='ocrx_word' id='word_1_437' title='bbox 3275 669 3301 718; x_wconf 85' lang='lat'><strong>;.</strong></span> <span class='ocrx_word' id='word_1_438' title='bbox 3327 660 3425 707; x_wconf 86' lang='lat' dir='ltr'><strong>ut-</strong></span> 
     </span>
    </p>
   </div>
   <div class='ocr_carea' id='block_1_63' title="bbox 1838 742 3418 814">
    <p class='ocr_par' dir='ltr' id='par_1_63' title="bbox 1838 742 3418 814">
     <span class='ocr_line' id='line_1_63' title="bbox 1838 742 3418 814; baseline 0.001 -17"><span class='ocrx_word' id='word_1_439' title='bbox 1838 759 1943 814; x_wconf 87' lang='lat' dir='ltr'><strong>que</strong></span> <span class='ocrx_word' id='word_1_440' title='bbox 1961 743 2148 812; x_wconf 90' lang='lat' dir='ltr'><strong>justus</strong></span> <span class='ocrx_word' id='word_1_441' title='bbox 2177 745 2249 798; x_wconf 90' lang='lat' dir='ltr'><strong>ita</strong></span> <span class='ocrx_word' id='word_1_442' title='bbox 2279 742 2569 813; x_wconf 75' lang='lat' dir='ltr'><strong>dirigatur,</strong></span> <span class='ocrx_word' id='word_1_443' title='bbox 2604 751 2665 797; x_wconf 91' lang='lat' dir='ltr'><strong>ut</strong></span> <span class='ocrx_word' id='word_1_444' title='bbox 2693 759 2972 814; x_wconf 87' lang='lat' dir='ltr'><strong>nunquam</strong></span> <span class='ocrx_word' id='word_1_445' title='bbox 2997 743 3140 798; x_wconf 91' lang='lat' dir='ltr'><strong>ultro</strong></span> <span class='ocrx_word' id='word_1_446' title='bbox 3167 743 3418 799; x_wconf 83' lang='lat' dir='ltr'><strong>ﬂuctuet.</strong></span> 
     </span>
    </p>
   </div>
   <div class='ocr_carea' id='block_1_64' title="bbox 1837 835 3418 906">
    <p class='ocr_par' dir='ltr' id='par_1_64' title="bbox 1837 835 3418 906">
     <span class='ocr_line' id='line_1_64' title="bbox 1837 835 3418 906; baseline -0.001 -14"><span class='ocrx_word' id='word_1_447' title='bbox 1837 835 1975 892; x_wconf 89' lang='lat' dir='ltr'><strong>Cum</strong></span> <span class='ocrx_word' id='word_1_448' title='bbox 2010 845 2190 891; x_wconf 87' lang='lat' dir='ltr'><strong>autem</strong></span> <span class='ocrx_word' id='word_1_449' title='bbox 2215 835 2284 891; x_wconf 90' lang='lat' dir='ltr'><strong>de</strong></span> <span class='ocrx_word' id='word_1_450' title='bbox 2327 836 2590 891; x_wconf 77' lang='lat' dir='ltr'><strong>tribunali</strong></span> <span class='ocrx_word' id='word_1_451' title='bbox 2623 836 2715 891; x_wconf 87' lang='lat' dir='ltr'><strong>Dei</strong></span> <span class='ocrx_word' id='word_1_452' title='bbox 2760 835 3027 906; x_wconf 91' lang='lat' dir='ltr'><strong>loquitur,</strong></span> <span class='ocrx_word' id='word_1_453' title='bbox 3072 837 3249 892; x_wconf 86' lang='lat' dir='ltr'><strong>solum</strong></span> <span class='ocrx_word' id='word_1_454' title='bbox 3288 851 3418 892; x_wconf 85' lang='lat' dir='ltr'><strong>eum</strong></span> 
     </span>
    </p>
   </div>
   <div class='ocr_carea' id='block_1_65' title="bbox 1837 927 3420 1000">
    <p class='ocr_par' dir='ltr' id='par_1_65' title="bbox 1837 927 3420 1000">
     <span class='ocr_line' id='line_1_65' title="bbox 1837 927 3420 1000; baseline 0.001 -16"><span class='ocrx_word' id='word_1_455' title='bbox 1837 943 1964 984; x_wconf 87' lang='lat' dir='ltr'><strong>esse</strong></span> <span class='ocrx_word' id='word_1_456' title='bbox 1994 927 2207 998; x_wconf 86' lang='lat' dir='ltr'><strong>justum</strong></span> <span class='ocrx_word' id='word_1_457' title='bbox 2256 927 2496 998; x_wconf 91' lang='lat' dir='ltr'><strong>judicem</strong></span> <span class='ocrx_word' id='word_1_458' title='bbox 2524 929 2868 1000; x_wconf 88' lang='lat' dir='ltr'><strong>pronuntiat,</strong></span> <span class='ocrx_word' id='word_1_459' title='bbox 2897 936 3086 996; x_wconf 87' lang='lat' dir='ltr'><strong>utpote</strong></span> <span class='ocrx_word' id='word_1_460' title='bbox 3134 929 3228 999; x_wconf 89' lang='lat' dir='ltr'><strong>qui</strong></span> <span class='ocrx_word' id='word_1_461' title='bbox 3263 928 3420 985; x_wconf 86' lang='lat' dir='ltr'><strong>solus</strong></span> 
     </span>
    </p>
   </div>
   <div class='ocr_carea' id='block_1_66' title="bbox 1837 1022 3420 1096">
    <p class='ocr_par' dir='ltr' id='par_1_66' title="bbox 1837 1022 3420 1096">
     <span class='ocr_line' id='line_1_66' title="bbox 1837 1022 3420 1096; baseline -0.001 -14"><span class='ocrx_word' id='word_1_462' title='bbox 1837 1023 2006 1082; x_wconf 88' lang='lat' dir='ltr'><strong>corda</strong></span> <span class='ocrx_word' id='word_1_463' title='bbox 2033 1023 2236 1080; x_wconf 74' lang='lat' dir='ltr'><strong>videat.</strong></span> <span class='ocrx_word' id='word_1_464' title='bbox 2287 1022 2409 1092; x_wconf 83' lang='lat' dir='ltr'><strong>Ipse</strong></span> <span class='ocrx_word' id='word_1_465' title='bbox 2437 1039 2672 1095; x_wconf 84' lang='lat' dir='ltr'><strong>namque</strong></span> <span class='ocrx_word' id='word_1_466' title='bbox 2711 1025 2893 1080; x_wconf 86' lang='lat' dir='ltr'><strong>reddit</strong></span> <span class='ocrx_word' id='word_1_467' title='bbox 2922 1026 3224 1096; x_wconf 86' lang='lat' dir='ltr'><strong>unicuique</strong></span> <span class='ocrx_word' id='word_1_468' title='bbox 3254 1025 3420 1096; x_wconf 79' lang='lat' dir='ltr'><strong>juxta</strong></span> 
     </span>
    </p>
   </div>
   <div class='ocr_carea' id='block_1_67' title="bbox 1837 1115 3416 1189">
    <p class='ocr_par' dir='ltr' id='par_1_67' title="bbox 1837 1115 3416 1189">
     <span class='ocr_line' id='line_1_67' title="bbox 1837 1115 3416 1189; baseline 0 -17"><span class='ocrx_word' id='word_1_469' title='bbox 1837 1131 2008 1188; x_wconf 15' lang='lat' dir='ltr'><strong>operas</strong></span> <span class='ocrx_word' id='word_1_470' title='bbox 2030 1131 2152 1172; x_wconf 82' lang='lat' dir='ltr'><strong>sua.</strong></span> <span class='ocrx_word' id='word_1_471' title='bbox 2199 1115 2373 1171; x_wconf 83' lang='lat' dir='ltr'><strong>Homo</strong></span> <span class='ocrx_word' id='word_1_472' title='bbox 2394 1117 2598 1188; x_wconf 85' lang='lat' dir='ltr'><strong>quippe</strong></span> <span class='ocrx_word' id='word_1_473' title='bbox 2628 1117 2765 1172; x_wconf 77' lang='lat' dir='ltr'><strong>videt</strong></span> <span class='ocrx_word' id='word_1_474' title='bbox 2792 1119 2844 1171; x_wconf 89' lang='lat' dir='ltr'><strong>in</strong></span> <span class='ocrx_word' id='word_1_475' title='bbox 2869 1117 3008 1187; x_wconf 79' lang='lat' dir='ltr'><strong>facie</strong></span> <span class='ocrx_word' id='word_1_476' title='bbox 3027 1119 3073 1150; x_wconf 75' lang='grc' dir='ltr'>θ’</span> <span class='ocrx_word' id='word_1_477' title='bbox 3100 1135 3115 1185; x_wconf 88' lang='lat'><strong>;</strong></span> <span class='ocrx_word' id='word_1_478' title='bbox 3150 1117 3268 1189; x_wconf 84' lang='lat' dir='ltr'><strong>ipse</strong></span> <span class='ocrx_word' id='word_1_479' title='bbox 3286 1133 3416 1172; x_wconf 83' lang='lat' dir='ltr'><strong>vero</strong></span> 
     </span>
    </p>
   </div>
   <div class='ocr_carea' id='block_1_68' title="bbox 1833 1209 3422 1282">
    <p class='ocr_par' dir='ltr' id='par_1_68' title="bbox 1833 1209 3422 1282">
     <span class='ocr_line' id='line_1_68' title="bbox 1833 1209 3422 1282; baseline 0 -18"><span class='ocrx_word' id='word_1_480' title='bbox 1833 1209 2002 1280; x_wconf 79' lang='lat' dir='ltr'><strong>judex</strong></span> <span class='ocrx_word' id='word_1_481' title='bbox 2035 1209 2436 1282; x_wconf 83' lang='lat' dir='ltr'><strong>cogitationum</strong></span> <span class='ocrx_word' id='word_1_482' title='bbox 2463 1219 2548 1265; x_wconf 90' lang='lat' dir='ltr'><strong>est</strong></span> <span class='ocrx_word' id='word_1_483' title='bbox 2575 1217 2630 1265; x_wconf 92' lang='lat' dir='ltr'><strong>et</strong></span> <span class='ocrx_word' id='word_1_484' title='bbox 2658 1211 2826 1265; x_wconf 88' lang='lat' dir='ltr'><strong>animi</strong></span> <span class='ocrx_word' id='word_1_485' title='bbox 2859 1213 3159 1268; x_wconf 87' lang='lat' dir='ltr'><strong>sensuum&#39;:</strong></span> <span class='ocrx_word' id='word_1_486' title='bbox 3203 1210 3422 1264; x_wconf 84' lang='lat' dir='ltr'><strong>nullum</strong></span> 
     </span>
    </p>
   </div>
   <div class='ocr_carea' id='block_1_69' title="bbox 1832 1298 3416 1378">
    <p class='ocr_par' dir='ltr' id='par_1_69' title="bbox 1832 1298 3416 1378">
     <span class='ocr_line' id='line_1_69' title="bbox 1832 1298 3416 1378; baseline 0 -24"><span class='ocrx_word' id='word_1_487' title='bbox 1832 1302 2105 1372; x_wconf 88' lang='lat' dir='ltr'><strong>judicium</strong></span> <span class='ocrx_word' id='word_1_488' title='bbox 2135 1301 2410 1378; x_wconf 83' lang='lat' dir='ltr'><strong>occultum</strong></span> <span class='ocrx_word' id='word_1_489' title='bbox 2449 1299 2552 1370; x_wconf 88' lang='lat' dir='ltr'><strong>ipsi</strong></span> <span class='ocrx_word' id='word_1_490' title='bbox 2585 1309 2688 1356; x_wconf 92' lang='lat' dir='ltr'><strong>est.</strong></span> <span class='ocrx_word' id='word_1_491' title='bbox 2729 1299 2866 1354; x_wconf 84' lang='lat' dir='ltr'><strong>Cum</strong></span> <span class='ocrx_word' id='word_1_492' title='bbox 2896 1302 3060 1356; x_wconf 84' lang='lat' dir='ltr'><strong>talem</strong></span> <span class='ocrx_word' id='word_1_493' title='bbox 3098 1315 3220 1356; x_wconf 86' lang='lat' dir='ltr'><strong>esse</strong></span> <span class='ocrx_word' id='word_1_494' title='bbox 3245 1298 3416 1355; x_wconf 87' lang='lat' dir='ltr'><strong>Deum</strong></span> 
     </span>
    </p>
   </div>
   <div class='ocr_carea' id='block_1_70' title="bbox 1837 1392 3414 1457">
    <p class='ocr_par' dir='ltr' id='par_1_70' title="bbox 1837 1392 3414 1457">
     <span class='ocr_line' id='line_1_70' title="bbox 1837 1392 3414 1457; baseline 0.001 -10"><span class='ocrx_word' id='word_1_495' title='bbox 1837 1393 2195 1457; x_wconf 75' lang='lat' dir='ltr'><strong>declarasset,</strong></span> <span class='ocrx_word' id='word_1_496' title='bbox 2241 1392 2523 1447; x_wconf 84' lang='lat' dir='ltr'><strong>conlidens</strong></span> <span class='ocrx_word' id='word_1_497' title='bbox 2557 1408 2622 1447; x_wconf 91' lang='lat' dir='ltr'><strong>ac</strong></span> <span class='ocrx_word' id='word_1_498' title='bbox 2658 1394 2998 1448; x_wconf 85' lang='lat' dir='ltr'><strong>conscientia</strong></span> <span class='ocrx_word' id='word_1_499' title='bbox 3033 1409 3132 1448; x_wconf 91' lang='lat' dir='ltr'><strong>sua</strong></span> <span class='ocrx_word' id='word_1_500' title='bbox 3183 1407 3414 1448; x_wconf 87' lang='lat' dir='ltr'><strong>securus</strong></span> 
     </span>
    </p>
   </div>
   <div class='ocr_carea' id='block_1_71' title="bbox 1837 1483 3416 1554">
    <p class='ocr_par' dir='ltr' id='par_1_71' title="bbox 1837 1483 3416 1554">
     <span class='ocr_line' id='line_1_71' title="bbox 1837 1483 3416 1554; baseline -0.002 -13"><span class='ocrx_word' id='word_1_501' title='bbox 1837 1485 2004 1541; x_wconf 85' lang='lat' dir='ltr'><strong>dicit:</strong></span> <span class='ocrx_word' id='word_1_502' title='bbox 2040 1485 2380 1554; x_wconf 83' lang='lat' dir='ltr'><strong>Adjutorium</strong></span> <span class='ocrx_word' id='word_1_503' title='bbox 2411 1500 2581 1538; x_wconf 90' lang='lat' dir='ltr'><strong>meum</strong></span> <span class='ocrx_word' id='word_1_504' title='bbox 2608 1501 2641 1537; x_wconf 89' lang='lat' dir='ltr'><strong>a</strong></span> <span class='ocrx_word' id='word_1_505' title='bbox 2677 1483 2810 1550; x_wconf 87' lang='lat' dir='ltr'><strong>Deo,</strong></span> <span class='ocrx_word' id='word_1_506' title='bbox 2844 1485 2934 1554; x_wconf 86' lang='lat' dir='ltr'><strong>qui</strong></span> <span class='ocrx_word' id='word_1_507' title='bbox 2966 1484 3139 1538; x_wconf 76' lang='lat' dir='ltr'><strong>salvos</strong></span> <span class='ocrx_word' id='word_1_508' title='bbox 3169 1484 3298 1552; x_wconf 82' lang='lat' dir='ltr'><strong>facit</strong></span> <span class='ocrx_word' id='word_1_509' title='bbox 3334 1500 3416 1538; x_wconf 87' lang='lat' dir='ltr'><strong>re-</strong></span> 
     </span>
    </p>
   </div>
   <div class='ocr_carea' id='block_1_72' title="bbox 1837 1575 3418 1645">
    <p class='ocr_par' dir='ltr' id='par_1_72' title="bbox 1837 1575 3418 1645">
     <span class='ocr_line' id='line_1_72' title="bbox 1837 1575 3418 1645; baseline -0.001 -14"><span class='ocrx_word' id='word_1_510' title='bbox 1837 1587 1946 1632; x_wconf 82' lang='lat' dir='ltr'><strong>etas</strong></span> <span class='ocrx_word' id='word_1_511' title='bbox 1979 1578 2155 1632; x_wconf 85' lang='lat' dir='ltr'><strong>corde.</strong></span> <span class='ocrx_word' id='word_1_512' title='bbox 2199 1576 2347 1630; x_wconf 89' lang='lat' dir='ltr'><strong>Bona</strong></span> <span class='ocrx_word' id='word_1_513' title='bbox 2385 1576 2586 1630; x_wconf 89' lang='lat' dir='ltr'><strong>etenim</strong></span> <span class='ocrx_word' id='word_1_514' title='bbox 2619 1583 2804 1645; x_wconf 82' lang='lat' dir='ltr'><strong>sperat</strong></span> <span class='ocrx_word' id='word_1_515' title='bbox 2841 1575 2910 1628; x_wconf 93' lang='lat' dir='ltr'><strong>ab</strong></span> <span class='ocrx_word' id='word_1_516' title='bbox 2929 1590 2996 1630; x_wconf 91' lang='lat' dir='ltr'><strong>eo</strong></span> <span class='ocrx_word' id='word_1_517' title='bbox 3018 1575 3110 1644; x_wconf 92' lang='lat' dir='ltr'><strong>qui</strong></span> <span class='ocrx_word' id='word_1_518' title='bbox 3136 1581 3418 1630; x_wconf 86' lang='lat' dir='ltr'><strong>scrutatur</strong></span> 
     </span>
    </p>
   </div>
   <div class='ocr_carea' id='block_1_73' title="bbox 1836 1666 3416 1739">
    <p class='ocr_par' dir='ltr' id='par_1_73' title="bbox 1836 1666 3416 1739">
     <span class='ocr_line' id='line_1_73' title="bbox 1836 1666 3416 1739; baseline -0.003 -14"><span class='ocrx_word' id='word_1_519' title='bbox 1836 1670 2003 1725; x_wconf 91' lang='lat' dir='ltr'><strong>corda</strong></span> <span class='ocrx_word' id='word_1_520' title='bbox 2026 1677 2080 1725; x_wconf 91' lang='lat' dir='ltr'><strong>et</strong></span> <span class='ocrx_word' id='word_1_521' title='bbox 2107 1685 2287 1734; x_wconf 88' lang='lat' dir='ltr'><strong>renes,</strong></span> <span class='ocrx_word' id='word_1_522' title='bbox 2330 1668 2477 1739; x_wconf 91' lang='lat' dir='ltr'><strong>quod</strong></span> <span class='ocrx_word' id='word_1_523' title='bbox 2512 1667 2652 1722; x_wconf 83' lang='lat' dir='ltr'><strong>nihil</strong></span> <span class='ocrx_word' id='word_1_524' title='bbox 2681 1675 2993 1724; x_wconf 90' lang='lat' dir='ltr'><strong>tortuosum</strong></span> <span class='ocrx_word' id='word_1_525' title='bbox 3034 1667 3090 1720; x_wconf 92' lang='lat' dir='ltr'><strong>in</strong></span> <span class='ocrx_word' id='word_1_526' title='bbox 3116 1666 3281 1721; x_wconf 89' lang='lat' dir='ltr'><strong>corde</strong></span> <span class='ocrx_word' id='word_1_527' title='bbox 3315 1666 3416 1721; x_wconf 89' lang='lat' dir='ltr'><strong>ha-</strong></span> 
     </span>
    </p>
   </div>
   <div class='ocr_carea' id='block_1_74' title="bbox 1837 1763 1986 1818">
    <p class='ocr_par' dir='ltr' id='par_1_74' title="bbox 1837 1763 1986 1818">
     <span class='ocr_line' id='line_1_74' title="bbox 1837 1763 1986 1818; baseline -0.013 0"><span class='ocrx_word' id='word_1_528' title='bbox 1837 1763 1986 1818; x_wconf 84' lang='lat' dir='ltr'><strong>beat.</strong></span> 
     </span>
    </p>
   </div>
   <div class='ocr_carea' id='block_1_75' title="bbox 1907 1849 3416 1921">
    <p class='ocr_par' dir='ltr' id='par_1_75' title="bbox 1907 1849 3416 1921">
     <span class='ocr_line' id='line_1_75' title="bbox 1907 1849 3416 1921; baseline -0.003 -15"><span class='ocrx_word' id='word_1_529' title='bbox 1907 1852 2077 1910; x_wconf 74' lang='lat' dir='ltr'><strong>Vens.</strong></span> <span class='ocrx_word' id='word_1_530' title='bbox 2121 1853 2210 1907; x_wconf 75' lang='grc'><strong>15.</strong></span> <span class='ocrx_word' id='word_1_531' title='bbox 2256 1850 2382 1906; x_wconf 85' lang='lat' dir='ltr'><strong>Nisi</strong></span> <span class='ocrx_word' id='word_1_532' title='bbox 2437 1852 2671 1906; x_wconf 74' lang='lat' dir='ltr'><strong>conversi</strong></span> <span class='ocrx_word' id='word_1_533' title='bbox 2715 1851 2944 1920; x_wconf 78' lang='lat' dir='ltr'><strong>fueritis,</strong></span> <span class='ocrx_word' id='word_1_534' title='bbox 2977 1849 3216 1921; x_wconf 83' lang='lat' dir='ltr'><strong>gladium</strong></span> <span class='ocrx_word' id='word_1_535' title='bbox 3261 1864 3416 1903; x_wconf 89' lang='lat' dir='ltr'><strong>suum</strong></span> 
     </span>
    </p>
   </div>
   <div class='ocr_carea' id='block_1_76' title="bbox 1836 1942 3416 2010">
    <p class='ocr_par' dir='ltr' id='par_1_76' title="bbox 1836 1942 3416 2010">
     <span class='ocr_line' id='line_1_76' title="bbox 1836 1942 3416 2010; baseline -0.002 -11"><span class='ocrx_word' id='word_1_536' title='bbox 1836 1945 2100 2000; x_wconf 80' lang='lat' dir='ltr'><strong>vibrabit:</strong></span> <span class='ocrx_word' id='word_1_537' title='bbox 2152 1961 2337 1998; x_wconf 89' lang='lat' dir='ltr'><strong>arcum</strong></span> <span class='ocrx_word' id='word_1_538' title='bbox 2405 1960 2558 1997; x_wconf 89' lang='lat' dir='ltr'><strong>suum</strong></span> <span class='ocrx_word' id='word_1_539' title='bbox 2613 1942 2832 1997; x_wconf 87' lang='lat' dir='ltr'><strong>tetendit</strong></span> <span class='ocrx_word' id='word_1_540' title='bbox 2879 1951 2929 1996; x_wconf 88' lang='lat' dir='ltr'><strong>et</strong></span> <span class='ocrx_word' id='word_1_541' title='bbox 2977 1943 3185 2010; x_wconf 79' lang='lat' dir='ltr'><strong>pararit</strong></span> <span class='ocrx_word' id='word_1_542' title='bbox 3238 1942 3416 1996; x_wconf 89' lang='lat' dir='ltr'><strong>illum.</strong></span> 
     </span>
    </p>
   </div>
   <div class='ocr_carea' id='block_1_77' title="bbox 1836 2032 3415 2092">
    <p class='ocr_par' dir='ltr' id='par_1_77' title="bbox 1836 2032 3415 2092">
     <span class='ocr_line' id='line_1_77' title="bbox 1836 2032 3415 2092; baseline -0.001 0"><span class='ocrx_word' id='word_1_543' title='bbox 1836 2036 1977 2092; x_wconf 85' lang='lat' dir='ltr'><strong>Num</strong></span> <span class='ocrx_word' id='word_1_544' title='bbox 2009 2037 2126 2092; x_wconf 66' lang='lat' dir='ltr'><strong>haec</strong></span> <span class='ocrx_word' id='word_1_545' title='bbox 2169 2037 2332 2092; x_wconf 90' lang='lat' dir='ltr'><strong>tacite</strong></span> <span class='ocrx_word' id='word_1_546' title='bbox 2386 2044 2443 2091; x_wconf 84' lang='lat' dir='ltr'><strong>et</strong></span> <span class='ocrx_word' id='word_1_547' title='bbox 2477 2035 2714 2091; x_wconf 88' lang='lat' dir='ltr'><strong>obscure</strong></span> <span class='ocrx_word' id='word_1_548' title='bbox 2747 2033 2820 2088; x_wconf 87' lang='lat' dir='ltr'><strong>de</strong></span> <span class='ocrx_word' id='word_1_549' title='bbox 2858 2032 3077 2088; x_wconf 88' lang='lat' dir='ltr'><strong>diabolo</strong></span> <span class='ocrx_word' id='word_1_550' title='bbox 3120 2033 3415 2090; x_wconf 87' lang='lat' dir='ltr'><strong>dicuntur:</strong></span> 
     </span>
    </p>
   </div>
   <div class='ocr_carea' id='block_1_78' title="bbox 1837 2126 3416 2198">
    <p class='ocr_par' dir='ltr' id='par_1_78' title="bbox 1837 2126 3416 2198">
     <span class='ocr_line' id='line_1_78' title="bbox 1837 2126 3416 2198; baseline -0.002 -14"><span class='ocrx_word' id='word_1_551' title='bbox 1837 2146 1965 2185; x_wconf 90' lang='lat' dir='ltr'><strong>nam</strong></span> <span class='ocrx_word' id='word_1_552' title='bbox 2032 2131 2082 2185; x_wconf 93' lang='lat' dir='ltr'><strong>i‘s</strong></span> <span class='ocrx_word' id='word_1_553' title='bbox 2145 2131 2412 2185; x_wconf 78' lang='lat' dir='ltr'><strong>adversus</strong></span> <span class='ocrx_word' id='word_1_554' title='bbox 2461 2127 3016 2198; x_wconf 72' lang='lat' dir='ltr'><strong>hominestparturiit</strong></span> <span class='ocrx_word' id='word_1_555' title='bbox 3064 2126 3416 2196; x_wconf 88' lang='lat' dir='ltr'><strong>injustitiam,</strong></span> 
     </span>
    </p>
   </div>
   <div class='ocr_carea' id='block_1_79' title="bbox 1837 2231 2132 2279">
    <p class='ocr_par' dir='ltr' id='par_1_79' title="bbox 1837 2231 2132 2279">
     <span class='ocr_line' id='line_1_79' title="bbox 1837 2231 2132 2279; baseline 0.003 -1"><span class='ocrx_word' id='word_1_556' title='bbox 1837 2231 1892 2279; x_wconf 86' lang='lat' dir='ltr'><strong>et</strong></span> <span class='ocrx_word' id='word_1_557' title='bbox 1913 2233 2106 2278; x_wconf 66' lang='lat' dir='ltr'><strong>caetera</strong></span> <span class='ocrx_word' id='word_1_558' title='bbox 2117 2263 2132 2279; x_wconf 84' lang='lat'><em>.</em></span> 
     </span>
    </p>
   </div>
   <div class='ocr_carea' id='block_1_80' title="bbox 1910 2312 3419 2381">
    <p class='ocr_par' dir='ltr' id='par_1_80' title="bbox 1910 2312 3419 2381">
     <span class='ocr_line' id='line_1_80' title="bbox 1910 2312 3419 2381; baseline -0.004 -11"><span class='ocrx_word' id='word_1_559' title='bbox 1910 2316 2078 2372; x_wconf 71' lang='lat' dir='ltr'><strong>Vsus.</strong></span> <span class='ocrx_word' id='word_1_560' title='bbox 2113 2316 2182 2370; x_wconf 69' lang='lat' dir='ltr'><strong>t5</strong></span> <span class='ocrx_word' id='word_1_561' title='bbox 2209 2315 2351 2372; x_wconf 78' lang='grc'>-17,</span> <span class='ocrx_word' id='word_1_562' title='bbox 2411 2312 2542 2367; x_wconf 86' lang='lat' dir='ltr'><strong>Ecce</strong></span> <span class='ocrx_word' id='word_1_563' title='bbox 2581 2313 2838 2381; x_wconf 87' lang='lat' dir='ltr'><strong>parturiit</strong></span> <span class='ocrx_word' id='word_1_564' title='bbox 2887 2312 3231 2381; x_wconf 87' lang='lat' dir='ltr'><strong>injustitiam,</strong></span> <span class='ocrx_word' id='word_1_565' title='bbox 3286 2328 3419 2365; x_wconf 87' lang='lat' dir='ltr'><strong>cou-</strong></span> 
     </span>
    </p>
   </div>
   <div class='ocr_carea' id='block_1_81' title="bbox 1839 2401 3417 2476">
    <p class='ocr_par' dir='ltr' id='par_1_81' title="bbox 1839 2401 3417 2476">
     <span class='ocr_line' id='line_1_81' title="bbox 1839 2401 3417 2476; baseline -0.004 -14"><span class='ocrx_word' id='word_1_566' title='bbox 1839 2409 1971 2476; x_wconf 81' lang='lat' dir='ltr'><strong>cepit</strong></span> <span class='ocrx_word' id='word_1_567' title='bbox 2000 2407 2236 2461; x_wconf 87' lang='lat' dir='ltr'><strong>dolorem</strong></span> <span class='ocrx_word' id='word_1_568' title='bbox 2263 2415 2312 2460; x_wconf 86' lang='lat' dir='ltr'><strong>et</strong></span> <span class='ocrx_word' id='word_1_569' title='bbox 2337 2407 2534 2476; x_wconf 82' lang='lat' dir='ltr'><strong>peperit</strong></span> <span class='ocrx_word' id='word_1_570' title='bbox 2575 2405 2930 2475; x_wconf 83' lang='lat' dir='ltr'><strong>iniquitatem.</strong></span> <span class='ocrx_word' id='word_1_571' title='bbox 2979 2401 3179 2456; x_wconf 90' lang='lat' dir='ltr'><strong>Lacum</strong></span> <span class='ocrx_word' id='word_1_572' title='bbox 3212 2404 3417 2472; x_wconf 87' lang='lat' dir='ltr'><strong>aperuit</strong></span> 
     </span>
    </p>
   </div>
   <div class='ocr_carea' id='block_1_82' title="bbox 1838 2495 3416 2569">
    <p class='ocr_par' dir='ltr' id='par_1_82' title="bbox 1838 2495 3416 2569">
     <span class='ocr_line' id='line_1_82' title="bbox 1838 2495 3416 2569; baseline -0.003 -15"><span class='ocrx_word' id='word_1_573' title='bbox 1838 2511 1888 2554; x_wconf 90' lang='lat' dir='ltr'><strong>et</strong></span> <span class='ocrx_word' id='word_1_574' title='bbox 1908 2499 2090 2569; x_wconf 71' lang='lat' dir='ltr'><strong>effodit</strong></span> <span class='ocrx_word' id='word_1_575' title='bbox 2111 2516 2252 2561; x_wconf 92' lang='lat' dir='ltr'><strong>eum,</strong></span> <span class='ocrx_word' id='word_1_576' title='bbox 2280 2508 2328 2552; x_wconf 90' lang='lat' dir='ltr'><strong>et</strong></span> <span class='ocrx_word' id='word_1_577' title='bbox 2352 2497 2548 2552; x_wconf 84' lang='lat' dir='ltr'><strong>incidet</strong></span> <span class='ocrx_word' id='word_1_578' title='bbox 2574 2498 2630 2551; x_wconf 86' lang='lat' dir='ltr'><strong>in</strong></span> <span class='ocrx_word' id='word_1_579' title='bbox 2665 2497 2870 2566; x_wconf 74' lang='lat' dir='ltr'><strong>foveam</strong></span> <span class='ocrx_word' id='word_1_580' title='bbox 2897 2512 3056 2567; x_wconf 88' lang='lat' dir='ltr'><strong>quam</strong></span> <span class='ocrx_word' id='word_1_581' title='bbox 3085 2496 3231 2566; x_wconf 79' lang='lat' dir='ltr'><strong>fecit.</strong></span> <span class='ocrx_word' id='word_1_582' title='bbox 3273 2495 3416 2551; x_wconf 84' lang='lat' dir='ltr'><strong>Con-</strong></span> 
     </span>
    </p>
   </div>
   <div class='ocr_carea' id='block_1_83' title="bbox 1839 2588 3419 2660">
    <p class='ocr_par' dir='ltr' id='par_1_83' title="bbox 1839 2588 3419 2660">
     <span class='ocr_line' id='line_1_83' title="bbox 1839 2588 3419 2660; baseline -0.004 -12"><span class='ocrx_word' id='word_1_583' title='bbox 1839 2603 2068 2648; x_wconf 78' lang='lat' dir='ltr'><strong>vertetur</strong></span> <span class='ocrx_word' id='word_1_584' title='bbox 2114 2593 2268 2645; x_wconf 82' lang='lat' dir='ltr'><strong>dolor</strong></span> <span class='ocrx_word' id='word_1_585' title='bbox 2314 2590 2429 2660; x_wconf 85' lang='lat' dir='ltr'><strong>ejus</strong></span> <span class='ocrx_word' id='word_1_586' title='bbox 2477 2591 2531 2644; x_wconf 89' lang='lat' dir='ltr'><strong>in</strong></span> <span class='ocrx_word' id='word_1_587' title='bbox 2574 2599 2732 2658; x_wconf 91' lang='lat' dir='ltr'><strong>caput</strong></span> <span class='ocrx_word' id='word_1_588' title='bbox 2782 2588 2920 2659; x_wconf 87' lang='lat' dir='ltr'><strong>ejus,</strong></span> <span class='ocrx_word' id='word_1_589' title='bbox 2964 2599 3014 2642; x_wconf 89' lang='lat' dir='ltr'><strong>et</strong></span> <span class='ocrx_word' id='word_1_590' title='bbox 3066 2589 3121 2642; x_wconf 87' lang='lat' dir='ltr'><strong>in</strong></span> <span class='ocrx_word' id='word_1_591' title='bbox 3174 2589 3419 2643; x_wconf 81' lang='lat' dir='ltr'><strong>verticem</strong></span> 
     </span>
    </p>
   </div>
   <div class='ocr_carea' id='block_1_84' title="bbox 1841 2681 3419 2756">
    <p class='ocr_par' dir='ltr' id='par_1_84' title="bbox 1841 2681 3419 2756">
     <span class='ocr_line' id='line_1_84' title="bbox 1841 2681 3419 2756; baseline -0.002 -16"><span class='ocrx_word' id='word_1_592' title='bbox 1841 2688 2006 2753; x_wconf 81' lang='lat' dir='ltr'><strong>ipsius</strong></span> <span class='ocrx_word' id='word_1_593' title='bbox 2043 2687 2294 2756; x_wconf 69' lang='lat' dir='ltr'><strong>iniquitas</strong></span> <span class='ocrx_word' id='word_1_594' title='bbox 2337 2685 2452 2754; x_wconf 86' lang='lat' dir='ltr'><strong>ejus</strong></span> <span class='ocrx_word' id='word_1_595' title='bbox 2501 2683 2795 2739; x_wconf 84' lang='lat' dir='ltr'><strong>descendet.</strong></span> <span class='ocrx_word' id='word_1_596' title='bbox 2843 2683 2970 2738; x_wconf 65' lang='lat' dir='ltr'><strong>Ilaec</strong></span> <span class='ocrx_word' id='word_1_597' title='bbox 2999 2682 3068 2736; x_wconf 86' lang='lat' dir='ltr'><strong>ad</strong></span> <span class='ocrx_word' id='word_1_598' title='bbox 3103 2683 3329 2737; x_wconf 74' lang='lat' dir='ltr'><strong>verbum</strong></span> <span class='ocrx_word' id='word_1_599' title='bbox 3360 2681 3419 2737; x_wconf 83' lang='lat' dir='ltr'><strong>in</strong></span> 
     </span>
    </p>
   </div>
   <div class='ocr_carea' id='block_1_85' title="bbox 1839 2775 3420 2848">
    <p class='ocr_par' dir='ltr' id='par_1_85' title="bbox 1839 2775 3420 2848">
     <span class='ocr_line' id='line_1_85' title="bbox 1839 2775 3420 2848; baseline -0.001 -16"><span class='ocrx_word' id='word_1_600' title='bbox 1839 2777 2197 2848; x_wconf 85' lang='lat' dir='ltr'><strong>Achitophele</strong></span> <span class='ocrx_word' id='word_1_601' title='bbox 2240 2778 2512 2848; x_wconf 88' lang='lat' dir='ltr'><strong>completa</strong></span> <span class='ocrx_word' id='word_1_602' title='bbox 2575 2786 2726 2832; x_wconf 89' lang='lat' dir='ltr'><strong>sunt.</strong></span> <span class='ocrx_word' id='word_1_603' title='bbox 2795 2775 2932 2832; x_wconf 79' lang='lat' dir='ltr'><strong>Nam</strong></span> <span class='ocrx_word' id='word_1_604' title='bbox 2967 2792 2998 2830; x_wconf 90' lang='lat' dir='ltr'><strong>a</strong></span> <span class='ocrx_word' id='word_1_605' title='bbox 3035 2775 3208 2832; x_wconf 88' lang='lat' dir='ltr'><strong>Chusi</strong></span> <span class='ocrx_word' id='word_1_606' title='bbox 3253 2791 3420 2846; x_wconf 87' lang='lat' dir='ltr'><strong>supe-</strong></span> 
     </span>
    </p>
   </div>
   <div class='ocr_carea' id='block_1_86' title="bbox 1845 2867 3416 2939">
    <p class='ocr_par' dir='ltr' id='par_1_86' title="bbox 1845 2867 3416 2939">
     <span class='ocr_line' id='line_1_86' title="bbox 1845 2867 3416 2939; baseline -0.003 -13"><span class='ocrx_word' id='word_1_607' title='bbox 1845 2877 2024 2934; x_wconf 88' lang='lat' dir='ltr'><strong>ratus,</strong></span> <span class='ocrx_word' id='word_1_608' title='bbox 2051 2884 2176 2925; x_wconf 90' lang='lat' dir='ltr'><strong>cum</strong></span> <span class='ocrx_word' id='word_1_609' title='bbox 2212 2869 2280 2925; x_wconf 94' lang='lat' dir='ltr'><strong>de</strong></span> <span class='ocrx_word' id='word_1_610' title='bbox 2305 2869 2473 2925; x_wconf 87' lang='lat' dir='ltr'><strong>rebus</strong></span> <span class='ocrx_word' id='word_1_611' title='bbox 2496 2868 2811 2933; x_wconf 82' lang='lat' dir='ltr'><strong>Absalonis,</strong></span> <span class='ocrx_word' id='word_1_612' title='bbox 2836 2875 3026 2939; x_wconf 88' lang='lat' dir='ltr'><strong>utpote</strong></span> <span class='ocrx_word' id='word_1_613' title='bbox 3048 2867 3131 2922; x_wconf 81' lang='lat' dir='ltr'><strong>vir</strong></span> <span class='ocrx_word' id='word_1_614' title='bbox 3152 2867 3416 2938; x_wconf 88' lang='lat' dir='ltr'><strong>prudens,</strong></span> 
     </span>
    </p>
   </div>
   <div class='ocr_carea' id='block_1_87' title="bbox 1842 2958 3419 3033">
    <p class='ocr_par' dir='ltr' id='par_1_87' title="bbox 1842 2958 3419 3033">
     <span class='ocr_line' id='line_1_87' title="bbox 1842 2958 3419 3033; baseline -0.003 -16"><span class='ocrx_word' id='word_1_615' title='bbox 1842 2963 2181 3033; x_wconf 79' lang='lat' dir='ltr'><strong>desperaret,</strong></span> <span class='ocrx_word' id='word_1_616' title='bbox 2240 2960 2594 3031; x_wconf 83' lang='lat' dir='ltr'><strong>futuramque</strong></span> <span class='ocrx_word' id='word_1_617' title='bbox 2641 2959 2864 3016; x_wconf 87' lang='lat' dir='ltr'><strong>Davidis</strong></span> <span class='ocrx_word' id='word_1_618' title='bbox 2899 2959 3200 3014; x_wconf 86' lang='lat' dir='ltr'><strong>vindictam</strong></span> <span class='ocrx_word' id='word_1_619' title='bbox 3249 2958 3419 3029; x_wconf 82' lang='lat' dir='ltr'><strong>perti-</strong></span> 
     </span>
    </p>
   </div>
   <div class='ocr_carea' id='block_1_88' title="bbox 1841 3053 3420 3122">
    <p class='ocr_par' dir='ltr' id='par_1_88' title="bbox 1841 3053 3420 3122">
     <span class='ocr_line' id='line_1_88' title="bbox 1841 3053 3420 3122; baseline -0.003 -12"><span class='ocrx_word' id='word_1_620' title='bbox 1841 3064 2130 3119; x_wconf 84' lang='lat' dir='ltr'><strong>mesceret,</strong></span> <span class='ocrx_word' id='word_1_621' title='bbox 2162 3055 2218 3108; x_wconf 89' lang='lat' dir='ltr'><strong>in</strong></span> <span class='ocrx_word' id='word_1_622' title='bbox 2247 3055 2467 3109; x_wconf 92' lang='lat' dir='ltr'><strong>domum</strong></span> <span class='ocrx_word' id='word_1_623' title='bbox 2512 3054 2778 3109; x_wconf 85' lang='lat' dir='ltr'><strong>secedens</strong></span> <span class='ocrx_word' id='word_1_624' title='bbox 2807 3068 2928 3108; x_wconf 90' lang='lat' dir='ltr'><strong>sese</strong></span> <span class='ocrx_word' id='word_1_625' title='bbox 2959 3053 3155 3122; x_wconf 86' lang='lat' dir='ltr'><strong>laqueo</strong></span> <span class='ocrx_word' id='word_1_626' title='bbox 3184 3068 3420 3122; x_wconf 88' lang='lat' dir='ltr'><strong>suspen-</strong></span> 
     </span>
    </p>
   </div>
   <div class='ocr_carea' id='block_1_89' title="bbox 1767 3140 3420 3227">
    <p class='ocr_par' dir='ltr' id='par_1_89' title="bbox 1767 3140 3420 3227">
     <span class='ocr_line' id='line_1_89' title="bbox 1767 3140 3420 3227; baseline -0.002 -29"><span class='ocrx_word' id='word_1_627' title='bbox 1767 3166 1814 3227; x_wconf 75' lang='lat' dir='ltr'><strong>c</strong></span> <span class='ocrx_word' id='word_1_628' title='bbox 1845 3145 1947 3208; x_wconf 91' lang='lat' dir='ltr'><strong>dit,</strong></span> <span class='ocrx_word' id='word_1_629' title='bbox 1977 3158 2041 3199; x_wconf 88' lang='lat' dir='ltr'><strong>ea</strong></span> <span class='ocrx_word' id='word_1_630' title='bbox 2071 3158 2388 3214; x_wconf 90' lang='lat' dir='ltr'><strong>perpessus,</strong></span> <span class='ocrx_word' id='word_1_631' title='bbox 2416 3157 2538 3214; x_wconf 71' lang='lat' dir='ltr'><strong>quze</strong></span> <span class='ocrx_word' id='word_1_632' title='bbox 2577 3142 3042 3196; x_wconf 86' lang='lat' dir='ltr'><strong>machinamentis</strong></span> <span class='ocrx_word' id='word_1_633' title='bbox 3078 3141 3195 3196; x_wconf 88' lang='lat' dir='ltr'><strong>suis</strong></span> <span class='ocrx_word' id='word_1_634' title='bbox 3227 3140 3420 3195; x_wconf 87' lang='lat' dir='ltr'><strong>Davidi</strong></span> 
     </span>
    </p>
   </div>
   <div class='ocr_carea' id='block_1_90' title="bbox 1847 3229 3421 3307">
    <p class='ocr_par' dir='ltr' id='par_1_90' title="bbox 1847 3229 3421 3307">
     <span class='ocr_line' id='line_1_90' title="bbox 1847 3229 3421 3307; baseline -0.003 -18"><span class='ocrx_word' id='word_1_635' title='bbox 1847 3240 2157 3307; x_wconf 85' lang='lat' dir='ltr'><strong>paraverat,</strong></span> <span class='ocrx_word' id='word_1_636' title='bbox 2203 3249 2470 3305; x_wconf 88' lang='lat' dir='ltr'><strong>suamque</strong></span> <span class='ocrx_word' id='word_1_637' title='bbox 2529 3233 2794 3288; x_wconf 85' lang='lat' dir='ltr'><strong>adversus</strong></span> <span class='ocrx_word' id='word_1_638' title='bbox 2833 3247 2960 3287; x_wconf 90' lang='lat' dir='ltr'><strong>eum</strong></span> <span class='ocrx_word' id='word_1_639' title='bbox 3007 3230 3309 3300; x_wconf 86' lang='lat' dir='ltr'><strong>nequitiam</strong></span> <span class='ocrx_word' id='word_1_640' title='bbox 3361 3229 3421 3285; x_wconf 88' lang='lat' dir='ltr'><strong>in</strong></span> 
     </span>
    </p>
   </div>
   <div class='ocr_carea' id='block_1_91' title="bbox 1846 3322 3423 3398">
    <p class='ocr_par' dir='ltr' id='par_1_91' title="bbox 1846 3322 3423 3398">
     <span class='ocr_line' id='line_1_91' title="bbox 1846 3322 3423 3398; baseline -0.003 -16"><span class='ocrx_word' id='word_1_641' title='bbox 1846 3335 2004 3398; x_wconf 84' lang='lat' dir='ltr'><strong>caput</strong></span> <span class='ocrx_word' id='word_1_642' title='bbox 2041 3326 2158 3396; x_wconf 91' lang='lat' dir='ltr'><strong>ipse</strong></span> <span class='ocrx_word' id='word_1_643' title='bbox 2193 3341 2354 3382; x_wconf 90' lang='lat' dir='ltr'><strong>suum</strong></span> <span class='ocrx_word' id='word_1_644' title='bbox 2386 3324 2678 3396; x_wconf 82' lang='lat' dir='ltr'><strong>expressit.</strong></span> <span class='ocrx_word' id='word_1_645' title='bbox 2721 3322 2787 3378; x_wconf 86' lang='lat' dir='ltr'><strong>Et</strong></span> <span class='ocrx_word' id='word_1_646' title='bbox 2818 3339 2948 3377; x_wconf 77' lang='lat' dir='ltr'><strong>vero</strong></span> <span class='ocrx_word' id='word_1_647' title='bbox 2976 3337 3167 3378; x_wconf 89' lang='lat' dir='ltr'><strong>omnes</strong></span> <span class='ocrx_word' id='word_1_648' title='bbox 3192 3337 3423 3392; x_wconf 79' lang='lat' dir='ltr'><strong>prorsus</strong></span> 
     </span>
    </p>
   </div>
   <div class='ocr_carea' id='block_1_92' title="bbox 1847 3411 3422 3486">
    <p class='ocr_par' dir='ltr' id='par_1_92' title="bbox 1847 3411 3422 3486">
     <span class='ocr_line' id='line_1_92' title="bbox 1847 3411 3422 3486; baseline -0.003 -14"><span class='ocrx_word' id='word_1_649' title='bbox 1847 3418 2121 3482; x_wconf 84' lang='lat' dir='ltr'><strong>homines,</strong></span> <span class='ocrx_word' id='word_1_650' title='bbox 2163 3433 2230 3472; x_wconf 79' lang='lat' dir='ltr'><strong>ex</strong></span> <span class='ocrx_word' id='word_1_651' title='bbox 2266 3417 2429 3472; x_wconf 89' lang='lat' dir='ltr'><strong>editis</strong></span> <span class='ocrx_word' id='word_1_652' title='bbox 2472 3415 2754 3486; x_wconf 89' lang='lat' dir='ltr'><strong>operibus,</strong></span> <span class='ocrx_word' id='word_1_653' title='bbox 2787 3428 2942 3469; x_wconf 87' lang='lat' dir='ltr'><strong>suam</strong></span> <span class='ocrx_word' id='word_1_654' title='bbox 2992 3412 3049 3466; x_wconf 93' lang='lat' dir='ltr'><strong>in</strong></span> <span class='ocrx_word' id='word_1_655' title='bbox 3091 3411 3182 3468; x_wconf 90' lang='lat' dir='ltr'><strong>die</strong></span> <span class='ocrx_word' id='word_1_656' title='bbox 3225 3411 3422 3483; x_wconf 88' lang='lat' dir='ltr'><strong>judicii</strong></span> 
     </span>
    </p>
   </div>
   <div class='ocr_carea' id='block_1_93' title="bbox 1849 3507 2424 3565">
    <p class='ocr_par' dir='ltr' id='par_1_93' title="bbox 1849 3507 2424 3565">
     <span class='ocr_line' id='line_1_93' title="bbox 1849 3507 2424 3565; baseline -0.005 -1"><span class='ocrx_word' id='word_1_657' title='bbox 1849 3509 2038 3565; x_wconf 82' lang='lat' dir='ltr'><strong>ferunt</strong></span> <span class='ocrx_word' id='word_1_658' title='bbox 2072 3507 2424 3564; x_wconf 88' lang='lat' dir='ltr'><strong>sententiam.</strong></span> 
     </span>
    </p>
   </div>
   <div class='ocr_carea' id='block_1_94' title="bbox 1917 3594 3423 3668">
    <p class='ocr_par' dir='ltr' id='par_1_94' title="bbox 1917 3594 3423 3668">
     <span class='ocr_line' id='line_1_94' title="bbox 1917 3594 3423 3668; baseline -0.005 -14"><span class='ocrx_word' id='word_1_659' title='bbox 1917 3599 2085 3655; x_wconf 73' lang='lat' dir='ltr'><strong>Vsus.</strong></span> <span class='ocrx_word' id='word_1_660' title='bbox 2113 3600 2199 3654; x_wconf 84' lang='lat' dir='ltr'><strong>I8.</strong></span> <span class='ocrx_word' id='word_1_661' title='bbox 2234 3596 2536 3668; x_wconf 81' lang='lat' dir='ltr'><strong>Conﬁtebor</strong></span> <span class='ocrx_word' id='word_1_662' title='bbox 2565 3595 2792 3650; x_wconf 86' lang='lat' dir='ltr'><strong>Domino</strong></span> <span class='ocrx_word' id='word_1_663' title='bbox 2831 3595 3119 3650; x_wconf 87' lang='lat' dir='ltr'><strong>secundum</strong></span> <span class='ocrx_word' id='word_1_664' title='bbox 3149 3594 3423 3663; x_wconf 87' lang='lat' dir='ltr'><strong>justitiam</strong></span> 
     </span>
    </p>
   </div>
   <div class='ocr_carea' id='block_1_95' title="bbox 1845 3684 3418 3761">
    <p class='ocr_par' dir='ltr' id='par_1_95' title="bbox 1845 3684 3418 3761">
     <span class='ocr_line' id='line_1_95' title="bbox 1845 3684 3418 3761; baseline -0.004 -16"><span class='ocrx_word' id='word_1_665' title='bbox 1845 3691 1982 3761; x_wconf 86' lang='lat' dir='ltr'><strong>ejus,</strong></span> <span class='ocrx_word' id='word_1_666' title='bbox 2010 3691 2244 3759; x_wconf 78' lang='lat' dir='ltr'><strong>psallam</strong></span> <span class='ocrx_word' id='word_1_667' title='bbox 2281 3690 2480 3745; x_wconf 88' lang='lat' dir='ltr'><strong>nomini</strong></span> <span class='ocrx_word' id='word_1_668' title='bbox 2516 3688 2802 3743; x_wconf 85' lang='lat' dir='ltr'><strong>Altissimi.</strong></span> <span class='ocrx_word' id='word_1_669' title='bbox 2851 3687 3050 3757; x_wconf 87' lang='lat' dir='ltr'><strong>Utpote</strong></span> <span class='ocrx_word' id='word_1_670' title='bbox 3088 3687 3181 3756; x_wconf 91' lang='lat' dir='ltr'><strong>qui</strong></span> <span class='ocrx_word' id='word_1_671' title='bbox 3216 3684 3418 3741; x_wconf 89' lang='lat' dir='ltr'><strong>nemini</strong></span> 
     </span>
    </p>
   </div>
   <div class='ocr_carea' id='block_1_96' title="bbox 1846 3780 3425 3849">
    <p class='ocr_par' dir='ltr' id='par_1_96' title="bbox 1846 3780 3425 3849">
     <span class='ocr_line' id='line_1_96' title="bbox 1846 3780 3425 3849; baseline -0.003 -11"><span class='ocrx_word' id='word_1_672' title='bbox 1846 3783 2079 3838; x_wconf 89' lang='lat' dir='ltr'><strong>insidias</strong></span> <span class='ocrx_word' id='word_1_673' title='bbox 2105 3782 2388 3847; x_wconf 80' lang='lat' dir='ltr'><strong>struxerit,</strong></span> <span class='ocrx_word' id='word_1_674' title='bbox 2423 3783 2626 3838; x_wconf 91' lang='lat' dir='ltr'><strong>nemini</strong></span> <span class='ocrx_word' id='word_1_675' title='bbox 2663 3783 2843 3838; x_wconf 91' lang='lat' dir='ltr'><strong>lacum</strong></span> <span class='ocrx_word' id='word_1_676' title='bbox 2883 3781 3167 3846; x_wconf 75' lang='lat' dir='ltr'><strong>etl‘oderit;</strong></span> <span class='ocrx_word' id='word_1_677' title='bbox 3201 3780 3425 3849; x_wconf 84' lang='lat' dir='ltr'><strong>iniquos</strong></span> 
     </span>
    </p>
   </div>
   <div class='ocr_carea' id='block_1_97' title="bbox 1847 3872 3422 3946">
    <p class='ocr_par' dir='ltr' id='par_1_97' title="bbox 1847 3872 3422 3946">
     <span class='ocr_line' id='line_1_97' title="bbox 1847 3872 3422 3946; baseline -0.005 -14"><span class='ocrx_word' id='word_1_678' title='bbox 1847 3891 1974 3933; x_wconf 91' lang='lat' dir='ltr'><strong>cum</strong></span> <span class='ocrx_word' id='word_1_679' title='bbox 2005 3875 2336 3945; x_wconf 85' lang='lat' dir='ltr'><strong>despiceret,</strong></span> <span class='ocrx_word' id='word_1_680' title='bbox 2370 3889 2576 3946; x_wconf 80' lang='lat' dir='ltr'><strong>gnarus</strong></span> <span class='ocrx_word' id='word_1_681' title='bbox 2605 3873 2776 3929; x_wconf 79' lang='lat' dir='ltr'><strong>futuri</strong></span> <span class='ocrx_word' id='word_1_682' title='bbox 2807 3874 2863 3928; x_wconf 89' lang='lat' dir='ltr'><strong>in</strong></span> <span class='ocrx_word' id='word_1_683' title='bbox 2889 3873 3100 3943; x_wconf 88' lang='lat' dir='ltr'><strong>judicio</strong></span> <span class='ocrx_word' id='word_1_684' title='bbox 3127 3872 3422 3942; x_wconf 91' lang='lat' dir='ltr'><strong>impiorum</strong></span> 
     </span>
    </p>
   </div>
   <div class='ocr_carea' id='block_1_98' title="bbox 1846 3961 3424 4036">
    <p class='ocr_par' dir='ltr' id='par_1_98' title="bbox 1846 3961 3424 4036">
     <span class='ocr_line' id='line_1_98' title="bbox 1846 3961 3424 4036; baseline -0.008 -10"><span class='ocrx_word' id='word_1_685' title='bbox 1846 3969 1998 4026; x_wconf 78' lang='lat' dir='ltr'><strong>exitii</strong></span> <span class='ocrx_word' id='word_1_686' title='bbox 2024 3986 2039 4024; x_wconf 90' lang='lat'><strong>:</strong></span> <span class='ocrx_word' id='word_1_687' title='bbox 2067 3966 2368 4036; x_wconf 80' lang='lat' dir='ltr'><strong>Conﬁtebor</strong></span> <span class='ocrx_word' id='word_1_688' title='bbox 2390 4006 2405 4032; x_wconf 90' lang='lat'><strong>,</strong></span> <span class='ocrx_word' id='word_1_689' title='bbox 2443 3966 2646 4036; x_wconf 84' lang='lat' dir='ltr'><strong>inquit,</strong></span> <span class='ocrx_word' id='word_1_690' title='bbox 2671 3964 2899 4019; x_wconf 86' lang='lat' dir='ltr'><strong>Domino</strong></span> <span class='ocrx_word' id='word_1_691' title='bbox 2931 3962 3220 4018; x_wconf 78' lang='lat' dir='ltr'><strong>secundum</strong></span> <span class='ocrx_word' id='word_1_692' title='bbox 3255 3961 3424 4031; x_wconf 86' lang='lat' dir='ltr'><strong>justi-</strong></span> 
     </span>
    </p>
   </div>
   <div class='ocr_carea' id='block_1_99' title="bbox 1850 4052 3424 4130">
    <p class='ocr_par' dir='ltr' id='par_1_99' title="bbox 1850 4052 3424 4130">
     <span class='ocr_line' id='line_1_99' title="bbox 1850 4052 3424 4130; baseline -0.004 -15"><span class='ocrx_word' id='word_1_693' title='bbox 1850 4063 1980 4116; x_wconf 86' lang='lat' dir='ltr'><strong>tiam</strong></span> <span class='ocrx_word' id='word_1_694' title='bbox 2003 4060 2156 4130; x_wconf 86' lang='lat' dir='ltr'><strong>ejus;</strong></span> <span class='ocrx_word' id='word_1_695' title='bbox 2199 4059 2365 4129; x_wconf 89' lang='lat' dir='ltr'><strong>justis</strong></span> <span class='ocrx_word' id='word_1_696' title='bbox 2407 4059 2545 4114; x_wconf 90' lang='lat' dir='ltr'><strong>meis</strong></span> <span class='ocrx_word' id='word_1_697' title='bbox 2597 4057 2860 4128; x_wconf 90' lang='lat' dir='ltr'><strong>operibus</strong></span> <span class='ocrx_word' id='word_1_698' title='bbox 2886 4055 3034 4111; x_wconf 84' lang='lat' dir='ltr'><strong>velut</strong></span> <span class='ocrx_word' id='word_1_699' title='bbox 3065 4055 3121 4108; x_wconf 91' lang='lat' dir='ltr'><strong>in</strong></span> <span class='ocrx_word' id='word_1_700' title='bbox 3158 4052 3424 4108; x_wconf 84' lang='lat' dir='ltr'><strong>tribunali</strong></span> 
     </span>
    </p>
   </div>
   <div class='ocr_carea' id='block_1_100' title="bbox 1846 4143 3425 4224">
    <p class='ocr_par' dir='ltr' id='par_1_100' title="bbox 1846 4143 3425 4224">
     <span class='ocr_line' id='line_1_100' title="bbox 1846 4143 3425 4224; baseline -0.005 -16"><span class='ocrx_word' id='word_1_701' title='bbox 1846 4153 2162 4224; x_wconf 87' lang='lat' dir='ltr'><strong>productis;</strong></span> <span class='ocrx_word' id='word_1_702' title='bbox 2195 4161 2242 4206; x_wconf 91' lang='lat' dir='ltr'><strong>et</strong></span> <span class='ocrx_word' id='word_1_703' title='bbox 2265 4151 2496 4221; x_wconf 87' lang='lat' dir='ltr'><strong>psallam</strong></span> <span class='ocrx_word' id='word_1_704' title='bbox 2525 4151 2725 4204; x_wconf 86' lang='lat' dir='ltr'><strong>nomini</strong></span> <span class='ocrx_word' id='word_1_705' title='bbox 2745 4149 2961 4203; x_wconf 82' lang='lat' dir='ltr'><strong>Domini</strong></span> <span class='ocrx_word' id='word_1_706' title='bbox 3011 4146 3293 4209; x_wconf 85' lang='lat' dir='ltr'><strong>altissimi,</strong></span> <span class='ocrx_word' id='word_1_707' title='bbox 3320 4143 3425 4200; x_wconf 80' lang='lat' dir='ltr'><strong>fre-</strong></span> 
     </span>
    </p>
   </div>
   <div class='ocr_carea' id='block_1_101' title="bbox 1848 4240 3426 4320">
    <p class='ocr_par' dir='ltr' id='par_1_101' title="bbox 1848 4240 3426 4320">
     <span class='ocr_line' id='line_1_101' title="bbox 1848 4240 3426 4320; baseline -0.007 -17"><span class='ocrx_word' id='word_1_708' title='bbox 1848 4258 1938 4305; x_wconf 88' lang='lat' dir='ltr'><strong>tus</strong></span> <span class='ocrx_word' id='word_1_709' title='bbox 1967 4264 2065 4320; x_wconf 88' lang='lat' dir='ltr'><strong>spe</strong></span> <span class='ocrx_word' id='word_1_710' title='bbox 2090 4263 2177 4303; x_wconf 89' lang='lat' dir='ltr'><strong>me</strong></span> <span class='ocrx_word' id='word_1_711' title='bbox 2202 4249 2257 4302; x_wconf 90' lang='lat' dir='ltr'><strong>in</strong></span> <span class='ocrx_word' id='word_1_712' title='bbox 2293 4246 2465 4301; x_wconf 84' lang='lat' dir='ltr'><strong>choro</strong></span> <span class='ocrx_word' id='word_1_713' title='bbox 2495 4261 2684 4301; x_wconf 90' lang='lat' dir='ltr'><strong>eorum</strong></span> <span class='ocrx_word' id='word_1_714' title='bbox 2715 4244 2808 4315; x_wconf 91' lang='lat' dir='ltr'><strong>qui</strong></span> <span class='ocrx_word' id='word_1_715' title='bbox 2838 4257 2936 4314; x_wconf 88' lang='lat' dir='ltr'><strong>per</strong></span> <span class='ocrx_word' id='word_1_716' title='bbox 2966 4241 3146 4312; x_wconf 88' lang='lat' dir='ltr'><strong>ipsum</strong></span> <span class='ocrx_word' id='word_1_717' title='bbox 3189 4240 3426 4296; x_wconf 87' lang='lat' dir='ltr'><strong>salutem</strong></span> 
     </span>
    </p>
   </div>
   <div class='ocr_carea' id='block_1_102' title="bbox 1849 4332 3418 4411">
    <p class='ocr_par' dir='ltr' id='par_1_102' title="bbox 1849 4332 3418 4411">
     <span class='ocr_line' id='line_1_102' title="bbox 1849 4332 3418 4411; baseline -0.006 -15"><span class='ocrx_word' id='word_1_718' title='bbox 1849 4347 2280 4411; x_wconf 86' lang='lat' dir='ltr'><strong>consequentur,</strong></span> <span class='ocrx_word' id='word_1_719' title='bbox 2325 4337 2446 4408; x_wconf 87' lang='lat' dir='ltr'><strong>ejus</strong></span> <span class='ocrx_word' id='word_1_720' title='bbox 2479 4335 2798 4408; x_wconf 80' lang='lat' dir='ltr'><strong>dignatione</strong></span> <span class='ocrx_word' id='word_1_721' title='bbox 2843 4332 3227 4404; x_wconf 88' lang='lat' dir='ltr'><strong>recipiendum</strong></span> <span class='ocrx_word' id='word_1_722' title='bbox 3271 4345 3418 4387; x_wconf 87' lang='lat' dir='ltr'><strong>esse.</strong></span> 
     </span>
    </p>
   </div>
   <div class='ocr_carea' id='block_1_103' title="bbox 2250 4533 3004 4596">
    <p class='ocr_par' dir='ltr' id='par_1_103' title="bbox 2250 4533 3004 4596">
     <span class='ocr_line' id='line_1_103' title="bbox 2250 4533 3004 4596; baseline -0.011 0"><span class='ocrx_word' id='word_1_723' title='bbox 2250 4537 2572 4596; x_wconf 76' lang='lat' dir='ltr'><strong>PSALMUS</strong></span> <span class='ocrx_word' id='word_1_724' title='bbox 2613 4535 2820 4590; x_wconf 80' lang='lat' dir='ltr'><strong>DAVID</strong></span> <span class='ocrx_word' id='word_1_725' title='bbox 2873 4533 3004 4589; x_wconf 86' lang='lat' dir='ltr'>VIII.</span> 
     </span>
    </p>
   </div>
   <div class='ocr_carea' id='block_1_104' title="bbox 2199 4649 3071 4726">
    <p class='ocr_par' dir='ltr' id='par_1_104' title="bbox 2199 4649 3071 4726">
     <span class='ocr_line' id='line_1_104' title="bbox 2199 4649 3071 4726; baseline -0.011 -14"><span class='ocrx_word' id='word_1_726' title='bbox 2199 4659 2251 4712; x_wconf 78' lang='lat' dir='ltr'><strong>I.</strong></span> <span class='ocrx_word' id='word_1_727' title='bbox 2293 4655 2360 4710; x_wconf 84' lang='lat' dir='ltr'><strong>In</strong></span> <span class='ocrx_word' id='word_1_728' title='bbox 2391 4655 2548 4726; x_wconf 80' lang='lat' dir='ltr'><strong>ﬁnem</strong></span> <span class='ocrx_word' id='word_1_729' title='bbox 2571 4668 2666 4722; x_wconf 89' lang='lat' dir='ltr'><strong>pro</strong></span> <span class='ocrx_word' id='word_1_730' title='bbox 2697 4649 3071 4706; x_wconf 83' lang='lat' dir='ltr'><strong>torcularibus.</strong></span> 
     </span>
    </p>
   </div>
   <div class='ocr_carea' id='block_1_105' title="bbox 1917 4760 3428 4839">
    <p class='ocr_par' dir='ltr' id='par_1_105' title="bbox 1917 4760 3428 4839">
     <span class='ocr_line' id='line_1_105' title="bbox 1917 4760 3428 4839; baseline -0.009 -12"><span class='ocrx_word' id='word_1_731' title='bbox 1917 4771 2051 4839; x_wconf 70' lang='lat' dir='ltr'><strong>Quae</strong></span> <span class='ocrx_word' id='word_1_732' title='bbox 2090 4769 2180 4826; x_wconf 91' lang='lat' dir='ltr'><strong>hic</strong></span> <span class='ocrx_word' id='word_1_733' title='bbox 2215 4769 2284 4825; x_wconf 90' lang='lat' dir='ltr'><strong>de</strong></span> <span class='ocrx_word' id='word_1_734' title='bbox 2324 4766 2802 4823; x_wconf 88' lang='lat' dir='ltr'><strong>consummatione</strong></span> <span class='ocrx_word' id='word_1_735' title='bbox 2833 4763 3159 4820; x_wconf 80' lang='lat' dir='ltr'><strong>saeculorum</strong></span> <span class='ocrx_word' id='word_1_736' title='bbox 3188 4760 3428 4831; x_wconf 85' lang='lat' dir='ltr'><strong>prophe-</strong></span> 
     </span>
    </p>
   </div>
   <div class='ocr_carea' id='block_1_106' title="bbox 1847 4850 3426 4925">
    <p class='ocr_par' dir='ltr' id='par_1_106' title="bbox 1847 4850 3426 4925">
     <span class='ocr_line' id='line_1_106' title="bbox 1847 4850 3426 4925; baseline -0.008 -9"><span class='ocrx_word' id='word_1_737' title='bbox 1847 4861 1955 4916; x_wconf 87' lang='lat' dir='ltr'><strong>tice</strong></span> <span class='ocrx_word' id='word_1_738' title='bbox 1993 4860 2369 4925; x_wconf 89' lang='lat' dir='ltr'><strong>enuntiantur,</strong></span> <span class='ocrx_word' id='word_1_739' title='bbox 2420 4859 2476 4911; x_wconf 90' lang='lat' dir='ltr'><strong>in</strong></span> <span class='ocrx_word' id='word_1_740' title='bbox 2522 4871 2690 4912; x_wconf 89' lang='lat' dir='ltr'><strong>causa</strong></span> <span class='ocrx_word' id='word_1_741' title='bbox 2733 4854 2886 4910; x_wconf 78' lang='lat' dir='ltr'><strong>fuere</strong></span> <span class='ocrx_word' id='word_1_742' title='bbox 2937 4851 3081 4923; x_wconf 92' lang='lat' dir='ltr'><strong>quod</strong></span> <span class='ocrx_word' id='word_1_743' title='bbox 3115 4850 3426 4920; x_wconf 87' lang='lat' dir='ltr'><strong>inscriptio,</strong></span> 
     </span>
    </p>
   </div>
   <div class='ocr_carea' id='block_1_107' title="bbox 1846 4941 3428 5022">
    <p class='ocr_par' dir='ltr' id='par_1_107' title="bbox 1846 4941 3428 5022">
     <span class='ocr_line' id='line_1_107' title="bbox 1846 4941 3428 5022; baseline -0.005 -17"><span class='ocrx_word' id='word_1_744' title='bbox 1846 4954 1904 5005; x_wconf 87' lang='lat' dir='ltr'><strong>in</strong></span> <span class='ocrx_word' id='word_1_745' title='bbox 1928 4953 2109 5022; x_wconf 80' lang='lat' dir='ltr'><strong>ﬁnem,</strong></span> <span class='ocrx_word' id='word_1_746' title='bbox 2145 4956 2534 5020; x_wconf 89' lang='lat' dir='ltr'><strong>apponeretur.</strong></span> <span class='ocrx_word' id='word_1_747' title='bbox 2580 4947 2691 5002; x_wconf 86' lang='lat' dir='ltr'><strong>Pro</strong></span> <span class='ocrx_word' id='word_1_748' title='bbox 2723 4944 3078 5000; x_wconf 83' lang='lat' dir='ltr'><strong>torcularibus</strong></span> <span class='ocrx_word' id='word_1_749' title='bbox 3119 4952 3301 4999; x_wconf 88' lang='lat' dir='ltr'><strong>autem</strong></span> <span class='ocrx_word' id='word_1_750' title='bbox 3343 4941 3428 4997; x_wconf 87' lang='lat' dir='ltr'><strong>di-</strong></span> 
     </span>
    </p>
   </div>
   <div class='ocr_carea' id='block_1_108' title="bbox 1847 5035 3430 5111">
    <p class='ocr_par' dir='ltr' id='par_1_108' title="bbox 1847 5035 3430 5111">
     <span class='ocr_line' id='line_1_108' title="bbox 1847 5035 3430 5111; baseline -0.006 -13"><span class='ocrx_word' id='word_1_751' title='bbox 1847 5044 1994 5098; x_wconf 91' lang='lat' dir='ltr'><strong>citur</strong></span> <span class='ocrx_word' id='word_1_752' title='bbox 2046 5042 2416 5098; x_wconf 88' lang='lat' dir='ltr'><strong>Ecclesiarum</strong></span> <span class='ocrx_word' id='word_1_753' title='bbox 2465 5040 2664 5111; x_wconf 77' lang='lat' dir='ltr'><strong>gratia,</strong></span> <span class='ocrx_word' id='word_1_754' title='bbox 2704 5054 2826 5110; x_wconf 70' lang='lat' dir='ltr'><strong>quae</strong></span> <span class='ocrx_word' id='word_1_755' title='bbox 2859 5054 2956 5108; x_wconf 87' lang='lat' dir='ltr'><strong>per</strong></span> <span class='ocrx_word' id='word_1_756' title='bbox 2984 5035 3430 5090; x_wconf 80' lang='lat' dir='ltr'><strong>uuiversamter—</strong></span> 
     </span>
    </p>
   </div>
   <div class='ocr_carea' id='block_1_109' title="bbox 1849 5127 3424 5203">
    <p class='ocr_par' dir='ltr' id='par_1_109' title="bbox 1849 5127 3424 5203">
     <span class='ocr_line' id='line_1_109' title="bbox 1849 5127 3424 5203; baseline -0.005 -16"><span class='ocrx_word' id='word_1_757' title='bbox 1849 5149 1968 5188; x_wconf 90' lang='lat' dir='ltr'><strong>ram</strong></span> <span class='ocrx_word' id='word_1_758' title='bbox 2010 5133 2305 5196; x_wconf 81' lang='lat' dir='ltr'><strong>exsistunt,</strong></span> <span class='ocrx_word' id='word_1_759' title='bbox 2333 5139 2389 5186; x_wconf 90' lang='lat' dir='ltr'><strong>et</strong></span> <span class='ocrx_word' id='word_1_760' title='bbox 2431 5130 2723 5203; x_wconf 78' lang='lat' dir='ltr'><strong>allegorice</strong></span> <span class='ocrx_word' id='word_1_761' title='bbox 2785 5127 3082 5184; x_wconf 86' lang='lat' dir='ltr'><strong>toreularia</strong></span> <span class='ocrx_word' id='word_1_762' title='bbox 3131 5133 3424 5180; x_wconf 84' lang='lat' dir='ltr'><strong>vocantur.</strong></span> 
     </span>
    </p>
   </div>
   <div class='ocr_carea' id='block_1_110' title="bbox 1851 5219 3426 5294">
    <p class='ocr_par' dir='ltr' id='par_1_110' title="bbox 1851 5219 3426 5294">
     <span class='ocr_line' id='line_1_110' title="bbox 1851 5219 3426 5294; baseline -0.006 -13"><span class='ocrx_word' id='word_1_763' title='bbox 1851 5226 2086 5292; x_wconf 85' lang='lat' dir='ltr'><strong>Quando</strong></span> <span class='ocrx_word' id='word_1_764' title='bbox 2117 5226 2263 5281; x_wconf 90' lang='lat' dir='ltr'><strong>enim</strong></span> <span class='ocrx_word' id='word_1_765' title='bbox 2317 5240 2462 5279; x_wconf 91' lang='lat' dir='ltr'><strong>unus</strong></span> <span class='ocrx_word' id='word_1_766' title='bbox 2489 5231 2607 5278; x_wconf 89' lang='lat' dir='ltr'><strong>erat</strong></span> <span class='ocrx_word' id='word_1_767' title='bbox 2638 5223 2899 5294; x_wconf 86' lang='lat' dir='ltr'><strong>populus,</strong></span> <span class='ocrx_word' id='word_1_768' title='bbox 2940 5219 3154 5276; x_wconf 89' lang='lat' dir='ltr'><strong>scilicet</strong></span> <span class='ocrx_word' id='word_1_769' title='bbox 3183 5219 3426 5284; x_wconf 86' lang='lat' dir='ltr'><strong>lsraelis,</strong></span> 
     </span>
    </p>
   </div>
   <div class='ocr_carea' id='block_1_111' title="bbox 1852 5314 3426 5387">
    <p class='ocr_par' dir='ltr' id='par_1_111' title="bbox 1852 5314 3426 5387">
     <span class='ocr_line' id='line_1_111' title="bbox 1852 5314 3426 5387; baseline -0.004 -14"><span class='ocrx_word' id='word_1_770' title='bbox 1852 5319 1980 5373; x_wconf 84' lang='lat' dir='ltr'><strong>huic</strong></span> <span class='ocrx_word' id='word_1_771' title='bbox 2021 5326 2140 5375; x_wconf 87' lang='lat' dir='ltr'><strong>erat</strong></span> <span class='ocrx_word' id='word_1_772' title='bbox 2175 5317 2369 5382; x_wconf 88' lang='lat' dir='ltr'><strong>turris,</strong></span> <span class='ocrx_word' id='word_1_773' title='bbox 2395 5316 2660 5387; x_wconf 86' lang='lat' dir='ltr'><strong>templum</strong></span> <span class='ocrx_word' id='word_1_774' title='bbox 2703 5314 2847 5386; x_wconf 90' lang='lat' dir='ltr'><strong>apud</strong></span> <span class='ocrx_word' id='word_1_775' title='bbox 2887 5314 3039 5384; x_wconf 89' lang='lat' dir='ltr'><strong>ipsos</strong></span> <span class='ocrx_word' id='word_1_776' title='bbox 3079 5317 3426 5382; x_wconf 79' lang='lat' dir='ltr'><strong>nuncupata:</strong></span> 
     </span>
    </p>
   </div>
   <div class='ocr_carea' id='block_1_112' title="bbox 1853 5401 3429 5475">
    <p class='ocr_par' dir='ltr' id='par_1_112' title="bbox 1853 5401 3429 5475">
     <span class='ocr_line' id='line_1_112' title="bbox 1853 5401 3429 5475; baseline -0.003 -12"><span class='ocrx_word' id='word_1_777' title='bbox 1853 5417 1907 5464; x_wconf 90' lang='lat' dir='ltr'><strong>et</strong></span> <span class='ocrx_word' id='word_1_778' title='bbox 1948 5408 2306 5475; x_wconf 87' lang='lat' dir='ltr'><strong>protorcular,</strong></span> <span class='ocrx_word' id='word_1_779' title='bbox 2360 5408 2572 5463; x_wconf 88' lang='lat' dir='ltr'><strong>scilicet</strong></span> <span class='ocrx_word' id='word_1_780' title='bbox 2620 5405 2794 5460; x_wconf 88' lang='lat' dir='ltr'><strong>altare</strong></span> <span class='ocrx_word' id='word_1_781' title='bbox 2848 5410 2946 5474; x_wconf 89' lang='lat' dir='ltr'><strong>pro</strong></span> <span class='ocrx_word' id='word_1_782' title='bbox 2995 5403 3182 5474; x_wconf 89' lang='lat' dir='ltr'><strong>templi</strong></span> <span class='ocrx_word' id='word_1_783' title='bbox 3238 5401 3429 5458; x_wconf 85' lang='lat' dir='ltr'><strong>limine</strong></span> 
     </span>
    </p>
   </div>
   <div class='ocr_carea' id='block_1_113' title="bbox 1851 5495 3427 5571">
    <p class='ocr_par' dir='ltr' id='par_1_113' title="bbox 1851 5495 3427 5571">
     <span class='ocr_line' id='line_1_113' title="bbox 1851 5495 3427 5571; baseline -0.004 -16"><span class='ocrx_word' id='word_1_784' title='bbox 1851 5500 2006 5571; x_wconf 80' lang='lat' dir='ltr'><strong>juxta</strong></span> <span class='ocrx_word' id='word_1_785' title='bbox 2055 5499 2207 5557; x_wconf 66' lang='lat' dir='ltr'><strong>Isaia:</strong></span> <span class='ocrx_word' id='word_1_786' title='bbox 2233 5515 2441 5556; x_wconf 79' lang='lat' dir='ltr'><strong>vocem.</strong></span> <span class='ocrx_word' id='word_1_787' title='bbox 2476 5496 2595 5553; x_wconf 80' lang='lat' dir='ltr'><strong>Jam</strong></span> <span class='ocrx_word' id='word_1_788' title='bbox 2643 5512 2773 5552; x_wconf 85' lang='lat' dir='ltr'><strong>vero</strong></span> <span class='ocrx_word' id='word_1_789' title='bbox 2803 5495 3205 5550; x_wconf 87' lang='lat' dir='ltr'><strong>multitudinem</strong></span> <span class='ocrx_word' id='word_1_790' title='bbox 3237 5503 3427 5548; x_wconf 84' lang='lat' dir='ltr'><strong>torcu-</strong></span> 
     </span>
    </p>
   </div>
   <div class='ocr_carea' id='block_1_114' title="bbox 1859 5587 3432 5660">
    <p class='ocr_par' dir='ltr' id='par_1_114' title="bbox 1859 5587 3432 5660">
     <span class='ocr_line' id='line_1_114' title="bbox 1859 5587 3432 5660; baseline -0.004 -13"><span class='ocrx_word' id='word_1_791' title='bbox 1859 5592 2056 5649; x_wconf 88' lang='lat' dir='ltr'><strong>larium</strong></span> <span class='ocrx_word' id='word_1_792' title='bbox 2087 5593 2258 5649; x_wconf 90' lang='lat' dir='ltr'><strong>multa</strong></span> <span class='ocrx_word' id='word_1_793' title='bbox 2280 5591 2564 5649; x_wconf 86' lang='lat' dir='ltr'><strong>declarant</strong></span> <span class='ocrx_word' id='word_1_794' title='bbox 2598 5589 2793 5646; x_wconf 89' lang='lat' dir='ltr'><strong>altaria</strong></span> <span class='ocrx_word' id='word_1_795' title='bbox 2853 5590 2911 5645; x_wconf 86' lang='lat' dir='ltr'><strong>in</strong></span> <span class='ocrx_word' id='word_1_796' title='bbox 2940 5587 3174 5646; x_wconf 82' lang='lat' dir='ltr'><strong>divorsis</strong></span> <span class='ocrx_word' id='word_1_797' title='bbox 3203 5604 3299 5660; x_wconf 85' lang='lat' dir='ltr'><strong>per</strong></span> <span class='ocrx_word' id='word_1_798' title='bbox 3336 5599 3432 5642; x_wconf 65' lang='lat' dir='ltr'><strong>oro</strong></span> 
     </span>
    </p>
   </div>
  </div>
