3994 6448
487 309 594 367 127

1182 309 1453 367 unseen
1488 311 1967 369 CAESARIENSlS
1999 309 2148 369 ore.
2192 281 2373 358 PARS
2411 289 2507 364 Ill.
2548 343 2613 352 -
2651 309 3058 368 exsomnes.

3636 311 3743 368 128

486 431 608 486 bent
643 427 896 486 ecclesiis
919 427 1138 486 dissita.
1178 430 1359 497 Quare
1385 433 1442 486 in
1476 433 1688 503 psalmo
1719 450 1928 490 Lxxxm
1968 451 2038 506 qu

2161 423 2364 506 τρόπον
2396 433 2567 489 πολλὰ
2595 435 2952 508 θυσιαστήρια
2984 435 3079 488 καὶ
3105 432 3436 506 σκηνώματα
3461 432 3744 499 θεσπίζον-

481 541 672 601 parem
704 539 828 580 cum
859 524 1113 594 praesenti
1144 524 1247 580 fert
1275 527 1712 598 inscriptionem,
1750 531 1920 585 multa
1969 531 2050 584 al-

485 617 644 683 taria,
672 615 1045 679 tabernacula,
1070 615 1208 670 atria
1233 616 1289 670 in
1317 618 1579 674 vaticinio
1596 619 1872 686 feruntur,
1895 625 2052 690 juxta

482 710 648 766 illud:
687 709 862 776 Quam
883 708 1077 762 dilecta
1099 707 1440 764 tabernacula
1472 721 1583 780 tua,
1617 711 1845 768 Domine
1887 716 2056 769 virtu-

483 801 638 855 tum!
670 800 992 869 concupiscit
1035 809 1085 853 et
1130 798 1308 870 deﬁcit
1339 803 1521 856 anima
1549 819 1664 858 mea
1693 805 1748 858 in
1780 805 1920 858 atria
1947 805 2060 859 Do—

483 895 614 949 mini
633 894 716 960 ⁸⁸;
745 892 945 950 deinde
974 907 1102 949 vero
1133 893 1418 966 subjungit
1437 933 1454 960 ,
1485 895 1698 950 Altaria
1727 905 1841 964 tua,
1871 896 2058 951 Domi-

483 1003 546 1041 ne
571 987 825 1040 virtutum
841 985 908 1040 “.

551 1078 716 1135 Vens.
752 1079 807 1143 2,
837 1079 892 1134 '5.
923 1077 1149 1135 Domine
1173 1079 1433 1134 Dominus
1465 1089 1662 1145 noster,
1692 1097 1851 1150 quam
1883 1080 2059 1134 admi-

478 1172 647 1228 rabile
679 1184 757 1228 est
787 1189 975 1228 nomen
1007 1182 1156 1227 tuum
1191 1175 1246 1228 in
1273 1175 1519 1229 uniuersa
1562 1176 1748 1229 terra!
1789 1174 2056 1241 Quoniam

476 1268 680 1320 elevata
717 1274 797 1321 est
840 1267 1239 1338 magnificentia
1281 1276 1375 1321 tua
1415 1283 1577 1336 super
1613 1267 1790 1322 caelos.
1845 1265 1928 1319 Ea:
1968 1284 2058 1322 ore

475 1356 768 1426 infantium
815 1366 862 1412 et
913 1357 1223 1411 lactentium
1264 1357 1534 1426 perfeciin
1583 1356 1796 1411 laudem
1845 1366 2058 1426 propter

477 1447 717 1502 inimicos
763 1457 903 1512 tuos,
950 1458 1010 1502 ut
1049 1446 1293 1501 destruas
1339 1448 1618 1500 inimicum
1650 1458 1700 1501 et
1736 1446 1980 1500 ultorem.
2009 1446 2057 1478 ⁸⁸

477 1535 598 1591 Non
631 1537 760 1591 olim
800 1536 1124 1592 admirabile
1171 1536 1272 1592 fuit
1315 1537 1372 1592 in
1420 1538 1678 1592 universa
1731 1546 1914 1602 terra;
1959 1536 2057 1592 sed

477 1633 600 1696 post
656 1624 958 1682 Salvatoris
1017 1626 1314 1682 adventura
1378 1627 1630 1682 mirabile
1685 1625 1889 1680 factum
1947 1634 2054 1693 est,

476 1722 696 1793 quando
759 1720 1044 1793 Synagoga
1101 1723 1427 1792 populorum
1486 1722 1844 1778 circumdedit
1893 1739 2049 1792 cum;

2161 543 2251 582 ται
2279 528 2370 582 καὶ
2398 529 2580 594 αὐλαὶ,
2608 529 2750 582 κατὰ
2773 529 2854 591 τὸ,
2871 539 2962 594 Ὠς
2983 527 3257 597 ἀγαπητὰ
3285 525 3356 581 τὰ
3380 525 3746 596 σκηνώματά

2161 639 2300 688 σου,
2331 625 2510 694 Κύριε
2536 623 2660 684 ,τῶν
2699 621 3044 692 δυνάμεων]
3072 619 3342 675 ἐπιποθεῖ
3391 620 3490 673 καὶ
3542 620 3744 680 ἐκλεί-

2160 731 2257 770 πει
2300 717 2338 784 ἠ
2376 716 2546 785 ψυχή
2573 733 2692 785 μου
2719 717 2808 780 είς
2831 714 2938 780 τὰς
2965 713 3157 779 αὐλὰς
3194 711 3300 766 τοῦ
3331 714 3580 782 Κυρίου·
3620 711 3743 783 μεθ’

2161 809 2197 864 ἃ.
2226 809 2448 876 ἐπάγειο
2485 807 2560 862 Τὰ
2587 804 2984 875 θυσιαστήριά
3009 820 3147 873 σου,
3178 808 3358 876 Κύριε
3397 805 3518 862 τῶν
3553 807 3739 862 δυνά-

2155 918 2337 970 μεων.

2228 1077 2406 1144 Κύριε
2440 1079 2473 1130 ό
2494 1077 2709 1146 Κύριος
2743 1075 2934 1145 ἡμῶν,
2961 1077 3042 1144 ὡς
3077 1077 3423 1147 θαυμαστὸν
3451 1077 3518 1132 τὸ
3551 1077 3745 1150 ὄνομά

2159 1184 2274 1223 σου
2304 1170 2374 1222 ἐν
2409 1168 2576 1239 πάσῃ
2608 1168 2681 1238 τῇ
2713 1168 2828 1241 τῇ]
2862 1170 2981 1223 ’Ότι
3023 1167 3252 1239 ἐπήρθη
3297 1171 3335 1240 ἡ
3369 1174 3740 1242 μεγαλοπρέ-

2159 1261 2294 1314 πειά
2316 1272 2432 1314 σου
2450 1260 2728 1330 ὑπεράνω
2750 1261 2869 1314 τῶν
2889 1261 3180 1330 οὐρανῶν.
3201 1263 3301 1316 Ἐκ
3324 1263 3622 1331 στόματος
3645 1280 3744 1330 νη-

2158 1354 2311 1406 πίων
2335 1354 2431 1407 καί
2466 1351 2842 1421 θηλαζόντων
2863 1353 3200 1422 κατηρτίσω
3229 1349 3402 1407 αἶνον
3421 1353 3600 1408 ἕνεκα
3619 1353 3742 1408 τῶν

2157 1442 2386 1514 ἐχθρῶν
2403 1461 2538 1509 σου,
2551 1443 2658 1499 τοῦ
2672 1445 3006 1500 καταλῦσαι
3021 1445 3238 1514 ἐχθρὸν
3262 1445 3358 1498 καὶ
3381 1445 3592 1511 ἐκδικη
3602 1444 3736 1512 τήν.

2159 1535 2233 1587 Οὑ
2264 1535 2429 1588 πάλαι
2454 1535 2763 1607 θαυμαστὸν
2789 1539 2846 1590 ἐν
2871 1537 3018 1612 πάσῃ
3045 1541 3108 1609 τῇ
3133 1541 3202 1609 γῇ
3223 1555 3236 1568 ·
3275 1537 3413 1610 μετὰ
3442 1538 3497 1590 δὲ
3520 1539 3625 1609 τὴν·
3645 1538 3738 1590 τοῦ

2159 1628 2410 1699 Σωτῆρος
2443 1628 2745 1700 παρουσίαν
2775 1629 3008 1698 ἐγένετο,
3036 1631 3125 1682 ὅτε
3157 1631 3251 1683 καί⁷
3276 1631 3564 1701 συναγωγὴ
3591 1629 3741 1684 λαῶν

2159 1716 2466 1772 ὲκύκλωσεν
2501 1718 2696 1770 αὐτόν·
2731 1718 3034 1788 συμφώνως
3079 1720 3157 1789 τῷ
3199 1719 3294 1772 νῦν
3332 1719 3584 1791 ρηθέντι’
3633 1721 3738 1776 Ἐκ

475 1814 619 1884 quod
648 1829 780 1869 sane
816 1829 1118 1870 consonum
1156 1815 1281 1869 huic
1331 1814 1530 1886 psalmi
1577 1815 1862 1885 przesentis
1907 1815 2045 1871 dicto

2154 1810 2447 1879 στόματος
2496 1810 2750 1879 νηπίων.
2775 1812 2868 1864 καὶ
2903 1811 2970 1864 τὰ
3005 1810 3149 1882 ἑξῆς.
3183 1813 3293 1883 Τὴν
3337 1811 3446 1883 γάρ
3473 1812 3600 1865 νέαν
3642 1813 3738 1866 καὶ

472 1919 538 1957 ea:
585 1919 674 1957 ore
724 1903 1008 1972 infantium
1056 1911 1105 1958 et
1140 1904 1449 1958 iacientium
1501 1904 1768 1975 perfeciin
1816 1905 2048 1973 laudem,

470 2004 525 2050 et
551 2002 766 2050 caetera.
793 1994 999 2048 Novam
1028 1996 1173 2050 enim
1200 2011 1532 2067 synagogam
1567 2009 1690 2066 post
1716 1998 2053 2068 assumptio~

471 2100 594 2140 nem
628 2084 746 2154 ejus
781 2085 836 2138 in
867 2086 1037 2139 altum
1072 2101 1139 2140 ex
1167 2085 1459 2141 animabus
1494 2087 1548 2140 in
1584 2084 1817 2141 infantia
1849 2087 2051 2158 degen-

471 2176 621 2231 tibus
649 2177 969 2232 constitisse
1000 2176 1180 2243 docet,
1209 2189 1432 2248 propter
1464 2181 1941 2249 regenerationem
1993 2181 2050 2236 in

470 2268 693 2326 Christo
722 2279 837 2324 tum
869 2270 1093 2341 ubique,
1128 2279 1253 2341 post
1295 2271 1416 2342 ejus
1465 2272 1676 2327 scilicet
1713 2274 2046 2343 assumptio-

471 2376 617 2428 nem,
664 2379 762 2433 per
812 2363 1002 2420 orbem
1051 2371 1396 2434 usurpatam.
1443 2364 1811 2431 Quamobrem
1867 2367 2048 2421 accla-

470 2455 749 2510 mantibus
779 2455 882 2526 ipsi
922 2455 1130 2526 pueris,
1167 2455 1425 2512 Hosanna
1458 2458 1512 2510 in
1558 2458 1800 2522 excelsis,
1837 2457 2050 2514 benedi-

467 2549 584 2594 ctus
617 2543 706 2612 qui
739 2543 875 2596 venit
937 2543 993 2596 in
1028 2543 1238 2598 nomine
1270 2543 1508 2609 Domini,
1546 2546 1766 2617 indigne
1812 2547 2048 2604 ferentes

467 2633 681 2700 aliquos
719 2634 800 2688 sic
837 2634 1172 2706 alloquitur:
1218 2633 1510 2706 Nunquam
1559 2635 1781 2707 legistis,
1815 2638 1940 2708 quia
1965 2637 2047 2692 Ea:

465 2739 558 2779 ore
614 2725 906 2794 infantium
953 2735 1005 2778 et
1054 2725 1364 2778 lactentium
1411 2725 1679 2796 perfecisti
1730 2727 1942 2782 laudem
1965 2729 2048 2783 δεῖ

465 2832 821 2888 umquamne
875 2817 1051 2874 illud:
1131 2819 1356 2888 Propter
1427 2820 1670 2874 inimicos
1729 2824 1888 2877 tuos?
1919 2821 2046 2877 Haec

465 2925 596 2965 vero
646 2918 868 2981 propter
929 2910 1278 2966 sacerdotum
1350 2912 1652 2983 principes,
1711 2920 1766 2969 et
1824 2923 2048 2986 propter

463 3000 770 3058 Pharisaeos
823 3003 1029 3074 scripta
1067 3011 1237 3059 sunt:
1294 3003 1362 3060 de
1411 3006 1480 3061 iis
1527 3021 1764 3077 namque
1817 3006 2042 3070 dicitur,

464 3093 728 3160 inimicus,
760 3094 922 3159 ultor,
956 3095 1096 3154 etin
1123 3097 1449 3165 praecedenti
1485 3099 1717 3166 psalmo,
1755 3098 1855 3153 leo.
1886 3097 2044 3165 Quod

2154 1902 2343 1972 καινὴν
2373 1903 2692 1972 συναγωγὴν
2720 1902 2856 1974 μετὰ
2890 1903 2985 1974 τὴν
3011 1905 3091 1966 είς
3117 1902 3246 1973 ὕψος
3271 1903 3536 1974 ἀνάληψιν
3568 1905 3732 1958 αὑτοῦ

2153 1994 2217 2046 ἐκ
2261 1993 2467 2064 νηπίων
2510 1993 2750 2048 διδάσκει
2791 1995 3111 2048 συνεστάναι
3137 1995 3324 2066 ψυχῶν
3354 1995 3443 2049 διὰ
3475 1997 3575 2068 τὴν
3602 1997 3734 2050 ἀνα-

2151 2086 2400 2157 γὲννησιν
2431 2087 2530 2158 τὴν
2560 2090 2618 2140 ὲν
2659 2086 2738 2158 τῷ
2769 2086 2990 2158 Χριστῷ
3022 2087 3296 2158 πανταχοῦ
3324 2089 3597 2141 συστᾶσαν
3635 2088 3734 2159 τῆς

2151 2180 2474 2250 οἰκουμένης
2530 2179 2669 2250 μετὰ
2713 2179 2811 2250 τὴν
2858 2179 3124 2250 ἀνάληψιν
3176 2178 3272 2250 τὴν
3302 2179 3488 2234 αὐτοῦ.
3521 2179 3612 2232 Διὸ
3638 2179 3732 2232 καὶ

2152 2270 2400 2344 βοώντων
2449 2271 2598 2342 αὐτῷ
2643 2270 2753 2325 τῶν
2795 2271 3021 2338 παίδων,
3037 2271 3295 2325 Ὡσαννὰ
3324 2272 3394 2325 ὲν
3426 2270 3549 2337 τοῖς
3589 2271 3734 2339 aut;

2149 2380 2340 2430 στοις,
2379 2363 2790 2434 εὐλογημένος
2821 2366 2854 2418 ό
2879 2364 3206 2433 ἐρχόμενος
3231 2364 3302 2416 ἐν
3335 2364 3578 2432 ὀνόματι
3609 2365 3732 2416 Κυ-

2141 2456 2300 2522 ρίου,
2332 2453 2698 2523 ἁγανακτοῦσί
2744 2469 2930 2525 φησιν·
2966 2453 3265 2508 Οὐδέποτε
3296 2455 3614 2525 ἀνέγνωτε,
3643 2454 3734 2508 ὅτι

2162 2547 2256 2598 Ἐκ
2285 2546 2585 2616 στόματος
2601 2547 2833 2614 νηπίων
2871 2545 2967 2599 καὶ
2986 2543 3364 2614 θηλαζόντων
3395 2546 3734 2614 κατηρτίσω

2148 2635 2355 2701 air-or;
2387 2639 2481 2691 καὶ
2528 2638 2740 2709 μήποτε
2789 2637 2848 2691 τό
2867 2654 2881 2670 ’
2913 2637 3128 2691 Ἕνεκα
3164 2637 3283 2690 τῶν
3316 2636 3546 2708 ἐχθρῶν
3590 2652 3736 2696 σου.

2148 2732 2260 2784 Καὶ
2311 2730 2399 2784 διὰ
2454 2730 2579 2794 τοὺς
2629 2731 2906 2802 ἀρχιερεῖς
2953 2729 3170 2799 λέγεται
3222 2730 3316 2784 καὶ
3363 2731 3727 2803 Φαρισαίουςο

2148 2821 2359 2890 ἐχθρέκς
2387 2824 2480 2875 καὶ
2511 2820 2837 2889 ἑκδικητὴς
2870 2823 2898 2875 ὁ
2935 2821 3070 2875 λέων
3100 2823 3390 2894 εἰρημένος
3425 2825 3481 2876 ἐν
3513 2823 3591 2893 τῷ
3621 2823 3731 2895 πρὸ

2146 2912 2334 2966 τούτου
2376 2911 2593 2983 ψαλμῷ.
2631 2912 2704 2966 Τὸ
2730 2908 2822 2965 οὖν
2859 2911 3116 2982 μέγιστον
3145 2912 3350 2985 Θαῦμα,
3378 2915 3458 2968 ὅτι
3487 2917 3515 2969 ὁ
3542 2915 3734 2968 τοσοῦ-

2147 3023 2258 3069 τος,
2293 3005 2484 3076 ἐχθρός
2511 3021 2570 3058 τε
2603 3005 2698 3058 καὶ¹
2731 3003 2891 3069 λέων,
2919 3006 2946 3056 ὁ
2978 3003 3160 3076 ἄρχων
3183 3005 3276 3059 τοῦ
3307 3006 3500 3071 αἰῶνος
3513 3007 3730 3072 τούτου,

2147 3094 2236 3149 διὰ
2264 3095 2472 3166 νηπίων
2506 3096 2599 3148 καὶ
2637 3095 2976 3167 Θηλαζόντων
3008 3095 3314 3169 καθῄρηται
3337 3116 3350 3128 ο
3385 3097 3502 3169 μεθ’
3535 3099 3564 3151 ὃ
3596 3117 3736 3153 παν-

464 3193 648 3238 autem
689 3185 926 3240 maxime
959 3185 1269 3240 mirandum
1299 3197 1383 3242 est
1429 3187 1593 3242 talem
1644 3188 1928 3242 inimicum
1977 3196 2035 3244 et

2154 3157 2328 3258 ταχοῦ.
2355 3187 2486 3251 Θεὸς
2518 3188 2577 3241 ὲν
2606 3157 2738 3243 πᾶσι
2769 3157 3366 3263 δαυμάζεταιίϊΕέίθρδς
3385 3157 3458 3245 ’δὲ
3496 3191 3571 3248 ὢν
3617 3195 3736 3246 ὲνε-

465 3272 696 3338 leonem,
734 3274 1033 3344 principem
1069 3275 1234 3345 hujus
1279 3277 1490 3340 surculi,
1551 3293 1650 3347 per
1682 3277 1922 3334 infantes
1955 3286 2039 3332 at-

460 3383 572 3436 que
614 3368 876 3423 lactentes
908 3367 977 3423 de
1015 3367 1198 3424 medio
1227 3369 1502 3424 sublatum
1534 3385 1697 3426 esse:
1731 3386 1839 3441 quo
1875 3387 2038 3442 pera-

2143 3280 2326 3351 δρεύει
2368 3280 2505 3352 πρὸς
2538 3281 2812 3353 ἁμαρτίαν
2844 3283 3234 3349 ὑποσκελίζων,
3265 3285 3359 3337 καὶ
3391 3287 3517 3349 τοὺς
3542 3288 3734 3358 ἡμαρ-

2145 3373 2384 3444 τηκότας
2416 3373 2553 3444 μετὰ
2583 3374 2756 3428 ταῦτα
2790 3375 3027 3441 κολάζει.

462 3470 554 3514 cto
614 3458 759 3514 Deus
805 3459 1007 3530 ibique
1055 3468 1326 3516 terrarum
1375 3461 1518 3530 apud
1567 3476 1758 3518 omnes
1816 3463 2085 3519 mirabilis
2123 3463 2476 3534 praedicatur,
2545 3468 2638 3535 qui
2684 3467 2943 3538 princeps
2982 3469 3150 3539 hujus
3209 3470 3426 3532 saculi,
3473 3471 3733 3527 inimicus

463 3567 590 3608 cum
613 3552 705 3615 sit,
723 3551 953 3606 insidias
981 3560 1136 3620 parat
1167 3559 1228 3606 ut
1253 3553 1568 3623 supplantet
1592 3562 1645 3608 et
1675 3553 1729 3607 in
1753 3564 2036 3624 peccatum
2077 3555 2337 3627 dejiciat;
2374 3564 2490 3610 tum
2523 3567 2840 3626 peccatores
2869 3562 3138 3632 supplicio
3173 3561 3354 3616 aliisit.

535 3643 654 3710 Qua
683 3645 896 3699 ratione
939 3654 1122 3700 autem
1150 3661 1348 3700 nomen
1385 3645 1620 3711 Domini,
1661 3647 1791 3701 olim
1839 3649 2044 3704 nemini

466 3748 677 3802 notum,
729 3737 1050 3796 admirabile
1087 3740 1349 3802 evaserit,
1379 3740 1622 3797 declarat
1666 3742 1721 3798 in
1755 3741 2037 3813 sequenti-

469 3830 570 3884 bus
615 3829 702 3884 his
747 3830 952 3895 verbis,
1003 3832 1254 3901 quoniam
1291 3831 1494 3888 elevata
1539 3843 1617 3888 est
1648 3835 2044 3905 magnificentia

468 3932 561 3975 tua
593 3937 746 3991 super
775 3922 964 3978 cmlos:
985 3931 1148 3994 atque
1175 3924 1398 3978 tertium
1434 3926 1568 3982 illud
1596 3926 2038 3998 superadditum,

463 4029 529 4068 ex
560 4030 648 4070 ore
691 4014 976 4084 infantium
1023 4023 1074 4069 et
1122 4015 1432 4069 lactenlium
1474 4017 1744 4088 perfecisti
1792 4018 2041 4085 laudem,

465 4109 710 4178 aliquam
742 4123 874 4162 sane
905 4107 1069 4162 habet
1099 4107 1417 4162 aﬂinitatem
1449 4123 1572 4164 cum
1623 4110 1742 4174 illo,
1774 4127 2044 4181 synagoga

463 4200 777 4273 populorum
805 4199 1156 4255 circumdabit
1188 4212 1256 4257 te.
1302 4201 1470 4256 Docet
1523 4202 1668 4256 enim
1716 4217 1912 4257 novam
1952 4218 2043 4274 sy-

466 4309 756 4366 nagogam,
797 4308 918 4364 quae
975 4291 1142 4347 Deum
1193 4293 1572 4348 circumdabat
1646 4302 1770 4364 post
1821 4294 1942 4364 ejus
1984 4295 2043 4350 in

465 4388 634 4442 altum
664 4385 1115 4454 assumptionem,
1152 4398 1216 4438 ex
1249 4383 1575 4449 infantibus,
1618 4385 1801 4440 animo
1830 4387 2040 4440 scilicet

2222 3649 2331 3704 Kal.
2362 3649 2476 3714 πῶς
2504 3652 2561 3703 ὲν
2601 3653 2746 3724 πάσῃ
2777 3656 2843 3725 τῇ
2871 3658 2939 3726 γῇ
2975 3655 3035 3707 τὸ
3065 3656 3231 3708 πάλαι
3256 3657 3442 3728 μηδενὶ
3468 3658 3724 3726 γινωσκό-

2153 3760 2311 3814 μενον
2336 3743 2505 3814 δνομα
2528 3744 2622 3798 τοῦ
2645 3746 2850 3818 Κυρίου
2883 3749 2975 3802 καὶ
3003 3748 3310 3820 θαυμαστὸν
3334 3751 3591 3821 κατέστη,
3614 3752 3704 3805 δια

2150 3837 2312 3904 σαφεῖ
2343 3835 2514 3905 λέγων
2555 3837 2714 3908 ἐξῆςο
2751 3839 2871 3892 Ὅτι
2901 3840 3127 3910 ἐπῄρθη
3169 3843 3206 3910 ἡ
3245 3834 3732 3912 μεγαλοπρέπειά

2147 3941 2263 3981 σου
2295 3928 2569 3996 ὑπεράνω
2599 3929 2716 3983 τῶν
2744 3931 3049 3999 οὐρανῶνο
3089 3934 3182 3986 καὶ
3232 3934 3293 3986 τὸ
3343 3935 3730 4006 ἐπιλεγόμενον

2145 4017 2202 4071 δὲ
2231 4019 2410 4091 τρίτον
2441 4021 2500 4073 ὲν
2534 4019 2635 4090 τῷ,
2657 4022 2755 4075 Ἐκ
2783 4023 3080 4092 στόματος
3109 4025 3344 4090 νηπίων
3388 4025 3485 4079 καὶ
3537 4031 3724 4094 θηλα-

2146 4109 2364 4172 ζόντων
2400 4115 2738 4182 κατηρτίσω
2765 4112 2957 4180 αἶνον,
2991 4116 3104 4187 ἔχοι
3139 4117 3204 4170 ἂν
3239 4121 3556 4188 συμφωνίαν
3590 4121 3724 4192 πρὸς

2143 4204 2235 4256 τό·
2267 4207 2592 4276 Συναγωγὴ
2653 4205 2804 4267 ἱρῶν
2850 4208 3148 4264 κυκλώσει
3186 4226 3278 4266 σε.
3319 4213 3392 4264 Τὸ
3433 4213 3540 4282 γὰρ
3601 4212 3728 4268 νέαν

2142 4297 2236 4349 καὶ
2261 4298 2454 4370 καινὴν
2487 4299 2805 4370 συναγωγὴν
2835 4300 2940 4353 τῶν
2978 4300 3318 4354 κυκλούντων
3345 4302 3439 4355 τὸν
3468 4303 3610 4356 Θεὸν.
3628 4322 3726 4375 με-

2141 4386 2210 4439 τὰ
2239 4387 2334 4459 τὴν
2361 4390 2440 4450 είς
2469 4387 2602 4459 ὕψος
2622 4390 2888 4460 ἀνάληψιν
2911 4391 3075 4445 αὐτοῦ
3105 4395 3169 4446 ὲκ
3197 4393 3405 4464 νηπίων
3428 4395 3603 4466 ψυχῆς
3628 4397 3726 4450 καὶ

463 4487 519 4535 et
553 4475 904 4538 lactentibus,
935 4475 1254 4530 collectam:
1293 4483 1455 4546 atque
1485 4475 1557 4528 ita
1603 4483 1762 4530 vocat
1805 4477 2040 4547 pepulos

2154 4479 2483 4551 θηλαζόντων
2533 4484 2851 4537 συνεστάναι
2893 4485 3158 4540 διδάσκει·
3189 4487 3331 4540 οὕτω
3376 4488 3555 4541 καλῶν
3598 4492 3726 4555 τοὺς

464 4570 521 4624 in
577 4568 798 4623 Christo
841 4572 1220 4636 regeneratos.
1258 4564 1394 4619 Nam
1436 4574 1726 4636 postquam
1779 4566 1833 4620 in
1865 4567 2034 4621 altum

465 4660 732 4723 ascendit,
757 4668 881 4730 post
902 4657 1212 4728 ingressum
1235 4673 1393 4712 suum
1423 4658 1477 4711 in
1497 4658 1717 4725 malum,
1745 4657 2034 4727 Dominus,

463 4753 558 4823 qui
592 4768 687 4823 per
712 4750 1046 4821 prophetiam
1077 4749 1421 4814 enuntiatur,
1451 4748 1685 4805 adscivit
1724 4749 1827 4804 sibi
1861 4766 2034 4820 popu-

465 4845 641 4900 lorum
671 4856 1023 4916 synagogam,
1053 4842 1109 4896 in
1141 4848 1286 4897 terra
1320 4857 1386 4898 ex
1417 4841 1725 4898 infantibus
1745 4850 1800 4898 et
1825 4844 2038 4899 lacten-

463 4938 614 4993 tibus
643 4944 889 5009 paratam
904 4984 918 4997 ,

534 5029 700 5085 Vens.
737 5030 792 5095 4,
827 5029 882 5086 5.
915 5028 1181 5096 Quoniam
1207 5028 1388 5083 videbo
1418 5030 1597 5094 caelos,
1629 5044 1786 5098 opera
1836 5028 2033 5100 digito-

465 5140 582 5177 rum
618 5132 846 5186 tuorum,
869 5122 1050 5178 lunam
1078 5133 1128 5177 et
1157 5122 1343 5177 stellas
1366 5137 1486 5193 quae
1518 5132 1574 5176 tu
1598 5122 1861 5193 fundasti.
1891 5122 2032 5189 Quid

463 5230 540 5276 est
562 5219 714 5274 homo
747 5219 885 5290 quod
937 5235 1138 5274 memor
1187 5235 1241 5273 es
1285 5219 1420 5288 ejus,
1467 5227 1558 5272 aut
1611 5220 1757 5288 ﬁlius
1808 5219 2036 5275 hominis

462 5313 715 5386 quoniam
756 5312 942 5366 visitas
985 5315 1142 5369 eum?
1203 5310 1452 5376 Etiamsi,
1503 5312 1703 5383 inquit,
1754 5313 2031 5368 mirabilia

465 5411 594 5460 sunt
615 5403 827 5475 opiﬁcia
855 5413 971 5467 tua,
1002 5403 1201 5458 caelum
1229 5409 1283 5458 et
1311 5417 1431 5473 qua:
1454 5402 1508 5456 in
1535 5417 1600 5458 eo
1638 5411 1788 5468 sunt,
1819 5418 1938 5474 quae
1968 5411 2028 5457 tu

2140 4571 2614 4643 ἀναγεννωμένους
2639 4575 2696 4626 ἐν
2716 4575 2939 4647 Χριστῷ
2965 4576 3146 4641 λαούς.
3164 4579 3258 4643 Εἰς
3289 4579 3422 4650 ὕψος
3448 4579 3558 4652 γὰρ
3588 4582 3722 4636 ἀνα-

2141 4661 2242 4726 ϐὰς
2277 4663 2413 4734 μετὰ
2442 4664 2540 4736 τὴν
2573 4668 2653 4730 εἰς
2681 4668 2904 4740 οὐρανὸν
2931 4669 3004 4740 (1)
3033 4669 3280 4734 κάθοδον,
3316 4675 3344 4725 ὁ
3369 4670 3458 4724 διὰ
3481 4672 3580 4742 τῆς
3592 4691 3726 4744 προ-
3751 4667 3756 4671 ’

2141 4756 2365 4826 φητείας
2381 4757 2793 4830 παριστώμενος
2821 4761 3023 4833 Κύριος
3040 4779 3177 4834 κατη
3186 4765 3406 4834 ρτίσατο
3436 4764 3613 4833 ἐαυτῷ
3630 4767 3724 4818 ἐπὶ

2147 4845 2245 4916 τῆς
2263 4848 2366 4916 γῆς
2385 4847 2480 4919 τὴν
2507 4848 2613 4902 τῶν
2641 4849 2786 4904 λαῶν
2812 4854 3150 4924 συναγωγὴν,
3174 4856 3238 4908 ὲκ
3270 4855 3480 4926 νηπίων
3512 4857 3605 4910 καὶ
3633 4856 3726 4928 θη-

2147 4937 2414 5002 λαζόντων
2442 4941 2610 5013 αὐτὴν
2645 4945 3069 5015 συστησάμενος.

2218 5031 2338 5083 Ὅτι
2368 5031 2586 5102 ὄψομαι
2621 5036 2762 5102 τοὺς
2782 5037 3075 5106 οὐρανοὺς
3100 5037 3244 5110 ἔργα
3262 5041 3385 5095 τῶν
3404 5041 3724 5094 δακτύλων

2142 5136 2279 5188 σου,
2311 5123 2583 5194 σελήνην
2618 5129 2716 5182 καὶ
2749 5129 3006 5198 ἀστέρας
3037 5129 3074 5184 ά
3099 5131 3181 5184 σὺ
3209 5133 3626 5201 ἐθεμελίωσας.
3658 5135 3724 5186 Τί

2138 5216 2310 5270 ἐστιν
2346 5217 2673 5287 ἅνθρωπος,
2699 5220 2788 5274 ὅτι
2808 5222 3120 5293 μιμνήσκῃ
3141 5225 3330 5279 αὑτοῦ
3345 5241 3365 5289 ;
3399 5224 3435 5294 ἢ
3461 5225 3590 5292 υίὸς
3615 5225 3722 5279 άν-

2138 5306 2393 5375 θρώπου,
2419 5309 2508 5364 ὅτι
2546 5311 2880 5382 ἐπισκέπτῃ
2919 5316 3141 5380 αὐτόν;
3185 5316 3250 5368 Ei
3293 5317 3386 5370 καὶ
3432 5317 3722 5387 Θαυμαστά

2138 5417 2252 5465 σου,
2290 5402 2442 5474 φησὶ,
2485 5404 2940 5478 δημιουργήματα
2976 5408 3201 5482 οὐρανὸς
3235 5411 3328 5464 καὶ
3358 5410 3430 5464 τὰ
3474 5413 3530 5463 ἐν
3567 5409 3720 5482 αὑτῷ

463 5498 704 5554 fundasti
730 5504 790 5552 ut
817 5513 913 5567 per
947 5511 1109 5553 omne
1153 5497 1416 5553 saeculum
1457 5495 1866 5562 consisterent;
1900 5508 2026 5548 nam

2154 5493 2274 5566 ίπερ
2305 5495 2550 5567 ἦδρασας
2586 5497 2652 5551 δι’
2682 5499 2804 5552 ὅλου
2831 5499 2928 5553 τοῦ
2958 5500 3156 5566 αἰῶνος
3189 5502 3413 5558 ἑστάναι
3438 5520 3450 5533 ·
3480 5502 3710 5575 ἔστησε

530 5641 576 5674 ss
611 5637 754 5695 psaL
792 5648 1030 5700 “mu,
1057 5631 1188 5704 2,5.
1224 5633 1271 5667 “
1309 5632 1442 5690 ibid.
1475 5633 1536 5695 4.
1609 5633 1656 5666 ⁸⁸
1696 5631 1883 5688 Matth.
1918 5647 2044 5700 XXI,
2085 5631 2138 5687 9.
2219 5634 2265 5665 ⁸³
2304 5635 2437 5692 ibid.
2479 5637 2562 5693 l6.

534 5758 609 5832 (ι)
639 5756 801 5813 Forte
827 5753 980 5828 ᾅδην.
