3994 6448
212 403 315 459 129

1337 388 1838 450 ῦΟΜΜΕΝΤΑῙὶΙΔ
1854 389 1860 398 ’
1875 388 1942 443 IN
1982 384 2323 443 PSALMOS.

3355 383 3459 438 i30

209 516 314 588 γὰρ
343 512 493 572 αὐτὰ
533 514 621 578 είς
662 512 770 566 τὸν
810 511 1016 578 αἰῶνα,
1047 511 1192 566 καθά
1242 529 1406 584 φησιν
1451 513 1508 564 ὲν
1553 509 1778 582 ἑτέροις,

1894 505 2077 559 statuit
2105 520 2168 559 ea
2213 503 2268 557 in
2293 509 2569 565 teternum,
2601 507 2661 556 ut
2689 501 2798 556 alio
2838 502 2961 556 loco
2997 499 3211 566 dicit",
3261 519 3460 572 prame-

210 607 310 662 καὶ
352 606 701 674 πρόσταγμα
739 605 930 668 ἔθετο,
963 605 1062 659 καὶ
1105 607 1178 660 οὐ
1217 606 1651 674 παρελεύσεται
1672 619 1684 632 '
1718 603 1780 658 οὐ

213 702 318 772 μήν
346 714 428 751 σοι
458 696 666 769 μεγάλα
708 699 845 769 πρὸς
873 697 1126 770 ὓπαρξιν,
1153 696 1290 751 ἀλλὰ
1319 697 1578 770 βραχείας
1623 697 1782 750 δυνά-

213 808 358 864 μεως
383 789 664 853 δακτύλοις
691 789 1083 862 ἀναλογούσης·
1115 789 1258 843 οὕτω
1294 790 1404 862 γὰρ
1440 789 1540 854 τὰς
1581 789 1784 862 μικρὰς

207 885 464 956 δυνάμεις
491 883 718 937 ἐκάλεσε
748 883 841 938 τοῦ
871 883 1028 939 Θεοῦ.
1054 885 1164 938 Καὶ
1189 885 1362 938 ταῦτα
1385 885 1484 954 μὲν
1512 884 1784 956 ἡδρασμέ-

207 995 271 1030 να
309 976 499 1046 μένει·
537 974 819 1046 ἄνθρωπον
859 975 919 1028 δὲ
961 975 1050 1028 τὸν
1095 975 1216 1028 καθ’
1245 975 1341 1029 ἕνα
1371 976 1782 1048 παρερχόμενον

208 1062 595 1133 ἐκπέπληγμαι
642 1061 881 1136 θεωρῶν,
918 1063 1066 1128 ὅπως
1111 1067 1206 1119 καὶ
1259 1065 1531 1137 μέμνησαι
1565 1067 1779 1130 τούτου,

208 1155 299 1206 καὶ
331 1156 532 1224 προνοῇ
557 1171 571 1184 ο
615 1155 754 1228 ὅπερ
797 1173 895 1209 ουκ
927 1155 992 1210 ἂν
1023 1155 1263 1228 ὑπῆρξεν
1304 1159 1352 1209 εί
1385 1156 1577 1230 μικρόν
1605 1176 1656 1211 τι
1687 1159 1783 1212 καὶ

207 1247 443 1319 φθαρτὸν
470 1247 730 1318 ἐτύγχανε
761 1247 926 1311 ζῶον·
949 1247 1091 1304 οὕτω
1117 1249 1171 1302 δὲ
1191 1250 1369 1322 τίμιον
1397 1251 1473 1315 ὡς
1492 1252 1558 1304 ὲκ
1585 1251 1785 1321 στόμα·

204 1358 294 1405 τος
317 1340 528 1410 νηπίων
561 1341 652 1395 καὶ
677 1341 1016 1413 θηλαζόντων
1046 1344 1212 1416 ὕμνον
1229 1344 1379 1416 αὐτῷ
1400 1345 1780 1416 κατηρτίσθαι.

207 1432 267 1484 Εἰ
297 1432 396 1485 καὶ
423 1432 653 1504 σμικρὸς
679 1434 859 1488 τοίνυν
880 1435 1024 1489 κατὰ
1048 1436 1110 1489 τὸ
1143 1435 1300 1507 σῶμα
1316 1453 1329 1466 ·
1356 1436 1493 1491 ἀλλὰ
1517 1436 1658 1490 κατὰ
1683 1436 1786 1506 ψυ-

205 1522 304 1592 χὴν
323 1521 425 1592 τὴν
447 1525 566 1576 κατ’
595 1523 778 1577 εἰκόνα
799 1525 1086 1596 τετίμηται
1105 1543 1120 1557 ο
1161 1526 1301 1581 ὥστε
1331 1526 1420 1580 διὰ
1437 1527 1626 1581 τούτου
1649 1528 1781 1582 θαυ-

209 1612 417 1680 μαστόν
447 1630 541 1666 σου
576 1615 910 1687 καταστῆναι
939 1617 1000 1670 τὸ
1028 1616 1198 1689 ὄνομα
1221 1619 1280 1672 ὲν
1312 1617 1460 1690 πάσῃ
1491 1620 1558 1690 τῇ
1592 1622 1684 1692 γῇ.

284 1787 688 1860 ’Δποθαυμάζει
743 1789 803 1844 τὸ
847 1789 989 1844 θεῖον
1032 1789 1257 1862 Πνεῦμα
1293 1792 1387 1845 καὶ
1428 1789 1642 1862 εὔχεται
1688 1792 1783 1846 τοῦ

1884 605 2030 668 ptum
2065 596 2240 666 posuit
2274 605 2325 649 et
2380 610 2482 648 non
2523 593 2854 660 praeteribit:
2898 610 3014 648 non
3049 601 3234 649 tamen
3264 611 3458 665 magna

1884 686 1984 741 tibi
2020 692 2368 756 reparantur,
2401 684 2498 740 scd
2527 700 2627 739 ceu
2658 685 2850 755 exigua
2887 685 3088 740 virtute
3112 685 3296 756 digitis
3326 701 3459 740 con-

1884 779 2127 838 cinnata,
2164 780 2252 831 sic
2289 776 2434 830 enim
2469 775 2710 831 minores
2740 775 2833 830 Dei
2876 776 3108 832 virtutes
3157 787 3457 846 nuncupat.

1888 873 1951 930 Et
1982 875 2100 928 haec
2147 872 2369 945 quidem
2419 871 2650 926 fundata
2696 886 2762 927 ac
2803 870 2957 926 ﬁrma
2997 883 3355 943 permanent;
3404 882 3460 926 at

1885 965 2190 1028 hominem,
2219 963 2541 1036 singulatim
2575 965 2761 1019 omnia
2805 979 3155 1034 percurrens,
3201 979 3309 1020 non
3341 964 3461 1019 sine

1886 1068 2113 1128 stupore
2157 1058 2500 1127 contemplor
2527 1095 2542 1121 ,
2573 1072 2684 1127 quo
2733 1064 2895 1127 pacto
2933 1057 3141 1112 scilicet
3168 1056 3314 1114 illius
3344 1072 3462 1112 me-

1884 1149 2134 1215 mineris,
2189 1158 2352 1220 atque
2396 1148 2572 1219 ipsius
2618 1162 2805 1202 curam
2830 1147 3058 1215 habeas,
3083 1149 3225 1218 quod
3271 1147 3462 1218 utique

1884 1255 1994 1294 non
2029 1239 2264 1302 faceres,
2304 1241 2350 1294 si
2382 1253 2610 1308 parvum
2657 1245 2712 1294 et
2738 1239 3098 1309 corruptibilc
3139 1238 3340 1294 animal
3371 1254 3461 1294 es-

1886 1338 2006 1399 set;
2047 1330 2143 1387 sed
2175 1340 2329 1386 tanto
2359 1332 2570 1388 honore
2597 1329 2798 1401 dignus
2827 1343 2931 1396 est,
2964 1338 3025 1385 ut
3051 1347 3114 1386 ex
3145 1346 3241 1386 ore
3279 1329 3462 1385 infan—

1886 1425 2022 1479 tium
2055 1432 2110 1478 et
2141 1423 2460 1480 lactentium
2490 1424 2709 1495 hymnis
2737 1424 3059 1479 celebretur.
3105 1423 3333 1480 Etiamsi
3359 1423 3464 1494 igi-

1884 1523 1979 1570 tur
2009 1529 2244 1585 corpore
2276 1530 2483 1588 parvus
2524 1515 2618 1580 sit,
2666 1514 2972 1570 secundum
3003 1514 3240 1568 animam
3279 1513 3346 1568 ad
3383 1514 3462 1570 si-

1884 1606 2248 1663 militudinem
2275 1607 2368 1662 Dei
2393 1605 2594 1662 factam
2625 1606 2948 1670 honoratur,
2972 1605 3047 1660 ita
3076 1615 3135 1660 ut
3156 1621 3251 1676 per
3281 1605 3462 1675 ipsum

1884 1697 2204 1755 admirabile
2233 1699 2305 1755 sit
2333 1711 2533 1755 nomen
2558 1706 2712 1754 tuum
2746 1700 2802 1754 in
2833 1699 3088 1754 universa
3115 1707 3282 1755 terra.

1956 1789 2278 1846 Admiratur
2311 1791 2552 1862 Spiritus
2585 1791 2827 1859 divinus,
2857 1797 2912 1848 et
2958 1792 3015 1846 in
3057 1791 3176 1862 ipsa
3223 1792 3460 1846 admira-

207 1877 530 1948 θαυμασμοῦ
563 1877 767 1947 λέγων’
797 1879 1072 1952 Οὐρανοὺς
1105 1880 1203 1951 μὲν
1231 1881 1343 1952 ὁρῶ
1379 1883 1506 1945 τοὺς
1531 1881 1622 1934 τὸν
1651 1880 1786 1953 σύμ-

1894 1882 2035 1939 tione
2077 1884 2365 1955 gloriatur,
2414 1884 2642 1940 dicens:
2691 1885 2876 1941 leos
2917 1884 3155 1956 quidem.
3184 1883 3340 1939 video
3367 1883 3462 1954 qui

207 1986 381 2024 παντα
407 1969 612 2040 κόσμον
639 1968 1020 2040 περιέχονταςο
1057 1971 1168 2042 ὁρῶ
1199 1971 1254 2024 δὲ
1293 1971 1388 2025 καὶ
1426 1969 1656 2042 σελήνην
1680 1971 1783 2036 ,καὶ

207 2061 400 2131 ἄστρα,
433 2060 530 2114 καὶ
559 2058 730 2114 ταῦτα
756 2061 932 2115 πάντα
965 2061 1216 2134 γνωρίζω
1241 2067 1308 2135 τῇ
1347 2064 1507 2135 φύσει
1530 2065 1658 2118 ὄντα
1689 2082 1782 2136 με·

207 2150 345 2220 γάλα
377 2151 472 2204 καὶ
499 2149 782 2220 θαυμαστὰ
811 2151 910 2223 τῆς
929 2152 1058 2224 ὅλης
1077 2152 1432 2224 δημιουργίας
1464 2153 1604 2226 μέρη
1623 2171 1637 2185 ο
1669 2155 1782 2210 ἀλλ’

207 2245 373 2315 ὅμως,
404 2244 608 2315 καίπερ
631 2245 758 2299 ὄντα
784 2244 1032 2310 τοιαῦτα,
1062 2241 1200 2310 οἶδα,
1222 2253 1309 2307 ὅτι
1341 2245 1655 2318 βραχύτατα
1676 2250 1785 2304 τῶν

207 2335 311 2388 σῶν
347 2335 527 2406 ἔργων
553 2337 1015 2409 τυγχάνει.Ἔργα
1043 2336 1174 2406 γοῦν
1206 2339 1324 2392 ἐστι
1343 2340 1517 2393 ταῦτα
1538 2338 1648 2393 τῶν
1676 2339 1785 2394 σῶν

203 2429 510 2482 δακτύλων·
551 2429 671 2500 οὐχὶ
695 2428 750 2481 δὲ
763 2429 998 2498 χειρῶν,
1025 2429 1144 2483 οὐδὲ
1174 2431 1413 2502 μεγάλης
1449 2431 1593 2497 τινὸς
1629 2433 1786 2488 δυνά-

207 2537 380 2590 μεως⁸
423 2520 560 2585 ἀλλ’,
589 2521 666 2584 ὡς
697 2521 764 2574 ἂν
795 2520 940 2575 εἷποι
970 2539 1076 2586 τις,
1113 2523 1296 2594 ἄκρων
1324 2522 1623 2589 δακτύλων,
1657 2519 1784 2597 τρο·-

203 2613 382 2678 πικῶς
412 2611 586 2676 οὕτως
607 2613 714 2668 τῶν
745 2613 1026 2685 δυνάμεων
1056 2614 1472 2687 ὀνομαζομένων
1490 2616 1597 2671 ,τοῦ
1625 2617 1782 2684 Θεοῦ,

204 2706 268 2759 δι’
297 2699 373 2760 ῶν
399 2706 470 2760 τὰ
495 2705 726 2778 αἰσθητὰ
755 2708 851 2762 καὶ
877 2707 1130 2779 ὁρώμενα
1163 2708 1619 2782 δημιουργήματα
1657 2727 1786 2766 συν-

205 2800 332 2871 εστή
340 2816 493 2853 σατο.

285 2889 665 2959 Ἠλὰττωσας
726 2893 911 2948 αὑτὸν
949 2894 1152 2964 ,βραχύ
1193 2911 1250 2947 τι
1301 2895 1440 2962 παρ’
1471 2893 1784 2965 ἀγγέλους,

205 2981 348 3052 δόξῃ
394 2985 495 3038 καὶ
533 2983 673 3055 τιμῇ
705 2985 1132 3056 ἐστεφάνωσας
1163 2987 1369 3042 αὐτόν.
1400 2989 1510 3042 Καὶ
1541 2988 1646 3060 μὴν
1673 2987 1790 3042 ἑτέ-

207 3093 314 3150 ρως
363 3077 498 3151 δόξῃ
546 3080 641 3133 καὶ
689 3083 825 3150 τιμῇ
867 3078 958 3134 τὸν
1014 3079 1300 3152 ἄνθρωπον
1355 3081 1730 3151 ἐστεφάνωσεν
1758 3082 1787 3134 ὁ

202 3168 352 3236 Θεὸς,
382 3171 480 3224 ἐπὶ
523 3170 684 3242 μόνου
723 3171 816 3225 τοῦ
852 3170 1140 3243 ἀνθρώπου
1184 3173 1359 3244 φήσας
1382 3189 1395 3202 ·
1435 3170 1788 3242 Ποιήσωμεν

203 3261 522 3332 ἄνθρωπον
555 3265 680 3317 κατ’
711 3264 916 3319 εἰκόνα
954 3264 1248 3335 ἡμετέραν
1278 3264 1375 3320 καί
1408 3265 1538 3322 καθ’
1578 3266 1785 3335 ὁμοίω·
1814 3248 1856 3306 C

203 3372 325 3419 σιν,
364 3357 462 3410 καὶ
495 3357 765 3428 διαφόρως
787 3361 899 3422 τοῖς
941 3358 1118 3428 ἁγίοις
1145 3357 1453 3431 ἀνθρώποις
1481 3359 1784 3429 ἐπιφανεὶς,

203 3450 295 3502 καὶ
329 3447 650 3520 Πνεύματος
691 3450 869 3519 ἁγίου,
901 3451 996 3505 καὶ
1033 3451 1313 3524 δυνάμεως
1342 3452 1594 3524 οὐρανίου
1625 3469 1790 3523 μετα-

203 3537 346 3602 δοὺς,
381 3539 460 3604 ὡς
488 3539 550 3593 τὸ
584 3539 774 3611 μέλλον
807 3541 1028 3607 ειδέναι,
1064 3543 1158 3597 καὶ
1179 3543 1367 3607 νόσους
1393 3542 1657 3607 ἐλαύνειν,
1693 3542 1790 3596 καὶ

205 3633 436 3704 νεκροὺς
469 3633 721 3705 ἀνιστᾷνο
759 3635 854 3689 καὶ
887 3634 948 3688 τὸ
990 3635 1244 3706 μέγιστον
1273 3635 1550 3699 ἁπάντων,
1583 3637 1648 3707 τῇ
1693 3633 1788 3689 τοῦ

205 3723 549 3792 Μονογενοῦς
575 3727 814 3797 τιμήσας
847 3725 1010 3781 αὑτὸν
1043 3727 1340 3800 παρουσίᾳ.

273 3817 432 3885 Δόξῃ
480 3818 578 3870 καί
612 3817 747 3888 τιμῇ
778 3818 1209 3888 ἐστεφάνωσας
1237 3819 1456 3885 αὐτὸν,
1493 3819 1594 3873 καὶ
1647 3836 1789 3874 κατ-

205 3906 480 3975 έστησας
529 3908 718 3962 αὐτὸν
763 3909 862 3963 ἐπὶ
913 3910 987 3963 τὰ
1036 3910 1183 3980 ἔργα
1236 3909 1356 3964 τῶν
1400 3909 1614 3980 χειρῶν
1647 3927 1784 3966 σου.

205 3999 414 4055 Πάντα
471 3999 773 4069 ὑπέταξας
829 4002 1110 4058 ὑποκάτω
1158 4000 1278 4056 τῶν
1328 4002 1531 4060 ποδῶν
1580 4003 1788 4068 αὐτοῦ,

208 4095 475 4160 πρόϐατα
522 4094 621 4147 καὶ
674 4095 832 4161 ,ϐόας
875 4094 1101 4162 πάσας,
1134 4093 1224 4148 ἐτι
1254 4093 1322 4148 δὲ
1365 4095 1463 4150 καί
1493 4094 1567 4148 τὰ
1599 4095 1789 4163 κτήνη

206 4186 312 4241 τοῦ
364 4187 597 4252 πεδίου,
636 4186 708 4241 τὰ
755 4189 996 4243 πετεινὰ
1027 4187 1133 4242 τοῦ
1179 4188 1459 4258 οὐρανοῦ,
1505 4187 1606 4242 καὶ
1649 4188 1794 4256 τοὺς

209 4283 422 4350 ιχθύας
457 4280 562 4349 τῆς
595 4284 934 4350 θαλάσσης,
965 4283 1037 4336 τὰ
1059 4282 1531 4352 διαπορευόμενα
1555 4283 1794 4352 τρίϐους

208 4373 562 4432 (Immemor.
597 4376 676 4447 Τῇ
723 4375 831 4446 γὰρ
883 4375 1073 4447 λογικῇ
1125 4375 1304 4444 φύσει,
1346 4375 1422 4439 ὡς
1468 4375 1535 4430 ἂν
1579 4375 1795 4446 ὡμοιω-

214 4469 353 4541 μένῃ
404 4467 544 4538 Θεῷ,
590 4469 688 4539 τὴν
738 4469 880 4522 κατὰ
935 4468 1153 4522 πάντων
1201 4468 1375 4540 ἀρχὴν
1423 4469 1517 4523 καὶ
1564 4468 1794 4540 δύναμιν

1885 1982 2064 2030 totum
2094 1974 2358 2030 mundum
2407 1976 2969 2048 circumplectuntur;
3014 1977 3175 2033 video
3211 1977 3341 2032 item
3378 1977 3463 2030 lu-

1885 2083 2014 2123 nam
2040 2076 2095 2123 et
2124 2071 2338 2128 stellas.
2376 2078 2430 2124 et
2457 2069 2619 2139 plane
2648 2085 2821 2126 nosco
2859 2071 2975 2124 haec
3006 2071 3190 2125 omnia
3233 2085 3463 2142 magnas

1885 2159 2275 2230 mirabilesque
2299 2160 2538 2215 universi
2567 2161 2772 2232 Opiﬁcii
2804 2170 2987 2232 partes
3015 2177 3138 2217 esse
3164 2180 3177 2216 :
3221 2168 3465 2216 attamen

1886 2251 1990 2306 etsi
2037 2253 2168 2306 talia
2219 2259 2364 2319 sunt,
2419 2253 2545 2308 novi
2585 2267 2650 2308 ea
2698 2253 2922 2307 minima
2971 2268 3196 2325 cperum
3243 2262 3463 2308 tuorum

1884 2360 2026 2402 esse.
2067 2345 2193 2400 Haec
2241 2347 2422 2417 itaque
2467 2354 2597 2402 sunt
2647 2347 2942 2418 digitorum
2987 2356 3207 2404 tuorum
3257 2364 3465 2422 opera;

1884 2452 1996 2492 non
2026 2453 2157 2492 vero
2191 2453 2473 2500 manuum,
2507 2454 2687 2510 neque
2717 2455 2928 2512 magna:
2954 2440 3243 2510 cujusdam
3272 2448 3466 2512 poten-

1888 2531 1978 2587 tiae
2003 2540 2141 2600 tum;
2197 2531 2316 2596 sed,
2356 2540 2416 2586 ut
2473 2531 2548 2586 ita
2603 2533 2807 2598 dicam,
2859 2544 3227 2589 extremorum
3264 2533 3461 2606 digito-

1885 2639 2039 2679 rum:
2075 2624 2148 2679 ita
2195 2623 2448 2680 videlicet
2497 2625 2708 2695 tropice
2743 2633 3013 2680 vocantur
3059 2625 3292 2681 virtutes
3343 2625 3461 2693 Dei,

1885 2717 2088 2789 quibus
2121 2717 2408 2774 scnsibilia
2436 2717 2783 2789 visibiliaque
2817 2733 2983 2789 opera
3013 2719 3321 2775 constituit.

1959 2892 2130 2950 Vens.
2162 2895 2216 2950 6.
2252 2892 2500 2949 Minuisti
2539 2909 2659 2948 eum
2700 2893 2862 2963 paulo
2896 2893 3070 2947 minus
3120 2893 3187 2946 ab
3242 2893 3471 2964 angelis,

1887 2984 2061 3054 gloria
2084 2995 2132 3039 et
2164 2985 2360 3040 honore
2387 2985 2659 3039 coronasti
2690 3000 2834 3039 eum.
2869 2984 2935 3039 Et
2961 2999 3094 3040 sane
3121 2985 3227 3039 alia
3255 2986 3470 3042 ratione

1889 3075 2167 3133 hominem
2201 3077 2374 3148 gloria
2406 3087 2460 3131 et
2485 3075 2699 3131 honore
2732 3077 3018 3130 coronavit
3048 3075 3231 3144 Deus;
3262 3077 3330 3132 de
3350 3079 3469 3133 solo

1889 3172 2092 3243 quippe
2119 3171 2340 3226 homine
2369 3170 2542 3225 dixit:
2595 3168 2890 3224 Faciamus
2929 3169 3193 3224 hominem
3231 3167 3302 3224 ad
3331 3171 3470 3224 ima-

1889 3265 2064 3336 ginem
2086 3273 2135 3318 et
2161 3263 2565 3318 similitudinem
2591 3262 2906 3316 nostram”.
2945 3260 3280 3332 Diversoqne
3305 3261 3470 3318 modo

1889 3357 2095 3411 sanctis
2112 3354 2424 3410 hominibus
2436 3353 2708 3425 apparuit,
2730 3352 3105 3424 Spiritumque
3121 3363 3369 3408 sanctum
3405 3371 3472 3411 ac

1890 3447 2174 3504 caelestem
2210 3453 2539 3518 potestatem
2575 3445 2794 3510 indidit,
2845 3453 2907 3500 ut
2948 3444 3134 3500 futura
3162 3462 3471 3516 praenosce-

1890 3546 2036 3604 rent,
2090 3539 2314 3595 morbos
2366 3539 2652 3609 pellerent,
2699 3545 2949 3594 mortuos
2995 3538 3368 3594 suscitarent:
3417 3548 3470 3595 et

1890 3633 2039 3705 quod
2091 3633 2337 3690 omnium
2369 3631 2913 3704 praestantissimum,
2957 3631 3238 3688 hominem
3271 3630 3467 3704 Unige-

1891 3726 1992 3781 niti
2019 3726 2104 3782 sui
2136 3725 2371 3781 adventu
2404 3725 2717 3780 honoravit.

1964 3815 2134 3872 Vens.
2173 3815 2286 3870 7-9.
2325 3815 2510 3870 Gloria
2563 3825 2613 3870 et
2677 3816 2874 3869 honore
2935 3817 3204 3872 coronasti
3233 3834 3371 3886 eum,
3420 3831 3470 3874 et

1892 3909 2220 3964 constituisti
2253 3924 2372 3962 eum
2416 3924 2574 3978 super
2600 3923 2758 3976 opera
2793 3925 3044 3962 manuum
3071 3918 3304 3965 tuarum.
3342 3910 3472 3967 0m-

1891 4003 1986 4056 nia
2011 4000 2282 4070 subjecisti
2311 3999 2406 4054 sub
2435 3999 2654 4070 pedibus
2685 4000 2822 4070 ejus,
2848 4017 2964 4055 oves
2994 4010 3042 4055 et
3088 4001 3235 4056 boves
3265 4005 3472 4058 univer-

1893 4112 2006 4158 sas,
2039 4095 2256 4164 insuper
2280 4102 2330 4147 et
2357 4109 2549 4163 pecora
2571 4096 2768 4163 campi,
2793 4093 3026 4148 volucres
3060 4095 3178 4148 casti
3213 4105 3262 4150 et
3303 4100 3470 4164 pisces

1893 4189 2083 4252 maris,
2115 4188 2204 4256 qui
2244 4187 2615 4256 perambulant
2649 4188 2866 4243 semitas
2915 4188 3100 4241 maris.
3139 4186 3471 4244 Rationabili

1893 4281 2042 4336 enim
2073 4287 2303 4343 naturae,
2339 4286 2528 4349 utpote
2570 4277 2639 4332 ad
2691 4277 3108 4334 similitudinem
3144 4278 3240 4335 Dei
3289 4281 3468 4347 facite,

1893 4373 2234 4429 dominatum
2280 4378 2716 4442 potestatemque
2745 4370 2800 4425 in
2834 4371 3018 4426 omnia
3048 4373 3259 4427 tribuit.
3297 4371 3472 4428 Homo

1895 4483 2027 4525 sane
2056 4467 2151 4523 Dei
2182 4467 2471 4536 imaginem
2507 4466 2736 4537 accepit,
2769 4482 2834 4520 ac
2858 4474 2919 4522 ut
2949 4482 3046 4522 rex
3061 4467 3306 4522 omnium
3328 4467 3473 4525 Deus

211 4561 544 4632 ἐδωρήσατο.
587 4562 647 4614 Ὀ
675 4561 982 4634 ἄνθρωπος.
1010 4563 1110 4633 τῆς
1135 4561 1323 4632 θεῖκῆς
1354 4561 1560 4624 είκόνος
1587 4560 1789 4626 λαϐὼν,

1896 4573 2002 4627 est,
2044 4561 2126 4617 sic
2169 4560 2286 4632 ipse
2345 4561 2604 4631 princeps
2634 4567 2983 4616 terrenarum
3015 4562 3259 4615 omnium
3289 4576 3474 4616 rerum

209 4652 284 4716 ὡς
335 4653 593 4723 βασιλεὺς
638 4654 890 4708 ἁπάντων
925 4655 1070 4708 ἐστὶν
1111 4657 1140 4708 ό
1182 4655 1333 4718 Θεὸς,
1382 4652 1555 4718 οὕτως
1607 4653 1791 4725 ἄρχων

211 4747 450 4818 κατέστη
482 4748 591 4800 τῶν
624 4747 716 4801 ἐπὶ
737 4746 860 4817 γῆς.
891 4747 954 4800 El
981 4747 1039 4800 δὲ
1067 4745 1369 4808 καθολικῶς
1399 4745 1613 4817 εἴρηται
1635 4762 1649 4776 ο
1679 4745 1790 4798 Καὶ

212 4838 593 4907 κατέστησας
637 4838 825 4894 αὐτὸν
853 4838 952 4892 ἐπὶ
979 4839 1050 4892 τὰ
1076 4839 1219 4908 ἔργα
1247 4836 1365 4891 τῶν
1399 4837 1614 4909 χειρῶν
1638 4853 1754 4892 σου
1775 4853 1788 4866 ·

213 4931 359 5000 λέγει
390 4931 448 4984 δὲ
494 4929 724 5002 ἀλλαχοῦ
744 4947 757 4961 ·
794 4929 906 4984 Καὶ
946 4930 1020 4984 τὰ
1063 4930 1206 5000 ἔργα
1255 4929 1375 4983 τῶν
1420 4927 1635 4999 χειρῶν
1676 4944 1793 4983 σου

213 5027 374 5080 εἰσιν
400 5028 455 5080 οἱ
495 5024 758 5094 οὐρανοί,
792 5025 950 5098 δῆλον
990 5025 1065 5088 ὡς
1108 5025 1202 5078 καὶ
1242 5024 1335 5076 ἐπὶ
1373 5025 1500 5087 τοὺς
1531 5023 1794 5094 οὐρανοὺς

215 5120 550 5191 κατέστησεν
598 5118 784 5173 αὐτόν.
823 5120 933 5172 Καὶ
982 5119 1188 5190 μήποτε
1236 5117 1564 5188 ἀπορρήτους
1603 5115 1704 5187 τὴν
1743 5116 1801 5168 ὲν

216 5211 429 5284 οὐρανῷ
454 5211 734 5283 διατριϐὴν
761 5211 1033 5283 σημαίνει,
1059 5210 1168 5264 τῶν
1194 5208 1302 5263 ἀπὸ
1321 5209 1426 5278 γῆς
1457 5210 1636 5261 ἐκεῖσε
1671 5206 1802 5279 μεθ-

218 5307 541 5376 ισταμένων,
574 5305 660 5358 ὅτε
713 5303 964 5376 μέλλουσι
1000 5301 1276 5374 βασιλείαν
1323 5299 1678 5372 κληρονομεῖν
1706 5298 1800 5351 οὐ-

221 5398 397 5470 ρανῶν
431 5398 507 5461 ὡς
551 5396 906 5468 ἐπήγγελται.
938 5395 1099 5464 Λέγει
1131 5395 1188 5448 δὲ
1234 5396 1263 5448 ὁ
1295 5392 1504 5456 Παῦλος
1524 5408 1537 5422 '
1573 5395 1803 5459 Κληρο-

218 5493 386 5559 νόμοι
444 5490 561 5560 μὲν
617 5490 764 5546 Θεοῦ
785 5529 799 5554 ,
840 5488 1336 5559 *συγκληρονόμοι
1393 5486 1462 5540 δὲ
1516 5483 1793 5554 Χριστοῦ.

221 5581 378 5636 Οὕτω
414 5583 510 5637 καὶ
542 5583 625 5647 τὸ,
659 5582 843 5636 Πάντα
879 5579 1145 5647 ὑπέταξεν
1177 5578 1435 5632 ὑποκάτω
1474 5575 1585 5631 τῶν
1617 5574 1795 5629 ποδῶν

221 5673 410 5739 αὑτοῦ,
442 5675 660 5748 νοητέον
693 5673 788 5728 νῦν
823 5674 922 5746 μὲν
955 5671 1022 5727 τὰ
1052 5671 1198 5738 ζῶα·
1235 5669 1422 5742 ἐπειδὴ
1453 5670 1512 5724 δὲ
1555 5670 1650 5724 καὶ
1679 5667 1796 5738 βίος

1896 4654 2229 4709 constitutus
2259 4659 2364 4709 est.
2402 4651 2557 4719 Quod
2590 4651 2636 4706 si
2661 4652 2962 4723 generatim
2992 4651 3106 4707 haec
3129 4653 3304 4722 posita
3321 4661 3472 4712 sunt.

1898 4746 1966 4801 Et
1997 4745 2322 4801 constituisti
2365 4761 2484 4800 eum
2526 4759 2682 4812 super
2717 4760 2878 4814 opera
2919 4760 3172 4798 manuum
3208 4752 3421 4798 tuarum
3452 4758 3474 4799 :

1897 4855 2024 4896 cum
2077 4839 2208 4894 alibi
2255 4839 2493 4903 dicatur,
2528 4835 2596 4891 Et
2629 4853 2788 4905 opera
2817 4854 3074 4891 manuum
3107 4845 3318 4891 tuarum
3350 4849 3474 4891 sunt

1899 4927 2015 4987 εωιί
2042 4931 2110 4997 θ’,
2161 4931 2291 4986 hinc
2322 4929 2702 5000 consequitur,
2733 4929 2896 4984 etiam
2949 4945 3114 5001 super
3142 4931 3312 4986 cmlos
3341 4945 3475 4984 con-

1901 5025 2152 5082 stitutum
2177 5037 2207 5078 a
2239 5021 2351 5078 Deo
2383 5021 2576 5078 fuisse.
2625 5022 2699 5079 Ac
2730 5036 3012 5093 nunquam
3042 5037 3231 5078 eorum
3275 5022 3369 5092 qui
3407 5022 3475 5078 ad

1900 5129 2168 5186 supernas
2199 5113 2360 5169 sedes
2387 5112 2809 5181 transferentur,
2839 5114 3232 5170 habitationem
3253 5115 3308 5168 in
3335 5113 3477 5168 caelo

1900 5207 2141 5262 futuram
2171 5205 2389 5261 occulte
2415 5212 2834 5272 commemorat,
2876 5205 2966 5260 ubi
2998 5204 3328 5276 promissum
3368 5203 3474 5260 sibi

1900 5297 2168 5352 caelorum
2218 5311 2448 5367 regnum
2483 5295 2795 5366 posscssuri
2841 5303 3008 5362 sunt;
3043 5296 3120 5351 ait
3147 5295 3293 5351 enim
3331 5293 3476 5349 Pau-

1901 5387 1989 5442 lus
2026 5405 2042 5442 :
2081 5383 2332 5441 Heredes
2377 5386 2587 5456 quidem
2624 5385 2744 5451 Dei,
2788 5385 3080 5441 coltwredes
3111 5395 3286 5440 autem
3320 5385 3474 5441 Chri-

1901 5483 1970 5534 sti
1987 5477 2052 5532 '°.
2081 5477 2171 5533 Sic
2200 5478 2358 5543 illud,
2390 5482 2587 5540 Omnia
2643 5479 2880 5550 subjecit
2911 5478 3014 5535 sub
3040 5479 3268 5550 pedibus
3331 5472 3476 5543 ejus,

1898 5573 2012 5642 jam
2043 5570 2455 5640 intelligendum
2479 5573 2548 5627 de
2576 5570 2910 5627 animalibus
2946 5589 2960 5626 :
3003 5577 3060 5625 at
3083 5571 3211 5640 quia
3245 5566 3478 5622 homini-

1903 5666 2008 5722 bus
2033 5664 2089 5719 in
2122 5664 2263 5720 cmlo
2297 5678 2394 5734 par
2421 5665 2677 5736 angelica:
2706 5665 2816 5722 vita
2844 5663 3084 5739 reposita
3117 5669 3221 5728 est,
3252 5673 3380 5716 cum
3407 5659 3480 5717 il-

287 5856 333 5890 ⁸⁷
376 5855 522 5913 Psal.
559 5871 683 5923 rm,
723 5856 814 5913 45.
890 5855 934 5889 ⁸⁸
974 5854 1171 5912 Cenes.
1208 5869 1263 5919 ι,
1299 5851 1389 5907 26.
1468 5851 1512 5884 ⁸³
1550 5847 1789 5916 Psal.cr,

1894 5848 1921 5904 ἰ.
1997 5847 2044 5881 ⁸⁸
2085 5845 2246 5905 Rom.
2283 5851 2412 5918 vin,
2447 5847 2537 5904 ΓΙ.
