3994 6448
477 377 573 432 151

1171 371 1440 429 EUSEBll
1478 360 1954 429 CESARIENSIS
1985 372 2136 431 OPP.
2175 363 2358 429 PARS
2394 354 2485 426 ΙΙΙ.
2517 405 2587 416 -
2607 370 3014 430 EXEGETICA.

3617 373 3724 428 132

476 495 548 550 lic
576 493 906 550 constitutus
936 489 1102 547 fuerit
1145 507 1313 563 super
1360 507 1527 562 opera
1585 507 1845 548 manuum
1898 494 2040 564 ejus,

2157 491 2430 563 ἱσάγγελος
2463 494 2751 548 ἀπόκειται
2785 495 2897 556 τοῖς
2930 489 3237 563 ἀνθρώποις
3263 491 3320 544 ὲν
3346 490 3583 564 οὐρανῷ,
3607 475 3729 544 ἐκεῖ

475 585 646 640 celos
675 591 730 639 et
776 582 961 637 omnia
991 597 1114 652 quas
1143 582 1200 636 in
1247 582 1328 636 eis
1374 589 1506 638 sunt
1564 583 2040 654 contemplabitur.

474 677 676 731 Beatus
703 684 883 729 autem
913 673 1116 728 Paulus
1149 674 1253 728 hoc
1280 674 1348 728 de
1385 672 1670 732 Salvatore
1702 677 1932 745 accepit,
1966 684 2050 730 ut-

474 773 604 837 pote
644 763 791 835 quod
844 762 948 834 ipsi
995 761 1053 816 in
1103 763 1286 816 futuro
1329 762 1529 818 saeculo
1560 763 1922 818 obventurum
1953 764 2046 820 sit.

472 857 818 928 Quapropter
848 855 924 909 ait
956 855 1033 909 illi
1062 853 1224 908 Pater
1252 871 1266 908 :
1299 851 1434 908 Sede
1463 871 1496 907 a
1538 853 1743 909 dextris
1780 856 1930 919 meis,
1959 855 2052 908 do-

371 992 378 1002 .
475 962 567 999 nec
593 959 784 1016 ponam
807 944 1046 998 inimicos
1069 952 1185 996 tuos
1213 942 1499 997 scabellum
1521 943 1712 1013 pedum
1740 953 1952 1000 tuarum
1979 946 2045 1002 “.

902 1134 1228 1192 PSALMUS
1264 1133 1473 1189 DAVID
1509 1134 1603 1191 IX.

791 1229 838 1283 Ι.
867 1229 935 1284 In
961 1231 1116 1299 ﬁnem
1154 1245 1249 1299 pro
1281 1228 1500 1282 occultis
1525 1227 1678 1282 Filii.

548 1320 715 1376 Multa
749 1333 905 1378 erant
927 1337 1055 1392 quae
1085 1323 1202 1392 ipse
1229 1320 1445 1376 occulte
1487 1327 1792 1390 peregerat,
1825 1335 2051 1389 genera-

472 1417 553 1470 tio
589 1415 798 1471 scilicet
829 1431 896 1470 ex
931 1414 1151 1484 Virgine
1183 1412 1484 1468 secundum
1517 1426 1739 1467 carnem
1788 1427 1885 1482 per
1929 1411 2054 1484 Spi-

477 1507 643 1560 ritum
671 1513 942 1569 sanctum,
967 1503 1247 1574 stupendae
1277 1502 1380 1557 illa:
1408 1501 1635 1558 virtutes
1663 1503 1863 1572 quibus
1886 1504 2054 1557 mira-

477 1597 608 1651 bilia
638 1597 850 1663 edebat,
882 1612 1030 1651 mors
1075 1596 1194 1666 ejus
1223 1605 1278 1650 et
1325 1594 1626 1650 descensus
1656 1595 1712 1650 in
1757 1595 2052 1661 infernum,

475 1703 540 1742 ac
573 1687 904 1742 resurrectio
931 1703 996 1742 ex
1028 1687 1278 1742 mortuis.
1312 1686 1458 1753 Haec,
1490 1689 1735 1758 inquam,
1765 1687 1950 1741 omnia
1975 1687 2055 1742 la-

475 1787 654 1835 tenter
695 1780 764 1835 ab
810 1780 930 1850 ipso
978 1788 1308 1852 perpetrata.
1355 1779 1491 1836 Nam
1541 1780 1659 1835 haec
1713 1779 2054 1850 principibus

2148 583 2423 648 καταστὰς
2454 587 2548 639 ἐπὶ
2590 585 2659 640 τὰ
2707 585 2845 656 ἔργα
2883 584 2991 638 τῶν
3036 584 3232 655 χειρῶν
3284 581 3472 647 αὐτοῦ,
3523 581 3728 653 θεωρὸς

2148 677 2390 750 οὐρανῶν
2422 679 2573 733 ἔσται
2610 679 2706 732 καὶ
2751 677 2859 732 τῶν
2901 679 2960 731 ὲν
3006 677 3208 740 αὐτοῖς.
3257 677 3314 730 '0
3352 675 3410 729 δὲ
3456 674 3729 747 μακάριος

2148 771 2359 836 Παῦλος
2403 772 2496 826 καὶ
2543 771 2702 826 τοῦτο
2748 771 2877 843 περὶ
2920 770 3014 824 τοῦ
3056 770 3306 841 Σωτῆρος
3345 768 3618 836 ἐξέλαϐεν,
3665 769 3727 821 ἐν

2149 861 2304 915 αίῶνι
2333 861 2412 933 τῷ
2446 862 2691 933 μέλλοντι
2723 861 3107 933 γενησόμενον.
3149 861 3240 914 Διό
3280 877 3412 932 φησι
3453 860 3590 932 πρὸς
3623 861 3726 914 αὐ-

2148 953 2241 1008 τὸν
2272 956 2302 1008 ὁ
2345 955 2568 1026 Πατήρ·
2605 953 2804 1009 Κάθου
2843 954 2914 1008 ἐκ
2957 952 3171 1018 δεξιῶν
3194 971 3336 1023 μου,
3378 953 3488 1018 ἕως
3527 952 3605 1006 ἂν
3643 950 3729 1007 θῶ

2149 1046 2292 1115 τοὺς
2321 1047 2574 1117 ἐχθρούς
2600 1063 2720 1102 σου
2747 1045 3083 1102 ὑποπόδιον
3107 1044 3227 1099 τῶν
3253 1041 3464 1100 ποδῶν
3477 1061 3616 1100 σου.

2561 1140 2855 1193 ΨΑΛΜΟΣ
2885 1139 2974 1191 ΤΩ
3004 1137 3201 1190 ΔΔΥΙΔ
3229 1138 3310 1194 Θ’.

2256 1236 2364 1299 Eli;
2395 1231 2464 1286 τὸ
2495 1231 2673 1297 τέλος
2701 1229 2853 1298 ὑπὲρ
2878 1227 2996 1282 τῶν
3022 1229 3291 1297 κρυφίων
3316 1229 3427 1282 τοῦ
3461 1229 3618 1285 Υίοῦ.

2222 1325 2402 1380 Πολλὰ
2442 1325 2499 1377 δὲ
2537 1319 2606 1395 ἦν
2635 1321 2785 1392 αὐτῷ
2817 1322 2886 1376 τὰ
2919 1321 3166 1393 κρυφίως
3199 1322 3564 1393 πεπραγμένα
3597 1323 3632 1393 ἦ
3669 1339 3732 1376 τε

2153 1420 2218 1472 ἐκ
2249 1416 2530 1490 Παρθένου
2571 1415 2660 1469 διὰ
2692 1413 3006 1485 Πνεύματος
3036 1413 3192 1482 ἁγίου
3215 1413 3356 1467 κατὰ
3389 1414 3566 1485 σάρκα
3605 1415 3730 1482 γέν-

2153 1526 2328 1581 νησις,
2360 1507 2415 1560 αἳ
2452 1523 2511 1560 τε
2555 1504 2844 1576 παράδοξοι
2876 1504 2969 1558 καὶ⁵
3005 1503 3409 1574 θαυματουργοὶ
3448 1503 3728 1574 δυνάμεις,

2154 1598 2182 1652 ὅ
2211 1615 2268 1651 τε
2298 1597 2524 1660 Θάνατος
2560 1595 2723 1659 αὐτὸς
2752 1595 2846 1648 καὶ
2872 1596 2906 1664 ἡ
2941 1595 3023 1656 είς
3055 1592 3186 1664 ᾅδου
3221 1592 3445 1656 κάθοδος
3475 1593 3570 1646 καὶ
3601 1595 3633 1663 ἡ
3665 1595 3732 1646 ὲκ

2155 1690 2362 1762 νεκρῶν
2395 1687 2710 1752 ἁναϐίωσις.
2741 1684 2926 1740 Ταῦτα
2954 1685 3063 1757 γὰρ
3096 1683 3244 1755 αὑτῷ
3277 1684 3455 1738 πάντα
3486 1684 3735 1754 κρυφίως

2157 1784 2493 1856 πέπρακται.
2537 1778 2850 1851 ’Δπέκρυψε
2883 1777 2992 1849 γὰρ
3023 1777 3164 1830 αὐτὰ
3193 1777 3288 1830 καὶ
3315 1777 3439 1839 τοὺς
3469 1777 3734 1847 ἄρχοντας

475 1873 640 1943 hujus
689 1874 878 1928 mundi
913 1873 1234 1929 abscondita
1277 1873 1470 1930 voluit.
1528 1872 1606 1930 De
1637 1873 1724 1930 bis
1761 1887 1926 1944 porro
1959 1887 2049 1928 oc-

2157 1875 2247 1930 τοῦ
2290 1875 2494 1944 κόσμου
2527 1871 2734 1926 τούτου.
2773 1871 2944 1941 Ὑπὲρ
2971 1868 3035 1942 δὴ
3068 1868 3272 1923 τούτων
3298 1867 3406 1922 τῶν
3435 1867 3678 1939 κρυφίων
3705 1869 3736 1921 ὁ

473 1966 640 2021 cultis
673 1966 748 2019 ait
778 1963 1048 2036 Propheta
1078 1984 1092 2021 :

550 2055 716 2113 Vens.
747 2056 801 2111 2.
847 2057 1151 2128 Conﬁtebor
1192 2057 1310 2123 tibi,
1367 2057 1615 2121 Domine,
1660 2058 1716 2112 in
1748 2067 1858 2113 toto
1893 2056 2050 2112 corde

476 2165 610 2214 meo,
643 2148 873 2204 narrabo
901 2151 1079 2204 omnia
1112 2149 1382 2204 mirabilia
1414 2159 1527 2205 tua.
1574 2149 1786 2204 Similia
1818 2150 1936 2220 ipse
1972 2147 2050 2202 ait

475 2241 531 2295 in
563 2241 875 2312 Evangeliis
905 2243 950 2274 9'
973 2262 985 2296 :
1013 2241 1318 2311 Conﬁtebor
1339 2242 1457 2308 tibi,
1479 2241 1663 2308 Pater,
1685 2241 1908 2295 Domine
1933 2239 2050 2295 cmli

470 2344 521 2388 et
553 2341 726 2396 terrm,
755 2334 881 2402 quia
927 2333 1254 2390 abscondisti
1280 2335 1391 2391 ha’c
1428 2353 1460 2390 a
1492 2335 1816 2406 sapientibus
1843 2343 1894 2389 et
1920 2349 2050 2404 pru-

471 2422 736 2489 dentibus,
765 2435 817 2478 et
846 2425 1090 2480 revelasti
1124 2443 1187 2480 ea
1207 2427 1464 2497 parvulis.
1495 2425 1554 2481 ln
1589 2426 1802 2497 psalmo
1832 2441 2050 2496 quoqu

471 2516 540 2572 de
565 2518 797 2574 occultis
823 2520 1027 2590 gratias
1059 2519 1191 2590 agit,
1246 2531 1301 2576 et
1347 2527 1472 2592 post
1521 2519 1820 2591 gratiarum
1871 2520 2045 2574 actio-

472 2623 622 2673 nem,
650 2624 812 2679 quam
843 2624 944 2680 pro
973 2611 1149 2665 salute
1186 2618 1379 2666 nostra
1406 2611 1602 2677 edidit,
1633 2626 1736 2666 nos
1767 2610 1836 2666 de
1881 2610 2049 2664 mira-

473 2700 675 2755 bilibus
705 2699 885 2756 Patris
915 2702 998 2757 sui
1027 2701 1350 2757 edocturum
1381 2718 1461 2768 se,
1487 2702 1555 2758 de
1573 2703 1690 2772 ipsa
1714 2701 1896 2757 Patris
1926 2717 2051 2758 con-

470 2793 826 2862 templatione
855 2794 1161 2858 exsultans,
1210 2795 1519 2866 pollicetur.
1557 2793 1701 2850 Sane
1741 2803 1930 2866 utpote
1959 2794 2050 2850 Fi-

472 2883 547 2938 lio
577 2885 755 2938 inerat
785 2886 888 2955 ipsi
913 2887 1156 2957 cognitio
1183 2888 1424 2944 nominis
1457 2887 1604 2958 quod
1642 2887 1836 2942 deitati
1868 2886 2051 2944 Patris

471 2976 580 3041 sui,
613 2977 763 3031 nulla
789 2993 921 3034 voce
955 2979 1213 3050 nulloque
1252 2979 1477 3034 nomine
1513 2978 1870 3049 explicandas,
1900 2994 2051 3033 com-

471 3068 712 3139 petebat.
763 3065 889 3122 llmc
954 3068 1211 3134 maxime,
1265 3067 1464 3138 inquit,
1519 3066 1717 3124 faciam
1755 3075 2048 3138 postquam

468 3159 749 3217 inimicam
801 3161 927 3216 vitae
978 3169 1208 3217 mortem
1245 3161 1452 3225 vicero,
1499 3160 1568 3215 de
1613 3175 1722 3230 qua
1777 3160 1980 3216 dicitur
2031 3177 2047 3216 :

2155 1968 2446 2040 Προφήτης
2471 1965 2617 2034 λέγει
2637 1981 2651 1994 ·

2238 2053 2790 2127 Ἐξομολογήσομαί
2839 2066 2960 2118 σοι,
3009 2053 3206 2122 Κύριε,
3247 2051 3316 2106 ἐν
3356 2050 3469 2121 ὅλῃ
3519 2049 3735 2119 καρδίᾳ

2149 2165 2293 2219 μου,
2323 2146 2684 2216 διηγήσομαι
2735 2143 2931 2199 πάντα
2967 2145 3040 2200 τὰ
3079 2143 3383 2214 θαυμάσια
3428 2157 3562 2196 σου.
3608 2143 3735 2196 Τοι-

2154 2239 2294 2292 αῦτα
2320 2237 2413 2292 καὶ
2441 2237 2603 2300 αὐτὸς
2626 2237 2684 2288 ὲν
2702 2233 3052 2304 Εὑαγγελίοις
3077 2234 3240 2306 φησίν
3256 2251 3270 2264 ·
3309 2233 3737 2303 Ἐξομολογυῦ-

2149 2327 2262 2398 μαι
2287 2342 2408 2392 σοι,
2447 2325 2661 2394 Πάτερ,
2691 2325 2872 2392 Κύριε
2904 2324 3009 2379 τοῦ
3033 2323 3294 2393 οὐρανοῦ
3333 2322 3435 2376 καὶ
3460 2323 3570 2392 τῆς
3598 2321 3734 2392 τῆς,

2154 2420 2246 2475 ὅτι
2293 2419 2650 2488 ἀπέκρυψας
2689 2418 2874 2473 ταῦτα
2910 2417 3028 2472 ἀπὸ
3054 2417 3268 2487 σοφῶν
3312 2419 3410 2471 καί
3439 2415 3736 2480 συνετῶν,

2153 2513 2255 2568 καὶ
2279 2511 2680 2580 ἀπεκάλυψας
2705 2511 2891 2566 ταῦτα
2921 2511 3180 2579 νηπίοις.
3207 2510 3316 2565 Καὶ
3343 2513 3402 2564 ὲν
3432 2511 3510 2582 τῷ
3536 2510 3737 2582 ψαλμῷ

2154 2607 2264 2680 γὰρ
2297 2607 2426 2680 περὶ
2462 2605 2570 2662 τῶν
2607 2605 2853 2678 κρυφίων
2885 2605 3210 2676 εὐχαριστεῖ.
3246 2605 3400 2658 Μετὰ
3430 2605 3486 2658 δὲ
3526 2605 3622 2674 τὴν
3654 2605 3737 2656 εὐ.

2154 2698 2462 2772 χαριστίαν,
2497 2699 2558 2770 ἢν
2589 2697 2729 2768 ὑπὲρ
2767 2696 2866 2768 τῆς
2905 2697 3182 2769 ἡμετέρας
3227 2698 3520 2769 ἐποιήσατο
3563 2713 3736 2766 σωτηη

2157 2793 2298 2865 ρὶας,
2331 2791 2458 2863 περὶ
2481 2789 2590 2842 τῶν
2623 2788 2942 2860 Θαυμασίων
2970 2789 3064 2843 τοῦ
3089 2790 3302 2861 Πατρὸς
3327 2789 3560 2855 διδάξειν
3587 2791 3737 2860 ἡμᾶς

2155 2883 2552 2953 ἐπαγγέλλεται
2575 2885 2642 2955 τῇ
2681 2881 2775 2935 τοῦ
2806 2883 3019 2954 Πατρδς
3044 2883 3471 2954 ὲναγαλλόμενος
3496 2883 3612 2954 θέᾳ.
3649 2883 3736 2946 Ὠς

2153 2976 2210 3030 δὲ
2243 2976 2360 3047 Υίῷ
2388 2977 2482 3030 καὶ
2509 2977 2542 3048 ἡ
2573 2974 2770 3044 γνῶσις
2803 2976 2984 3047 παρῆν
3013 2975 3108 3028 τοῦ
3141 2975 3403 3046 ὀνόματος
3428 2975 3526 3046 τῆς
3551 2974 3737 3045 θεότη-

2155 3088 2246 3134 τος
2273 3069 2366 3124 τοῦ
2400 3070 2640 3143 ἀρρήτου
2672 3069 2766 3123 καὶ
2797 3069 3239 3140 ἀκατονομάστου
3273 3069 3504 3142 Πατρός.
3551 3067 3738 3122 Ταῦτα

2151 3163 2214 3218 δὲ
2267 3163 2519 3234 μάλιστα,
2563 3162 2717 3234 φησὶ,
2770 3162 2979 3234 ποιήσω
3027 3160 3122 3214 τὸν
3171 3161 3268 3232 τῆς
3322 3160 3467 3232 ζωῆς
3509 3161 3737 3231 νικήσας

471 3255 779 3311 Novissima
812 3254 1029 3308 inimica
1068 3253 1370 3308 destruetur
1399 3270 1540 3308 mors
1565 3254 1634 3307 ”.
1671 3252 1806 3308 Nam
1840 3263 2049 3308 retror-

2157 3256 2346 3330 ἐχθρὸν
2374 3257 2622 3324 θάνατον,
2655 3257 2784 3330 περὶ
2814 3251 2875 3311 οὗ
2896 3256 3175 3310 λέλεκται·
3210 3257 3501 3327 Ἕσχατος
3527 3255 3737 3322 ἐχθρὸς

471 3362 594 3402 sum
623 3351 997 3409 convertetur,
1029 3345 1081 3399 id
1114 3353 1220 3409 est,
1254 3345 1308 3400 in
1343 3344 1633 3415 pristinam
1669 3360 1827 3400 suam
1859 3346 2052 3401 condi-

472 3439 697 3502 tionem,
729 3452 837 3507 qua
881 3453 989 3491 non
1019 3436 1320 3492 exsistebat
1364 3455 1378 3491 :
1434 3435 1578 3491 Deus
1626 3439 1773 3494 enim
1829 3450 2052 3496 mortem

472 3547 576 3583 non
611 3529 732 3598 fecit
777 3529 846 3596 “,
895 3528 990 3584 sed
1040 3527 1242 3582 invidia
1294 3528 1499 3584 diaboli
1546 3545 1688 3583 mors
1741 3531 1961 3586 intravit
1995 3533 2051 3586 in

473 3623 728 3676 mundum
751 3622 818 3675 ’⁸.
851 3620 982 3687 Quae
1012 3637 1136 3676 cum
1165 3621 1469 3686 evenerint,
1503 3623 1700 3692 reliqui
1741 3624 1904 3678 etiam
1936 3639 2053 3679 om-

473 3729 571 3769 nes
604 3713 756 3770 verbi
786 3713 864 3768 tui
905 3714 1134 3782 inimici,
1167 3712 1364 3768 inﬁrmi
1414 3713 1646 3769 evadent
1677 3730 1741 3770 ac
1780 3715 1836 3771 in
1867 3716 2051 3788 perni-

474 3805 613 3862 eiem
649 3806 823 3860 ibunt.

549 3981 712 4038 Vens.
744 3982 797 4038 9.
847 3979 912 4034 Et
953 3981 1061 4050 ipse
1095 3979 1363 4050 judicabit
1402 3981 1581 4036 orbem
1611 3989 1765 4036 terrm
1797 3982 1852 4036 in
1881 3987 2050 4058 justi-

479 4076 578 4146 tia,
615 4073 882 4146 judicabit
902 4074 1121 4145 populos
1145 4075 1200 4128 in
1222 4073 1560 4148 (equitate.Si
1584 4075 1622 4130 ii
1649 4076 1743 4146 qui
1766 4076 1820 4130 in
1848 4076 2052 4130 mundo

471 4175 782 4227 versantur.
817 4182 926 4221 non
959 4166 1160 4222 similia
1206 4181 1374 4235 opera
1428 4167 1751 4232 edidissent,
1782 4167 2052 4238 judicium

475 4257 568 4312 Dei
603 4258 814 4327 justum
845 4273 954 4313 non
989 4266 1175 4326 esset;
1211 4259 1304 4329 qui
1337 4259 1454 4330 pari
1486 4261 1699 4314 ratione
1734 4269 2052 4330 peccatores

473 4349 765 4420 supplicio,
793 4349 974 4417 justos
1007 4350 1178 4420 gloria
1202 4349 1384 4405 allicit.
1417 4349 1696 4405 Judicabit
1737 4353 1960 4423 populos
1994 4355 2051 4407 in

473 4445 740 4514 (equitate.
769 4441 968 4497 Orbem
996 4449 1154 4499 terra:
1189 4453 1346 4498 vocat
1377 4443 1698 4510 Ecclesiam,
1741 4462 1862 4515 quae
1894 4447 2052 4500 inha-

473 4538 678 4592 bitatur
707 4551 738 4590 a
767 4535 950 4604 Patre,
1009 4533 1150 4592 Filio
1193 4546 1246 4592 et
1289 4535 1497 4606 Spiritu
1531 4546 1746 4599 sancto,
1794 4538 1950 4606 juxta
1986 4539 2052 4593 il-

2153 3350 2589 3420 καταργήσεται
2614 3353 2647 3405 ό
2674 3348 2950 3418 θάνατος.
2989 3350 3493 3421 Ἀποστραφήσεται
3519 3347 3628 3420 γὰρ
3659 3349 3738 3410 εἰς

2151 3441 2221 3494 τὰ
2261 3443 2457 3508 ὀπίσω,
2490 3442 2740 3496 τουτέστι
2769 3441 2867 3514 τὴν
2913 3441 3137 3515 πρώτην
3187 3441 3351 3495 αὑτοῦ
3386 3441 3737 3504 κατάστασιν,

2151 3536 2240 3589 ὅτε
2270 3536 2344 3607 μὴ
2367 3537 2684 3607 ὑφεστήκει.
2723 3537 2784 3590 '0
2809 3536 2918 3609 γὰρ
2954 3537 3102 3602 Θεὸς
3132 3535 3392 3591 θάνατον
3413 3537 3523 3589 οὐκ
3546 3535 3737 3601 ἐποίη-

2151 3643 2291 3683 σεν·
2336 3633 2538 3699 φθόνῳ
2588 3631 2645 3684 δὲ
2693 3630 2976 3685 διαϐόλου
3020 3632 3276 3698 θάνατος
3326 3631 3612 3698 εἰσῆλθεν
3650 3633 3738 3698 εἰς

2152 3720 2259 3774 τὸν
2290 3723 2523 3791 κόσμον
2544 3739 2556 3752 ·
2589 3715 2652 3776 οὗ
2693 3722 2758 3796 δὴ
2787 3723 3070 3792 γεγονότος
3109 3725 3205 3777 καὶ
3233 3726 3282 3777 oi
3318 3723 3496 3778 λοιποὶ
3537 3723 3738 3787 πάντες

2153 3810 2338 3883 ἐχθροὶ
2385 3811 2478 3865 τοῦ
2533 3811 2691 3883 λόγου
2747 3829 2841 3865 σου
2893 3812 2987 3866 καὶ
3041 3811 3290 3883 πολέμιοι
3341 3811 3738 3883 ἀσθενήσαντες

2152 3900 2498 3957 ἀπολοῦνται.

2222 3995 2333 4050 Καὶ
2391 3995 2574 4062 αὐτὸς
2619 3996 2810 4065 κρινεῖ
2849 3996 2966 4065 τὴν
3012 3997 3370 4066 οἰκουμένην
3405 3996 3475 4050 ἐν
3517 3995 3739 4050 δικαιο-

2151 4087 2333 4156 σύνῃ,
2364 4086 2557 4156 κρινεῖ
2597 4088 2788 4155 λαοὺς
2822 4088 2892 4142 ἐν
2922 4089 3218 4157 εὐθύτητι.
3267 4089 3330 4140 Ei
3375 4091 3424 4142 οἱ
3457 4089 3514 4141 ἐν
3557 4090 3622 4158 τῇ
3656 4089 3739 4142 οί-

2154 4180 2391 4250 κουμένῃ
2424 4180 2524 4233 οὑκ
2549 4181 2605 4233 ὲν
2627 4181 2832 4251 ὁμοίοις
2848 4183 2984 4234 εἰσὶν
3011 4179 3212 4251 ἔργοις,
3233 4180 3334 4233 οὐκ
3352 4180 3418 4234 ἂν
3434 4176 3544 4233 εἷεν
3561 4180 3636 4250 (1)
3660 4178 3740 4233 δι-

2154 4271 2411 4343 καιοσύνη
2454 4273 2488 4344 ἠ
2525 4273 2708 4344 κρίσις
2739 4273 2834 4326 τοῦ
2880 4271 3051 4326 Θεοῦ’
3089 4272 3289 4344 ὁμοίως
3321 4274 3449 4337 τοὺς
3488 4271 3738 4344 ἁμαρτά-

2152 4379 2340 4426 νοντας
2389 4363 2629 4429 κολάζει,
2681 4363 2714 4436 ἢ
2764 4365 3186 4431 τοὺςλδικαίους
3241 4364 3472 4429 δοξάζει.
3536 4365 3738 4433 Κρινεῖ

2152 4456 2342 4522 λαοὺς
2365 4457 2434 4509 ἐν
2453 4459 2748 4525 εὐθύτητι.
2779 4459 3116 4531 Οἰκουμένην
3144 4459 3242 4529 μὲν
3261 4460 3362 4529 τὴν
3389 4458 3736 4528 Ἐκκλησίαν,

2154 4547 2276 4617 ἥτις
2305 4549 2532 4601 οἰκεῖται
2560 4548 2665 4600 ὑπὸ
2699 4549 2792 4602 τοῦ
2819 4550 3032 4621 Πατρὸς
3063 4551 3158 4604 καὶ
3209 4549 3302 4603 τοῦ
3333 4549 3486 4614 Υίοῦ,
3519 4550 3611 4603 καὶ
3638 4550 3735 4603 τοῦ

473 4627 565 4683 lud
594 4647 608 4683 :
645 4627 759 4698 Ego
781 4635 836 4682 et
862 4627 1024 4683 Pater
1055 4627 1126 4681 ad
1155 4645 1274 4682 eum
1317 4629 1604 4693 veniemus,
1641 4638 1690 4684 et
1721 4632 2048 4686 mansionem

2158 4615 2313 4708 αγίου
2348 4639 2682 4712 Πνεύματος,
2714 4643 2856 4697 κατὰ
2885 4615 2980 4696 ’τό-ο
3017 4643 3159 4712 Ἐγὼ
3183 4644 3277 4697 καὶ
3307 4644 3336 4696 ὁ
3362 4644 3552 4716 Πατὴρ
3575 4644 3739 4697 ἐλευ-

473 4720 614 4790 apud
631 4737 751 4775 eum
781 4721 1036 4790 faciemus
1060 4721 1127 4776 “.
1150 4719 1388 4792 Populos
1411 4730 1591 4777 autem
1621 4723 1858 4794 appellat
1887 4731 2052 4780 caete-

471 4829 566 4870 ros
597 4829 789 4870 omnes
822 4815 914 4884 qui
960 4820 1115 4869 extra
1146 4811 1446 4870 Ecclesiam
1480 4823 1797 4880 versantur,
1833 4822 1928 4870 aut
1954 4816 2048 4886 qui

472 4919 541 4960 ex
575 4903 999 4976 circumcisione
1028 4912 1180 4960 sunt.
1217 4903 1484 4976 Quotquot
1514 4907 1653 4960 enim
1686 4907 1745 4960 in
1783 4907 1892 4978 lege
1927 4922 2049 4978 pec-

471 5007 744 5063 caverunt,
769 5014 862 5067 per
893 4998 1054 5070 legem
1074 4997 1499 5070 iudicabuntur;
1530 5001 1620 5071 qui
1651 5017 1768 5056 vero
1800 5002 1912 5056 sine
1938 5001 2047 5073 lege

475 5093 792 5162 transgressi
815 5100 958 5156 sunt,
989 5093 1105 5146 sine
1139 5092 1248 5161 lege
1277 5093 1517 5161 peribunt
1556 5093 1628 5153 ⁸⁷.

546 5183 712 5241 Vsus.
758 5184 848 5249 10,
881 5185 968 5240 ll.
1014 5182 1084 5237 Et
1132 5184 1308 5254 [actus
1348 5195 1426 5240 est
1474 5186 1734 5241 Dominus
1783 5187 2048 5258 refugium

471 5277 709 5346 pauperi,
740 5275 957 5344 adjutor
979 5277 1039 5330 in
1068 5277 1574 5346 opportunitatibus,
1599 5279 1654 5334 in
1681 5278 2045 5335 tribulatione.

474 5370 544 5425 Et
573 5380 778 5440 sperent
806 5371 861 5430 in
898 5383 946 5426 te
974 5373 1064 5442 qui
1095 5380 1346 5425 noverunt
1377 5387 1562 5426 nomen
1597 5381 1767 5437 tuum,
1794 5373 2046 5442 quoniam

474 5480 578 5517 non
616 5461 942 5533 dereliquisti
969 5472 1260 5533 quwrentes
1309 5471 1378 5526 te,
1409 5461 1653 5517 Domine.
1686 5463 1787 5520 Cui
1819 5467 2045 5535 pauperi

469 5555 637 5626 judex
667 5554 937 5625 refugium
962 5555 1137 5610 factus
1160 5563 1266 5615 est.
1294 5556 1402 5611 nisi
1427 5557 1481 5610 in
1511 5556 1689 5627 primo
1717 5558 1842 5612 vitae
1863 5559 2042 5613 curri-

541 5674 584 5707 "
625 5671 770 5730 Psal.
804 5688 892 5728 cur
915 5712 930 5731 .
962 5673 1016 5728 1.
1089 5675 1137 5706 ⁹¹
1178 5673 1364 5729 Matth.
1403 5690 1480 5730 XI.
1511 5674 1602 5730 25.
1679 5675 1726 5708 ⁸³
1765 5674 1784 5730 l
1816 5675 1945 5733 Cor.
1979 5695 2048 5734 xv

471 5745 560 5801 23.
635 5746 680 5778 "’
721 5744 878 5799 Rom.
914 5759 987 5809 ιι,
1024 5743 1109 5797 l2.

547 5809 789 5906 (ηέῖεν.
819 5836 981 5895 Forte
1004 5837 1118 5892 εῖν.
1144 5838 1304 5895 Εοιτ.

2157 4731 2382 4800 σόμεθα
2409 4734 2559 4801 πρὸς
2603 4734 2807 4800 αὑτὸν,
2852 4734 2951 4789 καὶ
2979 4735 3180 4804 μονὴν
3225 4738 3362 4804 παρ’
3386 4735 3547 4802 αὐτῷ
3575 4754 3739 4805 ποιη-

2155 4825 2381 4891 σόμεθα
2404 4841 2417 4854 ο
2460 4825 2622 4890 λαοὺς
2658 4825 2715 4878 δὲ
2753 4827 2878 4890 τοὺς
2907 4827 3126 4892 λοιποὺς
3169 4827 3320 4901 παρὰ
3362 4828 3460 4900 τὴν
3504 4828 3737 4899 Ἐκκλη-

2171 4907 2324 4973 σίαν,
2372 4907 2410 4977 ἢ
2453 4909 2580 4972 τοὺς
2623 4911 2688 4962 ὲκ
2731 4913 3048 4983 περιτομῆς.
3098 4913 3262 4966 Ὅσοι
3307 4913 3418 4981 γὰρ
3464 4913 3532 4966 ὲν
3579 4912 3744 4980 νόμῳ

2170 4999 2468 5068 ἥμαρτον,
2509 5001 2605 5056 διὰ
2641 5005 2830 5072 νόμου
2879 5003 3294 5072 κριθήσονται,
3343 5002 3462 5058 τῶν
3506 5001 3742 5073 ἀνόμως

2168 5091 2630 5162 ἁμαρτανόντων
2653 5095 2886 5164 ἀνόμως
2917 5097 3371 5164 ἀπολλυμένων.

2219 5190 2331 5244 Καὶ
2353 5189 2589 5261 ἐγένετο
2613 5193 2828 5261 Κύριος
2857 5195 3171 5264 καταφυγὴ
3216 5193 3295 5259 τῷ
3326 5193 3556 5261 πένητι,
3577 5192 3734 5261 βοη-

2152 5284 2255 5350 θὸς
2293 5284 2364 5338 ἐν
2409 5286 2758 5354 εὐκαιρίαις,
2789 5288 2860 5340 ἐν
2904 5287 3126 5356 θλίψει.
3176 5287 3286 5340 Kal
3331 5285 3733 5347 ἐλπιζέτωσαν

2149 5375 2249 5429 ἐπὶ
2288 5375 2364 5429 σὲ
2411 5380 2466 5430 al
2509 5376 2907 5448 γινώσκοντες
2951 5378 3018 5431 τὸ
3072 5377 3260 5448 ὄνομά
3303 5394 3442 5442 σου,
3487 5375 3579 5431 ὅτι
3615 5379 3731 5432 οὐκ

2149 5465 2536 5536 ἐγκατέλιπες
2569 5468 2712 5534 τοὺς
2753 5466 3154 5537 ἐκζητοῦντάς
3187 5483 3283 5533 σε,
3335 5468 3532 5534 Κύριε.
3582 5465 3732 5536 Ποίῳ

2149 5560 2208 5614 δὲ
2256 5561 2450 5631 πένητι
2497 5560 2786 5633 καταφυγὴ
2831 5561 3052 5641 γέγονεν
3089 5563 3118 5615 ό
3162 5561 3375 5633 κριτὴς,
3413 5559 3530 5614 ἀλλ’
3563 5558 3597 5630 ἢ
3649 5557 3731 5628 τῷ

2061 5721 2078 5749 ,
2111 5679 2203 5737 26.
2278 5680 2325 5714 “
2365 5679 2495 5753 Sap.
2529 5694 2570 5747 ι,
2607 5680 2693 5735 15.
2725 5731 2728 5736 .
2770 5679 2818 5713 ⁸³
2893 5689 3021 5751 δερ.
3058 5693 3131 5746 ιι,
3165 5676 3257 5734 24.
3331 5676 3380 5712 ⁸⁸
3415 5675 3576 5734 Joan.
3613 5689 3731 5742 xw,
