3994 6448
231 410 326 465 155

1343 396 1846 459 COMMENTARIA
1882 394 1948 448 IN
1985 392 2324 450 PSALth.

225 520 358 574 κατὰ
415 519 506 573 τὸν
559 520 771 591 πρῶτον
820 520 931 590 βίον
987 521 1086 590 τὴν
1134 520 1324 592 στενὴν
1375 519 1636 573 ὡδευκότι
1695 515 1783 570 καὶ

1891 511 2038 575 culo,
2087 513 2140 566 in
2169 519 2400 583 angusta
2449 520 2503 568 et
2537 522 2686 568 arcta
2731 515 2816 569 via
2869 514 3190 582 incesserit;
3244 531 3457 574 necnon

224 611 593 682 τεθλιμμένην,
625 612 718 664 καὶ
745 610 821 680 τῷ
851 611 1272 682 μακαριζομένῳ
1301 611 1518 682 πτωχῷ,
1545 611 1784 682 δηλονότι

225 701 294 771 τῷ
326 699 589 771 πνεύματι
616 718 629 766 ;
660 700 831 754 Τοῦτο
853 701 909 754 δὲ
947 688 1210 771 μαθόντες
1245 703 1294 754 οἱ
1335 701 1691 771 γινώσκοντες
1727 703 1787 756 τὸ

223 790 382 859 ὄνομα
419 805 533 854 σου,
575 791 669 842 καὶ
705 790 785 842 ὃτι
829 792 886 842 ἐν
929 791 1006 861 τῷ
1042 792 1139 862 τῆς
1171 791 1566 863 δικαιοκρισίας
1611 791 1788 863 καιρῷ

222 886 338 946 τοὺς
362 882 723 954 ὲκζητοῦντάς
751 900 810 936 σε
839 883 932 937 νῦν
953 885 1056 936 οὐκ
1079 883 1512 953 ἐγκαταλείψεις,
1539 883 1788 937 ἐντεῦθεν

224 973 578 1037 ἐλπιζέτωσαν
629 975 722 1027 ἐπὶ
763 975 824 1027 σὲ
853 975 1028 1029 πάντα
1053 975 1141 1030 διὰ
1181 975 1279 1039 τὰς
1310 974 1543 1047 ἀμασάς
1585 975 1789 1047 ὑπομέ-

223 1081 409 1127 νοντες.

295 1157 790 1225 Ἀγαλλιασόμεθα
819 1156 916 1210 ἐπὶ
959 1156 1041 1223 τῷ
1075 1158 1346 1226 σωτηρίῳ
1384 1173 1522 1219 σου,
1571 1155 1785 1210 ἐνεπά-

222 1263 407 1318 τησαν
432 1248 578 1315 ἔθνη
607 1247 678 1301 ἐν
703 1247 991 1318 διαφθορᾷ
1016 1243 1057 1321 ᾗ
1100 1249 1417 1317 ἐποίησαν.
1460 1250 1558 1302 Ἐν
1584 1248 1788 1318 παγίδι

219 1340 394 1407 ταύτῃ
415 1333 456 1410 ᾗ
497 1340 772 1409 ἔκρυψαν
797 1340 1152 1410 συνελήφθη
1190 1345 1222 1395 ὁ
1253 1342 1406 1407 ποῦς
1435 1341 1654 1396 αὐτῶν.
1690 1344 1788 1394 Γι-

221 1430 501 1486 νώσκεται
524 1433 739 1500 Κύριος
774 1432 1027 1502 κρίματα
1063 1431 1269 1488 ποιῶν.
1314 1433 1410 1485 Ἐν
1440 1432 1563 1499 τοῖς
1593 1432 1787 1502 ἔργοις

220 1522 328 1576 τῶν
356 1521 573 1591 χειρῶν
592 1523 780 1579 αὐτσῦ
801 1523 1156 1592 συνελήφθη
1185 1527 1217 1578 ό
1239 1524 1607 1593 ἁμαρτωλός.
1653 1523 1784 1596 ᾨδὴ

220 1613 640 1683 διαψάλματος.
685 1613 844 1668 Ἀλλά
877 1615 971 1667 καὶ
1001 1617 1114 1678 τοῖς
1156 1613 1437 1668 εὐσεϐέσιν
1473 1613 1788 1667 ἐπιϐουλεύ-

223 1723 417 1768 σαντες,
479 1705 708 1768 ἐαυτοίις
759 1706 1116 1778 περιέπειραν
1182 1705 1448 1777 ἀπωλείᾳ.
1506 1707 1641 1759 Τότε
1694 1707 1788 1759 καὶ

221 1797 577 1869 γνωσθήσεται
606 1797 788 1868 δικαία
822 1797 1000 1870 κρίσει
1029 1797 1308 1869 χρώμενος
1332 1799 1360 1851 6
1388 1797 1537 1860 Θεός.
1582 1797 1703 1869 ’ῼδὴ
1729 1798 1785 1850 δὲ

1890 605 2141 658 mendico
2186 613 2239 658 et
2293 606 2540 676 pauperi,
2596 607 2791 676 spiritu
2847 608 3076 672 scilicet,
3127 609 3219 679 qui
3266 609 3459 666 beatus

1889 694 2254 762 praedicatur?
2280 693 2392 748 lloc
2427 709 2550 750 cum
2581 696 2907 751 edidicerint
2936 700 3029 768 qui
3071 706 3340 753 noverunt
3361 715 3460 755 no-

1890 800 2014 838 men
2049 793 2223 848 tuum,
2274 788 2428 856 gnari
2472 804 2690 860 quoque
2721 799 2774 844 te
2797 790 2931 860 justi
2976 791 3168 860 judicii
3219 803 3462 863 tempore

1889 891 2001 930 non
2032 878 2350 932 relicturum
2373 894 2469 934 eos
2494 881 2586 950 qui
2608 895 2757 935 nunc
2777 891 3029 952 qua-runt
3055 891 3141 949 te;
3175 884 3301 940 inde
3322 885 3461 941 bene

1889 978 2112 1038 sperent
2142 970 2197 1022 in
2223 976 2297 1033 te,
2330 972 2647 1040 patientiam
2692 974 2748 1028 in
2789 975 3046 1031 omnibus
3083 976 3347 1033 habentes
3389 978 3460 1033 ob

1888 1068 2134 1131 paratam
2168 1061 2604 1119 retributionem.

1962 1148 2129 1205 Vans.
2165 1151 2254 1215 l6,
2292 1152 2381 1206 17.
2431 1151 2834 1210 Exsultabimus
2875 1157 2928 1210 in
2980 1159 3212 1212 salutari
3234 1170 3346 1227 tuo,
3375 1161 3460 1215 in-

1889 1241 2013 1310 ﬁxa:
2039 1253 2162 1296 sunt
2184 1253 2358 1313 gentes
2389 1245 2443 1297 in
2473 1245 2689 1300 interitu
2716 1265 2867 1317 quem
2899 1249 3150 1310 fecerunt.
3188 1251 3254 1306 In
3276 1254 3461 1324 laqueo

1889 1331 1990 1384 isto
2015 1349 2165 1402 quem
2189 1333 2597 1397 absconderant,
2624 1339 3023 1404 comprehensus
3045 1350 3123 1394 est
3143 1357 3231 1409 pes
3254 1359 3457 1400 eorum.

1890 1423 2246 1495 Cognoscetur
2285 1425 2546 1481 Dominus
2586 1427 2798 1498 judicia
2845 1431 3064 1499 faciens.
3104 1431 3169 1486 In
3215 1437 3461 1503 operibus

1889 1535 2140 1571 manuum
2157 1536 2376 1572 suarum
2393 1521 2788 1590 comprehensus
2809 1533 2885 1576 est
2905 1535 3162 1592 peccator.
3181 1524 3461 1580 Canticum

1888 1608 2283 1678 diapsalmatis.
2315 1597 2428 1666 lmo
2459 1629 2590 1668 vero
2611 1613 2741 1667 dum
2770 1614 2875 1684 piis
2896 1615 3211 1671 hominibus
3232 1617 3463 1673 insidias

1889 1709 2188 1765 struerent,
2225 1718 2344 1759 sese
2379 1704 2433 1757 in
2470 1703 2767 1774 perniciem
2798 1712 2852 1760 et
2895 1706 3175 1760 interitum
3209 1710 3462 1778 conjece-

1889 1801 2036 1848 runt.
2083 1794 2236 1850 Tunc
2265 1804 2446 1850 antem
2481 1805 2842 1867 cognoscetur
2884 1797 3029 1854 Deus
3072 1799 3222 1869 justo
3248 1801 3460 1870 judiclo

221 1891 607 1960 διαψὰλματος-
652 1890 726 1954 ὡς
774 1890 841 1944 ἂν
891 1890 1194 1962 μεταδολῆς
1246 1890 1619 1961 γεγενημένης
1664 1892 1783 1961 ῆτοι

1889 1903 2040 1944 usus.
2090 1887 2378 1943 Canticum
2411 1891 2788 1962 diapsalmatis
2818 1891 3041 1956 dicitur,
3075 1899 3134 1946 ut
3165 1892 3306 1947 facta
3340 1909 3462 1947 mu-

224 1983 400 2054 μέλους
430 1982 578 2036 κατά
604 1982 701 2053 τὴν
742 1981 998 2053 Ἑϐραῖδα
1027 1982 1228 2054 φωνὴν,
1256 1982 1291 2053 ἢ
1326 1981 1610 2052 μελῳδίας,
1635 1983 1668 2053 ἢ
1692 1983 1784 2035 καὶ

220 2077 306 2148 τῆς
336 2075 573 2139 διανοίας
609 2075 779 2145 αὐτῆς
822 2073 929 2128 τῶν
965 2073 1302 2145 λελεγμένων
1335 2076 1419 2146 ἐφ’
1446 2075 1633 2146 ἓτερον
1661 2073 1784 2129 νοῦν

226 2167 652 2240 μεταϐαλλόντων
685 2168 775 2222 τὸν
800 2167 979 2235 λόγον.

294 2259 867 2328 Ἂποστραφήτωσαν
897 2261 951 2311 οί
981 2257 1313 2327 ἁμαρτωλοί
1345 2259 1432 2323 εἰς
1468 2259 1575 2312 τὸν
1607 2257 1780 2325 ᾅδην,

221 2353 399 2408 πάντα
427 2352 498 2406 τὰ
531 2353 678 2420 ἔθνη
714 2353 788 2406 τὰ
818 2352 1337 2420 ἐπιλανθανόμενα
1381 2350 1487 2405 τοῦ
1523 2351 1690 2406 Θεοῦ.
1721 2353 1784 2405 Εἰ

221 2447 317 2518 γὰρ
344 2446 435 2498 καὶ
469 2443 568 2497 νῦν
600 2441 1008 2513 ἀναισθητοῢσι,
1053 2440 1166 2495 ἀλλ’
1197 2441 1316 2511 ἥξει
1349 2441 1450 2510 τῆς
1493 2441 1724 2512 κρίσεως
1755 2443 1784 2494 6

222 2538 412 2609 γαιρός.
447 2535 585 2590 Θεοῦ
627 2537 684 2590 δὲ
728 2535 1031 2606 ἄνθρωπος,
1063 2533 1164 2587 κᾶν
1195 2533 1324 2605 δοκῇ
1371 2535 1786 2606 καταπεφρονῆ-

224 2630 330 2682 σθαι
356 2630 503 2699 παρά
529 2629 686 2692 Θεοῦ,
712 2627 791 2699 τῷ
822 2626 971 2698 παρὰ
1003 2625 1111 2679 τῶν
1145 2624 1478 2696 ἁμαρτωλῶν
1510 2626 1786 2695 ἀνήκεστα

222 2724 464 2791 πάσχειν·
508 2720 624 2774 ἀλλ’
671 2721 728 2774 οὐ
767 2718 1120 2791 παραδέδοται
1149 2718 1306 2790 λήθῃ.
1341 2718 1414 2772 Ού
1457 2717 1566 2790 γὰρ
1612 2720 1693 2782 είς
1725 2717 1785 2770 τὺ

222 2816 356 2878 τέλος
390 2813 814 2886 ἐπιλησθήσεται
846 2814 874 2865 6
908 2812 1122 2882 πτωχὸς
1147 2809 1226 2882 τῷ
1257 2810 1526 2882 πνεύματι
1547 2827 1561 2840 ο
1597 2809 1708 2875 ἕξει
1728 2809 1784 2864 δέ

223 2906 413 2978 καρπὸν
452 2908 550 2959 καὶ
579 2906 731 2969 τέλος
766 2904 968 2973 ἀγαθὸν
1002 2903 1091 2957 διὰ
1132 2903 1232 2976 τὴν
1261 2905 1321 2957 ἐν
1364 2905 1477 2969 τοίς
1521 2902 1784 2976 παροῦσιν

223 2999 503 3070 ὑπομονήν.

294 3091 625 3159 Ἀνάστηθι,
656 3090 851 3158 Κύριε,
877 3089 964 3158 μὴ
995 3089 1406 3157 κραταιούσθω
1450 3087 1781 3156 ἄνθρωπος,

223 3180 584 3250 κριθήτωσαν
613 3179 754 3247 ἔθνη
782 3178 1040 3233 ἐνώπιόν
1062 3194 1196 3233 σου.
1226 3176 1644 3248 Κατὰστησον,
1668 3181 1784 3234 Κύ-

1887 1983 2110 2047 tatione,
2158 1982 2273 2038 sive
2325 1983 2509 2046 metri,
2561 1983 2861 2039 secundum
2892 1983 3217 2040 chraicam
3245 2001 3460 2052 vocem,

1885 2073 2000 2129 sive
2034 2075 2301 2139 melodiae,
2336 2075 2451 2131 sive
2480 2076 2774 2132 verborum
2797 2078 3066 2133 sententia
3100 2080 3155 2133 in
3185 2079 3346 2135 aliam
3379 2080 3458 2136 si-

1885 2164 2286 2235 gniﬁcationem
2308 2167 2593 2222 translata.

1959 2255 2129 2312 Vens.
2169 2257 2256 2313 18.
2299 2257 2687 2314 Convertuntur
2709 2270 3008 2329 peccatores
3058 2263 3114 2316 in
3166 2262 3455 2333 infernum,

1885 2363 2064 2402 omnes
2093 2359 2265 2418 gentes
2311 2367 2429 2422 qua:
2460 2352 2841 2407 obliviscuntur
2867 2353 3056 2409 Deum.
3089 2354 3316 2409 Etiamsi
3345 2356 3458 2426 jam

1884 2441 2038 2496 nullo
2077 2457 2240 2498 sensu
2270 2451 2574 2513 moventur,
2606 2453 2660 2499 at
2685 2447 2864 2502 vehiet
2891 2446 3082 2516 judicii
3107 2457 3342 2519 tempus.
3372 2447 3460 2503 ln-

1887 2535 2048 2589 terim
2085 2535 2246 2590 bom‘o
2270 2535 2387 2601 Dei,
2411 2538 2515 2594 etsi
2544 2537 2796 2593 videatur
2836 2538 2905 2591 ab
2933 2539 3053 2608 ipso
3089 2537 3200 2594 Deo
3233 2542 3454 2613 negligi,

1886 2627 2017 2681 dum
2058 2627 2416 2683 intolerandis
2462 2645 2492 2682 a
2544 2629 2928 2700 peccatoribus
2977 2629 3210 2686 allicitur
3253 2634 3455 2699 malis,

1886 2717 2230 2790 nequaqua’m
2261 2721 2316 2775 in
2346 2720 2677 2777 oblivionem
2708 2723 2876 2777 venit.
2927 2721 3047 2777 Non
3091 2722 3236 2777 enim
3285 2739 3459 2796 usque

1887 2809 1944 2864 in
1991 2811 2154 2866 tinem
2180 2825 2387 2881 pauper
2410 2812 2608 2882 spiritu
2642 2827 2672 2865 a
2703 2811 2814 2868 Deo
2841 2813 3230 2886 negligendus;
3266 2816 3358 2871 sed
3387 2813 3462 2870 ob

1885 2910 2211 2972 prasentem
2239 2903 2577 2973 patientiam,
2625 2911 2679 2959 et
2714 2903 2951 2960 fructum
2983 2921 3142 2962 suum
3173 2915 3228 2962 et
3255 2908 3457 2962 bonum

1886 2993 2050 3048 ﬁnem
2077 3000 2464 3063 consequetur.

1957 3083 2126 3140 Vitas.
2157 3084 2250 3149 20,
2285 3086 2375 3139 2L
2417 3084 2681 3158 Exsurge,
2714 3086 2960 3154 Domine,
2991 3104 3093 3141 non
3127 3088 3455 3158 confortetnr

1887 3175 2062 3240 homo,
2080 3175 2391 3245 judicentur
2421 3187 2595 3247 gentes
2629 3179 2684 3231 in
2717 3190 2993 3246 conspectu
3023 3187 3132 3233 tuo.
3159 3179 3453 3246 Constitue,

217 3231 327 3340 Et,
717 3231 1092 3336 get’aﬁtodc'
1128 3269 1450 3340 γνώτωσαν
1477 3231 1646 3339 έθνη,
1694 3272 1781 3325 ὅτι

1889 3267 2130 3335 Domine,
2169 3269 2523 3340 legislatorem
2551 3287 2708 3340 super
2745 3287 2832 3325 eos
2857 3287 2875 3325 :
2905 3272 3076 3325 sciant
3107 3283 3281 3342 gentes
3322 3291 3454 3344 quo-

219 3359 504 3429 ἇνθρωποί
533 3363 674 3414 εισι.
718 3359 984 3430 Διεγείρει
1022 3359 1114 3412 τὸν
1158 3359 1291 3412 Θεὸν
1331 3359 1406 3422 ὡς
1454 3358 1556 3428 τῆς
1585 3359 1782 3428 ἀνοχῆς

222 3453 367 3507 αὐτοῦ
400 3454 496 3507 καὶ
520 3453 614 3506 τοῦ
644 3452 873 3506 πλούτου
907 3452 1006 3524 τῆς
1041 3450 1406 3523 χρηστότητος
1435 3450 1529 3504 καὶ
1554 3451 1652 3520 τῆς
1683 3467 1785 3520 μα-

223 3545 526 3616 κροθυμίας,
561 3543 829 3616 ἀναϐολὴν
870 3545 968 3614 μὲν
1011 3542 1344 3614 ἐμποιούσης
1376 3541 1542 3612 αύτῷ,
1575 3542 1785 3614 ἐπιτρι-

221 3638 309 3708 6ἡν
343 3639 396 3691 δὲ
445 3641 562 3702 τοῖς
604 3637 856 3691 ἀσεϐέσιν
900 3633 1228 3708 ἀνθρώποις.
1262 3632 1574 3704 Εύξάμενος
1603 3633 1660 3686 δέ
1700 3636 1786 3686 ἐν-

222 3729 371 3785 ώπιον
386 3731 478 3784 τοῦ
511 3730 645 3784 Θεοῦ
669 3729 919 3802 κριθῆναι
953 3727 1022 3782 τὰ
1044 3727 1192 3799 ἔθνη,
1219 3726 1314 3780 νῦν
1341 3725 1650 3789 ἀκολούθως
1677 3725 1784 3798 πρὸ

221 3823 308 3894 τῆς
334 3824 630 3897 μελλούσης
666 3823 900 3896 κρίσεως
932 3823 1072 3888 ἀξιοί
1101 3819 1318 3890 δοθῆναι
1351 3821 1464 3882 τοῖς
1493 3817 1670 3871 ἔθνεσι
1698 3834 1784 3871 νο-

226 3916 456 3988 μοθέτην,
493 3917 577 3970 ἵνα
622 3916 886 3980 μάθωσιν,
920 3913 994 3977 ὡς
1023 3913 1162 3996 εἰσὶν
1207 3911 1502 3982 ἄνθρωποι,
1530 3909 1643 3963 ἀλλ’
1683 3908 1784 3962 οὐκ

223 4008 374 4078 ἄλογα
406 4009 521 4074 ζῶα
543 4027 557 4040 ο
592 4027 653 4062 ου
679 4009 788 4081 γὰρ
819 4006 1030 4075 ἀλόγοις
1057 4004 1257 4057 δίδοται
1289 4003 1466 4074 νόμος.
1500 4001 1614 4055 Ούκ
1637 4000 1703 4054 ἂν
1725 4000 1782 4054 δὲ

223 4099 353 4168 λέγοι
394 4101 635 4171 Μωῦσῆν
676 4101 766 4154 τὸν
817 4099 875 4166 ἐξ
915 4096 1216 4169 ἀνθρώπων
1261 4096 1428 4150 πάλαι
1477 4094 1782 4166 γεγενημέ-

225 4205 320 4251 νον,
347 4190 463 4243 ούδέ
493 4190 654 4260 νόμον
694 4189 786 4242 τὸν
829 4187 1010 4258 μόνοις
1051 4185 1274 4238 τεθέντα
1316 4187 1428 4247 τοῖς
1467 4183 1739 4246 Ἰουδαίοις
1764 4199 1779 4216 ο

224 4275 323 4330 ἀλλ’
347 4278 464 4332 ούδέ
490 4278 796 4351 προσδοκᾷν
820 4277 1006 4347 ἕτερον
1051 4270 1210 4336 εῖναι,
1241 4275 1304 4326 τὸ
1348 4271 1436 4326 διὰ
1477 4273 1656 4342 πάσης
1694 4271 1781 4324 ἐλ-

225 4367 324 4424 θεῖν
351 4374 444 4441 τῆς
472 4369 797 4440 οἰκουμένης
819 4369 917 4438 τῆς
943 4367 1148 4438 Καινῆς
1173 4364 1444 4435 Διαθήκης
1473 4364 1564 4417 τὸν
1597 4364 1777 4435 νόμον.

226 4461 439 4535 Χριστὸς
489 4464 597 4535 γάρ
626 4465 653 4515 6
694 4460 1009 4532 νομοθέτης,
1053 4459 1146 4512 καὶ
1194 4457 1288 4510 τοῦ
1339 4454 1674 4524 Εὐαγγελίου
1723 4454 1782 4508 τὸ

1885 3363 2030 3415 niam
2047 3361 2280 3415 homines
2311 3370 2456 3416 sunt.
2482 3360 2653 3416 Deum
2679 3363 2904 3427 excitat,
2940 3370 3000 3416 ut
3033 3364 3123 3433 qui
3168 3366 3459 3420 tolerantia

1885 3467 2008 3518 sua,
2036 3460 2200 3523 atque
2228 3453 2281 3506 vi
2303 3453 2606 3508 clementia:
2658 3461 2712 3508 et
2759 3455 3052 3524 patientiae,
3102 3455 3204 3511 sibi
3235 3456 3454 3527 quidem

1883 3559 2253 3601 arumnarum
2283 3544 2716 3610 diuturnitatem,
2749 3545 2932 3616 impiis
2978 3561 3106 3601 vero
3143 3547 3458 3604 hominibus

1883 3635 2117 3692 vexandi
2142 3643 2358 3706 tempus
2381 3636 2609 3691 tribuat.
2643 3635 2938 3708 Postquam
2979 3650 3158 3694 autem
3199 3649 3456 3710 precatus

1882 3735 1990 3798 est,
2022 3735 2083 3783 ut
2111 3729 2424 3800 judicentur
2453 3734 2640 3796 gentes
2667 3726 2722 3780 in
2748 3736 3045 3797 conspectu
3068 3726 3184 3794 Dei,
3206 3730 3321 3798 jam
3364 3747 3456 3787 ro-

1883 3829 1974 3894 gat
2003 3829 2063 3876 ut
2095 3828 2223 3876 ante
2265 3819 2512 3874 futurum
2563 3819 2834 3888 judicium
2869 3821 3122 3891 gentibus
3177 3822 3457 3892 legislator

1883 3913 2278 3977 constituatur,
2301 3917 2361 3966 ut
2399 3910 2614 3966 discant
2642 3926 2702 3966 se
2729 3911 3000 3976 homines,
3026 3928 3134 3968 non
3156 3914 3316 3968 bruta
3345 3917 3458 3969 ani-

1882 4005 2069 4070 malia,
2099 4017 2418 4060 esse:nam
2466 4002 2646 4058 brutis
2700 4002 3030 4058 animalibus
3091 4003 3175 4058 lex
3231 4005 3456 4061 minime

1883 4096 2064 4151 datur.
2089 4094 2358 4150 Caeterum
2385 4109 2494 4148 non
2524 4093 2614 4148 hic
2638 4093 2706 4149 de
2720 4092 2904 4164 Moyse
2919 4093 3051 4164 agit,
3073 4094 3166 4164 qui
3186 4095 3297 4164 jam
3323 4096 3454 4151 olim

1883 4188 1951 4244 de
1978 4187 2159 4243 medio
2182 4187 2464 4242 hominum
2501 4185 2755 4242 sublatus
2782 4169 2991 4251 iuerat;
3037 4200 3215 4256 neque
3238 4187 3306 4242 de
3339 4187 3456 4258 lege

1882 4295 2004 4350 quae
2031 4278 2166 4336 solis
2197 4277 2404 4334 Judaais
2429 4278 2556 4333 data
2587 4277 2787 4340 fuerat,
2813 4291 2991 4345 neque
3021 4278 3138 4331 vult
3169 4278 3330 4332 aliam
3358 4294 3455 4334 ex-

1885 4373 2124 4442 spectari
2167 4371 2361 4442 legem,
2411 4381 2470 4424 ut
2508 4368 2644 4424 Novi
2672 4368 3007 4426 Testamenti
3044 4370 3130 4424 lex
3165 4378 3336 4424 totum
3364 4386 3458 4426 oro

1883 4466 2006 4520 hem
2045 4464 2324 4535 pervadat.
2357 4463 2608 4519 Christus
2638 4463 2784 4518 enim
2815 4464 3115 4534 legislator,
3146 4463 3457 4534 Evangelii-

229 4557 468 4627 κήρυγμα
513 4555 822 4626 κεκράτηκε
882 4553 990 4606 τῶν
1033 4550 1223 4605 ἐθνῶν.
1282 4549 1418 4620 Περὶ
1461 4542 1522 4601 οὗ
1555 4546 1642 4600 διὰ
1683 4545 1776 4598 τοῦ

1889 4571 1989 4626 que
2038 4555 2353 4625 praedicatio
2399 4555 2452 4608 in
2501 4555 2754 4625 gentibus
2801 4554 3058 4610 obtinuit.
3105 4554 3181 4610 De
3221 4571 3332 4626 quo
3358 4573 3456 4627 per

230 4652 490 4720 προφήτου
547 4648 711 4718 φησὶν
760 4649 789 4698 6
836 4645 1062 4715 Πατήρ·
1108 4641 1252 4695 Ἰδοὺ
1297 4643 1330 4694 ό
1363 4639 1504 4704 παῖς
1542 4656 1662 4708 μου
1705 4637 1778 4691 ὃν

228 4741 473 4808 ᾑρέτισα,
527 4743 560 4793 ό
599 4739 881 4803 ἐκλεκτός
925 4752 1043 4805 μου
1091 4736 1177 4799 είς
1228 4731 1300 4785 ὃν
1351 4729 1684 4797 εὐδόκησεν
1738 4729 1777 4795 ἡ

228 4833 378 4902 ψυχή
423 4849 561 4902 μου.
613 4831 828 4899 Κρίσιν
882 4827 1006 4893 τοῖς
1054 4827 1297 4880 ἔθνεσιν
1345 4822 1588 4888 ἐξοίσει.
1656 4823 1778 4875 Οὐκ

229 4925 414 4994 ἐρίσει,
469 4919 611 4981 οὐδέ
655 4921 999 4992 κραυγάσει,
1053 4916 1196 4972 οὐδὲ
1250 4912 1695 4981 ἀκουσθήσεται
1741 4913 1780 4979 ἠ

231 5017 379 5086 φωνὴ
407 5015 610 5073 αὐτοῦ.
651 5014 934 5084 Κὰλαμον
963 5005 1492 5076 συντεθλασμένον
1529 5006 1601 5058 οὺ
1631 5019 1782 5057 συν-

231 5112 425 5178 τρίψει.
470 5111 567 5164 καί
608 5110 784 5164 λίνον
833 5107 1172 5174 τυφόμενον
1227 5101 1300 5154 οὐ
1346 5097 1554 5153 σϐέσει
1644 5095 1780 5149 ἀλλ’

233 5206 307 5268 είς
343 5203 624 5271 ἀλήθειαν
646 5200 869 5264 ἐξοίσει
906 5197 1126 5264 κρίσιν.
1173 5191 1557 5261 Ἀναλάμψει,
1581 5190 1678 5244 καί
1713 5191 1783 5242 οὐ

234 5293 668 5361 θραυσθήσεται,
691 5292 801 5357 ἕως
823 5289 900 5345 ἂν
927 5287 1120 5357 θῇέὲπὶ
1161 5284 1272 5354 τῆς
1293 5283 1406 5352 τῆς
1436 5283 1658 5351 κρίσιν,
1684 5281 1782 5335 καί

235 5385 303 5450 τῷ
353 5388 588 5456 ὀνόματι
643 5383 828 5439 αὐτοῦ
882 5381 1024 5449 ἔθνη
1077 5378 1396 5434 ἐλπιοῦσιν
1456 5377 1554 5448 (1).
1603 5376 1676 5429 Τὸ
1723 5376 1780 5429 δὲ

246 5477 508 5549 Ἐϐραῖκδν
539 5478 634 5532 καὶ
656 5493 707 5530 οι
733 5475 907 5530 λοιποὶ
934 5472 1134 5536 πάντες
1171 5469 1523 5543 ἐρμηνευταὶ,
1554 5467 1663 5522 Kal
1698 5466 1778 5532 τῷ

238 5571 377 5636 νόμῳ
412 5570 591 5624 αὑτοῦ
629 5569 772 5637 ἔθνη
797 5566 1138 5631 ἐλπιοῦσιν,
1173 5562 1462 5630 ἐξέδωκαν.

225 5677 236 5704 ’“
297 5688 338 5720 ’⁸
374 5689 472 5744 lsa.
505 5706 656 5756 sur,
697 5689 813 5746 1-4.

1884 4648 2209 4719 prophetam
2244 4646 2322 4701 ait
2364 4645 2526 4702 Pater
2560 4666 2571 4700 :
2610 4646 2742 4701 Ecce
2769 4663 2898 4716 puer
2926 4664 3090 4712 meus,
3111 4665 3262 4718 quem
3297 4649 3451 4721 elegi,

1885 4741 2078 4793 electus
2101 4755 2280 4803 meus;
2317 4739 2635 4809 complacuit
2657 4739 2758 4793 sibi
2777 4740 2832 4793 in
2853 4739 2946 4793 illo
2979 4741 3159 4793 anima
3182 4757 3316 4795 nica.
3351 4739 3457 4795 ln-

1887 4832 2084 4886 dicium
2116 4830 2356 4903 gentibus
2390 4831 2638 4901 proferet.
2668 4831 2790 4886 Non
2813 4832 3105 4900 contendet,
3143 4850 3304 4904 neque
3334 4834 3452 4890 cla-

1885 4921 2072 4987 mabit,
2097 4937 2256 4991 neque
2279 4922 2524 4976 audietur
2547 4939 2646 4978 vox
2673 4924 2805 4994 ejus.
2839 4923 3120 4979 Calamum
3143 4937 3454 4995 quassatum

1886 5032 1990 5070 non
2022 5024 2274 5080 conteret,
2300 5023 2350 5069 et
2390 5016 2556 5069 linum
2589 5016 2854 5087 fumigans
2880 5034 2982 5071 non
3011 5021 3332 5088 exstinguet;
3360 5019 3452 5073 sed

1885 5109 1941 5160 in
1970 5108 2187 5161 veritate
2211 5105 2392 5160 educet
2419 5107 2703 5176 judicium.
2730 5106 3090 5178 Resplendebit
3119 5118 3168 5162 et
3205 5126 3310 5164 non
3339 5111 3451 5164 col-

1888 5197 2100 5262 lidetur,
2129 5195 2293 5252 donec
2322 5207 2484 5266 ponat
2517 5199 2572 5252 in
2615 5207 2758 5252 terra
2783 5197 3068 5268 judicium,
3097 5207 3148 5253 et
3181 5200 3236 5253 in
3266 5217 3452 5255 nomen

1885 5290 1998 5359 ejus
2026 5279 2202 5361 gentes
2231 5289 2514 5359 sperabunt
2543 5290 2612 5343 9".
2647 5288 2974 5344 llebraicum
3018 5299 3201 5344 autem
3230 5299 3286 5346 et
3325 5291 3453 5346 reli-

1884 5383 1976 5452 qui
2003 5397 2194 5438 omnes
2216 5382 2542 5454 interpretes
2571 5381 2902 5438 ediderunt:
2937 5380 3006 5436 Et
3049 5383 3104 5438 in
3140 5383 3300 5456 legem
3333 5383 3450 5453 ejus

1884 5483 2058 5545 gentes
2085 5474 2383 5543 sperabunt.

301 5808 366 5876 (ι)
393 5809 444 5881 ln
470 5804 732 5867 Hebraico
763 5809 962 5881 legitur
992 5787 1129 5870 πίπιττ
1153 5811 1284 5865 ουκ
1309 5779 1553 5870 iri-tuin,
1585 5797 1637 5854 id
1661 5805 1744 5854 est
1773 5810 1783 5851 ι

1889 5793 2083 5866 'ulgata
2112 5792 2524 5862 interpretatur,
2574 5786 2642 5842 Et
2689 5787 2740 5844 in
2778 5787 2937 5857 legem
2985 5783 3097 5852 ejus
3129 5777 3317 5836 insula
3348 5793 3446 5835 e1:-

243 5880 540 5945 spectabunt.
