3994 6448
404 368 510 423 155

1116 367 1388 425 EUSEBII
1426 365 1906 424 CIESARIENSIS
1940 363 2091 422 OPP.
2131 349 2318 420 PARS
2357 341 2442 407 ΙΙΙ.
2482 391 2554 406 ἣ
2603 364 3016 422 EXEGETICA.

3551 377 3652 433 156

1362 463 1706 522 PSALMUS
1745 463 1797 519 X
1854 456 2264 552 SECUNDUI!
2309 448 2696 518 HEBR/EOS.

475 554 644 614 Vens.
692 556 746 624 1,
792 557 848 613 2.
893 555 962 612 Ut
1011 559 1158 630 quid,
1212 558 1458 626 Domine,
1504 558 1767 614 recessisti
1809 557 1976 628 longe,

2161 551 2359 619 Ἰνατί,
2386 553 2582 624 Κύριε,
2619 555 2972 626 ἀφέστηκας
3003 555 3325 626 μακρόθεν,
3357 557 3656 628 ὑπερορᾷς

405 652 631 708 despicis
671 651 727 705 in
765 653 1270 720 opportunitatibus,
1315 651 1374 706 in
1417 651 1799 708 tribulatione?
1835 651 1977 706 Dum

410 745 646 814 superbit
674 746 890 809 impius,
928 745 1227 800 incenditur
1268 760 1505 814 pauper:
1532 745 1979 815 comprehendun-

409 847 495 892 tur
525 842 579 892 in
607 838 843 892 consiliis
875 835 1062 908 quibus
1098 838 1351 907 cogitant.
1395 839 1477 892 An
1520 837 1647 907 quia
1700 835 1843 892 Deus
1872 846 1976 904 est,

409 928 711 985 secundum
741 928 1088 998 Apostolum,
1121 931 1215 998 qui
1256 927 1674 998 comprehendit
1701 927 1977 997 sapientes

406 1020 462 1074 in
514 1019 718 1076 astutia
753 1035 874 1084 sua,
923 1018 1161 1089 idipsum
1191 1019 1304 1088 jam
1347 1017 1464 1072 ﬁeri
1516 1017 1796 1088 postulat?
1826 1015 1980 1070 Multi

407 1117 552 1170 enim
585 1129 710 1169 cum
745 1113 968 1169 videant
987 1127 1067 1177 se,
1097 1112 1202 1168 etsi
1231 1112 1286 1166 in
1313 1110 1686 1180 impietatibus
1726 1109 1980 1180 plurimis

407 1216 716 1272 versantes,
753 1222 1018 1279 prospere
1069 1221 1250 1278 agere,
1283 1221 1346 1260 ac
1379 1204 1434 1258 in
1465 1205 1806 1260 calamitates
1842 1204 1982 1259 inci-

411 1298 541 1354 dere
569 1299 776 1362 nullas,
808 1313 930 1354 sese
970 1299 1162 1354 beatos
1203 1307 1258 1352 et
1287 1297 1447 1353 laude
1477 1297 1674 1369 dignos
1704 1297 1982 1352 arbitran-

410 1399 524 1446 tur.
548 1392 618 1445 At
654 1398 770 1446 tum
816 1391 942 1462 ipsi,
989 1400 1102 1446 tum
1147 1390 1516 1462 improbitatis
1543 1391 1746 1457 :emuli,
1775 1391 1982 1463 ingenti

410 1483 724 1539 adiciuntur
751 1483 1102 1538 detrimento.

478 1574 646 1631 Vens.
701 1573 818 1630 5-5.
862 1573 1126 1638 Quoniam
1187 1574 1442 1629 laudatur
1493 1584 1734 1644 peccator
1770 1575 1830 1628 in
1896 1574 1983 1628 de-

407 1665 624 1720 sideriis
665 1667 858 1720 animm
887 1681 1028 1731 sum,
1057 1675 1107 1719 et
1130 1665 1341 1736 iniquus
1372 1665 1715 1720 benedicitur.
1748 1665 1982 1720 Exacer-

409 1756 547 1810 bavit
590 1756 872 1812 Dominum
915 1767 1160 1826 peccator
1205 1773 1225 1811 :
1274 1758 1561 1812 secundum
1591 1759 1982 1814 multitudinem

409 1849 507 1902 ira:
541 1865 651 1903 sua:
676 1865 780 1903 non
801 1857 1019 1919 qureret.
1042 1847 1173 1904 Non
1201 1857 1280 1904 est
1301 1849 1443 1905 Deus
1464 1851 1518 1905 in
1545 1861 1821 1920 conspectu
1843 1852 1980 1921 ejus,

2075 648 2146 703 ὲν
2166 647 2589 725 εὐκαιρίαις,ἐν
2611 649 2852 717 θλίψει;
2884 650 2980 702 Ἐν
2999 649 3080 714 τῷ
3102 649 3659 718 ὑπερηφανεύεσθαι

2075 739 2186 794 τὸν
2211 737 2402 808 ἀσεϐῆ
2436 738 2806 809 ἑμπυρίζεται
2844 742 2876 793 ό
2900 739 3136 808 πτωχός
3159 753 3173 770 ‘
3206 738 3660 810 συλλαμϐάνον-

2074 851 2178 891 ται
2211 833 2280 888 ὲν
2306 830 2670 898 διαϐουλίοις
2695 827 2786 898 οἷς
2828 828 3277 902 διαλογίζονται.
3305 826 3384 885 Ἤ
3417 833 3605 905 ἐπειδὴ
3631 836 3660 889 ὁ

2078 925 2212 991 Θεὸς
2242 927 2271 978 ὁ
2301 926 2669 998 δρασςόμενός
2697 927 2814 979 ἐστι
2845 924 2970 988 τοὺς
3015 923 3212 994 σοφοὺς
3239 925 3298 977 ὲν
3335 927 3401 996 τῇ
3428 943 3661 998 πανουρ-

2079 1017 2174 1090 γίᾳ
2201 1017 2400 1083 αὐτῶν,
2428 1017 2568 1071 κατὰ
2587 1016 2677 1070 τὸν
2701 1016 3041 1081 Ἀπόστολον,
3066 1016 3225 1070 τοῦτο
3242 1017 3376 1070 αὐτὸ
3394 1018 3494 1090 ἤδη
3518 1018 3662 1086 γενέ-

2083 1104 2206 1158 σθαι
2237 1106 2578 1177 παρακαλεῖ;
2623 1105 2748 1159 Ἐπὶ
2779 1105 3002 1170 πολλαῖς
3032 1105 3143 1178 γάρ
3183 1106 3463 1170 ἀσεϐείαις
3491 1109 3661 1179 ὁρῶν-

2079 1215 2172 1262 τες
2205 1200 2402 1262 αὐτοὺς
2440 1199 2490 1252 οί
2537 1198 2723 1252 πολλοὶ
2761 1198 3189 1271 εὑθυνουμένους
3234 1217 3294 1254 τε
3337 1201 3432 1254 καὶ
3473 1201 3664 1272 μηδενὶ

2079 1290 2308 1364 λυπηρῷ
2365 1291 2811 1362 περιπίπτοντας,
2869 1292 3172 1364 μακαρίους
3222 1294 3420 1356 αὐτοὺς
3469 1292 3664 1364 ἡγοῦνο

2080 1400 2169 1436 ται
2195 1383 2288 1436 καὶ
2315 1382 2550 1437 ἐπαίνων
2573 1383 2776 1448 ἀξίους.
2799 1385 3058 1440 Κάκεῖνοί
3080 1403 3140 1438 τε
3173 1385 3383 1456 μεγάλα
3407 1385 3665 1456 βλάπτον-

2079 1491 2169 1528 ται
2196 1475 2290 1529 καὶ
2311 1476 2359 1528 οί
2390 1474 2627 1546 ζηλωταὶ
2655 1476 2755 1548 τῆς
2779 1477 2978 1540 κακίας
3003 1477 3304 1548 γενόμενοι.

2157 1567 2278 1620 Ὅτι
2327 1567 2654 1622 ἐπαινεῖται
2698 1571 2732 1622 ό
2781 1568 3130 1638 ἁμαρτωλὸς
3173 1569 3242 1623 ἐν
3287 1569 3418 1636 ταῖς
3461 1570 3666 1626 ἐπιθυ-

2074 1660 2242 1729 μίαις
2279 1659 2391 1729 τῆς
2417 1659 2628 1730 ψυχῆς
2659 1661 2866 1724 αὐτοῦ,
2898 1661 2996 1715 καὶ
3019 1665 3051 1716 ό
3075 1661 3298 1716 ἀδικῶν
3333 1663 3668 1734 ἐνευλογεῐ-

2082 1770 2197 1810 ται.
2239 1751 2562 1821 Παρώξυνε
2607 1753 2716 1807 τὸν
2756 1754 2976 1822 Κύριον
3015 1756 3048 1808 ό
3092 1753 3476 1824 ἁμαρτωλός·
3515 1758 3667 1813 κατὰ

2082 1845 2149 1900 τὸ
2182 1845 2418 1915 πλῆθος
2447 1845 2558 1915 τῆς
2599 1845 2783 1916 ὀργῆς
2809 1847 2995 1902 αὑτοῦ
3029 1850 3140 1902 οὐκ
3167 1848 3499 1918 ὲκζητήσει.
3541 1853 3663 1904 Οὐκ

408 1941 698 2010 inquinata:
741 1950 864 1995 sunt
901 1942 995 1996 vite
1044 1941 1195 1996 illius
1242 1942 1299 1997 in
1335 1943 1477 1998 omni
1537 1955 1785 2012 tempore.
1819 1943 1984 2013 Aule-

2093 1935 2254 1990 ἔστιν
2301 1938 2335 1989 ὁ
2389 1935 2533 2002 Θεὸς
2585 1934 2843 1990 ἐνώπιον
2887 1937 3094 2004 αὐτοῦ,
3142 1940 3546 2008 ,βεϐηλοῦνται
3603 1944 3664 1995 al

408 2043 600 2081 runtur
623 2028 835 2098 judicia
867 2039 961 2083 tua
992 2048 1024 2084 a
1047 2030 1185 2100 facie
1204 2031 1341 2101 ejus,
1370 2034 1606 2088 omnium
1642 2035 1981 2090 inimicorum

408 2137 625 2175 suorum
662 2121 1047 2180 dominabitur.
1079 2123 1410 2180 Praesentem
1457 2127 1746 2198 impiorum
1789 2128 1983 2184 condi-

409 2213 615 2268 tionem
650 2213 975 2280 insectatur,
1018 2223 1080 2269 ut
1135 2216 1304 2272 futuri
1352 2218 1547 2289 judicii
1595 2221 1982 2277 necessitatem

407 2308 745 2377 comprobet.
801 2307 943 2364 Illud
993 2325 1180 2380 porro,
1229 2311 1584 2377 exacerbauit,
1615 2314 1834 2385 Aquila,
1869 2323 1983 2369 tra-

406 2400 581 2464 duxit,
611 2399 1002 2471 interpretatus
1031 2410 1136 2459 est.
1163 2401 1458 2460 Sermones
1479 2403 1682 2476 quippe
1705 2406 1774 2462 de
1797 2404 1982 2461 futuro

409 2491 503 2548 Dei
529 2492 741 2562 judicio
791 2492 897 2564 ipsi
947 2508 1137 2549 revera
1168 2494 1486 2552 traducunt.
1523 2494 1661 2551 Dum
1697 2512 1828 2552 vero
1858 2497 1983 2568 quis

407 2579 463 2636 in
491 2584 736 2652 peccatis
757 2592 1089 2654 perseverat,
1114 2584 1162 2640 is
1196 2584 1494 2655 impeditur
1525 2587 1820 2658 quominus
1842 2605 1985 2660 qua:-

405 2681 494 2726 rat
509 2670 702 2738 Deum,
723 2689 787 2728 ac
807 2675 915 2730 vim
944 2677 1041 2730 ira:
1065 2691 1317 2749 magnam
1339 2677 1442 2734 sibi
1461 2687 1761 2750 comparat.
1780 2679 1986 2748 Quam-

407 2765 599 2821 obrem
649 2781 720 2822 ne
763 2767 938 2822 nimio
991 2768 1182 2824 labore
1228 2777 1285 2824 et
1313 2770 1590 2827 anxietate
1620 2773 1848 2830 notitias
1885 2774 1983 2832 Dei

409 2857 692 2914 naturales
721 2859 1036 2930 expetieris,
1087 2859 1218 2916 dum
1258 2863 1384 2918 vita;
1425 2870 1534 2919 tute
1559 2864 1660 2918 viae
1688 2865 1984 2936 inquinata:

409 2957 540 3005 sunt
571 2968 586 3005 :
619 2949 784 3022 idque
815 2966 877 3006 ea
907 2953 1144 3008 maxime
1167 2952 1236 3008 de
1265 2969 1455 3019 causa,
1479 2955 1625 3026 quod
1653 2956 1859 3027 judicia
1887 2957 1985 3015 Dei

408 3057 522 3099 non
579 3044 765 3098 animo
816 3054 1061 3114 reputes.
1109 3059 1236 3100 cum
1285 3047 1522 3103 maxime
1557 3062 1858 3107 concessus
1883 3050 1984 3108 tibi

408 3133 726 3192 dominatus
756 3135 922 3192 fuerit
944 3137 1002 3192 in
1021 3152 1214 3193 omnes
1234 3137 1486 3196 inimicos
1511 3146 1661 3196 tuos.

2089 2025 2214 2081 όδοὶ
2261 2025 2448 2080 αὑτοῦ
2495 2027 2568 2080 ἐν
2617 2028 2796 2081 παντὶ
2849 2028 3048 2098 καιρῷ.
3103 2030 3550 2100 Ἀνταναιρεῖται
3593 2033 3666 2086 τὰ

2087 2118 2342 2188 κρίματά
2375 2134 2494 2172 σου
2533 2118 2653 2174 ἀπὸ
2691 2121 3016 2188 προσώπου
3044 2123 3249 2189 αὑτοῦ,
3271 2125 3512 2178 πάντων
3547 2124 3667 2179 τῶν

2087 2213 2314 2283 ἐχθρῶν
2365 2215 2551 2271 αὐτοῦ
2598 2215 3072 2283 κατακυριεύσει.
3123 2216 3201 2288 Τῇ
3257 2217 3504 2289 παρούσῃ
3556 2218 3666 2272 τῶν

2088 2305 2301 2360 ἀσεϐῶν
2327 2306 2682 2379 ἐπεξέρχεται
2711 2307 3064 2370 καταστάσει,
3090 2306 3188 2379 τὴν
3224 2307 3518 2379 μέλλουσαν
3548 2310 3667 2380 κρί-

2089 2416 2174 2452 σιν
2203 2399 2506 2468 ἀναγκαίαν
2529 2399 2698 2465 δεῖξαι
2735 2399 3076 2472 βουλόμενος.
3131 2400 3204 2453 Τὸ
3229 2399 3287 2453 δὲ
3327 2398 3663 2468 παρώξυνε,

2088 2489 2367 2558 διέσυρεν
2413 2489 2643 2553 Ἀκύλας
2675 2491 3010 2562 ἡρμήνευσε.
3042 2489 3180 2552 Τοὺς
3229 2491 3356 2559 περὶ
3389 2487 3524 2542 Θεοῦ
3555 2488 3666 2561 γὰρ

2090 2583 2324 2654 κρίσεως
2369 2581 2561 2651 λόγους
2599 2582 2814 2655 ἀληθῶς
2853 2581 3219 2656 διασύρουσιν.
3257 2582 3561 2653 Ἐπιμένων
3607 2581 3667 2635 δέ

2088 2695 2174 2741 τις
2227 2677 2544 2748 ἁμαρτίαις,
2581 2676 2718 2748 πρὸς
2765 2675 2826 2728 τὸ
2877 2675 3009 2729 Θεὸν
3063 2674 3243 2745 ζητεῖν
3293 2674 3664 2745 ὲμποδίζεται,

2090 2768 2338 2838 συνάγων
2370 2767 2547 2840 ἑαυτῷ
2578 2767 2782 2839 πλῆθος
2801 2767 2990 2840 ὀργῆς.
3026 2766 3116 2820 Διὸ
3151 2768 3224 2838 μὴ
3265 2765 3413 2838 ζήτει
3443 2767 3535 2820 καὶ
3567 2764 3668 2831 τὰς

2089 2861 2218 2935 περὶ
2251 2859 2385 2915 Θεοῦ
2426 2860 2660 2931 φυσικὰς
2689 2858 2896 2924 ἐννοίας
2933 2858 3416 2929 περικοπτόμενος,
3453 2858 3544 2911 καὶ
3571 2857 3667 2912 τοῦ

2089 2950 2207 3026 βίου
2249 2952 2349 3018 τὰς
2381 2953 2534 3018 ὁδοὺς
2581 2952 2925 3022 ἀκαθάρτους
2965 2950 3134 3022 ἔχων·
3178 2949 3368 3005 τούτου
3402 2968 3466 3020 γε
3508 2951 3668 3022 χάριν

2089 3045 2176 3102 διὰ
2207 3046 2408 3112 παντὸς
2439 3046 2534 3100 καὶ
2562 3045 2656 3099 τοῦ
2693 3045 2828 3100 Θεοῦ
2874 3045 2944 3100 τὰ
2987 3047 3231 3118 κρίματα
3265 3045 3340 3116 μὴ
3378 3044 3670 3116 λαμϐάνων

2090 3141 2171 3207 είς
2197 3137 2342 3207 νοῦν,
2380 3141 2438 3194 ὲν
2468 3140 2546 3212 τῷ
2591 3139 2988 3212 συγχωρεῖσθαι
3035 3141 3265 3214 μάλιστα
3309 3140 3670 3214 κατακυριεῦο

2093 3246 2181 3282 σαι
2208 3229 2315 3285 τῶν
2346 3229 2575 3302 ἐχθρῶν.

481 3311 648 3368 Vnus.
685 3313 736 3368 7.
762 3311 928 3382 Cujus
953 3315 1319 3370 maledictione
1345 3332 1402 3371 os
1430 3317 1641 3387 plenum
1667 3327 1744 3374 est
1765 3329 1815 3374 et
1835 3337 1986 3376 ama-

2162 3318 2244 3378 Οὗ
2273 3321 2424 3392 ἀρᾶς
2449 3324 2517 3378 τὸ
2546 3324 2740 3394 στόμα
2765 3323 2955 3380 αὐτοῦ
2986 3321 3149 3397 γέμει
3175 3325 3276 3380 καὶ
3308 3325 3549 3394 πικρίας
3569 3325 3669 3378 καί

409 3404 643 3460 ritudine
671 3414 722 3460 et
751 3404 912 3470 dolo;
936 3405 1033 3461 sub
1067 3407 1250 3478 lingua
1279 3407 1395 3478 ejus
1423 3408 1578 3463 labor
1603 3419 1654 3464 et
1691 3411 1867 3468 dolor.
1902 3411 1989 3468 Si-

410 3497 632 3568 quidem
675 3497 1136 3553 beterodoxorum
1185 3515 1248 3554 os
1300 3499 1689 3558 maledictione
1722 3505 1985 3574 repletur,

412 3595 601 3658 utpote
625 3589 720 3660 qui
749 3587 1066 3645 Creatorem
1098 3589 1366 3645 conviciis
1396 3591 1696 3659 incessant,
1733 3595 1878 3665 quod
1902 3597 1992 3651 iti-

411 3683 538 3738 dem
572 3681 824 3737 maledici
855 3680 1066 3736 l'aciunt
1098 3702 1112 3736 :
1147 3697 1212 3738 os
1247 3683 1375 3739 item
1421 3685 1814 3742 iracundorum
1841 3703 1993 3746 ama-

396 3774 678 3837 ritudine,
704 3773 1020 3830 dolosorum
1045 3773 1194 3842 dolo,
1224 3775 1446 3846 plenum
1473 3784 1580 3832 est.

487 3863 654 3920 Vens.
685 3864 741 3920 8.
786 3864 944 3920 Sedet
976 3865 1034 3921 in
1069 3866 1279 3922 insidiis
1310 3883 1429 3921 cum
1458 3867 1709 3925 divitibus
1736 3871 1792 3926 in
1813 3872 1992 3926 occul-

417 3957 508 4022 tis,
542 3967 600 4010 ut
634 3957 922 4027 interﬁciat
965 3957 1314 4013 innocentem.
1364 3958 1503 4014 Dum
1534 3970 1716 4018 autem
1763 3963 1818 4019 id
1854 3965 1988 4036 agit,

415 4051 656 4123 seipsum
681 4052 906 4124 decipit,
939 4053 1100 4124 quasi
1122 4053 1333 4108 scilicet
1355 4053 1492 4108 nihil
1517 4054 1697 4110 videat
1719 4054 1886 4112 Deus.

489 4142 656 4200 Vens.
694 4144 783 4199 11.
826 4145 979 4198 Dixit
1021 4133 1160 4200 enim
1203 4146 1258 4199 in
1299 4145 1455 4200 corde
1495 4163 1592 4201 suo
1622 4163 1641 4201 :
1677 4145 1884 4204 Oblitus
1913 4158 1993 4204 est

417 4235 580 4301 Deus,
610 4237 796 4290 avertit
823 4236 1015 4306 faciem
1047 4253 1202 4292 suam
1231 4254 1295 4292 ne
1334 4237 1505 4293 uideat
1550 4240 1610 4293 in
1651 4240 1831 4309 finem.
1865 4239 1993 4296 Haec

419 4329 604 4384 omnia
639 4329 984 4403 agit-impius
1013 4331 1280 4388 adversus
1310 4331 1406 4388 Dei
1439 4347 1730 4404 pauperes.
1779 4335 1995 4406 sibique

420 4418 540 4490 ipse
579 4419 914 4485 ludiﬁcatur,
941 4420 1074 4476 dum
1106 4423 1224 4479 suis
1270 4422 1375 4478 sibi
1406 4425 1832 4496 cogitationibus
1861 4441 1996 4481 con-

424 4512 582 4584 tingit
616 4527 728 4568 non
757 4528 881 4570 esse
909 4512 1080 4569 Deum
1111 4515 1500 4587 inspectorem.

2088 3415 2295 3480 δόλου,
2322 3415 2442 3471 ὑπὸ
2465 3415 2581 3485 τὴν
2605 3416 2876 3488 γλῶτταν
2901 3419 3088 3473 αὐτοῦ
3115 3421 3301 3486 κόπος
3329 3419 3428 3473 καὶ
3461 3419 3670 3484 πόνος.

2089 3505 2212 3561 Τῶν
2239 3507 2350 3578 γὰρ
2395 3509 2717 3582 ἑτεροδόξων
2746 3510 2808 3564 τὸ
2838 3511 3013 3582 στόμα
3047 3513 3188 3584 ἀρᾶς
3238 3513 3416 3584 γέμει,
3449 3511 3672 3567 κακολο-

2090 3599 2330 3669 γούντων
2360 3600 2450 3655 τὸν
2479 3603 2840 3676 Δημιουργὸν,
2871 3603 3095 3657 καὶτῶν
3124 3605 3375 3678 λοιδόρων
3395 3622 3409 3636 ·
3448 3607 3670 3679 πικρίας

2089 3691 2146 3745 δὲ
2167 3691 2274 3747 τῶν
2297 3691 2566 3765 θυμικῶν,
2598 3694 2750 3748 δόλου
2780 3694 2888 3750 τῶν
2912 3695 3120 3750 δολίων.

2175 3867 2519 3939 Ἐγκάθηται
2557 3871 2768 3940 ἐνέδρᾳ
2795 3872 2947 3943 μετὰ
2971 3875 3285 3930 πλουσίων
3307 3876 3377 3929 ἐν
3405 3877 3670 3946 ἀποκρύ-

2090 3979 2248 4032 φοις,
2296 3962 2404 4017 τοῦ
2443 3963 2792 4023 ἀποκτεῖναι
2825 3966 3043 4024 ἀθῶον.
3083 3967 3195 4020 Καὶ
3226 3969 3401 4024 ταῦτα
3441 3971 3670 4040 πράττει

2093 4055 2592 4128 παραλογιζόμενος
2619 4059 2832 4123 ἑαυτὸν,
2866 4059 2941 4124 ὡς
2965 4059 3064 4130 οὐχ
3089 4060 3320 4132 ὁρῶντος
3353 4062 3507 4116 Θεοῦ.

2162 4142 2312 4200 Eine
2361 4147 2475 4216 γὰρ
2518 4147 2588 4199 ἐν
2640 4147 2854 4216 καρδίᾳ
2903 4148 3118 4202 αὐτοῦ·
3173 4148 3588 4217 Ἐπιλέληστιιι
3637 4153 3672 4204 ό

2096 4236 2259 4304 Θεὸς,
2302 4238 2646 4308 ἀπέστρεψε
2670 4239 2737 4293 τὸ
2771 4241 3096 4308 πρόσωπον
3124 4239 3314 4294 αὐτοῦ
3347 4241 3454 4295 τοῦ
3487 4241 3574 4311 μὴ
3595 4243 3669 4296 εί-

2093 4327 2221 4382 δεῑν
2243 4330 2328 4395 είς
2353 4327 2546 4395 τέλος.
2584 4329 2768 4384 Ταῦτα
2801 4330 2857 4384 δὲ
2890 4333 3066 4386 πάντα
3093 4333 3121 4384 ὁ
3153 4331 3356 4404 ἀσεϐὴς
3385 4332 3527 4386 κατὰ
3563 4332 3672 4386 τῶν

2096 4421 2342 4491 πενήτων
2364 4419 2456 4474 τοῦ
2489 4421 2624 4474 Θεοῦ
2653 4423 3064 4497 διαπράττεται,
3097 4425 3288 4478 ἑαυτὸν
3322 4425 3546 4479 ἀπατῶν
3579 4426 3672 4478 καὶ

2095 4516 2205 4576 τοῖς
2243 4513 2436 4567 ἑαυτοῦ
2469 4513 2751 4584 λογισμοῖς
2785 4515 2860 4588 μὴ
2893 4513 3033 4569 εἶναι
3065 4516 3195 4570 Θεὸν
3220 4518 3414 4589 ἔφορον
3437 4517 3672 4571 διανοοῦ

2101 4621 2278 4674 μενος.
2325 4607 2329 4610 ’
2361 4642 2364 4644 ν

489 4695 659 4751 Vens.
694 4695 882 4751 42-15.
923 4693 1184 4766 Exsurge,
1221 4695 1444 4752 Domine
1481 4697 1623 4752 Deus
1655 4713 1819 4764 meus,
1844 4699 1986 4754 exal-

2180 4695 2508 4764 Ἀνάστηθι,
2542 4697 2718 4764 Κύριε
2744 4697 2776 4748 ό
2811 4697 2954 4764 Θεός
2978 4715 3120 4768 μου,
3152 4698 3448 4767 eumeum
3477 4699 3514 4767 ἡ
3546 4698 3672 4768 χείρ

424 4796 562 4842 tctur
617 4804 806 4843 manus
875 4798 989 4853 tua,
1037 4805 1102 4842 ne
1145 4788 1474 4845 obliviscaris
1533 4806 1820 4860 pauperum
1875 4801 1979 4846 tuo-

424 4897 544 4935 rum
579 4882 634 4936 in
680 4883 859 4952 linem.
909 4881 1064 4938 Vides
1083 4884 1341 4954 .quoniam
1399 4894 1454 4937 tu
1489 4883 1723 4938 laborem
1751 4893 1802 4938 et
1842 4883 1994 4938 dolo-

426 4989 535 5028 rem
574 4972 902 5038 consideras,
938 4982 1013 5042 ut,
1041 4974 1226 5029 tradas
1257 4991 1346 5030 eos
1383 4975 1440 5029 in
1469 4993 1656 5030 manus
1697 4985 1838 5030 tuas.
1875 4975 1995 5030 Tibi

425 5063 708 5120 derelictus
737 5074 814 5120 est
835 5080 1052 5134 pauper,
1083 5065 1317 5136 orphano
1355 5075 1412 5119 tu
1441 5083 1558 5121 eras
1589 5066 1824 5136 adjutor.
1856 5065 1998 5122 Con-

429 5167 536 5213 tere
563 5157 834 5212 brachium
865 5160 1151 5228 peccatoris
1174 5168 1223 5214 et
1246 5159 1467 5230 maligni
1489 5176 1507 5214 :
1529 5171 1796 5231 quwretur
1811 5176 1998 5230 pecca-

432 5258 543 5303 tum
569 5249 706 5319 ejus,
743 5259 794 5304 et
813 5267 918 5305 non
949 5251 1258 5305 inuenietur.
1291 5248 1388 5306 Dei
1417 5251 1763 5306 tolerantiam
1795 5251 1998 5306 excitat

431 5341 501 5396 ad
531 5341 800 5413 judicium
827 5341 895 5397 de
927 5342 1109 5412 impiis
1138 5342 1444 5398 ferendum.
1493 5341 1596 5399 Per
1627 5357 1847 5399 manum
1901 5359 1998 5398 au-

431 5441 540 5488 tem
567 5434 883 5501 exaltatam,
902 5433 1012 5488 vim
1037 5435 1354 5504 iudicialem
1377 5435 1670 5506 signiﬁcat.
1688 5436 1826 5490 Dum
1848 5437 1996 5492 enim

433 5525 552 5594 ipsa
583 5524 782 5596 impios
810 5539 922 5580 non
951 5525 1258 5592 ulciscitur,
1290 5541 1392 5582 ceu
1411 5526 1558 5582 victa
1590 5526 1763 5582 videri
1791 5533 1994 5598 potest.

433 5617 666 5684 Quando
705 5631 832 5672 vero
878 5617 1175 5689 unicuique
1219 5619 1400 5675 reddit
1447 5619 1594 5690 quod
1636 5633 1850 5689 aequum
1884 5626 1995 5683 est,

433 5711 663 5770 exaltari
710 5709 932 5777 dicitur,
983 5725 1251 5782 nemoque
1302 5712 1479 5783 ipsam
1538 5709 1778 5782 effugere
1827 5711 1996 5767 valet.

2098 4804 2234 4852 σου,
2281 4789 2366 4858 μὴ
2405 4790 2662 4860 ἐπιλάϐῃ
2707 4789 2826 4845 τῶν
2865 4791 3138 4862 πενήτων
3178 4807 3293 4846 σου
3339 4793 3426 4858 εὶς
3476 4791 3671 4859 τέλος.

2099 4879 2372 4946 Βλέπεις,
2405 4881 2494 4935 ὅτι
2524 4881 2606 4936 σὺ
2632 4885 2823 4936 πόνον
2860 4883 2959 4937 καὶ
2992 4884 3182 4953 θυμὸν
3210 4883 3538 4950 κατανοεῖς,
3568 4881 3672 4937 τοῦ

2102 4972 2468 5042 παραδοῦναι
2505 4976 2727 5042 αὐτοὺς
2763 4979 2851 5043 είς
2885 4975 3088 5046 χεῖράς
3121 4992 3259 5031 σου.
3292 4977 3395 5031 Σοὶ
3427 4977 3671 5047 ἐγκατα-

2101 5063 2407 5119 λέλειπται
2437 5068 2470 5120 ό
2515 5067 2771 5136 πτωχὸς,
2822 5066 3060 5137 ὀρφανῷ
3099 5067 3180 5120 σὺ
3226 5064 3387 5138 ἦσθα
3425 5068 3670 5135 βοηθός.

2104 5149 2441 5226 Σύντριψον
2473 5157 2580 5212 τόν
2612 5161 2912 5229 βραχίονα
2939 5158 3044 5212 τοῦ
3071 5159 3422 5228 ἀμαρτωλοῦ
3451 5159 3546 5213 καὶ
3571 5174 3662 5212 ato

2103 5250 2319 5318 νηροῦ·
2376 5250 2766 5320 ζητηθήσεται
2811 5254 2850 5321 ἡ
2895 5252 3150 5320 ἁμαρτία
3199 5252 3399 5318 αὐτοῦ,
3452 5253 3550 5306 καὶ
3603 5254 3672 5306 οὐ

2100 5341 2186 5411 μὴ
2211 5341 2446 5411 εὑρεθῇ.
2499 5343 2685 5407 Οὕτως
2715 5345 2807 5398 ἐπὶ
2843 5343 2944 5416 τὴν
2975 5343 3085 5400 τῶν
3121 5343 3330 5399 ἀσεϐῶν
3370 5345 3549 5418 κρίσιν
3602 5345 3672 5398 διο

2103 5435 2305 5507 εγείρει
2330 5435 2514 5490 λοιπὸν
2535 5436 2632 5508 τὴν
2657 5438 2855 5508 ἀνοχὴν
2887 5437 2979 5490 τοῦ
3011 5437 3168 5493 θεοῦ.
3204 5439 3266 5492 Ἡ
3288 5439 3343 5492 δὲ
3369 5439 3488 5510 χεὶρ
3523 5437 3678 5507 ὑψου-

2109 5532 2245 5603 μένη
2279 5531 2506 5602 δύναμιν
2550 5531 2784 5604 ἐδήλωσε
2819 5535 3088 5607 κριτικήν.
3132 5535 3217 5588 Ἐν
3249 5535 3358 5605 ὅσῳ
3399 5533 3506 5607 γὰρ
3539 5534 3676 5606 αὑτὴ

2109 5621 2184 5692 μὴ
2209 5623 2667 5692 τιμωρεῖταιτοὺς
2692 5624 2928 5690 ἀσεϐεῖς,
2956 5625 3375 5696 τετιμωρείσθαι
3396 5625 3473 5696 (ι)
3493 5624 3674 5676 δοκεῖ’

2105 5709 2426 5790 ἀποδιδοῦσα
2449 5711 2506 5766 δὲ
2531 5711 2746 5784 ἑκάστῳ
2785 5713 2924 5770 κατά
2956 5714 3017 5768 τὸ
3043 5714 3266 5777 δίκαιον,
3297 5712 3559 5784 ὑψοῦσθαι
3591 5711 3679 5765 λέν

437 5895 445 5904 ι
506 5830 582 5903 (Ι)
618 5829 1083 5903 Τετιμωρεῒσθαι.
1112 5829 1218 5890 Pro
1240 5831 1668 5902 τετιμωρῆσθαι,
1695 5838 1751 5889 ﬁt
1767 5841 1821 5890 et
1846 5831 1994 5889 alibi.
2026 5827 2182 5887 Εοιτ-
