3994 6448
224 337 323 393 157

1339 329 1848 402 COMMENTARIA
1887 343 1957 402 IN
1985 343 2324 403 PSALMOS.

3360 357 3463 414 138

213 448 386 502 γεται,
414 431 512 486 καὶ
541 431 740 504 ταύτην
763 431 937 499 οὐδεὶς
960 431 1341 508 ἀποδράσεται.
1375 442 1464 495 Διό
1491 459 1624 512 φησι
1643 461 1656 475 ·
1681 443 1746 498 Tc

1851 457 1866 506 λ
1894 441 2258 510 Quamobrem
2291 445 2368 499 ait
2403 445 2726 503 tradendum
2761 462 2884 506 esse
2915 449 3139 522 impium
3175 453 3231 507 in
3265 469 3462 511 manus

219 521 550 596 παραδοῦναι
595 524 754 578 αὑτὸν
803 529 884 590 εἰς
929 527 1086 599 χεῖρά
1125 545 1239 584 σου.
1282 530 1583 603 Τοιγαροῦν
1622 535 1651 587 ὁ
1696 533 1746 589 σὲ

1891 549 2043 591 suas.
2095 535 2389 592 Enimvero
2435 553 2642 610 pauper
2675 539 2766 596 ille
2790 550 2920 598 tuus
2953 521 3066 598 hiec
3087 545 3252 600 verba
3285 547 3384 604 abs
3410 557 3464 606 te

219 616 428 686 πτωχὸς
471 616 711 682 ἀκούσας
760 618 868 671 τῶν
907 617 1016 674 σῶν
1059 621 1232 690 λόγων
1287 625 1601 692 φασκόντων
1624 643 1638 658 ο
1690 631 1746 682 Μ

1888 629 2101 698 prolata
2131 630 2340 686 audivit
2383 649 2397 687 :
2427 631 2550 688 Non
2581 637 2921 704 vosmetipsos
2947 639 3304 708 defendentes,
3334 644 3463 698 cha-

217 707 465 775 ἑαυτοὺς
499 708 894 777 ἐκδικοῦντες,
937 713 1234 782 ἀγαπητοί
1252 731 1267 746 °
1310 717 1472 772 ἀλλὰ
1499 718 1635 774 δότε·
1685 722 1784 774 τό-

215 809 327 850 πον
351 796 428 866 τῇ
452 794 615 868 ὀργῆ.
665 801 819 870 Ἐμοὶ
859 801 1189 873 ἐκδίκησις,
1221 805 1337 876 ἐγὼ
1357 809 1780 878 ἀνταποδώσω,

211 887 364 959 λέγει
387 891 592 958 Κύριος
607 931 621 944 .

347 982 458 1035 ΕΙΣ
497 983 582 1036 ΤΟ
619 984 842 1039 ΤΕΛΟΣ
877 987 1170 1044 ΨᾹΛΜΟΣ
1206 991 1294 1044 ΤΩ
1330 993 1530 1047 ΔΑΥΙΔ
1569 997 1626 1050 I'.

288 1073 503 1146 Ἐπειδὴ
540 1065 633 1128 καὶ
678 1079 759 1146 τῷ
800 1079 983 1134 Δαυῒδ
1015 1082 1103 1146 εὶς
1126 1081 1190 1135 τὸ
1215 1082 1392 1150 τέλος
1436 1087 1773 1158 γέγραπται·

207 1164 295 1220 καὶ
335 1165 477 1219 κατὰ
516 1167 608 1221 τὸν
657 1168 906 1236 ’Δκύλαν,
954 1171 1034 1238 τῷ
1070 1175 1373 1243 νικοποιῷ,
1409 1179 1549 1233 κατὰ
1585 1180 1642 1233 δὲ
1684 1182 1777 1236 τὸν

203 1255 511 1327 Σύμμαχον,
537 1257 830 1327 ἐπινίκιος
858 1261 966 1316 τοῦ
993 1264 1197 1329 Δαυῒδ,
1237 1269 1450 1339 φήσεις,
1496 1271 1576 1323 ὅτι
1621 1272 1715 1326 καὶ
1745 1275 1776 1327 ὁ

202 1345 356 1400 Δαυῒδ
381 1348 518 1417 μετά
549 1350 649 1421 τὴν
682 1352 965 1423 συμϐᾶσαν
990 1356 1138 1428 αὐτῷ
1161 1359 1445 1431 συμφορὰν
1477 1361 1680 1432 ἔφασκε
1705 1367 1774 1418 τὰ

201 1438 552 1509 προκείμενα.

180 1583 188 1592 _
277 1530 397 1583 Ἐπὶ
437 1531 520 1596 τῷ
562 1535 758 1602 Κυρίῳ
790 1538 1046 1596 πέποιθα
1067 1558 1080 1570 ’
1119 1543 1246 1610 πῶς
1277 1545 1463 1614 ἐρεῖτε
1493 1548 1569 1619 τῇ
1596 1551 1771 1622 ψυχῇ

193 1635 334 1686 μουο
378 1623 841 1680 Μεταναοντεύου
876 1629 976 1682 ἐπὶ
1025 1631 1096 1684 τὰ
1131 1631 1238 1702 ὅρη
1283 1635 1365 1702 ὡς
1414 1643 1768 1707 στρουθίων

197 1708 400 1763 Τελείου
435 1714 607 1785 φωνὴ,
640 1719 736 1772 καὶ
765 1720 908 1774 κατὰ
930 1721 1020 1777 τὸν
1055 1726 1372 1783 Ἀπόστολον
1405 1733 1576 1786 εἰπεῖν
1606 1735 1765 1790 δυνα-

197 1801 369 1872 μένου,
424 1807 520 1872 Τίς
571 1808 730 1877 ἡμᾶς
772 1816 1015 1882 χωρίσει
1055 1819 1174 1874 ἀπὸ
1222 1821 1330 1891 τῆς
1375 1823 1610 1896 ἀγάπης
1655 1832 1763 1887 τοῦ

196 1895 373 1959 Θεοῦ;
401 1898 476 1951 Οὐ
510 1901 652 1954 κατὰ
679 1904 770 1958 τὸν
802 1906 968 1980 ἀτελῆ
997 1909 1089 1965 τὸν
1119 1917 1262 1987 φυγῇ
1299 1895 1763 1988 μετανασεεύοντα

189 1985 342 2039 τόπον
374 1989 439 2042 ἐκ
483 1990 674 2057 τόπου,
718 1995 810 2049 καὶ
857 2000 1255 2071 περιφεύγοντα
1283 2008 1408 2071 τοὺς
1447 2008 1756 2077 διώκοντας.

190 2076 337 2130 liabet
365 2079 429 2151 δὴ
463 2083 743 2154 στρουθίον
780 2089 908 2153 τοὺς
947 2089 1292 2163 θηρεύοντας,
1321 2097 1399 2162 ὃς,
1441 2099 1544 2154 κᾶν
1572 2101 1761 2172 διαφύ-

189 2184 287 2237 γοι,
315 2169 457 2240 λέγοι
485 2173 554 2227 ἄν
576 2191 590 2205 ο
647 2177 709 2232 Ἠ
734 2181 907 2249 ψυχὴ
931 2183 1100 2252 ἡμῶν
1129 2187 1210 2253 ὡς
1247 2192 1568 2257 στρουθίον
1590 2169 1760 2262 ἐῤῥύ-

187 2266 294 2329 σθη
335 2263 402 2318 ἐκ
431 2266 547 2336 τῆς
569 2269 818 2340 παγίδος
847 2272 966 2328 τῶν
1002 2279 1395 2346 θηρευόντων.

254 2354 367 2409 Ὅτι
410 2356 448 2411 d
493 2365 832 2430 κατηρτίσω
872 2370 1180 2425 καθεῖλονο
1233 2378 1268 2430 ὁ
1313 2377 1383 2431 δὲ
1427 2379 1655 2451 δίκαιος
1701 2387 1758 2440 τί

184 2442 450 2543 ἐποίησε
484 2453 703 2522 Κύριος
744 2458 815 2512 ἐν
852 2459 977 2527 ναῷ
1005 2463 1151 2534 ἁγίῳ
1192 2470 1400 2536 αὐτοῦ,
1436 2442 1652 2543 Κύριος
1685 2479 1756 2532 ἐν

184 2538 404 2638 ουρανᾷξ
431 2544 467 2594 ό
510 2547 722 2614 θρόνος
760 2551 968 2607 αὐτοῦ.
1013 2559 1078 2609 Ol
1108 2559 1402 2631 ὀφθαλμοὶ
1445 2538 1642 2622 αὐντοῦν
1665 2573 1754 2638 εἰς

183 2630 279 2683 τὸν
330 2632 568 2704 πένητα
615 2639 1051 2713 ἀποϐλέπουσι,
1101 2651 1172 2704 τὰ
1224 2630 1509 2725 ,βλέφαρα
1564 2630 1752 2716 aurai;

181 2720 422 2820 ἐξεῖάζει
469 2727 616 2796 ⁴τοὺς
660 2734 831 2800 υἱοὺς
871 2736 992 2789 τῶν
1021 2720 1365 2810 ἀνθρώπων-ξ
1404 2720 1620 2818 Ιξύριος
1648 2753 1749 2820 ἐξ·

180 2812 348 2874 ετάᾱι
379 2816 492 2871 τὸν
514 2819 748 2877 δίκαιον
775 2827 1002 2882 καὶτὸν
1029 2830 1232 2900 ἀσεϐῆ.
1279 2837 1338 2889 ’0
1368 2812 1526 2908 μόνος
1545 2812 1749 2911 Sinnio;

179 2905 264 3009 καὶ
299 2910 495 2982 κριτὴς
529 2911 680 2979 Θεὸς,
727 2918 854 2982 τοὺς
879 2919 1072 2976 ἑαυτοῦ
1104 2905 1540 3000 πολεμουμένους
1581 2905 1745 3009 ὁρῶν,

1887 723 2121 786 rissimi;
2149 723 2238 778 sed
2258 725 2379 780 date
2408 726 2580 782 locum
2608 731 2703 783 irm
2733 749 2750 784 :
2791 728 2929 785 Mihi
2965 734 3219 800 vindicta,
3253 754 3344 807 ego
3377 754 3460 792 re-

1885 815 2138 883 tribuam,
2171 815 2300 870 dicit
2329 817 2585 876 Dominus
2614 824 2680 876 ”.

2109 995 2160 1049 l.
2208 994 2274 1050 1N
2317 996 2528 1052 FINEM
2566 993 2888 1059 PSALMUS
2926 1004 3135 1061 DAV'ID
3170 1004 3237 1065 Χ.

1948 1085 2398 1157 Quandoquidem
2429 1089 2622 1145 Davidi
2657 1095 2712 1147 in
2753 1097 2929 1164 ﬁnem,
2982 1099 3284 1170 inscriptus
3331 1110 3451 1172 est;

1877 1181 1932 1232 et
1979 1177 2135 1246 juxta
2194 1179 2480 1250 Aquilam,
2541 1185 2762 1248 victori;
2813 1189 2969 1256 quIa
3030 1189 3449 1262 Symmachum.

1879 1271 2211 1340 triumphalis
2239 1274 2460 1329 Davidis
2481 1293 2501 1334 ;
2527 1279 2694 1346 probe
2729 1279 2954 1344 inferas,
2984 1283 3240 1342 Davidem
3265 1289 3453 1347 isthmc

1875 1373 1999 1436 post
2027 1368 2238 1422 illatam
2270 1369 2375 1425 sibi
2407 1371 2772 1428 calamitatem
2803 1381 3210 1444 pronuntiasse.

1944 1544 2114 1602 Vens.
2165 1547 2220 1606 2.
2265 1547 2332 1602 In
2378 1548 2606 1604 Domino
2660 1551 2869 1620 con/ida
2905 1566 2920 1603 :
2965 1557 3224 1625 quomodo
3269 1557 3448 1616 dicitis

1871 1641 2064 1695 anima:
2104 1657 2232 1695 mea:
2265 1657 2284 1695 :
2316 1641 2661 1715 Transmigra
2689 1645 2758 1699 in
2808 1659 3006 1702 montes
3055 1652 3191 1705 sicut
3227 1658 3449 1721 passer?

1870 1730 1996 1787 Haec
2025 1734 2128 1788 viri
2171 1733 2398 1804 perfecti
2445 1751 2549 1790 vox
2590 1744 2696 1799 est,
2737 1739 2829 1808 qui
2860 1743 3160 1796 secundum
3210 1745 3447 1816 Aposto-

1868 1824 1979 1879 lum
2019 1823 2202 1881 dicere
2238 1825 2418 1880 valeat
2449 1845 2464 1881 :
2500 1827 2633 1892 Quis
2665 1845 2760 1883 nos
2813 1832 3084 1899 separabit
3118 1851 3151 1887 a
3182 1835 3446 1892 charitate

1869 1915 1968 1970 Dei
2031 1913 2048 1942 ¹
2082 1915 2105 1966 ?
2175 1915 2296 1971 Non
2327 1932 2481 1972 more
2505 1918 2809 1988 imperfecti
2841 1922 3100 1988 hominis,
3135 1927 3227 1995 qui
3258 1943 3446 1997 persc-

1863 2007 2157 2078 quentibds
2181 2017 2238 2061 ut
2269 2023 2329 2064 se
2369 2009 2656 2078 proripiat,
2691 2010 2760 2066 de
2793 2013 2914 2068 loco
2956 2015 3011 2068 in
3045 2016 3224 2072 locum
3259 2027 3444 2078 trans-

1860 2099 2078 2169 migrat.
2111 2098 2214 2164 Qui
2250 2099 2318 2162 si,
2372 2106 2433 2154 ut
2483 2115 2677 2170 passer
2711 2113 3025 2170 venatores,
3072 2107 3312 2178 ell‘ugere
3344 2126 3441 2165 va-

1860 2191 1988 2255 leat,
2020 2192 2142 2260 jure
2167 2191 2368 2247 dixerit
2398 2212 2411 2246 :
2447 2195 2645 2247 Anima
2683 2206 2866 2250 nostra
2892 2199 3026 2253 sicut
3057 2215 3240 2270 passer
3261 2216 3440 2273 erepta

1857 2292 1935 2337 est
1963 2282 2026 2337 de
2055 2282 2242 2354 laqueo
2270 2283 2630 2342 venantium’.

1887 2374 2095 2431 ‘Vsns.
2151 2375 2273 2432 4-6.
2342 2375 2606 2442 Quoniam
2663 2394 2780 2447 qure
2839 2379 3104 2449 pet-fecisti
3161 2385 3438 2440 destruxe-

1857 2477 2000 2531 runt,
2011 2468 2190 2537 justus
2205 2479 2377 2523 autem
2394 2470 2520 2540 quid
2534 2471 2652 2540 fecit
2669 2474 2692 2526 ?
2708 2470 2965 2527 Dominus
2979 2474 3030 2527 in
3052 2476 3240 2546 templo
3253 2488 3438 2534 sancto

1855 2575 1973 2624 suo,
2005 2559 2265 2614 Dominus
2303 2561 2357 2614 in
2383 2563 2510 2616 ccelo
2535 2562 2681 2616 sedes
2713 2562 2849 2632 ejus.
2890 2562 3046 2619 Oculi
3077 2566 3190 2635 ejus
3223 2569 3274 2622 in
3294 2585 3432 2637 pau-

1851 2667 2026 2721 perem
2071 2653 2388 2722 respiciunt,
2439 2654 2704 2724 palpebra:
2745 2656 2862 2724 ejus
2912 2657 3237 2730 interrogant
3287 2661 3431 2731 ﬁlios

1852 2745 2143 2800 hominum.
2169 2747 2422 2800 Dominus
2446 2747 2736 2818 interrogat
2748 2749 2958 2818 justum
2980 2759 3028 2804 et
3057 2752 3298 2823 impium.
3319 2764 3427 2809 etc.

1853 2836 1997 2893 Deus
2029 2839 2120 2910 qui
2171 2839 2321 2894 solus
2343 2840 2529 2910 justus
2567 2854 2619 2896 et
2644 2841 2812 2911 judex
2861 2849 2965 2907 est,
2999 2859 3122 2898 cum
3171 2861 3304 2902 suos
3333 2841 3443 2917 οι)-⁴

1851 2929 2080 3000 pugnari
2120 2938 2388 2995 cerneret,
2435 2932 2563 3000 quid
2605 2931 2768 2987 fecit?
2794 2932 2845 2987 ls
2875 2949 3010 2990 sane
3037 2935 3138 2990 etsi
3177 2937 3234 2990 in
3284 2940 3426 2993 cado

177 2995 226 3048 τί
269 2999 556 3070 lmine-ev;
611 3005 698 3058 Ἐν
743 3009 956 3081 οὐρανῷ
1004 3017 1272 3072 κατοικῶν
1326 3021 1419 3074 καὶ
1473 3023 1746 3094 βασιλείαν

1851 2995 2083 3086 habitet,
2117 3036 2181 3076 ac
2210 3021 2427 3077 ﬁrmum
2451 2995 2852 3094 immobileque
2895 3042 3122 3096 regnum
3157 3028 3422 3094 obtineat,

177 3083 301 3155 ἔχων
329 3089 646 3160 ἀσάλευτον,
680 3097 830 3151 οὐδὲν
861 3100 971 3154 τῶν
1001 3103 1094 3158 ἐπὶ
1125 3106 1230 3177 γῆς
1262 3083 1497 3186 παρορᾷ..
1522 3118 1746 3192 Χαρίξε-

1851 3116 2055 3170 nullam
2089 3122 2430 3171 terrenarum
2464 3131 2647 3171 rerum
2686 3117 2931 3188 negligit.
2964 3111 3199 3192 Pauperi
3237 3132 3437 3176 autem‘

175 3193 255 3230 ται
281 3179 336 3233 δὲ
373 3181 456 3254 τῷ
499 3185 691 3259 πένητι
723 3190 832 3244 τῶν
867 3193 1231 3268 εὐεργετικῶν
1267 3203 1432 3260 αὐτοῦ
1464 3207 1746 3284 δυνάμεων

1851 3209 1906 3265 id
1934 3209 2123 3281 gratiae
2155 3207 2388 3272 confert,
2416 3216 2474 3262 ut
2503 3207 2869 3264 beneﬁcarum
2901 3213 3164 3267 virtutum
3197 3229 3419 3270 suarum

310 3273 640 3350 ἐπισκοπὴν,
696 3281 762 3346 ἃς
814 3301 980 3357 φησιν
1027 3290 1370 3364 ὀφθαλμούςο
1410 3269 1612 3375 ὥσπερ.
1651 3269 1744 3364 οὖν

175 3359 404 3438 βλέφαρα
448 3369 552 3442 τὴν
599 3375 848 3448 κριτικὴν
885 3380 1049 3436 αὑτοῦ
1085 3385 1180 3438 καὶ
1204 3359 1396 3444 ’πάντα
1441 3359 1743 3470 διακρινουξι

174 3469 262 3552 σαν
283 3459 564 3530 πρόνοιαν.
591 3463 692 3518 Διὰ
718 3466 1066 3546 δικαιοσύνην
1097 3474 1152 3530 δὲ
1180 3483 1359 3550 κρινεῖ
1388 3485 1481 3537 καὶ
1511 3459 1637 3552 τοὺς
1663 3491 1741 3545 δι-

173 3541 363 3610 καίους,
407 3549 487 3620 μή
515 3567 568 3603 τι
595 3553 688 3607 καὶ
715 3556 878 3622 αὐτὸς
907 3541 1383 3639 πεπλημμέληται.

165 3999 218 4104 ξδ
245 4005 520 4104 ποτήριον,
552 4013 628 4072 ὡς
655 4013 712 4064 ἐν
744 4014 983 4104 ,Ἡσαΐᾳο
1025 4018 1372 4094 Ἐξεγείρου,
1405 3999 1728 4104 ἐξεγείρου,

175 4085 610 4170 Ίερουσαλὴμ,ἠ
626 4103 850 4160 πιοῦσα
861 4085 1225 4183 τιὸ-ποτήριον
1234 4085 1643 4201 claudier;ng
1656 4130 1673 4183 l
1685 4130 1726 4201 ),

164 4185 464 4296 :dIudrdz')‘
483 4191 592 4248 τοῦ
643 4201 854 4268 θυμοῦ.
909 4205 1072 4274 Λέγει
1117 4209 1174 4263 δὲ
1221 4213 1313 4268 καὶ
1358 4216 1437 4288 τῷ
1490 4185 1727 4296 Ἱεροεμία

162 4271 306 4341 Θεός·
331 4279 490 4335 Λάϐε
516 4285 624 4339 τοῦ
651 4287 821 4343 οἴνου
844 4291 950 4346 τοῦ
977 4271 1238 4363 ἀκράτου
1261 4301 1330 4354 ἐκ
1364 4271 1722 4378 Zama—13;,

163 4368 246 4421 καὶ
279 4373 548 4440 ποτίσεις
576 4378 721 4431 αὐτὸ
764 4381 962 4437 πάντα
989 4387 1061 4439 τὰ
1091 4387 1256 4460 ἔθνη,
1297 4368 1722 4464 πρὸς-οὖςυέγῶ

160 4457 462 4518 ἀποστελῶ
491 4483 584 4521 σε.
624 4469 836 4526 Ὀποϊον
863 4475 924 4528 τὸ
953 4457 1309 4552 προκείμενον
1335 4457 1628 4560 ⁷πολτήριον,
1650 4457 1722 4545 οὗ
1753 4475 1798 4530 Ῑ)

159 4550 211 4650 τὲ
238 4551 510 4650 πλήρωμα
551 4560 662 4633 πῦρ
696 4565 788 4617 καὶ
815 4566 974 4633 θεῖον,
1009 4573 1102 4626 καὶ
1131 4550 1350 4648 πνεῦμα
1379 4550 1720 4650 καέαιγίδος·

159 4635 293 4746 Eia-61h
333 4648 576 4746 ap'pGola
598 4655 666 4709 τὰ
697 4658 838 4713 κατὰ
876 4660 1122 4733 Σοδόμων
1161 4635 1727 4746 ἐπενεχθέντα.’Δηλοῖ

157 4731 284 4834 δὲτὸ
323 4737 436 4810 πῦρ
467 4741 566 4814 τὴν
605 4743 946 4814 διακαύσεως
973 4731 1224 4827 ἀπειλὴν,
1254 4731 1411 4811 τὸηδὲ
1452 4755 1594 4814 θεῖον
1624 4731 1724 4834 Ῑτὴν

157 4819 509 4898 διεγείρουσαν
559 4833 638 4886 ἔτι
691 4836 891 4904 μᾶλλον
947 4841 1006 4894 τὸ
1061 4819 1173 4916 πῦρ
1211 4819 1498 4922 ἀφορμὴν,
1551 4853 1613 4906 τὸ
1663 4819 1722 4908 δὲ

157 4916 356 4989 πνεῦμα
375 4921 476 4992 τῆς
499 4927 825 4996 καταιγίδος,
853 4936 1157 5018 πειρασμοῦ
1192 4916 1515 5014 συστροφὴν.
1544 4945 1712 5018 Εἴρη-

155 5023 231 5062 ται
267 5011 373 5084 γὰρ
401 5017 458 5070 ὲν
499 5017 726 5092 Ἡσαΐᾳ·
775 5021 868 5089 Ὡς
899 5007 1170 5098 καὲαιγὶς
1200 5028 1276 5082 δι’
1565 5007 1714 5092 δὶέὰ-

155 5101 231 5202 θοι
251 5103 541 5178 ἐρχομένη
564 5111 776 5182 ἐγγύςο
807 5118 1060 5186 φοϐερὸν
1087 5120 1152 5174 τὸ
1184 5122 1373 5193 ὅραμα
1397 5101 1496 5181 real
1527 5135 1715 5202 σκλη-

151 5191 249 5255 Ρὸν
273 5196 572 5270 ἀνηγγέλη
601 5222 720 5273 μοι.
756 5207 910 5261 Ἐστι
931 5209 987 5263 δὲ
1011 5212 1104 5264 καὶ
1134 5216 1247 5278 τοῖς
1274 5191 1522 5274 εὐσεϐέσι
1545 5191 1712 5296 stati):-

159 5298 256 5352 ριον
288 5288 350 5342 τὸ
395 5293 662 5362 μεθύσκον
703 5297 780 5363 ὼς
824 5301 1131 5371 κράτιστον,
1163 5308 1292 5378 περὶ
1333 5304 1394 5364 οὗ
1431 5311 1572 5383 τάχα
1617 5288 1710 5369 καὶ.

155 5379 283 5434 κεῖνο
319 5381 563 5441 λέλεκται
582 5404 596 5418 ο
643 5391 855 5460 Κύριος
881 5395 919 5463 ἡ
948 5395 1118 5464 μερὶς
1153 5396 1262 5466 τῆς
1307 5379 1706 5475 κληρουομίας

155 5483 253 5533 μου
283 5475 380 5529 καὶ
424 5479 530 5533 τοῦ
567 5485 874 5533 ποτηρίου.
907 5487 1017 5533 Καὶ
1056 5487 1126 5533 δι’
1172 5490 1347 5533 timum;
1392 5497 1610 5533 ιιι-νηοῖς...
1643 5500 1704 5533 ,λ

1851 5422 1993 5477 alicis
2025 5423 2124 5478 mel
2147 5423 2187 5478 ⁸.
2222 5423 2300 5478 Ac
2333 5439 2432 5494 per
2474 5431 2620 5479 recte
2665 5423 2809 5478 facta
2846 5425 3101 5482 vitandus
3142 5428 3252 5494 ille,
3288 5429 3379 5484 hic
3434 5439 3442 5453 ‘

1937 5513 2213 5533 |-_.__J,_-
2251 5522 2322 5533 -_.
2611 5500 2797 5533 ,ι
2844 5525 2854 5533 .

1847 3299 2187 3370 inspectione
2222 3305 2473 3354 servetur
2504 3318 2517 3352 :
2552 3315 2690 3370 quas
2739 3300 2994 3367 virtutes,
3043 3303 3232 3359 oculos
3275 3321 3415 3360 ιιιιιι⁴

1845 3397 2045 3462 cupat;
2082 3406 2190 3460 qua
2226 3391 2356 3446 item
2388 3392 2602 3446 ratione
2638 3392 2914 3462 palpebra:
2946 3393 3067 3464 ejus
3104 3396 3416 3466 significant

1837 3483 2151 3554 iudicialem
2178 3483 2324 3538 illius
2347 3484 2746 3556 providentiam
2767 3501 2874 3555 qua
2914 3488 3097 3542 omnia
3127 3488 3415 3558 dijudicat.

1840 3575 2071 3646 Propter
2103 3574 2378 3644 justitiam
2433 3583 2614 3630 autem
2661 3591 2814 3631 suam
2858 3577 2942 3633 vel
2993 3579 3172 3649 ipsum
3204 3582 3415 3651 justum

1835 3667 2125 3738 judicabit,
2159 3682 2228 3722 ne
2259 3674 2313 3721 et
2337 3666 2455 3737 ipse
2493 3682 2710 3738 quoque
2740 3669 2794 3722 in
2823 3679 3105 3739 peccatum
3136 3673 3411 3732 inciderit.

1908 3757 2074 3814 Vsus.
2114 3759 2163 3813 ‘7.
2205 3757 2363 3812 Pluet
2395 3775 2556 3828 super
2578 3771 2878 3828 peccatores
2917 3762 3154 3834 laqueos,
3188 3766 3323 3836 ignis
3363 3778 3414 3822 et

1716 3882 1734 3894 -
1835 3851 2057 3919 sulphur
2088 3858 2137 3904 et
2169 3850 2388 3919 spiritus
2418 3851 2796 3921 procellarum,
2836 3871 2959 3923 pars
2991 3858 3172 3912 colicis
3207 3875 3408 3914 eorum.

1833 3943 1988 3999 Calix
2015 3944 2266 4016 graviora
2298 3944 2620 4015 plerumque
2651 3949 2918 4017 supplicia
2943 3950 3234 4018 signiﬁcat,
3271 3961 3328 4006 ut
3353 3953 3410 4008 in

1833 4030 1972 4092 Isaia
2009 4056 2022 4092 :
2073 4035 2336 4109 Exsurge,
2358 4051 2601 4108 exsurge,
2625 4037 2944 4104 Jerusalem,
2969 4057 3086 4111 qua:
3115 4041 3293 4098 bibisti
3320 4063 3411 4100 ca-

1831 4129 1982 4184 licem
2012 4131 2200 4197 ruinte,
2248 4111 2495 4194 poculum
2525 4131 2619 4185 irtc
2643 4133 2683 4184 ³.
2718 4129 2968 4186 Ieremia:
3011 4149 3230 4205 quoque
3271 4137 3405 4192 dicit

1831 4221 1972 4276 Deus
2004 4240 2016 4274 :
2045 4219 2204 4274 Sume
2233 4221 2409 4274 uinum
2452 4237 2554 4275 non
2593 4221 2818 4274 dilutum
2864 4223 2928 4276 de
2975 4240 3135 4278 manu
3178 4243 3312 4292 mea,
3353 4239 3406 4283 et

1827 4313 2033 4383 potabis
2057 4328 2121 4366 ea:
2147 4329 2206 4367 eo
2236 4329 2413 4367 omnes
2432 4323 2628 4384 gentes,
2663 4315 2732 4367 ad
2771 4331 2902 4384 quas
2928 4332 3019 4387 ego
3049 4319 3255 4373 mittam
3288 4330 3336 4374 te
3358 4323 3398 4376 ⁵.

1826 4400 2016 4474 Qualis
2040 4413 2123 4461 est
2156 4406 2298 4461 calix
2326 4405 2392 4462 de
2415 4421 2526 4476 quo
2549 4406 2661 4476 jam
2693 4409 2895 4479 agitur,
2934 4411 3100 4480 cujus
3121 4413 3402 4483 plenitudo

1828 4501 1968 4572 ignis
2021 4507 2076 4554 et
2125 4499 2356 4568 sulphur
2412 4507 2466 4553 et
2516 4498 2746 4568 spiritus
2793 4503 3192 4572 procellarum;
3239 4507 3416 4575 cujug'

1826 4607 1959 4648 sane
1989 4590 2234 4662 symbola
2263 4605 2327 4646 ea
2359 4589 2476 4660 ipsa
2509 4597 2637 4645 sunt
2665 4606 2787 4662 quae
2817 4601 3008 4649 contra
3040 4595 3276 4652 Sodoma
3296 4599 3399 4652 im-

1825 4683 1994 4738 missa
2022 4681 2194 4736 fuere.
2241 4679 2449 4736 indicat
2484 4696 2649 4752 porro
2685 4683 2828 4754 ignis
2869 4679 3110 4742 incendii
3153 4704 3216 4745 ac
3260 4691 3410 4745 adu-'

1823 4774 2018 4830 stionis
2056 4773 2273 4828 minas:
2301 4771 2552 4842 sulphur,
2596 4773 2738 4840 ignis
2773 4774 3095 4842 fomentum,
3132 4795 3241 4850 quo
3267 4779 3409 4850 plus

1827 4865 2162 4932 exardescit;
2193 4864 2421 4935 spiritus
2460 4865 2846 4934 procellarum,
2890 4871 3211 4924 tentationis
3259 4887 3393 4928 con-

1819 4959 2148 5015 versionem.
2185 4958 2244 5010 In
2277 4956 2413 5012 lsaia
2451 4973 2687 5029 namque
2707 4960 2910 5014 dicitur
2937 4979 2950 5015 :
2981 4959 3132 5016 Sicut
3159 4965 3390 5032 procella

1815 5067 1908 5121 per
1931 5051 2194 5105 desertum
2223 5052 2608 5119 pertransierit,
2641 5067 2800 5136 prope
2822 5053 3069 5120 accedens
3093 5069 3112 5107 :
3139 5056 3388 5112 terribilis

1814 5146 1946 5200 visio
1973 5154 2023 5199 et
2053 5144 2187 5197 dura
2215 5145 2461 5198 nuntiata
2492 5143 2620 5197 mihi
2646 5155 2724 5199 est
2744 5145 2794 5200 ⁸.’
2821 5145 2930 5202 Piis
2951 5164 3166 5219 quoque
3193 5150 3386 5205 homi-

1814 5239 1978 5292 nibus
2009 5238 2150 5292 calix
2200 5237 2481 5307 inebrians
2516 5254 2677 5308 quam
2711 5241 3149 5309 potentissimus,
3182 5244 3250 5300 de
3276 5263 3385 5315 quo

1813 5329 2049 5384 fortasse
2092 5329 2294 5383 dicitur
2321 5349 2334 5384 :
2363 5329 2622 5384 Dominus
2655 5345 2780 5399 pars
2821 5331 3146 5390 hereditatis
3178 5353 3306 5391 metu
3335 5347 3384 5392 et

150 5483 253 5584 μρυ
283 5475 380 5529 καὶ
424 5479 530 5533 τοῦ
567 5485 874 5551 ποτηρίου.
907 5487 1017 5540 Καὶ
1056 5487 1126 5542 δι’
1172 5490 1347 5564 ἔργων
1392 5497 1610 5565 ἀγαθῶν
1643 5500 1705 5553 τὸ

1851 5513 2216 5584 mplectendus
2243 5475 2348 5570 est:

155 5559 242 5631 μὶν
267 5572 472 5637 φυγεῖν,
503 5571 564 5625 τὸ
593 5573 648 5626 δὲ
682 5576 1031 5648 αἱρήσεσθαι.

213 5657 267 5732 "_
294 5659 449 5718 Rom.
485 5682 598 5732 xu,
635 5669 722 5724 l9.

153 5722 209 5787 Ι.
241 5729 292 5782 2.
367 5733 389 5764 ⁶
425 5733 566 5792 Psal.
585 5722 720 5805 αι’,
741 5740 794 5796 5.

804 5680 818 5702 ι
859 5671 1018 5728 Rom.
1056 5691 1176 5744 vm,
1223 5681 1312 5736 55.
1389 5684 1411 5716 ²
1447 5683 1592 5741 Psal.
1629 5702 1746 5743 cxxl

1859 5675 1913 5751 7.
1959 5673 2162 5750 i'olsa.
2197 5711 2283 5765 ιι,
2324 5697 2410 5751 l7.
2459 5697 2508 5780 _‘
2544 5695 2658 5753 Jer.
2698 5713 2839 5765 xxv,
2881 5660 2982 5753 13.⁴
3039 5701 3059 5731 ⁸
3102 5699 3203 5754 lsa.
3247 5714 3401 5766 xxx,

216 5824 286 5895 μ)
330 5825 741 5899 Εὶσπτώσεως.
770 5834 934 5892 Forte
968 5839 1311 5907 ἐκπτώσεως.
1341 5841 1504 5913 LXX,
1539 5844 1813 5912 πτώσεως.
1843 5847 2000 5907 Eon.

441 5924 643 5987 Pun.
676 5924 792 5986 Gn.
838 5927 1086 5994 XXlll.

3052 5950 3094 6013 5
