3994 6448
430 309 534 366 ὶδθ

1092 307 1360 366 Ευδεοιι
1394 305 1872 364 CESARIENSIS
1908 301 2001 359 0P]

2102 281 2286 351 PARS
2341 277 2420 338 Ill.
2463 323 2540 341 κ.
2575 298 2984 355 EXEGETICA.

3561 294 3665 350 N0
3705 247 3716 269 Ι

485 420 665 477 'Vilts.
709 419 762 474 8.
803 417 1065 486 Quoniam
1100 421 1279 489 justus
1332 420 1586 474 Dominus
1611 460 1627 484 ,
1668 429 1718 472 et
1759 419 1992 486 iustitias

2170 408 2288 464 Ὀτι
2338 402 2570 480 δίκαιος
2607 416 2820 482 Κύριος
2861 415 2958 468 καὶ
3001 413 3385 478 δικαιοσύνας
3429 412 3664 482 ἠγάπη-

427 513 636 575 dilexit,
667 513 964 582 aequitatem
991 512 1119 565 vidit
1151 513 1325 566 vultus
1347 511 1481 580 ejus.
1529 510 1661 564 Nam
1693 518 1878 580 utpote
1905 509 1996 578 ju-

430 611 552 658 stus
572 616 865 672 pauperem
900 603 1138 672 respicit,
1173 611 1486 670 peccatores
1513 603 1759 671 corripit.
1789 599 1995 653 Natura

430 699 611 746 autem
659 706 781 753 sua,
838 707 946 745 non
990 692 1408 761 participatione
1453 692 1637 759 justus
1672 699 1778 760 est.
1824 692 1997 745 Crete-

429 796 549 834 rum
589 795 715 835 cum
765 780 839 834 ita
886 797 945 836 se
996 780 1213 843 habeat,
1241 780 1508 848 justitias,
1559 797 1680 850 quae
1710 782 1765 835 in
1808 782 1995 838 multis

429 873 614 943 probis
648 871 784 929 viris
820 874 1187 943 reperiuntur,
1215 873 1411 942 diligit,
1454 889 1518 927 ae
1562 878 1836 944 cujusque
1869 889 1996 945 pro-

432 962 671 1031 positum
707 965 994 1035 approbat.
1039 964 1280 1037 Singulis
1323 981 1457 1021 sane
1486 965 1712 1036 judiciis
1748 967 1995 1036 quaedam

426 1053 642 1122 iustitia
690 1055 1069 1112 inestzmulta
1113 1065 1293 1113 autem
1341 1065 1470 1114 sunt
1512 1059 1717 1127 judicia
1765 1059 1881 1123 Dei,
1927 1060 1996 1114 de

429 1146 631 1217 quibus
661 1147 925 1219 scriptum
961 1158 1083 1205 est:
1121 1147 1336 1203 Iudicia
1379 1149 1591 1203 Domini
1620 1165 1762 1214 vera,
1789 1151 1997 1220 justiﬁo

428 1247 552 1291 cata
603 1238 657 1292 in
709 1241 988 1308 semetipsa
1008 1242 1048 1295 ⁷.
1116 1240 1295 1296 Multae
1354 1243 1520 1311 igitur
1565 1243 1793 1312 justitiae
1843 1251 1990 1298 sunt.

431 1329 765 1402 Equitatem
799 1349 1017 1404 quoque
1073 1336 1249 1396 videt,
1302 1335 1555 1390 videlicet
1601 1352 1794 1391 sanam
1841 1335 1994 1390 verbi

430 1426 756 1480 sententiam
802 1433 857 1480 et
901 1425 1208 1480 doctrinam
1235 1447 1248 1482 :
1274 1429 1472 1497 gaudet
1513 1430 1714 1500 quippe
1763 1427 1831 1483 de
1874 1429 1996 1498 ejus

428 1521 754 1584 cultoribus,
794 1522 1008 1576 etiamsi
1034 1521 1213 1578 videat
1253 1539 1348 1579 eos
1389 1523 1654 1578 conviciis
1689 1529 1743 1576 et
1774 1522 1997 1576 maledi-

428 1612 535 1668 ctis
576 1613 874 1684 impetitos.
910 1612 1198 1684 Nunquam
1237 1625 1419 1669 autem
1455 1616 1640 1686 plures
1685 1615 1992 1684 mquitates,

428 1701 656 1772 perinde
678 1704 1093 1772 atquejustitia:
1123 1705 1178 1758 in
1208 1704 1432 1774 judiciis
1465 1704 1670 1767 multae,
1703 1703 1994 1757 habentur.

2095 523 2229 570 σεν,
2254 503 2547 572 εὐθύτητα
2587 503 2707 560 εἶδε
2733 507 2799 559 τὸ
2831 507 3152 572 πρόσωπον
3183 507 3388 560 αὐτοῦ.
3431 507 3517 570 Ὠς
3555 509 3666 577 γὰρ

2095 599 2300 661 δίκαιος
2331 598 2609 651 ὲπιδλέπει
2644 599 2740 669 μὲν
2777 598 2868 650 τὸν
2903 599 3128 666 πένητα,
3173 597 3414 650 παιδεύει
3453 598 3508 651 δὲ
3535 600 3667 662 τοὺς

2098 687 2479 760 ἁμαρτωλούς’
2537 690 2696 759 οὐσίᾳ
2745 688 2802 741 δὲ
2847 687 3051 751 δίκαιός
3101 689 3269 748 ἐστιν,
3319 689 3381 741 οὐ
3439 694 3662 760 μετοχῇ.

2098 783 2244 854 Πλὴν
2272 783 2365 836 καὶ
2391 782 2562 845 οὕτως
2594 781 2734 852 ἔχων
2775 780 2964 850 ἀγαπᾷ
2989 779 3087 842 τὰς
3111 781 3169 831 ὲν
3195 782 3308 842 τοῖς
3341 779 3552 844 πολλοῖς
3584 780 3668 834 δι-

2097 875 2271 938 καίοις
2303 873 2666 937 δικαιοσύνας,
2698 871 2795 942 τὴν
2825 871 3054 925 ἑκάστου
3105 870 3358 943 πρόθεσιν
3407 872 3670 943 ἀποδεχό-

2100 983 2277 1037 μενος.
2316 965 2473 1019 Ἀλλὰ
2516 966 2608 1018 καὶ
2647 965 2876 1018 ἑκάστου
2904 963 3168 1035 κρίματός
3196 964 3311 1017 ὲστί
3343 982 3427 1028 τις
3470 965 3670 1019 δικαιο-

2100 1059 2230 1131 σύνη
2251 1076 2265 1090 ⁸
2301 1059 2470 1113 πολλὰ
2508 1059 2565 1111 δὲ
2593 1058 2661 1112 τὰ
2692 1059 2934 1127 κρίματα
2965 1056 3061 1110 τοῦ
3106 1056 3260 1121 Θεοῦ,
3304 1058 3431 1128 περὶ
3460 1051 3535 1110 ὧν
3582 1055 3670 1126 γὲρ

2097 1169 2372 1224 γραπταισ
2414 1152 2491 1206 Tt’t
2520 1151 2770 1219 κρίματα
2819 1150 3034 1217 Kvplov
3075 1150 3329 1216 ἀληθινὰ
3371 1149 3672 1205 deducatu-

2092 1245 2247 1315 μένα
2278 1244 2376 1298 ἐπὶ
2421 1243 2486 1297 τὸ
2519 1245 2686 1297 αὐτό.
2725 1241 2924 1295 Πολλαὶ
2952 1243 3059 1312 ἄρα
3089 1243 3181 1294 καὶ
3213 1244 3268 1294 αἱ
3311 1241 3663 1297 δικαιοσύναι.

2098 1337 2290 1390 Βλέπει
2318 1337 2374 1391 δὲ
2408 1338 2505 1390 καὶ
2553 1335 2843 1407 εὐθύτητα,
2885 1337 2984 1408 τὴν
3029 1336 3164 1406 πρὸς
3204 1338 3295 1390 τὸν
3322 1337 3478 1409 ὀρθὸν
3509 1339 3672 1408 λόγον

2096 1429 2319 1501 γνώμην
2339 1447 2350 1458 ο
2382 1431 2562 1500 χαίρει
2594 1429 2702 1500 γὰρ
2726 1429 2818 1482 ἐπὶ
2849 1431 2960 1490 τοῖς
2989 1428 3189 1498 ἔχουσι,
3226 1429 3327 1483 κᾶν
3352 1431 3672 1503 ὀνειδιζομέ-

2097 1537 2219 1584 νους
2243 1522 2363 1594 ὁρᾷ.
2402 1523 2626 1592 Μήποτε
2655 1521 2712 1575 δὲ
2737 1521 2814 1585 ὼς
2843 1520 3031 1574 πολλαὶ
3061 1520 3394 1576 δικαιοσύναι
3431 1525 3520 1578 ἐπὶ
3557 1527 3671 1588 τοῖς

2098 1613 2375 1686 κρίμασιν,
2410 1613 2580 1677 οὕτως
2624 1612 2933 1684 εὐθύτητες.
2981 1613 3077 1667 Διὰ
3123 1612 3179 1666 δὲ
3217 1614 3276 1667 τὸ
3313 1613 3670 1687 ἀποδέχεσθαι

2096 1707 2195 1778 τὴν
2223 1706 2512 1776 εὐθύτητα,
2547 1706 2608 1760 τὺ
2639 1706 2924 1778 πρόσωπον
2953 1707 3116 1762 αὑτοῦ
3138 1709 3258 1780 ὁρᾷ.
3297 1710 3670 1779 Ἐπιφαίνεται

429 1787 628 1848 Vultus
659 1809 786 1848 vero
805 1795 927 1863 ejus
960 1795 1082 1852 ideo
1110 1797 1419 1867 aequitatem
1451 1797 1619 1862 videt,
1654 1795 1780 1862 quia
1822 1795 1995 1864 ipsam

2102 1775 2205 1872 γάρ
2229 1799 2418 1871 παρὼν
2443 1803 2472 1854 ό
2509 1799 2641 1864 Θεὸς
2667 1775 2778 1864 τοῖς
2805 1801 2985 1871 ἔργοις
3013 1802 3112 1873 τῆς
3146 1775 3401 1874 προνοίας
3429 1775 3523 1858 καὶ
3553 1805 3672 1866 τοῖς

429 1885 716 1955 approbat.
750 1886 883 1941 Nam
931 1885 1075 1944 Deus
1103 1903 1347 1959 praesens
1391 1905 1515 1945 esse
1549 1889 1998 1961 deprehenditur,

429 1989 555 2030 sum
585 1976 938 2046 providentia:
957 1980 1238 2051 operibus,
1269 1989 1390 2035 tum
1421 1981 1617 2037 effectu
1640 1981 1994 2053 judiciorum.

865 2089 1091 2146 PSALM
1101 2092 1189 2149 US
1229 2093 1437 2148 DAVID
1473 2094 1566 2150 XI.

852 2203 905 2258 1.
961 2203 1026 2259 1η
1048 2207 1227 2274 ﬁnem,
1247 2222 1342 2276 pro
1371 2218 1574 2263 octava.

503 2310 579 2367 Ea
613 2313 733 2385 ipsa
763 2325 850 2374 est
871 2333 994 2389 qua:
1023 2320 1218 2392 psalmi
1248 2323 1388 2378 sexti
1415 2323 1699 2393 inscriptio
1724 2315 1821 2396 (1).
1851 2323 2000 2381 Dixi~

431 2422 554 2462 mus
587 2415 770 2465 autem
800 2410 937 2466 solvi
968 2412 1140 2484 legem
1165 2413 1389 2486 Moysis,
1429 2416 1477 2472 si
1510 2431 1646 2487 puer
1677 2415 1910 2472 ducatur
1943 2418 2001 2474 in

432 2493 672 2555 babbato
722 2499 1267 2579 [circumcidendus,]
1303 2507 1523 2578 quando
1578 2507 1721 2565 diem
1759 2509 1999 2564 circum-

430 2593 658 2650 cisionis
702 2601 955 2651 octavam
1004 2597 1062 2652 in
1096 2599 1217 2668 ipso
1267 2597 1464 2654 cadere
1510 2599 1781 2671 contingit
1815 2620 1829 2656 :
1859 2616 2003 2656 eam-

429 2685 662 2758 demque
696 2687 805 2743 vim
839 2698 896 2744 et
921 2691 1294 2760 praestantiam
1339 2691 1540 2747 habere
1570 2692 1714 2747 diem
1751 2691 1999 2747 Domini-

431 2792 573 2841 cam,
603 2795 725 2851 qua:
758 2777 974 2836 Domini
1008 2782 1411 2839 resurrectione
1440 2775 1782 2849 nobilitatur,
1807 2793 2001 2856 estque

433 2881 460 2920 a
502 2868 678 2938 primo
710 2869 820 2936 die,
867 2877 1080 2929 octava.
1129 2871 1196 2925 Et
1226 2873 1344 2943 ipsa
1394 2889 1613 2944 quoque
1656 2883 1854 2931 natura
1900 2892 2001 2932 sua

432 2958 604 3028 prima
632 2959 882 3030 habetur,
907 2963 1036 3034 quia
1061 2963 1123 3018 in
1155 2963 1346 3020 eadem
1373 2980 1566 3022 omnes
1594 2967 1790 3024 anima
1807 2983 2002 3024 emun-

432 3052 651 3106 dantur.

2099 1891 2497 1964 ἀποτελέσμασι
2525 1891 2634 1946 τῶν
2661 1909 2754 1964 κρι
2761 1893 2964 1964 μάτων.

2483 2087 2774 2145 ΨΑΛΜΟΣ
2806 2089 2894 2144 ΤΩ
2933 2091 3132 2145 ΔΑΥΙΔ
3176 2089 3278 2146 1Λ¹.

2149 2247 2215 2288 θ
2379 2205 2484 2270 Είς
2513 2202 2579 2256 τό
2614 2204 2788 2271 τέλος
2833 2204 2965 2274 περὶ
2997 2204 3107 2274 τῆς
3151 2206 3385 2278 ὀγδόης-δ

2182 2315 2248 2373 Ἦ
2287 2318 2422 2392 αύτή
2455 2321 2571 2374 ὲστι
2607 2323 2673 2392 τῇ
2705 2320 2798 2375 τοῦ
2835 2326 2886 2386 ς’
2934 2323 3233 2392 ἐπιγραφή.
3274 2320 3559 2391 Ἐλέγομεν
3591 2319 3670 2386 ἃ,

2099 2409 2175 2475 ὡς
2218 2411 2312 2466 καὶ
2341 2411 2433 2465 τὸν
2464 2412 2627 2482 νόμον
2659 2411 2774 2465 λύει
2817 2413 3111 2477 Μωῦσέως,
3146 2415 3194 2466 εί
3232 2413 3354 2480 ἄγοι
3383 2411 3579 2483 βρέφος
3610 2414 3674 2464 ὲν

2101 2501 2385 2574 Σαϐϐάτῳ,
2414 2502 2630 2587 ἡμέραν,
2651 2503 2843 2575 ὀγδόην
2873 2499 2970 2574 τῆς
3012 2504 3308 2575 περιτομῆς
3335 2505 3392 2556 ὲν
3417 2504 3552 2574 αὐτῇ
3584 2520 3672 2572 γιο-

2100 2593 2347 2668 νομένης.
2379 2595 2488 2666 Τὴν
2522 2596 2710 2666 ὁμοίαν
2734 2595 2876 2667 ἔχειν
2904 2595 3158 2666 ἐλέγομεν
3196 2595 3422 2666 δύναμιν
3448 2596 3541 2648 καὶ
3569 2595 3674 2665 τὴν

2101 2687 2407 2758 Κυριακὴν,
2438 2688 2537 2759 τὴν
2566 2689 2932 2758 ἀναστάσιμον
2970 2684 3134 2742 οὖσαν
3176 2687 3269 2741 τοῦ
3305 2688 3531 2760 Κυρίου,
3577 2690 3674 2742 καὶ

2099 2777 2470 2850 τυγχάνουσαν
2513 2780 2621 2834 ἀπὸ
2670 2781 2768 2852 τῆς
2824 2779 3048 2854 πρώτης
3092 2780 3302 2852 ὀγδόην,
3348 2779 3568 2851 πρώτην
3615 2781 3675 2836 δὲ

2100 2871 2244 2928 κατὰ
2271 2871 2430 2944 φύσιν
2459 2871 2808 2944 ὑπάρχουσαν
2829 2890 2844 2904 ο
2873 2871 3177 2944 καθαρτικὴ
3214 2872 3325 2944 γάρ
3351 2875 3464 2926 ἐστι
3492 2872 3675 2942 πάσης

2099 2965 2298 3037 ψυχῆς.

504 3141 669 3202 Vsus.
693 3145 748 3209 2,
774 3134 827 3202 3.
867 3145 1087 3203 Salvum
1105 3164 1185 3202 me
1204 3148 1311 3218 fac,
1331 3147 1573 3214 Domine,
1597 3152 1847 3222 quoniam
1868 3152 2001 3224 defe—

2173 3133 2383 3200 Σῶσὸν
2423 3155 2521 3214 με,
2567 3141 2762 3211 Κύριε,
2817 3139 2905 3195 ὅτι
2949 3139 3310 3220 ’ἐκλέλοιπεν
3349 3136 3537 3218 ὅσιος,
3585 3133 3680 3192 ὅτι

432 3235 502 3292 cit
529 3248 766 3304 sanctus,
801 3241 1048 3309 quoniam
1077 3240 1354 3297 diminutio
1383 3252 1505 3296 sunt
1534 3244 1778 3299 veritates
1811 3263 1844 3298 a
1873 3246 2001 3315 ﬁliis

431 3330 724 3388 hominum.
778 3331 927 3386 Vana
957 3332 1117 3406 locuti
1161 3343 1286 3388 sunt
1329 3335 1684 3404 unusquisque
1725 3335 1793 3388 ad
1822 3339 2006 3405 proxi-

434 3436 578 3474 mum
623 3437 800 3483 suum.
848 3421 992 3476 labia
1031 3424 1218 3478 dolosa
1255 3425 1309 3477 in
1349 3423 1523 3493 corde,
1566 3436 1616 3480 et
1656 3428 1811 3482 corde
1843 3428 2006 3483 locuti

433 3516 579 3561 sunt.
614 3506 807 3563 Totam
839 3511 987 3566 illam
1027 3512 1113 3568 sui
1159 3515 1423 3583 temporis
1450 3518 1855 3587 generationem
1892 3520 2004 3575 cri-

437 3599 680 3656 minatur
714 3620 727 3657 :
758 3617 883 3656 nam
923 3604 978 3658 in
1016 3607 1370 3676 sequentibus
1403 3609 1588 3666 dicet:
1619 3611 1719 3678 Tu,
1759 3612 2001 3680 Domine,

434 3693 667 3750 wrvabis
703 3711 796 3750 nos
829 3705 880 3750 et
925 3698 1187 3754 custodies
1237 3717 1332 3756 nos
1380 3719 1413 3756 a
1457 3706 1790 3774 generatione
1818 3709 1918 3761 hac
1949 3709 2006 3762 in

437 3796 715 3840 aternum.
765 3776 912 3844 Talis
961 3791 1105 3845 enim
1159 3801 1244 3849 est
1288 3795 1438 3864 prior
1465 3796 1556 3850 illa
1601 3800 1901 3868 generatio,
1939 3802 2008 3857 de

437 3893 545 3944 qua
585 3871 831 3934 Salvator
864 3881 976 3937 htec
1008 3882 1202 3938 effatur
1231 3903 1246 3941 :
1289 3885 1401 3940 Viri
1434 3886 1687 3944 Ninivitm
1709 3903 1922 3962 surgent
1950 3895 2006 3947 in

434 3971 636 4039 iudicio
665 3988 783 4026 cum
809 3977 1140 4045 generatione
1175 3977 1292 4045 hac,
1317 3988 1366 4033 et
1397 3979 1816 4037 condemnabunt
1840 4002 1955 4039 eam
1984 3998 2007 4040 ς

437 4075 487 4119 et
532 4066 713 4135 regina
748 4067 935 4123 Austri
957 4069 1000 4134 ⁸,
1041 4077 1096 4125 et
1128 4077 1348 4140 caetera,
1391 4080 1445 4127 et
1484 4089 1702 4130 rursum
1733 4094 1748 4131 :
1778 4076 1867 4131 Sic
1907 4078 2008 4132 erit

441 4160 768 4232 φιλεταιὶοηὶ
797 4177 1018 4232 nequam
1048 4163 1170 4216 huic
1191 4161 1234 4218 ’.
1267 4162 1454 4235 Neque
1483 4165 1683 4235 injuria
1718 4168 1890 4238 ipsam
1915 4184 2008 4224 ac-

436 4265 596 4317 cuso,
640 4254 716 4307 ait
745 4251 1050 4326 Propheta;
1086 4257 1181 4312 sed
1213 4258 1340 4328 quia
1369 4273 1530 4313 nemo
1559 4271 1782 4316 sanctus
1809 4262 1859 4316 in
1892 4262 2004 4328 illa,

439 4356 603 4397 nemo
651 4359 836 4399 verax.
895 4344 1347 4418 Quandoquidem
1403 4351 1568 4420 igitur
1613 4353 1820 4406 nullum
1876 4357 2007 4410 mihi

2102 3233 2489 3304 ἀλλιγώθησαν
2518 3235 2578 3286 αὶ
2618 3230 2886 3296 ἀλήθειαι
2927 3229 3043 3283 ἀπὸ
3077 3227 3195 3282 τῶν
3230 3227 3375 3282 υἱῶν
3414 3226 3529 3289 τῶν
3567 3228 3678 3280 ἀν·-

2105 3324 2367 3394 θρώπων.
2426 3323 2658 3378 Mazaca
2705 3323 3022 3390 ἐλάλησαν
3067 3321 3323 3386 ἕκαστος
3378 3319 3525 3387 πρὸς
3570 3317 3682 3371 τὸν

2105 3417 2372 3486 πλησίον
2416 3412 2626 3481 αὐτοῦ,
2675 3417 2847 3486 χειλη
2896 3414 3070 3468 δόλια
3108 3413 3176 3466 ἐν
3213 3409 3424 3480 καρδίᾳ
3464 3411 3561 3464 καὶ
3609 3411 3682 3464 ἐν

2104 3509 2320 3579 καρδίᾳ
2345 3506 2676 3577 ἐλάλησαν.
2724 3507 3008 3562 Διαδὰλλει
3040 3508 3219 3560 πᾶσαν
3261 3506 3361 3576 τὴν
3403 3505 3522 3559 καθ’
3552 3501 3680 3558 ἑαυ-

2105 3603 2198 3658 τδν
2221 3603 2444 3672 γενεάνσ
2479 3601 2621 3666 λέξει
2647 3601 2756 3673 γὰρ
2797 3601 2890 3654 καὶ
2934 3600 3165 3672 προϊώνο
3203 3599 3307 3660 Σὺ,
3346 3598 3542 3666 Κύριε,
3568 3615 3684 3666 ξονι

2105 3692 2312 3759 λάξεις
2345 3691 2502 3762 ἡμᾶς
2541 3692 2639 3746 καί
2685 3690 3063 3758 διατηρήσεις
3091 3687 3249 3757 ἡμᾶς
3285 3689 3402 3742 ἀπὸ
3447 3687 3554 3755 τῆς
3585 3704 3680 3758 τε-

2106 3784 2248 3852 νεᾶς
2288 3786 2508 3852 ταύτης
2554 3785 2650 3837 καὶ
2696 3785 2784 3850 εις
2833 3785 2936 3836 τὸν
2976 3780 3177 3835 αὶὼνα.
3229 3769 3462 3851 Τοιαύτη
3500 3781 3608 3851 γὰρ
3641 3782 3680 3849 ἡ

2107 3877 2346 3950 προτέρα
2373 3875 2555 3946 γενεὰ,
2601 3875 2728 3947 περὶ
2753 3869 2947 3948 ἧςέφη
2979 3875 3072 3928 καὶ
3108 3878 3135 3928 ὁ
3174 3867 3366 3945 Σωτήρ
3391 3887 3404 3903 ⁸
3443 3857 3684 3940 Ἄνδρες

2107 3969 2406 4024 Νιιοευῖται
2443 3968 2893 4033 ἀναστήσονται
2935 3967 3006 4019 ἐν
3043 3965 3115 4034 τῇ
3159 3967 3351 4034 κρίσει
3390 3966 3536 4034 μετὰ
3571 3963 3685 4032 τῆς

2108 4058 2316 4130 γενεᾶς
2363 4060 2602 4127 ταύτης,
2647 4057 2748 4112 καὶ
2796 4058 3259 4125 κατακρινοῦσιν
3308 4058 3533 4123 αὐτήν·
3584 4054 3687 4110 καὶ

2103 4151 2445 4216 ,βασίλισσα
2463 4151 2674 4215 Νότου,
2707 4150 2800 4204 καὶ
2831 4148 2900 4203 τὰ
2932 4149 3058 4220 ἑξῆς
3077 4165 3091 4180 ο
3134 4149 3228 4202 καὶ
3273 4149 3433 4203 πάλιν
3473 4148 3640 4212 οὕτως
3661 4163 3679 4178 °

2113 4246 2317 4297 Ἔσται
2355 4242 2428 4310 τῇ
2465 4241 2635 4313 γενεᾷ
2671 4241 2745 4310 τῇ
2775 4241 3006 4310 πονηρᾷ
3032 4244 3236 4310 ταύτῃ.
3266 4243 3380 4296 Ούκ
3403 4242 3599 4303 ἀδίκως
3623 4241 3683 4294 δὲ

2109 4336 2311 4406 ταύτης
2345 4335 2655 4408 κατηγορῶ,
2687 4336 2850 4405 φησὶν
2890 4335 2919 4387 ὀ
2949 4336 3268 4406 Προφήτης⁸
3305 4334 3418 4386 ἀλλ’
3462 4335 3543 4387 ὅτι
3579 4352 3684 4404 μη-

437 4435 634 4491 salutis
683 4445 962 4492 auctorem
1010 4439 1260 4507 invenio;
1313 4453 1368 4497 tu
1400 4443 1554 4504 mihi,
1591 4442 1838 4508 Domine,
1881 4448 2001 4502 talis

2110 4429 2221 4492 δεὶς
2244 4430 2387 4492 ὅσιος
2419 4427 2476 4480 ὲν
2507 4430 2663 4498 αὐτῇ,
2696 4428 2880 4498 μηδεὶς
2910 4427 3135 4498 ἀληθής.
3175 4427 3329 4480 Ἐπεὶ
3359 4422 3450 4480 οὖν
3481 4425 3687 4497 μηδένα

437 4533 577 4580 esto.
623 4526 817 4596 Arguit
859 4543 1024 4598 porro
1061 4527 1372 4586 Judaaorum
1426 4533 1884 4601 incredulitatem,
1939 4540 2001 4594 de

2113 4540 2202 4592 μοι
2222 4522 2490 4594 σωτηρίας
2510 4521 2680 4575 αἴτιον
2707 4520 2964 4592 εὑρίσκω,
2992 4519 3153 4582 αὑτός
3177 4536 3286 4590 μοι,
3311 4518 3504 4590 Κύριε,
3531 4517 3687 4571 τοῦτο

439 4617 641 4686 quibus
689 4618 765 4672 ait
813 4616 1067 4690 Moyses:
1099 4618 1255 4686 Filii,
1289 4623 1345 4677 in
1373 4624 1560 4694 quibus
1608 4627 1758 4680 nulla
1786 4626 1915 4694 ﬁdes
1939 4630 2002 4682 ‘°.

439 4707 598 4775 Quod
646 4717 827 4766 autem
874 4725 1015 4765 vana
1066 4712 1232 4767 locuti
1281 4715 1411 4778 sint,
1462 4715 1691 4772 insidias
1737 4716 2008 4776 Salvatori

438 4809 736 4867 struentes,
769 4811 932 4874 atque
961 4803 1150 4860 dolose
1189 4807 1566 4878 aggredientes
1607 4810 1780 4876 illum,
1806 4811 2008 4868 diserte

439 4892 765 4950 testiﬁcatur
793 4893 1208 4968 Evangeliorum
1243 4899 1536 4970 scriptura.

511 5071 680 5129 Vens.
709 5073 764 5137 4,
794 5071 844 5129 5.
889 5073 1174 5144 Disperdat
1199 5067 1456 5131 Dominus
1479 5075 1721 5133 universa
1751 5065 1893 5136 labia
1912 5077 2009 5132 do-

440 5165 575 5229 losa,
619 5177 670 5220 et
695 5165 930 5236 linguam
965 5169 1377 5238 magniloquam.
1409 5169 1510 5235 Qui
1549 5168 1797 5226 dixerunt
1833 5175 1851 5225 :'
1882 5172 2008 5226 Lin-

435 5273 594 5328 guam
621 5266 859 5312 nostram
900 5255 1378 5328 magniﬁcabimus,
1410 5251 1555 5313 labia
1578 5271 1759 5316 nostra
1797 5279 1830 5316 a
1861 5262 2008 5316 nobis

437 5361 603 5405 sunt:
627 5350 746 5422 quis
793 5359 970 5404 noster
993 5348 1251 5405 Dominus
1291 5352 1410 5406 est?
1455 5343 1546 5406 Dei
1577 5354 1744 5417 enim,
1778 5369 1890 5409 non
1913 5370 2010 5408 aue

439 5454 548 5497 tem
590 5441 852 5508 hominis,
890 5451 1010 5498 erat
1053 5457 1246 5498 eorum
1293 5440 1687 5515 malignitatem
1747 5453 2009 5516 superare

2107 4615 2285 4682 γενοῦ.
2348 4614 2620 4684 Διελέγχει
2668 4613 2725 4665 δὲ
2781 4611 2888 4664 τῶν
2943 4611 3214 4664 Ἰουδαίων
3264 4610 3360 4681 τὴν
3406 4609 3684 4670 ἀπιστίαν,

2108 4709 2237 4778 περὶ
2264 4700 2337 4761 ὧν
2372 4723 2505 4776 φησι
2546 4706 2638 4759 καὶ
2671 4705 2940 4775 Μωῡσῆςο
3000 4703 3140 4768 Υἱοὶ,
3164 4700 3253 4770 οἷς
3294 4705 3403 4757 οὐκ
3431 4703 3561 4756 ἐστι
3593 4702 3688 4753 πί-

2107 4813 2242 4862 στις
2279 4798 2348 4850 ἐν
2373 4795 2596 4862 αὐτοῖς.
2638 4795 2756 4848 Ὅτι
2787 4795 2843 4848 δὲ
2879 4789 3084 4866 μάταια
3115 4793 3338 4849 ὲλάλουν
3371 4791 3689 4847 ἐπιϐουλεύ-

2107 4906 2260 4953 οντες
2296 4887 2375 4959 τῷ
2423 4889 2636 4960 Σωτῆρι
2674 4891 2769 4943 καὶ
2814 4889 3002 4952 δολίως
3045 4887 3193 4959 αὐτῷ
3239 4887 3688 4958 προσερχόμενοι,

2118 4979 2303 5050 σαφῶς
2335 4983 2368 5050 ἡ
2411 4979 2517 5032 τῶν
2551 4981 2894 5049 Εὑαγγελίων
2919 4979 3155 5034 διδάσκει
3175 4979 3379 5052 γραφή.

2196 5073 2654 5139 Ὲξολοθρεύσαι
2688 5073 2902 5140 Κύριος
2947 5070 3141 5124 πάντα
3173 5071 3245 5124 τὰ
3276 5070 3450 5140 χείλη
3485 5068 3557 5121 τὰ
3592 5065 3692 5121 δό-

2110 5169 2232 5228 λια,
2282 5164 2573 5236 γλῶσσαν
2609 5163 3118 5234 μεγτάορρήμονα.
3179 5161 3325 5229 Τοὺς
3367 5161 3646 5226 εἰπόντας
3669 5176 3686 5190 ·

2118 5258 2237 5326 Τὴν
2284 5257 2574 5324 γλῶσσαν
2633 5257 2801 5328 ἡμῶν
2853 5255 3327 5326 μεγιαυνοῦμεν,
3384 5254 3460 5308 τὰ
3511 5252 3690 5321 χείλη

2113 5349 2282 5419 ἡμῶν
2332 5351 2466 5418 παρ’
2510 5348 2679 5420 ἡμῶν
2717 5351 2848 5405 ἐστι
2871 5366 2884 5380 ’
2939 5348 3030 5415 τίς
3078 5346 3246 5418 ἡμῶν
3269 5346 3482 5415 Κύριός
3517 5345 3693 5407 éa'tt,‘

2113 5442 2246 5496 Θεοῦ
2274 5442 2382 5515 γὰρ
2413 5437 2502 5514 ἦν,
2531 5443 2632 5497 οὐκ
2663 5439 2972 5514 ἀνθρώπου,
3010 5440 3112 5513 τῆς
3139 5441 3364 5494 ἐκείνων
3405 5434 3693 5511 περιγενό-

507 5600 530 5634 ¹¹
569 5601 717 5657 Psal.
748 5614 918 5665 svnt,
958 5599 1041 5654 10.
1118 5598 1140 5631 ⁸
1180 5597 1367 5658 Matth‘.
1407 5617 1504 5668 xu,
1535 5598 1626 5667 41,
1651 5599 1740 5658 43.
1817 5603 1837 5634 ⁹
1879 5600 2001 5658 ibid.

2102 5597 2141 5652 5.
2224 5597 2266 5630 "
2310 5597 2463 5654 Deut.
2499 5607 2669 5660 sun,
2704 5588 2794 5653 20.

508 5758 584 5830 (ι)
621 5757 756 5816 Vide
784 5773 949 5830 supra
975 5757 1113 5829 psal.
1146 5771 1222 5814 VI.
