3994 6448
203 340 302 397 ιιι
1336 315 1785 400 censimum

1895 339 1946 396 [Ν
1984 332 2323 398 PSALMOS.
3348 325 3454 384 ita

203 462 328 515 σθαι
359 462 578 524 κακίας,
609 462 700 516 καὶ
734 461 922 515 σϐέσαι
975 449 1165 531 λόγους
1206 462 1659 534 βλασφημοῦντας
1695 463 1785 516 τὸν

1895 472 1942 517 et
1971 461 2286 532 blasphema
2319 461 2373 514 in
2405 457 2588 515 Jesum
2612 455 2776 511 verba
2804 413 3191 523 comprimere.
3222 447 3452 504 Perinde

212 552 445 624 Ἰησοῦν.
491 554 717 624 ὀμοίως
742 554 798 607 δὲ
827 553 906 624 τῷ
942 553 1142 625 Φαραὼ
1186 555 1448 626 φήσαντι·
1485 556 1606 608 Οὐκ
1648 550 1781 608 οἶδα

197 642 310 699 τὸν
365 646 605 726 Κύριον,
650 647 744 699 καὶ
795 646 947 700 αὐτοί
999 663 1164 717 φασι·
1221 648 1318 714 Τίς
1358 646 1527 717 ἡμῶν
1566 648 1782 714 Κύριός

198 734 367 797 tam;
411 736 730 820 νομίσαντες
768 732 905 790 εἶναι
937 737 1115 808 κύριοι
1158 737 1246 791 διὰ
1289 737 1397 790 τῶν
1431 737 1576 791 ἰδίων
1609 737 1781 807 λόγων

198 823 298 896 τὴν
342 825 443 879 τοῦ
484 827 735 898 Σωτῆρος
780 828 966 882 σϐέσαι
1012 828 1376 895 διδασκαλίαν,
1403 829 1478 893 ῶς
1521 829 1586 884 ἂν
1631 830 1783 894 ὄντες

200 917 559 983 αὖτεξούσιοι.
589 918 773 972 Ταῦτα
805 919 864 972 δὲ
905 916 973 990 ἦν
996 920 1066 974 τά
1091 920 1398 992 Φαρισαίων
1425 920 1518 975 καὶ
1559 921 1782 974 Σαδδου-

199 1003 370 1062 καίων
404 1009 580 1081 χείλη,
630 1009 747 1078 μεθ’
783 1011 1122 1083 ὑποκρίσεως
1169 1011 1500 1083 προσιόντων
1539 1010 1618 1081 τῷ
1664 1013 1781 1065 Σω-

197 1098 343 1170 τῆρι,
370 1101 468 1153 καὶ
500 1096 670 1154 Ραϐὁῖ
693 1101 994 1156 καλούντων
1027 1100 1207 1166 αὑτὸν,
1234 1101 1408 1174 λάθρα
1448 1101 1502 1154 δὲ
1538 1101 1657 1155 κατ’
1691 1103 1784 1156 αὑ-

197 1189 288 1242 τοῦ
314 1191 675 1261 τυρευόντων.
706 1193 1200 1265 Μεγαλορρήμονες
1222 1193 1278 1246 δὲ
1303 1189 1441 1263 ἦσαν
1469 1176 1519 1245 oi
1554 1190 1786 1263 πρεσϐύ-

196 1295 344 1352 τεροι
384 1285 483 1336 καὶ
507 1284 555 1336 οἱ
597 1285 873 1356 ἀρχιερεῖς
901 1285 995 1338 τοῦ
1034 1273 1186 1345 λαοῦ,
1223 1284 1532 1354 τολμῶντες
1559 1284 1786 1358 ἀνακρί-

197 1388 306 1427 νειν
335 1375 428 1428 τὸν
463 1376 692 1447 Σωτῆρα
730 1377 822 1429 καὶ
861 1377 1040 1446 λέγειν
1077 1377 1258 1448 αὐτῷ’
1309 1379 1411 1431 Ἑν
1439 1379 1581 1445 ποίᾳ
1613 1377 1785 1441 ἐξου-

197 1467 304 1531 σίᾳ
345 1465 536 1520 ταῦτα
588 1467 794 1534 ποιεῖς,
843 1469 942 1521 καὶ
985 1469 1079 1534 τίς
1116 1483 1213 1521 σοι
1251 1456 1436 1522 ἔδωκε
1463 1459 1580 1535 τὴν
1612 1455 1786 1534 ἐξου-

197 1557 342 1609 σίαν
369 1557 638 1624 eaut-nr;

269 1649 489 1704 Ἕνεκε
518 1649 628 1719 τῆς
667 1641 1066 1720 ταλαιπωρίας
1121 1649 1238 1705 τῶν
1269 1651 1518 1719 πτωχῶν
1548 1650 1648 1704 καὶ
1677 1651 1785 1705 τοῦ

197 1743 540 1812 στεναγμοῦ
568 1742 688 1797 τῶν
711 1742 984 1810 πενήτων
1007 1744 1123 1797 νῦν
1153 1741 1595 1812 ἀναστήσομαι,
1616 1741 1781 1812 λέγει

201 1836 433 1903 Κύριος.
467 1836 735 1906 Θήσομιιι
766 1837 836 1890 ἐν
876 1835 1165 1905 σωτηρίῳ,
1196 1835 1680 1904 παρρησιάσομαι
1711 1837 1784 1890 ἐν

198 1925 375 1990 αὐτῷ.
411 1927 486 1979 Ἦ
514 1926 609 1979 καὶ
633 1925 806 1989 οὕτως
825 1943 838 1956 ο
877 1927 940 1980 Οἱ
972 1924 1176 1996 πτωχοὶ
1203 1926 1269 1979 δι’
1297 1925 1396 1996 ἐμὲ
1431 1926 1523 1978 καὶ
1550 1926 1783 1998 πένητες

201 2018 484 2087 γεγονότες
517 2018 596 2090 τῷ
641 2018 910 2089 πνεύματι
943 2015 1217 2073 στένουσιν
1247 2019 1332 2072 ἀεὶ⁵
1370 2019 1784 2090 ταπεινούμενοι

199 2110 562 2181 προσέχοντές
588 2129 690 2182 μου
720 2111 799 2182 τῷ
828 2111 992 2182 λόγῳ,
1027 2111 1120 2164 καὶ
1151 2111 1330 2163 πίστιν
1363 2111 1554 2182 ἀκλινῆ
1586 2109 1783 2164 διασώ-

201 2199 381 2266 (οντες
401 2221 416 2235 ο
447 2192 526 2256 ὧν
558 2204 741 2256 ἕνεκεν
767 2193 1162 2276 ἀναστήσομαι,
1194 2201 1288 2258 καὶ
1319 2201 1460 2257 κατὰ
1486 2204 1546 2256 τὺ
1575 2203 1784 2275 πρέπον

199 2295 263 2363 τῇ
321 2287 428 2365 ἐμῇ
488 2289 782 2349 ἀναστάσει
832 2295 1098 2366 σωτήριον
1150 2291 1417 2366 στήσομαι
1473 2297 1638 2349 πᾶσιν
1691 2297 1788 2349 ἀνα

199 2377 472 2457 θρώποις·
509 2388 593 2457 ἐφ’
630 2381 784 2459 ᾧπερ
810 2387 885 2451 ὡς
920 2387 1141 2459 μεγάλῳ
1176 2388 1624 2460 παρρησιάσομαι
1646 2405 1783 2441 κατ-

198 2473 501 2547 ορθώματι.

271 2568 348 2623 Τὰ
373 2570 557 2638 λόγια
605 2569 818 2638 Κυρίου
845 2572 1020 2640 λόγια
1047 2568 1223 2640 ἁγνὰ,
1267 2571 1548 2639 ἀργύριον
1590 2584 1783 2625 πεπυ-

197 2660 488 2729 ρωμένον,
520 2659 793 2729 δοκίμιον
824 2658 897 2728 τῇ
945 2659 1043 2730 γῇ,
1079 2661 1592 2730 κεκαθαρισμένον
1615 2663 1786 2715 ἐπτα-

201 2753 494 2818 πλασίως.
539 2753 596 2806 '0
622 2754 679 2806 δὲ
710 2754 948 2824 ἄργυρος
993 2752 1250 2818 πολλάκις
1286 2754 1624 2826 πυρούμενος
1655 2755 1786 2824 ἀμι-

204 2842 300 2914 γὴς
326 2844 526 2916 ἑτέρας
555 2842 688 2914 ὕλης
737 2845 923 2898 ἐστίν’
969 2842 1112 2897 οὕτω
1153 2843 1368 2916 καθαρά
1414 2843 1643 2914 ψεύδους
1688 2842 1784 2897 τοῦ

211 2936 413 3008 Κυρίου
441 2936 516 2990 τά
560 2936 735 3005 λόγια.

272 3025 378 3088 Σὺ,
438 3027 639 3094 Κύριε,
695 3025 990 3095 φυλάξεις
1044 3025 1202 3097 ἡμᾶς
1247 3027 1347 3082 καὶ
1399 3025 1786 3096 διατηρήσεις

1882 559 2045 622 atque
2083 552 2297 608 Pharao
2325 553 2461 606 dixit
2491 569 2507 605 :
2537 547 2661 603 Non
2695 547 2813 602 novi
2835 545 3124 600 Dominum
3152 536 3230 608 “;
3259 541 3370 609 jam
3411 539 3453 593 ii

1881 643 2091 710 dicunt,
2143 644 2274 711 Quis
2330 651 2506 697 noster
2550 640 2806 696 Dominus
2849 639 2969 694 est?
3014 635 3122 689 rati
3160 631 3455 689 verborum

1883 749 2105 790 suorum
2141 733 2397 810 ellicacia,
2437 741 2605 803 penes
2643 745 2703 785 se
2740 722 3068 800 potestatem
3097 738 3222 778 esse
3245 720 3456 775 exstin-

1883 825 2111 896 guendze
2141 809 2444 878 salvatoris
2473 821 2760 886 doctrinae,
2791 818 2949 889 quasi
2981 816 3191 872 scilicet
3222 811 3326 882 ipsi
3369 809 3456 864 sui

1877 918 2023 988 juris
2066 923 2120 971 et
2153 916 2364 970 arbitrii
2397 923 2603 971 essent.
2648 903 2774 967 llarc
2807 901 2925 982 ipsa
2961 916 3117 964 erant
3149 903 3455 959 Pharisaeo-

1883 1027 2004 1066 rum
2047 1020 2100 1066 et
2148 1010 2570 1064 Sadducmorum
2613 1005 2792 1071 labia;
2841 1001 2932 1073 qui
2979 1016 3102 1057 cum
3147 993 3458 1052 dissimula-

1883 1105 2033 1160 tione
2065 1104 2403 1158 Salvatorem
2437 1101 2682 1162 adibant,
2719 1098 2894 1152 Rabbi
2941 1091 3356 1165 compellantes,
3401 1092 3457 1140 et

1884 1195 2024 1250 clam
2071 1196 2287 1250 interim
2319 1193 2784 1264 conspirationem
2836 1190 2891 1244 in
2942 1188 3092 1243 illum
3123 1176 3454 1240 conﬂabant.

1886 1289 2217 1360 Magniloqui
2261 1297 2441 1342 autem
2473 1292 2630 1341 erant
2661 1283 2906 1340 seniores
2949 1291 3003 1335 et
3035 1279 3310 1350 principes
3359 1290 3455 1330 sae

1886 1382 2170 1438 cerdotum
2192 1379 2400 1450 populi,
2438 1377 2556 1432 ausi
2588 1374 2898 1447 percontari
2933 1365 3293 1430 Salvatorem,
3326 1365 3462 1436 ipsi-

1885 1489 1991 1544 que
2028 1474 2210 1530 dicere
2241 1493 2253 1526 :
2290 1471 2354 1525 In
2381 1487 2486 1541 qua
2519 1476 2774 1537 potestate
2816 1465 2926 1519 [nec
2953 1463 3112 1533 facis,
3146 1470 3195 1516 et
3229 1459 3346 1531 quis
3368 1458 3462 1510 dea

1886 1566 1965 1618 dit
1995 1565 2093 1618 tibi
2117 1564 2251 1618 hanc
2280 1571 2591 1633 potestatem
2611 1559 2689 1612 “'3

1956 1657 2123 1713 Vens.
2173 1657 2227 1712 6.
2283 1655 2508 1725 Propter
2547 1652 2817 1708 miseriam
2855 1649 3072 1716 inopum
3109 1653 3158 1700 et
3211 1641 3464 1716 gemitum

1887 1767 2177 1822 pauperum
2211 1766 2348 1804 nunc
2380 1763 2682 1817 exsurgam,
2736 1744 2867 1797 dicit
2919 1739 3201 1795 Dominus.
3257 1735 3464 1790 Ponant

1885 1846 1941 1898 in
1970 1843 2221 1906 salutari,
2253 1839 2579 1911 ﬁducialiter
2610 1853 2763 1906 agam
2797 1835 2851 1888 in
2876 1848 2955 1887 eo.
2993 1830 3107 1884 lloc
3140 1829 3268 1883 item
3302 1827 3464 1880 modo

1886 1933 2238 2004 interpretari
2265 1932 2424 1986 licet:
2451 1930 2554 1997 Qui
2583 1929 2689 1985 mei
2719 1941 2887 1983 causa
2918 1919 3155 1978 mendici
3186 1929 3241 1975 et
3268 1933 3467 1989 paupe-

1886 2043 1974 2082 res
2009 2024 2207 2094 spiritu
2238 2021 2368 2077 facti
2401 2029 2552 2087 sunt,
2594 2020 2789 2074 humili
2820 2032 3035 2087 semper
3069 2013 3265 2069 all’ectu
3297 2011 3467 2066 verbo

1886 2129 2007 2171 meo
2061 2115 2330 2170 haerentes
2390 2112 2776 2183 ingemiscunt,
2826 2109 3094 2178 iidemque
3149 2095 3464 2158 inviolatam

1884 2209 2250 2262 conservant:
2281 2206 2476 2260 borum
2507 2218 2608 2274 ego
2655 2215 2824 2257 causa
2843 2205 3166 2269 exsurgam;
3194 2200 3358 2265 atque
3406 2200 3468 2247 ut

1886 2296 2282 2354 resurrectioni
2331 2309 2464 2350 mea:
2500 2300 2934 2349 consentaneum
2977 2297 3084 2354 est,
3118 2283 3351 2344 salutem
3377 2299 3468 2356 pa-

1885 2391 2024 2445 riam
2051 2390 2309 2444 omnibus
2357 2386 2678 2452 hominibus
2707 2403 2720 2440 :
2752 2399 2862 2456 qua
2901 2382 2958 2438 in
2986 2397 3068 2446 re,
3099 2387 3159 2435 ut
3203 2377 3466 2449 prazclare

1885 2490 2059 2553 gesta,
2087 2480 2414 2535 ﬁducialiter
2441 2493 2623 2550 agam.

1958 2575 2122 2630 Vens.
2153 2576 2207 2629 7.
2240 2573 2472 2644 Eloquia
2511 2570 2729 2625 Domini
2752 2569 2959 2639 eloquia
2988 2575 3158 2630 casta,
3192 2573 3465 2637 argentum

1885 2671 2002 2740 igne
2025 2668 2412 2732 examinatum,
2446 2665 2730 2736 probatum
2760 2673 2934 2727 terra’,
2976 2669 3262 2732 purgatum
3298 2666 3470 2727 septu-

1883 2763 2048 2833 plum.
2107 2763 2407 2832 Argentum
2463 2767 2594 2815 vero
2638 2758 2748 2828 igni
2816 2771 2960 2827 saepe
3018 2753 3304 2816 traditum,
3339 2763 3467 2806 cum

1882 2853 2038 2911 nulla
2073 2855 2180 2909 alia
2207 2853 2437 2908 materia
2460 2851 2881 2916 commiscetur;
2905 2847 3207 2917 eodemque
3240 2855 3468 2915 prorsus

1885 2945 2048 3002 modo
2076 2944 2295 3014 eloquia
2319 2941 2536 2996 Domini
2566 2939 2715 2995 omni
2751 2938 3036 2993 mendacio
3062 2945 3236 2990 vacila
3279 2941 3428 2989 sunt.

1957 3039 2126 3094 Vens.
2160 3039 2215 3093 8.
2248 3037 2347 3100 Tu,
2373 3036 2616 3098 Domine,
2637 3032 2868 3088 servabis
2897 3048 2989 3084 nos
3017 3039 3065 3084 et
3089 3027 3346 3083 custodies
3371 3038 3468 3080 nos

203 3115 524 3217 nféc‘dzo
558 3116 668 3186 τῆς
694 3117 904 3188 γενεᾶς
942 3120 1164 3186 ταύτης
1191 3119 1289 3172 καὶ
1323 3121 1411 3184 εὶς
1441 3118 1548 3172 τὸν
1577 3118 1783 3172 αἰῶνα.

1895 3150 1923 3187 a
1950 3131 2282 3202 generatione
2315 3129 2414 3181 hac
2447 3127 2501 3180 in
2531 3132 2804 3180 wternum.
2849 3121 2987 3177 Cum
3021 3121 3304 3176 mendicos
3339 3127 3467 3173 tuos

217 3206 468 3260 Ἐπειδὰν
498 3206 738 3281 φυλάξῃς
783 3209 911 3272 τοὺς
959 3211 1085 3273 σοὺς
1127 3211 1393 3280 πτωχοὺς,
1439 3211 1534 3263 καὶ
1563 3208 1783 3264 ἐπειδὰν

207 3298 348 3367 ἡμᾶς
375 3298 754 3370 περιτειχίσῃς
789 3300 904 3369 ἃμα
931 3302 998 3371 τῇ
1039 3301 1307 3372 ἐρχομένῃ
1341 3303 1522 3372 γενεᾷ,
1570 3304 1635 3372 τῇ
1684 3315 1785 3355 κα-

205 3385 440 3459 λουμένῃ
473 3388 686 3460 αἰωνία,
710 3389 760 3441 οἱ
805 3389 1110 3459 παράνομοι
1154 3391 1294 3455 τότε,
1324 3391 1479 3453 ἐκτὸς
1505 3392 1783 3462 γενόμενοι

206 3478 300 3549 τῆς
349 3482 434 3543 είς
490 3481 696 3542 πάντας
725 3479 1044 3552 ἀνθρώπους
1087 3481 1462 3552 χυθησομένης
1494 3498 1586 3535 σου
1631 3482 1785 3555 χάριδ

209 3586 313 3636 τος,
342 3571 533 3642 κύκλῳ
575 3574 1028 3645 περιπατήσουσι,
1062 3573 1258 3644 θεωροὶ
1296 3575 1649 3645 γενησόμενοι
1675 3575 1784 3628 τῶν

211 3661 567 3734 σωζομένων·-
599 3663 694 3717 καὶ
721 3663 881 3719 τοῦτο
907 3663 1060 3718 ἔσται
1084 3666 1211 3718 ὅταν
1242 3663 1528 3734 ὑψωθῶσιν
1553 3665 1602 3717 οἱ
1643 3665 1787 3718 εὐτε⁴

208 3751 314 3818 hic;
341 3755 456 3807 τῶν
484 3755 580 3808 ἀνθ
587 3754 805 3826 ρώπων.

277 3848 496 3912 Κύκλῳ
538 3849 594 3901 oi
629 3847 866 3914 ἀσεϐεῖς
897 3848 1309 3913 περιπατοῦσι,
1340 3849 1491 3903 κατὰ
1529 3849 1594 3902 τὸ
1627 3845 1786 3917 ὕψος

211 3953 323 3996 σου
367 3939 808 4010 ἐπολυώρησας
861 3942 1002 4006 τοὺς
1040 3942 1214 4008 υἱοὺς
1269 3940 1386 3995 τῶν
1437 3941 1782 4010 ἀνθρώπων-ι

224 4034 442 4105 Ἐπειδὴ
494 4037 523 4088 ὁ
569 4035 766 4097 κύκλος
816 4038 882 4106 τῇ
931 4035 1114 4106 εὐθείᾳ
1170 4035 1408 4098 ἐναντίος
1463 4037 1578 4088 ἐστὶ
1641 4035 1786 4089 κατά

211 4125 307 4196 τὴν
346 4126 670 4198 σκολιότητα
719 4129 812 4181 καὶ
840 4127 1130 4198 εὐθύτητα,
1172 4131 1220 4181 οἱ
1266 4129 1323 4182 δὲ
1355 4129 1571 4192 ἀσεϐεῖς
1603 4129 1787 4200 κύκλῳ

215 4221 629 4291 περιπατοῦσιν,
665 4223 715 4275 οἱ
757 4223 1000 4286 εὐσεϐεῖς
1047 4224 1156 4294 ἄρα
1198 4221 1412 4276 εὐθεῖαν
1457 4224 1787 4295 περιπατοῡδ

219 4327 318 4366 σιν.

341 4403 455 4457 ΕΙΣ
492 4401 583 4458 ἸὈ
621 4404 843 4458 ΤΕΑΟΣ
873 4405 1165 4459 ΨΑΛΜΟΣ
1201 4404 1289 4458 ΤΩ
1304 4405 1507 4459 ΔᾹΥῘΔ
1549 4407 1629 4464 IB'
1652 4446 1664 4458 .

1891 3211 2240 3284 custodieris,
2275 3225 2510 3288 cumque
2531 3231 2632 3272 nos
2658 3213 3130 3270 clrcummrtnieris
3159 3212 3214 3266 in
3239 3221 3469 3282 genera-

1891 3315 2039 3370 tione
2081 3313 2283 3376 futura,
2317 3327 2437 3382 quae
2474 3316 2674 3365 aeterna
2703 3310 3122 3372 vocatur;tunc
3149 3303 3322 3374 iniqui
3362 3303 3464 3365 illi,

1889 3405 2100 3462 exclusi
2138 3411 2230 3459 tua
2261 3403 2436 3475 gratia
2481 3417 2578 3473 per
2619 3411 2812 3456 omnes
2864 3398 3114 3454 homines
3164 3396 3382 3462 diﬂ‘usa,
3409 3395 3467 3450 in

1891 3498 2126 3554 circuitu
2165 3495 2544 3559 ambulabunt,
2570 3500 2631 3549 ut
2650 3508 2746 3550 eos
2767 3492 2860 3564 qui
2881 3491 3111 3547 salutem
3141 3484 3469 3543 obtinebunt

1891 3589 2343 3660 circumspiciant
2375 3607 2389 3644 :
2427 3587 2593 3657 idque
2648 3594 2782 3641 tunc
2840 3582 3090 3646 eveniet,
3118 3591 3245 3637 cum
3270 3579 3355 3635 vel
3387 3584 3468 3634 te-

1891 3679 2115 3734 nuiores
2143 3690 2212 3734 ex
2237 3676 2554 3733 hominibus
2583 3674 2805 3732 exaltati
2836 3672 3056 3729 fuerint.

1965 3857 2132 3912 Vens.
2163 3857 2217 3911 9.
2241 3854 2308 3911 In
2346 3855 2571 3910 circuitu
2613 3853 2761 3922 impii
2810 3850 3135 3906 ambulant:
3182 3845 3467 3902 secundum

1893 3949 2230 4006 altitudinem
2258 3958 2406 4003 tuam
2437 3945 2809 4016 multiplicasti
2840 3945 2980 4014 ﬁlios
3009 3942 3298 3995 hominum.
3325 3936 3466 4004 Quia

1891 4042 2134 4098 circulus
2186 4047 2350 4096 rectae
2399 4039 2559 4094 lineae
2611 4036 2912 4093 secundum
2973 4033 3350 4102 obliquitatem
3411 4037 3468 4084 et

1893 4133 2276 4189 rectitudinem
2309 4134 2594 4201 oppositus
2622 4136 2736 4195 est;
2791 4142 2916 4182 cum
2953 4125 3104 4195 impii
3149 4125 3206 4178 in
3229 4122 3467 4178 circuitu

1895 4226 2191 4290 ambulent,
2224 4223 2300 4295 pii
2330 4238 2464 4279 sane
2497 4221 2600 4276 viri
2635 4221 2690 4276 in
2723 4227 2876 4276 recto
2904 4219 3248 4290 gradiuntur.

2098 4404 2150 4459 1.
2183 4402 2251 4458 1N
2290 4399 2504 4456 FINEM
2541 4397 2870 4455 PSALMUS
2908 4394 3124 4452 DAVID
3162 4393 3277 4451 Xll.

284 4489 387 4546 Διά
422 4489 485 4544 τὸ
525 4490 676 4554 τέλος
705 4493 766 4545 τὸ
795 4493 943 4564 παρά
973 4493 1051 4564 τῷ
1081 4494 1201 4566 Θεῷ
1229 4494 1405 4548 πάντα
1449 4497 1556 4568 πρὸ
1582 4496 1675 4550 τοῦ
1706 4496 1785 4550 τέ-

1961 4485 2194 4568 Pmpter
2242 4494 2424 4558 linem,
2451 4508 2611 4563 quem
2647 4492 2792 4563 apud
2847 4489 3016 4546 Deum
3067 4495 3467 4545 consecuturus

219 4577 340 4649 λους
369 4585 640 4657 ἀνδρικῶς
667 4586 964 4657 ἠγωνίζετο
987 4606 1000 4619 ο
1031 4585 1094 4644 τὸ
1127 4589 1185 4644 δὲ
1216 4591 1368 4655 τέλος
1397 4594 1426 4644 ὁ
1468 4593 1577 4646 τῶν
1617 4595 1793 4648 πόνων

220 4676 332 4729 teri
377 4678 609 4748 καρπὸς,
642 4678 785 4752 ζωὴν
825 4681 1042 4737 αἰώνιον
1086 4685 1178 4736 καὶ
1230 4683 1507 4754 βασιλείαν
1547 4687 1792 4759 οὐρανῶν

222 4767 513 4838 προξενῶν.
553 4771 647 4834 Εἰς
682 4773 778 4840 μὲν
801 4768 894 4826 οὖν
925 4768 986 4826 τὸ
1025 4774 1175 4838 τέλος
1212 4776 1493 4848 ἀνέπεμψε
1525 4777 1622 4849 τὴν
1649 4778 1794 4851 ᾠδὴν

219 4862 295 4934 τῷ
324 4863 476 4935 Θεῷ’
519 4865 658 4919 κατά
699 4867 755 4919 δὲ
785 4865 881 4938 τὴν
910 4867 1103 4940 ἀρχὴν,
1137 4869 1214 4933 ὡς
1255 4870 1653 4944 ἀγωνιζόμενος
1688 4873 1790 4939 ἔτι,

220 4952 317 5017 τὰς
361 4952 582 5024 πρώτας
629 4956 890 5027 προφέρει
935 4957 1155 5026 φωνάς·

291 5131 444 5199 Ἕως
471 5133 634 5196 πότε,
665 5135 862 5204 Κύριε,
901 5137 1167 5207 ἐπιλήσῃ
1184 5157 1304 5208 μου
1329 5140 1414 5206 εὶς
1437 5139 1643 5209 τέλος-ξ
1684 5142 1795 5210 ἕως

225 5223 363 5278 κότε
376 5225 777 5296 ἀποστρέψεις
794 5229 859 5282 τὸ
883 5231 1207 5297 πρόσωπόν
1226 5247 1344 5286 σου
1362 5233 1463 5287 ἀπ’
1479 5235 1626 5304 ἐμοῦ
1644 5253 1662 5300 ;
1685 5236 1794 5306 Δή-

227 5316 320 5387 θην
359 5319 417 5372 δὲ
459 5318 591 5383 Θεὸς
628 5323 859 5374 ποιεῖται
903 5323 1009 5377 τῶν
1081 5324 1580 5398 ὲπιλανθανομένων
1622 5329 1786 5383 αὑτοῦ

230 5405 318 5463 διὰ
344 5408 444 5480 τῆς
461 5409 730 5483 ἁμαρτίας
748 5429 761 5442 ·
785 5413 1113 5486 ἀποστρέφει
1146 5413 1322 5469 καὶτὸ
1373 5419 1659 5488 πρόσωπον
1681 5420 1789 5474 ἀπὸ

227 5499 333 5554 τῶν
382 5501 602 5575 αἰσχρόν
642 5521 694 5558 τι
743 5505 1108 5575 πραττόντων,
1135 5508 1384 5574 ἀναξίους
1419 5505 1556 5564 εἶναι
1599 5511 1789 5583 κρίνας

227 5590 323 5665 τῆς
344 5595 628 5662 ἐποπτείας
649 5597 812 5651 αὐτοῦ
833 5615 845 5628 ·
875 5599 1061 5672 διόπερ
1091 5601 1194 5654 ὑπὸ
1210 5601 1304 5655 τοῦ
1339 5599 1635 5668 συνειδότος
1669 5623 1790 5659 νυτ-

227 5681 444 5754 οἰόμενος
479 5689 573 5741 καὶ
609 5689 706 5760 τὴν
732 5683 824 5742 τοῦ
856 5687 991 5741 Θεοῦ
1019 5685 1202 5752 δεδιὼς
1243 5690 1422 5762 κρίσιν
1449 5681 1664 5762 ἐπάγειο

303 5792 346 5826 ⁸⁸
381 5793 548 5852 Exod.
576 5815 635 5864 ν,
664 5799 720 5856 2.
801 5800 845 5832 η
884 5798 1080 5856 Matth.
1113 5815 1241 5864 ut.
1269 5801 1361 5858 95.

1893 4592 2032 4649 erat,
2063 4595 2190 4641 ante
2223 4584 2384 4640 tinem
2417 4583 2649 4638 viriliter
2674 4579 2898 4637 omnino
2923 4578 3296 4636 concertabat.
3329 4573 3468 4630 Nam

1892 4678 2141 4732 laborum
2175 4677 2408 4739 fructus,
2439 4683 2524 4731 est
2551 4674 2695 4740 finis,
2719 4673 2812 4746 qui
2845 4680 2900 4728 et
2927 4673 3092 4726 vitam
3126 4678 3386 4726 aeternam
3410 4676 3467 4724 et

1893 4785 2119 4840 regnum
2169 4769 2431 4824 caelorum
2483 4775 2762 4838 procurat.
2807 4767 2863 4820 In
2895 4765 3055 4821 tinem
3089 4764 3256 4835 igitur
3284 4762 3468 4817 canti-

1893 4876 2018 4916 cum
2047 4861 2158 4916 Deo
2183 4863 2383 4916 emittit
2415 4877 2430 4914 :
2467 4867 2629 4931 atque
2656 4875 2685 4914 a
2720 4858 3013 4930 principio,
3060 4862 3248 4926 utpote
3285 4855 3466 4908 adhuc

1896 4953 1950 5006 in
1981 4951 2282 5006 certamine
2306 4950 2662 5013 constitutus,
2698 4949 2862 5004 hasce
2900 4948 3106 5018 primas
3137 4942 3349 5014 profert
3379 4955 3472 4994 vo-

1893 5059 1986 5099 ces
2011 5063 2024 5099 2

1959 5060 2132 5190 thzns.
2184 5135 2240 5190 2.
2281 5133 2577 5205 Usquequo,
2613 5133 2852 5196 Domine,
2907 5129 3229 5185 oblivisceris
3279 5143 3362 5182 me
3412 5126 3469 5178 in

1897 5231 2094 5301 ﬁnem?
2129 5228 2402 5300 Usquequo
2433 5229 2625 5282 avertis
2658 5228 2848 5297 [aciem
2871 5234 3018 5279 tuam
3053 5241 3086 5276 a
3115 5223 3234 5277 me?
3260 5219 3470 5275 Oblivi-

1896 5326 2066 5381 scitur
2094 5331 2274 5378 autem
2319 5322 2463 5378 Deus
2494 5337 2681 5378 eorum
2710 5320 2803 5390 qui
2849 5333 2948 5390 per
2977 5323 3259 5388 peccatum
3294 5311 3468 5381 ipsius

1898 5417 2243 5472 immemores
2291 5424 2464 5472 sunt:
2509 5414 2816 5484 avertitque
2866 5410 3061 5466 faciem
3111 5422 3266 5464 suam
3302 5404 3372 5458 ab
3400 5403 3471 5457 iis

1896 5509 1990 5579 qui
2017 5510 2194 5579 turpia
2232 5507 2437 5578 quaevis
2471 5511 2802 5576 perpetrant,
2827 5518 2966 5572 quos
2991 5497 3329 5572 providentia
3364 5505 3470 5548 sua

1897 5602 2150 5673 indignos
2173 5608 2406 5672 reputat.
2440 5599 2808 5667 Quamobrem
2832 5597 3148 5652 stimulante
3179 5590 3469 5646 conscien-

1899 5692 2280 5765 tia,judiciutn
2315 5691 2406 5747 Dei
2435 5691 2852 5762 pertimescens,
2885 5682 3167 5756 subjungit
3202 5699 3215 5736 :
