3994 6448
209 421 304 479 H5

1305 412 1808 468 COMMENTARIA
1844 414 1912 469 IN
1948 411 2284 471 PSALMOS.

3327 411 3429 479 16(

206 540 264 591 ὲκ
306 530 395 587 τοῦ
437 528 660 600 οὐρανοῦ
689 527 894 600 Κύριος
940 527 1032 581 καὶ
1072 527 1446 595 ἑπισκοπήσας
1494 527 1621 591 τοὺς
1660 527 1752 580 ἐπὶ

1856 527 2156 597 respiciens
2178 525 2245 581 de
2267 525 2407 580 caelo
2431 523 2692 583 Dominus
2734 534 2896 599 atque
2924 526 3305 594 considerans,
3333 527 3432 584 den

205 628 296 697 γῆς
348 621 548 684 πάντας
588 613 744 690 εὗρεν
795 620 1146 682 ὲκκλίναντας
1194 620 1288 672 καὶ
1338 619 1753 689 ἁχρειωθέντας,

203 717 271 779 ὼς
290 712 482 785 μηδένα
514 710 781 782 μηδαμῶς
807 710 1157 782 εὑρίσκεσθαι
1185 713 1243 764 ὲν
1265 708 1589 782 ἀνθρώποις,
1623 710 1756 781 μηδὲ

205 806 380 876 μέχρις
423 802 571 865 ἑνὸς,
613 802 708 855 τὸν
757 801 892 873 μηδὲ
944 802 1333 874 ὴχρειωμένον,
1385 802 1520 875 μηδὲ
1570 802 1754 856 ἐκκλί-

201 909 381 948 νανταο
433 890 722 945 ἀκόλουθόν
762 893 880 944 ἐστι
911 895 1022 954 τοῖς
1057 892 1190 945 πᾶσι
1239 890 1756 963 συμπεριλαμϐάνε-

202 989 331 1052 σθαι,
347 985 515 1040 καὶτὸ
540 985 808 1039 Ἰουδαίων
832 985 1003 1049 εθνος,
1021 985 1116 1039 καὶ
1137 985 1296 1038 αὑτὸν
1316 984 1405 1038 τὸν
1424 984 1762 1056 καλούμενον,

212 1077 428 1151 Ἰσραήλ.
477 1077 558 1130 Τὰ
599 1076 780 1146 μέντοι
825 1077 1163 1150 προκείμενα
1193 1076 1350 1147 λόγια
1399 1077 1588 1147 σαφῶς
1649 1079 1756 1132 ἀπ-

199 1171 438 1242 εφήνατο,
458 1170 751 1232 δτιπάντες
777 1168 1075 1236 ἐξέκλιναν,
1099 1169 1216 1241 ἅμα
1244 1170 1647 1242 ⁴ἢχρειώθησαν,
1679 1171 1754 1235 ὡς

201 1262 321 1334 μηδὲ
365 1256 503 1316 εἶναι
551 1261 808 1316 ποιοῦντα
857 1263 1236 1335 χρηστότητα,
1287 1264 1420 1335 μηδὲ
1456 1264 1561 1328 ἕως
1612 1265 1749 1329 ἑνός.

200 1355 332 1410 Ἔδει
365 1353 472 1425 γὰρ
511 1353 572 1408 τὸ
625 1355 850 1425 μέγεθος
897 1355 1246 1427 παραστῆναι
1283 1356 1384 1426 τῆς
1414 1358 1473 1410 ἐν
1513 1359 1627 1422 τοῖς
1658 1359 1753 1412 ἀν-

195 1446 416 1521 θρώποις
463 1447 826 1519 ἐγγενομένης
870 1449 1025 1502 νόσου
1080 1449 1185 1521 πρὸ
1229 1450 1328 1520 τῆς
1373 1449 1467 1503 τοῦ
1503 1451 1755 1522 Σωτῆρος

195 1539 510 1612 παρουσίαςο
541 1541 616 1603 ὡς
646 1538 712 1593 ἂν
738 1543 771 1612 ἡ
795 1539 978 1609 ἄφιξις
1007 1541 1173 1595 αὐτοῦ
1207 1542 1398 1614 φανείη
1427 1545 1541 1607 τοῖς
1587 1545 1753 1598 πᾶσιν

195 1630 469 1701 ἀναγκαία.
507 1631 713 1698 Πάντες
741 1633 849 1705 γὰρ
881 1634 1126 1706 ἥμαρτον
1149 1636 1244 1689 καὶ
1274 1634 1626 1708 ὑστεροῦνται
1651 1635 1760 1706 τῆς

191 1727 334 1800 δόξης
371 1727 467 1781 τοῦ
500 1728 657 1794 Θεοῦ,
690 1730 1061 1800 δικαιούμενοι
1105 1731 1312 1803 δωρεὰν
1349 1733 1416 1804 τῇ
1457 1731 1621 1786 αὑτοῦ
1659 1731 1756 1803 χάε

195 1837 310 1889 ριτι.
341 1817 557 1890 Ταύτην
581 1819 637 1873 δὲ
669 1821 760 1874 καὶ
807 1821 836 1873 ὁ
873 1821 1100 1886 Ἡσαΐας
1131 1822 1437 1894 συμφώνως
1463 1823 1758 1880 ἀποδίδωσι

1854 617 2201 688 prehenderit
2221 631 2412 673 omnes
2437 618 2528 687 qui
2555 617 2609 672 in
2640 625 2788 673 terra
2820 619 3181 676 versabantur
3202 658 3218 684 ,
3262 620 3438 680 decli-

1854 725 2016 766 nasse
2041 717 2095 766 et
2124 710 2347 770 inutiles
2383 710 2554 766 factos
2605 725 2762 776 esse,
2799 718 2863 766 ut
2888 725 3048 766 nemo
3082 726 3309 782 prorsus
3340 688 3443 784 ισοξ

1853 802 2122 872 periretur
2160 801 2215 855 in
2249 802 2562 858 hominibus
2585 842 2600 867 ,
2644 817 2710 858 ac
2753 818 2824 858 ne
2860 803 2944 859 vel
2977 820 3149 868 unus,
3195 805 3289 875 qui
3321 818 3440 866 non.

1854 893 2064 952 inutilis
2097 893 2273 950 factus
2295 903 2458 959 esset,
2490 902 2544 950 et
2585 896 2678 965 qui
2710 911 2817 950 non
2845 894 3198 959 declinasset,
3229 911 3430 956 conse-

1853 1001 2028 1058 quens
2049 988 2272 1044 omnino
2299 993 2382 1042 est
2403 1003 2527 1041 cum
2560 988 2818 1044 omnibus
2849 987 3239 1058 comprehendi
3263 981 3441 1046 etiam

1854 1080 2030 1150 ipsum
2060 1077 2344 1134 Jndaicum
2367 1094 2562 1150 genus,
2593 1079 2740 1150 quod
2779 1080 2906 1136 item
2939 1078 3107 1136 Israel
3140 1073 3441 1152 nuncupa?

1854 1177 1969 1224 tum
1994 1178 2097 1226 est.
2131 1167 2256 1225 Istis
2291 1171 2472 1241 itaque
2525 1170 2756 1240 eloquiis
2812 1171 2958 1226 clare
3003 1172 3394 1241 pronuntiatur
3411 1156 3442 1237 ,¹

1854 1262 2000 1331 quod
2031 1260 2243 1316 scilicet
2281 1277 2472 1317 omnes
2499 1262 2910 1327 declinaverint,
2934 1270 2988 1318 et
3020 1263 3182 1318 simul
3211 1265 3436 1322 inutiles

1854 1353 1982 1408 facti
2012 1353 2144 1421 sint,
2177 1354 2252 1409 ita
2275 1361 2338 1409 ut-
2361 1355 2544 1412 nullus
2568 1354 2733 1410 luerit
2757 1357 2850 1426 qui
2878 1355 3081 1413 faceret
3107 1357 3332 1424 bonum,
3363 1374 3435 1416 ne

1851 1449 1937 1502 vel
1973 1463 2145 1517 usque
2174 1446 2241 1502 ad
2274 1465 2467 1506 unum.
2518 1448 2624 1503 Par
2657 1447 2759 1504 fuit
2805 1449 2952 1505 enim
2997 1441 3443 1522 magnitudinem

1852 1538 2049 1601 morbi,
2083 1538 2175 1610 qui
2217 1547 2344 1595 ante
2387 1539 2689 1596 Salvatoris
2734 1541 3026 1597 adventum
3081 1541 3142 1596 in
3178 1523 3442 1614 omnibus

1851 1632 2166 1688 hominibus
2219 1635 2610 1704 grassabatur,
2659 1633 2836 1704 palam
2884 1633 3112 1691 facere:
3155 1641 3216 1690 ut
3264 1615 3442 1710 mani-ﬁ

1855 1723 2051 1779 festum
2068 1726 2330 1792 omnibus
2353 1732 2500 1782 esset
2525 1726 2646 1795 ejus
2677 1725 2735 1781 in
2765 1734 2912 1782 terra
2938 1711 3440 1798 peregrinationem]

1854 1813 2026 1871 fuisse
2059 1830 2290 1886 prorsus
2319 1815 2708 1872 necessariam.
2757 1815 2960 1874 Omnes
3003 1817 3272 1888 siquidem
3303 1815 3439 1892 pec-'1

193 1910 280 1982 τὴν
309 1910 546 1966 διάνοιαν
588 1913 646 1966 ὲν
681 1907 762 1976 οἷς
800 1929 934 1984 φησι
992 1913 1128 1984 πρὸς
1165 1912 1265 1986 τὴν
1311 1915 1584 1969 Ἰουδαίων
1629 1932 1752 1969 συν-

1854 1915 2149 1971 caverunt,
2180 1923 2377 1965 omnes
2423 1907 2598 1979 gloria
2631 1907 2726 1964 Dei
2760 1910 3120 1980 privabantur
3142 1949 3158 1974 ,
3212 1918 3270 1966 et
3312 1910 3440 1986 jam,

189 2003 391 2075 αγωγὴν
423 2003 846 2076 ἀποτεινόμενος
864 2022 878 2036 ο
908 2005 1062 2061 Ἰδοὺ
1089 2006 1218 2073 ταῖς
1245 2007 1555 2076 ἁμαρτίαις
1587 2007 1766 2079 ὑμῶν.

186 2097 497 2170 ἐπράθητε,
545 2098 642 2152 καί
688 2099 818 2165 ταῖς
848 2099 1122 2168 ἀνομίαις
1153 2100 1320 2170 ὑμῶν
1354 2101 1755 2166 ἐξαπέστειλα

187 2190 287 2258 τὴν
309 2187 540 2258 μητέρα
565 2186 751 2256 ὑμῶν,
778 2187 929 2242 διότι
975 2189 1186 2258 ἦλθον,
1229 2189 1327 2244 καὶ
1347 2192 1459 2245 οὐκ
1478 2187 1558 2262 ἦν
1585 2195 1620 2246 ό
1647 2191 1753 2246 ἄν·

185 2287 425 2351 θρωπος·
485 2279 772 2344 ἐκάλεσα,
818 2280 915 2334 καὶ
961 2284 1072 2336 οὐκ
1113 2277 1192 2352 ἦν
1229 2284 1262 2336 ό
1287 2284 1628 2337 ὑπακούων.
1678 2283 1754 2338 Τὸ

182 2373 297 2445 γὰρ,
328 2372 482 2426 διότι
507 2369 718 2443 ἦλθον,
750 2373 936 2444 ὅμοιον
970 2372 1036 2426 ἂν
1069 2375 1152 2446 εἴη
1183 2373 1283 2446 τῷ,
1307 2375 1522 2443 Κύριος
1545 2376 1615 2440 ἐξ
1645 2377 1749 2430 οὐ-

177 2464 349 2534 ρανοῦ
379 2463 680 2532 ὃιέκυψεν
709 2462 808 2516 ἐπὶ
849 2463 992 2530 τοὺς
1029 2464 1201 2531 υἱοὺς
1230 2463 1348 2518 τῶν
1389 2464 1746 2534 ἀνθρώπων

181 2557 232 2612 τὸ
260 2557 350 2610 δέ·
376 2556 497 2610 Kal
524 2558 636 2611 οὐκ
670 2552 751 2624 ἦν
776 2555 1106 2624 ἄνθρωπος,
1147 2558 1244 2610 καὶ
1283 2559 1395 2611 οὐκ
1448 2553 1529 2627 ἦν
1561 2561 1594 2611 ό
1637 2560 1751 2612 ὺπ-

181 2649 425 2717 ακούων,
460 2650 642 2719 ὅμοιον
658 2647 737 2718 τῷ
757 2665 770 2678 ο
800 2647 1364 2720 Πάντεςιὲξέκλιναν
1391 2648 1748 2718 καὶὴχρειώε

181 2743 381 2808 θησαν.

254 2914 394 2986 οὐχί
452 2914 781 2987 γνώσονται
835 2913 1058 2982 πάντες
1109 2918 1164 2969 ot
1211 2915 1584 2986 ἐργαζόμενοι
1632 2915 1748 2985 τὴν

176 3008 427 3078 ἀνομίαν·
452 3049 466 3072 ,
520 3011 576 3063 οι
621 3009 931 3074 ἐσθίοντες
990 3007 1098 3062 τὸν
1149 3008 1304 3062 λαόν
1353 3025 1472 3077 μου
1531 3007 1752 3076 βρώσει

175 3102 380 3171 ἄρτους
429 3101 538 3156 Καί
583 3118 671 3172 μοι
707 3101 854 3155 δοκεῖ
892 3099 1256 3172 προφητεύειν
1302 3081 1600 3172 μεταϐολὴν
1627 3099 1747 3153 ἔσε-

176 3195 286 3248 σθαι
308 3193 425 3248 τῶν
453 3192 621 3247 ἐθνῶν
654 3194 719 3246 ἐκ
754 3191 1050 3265 θηριώδους
1091 3192 1226 3263 βίου,
1255 3194 1350 3246 καὶ
1379 3193 1440 3257 ἐξ
1472 3193 1748 3262 ἀγνωσίας

1853 1997 1974 2067 ejus
2021 2001 2195 2070 gratia
2222 2000 2392 2070 gratis
2434 1999 2718 2070 justiﬁcati
2759 2009 2909 2056 sunt.
2947 2001 3087 2058 Huic
3132 2018 3442 2071 consonam

1852 2087 2018 2146 Isaias
2063 2092 2385 2148 sententiam
2446 2093 2644 2158 tradit,
2701 2093 2794 2148 ubi
2835 2093 3148 2150 Iudaeorum
3195 2110 3431 2166 synago-

1851 2197 1974 2254 gam
2017 2183 2352 2254 compellans
2374 2185 2450 2240 ait
2477 2186 2565 2241 ¹ι-;
2605 2185 2738 2243 Ecce
2759 2187 2814 2240 in
2839 2186 3206 2256 iniquitatibus
3244 2187 3429 2242 vestris

1852 2276 2050 2331 uenditi
2075 2278 2220 2342 estis,
2252 2288 2300 2332 et
2345 2278 2400 2332 in
2448 2278 2728 2334 sceleribus
2759 2279 2945 2335 vestris
2986 2279 3172 2334 dimisi
3208 2290 3430 2336 matrem

1851 2380 2076 2425 uestram
2102 2389 2120 2425 :
2150 2371 2275 2442 quia
2303 2373 2436 2434 veni,
2468 2381 2518 2427 et
2557 2389 2658 2427 non
2706 2383 2821 2426 erat
2850 2373 2960 2434 vir;
3013 2373 3213 2435 vocavi,
3245 2383 3295 2428 et
3325 2390 3434 2429 non

1852 2473 1967 2518 erat
1993 2464 2082 2533 qui
2105 2465 2458 2534 responderet.
2495 2463 2629 2518 Illud
2667 2466 2832 2530 enim,
2861 2465 2986 2536 quia
3035 2467 3168 2527 veni.
3195 2465 3278 2522 his
3308 2453 3441 2522 ver-1

1851 2557 1936 2612 his
1962 2555 2125 2611 afﬁne
2171 2555 2370 2620 Fuerit,
2427 2555 2684 2611 Dominus
2715 2556 2779 2612 de
2807 2557 2936 2612 ctrlo
2963 2557 3230 2628 prospexit
3274 2573 3440 2628 super;

1851 2651 1993 2719 ﬁlios
2022 2650 2326 2714 hominum;
2355 2650 2488 2705 illud
2512 2658 2714 2717 autem,
2747 2651 2813 2706 Et
2841 2669 2944 2707 non
2965 2662 3082 2707 erat
3111 2653 3208 2716 vir,
3243 2662 3294 2708 et
3325 2671 3430 2708 non

1849 2752 1965 2797 erat
2000 2743 2090 2813 qui
2112 2742 2465 2813 responderet,
2490 2742 2667 2798 simile
2695 2741 2796 2809 illi,
2822 2741 3014 2798 Omnes
3035 2742 3428 2798 declinaverunt

1849 2843 1898 2889 et
1931 2834 2145 2890 inutiles
2172 2835 2304 2904 facti
2332 2843 2474 2890 sunt.

1921 2926 2086 2984 Vsus.
2118 2927 2176 2982 Δ.
2221 2927 2412 2982 Nonne
2455 2937 2765 3000 cognoscent
2803 2944 2980 2984 omnes
3014 2930 3106 2999 qui
3144 2937 3430 2998 operantur

1850 3019 2203 3089 iniquitatem,
2231 3021 2322 3091 qui
2362 3019 2615 3076 devorant
2659 3020 2856 3089 plebem
2892 3037 3062 3076 meam
3113 3021 3445 3076 comestionev

1846 3109 2000 3177 panis
2019 3112 2045 3164 ?
2076 3107 2304 3165 Videtur
2323 3110 2454 3164 mihi
2492 3109 2782 3164 vaticinari
2808 3109 3046 3164 fut-uram
3069 3111 3335 3180 gentium,
3358 3119 3438 3165 exi

1848 3201 1958 3255 vita
1987 3201 2158 3255 ierina
2188 3209 2241 3257 et
2266 3201 2572 3273 ignorantia
2603 3201 2720 3264 Dei,
2751 3202 2806 3256 in
2845 3209 3166 3257 mansuetos
3202 3214 3267 3256 ac
3299 3199 3441 3254 reli-.

173 3284 316 3349 Θεοῦ,
345 3283 450 3338 ἐπὶ
477 3285 683 3356 ἥμερον
717 3285 813 3338 καὶ
853 3283 1076 3355 θεοσεϐῆ
1125 3283 1324 3356 τρόπον
1344 3302 1358 3315 ο
1398 3283 1427 3338 ὃ
1456 3285 1550 3338 καὶ
1598 3283 1746 3337 ἔστιν

1854 3294 2034 3365 giosos
2058 3309 2238 3349 mores
2265 3294 2619 3349 mutationem
2649 3313 2668 3348 :v
2696 3292 2842 3364 quod
2868 3300 2970 3356 est,
3007 3309 3066 3349 re
3087 3293 3263 3348 oculis
3299 3307 3440 3363 per-l

171 3375 460 3448 ὀφθαλμοῖς
521 3375 906 3448 παραλαϐόντα
971 3377 1315 3448 μαρτυρῆσαι
1371 3375 1628 3448 ἀλήθειαν
1679 3379 1746 3448 τῇ

173 3467 493 3541 προφητείᾳ..
524 3467 842 3540 Ἀναγνώσῃ
867 3467 1044 3522 τοίνυν
1075 3467 1144 3522 τὰ
1169 3469 1502 3540 προκείμενα
1541 3469 1752 3541 ἐρωτη-

174 3559 449 3629 ματικῶς,
499 3560 900 3632 πυνθανομένου
944 3560 1040 3615 τοῦ
1082 3561 1242 3630 λόγου
1285 3560 1380 3614 καὶ
1416 3559 1746 3630 φάσκοντοςσ

171 3651 227 3704 El
251 3651 342 3705 καὶ
368 3652 575 3717 πάντες
603 3651 882 3719 ἐξέκλιναν
911 3652 1018 3724 πρὸ
1061 3652 1160 3724 τῆς
1199 3651 1292 3706 τοῦ
1328 3649 1566 3723 Χριστοῦ
1606 3669 1749 3724 παρ-

168 3745 344 3810 ουσίας
378 3745 480 3800 καὶ
523 3743 936 3816 ἠχρειώθησαν·
987 3745 1062 3816 μὴ
1112 3744 1293 3798 τοίνυν
1343 3742 1464 3813 οὐχὶ
1511 3741 1748 3811 γνώσον-

168 3852 250 3890 ται
273 3838 332 3890 ὲν
359 3835 446 3907 τῷ
477 3835 613 3906 μετὰ
648 3835 820 3889 ταῦτα
859 3836 1036 3907 χρόνῳ
1069 3834 1268 3898 πάντες
1307 3837 1356 3888 οἱ
1391 3833 1755 3906 ἐργαζόμενοι,

168 3926 255 4001 τὴν
283 3929 555 4000 ἀνομίαν;
588 3928 1110 4000 προσυπακουόντων
1152 3926 1226 3998 (I)
1256 3926 1429 3997 ἡμῶψ

238 4023 347 4076 Τὸν
412 4022 648 4089 Κύριον,
693 4020 786 4074 καὶ
845 4019 988 4074 κατὰ
1020 4017 1198 4072 κοινοῦ
1239 4017 1398 4072 πάλιν
1442 4017 1747 4090 λαμϐανόνο

166 4131 266 4168 των
296 4113 364 4168 τὰ
415 4112 561 4182 ἑξῆς.
605 4111 716 4166 Καὶ
747 4111 903 4164 αὐτοὶ
941 4109 1051 4181 γὰρ
1082 4112 1130 4163 oi
1177 4109 1345 4164 πάλαι
1375 4110 1466 4163 τὸν
1497 4108 1623 4162 λαὸν
1651 4107 1747 4162 τοῦ

165 4205 292 4259 Θεοῦ
334 4203 475 4259 ὡσεὶ
511 4205 674 4276 ἄρτον
703 4201 993 4266 ἐσθίοντες,
1047 4203 1141 4256 καὶ
1212 4203 1304 4255 τὸν
1335 4201 1538 4272 Κύριον
1587 4199 1749 4272 μηδε-

167 4295 384 4351 πώποτε
441 4295 916 4366 ἐπικαλεσάμενοι,
973 4294 1048 4366 μὴ
1111 4294 1231 4364 οὐχὶ
1304 4291 1601 4360 γνώσονται
1651 4291 1748 4344 a6-

164 4387 286 4449 τόν;
319 4387 434 4439 Καὶ
470 4384 696 4448 Ἡσαΐας
726 4384 784 4438 δὲ
811 4384 1024 4462 συνᾴδει
1056 4385 1185 4456 περὶ
1219 4383 1326 4437 τῶν
1347 4382 1524 4436 αὐτῶν
1555 4381 1746 4435 θεσπί-

169 4477 270 4543 ζων
299 4479 398 4532 καὶ
455 4477 629 4546 λέγων
653 4493 668 4508 ο
721 4471 822 4543 Οἷς
875 4478 986 4532 οὐκ
1029 4475 1332 4547 ἀνηγγέλη
1376 4475 1512 4544 περὶ
1557 4475 1754 4530 αὐτοῦ

169 4570 456 4639 ὄψονται·
518 4569 617 4624 καί
671 4568 729 4624 οἳ
800 4571 912 4624 οὐκ
977 4571 1272 4638 ἀκηκόασι
1335 4568 1741 4635 συνήσουσιν.

181 4662 332 4718 Ἐκεῖ
356 4663 707 4719 ἐδειλίασαν
748 4665 928 4733 φόϐῳ,
981 4659 1054 4720 οὗ
1113 4666 1225 4719 οὐκ
1257 4659 1336 4734 ἦν
1387 4665 1588 4732 φόϐος.
1617 4663 1745 4716 Ὅτι
1777 4651 1826 4705 D-

166 4757 198 4807 ό
226 4754 372 4822 Θεὸς
407 4755 479 4809 ἐν
517 4754 693 4827 γενεᾷ
736 4755 956 4823 δικαίᾳ.
997 4755 1153 4821 Τίνες
1193 4756 1249 4810 δὲ
1282 4755 1396 4810 ἀλλ’
1428 4755 1460 4827 ἢ
1495 4757 1544 4808 οἱ
1579 4757 1752 4827 ὲργα-.

167 4845 382 4915 ζόμενοι
420 4847 520 4919 τὴν
553 4849 802 4919 ἀνομίαν,
837 4849 932 4903 καὶ
963 4851 1011 4901 οἱ
1047 4848 1307 4920 πρότερον
1340 4847 1414 4918 μὴ
1454 4846 1745 4902 ἐπικαλού-

169 4955 316 5007 μενοι
347 4939 439 4993 τὸν
466 4939 706 5011 Κύριον;
744 4940 896 4992 ἔσται
929 4939 1036 5010 γάρ
1079 4957 1210 4992 ποτε
1257 4939 1466 5011 καιρὸς,
1501 4941 1590 4993 ὅτε
1619 4941 1741 4993 ἐπι-

165 5031 463 5096 γνώσονται
489 5032 670 5095 αὐτὸν,
706 5031 826 5085 καθ’
854 5032 913 5085 ὃν
939 5031 1032 5084 καὶ
1060 5031 1223 5100 φόϐον
1251 5030 1615 5102 ἀναλήῴονται
1647 5031 1741 5084 τοῦ

164 5122 297 5175 Θεοῦ
322 5122 418 5177 καὶ
435 5123 635 5178 δειλίαν
664 5124 1029 5195 ἀγαθήν.’¹οτι
1063 5123 1120 5176 δὲ
1146 5123 1235 5176 τὸν
1265 5122 1426 5191 φόϐον
1454 5122 1745 5176 ἀναλαϐεῖν

168 5213 375 5286 Κυρίου
409 5215 610 5284 ἀγαθόν
631 5216 767 5280 ἐστι,
805 5215 964 5286 δῆλον
991 5215 1097 5268 ἀπὸ
1122 5212 1216 5269 τοῦ
1243 5213 1525 5282 λέγεσθαιο
1568 5213 1740 5284 Ἀρχὴ

165 5306 388 5374 σοφίας
440 5308 624 5376 φόϐος
645 5310 886 5376 Κυρίου.
921 5309 983 5361 Οἱ
1013 5306 1330 5378 δηλούμενοι
1365 5307 1544 5360 τοίνυν
1573 5307 1739 5378 φοϐη-

166 5395 420 5468 Θήσονται
444 5402 570 5456 ἐκεῖ
593 5399 770 5470 φόϐῳ·
801 5400 1046 5454 τουτέστι
1077 5403 1224 5458 τότε.
1248 5399 1380 5454 Τίνα
1415 5401 1470 5453 δὲ
1499 5400 1739 5473 φοϐηθή-

240 5594 287 5627 ¹⁶
329 5594 432 5654 Isa.
466 5613 521 5661 ι,
560 5596 690 5663 Ι,2.
769 5598 812 5629 ¹⁵
853 5595 956 5653 Isa.
993 5613 1099 5660 LII,
1134 5596 1219 5652 15.
1301 5599 1343 5630 ²⁶
1382 5597 1528 5654 Psal.
1564 5614 1653 5666 cx,
1687 5597 1773 5654 IO.

1851 3393 2026 3456 cepta,
2057 3386 2336 3441 veritatem
2369 3385 2664 3456 prophetia:
2717 3383 3017 3442 testiﬁcari.
3072 3381 3200 3439 Haec
3244 3383 3432 3455 itaque

1850 3479 2222 3551 interrogandi
2251 3495 2402 3535 more
2437 3479 2660 3550 legenda
2693 3487 2856 3548 sunt;
2903 3486 3254 3550 percontatur
3280 3478 3441 3535 enim.

1851 3569 2143 3626 Psalmista
2167 3585 2230 3624 ac
2261 3571 2306 3626 si
2335 3570 2580 3625 diceret:
2616 3569 2841 3626 Etiamsi
2872 3584 3062 3626 omnes
3085 3569 3436 3627 anteChristi‘

1853 3661 2143 3723 adventum
2166 3660 2577 3716 declinaverunt
2601 3667 2656 3715 et
2683 3659 2901 3713 inutiles
2931 3657 3057 3712 lacti
3095 3665 3256 3723 sunt,
3291 3672 3430 3711 nunc:

1851 3773 1920 3811 ne
1941 3756 1996 3810 in
2031 3753 2275 3824 sequenti
2317 3759 2562 3822 tempore
2595 3760 2928 3822 cognoscent
2955 3765 3146 3806 omnes
3177 3751 3269 3823 qui
3298 3754 3440 3827 opeﬁ

1851 3856 2044 3902 rantur
2069 3845 2448 3918 iniquitatem?
2481 3843 2582 3899 Cui
2617 3859 2721 3901 nos
2749 3843 3178 3915 respondemus:

1925 4022 2087 4080 Vens.
2151 4024 2205 4080 5.
2266 4021 2553 4080 Dominum
2605 4039 2712 4076 non
2757 4023 3160 4083 invocaverunt,
3213 4027 3428 4091 etque

1850 4125 2155 4188 sequuntur
2182 4118 2236 4170 in
2267 4115 2544 4171 communi
2573 4114 2895 4184 accipimus.
2921 4112 3112 4167 Nonne
3139 4111 3299 4167 iidem
3323 4112 3441 4188 ipsi;

1849 4175 1944 4282 qui
1971 4211 2098 4265 olim
2132 4211 2391 4282 populum
2422 4207 2519 4264 Dei
2549 4207 2705 4278 quasi
2732 4223 2926 4278 panem
2963 4205 3341 4269 comedebant,
3374 4175 3442 4282 et?
3488 4273 3493 4282 ‘

1849 4315 2127 4370 nunquam
2189 4299 2478 4354 Dominum
2525 4300 2956 4363 invocaverunt,
3005 4297 3222 4352 tandem
3276 4297 3440 4378 illum;

1848 4393 2121 4464 cognituri
2148 4392 2310 4448 sunt?
2365 4391 2503 4446 Huic
2543 4391 2746 4446 accinit
2787 4389 2979 4454 Isaias,
3007 4390 3100 4460 qui
3139 4390 3206 4445 de
3233 4373 3440 4462 iisdem;

1847 4483 2176 4537 vaticinatur
2198 4483 2284 4539 his
2302 4482 2512 4538 verbis:
2540 4481 2739 4548 Quibus
2759 4498 2860 4535 non
2887 4481 3257 4534 annuntiatnm
3271 4477 3429 4532 estde
3486 4487 3491 4552 ς

1847 4593 1926 4640 eo,
1941 4575 2182 4630 videbunt
2201 4591 2220 4628 :
2241 4586 2286 4630 et
2303 4577 2390 4645 qui
2413 4592 2513 4629 non
2529 4574 2828 4637 audierunt,
2855 4573 3140 4642 intelligent
3161 4573 3224 4630 ιδ.
3239 4605 3281 4616 ς-
3303 4569 3440 4640 Ιιιίο
3484 4561 3488 4568 ’

1851 4665 2239 4736 trepidaverunt
2287 4666 2472 4719 timore
2510 4664 2599 4718 ubi
2655 4682 2762 4719 non.
2801 4673 2917 4718 erat
2950 4668 3126 4716 timor.
3163 4661 3440 4728 Quoniam"

1852 4757 2108 4814 Dominus
2144 4760 2197 4812 in
2225 4758 2556 4829 generatione
2573 4757 2726 4826 justa
2755 4765 2852 4810 est.
2887 4756 3116 4822 Quinam
3149 4770 3278 4825 ergo
3319 4754 3440 4829 nisi.

1851 4849 1888 4903 'ti
1911 4850 2002 4920 qui
2032 4859 2326 4918 cperantur
2348 4848 2714 4919 iniquitatem,
2747 4859 2801 4902 et
2835 4847 2925 4916 qui
2951 4847 3104 4917 prius
3138 4845 3440 4900 Dominum

1851 4956 1960 4996 non
1991 4941 2354 4996 invocabant?
2383 4939 2501 4994 Erit
2531 4942 2675 4996 enim
2712 4948 2930 5010 tempus
2961 4956 3071 5010 quo
3093 4946 3440 5009 cognoscent.

1850 5031 2024 5090 illum,
2048 5046 2111 5086 ac
2142 5039 2274 5085 tunc
2321 5031 2516 5086 timore
2561 5030 2654 5085 Dei
2705 5029 3100 5100 ltn°tniditicqttc
3133 5029 3275 5082 bona
3307 5027 3428 5082 alli-

1851 5123 2084 5178 cientur.
2119 5122 2272 5190 Quod
2298 5132 2479 5178 autem
2520 5125 2688 5193 proba
2729 5138 2816 5179 res
2867 5123 2937 5178 sit
2987 5122 3182 5176 timore
3211 5120 3426 5175 Domini

1851 5215 2017 5280 afﬁci,
2052 5216 2231 5286 palam
2264 5226 2347 5272 est
2375 5231 2440 5271 ex
2472 5215 2625 5271 hisce
2644 5215 2826 5271 verbis
2853 5235 2866 5270 :
2902 5213 3127 5268 Initium
3153 5213 3428 5284 sapientia:

1851 5309 2007 5361 timor
2036 5273 2245 5360 Domini
2273 5308 2334 5360 ‘°.
2373 5306 2450 5360 Illi
2489 5308 2671 5377 itaque
2697 5306 2765 5362 dc
2803 5305 3004 5377 quibus
3039 5306 3152 5375 jam
3200 5273 3381 5360 sermo
3407 5273 3438 5380 ,ί

1848 5403 1980 5468 illic,
2011 5401 2064 5456 id
2105 5410 2208 5467 est,
2235 5411 2357 5458 tunc
2399 5402 2749 5473 trepidabunt
2797 5400 3014 5456 timore.
3047 5398 3219 5472 Quem
3263 5411 3434 5469 porro.

3434 5181 3440 5216 l

235 5773 320 5846 (1)
359 5777 870 5846 Προσυπακούειν,
893 5775 946 5831 id
979 5785 1062 5832 est
1103 5776 1428 5844 respondere.
1466 5775 1601 5833 Vivle
1636 5777 1690 5831 in
1721 5774 1752 5832 Ο

1854 5775 2076 5831 'nastico.
2093 5773 2160 5831 ad
2201 5773 2405 5831 calcem
2440 5786 2668 5846 operum
2703 5767 2984 5826 Athanasii
3015 5765 3069 5820 in
3106 5775 3238 5818 τωο
3271 5756 3434 5827 bna,

165 5843 372 5912 κούειν,
406 5843 460 5904 et
492 5847 800 5915 ὑπακούων,
837 5865 1033 5920 supra,
1067 5847 1134 5904 ad
1165 5843 1307 5904 vers.
1338 5849 1390 5903 '5.
