3994 6448
497 426 602 484 H7
1300 430 1570 486 EUSEBII
1611 430 2094 487 CESARIENSIS
2125 430 2275 488 OPP.
2317 419 2497 483 PARS
2537 429 2626 492 Ill.
2671 467 2739 480 -—
2773 437 3184 500 EXEGETICA.
3660 446 3762 502 ΗΒ

491 545 763 599 timebunt
820 543 927 599 nisi
959 541 1290 598 Dominum?
1318 544 1434 598 lllic
1465 551 1672 606 autem,
1701 545 1950 607 ubinam,
1975 546 2068 601 nis

2187 561 2372 598 σονται
2409 541 2442 615 ἦ
2476 545 2569 602 τὸν
2600 549 2835 622 detov;
2871 553 2991 605 ἐκεῖ
3017 553 3092 619 δὲ,
3123 552 3226 607 ποῦ
3259 553 3292 628 ἢ
3319 555 3376 620 ἐν
3401 557 3467 626 τῇ
3500 554 3760 628 μελλούσῃ

493 637 549 691 in
595 653 658 693 ea
713 651 835 706 quae
884 643 1115 693 ventura
1155 646 1240 693 est
1289 637 1668 708 generatione?
1721 638 2073 707 quamobrem

491 728 807 800 subjungitt

563 821 731 880 Vsus.
767 821 823 876 6.
866 821 1133 888 Quoniam
1178 819 1436 876 Dominus
1472 821 1529 875 in
1561 825 1893 893 generatione
1921 825 2077 896 justa

489 926 590 972 est.
624 914 920 972 Consilium
958 916 1129 984 inopis
1171 915 1530 985 confudistis,
1586 915 1846 972 Dominus
1900 929 2078 974 autem

491 1024 608 1078 spes
634 1011 749 1078 ejus
777 1017 876 1064 est.
913 1007 1386 1075 Quemadmodum
1418 1009 1472 1064 in
1508 1009 1633 1064 ali'is
1668 1027 1888 1082 quoque
1929 1014 2080 1082 judi-

490 1103 616 1165 ciis,
683 1117 805 1173 qua:
847 1100 915 1156 de
965 1101 1346 1171 contractibus
1399 1108 1456 1156 et
1508 1100 1575 1155 de
1613 1104 1944 1157 commercio
1999 1103 2078 1158 fe-

487 1200 708 1255 runtur,
745 1193 894 1246 nulla
924 1192 1176 1248 habenda
1227 1200 1311 1248 est
1351 1207 1714 1262 personarum
1765 1195 1940 1261 ratio;
1994 1196 2076 1252 sic

489 1283 545 1337 in
582 1283 1106 1346 consultationibus,
1126 1297 1236 1337 non
1268 1283 1581 1353 imperium,
1615 1299 1726 1338 non
1760 1284 2074 1350 facultates,

487 1374 585 1432 sed
619 1391 774 1431 mens
804 1383 950 1431 recte
985 1375 1234 1431 instituta
1260 1375 1544 1446 probaque
1576 1377 1917 1432 conscientia
1953 1393 2080 1448 spe-

486 1467 686 1522 ctanda
724 1476 830 1523 est.
867 1467 994 1523 Haac
1024 1484 1190 1539 porro
1225 1483 1346 1539 quai
1397 1469 1511 1538 jam
1566 1469 1850 1539 proposita
1903 1478 2074 1536 sunt,

485 1568 722 1632 possunt
746 1576 866 1616 mea
896 1560 1116 1632 quidem
1140 1561 1413 1616 sententia
1443 1559 1512 1616 de
1534 1559 1742 1616 ludatis
1774 1560 2076 1619 Salvatoris

484 1654 777 1710 consilium
809 1654 1150 1709 confundere
1173 1653 1504 1708 conantibus
1537 1653 1734 1722 accipi,
1763 1653 1890 1722 quia
1917 1665 2078 1724 puta-

482 1755 608 1801 rent
632 1745 812 1816 ipsum
847 1761 971 1802 esse
1003 1746 1224 1816 inopem
1253 1746 1457 1810 virum,
1493 1760 1596 1800 nec
1630 1744 1952 1804 thesaurum
1987 1745 2074 1799 ιΙί-

483 1836 732 1891 viuitatis
758 1845 1074 1908 pensarent.
1102 1834 1144 1890 li
1175 1837 1361 1907 itaque
1393 1836 1661 1892 doctrina:
1688 1835 1838 1890 illius
1861 1850 2076 1906 semper

2181 638 2542 709 συστήσεσθαι
2591 644 2785 714 γενεᾷ;
2847 643 2928 697 διὸ
2971 645 3240 716 ἐπιλέγεις

2252 821 2373 877 Ὀτι
2418 827 2448 878 ὀ
2516 827 2658 892 Θεῶς
2716 823 2789 880 ὲν
2845 821 3036 897 γενεᾷ
3066 829 3284 896 δικαίᾳ.
3321 830 3568 899 Bovth
3612 847 3766 886 πτωο

2193 916 2308 984 χοῦ
2355 919 2806 986 κατῃσχύνατε,
2857 923 2890 974 ό
2947 919 3017 972 δὲ
3086 921 3301 989 Κύριος
3348 921 3523 988 ἐλπὶς
3577 926 3765 980 αὐτοῦ

2181 1006 2371 1062 ἐστιν.
2401 1009 2614 1080 Ὥσπερ
2646 1011 2704 1062 ἐν
2756 1014 2870 1074 τοῖς
2931 1011 3114 1076 ἄλλοις
3155 1014 3387 1085 κρίμασι
3450 1018 3561 1078 τοῖς
3618 1033 3765 1085 γινο-

2181 1101 2365 1170 μένοις
2415 1104 2544 1173 περὶ
2593 1101 3015 1174 συναλλάγματα
3066 1104 3162 1158 καὶ
3207 1105 3492 1169 κοινωνίας
3518 1106 3620 1160 οὐκ
3684 1109 3764 1171 είς

2179 1190 2447 1260 πρόσωπα
2513 1189 2732 1260 βλέπειν
2797 1192 2906 1244 δείο
2993 1191 3168 1256 οὕτως
3226 1195 3284 1245 ἐν
3344 1197 3457 1257 τοῖς
3517 1194 3764 1264 βουλευο-

2182 1281 2365 1352 μένοις
2419 1283 2518 1335 οὑκ
2575 1285 2656 1347 εἰς
2712 1285 2886 1356 ἀρχὴν
2938 1285 3032 1340 καὶ
3097 1287 3410 1357 περιουσίαν
3443 1288 3756 1359 σκοπητέονο

2178 1372 2293 1425 ἀλλ’
2341 1375 2421 1438 είς
2477 1373 2602 1428 νοῦν
2661 1375 3069 1448 διηρθρωμένον
3135 1379 3234 1431 καὶ
3286 1378 3347 1430 τὸ
3393 1379 3762 1451 εὑσυνείδητον

2179 1463 2390 1535 ἔχοντα.
2433 1468 2788 1522 Ἐπιστατέον
2837 1468 3106 1534 ἐκλαϐεῖν,
3139 1472 3187 1522 εἰ
3217 1471 3461 1536 δυνατὸν,
3495 1474 3622 1542 περὶ
3652 1471 3763 1525 τῶν

2191 1557 2457 1614 Ἰουδαίων
2490 1561 2560 1614 τὰ
2607 1561 2963 1634 προκείμενα,
3013 1563 3112 1634 τὴν
3153 1562 3248 1616 τοῦ
3279 1564 3528 1634 Σωτῆρος
3569 1564 3764 1639 βουλὴν

2178 1651 2537 1721 καταισχῦναι
2574 1653 2930 1717 σπευδόντων,
2961 1653 3040 1724 τῷ
3075 1653 3324 1725 ἡγεῖσθαι
3357 1655 3520 1707 αὑτὸν
3547 1657 3763 1725 πτωχόν

2176 1759 2299 1796 τινα
2341 1739 2512 1808 εἶναι,
2565 1746 2660 1799 καὶ
2723 1746 2796 1817 μὴ
2849 1745 3078 1799 πλοῦτον
3131 1744 3404 1814 θεότητος.
3463 1747 3575 1799 ’Λεὶ
3629 1747 3762 1816 γοῦν

2176 1836 2271 1890 καὶ
2308 1836 2650 1906 ἀντιλέγουσι
2699 1842 2766 1910 τῇ
2809 1839 3129 1911 διδασκαλίᾳ
3181 1839 3368 1904 αὑτοῦ,
3408 1841 3502 1894 καὶ
3539 1842 3637 1905 τὰς
3668 1860 3760 1896 τεν

483 1927 908 1993 contradicunt;
943 1944 1009 1984 ac
1039 1927 1434 1985 miraculbrum
1479 1928 1745 1992 virtutes,
1777 1930 1933 1998 quasi
1963 1944 2068 1985 non

2179 1928 2434 2000 ραστίους
2471 1930 2730 2002 δυνάμεις
2757 1931 3168 2001 κακολογοῦσιν,
3203 1932 3280 1996 ὡς
3310 1934 3384 2006 μὴ
3414 1933 3568 2005 θεῖκῇ
3601 1935 3762 1990 δυνά-

483 2019 672 2075 divina
702 2021 778 2084 vi,
811 2020 909 2076 sed
953 2020 1061 2075 alia
1093 2021 1351 2092 quapiam
1381 2020 1596 2078 ratione
1622 2019 1930 2088 exhibitas,
1979 2035 2075 2078 ca-

482 2111 849 2169 lumniantur.

557 2204 724 2262 Vens.
767 2206 820 2262 7.
861 2206 994 2274 Quis
1021 2207 1170 2274 dabit
1198 2223 1264 2262 ea:
1293 2205 1420 2262 Sion
1444 2207 1682 2263 salutare
1718 2206 1935 2262 Israel?
1952 2224 2073 2262 cum

482 2298 734 2352 averterit
759 2296 1017 2353 Domi-nus
1068 2299 1428 2368 captivitatem
1471 2298 1638 2368 plebis
1670 2315 1803 2364 suaz,
1835 2299 2074 2354 exsulta-

481 2390 556 2444 bit
595 2388 765 2445 Iacob
798 2400 848 2445 et
888 2391 1161 2445 la’tabitur
1191 2391 1386 2446 Israel.
1433 2391 1572 2447 Cum
1607 2407 1804 2449 omnes
1851 2408 1958 2448 una
1982 2391 2074 2449 de-

479 2481 782 2538 clinassent
808 2489 862 2536 et
907 2482 1128 2538 inutiles
1162 2483 1292 2537 facti
1319 2489 1526 2551 essent,
1553 2482 1670 2552 jam
1705 2492 1919 2554 tempus
1974 2483 2072 2539 ad-

478 2585 619 2638 erat,
651 2584 711 2632 ut
744 2576 814 2630 ad
846 2575 1184 2645 precandum
1228 2591 1538 2632 sermonem
1588 2582 1860 2644 verteret;
1897 2576 1970 2630 ita
2009 2583 2072 2631 ut

480 2684 585 2721 ceu
634 2667 906 2740 legatione
963 2677 1219 2739 suscepta
1263 2667 1587 2724 diceretur:
1645 2668 1777 2735 Quis
1822 2668 1970 2724 dabit
2005 2685 2071 2724 ea:

481 2761 613 2828 Sion
642 2761 881 2818 salutare
929 2760 1142 2816 Israel?
1170 2760 1294 2831 Ipso
1326 2761 1473 2816 enim
1508 2761 1735 2816 salutari
1763 2768 1897 2818 tunc
1930 2779 2070 2833 opus

480 2855 792 2927 erat,quod
833 2866 1185 2926 peccatorqu
1223 2855 1611 2909 remissionem
1662 2854 1963 2920 tribueret,
2017 2862 2071 2910 et

479 2945 678 3010 auctor'
703 2945 898 3007 salutis
926 2955 1090 3003 esset.
1141 2947 1380 3018 ldipsum
1426 2949 1666 3002 salutare
1706 2949 1850 3019 quod
1873 2965 2072 3005 secun—

479 3038 612 3094 dum
641 3053 865 3094 carnem
900 3055 965 3094 ex
1001 3039 1208 3094 semine
1239 3037 1463 3094 Davidis
1517 3039 1760 3107 prodiit,
1819 3055 1887 3094 ex
1937 3040 2068 3094 Sion

477 3130 667 3185 datum
700 3137 784 3185 est
817 3148 831 3184 :
865 3127 1011 3182 Nam
1044 3130 1209 3184 veniet
1242 3145 1308 3184 ea:
1339 3130 1469 3184 Sion
1500 3131 1814 3198 redemptor,
1846 3139 1896 3183 et
1919 3145 2068 3183 arar.-

475 3229 549 3278 ιιι
573 3222 878 3291 iniquitates
909 3237 944 3274 a
965 3218 1134 3273 Jacob
1161 3220 1226 3274 ⁸⁷.
1262 3215 1464 3274 Eodem
1498 3233 1716 3289 quoque
1739 3233 1905 3274 sensu
1933 3216 2068 3272 illud

476 3313 718 3385 accipias
749 3313 916 3367 licet:
971 3311 1055 3365 Ea:
1085 3311 1214 3367 Sion
1268 3312 1460 3378 species
1504 3310 1708 3364 decoris
1734 3311 1847 3378 ejus
1877 3311 1955 3374 ’⁸,
2005 3317 2066 3365 ut

476 3406 725 3475 apposite
795 3405 1132 3474 intelligatur
1208 3402 1448 3458 salutare
1535 3403 1665 3457 illud
1721 3418 1787 3458 ex
1851 3403 2065 3459 cmlesti

477 3496 612 3553 Sion
642 3497 958 3560 advenisse,
995 3495 1268 3566 siquidem
1319 3495 1374 3549 in
1409 3496 1526 3565 ipsa
1555 3493 1807 3551 Christus
1835 3511 2062 3567 regnum

475 3591 728 3664 obtinere
750 3589 933 3644 dictus
956 3599 1058 3644 est.
1104 3588 1474 3656 Quamobrem
1509 3603 1712 3659 scopus
1742 3596 1960 3652 noster,
1999 3603 2064 3643 ac

475 3698 603 3754 spes
627 3695 880 3754 supernae
908 3681 1214 3737 vocationis
1247 3692 1332 3737 cst
1365 3696 1589 3752 regnum
1619 3681 1904 3735 caelorum.
1948 3681 2064 3738 Sub

473 3774 613 3838 haec,
643 3774 880 3830 futuram
900 3772 1155 3828 omnibus
1185 3772 1500 3828 hominibus
1539 3773 1607 3826 ab
1644 3773 1874 3843 ipsemet
1914 3774 2064 3830 salu-

472 3867 580 3939 tari
602 3866 1004 3930 conciliandam
1036 3867 1343 3922 libertatem
1371 3866 1635 3922 declarat.
1669 3865 1746 3922 Ac
1786 3869 2062 3938 perpende

473 3962 631 4026 mihi,
656 3976 864 4032 quaeso,
897 3977 1006 4033 quo
1037 3969 1196 4031 pacto
1222 4001 1238 4024 ,
1290 3975 1415 4014 cum
1447 3959 1536 4014 alii
1591 3961 1856 4032 redempti
1908 3961 2018 4015 sint
2043 4001 2057 4026 ,

472 4055 612 4110 alios
645 4046 826 4110 tamen
850 4054 999 4108 dicat
1030 4037 1307 4108 exsultare
1337 4071 1349 4106 :
1387 4067 1512 4106 nam
1545 4068 1668 4107 cum
1697 4053 1931 4123 papulus
1963 4052 2062 4108 Do-

471 4146 608 4200 mini
646 4160 677 4199 a
716 4145 1034 4216 captivitate
1068 4143 1390 4199 liberabitur
1414 4183 1428 4207 ,
1462 4141 1768 4197 Exsultabit
1794 4184 1810 4209 ,
1859 4144 2056 4215 inquit,

469 4235 661 4302 Iacob,
692 4248 740 4292 et
771 4222 1041 4292 lietabitur
1089 4234 1286 4294 Israel.
1315 4234 1452 4290 Cum
1493 4236 1660 4306 igitur
1691 4235 1937 4291 futurum
1971 4252 2060 4292 es-

471 4339 590 4397 set,
629 4339 687 4386 ut
713 4331 909 4387 anima:
947 4332 1078 4386 olim
1105 4346 1134 4383 a
1168 4329 1473 4385 daemonica
1502 4345 1691 4384 errore
1735 4331 1790 4384 in
1823 4331 2058 4401 captivi-

470 4427 639 4494 tatem
676 4401 963 4484 obductze,
1014 4407 1110 4490 per
1139 4420 1378 4475 salutare
1412 4418 1504 4472 Dei
1543 4420 1851 4474 libertatem
1903 4435 2058 4475 asse-

468 4518 791 4588 quercntur,
824 4517 878 4565 et
904 4525 972 4588 es
1021 4510 1279 4565 omnibus
1332 4510 1586 4581 gentibus
1641 4510 1708 4564 ad
1766 4509 2055 4565 Dominum

2180 2038 2292 2093 μει,
2322 2022 2436 2078 ἀλλ’
2466 2023 2688 2079 ἄλλοθέν
2715 2024 2877 2080 ποθεν
2906 2027 3301 2099 γεγενημένας.

2249 2192 2346 2257 Τίς
2384 2189 2566 2248 δώσει
2609 2191 2677 2246 ἐκ
2707 2191 2861 2248 Σιὼν
2898 2191 2964 2247 τὸ
3004 2194 3302 2264 σωτήριον
3344 2195 3450 2250 τοῦ
3491 2195 3760 2266 Ἰσραήλε

2171 2283 2243 2338 ἐν
2277 2283 2358 2350 τῷ
2387 2283 2744 2354 ἐπιστρέψαι
2787 2287 3011 2354 Κύριον
3050 2286 3166 2356 τὴν
3205 2290 3623 2358 αἰχμαλωσίαν
3651 2289 3757 2345 τοῦ

2171 2375 2326 2432 λαοῦ
2371 2376 2560 2431 αὐτοῦ
2601 2376 3035 2447 ἀγαλλιάσεται
3085 2379 3304 2444 Ἰακὼϐ,
3354 2379 3452 2437 καὶ
3500 2383 3760 2450 εὐφραν-

2173 2469 2422 2535 θήσεται
2474 2468 2736 2538 ’1σραήλ.
2804 2470 3028 2526 Πάντων
3082 2470 3443 2526 ἐκκλινάντων
3500 2472 3595 2526 καὶ
3638 2473 3759 2542 ἃμα

2171 2557 2580 2631 ἀχρειωθέντων
2606 2559 2799 2632 καιρὸς
2827 2556 2896 2634 ἦν
2921 2563 3002 2626 είς
3027 2562 3190 2635 εὐχὴν
3222 2563 3418 2634 τρέψαι
3450 2562 3543 2616 τὸν
3575 2562 3756 2630 λόγον,

2172 2648 2248 2713 ὡς
2282 2650 2578 2722 πρεσϐείας
2610 2653 2798 2723 τρόπῳ
2832 2653 3032 2722 φάναι·
3072 2656 3166 2719 Τίς
3195 2653 3374 2708 δώσει
3410 2655 3479 2708 ἐκ
3507 2656 3662 2710 Σιὼν
3685 2656 3756 2712 τὸ

2171 2743 2470 2812 σωτήριον
2511 2745 2616 2799 τοῦ
2663 2745 2936 2814 Ἰσραή.ῑ;
2975 2747 3151 2800 Αὑτοῦ
3202 2747 3310 2818 γὰρ
3346 2748 3503 2819 χρεία
3548 2749 3754 2815 λοιπὸν,

2169 2833 2264 2888 τοῦ
2313 2836 2509 2906 ἄφεσιν
2557 2837 2973 2909 ἁμαρτημάτων
3023 2837 3382 2911 παρέχοντος,
3436 2839 3531 2893 τοῦ
3581 2840 3754 2896 αἰτίου

2169 2931 2269 3001 τῆς
2309 2931 2529 2984 αἰωνίου
2575 2932 2867 3002 σωτηρίας.
2930 2931 3102 2986 Τοῦτο
3139 2933 3200 2986 τὸ
3234 2935 3498 3006 σωτήριον
3524 2934 3585 2987 τὸ
3616 2935 3758 2992 κατὰ

2173 3021 2353 3092 σάρκα
2404 3023 2468 3075 ἐκ
2525 3023 2839 3094 σπέρματος
2889 3023 3055 3078 Δαυῗδ
3101 3024 3344 3094 γεγονὸς,
3377 3028 3442 3079 ἐκ
3491 3027 3590 3098 τῆς
3616 3026 3764 3082 Σιὼν

2169 3117 2409 3171 δέδοται·
2470 3117 2630 3181 Ἥξει
2692 3118 2804 3188 γὰρ
2860 3118 2931 3172 ἐκ
2982 3118 3135 3172 Σιὼν
3195 3122 3229 3173 ό
3278 3119 3603 3188 ῥυόμενος,
3653 3127 3752 3176 κε)

2170 3211 2540 3279 ἀποστρέψει
2573 3212 2851 3278 ἀσεϐείας
2883 3211 3000 3266 ἀπὸ
3039 3209 3255 3266 Ἰακώϐ.
3302 3212 3396 3276 Εἰς
3427 3211 3587 3265 τοῦτο
3609 3211 3756 3283 λήψῃ

2173 3303 2234 3356 τό
2253 3320 2266 3333 ο
2305 3305 2396 3357 Ἐκ
2420 3303 2573 3358 Σιὼν
2605 3306 2644 3373 ἡ
2675 3305 2996 3374 εὐπρέπεια
3028 3304 3138 3373 τῆς
3166 3306 3521 3374 ὠραιότητος
3546 3307 3753 3371 αὑτοῦ,

2173 3395 2395 3453 δυνατὸν
2439 3397 2719 3450 ἐκλαϐεῖν·
2759 3399 2835 3462 ὡς
2868 3399 2960 3452 καὶ
3004 3401 3068 3452 ἐκ
3113 3399 3214 3470 τῆς
3259 3399 3584 3469 ἐπουρανίου
3617 3398 3762 3454 Σιὼν.

2174 3487 2398 3560 ἐλήλυθε
2432 3489 2493 3543 τδ
2529 3491 2824 3563 σωτήριονο
2874 3492 3107 3564 ἐπείπερ
3141 3493 3199 3546 ἐν
3225 3491 3360 3563 αὐτῇ
3406 3493 3617 3563 εἴρηται
3656 3493 3756 3564 τὴν

2175 3579 2450 3650 βασιλείαν
2505 3582 2648 3652 ἔχειν
2698 3584 2727 3635 6
2767 3584 3020 3655 Χριστός.
3075 3584 3166 3637 Διὸ
3195 3585 3289 3638 καὶ
3321 3587 3350 3637 6
3373 3585 3573 3650 σκοπὸς
3599 3584 3757 3658 ἡμῶν

2172 3672 2267 3725 καὶ
2326 3674 2360 3743 ἡ
2407 3671 2572 3738 ἐλπὶς
2616 3673 2716 3745 τῆς
2775 3674 2887 3732 ἄνω
2953 3675 3199 3747 κλήσεως
3256 3677 3289 3748 ή
3351 3675 3595 3746 βασιλεία
3645 3677 3755 3730 τῶν

2171 3762 2415 3833 οὐρανῶν
2447 3762 2724 3834 τυγχάνει.
2779 3759 2893 3816 Εἶθ’
2928 3764 3054 3834 ἑξῆς
3089 3764 3188 3836 τὴν
3218 3765 3516 3836 μέλλουσαν
3551 3766 3760 3820 ἅπασιν,

2169 3855 2479 3928 ἀνθρώποις
2514 3857 2892 3930 προξενεῖσθαι
2926 3859 3034 3912 ἀπὸ
3081 3860 3264 3913 κακῶν
3306 3859 3617 3932 ἐλευθερίαν
3665 3860 3760 3914 διὰ

2167 3947 2263 4001 τοῦ
2323 3950 2594 4021 σωτηρίου
2655 3951 2972 4022 παρίστησι.
3038 3951 3149 4004 Καὶ
3200 3951 3297 4005 θέα
3351 3952 3473 4006 τίνα
3531 3952 3754 4025 τρόπον,

2170 4042 2370 4114 ἐτέρων
2409 4039 2812 4116 λυτρουμένων,
2871 4043 3093 4116 ἐτέρους
3147 4045 3310 4116 φησὶν
3361 4045 3749 4114 ἀγαλλιᾶσθαι·

2167 4135 2226 4188 ἐν
2273 4134 2354 4207 τῷ
2399 4130 2526 4208 γὰρ’
2575 4136 2987 4210 ἠλευθερῶσθαι
3061 4139 3161 4210 τὴν
3223 4139 3598 4211 αἰχμαλωσίαν
3659 4139 3755 4194 τοῦ

2166 4226 2310 4304 λαοῦ,
2337 4231 2542 4300 Κυρίου
2564 4270 2578 4295 ,
2629 4228 3076 4300 Ἆγαλλιὰσεται
3101 4231 3134 4295 ,’
3167 4232 3352 4301 φησὶν,
3398 4231 3613 4296 Ἰακὼϐ,
3653 4233 3754 4286 καὶ

2165 4321 2640 4390 εὐφρανθήσεται
2683 4323 2944 4392 Ἰσραήλ.
2989 4324 3110 4378 Τῶν
3149 4321 3242 4378 οὖν
3287 4325 3455 4378 πάλαι
3502 4325 3754 4396 ᾐχμαλω-

2164 4413 2435 4485 τισμένων
2465 4415 2570 4468 ὑπὸ
2596 4415 2694 4486 τῆς
2720 4414 3038 4487 δαιμονικῆς
3062 4415 3268 4486 πλάνης
3297 4415 3504 4486 ψυχῶν,
3530 4415 3754 4486 μελλου-

2169 4507 2274 4562 σῶν
2297 4507 2386 4561 διὰ
2409 4509 2502 4562 τοῦ
2537 4510 2801 4582 σωτηρίου
2834 4509 2927 4562 τοῦ
2947 4501 3081 4562 Θεοῦ
3114 4508 3425 4580 ἐλευθερίας
3445 4509 3753 4580 τυγχάνειν,

469 4601 722 4659 homines
749 4609 1240 4674 converterentur;
1275 4603 1372 4674 qui
1426 4603 1556 4657 olim
1589 4602 1645 4656 in
1677 4600 1788 4657 Deo
1813 4601 2057 4658 defuncti

2175 4601 2259 4654 καὶ
2299 4601 2358 4668 ἐξ
2403 4602 2658 4656 ἁπάντων
2695 4601 2802 4656 τῶν
2842 4601 3014 4655 ἐθνῶν
3048 4601 3350 4673 μελλόντων
3401 4601 3755 4672 ἐπιστρέφειν

471 4705 602 4764 sunt
623 4695 760 4765 justi
790 4703 954 4765 atque
983 4694 1283 4774 prophetre,
1309 4694 1403 4766 qui
1438 4711 1567 4750 vere
1592 4694 1783 4760 Israel,
1817 4710 1943 4750 vere
1965 4693 2059 4749 Ja-

470 4787 577 4856 cob
605 4787 909 4864 nuncupari
941 4783 1202 4858 possunt,
1227 4787 1584 4842 exsultabunt
1616 4803 1679 4842 ac
1709 4774 2056 4854 laetabuntur,

469 4883 615 4952 quod
647 4881 906 4956 vaticinia
940 4882 1010 4936 ab
1040 4896 1100 4936 se
1137 4881 1205 4936 de
1232 4881 1393 4936 nobis
1427 4883 1570 4937 edita
1597 4882 1866 4950 completa
1911 4883 2020 4946 sint
2040 4923 2056 4947 ,

469 4975 726 5048 quodque
754 4973 857 5046 ipsi
901 4973 1060 5049 nobis
1108 4973 1176 5029 de
1203 4973 1396 5043 adepta
1448 4975 1624 5030 salute
1671 4960 2058 5044 co'ng‘ratulen-

469 5073 580 5136 tur.
613 5065 958 5136 Quapropter
995 5065 1252 5128 Sitneon,
1291 5065 1415 5119 cum
1450 5065 1517 5121 de
1547 5065 1832 5122 Salvatore
1885 5066 2060 5122 dixis-

419 5211 422 5215 .
471 5167 554 5216 set
583 5179 598 5217 :
634 5159 834 5234 Lumen
869 5164 976 5236 erit
1015 5161 1084 5215 ad
1121 5160 1490 5236 reuelationem
1517 5163 1786 5234 gentium;
1823 5161 2054 5241 addidit,

403 5259 416 5300 '.
467 5263 518 5317 et
537 5252 766 5332 gloriam
793 5253 958 5324 plebis
993 5266 1121 5331 tute,
1150 5252 1325 5328 Israel
1354 5256 1426 5337 ¹⁹..

1037 5391 1055 5423 Ι

698 5459 768 5516 ΙΝ
805 5458 1017 5516 ΡΙΝΕΜ
1055 5457 1386 5517 PSALMUS
1426 5458 1636 5516 DAVID
1671 5459 1814 5516 XIV.
1911 5497 1913 5499 ι

555 5588 712 5642 Vsus.
755 5575 809 5634 1.
856 5574 1108 5641 Domine,
1157 5575 1275 5646 quis
1307 5573 1567 5629 habitabit
1621 5575 1676 5629 in
1717 5575 2058 5630 tabernacula

474 5679 564 5726 tuo
584 5675 610 5726 7
638 5678 732 5724 aut
765 5670 881 5740 quis
921 5669 1201 5738 requiescet
1230 5669 1287 5722 in
1317 5677 1489 5722 monte
1518 5676 1703 5723 sancto
1733 5671 1866 5725 tuo?
1905 5668 1950 5722 Α
1979 5670 2059 5722 vi-

472 5759 779 5828 cinioribus
804 5757 1148 5832 procedens,
1207 5756 1509 5830 perfectum
1541 5757 1718 5812 virum
1769 5756 2052 5816 describit.

549 5915 592 5958 ⁸⁷
635 5916 735 5973 Ιδα..
773 5931 898 5987 ιιι,
930 5915 1017 5971 ‘20.
1101 5915 1142 5948 "'
1179 5912 1324 5972 Psal.
1359 5929 1506 5981 ηις,
1552 5912 1606 5984 2.
1688 5914 1730 5945 "
1769 5910 1901 5966 Luc.
1944 5927 2018 5978 ιι,
2051 5909 2140 5967 52.

2163 4692 2256 4745 ἐπὶ
2292 4692 2382 4745 τὸν
2413 4693 2639 4766 Κύριον,
2689 4695 2737 4748 οἱ
2768 4693 2938 4748 πάλαι
2981 4693 3134 4765 παρὰ
3163 4694 3240 4766 τῷ
3267 4693 3387 4765 θεῷ
3429 4695 3752 4748 ἀναπεπαυ-

2166 4784 2317 4854 μένοι
2362 4785 2557 4841 δίκαιοι
2605 4789 2699 4842 καὶ
2743 4788 3042 4859 προφῆται,
3091 4787 3248 4841 αὐτοὶ
3267 4787 3418 4851 ὄντες
3463 4789 3493 4840 6
3534 4785 3754 4857 άληθῶς

2161 4878 2381 4952 Ἰσραὴλ
2433 4880 2528 4933 καὶ
2578 4882 2606 4934 6
2649 4880 2867 4951 άληθῶς
2917 4879 3134 4946 Ἰακὼϐ,
3189 4880 3614 4958 ἀγαλλιάσονται,
3657 4878 3755 4932 καὶ

2163 4970 2647 5043 εὐφρανθήσονται,
2681 4973 2769 5026 διὰ
2810 4974 2872 5027 τὸ
2903 4973 3240 5046 πληροῦσθαι
3279 4971 3460 5026 αὐτῶν
3488 4970 3587 5035 τὰς
3621 4971 3754 5043 περὶ

2164 5064 2322 5135 ήμῶν
2357 5067 2710 5136 προφητείας,
2758 5067 2854 5120 καὶ
2903 5066 2990 5119 διὰ
3038 5066 3099 5119 τὸ
3150 5065 3467 5136 συγχαίρειν
3504 5067 3569 5134 τῇ
3609 5065 3750 5135 ήμε-

2161 5156 2298 5228 τέρᾳ
2331 5158 2592 5230 σωτηρίᾳ.
2639 5158 2730 5211 Διὸ
2763 5159 2858 5212 καὶ
2901 5158 2930 5210 6
2964 5157 3211 5228 Συμεὼν,
3233 5180 3244 5195 ο
3267 5157 3438 5210 είπὼν
3481 5158 3609 5228 περὶ
3654 5155 3756 5210 τοῦ

2161 5249 2434 5321 Σωτῆρος,
2486 5245 2569 5304 ὅτι
2616 5249 2746 5317 Φῶς
2792 5249 2945 5303 ἔσται
2989 5251 3076 5315 εἰς
3110 5248 3505 5316 ἀποκάλυψιν
3534 5245 3746 5310 ἐθνῶν,

2163 5341 2435 5411 ἐπήγαγε,
2470 5339 2570 5394 καὶ
2597 5339 2785 5403 δόξαν
2811 5337 2966 5396 λαοῦ
2999 5355 3120 5408 σου,
3142 5336 3403 5406 Ἰσραήλ.
3747 5323 3754 5332 ’

2286 5454 2398 5508 ΕΙΣ
2434 5454 2522 5508 ΤΟ
2560 5453 2783 5507 ΤΕΛΟΣ
2819 5451 3114 5506 ΨΑΛΜΟΣ
3151 5452 3236 5504 ΤΩ
3269 5449 3468 5503 ΔΑΥΙΔ
3508 5450 3604 5502 1Δ’.

2231 5569 2442 5636 Κύριε,
2487 5568 2581 5633 τίς
2623 5564 2978 5641 παροικήσει
3006 5566 3076 5618 ἐν
3112 5562 3193 5632 τῷ
3227 5562 3577 5632 σκηνώματι
3602 5575 3746 5624 σονς

2161 5661 2263 5718 καὶ
2299 5660 2391 5727 τίς
2417 5657 2870 5725 κατασκηνώσει
2909 5658 2980 5711 ἐν
3016 5655 3094 5722 τῷ
3139 5655 3258 5724 ὄρει
3303 5649 3382 5716 τῷ
3416 5653 3561 5723 ἁγίῳ
3590 5667 3746 5714 σσυ;

2161 5755 2295 5810 Ἀπὸ
2326 5754 2433 5809 τῶν
2468 5751 2929 5828 νπροσεχεστέρων
2975 5748 3282 5824 προϐαίνων
3323 5745 3612 5824 διαγράφει
3653 5743 3753 5810 ab"
