3998 6432
259 409 354 466 N9
1012 479 1046 516 ’

254 521 459 580 τέλειον.
517 521 780 594 Παροικία
807 521 862 574 δέ
892 521 1007 575 ἑστι

253 613 414 669 ἑλπίδι
443 611 545 681 τῆς
583 612 902 684 κρείττονος.
951 615 1040 667 Διό
1071 631 1202 685 φησι
1236 615 1329 668 καὶ
1358 615 1518 667 Δαυῖδ
1539 632 1555 646 ο
1592 615 1801 684 Πάροι-

252 704 350 770 udi:
399 706 515 772 ειμι
565 704 663 756 καὶ
716 704 1144 774 παρεπίδημος,
1224 707 1418 772 καθὼς
1471 706 1692 773 ,πάντες
1749 710 1804 760 οι

251 795 484 864 πατέρες
525 813 666 864 μου.
707 795 975 866 Πάροικος
1015 796 1126 868 γὰρ
1151 796 1427 869 ’Δϐραὰμ,
1478 799 1612 869 μηδὲ
1654 798 1804 870 βῆμα

251 888 572 958 κεκτημένος
612 887 790 950 ποδὸς,
829 888 976 966 μόλις
1003 889 1061 941 δὲ
1091 890 1258 958 τάφον
1289 891 1606 962 πριάμενος.
1643 893 1707 945 ⁸0
1739 891 1804 963 δὴ

252 980 506 1052 σύμϐολον
540 979 639 1032 τοῦ
675 978 850 1044 ζῶντα
901 981 998 1052 μὲν
1038 983 1097 1034 ἐν
1139 984 1301 1054 σαρκὶ
1353 983 1611 1054 πάροικον
1668 981 1804 1038 εἶναι

251 1073 555 1145 προσήκειν,
609 1071 992 1142 μεταϐαίνοντα
1046 1072 1103 1125 δὲ
1155 1073 1378 1143 ταύτης,
1428 1076 1538 1137 τοῖς
1587 1074 1805 1138 οἰκείοις

247 1167 418 1229 τόποις
455 1163 846 1220 ἀναπαύεσθαι.
889 1164 998 1218 Καὶ
1035 1165 1302 1237 μακάριόν
1344 1183 1505 1236 φησιν
1552 1169 1610 1219 ὲν
1653 1166 1808 1219 ἀλλο-

247 1255 421 1324 φύλοις
455 1253 857 1324 παροικοῦντα,
890 1252 964 1325 μὴ
1000 1253 1076 1316 ὡς
1115 1254 1337 1317 οἰκείοις
1383 1253 1805 1326 προστετηκέναι

246 1349 347 1411 τοίς
395 1348 451 1398 ὲν
503 1348 569 1416 τῇ
616 1348 723 1416 γῇ.
777 1345 1046 1414 Σκήνωμα
1093 1345 1148 1397 δὲ
1190 1343 1324 1398 Θεοῦ
1376 1348 1408 1416 ἡ
1465 1345 1594 1416 παρ’
1643 1344 1804 1398 αὐτοῦ

243 1437 488 1508 δεδομένη
531 1436 672 1507 σὰρξ
715 1440 782 1507 τῇ
811 1434 904 1490 τοῦ
931 1435 1215 1508 ἀνθρώπου
1247 1435 1392 1506 ψυχῇ
1435 1437 1569 1507 πρὸς
1601 1435 1808 1505 ἐνοίκη-

1052 484 1055 487 _
1361 414 1869 474 COMMENTARIA
1907 421 1974 476 IN
2000 422 2342 480 PSALMOS.

1064 521 1307 605 διαγωγὴ
1353 525 1685 597 πρόσκαιρος
1714 528 1800 579 ἐπ’

1914 527 2178 585 Habitatio
2211 539 2391 587 autem
2419 541 2501 597 est
2530 540 2879 603 temporanea
2917 536 3495 608 commoratiotcum.

3360 426 3465 492 150

1905 638 2000 692 spe
2056 624 2295 680 melioris
2346 625 2659 694 conjuncta.
2712 625 3070 692 Quamobrem
3127 627 3202 681 ait
3257 626 3498 687 Davidz-

1905 715 2117 779 Advena
2134 732 2249 770 sum
2275 725 2323 768 et
2346 717 2669 786 peregrinus,
2706 719 2836 771 sicut
2864 734 3040 772 omnes
3075 729 3249 789 patres
3275 719 3375 773 mei
3395 720 3475 771 ὀ.

1906 805 2120 860 Advena
2150 822 2364 877 quoque
2400 816 2518 862 erat
2543 808 2839 871 Abraham,
2869 818 3054 880 utpote
3079 812 3170 879 qui
3205 827 3272 866 ne
3301 810 3467 866 vesti-

1905 899 2049 970 gium
2090 899 2243 968 pedis
2297 899 2631 969 possideret,
2686 900 2881 967 vixque
2938 903 3229 970 sepultura:
3286 902 3497 964 locum,

1907 991 2183 1045 coemerit.
2216 990 2369 1055 Quod
2402 1007 2533 1046 sane
2565 992 2858 1062 symbolice
2889 991 3158 1062 significat
3191 993 3495 1060 hominem_

1908 1083 1962 1137 in
1987 1098 2152 1137 carne
2181 1084 2468 1146 viventem,
2502 1097 2598 1136 ceu
2631 1084 2887 1138 advenam
2936 1084 3176 1154 reputari
3225 1085 3450 1150 debere;

1907 1189 2136 1242 cumque
2178 1173 2246 1227 ab
2293 1174 2406 1243 ipsa
2445 1190 2609 1228 carne
2646 1178 3144 1245 transmigraverit,
3187 1186 3316 1234 tunc
3342 1193 3471 1247 pro-

1907 1259 2040 1328 priis
2074 1259 2127 1312 in
2173 1258 2393 1315 sedibus
2433 1262 2731 1329 quiescere.
2800 1264 2873 1317 Ac
2907 1256 3128 1318 beatum
3177 1281 3298 1322 esse
3335 1267 3470 1326 dicit

1905 1363 2052 1410 eum,
2090 1348 2180 1418 qui
2216 1363 2336 1402 cum
2365 1351 2504 1418 apud
2539 1349 2868 1417 alienigenas
2904 1351 3222 1408 habitaverit
3249 1394 3263 1416 ,
3295 1363 3468 1412 terro-

1908 1441 1994 1494 nis
2018 1441 2172 1508 quasi
2210 1440 2440 1510 prepriis
2487 1442 2590 1495 sibi
2635 1443 2798 1498 rebus
2841 1459 2949 1497 non
3002 1444 3250 1500 addictus
3281 1445 3463 1501 fuerit.

246 1547 341 1584 σιν.
390 1529 486 1592 Τίς
530 1523 648 1590 οὖν,
696 1528 772 1591 ῶς
815 1527 1070 1599 ἀλλοτρίᾳ
1119 1528 1482 1599 κεχρημένος,
1535 1526 1810 1598 ἔγκαρπον

1914 1531 2341 1586 Tabernaculum
2380 1543 2558 1586 autem
2585 1531 2674 1586 Dei
2714 1542 2796 1588 est
2825 1549 2974 1597 caro,
3005 1533 3198 1589 animae
3241 1535 3309 1590 ab
3351 1536 3473 1605 ipso

247 1621 403 1692 αὐτὴν
453 1619 771 1693 παραδώσει
813 1620 890 1692 τῷ
929 1621 1212 1684 δεδωκότι,
1259 1622 1335 1684 ὡς
1364 1620 1431 1673 ἂν
1458 1620 1678 1690 γένηται
1720 1620 1811 1671 καὶ

1914 1631 1978 1678 ad
2017 1622 2368 1678 habitandum
2399 1639 2677 1679 conoessa.
2713 1625 2845 1691 Quis
2885 1626 3065 1695 itaque
3090 1641 3153 1681 ea
3188 1635 3257 1680 ut.
3295 1626 3484 1692 aliena,

245 1717 500 1787 σκήνωμα
550 1713 648 1767 τοῦ
696 1712 830 1767 Θεοῦ
873 1717 986 1776 τοῖς
1037 1714 1210 1781 ἁγίοις
1261 1712 1636 1776 ἐνοικοῦντος-ς⁴
1677 1707 1812 1766 Εἶτα

1914 1731 2066 1782 usus,
2095 1714 2409 1786 frugiferam
2440 1717 2683 1771 eamdem
2721 1717 2962 1787 largitori
2998 1717 3266 1780 restituet,
3292 1727 3351 1771 ut
3382 1717 3483 1772 fiat-

243 1807 370 1878 πρὸς
403 1806 465 1860 τδ
495 1807 685 1877 μεῖζον
718 1805 1080 1878 προσκόπτει·
1114 1805 1222 1859 Καὶ
1251 1805 1341 1871 τίς
1367 1801 1813 1873 κατασκηνώσει

1914 1807 2321 1862 tabernaculum
2356 1807 2480 1872 Dei,
2511 1809 2600 1878 qni
2650 1808 2705 1862 in
2739 1809 2943 1864 sanctis
2976 1808 3224 1863 habitat?
3268 1807 3473 1865 Deinde

243 1896 306 1949 ἐν
337 1895 454 1962 ὄρει
499 1895 652 1964 ἁγίῳ
699 1910 851 1956 σονς
900 1895 1014 1948 Οὐκ
1061 1896 1118 1948 ὲν
1163 1898 1231 1965 τῇ
1265 1895 1431 1968 γηῒνῃ
1459 1893 1619 1959 Σιὼν,
1669 1894 1806 1965 ὅπερ

1914 1914 2035 1954 vero
2057 1899 2133 1955 ad
2149 1900 2523 1969 praestantiora
2556 1901 2839 1970 procedit:
2887 1901 2992 1954 Aut
3030 1901 3145 1971 quis
3193 1901 3473 1970 requiescet

247 1986 508 2050 Ἰουδαίοις
541 1987 715 2049 δοκεῖ,
739 1987 873 2041 ἀλλὰ
905 1988 1029 2057 περὶ
1057 1983 1123 2057 ἧς
1148 1989 1177 2040 6
1195 1985 1404 2050 Παῦλός
1433 2003 1584 2058 φησι’
1614 1987 1807 2054 Προσ-
1825 2003 1848 2037 φ

241 2079 568 2145 ιληλύθατε
616 2078 738 2146 ὄρει
774 2079 918 2132 Θεοῦ
950 2077 1189 2144 ζῶντος,
1226 2078 1611 2147 Ἰερουσαλὴμ
1635 2078 1811 2131 ἐπουε

240 2174 432 2240 parte).
482 2171 784 2242 Παρελθὼν
830 2169 921 2225 οὖν
961 2172 1186 2242 τιςτὴν
1235 2171 1414 2241 σάρκα
1460 2171 1666 2242 ταύτην
1716 2170 1809 2223 καὶ

241 2261 509 2333 νεκρώσας
541 2262 715 2318 αὑτοῦ
749 2261 820 2316 τὰ
854 2262 989 2332 μέλη
1019 2261 1089 2314 τὰ
1113 2261 1205 2313 ἐπὶ
1237 2261 1337 2332 τῆς
1366 2263 1487 2332 γῆς,
1533 2260 1624 2313 τὸν
1657 2261 1810 2328 ἁγια-

241 2357 367 2426 σμὸν
392 2353 774 2428 κατορθώσας,
796 2357 853 2408 ὲν
869 2357 934 2425 τῇ
955 2354 1085 2425 ἁγίᾳ
1107 2354 1517 2426 κατασκηνώσει
1545 2355 1713 2408 πόλεν
1743 2349 1811 2426 ἧς

243 2447 511 2519 ἐπιθυμῶν
579 2449 611 2500 ό
656 2446 817 2501 Δαυῒδ
862 2445 1014 2515 ἔλεγε
1035 2463 1049 2476 ·
1105 2449 1493 2516 Διελεύσομαι
1533 2448 1604 2501 ἐν
1653 2450 1811 2511 τόπῳ

241 2538 462 2608 σκηνῆς
517 2537 880 2608 θαυμαστῆς
935 2537 1044 2603 ἕως
1070 2538 1178 2591 τοῦ
1239 2538 1408 2592 οἷκου
1463 2538 1570 2592 τοῦ
1627 2537 1808 2593 Θεοῦε

240 2632 351 2694 καὶ,
413 2631 511 2697 Ὧς
568 2630 848 2699 ἀγαπητὰ
895 2628 967 2682 τὰ
1019 2627 1377 2698 σκηνώματὰ
1427 2644 1544 2683 σου
1566 2669 1582 2694 ,
1634 2630 1810 2697 Κύριε

239 2722 344 2782 τῶν
410 2720 780 2792 δυνάμεθα]
829 2722 890 2775 τὸ
937 2723 995 2776 δὲ
1041 2720 1230 2776 τούτου
1282 2721 1505 2776 σπάνιον
1557 2721 1811 2792 ἐμφαίνει

241 2815 313 2876 sb,
339 2814 448 2880 τίς,
472 2813 563 2876 ὡς
585 2813 666 2876 τὸ,
707 2812 802 2880 Τίς
827 2812 979 2882 ἔγνω
1010 2813 1117 2867 τὸν
1141 2813 1293 2868 νοῦν
1318 2814 1538 2881 Κυρίου
1553 2829 1572 2877 ;
1602 2813 1695 2866 καὶ
1726 2814 1808 2880 τὸ,

248 2905 330 2972 ne
353 2906 687 2977 ἀναγγελεῖ
715 2905 864 2976 ,ὑμῖν
900 2905 1008 2961 τὸν
1043 2907 1231 2961 τόπον
1270 2905 1377 2960 τὸν
1413 2905 1688 2969 alibi-tor;
1717 2907 1813 2960 καὶ

241 2999 329 3062 τὺ,
380 3001 474 3066 Τίς
536 2998 650 3068 ἄρα
704 3001 991 3069 φρόνιμος
1037 2999 1164 3066 καὶ,
1195 2997 1410 3064 πιστὸς
1466 2998 1811 3066 οὶκονόμος;

239 3088 452 3158 Μήποτε
496 3088 566 3142 δὲ
603 3090 717 3155 καὶ,
755 3089 846 3143 τὸν
873 3089 1004 3143 Θεὸν
1043 3089 1348 3161 ἐρωτήσας,
1380 3088 1538 3158 ἔτυχε
1579 3087 1812 3159 ἀποκρίφ

243 3196 368 3244 eam;
391 3197 406 3247 ;

308 3459 511 3527 Κύριε,
545 3459 636 3524 τίς
667 3456 1018 3526 παροικήσει
1060 3456 1130 3510 ἐν
1166 3454 1248 3522 τῷ
1283 3454 1630 3526 σκηνώματι
1659 3439 1813 3519 σονς

243 3549 278 3616 ἢ
306 3551 393 3616 τίς
434 3547 901 3616 κατασκηνώσει
941 3548 1012 3602 ἐν
1040 3547 1162 3616 ὄρει
1203 3548 1349 3618 ἁγιῳ
1384 3563 1539 3613 σου;
1566 3547 1720 3620 Τάχα
1757 3547 1812 3600 δὲ

204 3644 330 3697 καὶ
387 3643 416 3696 ό
481 3640 876 3713 μεθιστάμενος
929 3641 1010 3703 εἰς
1056 3638 1308 3710 οὐρανὸν,
1364 3638 1440 3702 ὡς
1499 3639 1607 3693 ἀπὸ
1659 3638 1815 3708 ξένης

241 3732 380 3802 ἥκων
406 3731 732 3804 διατριϐῆς,
768 3732 1019 3802 παροικεῖ
1044 3746 1057 3760 ·
1089 3728 1224 3782 Θεοῦ
1246 3728 1354 3800 γὰρ
1393 3729 1656 3800 σκήνωμα
1677 3731 1706 3782 ὁ
1726 3729 1816 3782 οὐ·

244 3823 411 3892 ρανός.
447 3825 598 3894 ’Ὅρα
633 3822 690 3874 δὲ
719 3823 914 3893 μήπως
963 3823 990 3873 6
1031 3818 1308 3890 ἐπιμένων
1348 3822 1413 3890 τῇ
1448 3818 1692 3891 πολιτείᾳ
1721 3817 1815 3872 τοῦ

242 3914 418 3986 νόμου,
455 3916 541 3978 εἰς
567 3913 803 3984 Χριστὸν
834 3911 987 3975 ὄντος
1022 3909 1376 3979 παιδαγωγοῦ
1402 3949 1417 3974 ,
1465 3913 1719 3982 παροικεῖ
1759 3913 1816 3965 ὲν

243 4008 313 4078 τῷ
357 4007 686 4078 σκηνώματι
725 4005 821 4062 τοῦ
854 4006 1081 4076 Κυρίου,
1140 4004 1270 4076 περὶ
1324 4002 1422 4074 τὴν
1471 4004 1675 4075 σκηνὴν
1722 4003 1816 4060 τοῦ

247 4101 545 4173 μαρτυρίου
589 4097 892 4162 τευτάζωνο
936 4099 976 4154 ὁ,
1005 4096 1062 4153 δὲ.
1089 4095 1301 4165 φθάσας
1343 4095 1434 4148 ἐπὶ
1471 4095 1704 4166 Χριστὸν
1729 4098 1818 4149 καὶ

244 4192 334 4263 τὴν
378 4189 749 4262 εὑαγγελικὴν
811 4188 1154 4243 διδασκαλίαν
1217 4189 1561 4256 κατασκηνοῖ
1596 4187 1653 4244 ὲν
1704 4186 1820 4258 ὄρει

247 4285 376 4355 ἁγίῳ
427 4282 528 4337 τοῦ
559 4281 692 4336 Θεοῦ
721 4319 737 4343 ,
782 4280 906 4352 περὶ
948 4276 1010 4335 οὗ
1064 4279 1491 4352 προφητεύεται·
1537 4277 1822 4347 Ἐμφανές

244 4370 366 4424 ἐστι
407 4369 481 4423 τὸ
532 4367 667 4436 ὅρος
721 4367 821 4421 τοῦ
842 4368 1081 4434 Κυρίου.
1136 4369 1246 4421 Καὶ
1291 4368 1483 4422 σκόπει
1529 4367 1709 4432 πάλιν,
1748 4366 1822 4438 μὴ

245 4462 373 4516 Θεοῦ
421 4462 526 4531 μὲν
573 4462 699 4533 ὅρος
743 4459 896 4527 ἅγιον
937 4460 966 4512 ὁ
1004 4459 1098 4512 τοῦ
1135 4459 1268 4514 Θεοῦ
1298 4461 1497 4526 Λόγος’
1558 4460 1823 4529 σκήνωμα

248 4738 302 4790 ὲν
344 4739 465 4811 δρει
511 4738 654 4806 ἁγίῳ
694 4736 860 4801 Θεοῦ,
906 4735 1237 4804 θεασάμενον
1281 4734 1381 4804 τὴν
1426 4732 1583 4797 δόξαν
1628 4733 1822 4796 αὑτοῦ,

247 4829 394 4895 δόξαν
426 4829 504 4893 ὡς
527 4827 862 4896 Μονογενοῦς
891 4827 1036 4898 παρὰ
1063 4826 1276 4895 Πατρός
1297 4843 1311 4857 ο
1349 4828 1443 4882 καὶ
1481 4825 1658 4893 λέγειν
1683 4842 1696 4854 ’
1746 4829 1817 4881 El

251 4923 353 4990 τὰρ
387 4921 731 4992 ἐγνώκαμεν
767 4920 913 4976 κατὰ
961 4917 1159 4986 σάρκα
1190 4916 1465 4986 Χριστὸν,
1507 4918 1671 4972 ἀλλὰ
1700 4918 1816 4972 νῦν

250 5013 447 5068 οὐκέτι
483 5012 874 5083 γινώσκομεν.
923 5011 1066 5082 Πρὸς
1113 5011 1203 5064 τὸν
1244 5010 1480 5074 τοιοῦτον
1519 5011 1627 5082 γὰρ
1669 5011 1818 5084 εἴρη-

252 5121 368 5159 ταιο
437 5104 555 5157 Ἐπ’
603 5103 740 5172 ὅρος
783 5103 1026 5172 ὑψηλὸν
1082 5101 1332 5170 ἀνάϐηθι
1382 5107 1415 5157 ό
1454 5103 1820 5171 εὐαγγελιζό-

249 5213 424 5266 μενος
463 5195 580 5263 τὴν
628 5194 798 5249 Σιών.
857 5194 1064 5258 Ἀλλως
1119 5195 1243 5266 ὅρος
1293 5193 1392 5254 τοῦ,
1420 5194 1552 5248 Θεοῦ
1598 5194 1659 5248 τὸ
1714 5193 1820 5247 ὑπὸ

257 5288 428 5356 μόνων
468 5287 636 5357 ἁγίων
663 5287 846 5358 ψυχῶν
874 5288 967 5341 καὶ
997 5286 1216 5340 τελείων
1249 5288 1305 5340 ὲν
1331 5285 1644 5359 δικαιοσύνῃ
1689 5303 1819 5340 κατ-

257 5378 706 5450 οικηθησόμενον⁶
777 5380 805 5438 ὁ
850 5379 1072 5450 οὐρανὸς
1126 5379 1320 5442 αὐτὸς,
1369 5380 1462 5432 καὶ
1513 5381 1546 5450 ἠ
1598 5378 1701 5431 ὑπὸ
1723 5377 1816 5431 τοῦ

257 5465 500 5541 Σωτῆρος
563 5467 1006 5536 εὖαγγελισθεῖσα
1077 5467 1323 5537 βασιλεία
1385 5468 1491 5522 τῶν
1551 5468 1812 5540 οὐρανῶν.

260 5557 400 5633 Δῦτη
437 5561 585 5614 ἐστὶν
618 5559 965 5632 Ἰερουσαλὴμ
993 5561 1027 5633 ὴ
1057 5562 1398 5630 ἐπουράνιοςο
1437 5561 1576 5632 αῦτη
1604 5562 1721 5615 ὲστ).
1753 5562 1816 5614 τὸ

261 5650 392 5716 Σιὼν
419 5654 573 5726 ὅρος,
619 5654 706 5707 καὶ
744 5653 776 5722 ἠ
805 5653 956 5716 πόλις
988 5654 1078 5708 τοῦ
1109 5653 1244 5708 Θεοῦ
1289 5653 1381 5708 τοῦ
1415 5653 1642 5718 ζῶντος,
1675 5654 1816 5708 κατὰ

329 5806 372 5836 ’⁸
409 5805 552 5863 Psal.
592 5823 828 5872 unm,
867 5807 953 5861 13.
1053 5809 1094 5839 ’ί
1139 5805 1301 5862 Hebr.
1338 5824 1446 5871 xu,
1479 5808 1569 5861 22.

1667 5809 1711 5839 "
1755 5807 1898 5871 Psal.
1965 5825 2086 5866 ut.
2119 5807 2171 5861 5.

266 5875 309 5915 ’⁸
347 5874 476 5937 Luc.
519 5893 595 5934 xu
620 5918 635 5946 ,
667 5878 751 5934 ιδ.
829 5878 873 5909 ⁸⁸
912 5876 1016 5935 lsa.
1060 5894 1130 5943 ιι,
1161 5877 1214 5931 2.
1294 5881 1334 5910 ’⁷
1381 5879 1419 5934 ιι
1453 5878 1580 5935 Cor.
1616 5895 1682 5943 v,
1716 5879 1800 5935 ili.

1914 5881 1922 5911 '
1962 5877 2064 5934 isa.
2102 5894 2198 5946 ιι,
2234 5878 2306 5946 9.,

1915 2079 2012 2135 diei
2043 2081 2409 2146 arbitrantur,
2442 2082 2536 2138 sed
2570 2083 2624 2136 in
2669 2098 2731 2138 ea
2760 2082 2828 2138 de
2860 2099 2965 2153 qua
2995 2083 3194 2141 Paulus
3227 2084 3340 2140 ait:
3370 2085 3476 2140 Αοο

1913 2171 2144 2226 cessistis
2187 2171 2255 2224 ad
2298 2180 2522 2226 montem
2572 2171 2676 2226 Dei
2727 2175 2975 2238 viventis,
3027 2172 3322 2229 Jerusalem
3373 2193 3475 2232 ca-

1917 2261 2093 2316 lestem
2131 2262 2195 2318 ’¹·.
2247 2263 2504 2333 Quisquis
2555 2265 2721 2334 igitur
2768 2264 2952 2320 eadem
3005 2279 3168 2320 carne
3221 2266 3379 2335 quasi
3418 2265 3472 2320 in

1915 2362 2238 2410 transcursu
2263 2371 2418 2420 usus,
2448 2355 2567 2424 ejus
2598 2355 2838 2410 membra
2861 2369 3024 2424 super
3055 2362 3257 2410 terram
3285 2355 3477 2410 morti-

1916 2447 2175 2514 ﬁcaverit,
2206 2454 2492 2517 postquam
2533 2445 3008 2502 sanetificationem
3043 2446 3187 2501 illam
3221 2451 3477 2501 consum-

1877 2587 1880 2590 .
1915 2539 2162 2602 maverit,
2194 2538 2458 2594 habitabit
2486 2539 2539 2594 in
2570 2549 2758 2594 sancta
2793 2538 2883 2592 illa
2901 2537 3156 2594 civitate:
3185 2538 3343 2608 cujus
3382 2537 3492 2595 αθ..

1916 2630 2119 2686 sideriu
2146 2639 2328 2686 motus
2356 2630 2522 2684 David
2556 2629 2770 2685 aiebat:
2809 2628 3068 2684 Transibo
3100 2629 3155 2683 in
3192 2629 3365 2684 locum
3394 2639 3489 2686 tua.

1917 2721 2186 2776 bernaculi
2214 2721 2545 2777 admirabilis
2571 2739 2736 2794 usque
2781 2726 2850 2776 ad
2898 2723 3110 2776 domum
3149 2722 3248 2779 Dei
3266 2726 3352 2778 Α”ε
3385 2735 3437 2779 ct.
3459 2764 3476 2786 ,
3507 2791 3512 2799 _

1917 2813 2090 2879 Quam
2117 2813 2308 2868 dilecta
2335 2814 2674 2869 tabernacula
2705 2824 2818 2877 tua,
2846 2813 3066 2870 Domine
3093 2816 3344 2870 virtutum
3388 2816 3433 2848 ’³
3458 2818 3495 2869 ια

1916 2902 2053 2958 Illud
2085 2915 2284 2969 autem,
2315 2907 2450 2976 quis,
2475 2906 2662 2960 talium
2713 2905 2991 2960 hominum
3040 2906 3316 2961 raritatem
3348 2907 3480 2962 sub-

1917 2997 2151 3061 indicat;
2209 2997 2516 3066 cujusmodi
2562 3005 2648 3052 est
2699 2997 2876 3052 illud:
2917 2997 3048 3062 Quis
3079 2997 3218 3050 novit
3269 3012 3492 3050 sensum.

1918 3088 2132 3144 Domini
2166 3089 2240 3157 “;
2273 3098 2325 3144 et
2354 3087 2524 3143 illud:
2577 3088 2709 3154 Quis
2751 3087 3085 3141 annuntiabit
3117 3087 3260 3142 vobis
3307 3087 3482 3141 locum

1919 3191 2165 3236 internum
2187 3183 2214 3237 2
2245 3187 2417 3251 atque.
2452 3179 2584 3234 illud
2613 3199 2627 3235 :
2669 3179 2800 3245 Quis
2829 3187 2908 3234 est
2941 3178 3171 3247 prudens
3201 3195 3263 3231 ac
3306 3175 3485 3246 ﬁdelia-

1839 3257 1883 3316 C
1913 3290 2206 3330 teconomus
2235 3271 2594 3342 "?-Nunquid
2632 3279 2929 3342 postquam.
2957 3269 3126 3325 Deum
3176 3269 3482 3340 interroga-

1911 3366 2011 3429 vit,
2042 3362 2458 3435 responsionem.
2483 3361 2760 3420 obtinuit?

1982 3456 2237 3522 Domine,
2263 3455 2380 3528 quis
2409 3452 2670 3507 habitabit
2721 3452 2775 3506 in
2822 3449 3159 3505 tabernaculo
3211 3451 3345 3504 tuo?
3388 3457 3492 3502 aut

1913 3549 2028 3621 quis
2058 3549 2337 3619 requiescet
2366 3548 2421 3601 in
2445 3554 2620 3600 monte
2644 3552 2826 3599 sancto
2852 3545 2977 3598 tuo?
3007 3539 3283 3596 Fortassis
3314 3540 3493 3594 etiam,

1915 3643 2006 3711 qui
2043 3641 2099 3695 in
2123 3641 2319 3695 coelum
2351 3638 2702 3702 transfertur,
2739 3645 2922 3707 utpote
2973 3635 3068 3704 qui
3114 3649 3146 3688 a
3184 3632 3491 3703 peregrinis.

1916 3732 2138 3788 sedibus
2167 3731 2385 3795 veniat,
2435 3729 2680 3784 habitare
2714 3727 2936 3784 dicitur.
2984 3724 3119 3779 Nam
3158 3724 3489 3779 tabernacuq

1915 3824 2028 3878 lum
2057 3822 2152 3878 Dei
2187 3822 2382 3878 coelum
2404 3828 2508 3876 est.
2540 3821 2716 3891 Atque
2747 3815 3064 3875 consideres
3103 3817 3301 3883 velim,
3350 3831 3502 3884 num.

1917 3915 2010 3985 qui
2049 3914 2152 3968 sub
2185 3913 2300 3983 lege
2343 3921 2610 3974 versatur,
2642 3926 2763 3981 quae
2793 3912 3004 3966 scilicet
3032 3909 3199 3966 veluti
3229 3910 3492 3982 padagm

1918 4022 2018 4077 gns
2046 4006 2115 4060 ad
2138 4004 2338 4059 Christi
2367 4003 2708 4073 disciplinam
2738 4003 2925 4058 haberi
2952 4011 3149 4072 potest,
3186 4001 3394 4064 habitet
3427 4001 3496 4058 in

1918 4098 2267 4154 tabernaculo
2295 4096 2530 4160 Domini,
2557 4097 2704 4152 eirea
2747 4094 3157 4148 tabernaculum
3189 4093 3489 4148 testimonii

1921 4188 2337 4246 sollicitudinem
2397 4188 2642 4254 habens;
2690 4194 2852 4256 atque
2895 4185 2942 4240 is
2972 4185 3066 4256 qui
3107 4183 3176 4238 ad
3206 4181 3488 4244 Christum

1914 1992 1968 2044 in
1994 2000 2167 2045 monte
2191 2003 2372 2046 sancto
2402 1996 2532 2048 tuo?
2555 1992 2671 2047 Non
2703 1993 2754 2046 in
2780 1994 3021 2048 terrestri
3054 1991 3183 2048 Sion
3210 2032 3224 2057 ,
3273 1999 3332 2046 ut
3372 1992 3474 2048 ιιι-
3551 1977 3554 1984 ’

1924 4299 2093 4353 usque
2122 4281 2364 4353 pervenit
2396 4289 2453 4335 et
2483 4279 2548 4334 ad
2578 4278 2944 4350 evangelieam
2973 4279 3272 4333 doctrinam
3291 4319 3306 4344 ,
3353 4293 3484 4332 num
3558 4285 3564 4295 '

1921 4372 2324 4429 tabernaculum
2355 4369 2598 4441 posuerit
2628 4369 2682 4422 in
2707 4375 2888 4423 monte
2916 4375 3106 4422 saneto
3131 4366 3248 4430 Dei,
3278 4367 3346 4422 de
3376 4381 3488 4436 quo
3556 4381 3563 4434 ;

1923 4465 2184 4535 propheta
2219 4463 2351 4518 dicit
2381 4481 2394 4516 :
2435 4461 2755 4530 Perspicuus
2793 4469 2871 4514 est
2897 4475 3046 4513 mons
3070 4458 3287 4513 Domini
3316 4459 3382 4511 ’⁸.
3407 4456 3493 4512 Ac
3551 4489 3558 4536 ρ

245 4552 297 4606 δὲ
323 4551 515 4618 αὐτοῦ,
541 4553 600 4606 ὃν
627 4550 884 4608 ἀνέλαϐεν
933 4551 1214 4623 ἄνθρωπον
1236 4567 1249 4582 ⁸
1301 4552 1394 4604 καὶ
1443 4550 1521 4603 δεῖ
1557 4549 1813 4622 πρότερον

1923 4560 2122 4614 iterum
2172 4557 2306 4612 mihi
2364 4554 2670 4626 perpendas
2722 4553 2920 4616 velim,
2970 4565 3152 4605 annon
3188 4564 3346 4604 mons
3396 4549 3496 4605 ille
3551 4568 3563 4619 ς

247 4647 543 4717 ἱπιγνῶνσι
592 4645 732 4706 κατὰ
774 4645 950 4716 σάρκα
977 4644 1238 4716 Χριστόνο
1284 4639 1402 4696 εἶτα
1440 4642 1813 4712 κατασκηνοῦν

1923 4659 2144 4705 sanctus
2201 4648 2414 4704 Domini
2479 4647 2552 4702 sit
2579 4644 2818 4700 Verbum
2869 4643 3026 4712 ejus;
3077 4641 3486 4696 tabernaculum

1922 4749 2101 4796 autem
2133 4741 2272 4809 ejus,
2303 4738 2467 4793 homo
2494 4751 2654 4806 quem
2682 4733 3014 4803 assumpsit:
3044 4745 3224 4791 annon
3247 4745 3384 4800 opus
3415 4728 3490 4786 sit

1920 4831 2097 4900 primo
2153 4828 2432 4884 Christum
2483 4825 2783 4880 secundum
2843 4836 3063 4877 carnem
3125 4834 3486 4891 cognoscere;

1921 4919 2222 4988 deindeque
2252 4917 2658 4971 tabernaculum
2707 4929 2909 4984 ponere
2956 4913 3012 4972 in
3063 4919 3247 4970 monte
3299 4918 3489 4966 sancto

1920 5011 2039 5074 Dei,
2062 5027 2184 5066 eum
2211 5010 2420 5065 scilicet
2445 5008 2536 5079 qui
2570 5008 2765 5062 viderit
2792 5003 3018 5076 gloriam
3057 5005 3178 5073 ejus
3205 5043 3221 5068 ,
3258 5004 3488 5074 gloriam

1919 5103 2076 5172 quasi
2119 5100 2400 5171 Unigeniti
2447 5114 2477 5152 a
2531 5095 2723 5164 Patre;
2775 5104 2938 5166 atque
2994 5094 3174 5151 dicere
3197 5112 3213 5154 :,
3259 5091 3486 5149 Sienim

1920 5193 2250 5265 cognovimus
2279 5190 2564 5257 secundum
2593 5204 2805 5256 carnem
2842 5187 3113 5253 Christum
3143 5203 3162 5240 :
3203 5185 3292 5240 sed
3345 5200 3483 5239 nunc

1911 5287 2030 5355 jam
2080 5301 2183 5342 non
2228 5285 2465 5344 novimus
2490 5283 2558 5335 ’⁷.
2610 5279 2933 5349 Huiusmodi
2987 5293 3222 5344 namque
3275 5275 3483 5333 homini

1922 5378 2124 5432 dictum
2151 5384 2279 5431 est:
2331 5375 2493 5443 Super
2517 5382 2741 5437 montem
2795 5370 3055 5426 excelsum
3096 5368 3349 5444 ascende,
3397 5368 3489 5434 qui

1921 5469 2247 5540 euangelisas
2280 5467 2408 5529 Sion
2439 5470 2500 5521 ’.⁸.
2553 5467 2669 5521 Alia
2725 5475 2909 5522 autem
2962 5465 3177 5520 ratione
3228 5463 3446 5517 dicatur
3466 5499 3502 5542 ,'_

1921 5571 2156 5619 montem
2188 5549 2285 5620 Dei
2305 5577 2446 5623 esse,
2475 5563 2531 5616 in
2566 5577 2676 5631 quo
2701 5559 2965 5615 duntaxat
2986 5560 3176 5614 animae
3206 5561 3404 5611 sancta:
3431 5560 3506 5617 et;

1920 5655 1974 5722 in
2018 5653 2230 5724 justitia
2289 5651 2538 5723 perfecta:
2598 5652 2953 5716 habitabunt,
3010 5647 3257 5703 videlicet
3309 5645 3506 5714 ipsum,

2275 5809 2319 5839 ’³
2358 5807 2498 5864 Psal.
2540 5823 2741 5863 LXXXIII
2767 5845 2781 5874 ,
2815 5807 2869 5860 2.
2969 5802 3072 5876 ιδίι
3101 5801 3227 5858 Cor.
3265 5799 3483 5889 13‘16.‘

3534 5237 3716 5298 ..ο
