3994 6448
437 351 529 410 151

1100 350 1372 410 EUSEBII
1400 352 1876 414 CAESARIENSIS
1911 349 1994 410 ΟΡ

2107 341 2284 426 PARS
2321 336 2412 402 Ill.
2447 364 2520 386 κ-
2558 301 2965 422 exessum.

3579 345 3692 403 152

430 467 667 535 coelum,
708 475 872 540 atque
917 468 1052 524 illud
1105 485 1136 523 a
1168 467 1450 526 Salvatore
1484 471 1862 526 annuntiatum
1921 487 2001 528 re-

2115 470 2206 524 τὸν
2261 466 2404 541 ἱερὸν
2444 461 2781 534 Ἀπόστολον,
2833 469 2892 532 ὅς
2952 484 3128 539 φησιε
3187 465 3694 534 Προσεληλύθατε

427 575 595 630 gnum
625 560 907 618 cmlorum.
932 559 1058 619 Haac
1084 571 1168 618 est
1225 560 1529 618 Jerusalem
1573 564 1855 620 cmlestis:
1897 564 2012 620 haec

427 649 544 720 ipsa
574 660 659 706 est
693 667 852 708 mons
881 653 1012 709 Sion
1078 661 1133 707 et
1178 653 1372 709 civitas
1430 651 1526 708 Dei
1571 654 1827 719 viventis,
1855 655 2011 724 juxta

425 758 646 798 sacrum
698 745 1022 816 Apostolum
1078 745 1173 815 qui
1232 744 1351 800 ait:
1384 744 1720 813 Accessistis
1767 746 1835 799 ad
1881 745 2011 801 Sion

426 847 695 906 montem,
741 848 791 892 et
847 841 1112 894 civitatem
1162 837 1262 892 Dei
1297 838 1509 892 viventis
1569 836 1869 902 Jerusalem
1907 856 2012 894 coe-

427 930 607 984 lestem
637 932 704 986 ".
733 929 837 984 Per
863 929 1278 986 tabernaculum
1315 939 1494 996 autem
1540 929 1778 1000 idipsum
1805 931 2008 986 intelli-

425 1021 592 1090 gitur,
625 1021 769 1092 quod
809 1038 1028 1082 sursum
1061 1021 1116 1088 in
1151 1033 1337 1079 monte
1365 1024 1726 1080 constitutum
1758 1034 1872 1093 est,
1929 1027 2010 1081 uti

423 1115 623 1172 dicitur
653 1134 667 1170 :
701 1115 944 1170 Christus
976 1126 1152 1170 autem
1203 1118 1457 1172 assistens
1509 1120 1749 1188 pontifex
1804 1120 2012 1188 futuro-

422 1227 543 1264 rum
575 1210 831 1264 bonorum
851 1247 866 1272 ,
916 1223 1008 1277 per
1044 1208 1272 1277 amplius
1306 1219 1354 1263 et
1384 1210 1666 1280 perfectius
1697 1214 2009 1268 tabernacu-

425 1305 534 1372 lum
565 1319 668 1356 non
693 1301 1078 1371 manufactum,
1112 1300 1166 1368 id
1200 1311 1300 1369 est,
1324 1320 1428 1357 non
1455 1303 1611 1374 hujus
1637 1308 1916 1362 creationis
1939 1307 2004 1364 '°.

494 1393 620 1450 Haec
643 1410 768 1450 cum
801 1395 988 1449 Davidi
1023 1395 1078 1449 in
1109 1404 1344 1450 mentem
1381 1397 1650 1464 venirent,
1692 1399 1772 1454 sic
1800 1401 2006 1456 vocife-

421 1495 574 1554 ratus
634 1496 755 1542 est:
797 1486 1035 1556 Domine,
1068 1489 1184 1558 quis
1242 1489 1505 1558 habitabit
1560 1493 1614 1546 in
1667 1492 2006 1550 tabernaculo

423 1581 557 1634 tuo?
588 1577 738 1632 Talis
759 1579 901 1633 enim
939 1595 1125 1635 revera
1156 1582 1341 1649 homo,
1373 1583 1464 1653 qui
1513 1584 1725 1642 scilicet
1770 1601 2006 1643 ascensu

420 1669 737 1741 hujusmodi
768 1681 819 1724 et
854 1670 1193 1742 habitatione
1215 1675 1428 1730 caelesti
1454 1674 1656 1746 dignus
1697 1677 1796 1745 sit,
1845 1695 2005 1735 rarus

419 1764 737 1828 admodum,
774 1774 827 1819 et
863 1781 966 1820 non
1000 1766 1224 1834 obvius,
1264 1777 1325 1822 ut
1363 1769 1452 1824 vix
1481 1785 1624 1825 unus
1669 1770 1723 1824 in
1765 1771 2005 1828 millibus

419 1863 693 1927 occurrat.
757 1855 1194 1912 'l‘abernaculum
1243 1859 1426 1930 itaque
1461 1860 1592 1916 illud
1626 1862 1847 1918 cmleste
1891 1862 2004 1932 jam

418 1955 804 2016 memoratum,
836 1947 1176 2004 domicilium
1232 1949 1406 2020 ipsius
1465 1951 1560 2016 Dei
1608 1951 1811 2010 luerit:
1842 1953 2004 2023 homo

418 2055 551 2100 vero
578 2040 672 2111 qui
714 2056 744 2096 a
773 2049 988 2097 terrena
1018 2043 1109 2097 illa
1135 2046 1586 2111 commoratione,
1621 2062 1718 2102 ceu
1759 2063 1790 2102 a
1825 2049 2003 2119 capti-

418 2131 606 2196 vitate,
641 2131 695 2186 in
727 2132 951 2200 caeleste
974 2134 1105 2189 illud
1139 2135 1552 2210 tabernaculum
1585 2140 2004 2197 transferendus

417 2231 538 2290 est,
581 2226 740 2295 quasi
780 2226 1102 2298 peregrinus
1144 2235 1199 2283 et
1237 2229 1444 2291 advena
1492 2230 1608 2286 illic
1639 2233 1780 2297 erit,
1815 2241 2004 2304 utpote

417 2313 512 2384 qui
539 2314 760 2370 aliunde
789 2323 843 2370 et
868 2332 934 2371 ex
965 2317 1142 2372 aliena
1167 2319 1392 2389 regione
1420 2320 1610 2375 eodem
1642 2325 2003 2394 transmigra-

417 2404 602 2474 verit;
638 2415 975 2478 quapropter
1024 2408 1232 2463 dictum
1285 2409 1428 2476 fuit,
1477 2410 1607 2477 Quis
1641 2413 1898 2467 habitabit
1947 2415 2002 2482 in

422 2497 762 2568 tabernaculo
795 2502 920 2555 tuo?
953 2499 1151 2565 Beatus
1204 2509 1385 2556 autem
1432 2504 1525 2572 qui
1559 2505 1616 2560 in
1663 2506 1782 2578 ipso
1817 2517 2038 2565 monte.

419 2591 752 2647 constitutus
799 2609 863 2649 ac
895 2594 1256 2652 conﬁrmatus
1297 2597 1492 2665 fuerit;
1537 2613 1662 2653 cum
1706 2599 2002 2660 doceamur

419 2683 762 2739 mansionem
793 2684 974 2756 istam,
998 2688 1177 2758 dignis
1210 2690 1526 2750 hominibus
1555 2699 1798 2764 paratam
1819 2733 1835 2756 ,
1887 2702 1999 2750 sta-

419 2775 584 2852 bilem
617 2785 1045 2850 perpetuamque
1067 2780 1205 2838 fore.

492 2867 660 2924 Vnus.
702 2869 757 2924 2.
807 2869 912 2936 Qui
957 2872 1150 2930 incedit
1198 2874 1310 2928 sine
1365 2875 1603 2940 macula,
1657 2886 1706 2931 et
1748 2887 2000 2947 operatur

416 2960 707 3034 justitiam.
763 2960 884 3032 Non
940 2964 1085 3018 enim
1149 2968 1310 3021 unica
1372 2983 1460 3022 res
1503 2977 1654 3043 gesta
1714 2977 1997 3028 strenuum

419 3054 695 3110 hominem
731 3057 799 3110 ad
861 3057 1252 3126 perfectionem
1309 3058 1494 3130 ducit;
1547 3063 1642 3118 sed
1687 3079 1784 3134 per
1825 3071 1995 3119 totam

2112 562 2266 617 Σιὼν
2288 561 2410 630 ὄρει
2431 597 2445 625 ,
2481 562 2580 615 καί
2607 562 2780 615 πόλει
2827 559 2975 614 Θεοῦ
3017 557 3247 625 ζῶντος,
3299 557 3693 627 Ἰερουσαλὴμ

2109 657 2464 726 ἐπουρανίῳ.
2521 655 2632 725 Τὴν
2677 654 2735 708 δὲ
2781 651 2984 724 σκηνὴν
3031 653 3243 723 νοήσεις
3293 652 3391 721 τὴν
3440 648 3552 704 ἅνω
3593 650 3692 702 ἐπὶ

2110 749 2204 805 τοῦ
2269 751 2428 820 ὅρους
2483 747 2775 820 ἱδρυμένην
2837 745 2946 799 ἀπὸ
2998 742 3093 798 τοῦ
3150 744 3445 813 φάσκοντος
3499 741 3685 812 λόγου·

2108 844 2362 914 Χριστὸς
2405 841 2472 896 δὲ
2518 839 3003 910 παραγενόμενος
3047 836 3354 908 ἀρχιερεὺς
3387 833 3503 889 τῶν
3533 838 3688 906 μελο

2108 936 2341 990 λόντων
2386 932 2623 1004 ἀγαθῶν
2658 931 2756 985 διὰ
2799 929 2911 998 τῆς
2953 926 3222 1000 μείζονος
3266 927 3364 982 καί
3404 926 3690 982 τελειοτέ-

2101 1043 2217 1096 ρας
2266 1025 2538 1094 σκηνῆς,
2592 1026 2665 1078 οὐ
2717 1021 3166 1093 χειροποιήτου,
3221 1020 3552 1083 τουτέστιν,
3611 1021 3687 1074 οὐ

2107 1122 2330 1192 ταύτης
2351 1119 2462 1189 τῆς
2489 1119 2760 1186 κτίσεως.

2179 1392 2398 1447 Τούτων
2442 1392 2732 1466 τοιγαροῦν
2765 1396 2859 1448 καὶ
2903 1397 2932 1448 ὁ
2960 1393 3120 1452 Δαυτδ
3145 1394 3226 1458 εἰς
3257 1392 3463 1448 ἔννοιαν
3492 1391 3683 1459 ἐλθὼν,

2106 1486 2381 1556 ἀναφωνεῖ
2428 1486 2638 1556 λέγων·
2694 1488 2910 1555 Κύριος
2959 1487 3050 1552 τίς
3091 1485 3443 1554 παροικήσει
3491 1485 3562 1538 ἐν
3605 1485 3688 1551 τῷ

2105 1577 2450 1650 σκηνώματι
2499 1596 2646 1643 σου;
2679 1579 2920 1650 Ἀληθῶς
2970 1578 3080 1650 γὰρ
3132 1578 3354 1641 σπάνιος
3402 1577 3499 1631 καὶ
3547 1577 3676 1631 δυσο

2105 1672 2348 1745 εὐρετος,
2387 1675 2481 1728 καὶ
2512 1669 2592 1737 εἷς
2626 1691 2726 1728 που
2769 1673 2876 1727 ἀπὸ
2912 1671 3140 1744 μυρίων,
3171 1672 3199 1723 ὁ
3229 1671 3328 1742 τῆς
3367 1669 3690 1732 ἀναϐάσεως

2107 1767 2322 1838 ἐκείνης
2367 1768 2463 1820 καὶ
2506 1769 2608 1837 τῆς
2665 1767 2724 1820 ὲν
2783 1765 3032 1836 οὐρανοῖς
3091 1769 3470 1833 παροικησεως
3513 1759 3684 1826 ἄξιος.

2036 1825 2080 1884 Β
2107 1861 2181 1914 Τὸ
2218 1825 2317 1932 μέν
2349 1855 2442 1914 οὖν
2473 1825 2710 1929 enidos»;
2742 1825 3025 1928 σκήνωμα,
3061 1854 3120 1908 τὺ
3154 1825 3212 1907 εν
3237 1825 3504 1924 οὐρανοῖς,
3528 1853 3689 1922 οἰκη-

2106 1956 2294 2027 τήριον
2354 1951 2520 2008 αὐτοῦ
2564 1951 2759 2020 γένοιτ’
2792 1949 2860 2003 ἂν
2899 1947 2996 2002 τοῦ
3042 1947 3176 2001 Θεοῦ
3201 1963 3213 1974 °
3265 1945 3549 2017 ἄνθρωπος
3593 1944 3686 2010 δὲ,

2105 2049 2294 2121 ὥσπερ
2337 2049 2446 2103 ἀπὸ
2495 2045 2871 2122 αἰχμαλωσίας
2917 2046 3014 2116 τῆς
3065 2043 3205 2104 κατὰ
3247 2043 3358 2114 γῆν
3405 2042 3694 2116 διατριϐῆς

2108 2142 2318 2214 μέλλων
2347 2139 2702 2212 μεθίστασθαι
2729 2139 2822 2192 ἐπὶ
2848 2138 2948 2208 τὴν
2971 2137 3221 2209 οὐράνιον
3249 2136 3688 2207 κατασκήνωσιν,

2104 2235 2291 2308 ὥσπερ
2337 2252 2421 2299 τις
2466 2235 2614 2299 ξένος
2656 2234 2749 2287 καὶ
2788 2232 3050 2304 πάροικος
3093 2231 3245 2285 ἔσται
3295 2232 3441 2297 ἐκεῖ,
3482 2230 3577 2283 ἆτε
3619 2229 3689 2302 δὴ

2104 2326 2368 2400 ἑτέρωθεν
2396 2325 2734 2397 μετανάστης
2763 2322 3033 2394 γεγονὼς,
3064 2323 3158 2380 καὶ
3183 2319 3243 2387 ἐξ
3271 2321 3464 2394 ἑτέρας
3490 2321 3688 2392 ὡρμηρ

2106 2420 2264 2490 μένος
2323 2416 2505 2489 χώρας
2523 2434 2536 2448 °
2569 2417 2650 2471 διὸ
2677 2415 2958 2470 λέλεκται·
2998 2416 3090 2482 Τίς
3120 2413 3473 2483 παροικήσει
3503 2413 3574 2467 ἐν
3604 2411 3690 2478 τῷ

2102 2510 2446 2582 σκηνώματι
2483 2526 2634 2576 σου;
2666 2510 2952 2582 Μακάριος
2995 2509 3051 2562 δὲ
3083 2509 3112 2562 ὁ
3137 2510 3194 2562 ὲν
3207 2507 3356 2578 αὐτῷ
3393 2506 3690 2576 γενόμενος

2099 2604 2180 2674 τῷ
2206 2604 2352 2676 δρει,
2384 2603 2478 2657 καὶ
2523 2601 2756 2674 ἱδρυθεὶς
2795 2602 2853 2654 ὲν
2884 2600 3052 2671 αὐτῷ,
3086 2598 3180 2652 τοῦ
3209 2598 3369 2667 λόγου
3405 2596 3688 2650 διδάσκον-

2100 2713 2192 2760 τος
2225 2697 2538 2767 παράμονον
2565 2694 2783 2747 ἔσεσθαι
2809 2693 2904 2748 καὶ⁵
2934 2691 3343 2757 διαιωνίζουσαν
3374 2693 3486 2754 τοῖς
3513 2688 3690 2755 ἀξίοις

2099 2789 2199 2862 τὴν
2224 2788 2391 2860 αὐτὴν
2425 2787 2614 2859 μονήν.

2169 2882 2574 2950 Πορευόμενος
2589 2877 2845 2949 ἄμωμος,
2870 2877 2966 2931 καὶ
2983 2874 3370 2946 ἐργαζόμενος
3389 2874 3690 2928 δικαιοσύ-

2098 2991 2238 3043 νην.
2273 2973 2348 3026 Οὐ
2381 2973 2490 3043 γάρ
2517 2972 2616 3042 μία
2641 2971 2838 3043 πρᾶξις
2865 2969 3059 3022 τελειοῖ
3090 2968 3182 3020 τὸν
3217 2966 3520 3029 σπουδαῖον,
3548 2963 3687 3018 ἀλλά

2099 3066 2262 3119 παντὶ
2300 3064 2544 3137 προσῆκε
2586 3063 2664 3134 τῷ
2706 3062 2805 3134 βίῳ
2835 3064 2956 3125 ταῖς
2995 3060 3114 3114 κατ’
3150 3059 3349 3131 ἀρετὴν
3382 3058 3685 3129 ἐνεργείαις

418 3147 584 3212 vitam
614 3148 830 3204 virtutis
861 3151 1125 3220 operibus
1160 3151 1562 3221 insistendum;
1603 3162 1662 3208 ut
1699 3156 1753 3210 in
1786 3156 1888 3212 hac
1913 3157 1998 3212 via

2107 3156 2664 3230 συμπαρατείνεσθαι,
2703 3157 2788 3211 ἵνα
2820 3155 3038 3227 ἄμωμοι
3071 3154 3164 3208 καὶ
3198 3151 3519 3222 ἀνέγκλητοι
3561 3150 3683 3205 κατ’

419 3241 684 3311 inculpati
721 3257 784 3296 ac
815 3243 1045 3299 crimine
1081 3246 1240 3299 vacui
1278 3261 1624 3300 censeamur.
1655 3247 1721 3301 Et
1760 3248 1874 3304 iure
1909 3251 2001 3304 illa

421 3329 680 3399 salutaris
737 3331 976 3401 cognitio
1047 3331 1248 3395 fuerit,
1303 3347 1468 3402 quam
1532 3333 1647 3403 ipse
1704 3333 1860 3389 affert
1915 3337 2002 3402 his

419 3421 603 3477 verbis
633 3439 645 3475 :
681 3420 792 3491 Ego
825 3439 943 3488 sum
975 3424 1059 3477 uia
1087 3424 1154 3476 ³¹.
1182 3423 1408 3493 Oportet
1441 3425 1586 3480 enim
1619 3434 1740 3496 post
1767 3428 2002 3497 primum

421 3513 627 3592 editum
675 3531 814 3586 opus
854 3515 1090 3582 bonum,
1147 3517 1484 3587 singulorum
1547 3519 2000 3590 subscquentium

425 3615 742 3684 gestorum,
800 3617 860 3663 ut
917 3609 1126 3664 scilicet
1162 3626 1288 3666 cum
1333 3611 1549 3682 justitia
1617 3613 1998 3682 admittantur,

422 3713 610 3754 curam
649 3706 702 3753 ct
741 3699 1161 3755 sollicitudinem
1191 3717 1400 3772 gerere.

494 3788 660 3857 sts.
705 3791 760 3845 5.
806 3791 911 3858 Qui
957 3792 1189 3863 loquitur
1235 3797 1507 3850 veritatem
1561 3797 1615 3850 in
1673 3797 1834 3851 corde
1879 3815 1996 3864 suo,

421 3882 511 3953 qui
550 3899 654 3956 non
697 3883 800 3953 egit
843 3883 1024 3937 dolum
1079 3886 1130 3938 in
1169 3886 1349 3955 lingua
1391 3903 1512 3942 sua.
1561 3887 1679 3942 Non
1712 3899 1796 3944 est
1837 3890 2001 3959 igitur

421 3975 567 4046 quod
600 3976 724 4047 quis
757 3993 820 4032 ex
869 3977 1208 4041 rudioribus,
1245 3979 1328 4034 his
1371 3979 1557 4048 probis
1600 3981 1762 4038 editis
1794 3982 2002 4038 facino-

420 4068 597 4131 ribus.
627 4084 748 4130 sese
773 4068 988 4137 ell‘erat;
1023 4085 1092 4145 ne
1121 4085 1220 4126 ceu
1247 4071 1532 4142 naufragio
1557 4069 1702 4128 facto
1733 4074 1998 4129 bonorum

416 4159 688 4232 jacturam
725 4161 909 4218 faciat.

493 4251 660 4322 Vsus.
692 4253 746 4309 4.
809 4255 893 4326 Ad
950 4256 1174 4322 nihilum
1219 4255 1473 4312 deductus
1513 4268 1591 4312 est
1639 4259 1694 4313 in
1723 4269 1997 4328 conspectu

419 4343 534 4409 eius
580 4345 866 4414 malignus,
914 4347 1152 4402 timentes
1189 4359 1363 4402 autem
1389 4348 1670 4415 Dominum
1709 4350 1994 4422 glori/ient.

2106 3250 2276 3322 αὐτὴν
2306 3249 2594 3320 γενώμεθα
2619 3247 2716 3320 τὴν
2743 3247 2879 3316 ὀδόν.
2911 3246 3011 3318 Eii]
3045 3246 3090 3299 δ’
3112 3245 3178 3300 ἂν
3203 3245 3339 3315 αὐτη
3363 3247 3395 3315 ἡ
3419 3246 3684 3316 σωτήριος

2103 3342 2324 3413 γνῶσις,
2351 3343 2416 3413 ἢν
2439 3341 2598 3404 αὐτὸς
2622 3339 2890 3412 παριστὰς
2913 3338 3115 3406 ἔλεγεν*
3152 3335 3292 3406 Ἐγώ
3320 3339 3433 3406 ειμι
3457 3337 3494 3403 ἡ
3519 3334 3679 3400 ὁδός.

2104 3435 2196 3487 Δεῖ
2242 3433 2354 3504 γὰρ
2396 3432 2533 3504 πρὸς
2565 3432 2644 3502 τῷ
2677 3430 2876 3502 πρώτῳ
2916 3428 3319 3502 κατορθώματι,
3357 3429 3452 3482 καὶ
3485 3427 3588 3498 τῆς
3613 3427 3684 3480 δι’
3741 3441 3762 3456 ’

2104 3527 2280 3597 ἔργων
2337 3527 2432 3580 καὶ
2485 3524 2735 3598 πράξεων
2787 3522 2896 3577 τῶν
2949 3526 3008 3577 ὲν
3053 3522 3364 3593 δικαιοσύνῃ
3425 3522 3686 3592 πρόνοιαν

2104 3618 2391 3673 ποιεῖσθαι.

2173 3800 2388 3856 Ααλῶν
2412 3800 2701 3867 ἀλήθειαν
2731 3799 2802 3852 ὲν
2827 3799 3036 3867 καρδίᾳ
3069 3797 3274 3852 αὐτοῦ’
3317 3797 3384 3862 ὃς
3414 3797 3525 3849 οὐκ
3551 3794 3684 3849 ἐδό-

2101 3897 2303 3950 λωσεν
2330 3891 2400 3945 ὲν
2427 3890 2680 3961 γλώσσῃ
2717 3889 2924 3943 αὐτοῦ.
2969 3889 3041 3940 Οὐ
3075 3887 3155 3940 δεῖ
3182 3887 3361 3940 τοίνυν
3416 3885 3682 3939 κατεπαίυο

2105 3983 2295 4058 ρεσθαί
2315 4001 2434 4038 τινα
2461 3982 2570 4037 τῶν
2601 3979 2965 4054 ἀτελεστέρων
2993 3979 3130 4052 μετὰ
3156 3979 3216 4033 τὸ
3243 3978 3584 4050 κατορθῶσαι
3611 3975 3681 4030 τά

2101 4075 2386 4146 εἰρημένα⁹
2420 4074 2506 4127 ἵνα
2543 4073 2639 4149 μὴ,
2670 4067 2780 4127 οἷόν
2813 4089 2866 4125 τι
2905 4072 3164 4140 ναυάγιον
3203 4069 3408 4135 παθὼν,
3439 4070 3681 4142 ἀπολέσῃ

2099 4168 2168 4232 τὰ
2197 4167 2390 4222 ἑαυτοῦ
2421 4167 2580 4220 καλά.
3681 4156 3684 4158 ’

2184 4259 2602 4325 Ἐξουδένωται
2643 4258 2900 4312 ἐνώπιον
2942 4257 3130 4314 αὐτοῦ
3174 4257 3676 4328 πονηρευόμενος,

2099 4353 2242 4419 τοὺς
2283 4351 2350 4406 δὲ
2408 4350 2816 4421 φοϐουμένους
2865 4351 2972 4403 τὸν
3017 4351 3235 4418 Κύριον
3296 4349 3543 4414 δοξάζει.
3624 4351 3678 4402 '0

423 4437 528 4503 Qui
563 4439 715 4506 jurat
758 4440 998 4507 proximo
1038 4457 1155 4503 suo,
1200 4450 1250 4495 et
1289 4459 1391 4495 non
1434 4442 1645 4511 decipit.
1683 4443 1782 4497 Hic
1810 4460 1907 4513 pro
1940 4461 1998 4500 re

2107 4448 2340 4517 ὀμνύων
2388 4445 2469 4511 τῷ
2534 4445 2801 4513 πλησίον
2863 4445 3048 4499 αὑτοῦ
3106 4443 3204 4497 καὶ
3255 4445 3368 4497 οὐκ
3429 4442 3677 4517 ἀθετῶν,

419 4545 528 4584 una
587 4538 798 4584 tantum
848 4542 1218 4603 congruenter
1273 4535 1450 4604 jurari
1507 4551 1668 4606 posse
1725 4537 1992 4601 decernit,

2115 4513 2380 4592 ’ἐνταῦθα
2421 4539 2514 4591 ἐπὶ
2571 4539 2652 4591 ἐνὶ
2700 4537 2979 4609 πράγματι
3031 4552 3193 4606 φησιν
3253 4534 3488 4604 εὐλόγως
3547 4515 3680 4586 ποτὲ.

418 4622 547 4676 dum
580 4623 626 4676 is
655 4623 746 4694 qui
772 4623 923 4696 jurat
948 4626 1338 4694 jusjurandum
1375 4644 1443 4682 ne
1469 4629 1651 4683 violet.
1689 4627 1872 4700 Ecqua
1904 4630 1994 4684 illa

2107 4635 2209 4687 δεῖν
2261 4632 2507 4704 ὀμνύναι,
2558 4631 2651 4684 καὶ
2701 4629 2969 4701 ὀμνύοντα
3023 4629 3095 4700 μὴ
3149 4628 3503 4699 παραϐαίνειν
3551 4628 3677 4690 τοὺς

417 4729 508 4770 res
540 4723 656 4782 est,
700 4717 804 4773 nisi
847 4719 1084 4774 amicitia
1125 4730 1178 4774 et
1225 4721 1574 4776 necessitudo
1619 4737 1742 4776 cum
1788 4724 1992 4795 aliquo,

417 4821 576 4882 pacto
606 4810 828 4874 findere,
860 4812 1088 4879 juncta?
1125 4813 1220 4868 Est
1251 4823 1431 4870 autem
1459 4816 1830 4887 juramentum
1867 4817 1993 4882 talis

417 4900 521 4953 viri
553 4902 892 4974 inculpatum
934 4911 988 4962 et
1032 4906 1338 4974 innoxium,
1371 4924 1480 4978 quo
1513 4910 1765 4966 ﬁrmatur
1816 4910 1986 4965 illud:

416 4990 506 5047 Ita
535 4995 631 5058 ita,
663 5003 736 5060 et,
768 4996 890 5056 Non
922 5016 1025 5054 non
1047 4999 1112 5056 ³⁸.
1191 4981 1194 4986 ’
1398 4983 1400 4986 ’
1983 4981 1986 4984 ’

487 5083 654 5142 Vsus.
683 5085 736 5145 5.
782 5090 888 5156 Qui
915 5095 1188 5160 pecuniam
1231 5111 1385 5148 suam
1426 5110 1530 5149 non
1577 5093 1721 5148 dedit
1763 5092 1831 5147 ad
1864 5111 1993 5163 usqu-

415 5193 554 5242 ram,
580 5187 630 5236 et
659 5196 878 5236 munera
901 5199 1056 5253 super
1095 5187 1390 5243 innocentes
1474 5203 1577 5242 non
1608 5187 1824 5256 accepit.
1851 5187 1990 5253 Quia

416 5271 691 5329 interdum
723 5278 990 5350 contingit
1033 5296 1155 5335 eum
1185 5280 1281 5352 qui
1329 5281 1441 5351 jam
1493 5289 1792 5336 memorata
1838 5288 1990 5351 gesta

310 5389 314 5393 -
413 5373 706 5423 exsecutus
739 5375 857 5434 est,
899 5372 1045 5426 circa
1075 5388 1362 5445 munerum
1385 5371 1748 5443 captationem
1778 5382 1829 5428 et
1859 5389 1992 5428 usu-

414 5470 531 5510 ram
569 5459 878 5517 claudicare
915 5478 978 5517 ac
1007 5464 1329 5536 a'gritudine
1361 5465 1645 5531 laborare;
1694 5465 1821 5518 huic
1852 5481 1992 5535 quo-

412 5564 520 5621 que
577 5555 769 5611 morbo
821 5555 1124 5612 remedium
1175 5560 1434 5630 applicat.
1489 5557 1625 5612 Nam
1687 5557 1780 5628 qui
1835 5558 1988 5628 regni

413 5645 677 5702 ccelorum
723 5663 910 5717 causa,
953 5657 1008 5707 et
1043 5667 1110 5708 ex
1156 5653 1276 5724 ipsa
1315 5669 1444 5725 erga
1482 5653 1789 5724 proximum
1825 5667 2012 5720 suum,

485 5826 529 5856 ι’
569 5823 732 5888 Hebr.
765 5843 882 5896 xu,
915 5829 1002 5885 22.
1082 5832 1125 5865 ³ο
1165 5830 1419 5902 llebmx,
1460 5832 1546 5890 ll.
1626 5833 1667 5866 “
1708 5829 1864 5890 Joan.
1901 5846 1994 5888 xxv

2099 4729 2312 4800 ὅρκους.
2357 4727 2479 4780 Ἐπὶ
2509 4724 2645 4795 ποίῳ
2670 4723 2726 4776 δὲ
2757 4723 2950 4795 τούτῳ,
2976 4722 3008 4794 ἥ
3041 4721 3133 4775 ἐπὶ
3163 4719 3242 4791 τῷ
3265 4720 3509 4791 ἑταιρίαν
3541 4736 3677 4791 γνη-

2102 4824 2222 4876 σίαν
2251 4822 2345 4876 καὶ
2377 4820 2560 4889 φιλίαν
2594 4817 2946 4880 σπένδεσθαι;
2987 4817 3142 4869 Ἔστι
3183 4814 3240 4868 δὲ
3270 4815 3431 4885 ὅρκος
3453 4812 3546 4865 τοῦ
3575 4829 3674 4884 τη-

2099 4912 2342 4980 λικούτου
2374 4911 2563 4983 ἀνδρὸς
2599 4909 3017 4977 ἀκατάγνωστος
3039 4907 3214 4976 λόγος,
3248 4907 3334 4976 ἐφ’
3360 4898 3404 4974 ᾧ
3430 4902 3675 4976 βεϐαιοῦ-

2096 5023 2188 5059 ται
2227 5006 2308 5067 τὸ,
2342 5004 2454 5058 Ναὶ
2485 5002 2606 5064 ναὶ,
2631 5003 2726 5055 καὶ⁸
2752 4999 2833 5065 τὸ,
2858 5000 2942 5052 Οὒ
2969 4999 3061 5053 οὔ.

2173 5098 2245 5154 Τὸ
2277 5099 2560 5167 ἀργύριον
2599 5094 2788 5150 αὑτοῦ
2819 5095 2931 5147 οὐκ
2973 5092 3194 5145 ἔδωκεν
3228 5091 3326 5145 ἐπὶ
3365 5093 3538 5158 τόκῳ,
3574 5088 3674 5142 καὶ

2097 5193 2257 5262 δῶρα
2297 5192 2389 5246 ἐπ’
2433 5190 2646 5255 ἀθώοις
2676 5189 2787 5242 οὐκ
2835 5185 3070 5240 ἐλαϐεν.
3121 5184 3336 5254 Ἐπειδὴ
3389 5181 3672 5253 συμϐαίνει

2099 5285 2228 5339 ποτὲ
2275 5283 2413 5354 μετά
2456 5283 2634 5336 πάντα
2673 5280 2743 5334 τὰ
2788 5276 3242 5351 κατηριθμημένα
3274 5273 3668 5344 κατορθώματα

2098 5374 2321 5440 σκάζειν
2349 5374 2470 5428 τινὰ
2498 5374 2593 5427 καὶ⁸
2624 5373 2798 5425 νοσεῖν
2831 5372 2958 5442 περὶ
2987 5366 3312 5440 δωροδοκίας
3339 5365 3433 5418 καὶ
3455 5363 3664 5427 τόκους,

2098 5466 2191 5519 καὶ
2220 5465 2424 5536 ταύτην
2460 5461 2896 5536 προσθεραπεύει
2947 5461 3046 5532 τὴν
3085 5459 3254 5513 νόσον.
3317 5457 3374 5510 '0
3418 5455 3527 5526 γὰρ
3566 5453 3668 5522 τῆς

2097 5557 2373 5629 βασιλείας
2404 5557 2512 5610 τῶν
2549 5553 2794 5626 οὐρανῶν
2832 5553 3038 5616 ἕνεκεν,
3078 5551 3171 5605 καὶ
3205 5549 3373 5620 αὐτῆς
3401 5547 3500 5619 τῆς
3531 5544 3666 5617 πρὸς

2092 5649 2183 5703 τὸν
2219 5647 2447 5719 πλησίον
2476 5647 2696 5717 ἀγάπης
2733 5645 2826 5699 καὶ
2853 5641 3259 5715 φιλανθρωπίας
3299 5639 3456 5694 τοῦτο
3491 5635 3664 5710 πράττ

2009 5869 2024 5896 ,
2056 5828 2112 5885 6.
2190 5828 2233 5861 ³²
2274 5825 2393 5884 Jac.
2434 5843 2494 5892 γ,
2533 5827 2618 5884 12.
