3994 6448
229 371 256 426 1
267 366 346 426 55
1361 361 1498 420 C0.“
1507 363 1647 419 ΜΕΝ
1654 364 1772 419 ΤΜ

1877 359 1880 362 ’
1901 357 1968 422 ἷΝ
2009 365 2346 428 PSALMOS.
3365 371 3468 426 154

226 503 368 550 των,
397 483 577 539 δίδωσι
610 482 730 554 μὲν,
759 481 874 536 ἀλλ’
903 482 1002 535 οὐκ
1035 481 1129 535 ἐπὶ
1161 480 1239 552 τῷ
1265 481 1362 553 τὴν
1393 481 1624 552 ἀμοιϐὴν
1658 500 1770 556 παρ

1877 484 2144 543 amicitia
2194 490 2248 547 et
2299 480 2699 546 benevolentia,
2757 480 2837 537 sic
2887 481 3057 552 probe
3105 497 3166 538 se
3216 483 3364 554 agit,
3418 487 3466 543 is

228 574 538 645 ἀνθρώπιον
577 573 790 626 λαϐεῖν·
835 571 1011 643 ἑαυτῷ
1039 572 1095 626 δὲ
1119 573 1507 644 ταμιευόμενος
1535 573 1721 646 ὥσπερ
1747 576 1772 627 ἐ

1903 575 2163 645 elargitur
2189 573 2443 644 quidem,
2475 564 2569 628 Sed
2610 587 2717 626 non
2747 587 2810 626 ea
2839 580 3016 628 mente
3069 581 3126 627 ut
3165 575 3467 631 mercedem

225 665 514 738 θησαυρῷ,
547 667 640 719 καὶ
667 664 814 742 αὑτῷ
845 664 1122 734 φυλάττων
1155 667 1234 728 είς
1260 664 1356 735 τὴν
1395 664 1690 735 μέλλουσαν
1726 668 1772 718 τι

1902 666 1971 719 ab
2006 665 2318 722 hominibus
2368 665 2633 736 accipiat;
2679 664 2726 719 is
2764 664 2908 718 enim
2952 665 3054 719 sibi
3105 680 3202 721 ceu
3249 667 3304 722 in
3354 667 3466 724 the-

226 759 353 831 Θεῷ
381 759 756 821 ἀνταπόδοσινο
790 757 900 812 Καὶ
935 756 1092 825 δῶρα
1119 757 1210 810 ἐπ’
1242 757 1450 822 ἀθώοις
1473 759 1582 811 οὐκ
1604 758 1772 812 ἔλαϐε

1901 772 2068 812 sauro
2116 756 2385 820 recondit,
2439 757 2653 826 sibique
2708 763 2950 811 reservat
2994 772 3094 826 pro
3141 757 3324 812 futura
3371 757 3467 814 Dei

225 853 414 925 Τιμὴν
437 853 536 924 μὲν
558 853 664 924 γὰρ
687 851 826 927 τάχα
853 853 1104 922 προσοῖτο
1134 848 1517 922 [προσοίσοιτο]
1543 850 1641 920 τὴν
1670 850 1768 904 ἄλύ

1899 851 2356 904 remuneratione.
2420 847 2486 912 Et
2541 862 2756 902 munera
2807 863 2960 916 super
3015 850 3309 905 innocentes
3363 868 3466 905 non

224 962 332 999 πον
363 946 461 999 καὶ
485 944 695 1014 ἀϐλαϐῆ
723 946 832 1005 τοῖς
861 942 1114 1013 τιμῶσιν’
1152 942 1513 1014 ὑποκειμένης
1538 942 1592 994 δὲ
1625 942 1770 996 αἰτία

1900 941 2116 1010 accepit.
2159 938 2225 1005 :Is
2281 939 2514 994 fortasse
2565 954 2767 993 munus
2825 937 3096 1001 admittat,
3145 941 3274 995 dum
3328 942 3464 997 nihil

221 1037 312 1105 ἐφ’
349 1037 543 1109 ἑτέρου
575 1034 765 1108 βλάϐῃ,
800 1033 1004 1087 εἴποτε
1025 1031 1231 1098 δέξαιτο
1261 1033 1428 1106 δῶρα,
1460 1034 1772 1092 παντόιπασι¹

1897 1030 2180 1094 molestia,
2233 1029 2544 1084 detrimenti
2595 1029 2752 1090 nihil,
2789 1026 3143 1084 offerentibus
3176 1030 3464 1101 importet;

219 1127 495 1201 ἀνέτρεψε
514 1127 583 1181 τὰ
612 1125 992 1198 προλεχθέντα.

1897 1123 1982 1178 sin
2013 1137 2145 1177 casu
2171 1122 2388 1177 eveniat
2421 1131 2478 1174 ut
2511 1121 2564 1174 in
2593 1121 2816 1175 alterius
2845 1121 3225 1176 detrimentum
3256 1131 3462 1194 vergat;

1895 1225 2025 1271 tunc
2042 1218 2085 1272 si
2106 1232 2329 1272 munera
2353 1217 2603 1286 accipiat,
2627 1218 2809 1270 omnia
2832 1234 2951 1288 qua:
2975 1234 3139 1288 supra
3160 1219 3303 1274 dicta
3334 1229 3464 1276 sunt

1895 1325 2126 1380 prorsus
2159 1309 2374 1363 evertit.

523 1384 997 1441 ΣΤΗΛΟΓΡΑΦΙΑ
1033 1385 1120 1442 ΤΩ
1155 1390 1355 1446 ΔΑΥΙΔ
1391 1391 1492 1446 18⁸.

2021 1424 2071 1478 1.
2113 1422 2342 1478 Tl'IULI
2381 1419 2768 1477 INSCRIPTIO
2811 1421 2936 1478 iPSl
2976 1422 3184 1477 DAVID
3224 1423 3340 1479 XV.

281 1524 386 1593 Τῷ
427 1523 526 1595 μὲν
567 1525 746 1579 Δαυῒδ
791 1526 1188 1599 ἐπιγέγραπται
1233 1530 1261 1581 ὁ
1302 1528 1533 1599 ψαλμός·
1578 1531 1634 1600 ἢ,
1687 1532 1772 1585 toi

1960 1535 2173 1602 Davidi,
2203 1537 2441 1607 psalmus
2483 1536 2800 1605 inscriptus,
2845 1544 2939 1588 aut
2969 1535 3270 1590 secundum
3320 1537 3458 1592 alios

208 1614 428 1689 Δαυτδ,
480 1615 620 1670 κατὰ
662 1618 788 1680 τοὺς
832 1617 1050 1682 λοιποὺς
1087 1621 1445 1691 ἐρμηνευτάς.
1479 1623 1706 1694 mm
1735 1625 1772 1677 δ]

1891 1629 2234 1701 interpretes,
2259 1627 2498 1683 Davidis.
2525 1627 2802 1684 Psalmum
2829 1627 3132 1697 impropria
3160 1636 3456 1683 consuetu-

208 1702 374 1760 εἷπον
426 1709 907 1780 καταχρησάμενος
954 1714 1018 1782 τῇ
1067 1713 1342 1785 συνηθείᾳ·
1394 1715 1534 1768 κατὰ
1578 1716 1686 1786 γὰρ
1730 1716 1772 1769 τὲ

1889 1723 2034 1776 dinis
2069 1738 2171 1778 usu
2200 1721 2426 1787 vocavi;
2461 1734 2586 1773 nam
2629 1735 2694 1773 ex
2745 1719 2998 1773 accurata
3045 1720 3259 1774 ratione
3296 1734 3456 1774 nemo

207 1799 449 1868 ἀκριϐὲς
471 1801 571 1853 οὐκ
591 1799 654 1853 ἄν
679 1818 762 1864 τις
792 1801 953 1856 αὐτὸν
990 1804 1130 1856 εἴποι
1161 1803 1394 1876 ψαλμὸν,
1422 1807 1503 1860 ὃτι
1535 1809 1607 1881 μὴ
1637 1809 1772 1862 τοῦτ(

1891 1814 2158 1882 psalmum
2191 1813 2384 1867 dixerit
2417 1829 2430 1863 :
2463 1827 2648 1882 reque
2676 1811 2820 1866 enim
2853 1825 2915 1864 ea
2948 1819 3031 1865 est
3077 1811 3451 1881 inscriptionis

207 1888 412 1958 δηλοῦν
436 1889 680 1960 βούλεται
710 1893 742 1962 ἡ
774 1895 1095 1964 προγραφή·
1127 1894 1240 1947 ἀλλ’
1270 1896 1382 1950 ἐστι
1420 1899 1772 1970 στηλογραφίε

1889 1902 2244 1973 significatio;
2288 1903 2380 1957 sed
2409 1909 2493 1956 est
2525 1901 2691 1957 veluti
2729 1901 2921 1956 titulus
2960 1901 3284 1971 inscriptus.
3321 1916 3446 1971 pro-

207 1980 553 2050 προφητείαν
584 1982 912 2052 περιέχουσα
933 1982 1266 2058 θαυμαστὴν,
1293 1988 1387 2040 καὶ
1408 1989 1624 2060 γραφῆς
1656 1991 1772 2043 αίω-

1888 1995 2124 2066 phetiam
2167 1994 2476 2064 exprimens
2520 1993 2920 2057 admirandam,
2954 2001 3268 2064 aeternaque
3309 1995 3452 2050 scri-

203 2069 348 2134 νίου,
374 2070 564 2143 ὥσπερ
592 2073 649 2125 ὲν
677 2073 844 2146 στήλῃ
876 2075 1283 2146 τετυπωμένης,
1314 2078 1492 2146 ἀξίαν.

1885 2093 2068 2158 ptura,
2098 2099 2197 2139 ceu
2234 2085 2288 2139 in
2317 2086 2477 2155 cippo
2511 2085 2802 2154 insculpta,
2835 2085 3074 2155 dignam.

275 2161 568 2226 Φύλαξόν
597 2179 694 2232 με,
733 2164 930 2232 Κύριε,
967 2164 1056 2218 ὅτι
1093 2166 1190 2220 ἐπὶ
1217 2167 1316 2221 σοί
1346 2163 1596 2232 ἤλπισα.
1631 2173 1788 2226 Εἷπα

206 2251 289 2318 τῷ
329 2254 552 2322 Κυρίᾳν
582 2256 728 2322 Θεός
751 2273 870 2324 μου
896 2253 955 2310 εἴ
983 2259 1085 2312 σύο
1133 2257 1223 2312 ὅτι
1247 2258 1367 2313 τῶν
1398 2260 1635 2330 ἀγαθῶν
1665 2279 1786 2336 μου

203 2349 278 2400 οὐ
305 2349 524 2417 χρείαν
551 2347 728 2415 ἔχεις.
767 2349 886 2402 ὀτι
933 2349 1031 2420 μὲν
1071 2347 1164 2404 οὖν
1199 2351 1288 2404 διὰ
1324 2351 1419 2406 τοῦ
1462 2353 1626 2408 Δαυῑδ
1657 2356 1787 2409 ἁνα-

203 2437 531 2508 πεφὼνηται
566 2439 634 2492 τὰ
668 2440 725 2492 ὲν
756 2443 822 2511 τῇ
857 2442 1160 2513 προφητείᾳ
1194 2445 1588 2514 περιεχόμενα,
1624 2448 1786 2500 παντὶ

201 2529 267 2584 ἂν
305 2531 399 2601 εἴη
442 2531 629 2600 σαφές.
673 2532 1009 2603 Ζητουμένου
1039 2533 1096 2586 δὲ
1125 2536 1204 2597 είς
1230 2534 1352 2588 τίνα
1383 2535 1490 2606 ἄρα
1517 2537 1620 2608 χρὴ
1655 2538 1786 2591 ἁνα-

201 2620 400 2691 φέρειν
439 2621 507 2675 τὰ
550 2621 834 2701 λεγόμενα,
863 2623 1157 2695 ἀξιόχρεως
1189 2627 1316 2696 ἡμῖν
1356 2627 1670 2692 διδάσκαλος
1692 2629 1783 2697 γέ-

198 2715 341 2766 νοιτ’
369 2713 436 2768 ἂν
465 2714 672 2786 Πέτρος
713 2718 742 2769 ὁ
773 2716 1085 2780 ἀπόστολος,
1117 2719 1174 2770 sv
1221 2722 1340 2790 ταῖς
1387 2719 1626 2792 Πρὰξεσι
1674 2723 1782 2778 τῶν

203 2804 526 2859 ὲττοστόλων
575 2806 950 2876 μνημονεύσας
992 2807 1102 2861 τῶν
1154 2810 1211 2861 ὲν
1256 2810 1392 2882 αὐτῇ
1443 2811 1778 2882 φερομένων.

200 2895 445 2950 Διελθὼν
478 2896 587 2968 γὰρ
612 2897 748 2970 πρὸς
773 2897 865 2952 τὸν
887 2898 1016 2952 λαὸν
1043 2901 1112 2954 τὰ
1135 2899 1230 2956 τοῦ
1257 2901 1494 2974 ψαλμοῦ,
1528 2904 1700 2958 ταῦτά
1719 2921 1780 2957 τε

201 2987 296 3039 ἐπὶ
334 2986 428 3040 τὸν
469 2987 694 3062 Σωτῆρα
722 2989 791 3042 τὰ
823 2991 1087 3061 εἰρημένα
1113 2991 1451 3058 ἀναδιδάξας,
1491 2993 1619 3063 ἑξῆς
1655 2995 1773 3046 ἐπι-

201 3078 366 3149 φέρει
397 3077 486 3132 καί
511 3095 694 3150 φησιν·
723 3079 958 3147 Ἄνδρες
974 3079 1241 3149 ἀδελφοὶ,
1264 3080 1407 3144 ἐξὸν
1424 3081 1612 3134 εἰπεῖν
1629 3080 1780 3150 μετὰ

1954 2173 2121 2230 Vens.
2151 2173 2208 2228 2.
2239 2174 2502 2230 Conserva
2533 2190 2633 2239 me,
2669 2175 2909 2237 Domine,
2952 2174 3202 2245 quoniam
3244 2174 3454 2242 speravi

1883 2268 1938 2322 in
1975 2277 2058 2332 te;
2102 2267 2216 2321 dixi
2265 2267 2694 2322 Domino:Deus
2749 2283 2894 2320 meus
2945 2283 2997 2320 es
3056 2276 3148 2331 tu,
3203 2267 3453 2337 quoniam

1884 2356 2136 2411 bonorum
2166 2373 2399 2411 meorum
2442 2374 2544 2411 non
2587 2373 2721 2426 eges.
2755 2355 2911 2422 Quod
2948 2371 3043 2426 per
3073 2355 3327 2410 Davidem
3362 2371 3450 2419 ea,

1881 2463 2004 2518 qua;
2055 2447 2108 2501 in
2165 2447 2448 2518 prophetia
2501 2447 2883 2515 continentur,
2935 2448 3163 2502 recitata
3215 2446 3448 2510 fuerint,

1882 2540 2019 2593 nulli
2055 2554 2163 2594 non
2204 2539 2552 2594 manifestum
2595 2546 2700 2595 est.
2749 2538 2807 2594 Si
2859 2547 3134 2610 quazratur
3179 2554 3342 2610 porro
3382 2539 3451 2593 ad

1885 2649 2047 2702 quem
2101 2632 2390 2688 referenda
2443 2633 2589 2699 sint,
2636 2633 2834 2702 dignus
2887 2647 2950 2686 ac
3011 2632 3240 2687 idoneus
3291 2632 3450 2687 nobis

1881 2727 2076 2781 doctor
2129 2724 2296 2780 fuerit
2340 2724 2535 2782 Petrus
2595 2726 2908 2796 apostolus,
2962 2725 3056 2795 qui
3113 2725 3169 2779 in
3217 2724 3449 2780 Actibus

1881 2818 2253 2888 apostolorum
2299 2817 2488 2873 eadem
2533 2817 2652 2887 ipsa
2699 2818 2753 2872 in
2797 2816 3082 2887 prophetia
3133 2816 3295 2870 allata
3333 2831 3448 2870 me-

1880 2913 2078 2961 morat.
2133 2905 2266 2960 Nam
2299 2922 2423 2960 cum
2455 2907 2654 2976 populo
2681 2907 2870 2976 psalmi
2905 2904 3227 2961 sententiam
3271 2905 3446 2974 expli-

1879 3006 2062 3062 caret,
2104 3006 2158 3052 et
2196 2997 2263 3052 de
2294 2997 2574 3053 Salvatore
2629 2997 2980 3069 intelligenda
3031 2997 3285 3062 doceret,
3329 2996 3446 3051 hac

1879 3090 2076 3144 deinde
2123 3089 2404 3159 subjungit
2465 3108 2479 3143 :
2553 3087 2662 3143 Viri
2708 3089 2924 3158 fratres,
2979 3088 3132 3142 liceat
3193 3088 3446 3141 audenter

201 3171 551 3239 ,παρρησίας
570 3170 720 3239 πρὸς
739 3169 895 3240 ὑμᾶς
913 3173 1044 3240 περὶ
1065 3171 1171 3226 τοῦ
1189 3172 1554 3242 πατριάρχου
1574 3173 1772 3241 Δαυῒδ,

1880 3179 2050 3234 dicere
2075 3179 2149 3232 ad
2172 3197 2256 3232 vos
2283 3178 2346 3232 de
2366 3179 2669 3248 patriarcha
2684 3177 2874 3243 David,
2894 3179 3139 3247 quoniam
3164 3177 3442 3248 defunctus

199 3261 296 3315 ὅτι
326 3263 431 3316 καὶ
461 3262 816 3330 ἐτελεύτησε
847 3265 944 3318 καὶ
975 3263 1183 3334 ἐτάφη·
1215 3265 1312 3318 καὶ
1341 3265 1405 3318 τὸ
1430 3264 1639 3334 μνῆμα
1673 3268 1780 3321 αὐ-

202 3352 309 3406 τοῦ
337 3351 513 3407 ἐστιν
533 3355 603 3410 ὲν
623 3355 768 3424 ἡμῖν
800 3354 936 3424 ἄχρι
964 3354 1074 3423 τῆς
1106 3354 1330 3425 ἡμέρας
1358 3357 1600 3424 ταύτης.
1633 3357 1781 3425 Προ-

199 3443 408 3514 φήτης
434 3443 548 3501 οὖν
573 3447 872 3520 ὑπάρχων,
900 3448 997 3502 καὶ
1024 3447 1214 3514 εἰδὼς,
1245 3449 1333 3503 ὅτι
1365 3449 1517 3520 ὅρκῳ
1543 3450 1778 3521 ὤμοσεν

199 3533 367 3601 αὑτῷ
400 3538 433 3590 ό
473 3535 616 3602 Θεὸς
659 3537 727 3590 ἐκ
773 3538 1003 3605 καρποῦ
1047 3537 1158 3607 τῆς
1204 3540 1436 3610 ὀσφύος
1479 3542 1664 3596 αὑτοῦ
1708 3541 1778 3597 τὸ

197 3627 357 3682 κατὰ
399 3625 595 3696 σάρκα
637 3628 1008 3695 ἀναστήσειν
1059 3631 1164 3685 τὸν
1206 3633 1480 3700 Χριστὸν,
1533 3637 1776 3689 καθίσαι

194 3721 296 3774 ἐπὶ
327 3719 436 3774 τὸν
465 3721 682 3788 θρόνον
709 3720 916 3781 αὐτοῦ,
947 3720 1208 3790 προϊδὼν
1223 3722 1492 3790 ἐλάλησε
1508 3724 1641 3792 περὶ
1663 3723 1774 3792 τῆς

199 3811 596 3879 ἀναστάσεως
617 3814 720 3869 τοῦ
746 3815 1022 3883 Χριστοῦ,
1051 3815 1139 3868 ὅτι
1175 3817 1314 3870 οὔτε
1348 3817 1772 3886 ἐγκατελείφθη

195 3909 282 3973 είς
305 3905 482 3974 ᾅδην,
499 3907 635 3961 οὔτε
653 3909 686 3976 ἠ
703 3907 857 3976 σὰρξ
869 3908 1052 3963 αὑτοῦ
1065 3907 1182 3963 sitis
1193 3907 1535 3977 διαφθοράν.
1557 3909 1773 3964 Τοῦτον

196 4002 307 4054 τὸν
357 3997 598 4068 Ἰησοῦν
635 3985 976 4068 ἀνέστησεν
1004 4005 1037 4056 ό
1062 4001 1226 4067 Θεὸς,
1257 3995 1329 4056 οὗ
1358 3999 1578 4067 πάντες
1601 4001 1771 4070 ἡμεῖς

193 4093 391 4161 ἐσμεν
417 4091 732 4162 μάρτυρες.
785 4087 884 4146 ’Ὧν
922 4093 1094 4156 οὕτως
1143 4092 1466 4164 εἰρημένων,
1517 4093 1770 4164 περιττὸν

197 4185 265 4238 ἂν
305 4184 393 4256 εἴη
435 4184 529 4238 τοῦ
574 4183 760 4238 λοιποῦ
803 4184 1002 4254 ζητεῖν,
1041 4185 1132 4239 ἐπὶ
1165 4185 1286 4238 τίνα
1321 4183 1424 4256 χρὴ
1463 4184 1646 4256 φέρειν
1671 4184 1769 4255 τὴν

196 4278 562 4349 προφητείαν,
607 4276 753 4342 ἅπαξ
799 4279 903 4335 ὑπὸ
953 4277 1266 4348 τηλικούτου
1316 4277 1586 4348 μάρτυρος
1631 4276 1769 4329 δεδι-

195 4370 479 4441 δαγμένοι.
517 4371 673 4425 Κατὰ
705 4373 802 4442 μὲν
832 4367 924 4424 οὖν
959 4372 1081 4434 τοὺς
1121 4370 1518 4442 Ἐδδομήκοντα
1546 4373 1766 4437 στηλο-

1878 3280 1988 3336 est,
2028 3279 2078 3326 et
2117 3271 2463 3340 sepultus:et
2503 3269 2798 3339 sepulcrum
2871 3269 2986 3339 ejus
3038 3279 3116 3324 est
3165 3269 3305 3339 apud
3348 3287 3442 3324 nos

1876 3379 2039 3434 usque
2093 3364 2147 3417 in
2196 3362 2503 3417 hodiernum
2558 3363 2717 3418 diem;
2792 3363 3058 3433 Propheta
3108 3363 3270 3434 igitur
3319 3379 3441 3416 cum

1876 3465 2031 3519 esset,
2071 3463 2123 3509 et
2164 3456 2319 3512 sciret
2349 3456 2475 3526 quia
2511 3454 2864 3525 jurejurando
2891 3455 3127 3524 jurasset
3169 3454 3252 3508 illi
3273 3454 3434 3519 Deus,

1875 3547 1940 3601 de
1959 3547 2134 3616 fructu
2157 3546 2318 3600 lumbi
2336 3546 2448 3616 ejus
2470 3547 2756 3600 secundum
2788 3563 2998 3600 carnem
3023 3555 3441 3601 resurrecturum

1876 3635 2144 3689 Christum
2193 3634 2262 3688 ad
2309 3634 2589 3688 sedendum
2639 3636 2692 3690 in
2737 3635 2922 3690 throno
2971 3637 3126 3703 ejus:
3164 3636 3439 3704 providens

1875 3728 2081 3782 locutus
2142 3736 2222 3783 est
2273 3727 2337 3781 de
2386 3729 2766 3782 resurrectione
2813 3725 3033 3790 Christi,
3096 3728 3220 3797 quia
3279 3743 3441 3796 neque

1871 3817 2154 3873 derelictus
2208 3828 2286 3872 est
2344 3819 2400 3872 in
2450 3818 2698 3886 inferno,
2748 3833 2910 3887 neque
2959 3833 3080 3870 caro
3138 3817 3251 3885 ejus
3305 3815 3438 3870 vidit

1872 3910 2282 3979 corruptionem.
2327 3909 2480 3966 Ilunc
2505 3910 2689 3964 Jesum
2735 3910 3062 3964 resuscitavit
3089 3907 3252 3972 Deus,
3284 3908 3438 3978 cujus

1870 4019 2046 4058 omnes
2086 4019 2178 4058 nos
2221 4012 2374 4058 testes
2407 4019 2588 4057 sumus
2613 4003 2674 4056 ³³.
2742 4001 2952 4068 Quibus
2979 4001 3061 4056 sic
3110 4001 3433 4064 enuntiatis,

1871 4093 2206 4166 superﬂuum
2249 4106 2394 4150 esset
2438 4095 2667 4150 ulterius
2687 4093 2944 4164 indagare
2992 4091 3059 4145 ad
3088 4108 3248 4162 quem
3289 4090 3434 4147 refe~

1869 4188 2039 4240 renda
2076 4187 2388 4256 prophetia;
2446 4195 2732 4257 postquam
2793 4185 2925 4239 tanti
2971 4185 3070 4238 viri
3119 4183 3433 4239 testimonio

1871 4279 2050 4332 edocti
2090 4277 2316 4333 fuimus.
2345 4276 2506 4332 Juxta
2541 4277 3039 4347 interpretationem
3077 4275 3432 4346 Septuaginta
3503 4345 3508 4351 _

1870 4371 2140 4438 virorum,
2198 4371 2314 4426 haec
2365 4370 2645 4441 prophetia
2697 4369 2840 4423 tituli
2884 4369 3154 4438 inscriptio
3205 4369 3427 4437 dicitur,
3505 4369 3510 4375 ’

195 4465 421 4533 magia
438 4463 736 4534 λέλεκταιή
761 4463 1080 4533 προφητεία,
1111 4462 1172 4515 τὸ
1201 4461 1472 4533 περιέχειν
1501 4461 1600 4533 τὴν
1624 4461 1764 4514 κατὰ

1877 4463 2013 4533 quod
2048 4463 2331 4518 victoriam
2375 4477 2404 4515 a
2439 4461 2658 4518 Christo
2697 4461 2764 4517 de
2803 4469 2999 4527 morte,
3041 4476 3138 4531 per
3180 4477 3430 4518 resurre-

195 4557 296 4610 τοῦ
335 4556 562 4610 Θανάτου
603 4551 758 4625 νίκην
789 4557 881 4608 τοῦ
923 4554 1171 4626 Σωτῆρος
1210 4553 1297 4606 διὰ
1327 4553 1426 4624 τῆς
1454 4555 1519 4606 ὲκ
1556 4551 1767 4624 νεκρῶν

1877 4557 2099 4611 stionem
2147 4571 2214 4610 ex
2251 4554 2481 4608 mortuis
2528 4564 2758 4624 partam,
2806 4552 3221 4622 complectatur.
3275 4550 3428 4606 Sicut

196 4647 546 4724 ἀναστᾴσεως
573 4647 736 4712 αὐτοῦ
771 4645 1219 4718 κατωρθωμένην.
1267 4646 1473 4715 ’Ὠσπερ
1517 4644 1626 4716 γὰρ
1657 4645 1766 4714 τῶν

199 4739 618 4810 ἀγωνιζομένων
652 4742 710 4793 ὲν
744 4738 973 4802 σταδίοις
1000 4738 1051 4790 οἱ
1083 4738 1322 4808 μέγιστοι
1348 4737 1442 4790 καὶ
1474 4735 1764 4808 παράδοξοι

197 4830 357 4889 ἆθλοι
393 4835 590 4906 στήλης
623 4833 918 4900 ἀξιοῦνται,
953 4833 1049 4886 καὶ
1087 4831 1194 4885 τῶν
1235 4833 1292 4886 ὲν
1330 4831 1582 4903 πολέμοις
1622 4830 1763 4884 κατὰ

196 4928 310 4980 τῶν
329 4926 534 4996 ἐχθρῶν
555 4927 789 4996 τρόπαια
807 4925 885 4988 εἰς
903 4923 1116 4996 μακρὰν
1136 4929 1354 4995 μνήμην
1374 4923 1755 4995 στηλιτεύεταιο

195 5020 340 5074 οὕτω
362 5019 534 5080 καὶτὸ
555 5019 696 5090 μέγα
726 5019 980 5089 τρόπαιον
1001 5016 1094 5070 τοῦ
1121 5018 1390 5089 Σωτῆρος,
1411 5017 1545 5089 amp
1570 5018 1756 5088 ἤγειρε

199 5110 442 5164 καθελὼν
473 5110 562 5164 τὸν
593 5109 654 5163 τὸ
689 5111 889 5182 κράτος
922 5109 1112 5180 ἔχοντα
1137 5106 1232 5161 τοῦ
1271 5107 1521 5172 θανάτου,
1553 5107 1756 5162 ἄνωθεν

199 5201 310 5256 ἀπὸ
341 5202 448 5255 τῶν
479 5201 828 5274 προφητικῶν
861 5201 1064 5272 χρόνων
1093 5198 1460 5270 ὲστηλιτεύετο
1488 5201 1606 5262 ταῖς
1633 5201 1756 5261 iam:

201 5293 308 5351 τῶν
325 5299 578 5366 γραφαίςο
602 5295 684 5348 διὸ
717 5292 1083 5368 στηλογραφία
1109 5291 1374 5358 λέλεκται.

273 5472 392 5525 Ὀτι
421 5470 538 5526 τῶν
572 5471 807 5543 ἀγαθῶν
843 5489 961 5542 μου
991 5473 1064 5526 οὐ
1091 5471 1296 5540 χρείαν
1316 5469 1494 5539 ἔχεις.
1531 5468 1640 5539 Οὐχ
1667 5469 1754 5522 ’ίνα

204 5566 270 5621 τὰ
317 5567 510 5631 ἐπάξια
541 5567 830 5639 χαρίσηται
874 5564 986 5618 ἀνθ’
1017 5557 1092 5618 ὧν
1134 5560 1280 5633 αὐτῷ
1309 5560 1751 5632 προσηγάγομεν.

207 5657 384 5714 ’Ἄλλοι
431 5657 488 5711 δέ
541 5675 753 5728 φασιν..
785 5656 858 5720 ὡς
915 5658 981 5730 ἐκ
1029 5653 1317 5728 προσώπου
1370 5652 1462 5706 τοῦ
1505 5651 1752 5723 Σωτῆρος

273 5818 316 5850 ³³
355 5817 477 5884 Act.
515 5831 556 5872 tt
580 5856 594 5884 ,
627 5814 818 5871 90—32.

1865 4647 2010 4702 enim
2042 4646 2367 4700 athletarum
2405 4644 2460 4699 in
2490 4644 2666 4700 stadio
2706 4643 3102 4699 decertantium
3141 4643 3425 4714 splendida

1864 4749 2026 4808 atque
2053 4736 2387 4792 mirabiliora
2426 4750 2550 4790 cum
2586 4734 2919 4790 adversariis
2955 4733 3088 4788 inita
3121 4733 3424 4787 certamina

1863 4828 2023 4897 cippo
2047 4827 2338 4890 donantur,
2363 4832 2527 4896 atque
2565 4825 2620 4878 in
2647 4824 2805 4880 bellis
2843 4832 3045 4893 tropaea
3077 4821 3145 4878 de
3171 4821 3422 4878 hostibus

1863 4919 1933 4974 ad
1974 4918 2288 4974 diuturnam
2332 4917 2647 4972 memoriam
2700 4916 3005 4986 eriguntur,
3052 4913 3127 4968 ita
3167 4928 3422 4983 magnum

1860 5011 1994 5074 illud
2027 5009 2332 5066 Servatoris
2374 5017 2658 5079 tropaeum,
2695 5014 2973 5079 prostrato
3012 5020 3079 5061 eo
3119 5006 3211 5076 qui
3252 5005 3423 5074 impe-

1859 5103 2002 5157 rium
2043 5103 2236 5158 mortis
2280 5101 2514 5156 habebat
2558 5107 2833 5160 erectum,
2877 5098 3084 5168 jamdiu
3124 5112 3154 5150 a
3185 5096 3420 5166 prephe-

1861 5194 1986 5251 ticis
2034 5193 2365 5264 temporibus
2405 5193 2466 5246 in
2500 5206 2686 5246 eorum
2747 5189 2968 5258 scriptis
2997 5187 3142 5242 velut
3172 5186 3225 5240 in
3256 5186 3419 5254 cippo

1859 5283 2191 5354 insculptum
2219 5281 2396 5338 fuerat
2423 5307 2435 5344 ε
2461 5296 2628 5352 quare
2652 5279 2796 5334 tituli
2819 5278 2934 5333 sive
2961 5276 3104 5347 cippi
3132 5275 3420 5346 inscriptio
3497 5303 3508 5312 ι
3540 5299 3544 5308 ·

1860 5376 2085 5433 dicitur.

1931 5467 2193 5533 Quoniam
2231 5466 2485 5522 bonorum
2526 5478 2758 5518 meorum
2793 5477 2897 5515 non
2915 5475 3051 5532 eges.
3104 5458 3222 5514 Non
3248 5469 3307 5513 ut
3335 5457 3417 5511 di-
3519 5469 3524 5476 '
3561 5464 3568 5496 ί

1857 5572 2017 5628 gnam
2054 5571 2153 5626 pro
2196 5557 2266 5610 iis
2301 5571 2421 5626 qua:
2450 5553 2553 5626 ipsi
2588 5551 2885 5609 obtulimus
2920 5550 3223 5605 mercedem
3256 5547 3415 5604 retri-

1856 5651 1988 5706 buat
2029 5647 2126 5722 [ita
2165 5645 2450 5720 loquitur].
2487 5647 2590 5702 Alii
2621 5646 2809 5702 dicunt
2854 5660 2921 5702 ex
2963 5641 3262 5700 Salvatoris
3295 5655 3409 5711 per:
