3994 6448
524 415 633 473 {55

1186 407 1454 466 EUSEBll
1491 400 1965 463 CAESARIENSIS
2001 397 2150 456 OPP.
2187 386 2370 451 PARS
2408 389 2501 448 Ill.
2547 407 2620 434 κ
2652 393 3057 452 EXEGETICA.

3643 389 3741 447 156

522 544 656 587 sona
683 525 1090 598 pronuntiatum
1120 524 1386 594 psalmum
1410 561 1424 584 ,
1459 518 1622 589 idque
1659 515 1954 573 secundum
1980 514 2080 566 hu-

2208 509 2398 582 ἴρηται
2430 511 2458 562 ὁ
2489 503 2705 580 eam;
2725 525 2739 539 ο
2784 507 2993 580 εἴρηται
3025 505 3081 559 δὲ
3129 503 3268 559 κατά
3303 503 3364 558 τὸ
3392 504 3744 576 ἀνθρώπειον,

522 633 740 674 umnam
781 625 1066 678 naturam,
1099 610 1407 682 cujusmodi
1443 609 1582 664 bene
1621 608 1791 662 multa
1827 607 1882 660 in
1915 605 2085 659 sacris

522 710 834 782 Evangeliis
861 707 1350 779 deprehendimus;
1398 702 1560 774 quale
1586 709 1671 756 est
1695 699 1829 753 illud
1856 715 1869 752 :
1899 697 2084 761 Pater,

521 805 569 859 si
596 803 712 873 ﬁeri
736 801 922 871 possit,
949 806 1182 853 transeat
1213 814 1245 849 a
1277 812 1354 848 me
1387 795 1530 848 calix
1559 794 1677 850 iste.
1720 791 2087 846 Verumtamen

523 911 625 949 non
667 892 805 965 quod
849 909 940 962 ego
979 889 1114 951 volo,
1165 888 1254 948 sed
1306 887 1444 957 quod
1497 898 1552 938 tu
1581 885 1656 951 ³⁵;
1711 891 1804 940 et:
1839 881 1984 936 Vada
2019 881 2086 935 ad

523 987 739 1042 Patrem
785 1000 954 1038 meum
998 992 1046 1035 et
1073 982 1291 1038 Patrem
1331 987 1578 1034 uestrum,
1625 975 1788 1028 Deum
1829 989 2001 1028 meum
2040 982 2088 1027 et

523 1075 693 1130 Deum
721 1084 944 1129 vestrum
973 1073 1036 1127 ³⁸.
1061 1072 1151 1127 Sic
1168 1070 1481 1144 frequenter
1517 1075 1787 1132 orantem,
1821 1080 1884 1119 ac
1914 1078 2088 1134 genua

524 1167 830 1222 ﬂectentem
881 1163 1212 1219 invenimus.
1271 1147 1472 1215 Eadem
1524 1174 1750 1229 prorsus
1790 1156 2001 1210 ratione
2035 1155 2088 1208 in

523 1257 628 1311 hoc
665 1270 882 1326 quoque
920 1254 1133 1323 psalmo
1185 1250 1505 1306 conservari
1552 1265 1610 1303 se
1651 1256 1922 1318 precatur,
1960 1246 2088 1300 dum

522 1355 705 1400 tamen
761 1360 791 1398 a
824 1361 884 1400 se
927 1345 1048 1414 ipso
1093 1349 1470 1397 conservatur.
1518 1340 1587 1394 At
1636 1340 1782 1395 enim
1834 1348 1892 1393 ut
1929 1339 2091 1395 homo

523 1446 702 1508 rogat,
744 1453 808 1491 ac
849 1445 1035 1507 utpote
1063 1434 1207 1490 Deus
1248 1434 1522 1504 postulata
1566 1433 1847 1499 concedit;
1903 1448 2094 1488 asseu-

521 1530 692 1584 tiente
737 1529 949 1584 scilicet
995 1535 1049 1582 et
1088 1535 1418 1596 cooperante
1456 1525 1637 1580 Patre.
1697 1525 1960 1591 Quoniam
2001 1524 2093 1579 bo-

523 1637 708 1675 norum
739 1637 974 1675 meorum
1007 1619 1110 1674 non
1139 1635 1277 1690 eges.
1323 1617 1449 1672 Hmc
1475 1616 1835 1689 Symmachus
1866 1619 1969 1674 alia
2004 1633 2093 1672 ra-

524 1712 672 1766 tione
710 1712 1103 1782 interpretatus
1143 1718 1228 1766 est
1258 1726 1272 1762 :
1307 1707 1432 1762 Non
1462 1719 1539 1762 est
1576 1708 1705 1762 milii
1749 1707 1938 1762 bonum
1971 1709 2094 1778 sine

525 1813 592 1858 te.
636 1801 826 1858 Omnis
867 1803 1024 1872 copia
1069 1802 1362 1865 bonorum,
1411 1800 1611 1870 inquit,
1642 1815 1739 1869 per
1771 1806 1920 1853 tuam
1958 1799 2093 1853 mihi

522 1895 755 1965 gratiam
795 1859 1098 1950 confertur.
1141 1893 1388 1964 Utraque
1425 1859 1591 1963 po-rro
1640 1892 1800 1946 lectio
1834 1907 1987 1962 aeque
2027 1891 2096 1947 ad
2125 1859 2168 1914 Β

524 1988 776 2057 pietatem
809 1993 1134 2058 Opportuna.
1167 1984 1377 2040 Etenim
1431 1999 1463 2038 a
1493 1983 1603 2039 Deo
1630 1985 1912 2040 concessis
1937 1983 2096 2042 bonis

524 2093 626 2133 nos
657 2077 1008 2148 periruimur,
1047 2093 1224 2148 neque
1265 2077 1312 2132 is
1356 2082 1506 2131 recte
1552 2073 1715 2131 factis
1754 2075 1958 2147 indiget
1997 2091 2099 2131 nos

524 2169 658 2223 stris
707 2184 932 2224 :verum
986 2167 1057 2224 ad
1102 2169 1398 2223 utilitatem
1451 2166 1569 2236 ipse
1609 2175 1857 2223 nostram
1883 2167 2000 2228 haec
2038 2167 2099 2222 ut

525 2275 753 2330 agamus
790 2260 908 2331 lege
947 2258 1146 2315 sancit.

602 2348 765 2406 Vens.
793 2352 853 2409 5,
877 2351 928 2405 4.
979 2349 1194 2406 Sanctis
1229 2353 1318 2422 qui
1357 2361 1478 2408 sunt
1515 2351 1571 2405 in
1627 2359 1770 2407 terra
1801 2349 1916 2418 ejus
1949 2348 2101 2402 miri-

525 2443 702 2513 ﬁcavit
748 2459 925 2497 omnes
959 2443 1253 2498 voluntates
1303 2461 1429 2498 suas
1468 2445 1522 2498 in
1554 2444 1651 2498 eis.
1684 2473 1754 2483 —
1788 2441 1888 2496 Vos
1925 2451 2101 2497 autem

523 2536 651 2589 estis
680 2550 865 2602 corpus
889 2534 1108 2600 Christi,
1133 2545 1182 2590 et
1214 2539 1446 2591 membra
1472 2537 1536 2591 de
1566 2535 1798 2591 membro
1821 2535 1886 2588 “.
1912 2534 2098 2590 Eccle-

527 2629 624 2682 sia:
668 2642 780 2682 suae
820 2643 1113 2692 aerumnas,
1163 2628 1269 2685 sibi
1307 2629 1467 2698 quasi
1509 2629 1759 2698 proprias
1798 2627 2100 2690 ascribens,

526 2735 592 2774 ex.
625 2735 856 2789 persona
891 2721 1010 2790 ejus
1040 2721 1153 2776 bzec
1181 2723 1355 2792 p0tuit
1386 2721 1540 2777 ell‘ari
1567 2737 1580 2773 :
1615 2719 1828 2774 Sanctis
1859 2719 1948 2790 qui
1975 2728 2100 2772 sunt

527 2813 583 2864 in
612 2821 752 2864 terra
773 2812 885 2881 ejus
916 2813 1217 2882 miriﬁcauit
1241 2830 1416 2869 omnes
1447 2813 1740 2867 voluntates
1770 2828 1896 2867 suas
1925 2812 1980 2864 in
2008 2812 2102 2864 eis.

528 2901 585 2956 31
593 2903 902 2971 uttiplicatw
918 2914 1039 2956 sunt
1060 2904 1397 2974 inﬁrmitates
1414 2904 1725 2959 eorum.Alii
1748 2912 1947 2958 terram
1963 2902 2104 2971 ejus,

530 2991 832 3048 Ecclesiam
888 2995 1363 3065 interpretantur;
1414 3004 1747 3066 quapropter
1777 2995 1872 3049 Dei
1913 2995 2109 3049 volun-

528 3091 669 3139 tates
699 3085 980 3141 mirabiles
1002 3087 1261 3144 evadunt.
1292 3087 1614 3143 Voluntates
1640 3103 1806 3158 porro
1833 3086 1950 3152 Dei,
1979 3093 2109 3141 sunt

2186 605 2372 675 ὥσπερ
2402 599 2555 656 αὐτοὶ
2582 601 2718 655 αὑτά
2744 599 2910 653 πολλά
2946 599 3038 653 καὶ
3073 599 3131 650 ὲν
3170 599 3277 660 τοῖς
3307 598 3469 668 ίεροίς
3505 598 3746 666 Εὐαγγε-

2186 697 2321 760 λίοις
2359 695 2699 766 εὑρίσκομεν·
2734 691 2968 746 τοιοῦτόν
3020 693 3132 743 ἐστι
3182 689 3270 742 τό·
3325 687 3534 756 Πάτερ,
3565 691 3618 742 εί
3650 688 3753 743 δυε-

2187 787 2392 853 νατὸν,
2433 783 2768 855 παρελθέτω
2813 783 2879 837 τὸ
2916 782 3197 850 ποτήριον
3240 779 3414 835 τοῦτο
3444 781 3546 835 ἀπ’
3583 781 3748 850 ἐμοῦ.

2188 880 2363 949 Πλὴν
2389 881 2498 947 οὐχ
2523 880 2604 944 ὡς
2629 876 2742 946 ἐγὼ
2774 875 2944 939 θέλω,
2974 874 3108 928 ἀλλ’
3132 875 3212 940 ὡς
3225 875 3325 927 σύ*
3361 873 3475 936 καὶ,
3500 873 3751 940 Πορεύο-

2182 988 2289 1040 μαι
2333 970 2479 1038 πρὸς
2514 967 2621 1022 τὸν
2643 965 2873 1035 Πατέρα
2896 983 3014 1034 μου
3060 965 3156 1018 καὶ
3185 963 3414 1032 Πατέρα
3441 964 3627 1032 ὑμῶν,
3655 964 3754 1018 και

2192 1064 2342 1116 Θεόν
2359 1078 2476 1131 μου
2504 1059 2601 1113 καὶ
2635 1058 2784 1112 Θεὸν
2807 1057 2992 1127 ὑμῶν.
3032 1056 3216 1120 Οὕτως
3244 1057 3566 1128 εὑρίσκομεν
3591 1057 3755 1113 αὑτὸν

2190 1157 2478 1226 εὐχόμενον
2510 1151 2766 1222 συνεχῶς,
2793 1151 2889 1203 καὶ
2921 1151 2986 1204 τὰ
3014 1150 3212 1218 γόνατα
3232 1151 3570 1220 κάμπτοντα.
3601 1151 3756 1206 Οὕτω

2191 1251 2367 1304 τοίνυν
2400 1249 2493 1300 καὶ
2522 1248 2579 1300 ἐν
2602 1244 2773 1314 τούτῳ
2794 1242 2872 1311 τῷ
2892 1241 3090 1313 ψαλμῷ
3115 1244 3254 1295 αἰτεῖ
3279 1241 3638 1313 φυλαχθῆναι,
3663 1244 3757 1298 καὶ

2194 1341 2282 1409 ὑφ’
2310 1336 2499 1391 ἑαυτοῦ
2535 1334 2883 1406 φυλάττεται.
2918 1333 3066 1384 Αίτεί
3104 1331 3200 1401 μὲν
3227 1331 3332 1401 γὰρ
3357 1332 3430 1395 ὼς
3452 1331 3755 1403 ἄνθρωπος,

2193 1431 2373 1485 δίδωσι
2405 1429 2462 1482 δὲ
2495 1411 2592 1499 τὴν
2625 1427 2836 1497 αἴτησιν
2867 1424 2941 1487 ὡς
2967 1423 3117 1486 Θεόςο
3153 1422 3494 1486 εὐδοκοῦντος
3520 1423 3760 1494 δηλονότι

2193 1523 2288 1578 καὶ
2312 1519 2695 1592 συνεργοῦντος
2723 1517 2816 1570 τοῦ
2841 1516 3041 1568 οἰκείου
3069 1514 3300 1585 Πατρός.
3332 1515 3450 1566 Ὅτι
3475 1513 3593 1568 τῶν
3617 1516 3764 1585 dra-

2193 1613 2315 1669 θῶν
2331 1630 2449 1683 μου
2472 1613 2543 1665 οὐ
2567 1611 2777 1682 χρείαν
2801 1612 2976 1680 ἔχεις.
2997 1609 3163 1665 Τοῦτο
3190 1614 3218 1664 ὁ
3248 1609 3537 1682 Σύμμαχος
3560 1613 3762 1684 ἑτέρως

2193 1705 2554 1776 ἡρμήνευσενο
2583 1703 2820 1771 Ἆγαθόν
2833 1717 2932 1770 μοι
2953 1703 3062 1755 οὐκ
3084 1700 3254 1754 ἔστιν
3272 1700 3416 1758 ἄνευ
3432 1701 3564 1758 σοῦ.
3585 1701 3762 1767 Πᾶσα,

2195 1799 2349 1869 φησὶ,
2377 1796 2483 1850 τῶν
2511 1793 2724 1864 ἀγαθῶν
2753 1795 2786 1865 ἠ
2829 1793 2968 1866 φορὰ
3007 1792 3096 1846 διά
3135 1793 3234 1864 τῆς
3274 1793 3373 1864 σῆς
3405 1792 3639 1864 ὑπάρχει
3673 1811 3766 1864 μοι

2197 1893 2433 1968 χάριτος.
2482 1891 2791 1962 ’Δμφότερα
2835 1889 2893 1942 δὲ
2935 1888 3035 1959 τῆς
3078 1888 3358 1952 εὐσεϐείας
3406 1887 3607 1957 ἔχεται.
3654 1889 3767 1942 Καὶ

2195 1990 2356 2060 ἡμεῖς
2386 1985 2495 2056 γάρ
2533 1983 2683 2056 παρά
2710 1982 2804 2036 τοῦ
2841 1980 2974 2035 Θεοῦ
3009 1981 3116 2035 τῶν
3149 1980 3369 2050 ἀγαθῶν
3401 1980 3767 2052 ἀπολαύομεν,

2197 2080 2292 2134 καὶ
2330 2077 2492 2138 αὐτὸς
2533 2075 2633 2144 τῆς
2672 2072 2946 2145 ἡμετέρας
2991 2073 3412 2144 δικαιοπραγίας
3448 2072 3509 2126 οὐ
3550 2071 3767 2145 χρῄζιιο

2197 2169 2358 2241 χάριν
2395 2167 2575 2238 μέντοι
2619 2164 2719 2234 τῆς
2762 2163 3039 2236 ἡμετέρας
3070 2163 3336 2234 ὠφελείας
3368 2163 3569 2235 ταύτην
3608 2180 3772 2234 νομο-

2199 2261 2288 2315 θετ
2296 2262 2363 2314 εἴ.

2276 2351 2406 2418 Τοῖς
2441 2351 2631 2421 ἁγίοις
2671 2349 2796 2417 τοῖς
2825 2348 2895 2402 ἐν
2923 2347 3000 2416 τῇ
3023 2345 3100 2418 τῇ
3133 2347 3318 2402 αὐτοῦ
3342 2345 3773 2416 ἐθαυμὰστωσε

2199 2443 2394 2498 πάντα
2423 2443 2496 2497 τὰ
2532 2441 2832 2512 θελήματα
2851 2441 3035 2496 αὐτοῦ
3058 2441 3128 2493 ἐν
3153 2439 3374 2505 αὐτοῖς.
3401 2469 3469 2481 -—
3497 2438 3679 2509 Ὑμεῖς
3701 2439 3776 2494 66

2200 2537 2340 2591 ἐστε
2367 2535 2537 2605 σῶμα
2554 2535 2832 2603 Χριστοῦ,
2857 2533 2954 2588 καὶ
2971 2532 3127 2602 μέλη
3153 2531 3221 2585 ἐκ
3237 2531 3482 2601 μέλους.
3511 2531 3774 2597 Δύναται,

2205 2627 2622 2698 ἰδιοποιούμενος
2674 2627 2745 2681 τὰ
2790 2626 2936 2695 πάθη
2987 2625 3084 2695 τῆς
3123 2623 3447 2694 Ἑκκλησίας
3476 2623 3664 2689 αὑτοῦ,
3700 2625 3778 2680 τὰ

2203 2721 2539 2793 προκείμενα
2570 2719 2629 2783 ἐξ
2660 2717 3056 2788 αύτῆς.λέγεινε
3087 2717 3213 2784 Τοῖς
3238 2717 3429 2787 ἁγίοις
3459 2716 3678 2782 τοῖςὲν.
3697 2715 3779 2790 τῆ

2203 2812 2282 2884 γῇ
2319 2811 2506 2866 αὐτοῦ
2541 2809 2967 2880 ἐθαυμάστωσε
3000 2808 3196 2866 πάντα
3225 2811 3298 2864 τὰ
3331 2809 3632 2881 θέλήματα
3668 2811 3782 2868 οὺ-

2205 2906 2311 2960 τοῦ
2346 2905 2417 2960 ἐν
2456 2904 2674 2970 αὐτοῖς.
2731 2905 3229 2971 Ἐπληθύνθησαν
3245 2906 3305 2956 αἱ
3331 2903 3632 2958 ἀσθένειαι
3667 2909 3750 2958 αι’)
3772 2935 3784 2944 -

2207 2995 2346 3050 τῶν.
2386 2997 2599 3067 Ἕτεροι
2643 2994 2700 3048 δὲ
2744 2993 2848 3064 γῆν
2889 2991 3052 3047 αὑτοῦ
3092 2993 3192 3063 τὴν
3238 2992 3560 3064 Ἐκκλησίαν
3591 2993 3779 3062 φασίνο

2207 3089 2329 3144 ὅθεν
2369 3089 2462 3143 καὶ⁵
2500 3087 2776 3158 θαυμάσια
2807 3084 3043 3155 γίνονται
3079 3084 3148 3140 τὰ
3182 3084 3275 3138 τοῦ
3306 3085 3442 3138 Θεοῦ
3474 3084 3780 3157 θελήματα.

529 3175 761 3231 virtutes
811 3175 1039 3246 singulae
1088 3192 1211 3246 quae
1261 3177 1378 3246 ipso
1421 3183 1636 3231 astante
1693 3175 2104 3245 opitulanteque

2209 3181 2498 3253 Θελήματα
2549 3180 2606 3233 δὲ
2649 3177 2784 3232 Θεοῦ
2831 3179 2887 3232 αἱ
2940 3178 3058 3232 κατ’
3101 3175 3237 3241 εἶδος
3282 3177 3473 3248 ἀρεταὶ
3522 3193 3786 3249 παρισταο

531 3267 809 3331 coluntur,
851 3265 1009 3336 juxta
1049 3267 1181 3322 illud
1218 3286 1232 3321 :
1264 3268 1447 3322 Inveni
1493 3265 1664 3320 Dauid
1721 3267 1891 3336 ﬁlium
1933 3265 2102 3331 Jesse,

529 3361 703 3413 uirum
745 3358 1030 3414 secundum
1068 3377 1158 3414 cor
1193 3377 1388 3425 meum,
1417 3362 1506 3430 qui
1533 3360 1693 3430 faciet
1718 3375 1894 3414 omnes
1924 3359 2109 3414 volun-

535 3460 671 3506 tates
702 3467 846 3507 meas
871 3452 936 3516 ³⁷,
977 3452 1190 3518 scilicet
1218 3452 1528 3508 voluntates
1577 3451 1720 3521 ejus,
1757 3466 1863 3521 qua
1895 3451 2109 3506 ratione

535 3544 790 3614 superius
837 3545 1122 3614 explicatae
1173 3553 1323 3599 sunt.
1376 3544 1441 3598 Et
1490 3561 1622 3599 sane
1651 3543 1796 3599 Deus
1839 3543 2112 3597 mirabilia

535 3635 668 3691 facit
696 3638 750 3691 in
783 3635 991 3691 sanctis
1026 3636 1164 3702 suis,
1188 3637 1315 3706 quia
1349 3635 1405 3690 in
1434 3636 1553 3705 ipso
1577 3635 1797 3690 virtutis
1827 3635 2108 3697 exercitio,

535 3731 628 3800 qui
658 3728 963 3785 secundum
995 3727 1162 3783 Deum
1205 3728 1482 3798 sapientes
1513 3737 1662 3791 sunt,
1693 3727 1818 3781 aliis
1853 3733 2112 3797 prastant

537 3819 875 3875 hominibus.
902 3816 1020 3872 Non
1057 3817 1247 3872 eadem
1278 3817 1478 3888 quippe
1523 3817 1578 3871 in
1614 3817 1948 3889 martyribus
1971 3816 2116 3870 veri-

538 3912 691 3976 tatis,
726 3912 783 3966 in
814 3910 1076 3980 apostolis
1108 3921 1162 3966 et
1188 3910 1468 3980 prophetis
1515 3909 1779 3964 fortitudo
1803 3917 1907 3972 est,
1948 3917 2114 3978 atque

541 4003 596 4058 in
626 4005 843 4059 caeteris
871 4003 964 4074 qui
991 4017 1116 4057 sese
1160 4009 1384 4057 strenue
1421 4012 1709 4072 gesserunt
1737 4020 1751 4058 :
1775 4017 1951 4072 neque
1983 4016 2113 4056 vero

538 4093 764 4166 Josephi
811 4109 877 4150 ac
922 4092 1190 4148 Susanna:
1243 4095 1604 4163 temperantia
1669 4095 2116 4164 continentiaque

543 4189 772 4243 aliorum
818 4187 1168 4242 continentiae
1217 4187 1414 4242 similis
1459 4194 1561 4241 est.
1623 4185 1824 4242 Eadem
1889 4201 2116 4256 prorsus

544 4279 758 4334 ratione
792 4278 1032 4348 reliquas
1061 4285 1380 4332 sanctorum
1407 4278 1634 4332 virtutes
1667 4277 1808 4333 Deus
1840 4278 2116 4333 mirabiles

531 4373 728 4434 'eﬂicit,
761 4373 836 4426 ita
866 4379 926 4425 ut
958 4370 1369 4440 incomparabili
1416 4371 1782 4441 prtecellentia
1817 4371 1872 4426 in
1901 4386 2118 4441 quaque

545 4481 607 4521 re
647 4464 794 4518 inter.
826 4471 1056 4518 ceteros
1098 4463 1316 4518 virtutis
1365 4463 1642 4518 studiosos
1682 4463 1934 4518 homines
1982 4463 2117 4517 emi-

2212 3273 2372 3346 μένου
2397 3270 2612 3324 τούτου·
2666 3272 2730 3323 ἐκ
2771 3268 2884 3322 τοῦθ
2927 3264 3125 3336 Εὗρον
3155 3267 3336 3322 Δαυῒδ
3351 3265 3460 3321 τὸν
3485 3267 3593 3322 τοῦ
3641 3269 3784 3323 Ἰεση·

2209 3364 2333 3428 σαὶ,
2381 3361 2567 3430 ἄνδρα
2611 3360 2762 3415 κατὰ
2807 3360 2922 3429 τὴν
2966 3359 3220 3429 καρδίαν
3256 3377 3394 3430 μου,
3438 3359 3506 3426 ὃς
3538 3359 3787 3427 ποιήσει

2210 3453 2402 3508 πάντα
2441 3453 2514 3508 τὰ
2555 3451 2856 3523 θελήματά
2881 3469 3022 3522 μου,
3075 3453 3144 3506 τά
3188 3452 3359 3514 οὕτως
3388 3454 3785 3526 ἡρμηνευμένα

2212 3548 2491 3618 θελήματα
2534 3547 2687 3600 Θεοῦ.
2738 3547 3050 3617 Θαυμαστοῖ
3091 3545 3149 3599 δὲ
3193 3545 3325 3608 Θεὸς
3355 3548 3413 3599 ὲν
3449 3549 3560 3610 τοῖς
3602 3548 3786 3616 ἁγίοις

2212 3639 2398 3702 αὑτοῦ,
2438 3639 2598 3692 πλέον
2646 3656 2699 3692 τι
2736 3639 2963 3709 ἐχόντων
2993 3639 3102 3691 τῶν
3140 3639 3279 3692 κατὰ
3302 3639 3434 3693 Θεὸν
3467 3641 3645 3709 σοφῶν
3671 3642 3790 3695 τῶν

2214 3729 2386 3789 ἄλλων
2437 3728 2733 3802 ἀνθρώπων
2772 3732 2829 3782 ὲν
2860 3728 2936 3799 τῷ
2987 3729 3127 3784 κατὰ
3173 3731 3372 3802 ἀρετὴν
3407 3733 3669 3802 ἐνεργεῖν.
3707 3733 3788 3787 Οὐ

2213 3821 2322 3892 γὰρ
2373 3821 2590 3894 ἀνδρεία
2640 3823 2672 3892 ἡ
2713 3821 2850 3892 αὑτὴ
2881 3820 2988 3874 τῶν
3025 3820 3316 3893 μαρτύρων
3366 3823 3466 3892 τῆς
3505 3822 3788 3894 ἀληθείας,

2217 3913 2508 3985 προφητῶν
2540 3930 2600 3966 τε
2632 3916 2722 3967 καὶ
2751 3914 3080 3977 ἀποστόλων,
3111 3917 3177 3986 τῇ
3208 3915 3312 3968 τῶν
3339 3915 3512 3979 ἄλλως
3535 3915 3789 3989 ἀνδριζο-

2219 4007 2432 4078 μένων;
2463 4006 2576 4060 ἀλλ’
2610 4005 2754 4070 οὐδὲ,
2798 4009 2831 4077 ἡ
2876 3995 3196 4079 σωφροσύνη
3231 4006 3339 4060 τῶν
3371 4007 3678 4078 τηρούντων
3719 4011 3792 4079 ἣν

2217 4100 2372 4170 ἔσχεν
2423 4098 2618 4169 Ἰωσὴφ
2664 4098 2760 4152 καὶ
2801 4099 3093 4161 Σουσάννα,
3136 4101 3201 4170 τῇ
3233 4098 3338 4152 τῶν
3371 4099 3544 4154 ἄλλων
3575 4117 3793 4171 σωφροο

2219 4189 2373 4262 σύνῃ.
2405 4188 2559 4242 Οῦτω
2585 4187 2641 4242 δὲ
2672 4189 2764 4242 καὶ
2797 4188 2887 4240 ἐπὶ
2920 4188 3025 4240 τῶν
3063 4188 3263 4242 λοιπῶν
3305 4188 3534 4263 ἀρετῶν,
3573 4189 3790 4260 θαυμα-

2220 4279 2468 4343 στοῦντος
2493 4279 2627 4333 Θεοῦ
2655 4281 2752 4343 τὰς
2783 4280 2891 4332 τῶν
2919 4280 3086 4348 ἁγίων
3120 4279 3317 4351 ἀρετὰς
3343 4281 3416 4344 ὡς
3445 4280 3792 4351 ἁσυγκρίτως

2222 4371 2506 4443 ὑπερέχειν
2546 4372 2739 4436 αὐτοὺς
2785 4372 2890 4425 τῶν
2937 4372 3076 4426 κατὰ
3119 4372 3438 4445 ἀνθρώπους
3483 4373 3793 4443 γενομένων

2223 4463 2546 4518 σπουδαίων.
2605 4463 2760 4517 Οὕτω
2813 4465 3129 4537 Θαυμασίων
3172 4467 3280 4520 τῶν
3329 4465 3646 4538 θελημάτων
3693 4466 3789 4520 τοῦ

546 4563 733 4612 neant.
762 4556 902 4611 Cum
935 4555 1101 4625 igitur
1133 4553 1276 4608 adeo
1300 4555 1579 4610 mirabiles
1623 4555 1733 4610 sint
1767 4554 1862 4612 Dei
1906 4556 1964 4610 in
1992 4571 2105 4612 san-

2219 4555 2354 4610 Θεοῦ
2385 4557 2443 4608 ὲν
2473 4558 2584 4619 τοῖς
2616 4557 2790 4624 ἁγίοις
2827 4557 3016 4622 ὄντων,
3057 4557 3414 4627 πληθύνονται
3449 4560 3648 4623 αὐτῶν,
3681 4560 3793 4614 τῶν

549 4649 654 4703 etis
680 4647 798 4704 suis
821 4647 1153 4711 voluntates,
1197 4647 1628 4717 multiplicantur
1671 4655 1985 4703 sanctorum
2026 4651 2114 4704 ill-1

550 4739 863 4801 ﬁrmitates,
893 4752 1017 4791 cum
1064 4737 1285 4791 videant
1329 4753 1389 4793 se
1414 4737 1612 4793 divinae
1646 4739 1836 4794 virtuti
1884 4755 1948 4794 ac
1996 4756 2115 4794 ma-

547 4829 824 4904 gnitudini
865 4829 1096 4883 multum
1139 4829 1378 4900 impares
1429 4845 1569 4885 esse.
1619 4831 1872 4884 Attamen
1901 4830 2119 4885 etiamsi

552 4935 866 4980 memoratae
892 4938 1081 4979 eorum
1125 4921 1472 4977 inﬁrmitates
1514 4922 1965 4993 multiplicentur,
2007 4939 2119 4977 non

555 5017 762 5073 haerent
804 5017 928 5082 diu,
960 5032 1136 5087 neque
1168 5025 1390 5071 manent
1424 5017 1478 5071 in
1514 5017 1672 5087 ipsis,
1705 5018 1799 5072 sed
1835 5016 2121 5073 confestim

556 5107 876 5165 abscedunt.
939 5105 1074 5160 Nam
1133 5106 1350 5160 vixdum
1411 5122 1506 5162 eas
1575 5106 1938 5169 adverterint,
1996 5121 2120 5162 cum

558 5199 819 5253 continuo
873 5207 1204 5253 evanescant
1249 5213 1261 5248 :
1306 5197 1436 5266 quia
1493 5198 1722 5250 multum
1784 5195 1862 5248 illi
1915 5197 2120 5264 valent,

558 5287 780 5343 Christo
807 5288 942 5357 ipsis
974 5287 1118 5342 vires
1151 5294 1466 5357 pnestante,
1504 5285 1807 5342 secundum
1837 5285 1971 5347 illud
2006 5306 2018 5341 :
2054 5287 2123 5344 In

563 5379 670 5438 Deo
701 5380 954 5450 faciemus
980 5379 1222 5434 uirtutem
1245 5381 1314 5432 ³³.

631 5473 884 5529 Arbitror
919 5473 1050 5527 item
1084 5472 1170 5529 his
1199 5469 1491 5544 significari
1519 5470 1759 5542 priorem
1794 5471 1942 5527 illam
1975 5477 2121 5525 vete-

560 5581 680 5625 rem
735 5566 1142 5622 idololatrarum
1197 5565 1589 5630 conditionem,
1649 5579 1757 5635 qua
1808 5578 1932 5620 cum
1975 5561 2121 5618 athei

2219 4647 2389 4715 ἁγίων
2412 4646 2574 4715 λέγω,
2607 4649 2664 4700 αἱ
2692 4646 2987 4712 ἀσθένειαι,
3009 4647 3256 4719 ὁρώντων
3297 4650 3373 4713 ὡς
3420 4649 3550 4704 πολὺ
3573 4651 3793 4707 ἀπολείο

2224 4755 2415 4792 πονται
2457 4738 2556 4808 τῆς
2598 4738 2732 4792 Θεοῦ
2770 4739 2950 4810 ἰσχύος
3003 4741 3096 4794 καὶ
3141 4740 3235 4794 τοῦ
3291 4742 3552 4813 μεγέθους
3601 4745 3788 4804 αὐτοῦ.

2226 4833 2438 4904 Ὅμως,
2481 4835 2529 4886 εἰ
2569 4833 2661 4886 καὶ
2707 4832 3064 4903 πληθύνονται
3109 4834 3164 4888 αἱ
3197 4834 3573 4905 προλεχθεῖσαι
3611 4836 3793 4895 αὐτῶν

2224 4925 2518 4991 ἀσθένειαι,
2547 4927 2646 4979 οὐκ
2679 4927 3122 4999 ὲμὸραδύνουσιν,
3165 4929 3224 4982 ού
3255 4929 3660 5000 παραμένουσιν
3692 4929 3795 4984 αὑ·

2225 5020 2356 5082 τοῖς,
2386 5019 2723 5090 παραχρῆμα
2743 5019 3130 5091 ἀπερχόμεναι.
3163 5020 3340 5091 Μέχρι
3365 5020 3470 5093 γὰρ
3494 5021 3589 5074 τοῦ
3615 5021 3796 5094 ἐννοῆ-

2229 5127 2318 5163 σαι
2347 5111 2532 5175 αὑτὰς,
2561 5111 2714 5182 ἔσχον
2747 5113 2913 5176 αύτάς
2941 5112 3272 5183 ταχυνούσας
3303 5115 3360 5166 ὲν
3389 5113 3466 5178 τῷ
3497 5112 3684 5184 μηκέτ’
3710 5107 3791 5165 εἷ·-

2226 5225 2333 5262 ναι·
2361 5206 2447 5259 διὰ
2477 5203 2537 5258 τὸ
2573 5206 2774 5277 ἰσχύειν
2808 5207 2865 5259 ὲν
2893 5205 2972 5276 τῷ
3003 5205 3424 5275 ὲνδυναμοῦσθαι
3452 5206 3648 5269 αὐτοὺς
3684 5206 3794 5260 ὑπὸ

2227 5296 2462 5372 Χριστοῦ
2481 5296 2556 5370 (l)
2575 5295 2823 5369 πρώτων,
2846 5295 2915 5348 ἐν
2930 5293 3006 5360 τῷ
3027 5293 3147 5359 Θεῷ
3171 5296 3789 5366 ποιήσομεν-δύναμιν.

2298 5467 2463 5542 Οἶμαι
2495 5471 2552 5524 δὲ
2583 5471 2670 5534 διὰ
2697 5469 2899 5524 τούτων
2937 5470 3223 5541 δηλοῦσθαι
3265 5471 3372 5527 τῶν
3401 5472 3653 5530 ἁπάντων
3682 5470 3799 5534 τῶν

2226 5563 2392 5617 πάλαι
2418 5561 2815 5635 εἰδωλολατρῶν
2844 5562 2942 5635 τὴν
2971 5563 3239 5636 προτέραν
3261 5565 3610 5620 κατάστασιν·
3642 5565 3702 5617 ἐν
3733 5557 3795 5650 ᾗ,

633 5678 680 5710 ⁸⁸
717 5674 1072 5741 Matura“,
1107 5675 1196 5730 59.
1270 5676 1315 5708 ³⁸
1353 5674 1510 5738 Joan.
1544 5691 1650 5743 xx,
1692 5675 1776 5731 17.
1856 5675 1900 5708 ³⁸
1939 5673 1958 5729 1
1995 5672 2120 5734 Cor.
2157 5690 2264 5745 xu,
2297 5675 2386 5730 27.
2465 5674 2708 5749 "lBeg.
2747 5691 2866 5744 xui,
2905 5677 3014 5745 ﬂ;
3054 5677 3175 5733 Act.
3240 5693 3360 5743 xm,
3390 5678 3480 5734 22.
3559 5678 3602 5710 ⁸⁸
3643 5676 3794 5742 Psal.

566 5763 654 5810 ιιι
674 5788 688 5808 .
728 5749 810 5802 14.

640 5819 711 5884 (1)
755 5817 934 5873 Lectio
960 5815 1172 5876 vitiata.
