3994 6448
315 403 424 464 εστ

1475 413 1980 470 ΕΟΜΜΕΝΤΑΒΙΑ
2017 414 2085 471 IN
2125 415 2466 475 PSALMOS.

3489 427 3592 482 {58

305 524 462 583 abeo:
498 524 654 592 ὄντες
697 531 788 583 καὶ
815 530 1218 603 εἰδωλολάτραι,
1247 532 1358 617 ρὺκ
1398 531 1495 584 ἐπὶ
1532 531 1660 602 μίαν
1688 531 1886 597 ἐξώκει-

2011 534 2392 606 idolorumque
2427 535 2670 590 cultores
2707 546 2926 601 essent,
2970 553 3080 592 non
3120 539 3176 594 in
3208 554 3376 594 unum
3423 555 3596 613 tmpe-

307 616 412 672 λαν
441 621 676 692 πλάνην.
709 623 918 693 Πλῆθος
939 625 1046 695 γὰρ
1074 620 1142 695 ἦν
1165 616 1344 677 αὐτῶν
1368 624 1466 696 τῆς
1489 624 1780 688 πολυθεῖας
1808 623 1903 677 καὶ

305 711 766 786 εἰδωλολατρείας
798 718 893 770 καὶ
925 715 1227 780 ἀσθενείας.
1258 715 1395 768 Ἀλλ’
1419 715 1604 786 ἐπειδὴ
1636 714 1694 782 ἐξ
1722 715 1902 768 αὐτῶν

307 803 541 857 ἐκείνων
577 805 967 875 μεταϐαλόντες
995 806 1082 860 διὰ
1113 807 1210 878 τῆς
1245 807 1513 878 σωτηρίου
1553 806 1773 878 χάριτος
1808 822 1902 874 γε-

307 895 536 961 γόνασιν
585 897 731 966 ἅγιοι
775 897 869 950 τοῦ
914 898 1070 962 Θεοῦ,
1121 899 1208 952 διὰ
1249 899 1406 952 τοῦτο
1447 899 1713 953 λέλεκται·
1769 898 1900 964 Τοῖς

305 986 506 1055 ἁγίοις
542 989 668 1053 τοῖς
697 989 768 1040 ὲν
805 988 877 1056 τῇ
913 989 988 1058 τῇ
1025 991 1208 1044 αὑτοῦ
1241 991 1670 1060 ἐθαυμὰστωσε
1701 989 1899 1043 πάντα

305 1077 382 1130 τὰ
409 1078 718 1149 θελήματά
743 1098 864 1149 μου
895 1082 964 1134 ἐν
994 1082 1216 1149 αὐτοῖς·
1250 1084 1342 1136 καὶ
1366 1084 1488 1136 ἐπεὶ
1521 1086 1788 1154 συνῆπται
1811 1083 1891 1135 τό·

320 1172 772 1243 Ἐπληθὺνθησαν
797 1175 987 1229 εἴδωλα
1016 1177 1194 1230 αὐτῶν
1219 1175 1318 1248 (1),
1354 1177 1388 1247 ἢ
1417 1176 1486 1229 τὰ
1517 1175 1896 1246 διαπονήματα

304 1265 515 1330 αὐτῶν,
545 1266 580 1336 ἢ
601 1265 873 1321 ἀσθένειαι
901 1268 1100 1321 αὐτῶν.
1127 1268 1311 1321 Ταῦτα
1343 1269 1451 1339 γάρ
1475 1269 1651 1321 πάντα
1683 1267 1894 1337 προσῆν

301 1361 422 1420 τοῖς
453 1358 680 1430 ὕστερον
709 1361 880 1428 ἁγίοις
913 1360 1018 1432 πρὸ
1039 1364 1140 1431 τῆς
1170 1363 1278 1414 ἀπὺ
1299 1361 1405 1414 τῶν
1431 1361 1688 1431 χειρόνων
1714 1362 1807 1412 ἐπὶ
1827 1359 1895 1412 τὰ

308 1452 552 1523 κρείττω
594 1452 914 1523 μεταϐολῆς.
973 1454 1130 1507 Ἀλλά
1162 1455 1312 1524 μετὰ
1350 1454 1536 1508 ταῦτα
1566 1453 1890 1523 ἐτάχυναν,

305 1544 412 1595 οὐκ
439 1543 833 1622 ἀμελήσαντες,
866 1545 986 1598 οὐδὲ
1014 1546 1391 1617 βραδυναπιτες,
1421 1545 1557 1599 ἀλλὰ
1583 1545 1670 1599 διὰ
1695 1546 1892 1616 τάχους

301 1637 406 1707 τὴν
462 1637 750 1706 μετάνοιαν
799 1637 1160 1708 ὲνδειξάμενοι
1213 1638 1353 1709 μετά
1402 1638 1501 1708 τὴν
1557 1641 1637 1701 είς
1693 1638 1892 1700 αὐτοὺς

298 1730 612 1800 γενομένην
655 1730 834 1801 χάριν,
873 1730 939 1783 δι’
989 1727 1058 1802 ἦς
1110 1729 1509 1801 ἐθαυμαστώθη
1569 1731 1747 1784 πάντα
1794 1728 1889 1782 τοῦ

299 1823 564 1896 ἃυτῆρος
612 1823 888 1895 θελήματα
942 1824 1001 1876 ὲν
1056 1825 1261 1886 αὐτοῖς.
1321 1823 1484 1876 Ὅθεν
1541 1822 1888 1895 συγχώρησιν

299 1893 594 1987 προτέρων
625 1893 1037 1987 ἁμαρτημάτων
1065 1915 1240 1979 διδους
1263 1916 1447 1978 αὐτοῖς
1473 1932 1657 1986 φησιν·
1694 1893 1886 1985 (λὺ-μή
1918 1893 1960 1948 Β

295 2009 630 2079 aur-ardre;
658 2010 765 2076 τὰς
793 2010 1146 2080 συναγωγὰς
1188 2006 1388 2063 αὐτῶν
1426 2009 1497 2074 ἐξ
1541 2008 1820 2078 αἱμάτων·
1855 2008 1889 2078 ἢ

295 2101 446 2154 κατά
478 2102 575 2155 τὸν
620 2102 867 2156 ’Δκύλαψ
905 2105 986 2156 Οὐ
1014 2101 1101 2171 μὴ
1138 2103 1372 2156 σπείσω
1398 2103 1670 2167 σπονδὰς
1692 2100 1892 2155 αὐτῶν

291 2193 366 2258 ἐξ
405 2193 693 2263 αἱμάτων.
725 2194 898 2248 Πάλαι
935 2195 1033 2266 μὲν
1059 2193 1189 2265 γὰρ,
1223 2195 1378 2264 φησὶ,
1411 2193 1645 2256 σπονδὰς
1672 2193 1890 2246 ἐποίουν

292 2286 354 2353 ἐξ
389 2287 665 2358 αἱμάτων,
705 2287 948 2340 Ἰουδαῖοι
977 2287 1076 2358 μὲν
1108 2286 1249 2340 κατά
1277 2287 1438 2358 νόμον
1457 2285 1537 2357 τῷ
1556 2284 1675 2356 Θεῷ
1700 2285 1890 2349 θυσίας

291 2381 729 2453 προσφέροντες,
782 2381 1041 2451 Ἕλληνες
1081 2381 1160 2443 δὲ,
1199 2381 1288 2434 ὅτε
1329 2383 1442 2443 τοῖς
1473 2379 1722 2449 δαίμοσιν
1768 2379 1891 2432 ὲλάο

289 2490 514 2543 τρευον.
558 2471 699 2540 Ἐγὼ
721 2473 778 2525 δὲ
808 2470 1002 2534 καινάς
1024 2472 1206 2534 αὐτοῖς
1229 2470 1419 2534 θυσίας
1445 2471 1740 2543 παραδοὺς,
1765 2471 1890 2523 οὑκ-

290 2563 373 2615 ἑτι
399 2563 628 2636 δέξομαι
657 2563 890 2626 σπονδὰς
914 2563 1094 2616 αὐτῶν
1130 2563 1186 2629 ἐξ
1221 2562 1500 2633 αἱμάτων·
1539 2562 1661 2614 οὐδὲ
1685 2560 1891 2624 ταύτας

290 2657 508 2709 σπεὶσω
541 2658 637 2710 ἆτε
666 2657 956 2727 ἀρχιερεὺς
995 2656 1059 2709 ὲκ
1097 2655 1207 2708 τῶν
1247 2654 1446 2725 χειρῶν
1477 2652 1657 2707 αὐτῶν
1689 2653 1886 2708 ἀποδε-

289 2747 530 2819 ξάμενος
560 2750 655 2802 sui
687 2749 948 2802 σπένδων·
983 2748 1146 2801 καινά
1185 2747 1240 2800 δὲ
1289 2748 1564 2820 μυστήρια
1611 2747 1888 2817 παραδοὺς

286 2843 482 2904 αὐτοῖς
505 2843 603 2894 καὶ
626 2841 816 2904 καινάς
839 2841 1030 2904 θυσίας
1055 2840 1153 2903 τὰς
1179 2840 1441 2910 ἀναίμους
1466 2840 1560 2893 καὶ
1582 2838 1883 2902 άκάπνους,

285 2934 388 2988 καὶ
432 2934 683 3003 λογικὰς,
729 2934 953 2998 ταύταις
996 2933 1230 3006 χρῆσθαι
1277 2932 1472 2997 διδάξω
1517 2930 1733 2994 αὐτούς·
1769 2930 1885 2986 ἀλλ’

281 3025 412 3096 ουδὲ
444 3025 809 3096 μνημονεύσω
841 3025 928 3078 διὰ
959 3025 1068 3078 τῶν
1104 3024 1327 3094 χειλέων
1370 3042 1470 3094 μου
1503 3023 1611 3078 τῶν
1637 3022 1884 3080 παλαιῶν

280 3115 474 3187 αῇτῶν
505 3115 809 3186 ὀνομάτων.
849 3115 1021 3169 Πάλαι
1069 3117 1166 3186 μὲν
1205 3115 1314 3186 γὰρ
1343 3113 1581 3182 ἐπαξίως
1607 3113 1715 3180 τῶν
1743 3113 1884 3186 πρά-

281 3206 429 3272 ξεων
455 3207 728 3277 ἐπήγοντο
762 3207 1132 3278 προσηγορίας
1162 3207 1211 3258 οἱ
1240 3207 1348 3259 ἀπὸ
1368 3206 1476 3260 τῶν
1497 3205 1688 3266 ἐθνῶν,
1717 3205 1882 3278 βέϐη-

277 3299 367 3352 λοι
393 3300 498 3354 καὶ
519 3298 845 3371 ἀκάθαρτοι,
875 3300 969 3352 καὶ
994 3297 1398 3370 εἰδωλολάτραι,
1429 3297 1682 3352 πολύθεοί
1707 3316 1765 3352 τε
1793 3299 1886 3354 καὶ

278 3391 444 3446 ἄθεοι
476 3392 891 3463 ὀνομαζόμενοι·
923 3392 1020 3444 νῦν
1051 3391 1109 3444 δὲ
1141 3390 1366 3444 ἐκείνων
1396 3390 1496 3461 μὲν
1522 3391 1704 3444 οὐκέτι
1749 3409 1886 3463 μνη·-

283 3487 572 3557 σθήσομαι
594 3486 702 3542 τῶν
727 3487 1028 3556 ὀνομάτων,
1051 3484 1214 3555 ἕτερα
1235 3484 1292 3537 δὲ
1315 3485 1498 3548 αὐτοῖς
1519 3484 1636 3538 ἀντ’
1660 3485 1886 3538 ἐκείνων

285 3580 635 3651 δωρήσομαι·
654 3578 894 3641 εὐσεϐεῖς
916 3579 1114 3642 αὐτοὺς
1137 3579 1230 3632 καὶ
1245 3577 1536 3642 θεοσεὸεἰς,
1560 3578 1654 3631 καὶ
1671 3577 1884 3645 ἁγίους,

282 3672 533 3745 κλητούς
569 3690 630 3726 τε
662 3673 756 3727 καὶ
797 3671 1122 3738 ἐκλεκτοὺς,
1162 3673 1257 3724 καὶ
1285 3672 1645 3742 Χριστιανοὺς
1684 3670 1883 3741 ὀνομά-

283 3767 428 3830 ζων.

353 3859 586 3926 Κύριος
609 3857 779 3928 μερὶς
799 3857 908 3926 τῆς
929 3856 1334 3926 κληρονομίας
1352 3873 1472 3925 μου
1498 3856 1595 3910 καί
1629 3855 1736 3910 τοῦ
1773 3872 1884 3913 ποτ

283 3951 504 4021 τηρίου
523 3967 666 4019 μου,
719 3949 801 4004 σὺ
837 3947 897 4004 εἴ
925 3953 957 4003 ό
997 3947 1417 4004 ἀποκαθιστῶν
1449 3947 1562 4015 τὴν
1599 3951 1885 4016 umorve

280 4043 434 4114 μίαν
451 4059 578 4112 μου
610 4041 762 4111 ἐμοί.
809 4040 1244 4111 Ἀναμνησθῆναι
1277 4040 1544 4110 προσήκει
1574 4039 1680 4092 τῶν
1720 4041 1778 4092 ὲν
1801 4039 1884 4110 τῷ

278 4135 534 4207 δευτέρῳ
554 4133 863 4206 εἰρημένων
881 4131 1100 4202 ψαλμῷ.
1125 4132 1234 4184 Καὶ
1252 4132 1362 4204 γὰρ
1387 4133 1502 4184 ἐκεῖ
1529 4130 1884 4203 ἀνθρωπίνως

281 4229 454 4283 πάλιν
503 4228 643 4299 πρὸς
686 4226 847 4280 αὑτὸν
893 4225 1079 4293 ἔλεγεν
1125 4226 1154 4277 ὁ
1199 4224 1408 4294 Πατήρ·
1457 4224 1712 4290 Αἵτησαι
1743 4222 1881 4291 παρ’

278 4321 457 4392 ἐμοῦ,
497 4319 601 4372 καὶ
633 4318 805 4372 δώσω
836 4333 936 4372 σοι
967 4318 1111 4384 ἔθνη
1147 4315 1263 4384 τὴν
1295 4317 1706 4385 κληρονομίαν
1740 4331 1879 4382 σου,

279 4413 381 4469 καὶ
405 4412 528 4481 τὴν
552 4409 930 4479 κατάσχεσίν
956 4426 1072 4464 σου
1108 4408 1180 4462 τὰ
1216 4407 1440 4476 πέρατα
1471 4407 1582 4476 τῆς
1613 4407 1744 4477 τῆς.
1772 4408 1883 4472 Καὶ

277 4511 338 4563 ὲν
361 4511 480 4570 τοῖς
507 4507 678 4576 ἱεροῖς
700 4503 1054 4572 Εὑαγγελίοις
1081 4501 1242 4566 αὐτὸς
1269 4502 1404 4574 πρὸς
1433 4499 1750 4554 τὸν⁶ὲαυτοῦ
1777 4499 1879 4572 ἔφη

2006 637 2202 698 gerant
2254 630 2463 684 erroris
2503 643 2698 699 genus.
2743 627 2926 684 inerat
2955 632 3160 702 quippe
3200 633 3336 704 ipsis
3362 632 3592 689 deorum

2003 716 2199 784 turba,
2253 718 2648 788 multiplexque
2698 719 3120 774 simulacrorum
3159 733 3215 777 et
3256 722 3594 783 inﬁrmitatis

2002 812 2238 882 species.
2274 812 2346 865 At
2377 812 2506 881 quia
2536 814 2764 867 salutari
2795 815 3190 870 interveniente
3230 817 3405 886 gratia
3449 819 3589 874 resio

1999 904 2299 974 piscentes,
2338 902 2516 958 sancti
2545 903 2640 958 Dei
2674 904 2852 960 eiiecti
2886 917 3035 970 sunt,
3065 907 3188 961 ideo
3219 909 3426 961 dictum
3469 919 3586 965 est:

2001 996 2214 1051 Sanctis
2254 997 2345 1065 qui
2384 1007 2508 1050 sunt
2559 999 2612 1050 in
2659 1007 2803 1051 terra
2854 998 3007 1067 ejus,
3051 1001 3359 1070 miri/ienuit
3412 1018 3589 1056 omnes

1999 1087 2295 1140 voluntates
2345 1103 2488 1141 meas
2535 1087 2588 1140 in
2643 1089 2758 1152 eis;
2821 1105 2887 1143 ac.
2936 1089 3138 1145 deinde
3188 1092 3437 1147 additum
3478 1103 3589 1163 est,

2001 1179 2368 1250 Multiplicata
2402 1188 2531 1235 sunt
2568 1180 2713 1234 idola
2752 1197 2965 1245 eorum,
2999 1183 3115 1239 sive
3152 1185 3369 1240 labores
3398 1201 3464 1240 ac
3502 1188 3591 1241 in-

1999 1272 2292 1326 ﬁrmitates
2331 1273 2603 1342 ipsorum.
2646 1271 2840 1328 lsthaac
2871 1274 3015 1328 enim
3058 1277 3266 1339 omnia,
3295 1286 3588 1348 antequam

1997 1378 2026 1415 a
2075 1363 2330 1431 pessimis
2385 1362 2493 1415 illis
2544 1364 2794 1418 moribus
2842 1364 2910 1418 ad
2955 1365 3214 1420 meliores
3261 1370 3588 1424 commutati

1995 1464 2205 1520 essent,
2255 1457 2325 1509 iis
2373 1457 2465 1526 qui
2513 1455 2864 1526 postmodum
2912 1459 3091 1512 sancti
3138 1471 3454 1526 emserunt,
3490 1463 3588 1517 ad-

1993 1554 2173 1600 erant.
2221 1544 2426 1600 Verum
2470 1558 2654 1616 postea
2696 1547 3154 1614 acceleraverunt,
3190 1566 3367 1620 neque
3411 1553 3589 1622 negli-

1993 1638 2178 1707 gentia
2232 1638 2317 1692 γει
2369 1638 2726 1693 cunctatione
2776 1639 2897 1702 usi,
2945 1656 3042 1710 per
3094 1641 3301 1695 illatam
3352 1645 3584 1712 gratiam

1993 1730 2178 1783 statim
2223 1729 2562 1801 pmnitentia:
2613 1747 2779 1799 opera
2833 1732 3164 1786 ediderunt:
3195 1748 3260 1788 ac
3297 1751 3394 1804 per
3435 1751 3587 1790 eam-

1990 1822 2115 1876 dem
2146 1823 2376 1892 gratiam
2401 1822 2681 1877 mirabiles
2707 1824 2867 1878 facta:
2898 1834 3028 1879 sunt
3058 1825 3361 1880 Salvator-is
3391 1828 3587 1883 volun-

1991 1921 2134 1969 tates
2175 1914 2233 1966 in
2269 1915 2426 1983 ipsis.
2463 1913 2832 1980 Quamobrem
2875 1933 3142 1972 concessa
3185 1917 3294 1973 illis
3321 1919 3586 1989 pristino-

1990 2021 2114 2060 rum
2141 2005 2413 2060 scelerum
2446 2008 2627 2072 venia,
2659 2010 2735 2062 ait
2764 2025 2778 2061 :
2814 2007 2940 2064 Non
2964 2010 3290 2082 congregabo
3316 2013 3586 2068 conventi-

1991 2098 2114 2151 cula
2158 2114 2341 2152 eorum
2385 2098 2451 2152 de
2494 2101 2879 2171 sanguinibus:
2932 2113 3027 2158 aut
3068 2105 3230 2174 juxta
3282 2105 3578 2176 Aquilam:

1993 2185 2118 2240 Non
2146 2185 2320 2240 libabo
2345 2186 2606 2241 libamina
2631 2205 2813 2242 eorum
2842 2190 2907 2244 de
2935 2194 3309 2262 sanguinibus.
3334 2194 3393 2249 in
3426 2211 3582 2251 more

1991 2277 2096 2332 fuit
2134 2278 2299 2344 olim,
2372 2281 2587 2350 inquit,
2643 2281 2904 2336 libamina
2947 2301 3015 2338 ex
3046 2287 3318 2355 sanguine
3357 2285 3578 2353 facere;

1990 2388 2116 2427 nam
2143 2388 2269 2426 cum
2294 2371 2469 2427 Judaei
2513 2373 2727 2430 hostias
2757 2373 2869 2429 Deo
2910 2377 3218 2432 secundum
3261 2379 3435 2449 legem
3478 2383 3584 2436 im-

1989 2465 2305 2531 molabant;
2345 2475 2458 2520 tum
2491 2464 2668 2520 Graeci
2707 2465 2852 2522 idem
2895 2471 3251 2537 praestabant,
3290 2486 3418 2526 cum
3469 2472 3582 2527 daa-

1989 2573 2185 2614 monas
2238 2559 2504 2614 colerent.
2551 2559 2620 2613 At
2667 2575 2770 2631 ego
2815 2571 3106 2632 postquam
3154 2579 3360 2620 norum
3419 2566 3582 2621 attuli

1992 2649 2391 2705 sacriﬁciorum
2423 2667 2623 2721 genus,
2655 2667 2765 2706 non
2804 2653 2946 2706 ultra
2981 2653 3269 2708 admittam
3300 2655 3580 2711 sacriﬁcia

1988 2756 2116 2795 cum
2158 2741 2428 2812 sanguine
2453 2741 2669 2809 oblata;
2715 2759 2912 2813 neque,
2961 2752 3148 2814 utpote
3186 2761 3440 2803 summus
3474 2746 3582 2802 Sa-

1987 2833 2218 2897 cerdos,
2268 2833 2457 2888 eadem
2503 2850 2570 2888 ex
2614 2850 2804 2889 eorum
2865 2831 3122 2893 manibus
3168 2839 3439 2909 accipiam
3507 2841 3576 2896 ad

1987 2924 2301 2987 libandum,
2340 2925 2435 2979 sed
2466 2927 2624 2987 novis
2662 2925 2882 2984 traditis
2912 2929 3213 2999 mysteriis,
3249 2931 3410 2985 novis
3442 2930 3577 2985 item

1988 3015 2279 3071 sacriﬁciis
2329 3017 2670 3080 incruentis,
2712 3016 2864 3072 fumo
2913 3035 2976 3073 ac
3024 3019 3218 3076 nidore
3261 3023 3581 3078 carentibus

1987 3116 2041 3164 et
2071 3109 2453 3164 rationalibus.
2491 3107 2596 3164 Sed
2632 3111 2700 3164 iis
2726 3118 2956 3166 utantur
2986 3113 3367 3179 commonebo,
3399 3131 3581 3186 neque

1989 3216 2085 3270 per
2119 3200 2261 3254 labia
2310 3217 2428 3255 mea
2454 3210 2640 3256 vetera
2694 3201 2912 3255 illorum
2960 3204 3186 3257 nomina
3233 3207 3576 3267 memorabo.

1989 3292 2131 3347 Olim
2175 3293 2446 3363 siquidem
2488 3294 2652 3365 digna
2704 3296 2874 3364 gestis
2923 3294 3040 3349 suis
3085 3297 3308 3350 nomina
3341 3299 3578 3368 gentiles

1989 3383 2278 3451 ferebant;
2350 3392 2514 3454 atque
2610 3384 2856 3455 profani,
2928 3385 3177 3458 impuri,
3248 3387 3576 3460 idololatria,

1987 3477 2215 3532 deorum
2243 3477 2542 3530 multorum
2567 3478 2813 3533 cultores
2839 3487 2892 3532 et
2921 3477 3072 3533 athei
3099 3479 3421 3537 audiebant.
3453 3480 3578 3539 Iam

1988 3584 2120 3623 vero
2163 3569 2478 3642 hujusmodi
2532 3569 2817 3623 nominum
2859 3586 3145 3642 nunquam
3197 3576 3575 3646 recordabor;

1987 3660 2223 3737 aliisque
2287 3660 2605 3715 substitutis
2664 3661 2985 3726 vocabulis,
3044 3663 3200 3733 pios,
3258 3666 3575 3737 religiosos,

1986 3761 2233 3815 sanctos,
2264 3759 2513 3815 vocatos,
2547 3753 2788 3817 electos,
2817 3752 3172 3811 Christianos
3208 3758 3574 3828 compellabo.

2058 3843 2228 3898 Vens.
2254 3844 2307 3898 5.
2345 3843 2607 3898 Dominus
2635 3860 2760 3913 pars
2794 3843 3128 3902 Iurreditatis
3159 3863 3287 3902 mete
3316 3859 3365 3902 et
3393 3851 3576 3905 caliois

1986 3939 2129 4002 mei,
2180 3949 2236 3990 tu
2284 3954 2338 3992 es
2393 3939 2484 4009 qui
2515 3939 2754 3992 restituis
2796 3939 3160 3994 Iurreditatem
3199 3958 3370 3994 meam
3422 3943 3572 3998 mihi.

1985 4031 2087 4086 Hic
2115 4035 2378 4087 memoria
2405 4033 2704 4102 repetenda
2735 4040 2866 4088 sunt
2894 4033 3122 4089 secundi
3157 4035 3352 4104 psalmi
3384 4038 3574 4091 verba.

1983 4125 2118 4179 Nam
2143 4126 2252 4180 illic
2283 4125 2522 4180 humano
2557 4128 2685 4180 item
2722 4141 2875 4181 more
2908 4127 2988 4181 sic
3008 4143 3131 4182 eum
3154 4127 3314 4183 Pater
3339 4128 3574 4186 affatur:

1990 4217 2215 4274 Postulo
2247 4236 2277 4271 a
2299 4235 2404 4282 me,
2429 4229 2477 4274 et
2508 4218 2646 4272 dabo
2679 4219 2775 4272 tibi
2801 4230 2979 4289 gentes
3010 4219 3375 4274 Ita’reditatem
3406 4231 3576 4290 tuam,

1983 4322 2031 4366 et
2056 4313 2441 4381 possessionem
2471 4322 2616 4365 tuam
2643 4313 2891 4366 terminos
2916 4322 3072 4366 terra:
3092 4313 3159 4366 ³³.
3189 4313 3369 4385 Atque
3401 4315 3457 4369 in
3485 4331 3580 4372 sa—

1984 4406 2095 4460 cris
2126 4404 2437 4475 Evangeliis
2479 4405 2560 4460 sic
2605 4404 2696 4458 ille
2722 4403 2940 4458 Patrem
2985 4404 3055 4460 de
3091 4407 3268 4462 sacris
3309 4408 3577 4478 apostolis

1987 4499 2325 4568 alloquitur:
2356 4498 2542 4564 Pater,
2601 4516 2730 4570 quos
2770 4501 2965 4555 dedisti
3003 4502 3132 4555 mihi
3186 4503 3264 4555 tui
3300 4513 3477 4568 erant,
3524 4513 3576 4558 et

278 4599 511 4670 Πατέρα
561 4597 696 4668 περὶ
749 4597 859 4648 τῶν
921 4594 1080 4666 ἱερῶν
1128 4594 1457 4648 ἀποστόλων·
1513 4592 1726 4660 Πάτερ,
1777 4592 1884 4658 οῦς

1991 4592 2118 4644 mihi
2149 4608 2238 4644 eos
2284 4591 2478 4646 dedisti
2509 4610 2528 4646 :
2558 4604 2606 4646 et
2657 4609 2807 4645 nemo
2857 4609 2923 4647 ea:
2964 4594 3030 4648 iis
3058 4597 3246 4663 periit,
3295 4597 3401 4650 nisi
3428 4595 3576 4666 ﬁlius

273 4696 326 4749 ἐκ
346 4692 517 4758 ωκάς
530 4709 638 4762 μοι
658 4690 757 4745 σοὶ
781 4686 965 4759 ἦσαν,
989 4687 1090 4742 καὶ
1105 4688 1233 4757 ἐμοὶ
1265 4687 1485 4754 αὐτοὺς
1504 4686 1762 4752 δέδωκας
1785 4686 1882 4738 καὶ

273 4784 490 4850 οὐδεὶς
531 4784 603 4847 ἐξ
637 4780 839 4835 αὐτῶν
866 4779 1138 4834 ἀπώλετο
1169 4782 1221 4832 ει
1243 4779 1329 4848 μὴ
1361 4781 1393 4832 ό
1425 4777 1555 4843 υίὸς
1598 4777 1708 4844 τῆς
1771 4777 1884 4830 ἀπο

272 4877 524 4942 ωλείας.
554 4873 698 4925 Ἀλλ’
725 4871 913 4943 ὥσπερ
937 4869 1169 4924 ἐνταῦθα
1197 4869 1551 4941 ἀνθρωπίνως
1579 4867 1883 4936 διαλέγεται

271 4966 470 5022 λαϐεῖν
491 4962 856 5037 παρακαλῶν,
889 4963 1063 5025 οὕτως
1085 4961 1310 5033 ἑτέρωθι
1338 4961 1605 5022 δείκνυσι,
1627 4960 1704 5022 ὡς
1724 4958 1884 5022 αὐτός

272 5064 396 5115 ἐστι
419 5060 536 5113 τῶν
562 5057 819 5112 ἁπάντων
839 5055 1125 5126 δεσπότης·
1161 5054 1237 5108 Τὰ
1262 5055 1525 5121 πρόϐατα
1545 5053 1654 5124 γὰρ
1675 5053 1749 5106 τὰ
1769 5051 1882 5121 ἐμὰ

271 5153 388 5222 τῆς
414 5149 632 5221 φωνῆς
662 5168 783 5221 μου
820 5150 1046 5204 ἀκούει·
1083 5146 1246 5216 κάγὼ
1278 5145 1547 5216 γινώσκω
1577 5145 1748 5210 αὐτὰ,
1781 5145 1881 5198 καὶ

269 5242 704 5300 ἀκολουθοῦσι
734 5259 855 5312 μοι·
889 5239 1054 5309 κὰγ-ὼ
1083 5237 1235 5306 ζωὴν
1265 5237 1504 5292 αἰώνιον
1539 5237 1745 5306 δίδωμι
1774 5239 1881 5292 αὐ-

271 5338 424 5405 τοῖς·
455 5338 555 5391 καὶ
578 5335 763 5389 πάλιν·
799 5333 912 5388 Kal
943 5333 1104 5386 ἄλλα
1144 5331 1212 5384 δὲ
1243 5332 1507 5398 πρόϐατα
1536 5327 1745 5398 ἕχω,·ἇ
1767 5331 1880 5384 οὐκ

271 5425 458 5479 ἔστιν
486 5424 561 5478 ὲκ
596 5421 709 5491 τῆς
733 5420 934 5487 αὐλῆς
959 5421 1197 5488 ταύτης·
1238 5419 1485 5474 κάκεῖνά
1511 5436 1588 5488 με
1618 5418 1713 5473 δεῖ
1732 5419 1879 5488 ἀγα-

271 5517 430 5586 γεῖν,
455 5515 560 5568 καί
585 5512 697 5581 τῆς
721 5512 930 5584 φωνῆς
935 5531 1057 5582 μου
1078 5512 1434 5576 ἀκούσουαι,
1451 5510 1548 5564 καί
1567 5509 1885 5581 γενήσεται

267 5609 386 5680 μία
434 5608 691 5677 ποίμνη,
731 5602 821 5672 εἷς
862 5603 1109 5674 ποιμήν.
1154 5605 1243 5657 Ἐν
1289 5602 1368 5673 τῷ
1417 5603 1646 5673 παρόντι
1697 5603 1881 5673 μέντοι

1987 4684 2299 4752 perditionis
2325 4684 2392 4737 ³⁵⁸.
2442 4683 2545 4738 Sed
2578 4683 3032 4754 quemadmodum
3078 4686 3168 4741 hic
3214 4687 3459 4742 humano
3495 4687 3579 4741 lo-

1986 4776 2179 4845 quitur
2222 4774 2407 4841 modo,
2459 4790 2659 4846 rogans
2713 4784 2774 4828 ut
2825 4777 3096 4848 accipiat;
3144 4779 3226 4833 sic
3277 4778 3405 4832 alibi
3454 4793 3578 4833 sese

1985 4869 2232 4921 omnium
2284 4867 2566 4923 dominum
2616 4868 2838 4926 exhibet
2863 4888 2876 4922 :
2905 4869 3064 4946 Nam,
3096 4887 3213 4924 oves
3243 4887 3372 4925 mea:
3401 4885 3575 4926 uocem

1985 4976 2158 5013 meam
2191 4959 2415 5020 audiunt
2457 4978 2476 5015 :
2518 4970 2568 5014 ct
2609 4977 2704 5029 ego
2737 4977 2992 5032 cognosco
3035 4979 3149 5028 cas,
3195 4975 3244 5018 et
3286 4977 3577 5035 sequuntur

1987 5070 2101 5119 me,
2139 5064 2190 5108 et
2233 5055 2396 5108 vitam
2444 5065 2698 5114 (eternam
2747 5056 2816 5110 do
2860 5058 2936 5112 eis
2959 5057 3034 5125 “;
3081 5073 3146 5113 ac
3204 5073 3470 5116 rursum:
3504 5061 3574 5116 Et

1988 5146 2130 5199 alias
2161 5161 2277 5199 ores
2310 5144 2475 5200 habeo
2506 5163 2624 5216 qua:
2658 5164 2762 5202 non
2805 5157 2928 5202 sunt
2957 5165 3022 5202 ex
3051 5148 3148 5203 hoc
3180 5151 3341 5206 ouili:
3363 5162 3414 5206 et
3448 5151 3573 5207 illas

1989 5246 2193 5308 oportet
2224 5254 2305 5291 me
2336 5237 2617 5307 adducere,
2643 5251 2694 5295 et
2728 5258 2902 5296 vocem
2932 5258 3102 5301 meam
3136 5242 3376 5310 audient,
3411 5254 3461 5297 et
3481 5244 3573 5312 ﬁet

1987 5347 2148 5385 unum
2185 5331 2359 5394 ovile,
2402 5341 2452 5386 et
2481 5349 2617 5387 unus
2650 5343 2835 5403 pastor
2860 5334 2926 5390 “.
2973 5335 3033 5390 In
3082 5337 3339 5405 prmsenti
3388 5337 3572 5406 itaque

1985 5424 2198 5495 psalmo
2232 5423 2470 5480 humane
2512 5426 2595 5481 sic
2639 5427 2882 5498 loquitur
2911 5446 2924 5481 :
2959 5426 3216 5482 Dominus
3244 5443 3372 5497 pars
3403 5428 3570 5481 luere-

1987 5515 2176 5569 ditatis
2231 5531 2360 5569 mete
2416 5528 2465 5570 et
2525 5517 2710 5572 colicis
2773 5519 2914 5588 mei;
2957 5518 3330 5573 hereditatem
3365 5532 3573 5573 vocans

1986 5620 2216 5676 regnum
2271 5606 2327 5659 in
2366 5615 2594 5677 gentes;
2638 5608 2865 5676 calicem
2892 5624 3045 5676 vero,
3071 5623 3236 5680 quam
3269 5623 3371 5680 pro
3409 5606 3572 5665 nobis

352 5705 402 5736 ³⁹
440 5701 597 5758 Psal.
636 5719 672 5758 ιι
697 5743 711 5765 ,
749 5702 805 5756 8.
883 5699 930 5730 “
965 5697 1124 5753 Joan.
1154 5714 1287 5762 xvn,
1315 5697 1465 5763 6,l2.
1540 5695 1767 5752 “Joan.
1802 5700 1886 5761 Li

1991 5703 2044 5760 .8.
2067 5696 2111 5727 δ’
2139 5696 2270 5752 ibid.
2305 5698 2394 5754 16.

351 5798 435 5866 ti)
486 5795 730 5851 Ειδωλα
780 5788 1002 5866 aindas.
1050 5791 1142 5866 Sic
1189 5790 1357 5866 gertit
1399 5789 1779 5866 Symmachus,
1813 5797 1875 5844 ut

277 5873 335 5943 ip
362 5859 590 5926 duobus
617 5863 904 5923 codicibus
933 5859 1118 5934 Regiis
1156 5861 1399 5917 eﬁertur.
1429 5859 1625 5932 Aquila
1659 5871 1872 5918 autem:

1979 5789 2458 5926 gmvﬂpaza
2498 5793 2702 5852 αὐτῶν.
2729 5793 3055 5852 Hebraicum
3079 5791 3361 5862 exemplar
3381 5792 3570 5862 habet,
