3994 6448
452 365 554 422 159

1145 372 1414 433 Ευειεθιι
1447 376 1920 438 (ΞΑΕΒΑΒΙΕΝΞΙΞ
1940 380 2087 440 OPP.
2130 378 2308 438 PARS
2339 371 2426 435 111.
2463 400 2540 424 κ-
2577 388 2985 450 ΕΧΕαΕΤιοΑ.

3584 400 3689 459 160

450 499 648 557 passus
676 495 762 543 est
789 498 1041 548 mortem.
1077 491 1167 549 Sic
1206 496 1353 550 enim
1407 497 1461 553 in
1505 498 1682 555 sacris
1704 497 1977 574 Evangelii

454 572 649 601 -N‘a..-
669 592 684 601 .
734 577 888 601 Dxa-..
954 583 989 601 τε
1020 599 1043 601 η
1149 584 1180 601 ιι
1202 587 1235 601 ιι
1353 594 1365 601 .
1425 597 1435 601 -
1944 599 1974 601 η

2109 506 2331 580 ψαλμῷ.
2363 501 2718 579 ἀνθρωπίνως
2749 512 2917 601 λέγει·
2955 515 3171 583 Κύριος
3198 516 3369 586 μερίς
3398 515 3511 587 τῆς
3538 521 3689 590 κλη-

449 572 685 632 eﬂ‘atur:
723 577 910 646 Pater,
942 583 989 637 si
1014 584 1264 653 possibile
1287 594 1387 653 est,
1417 597 1653 645 transeat
1680 609 1713 647 a
1751 610 1832 649 me
1862 572 2011 653 satis

447 665 550 723 iste
566 666 649 723 “t
679 683 745 725 ac
766 671 813 726 si
848 675 1093 743 apertius
1130 677 1333 734 diceret
1359 694 1371 730 :
1403 678 1661 739 Ecclesiae
1701 701 1861 752 mete,
1891 705 2013 759 quae

446 770 570 813 mea
613 757 921 827 bareditas,
987 779 1115 835 pars
1172 765 1433 826 Dominus
1493 778 1602 841 est;
1676 782 1836 846 atque
1895 757 2013 851 ipse

444 846 637 906 calicis
670 850 797 916 mei,
826 851 879 906 id
903 861 986 908 est
1016 856 1229 920 mortis,
1264 873 1391 927 pars
1417 859 1640 920 eﬂ‘ectus
1659 872 1765 922 est.

2114 602 2399 671 parole
2421 618 2541 671 μου
2557 605 2656 659 καὶ
2678 604 2785 661 τοῦ
2801 608 3105 676 ποτηρίου·
3130 609 3493 682 κληρονομίαν
3508 611 3687 667 καλῶν

2116 692 2214 764 τὴν
2240 694 2350 747 τῶν
2380 694 2551 750 ἐθνῶν
2579 696 2855 768 βασιλείαν
2873 716 2887 731 ’
2915 701 3170 773 ποτήριον
3195 701 3253 756 δὲ
3278 700 3339 757 ὃν
3364 702 3507 775 ὑπὲρ
3536 704 3686 776 ἡμῶν

2114 784 2374 861 ύπέμεινε
2409 786 2655 844 θάνατον.
2689 790 2845 846 Οὕτω
2878 793 2987 866 γὰρ
3031 795 3123 848 κα)⁵
3160 797 3349 861 ἐντοῖς
3377 797 3543 867 ἱεροῖς
3573 797 3690 854 ελε-

2118 891 2215 945 γεν
2243 878 2606 949 Εὑαγγελίοις·
2641 883 2853 954 Πάτερ,
2875 888 2927 940 εὶ
2946 886 3223 953 δυνατὸν,
3251 889 3592 959 παρελθέτω
3615 890 3687 947 τὸ

442 939 734 1058 surripias:
763 943 937 1058 τρῦτο
1136 949 1303 1017 ἐμοῦν
1339 951 1472 1006 ὡσεὶ
1503 956 1829 1030 σαφέστερον
1866 959 2039 1032 ἔλεγε·
2078 939 2187 1022 καὶ
2216 973 2318 1042 τῆς
2354 939 2494 1045 ἐμῆς
2538 939 3033 1053 ’ἐκκλησίας,
3252 939 3688 1058 ἧ-ᾜξᾷοξμία

446 1051 572 1150 μρυί
606 1036 764 1110 μερίς
788 1041 936 1097 ἐστιν
962 1041 992 1094 ό
1023 1041 1247 1114 Κύριος·
1278 1046 1307 1099 ὁ
1351 1047 1514 1113 αὐτὸς
1540 1049 1597 1104 δὲ
1624 1053 1719 1107 καὶ
1748 1054 1840 1110 τοῦ
1891 1060 2152 1134 ποτηρίου
2184 1036 2309 1135 μού,
2364 1036 2608 1123 τούτέστι
2643 1036 2739 1123 τού
2768 1036 3029 1140 oakqu
3052 1078 3209 1148 μερὶς

442 1127 625 1184 αὐτός.

516 1145 546 1181 τ
611 1171 625 1184 .

516 1127 605 1275 Τᾷιῗ
625 1238 680 1276 es
708 1223 799 1293 qui
826 1226 1063 1280 restituis
1089 1226 1448 1287 Ita'reditatem
1475 1248 1643 1289 meam
1671 1236 1817 1292 mihi.
1849 1238 1968 1295 Alia
1987 1279 2004 1306 ,

441 1310 660 1382 inquit,
706 1314 839 1370 mihi
888 1317 1018 1373 olim
1064 1316 1165 1373 fuit
1202 1320 1528 1388 hmreditas,
1586 1325 1789 1397 aliique
1824 1327 2005 1387 funes.

440 1399 573 1455 Nam
603 1403 813 1474 quando
843 1406 1108 1465 dividebat
1138 1410 1447 1469 Altissimus
1476 1425 1649 1487 gentes
1668 1457 1683 1479 ,
1724 1433 1848 1486 pars
1900 1419 2011 1475 Do-

440 1496 572 1550 mini
600 1494 651 1569 fa
665 1504 743 1551 :ta
768 1507 851 1553 est
873 1501 1100 1569 populus
1138 1503 1255 1573 ejus
1294 1504 1495 1571 Jacob.,
1539 1508 1806 1577 funiculus
1839 1512 2008 1569 luere-

436 1587 626 1643 ditatis
654 1589 769 1659 ejus
797 1589 845 1622 “
890 1590 1081 1649 Israel.
1124 1592 1196 1649 At
1234 1603 1367 1652 tunc
1407 1613 1572 1670 pars,
1621 1599 1912 1663 baereditas
1951 1610 2008 1659 et

441 1679 720 1738 funiculus
740 1722 755 1746 ,
784 1690 902 1739 erat
941 1685 1093 1755 prior
1118 1687 1208 1742 ille
1232 1690 1486 1758 populus.
1524 1690 1644 1757 Quo
1676 1694 1877 1764 populo
1902 1695 2006 1751 im-

440 1771 659 1840 pietatis
686 1787 853 1829 causa
882 1773 1092 1847 dejecto
1118 1792 1182 1832 ac
1212 1778 1458 1849 depulso,
1489 1782 1594 1835 alia
1611 1783 1745 1839 mihi
1772 1785 2005 1841 haeredi-

2185 1244 2270 1298 Σὺ
2310 1241 2372 1299 εἴ
2407 1249 2440 1301 ό
2485 1248 2907 1305 ἀποκαθιστῶν
2952 1252 3066 1319 τὴν
3113 1255 3521 1325 κληρονομίαν
3558 1276 3685 1330 μου

2078 1328 2082 1332 Α
2113 1334 2261 1405 ἐμοί.
2292 1337 2466 1392 Πάλαι
2500 1340 2599 1410 μὲν
2630 1340 2759 1412 γὰρ,
2791 1343 2975 1414 φησιν,
3005 1343 3138 1415 ἄλλη
3159 1362 3242 1409 τις
3258 1342 3326 1429 ἦν
3348 1328 3683 1423 κληρονομία

2119 1446 2241 1500 μου,
2272 1431 2365 1485 καὶ
2387 1430 2520 1486 ἄλλα
2544 1434 2900 1505 σχοινίσματά
2921 1452 3043 1507 μου.
3074 1438 3204 1492 Ὅτε
3228 1438 3337 1512 γὰρ
3362 1440 3683 1512 διεμέριζεν

2113 1525 2147 1576 ὀ
2167 1523 2188 1539 "
2199 1524 2458 1592 Υψιστος
2473 1524 2641 1594 ἔθνη,
2658 1525 2889 1600 ἐγενήθη
2907 1529 3078 1598 μερίς
3091 1532 3311 1598 Κυρίου
3326 1533 3471 1601 λαὸς
3489 1537 3680 1592 αὐτοῦ

2124 1610 2347 1674 Ἰακὼϐ,
2380 1614 2709 1685 σχοίνισμα
2749 1610 3154 1689 κληρονομίας
3193 1623 3380 1679 αὐτοῦ
3438 1626 3677 1700 Ἰσραήλ.

2122 1703 2280 1761 Ἀλλὰ
2305 1705 2425 1790 τότε
2452 1705 2551 1776 μὲν
2579 1708 2736 1779 μερὶς
2755 1707 2848 1772 καὶ
2870 1708 3224 1782 κληρονομία,
3240 1712 3334 1769 καὶ
3351 1714 3681 1790 σχοινισμαό

2108 1794 2369 1866 πρότερος
2390 1789 2457 1866 ἦν
2483 1794 2629 1859 λαός·
2656 1790 2716 1850 οὗ
2737 1796 3082 1861 διαπεσόντος
3096 1800 3190 1852 καὶ
3209 1800 3509 1874 ἀποϐλήτου
3525 1821 3675 1872 γενος

438 1868 560 1925 tas,
605 1863 697 1917 alii
740 1862 938 1930 funes,
985 1866 1107 1924 alite
1146 1877 1326 1925 sortes
1358 1872 1604 1940 priorum
1642 1873 1764 1929 loco
1793 1875 1983 1933 tradita

2109 1862 2381 1960 plvoovbtd
2406 1862 2505 1953 τὰς
2531 1888 2780 1954 ἀσεϐείας
2801 1890 3001 1956 αὐτῶν,
3031 1892 3195 1964 ἑτέρα
3229 1893 3386 1966 μερὶς
3403 1862 3511 1950 ’καὶ

438 1960 570 2009 sunt
606 1954 662 2008 in
688 1954 984 2024 prtectaris.
1027 1956 1240 2014 Etenim
1271 1960 1384 2016 haec
1416 1964 1657 2029 secunda
1690 1965 1976 2026 hereditas

3453 1940 3678 2046 ius-iw;

434 2043 648 2114 inquit,
677 2047 933 2115 praeclara
964 2048 1296 2121 probataque
1321 2053 1453 2109 mihi
1479 2063 1581 2111 est.

509 2133 675 2192 Vens.
709 2137 763 2193 8.
809 2137 1159 2199 Providebam
1189 2143 1473 2200 Dominum
1500 2147 1558 2202 in
1586 2159 1863 2219 conspectu
1892 2168 2003 2207 meo

433 2242 657 2297 semper,
684 2231 935 2299 quoniam
965 2249 999 2287 a
1025 2232 1228 2297 dextris
1259 2245 1339 2295 est
1366 2237 1526 2302 mihi,
1560 2255 1625 2294 ne
1653 2256 2000 2299 commoveor.

2105 2070 2366 2141 ἐδόθησαν
2398 2089 2487 2144 μοι
2510 2073 2580 2128 ἐν
2599 2074 2723 2142 τοῖς
2746 2077 3105 2146 κρατίστοις.
3140 2080 3289 2153 Αὕτη
3324 2082 3454 2153 γὰρ,
3488 2084 3675 2155 φησιν,

2105 2164 2138 2235 ἡ
2163 2162 2389 2236 δευτέρα
2415 2168 2680 2240 κρατίστη
2710 2169 2806 2223 καὶ
2829 2170 3141 2240 ἀρέσκουσά
3170 2172 3269 2243 μοίι
3288 2173 3456 2229 ἐστιν.

2170 2257 2539 2328 Προωρώμην
2568 2260 2679 2315 τὸν
2702 2263 2924 2331 Κύριον⁹
2953 2262 3208 2319 ἐνώπιόν
3228 2282 3349 2335 μου
3386 2264 3487 2321 διὰ
3518 2281 3675 2321 παν-

438 2315 535 2371 Vir
570 2329 795 2377 sanctus
840 2337 963 2377 cum
1006 2323 1295 2385 Dominum
1338 2329 1393 2383 in
1435 2331 1608 2387 oculis
1643 2334 1758 2389 suis
1788 2350 1983 2409 sempel

2101 2315 2234 2412 fde"
2262 2315 2351 2404 ὅτῖ
2383 2315 2454 2405 ἐκ
2480 2315 2704 2417 ’δεξιῶν
3228 2315 3338 2429 ’,ᾖ
3370 2315 3670 2416 σαλευθῶ.

433 2422 557 2463 esse
578 2423 765 2465 secum
795 2419 1039 2482 reputet,
1068 2431 1413 2487 nequaquam
1439 2420 1662 2476 ﬂuctuat
1687 2440 1702 2489 ;
1734 2422 1842 2479 imo
1871 2438 2000 2479 vero

431 2498 698 2558 Dominus
739 2519 771 2558 a
815 2504 1026 2562 dextris
1065 2506 1201 2578 justi
1248 2510 1352 2564 viri
1403 2511 1591 2567 ﬁrmus
1633 2515 1908 2573 consistit.
1956 2515 1998 2570 E

429 2606 700 2652 converso
729 2605 912 2653 autem
938 2598 1007 2656 de
1033 2598 1174 2658 Juda
1216 2603 1457 2661 dicitur:
1503 2604 1571 2660 Et
1614 2605 1858 2665 diabolus
1897 2617 1998 2677 stet

427 2703 464 2742 α
488 2686 691 2744 dextris
720 2690 834 2760 ejus
865 2691 935 2749 “.

871 2804 1129 2865 ORATIO
1163 2806 1375 2864 DAVID
1410 2809 1553 2866 XVI.

498 2930 671 2994 Vatis.
714 2938 765 2993 l.
810 2937 1058 3006 Exaudi,
1094 2940 1347 3004 Domine.
1372 2945 1646 3015 justitiam
1674 2965 1874 3013 meam,
1910 2952 1995 3009 iu-

423 3027 576 3085 tende
604 3029 1025 3100 deprecationem
1057 3051 1251 3090 meam.
1286 3036 1522 3093 Auribus
1554 3041 1758 3112 percipe
1789 3043 1993 3100 oratio-

424 3138 541 3177 nem
567 3139 739 3178 meam
758 3166 773 3189 ,
800 3140 903 3179 non
928 3126 983 3181 in
1015 3126 1171 3182 labiis
1198 3128 1418 3186 dolosis.
1449 3128 1707 3189 Oratione
1734 3149 1833 3189 sua
1858 3151 1991 3207 sup-

423 3213 622 3284 plicat,
651 3226 708 3271 nt
734 3214 876 3273 Deus
903 3218 1194 3285 exaudiat,
1225 3236 1335 3277 non
1364 3222 1580 3292 quidem
1622 3240 1844 3290 vocem,
1875 3243 1988 3283 non

2111 2439 2170 2493 '0
2207 2439 2382 2509 ἅγιος,
2422 2443 2508 2496 ἀεὶ
2551 2442 2893 2515 λογιζόμενος
2923 2447 2981 2501 ἐν
3006 2447 3301 2520 ὀφθαλμοῖς
3323 2450 3490 2506 αὑτοῦ
3530 2448 3671 2507 εῖναι

2096 2529 2189 2585 τὸν
2230 2532 2455 2606 Κύριον,
2498 2536 2561 2589 οὐ
2613 2537 2915 2593 σαλεύεται·
2961 2539 3095 2594 ἀλλὰ
3133 2540 3344 2613 βέϐαιος
3375 2543 3604 2615 ἕστηκεν
3637 2543 3670 2598 ὁ

2096 2624 2302 2697 Κύριος
2333 2628 2396 2681 ὲκ
2414 2626 2603 2695 δεξιῶν
2627 2629 2724 2684 τοῦ
2758 2630 2988 2686 δικαίου.
3015 2633 3149 2706 Περὶ
3173 2634 3231 2688 δὲ
3259 2635 3351 2689 τοῦ
3389 2635 3578 2703 Ἰούδα,
3612 2636 3667 2689 Ὁ

2095 2714 2374 2786 διάϐολος
2400 2720 2619 2788 στήτω,
2648 2724 2833 2795 φησὶν,
2855 2724 2927 2779 ἐκ
2950 2723 3163 2791 δεξιῶν
3185 2727 3393 2784 αὑτοῦ.

2436 2831 2809 2889 nrozsrxu
2847 2835 2934 2888 το
2970 2835 3169 2891 sum
3206 2838 3324 2907 ις’.

2158 2943 2562 3012 Είσιίκουσον,
2588 2950 2785 3017 Κύριε,
2815 2948 3206 3021 δικαιοσύνης
3227 2970 3366 3023 μου.
3399 2956 3663 3028 πρόσχες

2091 3031 2168 3102 τῇ
2208 3033 2414 3102 δεήσει
2448 3054 2588 3107 μου.
2648 3039 2951 3096 Ἐνώτισαι
2996 3041 3112 3111 τὴν
3153 3047 3503 3116 προσευχήν
3539 3068 3663 3121 μου

2091 3124 2204 3176 οὐκ
2235 3123 2306 3177 ἐν
2335 3125 2567 3192 χείλεσι
2609 3126 2853 3198 δολίοις.
2907 3130 3162 3185 ἰκετεύει
3188 3132 3275 3202 διὰ
3304 3138 3405 3209 τῆς
3433 3155 3663 3210 προσευ-

2090 3216 2191 3286 χῆς
2223 3215 2313 3269 τὸν
2345 3217 2478 3271 Θεὸν
2504 3219 2776 3293 ἀκροατὴν
2798 3222 3068 3291 γενέσθαι,
3099 3225 3159 3279 οὒ
3182 3229 3281 3299 τῆς
3308 3233 3509 3302 φωνῆς,
3539 3232 3660 3289 οὐδὲ

419 3306 586 3361 verba
607 3323 707 3364 sua
733 3348 748 3369 ,
776 3308 873 3364 sed
900 3310 1157 3367 virtutem
1183 3331 1197 3368 :
1225 3328 1290 3368 ac
1316 3314 1361 3368 si
1386 3315 1637 3371 videlicet
1649 3315 1862 3386 justitia
1886 3334 1983 3376 sua

2090 3304 2197 3360 τῶν
2230 3308 2495 3379 ῥημάτων
2517 3310 2702 3377 αὑτοῦ,
2727 3312 2841 3367 ἀλλ’
2870 3314 3039 3387 αὐτῆς
3062 3319 3162 3390 τῆς
3185 3298 3243 3373 ἐν
3266 3321 3412 3393 αὐτῷ
3435 3298 3665 3397 ἀρετῆς,¹

418 3411 489 3453 ex
535 3397 704 3467 gestis
747 3399 1010 3468 operibus
1049 3401 1324 3465 clamitet,
1353 3404 1676 3476 divinaeque
1703 3421 1864 3466 aures
1891 3410 1988 3467 de-

421 3488 678 3543 mulceat.
725 3486 913 3559 Neque
955 3491 1101 3547 enim
1144 3493 1451 3566 quispiam,
1482 3496 1855 3568 improborum
1882 3502 1986 3558 sibi

415 3578 673 3635 conscius
722 3578 1027 3637 facinorum
1049 3622 1065 3647 ,
1092 3585 1270 3639 ‘talem
1296 3584 1457 3643 facile
1482 3586 1749 3659 proferret
1773 3607 1982 3649 vocem.

415 3669 555 3728 Illud
601 3688 764 3744 porro
791 3692 805 3728 :
841 3672 1061 3730 Intende
1080 3672 1493 3746 deprecationem
1522 3696 1690 3734 meam
1709 3722 1724 3745 ,
1750 3682 1876 3753 jure
1899 3682 1986 3745 di-

414 3763 559 3819 xerit
582 3763 668 3819 vir
692 3764 781 3820 ille
806 3766 1069 3835 probatus
1094 3781 1159 3821 ac
1187 3767 1547 3835 exercitatus,
1572 3771 1663 3840 qui
1692 3770 1748 3826 in
1773 3773 1983 3831 orando

413 3854 609 3927 dignas
637 3852 748 3912 Deo
776 3856 976 3915 emittit
1005 3859 1471 3930 supplicationes.
1513 3865 1605 3933 qui
1654 3878 1763 3919 non
1812 3880 1982 3936 parva

411 3947 659 4020 quaedam
701 3948 938 4020 viliaque
978 3950 1254 4020 postulat,
1297 3967 1474 4023 neque
1516 3968 1617 4025 pro
1655 3956 1978 4014 mortalibus

411 4040 777 4112 humanisque
812 4041 976 4099 rebus
1010 4040 1178 4099 Deum
1207 4051 1481 4115 precatur.
1519 4045 1754 4117 ldipsum
1790 4047 1980 4104 Salva-

409 4137 496 4183 tor
522 4129 709 4184 docuit
733 4131 864 4187 talia
890 4131 1035 4188 fatus
1062 4152 1077 4188 :
1121 4125 1317 4199 Magna
1339 4131 1518 4197 petite,
1550 4141 1599 4186 et
1624 4149 1793 4203 parua
1831 4136 1978 4207 adji-

406 4219 613 4273 cientur
632 4217 775 4274 vobis
799 4220 864 4277 ⁸⁸.
891 4219 1078 4280 Tertio
1105 4229 1286 4276 autem
1316 4231 1590 4293 precatur,
1617 4234 1678 4279 ut
1704 4224 1821 4295 ipsa
1846 4241 1976 4281 ora-

404 4311 574 4366 tionis
617 4310 785 4366 verba
831 4313 1059 4369 auribus
1099 4314 1404 4385 percipiat,
1436 4323 1525 4380 et,
1557 4323 1619 4371 ut
1646 4316 1721 4371 ita
1751 4318 1930 4375 dicam
1955 4358 1971 4384 ,

404 4399 476 4456 de
518 4403 638 4474 ipsa
679 4418 816 4460 voce
854 4404 1103 4474 iudicet,
1144 4407 1290 4477 quod
1337 4421 1445 4463 non
1477 4407 1533 4463 in
1564 4408 1723 4464 labiis
1764 4409 1974 4466 dolosis

400 4493 617 4564 prolata
646 4494 741 4557 sit.
768 4493 1098 4566 Plerumque
1123 4497 1271 4555 enim
1299 4498 1558 4567 przeclara
1586 4500 1883 4570 loquimur,
1909 4517 1974 4559 ac

401 4581 587 4638 verbis
621 4583 825 4651 utimur
851 4599 915 4643 ex
950 4583 1234 4656 Scriptura
1261 4586 1445 4642 divina
1472 4587 1845 4662 depromptis;
1874 4591 1969 4647 sed

402 4689 513 4729 non
544 4677 792 4747 purgatis
821 4677 1004 4734 labiis.
1036 4678 1102 4733 Et
1130 4694 1260 4734 vero
1287 4689 1589 4736 occurrunt
1618 4697 1761 4753 saepe
1790 4681 1971 4739 homi-

402 4778 541 4828 nes,
590 4764 687 4835 qui
737 4764 1219 4825 iﬂdiscriminatim
1268 4768 1575 4833 conviciis,
1630 4771 1964 4836 calumniis,

400 4854 703 4912 mendaciis
721 4894 742 4923 ,
769 4854 1135 4913 fraudulentis
1163 4859 1345 4916 verbis
1366 4898 1383 4924 ,
1415 4861 1678 4932 perjuriis
1704 4903 1720 4930 ,
1747 4862 1968 4927 obscm-

399 4947 487 5003 nis
526 4947 726 5014 dictis,
768 4948 1001 5020 aliisque
1040 4951 1295 5017 absurdis
1335 4954 1567 5010 vocibus
1611 4956 1732 5019 usi,
1775 4954 1966 5012 confe-

400 5038 528 5093 stim
555 5046 767 5094 mutato
791 5055 1043 5107 sermone
1061 5082 1076 5105 ,
1118 5043 1374 5114 precibus
1420 5044 1586 5101 Deum
1613 5047 1962 5117 compellant.

400 5128 472 5183 At
511 5128 665 5185 solus
705 5131 792 5186 vir
827 5141 1089 5200 sanctus,
1116 5146 1167 5191 et
1208 5135 1450 5206 linguam
1488 5144 1544 5192 et
1586 5138 1726 5192 labia
1756 5152 1969 5193 vocem-

397 5234 505 5290 que
532 5220 707 5292 ipsam
736 5237 800 5279 ac
825 5225 991 5280 verba
1017 5226 1105 5283 vel
1136 5243 1236 5284 usu
1264 5228 1482 5285 tritiora
1508 5239 1770 5300 expurgat
1795 5247 1810 5297 ;
1839 5244 1966 5300 gna-

397 5332 495 5372 rus
525 5317 674 5374 illius
700 5318 830 5374 dicti
859 5339 873 5375 :
909 5320 984 5376 De
1012 5324 1157 5377 omni
1181 5324 1334 5383 verba
1361 5325 1530 5389 otioso
1561 5325 1818 5380 rationem
1849 5323 1964 5379 red-

395 5408 532 5465 detis
567 5410 626 5465 in
661 5410 749 5466 die
774 5411 969 5481 judicii
1011 5413 1076 5447 ⁸⁷·
1122 5412 1266 5473 Deus
1310 5416 1582 5487 siquidem
1621 5416 1956 5480 orationem,

399 5516 510 5557 non
536 5500 698 5559 labiis
721 5501 927 5559 dolosis
948 5545 963 5567 ,
998 5504 1095 5561 sed
1126 5514 1358 5578 purgata
1389 5508 1573 5579 lingua
1598 5548 1613 5572 ,
1647 5508 1959 5578 divinisque

398 5592 743 5651 sermonibus
785 5595 1112 5654 meditandis
1152 5607 1370 5654 assueta
1403 5599 1705 5670 prolatam,
1734 5603 1958 5659 auribus

398 5684 650 5755 percipit.
701 5684 1068 5752 Quamobrem
1124 5704 1249 5745 cum
1296 5690 1364 5746 de
1415 5691 1629 5761 justitia
1684 5694 1951 5764 loquitur,

2087 3394 2277 3470 ῶσπερ
2306 3398 2518 3472 βοώσης
2543 3400 2630 3457 διὰ
2658 3403 2768 3459 τῶν
2805 3406 3055 3479 πράξεων
3075 3412 3173 3483 τῆς
3200 3394 3541 3489 δικαιοσύνης
3565 3394 3666 3486 καὶ.

2084 3487 2440 3564 δυσωπούσης
2471 3494 2571 3566 τὴν
2602 3493 2751 3552 θείαν
2781 3498 2971 3572 ἀκοήν.
2997 3501 3110 3555 Οὐκ
3131 3501 3196 3571 ᾃν
3219 3504 3324 3578 γάρ
3345 3523 3448 3573 τις,
3481 3487 3661 3582 ἐαυτῷ

2086 3580 2267 3649 φαῦλα
2308 3582 2581 3651 συνειδὼς,
2614 3587 2813 3671 ῥαδίως
2841 3589 2909 3644 ἂν
2936 3591 3193 3665 τοιαύτην
3235 3598 3415 3669 ἀφῆκε
3450 3580 3657 3673 φωνήν.

2085 3672 2157 3726 Τὸ
2185 3673 2264 3740 δὲ,
2309 3678 2583 3747 Πρόσχες
2619 3666 2695 3750 τῆ
2734 3678 2940 3748 δεήσει
2960 3701 3101 3754 μου,
3135 3687 3277 3742 εῖποι
3305 3666 3371 3743 αν
3399 3666 3604 3758 ἐκεῖνος
3626 3696 3659 3749 6

2083 3763 2541 3839 βεϐασανισμένος
2579 3772 2671 3824 καὶ
2700 3774 3012 3846 πρεπούσας
3044 3776 3162 3850 Θεῷ
3195 3782 3251 3833 ἐν
3283 3783 3347 3853 τῇ
3380 3789 3659 3862 προσευχῇ

2080 3857 2420 3930 ἀναπέμπων
2457 3861 2689 3935 δεήσεις,
2731 3867 2759 3919 ό
2806 3868 2880 3939 μὴ
2918 3867 3012 3921 ἐπὶ
3048 3874 3266 3946 μικροῖς
3297 3874 3529 3941 καὶτοῖς

2079 3949 2265 4020 χοῦσιν
2307 3954 2593 4025 αἰτήμασι,
2639 3957 2760 4028 μηδ’
2800 3961 2893 4015 ἐπὶ
2925 3958 3137 4034 θνητοῖς
3170 3966 3262 4019 καὶ
3293 3966 3653 4041 ἀνθρωπίνοις

2081 4043 2413 4113 παρακαλῶν
2438 4046 2529 4100 τὸν
2557 4047 2707 4104 Θεόν.
2736 4050 2906 4105 Τοῦτο
2932 4051 3061 4121 γοῦν
3084 4057 3177 4109 καὶ
3200 4058 3228 4110 ό
3259 4058 3449 4131 Σωτὴρ
3478 4060 3651 4116 ἐδίδα-

2081 4151 2178 4187 σκε
2201 4132 2394 4203 λέγων’
2427 4135 2649 4192 Αἰτεῖτε
2673 4137 2746 4192 τὰ
2769 4138 3023 4210 μεγαλα.
3044 4141 3144 4199 καὶ
3169 4141 3243 4197 τὰ
3263 4146 3444 4214 μικρὰ
3463 4161 3649 4218 προσ-

2076 4224 2387 4293 τεθήσεται
2412 4226 2572 4298 ὐμῒν.
2598 4228 2708 4285 Καὶ
2732 4231 2913 4302 τρίτον
2932 4230 2990 4284 δὲ
3017 4233 3266 4298 ἱκετεύει,
3290 4238 3386 4292 καὶ
3409 4239 3550 4294 αὐτὰ
3576 4243 3649 4298 τὰ

2075 4317 2297 4388 ῥήματα
2333 4320 2433 4388 τῆς
2470 4324 2778 4392 προσευχῆς
2822 4322 3198 4386 ὲνωτίσασθαι,
3237 4324 3418 4395 κρῖναί
3457 4341 3538 4391 τε,
3569 4325 3646 4390 ὡς

2072 4410 2266 4475 εἰπεῖν,
2300 4410 2395 4462 καὶ
2427 4410 2595 4482 αὐτὴν
2621 4411 2720 4483 τὴν
2755 4411 2959 4484 φωνὴν,
2999 4412 3081 4467 ὃτι
3113 4413 3189 4485 μὴ
3229 4415 3286 4467 ὲν
3322 4413 3526 4486 χείλεσι
3559 4414 3647 4469 δο-

2071 4497 2206 4563 λίοις
2245 4498 2596 4573 προφέρεται.
2635 4501 2902 4566 Πολλάκις
2930 4502 3039 4576 γὰρ
3068 4505 3242 4575 σεμνὰ
3274 4503 3647 4578 φθεγγόμεθα,

2072 4590 2167 4643 καὶ
2192 4590 2372 4659 λόγοις
2400 4589 2661 4664 χρώμεθα
2692 4595 2801 4655 τοῖς
2830 4592 2936 4646 ἀπὸ
2964 4593 3072 4647 τῶν
3105 4593 3263 4649 θείων
3290 4595 3544 4667 Γραφῶν,
3579 4598 3643 4665 ού

1997 4663 2047 4723 D
2071 4681 2501 4755 κεκαθαρμένοις
2513 4687 2627 4748 τοῖς
2639 4683 2889 4755 χείλεσιν.
2917 4684 3054 4756 Ἤδη
3075 4685 3132 4753 δέ
3150 4704 3313 4752 τινες,
3335 4663 3643 4761 ἀδιαφόρως

2070 4773 2357 4847 λοιδορίαις
2400 4775 2542 4830 κατά
2580 4792 2740 4830 τινων
2789 4777 3145 4859 χρησάμενοι,
3193 4778 3225 4850 ἢ
3272 4778 3561 4845 διαϐολαῖς,
3602 4781 3639 4853 ἢ

2068 4862 2461 4933 ψευδολογίαις,
2494 4863 2527 4934 ἢ
2566 4864 2823 4929 ἀπάταις,
2864 4866 2897 4937 ἦ
2930 4867 3258 4939 ὲπιορκίαις,
3302 4868 3335 4940 ἢ
3376 4870 3639 4944 αἰσχρορ-

2069 4953 2421 5026 ρημοσύναις,
2455 4954 2488 5027 ἢ
2521 4955 2701 5021 ἄλλοις
2726 4957 2866 5012 τισὶν
2898 4957 3119 5022 ἀτόποις
3158 4963 3383 5027 φωναῖς,
3428 4961 3641 5035 ἀθρόως

2072 5045 2496 5116 μεταϐάλλοντες
2532 5047 2591 5099 ὲν
2621 5050 2690 5119 τῇ
2732 5051 3008 5121 προσευχῇ
3036 5049 3130 5106 τὸν
3157 5049 3289 5104 Θεὸν
3320 5052 3639 5108 ἐπικαλοῦν-

2068 5152 2179 5191 ται.
2215 5137 2390 5202 Μόνος
2414 5137 2473 5192 δὲ
2499 5140 2529 5192 ὀ
2557 5138 2711 5208 ἅγιος
2742 5141 2837 5192 καὶ
2866 5138 2966 5210 τὴν
2986 5139 3232 5208 γλῶτταν
3253 5142 3421 5198 αὐτοῦ
3446 5144 3541 5199 καὶ
3567 5144 3637 5210 τά

2069 5229 2244 5301 χείλη,
2263 5230 2357 5283 καὶ
2376 5230 2473 5301 τὴν
2493 5231 2675 5303 φωνὴν
2699 5231 2887 5303 αὐτὴν,
2915 5232 3097 5291 καὶτὰ
3119 5232 3274 5288 κοινὰ
3296 5236 3515 5306 ῥήματα
3536 5253 3635 5291 κα-

2066 5321 2270 5394 θαίρει·
2310 5321 2464 5388 εἰδὼς
2489 5322 2951 5396 εἰρημένονοηερι
2983 5324 3208 5392 παντὸς
3237 5325 3423 5396 ἀργοῦ
3447 5327 3635 5398 bruta»-

2063 5430 2166 5480 τος
2202 5412 2423 5471 δώσετε
2463 5415 2649 5485 λόγον
2674 5414 2745 5468 ἐν
2782 5414 2972 5485 ἡμέρᾳ
3010 5417 3278 5485 κρίσεως.
3312 5417 3631 5491 Προσευχῆς

2063 5505 2171 5578 γὰρ
2210 5507 2272 5560 οὐ
2312 5505 2399 5563 διὰ
2438 5506 2661 5578 χειλέων
2703 5507 2890 5562 δολίων
2936 5509 3404 5582 προσφερομένης,
3447 5509 3538 5566 διὰ
3571 5509 3629 5565 δὲ

2062 5599 2306 5672 γλώττης
2348 5599 2783 5672 κεκαθαρμένης,
2825 5601 2920 5655 καὶ
2954 5600 3025 5655 τὰ
3064 5602 3184 5656 θεῖα
3213 5601 3368 5672 λόγια
3399 5602 3638 5675 μελετᾷν.

2058 5692 2390 5764 εἰθισμένης,
2439 5692 2748 5756 ὲνωτίζεται
2789 5695 2818 5747 ὁ
2848 5693 2999 5758 Θεός.
3047 5693 3137 5747 Διὸ
3164 5694 3256 5747 επὶ
3292 5694 3390 5765 μὲν
3426 5693 3522 5766 τῆς
3549 5692 3625 5755 δι-

468 5836 726 5897 ".Matth.
770 5857 920 5909 xxvi,
964 5843 1053 5901 59.
1130 5845 1172 5878 “
1200 5843 1359 5907 Deut.
1400 5863 1573 5915 xxxii,
1620 5848 1673 5914 8,
1726 5848 1777 5903 9.
1854 5852 1899 5881 ⁸³
1930 5849 2074 5907 Psal.
2118 5864 2236 5916 cm,
2288 5849 2341 5905 6.
2406 5848 2464 5916 ,⁸⁸
2482 5846 2671 5905 Matth.
2693 5864 2763 5916 vi,
2790 5849 2880 5907 35.
2955 5847 3210 5904 “Matth.
3258 5865 3355 5917 xu,
3388 5847 3479 5904 56.
