3994 6448
320 380 422 436 ίϐι

1441 357 1942 432 COMMENTARIA
1981 369 2049 426 1N
2086 368 2424 425 essurus.

2745 4 2954 16 ___‘_v_w
2979 6 3270 14 ή--τν-νη,
3277 8 3324 12 ..-
3341 8 3400 13 λ---

3446 373 3552 430 169.

318 492 633 562 καιοσύνης,
659 489 1038 551 εἰσάκουσον,
1066 487 1298 557 ἐλέγετο,
1324 489 1414 542 ἐπὶ
1432 489 1486 542 δὲ
1505 493 1601 562 τῆς
1625 491 1872 561 δεήσεως,

1986 483 2202 547 exaudi,
2228 483 2423 552 inquit;
2451 494 2575 534 cum
2603 478 2671 534 de
2697 477 3114 547 deprecatione,
3143 480 3348 536 intende
3373 499 3390 545 ;
3427 499 3553 541 cum

317 587 602 656 πρόσχες·
634 583 726 635 ἐπὶ
755 581 810 634 δὲ
839 583 935 652 τῆς
959 580 1046 633 διά
1074 580 1294 651 χειλέων
1335 581 1748 654 προφερομένης
1779 599 1888 651 φω-

315 679 435 748 νῆς,
474 673 767 728 ὲνώτισαι.
806 670 942 743 Τρία
973 670 1102 740 γοῦν
1133 673 1368 744 ᾐτήσατο
1399 672 1484 725 διά
1515 673 1624 726 τῶν
1662 690 1885 744 προκει-

318 767 517 836 μένων,
547 763 818 837 προτάξας
844 762 949 816 τῶν
982 762 1074 816 δύο
1100 764 1160 816 τὸ
1188 767 1452 836 κρεῖττον.

399 856 789 925 Ἐδοκίμασας
825 855 938 924 τὴν
981 855 1232 924 καρδίαν
1259 872 1398 925 μου,
1439 854 1756 925 ἐπεσκέψω
1781 873 1887 910 νυ-

311 949 477 1014 κτός·
505 948 819 1017 ἐπύρωσὰς
850 964 945 1016 με,
991 947 1086 1000 καί
1127 948 1236 1014 οὐχ
1265 947 1476 1014 εὑρέθη
1508 947 1578 999 ἐν
1605 947 1732 1015 ἐμοὶ
1762 946 1886 1000 ἀδι-

312 1042 435 1095 κία.
471 1041 559 1102 Ὠς
592 1040 686 1111 τὴν
712 1040 1054 1111 ἀνθρωπίνην
1076 1038 1358 1091 ἀσθένειαν
1384 1038 1695 1108 ὑπερϐαίνει
1723 1041 1754 1110 ἡ
1776 1039 1884 1092 τῶν

315 1131 689 1201 προκειμένων
713 1131 916 1185 διάνοια
939 1133 950 1184 !
976 1131 1071 1194 Τίς
1083 1130 1190 1201 γὰρ
1206 1131 1534 1204 καυχήσεται
1559 1131 1728 1204 ἁγνὴν
1744 1131 1884 1201 ἔχειν

311 1221 570 1294 καρδίαν;
600 1224 693 1277 καὶ
721 1224 804 1286 τίς
832 1223 1264 1296 παρρησιάζεται
1285 1223 1460 1292 λέγων
1489 1223 1726 1295 καθαρὸς
1748 1219 1882 1276 εἶναι

311 1312 420 1366 ἀπὸ
434 1312 715 1384 ἁμαρτιῶν
735 1329 749 1379 ;
768 1313 928 1385 Μόνῳ
942 1314 1226 1388 τοιγαροῦν
1244 1315 1468 1387 ἁρμόζοι
1496 1315 1644 1385 αύτῷ
1667 1315 1883 1386 Χριστῷ

309 1401 492 1472 λέγειν
527 1405 595 1457 τά
641 1405 992 1476 προκείμενα.
1028 1407 1334 1479 Μήποτεδὲ
1365 1408 1463 1479 τὴν
1514 1409 1593 1471 εἰς
1636 1407 1726 1460 τὸν
1751 1407 1882 1478 ᾇδην

309 1495 553 1558 κάθοδον,
580 1496 673 1550 καὶ
694 1499 783 1549 τὸν
804 1499 860 1549 ἐν
889 1497 965 1568 τῷ
983 1497 1194 1569 θανάτῳ
1216 1499 1410 1572 χῶρον,
1432 1498 1602 1553 νύκτα
1619 1497 1882 1570 κέκληκεν

308 1587 404 1639 ἰπὶ
433 1587 528 1641 τοῦ
561 1589 855 1659 πάροντος;
889 1590 951 1642 Ei
984 1589 1090 1662 γὰρ
1117 1591 1210 1644 καὶ
1232 1593 1288 1644 ὲν
1310 1591 1463 1644 νυκτὶ
1484 1590 1707 1660 γέγονεν
1727 1591 1782 1643 ὲν
1806 1588 1882 1660 τῷ

305 1677 486 1749 καιρῷ
498 1678 605 1730 τῶν
623 1681 988 1752 πειρατηρίων
1001 1682 1092 1736 καὶ
1104 1683 1159 1735 ὲν
1174 1681 1252 1753 τῷ
1271 1681 1526 1753 σκοτεινῷ
1541 1681 1634 1736 καὶ
1651 1682 1883 1751 ἀφεγγεῖ

304 1767 458 1838 τόπῳ
483 1768 577 1822 τοῦ
606 1769 855 1824 Θανάτου·
886 1771 1020 1826 ἀλλά
1048 1771 1417 1843 δοκιμασθεὶς,
1449 1774 1751 1844 ἐπισκοπῆς
1783 1776 1879 1844 τῆς

1991 576 2058 631 de
2085 573 2219 630 voce
2249 575 2408 629 labiis
2434 574 2676 644 prolata,
2712 573 2932 626 auribus
2957 573 3180 641 percipe.
3213 573 3341 628 Tria
3370 575 3553 646 itaque

1990 668 2153 723 dictis
2179 666 2492 736 huiusmodi
2525 666 2786 735 postulat,
2811 672 2863 720 et
2892 663 3038 734 quod
3064 669 3413 735 praestantius
3439 678 3558 725 erat

1990 758 2206 812 duobus
2235 758 2356 812 aliis
2387 757 2670 826 praemisit.

2061 848 2226 905 Vtilis.
2264 849 2318 904 5.
2359 848 2611 902 Probasti
2649 865 2740 902 cor
2782 865 2949 902 meum
2991 857 3040 902 et
3086 849 3320 903 visitasti
3363 860 3513 904 nocte
3539 889 3555 917 ,

1988 945 2104 1013 igne
2144 959 2225 997 me
2269 943 2626 1009 examinasti,
2669 954 2718 997 et
2760 960 2864 997 non
2903 953 2980 997 est
3021 944 3228 997 inventa
3257 944 3310 997 in
3341 961 3421 998 me
3449 945 3556 998 ini-

1985 1037 2181 1104 quitas.
2219 1035 2494 1102 Quantum
2537 1035 2826 1088 humanam
2854 1035 3220 1090 infirmitatem
3262 1048 3555 1106 exsuperat

1987 1127 2298 1198 hujusmodi
2344 1127 2635 1183 verborum
2665 1127 2938 1182 sententia
2967 1128 2978 1180 !
3013 1125 3148 1191 Quis
3177 1127 3323 1181 enim
3352 1126 3420 1182 de
3461 1143 3556 1182 ca-

1985 1222 2171 1276 stitate
2211 1220 2394 1276 cordis
2428 1220 2798 1292 gloriabitur?
2827 1219 2962 1286 Quis
2990 1218 3330 1275 conﬁdenter
3359 1219 3509 1274 dicat
3535 1237 3550 1274 :

1984 1311 2164 1368 Purus
2206 1327 2328 1368 sum
2371 1327 2401 1365 a
2449 1311 2731 1381 peccatis?
2775 1310 2899 1365 llaec
2941 1326 3075 1366 sane
3115 1326 3256 1364 unus
3301 1309 3555 1366 Christus
3592 1375 3600 1390 .

1983 1420 2110 1459 vere
2141 1419 2204 1459 ac
2235 1411 2600 1474 congruenter
2628 1404 2810 1458 dicere
2837 1407 3030 1458 valeat.
3060 1405 3254 1458 Annon
3287 1417 3447 1457 suum
3479 1400 3550 1456 ad

1985 1497 2189 1551 inferos
2216 1496 2577 1560 descensum,
2607 1505 2772 1567 atque
2816 1497 2995 1550 locum
3041 1497 3194 1549 illum
3235 1496 3289 1549 in
3331 1495 3552 1566 regione

1982 1589 2196 1654 mortis,
2224 1596 2440 1643 noctem
2474 1588 2527 1642 in
2556 1589 2810 1658 praesenti
2841 1589 3053 1642 vocavit
3076 1589 3098 1640 ?
3119 1587 3379 1653 Quamvis
3405 1587 3552 1642 enim

1984 1682 2038 1736 in
2070 1690 2232 1736 nocte
2261 1681 2425 1737 fuerit
2456 1697 2520 1736 ac
2560 1681 2615 1735 in
2660 1690 2903 1752 tempore
2949 1682 3308 1736 tentationum
3331 1720 3345 1744 ,
3388 1680 3554 1750 inque

1984 1773 2292 1829 tenebrosis
2353 1774 2776 1844 caliginosisque
2827 1773 3022 1829 mortis
3065 1772 3420 1843 regionibus,
3471 1780 3554 1825 at-

304 1861 457 1932 παρά
484 1862 578 1916 τοῦ
609 1863 823 1935 Πατρὸς
865 1863 1090 1934 ἠξίωται
1128 1863 1218 1918 διά
1252 1868 1354 1937 τῆς
1386 1865 1751 1929 ἀναστάσεως,
1788 1866 1872 1918 καὶ

1984 1873 2164 1919 tamen
2197 1865 2489 1935 probatus,
2522 1871 2745 1935 paterna
2778 1865 3092 1920 visitatione
3117 1865 3314 1935 dignus
3336 1863 3554 1918 habitus

303 1953 506 2027 ταύτης
548 1955 862 2027 τετύχηκεν.
921 1958 1264 2031 Ἐπειδήπερ,
1306 1953 1393 2012 οἷα
1425 1959 1625 2030 χρυσὸς
1660 1959 1718 2012 ὲν
1746 1962 1876 2032 πυρὶ

305 2046 542 2118 βληθεὶς,
572 2047 821 2120 λαμπρὸς
848 2049 940 2102 καὶ
970 2047 1208 2121 καθαρὸς
1227 2049 1648 2121 διαμεμένηκεν.
1701 2051 1878 2105 Ἐπει-

300 2139 369 2211 δὴ
399 2140 558 2210 μόνος
597 2139 709 2194 τῶν
742 2139 802 2206 ἐξ
831 2141 1027 2206 αἰῶνος
1073 2142 1368 2210 ἁμαρτίαν
1411 2143 1520 2196 οὐκ
1564 2142 1874 2210 ἐποίησεν,

300 2230 447 2286 οὐδὲ
465 2233 676 2302 εὑρέθη
710 2233 908 2300 δόλος,
947 2233 1087 2288 κατά
1115 2235 1206 2288 τὸν
1252 2233 1497 2298 Ἡσαΐαν,
1531 2236 1601 2290 ἐν
1627 2235 1707 2302 τῷ
1739 2239 1878 2292 στό-

295 2341 444 2394 ματι
470 2325 678 2380 αὐτοῦ.

377 2417 568 2484 ὀπως
599 2418 675 2472 ἂν
710 2417 797 2488 μὴ
845 2419 1093 2489 λαλήσῃ
1138 2419 1204 2473 τὸ
1236 2419 1430 2489 στόμα
1469 2437 1589 2490 μου
1634 2421 1707 2474 τὰ
1733 2421 1876 2492 ἔργα

302 2506 421 2563 τῶν
447 2510 790 2578 ἀνθρώπων,
818 2510 916 2564 διὰ
937 2511 1078 2578 τοὺς
1105 2513 1326 2581 λόγους
1351 2510 1468 2565 τῶν
1492 2513 1742 2582 χειλέων
1758 2531 1874 2568 σου

300 2601 415 2671 ἐγὼ
447 2602 719 2672 ἐφύλαξα
754 2603 934 2670 ὀδοὺς
965 2603 1261 2671 σκληράς.
1305 2604 1362 2657 '0
1388 2604 1444 2657 δὲ
1472 2605 1764 2675 Σύμμαχος
1793 2608 1872 2659 εί-

300 2693 439 2750 πών·
489 2694 627 2765 Ἐγὼ
654 2694 1051 2765 ἐφυλαξάμην
1075 2695 1252 2762 ὀδοὺς
1280 2695 1644 2765 παραϐάτου,
1681 2699 1873 2770 ἑτέραν

301 2785 608 2858 παρέστησε
638 2786 892 2841 διάνοιαν·
920 2787 996 2852 ὡς
1022 2787 1115 2841 τοῦ
1151 2788 1248 2860 τὴν
1277 2789 1439 2861 εὐχὴν
1475 2790 1873 2862 διαπέμποντος

300 2880 480 2933 πάντα
509 2879 792 2950 ἄνθρωπον
837 2881 1160 2952 παραὸάτην
1207 2883 1518 2952 φεύγοντος,
1559 2886 1653 2937 καὶ
1695 2886 1874 2951 πάσας

301 2969 399 3034 τάς
434 2971 543 3025 τῶν
574 2971 830 3027 τοιούτων
873 2973 1044 3038 ὁδους,
1090 2972 1178 3026 διὰ
1217 2973 1280 3028 τὸ
1325 2974 1564 3045 χαλεπὰς
1605 2972 1744 3029 εἶναι
1780 2976 1872 3029 καὶ

299 3064 677 3136 άποσκλήρους
706 3065 882 3129 πάσας
909 3065 1007 3130 τὰς
1039 3065 1179 3120 κατά
1212 3067 1409 3120 κακίαν
1433 3066 1676 3139 πράξεις.

367 3157 726 3226 Κατάρτισαι
776 3158 849 3212 τὰ
900 3159 1229 3230 διαϐήματά
1251 3177 1369 3229 μου
1395 3161 1464 3213 ἐν
1490 3160 1615 3226 ταῖς
1654 3161 1871 3229 τρίϐοις

299 3265 438 3316 σου,
465 3250 564 3303 ἵνα
581 3249 668 3320 μὴ
704 3250 1045 3306 σαλευθῶσι
1078 3252 1146 3306 τὰ
1171 3251 1502 3320 διαϐιξμιιτά
1526 3270 1666 3322 μου.
1710 3253 1871 3305 Ὑπο-

305 3339 556 3410 γραμμὸν
594 3341 723 3411 ἡμῖν
753 3342 842 3396 καὶ
889 3341 975 3395 διά
1017 3341 1218 3396 τούτων
1279 3343 1550 3415 παρέσχεν
1598 3345 1626 3396 ὁ
1656 3344 1866 3415 Σωτὴρ,

299 3431 569 3486 παιδεύων
631 3432 838 3503 μήποτε
877 3434 1272 3506 ἐπιτρίόεσθαι,
1302 3435 1434 3506 μηδὲ
1470 3435 1610 3506 μέγα
1638 3437 1721 3506 ἐφ’
1746 3437 1872 3489 ἑαυ-

297 3523 414 3584 τοῖς
439 3525 672 3594 φρονεῖν.
712 3519 786 3578 Εὖ
815 3523 870 3576 δὲ
912 3526 1004 3580 καὶ
1035 3525 1278 3598 ἀκριϐῶς
1303 3527 1612 3593 πεπεῖσθαι,
1649 3527 1724 3592 ὡς
1744 3527 1872 3581 πάνο

297 3629 418 3666 τοτε
443 3618 538 3686 τῆς
566 3615 716 3686 παρά
741 3615 830 3670 τοῦ
854 3616 988 3670 Θεοῦ
1018 3617 1243 3689 δεόμεθα
1271 3618 1538 3690 βοηθείας,
1557 3620 1644 3673 ἵνα
1671 3619 1746 3690 μὴ
1777 3636 1871 3673 σα-

297 3701 468 3777 leniti).
514 3707 665 3778 ἡμῶν
710 3708 780 3762 τά
815 3709 1144 3782 διαδήματα,
1175 3709 1269 3763 καὶ
1331 3711 1411 3772 εἰς
1467 3710 1528 3762 τὸ
1561 3710 1868 3782 ἐφαρμόσαι

297 3801 415 3861 ταῖς
442 3799 632 3852 ἑαυτοῦ
658 3800 860 3872 τρίόοις
891 3802 1017 3864 τοὺς
1039 3800 1334 3872 ἡμετέρους
1365 3801 1550 3865 πόδας.

370 3893 813 3961 Θαιιμάστωσον
841 3893 913 3947 τὰ
942 3893 1083 3962 ἐλέη
1113 3909 1228 3948 σου
1263 3895 1294 3946 ό
1315 3892 1514 3954 σώζων
1535 3893 1675 3960 τοὺς
1696 3893 1866 3948 ἐλπί-

296 3981 502 4050 ζοντας
549 3985 645 4038 ἐπὶ
681 3979 774 4036 σέ.
800 3985 993 4051 Σώζων
1021 3987 1077 4041 δὲ
1111 3987 1323 4059 εἴρηται
1368 3986 1493 4050 τοὺς
1555 3985 1868 4052 ἐλπίζοντας

295 4076 377 4138 εἰς
410 4075 588 4141 αὑτὸν,
613 4077 673 4129 ού
713 4077 836 4142 τοὺς
883 4081 945 4132 ἐκ
976 4078 1286 4149 σπέρματος
1333 4077 1565 4148 Ἰσραὴλ,
1597 4078 1715 4130 οὐδὲ
1743 4079 1867 4142 τοὺς

295 4168 438 4220 κατά
469 4166 555 4222 τὸν
583 4168 744 4238 νόμον
772 4170 1046 4234 Μωῡσέως
1101 4169 1367 4240 βιοῦντας·
1399 4169 1511 4222 ἀλλ’
1534 4168 1719 4240 ὥσπερ
1743 4187 1867 4224 και-

295 4257 394 4330 νὴν
422 4259 536 4312 ὁδὸν
564 4261 886 4333 εὑράμενος,
919 4260 1106 4326 σώζων
1131 4261 1372 4332 ἀνεφάνη
1419 4263 1544 4325 τοὺς
1577 4265 1657 4327 είς
1705 4262 1865 4315 αὑτὸν

293 4349 612 4419 ἠλπικότας.
637 4353 813 4407 Μένει
842 4353 971 4426 γὰρ,
1002 4356 1162 4426 φησὶν
1199 4354 1228 4406 ὁ
1266 4352 1602 4418 Ἀπόστολος,
1639 4360 1861 4420 πίστις,

293 4441 489 4511 ἐλπὶς,
521 4445 739 4515 ἀγάπη·
774 4446 843 4500 τά
877 4447 1001 4519 τρία
1033 4449 1200 4502 ταῦτα
1228 4451 1659 4522 συμπέπλεκται,
1678 4448 1865 4520 ὥσπερ

1979 1966 2062 2013 est
2108 1973 2204 2028 per
2247 1959 2706 2014 resurrectionem
2755 1973 2920 2027 quam
2967 1957 3226 2012 obtinuit.
3280 1955 3551 2023 Quoniam

1979 2065 2078 2104 ceu
2105 2065 2297 2104 aurum
2326 2051 2433 2122 igni
2460 2051 2717 2105 traditum
2741 2094 2754 2117 ,
2784 2049 3102 2120 Splendidus
3127 2063 3404 2120 purusque
3427 2064 3550 2118 per-

1977 2143 2199 2196 mansit.
2230 2142 2391 2199 Solus
2417 2145 2561 2198 enim
2592 2159 2654 2199 ex
2687 2144 2753 2199 iis
2781 2148 2873 2214 qui
2900 2159 2930 2197 a
2954 2144 3154 2198 sacculo
3181 2142 3398 2198 fuerunt
3430 2158 3551 2211 pec-

1975 2245 2152 2288 catum
2187 2253 2290 2289 non
2341 2236 2500 2306 fecit,
2551 2253 2745 2307 neque,
2778 2237 3079 2292 secundum
3111 2236 3338 2303 Isaiam,
3372 2236 3552 2290 inven-

1977 2335 2060 2381 tus
2085 2337 2166 2381 est
2186 2327 2340 2382 dolus
2371 2329 2424 2382 in
2461 2345 2546 2383 ore
2577 2329 2690 2398 ejus
2708 2327 2773 2384 ⁸⁸.

2048 2418 2213 2475 Vens.
2255 2420 2308 2474 4.
2358 2419 2425 2475 Ut
2458 2438 2562 2475 non
2602 2421 2850 2490 loquatur
2885 2438 2942 2476 os
2975 2437 3146 2476 meum
3182 2437 3340 2491 opera
3376 2421 3548 2477 homi-

1977 2526 2136 2575 num,
2171 2521 2385 2579 propter
2418 2511 2574 2564 verba
2606 2509 2872 2563 labiorum
2908 2519 3116 2565 tuorum
3155 2527 3248 2581 ego
3289 2511 3550 2567 custodiri

1975 2605 2087 2659 uias
2139 2604 2324 2659 duras.
2381 2603 2742 2675 Symmachus
2788 2619 2915 2658 cum
2965 2603 3075 2658 ait:
3124 2602 3237 2674 Ego
3280 2604 3548 2661 observari

1975 2698 2088 2751 ria’s
2146 2698 2620 2766 prazvaricatoris,
2687 2696 2849 2749 aliam
2906 2695 3125 2766 praefert
3183 2699 3546 2761 sententiam,

1974 2791 2132 2860 quasi
2171 2791 2380 2847 scilicet
2417 2791 2463 2846 is
2496 2791 2590 2861 qui
2639 2789 2944 2845 orationem
2991 2790 3224 2854 emittit,
3278 2790 3346 2844 ab
3397 2791 3545 2844 omni

1974 2879 2195 2936 homine
2230 2883 2651 2951 pravaricatore
2688 2879 2966 2946 declinet;
3004 2887 3168 2950 atque
3217 2893 3410 2938 omnes
3463 2889 3546 2933 ta-

1976 2970 2109 3024 lium
2161 2972 2405 3025 virorum
2457 2971 2717 3032 semitas,
2772 2985 3050 3040 pravaque
3101 2985 3301 3041 opera,
3357 2978 3548 3042 utpote

1975 3065 2112 3118 dura
2151 3073 2204 3118 et
2245 3080 2437 3135 aspera
2478 3073 2782 3118 aversetur.

2046 3155 2211 3210 Vens.
2245 3156 2297 3210 5.
2341 3154 2543 3225 Perﬁce
2581 3169 2789 3225 gressus
2823 3170 2962 3207 meos
2992 3153 3045 3207 in
3085 3155 3286 3208 semiIis
3331 3155 3455 3217 tuis,
3481 3163 3540 3210 ut

1975 3266 2074 3303 non
2108 3263 2414 3302 moveantur
2449 3249 2666 3318 vestigia
2700 3265 2833 3304 mea.
2871 3248 3160 3318 Exemplar
3191 3251 3349 3307 nobis
3392 3251 3544 3308 hisce

1973 3339 2155 3397 verbis
2199 3339 2450 3395 admovet
2487 3337 2773 3406 Salvator;
2815 3340 3200 3411 admonetque,
3229 3356 3353 3396 cum
3388 3351 3446 3397 ut
3475 3358 3546 3398 ne

1973 3437 2156 3491 animo
2193 3435 2526 3508 frangamur,
2571 3445 2686 3491 tum
2733 3453 2800 3490 ne
2829 3452 3086 3506 magnum
3116 3436 3184 3491 de
3214 3436 3371 3492 nobis
3406 3437 3542 3506 ipsis

1972 3527 2278 3598 sapiamus,
2309 3528 2578 3598 planeque
2619 3538 2958 3599 compertum
2991 3543 3056 3584 ac
3085 3543 3408 3599 persuasum
3444 3529 3545 3583 ha-

1973 3618 2221 3684 beamus,
2270 3635 2372 3676 nos
2400 3620 2589 3675 divino
2634 3635 2850 3690 semper
2880 3633 3040 3690 egere
3072 3621 3297 3685 auxilio,
3337 3628 3398 3674 ut
3431 3634 3542 3676 non

1971 3720 2296 3766 moveantur
2329 3712 2557 3782 vestigia
2587 3719 2799 3776 nostra,
2838 3719 3009 3782 utque
3039 3713 3206 3782 pedes
3235 3719 3455 3768 nostros
3483 3713 3540 3767 in

1969 3803 2180 3857 semitis
2211 3802 2331 3870 ejus
2363 3812 2512 3856 recte
2539 3817 2951 3872 componamus.

2040 3893 2206 3950 Vens.
2241 3895 2290 3949 7.
2334 3894 2569 3964 Miriﬁea
2617 3895 3005 3949 misericordias
3053 3904 3194 3958 tuas,
3240 3896 3328 3966 qui
3366 3896 3539 3951 salvos

1971 3985 2104 4055 facis
2148 3994 2415 4054 sperantes
2454 3985 2508 4037 in
2537 3993 2605 4038 te.
2638 3981 2740 4050 Qui
2773 3984 2953 4038 salvos
2983 3982 3134 4047 facit,
3175 3984 3370 4053 inquit,
3415 4000 3540 4055 spe-

1969 4083 2154 4132 rantes
2183 4077 2236 4130 in
2281 4091 2362 4140 se,
2394 4091 2504 4130 non
2535 4091 2630 4131 eos
2660 4075 2754 4145 qui
2784 4090 2848 4129 ex
2889 4075 3098 4130 semine
3129 4073 3344 4129 lsraclis
3385 4086 3536 4141 sunt,

1967 4187 2146 4242 neque
2175 4185 2272 4225 eos
2297 4171 2387 4240 qui
2413 4169 2713 4225 secundum
2739 4167 2940 4240 Moysis
2965 4167 3136 4236 legem
3159 4167 3321 4222 vitam
3347 4171 3537 4237 agunt,

1969 4263 2085 4325 sed,
2124 4264 2280 4334 quasi
2322 4277 2463 4317 nova
2509 4269 2720 4332 reperta
2767 4260 2876 4325 via,
2929 4259 3157 4314 salutem
3191 4259 3540 4328 sperantibus

1967 4356 2023 4410 in
2050 4369 2109 4410 se
2139 4354 2390 4410 conferre
2413 4359 2726 4423 compertus
2764 4358 2866 4406 est.
2909 4349 3126 4404 Manent
3164 4351 3332 4415 enim,
3364 4351 3543 4420 inquit

1965 4448 2280 4518 Apostolus,
2307 4447 2458 4518 ﬁdes,
2492 4463 2630 4514 spes,
2664 4445 2896 4499 charitas
2930 4443 2971 4478 "
3005 4463 3016 4498 :
3043 4444 3145 4500 tria
3171 4443 3283 4498 hinc
3297 4458 3396 4498 ceu
3421 4446 3544 4499 vin-

295 4531 387 4602 ὑφ’
426 4535 504 4588 ἑνὶ
522 4535 703 4607 δεσμῷ
733 4539 1155 4609 κατεσφιγμένα.
1186 4541 1277 4593 Διὸ
1313 4542 1411 4611 τὴν
1443 4541 1622 4593 πίστιν
1676 4541 1740 4609 τῇ
1775 4539 1862 4590 ὲλ-

1977 4542 2092 4596 culo
2130 4543 2319 4597 eodem
2358 4541 2584 4596 astricta
2628 4545 3048 4593 connectuntur.
3091 4535 3436 4607 Quapropter
3479 4539 3542 4592 ti-

296 4625 412 4678 πίδι
437 4627 694 4682 συνάπτει
715 4627 905 4697 λέγων·
943 4631 1112 4683 Ἔστι
1144 4629 1212 4682 δὲ
1237 4632 1438 4696 πίστις
1470 4627 1863 4697 ἐλπιζομένων

293 4718 630 4785 ὑπόστασις
653 4719 1024 4789 πραγμάτων,
1064 4720 1311 4790 ἐιλεγχος
1359 4723 1430 4775 οὺ
1449 4717 1859 4788 βλεπομένων·

292 4808 466 4863 ταῦτα
497 4811 541 4864 δ’
574 4811 632 4879 ἐξ
654 4812 873 4884 ἀγάπης
899 4813 999 4884 τῆς
1033 4813 1168 4883 πρὸς
1219 4815 1310 4866 τὸν
1346 4812 1476 4865 Θεὸν
1520 4813 1731 4880 φύεται·
1770 4812 1862 4865 καὶ

293 4899 360 4952 δι’
382 4901 556 4954 αὐτῶν
587 4901 748 4955 πάλιν
775 4904 808 4973 ἡ
836 4905 914 4967 εἰς
943 4901 1073 4956 Θεὸν
1104 4903 1292 4972 ἀγάπη
1339 4901 1681 4968 κρατύνεται.

375 5076 477 5135 ἐκ
504 5081 622 5136 τῶν
655 5061 1118 5148 ἀνθεστηκότων
1133 5079 1208 5148 τῇ
1227 5079 1396 5148 δεξιᾷ
1429 5095 1544 5134 σου
1581 5079 1848 5148 genuset

288 5189 385 5243 με,
417 5175 610 5242 Κύριε,
640 5174 719 5239 ὡς
741 5175 926 5242 κόρην
967 5170 1296 5241 όφθαὶμοῦ.
1339 5173 1442 5225 Ἐν
1495 5169 1692 5238 σκέπῃ
1743 5167 1859 5224 τῶν

295 5268 599 5336 πτερύγων
651 5284 767 5320 σου
840 5264 1170 5331 σκεπάσεις
1222 5281 1300 5334 με
1357 5264 1477 5320 ἀπὸ
1535 5262 1856 5331 προσώπου

293 5359 525 5414 ἀσεϐῶν
557 5359 675 5413 τῶν
715 5357 1298 5427 ταλαιπωρησάντων
1323 5373 1420 5427 με.
1481 5357 1591 5409 Καὶ
1621 5358 1726 5418 πᾶς
1765 5356 1861 5425 μὲν

294 5449 498 5515 δίκαιος
521 5451 954 5523 προσευχόμενος
1007 5448 1201 5503 δείσθω
1251 5449 1343 5503 τοῦ
1403 5447 1560 5511 Θεοῦ,
1600 5449 1697 5519 τῆς
1735 5447 1858 5518 παρ’

293 5541 454 5595 αὐτοῦ
477 5541 864 5610 καταξιοῦσθαι
914 5543 1178 5613 φυλακῆς·
1215 5541 1494 5613 ὁμολογῶν
1551 5541 1624 5611 μὴ
1681 5540 1862 5603 ἱκανὸς

292 5629 430 5691 εἶναι
461 5635 629 5706 φύλαξ
657 5635 816 5700 αὐτὸς
839 5632 1030 5689 ἑαυτοῦ
1053 5634 1295 5702 γίνεσθαι
1315 5633 1402 5688 διά
1431 5633 1492 5686 τὸ
1526 5630 1724 5703 πλῆθος
1754 5631 1861 5683 τῶν

1968 4630 2088 4686 dem
2109 4632 2222 4700 spei
2253 4631 2503 4700 copulat,
2533 4629 2660 4684 dum
2689 4628 2764 4682 ait
2795 4646 2808 4681 :
2834 4625 2930 4681 Est
2961 4639 3134 4682 autem
3162 4629 3290 4696 ﬁdes
3321 4647 3542 4698 speran-

1969 4723 2160 4776 darum
2195 4722 2488 4777 substantia
2513 4737 2708 4786 rerum,
2743 4732 3104 4792 argumentum
3134 4738 3235 4774 non
3275 4736 3539 4790 apparen-

1969 4815 2099 4867 lium
2133 4814 2200 4867 '°.
2235 4812 2360 4867 Htec
2399 4827 2564 4882 porro
2603 4827 2670 4866 cx
2719 4826 2828 4866 una
2874 4826 3002 4882 erga
3047 4810 3216 4866 Deum
3270 4810 3540 4868 charitate

1972 4905 2258 4970 oriuntur;
2299 4905 2475 4974 iisque
2505 4903 2748 4959 vicissim
2784 4903 3026 4958 cbaritas
3065 4917 3194 4973 erga
3230 4900 3398 4957 Deum
3447 4919 3537 4956 ro-

1967 4996 2212 5051 boratur.
2304 5069 2306 5072 ν
3557 4985 3567 5007 ⁸

2039 5085 2204 5143 Vnus.
2246 5088 2299 5152 8,
2337 5087 2390 5144 9.
2430 5089 2471 5142 A
2508 5087 2866 5142 resistentibus
2913 5086 3140 5139 dextera
3179 5095 3284 5140 tua:
3328 5087 3536 5140 custodi

1968 5195 2068 5242 me,
2096 5177 2336 5243 Domine,
2374 5187 2430 5231 ut
2469 5178 2723 5247 pupillam
2755 5177 2913 5230 oculi.
2951 5173 3057 5228 Sub
3093 5175 3280 5228 umbra
3325 5175 3536 5228 alarum

1964 5277 2172 5320 tuarum
2217 5277 2450 5337 proteges
2500 5283 2600 5330 me,
2647 5284 2678 5320 a
2715 5266 2852 5336 facie
2888 5265 3167 5334 impiorum
3205 5265 3294 5336 qui
3327 5281 3408 5319 me
3453 5265 3538 5335 af-

1963 5358 2235 5426 ﬂixerunt.
2267 5357 2456 5413 Justus
2487 5358 2740 5428 quilibet,
2775 5371 2899 5410 cum
2933 5361 3208 5425 precatur,
3240 5368 3270 5407 a
3300 5352 3411 5410 Deo
3439 5355 3536 5409 ob-

1964 5450 2091 5505 nixe
2123 5451 2362 5521 postulet
2396 5451 2474 5507 uti
2505 5468 2564 5507 se
2609 5450 2859 5506 custodia
2899 5464 2998 5503 sua
3031 5447 3325 5518 dignetur;
3359 5446 3533 5501 fatea~

1964 5553 2162 5612 turque
2196 5559 2275 5606 se.
2310 5560 2420 5615 prae
2449 5543 2891 5600 adversariorum
2920 5540 3289 5603 multitudine,
3327 5537 3395 5593 ad
3431 5553 3530 5592 cu-

1966 5631 2198 5684 stodiam
2249 5631 2334 5684 sui
2369 5631 2592 5689 minime
2625 5629 2878 5686 idoneum
2906 5643 3070 5686 esse:
3108 5633 3260 5699 roget
3291 5626 3422 5683 item
3455 5624 3530 5681 uti

365 5813 408 5862 μ
444 5811 548 5874 tua.
572 5829 687 5885 un,
715 5814 814 5886 l9;
857 5813 875 5867 l
907 5814 1053 5874 Petr.
1095 5830 1154 5883 ιι,
1180 5814 1268 5870 2?.
1343 5814 1388 5848 δ’
1421 5813 1442 5867 ι
1474 5812 1598 5869 Cor.
1622 5827 1742 5878 xm,
1779 5813 1861 5868 ιε.

1977 5815 1983 5841 ’
2017 5809 2182 5870 Hebr.
2212 5826 2288 5879 ιι,
2329 5813 2375 5868 ι.
