3994 6448
1348 311 1856 388 commeaturus
1892 323 1960 380 1N
1990 305 2336 380 .pSALuos.

3373 329 3475 384 ’66

201 459 282 512 ἐκ
313 452 714 518 καταδύσεως·
755 452 783 506 6
809 450 866 504 δὲ
892 449 1202 522 Σύμμαχος-⁸
1229 449 1304 519 (1)
1363 449 1507 504 Ἀπὸ
1564 447 1796 516 νεκρῶν

1912 451 2157 513 precatur
2191 445 2356 499 etiam
2382 443 2450 498 ab
2488 442 2556 500 iis
2590 427 2830 514 qui'jam
2865 440 3007 498 inter
3039 448 3288 501 mortuos
3317 459 3472 500 com-

203 548 336 603 ἀπὸ
366 544 794 601 ἐνδεδυκότων.
844 542 1132 612 Ῥυσθῆναι
1167 541 1277 613 γὰρ
1307 539 1522 612 εὔχεται
1555 540 1650 594 καὶ
1685 539 1796 594 ἀπὺ

204 640 328 693 τῶν
350 641 408 693 ἐν
436 639 652 710 νεκροῖς
708 634 810 705 ήδη
867 633 1263 704 λελογισμένων
1312 632 1400 685 διὰ
1450 632 1512 686 τὸ
1560 632 1795 702 πάμπαν

205 727 544 802 ἐστερῆσθαι
570 729 669 798 τῆς
691 725 831 779 κατὰ
859 724 990 778 Θεὸν
1023 723 1188 794 ζωῆς.
1231 723 1377 777 Ἀντὶ
1426 724 1483 778 δὲ
1531 724 1648 790 τοῦ,
1674 723 1798 778 δια-

200 821 467 894 μέρισον
491 819 732 885 αὐτοὺς,
774 819 802 871 6
842 817 938 888 μὲν
971 815 1201 880 Ἀκύλας
1228 818 1590 889 ήρμήνευσεν,
1615 817 1798 886 μέρος

205 914 506 970 αὐτῶνὲν
535 911 667 981 ζωῇο
699 915 727 965 6
747 911 804 964 δέ
837 910 1149 982 Σύμμαχος,
1196 909 1234 977 ἠ
1280 908 1451 977 μερὶς
1499 907 1698 963 αὐτῶν
1728 909 1799 962 ἐν

205 1007 414 1068 ὦσιν.
441 1005 689 1059 Διδάσκει
721 1005 778 1058 δὲ
805 1004 895 1058 διὰ
924 1002 1147 1065 τούτων,
1182 1001 1257 1065 ὡς
1293 1002 1402 1055 τῶν
1457 1001 1554 1073 μὲν
1585 999 1797 1054 ἀσεϐῶν

207 1099 313 1153 καὶ
359 1097 469 1151 τῶν
500 1095 762 1159 πολλάκις
789 1093 1194 1166 ὠνομασμένων
1226 1091 1436 1164 ἐχθρῶν
1483 1091 1576 1145 τοῦ
1603 1090 1738 1145 Θεοῦ
1761 1092 1796 1162 ή

212 1191 406 1263 μερὶς,
443 1189 536 1244 καὶ
558 1191 588 1244 6
617 1188 839 1261 κλῆρος,
857 1188 952 1242 καὶ
981 1187 1130 1240 πᾶσα
1153 1187 1187 1257 ή
1213 1183 1501 1257 περιουσία
1524 1185 1581 1237 ἐν
1604 1184 1669 1253 τῇ
1696 1196 1800 1235 πα-

213 1281 394 1354 μούσῃ
443 1281 552 1352 ζωῇ
582 1281 838 1351 τυγχάνει
870 1279 964 1333 καὶ
986 1280 1044 1331 ἐν
1068 1277 1145 1349 τῷ
1177 1277 1357 1348 θνητῷ
1392 1276 1511 1347 βίῳ·
1544 1277 1602 1328 ἐν
1633 1269 1677 1343 ᾧ
1704 1275 1798 1329 καὶ

206 1375 468 1446 ἐπλήσθη
491 1375 524 1445 ἡ
557 1375 771 1447 γαστὴρ
799 1373 977 1427 αὐτῶν
1005 1370 1186 1444 πάσης
1240 1371 1468 1443 τροφῆς,
1492 1369 1586 1422 καὶ
1620 1369 1800 1440 πάσης

203 1469 594 1534 ἀπολαύσεως,
626 1468 720 1522 καὶ
768 1461 997 1538 τρυφῆς.
1060 1463 1218 1517 Ἀλλὰ
1268 1464 1361 1516 καὶ
1391 1462 1511 1517 τῶν
1551 1480 1802 1532 κεκρυμ-

200 1561 417 1632 μένων
438 1577 553 1616 σου
582 1560 766 1632 φησίν*
801 1559 916 1613 ἀνθ’
949 1550 1009 1611 οὗ
1042 1559 1071 1611 6
1119 1556 1412 1628 Σύμμαχος
1435 1556 1800 1628 ἡρμήνευσεν,

204 1654 316 1708 καί
341 1653 464 1708 τῶν
523 1652 845 1708 ἀποθέτων.
877 1651 1018 1704 Ὅσα
1049 1648 1157 1719 γάρ
1212 1650 1359 1702 ἐστιν
1413 1648 1472 1701 ἐν
1501 1647 1580 1719 τῷ
1624 1646 1803 1719 θνητῷ

208 1746 318 1818 βῖῳ
351 1749 450 1801 καὶ
475 1749 543 1818 τῇ
571 1746 737 1817 θνητῇ
763 1744 876 1816 ζωῇ
906 1744 1084 1815 τίμια,
1134 1741 1244 1795 τῶν
1263 1739 1636 1814 νομιζομένων
1669 1742 1803 1796 ἀπο-

206 1836 390 1891 θέτων
425 1838 517 1890 καὶ
547 1835 898 1909 ἀποκρύφων,
917 1835 1233 1904 ἐσχήκασιν.

281 1929 453 1985 Αὐτοὶ
488 1929 616 1999 γοῦν
642 1929 736 1983 καὶ
788 1925 988 1999 χρυσὸν
1027 1924 1122 1979 καὶ
1169 1922 1412 1996 ἄργυρον
1469 1923 1565 1977 καὶ
1618 1923 1796 1978 πάντα

207 2025 319 2097 γῆς
358 2023 610 2098 μέταλλα·
646 2019 1117 2093 περιειργάσαντο,
1166 2017 1347 2082 λίθους
1391 2033 1452 2070 τε
1511 2016 1798 2081 παντοίους

206 2118 432 2192 τιμίους
482 2117 576 2172 καὶ
634 2114 938 2178 πολυτελεῖς
1002 2099 1392 2185 ἐξηρεύνησαν,
1449 2111 1542 2164 καὶ
1595 2109 1798 2164 τούτω)

207 2211 474 2266 ἁπάντων
503 2207 869 2280 ἐπλήσθησανο
895 2205 1098 2259 τέκνων
1128 2204 1186 2258 δὲ
1210 2205 1303 2258 καὶ
1336 2202 1487 2267 υἱῶν,
1505 2203 1600 2256 καὶ
1632 2201 1800 2271 θυγα-

205 2303 393 2377 τέρων
422 2301 848 2375 ἐνεφορήθησαν.
871 2299 962 2352 Διὸ
991 2298 1250 2368 ἐπιλέγει·
1306 2296 1801 2366 Ἐχορτάσθησαν

209 2395 386 2452 υἱῶν.
415 2395 525 2450 Καὶ
549 2397 610 2449 οὐ
636 2394 792 2466 μόνον
820 2410 883 2462 γε
910 2391 1062 2446 αὐτοὶ
1111 2390 1314 2444 τούτων
1371 2389 1796 2462 ἐχορτάσθησαν,

211 2488 334 2541 ἀλλ’
364 2485 763 2558 ἐμπλησθέντες
815 2483 964 2536 αὐτοί
1011 2497 1071 2536 τε
1117 2481 1390 2553 πρότεροι,
1445 2479 1679 2551 κλήρους
1705 2480 1798 2534 καὶ

211 2579 472 2650 διαδοχὰς
494 2580 604 2641 τοῖς
630 2576 744 2650 μετ’
778 2576 974 2639 αὐτοὺς
1021 2575 1263 2643 ἐγγόνοις
1325 2574 1795 2630 καταλελοίπασιν.

220 2671 421 2735 Ἄλλος
445 2667 624 2740 φησίν·
657 2669 718 2721 Et
757 2667 851 2720 καὶ
877 2664 955 2736 τῷ
986 2665 1199 2734 θανάτῳ
1247 2663 1466 2728 τούτους
1499 2662 1797 2735 παραπέμ-

213 2762 323 2832 ψαι
359 2761 441 2814 σοὶ
461 2759 661 2832 ῥᾴδιον,
691 2752 1014 2812 ῶΔέσποτα·
1053 2754 1165 2808 ἀλλ’
1201 2749 1292 2808 οὖν
1344 2753 1568 2807 ἱκετεύω
1593 2751 1800 2816 ζῶντας

217 2855 424 2916 αὐτοὺς
449 2851 828 2922 σκεδασθῆναι,
863 2848 956 2902 καὶ
987 2849 1084 2920 τὴν
1117 2848 1292 2919 κακὴν
1338 2845 1516 2900 αὐτῶν
1573 2862 1801 2916 συμφω·

215 2944 347 3001 νίαν
383 2939 716 3012 διαλυθῆναι,
747 2941 840 2994 καὶ
871 2938 978 2991 τῶν
1005 2937 1381 3009 ἀποκειμένων
1405 2952 1486 2989 σοι
1519 2935 1800 3008 τιμωριῶν

222 3037 540 3108 μετασχεῖν.
581 3033 735 3087 Οὕτω
761 3031 869 3103 γὰρ
895 3033 952 3084 ἐν
981 3033 1047 3101 τῇ
1081 3029 1289 3104 μεγάλῃ
1343 3029 1452 3100 ᾠδῇ
1511 3028 1604 3082 τοῦ
1635 3029 1801 3081 Μωῦ-

223 3131 370 3194 σέως
393 3126 552 3192 αὐτὸς
573 3129 601 3180 6
628 3126 759 3189 Θεὸς
793 3141 956 3197 φησιν
985 3141 998 3154 ·
1033 3125 1154 3177 Οὐκ
1195 3121 1322 3176 ἱδοὺ
1372 3121 1558 3175 ταῦτα
1606 3120 1803 3174 πάντα

1900 541 2182 604 putantur,
2215 535 2341 604 quia
2375 535 2487 589 vita
2529 535 2641 602 illa,
2669 552 2791 606 qum
2833 536 3132 590 secundum
3157 536 3324 593 Deum
3357 545 3468 604 est,

1898 626 2116 695 penitus
2147 627 2450 696 privantur.
2496 627 2635 682 Illud
2666 633 2869 692 autem,
2917 627 3088 683 divide
3130 636 3470 706 eos,Aquila,

1901 732 2026 786 pars
2054 733 2236 771 eorum
2269 719 2322 771 in
2365 721 2495 782 vita,
2528 721 2950 790 interpretatur;
2983 718 3343 791 Symmachus
3377 737 3475 778 au-

1901 815 2032 872 tem,
2063 823 2189 874 pars
2213 825 2391 862 eorum
2417 810 2472 862 in
2506 810 2807 864 viventibus.
2835 808 2932 865 llis
2960 825 3126 880 porro
3151 812 3333 875 docet,
3371 812 3474 876 im-

1900 897 2116 966 piorum
2149 903 2204 951 et
2245 898 2592 953 inimicorum
2628 896 2744 963 Dei,
2789 897 2881 967 qui
2914 898 2970 950 in
3019 897 3105 950 his
3152 897 3472 967 plerumque

1902 995 2298 1053 memorantur,
2327 989 2654 1058 portionem,
2685 996 2886 1044 sortem
2915 1003 3214 1060 omnesque
3243 988 3474 1044 faculta-

1901 1094 1984 1142 tes
2014 1086 2071 1140 in
2114 1085 2218 1140 hac
2249 1084 2504 1156 praesenti
2539 1091 2592 1139 et
2629 1085 2846 1138 mortali
2880 1085 2993 1140 vita
3039 1085 3175 1139 sitas
3205 1100 3345 1148 esse,
3382 1086 3475 1140 ubi

1902 1188 2089 1234 venter
2117 1192 2304 1234 eorum
2329 1176 2478 1232 omni
2517 1176 2762 1230 ciborum
2795 1191 3012 1247 genere,
3039 1178 3182 1230 omni
3217 1177 3476 1232 felicitate

1901 1285 1966 1326 ac
2002 1272 2280 1340 voluptate
2327 1269 2589 1340 repletur.
2653 1268 2766 1324 Imo
2820 1270 2985 1323 etiam
3027 1269 3091 1322 de
3149 1268 3474 1323 absconditis

1904 1363 2047 1427 tuis;
2079 1363 2241 1433 cujus
2273 1362 2394 1416 loco
2442 1360 2806 1432 Symmachus
2847 1361 3257 1431 interpretatur,
3311 1370 3362 1416 et
3401 1378 3476 1417 re-
3515 1347 3524 1362 ’

1902 1457 2089 1527 positis
2135 1458 2259 1512 tuis.
2297 1455 2576 1526 Siquidem
2617 1472 2808 1512 eorum
2852 1458 3095 1512 omnium
3126 1474 3246 1528 quae
3287 1459 3342 1513 in
3373 1459 3476 1515 hac

1903 1548 2123 1603 mortali
2153 1549 2261 1603 vita
2307 1559 2608 1603 occurrunt
2637 1549 3024 1618 pretiosorum,
3053 1564 3174 1618 quae
3209 1551 3353 1606 inter
3389 1565 3477 1607 re-

1905 1641 2124 1696 condita
2161 1649 2215 1697 et
2245 1641 2430 1696 abdita
2461 1649 2866 1711 computantur,
2898 1642 3054 1712 potiti
3085 1650 3235 1700 sunt.

1977 1903 2058 1958 Illi
2108 1904 2292 1975 itaque
2343 1907 2559 1969 aurum,
2616 1911 2927 1974 argentum,
2976 1903 3271 1976 omniaque
3318 1915 3476 1964 terra:

1905 1995 2121 2049 metalla
2169 2009 2380 2049 summa
2430 2009 2562 2048 cura
2601 1994 3066 2064 perquisiverunt,
3101 1997 3310 2066 lapides
3353 2015 3478 2069 pre-

1905 2086 2078 2142 tiosos
2115 2087 2200 2142 vel
2243 2087 2559 2141 rarissimos
2603 2087 2848 2155 cujusvis
2894 2088 3111 2156 generis
3148 2093 3479 2162 pervestiga-

1903 2185 2056 2240 runt,
2091 2178 2266 2247 iisque
2289 2179 2547 2234 omnibus
2579 2167 2861 2248 adimpleti
2894 2187 3024 2233 sunt
3058 2197 3072 2234 ι
3107 2179 3231 2234 ﬁliis
3267 2196 3480 2237 mascu-

1905 2270 1976 2324 lis
2009 2268 2295 2324 feminis‘ve
2330 2269 2564 2324 saturati
2592 2277 2740 2325 sunt.
2769 2269 3135 2336 Quamobrem
3173 2272 3474 2344 subjungit,

1906 2361 2140 2415 saturati
2180 2366 2302 2414 sunt
2331 2360 2480 2428 ﬁliis.
2526 2358 2713 2431 Neque
2765 2361 2842 2417 illi
2890 2371 3101 2418 tantum
3147 2363 3216 2420 iis
3248 2365 3477 2420 saturati

1907 2462 2077 2517 sunt;
2110 2451 2204 2507 sed
2233 2460 2520 2522 postquam
2563 2452 2666 2522 ipsi
2702 2454 2916 2523 priores
2949 2455 3016 2509 ad
3049 2455 3357 2512 satietatem
3391 2473 3480 2514 us-

1906 2562 2012 2616 que
2044 2547 2110 2602 iis
2145 2555 2274 2600 sunt
2299 2546 2407 2609 usi,
2434 2545 2803 2601 haereditatcm
2837 2549 3352 2620 successionemque
3382 2566 3479 2606 ne-

1907 2637 2125 2708 potibus
2152 2638 2505 2692 transmisere
2549 2639 2685 2694 suis.
2726 2640 2883 2695 Alius
2928 2640 3008 2695 sic
3045 2641 3475 2712 interpretatur:

1906 2731 2156 2794 Etiamsi,
2191 2732 2391 2802 inquit,
2439 2731 2700 2802 perfacile
2750 2733 2847 2788 tibi
2905 2734 2998 2797 sit,
3034 2734 3281 2800 Domine,
3331 2736 3481 2806 ipsos

1908 2828 2084 2876 morte
2111 2819 2321 2875 allicere
2346 2841 2358 2876 :
2397 2828 2473 2884 at.
2511 2837 2695 2892 quaeso
2717 2830 2788 2887 te,
2815 2824 3066 2880 homines
3087 2824 3215 2879 dum
3239 2826 3341 2880 hac
3371 2828 3480 2882 vita

1911 2913 2168 2969 fruuntur
2185 2914 2490 2984 disjungas,
2517 2913 2928 2986 improbamquc
2956 2916 3102 2971 illam
3133 2920 3483 2974 concordiam

1910 3008 2168 3080 dissipes,
2218 3017 2278 3062 ut
2319 3023 2348 3062 a
2392 3015 2444 3064 te
2484 3009 2755 3078 repositas
2793 3010 3096 3064 sceleribus
3144 3013 3259 3066 suis
3295 3027 3486 3082 poenas

1909 3099 2084 3154 luant.
2110 3099 2188 3154 Ita
2219 3100 2361 3155 enim
2385 3097 2441 3152 in
2472 3113 2670 3169 magno
2702 3099 2904 3170 Moysis
2943 3099 3161 3156 cantico
3184 3091 3327 3158 Deus
3366 3102 3484 3173 ipse

218 3173 550 3288 (γεὲν-Ἓῆκταιν
561 3218 695 3288 παρ’
727 3173 876 3287 ἐμοὶ,
905 3216 1002 3270 καὶ
1026 3213 1421 3284 ἐσφρὰγισται
1444 3214 1514 3267 ἐν
1555 3213 1680 3279 τοῖς
1709 3216 1803 3281 θη-

1912 3193 2155 3262 loquitur
2193 3191 2425 3246 :Annon
2465 3205 2579 3244 ecce
2623 3189 2734 3244 [nec
2781 3191 2959 3244 omnia
2998 3173 3316 3262 congregtita
3361 3202 3484 3247 sunt

221 3311 479 3382 σαυροῖς
497 3327 635 3382 μου·
666 3311 736 3364 ἐν
756 3308 942 3379 ἡμέρᾳ
969 3305 1330 3372 ἐκδικήσεως
1383 3303 1804 3368 ἀνταποδώσω,

221 3407 302 3460 ἐν
330 3405 512 3472 καιρῷ
549 3403 694 3457 ὅταν
721 3399 931 3471 σφαλῇ
957 3403 992 3453 ὀ
1019 3398 1172 3466 ποῦς
1220 3396 1434 3452 αὐτῶν.
1482 3396 1594 3450 Καὶ
1652 3395 1809 3449 τοῦτο

222 3495 290 3552 δὲ
321 3500 350 3551 6
385 3495 677 3568 Σύμμαχος
699 3492 870 3556 οὕτως
918 3491 1246 3563 ἡρμήνευσε·
1288 3485 1808 3556 Χορτασθήσονται

222 3587 372 3654 υἱοὶ,
401 3588 498 3642 καὶ
523 3583 833 3655 ἀφήσουσι
857 3582 931 3636 τὰ
972 3581 1236 3649 λείψανα
1291 3575 1489 3632 αὐτῶν
1539 3576 1665 3642 τοῖς
1696 3592 1806 3643 νη-

225 3681 390 3746 πίοις
418 3677 637 3733 αὑτῶν.
674 3671 824 3738 Οἶδα,
860 3672 1043 3744 φησὶν,
1067 3672 1148 3724 ὅτι
1193 3669 1288 3741 τὴν
1339 3667 1552 3721 δικαίαν
1584 3684 1676 3720 σου
1727 3683 1808 3718 τι-

227 3770 447 3845 μωρίαν
480 3769 540 3821 οὐ
579 3766 736 3838 μόνον
767 3763 949 3826 αὐτοῖς
983 3759 1222 3823 ἐπάξεις,
1246 3757 1382 3810 ἀλλὰ
1414 3757 1507 3809 καὶ
1534 3758 1647 3817 τοῖς
1670 3755 1808 3807 υἱέσι

223 3866 326 3920 καὶ
358 3865 467 3926 τοῖς
503 3859 745 3929 ἐγγόνοις
793 3855 898 3909 τῶν
947 3853 1224 3924 προγόνων
1284 3848 1542 3920 πονηρίαν
1571 3863 1811 3919 μιμησα-

233 3961 437 4031 μένοις.
469 3955 542 4008 T6
565 3953 640 4017 δὲ,
671 3945 1205 4020 χορτασθήσονται,
1256 3943 1376 3998 ἀντὶ⁹
1403 3940 1518 4006 τοῦ,
1547 3943 1626 4004 εἰς
1649 3939 1808 4012 κόρον

233 4048 520 4124 μεθέξουσι
545 4045 652 4098 τῶν
673 4040 877 4096 κακῶν.

317 4139 466 4210 Ἐγὼ
519 4135 588 4191 δὲ
640 4137 710 4188 ἐν
740 4130 1090 4198 δικαιοσύνῃ
1145 4125 1505 4197 ὀφθήσομαί
1537 4123 1617 4190 τῷ
1667 4135 1810 4190 προ-

235 4231 422 4296 σώπῳ
453 4242 589 4284 σουο
637 4221 1126 4296 χορτασθήσομαι
1173 4217 1242 4270 ἐν
1296 4214 1376 4280 τῷ
1419 4212 1677 4284 ὀφθῆναί
1709 4230 1812 4282 μοι

232 4328 354 4396 τὴν
377 4323 565 4388 δόξαν
592 4335 727 4375 σου.
771 4317 994 4370 Ἐκεῖνοι
1043 4313 1138 4382 μὲν
1172 4309 1422 4371 τοιαύτας
1459 4305 1688 4360 δώσουσι
1731 4305 1812 4358 δί-

233 4432 362 4484 κας·
389 4415 498 4486 ἐγὼ
519 4415 576 4469 δὲ
606 4415 719 4476 τοῖς
751 4409 901 4482 παρὰ
921 4407 1018 4477 τῆς
1053 4404 1269 4466 δικαίας
1302 4401 1556 4472 προνοίας
1591 4396 1813 4467 ἀγαθοῖς

237 4509 583 4582 ἐντρυφήσω,
614 4507 806 4575 πεῖραν
844 4499 1104 4572 μεγίστην
1130 4496 1229 4566 τῆς
1260 4495 1360 4565 σῆς
1394 4491 1710 4563 εὐεργεσίας
1728 4491 1814 4544 δε-

237 4604 493 4673 ξάμενος.
549 4595 690 4664 Ἐγὼ
713 4595 770 4649 δὲ
802 4597 868 4664 τῇ
903 4588 1224 4662 πορισθείσῃ
1269 4604 1358 4658 μοι
1412 4583 1726 4655 δικαιοσύνῃ
1752 4600 1812 4636 τε

235 4688 338 4744 καὶ
383 4688 549 4760 ἀρετῇ
591 4683 806 4755 θαρρῶν
869 4678 1436 4750 πεπαρρησιασμὲνως
1477 4674 1813 4744 ὀφθήσομαι

237 4781 326 4848 τῷ
351 4777 647 4850 προσώπῳ
675 4791 811 4830 σου.
859 4773 971 4826 Καὶ
1003 4770 1140 4840 αὓτη
1178 4767 1266 4840 μοί
1299 4770 1445 4821 ἐστιν
1499 4766 1671 4833 ἐλπὶς,
1717 4765 1813 4820 καὶ

239 4869 399 4940 οὗτος
434 4872 604 4946 μέγας
653 4869 868 4941 κλῆρος·
925 4859 987 4920 οὗ
1042 4879 1171 4916 ποτε
1225 4860 1670 4932 πληρωθήσομαι,
1725 4860 1817 4914 καὶ

241 4962 677 5036 χορτασθήσομαι
722 4961 902 5032 πάσης
960 4958 1205 5033 τρυφῆς,
1239 4959 1298 5011 ἐν
1326 4953 1407 5026 τῷ
1448 4953 1677 5023 ὀφθῆναι
1719 4951 1817 5022 τὴν

241 5055 400 5124 δόξαν
423 5071 516 5108 σου
543 5056 602 5108 ἐν
628 5057 695 5124 τῇ
718 5054 824 5108 τῶν
848 5052 1088 5126 οὐρανῶν
1119 5049 1381 5123 βασιλείᾳ.

821 5166 1118 5221 ΨΑΑΜοΣ
1163 5165 1257 5221 IZ'.
1284 5229 1286 5231 ,

314 5263 420 5329 Εἱς
448 5251 515 5316 τὸ
543 5261 717 5328 τέλος
749 5258 828 5325 τῷ
873 5258 1037 5314 παιδὶ
1064 5257 1276 5326 Κυρίου
1300 5248 1382 5322 τῷ
1409 5247 1818 5315 Δαυῒδ,ᾶὲ.ιὰ-

250 5357 407 5422 atque
436 5349 515 5424 τῷ
562 5353 756 5421 Κυρίῳ
803 5349 945 5416 τοὺς
979 5351 1201 5418 λόγους
1251 5342 1362 5412 τῆς
1385 5343 1545 5410 ᾠδῆς
1573 5343 1815 5406 ταύτης.

324 5514 371 5545 ⁸³
410 5513 565 5570 Deut.
609 5526 786 5572 xxxii,
845 5507 934 5562 3b;

1910 3284 2048 3353 apud
2079 3299 2180 3348 me,
2209 3291 2258 3336 el
2291 3283 2503 3353 signata
2536 3283 2591 3334 in
2630 3280 2889 3336 thesauris
2921 3282 3045 3335 meis
3071 3297 3090 3335 :
3112 3283 3165 3335 in
3201 3282 3286 3336 die
3324 3275 3486 3337 ultio-

1909 3377 1992 3432 nis
2044 3375 2356 3439 retribuam,
2415 3392 2516 3447 quo
2544 3384 2768 3444 tempore
2822 3374 3027 3428 labetur
3073 3392 3161 3445 pes
3216 3357 3395 3429 eorum
3416 3369 3484 3430 ".

1910 3468 2038 3524 litae
2070 3469 2143 3522 ita
2175 3466 2536 3538 Symmachus
2573 3467 2980 3537 interpretatur,
3025 3465 3408 3521 saturabunlur
3426 3463 3487 3537 ﬁ-

1912 3559 2018 3623 liis,
2043 3569 2092 3613 et
2127 3557 2390 3612 dimittent
2428 3557 2679 3629 reliquias
2723 3573 2848 3611 suas
2893 3557 3126 3626 parvulis
3170 3559 3302 3612 suis.
3327 3547 3484 3624 Novi,

1913 3651 2112 3722 inquit,
2150 3657 2203 3705 te
2231 3666 2342 3705 non
2371 3649 2532 3704 modo
2562 3649 2804 3704 debitum
2840 3649 2908 3704 iis
2951 3649 3275 3719 supplicium
3307 3649 3489 3703 illatu-

1911 3761 2059 3810 rum,
2093 3744 2191 3800 sed
2229 3744 2392 3800 etiam
2427 3742 2552 3797 llliis
2592 3757 2656 3796 ac
2688 3741 2981 3810 nepotibus
3024 3756 3237 3805 contui,
3276 3743 3322 3798 si
3356 3744 3485 3814 qui-

1914 3837 2037 3893 dem
2073 3850 2299 3890 avorum
2335 3833 2635 3904 nequitiam
2666 3833 2968 3888 imitentur.
2991 3832 3128 3886 Illud
3163 3840 3363 3901 autem,
3393 3851 3487 3890 sa-

1917 3928 2260 3990 turabuntur,
2294 3925 2348 3980 id
2369 3935 2472 3990 est,
2504 3924 2572 3979 ad
2596 3924 2902 3980 satietatem
2934 3930 2987 3980 et
3009 3921 3288 3978 fastidium
3317 3941 3488 3996 usque

1911 4020 2074 4075 malis
2106 4033 2227 4073 sese
2255 4017 2474 4073 dedent.

1985 4111 2154 4166 Vens.
2192 4110 2279 4165 15.
2320 4109 2429 4180 Ego
2461 4118 2637 4164 autem
2666 4111 2721 4163 in
2738 4109 2956 4177 justitia
2985 4105 3244 4178 apparebo
3275 4125 3488 4178 conspe-

1913 4193 2021 4259 ctui
2059 4215 2170 4270 tuo,
2211 4204 2450 4258 satiabor
2493 4219 2611 4257 cum
2658 4201 2964 4271 apparuerit
3007 4200 3134 4253 mihi
3163 4199 3336 4270 gloria
3371 4210 3484 4256 tua.

1913 4298 1995 4352 Illi
2025 4297 2244 4368 quidem
2273 4296 2587 4366 hujusmodi
2635 4310 2827 4365 pwnas
2869 4293 3099 4348 dabunt.
3146 4291 3258 4364 Ego
3305 4304 3487 4349 autem

1915 4391 2122 4462 paratis
2155 4406 2185 4444 a
2212 4391 2361 4460 justa
2393 4387 2732 4460 providentia
2781 4394 2872 4439 tua
2905 4384 3057 4438 fruar
3091 4385 3270 4449 bonis,
3311 4384 3489 4438 maxi-

1916 4498 2176 4552 mumque
2219 4480 2586 4536 beneﬁcentiae
2628 4485 2735 4533 tua:
2778 4493 2991 4534 sumam
3035 4477 3486 4547 experimentum.

1846 4555 1888 4609 D
1917 4573 2030 4646 Ego
2064 4589 2198 4630 sane
2223 4573 2449 4640 iustitia:
2485 4579 2649 4641 atque
2679 4571 2892 4633 virtuti.
2933 4569 3092 4638 cujus
3132 4575 3322 4622 auctor
3356 4567 3492 4621 mihi

1921 4665 2095 4726 fuisti.
2122 4668 2384 4728 conlisus,
2417 4671 2534 4718 tuta
2556 4662 2891 4718 conscientia
2916 4659 3174 4730 apparebo
3196 4658 3494 4728 conspectui

1923 4769 2034 4812 tuo.
2064 4757 2176 4812 Hac
2208 4758 2262 4812 in
2306 4769 2404 4826 spe
2451 4769 2678 4810 versor:
2709 4754 2825 4809 hazc
2867 4752 3002 4807 mihi
3040 4765 3237 4822 magna
3270 4748 3493 4804 Incredi-

1921 4858 2028 4912 tas,
2079 4865 2186 4919 qua
2240 4847 2511 4918 replebor,
2563 4852 2618 4900 et
2670 4843 2736 4898 ad
2783 4843 3087 4898 satietatem
3138 4853 3315 4908 usque
3343 4835 3493 4892 omni

1922 4944 2200 5013 voluptate
2238 4940 2412 5005 l'ruar,
2444 4953 2570 4994 cum
2612 4937 2667 4992 in
2695 4951 2862 5008 regno
2885 4935 3149 4991 caelorum
3179 4929 3492 5003 apparuerit
3533 4957 3546 4968 -

1927 5035 2101 5108 gloria
2131 5042 2242 5089 tua.

2445 5139 2770 5198 PSALMUS
2807 5137 2970 5195 XVII.

1997 5238 2164 5293 Vens.
2201 5237 2251 5292 Ι.
2279 5235 2346 5291 In
2367 5236 2523 5306 finem
2541 5250 2700 5304 puero
2720 5231 2920 5286 domini
2940 5227 3129 5293 David,
3151 5243 3267 5298 quae
3289 5226 3495 5282 locutus

1926 5344 2003 5389 est
2045 5323 2284 5389 Domino
2321 5330 2477 5388 verba
2517 5329 2716 5384 cantici
2747 5325 2927 5396 hujus,
2959 5323 3018 5379 in
3055 5322 3140 5376 die
3166 5337 3272 5391 qua
3299 5319 3494 5389 eripuit

326 5659 401 5730 (l)
441 5648 566 5712 Haec
609 5660 739 5708 sunt
800 5638 1062 5703 Hebraica
1113 5634 1298 5700 verba,
1343 5635 1516 5695 tam
1547 5608 1703 5717 Upim
1738 5611 1895 5689 1531?:
1931 5629 2162 5730 tamab.
2192 5623 2403 5730 Aquilae.
2440 5623 2822 5730 interpretatio
2856 5623 2985 5730 huic
3045 5614 3498 5730 prorsusesimilis

255 5707 429 5807 fer‘tdr
461 5743 894 5820 apudLDrusium
924 5746 981 5820 et
1001 5734 1137 5789 alios
1167 5750 1184 5820 ξ
1212 5730 1304 5785 sed
1322 5724 1803 5820 'Sj-Yl‘Illxt‘lf-lfl'tjnietg

1912 5717 2817 5820 719.35?.‘l‘iﬁ"?§.‘.‘é’f§f‘f§a.‘f.‘?ﬁ“
2857 5715 2962 5771 ἀπδ
3006 5715 3112 5768 τῶν
3146 5707 3499 5765 ἐνδεδοκάτων

251 5788 1024 5896 ἐξ’ᾀέῥιξ’¹ἑζ“ςέ›ῂῗῖί’ἰὲὲιίο
1063 5788 1247 5860 nostra
1291 5788 1578 5861 sincerior,
1604 5810 1725 5865 quae
1757 5795 1811 5848 iu
1833 5795 2086 5850 omnibus
2114 5808 2244 5848 mss.
2275 5791 2526 5848 similiter
2554 5788 2796 5848 ell‘ertur.
