3994 6448
515 340 623 400 167

1219 316 1489 396 Bessan
1523 337 2056 397 cmssmsnsnsc

2169 382 2182 394 .
2207 325 2386 390 PARS
2419 307 2508 383 111.
2534 362 2608 380 ε
2635 317 2723 396 ετ(
2735 338 3045 396 EGETlCA.

3645 339 3753 398 468

502 477 618 516 eum
640 458 896 514 Dominus
918 457 980 512 de
997 473 1154 511 manu
1175 464 1405 513 omnium
1427 461 1760 513 inimicorum
1782 457 1917 525 ejus,
1937 468 1985 510 et
2012 456 2056 508 dt

2170 455 2241 507 ἐν
2267 449 2456 522 ἡμέρᾳ
2513 445 2553 524 ᾖ
2605 456 2897 524 ἐρρύσατο
2945 453 3131 508 αὐτὸν
3176 455 3392 523 Κύριος
3452 454 3520 508 ἐκ
3560 457 3755 524 χειρὸς

504 571 666 609 manu
695 553 846 614 Saul,
889 563 938 606 et
977 552 1138 607 dixit.
1171 552 1535 624 Symmachus
1565 571 1578 606 :
1604 551 1882 605 Canticum
1911 557 2073 603 victo-

503 647 598 701 ria:
625 646 759 700 servi
800 643 1014 698 Domini
1037 642 1232 699 David.

571 816 681 874 Par
708 819 854 874 enim
891 817 994 871 fuit
1026 832 1128 873 nos
1168 834 1236 874 ex
1274 819 1393 890 ipso
1434 819 1643 888 psalmo
1674 816 1939 881 ediscere,
1971 815 2077 870 Da-

501 909 702 973 videm,
747 909 1040 963 occasione
1077 909 1320 964 victoria:
1363 910 1430 964 de
1461 908 1700 963 inimicis
1745 917 1798 960 et
1824 909 2074 963 hostibus

500 1011 686 1071 partae,
736 1001 914 1053 onmis
946 1000 1185 1055 victoriae
1218 1001 1450 1066 auctori,
1491 1002 1585 1071 qui
1623 1000 1745 1054 ideo
1777 1001 2072 1064 νικοποιός,

499 1091 553 1146 id
587 1099 672 1147 est
705 1087 1198 1156 victoria-effector,
1225 1092 1448 1158 dicitur,
1497 1091 1645 1164 quod
1687 1093 1922 1147 victores
1963 1091 2074 1147 elli-

499 1182 631 1247 ciat,
660 1183 1045 1254 triumphalem
1075 1183 1220 1239 hunc
1247 1185 1507 1256 hymnum
1532 1200 1908 1240 consecrasse.
1933 1175 2073 1251 Quia

500 1274 625 1330 item
662 1275 748 1329 hic
779 1276 1012 1346 hymnus
1046 1276 1160 1331 sive
1201 1277 1475 1331 canticum
1516 1277 1864 1347 triumphale,
1911 1275 2074 1330 Davi-

498 1366 585 1422 dis
608 1367 812 1422 dicitur
845 1383 989 1422 esse.
1041 1368 1218 1439 Atque
1260 1368 1314 1421 in
1348 1370 1504 1437 ﬁnem
1538 1369 1860 1423 inscribitur
1889 1387 1902 1422 :
1936 1385 2075 1438 quo-

500 1461 643 1514 niam
686 1461 892 1515 scilicet
927 1461 1218 1529 postremis
1287 1461 1408 1515 vita:
1447 1461 1567 1530 ejus
1608 1461 1789 1524 annis,
1837 1475 1901 1514 ac
1951 1467 2072 1532 post

496 1553 680 1608 omnia
704 1568 824 1623 qua:
850 1553 907 1606 in
932 1553 1158 1607 historia
1192 1551 1442 1607 feruntur
1466 1554 1586 1620 ejus
1615 1569 1802 1624 opera,
1829 1568 2073 1622 pronun-

498 1646 669 1700 tiatus
698 1653 816 1710 est;
852 1653 946 1699 aut
979 1647 1106 1715 quia
1139 1646 1480 1714 prophetiam
1509 1661 1698 1700 eorum
1732 1661 1854 1715 qua:
1880 1646 1933 1699 in
1967 1645 2073 1700 ﬁne

497 1738 681 1794 sazculi
711 1738 1012 1792 obventura
1036 1741 1165 1792 sunt
1193 1739 1478 1804 enuntiat;
1512 1738 1626 1792 sive
1655 1740 1816 1794 tertio
1845 1740 1970 1808 quia
2002 1739 2069 1793 ad

2177 547 2417 601 πάντων
2441 541 2562 602 τῶν
2587 545 2818 615 ἐχθρῶν
2840 545 3047 610 αὐτοῦ,
3082 545 3181 598 καὶ
3215 544 3283 598 ἐκ
3306 544 3503 614 χειρὸς
3529 544 3752 608 Σαοὺλ,

2178 639 2276 690 καὶ
2302 636 2452 690 εἷπε.
2506 635 2817 705 Σύμμαχος·
2863 633 3182 688 Ἐπινίκιον
3225 634 3332 688 τοῦ
3381 632 3606 688 δούλου
3634 637 3754 688 Κυ-

2167 733 2306 798 ρίου
2339 728 2446 783 τοῦ
2480 727 2679 783 Δαυτδ.

2243 819 2385 872 Ἔδει
2409 817 2517 890 γὰρ
2542 820 2688 890 ἡμᾶς
2746 817 3059 886 ἀναγκαίως
3087 817 3196 871 ἀπὸ
3235 815 3329 870 τοῦ
3355 815 3570 888 ψαλμοῦ
3608 817 3755 886 γνῶ-

2175 928 2282 974 ναι,
2327 913 2409 963 ὅτι
2465 909 2558 962 ἐπὶ
2599 912 2720 973 ταῖς
2776 909 2950 973 νίκαις
3012 911 3130 972 ταῖς
3174 908 3316 963 κατὰ
3365 908 3473 961 τῶν
3540 908 3754 981 ἐχθρῶν

2176 1003 2269 1054 καὶ
2309 1001 2580 1072 πολεμίων
2621 1001 2712 1054 τὸν
2765 1000 3121 1072 προκείμενον
3170 999 3337 1071 ὕμνον
3377 1001 3642 1056 ἐπινίκιον
3674 1002 3756 1074 τῷ

2177 1097 2355 1167 πάσης
2418 1095 2576 1166 νίκης
2639 1094 2795 1164 αἰτίῳ
2825 1133 2840 1159 ,
2890 1093 2970 1164 τῷ
3027 1095 3121 1147 καὶ
3158 1094 3384 1164 νικητὰς
3437 1094 3756 1166 ἀπεργαζο-

2178 1188 2342 1258 μένῳ,
2376 1189 2470 1242 καὶ
2510 1187 2598 1240 διὰ
2621 1186 2778 1239 τοῦτο
2799 1185 3056 1255 νικοποιῶ
3090 1186 3430 1258 κεκλημένῳ,
3485 1187 3753 1259 ἀνέθηκεν

2172 1282 2201 1332 ὁ
2230 1279 2410 1332 Δαυῖδο
2446 1281 2539 1332 καὶ
2579 1279 2661 1332 ὅτι
2705 1279 2968 1342 ὲπινίκιος
2995 1271 3149 1342 οὗτος
3193 1280 3222 1331 ό
3271 1277 3438 1349 ὕμνος
3471 1280 3505 1351 ἢ
3558 1282 3591 1351 ὴ
3639 1280 3752 1352 ᾠδὴ

2173 1373 2386 1443 εἴρηται
2417 1370 2510 1424 τοῦ
2539 1371 2719 1424 Δαυῖδ.
2742 1372 2847 1435 Εἰς
2872 1369 2936 1423 τὸ
2968 1370 3141 1437 τέλος
3164 1370 3241 1436 δὲ,
3268 1371 3384 1441 ἦτοι
3416 1370 3504 1425 διὰ
3531 1372 3591 1425 τὸ
3606 1373 3754 1443 ἀμφὶ

2172 1467 2296 1526 τοὺς
2335 1464 2675 1526 τελευταίους
2698 1465 2798 1534 τῆς
2827 1464 2971 1534 ζωῆς
3005 1463 3170 1516 αὑτοῦ
3208 1465 3452 1535 χρόνους,
3486 1466 3581 1520 καὶ
3611 1465 3754 1536 μετὰ

2173 1557 2353 1618 πάσας
2379 1555 2544 1608 αὑτοῦ
2573 1555 2669 1620 τὰς
2697 1555 2919 1628 πράξεις
2951 1555 3046 1618 τὰς
3103 1557 3406 1627 φερομένας
3427 1558 3485 1609 ὲν
3508 1560 3574 1628 τῇ
3606 1559 3753 1611 ἰστο-

2174 1651 2267 1721 ρίᾳ
2316 1649 2581 1719 λελέχθαι⁹
2626 1649 2659 1720 ἢ
2715 1649 2804 1702 διὰ
2846 1648 2906 1702 τὸ
2957 1649 3292 1721 προφητείας
3337 1650 3611 1721 περιέχειν
3641 1651 3752 1703 τῶν

2176 1741 2473 1812 μελλόντων
2532 1741 2751 1794 ἔσεσθαι
2797 1742 2889 1794 ἐπὶ
2954 1742 3234 1813 συντελείᾳ
3296 1741 3392 1795 τοῦ
3446 1743 3661 1806 αἰῶνοςο
3713 1743 3750 1813 ἢ

494 1843 558 1884 ca
593 1843 712 1898 quae
755 1829 810 1882 in
861 1833 1135 1898 postrema
1177 1829 1342 1898 hujus
1375 1830 1562 1901 hymni
1609 1838 1766 1900 parte
1797 1830 2056 1885 feruntur.

2172 1833 2372 1904 τρίτον,
2397 1833 2484 1885 διὰ
2520 1831 2580 1884 τὸ
2617 1834 2708 1885 ἐπὶ
2745 1833 2815 1885 τὰ
2839 1833 2963 1904 τέλη
3017 1834 3126 1887 τῶν
3156 1834 3546 1906 ἐμφερομένων
3573 1833 3752 1902 λόγων

494 1922 666 1976 lector
693 1922 1009 1977 remittitur.
1036 1921 1093 1975 In
1114 1937 1223 1992 quo
1248 1920 1494 1995 [triplici]
1528 1923 1655 1984 line,
1688 1924 1903 1977 vocatio
1934 1939 2066 1994 gen-

491 2014 627 2068 tium
659 2023 711 2068 et
737 2014 1019 2084 prOphetia
1048 2014 1114 2068 de
1144 2013 1388 2068 Christo.
1420 2013 1534 2068 Hoc
1565 2023 1746 2068 autem
1785 2013 1944 2068 modo
1977 2029 2068 2066 va-

491 2105 774 2173 ticinatur,
802 2116 860 2160 ut
900 2104 1120 2162 Sanletu
1156 2123 1280 2162 cum
1317 2107 1442 2161 aliis
1486 2107 1742 2160 omnibus
1781 2121 1885 2160 una
1917 2122 2066 2160 com-

490 2195 779 2265 plectatur.
841 2197 960 2250 Alia
1024 2213 1243 2268 quoque
1291 2195 1500 2251 ratione
1547 2199 1722 2267 ipsum
1782 2197 1849 2251 de
1898 2213 2062 2251 manu

493 2285 623 2340 Saul
657 2287 907 2342 liberavit
935 2306 949 2343 :
985 2287 1298 2358 frequenter
1327 2289 1470 2344 enim
1495 2303 1591 2357 per
1619 2304 1833 2340 manum
1870 2287 2066 2342 intelli-

488 2378 636 2450 gitur
672 2394 832 2449 opus.
863 2379 1032 2450 Igitur
1065 2381 1158 2450 qui
1201 2381 1452 2435 liberavit
1484 2379 1738 2433 Davidem
1771 2395 1836 2434 ex
1885 2369 2088 2433 omni-'

489 2470 594 2525 bus
626 2469 862 2524 inimicis
892 2471 1028 2538 suis,
1057 2472 1182 2540 jure
1204 2486 1269 2525 ac
1297 2481 1698 2540 consequenter
1727 2470 1906 2539 ipsum
1946 2484 2064 2523 ma-

483 2562 699 2635 joribus
744 2563 1022 2619 beneficiis
1051 2565 1388 2627 devinciens,
1423 2579 1491 2618 ex
1524 2563 1625 2616 hac
1660 2560 1840 2617 Saulis
1875 2579 2060 2628 manu,

488 2658 604 2713 sive
628 2673 814 2728 opere,
861 2659 1067 2728 pariter
1099 2658 1338 2728 eripuit,
1385 2665 1444 2710 ut
1480 2673 1586 2710 non
1623 2657 1775 2726 paria
1810 2671 1934 2711 cum
1969 2657 2063 2712 illo

488 2733 790 2818 pateretur.

559 2839 726 2897 Vens.
761 2841 817 2907 2,
852 2843 886 2896 5
949 2841 1182 2912 Diligam
1221 2851 1288 2903 te,
1331 2839 1572 2906 Domine,
1605 2840 1863 2910 fortitudo
1905 2858 2060 2896 mea:

486 2933 745 2989 Dominus
773 2938 1167 3006 ﬁrmamentum
1207 2951 1375 2988 meum
1407 2944 1456 2988 et
1481 2935 1744 3004 refugium
1785 2951 1979 2998 meum,
2007 2946 2058 2988 et

488 3027 740 3084 liberator
769 3045 930 3081 meus.
967 3027 1109 3081 Deus
1148 3043 1292 3081 meus
1323 3027 1538 3095 adjutor
1567 3042 1732 3092 meus,
1761 3035 1810 3079 et
1839 3025 2058 3093 sperabo

485 3121 543 3175 in
569 3135 688 3176 eum
714 3135 732 3173 :
754 3127 1017 3190 protector
1041 3135 1184 3172 meus
1214 3127 1263 3172 et
1298 3133 1461 3170 cornu
1495 3118 1686 3171 salutis
1707 3133 1832 3170 mea:
1859 3127 1906 3170 et
1934 3134 2056 3171 sus-

2171 1924 2264 1975 τοῦ
2289 1922 2646 1993 προκειμένου
2700 1921 2872 1993 ὕμνου
2895 1923 2985 1976 τὸν
3025 1924 3422 1993 ἐντυγχάνοντα
3455 1923 3750 1994 παραπέμ-

2172 2029 2310 2066 πεινο
2349 2016 2407 2066 ὲν
2433 2009 2514 2077 οἷς
2566 2013 2826 2084 τέλεσινὴ
2856 2013 3049 2084 κλῆσις
3087 2014 3194 2068 τῶν
3239 2013 3407 2067 ἐθνῶν
3430 2014 3526 2068 καὶ
3557 2017 3590 2084 ἡ
3625 2014 3750 2085 περὶ

2169 2105 2263 2158 τοῦ
2299 2105 2533 2176 Χριστοῦ
2572 2107 2897 2178 προφητεία.
2963 2106 3164 2160 Τοῦτον
3209 2105 3455 2170 θεσπίζει
3497 2106 3588 2158 τὸν
3625 2107 3738 2176 τρό-

2171 2214 2289 2261 πον,
2322 2215 2385 2249 συ
2395 2197 2991 2268 μπαραλαμὸανομένου
3021 2203 3132 2261 τοῖς
3161 2199 3296 2250 πᾶσι
3325 2198 3416 2251 καὶ
3444 2197 3536 2251 τοῦ
3555 2196 3744 2251 Σαούλ.

2176 2289 2286 2344 Καὶ
2309 2289 2480 2353 ἄλλως
2510 2287 2566 2340 δὲ
2595 2287 2753 2340 αὑτὸν
2787 2288 2851 2340 ὲκ
2895 2286 3074 2358 χειρὸς
3111 2287 3282 2341 Σαοὺλ
3325 2289 3612 2360 ἐρρύσατο,
3646 2293 3745 2364 τῆς

2175 2379 2356 2450 χειρὸς
2398 2377 2655 2440 πολλάκις
2707 2377 2824 2430 ἀντὶ
2859 2378 3106 2447 πράξεως
3153 2379 3738 2453 παραλαμϐανομένης,

2175 2471 2412 2532 Εἰκότως
2461 2465 2553 2522 οὖν
2600 2470 2628 2520 ὁ
2673 2467 2972 2539 ῥυσάμενος
3021 2467 3182 2522 Δαυῖδ
3241 2471 3305 2522 ὲκ
3367 2471 3583 2525 πάντων
3631 2474 3742 2526 τῶν

2175 2561 2382 2633 ἐχθρῶν
2409 2560 2595 2621 αὐτοῦ,
2634 2561 2891 2631 μειζόνως
2923 2560 3082 2613 αὑτὸν
3124 2561 3456 2632 εὐεργετῶν,
3492 2564 3584 2616 καὶ
3610 2564 3730 2618 ταύο

2174 2671 2279 2724 της
2322 2653 2420 2722 τῆς
2456 2651 2633 2723 χειρὸς
2673 2651 2767 2704 τοῦ
2817 2651 3004 2716 Σαοὺλ,
3055 2654 3298 2706 τουτέστι
3343 2655 3443 2724 τῆς
3488 2657 3740 2728 πράξεως

2175 2744 2363 2807 αὑτοῦ,
2397 2745 2684 2816 ἐρρύσατο,
2711 2744 2785 2807 ὡς
2823 2745 2899 2816 μὴ
2928 2744 2995 2798 τὰ
3017 2747 3177 2816 ὃμοια
3205 2746 3396 2800 παθεῖν
3425 2748 3638 2819 ἐκείνῳ.

2247 2833 2566 2904 Ἀγαπήσω
2592 2850 2686 2896 σε,
2734 2834 2931 2900 Κύριε,
2967 2833 3144 2902 ἰσχύς
3177 2849 3314 2900 μου·
3352 2832 3566 2900 Κύριος
3603 2847 3741 2885 στε-

2157 2923 2358 2993 ρέωμά
2377 2942 2497 2994 μου
2523 2924 2622 2978 καὶ
2649 2923 2960 2994 καταφυγή
2999 2941 3141 2993 μου,
3191 2923 3288 2976 καὶ
3314 2924 3549 2991 ρύστης
3598 2942 3740 2992 μου.

2177 3017 2239 3069 '0
2275 3017 2417 3082 Θεός
2442 3035 2580 3086 μου,
2607 3017 2833 3085 ,βοηθός
2857 3033 2999 3086 μου,
3024 3016 3122 3068 καὶ
3163 3015 3350 3069 unus
3391 3015 3485 3068 ἐπ’
3533 3017 3741 3069 αὐτόν’

2164 3109 2618 3177 ὑπερασπιστὴς
2682 3127 2820 3178 μου,
2889 3110 2988 3162 καὶ
3033 3107 3209 3177 κέρας
3256 3106 3366 3175 τῆς
3443 3108 3742 3176 σωτηρίας

482 3221 660 3281 ceptor
707 3227 850 3265 meus
894 3251 907 3266 .
953 3248 967 3263 .
1014 3251 1028 3266 .
1075 3250 1089 3264 .
1134 3249 1150 3265 .
1210 3252 1223 3264 .
1270 3248 1284 3262 .
1357 3208 1475 3261 Alia
1523 3223 1742 3278 quoque
1792 3209 2056 3263 sententia

2163 3220 2314 3271 μου,
2369 3202 2467 3256 καί
2525 3203 2902 3270 ἀντιλήπτωρ
2955 3219 3072 3271 μου
3115 3241 3129 3255 .
3175 3241 3190 3254 .
3233 3239 3250 3256 .
3294 3241 3310 3255 .
3356 3239 3370 3253 .
3412 3197 3522 3254 Καὶ
3565 3200 3742 3264 ἄλλως

483 3299 653 3358 Deum
685 3309 845 3356 vocat
871 3299 1267 3362 fortitudinem,
1298 3299 1590 3352 humanam
1615 3298 1883 3354 conﬁtens
1911 3301 2063 3353 intir-

481 3393 755 3454 mitatem,
803 3405 926 3460 qua:
968 3391 1088 3445 sine
1122 3389 1232 3444 Deo
1263 3389 1398 3443 nihil
1448 3403 1610 3458 agere
1647 3389 1854 3457 valeat;
1891 3405 2061 3459 quare

483 3483 567 3539 sic
613 3483 690 3536 ait
728 3483 968 3536 Paulus:
999 3479 1194 3536 Omnia
1233 3495 1445 3548 possum
1497 3480 1548 3532 in
1589 3476 1799 3534 Christo
1849 3481 1939 3550 qui
1979 3495 2060 3532 me

483 3575 748 3645 eonfortat
772 3574 839 3628 ⁵⁸.
877 3573 1075 3643 Aquila
1109 3586 1273 3642 porro
1317 3581 1370 3626 et
1413 3570 1796 3642 Symmachus,
1843 3573 1960 3626 vice
1990 3571 2057 3626 il-

483 3668 612 3730 Ιὶιιε,
675 3666 966 3738 fortitudo,
1012 3676 1219 3735 petram
1271 3664 1610 3733 interpretati
1669 3672 1838 3718 sunt:
1873 3665 2056 3734 aitque

481 3776 714 3830 magnus
761 3758 1057 3829 Apostolus
1087 3776 1101 3812 :
1130 3755 1294 3810 Petra
1335 3765 1511 3809 autem
1558 3766 1674 3808 erat
1716 3753 1957 3809 Christus
1982 3755 2049 3809 ⁸⁸.

479 3849 615 3903 Cum
649 3863 813 3918 supra
856 3856 1064 3918 petram
1097 3846 1260 3909 hanc,
1291 3846 1512 3900 domum
1545 3861 1698 3899 suam
1737 3846 1902 3899 David
1930 3845 2052 3900 fun-

478 3939 686 4006 dasset,
714 3940 912 3996 similis
951 3947 1067 3994 erat
1107 3939 1215 3992 viro
1237 3939 1481 4006 sapienti,
1513 3938 1602 4006 qui
1630 3936 1910 4006 wdiﬁcarit
1950 3938 2049 3991 do-

480 4049 623 4086 mum
663 4047 816 4085 suam
853 4047 1019 4102 supra
1065 4038 1266 4099 petram
1287 4029 1354 4083 ⁸⁸.
1405 4027 1750 4097 Quapropter
1794 4027 2047 4082 omnibus

477 4124 717 4180 inimicis
755 4124 896 4187 suis,
952 4123 1045 4191 qui
1081 4122 1296 4191 pluviae,
1336 4127 1624 4174 ventorum
1678 4126 1732 4173 et
1761 4116 2045 4171 lltnninum

476 4216 650 4270 instar
682 4214 1077 4284 impingebant,
1133 4211 1385 4282 superior
1433 4210 1659 4264 eliectus
1699 4219 1803 4263 est.
1841 4206 2043 4262 Verum

475 4321 651 4376 neque
692 4305 1018 4359 satellitibus
1071 4319 1135 4358 ac
1183 4300 1447 4357 exercitui
1503 4300 1748 4355 conlisus
1798 4307 1902 4363 est,
1947 4297 2044 4353 sed

472 4399 584 4456 Deo
607 4413 767 4468 quem
799 4397 989 4451 habuit
1016 4395 1421 4466 opitulatorem,
1448 4394 1596 4447 omni
1627 4407 1823 4464 genere
1858 4407 2042 4446 armo-

472 4507 592 4547 rum
641 4492 970 4546 instructum
1012 4499 1066 4544 et
1112 4503 1284 4543 cornu
1331 4487 1548 4550 salutis,
1587 4487 1658 4539 ita
1702 4492 1762 4538 ut
1790 4485 2036 4541 diceret:

472 4581 539 4640 In
569 4593 616 4637 te
641 4584 877 4637 inimicos
911 4592 1119 4637 nostros
1148 4581 1515 4636 ventilabimus
1539 4596 1701 4634 cornu
1721 4581 1788 4633 ⁸⁷.

541 4675 708 4731 Vens.
773 4676 893 4730 5-7.
939 4675 1406 4731 Circumdederunt
1487 4690 1567 4726 me
1629 4673 1835 4726 datores
1897 4686 2038 4724 mor-

471 4771 560 4834 tis,
585 4779 633 4824 et
665 4779 917 4824 torrentes
945 4770 1242 4840 iniquitatis
1271 4766 1712 4822 conturbauerunt
1737 4781 1836 4819 me.
1875 4762 2040 4816 Dolo-

469 4877 552 4917 res
583 4862 774 4931 inferni
811 4862 1272 4916 circumdederunt
1304 4877 1404 4923 me,
1437 4863 1928 4926 praeoccupaverunt
1959 4871 2039 4909 me

469 4951 642 5022 laquei
675 4953 880 5005 mortis.
918 4949 983 5004 In
1034 4950 1373 5004 tribulatione
1407 4965 1522 5002 mea
1574 4947 1805 5002 invocavi
1860 4945 2040 4998 Domi-

468 5058 615 5107 num,
648 5053 698 5096 et
746 5042 814 5096 ad
853 5042 1020 5096 Deum
1078 5058 1249 5096 meum
1283 5041 1528 5094 clamavi.
1564 5039 1631 5092 Et
1667 5037 1931 5093 exaudivit
1976 5036 2039 5090 de

469 5134 658 5200 templo
695 5143 876 5188 sancto
913 5151 1007 5188 sua
1040 5151 1213 5188 vocem
1258 5151 1449 5200 meam,
1481 5143 1530 5188 et
1571 5132 1772 5185 clamor
1805 5146 1950 5184 meus
1982 5130 2037 5181 in

466 5235 739 5294 conspectu
759 5225 873 5295 ejus
907 5226 1142 5280 introibit
1167 5228 1220 5279 in
1249 5242 1402 5280 aures
1430 5225 1564 5295 ejus.
1601 5221 1698 5278 His
1729 5221 1889 5276 docet
1927 5233 2034 5289 quo

466 5324 627 5387 pacto
660 5331 691 5370 a
711 5317 1052 5372 torrentibus
1091 5317 1402 5388 iniquitatis
1427 5317 1700 5378 turbatus,
1723 5320 1778 5369 et
1808 5311 2033 5381 reliquis

465 5425 588 5481 qua:
615 5425 778 5480 supra
827 5420 1200 5466 memorantur
1240 5411 1399 5466 malis
1443 5408 1872 5470 circumventus,
1907 5420 2031 5460 cum

465 5519 527 5559 se
554 5504 609 5559 in
641 5504 886 5576 periculo
913 5505 1270 5558 constitutum
1304 5519 1424 5559 esse
1454 5502 1699 5563 sentiret,
1733 5498 1801 5554 ad
1834 5496 2030 5554 salutis

463 5611 577 5654 sua:
609 5606 823 5667 portum
864 5594 1132 5666 confugit.
1169 5594 1534 5662 Quamobrem
1571 5593 1684 5647 ait:
1719 5589 1785 5645 In
1807 5588 2030 5644 tribula-

534 5775 580 5810 "
616 5775 846 5848 Phiiipp.
902 5793 972 5842 tv,
1015 5776 1097 5832 15.
1173 5778 1262 5833 ⁸⁵1
1297 5776 1420 5833 Cor.
1470 5792 1523 5840 ι,
1565 5775 1612 5828 l.

2163 3293 2218 3345 δὲ
2248 3295 2400 3363 ἰσχὺν
2429 3293 2584 3346 καλεί
2608 3293 2696 3346 τὸν
2724 3293 2876 3356 Θεὸν,
2926 3291 3200 3363 ὁμολογῶν
3242 3291 3339 3363 τὴν
3393 3291 3740 3362 ἀνθρωπίνην

2161 3385 2466 3450 ἀσθένειαν,
2499 3387 2591 3440 καὶ
2613 3385 2688 3449 ὡς
2719 3385 2872 3439 οὐδὲν
2923 3383 2988 3437 ἂν
3023 3385 3243 3454 ἴσχυσεν
3280 3385 3409 3438 ἄνευ
3455 3382 3612 3437 Θεοῦ·
3640 3385 3739 3437 καὶ

2161 3476 2374 3542 Παῦλος
2423 3477 2535 3548 γὰρ
2569 3477 2692 3548 ἔφη’
2730 3476 2931 3530 Πάντα
2999 3479 3187 3546 ἰσχύω
3233 3477 3304 3530 ἐν
3356 3475 3437 3542 τῷ
3480 3475 3738 3529 ἐνδυνα-

2153 3569 2370 3639 μοῦντί
2391 3587 2466 3639 με
2490 3569 2742 3638 Χριστῷ.
2783 3570 3011 3634 Ἀκύλας
3063 3570 3118 3623 δὲ
3153 3570 3248 3623 καὶ
3291 3569 3583 3640 Σύμμαχος
3614 3567 3738 3621 ἀντὶ

2157 3661 2272 3727 τοῦ,
2303 3662 2625 3731 στερέωμα,
2662 3662 2865 3730 πέτραν
2895 3661 3265 3734 ἡρμήνευσαν·
3291 3661 3396 3732 ἔφη
3446 3661 3503 3715 δὲ
3559 3664 3652 3715 καὶ
3707 3665 3738 3715 ό

2158 3756 2333 3827 μέγας
2350 3755 2684 3818 Ἀπόστολος·
2704 3755 2763 3808 Ἠ
2776 3755 2958 3823 πέτρα
2974 3755 3040 3807 δὲ
3054 3751 3130 3824 ἦν
3145 3758 3176 3808 ὁ
3188 3751 3457 3823 Χριστός.
3475 3755 3598 3808 Ἐπὶ
3611 3756 3738 3810 ταύ-

2153 3866 2251 3920 την
2280 3849 2376 3921 τὴν
2408 3849 2612 3920 πέτραν
2630 3850 2728 3920 τὴν
2751 3849 2942 3902 ἑαυτοῦ
2971 3848 3148 3901 οἰκίαν
3181 3847 3476 3917 οἰκοδομῶν
3501 3849 3529 3900 ὁ
3547 3847 3731 3910 Δαυῖὸ,

2153 3941 2476 4010 ἀφωμοίωτο
2516 3938 2595 4006 τῷ
2645 3939 2906 4010 φρονίμῳ
2957 3939 3036 4005 τῷ
3107 3937 3564 4007 οἰκοδομήσαντι
3615 3939 3735 4006 τὴν

2149 4032 2366 4086 ἑαυτοῦ
2413 4034 2610 4085 οὶκίαν
2657 4033 2754 4085 ἐπὶ
2789 4031 2903 4100 τὴν
2956 4033 3198 4100 πέτραν.
3250 4032 3342 4085 Διὸ
3392 4033 3484 4085 καὶ
3512 4033 3731 4086 πάντων

2149 4126 2410 4195 κρείττων
2431 4126 2668 4192 ἐγένετο,
2713 4123 2822 4176 τῶν
2859 4124 3014 4177 ὑετοῦ
3075 4124 3251 4194 δίκην,
3302 4125 3623 4196 πνευμάτων
3667 4141 3727 4177 τε

2148 4217 2242 4270 καὶ
2272 4215 2528 4286 ποταμῶν
2568 4215 3010 4287 προσϐαλλόντων
3058 4215 3205 4285 αὐτῷ
3252 4215 3547 4286 πολεμίων.
3584 4213 3725 4268 Ἀλλ’

2145 4307 2264 4361 οὐδὲ
2292 4307 2384 4360 ἐπὶ
2413 4307 2746 4379 δορυφόρους
2800 4306 3023 4378 ἤλπιζεν
3072 4307 3104 4377 ἢ
3165 4303 3412 4379 στρατὸν,
3475 4305 3589 4360 ἀλλ’
3630 4307 3724 4360 ἐπὶ

2143 4397 2293 4462 Θεὸν,
2340 4397 2530 4469 βοηθὸν
2563 4397 2723 4450 αὐτὸν
2749 4397 2909 4466 ἔχων,
2937 4397 3234 4451 πανοπλίαν
3259 4399 3353 4452 καὶ⁸
3383 4397 3568 4468 κέρας’
3591 4398 3720 4451 ὥστ’

2145 4487 2211 4541 ἂν
2239 4489 2411 4540 εἰπεῖν
2441 4487 2536 4540 καὶ
2563 4487 2743 4540 αὐτόν·
2789 4488 2885 4542 Ἑν
2920 4487 3019 4540 σοὶ
3076 4488 3217 4554 τοὺς
3258 4489 3511 4556 ἐχθροὺς
3553 4487 3723 4557 ἡμῶν

2143 4579 2545 4646 κερατιοῦμεν.

2212 4669 2542 4738 Περιέσχον
2589 4687 2667 4739 με
2713 4669 2921 4736 ὠδῖνες
2956 4669 3216 4724 θανάτου
3266 4671 3364 4724 καί
3416 4672 3720 4741 χείμαρροι

2143 4763 2390 4831 ἀνομίας
2411 4760 2777 4829 ἐξετάραξάν
2791 4779 2886 4830 με.
2920 4761 3138 4827 Ὡδῖνες
3160 4761 3305 4829 ᾅδου
3329 4764 3722 4830 περιεκύκλω-

2143 4853 2263 4906 σάν
2284 4869 2380 4922 με,
2424 4851 2813 4922 προέρθασάν
2835 4869 2912 4921 με
2933 4854 3180 4922 παγίδες
3211 4853 3488 4908 θανάτου.
3517 4854 3625 4907 Καὶ
3649 4854 3722 4906 ὲν

2144 4945 2224 5011 τῷ
2253 4947 2560 5000 θλίϐεσθαι
2578 4962 2654 5014 με
2677 4944 3140 5013 ἐπεκαλεσάμην
3170 4945 3278 4999 τὸν
3328 4947 3568 5014 Κύριον,
3621 4944 3721 5001 καὶ

2143 5039 2292 5107 πρὸς
2317 5038 2424 5092 τὸν
2470 5038 2617 5091 Θεόν
2657 5057 2776 5107 μου
2803 5036 3114 5106 ἐκέκραξα.
3153 5040 3455 5093 Ἤκουσεν
3475 5039 3541 5092 ἐκ
3566 5038 3717 5094 ναοῦ

2142 5131 2314 5200 ἁγίου
2346 5132 2531 5185 αὐτοῦ
2561 5130 2675 5200 τὴν
2711 5130 2919 5200 φωνήν
2938 5148 3079 5200 μου,
3119 5131 3215 5184 καὶ
3257 5133 3294 5198 ἠ
3323 5130 3551 5200 κραυγή
3595 5147 3717 5199 μου

2142 5221 2398 5275 ἐνώπιον
2424 5221 2610 5276 αὐτοῦ
2643 5223 3051 5276 εἰσελεύσεται
3102 5225 3192 5289 εὶς
3221 5221 3293 5275 τὰ
3339 5217 3457 5275 ὦτα
3501 5220 3706 5275 αὐτοῦ.

2138 5315 2386 5368 Διδάσκει
2410 5315 2498 5367 διὰ
2528 5314 2731 5369 τούτων
2756 5313 2874 5368 τίνα
2907 5314 3124 5386 τρόπον,
3175 5315 3264 5367 καὶ
3297 5314 3402 5368 ὑπὸ
3441 5313 3550 5366 τῶν
3602 5331 3714 5385 χει·

2139 5408 2364 5478 μάρρων
2396 5407 2493 5476 τῆς
2515 5407 2744 5477 ἀνομίας
2764 5407 3185 5478 ταρασσόμενος,
3217 5407 3311 5459 καὶ
3357 5405 3429 5459 τὰ
3451 5405 3612 5458 λοιπὰ
3644 5405 3711 5458 τὰ

2135 5497 2504 5570 προειρημένα
2549 5497 2800 5567 πάσχων,
2829 5498 3024 5570 ᾔσθετο
3070 5497 3232 5553 αὑτοῦ
3288 5496 3706 5559 κινδυνεύοντος,

2134 5589 2336 5644 ὲπὶτδν
2363 5588 2558 5658 λιμένα
2585 5589 2686 5660 τῆς
2705 5590 2897 5646 ἑαυτοῦ
2942 5593 3212 5663 σωτηρίας
3243 5589 3565 5662 κατέφευγε.
3611 5587 3708 5645 Διό

1693 5773 1737 5806 ⁸⁶
1764 5769 1952 5828 Matth.
1977 5775 2088 5840 gvu,
2116 5763 2204 5822 Ἠ.
2285 5769 2329 5803 ⁵⁷
2353 5766 2494 5824 Psal.
2529 5782 2687 5834 mu,
2724 5768 2777 5822 6.
