3994 6448
299 335 406 390 969

1431 339 1938 399 COMMENTARIA
1976 341 2041 396 IN
2083 339 2424 397 PSALMOS.

3427 338 3532 396 ΠΟ

296 469 484 524 φησιν’
531 455 632 508 ἐν
665 454 744 521 τῷ
775 458 1076 512 θλίϐεσθαι
1126 459 1588 530 ἐπεκαλεσάμην
1617 459 1722 513 τὸν
1751 460 1849 512 Κύε

1969 461 2106 513 tione
2158 475 2273 513 mea
2315 456 2548 512 invocavi
2601 454 2904 520 Dominum,
2953 461 3004 508 et
3047 453 3118 508 ad
3155 452 3325 508 Deum
3359 471 3530 510 meum

293 559 446 612 ριον,
478 546 575 598 καί
631 545 775 615 πρὸς
844 548 950 603 τὸν
1000 551 1150 605 Θεόν
1200 567 1321 620 μου
1364 551 1680 620 ἐκέκραξα.
1731 545 1862 604 Εἶτα

291 632 553 698 διδάσκει,
599 635 674 699 ὡς
729 638 829 692 οὐκ
871 641 1138 712 ἠστόχησε
1209 640 1304 694 τοῦ
1375 641 1575 696 σκοποῦ
1641 641 1864 695 τοιαῦτα

291 725 610 790 πιστεύσας
641 727 678 796 ἠ
705 731 814 803 γὰρ
841 731 1018 798 ἐλπίς
1041 735 1114 787 οὐ
1137 735 1542 805 καταισχύνει.
1559 734 1652 788 Διὸ
1675 735 1866 804 ἐπιφέ-

290 832 403 888 per
440 819 734 874 Ἤκουσεν
755 821 825 874 ἐκ
851 823 1000 878 ναοῦ
1032 825 1202 895 ἁγίου
1231 826 1414 882 αὐτοῦ
1471 825 1676 896 φωνῆς
1721 845 1862 898 μου.

289 909 397 963 καὶ
427 910 468 979 ἡ
502 911 731 981 κραυγή
762 932 881 984 μου
942 917 1198 972 ἐνώπιον
1242 917 1428 973 αὐτοῦ
1458 921 1868 975 εἰσελεύσεται

287 1005 382 1070 εις
411 1004 484 1058 τὰ
530 1001 652 1060 ὦτα
697 1009 900 1064 αὐτοῦ.
931 1011 1074 1064 Ναδν
1115 1012 1170 1066 δὲ
1212 1012 1346 1066 Θεοῦ
1379 1015 1435 1066 ὲν
1470 1015 1680 1079 τούτοις
1715 1020 1866 1070 ποῖον

287 1096 401 1168 χρὴ
445 1101 582 1152 νοεῖν
613 1099 997 1169 λέγεσθαι-ὑπὸ
1017 1104 1111 1158 τοῦ
1134 1105 1313 1170 Δαυῒδ,
1365 1107 1530 1178 μήπω
1554 1107 1647 1161 τοῦ
1675 1110 1733 1162 ἐν
1772 1109 1867 1162 Ἰε-

288 1187 613 1260 ροσολύμοις
645 1191 792 1245 οἴκου
843 1193 1372 1264 κατεσκευασμένου,
1420 1195 1453 1267 ἢ
1500 1196 1717 1259 πάντως
1759 1213 1862 1249 που

283 1277 391 1350 τὴν
437 1281 753 1353 ἐπουράνιον
779 1283 930 1339 πόλιν
972 1284 1068 1338 τοῦ
1096 1285 1252 1350 Θεοῦ,
1310 1287 1405 1340 καὶ
1436 1287 1534 1359 τὴν
1583 1287 1694 1342 ἄνω
1765 1289 1863 1341 Ἰε-

289 1373 590 1446 ρουσαλὴμ,
621 1371 688 1448 ἧς
710 1376 872 1433 είκὼν
913 1377 1206 1450 ἐτύγχανεν
1251 1381 1279 1433 ὁ
1313 1382 1402 1434 ἐπὶ
1443 1382 1542 1452 τῆς
1571 1382 1674 1455 γῆς
1729 1399 1864 1435 κατ-

283 1468 686 1538 εσκευασμένος
704 1470 837 1534 νεώς
857 1486 873 1537 ;

357 1557 469 1613 Καὶ
491 1558 795 1630 ’ἐσαλεύθη
829 1563 925 1617 καί
965 1565 1246 1634 ἔντρομος
1274 1565 1524 1634 ἐγενήθη
1565 1569 1603 1636 ἡ
1642 1566 1736 1638 γῆ,
1765 1567 1860 1622 καί

287 1650 360 1705 τὰ
389 1651 630 1721 θεμέλια
659 1653 776 1709 τῶν
806 1655 988 1725 ὀρέων
1019 1657 1437 1727 ἐταράχθησαν
1473 1661 1570 1714 καὶ
1606 1660 1859 1716 ἐσαλεύ-

287 1747 507 1811 θησαν,
555 1745 645 1801 ὅτι
693 1747 955 1818 ὠργίσθη
1012 1749 1217 1816 αὐτοῖς
1263 1752 1296 1804 ό
1339 1753 1502 1817 Θεός.
1550 1753 1859 1807 Λευκὸτατα

289 1835 643 1908 προφητεύων
673 1837 770 1910 τὴν
815 1839 1113 1895 κατάϐασιν
1144 1840 1236 1894 τοῦ
1265 1843 1473 1914 Κυρίου
1515 1842 1601 1896 διὰ
1639 1843 1730 1897 τὸν
1758 1843 1857 1897 θά-

286 1923 446 1980 νατον
477 1927 571 1981 καὶ
611 1928 737 1991 τοὺς
762 1927 1101 2001 χειμάρρους
1137 1929 1237 2000 τῆς
1271 1930 1518 2001 ἀνομίας,
1553 1929 1644 1984 διά
1671 1947 1729 1984 τε
1758 1931 1856 1996 τὰς

286 2015 481 2083 ὠδῖνας
513 2017 604 2072 τοῦ
635 2019 760 2091 ᾅδου
799 2021 892 2074 καὶ
921 2020 1022 2086 τάς
1059 2021 1290 2090 παγίδας
1323 2021 1418 2076 τοῦ
1471 2022 1726 2086 θανάτου,
1760 2021 1857 2094 τὴν

285 2106 349 2175 ἑξ
388 2109 628 2183 οὐρανῶν
661 2111 957 2168 κατάϐασιν
988 2113 1375 2185 πεποιημένου.
1423 2113 1546 2168 Ἐπὶ
1584 2117 1650 2186 τῇ
1686 2131 1856 2171 κατα-

285 2200 442 2257 ϐάσει
481 2203 645 2258 αὐτοῦ
697 2204 818 2259 τίνα
866 2205 1180 2278 πέπρακται
1226 2207 1600 2281 προδιηγεῖται
1647 2207 1851 2276 λέγων·

285 2294 395 2348 Καὶ
423 2295 721 2366 ἐσαλεύθη
751 2297 849 2352 καί
896 2299 1181 2370 ἔντρομος
1220 2299 1474 2370 ἐγενήθη
1512 2301 1552 2369 ἡ
1589 2300 1665 2370 γῆ
1689 2316 1704 2332 ο
1738 2299 1854 2353 ἀνθ’

283 2378 347 2440 οὖ
385 2385 614 2451 ’Δκύλας
655 2389 819 2460 φησί·
849 2390 956 2445 Kal
988 2391 1233 2461 ἐκινήθη
1281 2393 1381 2447 καὶ
1411 2393 1656 2461 ἐσείσθη
1685 2393 1724 2461 ἡ
1754 2391 1849 2461 γῆ.

281 2477 570 2550 Μαρτυρεῖ
603 2478 660 2532 δὲ
685 2480 763 2551 τῷ
787 2480 929 2552 λόγῳ
955 2481 1016 2536 τὸ
1041 2483 1222 2554 ἔργον.
1271 2483 1358 2547 Ὠς
1396 2483 1507 2555 γὰρ
1535 2482 1792 2554 ἐπεδήμει
1824 2483 1852 2534 ὁ

295 2565 446 2632 ’Υἱὸς
485 2567 581 2623 τοῦ
614 2568 748 2624 Θεοῦ
775 2573 840 2642 τῇ
873 2573 943 2644 γῇ
966 2573 1108 2632 κατά
1130 2574 1230 2646 τὴν
1259 2572 1520 2646 ἐνσαρκον
1551 2573 1714 2628 αὑτοῦ
1748 2590 1853 2627 πα-

283 2662 530 2737 ρουσίαν,
575 2663 775 2730 πάντες
803 2669 852 2718 οί
886 2666 946 2720 τὸ
992 2667 1090 2738 τῆς
1137 2667 1237 2737 γῆς
1273 2671 1530 2739 στοιχεῖον
1578 2666 1851 2730 οἰκοῦντες

281 2755 613 2828 ικινήθησαν
641 2756 735 2812 καὶ
770 2759 1116 2830 ἐσείσθησαν·
1150 2760 1299 2814 πᾶσά
1321 2777 1380 2814 τε
1403 2758 1538 2830 ἀκοὴ
1569 2757 1848 2829 Ἑλληνική

283 2863 345 2902 τε
378 2847 471 2901 καὶ
503 2847 776 2922 βάρϐαρος
800 2849 1098 2923 ἐπληροῦτο
1136 2853 1236 2923 τῆς
1279 2852 1406 2924 περὶ
1435 2849 1599 2906 αὐτοῦ
1641 2850 1847 2921 φήμης.

283 2937 367 2992 Τὰ
394 2938 450 2992 δὲ
479 2939 742 3012 λεγόμενα
771 2941 879 2996 τῶν
903 2943 1071 3014 ὀρέων
1101 2943 1322 3014 θεμέλια
1351 2941 1723 3013 ἐταράχθησαν
1757 2939 1852 2994 καὶ

284 3028 684 3104 ἑσαλεύθησαν·
722 3032 754 3104 ἢ
799 3033 939 3088 κατά
969 3033 1061 3088 τὸν
1099 3033 1415 3106 Σύμμαχον,
1461 3032 1847 3102 περιετράπη-

1969 551 2213 607 clamavi.
2253 549 2459 604 Exinde
2501 549 2670 629 docet_
2711 564 2770 602 se
2815 562 2847 613 a
2887 559 3080 616 scopo
3108 545 3332 602 minime
3371 545 3532 602 aber-

1966 657 2138 706 rasse.
2171 657 2293 696 cum
2328 641 2420 695 tali
2453 641 2646 696 ﬁducia
2677 631 2872 713 plenus
2907 649 3088 707 esset;
3115 655 3242 695 nam
3279 655 3393 708 spes
3426 657 3530 695 non

1965 733 2239 804 confundit
2260 735 2326 789 ⁸⁸.
2360 732 2593 805 Ideoque
2639 734 2920 804 subjungit
2947 753 2962 790 ;
2988 731 3277 788 Exaudivit
3306 733 3371 788 de
3407 742 3532 788 tem-

1962 823 2050 895 plo
2073 834 2256 880 sancto
2281 841 2376 878 suo
2405 841 2577 879 vocem
2608 841 2799 890 meam,
2825 833 2877 879 et
2909 824 3112 879 clamor
3140 840 3284 879 meus
3322 825 3376 879 in
3409 840 3534 879 con-

1965 925 2144 986 spectu
2199 916 2313 986 ejus
2360 916 2600 970 introibit
2649 917 2705 970 in
2747 932 2902 970 aures
2927 915 3062 986 ejus.
3106 915 3390 986 Templum
3432 915 3530 973 Dei

1965 1007 2242 1078 quodnam
2293 1022 2324 1060 a
2363 1005 2566 1062 Davide
2621 1007 2912 1063 memorari
2964 1007 3053 1062 hic
3097 1007 3528 1078 intelligendum,

1965 1112 2089 1153 cum
2119 1098 2609 1170 Hierosolymitana
2636 1098 2832 1156 domus
2878 1101 3119 1154 nondum
3173 1101 3407 1156 excitata
3447 1115 3533 1154 es-

1965 1199 2083 1257 set;
2115 1192 2220 1247 nisi
2262 1192 2539 1248 caelestem
2574 1189 2667 1246 Dei
2706 1192 3001 1255 civitatem,
3053 1207 3343 1262 supernam
3376 1191 3528 1246 illam

1962 1283 2286 1349 Jerusalem,
2318 1285 2477 1354 cujus
2513 1284 2691 1354 imago
2715 1284 2817 1338 fuit
2843 1285 3103 1356 templum
3140 1285 3195 1338 in
3225 1293 3372 1340 terra
3396 1298 3531 1340 con-

1965 1389 2229 1436 structum
2247 1380 2270 1434 ?

2036 1557 2199 1614 Vens.
2243 1554 2298 1611 8.
2325 1555 2601 1612 Commota
2623 1563 2702 1610 est
2731 1563 2782 1610 et
2806 1556 3118 1609 contremuit
3143 1564 3304 1622 terra,
3329 1553 3528 1623 funda-

1964 1661 2139 1706 menta
2183 1653 2437 1704 montium
2488 1649 2802 1706 conturbata
2831 1659 2952 1702 sunt
2994 1657 3043 1702 et
3100 1655 3360 1702 commota
3381 1655 3527 1712 sunt,

1963 1746 2212 1816 quoniam
2258 1745 2429 1798 iratus
2460 1752 2540 1797 est
2584 1744 2660 1798 eis
2703 1741 2866 1796 Deus.
2911 1738 3038 1795 Istis
3081 1737 3530 1794 manifestissime

1891 1809 1932 1864 Β
1962 1809 2293 1888 vaticinatur
2346 1831 2591 1886 futurum
2652 1829 2869 1886 Domini
2923 1828 3250 1884 descensum
3305 1834 3530 1898 propter

1959 1933 2212 1989 mortem,
2236 1939 2450 1980 necnon
2473 1931 2698 1994 propter
2746 1930 3020 1977 torrentes
3062 1921 3394 1991 iniquitatis,
3429 1919 3530 1975 do-

1957 2017 2103 2073 Iores
2156 2016 2380 2082 inferni,
2449 2025 2503 2072 et
2541 2016 2766 2086 laqueos
2799 2015 3033 2081 mortis;
3084 2029 3204 2086 quae
3256 2014 3313 2070 in
3359 2028 3530 2070 causa

1958 2107 2110 2164 fuere
2135 2123 2235 2164 cur
2261 2123 2330 2165 ex
2362 2107 2519 2162 caelis
2551 2105 2926 2162 descenderet.
2967 2102 3030 2159 Iri
3051 2105 3319 2162 descensu
3343 2117 3526 2161 autem

1955 2201 2078 2272 ejus
2097 2216 2344 2272 quaenam
2370 2208 2521 2272 gesta
2544 2200 2674 2262 sint.
2709 2200 2864 2268 prius
2887 2198 3164 2253 enarravit
3201 2198 3288 2254 his
3320 2197 3520 2255 verbis:

1956 2295 2233 2352 Commota
2259 2304 2338 2350 est
2372 2305 2422 2350 et
2459 2293 2772 2349 contremuit
2801 2302 2942 2346 terra
2972 2309 2990 2347 :
3016 2307 3114 2362 pro
3153 2307 3262 2362 quo
3299 2291 3519 2362 Aquila,

1955 2397 2100 2442 mota
2115 2396 2193 2442 est
2219 2395 2268 2442 et
2285 2403 2540 2441 concussa
2563 2395 2640 2440 est
2673 2395 2835 2450 terra,
2860 2384 3275 2456 interpretatur.
3300 2382 3365 2438 Et
3389 2398 3525 2439 sane

1954 2481 2254 2537 dicti'illius
2280 2480 2566 2534 veritatem
2597 2493 2686 2533 res
2713 2477 2828 2548 ipsa
2846 2484 2998 2548 gesta
3014 2475 3345 2533 testiﬁcatur
3363 2491 3378 2528 :
3398 2489 3524 2529 eum

1953 2570 2100 2627 enim
2126 2568 2298 2626 Filius
2317 2567 2413 2624 Dei
2440 2568 2494 2622 in
2515 2574 2685 2632 terra,
2716 2573 2960 2636 tempore
2988 2564 3257 2621 adventus
3285 2562 3369 2619 sui
3399 2577 3526 2619 car-

1954 2662 2115 2728 nalis,
2147 2659 2634 2734 peregrinabatur;
2669 2664 2939 2728 quotquot
2979 2663 3258 2712 terrenum
3284 2655 3525 2712 elemen~

1953 2763 2070 2810 tum
2115 2753 2382 2819 incolunt,
2436 2750 2696 2807 commoti
2739 2764 2803 2805 ac
2853 2749 3109 2805 concussi
3139 2757 3288 2813 sunt,
3335 2762 3400 2802 ac
3426 2763 3525 2819 per

1952 2845 2262 2902 Graecorum
2291 2844 2765 2915 barbarorumque
2811 2855 2974 2897 aures
3001 2840 3204 2912 ubique
3229 2838 3372 2895 fama
3397 2839 3520 2910 ejus

1951 2937 2257 3010 percrebuit
2283 2952 2297 2988 :
2337 2950 2402 2992 ea
2427 2950 2557 2990 vero
2586 2948 2707 3005 quae
2737 2932 3091 2988 fundamenta
3125 2931 3388 2987 montium
3421 2947 3521 2987 vo-

1951 3038 2165 3094 cantur,
2191 3027 2514 3084 conturbata
2551 3037 2680 3082 sunt
2705 3036 2758 3082 et
2782 3033 3054 3082 commota
3085 3029 3234 3088 sunt,
3264 3023 3349 3078 vel
3366 3022 3522 3093 juxta

281 3135 424 3186 σαν,
459 3120 547 3176 ὅτι
568 3122 824 3192 ἀιοτίσθη
869 3123 1092 3198 αῠτρῖς.
1130 3127 1268 3196 Ὅρη
1292 3123 1349 3179 δὲ
1379 3121 1448 3196 ἦν
1479 3123 1548 3178 τά
1579 3122 1846 3194 ὑψώματα

1953 3121 2361 3196 Symmachum,
2393 3120 2741 3175 circumversa
2778 3126 2921 3179 sunt,
2946 3116 3386 3186 quoniamiratus
3445 3125 3522 3169 est

260 3207 353 3263 -τά
375 3210 706 3281 ὲπαιρόμενα
735 3211 877 3265 κατά
900 3212 1000 3284 τῆς
1025 3211 1278 3282 γνώσεως
1297 3213 1391 3267 τοῦ
1413 3211 1568 3278 Θεοῦ,
1589 3214 1846 3286 δυνάμεις

1950 3213 2040 3269 eis.
2067 3211 2275 3267 Montes
2303 3217 2483 3266 autem
2504 3207 3035 3264 erantsublimitates
3055 3221 3245 3262 omnes
3273 3221 3394 3276 qua
3421 3205 3518 3258 ad-

283 3301 426 3364 τινες
469 3302 858 3374 ἀντικείμεναι,
897 3305 955 3357 at
996 3304 1089 3358 τὸν
1135 3306 1344 3379 μακρὸν
1376 3306 1548 3360 αἰῶνα
1594 3307 1721 3371 τοὺς
1752 3305 1848 3360 ἐπὶ

281 3391 388 3464 γῆς
410 3392 658 3457 ἅπαντας
681 3395 1130 3468 ἀποπλανήσασαι
1153 3395 1242 3452 διὰ
1271 3397 1373 3467 τῆς
1405 3396 1663 3451 πολυθέου
1690 3397 1847 3452 δεισι-

280 3479 579 3550 δαιμονίας.
613 3482 828 3537 Τούτων
851 3479 949 3538 .οῦν
967 3482 1154 3555 ὀρέων
1167 3486 1243 3544 τὰ
1255 3485 1496 3559 θεμέλια
1513 3487 1754 3542 τουτέστι
1778 3489 1846 3543 τὰ

286 3570 423 3644 βάθη
465 3573 559 3627 καὶ
586 3575 638 3628 oi
670 3574 940 3648 λογισμοὶ,
967 3575 1067 3650 τῆς
1099 3576 1191 3634 τοῦ
1225 3580 1430 3652 Κυρίου
1461 3580 1740 3650 δυνάμεως
1762 3582 1846 3635 ai-

284 3662 540 3734 σθόμενα,
572 3663 1013 3737 ἐταράχθησαν,
1043 3663 1134 3720 ὅτι
1153 3668 1419 3741 ὠργίσθη
1451 3659 1673 3728 αὐτοῖς.

352 3933 418 3988 Τί
442 3930 536 3988 οῦν
557 3935 770 4008 ἐνεργεῖ
787 3938 820 4008 ἡ
837 3938 973 4010 ὀργὴ
988 3937 1129 3993 κατά
1143 3938 1248 3993 τῶν
1263 3939 1634 3995 ἀποδοθέντων
1648 3939 1840 4012 ὀρέων,

280 4023 409 4096 ἑξῆς
428 4025 663 4081 διδάσκει
683 4027 857 4097 λέγων
871 4045 884 4059 ·
917 4027 1112 4098 Ἆνέθη
1137 4030 1365 4098 καπνὸς
1380 4033 1452 4086 ἐν
1470 4031 1617 4103 ὁρτῇ
1635 4033 1840 4088 αὐτοῦ.

285 4115 492 4191 Ὥσπερ
535 4119 644 4193 γὰρ
683 4120 842 4176 δαλοῦ
891 4123 1182 4194 καιομένου
1229 4123 1334 4178 ὑπὸ
1385 4125 1578 4197 πυρὸς,
1606 4127 1843 4183 κᾶπειτα

281 4207 656 4282 σϐεννυμένου,
707 4213 910 4277 καπνὸς
957 4215 1282 4282 ἀποδίδοται,
1311 4216 1402 4272 τὸν
1450 4216 1612 4272 αὐτὸν
1642 4219 1843 4292 τρόπον

279 4301 338 4354 ai
366 4301 730 4375 ἀντικείμεναι
753 4303 1028 4378 δυνάμεις,
1070 4307 1237 4363 πάλαι
1279 4310 1378 4382 μὲν
1409 4311 1672 4384 πρότερον
1711 4315 1846 4387 πυρὶ

277 4392 774 4468 παραϐαλλόμεναι,
791 4398 887 4463 τὰς
909 4398 1018 4453 τῶν
1057 4399 1358 4475 ἀνθρώπων
1381 4403 1557 4476 ψυχὰς
1587 4405 1846 4477 κατέφλε-

1946 3318 2140 3360 versus
2163 3302 2546 3374 cogitationem
2575 3299 2669 3356 Dei
2693 3300 3065 3370 erigebantur,
3095 3299 3306 3354 scilicet
3332 3296 3521 3354 adver-

1947 3395 2106 3452 sariae
2138 3393 2386 3465 quadam
2432 3399 2752 3464 potestates,
2785 3405 2909 3462 qua:
2962 3405 3059 3461 per
3091 3391 3252 3462 longa
3290 3392 3520 3446 saeculo-

1948 3503 2072 3544 rum
2093 3487 2268 3559 spatia
2301 3485 2606 3555 terrigenas
2635 3498 2825 3540 omnes
2882 3483 2938 3538 in
2985 3483 3365 3556 multiplicium
3388 3483 3518 3539 deo-

1946 3593 2071 3634 rum
2129 3577 2574 3650 superstitionem
2639 3584 2804 3646 atque
2853 3590 3098 3632 errorem
3155 3575 3514 3632 abduxeraut.

1838 3689 1840 3692 '
1948 3669 2152 3727 Horum
2181 3669 2346 3741 igitur
2374 3669 2632 3724 montium
2669 3667 3036 3737 fundamenta,
3099 3667 3153 3724 id
3192 3675 3279 3724 est
3319 3669 3516 3724 altiora

1948 3761 2175 3817 consilia
2201 3771 2258 3816 et
2288 3760 2669 3830 cogitationes,
2701 3757 2915 3813 Domini
2944 3759 3202 3814 virtutem
3233 3773 3358 3815 cum
3383 3774 3514 3832 per-

1947 3851 2327 3913 sentiscerent,
2359 3848 2670 3904 conturbata
2685 3856 2827 3914 sunt,
2851 3849 3099 3920 quoniam
3133 3850 3303 3906 iratus
3327 3850 3514 3909 esteis.

2019 3941 2184 3997 Vens.
2219 3940 2273 4006 9,
2305 3941 2392 3997 10.
2419 3941 2560 4008 Quid
2605 3941 2787 4012 itaque
2815 3951 3070 4012 operetur
3109 3942 3187 3996 ira
3255 3941 3516 3999 adversus

1947 4043 2163 4092 montes
2188 4035 2312 4089 illos
2341 4034 2448 4090 sibi
2478 4032 2732 4097 traditos,
2757 4032 2953 4088 deinde
2989 4034 3163 4104 aperit
3193 4033 3347 4089 hisce
3390 4049 3513 4090 vero

1947 4128 2070 4185 bis:
2107 4126 2353 4184 Ascendit
2384 4127 2562 4196 fumus
2598 4126 2754 4180 inira
2772 4126 2907 4195 ejus.
2940 4123 3092 4181 Sicut
3141 4125 3283 4180 enim
3349 4125 3513 4182 torris

1947 4218 2151 4290 ignitus
2172 4217 2220 4272 si
2239 4217 2638 4288 exstinguatur,
2666 4225 2796 4270 tunc
2846 4215 3031 4272 fumus
3059 4215 3347 4283 emittitur,
3392 4216 3513 4288 pari

1946 4308 2110 4365 modo
2130 4309 2456 4365 adversaria:
2485 4315 2782 4379 potestates
2811 4305 2923 4376 jam
2947 4305 3156 4378 pridem
3179 4305 3438 4378 conjecta:
3453 4309 3509 4363 in

1947 4403 2164 4474 ignem,
2217 4399 2496 4457 hominum
2545 4399 2755 4456 animas
2815 4399 3178 4455 incendebant
3225 4398 3513 4455 combure-

275 4501 373 4553 τον
398 4487 490 4540 καὶ⁵
522 4487 796 4555 ἐξέκαιον·
834 4491 957 4546 ἐπεὶ
986 4492 1031 4546 δ’
1071 4493 1358 4552 ἐσϐέννυτο
1400 4497 1579 4552 αὐτῶν
1620 4501 1682 4553 τὸ
1725 4499 1838 4573 πῦρ

1950 4494 2222 4564 bantque;
2253 4493 2380 4563 igne
2407 4498 2587 4546 autem
2604 4489 2674 4544 ab
2698 4489 2779 4543 ira
2799 4487 3012 4546 Domini
3025 4491 3318 4553 exstincto,
3347 4490 3510 4546 emis-

279 4577 386 4632 ὑπὸ
419 4579 520 4650 τῆς
555 4581 723 4652 ὀργῆς
749 4582 844 4636 τοῦ
874 4585 1098 4656 Κυρίου,
1130 4585 1199 4640 τὰ
1232 4591 1430 4659 σημεῖα
1457 4593 1558 4660 τῇς
1604 4589 1841 4657 σδέσεως

277 4669 457 4724 αὐτῶν
501 4671 690 4744 ἐδήλου
731 4675 760 4728 ὸ
807 4673 865 4740 ἐξ
907 4675 1086 4730 αὐτῶν
1117 4679 1569 4750 ἀναπεμπόμενος
1614 4683 1836 4748 καπνός.

278 4757 390 4818 Εἴθ’
421 4761 548 4833 ἑξῆς
579 4763 823 4838 εἴρηται·
851 4767 962 4822 Καὶ
996 4767 1117 4838 πῦρ
1142 4769 1261 4824 ἀπὸ
1297 4771 1619 4840 προσώπου
1651 4777 1838 4832 αὐτοῦ

276 4854 806 4926 καταφλεγήσεταιο
821 4857 1111 4928 ἄνθρακες
1128 4861 1491 4932 ἀνήφθησαν
1507 4867 1608 4922 ἀπ’
1628 4867 1836 4924 αὑτοῦ.

275 4945 462 5001 Ταῦτα
490 4947 598 5020 γὰρ
625 4947 656 5000 ὁ
682 4949 777 5005 τοῦ
816 4951 950 5008 Θεοῦ
999 4953 1128 5019 Υἱὸς
1167 4957 1388 5028 ἐνήργει
1432 4959 1652 5028 ἀφανῶς
1691 4963 1834 5018 κατά

275 5038 382 5093 τῶν
413 5040 801 5112 ἀντικειμένων
829 5043 1130 5117 δυνάμεων,
1163 5047 1223 5103 τὸ
1260 5048 1370 5121 πῦρ
1417 5050 1575 5104 αὐτὸν
1611 5051 1833 5120 σδεννὺς

275 5130 448 5203 ἑτέρῳ
472 5133 606 5205 πυρὶ
633 5134 896 5206 κρείττονι
939 5139 1032 5192 καί
1055 5137 1425 5214 δυνατωτέρῳ.
1457 5142 1550 5196 Διὸ
1586 5142 1833 5199 λέλεκται

275 5222 428 5293 παρά
456 5223 701 5277 Μωῦσεῖ·
753 5225 804 5277 Ὀ
840 5225 983 5294 Θεὸς
1018 5227 1188 5297 ἡμῶν
1225 5230 1346 5298 πῦρ
1386 5234 1836 5290 καταναλίσκον

274 5313 407 5372 ἐστι
419 5330 434 5345 ο
463 5316 557 5370 καί
581 5318 640 5370 ὲν
661 5317 936 5391 Ψαλμοῖς·
954 5321 1080 5389 Πῦρ
1107 5321 1388 5378 ἐναντίον
1406 5327 1593 5382 αὐτοῦ
1615 5339 1836 5397 προπο-

265 5419 565 5472 pavescat,
587 5408 686 5461 καί
703 5409 940 5480 φλογιεῖ
959 5413 1164 5477 κύκλῳ
1187 5415 1329 5483 τοὺς
1349 5415 1603 5486 ἐχθροὺς
1625 5420 1829 5475 αὐτοῦ·

273 5493 370 5548 καὶ
399 5494 579 5549 πάλινο
628 5497 693 5551 '0
733 5498 877 5567 Θεὸς
905 5501 1180 5572 ἐμφανῶς
1209 5505 1360 5574 ἣξει,
1386 5510 1420 5561 ό
1450 5508 1594 5577 Θεὸς
1636 5509 1831 5580 ἡμῶν,

271 5586 372 5641 καί
401 5589 474 5644 οὐ
510 5591 1113 5664 παρασιωπηθήσεται
1126 5613 1142 5634 κ
1191 5598 1311 5669 πῦρ
1353 5599 1608 5656 ἐνώπιον
1647 5602 1832 5660 αὐτοῦ

1941 4603 2038 4648 sus
2081 4587 2207 4642 inde
2249 4585 2432 4641 fumus
2485 4583 2865 4641 exstinctionis
2893 4583 3047 4655 signa
3071 4582 3260 4638 edidit.
3302 4581 3509 4638 Deinde

1945 4681 2118 4754 pergit
2153 4681 2357 4745 dicere,
2394 4688 2443 4734 et
2489 4679 2623 4750 ignis
2659 4695 2692 4732 ιι
2725 4677 2861 4748 facie
2888 4676 3001 4746 ejus
3024 4676 3350 4740 exardescet,
3381 4691 3504 4729 car-

1943 4773 2099 4828 bones
2129 4771 2366 4828 succensi
2389 4780 2512 4826 sunt
2543 4769 2609 4823 ab
2631 4786 2713 4825 eo.
2749 4768 2875 4824 Haec
2905 4769 3088 4823 omnia
3109 4767 3254 4822 enim
3286 4765 3382 4822 Dei
3411 4765 3506 4821 Fi-

1943 4865 2052 4921 lius
2079 4871 2272 4920 contra
2297 4862 2637 4918 adversarias
2655 4868 2958 4932 potestates
2980 4861 3119 4916 clam
3147 4859 3501 4930 Operabatur,

1941 4959 2034 5029 qui
2062 4970 2251 5012 eorum
2295 4955 2474 5027 ignem
2517 4955 2690 5009 altero
2737 4953 2860 5024 igne
2887 4953 3180 5026 potentiori
3213 4966 3279 5006 ac
3315 4951 3508 5007 arden-r

1945 5047 2070 5104 tiori
2119 5047 2476 5102 exstinxerat.
2525 5041 2706 5111 Quare
2769 5043 2910 5112 apud
2961 5040 3200 5115 Moysem
3253 5040 3502 5096 dicitur:

1940 5139 2081 5196 Deus
2108 5147 2286 5194 noster
2313 5137 2446 5208 ignis
2497 5150 2806 5190 consumens
2847 5142 2926 5188 est
2955 5133 3024 5198 δ’,
3056 5141 3111 5188 et
3150 5133 3207 5189 in
3235 5131 3500 5202 psalmis:

1943 5229 2088 5302 Ignis
2108 5241 2227 5286 ante
2252 5233 2422 5301 ipsum
2450 5231 2723 5301 praecedet,
2752 5240 2801 5286 et
2817 5227 3170 5298 inﬂammabit
3202 5227 3257 5280 in
3279 5227 3504 5281 circuitu

1941 5325 2182 5380 inimicos
2208 5326 2322 5396 ejus
2341 5325 2386 5357 ‘°
2407 5343 2423 5392 ;
2447 5339 2512 5381 ac
2527 5339 2748 5379 rursum
2786 5338 2800 5374 :
2835 5321 2976 5376 Deus
3011 5319 3289 5389 manifeste
3313 5317 3497 5383 ueniet,

1941 5415 2082 5472 Deus
2105 5425 2298 5484 noster,
2323 5424 2373 5470 et
2426 5431 2528 5470 non
2575 5413 2789 5469 silebit:
2820 5413 2952 5482 ignis
2995 5411 3052 5466 in
3090 5418 3366 5479 conspectu
3387 5407 3502 5476 ejus

1939 5511 2264 5576 exardescet,
2305 5520 2355 5564 et
2385 5510 2440 5563 in
2488 5509 2716 5564 circuitu
2757 5506 2872 5577 ejus
2906 5513 3184 5575 tempestas
3229 5499 3409 5557 ualida
3430 5499 3500 5552 ".

1940 5602 2098 5658 Hunc
2113 5601 2276 5659 etiam
2318 5601 2498 5673 ignem
2547 5601 2796 5658 Salvator
2825 5598 3128 5656 indicavit:
3166 5594 3343 5669 Ignem
3385 5588 3500 5646 ueni

257 5739 278 5779 -'
342 5739 390 5779 ⁵³
411 5740 568 5800 Rom.
601 5760 656 5808 v,
695 5745 747 5801 5.
825 5747 870 5781 ⁸³
899 5747 1056 5806 Deut.
1089 5767 1169 5816 tv,
1195 5751 1286 5808 ει.
1363 5755 1409 5788 ⁸⁸
1430 5755 1572 5814 Psal.
1607 5771 1751 5827 xcvi,
1787 5758 1838 5818 5.

1950 5765 1959 5793 ι
2003 5758 2147 5815 Psal.
2196 5772 2344 5823 ms,
2391 5756 2445 5816 3.

553 5837 825 5904 Ριτιοι..
854 5838 972 5904 Gn.
1003 5843 1239 5924 XXIII.

3221 5853 3260 5914 6
