3994 6448
473 307 571 366 I71

1171 306 1440 365 susnnn
1479 303 1956 364 caassmcusrs
1991 301 2140 359 opp.
2180 287 2362 354 PARS
2396 267 2480 340 1³·
2515 315 2577 338 κ
2631 295 3042 354 EXEGETICA.

3602 295 3710 354 173

468 426 674 481 mittere
699 426 752 480 in
771 435 985 487 terram,
1011 433 1059 478 et
1089 425 1214 494 quid
1244 427 1358 482 volo
1389 426 1436 479 si
1447 425 1564 494 jam
1582 440 1830 480 accensus
1852 423 1921 477 sit
1946 422 2030 477 ⁸ίῖ

2141 415 2520 484 καυθήσεται,
2549 414 2651 469 καί
2700 414 2906 482 κύκλῳ
2933 410 3120 467 αὑτοῦ
3164 409 3431 479 natali-lc
3457 408 3715 478 σφόδρα.

469 515 595 573 Haec
625 531 789 588 porro
837 515 1020 570 omnia
1075 515 1215 570 facta
1274 525 1424 587 sunt,
1465 515 1721 586 quoniam
1764 513 2034 568 inclinavit

467 606 624 660 caelos
654 615 705 660 et
739 604 1023 659 descendit.
1057 604 1240 675 Neque
1264 621 1433 658 unum
1467 602 1813 660 solummodo
1836 602 2035 657 coelum

470 699 796 765 inclinavit;
829 699 923 753 sed
955 713 1144 753 omnes
1192 706 1461 768 quotquot
1512 704 1642 752 sunt
1684 696 1873 751 caelos.
1899 693 2034 748 Nam

466 791 775 846 humiliatio
799 790 1147 848 celsitudinis
1177 791 1298 862 ejus
1324 800 1378 846 et
1399 789 1699 847 exinanitio
1730 787 2035 844 divinitatis

466 880 608 952 ejus,
647 881 978 952 supradictis
1025 881 1207 938 verbis
1239 882 1574 938 indicantur.
1627 879 1764 936 Cum
1799 880 2035 934 maxima

467 969 614 1027 enim
631 971 880 1042 emphasi
905 971 1229 1026 descensum
1257 973 1378 1042 ejus
1399 970 1671 1043 signiﬁcat
1687 969 1780 1026 his
1804 970 1986 1025 verbis
2018 987 2031 1022 :

471 1062 755 1120 Inclinavit
791 1065 982 1128 caelos;
1016 1063 1378 1135 eumdemque
1401 1064 1729 1121 descensum
1772 1078 2036 1134 corporeo

466 1171 695 1228 prorsus
725 1171 876 1211 more
905 1156 1178 1227 exprimit.

533 1331 699 1389 Vens.
759 1334 941 1390 11-15.
1015 1331 1085 1386 Et
1121 1334 1290 1405 caligo
1359 1335 1454 1388 sub
1513 1333 1729 1405 pedibus
1775 1333 1908 1402 ejus.
1967 1330 2037 1385 Et

465 1427 701 1482 ascendit
724 1443 880 1497 super
902 1426 1166 1480 cherubim
1189 1437 1238 1480 et
1258 1425 1474 1492 volavit,
1501 1427 1694 1482 volavit
1722 1441 1878 1496 super
1906 1441 2036 1496 pen-

466 1537 566 1574 nas
588 1528 878 1574 ventorum.
905 1517 1008 1574 Per
1048 1519 1334 1590 caliginem
1362 1529 1418 1576 et
1446 1520 1704 1576 tenebras
1727 1519 1870 1587 illas,
1897 1519 2038 1574 clam

463 1619 520 1666 et
543 1626 740 1666 arcana
764 1611 975 1668 ratione
997 1628 1153 1667 suam
1178 1612 1480 1668 secundum
1501 1611 1780 1667 hominem
1818 1625 2042 1666 ωοοαο-

463 1702 630 1757 miam
657 1704 965 1760 adumbrat.
987 1706 1320 1775 Demumque
1365 1705 1556 1760 eodem
1584 1703 1872 1760 revertitur
1897 1701 2040 1758 unde

2135 511 2303 573 Τοῦτο
2351 507 2408 560 δὲ
2435 506 2531 562 καὶ
2571 508 2734 572 αὐτὸς
2764 510 2793 562 ό
2824 505 3012 577 Σωτὴρ
3056 501 3308 575 ἐδηλοῦτο
3335 500 3466 573 πῦρ,
3498 500 3676 570 λέγων
3698 518 3713 533 ο

2135 605 2260 674 Πῦρ
2305 604 2496 674 ἦλθον
2521 603 2742 668 βαλεῖν
2781 603 2880 655 ἐπὶ
2913 601 3028 667 τὴν
3045 600 3182 670 γῆν,
3222 595 3319 650 καὶ
3350 597 3406 649 τί
3445 597 3619 660 θέλω,
3663 597 3719 650 ει

2136 699 2253 768 ἤδη
2313 695 2587 766 ἀνήφθω
2641 695 2827 749 Ταῦτα
2889 697 3068 748 πάντα
3129 690 3357 761 ἐγίνετο,
3415 687 3716 760 ἐπειδήπερ

2133 789 2375 844 ἔκλινεν
2410 787 2706 857 οὐρανοὺς
2743 787 2843 840 καὶ
2887 785 3122 854 κατέϐη.
3149 784 3258 854 Οὐχ
3285 783 3381 836 Eva
3408 781 3466 834 δὲ
3487 779 3719 853 οὐρανὸν

2134 878 2362 947 ἔκλινεν,
2391 879 2526 934 ἀλλά
2558 879 2684 942 τοὺς
2727 877 2936 940 πάντας
2980 877 3094 929 ὅσοι
3139 874 3270 928 ποτέ
3305 874 3461 926 εἰσιν.
3503 872 3566 924 Ἠ
3606 871 3718 942 γὰρ

2135 971 2462 1036 ταπείνωσις
2494 969 2589 1024 τοῦ
2625 969 2794 1039 ὕψους
2823 967 2988 1024 αὑτοῦ
3014 968 3110 1022 καὶ
3143 970 3177 1038 ἡ
3212 967 3443 1030 κένωσις
3469 965 3568 1036 τῆς
3595 961 3719 1018 θεό-

2133 1080 2294 1134 τητος
2331 1061 2584 1135 ἐδηλοῦτο
2620 1061 2710 1115 διὰ
2749 1061 2856 1114 τῶν
2884 1059 3212 1133 εἰρημένων.
3257 1055 3721 1128 Ἐμφατικώτατα

2136 1155 2242 1231 γὰρ
2296 1155 2394 1226 τὴν
2441 1149 2742 1208 κατάϐασιν
2796 1151 2992 1216 αὑτοῦ,
3053 1153 3332 1204 Ἔκλινεν
3387 1149 3716 1217 οὐρανούςο

2137 1245 2596 1318 σωματικώτερον
2630 1246 2730 1315 τὴν
2761 1243 2986 1298 κάθοδον
3016 1240 3181 1296 αὐτοῦ
3214 1240 3514 1312 σημαίνων.

2207 1341 2322 1395 Kal
2362 1341 2587 1411 γνόφος
2631 1338 2750 1394 ὑπὸ
2775 1337 2920 1403 τοὺς
2956 1335 3146 1402 πόδας
3174 1334 3362 1388 αὑτοῦ
3395 1332 3494 1387 καὶ
3533 1331 3720 1402 ἐπέϐη

2137 1434 2236 1489 ἐπὶ
2263 1432 2488 1504 χεροὺϐ
2507 1432 2605 1502 (1),
2632 1429 2728 1483 καὶ
2759 1427 3085 1496 ἐπετάσθη,
3116 1425 3418 1494 ἐπετάσθη
3445 1425 3543 1479 ἐπὶ
3576 1441 3719 1479 πτε-

2131 1529 2333 1597 ρύγων
2368 1523 2620 1595 ἀνέμων.
2657 1523 2735 1593 Τῇ
2786 1522 2884 1592 μὲν
2931 1516 3024 1575 οὖν
3067 1519 3264 1590 ὁμίχλῃ
3297 1518 3393 1572 καὶ
3422 1516 3499 1589 τῷ
3535 1518 3721 1589 γνόφῳ

2138 1619 2200 1675 τὸ
2227 1618 2449 1691 λεληθὸς
2479 1617 2574 1672 καὶ
2604 1617 2919 1689 ἀπόκρυφον
2964 1612 3264 1685 παρίστησι
3302 1612 3402 1682 τῆς
3440 1610 3582 1664 κατὰ
3622 1610 3719 1664 άν-

2140 1713 2358 1785 θρωπον
2394 1710 2558 1765 αὑτοῦ
2599 1708 2938 1780 οἰκονομίαςο
2989 1706 3239 1760 ἐπάνεισι
3269 1703 3327 1758 δὲ
3371 1704 3556 1757 λοιπὸν
3595 1703 3721 1757 ὅθεν

461 1794 744 1865 profectus
787 1803 906 1850 erat
943 1816 956 1851 :
989 1812 1052 1851 ac
1110 1797 1164 1850 in
1213 1797 1386 1852 caelos
1417 1796 1667 1852 ascendit
1695 1810 1820 1851 cum
1845 1794 2031 1850 cheru-

2143 1806 2240 1860 καὶ
2268 1803 2452 1876 παρῆν
2476 1819 2490 1833 °
2520 1803 2600 1867 εἰς
2633 1799 2896 1874 οὐρανούς
2923 1817 2984 1853 τε
3017 1797 3172 1870 ἀνῄει
3203 1799 3296 1851 καὶ
3339 1797 3476 1868 μετά
3501 1797 3596 1850 τοῦ
3630 1815 3722 1868 χε-

463 1886 596 1940 bino
640 1895 695 1942 et
720 1888 955 1954 volavit;
1007 1886 1226 1942 tametsi
1282 1901 1389 1941 non
1423 1900 1550 1941 cum
1582 1886 1703 1956 ipso
1736 1884 2038 1940 cherubino

461 1975 816 2031 descenderat
847 1996 860 2032 :
893 1975 1013 2033 sine
1064 1975 1369 2030 cherubino
1386 1974 1585 2044 quippe
1617 1973 1900 2028 inclinavit
1923 1973 2037 2042 ipse

460 2069 631 2124 callos
685 2075 737 2123 et
782 2068 1081 2124 descendit.
1136 2066 1195 2122 In
1241 2068 1417 2124 reditu
1470 2076 1651 2121 autem
1703 2064 2036 2121 diciturzEt

461 2162 697 2216 ascendit
748 2178 906 2232 super
943 2161 1209 2216 cherubim
1266 2169 1316 2216 et
1373 2161 1586 2226 volavit,
1641 2175 1765 2215 cum
1807 2173 2038 2230 corpore

461 2256 671 2312 scilicet
696 2256 839 2326 quod
863 2263 1254 2326 assumpserat.
1294 2254 1401 2310 Illa:
1426 2270 1591 2325 porro
1636 2253 1833 2309 divina:
1861 2253 2034 2306 virtu-

459 2357 545 2404 tes
573 2348 750 2419 ipsum
790 2349 871 2404 sic
930 2350 1318 2405 ascendentem
1373 2347 1732 2418 conspicatur,
1797 2345 2036 2401 circum-

461 2447 705 2496 astantes
735 2441 1028 2497 satellitum
1055 2456 1229 2507 more,
1265 2439 1554 2496 Dominum
1590 2438 1896 2509 stipabant,
1916 2436 2035 2507 ejus

461 2547 750 2588 ascensum
798 2534 1138 2590 celebrantes
1185 2533 1374 2605 sicque
1409 2532 1818 2589 vociferantes:
1862 2529 2035 2584 Attol-~

462 2624 553 2679 tite
574 2634 778 2694 portas,
808 2627 1090 2696 principes,
1155 2636 1376 2690 vestras,
1427 2635 1478 2680 et
1528 2624 1826 2688 elevamini,
1869 2633 2035 2692 porta:

461 2713 756 2777 cternales,
787 2724 837 2769 et
865 2715 1101 2771 introibit
1131 2714 1239 2771 Rex
1285 2716 1468 2788 gloria:
1497 2715 1560 2769 ⁸³.
1603 2715 1823 2786 lmpleta
1852 2723 2032 2770 autem

459 2805 650 2862 isthaac
678 2815 806 2862 sunt
834 2823 900 2863 eo
928 2815 1192 2878 tempore,
1231 2824 1340 2879 quo
1397 2810 1452 2863 in
1484 2809 1854 2879 apostolorum
1884 2809 2034 2864 Acti-

459 2901 565 2958 bus
593 2907 888 2956 narratur:
922 2899 1132 2955 Etcum
1162 2902 1271 2956 haec
1299 2901 1539 2963 dixisset.
1591 2899 1881 2955 videntibus
1924 2899 2032 2954 illis

458 2991 687 3048 elevatus
739 3002 838 3057 est,
876 3003 924 3048 et
959 2993 1118 3050 nubes
1141 2996 1366 3064 suscepit
1398 3012 1516 3050 eum
1549 3011 1614 3049 ex
1643 2995 1806 3050 oculis
1827 3009 2028 3050 eorum.

461 3082 694 3156 Cumque
719 3087 1046 3141 intuerentur
1066 3103 1183 3142 eum
1211 3097 1414 3142 euntem
1438 3087 1492 3141 in
1515 3087 1701 3141 caelum
1726 3086 1792 3140 “.

529 3258 814 3317 Latentem
848 3262 994 3316 illam
1048 3269 1103 3318 et
1130 3263 1400 3318 occultam
1437 3263 1738 3320 Salvatoris
1769 3277 1893 3318 cum
1929 3263 2032 3318 ho-

462 3353 723 3420 minibus,
747 3354 824 3409 ab
869 3369 1102 3410 ascensu
1161 3371 1263 3411 suo
1309 3355 1375 3410 ad
1429 3355 1533 3411 hoc
1585 3371 1758 3426 usque
1793 3364 2028 3426 tempus,

462 3445 931 3500 conversationem
962 3445 1048 3500 bis
1075 3445 1262 3502 verbis
1301 3445 1506 3500 indicat
1539 3466 1551 3500 :
1586 3445 1655 3500 Et
1696 3447 1868 3514 posuit
1902 3457 2032 3501 tene-

461 3532 588 3588 bras
623 3534 904 3589 latibulum
920 3553 1102 3602 suum,
1131 3536 1436 3591 incircuitu
1477 3537 1591 3608 ejus
1631 3538 2032 3592 tabernaculum

458 3625 592 3696 ejus,
620 3626 888 3682 tenebrosa
910 3645 1050 3699 aqua
1063 3631 1120 3683 in
1143 3630 1366 3686 nubibus
1393 3631 1552 3685 aeris.
1589 3629 1804 3686 Nemini
1833 3630 2034 3702 quippe

461 3717 593 3774 latet
617 3733 726 3788 quo
753 3726 914 3788 pacto
937 3719 1220 3776 nobiscum
1248 3728 1498 3778 versetur
1517 3760 1532 3786 ,
1565 3721 1867 3778 secundum
1897 3721 2032 3777 illud

460 3810 530 3865 ab
590 3825 657 3866 eo
705 3810 908 3867 dictum
943 3832 956 3868 :
990 3812 1124 3869 Ecce
1171 3830 1264 3885 ego
1321 3814 1583 3870 vobiscum
1607 3829 1726 3868 sum
1787 3812 2030 3868 omnibus

457 3903 640 3958 diebus
667 3920 828 3975 usque
859 3904 928 3958 ad
958 3908 1459 3963 consummationem
1509 3907 1693 3964 swculi
1727 3909 1795 3963 ⁸⁸.
1826 3905 2032 3962 Taber-

459 3996 717 4052 naculum
751 4012 917 4068 porro
948 3997 1123 4068 ipsius
1180 4014 1290 4054 non
1323 3999 1470 4054 aliud
1516 3999 1810 4071 signiﬁcat.
1862 4013 2028 4070 quam

459 4093 704 4144 sanctam
727 4086 1028 4144 Ecclesiam
1071 4090 1210 4160 ejus,
1269 4091 1325 4146 in
1365 4105 1473 4162 qua
1505 4107 1566 4148 se
1616 4091 2027 4148 tabernaculum

458 4180 764 4250 positurum
805 4181 1078 4251 pollicitus
1105 4193 1190 4238 est
1211 4198 1335 4238 cum
1362 4184 1500 4239 dixit
1531 4199 1546 4235 :
1572 4184 1672 4239 Ubi
1685 4183 1797 4239 duo
1826 4185 1904 4240 vel
1923 4194 2026 4240 tres

455 4273 758 4344 congregati
779 4273 976 4343 fuerint
1007 4275 1061 4328 in
1089 4276 1298 4330 nomine
1335 4293 1470 4342 meo,
1510 4277 1622 4331 illic
1643 4293 1760 4331 sum
1776 4277 1836 4331 in
1857 4275 2028 4332 medio

454 4379 637 4418 eorum
689 4363 755 4419 “.
800 4363 1251 4434 Quandoquidem
1302 4382 1432 4423 vero
1493 4367 1790 4438 prophetiae
1847 4367 2026 4438 ipsum

457 4461 772 4526 spectantes
791 4455 1096 4528 caliginoso
1112 4463 1165 4512 et
1180 4456 1417 4512 obscuro
1442 4473 1594 4514 more
1623 4458 1850 4529 prolatae
1871 4463 2023 4526 sunt,

449 4547 578 4617 jure
621 4547 879 4619 adjicitur
914 4565 926 4600 :
967 4549 1263 4606 Tenebrosa
1313 4567 1452 4622 aqua
1500 4552 1552 4605 in
1597 4550 1822 4606 nubibus
1866 4552 2026 4606 aeris.

455 4638 581 4693 Prae
605 4639 812 4711 fulgore
855 4642 910 4696 in
959 4652 1236 4713 conspectu
1284 4643 1398 4713 ejus
1464 4643 1623 4698 nubes
1679 4644 2025 4713 transierunt,

451 4731 657 4801 grando
690 4743 740 4787 et
769 4733 1023 4790 carbones
1052 4736 1208 4806 ignis.
1261 4735 1417 4802 Quod
1454 4745 1635 4793 autem
1674 4737 1872 4801 nubes,
1900 4751 2027 4807 pro-

451 4825 671 4894 phetas,
699 4841 762 4880 ac
788 4827 1025 4897 pluviam
1058 4843 1126 4883 cx
1164 4828 1403 4885 nubibus
1461 4827 1760 4900 delapsam,
1790 4829 2026 4902 prophe-

451 4918 593 4974 ticos
639 4934 935 4976 sermones
993 4920 1230 4992 Spiritus
1259 4931 1482 4979 sanctus
1525 4923 1698 4979 soleat
1749 4923 2026 4994 appellare

448 5009 668 5066 docebit
695 5010 863 5070 Isaias
891 5014 1010 5085 qui,
1046 5016 1505 5087 quemadmodum
1536 5017 1739 5072 dictum
1771 5023 1877 5081 est,
1925 5031 2023 5087 po-

449 5107 641 5178 pulum
697 5110 912 5165 vineam
964 5113 1275 5183 compellat,
1311 5116 1496 5185 aitque
1534 5117 1710 5172 nubes
1739 5131 1846 5170 non
1881 5115 2024 5169 ultra

448 5201 688 5272 pluviam
717 5203 822 5274 ipsi
847 5205 1354 5262 subministrare".

518 5292 687 5351 Vsus.
711 5297 799 5352 14.
837 5295 904 5350 Ει
935 5298 1160 5354 intonuit
1187 5299 1251 5355 de
1271 5301 1400 5357 calo
1421 5301 1698 5370 Dominus,
1736 5310 1786 5356 et
1807 5302 2020 5356 Altissi-

447 5405 566 5443 Inus
580 5386 918 5445 dedit-vocem
936 5407 1108 5446 suam.
1156 5394 1214 5448 ln
1245 5394 1504 5464 prtesenti
1531 5395 1794 5451 docemur
1819 5407 1880 5447 ea
1897 5407 2018 5462 qua;

2143 1896 2365 1970 ρουόὶμ,
2392 1895 2486 1950 καὶ
2509 1893 2812 1964 ἐπετάσθη·
2838 1893 3014 1946 καίτοι
3041 1891 3116 1962 μὴ
3147 1891 3244 1944 σὺν
3267 1889 3417 1960 αὑτῷ
3445 1887 3717 1953 καταϐάς·

2139 1990 2265 2061 δίχα
2305 1988 2414 2061 γὰρ
2460 1987 2556 2041 τοῦ
2599 1986 2865 2058 χερουόὶμ
2908 1984 3115 2038 ἔκλινεν
3144 1983 3408 2056 οὐρανοὺς
3432 1982 3594 2045 αὐτὸς
3627 1981 3722 2035 καλ⁸

2143 2079 2371 2151 κατέϐη.
2419 2081 2506 2133 Ἐν
2557 2077 2614 2131 δὲ
2659 2079 2724 2149 τῇ
2769 2075 3012 2147 ἐπανόδῳ
3059 2073 3338 2128 λέλεκται·
3385 2074 3494 2129 Kal
3536 2073 3721 2144 ἐπέϐη

2142 2171 2241 2226 ἐπὶ
2277 2171 2557 2241 χερουϐὶμ
2585 2169 2683 2224 καὶ
2711 2169 3033 2237 ἐπετάσθη,
3067 2167 3184 2239 μεθ’
3215 2162 3276 2222 οῦ
3304 2167 3590 2239 ἀνείληφεν
3617 2164 3721 2221 σώ-

2147 2283 2334 2338 ματος.
2355 2267 2465 2319 Kal.
2489 2265 2676 2336 ἐπειδὴ
2699 2263 3062 2318 ἀναϐαίνοντα
3082 2260 3256 2324 οὕτως
3275 2259 3542 2332 ἐθεώρουν
3558 2260 3720 2315 αὐτὸν

2143 2357 2200 2410 αἱ
2233 2355 2488 2427 δυνάμεις
2518 2356 2572 2408 αἱ
2607 2353 2769 2416 θεῖαι,
2799 2353 2930 2424 περὶ
2955 2351 3116 2405 αὑτὸν
3150 2348 3437 2420 γενόμεναι
3459 2349 3720 2422 ἐδορυφό-

2147 2467 2270 2522 ρουν
2322 2447 2483 2502 αὑτοῦ
2542 2446 2639 2518 τὴν
2695 2447 2879 2501 ἄνοδον
2929 2443 3224 2498 ἐπιϐοῶσαι
3286 2444 3382 2497 καὶ
3425 2442 3716 2511 λέγουσαιο

2145 2541 2350 2608 Ἄρατε
2392 2537 2500 2602 τὰς
2529 2539 2748 2601 πύλας,
2765 2538 2820 2589 ol
2851 2535 3160 2604 ἄρχοντες,
3198 2532 3386 2602 ὑμῶν,
3414 2531 3514 2586 καὶ
3538 2531 3721 2602 ἐπάρ-

2141 2636 2302 2700 θητε,
2329 2631 2513 2685 πύλαι
2539 2629 2777 2694 αἱώνιοι,
2805 2628 2904 2682 καὶ
2928 2627 3340 2682 εἰσελεύσεται
3367 2627 3400 2679 ό
3417 2624 3720 2692 ,βασιλεὺς

2141 2719 2249 2789 τῆς
2277 2720 2480 2788 δόξης.
2533 2715 2864 2790 Ἐπληροῦτο
2889 2714 3148 2770 δὲταῦτα
3191 2713 3334 2767 κατὰ
3377 2712 3469 2766 τὸν
3507 2711 3718 2784 καιρὸν,

2140 2813 2261 2868 καθ’
2304 2814 2358 2868 ὃν
2407 2829 2572 2882 φησιν
2616 2813 2650 2883 ὴ
2682 2809 2878 2883 Γραφὴ
2909 2808 3018 2862 τῶν
3059 2807 3317 2879 Πράξεων
3345 2805 3451 2859 τῶν
3485 2804 3718 2858 ἀποστό-

2138 2902 2247 2958 λων
2267 2921 2279 2934 ·
2298 2904 2406 2959 Καὶ
2435 2903 2621 2958 ταῦτα
2641 2903 2845 2967 εἰπὼν,
2868 2901 3226 2966 ,βλεπόντων
3245 2896 3444 2952 αὐτῶν
3464 2894 3717 2964 ἐπήρθη,

2139 2998 2238 3052 καὶ
2272 2996 2496 3066 νεφέλη
2530 2994 2825 3049 ἀνέλαϐεν
2857 2992 3048 3047 αὐτὸν
3075 2991 3195 3046 ἀπὸ
3232 2989 3350 3044 τῶν
3393 2987 3714 3059 ὀφθαλμῶν

2138 3090 2356 3145 αὐτῶν.
2381 3088 2492 3144 Kal
2517 3089 2597 3154 ὡς
2628 3085 2994 3150 ἀτενίζοντες
3021 3080 3182 3155 ἦσαν
3207 3085 3293 3147 εὶς
3321 3083 3428 3137 τὸν
3457 3080 3718 3150 οὐρανόν

2140 3181 2544 3250 πορευομένου
2571 3179 2776 3235 αὑτοῦ.

2210 3274 2320 3346 Τὴν
2351 3273 2533 3344 ἀφανῆ
2570 3272 2664 3326 καὶ
2705 3271 3074 3326 λανθάνουσαν
3107 3267 3200 3322 τοῦ
3229 3266 3484 3338 Σωτῆρος
3509 3265 3719 3338 διατρι-

2140 3366 2260 3439 ϐὴν,
2288 3367 2354 3438 ἢν
2388 3365 2486 3420 σὺν
2511 3363 2816 3437 ἀνθρώποις
2873 3361 3040 3415 εἰσέτι
3071 3359 3164 3414 καὶ
3195 3357 3290 3412 νῦν
3321 3359 3554 3412 ποιεῖται
3581 3354 3721 3428 μετὰ

2139 3457 2235 3529 τὴν
2259 3457 2546 3528 ἀνάληψιν,
2597 3456 2837 3511 διδάσκει
2868 3453 3069 3521 λέγων·
3125 3449 3237 3506 Kal
3281 3449 3446 3504 ἔθετο
3498 3448 3719 3512 σκότος

2139 3549 2500 3619 ἀποκρυφὴν
2518 3549 2726 3612 αὐτοῦ,
2760 3548 2968 3613 κύκλῳ
2993 3543 3184 3599 αὑτοῦ
3222 3545 3260 3612 ἡ
3283 3539 3485 3610 σκηνὴ
3507 3537 3716 3603 αὐτοῦ,

2139 3642 2456 3696 σκοτεινὸν
2483 3639 2638 3707 ὕδωρ
2663 3640 2733 3692 ἐν
2766 3637 3048 3707 νεφέλαις
3103 3634 3311 3702 ἀέρων.
3363 3632 3438 3685 Οὐ
3467 3628 3717 3684 λανθάνει

2139 3733 2248 3805 γὰρ
2275 3733 2400 3796 τοὺς
2431 3730 2638 3794 πάντας
2667 3730 2814 3793 ὅπως
2852 3727 3097 3780 σύνεστιν
3138 3727 3269 3797 ἡμῖν
3302 3721 3444 3777 κατὰ
3478 3720 3538 3774 τὸ
3562 3721 3714 3790 εἰρη-

2143 3823 2301 3896 μένον
2329 3821 2418 3874 ὐπ’
2449 3819 2632 3874 αὐτοῦ’
2677 3818 2832 3874 Ἰδοὺ
2875 3817 2990 3887 ἐγὼ
3007 3816 3136 3887 μεθ’
3163 3813 3331 3884 ὑμῶν
3372 3815 3489 3882 εἰμι
3513 3811 3717 3878 πάσας

2142 3916 2248 3982 τὰς
2271 3913 2496 3985 ἡμέρας
2513 3912 2625 3980 ἕως
2650 3911 2762 3980 τῆς
2779 3911 3136 3975 συντελείας
3158 3908 3264 3962 τοῦ
3289 3905 3521 3972 αἰῶνος.
3574 3905 3717 3975 Σκη-

2141 4008 2238 4080 νὴν
2265 4007 2322 4062 δὲ
2339 4004 2502 4062 αὐτοῦ
2546 4004 2802 4076 σημαίνει
2833 4004 2932 4074 οὐχ
2978 4002 3169 4073 ἑτέραν
3194 4001 3228 4072 ἢ
3255 3999 3360 4070 [τὴν
3384 3997 3547 4066 ἁγίαν
3591 3995 3716 4050 Ἐκ-

2139 4101 2365 4174 κλησίαν
2385 4099 2568 4154 αὐτοῦ·
2600 4100 2658 4152 ἐν
2770 4094 3190 4167 κατασκηνῶσαι
3211 4090 3596 4165 ἐπηγγείλατο,
3629 4087 3712 4144 εί-

2137 4193 2274 4248 πώνο
2307 4193 2490 4246 Ὅπου
2511 4190 2620 4245 δύο
2645 4188 2684 4258 ἣ
2706 4188 2862 4259 τρεῖς
2896 4185 3264 4257 συνηγμένοι
3294 4184 3454 4240 εἰσιν
3504 4185 3591 4247 είς
3643 4177 3714 4234 τὸ

2135 4285 2283 4357 ἐμὸν
2315 4283 2520 4355 ὄνομα,
2555 4283 2682 4338 ἐκεῖ
2704 4285 2821 4356 ειμι
2857 4281 2928 4335 ἐν
2947 4279 3116 4352 μέσῳ
3142 4277 3362 4333 αὐτῶν.
3411 4275 3628 4344 Ἐπειδὴ
3654 4273 3713 4328 δέ

2138 4379 2233 4434 καὶ
2259 4379 2315 4432 al
2344 4377 2471 4448 περὶ
2501 4375 2665 4431 αὐτοῦ
2694 4376 3019 4446 προφητεῖαι
3050 4370 3336 4434 σκοτεινῶς
3361 4368 3603 4440 εἴρηνται
3620 4365 3714 4418 καὶ

2137 4467 2649 4543 ἐπικεκρυμμένως,
2683 4465 2909 4528 εἰκότως
2935 4463 3062 4535 ἐξῆς
3111 4462 3349 4530 λέγεταιο
3395 4455 3713 4513 Σκοτεινύν

2133 4563 2292 4633 ὕδωρ
2332 4563 2402 4617 ὲν
2427 4559 2710 4631 νεφέλαις
2732 4556 2942 4626 ἀέρων.
2985 4553 3128 4610 Ἀπὸ
3147 4551 3259 4620 τῆς
3286 4547 3712 4619 τηλαυγήσεως

2133 4653 2390 4709 ἐνώπιον
2419 4649 2606 4707 αὑτοῦ
2632 4651 2692 4704 al
2717 4647 2964 4718 νεφέλαι
3015 4644 3286 4714 διῆλθον,
3314 4641 3560 4712 ’χάλαζα
3610 4638 3710 4694 καὶ

2131 4749 2424 4818 ἄνθρακες
2451 4748 2658 4815 πυρός.
2693 4745 2817 4799 Ὀτι
2842 4741 2950 4814 γάρ
2981 4739 3210 4810 νεφέλας
3250 4737 3376 4800 τοὺς
3403 4737 3708 4808 προφήτας,

2131 4840 2228 4894 καὶ
2255 4840 2347 4894 τὸν
2368 4839 2426 4906 ἐξ
2446 4839 2628 4894 αὐτῶν
2662 4837 2956 4911 φερόμενον
2990 4833 3162 4895 ὑετὸν,
3194 4829 3390 4902 δηλαδὴ
3427 4828 3553 4892 τοὺς
3574 4844 3711 4899 προι

2131 4930 2390 5002 φητικοὺς
2409 4929 2621 4999 λόγους,
2654 4927 2716 4982 τὸ
2763 4924 2988 4996 Πνεῦμα
3017 4922 3078 4976 τὸ
3123 4921 3265 4974 θεῖον
3296 4917 3486 4973 εἴωθεν
3514 4914 3710 4988 ὀνομά-

2131 5020 2264 5086 ζειν,
2298 5021 2497 5088 διδάξει
2533 5019 2776 5082 Ἡσαῖας,
2837 5012 3210 5085 ἀλληγορικῶς
3253 5010 3347 5065 τὸν
3373 5009 3500 5063 λαὸν
3531 5009 3709 5079 ἀμπε-

2129 5114 2272 5168 λῶνα
2293 5112 2626 5186 προσειπὼν,
2659 5109 2802 5168 καθὰ
2854 5108 3090 5180 εἴρηται,
3123 5103 3218 5158 καὶ
3247 5101 3474 5172 νεφέλας
3510 5097 3708 5172 μηκέτι

2130 5208 2208 5270 εἰς
2233 5206 2396 5260 αὐτὸν
2424 5205 2576 5259 ὑετὸν
2609 5199 2897 5274 φερούσας.
3053 5257 3056 5260 ,
3293 5257 3296 5260 ,

2198 5298 2307 5354 Kal
2358 5299 2722 5366 ἐϐρόντησεν
2777 5293 2846 5358 ἐξ
2915 5290 3172 5360 οὐρανοῦ
3215 5290 3462 5357 Κύριος,
3513 5284 3610 5340 καὶ
3668 5286 3705 5341 δ

2129 5393 2424 5460 ’Υψιστος
2450 5389 2634 5444 ἔδωκε
2652 5385 2863 5458 φωνὴν
2891 5383 3096 5442 αὐτοῦ.
3134 5383 3380 5447 Διδάσκει
3411 5381 3468 5434 ἐν
3493 5378 3570 5451 τῷ
3601 5393 3706 5434 πα·

519 5545 716 5633 ξέιιιιρ.
757 5562 879 5633 sua,
935 5547 1022 5602 49.
1103 5549 1148 5584 ⁸³
1174 5548 1316 5606 Psal.
1345 5549 1654 5626 xxm,7,.9.
1736 5551 1920 5610 “Act.
1961 5565 2000 5617 ι,
2063 5547 2117 5618 9,
2179 5548 2270 5630 l0.
2346 5544 2626 5630 ‘f’Mattha
2657 5532 2854 5610 xxvm,
2894 5541 3008 5628 20..
3056 5539 3110 5598 βε
3157 5535 3355 5633 Matth.
3396 5549 3569 5605 svnt,
3603 5529 3698 5591 20.

443 5614 488 5646 ⁸⁷
518 5614 620 5673 lsa.
665 5633 719 5680 v,
756 5617 804 5682 ι,
833 5616 883 5672 6.

511 5774 590 5843 ιι)
631 5772 759 5866 Mss.
784 5775 852 5830 ad
879 5787 1052 5845 marg.
1093 5773 1379 5846 χερουὸίμ.
