3994 6448
117 307 343 366 ’475

1360 307 1866 365 COMMENTARIA
1903 307 1969 363 IN
2011 307 2349 390 PSAbMOS.

3379 307 3482 363 1ῖό

234 425 378 501 ρὸντι
405 426 434 480 ὁ
458 425 612 497 λόγος
638 425 704 480 τὰ
742 425 878 498 μετά
901 425 998 499 τὴν
1024 428 1288 501 ἀνὸἰληψιν
1320 429 1413 482 τοῦ
1445 429 1698 501 Σωτῆρος
1722 429 1809 482 διὰ

1933 436 2034 485 rost
2081 429 2382 485 Salvator-is
2441 442 2732 484 ascensum
2765 443 2864 500 per
2901 428 3022 498 ejus
3072 426 3302 484 virtutes
3330 433 3482 496 gesta

233 520 329 592 τῆς
360 517 524 574 αὐτοῦ
557 521 836 592 δυνάμεως
874 521 1346 596 καταπραχθέντα,
1385 521 1570 596 σαφῶς
1597 521 1652 575 δὲ
1712 521 1810 593 τὴν

231 611 415 666 ἄνοδον
445 610 607 665 αὐτοῦ
631 613 942 684 παρέστησε
962 612 1051 666 διὰ
1082 614 1190 668 τῶν
1220 614 1592 686 προκειμένων
1621 613 1808 667 εἰπών·

233 704 342 758 Kal
362 704 734 773 ἐϐρόντησεν
754 705 824 769 ἐξ
857 705 1139 774 οὐρανοῦ.
1178 705 1302 770 Ηῶς
1335 706 1391 759 δὲ
1426 705 1752 778 ἐϐρόντησεν
1783 707 1813 760 ὁ

231 795 490 866 ἀνωτέρω
523 794 708 859 κλίνας
736 796 863 859 τοὺς
894 795 1158 866 οὐρανοὺς
1211 797 1305 849 καί
1333 795 1598 863 καταϐὰς,
1652 798 1702 850 εἰ
1735 797 1813 868 μὴ

233 885 448 951 πάντως
495 886 843 954 ἀνεληλύθει;
907 888 1042 960 ὅπερ
1087 887 1342 959 ἐδηλοῦτο
1403 888 1492 942 διὰ
1531 887 1648 942 τοῦο
1705 887 1816 943 Kal

229 975 413 1046 ἐπέϐη
455 977 554 1031 ἐπὶ
581 980 862 1049 χερουὸἰμ
894 979 992 1032 καί
1013 979 1335 1046 ἑπετάσθη,
1386 979 1686 1048 ἐπετὰσθη
1715 980 1813 1033 ἐπὶ

230 1068 539 1138 πτερύγων
569 1067 823 1137 ἀνέμων.
856 1067 1064 1123 Οὐκοῦν
1111 1068 1487 1124 ἀποδέδεικται
1517 1069 1814 1141 κατεληλυ-

230 1157 361 1223 θὼς,
385 1153 505 1212 εἶτα
539 1158 677 1229 μετά
731 1156 825 1211 τοῦ
883 1156 1151 1232 χερουϐἰμ
1204 1157 1566 1228 ἀνεληλυθώςο
1616 1153 1712 1211 εἴτ’
1758 1156 1822 1223 ἐξ

228 1249 464 1322 ούρανοῦ
489 1249 747 1321 βροντῶν,
771 1249 866 1304 καὶ
899 1249 1026 1320 ἑξῆς
1055 1249 1124 1302 τά
1154 1250 1622 1322 ἀναγεγραμμένα
1645 1249 1817 1321 πράτι-

229 1359 339 1397 των
374 1342 516 1396 κατὰ
543 1341 650 1396 τῶν
679 1341 889 1413 ἐχθρῶν
936 1340 1121 1396 αὑτοῦ.
1159 1342 1379 1413 Πρῶτον
1403 1342 1501 1414 μὲν
1533 1343 1652 1396 ἀπὸ
1709 1343 1819 1413 τῆς

226 1433 661 1502 τηλαυγήσεως
715 1433 904 1488 αὐτοῦ
961 1434 1217 1488 ἐνώπιον
1244 1434 1433 1489 αὑτοῦ
1482 1438 1541 1490 αἰ
1569 1437 1819 1506 νεφέλαι

226 1524 420 1581 αὐτοῦ
443 1525 718 1595 διῆλθον,
748 1523 975 1595 χάλαζα
1015 1527 1113 1580 καί
1145 1524 1438 1595 ἄνθρακες
1482 1529 1692 1596 πυρός.
1733 1530 1820 1594 Ὠς

231 1619 340 1690 γὰρ
376 1619 468 1674 ἐπὶ
495 1619 592 1690 τῆς
624 1617 900 1687 Αἰγύπτου
929 1617 1070 1670 κατά
1113 1618 1213 1691 τὴν
1243 1618 1474 1689 ὲὸδόμην
1503 1620 1714 1691 πληγὴν
1740 1621 1820 1673 εἰ·

231 1727 417 1781 ρηται·
448 1711 663 1778 Κύριος
685 1708 753 1762 δὲ
777 1709 962 1763 ἔδωκε
1005 1710 1216 1780 φωνὴν
1259 1710 1357 1763 καί
1401 1709 1684 1778 χάλαζαν,
1723 1712 1821 1766 καί

1915 531 2042 578 sunt
2077 541 2092 589 ;
2140 523 2486 592 dilucideque
2527 537 2829 578 ascensum
2859 521 2980 590 ejus
3025 519 3112 574 his
3158 518 3486 589 signiﬁcavit

1914 614 2094 669 verbis
2118 630 2131 664 :
2167 613 2234 669 Et
2262 614 2488 668 intonuit
2513 613 2577 667 de
2599 613 2748 670 caelo.
2773 613 3056 680 Quomodo
3077 612 3373 668 intonuerit
3391 612 3486 684 qui

1915 706 2168 775 superius
2221 706 2392 761 caelos
2449 704 2750 761 inclinasse
2800 720 2864 758 ac
2895 704 3248 760 descendisse
3291 703 3482 765 fertur.

1914 798 2022 853 nisi
2069 812 2295 869 prorsus
2323 795 2708 852 ascendisset?
2739 795 2882 868 quod
2930 795 3118 864 utique
3146 782 3298 852 hisce
3325 792 3488 851 dictis

1915 887 2342 958 comprobantur
2367 905 2382 942 :
2424 885 2494 940 Et
2525 886 2760 942 ascendit
2787 902 2942 956 super
2965 883 3226 939 cherubim
3263 892 3312 939 et
3345 884 3489 940 vola—

1916 981 2006 1046 vit,
2048 979 2237 1036 volavit
2269 993 2423 1047 super
2446 993 2643 1046 pennas
2666 987 2958 1031 ventorum.
2987 976 3486 1032 Commonstratum

1917 1089 2046 1144 ergo
2073 1071 2176 1127 luit
2197 1071 2374 1142 ipsum
2404 1068 2775 1133 descendisse,
2807 1067 3003 1123 deinde
3029 1083 3154 1122 cum
3188 1067 3489 1122 cherubino

1918 1164 2252 1229 ascendisse,
2321 1170 2444 1234 post
2492 1175 2558 1216 ex
2605 1161 2746 1215 coelo
2796 1159 3131 1221 intonuisse;
3175 1160 3392 1216 demum
3422 1173 3488 1218 ea

1918 1265 2107 1313 contra
2136 1255 2389 1312 inimicos
2413 1268 2546 1310 suos
2582 1252 2902 1323 designasse
2960 1267 3082 1323 quae
3123 1252 3177 1306 in
3212 1251 3489 1323 sequenti-

1919 1351 2022 1406 bus
2059 1347 2466 1404 describuntur.
2515 1341 2702 1398 Primo
2759 1343 2976 1413 quidem
3007 1359 3117 1414 prw
3146 1342 3350 1414 fulgore
3376 1339 3488 1410 ejus

1920 1442 1974 1495 in
2001 1451 2280 1510 conspectu
2311 1438 2424 1508 ejus
2449 1438 2607 1492 nubes
2657 1435 3002 1498 transierunt,
3033 1435 3232 1505 grando
3268 1444 3317 1488 et
3370 1449 3492 1492 car-

1923 1534 2078 1587 bones
2100 1532 2255 1602 ignis.
2285 1530 2599 1586 Sicutenim
2623 1528 2693 1592 de
2721 1526 2957 1598 Egypto
2986 1527 3042 1581 in
3075 1527 3303 1596 septima
3335 1526 3492 1597 plaga

1922 1631 2200 1686 narratur,
2237 1622 2490 1676 Dominus
2521 1630 2695 1680 autem
2717 1619 2867 1678 dedit
2920 1635 3090 1676 vocem
3109 1628 3158 1672 et
3181 1617 3491 1688 grandinem

1923 1722 1971 1768 et
1994 1711 2344 1776 discurrebat,
2396 1712 2593 1783 inquit,
2630 1712 2766 1782 ignis
2815 1726 2973 1780 super
2997 1723 3190 1764 terram
3225 1709 3494 1778 :pluitque

229 1801 517 1872 διέτρεχε,
548 1800 702 1872 φησὶ,
737 1801 801 1854 τὸ
828 1801 947 1870 πῦρ
979 1799 1078 1857 ἐπί
1111 1799 1220 1868 τῆς
1269 1802 1400 1872 γῆς·
1449 1803 1545 1856 καί
1571 1802 1814 1871 ἔϐρεξεν

1933 1804 2183 1859 Dominus
2233 1820 2389 1874 super
2455 1814 2652 1857 terram
2702 1799 2942 1874 Egypti.
2991 1801 3224 1872 Eratque
3268 1801 3491 1872 grando,

229 1894 451 1962 Κύριος
475 1895 572 1947 ἐπὶ
597 1893 717 1963 γῆν
741 1894 1070 1963 Αἰγύπτου.
1113 1889 1236 1948 ἿΙν
1273 1894 1341 1948 δὲ
1381 1896 1420 1964 ἡ
1455 1895 1683 1966 χάλαζα
1714 1897 1814 1951 καί

228 1983 296 2038 τὸ
329 1983 451 2053 πῦρ
475 1983 758 2054 φλογίζον
783 1985 852 2038 ἐν
885 1983 959 2056 τῇ
1010 1985 1258 2055 χαλάζῃ.
1301 1987 1593 2053 Ἐπὰταξε
1653 1989 1722 2044 δὲ
1773 1993 1812 2061 ἠ

230 2074 464 2145 χάλαζα
508 2076 577 2128 ἐν
622 2074 790 2144 πάσῃ
835 2075 914 2146 γῇ
944 2077 1264 2146 Αἰγύπτου·
1295 2079 1390 2132 καὶ
1437 2079 1609 2133 ταῦτα
1640 2081 1816 2136 πάντα

230 2168 453 2236 ἐγένετο
481 2169 568 2222 ἵνα
600 2169 630 2220 ὁ
670 2167 797 2232 λαὸς
821 2167 914 2221 τοῦ
944 2167 1080 2222 Θεοῦ
1123 2168 1437 2242 ἐλευθερίας
1471 2171 1571 2242 τῆς
1604 2173 1694 2225 ὑπ’
1719 2175 1814 2226 Αἰ-

229 2260 486 2328 γυπτίοις
513 2259 758 2323 δουλείας
782 2262 965 2331 τυχεῖν
997 2259 1218 2331 δυνηθῇ.
1275 2260 1378 2316 Τὸν
1405 2262 1568 2316 αὐτὸν
1615 2262 1816 2335 τρόπον

231 2351 333 2404 καὶ
364 2350 596 2405 ἐνταῦθα
628 2350 725 2414 τὰς
755 2350 814 2416 ἐξ
837 2350 1005 2404 ἐθνῶν
1050 2351 1373 2422 Ἐκκλησίας
1431 2353 1523 2405 καὶ
1555 2353 1653 2416 τὰς
1711 2354 1817 2407 τῶν

231 2442 540 2514 ἀνθρώπων
559 2442 736 2514 ψυχὰς
766 2443 864 2513 τῆς
896 2444 1000 2498 ὑπὸ
1027 2445 1126 2515 τὴν
1171 2444 1326 2498 ἄθεον
1380 2443 1817 2518 εἰδωλολατρείαν

235 2537 332 2590 καὶ
357 2537 486 2600 τοὺς
541 2537 812 2608 πονηροὺς
841 2537 1100 2608 δαίμονας
1155 2538 1432 2609 ὑποταγῆς
1497 2536 1817 2611 ἐλευθερῶν,

236 2625 383 2678 κατά
405 2624 512 2678 τῶν
541 2627 748 2696 νοητῶν
771 2627 1086 2696 Αἰγυπτίων
1133 2627 1284 2696 ἠφίει
1325 2626 1564 2698 χάλαζαν
1592 2629 1686 2682 καὶ
1725 2628 1819 2683 ἄν-

239 2715 450 2788 θρακας
479 2719 649 2790 πυρὸς
681 2721 710 2772 ὁ
739 2719 830 2772 ἐπὶ
855 2718 948 2772 τοῦ
1001 2719 1270 2792 χερουϐὶμ
1319 2720 1564 2785 ἀναπτάς
1595 2720 1818 2793 Κύριος.

238 2800 410 2878 οἶμαι
440 2807 497 2862 δὲ
525 2807 626 2871 τὰς
672 2808 812 2863 κατὰ
835 2809 947 2864 τῶν
999 2809 1211 2863 ἀσεϐῶν
1260 2811 1638 2884 τιμωρητικάς
1668 2812 1824 2868 δυνά-

242 2918 367 2972 μεις
401 2899 641 2972 χάλαζαν
676 2903 770 2956 καὶ
797 2901 1075 2974 ἄνθρακας
1103 2903 1274 2976 πυρὸς
1316 2904 1694 2975 ὀνομάζεσθαι.
1725 2909 1826 2959 Δυ-

242 2991 437 3064 νάμεις
466 2992 647 3046 τοίνυν
676 2993 908 3065 τιμωροὶ
941 2993 1036 3046 καί⁸
1063 2993 1400 3060 κολαπικαί,
1419 2994 1496 3066 τῷ
1527 2995 1825 3068 βουλήματι

239 3081 333 3136 τοῦ
371 3083 575 3153 Κυρίου
608 3083 828 3154 ἀφανῶς
862 3085 1364 3159 ὲξυπηρετούμεναι
1411 3086 1552 3140 κατά
1577 3088 1683 3141 τῶν
1707 3087 1826 3142 δαι-

243 3177 427 3246 μόνων
459 3176 566 3228 τῶν
591 3175 690 3248 τὴν
719 3176 977 3232 πολύθεον
1009 3177 1217 3250 πλάνην
1275 3179 1662 3252 ἐνεργούντων,
1693 3182 1827 3237 πάν-

238 3285 342 3332 τας
367 3268 563 3332 αὐτοὺς
595 3268 846 3339 ἧλαυνον.
883 3269 975 3323 Διὸ
1007 3269 1196 3341 σχεδὸν
1256 3271 1433 3326 πάντα
1470 3273 1649 3334 αὐτῶν
1676 3274 1830 3328 ἐκλέ-

239 3360 400 3416 λοιπε
427 3359 495 3418 τά
515 3362 842 3433 χρηστήρια,
901 3362 996 3418 καί
1055 3363 1110 3418 αἰ
1145 3366 1397 3435 μαντεῖαι
1434 3365 1824 3437 κατελύθησαν·

241 3449 444 3524 ἔρημοί
475 3469 532 3507 τε
558 3451 737 3506 αὐτῶν
799 3453 1141 3524 κατέστησαν
1162 3455 1210 3507 οἱ
1243 3454 1381 3509 ναοί·
1440 3455 1730 3528 σεσύληται
1763 3458 1830 3512 τὰ

243 3543 608 3616 ἀφιερὼματα
638 3543 854 3617 ἀοράτῳ
876 3546 970 3598 καὶ
989 3547 1195 3615 ’ἀφανεῖ
1223 3546 1470 3619 δυνάμειο
1503 3548 1598 3601 τοῦ
1626 3549 1830 3622 Κυρίου

243 3635 423 3691 ταῦτα
450 3637 626 3690 πάντα
653 3637 789 3708 μετά
816 3637 914 3709 τὴν
936 3639 1015 3702 εἰς
1035 3639 1299 3710 οὐρανοὺς
1329 3640 1512 3695 ἄνοδον
1545 3641 1835 3712 διαπραξα-

249 3727 416 3801 μένου
425 3771 440 3784 .

323 3820 437 3876 Καὶ
460 3820 846 3886 ἐξαπέστειλε
870 3821 1029 3891 ,βέλη
1058 3822 1158 3877 καί
1184 3823 1554 3892 ἐσκόρπισεν
1587 3824 1831 3890 αὐτοὺς,

247 3913 352 3968 καί
391 3913 703 3981 ἀστραπὰς
758 3914 1062 3981 ἐπλήθυνε
1115 3916 1212 3970 καί
1267 3915 1681 3985 συνετάραξεν
1737 3920 1835 3971 αὑ-

249 4006 414 4070 τούς.
444 4004 554 4060 Καὶ
591 4005 884 4074 ὤφθησαν
915 4010 972 4061 αἰ
1002 4010 1185 4079 πηγαὶ
1245 4009 1364 4064 τῶν
1422 4007 1677 4072 ὑδάτων,
1738 4009 1836 4062 καί

249 4100 653 4168 ἀπεκαλύφθη
706 4098 779 4153 τὰ
841 4100 1084 4170 θεμέλια
1135 4102 1246 4171 τῆς
1290 4103 1658 4173 οἰκουμένης
1715 4102 1834 4157 ἀπὸ

251 4189 650 4259 ἐπιτιμήσεώς
682 4207 820 4256 σου,
862 4193 1060 4260 Κύριε,
1093 4192 1211 4248 ἀπὸ
1256 4194 1639 4264 ὲμπνεύσεως
1663 4194 1836 4247 πνεύ-

249 4300 439 4352 ματος
463 4284 648 4355 dpm'q
701 4299 838 4339 σου.
875 4285 1110 4356 Θεμέλια
1141 4288 1462 4360 οἰκουμένης
1488 4289 1701 4358 νοήσεις
1737 4286 1837 4350 τὰς

255 4374 354 4446 τῆς
378 4376 571 4445 σοφίας
591 4375 685 4430 τοῦ
705 4375 840 4430 Θεοῦ
857 4377 1132 4449 δυνάμεις,
1155 4379 1221 4432 δι’
1253 4373 1326 4434 ὧν
1343 4379 1438 4433 καὶ
1469 4379 1634 4434 πάλαι
1652 4381 1686 4451 ἡ
1708 4378 1838 4451 σύμ-

254 4485 407 4524 πασα
432 4467 606 4532 κτίσις
641 4469 1020 4542 τεθεμελίωτο,
1049 4471 1143 4524 καὶ
1175 4471 1313 4542 μετὰ
1340 4471 1514 4525 ταῦτα
1530 4470 1835 4543 ὲστερεώθη

1921 1897 2155 1967 ignisque
2185 1895 2374 1952 ardens
2418 1896 2472 1949 in
2499 1895 2775 1966 grandine.
2816 1893 2883 1948 Et
2915 1895 3170 1964 percussit
3216 1893 3418 1964 grando
3439 1893 3495 1949 in

1923 1988 2064 2042 omni
2095 1998 2237 2042 terra
2270 1987 2493 2058 /Egypti
2523 1987 2588 2042 ³⁸.
2629 1985 2755 2041 llaec
2781 2001 2944 2056 porro
2991 1984 3173 2039 omnia
3205 1985 3347 2038 facta
3369 1993 3496 2038 sunt

1923 2090 1984 2135 ut
2009 2080 2244 2151 populus
2278 2079 2374 2134 Dei
2405 2079 2472 2133 ab
2495 2078 2872 2150 Egyptiorum
2921 2077 3184 2133 servitute
3229 2077 3496 2130 eximere-

1924 2181 2034 2228 tm'.
2065 2172 2267 2228 Eodem
2302 2187 2530 2242 prorsus
2581 2171 2746 2228 modo
2786 2170 2902 2241 jam
2952 2185 3080 2224 cum
3111 2168 3386 2224 Ecclesias
3427 2183 3496 2226 ex

1927 2267 2185 2339 gentibus
2208 2273 2452 2329 coactas,
2495 2263 2886 2334 hominumque
2934 2261 3146 2316 animas
3182 2275 3213 2314 a
3237 2260 3496 2315 servitute

1926 2357 2106 2430 impia:
2122 2356 2436 2413 idololatriae
2456 2365 2509 2410 et
2524 2355 2882 2426 malignorum
2903 2351 3205 2410 daemonum
3223 2351 3496 2418 liberaret;

1925 2451 2191 2507 adversus
2245 2447 2624 2521 intelligibiles
2672 2447 2956 2520 Egyptios
2981 2445 3242 2502 Dominus
3286 2446 3377 2500 ille
3403 2447 3497 2517 qui

1928 2557 2093 2614 super
2131 2541 2414 2599 cherubim
2467 2541 2716 2608 volavit,
2781 2538 3099 2611 grandinem
3134 2545 3188 2592 et
3230 2537 3498 2594 carbones

1928 2634 2070 2707 ignis
2101 2635 2405 2691 emittebat.
2449 2634 2704 2690 Arbitror
2752 2639 2937 2688 autem
2989 2631 3212 2686 ultrices
3240 2629 3362 2688 illas
3402 2629 3499 2688 ad-

1930 2744 2123 2785 versus
2149 2729 2348 2800 impios
2379 2736 2599 2800 paratas
2628 2727 2879 2794 virtutes,
2937 2723 3258 2796 grandinem
3295 2730 3350 2778 et
3379 2736 3501 2781 car-

1929 2821 2100 2877 bones
2138 2820 2280 2892 ignis
2294 2821 2499 2876 vocari.
2522 2819 2769 2874 Virtutes
2808 2818 2973 2890 igitur
3005 2817 3110 2870 illae
3143 2815 3413 2888 supplicio
3444 2821 3504 2872 et

1935 2915 2126 2970 ultioni
2155 2914 2462 2978 destinatae,
2509 2911 2808 2968 voluntatis
2837 2910 2932 2966 Dei
2977 2909 3193 2966 occulto
3226 2922 3374 2962 more
3404 2904 3503 2960 ad-

1933 3007 2198 3062 ministrae
2229 3006 2491 3062 adversus
2538 3006 2815 3061 daemonas
2841 3005 2933 3074 qui
2967 3002 3348 3073 multiplicium
3369 2999 3504 3055 deo-

1933 3115 2054 3154 rum
2078 3099 2524 3170 superstitionem
2572 3096 2925 3160 advexerant,
2956 3095 3104 3166 ipsos
3157 3107 3348 3151 omnes
3391 3089 3502 3150 d33-

1933 3205 2126 3246 monas
2173 3191 2463 3262 abigebant
2552 3187 2732 3254 Quare
2785 3188 3040 3242 universa
3061 3199 3251 3243 eorum
3280 3182 3502 3241 oracula

1933 3283 2238 3348 desierunt,
2288 3281 2548 3337 vaticinia
2583 3281 2842 3350 abrogata
2889 3285 3036 3344 sunt,
3075 3276 3275 3347 templa
3312 3289 3503 3331 eorum

1935 3375 2169 3440 deserta,
2203 3375 2448 3432 sacraria
2486 3372 2750 3428 invisibili
2789 3385 2854 3426 ac
2877 3371 3078 3425 latente
3119 3368 3323 3422 virtute
3346 3365 3502 3436 expi-

1935 3467 2046 3522 lata
2079 3464 2320 3527 fuerunt,
2352 3461 2583 3518 Domino
2645 3468 2769 3532 post
2801 3475 2961 3518 suum
2993 3459 3064 3532 .in
3114 3457 3284 3517 caelos
3311 3470 3505 3513 ascen-

1939 3571 2058 3614 sum
2075 3556 2188 3612 haec
2209 3555 2394 3610 omnia
2411 3561 2693 3626 operante.

2012 3828 2177 3884 Vens.
2210 3829 2296 3896 l5,
2333 3827 2416 3882 16.
2454 3825 2522 3880 Et
2547 3825 2691 3880 misit
2719 3824 2942 3896 sagittas
2966 3837 3113 3885 suas,
3144 3829 3193 3874 et
3228 3817 3510 3890 dissipavit

1939 3939 2025 3978 eos
2050 3937 2067 3985 ,°
2090 3922 2306 3991 fulgura
2328 3918 2718 3988 multiplicauit,
2743 3925 2792 3972 et
2815 3913 3144 3971 conturbavit
3161 3929 3272 3967 eos.
3314 3909 3383 3964 Et
3416 3925 3510 3981 ap-

1937 4021 2228 4087 paruerunt
2260 4013 2428 4082 fontes
2458 4023 2738 4087 aquarum,
2795 4015 2845 4060 et
2893 4004 3122 4060 revelata
3162 4009 3285 4056 sunt
3321 3999 3511 4072 funda-

1941 4118 2116 4163 menta
2139 4105 2554 4160 orbisterrarum
2580 4117 2597 4154 :
2630 4101 2695 4154 ab
2727 4097 3084 4168 increpatione
3106 4103 3222 4158 tua,
3265 4091 3508 4155 Domine,

1943 4199 2008 4256 ab
2060 4197 2404 4264 inspiratione
2444 4192 2663 4262 spiritus
2719 4191 2814 4245 ira:
2857 4198 2982 4244 tuae.
3017 4186 3121 4243 Per
3158 4183 3510 4240 fundamenta

1941 4291 2093 4348 orbis
2141 4298 2412 4344 terrarum
2459 4285 2734 4354 intelligas
2787 4280 3068 4351 sapientia:
3113 4276 3206 4334 Dei
3256 4277 3506 4337 virtutes,

1943 4383 2142 4454 quibus
2169 4379 2299 4435 olim
2330 4377 2588 4434 universa
2618 4389 2804 4430 rerum
2841 4381 3040 4428 natura
3061 4370 3286 4427 fundata
3314 4377 3393 4425 est
3417 4406 3432 4433 ,
3458 4373 3514 4422 et

1943 4485 2132 4550 postea
2159 4473 2518 4530 conﬁrmatus
2549 4477 2634 4525 est
2680 4467 2854 4534 orbis,
2881 4466 2976 4538 qui
3007 4480 3116 4520 non
3147 4461 3516 4520 commovebi-

258 4560 293 4631 ἡ
323 4560 641 4632 οἰκουμένη,
693 4561 815 4631 ἥτις
877 4561 938 4614 οὐ
991 4561 1400 4634 σαλευθήσεται.
1430 4563 1494 4615 Εἰ
1519 4562 1577 4615 δὲ
1609 4563 1705 4617 καὶ
1734 4562 1826 4634 τὴι

1943 4580 2053 4626 tur.
2087 4567 2241 4636 Quod
2289 4567 2336 4622 si
2372 4581 2468 4635 per
2506 4563 2695 4619 orbem
2747 4570 3042 4625 terrarum,
3091 4555 3390 4614 Ecclesiam
3418 4554 3514 4609 Dei

271 4650 595 4722 Ἐκκλησίαν
620 4650 714 4706 τοῦ
750 4652 882 4706 Θεοῦ
916 4653 1012 4724 τὴν
1057 4653 1379 4731 οἰκουμένην
1426 4653 1630 4718 ἐθέλοις
1677 4657 1838 4708 νοεῖνο

257 4741 510 4814 θεμέλιον
539 4743 596 4796 δὲ
629 4743 800 4813 αὐτῆς
825 4743 1040 4815 πρῶτον
1068 4744 1166 4815 μὲν
1192 4744 1290 4814 τὴν
1323 4744 1541 4816 ἀρραγῆ
1593 4745 1688 4799 καὶ
1719 4762 1841 4799 στε-

265 4835 393 4906 ρεὰν
415 4836 641 4905 πέτραν,
679 4837 762 4906 ἐφ’
863 4835 1202 4908 ᾠκοδόμηται
1247 4837 1388 4891 κατά
1412 4837 1492 4890 τό’
1549 4839 1673 4892 Ἐπὶ
1726 4838 1840 4908 τὴν

262 4923 489 4991 πέτραν
533 4923 905 4992 οἰκοδομήσω
960 4941 1080 4994 μου
1131 4924 1248 4994 τὴν
1307 4925 1694 4996 Ἐκκλησίαν,
1738 4929 1838 4985 καί

264 5016 451 5070 πύλαι
476 5015 624 5082 ᾅδου
653 5017 724 5069 οὐ
764 5021 1250 5086 κατισχύσουσιν
1297 5018 1507 5088 αὐτῆς.
1569 5020 1630 5077 Ἠ
1655 5019 1842 5090 πέτρα

265 5104 333 5158 δὲ
357 5105 436 5174 ἦν
462 5111 496 5161 ό
523 5109 794 5176 Χριστός’
849 5109 883 5179 ἢ
921 5109 1062 5164 κατὰ
1095 5109 1184 5164 τὸν
1225 5111 1566 5176 Ἀπόστολον,
1623 5113 1750 5185 περὶ
1780 5110 1842 5170 οῦ

266 5197 502 5254 διδάσκει
534 5200 696 5264 αὐτὸς
724 5199 917 5270 λέγων·
953 5201 1237 5271 Θεμέλιον
1281 5203 1392 5273 γὰρ
1420 5203 1615 5259 ἄλλον
1645 5204 1843 5273 οὐδεὶς

267 5289 513 5345 δύναται
558 5293 746 5349 θεῖναι
811 5293 972 5362 παρὰ
1024 5294 1131 5349 τὸν
1205 5297 1500 5365 κείμενον,
1559 5297 1627 5364 ὅς
1673 5298 1843 5353 ἐστιν

283 5383 516 5451 Ἰησοῦς
580 5386 849 5454 Χριστόςο
903 5383 1021 5441 εἷτα
1090 5389 1205 5459 μετ’
1256 5390 1418 5444 αὐτὸν
1471 5388 1711 5461 θεμέλιοι
1743 5389 1842 5461 τῆς

283 5475 604 5546 Ἐκκλησίας
631 5479 962 5552 προφητικοί⁵
1009 5481 1103 5533 καὶ
1130 5481 1477 5536 ἀποστολικοί
1527 5481 1675 5550 λόγοι
1705 5482 1844 5536 κατά

271 5564 362 5622 τὸν
407 5566 725 5625 ’Λπόστολον
796 5572 1061 5642 φήσαντα’
1111 5574 1706 5645 Ἐποικοδομηθέντες
1743 5575 1840 5630 ἐπὶ

1942 4661 2114 4731 accipi
2136 4659 2293 4722 velis,
2330 4672 2394 4712 ac
2421 4655 2468 4712 si
2505 4653 2920 4709 fundamentum
2956 4651 3075 4721 ejus
3122 4648 3328 4719 cogites
3369 4661 3514 4708 esse,

1943 4753 2119 4823 primo
2145 4749 2365 4822 quidem
2417 4747 2708 4803 infractam
2745 4746 2892 4800 illam
2927 4751 2981 4799 et
3025 4735 3256 4799 solidam
3283 4746 3515 4811 petram,

1945 4845 2001 4897 in
2029 4857 2137 4916 qua
2165 4839 2390 4894 fundata
2417 4845 2521 4905 est,
2563 4835 2868 4893 secundum
2917 4832 3052 4888 illud
3079 4851 3091 4886 :
3117 4829 3291 4916 Supra
3313 4838 3516 4900 petram

1949 4915 2224 5004 wdiﬁcabo
2257 4929 2551 4985 Ecclesiam
2573 4944 2765 4992 meam,
2793 4936 2842 4980 et
2862 4933 3030 4994 porta:
3065 4915 3224 4992 inferi
3246 4937 3349 4974 non
3377 4936 3518 4990 pra:-

1949 5019 2190 5082 valebunt
2233 5023 2480 5078 adversus
2519 5038 2636 5076 eam
2670 5021 2738 5075 ⁸⁸.
2775 5017 2938 5073 Petra
3000 5025 3176 5070 autem
3215 5022 3328 5067 erat
3368 5011 3520 5072 Chri-

1947 5129 2060 5174 stus
2080 5119 2162 5185 "°;
2191 5125 2286 5170 aut
2317 5114 2688 5184 utApostolus
2743 5109 2954 5165 indicat
2994 5107 3081 5162 his
3113 5105 3296 5162 verbis
3327 5123 3341 5158 :
3378 5101 3521 5164 Fun-

1950 5211 2255 5264 damentum
2287 5208 2426 5261 enim
2449 5204 2596 5259 aliud
2638 5219 2788 5258 nemo
2821 5208 2990 5271 potest
3021 5215 3229 5270 ponere,
3254 5207 3445 5268 prater
3466 5194 3520 5250 id

1948 5299 2086 5372 quod
2121 5300 2352 5371 positum
2381 5307 2478 5361 est,
2497 5294 2633 5367 quod
2658 5303 2735 5349 est
2767 5292 3010 5348 Christus
3029 5291 3185 5347 Jesus
3203 5289 3246 5320 ⁷⁸
3272 5304 3290 5342 :
3314 5303 3379 5350 ac
3401 5295 3524 5357 post

1949 5395 2131 5464 ipsum
2160 5390 2498 5446 Salvatorem
2554 5387 2910 5441 fundamenta
2941 5382 3200 5446 Ecclesiae
3243 5379 3520 5436 existimes

1950 5500 2072 5540 esse
2093 5482 2440 5554 propheticos
2461 5488 2514 5535 et
2537 5477 2869 5549 apostolicos
2891 5490 3193 5540 sermones,
3219 5471 3520 5530 secundum

1949 5574 2195 5648 Apostoli
2217 5574 2422 5628 dictum
2453 5591 2466 5626 :
2491 5568 2912 5650 Superwdiﬁcati
2939 5583 3092 5640 super
3125 5565 3526 5639 fundamentum

352 5744 394 5777 “
417 5745 586 5802 Exod.
614 5764 686 5814 Ix,
717 5747 806 5816 25,
839 5749 930 5808 εει.
1007 5750 1048 5782 θ’
1072 5749 1261 5808 Matth.
1302 5769 1411 5822 xvi,
1447 5754 1531 5810 18.
1609 5753 1653 5785 ⁷ο
1683 5752 1700 5808 l
1733 5750 1826 5808 Cor

1937 5791 1954 5822 ,
1985 5751 2159 5832 4,4-“
2187 5751 2207 5807 ι
2231 5753 2358 5812 Cor.
2392 5766 2476 5820 lli,
2519 5751 2602 5808 ll.
