3994 6448
506 363 615 424 IIS

1194 361 1465 422 susssu
1493 326 1972 421 cmésuisusrs
1989 362 2046 420 οε

2187 358 2360 418 PARS
2395 349 2491 415 ιιι.
2535 373 2611 402 κ-
2640 356 3047 421 ΕΧΕΩΕΤῙΟΑΣ

3636 364 3737 426 178

504 480 865 553 apostolorum
885 491 935 539 et
958 483 1330 554 prophetarum
1348 484 1461 555 ipso
1491 498 1696 539 summo
1725 483 2046 555 augularita-

2163 482 2242 552 τῶ
2267 481 2520 555 θεμελίῳ
2545 482 2666 540 τῶν
2692 485 3052 542 ἀποστόλων
3077 482 3174 540 καί
3208 481 3548 555 προφητῶν,
3566 483 3741 556 ὄντος

499 576 622 650 pide
649 574 862 633 Christo
887 573 1018 631 Iesu
1051 577 1130 643 ";
1188 592 1536 648 nequaquam
1569 590 1603 632 α
1632 578 1880 634 veritatis
1901 590 2069 648 scopo

498 666 860 726 aberraveris.
888 666 1016 723 Haec
1046 668 1212 740 igitur
1250 668 1401 725 orbis
1446 668 1797 725 fundamenta
1827 669 2066 725 revelata

499 772 670 821 sunt:
699 761 940 818 inimicis
974 760 1089 827 Dei,
1115 762 1208 834 qui
1225 762 1353 817 olim
1401 763 1606 819 mentis
1646 771 1849 818 nostrae
1877 761 2066 818 oculos

481 854 954 934 ‘obtenebrabant,
977 862 1038 910 ut
1077 870 1147 910 ne
1170 854 1355 911 dixina
1383 854 1582 910 intueri
1606 862 1851 928 possent,
1882 853 2065 911 elimi-

496 946 645 1004 natis
667 958 722 1004 et
748 947 966 1019 fugatis,
1003 962 1068 1003 ac
1089 963 1187 1019 per
1210 947 1446 1004 emissas
1471 944 1626 1002 aDeo
1653 945 1882 1019 sagittas
1901 944 2067 1003 dissi-

497 1038 662 1110 patis,
694 1037 1008 1112 fugatisque
1032 1042 1102 1097 ab
1126 1039 1502 1112 increpatione
1532 1036 1748 1095 Domini
1790 1049 1844 1096 et
1875 1039 1944 1096 ab
1976 1039 2065 1094 in-

500 1132 800 1203 spiratione
826 1134 1052 1204 spiritus
1068 1135 1161 1190 ira:
1183 1133 1324 1206 ejus.
1358 1133 1550 1189 Merito
1592 1130 1760 1205 igitur
1781 1146 1846 1188 ac
1871 1146 2065 1188 conse-

497 1235 748 1297 quenter,
768 1226 925 1284 abiis
951 1226 1122 1298 erepti
1151 1241 1216 1281 ac
1243 1233 1461 1297 recepto
1485 1224 1773 1282 oculorum
1791 1240 1913 1294 usu,
1944 1223 2067 1280 fon-

496 1323 581 1373 tes
613 1331 880 1389 aquarum
923 1317 1180 1377 vidimus.
1238 1315 1591 1372 fundamenta
1614 1316 1763 1373 orbis
1792 1324 2063 1373 terrarum

495 1410 866 1481 suspeximus.
901 1407 1056 1476 Quod
1099 1417 1260 1465 aetate
1304 1416 1494 1464 nostra
1531 1408 1585 1463 in
1626 1409 1876 1481 plurimis
1908 1418 2066 1465 terrae

494 1500 744 1570 partibus
764 1501 965 1557 evenit.

564 1677 731 1739 Vsus.
768 1681 961 1739 17—19.
1008 1680 1158 1737 Misit
1207 1681 1273 1737 de
1312 1698 1520 1737 summo
1582 1689 1635 1738 et
1696 1680 1895 1752 accepit
1959 1696 2060 1747 me,

492 1774 780 1844 assumpsit
802 1789 882 1828 me
905 1772 970 1829 de
1017 1775 1169 1846 aquis
1198 1775 1401 1830 multis.
1459 1773 1776 1830 Demersum
1825 1788 2062 1845 namque

491 1864 694 1935 ipsum,
717 1871 772 1919 et
802 1864 961 1935 quasi
1010 1865 1287 1936 captivum
1329 1864 1647 1928 abductum,
1679 1865 2059 1921 universorum

488 1955 635 2013 Deus
658 1962 714 2013 et
748 1955 932 2025 Pater,
989 1972 1088 2028 per
1142 1954 1339 2012 Filium
1397 1970 1558 2013 suum
1591 1957 1688 2014 abs
1731 1973 1791 2014 se
1830 1953 2059 2014 miss'um

488 2049 727 2121 excepit.
748 2048 907 2107 Unde
947 2058 1129 2106 autem
1179 2053 1473 2122 exceperit,
1515 2052 1746 2110 subinde
1785 2053 2061 2125 significat

490 2142 577 2198 bis
591 2141 797 2209 verbis,
831 2147 894 2198 de
910 2143 1060 2213 aquis
1073 2143 1276 2199 multis.
1301 2143 1392 2197 Ait
1420 2143 1584 2215 igitur
1618 2145 1783 2200 etiam
1816 2147 1875 2200 in
1898 2158 2059 2202 sexo-

487 2236 696 2306 gesimo
725 2241 919 2291 octavo
948 2234 1194 2306 psalmo:
1228 2234 1448 2292 Salvum
1488 2251 1567 2291 me
1597 2235 1705 2306 fac,
1744 2237 1911 2303 Deus,
1936 2253 2063 2309 quo-

491 2326 634 2378 niam
655 2324 989 2380 intraverunt
1019 2341 1171 2397 aqua:
1194 2325 1440 2398 usquead
1469 2328 1706 2383 animam
1747 2344 1915 2383 meam
1940 2345 1960 2385 :
1982 2329 2062 2384 in-

486 2419 628 2483 ﬁxus
655 2434 771 2475 sum
801 2420 855 2474 in
890 2420 1016 2475 limo
1054 2420 1324 2491 profundi,
1357 2431 1406 2478 et
1430 2439 1532 2479 non
1548 2432 1628 2479 est
1653 2424 1954 2483 substantia
1986 2425 2055 2486 ’³.

484 2508 567 2564 Ad
586 2509 700 2566 haec
720 2518 1118 2582 consequenter
1146 2526 1280 2569 sane
1299 2512 1356 2568 in
1387 2515 1640 2584 praesenti
1668 2515 1871 2587 gratias
1891 2514 2057 2587 agens

484 2602 568 2657 sic
592 2603 669 2656 ait
693 2622 708 2658 :
736 2602 1035 2674 Assumpsit
1066 2620 1147 2660 me
1170 2604 1235 2660 de
1252 2606 1402 2677 aquis
1426 2605 1627 2662 multis.
1671 2605 1930 2675 Quaenam
1959 2620 2055 2663 au-

483 2699 594 2747 tem
618 2693 730 2749 sint
756 2709 910 2765 aqua:
945 2695 1072 2762 illae,
1127 2711 1252 2752 mox
1303 2698 1544 2768 apertius
1602 2696 1810 2755 indicat
1840 2699 1921 2756 sic
1975 2700 2057 2757 lo-

482 2799 697 2854 quens:
723 2784 801 2842 De
856 2787 1084 2844 inimicis
1132 2789 1261 2844 meis
1303 2791 1636 2860 fortissimis,
1669 2801 1719 2847 et
1753 2792 1819 2848 ab
1858 2794 1926 2849 iis
1965 2797 2054 2866 qui

481 2875 703 2934 oderunt
725 2895 824 2939 me.
848 2881 1096 2950 quoniam
1120 2882 1435 2952 conformati
1449 2894 1570 2939 sunt
1593 2867 1747 2955 super
1772 2903 1872 2942 me.
1903 2886 2056 2943 Prae-

481 2979 729 3027 oenerunt
750 2988 831 3026 me
857 2972 911 3026 in
923 2970 1314 3045 dieaﬂiictionis
1346 2991 1492 3030 mea.
1523 2974 1648 3031 Haec
1676 2976 1793 3048 ipsa
1816 2976 2054 3047 Spiritus

479 3070 706 3122 sanctus
731 3064 1040 3129 annuntiat,
1063 3064 1191 3121 dum
1215 3065 1291 3120 ait
1308 3080 1433 3123 eum
1463 3074 1805 3140 assumptum
1835 3085 1960 3127 esse
1983 3068 2052 3126 de

2166 570 2597 646 ἀκρογωνιαίου
2654 575 2843 631 αὐτοῦ
2897 573 3102 643 Ἰησοῦ
3163 573 3419 644 Χριστοῦ
3439 591 3453 607 ⁸
3523 574 3623 630 οὐκ
3672 576 3740 633 ἃν

2169 665 2325 732 ἐκτὸς
2352 664 2535 738 βάλοις
2561 666 2661 739 τῆς
2690 666 2965 740 ἀληθείας.
2988 665 3151 722 Ταῦτ’
3182 662 3276 721 οὖν
3298 667 3365 722 τὰ
3388 666 3611 740 θεμέλια
3641 670 3742 741 τῆς

2165 759 2491 832 οἰκουμένης
2542 757 3012 830 ἁνεκαλύφθησαν·
3062 759 3169 813 τῶν
3216 758 3423 832 ἐχθρῶν
3477 757 3571 813 τοῦ
3604 758 3739 813 Θεοῦ

2164 852 2273 907 τῶν
2313 852 2480 907 πάλαι
2523 851 2947 907 ὲπισκοτούντων
3003 850 3071 906 τὰ
3127 850 3227 923 τῆς
3255 850 3432 923 ψυχῆς
3454 848 3608 922 ἡμῶν
3636 850 3741 921 δμ-

2169 963 2313 1018 ματα
2335 944 2474 1018 πρὸς
2516 944 2578 999 τὸ
2626 944 2700 1017 μὴ
2743 943 2812 1000 τὰ
2839 944 2958 999 θεῖα
3003 944 3221 1017 βλέπειν
3269 947 3333 999 ὲκ
3359 944 3534 999 ποδῶν
3575 960 3739 1016 μεταο

2167 1036 2425 1102 στάντων,
2479 1036 2574 1090 καὶ
2631 1040 2747 1101 τοῖς
2791 1036 3097 1092 ἀποδοθεῖσι
3148 1035 3244 1091 τοῦ
3296 1035 3503 1109 Κυρίου
3550 1035 3739 1108 eam

2163 1127 2705 1202 διασκορπισθὲντων,
2741 1129 3085 1200 πεφευγότων
3131 1147 3192 1185 τε
3235 1128 3342 1184 ἀπὸ
3371 1131 3739 1202 ἐπιτιμήσεως

2164 1222 2389 1298 Κυρίου,
2423 1223 2518 1278 καὶ
2562 1222 2671 1277 ἀπὸ
2724 1222 3075 1293 ὲμπνεύσεως
3104 1222 3414 1294 πνεύματος
3440 1221 3609 1294 ὀργῆς
3637 1222 3737 1275 ait.

2163 1313 2280 1369 τοῦ.
2304 1315 2544 1380 Εἰκότως
2586 1309 2681 1369 οὖν
2708 1313 3162 1387 ἐλευθερωθέντες
3202 1314 3408 1369 τούτων
3436 1315 3597 1386 ἡμεῖς
3645 1313 3740 1368 καὶ

2161 1406 2583 1479 ἀναϐλέψαντες,
2617 1406 2716 1473 τὰς
2744 1407 2927 1479 πηγὰς
2952 1406 3059 1461 τῶν
3117 1406 3324 1462 ὑδάτων
3372 1405 3737 1479 ἐθεασάμεθα,

2163 1501 2257 1554 καὶ
2287 1499 2355 1554 τὰ
2374 1499 2595 1572 θεμέλια
2625 1499 2725 1572 τῆς
2755 1499 3076 1571 οἰκουμένης
3119 1501 3569 1571 ἑπωπτεύσαμεν.
3625 1498 3741 1554 Καὶ

2161 1591 2319 1646 τοῦτο
2346 1594 2431 1662 ἐφ’
2463 1591 2620 1665 ἡμῶν
2649 1593 2706 1647 ὲν
2733 1591 2945 1657 πολλοῖς
2974 1592 3262 1665 γεγένηται
3294 1592 3383 1647 κλί
3388 1610 3569 1665 μασιν.

2243 1682 2705 1750 Ἕξαπέστειλεν
2732 1685 2802 1753 ἐξ
2826 1686 3046 1756 ὕψους,
3078 1685 3171 1741 καὶ
3224 1684 3400 1740 ἔλαϐέ
3425 1700 3523 1755 με,
3550 1696 3740 1754 προσ-

2160 1776 2407 1833 ελὰὅετό
2428 1795 2505 1849 με
2523 1778 2593 1844 ἐξ
2633 1778 2868 1834 ὑδάτων
2918 1777 3179 1834 πολλῶν.
3213 1775 3599 1832 Καταποθέντα
3624 1775 3741 1849 γὰρ

2092 1847 2135 1904 Β
2159 1867 2321 1922 αὑτὸν
2351 1847 2446 1922 καί
2488 1867 2765 1939 ληφθέντα
2794 1867 2984 1940 ὥσπερ
3006 1867 3354 1940 αἰχμάλωτον
3376 1870 3405 1922 ὀ
3432 1866 3541 1920 τῶν
3594 1847 3739 1920 ὅλων

2159 1958 2293 2024 Θεὸς
2322 1961 2417 2014 καὶ
2432 1958 2639 2032 Πατὴρ,
2654 1958 3038 2026 ἐξαποστείλας
3063 1957 3153 2012 τὸν
3169 1957 3360 2012 ἑαυτοῦ
3378 1956 3524 2023 Υίὸν,
3552 1955 3736 2012 ἔλαϐε.

2158 2049 2328 2105 Πόθεν
2357 2049 2415 2105 δὲ
2466 2050 2629 2105 αὑτὸν
2682 2050 2890 2117 ἔλαϐεν,
2940 2050 3070 2122 ἑξῆς
3129 2049 3369 2104 διδάσκει
3417 2048 3611 2118 λέγων,
3662 2046 3738 2113 ἐξ

2159 2141 2393 2198 ὑδάτων
2419 2141 2686 2198 πολλῶν.
2717 2143 2855 2216 Φησὶ
2880 2142 3012 2213 γοῦν
3040 2141 3137 2198 καὶ
3170 2143 3228 2197 έν
3262 2140 3537 2213 ἑξηκοστῷ
3562 2138 3739 2213 ὀγδόῳ

2156 2234 2375 2308 ψαλμῷο
2404 2235 2605 2291 Σῶσόν
2628 2252 2726 2307 με,
2765 2237 2799 2289 ὁ
2825 2234 2988 2304 Θεὸς,
3024 2233 3112 2289 ὅτι
3138 2233 3511 2304 είσήλθοσαν
3545 2233 3739 2289 ὕδατα

2157 2326 2266 2395 ἕως
2286 2326 2490 2400 ψυχῆς
2518 2344 2657 2397 μου·
2698 2325 2998 2399 ert-21ter
3033 2328 3121 2395 εις
3166 2326 3327 2396 ὕλην
3365 2325 3582 2393 βυθοῦ,
3632 2328 3735 2383 καὶ

2156 2423 2268 2476 οὐκ
2289 2421 2460 2476 ἔστιν
2487 2421 2840 2486 ὑπόστασις.
2890 2418 3113 2483 Τούτοις
3162 2417 3447 2491 τοιγαροῦν
3506 2417 3735 2473 ἀκολού-

2158 2511 2267 2577 θως
2298 2512 2394 2568 καὶ
2443 2514 2502 2569 ὲν
2556 2515 2669 2578 τοῖς
2718 2511 3096 2584 προκειμένοις
3147 2510 3478 2584 εὐχαριστῶν
3502 2550 3519 2575 ,
3573 2512 3729 2584 φησί·

2155 2604 2567 2674 Προσελάόετό
2598 2622 2675 2676 με
2697 2604 2768 2670 ἐξ
2792 2602 3027 2661 ὑδάτων
3071 2602 3339 2660 πολλῶν.
3372 2604 3506 2661 Τίνα
3550 2603 3605 2657 δὲ
3659 2604 3735 2659 τὰ

2156 2691 2342 2759 ὕδατα,
2367 2694 2614 2768 ἐπιφέρει
2638 2695 2968 2766 σαφέστερον
2996 2692 3183 2748 εἰπών’
3228 2692 3324 2759 Ἐξ
3353 2693 3582 2764 ἐχθρῶν
3605 2710 3731 2764 μου

2152 2783 2427 2841 δυνατῶν
2473 2784 2573 2840 καὶ
2594 2784 2664 2839 ἐκ
2708 2783 2828 2838 τῶν
2842 2785 3184 2854 μισούντων
3199 2799 3296 2853 με,
3320 2781 3411 2837 ὅτι
3450 2782 3732 2852 ἐστερεώ-

2153 2879 2351 2945 θησαν
2384 2875 2538 2946 ὑπὲρ
2564 2875 2687 2947 ἐμέ.
2710 2873 3104 2945 Προέφθασάν
3125 2890 3203 2946 με
3230 2875 3301 2930 ἐν
3332 2873 3520 2945 ἡμέρα
3538 2876 3730 2929 κακώ-

2151 2969 2307 3037 σεώς
2337 2987 2477 3040 μου.
2513 2969 2624 3025 Καὶ
2647 2968 2821 3023 ταῦτα
2851 2968 2907 3022 δὲ
2942 2968 3004 3022 τὸ
3034 2967 3255 3039 Πνεῦμα
3285 2966 3346 3021 τὸ
3383 2967 3536 3037 ἅγιον
3561 2967 3729 3036 εὐαγ-

2151 3062 2423 3132 γελίζεται
2448 3062 2609 3116 αὐτὸν
2640 3060 2929 3116 ἀναλαϐεῖν
2986 3060 3051 3114 ὲκ
3077 3058 3187 3114 τῶν
3239 3058 3445 3113 πολλῶν
3492 3058 3726 3125 ὑδάτων,

481 3154 639 3226 aquis
663 3152 867 3218 multis,
893 3152 1310 3226 libertatemque
1336 3162 1558 3211 nactum
1592 3170 1658 3213 ex
1685 3158 1926 3216 inimicis
1953 3161 2045 3234 qui

2154 3155 2462 3229 ἐλευθερίαν
2488 3155 2546 3209 δὲ
2582 3154 2682 3227 τὴν
2707 3152 2813 3208 ἀπὸ
2850 3152 2957 3206 τῶν
2993 3151 3201 3225 ἐχθρῶν
3227 3151 3335 3205 τῶν
3362 3150 3525 3207 παλαι
3549 3167 3726 3206 κατα-

479 3247 659 3318 ipsum
692 3242 821 3302 olim
840 3246 1068 3316 imperio
1088 3247 1374 3302 subactum
1401 3262 1502 3303 suo
1538 3249 1903 3326 detinuerant.

548 3333 715 3393 Vsus.
762 3334 855 3397 21),
887 3335 978 3392 21.
1025 3334 1096 3390 Et
1151 3335 1325 3406 factus
1345 3346 1425 3394 est
1475 3337 1731 3396 Dominus
1786 3352 2049 3413 protector

478 3443 645 3483 meus.
670 3425 739 3481 Et
764 3426 943 3482 eduxit
977 3444 1059 3483 me
1082 3429 1137 3482 in
1161 3429 1520 3497 latitudinem,
1545 3432 1751 3489 salvum
1785 3452 1867 3491 me
1888 3437 2048 3507 faciet

477 3518 728 3590 quoniam
756 3517 916 3572 voluit
940 3534 1039 3573 me.
1073 3517 1139 3572 Et
1158 3520 1409 3575 retribuet
1429 3519 1557 3576 mihi
1578 3520 1838 3580 Dominus
1862 3542 2047 3582 secun-

478 3612 605 3666 dum
615 3610 892 3682 justitiam
936 3627 1128 3669 meam.
1177 3611 1315 3668 Cum
1370 3613 1795 3684 confessionem,
1842 3617 2041 3689 inquit,

478 3719 671 3775 preces
696 3712 753 3761 et
776 3704 1205 3776 supplicationes
1233 3721 1385 3763 meas
1402 3706 1513 3778 jam
1535 3709 1851 3767 exaudisset
1876 3711 2041 3779 Deus,

478 3793 658 3850 factus
681 3804 766 3851 est
788 3800 1067 3866 protector
1116 3810 1291 3852 meus.
1332 3795 1417 3853 Me
1460 3798 1661 3869 quippe
1701 3800 2044 3858 subversioni

476 3896 533 3948 et
557 3889 730 3945 ruinae
752 3888 955 3961 ingenti
984 3891 1315 3960 proximum,
1338 3890 1385 3946 si
1406 3892 1626 3962 quidem
1666 3901 1793 3965 post
1843 3911 2041 3967 pecca-

475 3988 594 4039 tum
649 3981 705 4036 in
763 3978 1122 4038 defectionem
1204 3983 1421 4052 penitus
1469 3982 1757 4055 prolapsus
1805 4001 1985 4043 essem
2017 4029 2038 4055 ,

473 4078 663 4130 astans
686 4070 822 4142 ipse,
860 4084 959 4126 ceu
1002 4068 1233 4124 fulcrum
1257 4078 1313 4125 et
1335 4067 1747 4140 adminiculum,
1794 4076 2038 4145 retinuit,

472 4163 692 4237 quando
713 4166 883 4220 misso
906 4163 973 4218 ad
990 4177 1078 4218 me
1102 4161 1317 4217 Nathan
1366 4163 1655 4234 propheta,
1703 4167 1771 4224 de
1798 4169 2039 4228 admisso

472 4263 699 4331 peccato
718 4271 806 4312 me
829 4257 1097 4328 coarguit,
1132 4262 1184 4310 et
1215 4255 1408 4310 erexit.
1460 4254 1574 4312 imo
1603 4259 1766 4314 etiam
1818 4260 2039 4319 deduxit

469 4366 553 4406 me
582 4350 636 4404 in
650 4347 1016 4415 latitudinem;
1045 4348 1178 4413 sive,
1202 4348 1361 4420 juxta
1422 4345 1832 4423 Symmachum,
1858 4355 1913 4410 in
1952 4355 2031 4411 la—

470 4439 845 4511 tumspatium.
876 4437 959 4495 Ad
1004 4438 1284 4510 angustias
1339 4439 1543 4511 quippe
1597 4442 1874 4501 redactum
1925 4462 2033 4514 me,

2148 3249 2567 3321 κεκρατηκότων
2591 3245 2756 3302 αὑτοῦ
2786 3244 3058 3317 γενέσθαι.

2220 3341 2328 3398 Καὶ
2375 3342 2609 3413 ἐγένετο
2653 3342 2870 3410 Κύριος
2922 3337 3350 3409 ἀντιστήριγμά
3414 3356 3555 3409 μου.
3606 3337 3718 3393 Καὶ

2144 3433 2399 3505 ἐξήγαγέ
2417 3451 2494 3505 με
2546 3437 2634 3500 εὶς
2663 3431 3042 3503 πλατυσμὸν,
3061 3431 3318 3501 ῥύσεται
3334 3446 3434 3501 με,
3492 3427 3723 3496 ὅτιήθέ·

2145 3529 2300 3598 λησέ
2315 3545 2410 3598 με.
2455 3526 2566 3581 Καὶ
2616 3524 3029 3582 ἀνταποδώσω
3052 3541 3155 3596 μοι
3186 3525 3399 3593 Κύριος
3429 3522 3577 3576 κατὰ
3605 3521 3721 3591 τὴν

2144 3617 2537 3684 δικαιοσύνην
2548 3634 2687 3687 μου.
2731 3615 2868 3687 Ἤδη
2896 3614 3016 3687 μὲν,
3071 3613 3225 3687 φησὶ,
3269 3614 3368 3685 τῆς
3390 3611 3718 3683 ἐξομολογή-

2146 3709 2282 3775 σειῦς
2306 3727 2405 3782 μου
2431 3708 2647 3763 καὶτῶν
2677 3706 2990 3777 προσευχῶν
3016 3706 3110 3759 καὶ
3149 3705 3257 3759 τῶν
3301 3704 3586 3776 ἱκετηρίων
3617 3705 3718 3757 ἐπ-

2143 3802 2387 3867 ακούσας
2417 3802 2446 3855 ὁ
2483 3800 2705 3874 Κύριος,
2740 3798 2932 3869 γέγονέ
2967 3816 3058 3870 μοι
3112 3796 3529 3867 ἀντιστήριγμα.
3564 3794 3715 3850 Μέλ-

2141 3895 2299 3950 λοντα
2324 3895 2433 3967 γάρ
2464 3912 2529 3967 με
2561 3893 3003 3967 περιτρέπεσθαι,
3032 3892 3127 3946 καὶ
3155 3891 3294 3963 μέγα
3343 3889 3543 3960 πτῶμα
3589 3887 3714 3943 ὐπο-

2145 3988 2348 4062 μένειν,
2374 3990 2423 4043 εί
2457 3987 2594 4060 μετὰ
2620 3986 2715 4058 τὴν
2744 3986 3017 4060 ἁμαρτίαν
3056 3987 3136 4049 είς
3165 3983 3399 4055 παντελῆ
3424 3981 3712 4048 ἐξέπιπτον

2140 4080 2494 4145 ἀποστασίαν,
2535 4081 2695 4145 αὐτὸς
2726 4078 3010 4153 παραστὰς
3032 4077 3259 4151 ἔρεισμὰ
3304 4091 3396 4148 μοι
3443 4074 3537 4128 καὶ
3561 4074 3713 4130 ἀντι-

2140 4174 2418 4246 στήριγμα
2454 4172 2694 4242 γέγονεν,
2749 4170 3005 4243 ὁπηνίκα,
3057 4169 3148 4223 τὸν
3206 4165 3368 4222 αὑτοῦ
3425 4165 3709 4237 προῳήτην

2138 4264 2325 4320 Ναθὰν
2352 4263 2592 4338 πέμψας,
2625 4263 2844 4334 ἕλεγχόν
2873 4281 2962 4336 μοι
3007 4263 3251 4334 ἐπήγαγε
3278 4262 3379 4331 τῆς
3409 4258 3705 4331 ἁμαρτίας,

2138 4357 2233 4412 καὶ
2270 4355 2613 4430 ἁνῶρθωσεν.
2657 4354 2815 4408 Ἀλλὰ
2873 4355 2966 4409 καὶ
2996 4351 3289 4423 ἐξήγαγέν
3325 4366 3402 4421 με
3444 4352 3532 4417 είς
3559 4350 3706 4403 πλασ-

2137 4449 2388 4520 τυσμὸν,
2414 4448 2508 4503 καὶ
2535 4449 2622 4515 είς
2649 4447 3036 4517 εὐρυχωρίαν,
3070 4443 3212 4499 κατὰ
3253 4442 3346 4497 τὸν
3389 4440 3705 4514 Σύμμαχον.

469 4548 535 4589 ac
554 4548 723 4604 prope
752 4532 821 4589 de
845 4530 1019 4587 salute
1046 4546 1164 4587 mea
1185 4531 1592 4603 desperantem,
1643 4538 1844 4609 eripuit
1882 4555 1945 4595 ac
1974 4541 2030 4595 in

2147 4539 2611 4613 Στενοχωρηθέντα
2636 4539 2744 4611 γάρ
2780 4555 2868 4611 με,
2898 4538 2990 4592 καὶ
3026 4534 3221 4609 μικροῦ
3253 4534 3364 4589 δεῖν
3399 4532 3704 4602 ἀπογνόντα

465 4620 806 4679 latitudinem
827 4620 1034 4689 eduxit,
1096 4630 1157 4676 ut
1202 4622 1260 4677 in
1307 4623 1474 4681 latius
1505 4627 1744 4697 spatium
1772 4630 2027 4697 deducto,

461 4710 762 4782 recipiendi
799 4713 905 4767 mei
949 4728 1015 4767 ac
1063 4715 1288 4771 vulnera
1337 4717 1571 4776 sollicite
1618 4722 1845 4778 curandi
1871 4725 2027 4796 copia

463 4801 649 4858 fuerit.
676 4801 944 4858 Caeterum
968 4802 1014 4858 is
1037 4818 1122 4859 me
1170 4820 1397 4870 prorsus
1433 4809 1709 4876 liberabit,
1758 4826 1824 4869 ac
1845 4814 2029 4872 delicti

460 4896 672 4952 veniam
686 4896 966 4963 concedet,
988 4905 1229 4968 tempore
1259 4901 1525 4961 adventus
1552 4905 1659 4969 sui,
1693 4907 1786 4978 qui
1822 4907 1875 4962 in
1892 4912 2029 4966 vati-

458 4984 604 5041 cinio
622 4987 813 5042 fertur.
838 4987 1018 5059 lisque
1039 5004 1125 5044 me
1158 4990 1435 5049 beneficiis
1458 4995 1728 5053 devinciet
1741 4995 2024 5070 Dominus,

457 5077 706 5147 quoniam
757 5078 1063 5137 uoluitme:
1094 5091 1189 5138 aut
1238 5086 1540 5142 secundum
1572 5088 1848 5161 Aquilam,
1902 5111 2029 5165 quo.

455 5168 602 5224 niam
651 5171 812 5225 voluit
838 5173 892 5226 in
907 5191 1023 5240 me;
1052 5191 1232 5248 neque
1257 5179 1405 5233 enim
1428 5184 1830 5242 convertendus
1846 5201 2021 5253 eram,

455 5276 634 5333 neque
669 5267 1047 5335 coarguendos
1096 5268 1165 5325 de
1206 5276 1456 5341 peccato,
1514 5288 1690 5345 neque
1721 5275 2019 5334 mittendus

452 5354 524 5412 ad
552 5372 638 5412 me
655 5356 939 5429 propheta,
967 5361 1072 5417 nisi
1119 5377 1205 5418 me
1243 5362 1452 5421 salvum
1521 5365 1699 5424 facere
1733 5369 2015 5426 voluisset.

451 5443 522 5500 At
547 5445 691 5502 enim
743 5446 891 5514 novi,
926 5463 990 5504 ac
1036 5466 1359 5521 persuasum
1398 5455 1558 5525 plane
1608 5456 1803 5522 habeo,
1837 5461 2015 5531 ipsum

450 5543 696 5610 tempore
715 5540 852 5610 justi
879 5541 1075 5611 judicii
1101 5543 1209 5608 sui,
1237 5546 1441 5615 peccati
1462 5545 1565 5601 mei
1594 5555 1649 5602 et
1684 5548 2010 5617 facinorum,

449 5643 572 5701 qua:
608 5630 663 5686 in
708 5632 794 5687 die
846 5633 1076 5690 miseria:
1119 5650 1252 5691 mea:
1305 5643 1635 5708 perpetravi,
1686 5645 2016 5702 mentionem

515 5812 563 5844 "
589 5809 783 5877 Ephes.
811 5830 877 5881 ιι,
912 5814 999 5872 20.
1075 5817 1121 5851 τ’
1153 5814 1297 5874 Psal.
1338 5832 1527 5888 vanl,
1556 5817 1613 5889 2,
1649 5819 1709 5879 5.

2137 4629 2329 4685 ἑαυτοῦ
2359 4629 2456 4701 τὴν
2520 4629 2810 4701 σωτηρίαν,
2870 4627 3135 4700 ἐρρύσατο
3159 4625 3251 4681 καὶ
3277 4626 3357 4689 είς
3391 4622 3703 4695 πλατυσμδν

2136 4722 2422 4794 ἐξήγαγεν,
2454 4721 2530 4787 ὡς
2577 4722 2718 4776 κατὰ
2747 4720 2944 4786 πλάτος
2976 4718 3258 4791 δυνηθῆναι
3312 4716 3545 4790 ἐμαυτὸν
3571 4715 3699 4771 ἀναν

2135 4814 2336 4879 λαϐεῖν,
2360 4815 2454 4869 καὶ
2478 4815 2575 4885 τῆς
2605 4813 2839 4885 ἐμαυτοῦ
2873 4813 3167 4886 θεραπείας
3206 4810 3519 4883 ἐπιμέλειαν
3545 4807 3699 4881 ποιὴ-

2131 4906 2345 4961 σασθαι.
2380 4906 2526 4978 Πλὴν
2550 4906 2684 4961 ἀλλὰ
2705 4907 2799 4977 καὶ.
2819 4904 3092 4969 παντελῶς
3138 4904 3359 4978 ῥύσεταί
3385 4921 3474 4977 με,
3511 4903 3697 4977 φησὶν,

2126 4999 2298 5065 διδοὺς
2323 4998 2516 5070 ἄφεσιν
2539 4999 2640 5070 τῆς
2668 5000 2939 5072 ἁμαρτίας
2961 5000 3103 5053 κατά
3154 4998 3244 5052 τὸν
3286 4995 3697 5071 πρυφητευόμε-

2129 5111 2218 5149 νον
2250 5094 2439 5166 καιρὸν
2464 5095 2564 5167 τῆς
2595 5091 2759 5147 αὑτοῦ
2794 5091 3110 5166 παρουσίας.
3140 5090 3249 5145 Καὶ
3279 5090 3437 5144 τοῦτο
3480 5090 3695 5161 ποιήσει

2127 5186 2430 5260 εὐεργετῶν
2458 5203 2526 5258 με
2574 5187 2602 5239 ὁ
2656 5185 2879 5257 Κύριος,
2933 5183 3021 5237 ὅτι
3072 5181 3451 5253 ἠθέλησέμε·
3552 5180 3693 5236 κατὰ

2123 5258 2509 5343 τὸνλΔκύλαν,
2559 5277 2648 5332 ὅτι
2692 5275 2989 5346 ἐϐουλήθη
3041 5276 3113 5331 ἐν
3162 5276 3323 5346 ἐμοί·
3368 5275 3428 5328 οὐ
3459 5258 3567 5346 γᾶρ
3626 5273 3692 5328 ἂν

2123 5372 2504 5445 ἐπεστράφην,
2550 5369 2658 5425 οὐδ’
2721 5369 2787 5424 ἂν
2847 5369 2937 5423 τὸν
2994 5368 3211 5439 ἔλεγχον
3261 5385 3350 5440 μοι
3404 5367 3688 5439 προσήγα-

2122 5479 2248 5533 γεν,
2309 5463 2416 5517 οὐδ’
2439 5463 2504 5517 ἂν
2540 5462 2632 5516 τὸν
2677 5461 2961 5534 προφήτην
3011 5458 3203 5514 ἑαυτοῦ
3259 5457 3395 5529 πρὸς
3450 5458 3548 5528 ἐμὲ
3582 5456 3686 5510 ἀπ-

2122 5552 2391 5618 εστάλκει,
2425 5554 2471 5607 εί
2505 5551 2578 5624 μὴ
2612 5553 2782 5607 σῶσαί
2842 5570 2909 5625 με
2954 5550 3161 5623 ἢθελεν.
3204 5544 3278 5604 Εὖ
3318 5548 3376 5603 δὲ
3426 5543 3545 5602 οἶδα
3593 5544 3684 5601 καὶ

2122 5643 2365 5718 ἀκριϐῶς
2411 5644 2734 5718 πέπεισμαι,
2773 5646 2854 5702 ὅτι
2910 5644 3050 5703 κατὰ
3091 5644 3176 5700 τὸν
3233 5640 3418 5715 καιρὸν
3457 5639 3557 5714 τῆς
3602 5635 3682 5697 δι’
