3994 6448
217 375 318 436 17⁵1

1342 367 1852 428 COMMENTANA
1893 371 1960 426 IN
1997 369 2338 428 PSALMOS.

3359 375 3466 430 {78

215 491 556 564 καιοκρισὶας
587 487 772 554 αὑτοῦ,
823 489 886 542 οὐ
937 486 1312 558 μνημονεύσας
1344 505 1446 558 μου
1483 487 1582 559 τῆς
1613 489 1788 558 αμαρ-

1897 483 2102 538 nullam
2163 483 2438 540 facturum
2493 499 2646 550 esse;
2707 483 2802 540 sed
2864 483 3146 540 secundum
3199 483 3466 554 justitiam

213 581 328 644 τίας
357 579 452 634 καὶ
483 577 592 632 τῶν
611 575 986 650 τολμηθέντων
1011 569 1184 646 μοιιέν
1211 575 1394 648 ἡμέρᾳ
1419 575 1794 648 ταλαιπωρίας

215 675 336 744 μου,
373 671 528 726 κατὰ
565 670 680 740 τὴν
711 668 1106 736 δικαιοσύνην
1153 685 1274 738 μου
1327 666 1625 722 ἀποδώσει
1669 683 1790 736 μοι.

211 763 320 828 Τὰς
337 763 450 835 γὰρ
475 761 642 826 ἄλλας
676 777 776 832 μου
805 759 1032 832 πράξεις
1059 759 1160 824 τὰς
1189 759 1246 812 ἐν
1271 759 1440 830 ἀρετῇ
1469 759 1564 812 καὶ
1587 757 1792 812 δικαιοα

213 853 370 928 σύν-ῃ.
407 851 598 924 ὥσπερ
634 853 692 904 ἐν
733 851 974 924 τρυτάνῃ
1009 849 1102 904 καὶ
1131 847 1280 920 ζυγῷ
1319 845 1790 918 ἀντιπαραλαὸὼν,

211 945 298 1004 καὶ
321 943 656 1016 ἀντιστήσεις
679 941 758 1012 τῷ
789 941 1144 1014 ἁμαρτήματι
1177 939 1456 1010 μου,κατά
1481 938 1614 992 πολὺ
1643 939 1794 992 πλεο-

207 1033 477 1100 ναζούσας
515 1027 734 1106 εὑρήσει
777 1031 870 1086 τοῦ
916 1029 1210 1102 γενομένου
1257 1030 1670 1102 ἁμαρτήματος.
1699 1027 1792 1082 Διὸ

209 1125 580 1182 ἁνταποδώσει
619 1141 706 1196 μοι
739 1123 798 1178 οὖ
827 1122 948 1178 καθ’
973 1122 1002 1176 ὃ
1029 1123 1272 1194 ἥμαρτον
1307 1120 1428 1192 (ἤδη
1493 1119 1600 1190 γὰρ
1629 1120 1792 1174 ἀντα-

209 1217 444 1280 πὲδωκε,
495 1213 764 1288 μετελθών
819 1231 886 1284 με
925 1211 1066 1266 κατὰ
1103 1211 1194 1264 τὸν
1253 1209 1498 1284 παρόντα
1543 1209 1656 1281 βίον
1703 1209 1792 1264 διὰ

207 1305 311 1361 τῶν
341 1304 764 1360 καταλαϐουσῷν
801 1321 866 1376 με
901 1301 1240 1374 συμφορῶν),
1283 1301 1424 1356 κατὰ
1455 1301 1510 1354 δέ
1541 1300 1642 1364 τὰς
1677 1301 1790 1354 λοι·

209 1399 312 1464 πάς
339 1397 594 1472 πράξεις,
631 1397 728 1460 τὰς
753 1397 810 1450 ἐν
835 1393 1168 1468 δικαιοσύνῃ,
1198 1391 1464 1448 ἀποδώσει
1505 1410 1594 1464 μοι
1635 1391 1692 1446 ἐν
1723 1395 1788 1464 τῇ

207 1487 392 1560 ἡμέρᾳ.
429 1489 528 1558 τῆς
557 1485 722 1542 αὑτοῦ
747 1483 1162 1558 δικαιοκρισίας,
1203 1485 1296 1538 καὶ
1321 1481 1428 1536 τῶν
1461 1483 1658 1556 χειρῶν
1689 1501 1790 1554 μου

208 1581 348 1636 κατὰ
375 1579 478 1652 τὴν
507 1577 874 1650 καθαριότητα
911 1577 1008 1648 τὴν
1041 1575 1274 1648 ἀμοιϐὴν
1309 1577 1590 1648 ποιήσεται
1609 1593 1624 1606 ’
1653 1575 1792 1628 ἀπέ-

209 1673 384 1726 πλύνα
417 1673 526 1744 γὰρ
565 1673 656 1724 τον
679 1671 942 1742 πρότερον
981 1671 1170 1734 αὐταῖς
1199 1669 1554 1740 ἐγγενόμενον
1585 1669 1754 1738 ῥύπον
1774 1683 1786 1698 ’

203 1765 310 1820 Kal
333 1766 550 1836 ἔσομαι
563 1765 800 1835 ἄμωμος
813 1761 942 1834 μετ’
962 1763 1172 1826 αὐτοῦ,
1193 1761 1292 1816 καὶ
1311 1760 1654 1830 φυλάξομαι
1672 1759 1789 1814 ἀπὸ

1895 591 2066 630 meam
2095 575 2348 630 retribuet
2383 575 2526 630 mihi.
2559 573 2696 630 Nam
2725 576 2770 632 si
2805 576 2912 632 alia
2950 591 3092 640 mea.
3121 591 3246 632 cum
3265 576 3466 634 virtute

1893 683 1958 722 ac
1983 668 2198 738 justitia
2247 669 2552 740 designata,
2589 685 2756 740 opera
2805 669 2964 742 quasi
3009 669 3078 724 ad
3111 669 3372 726 trutinam
3413 679 3468 726 et

1891 759 2164 816 bilaucem
2215 775 2322 814 una
2363 776 2486 816 cum
2543 769 2774 832 peccato
2833 777 2957 817 meo
3015 763 3356 834 appenderit,
3403 777 3468 818 ea

1893 851 2066 910 multo
2115 851 2374 908 delictum
2431 853 2698 910 excedere
2753 853 3072 926 compcriet.
3129 853 3470 926 Quapropter

1893 961 2004 1000 non
2057 945 2360 1000 secundum
2417 955 2702 1016 peccatum
2749 963 2930 1004 meum
2979 947 3246 1004 retribuet
3302 948 3468 1014 mihi;

1887 1033 2000 1104 jam
2047 1035 2248 1106 quippe
2291 1035 2568 1098 retribuit,
2592 1051 2718 1090 cum
2769 1053 2856 1092 me
2897 1037 3088 1092 multis
3127 1037 3182 1092 in
3215 1037 3470 1108 praesenti

1891 1123 2002 1178 vita
2053 1125 2460 1182 calamitatibus
2515 1125 2730 1192 allecit;
2763 1125 2856 1180 sed
2907 1127 3208 1182 secundum
3259 1127 3472 1196 reliqua

1891 1215 2062 1284 probe
2091 1229 2156 1270 ac
2199 1213 2348 1284 juste
2371 1223 2684 1286 perpetrata
2715 1231 2882 1288 opera
2915 1218 2968 1272 in
2997 1217 3084 1272 die
3113 1217 3248 1286 justi
3274 1215 3472 1288 judicii

1891 1305 1976 1360 sui
2017 1305 2286 1362 retribuet
2335 1307 2490 1372 mihi,
2521 1313 2574 1362 et
2637 1323 2833 1362 manus
2863 1323 3014 1364 meas
3059 1311 3129 1364 ob
3177 1309 3470 1380 puritatem

1891 1400 2114 1468 praemio
2143 1399 2372 1454 donabit
2407 1419 2420 1456 :
2457 1399 2605 1470 ipsas
2641 1399 2844 1470 quippe
2871 1415 2900 1453 a
2933 1400 3182 1470 pristinis
3215 1401 3472 1456 sordibus

1891 1488 2038 1544 ablui
2073 1505 2086 1542 :
2119 1487 2188 1542 Et
2207 1505 2295 1544 ero
2329 1489 2704 1544 immaculatus
2727 1507 2844 1544 cum
2889 1506 2970 1555 eo,
3002 1499 3050 1544 et
3081 1489 3362 1544 observabo
3392 1505 3472 1544 me

1893 1577 1958 1632 ab
1983 1579 2260 1650 iniquitate
2279 1597 2416 1634 mea.
2449 1579 2519 1634 Et
2561 1580 2814 1636 retribuet
2845 1579 2972 1634 mihi
2995 1579 3254 1634 Dominus
3289 1597 3474 1636 secun-

1891 1665 2018 1722 dum
2025 1669 2300 1739 justitiam
2337 1686 2504 1724 meam
2531 1677 2580 1724 et
2608 1669 2894 1724 secundum
2914 1669 3200 1739 puritatem
3220 1683 3472 1722 manuum

1893 1777 2130 1816 mearum
2165 1763 2416 1817 retribuet
2447 1763 2592 1818 mihi.

207 1861 314 1928 τῆς
341 1859 600 1930 ἀνομίας
659 1875 802 1928 μου.
853 1858 960 1912 Kal
1009 1855 1420 1912 ἀνταποδώσω
1451 1871 1552 1926 μοι
1607 1853 1822 1922 Κύριος
1857 1857 2008 1910 κατὰ
2045 1855 2162 1924 τὴν
2201 1855 2602 1924 δικαιοσύνην
2633 1875 2774 1926 μου,
2815 1857 2916 1910 καὶ
2965 1855 3116 1910 κατὰ
3145 1855 3260 1924 τὴν
3291 1855 3474 1908 καθα-

205 1951 452 2020 ριότητα
481 1949 600 2004 τῶν
625 1945 840 2020 χειρῶν
871 1967 986 2018 μου
1013 1947 1428 2004 ἀνταποδώσω
1455 1965 1578 2018 μοι.

271 2045 622 2118 Διεξέρχεται
675 2045 804 2116 ἑξῆς
855 2044 1172 2114 καταλέγων
1203 2044 1288 2109 τίς
1317 2039 1384 2118 ἦν
1417 2047 1450 2116 ἡ
1479 2041 1788 2114 δικαιοσύνη

1973 2039 2218 2096 Subinde
2263 2055 2392 2096 vero
2432 2049 2622 2096 narrat
2657 2055 2780 2111 qua:
2807 2039 2968 2094 fuerit
2992 2037 3206 2110 justitia
3235 2039 3380 2110 ejus,
3417 2049 3474 2096 et

213 2137 398 2202 αὑτοῦ,
451 2137 544 2192 καὶ
593 2137 741 2201 ὅπως
795 2135 1140 2208 ἀπεκάθηρεν
1197 2137 1392 2192 ἑαυτοῦ
1433 2136 1532 2200 τὰς
1571 2139 1778 2210 χεῖρας.

281 2233 404 2286 Ὅτι
427 2229 702 2300 ἐφύλαξα
715 2229 820 2296 τὰς
831 2229 1008 2296 ὀδοὺς
1021 2229 1260 2298 Κυρίου,
1274 2230 1370 2284 καὶ
1385 2231 1496 2284 οὐκ
1508 2229 1784 2300 ἠσέϐησα

147 2373 160 2382 ,
209 2317 324 2376 ἀπὸ
345 2319 458 2374 τοῦ
498 2317 646 2374 Θεοῦ
667 2337 810 2388 μου.
831 2319 950 2372 Ὅτι
985 2317 1184 2372 πάντα
1215 2319 1290 2374 τὰ
1315 2321 1570 2390 κρίματα
1597 2319 1784 2376 αὐτοῦ

209 2411 468 2468 ἐνώπιόν
491 2429 631 2482 μου,
659 2409 758 2464 καὶ
793 2412 864 2464 τὰ
887 2409 1248 2480 δικαιώματα
1285 2409 1472 2466 αὐτοῦ
1501 2413 1614 2468 οὐκ
1667 2413 1784 2466 ἀπ-

205 2503 474 2572 έστησεν
497 2503 600 2556 ἀπ’
619 2503 786 2574 ἐμοῦ.
811 2501 920 2556 Καὶ
943 2501 1152 2570 ἔσομαι
1171 2501 1406 2572 ἄμωμος
1426 2503 1553 2572 μετ’
1577 2503 1782 2568 αὑτοῦ,

209 2593 304 2646 καὶ
333 2591 680 2662 φυλάξομαι
705 2591 824 2646 ἀπὸ
849 2591 956 2660 τῆς
991 2591 1242 2660 ἀνομίας
1259 2607 1396 2660 μου.
1431 2592 1584 2646 Ἐπεὶ
1607 2591 1786 2646 τοίνυν

207 2682 376 2738 ταῦτα
405 2683 744 2754 ἐπορισάμην
769 2683 1006 2754 ἐμαυτῷ,
1033 2683 1186 2756 φησὶ,
1211 2683 1349 2754 μετὰ
1377 2682 1474 2755 τὴν
1493 2683 1784 2756 ἁμαρτίαν,

213 2775 300 2828 καὶ
325 2775 600 2838 τοσαύτας
631 2779 932 2846 συνήγαγον
961 2775 1182 2848 ἐμαυτῷ
1210 2773 1528 2846 θεραπείας,
1564 2775 1788 2840 εἰκότως

211 2865 370 2920 πάλιν
407 2863 758 2920 ἐπαναλαϐὼν
777 2865 866 2920 τὸν
897 2865 1056 2921 αὐτὸν
1090 2867 1148 2920 ἐν
1169 2865 1404 2938 δευτέρῳ
1425 2865 1580 2936 λόγον
1605 2867 1746 2938 φημί
1770 2881 1784 2896 ·

211 2960 320 3024 ὅτι,
353 2959 450 3015 διὰ
504 2959 572 3012 τὰ
625 2957 1015 3030 προλεχθὼτα,
1071 2959 1182 3014 Kal
1227 2959 1636 3014 ἀνταποδώσω
1687 2975 1788 3028 μοι

211 3051 426 3118 Κύριος
459 3049 608 3104 κατὰ
631 3049 746 3118 τὴν
773 3049 1166 3120 δικαιοσύνην
1199 3067 1342 3120 μου,
1367 3049 1466 3104 καὶ
1497 3051 1650 3106 κατὰ
1677 3049 1791 3120 τὴν

213 3145 612 3212 καθαριότητα
641 3141 758 3195 τῶν
788 3141 1001 3210 χειρῶν
1017 3160 1130 3210 μου
1152 3143 1406 3198 ἐνώπιον
1429 3143 1548 3198 τῶν
1577 3145 1792 3212 ὀφθαλ-

205 3235 332 3306 μῶν
389 3235 602 3290 αὐτοῦ’
649 3234 768 3288 ἀντὶ
803 3233 858 3286 δὲ
895 3233 1008 3298 τοῦ,
1037 3233 1290 3290 ἐνώπιον
1317 3233 1436 3288 τῶν
1471 3231 1792 3304 ὀφθαλμῶν

207 3327 418 3392 αὐτοῦ,
457 3329 486 3382 ὁ
531 3327 840 3398 Σύμμαχος,
869 3325 983 3388 τὴν
1009 3327 1258 3398 ἀντικρὺ
1313 3327 1433 3382 τῶν
1473 3329 1792 3398 ὀφθαλμῶν

1883 2145 1992 2202 quo
2017 2139 2176 2202 pacto
2205 2144 2398 2186 manus
2421 2131 2537 2200 ipse
2585 2145 2716 2186 suas
2747 2129 2998 2202 abluerit.

1953 2221 2120 2280 Vsus.
2152 2221 2342 2277 22-25.
2372 2221 2512 2290 Quia
2541 2221 2797 2276 custodiri
2829 2224 2940 2278 vias
2965 2221 3196 2288 Domini,
3223 2239 3318 2280 nec
3363 2223 3468 2278 im-

1882 2315 1964 2386 pie
1979 2315 2114 2388 gessi
2135 2331 2166 2367 a
2195 2313 2304 2368 Deo
2333 2329 2466 2369 mea.
2500 2313 2766 2382 Quoniam
2798 2315 2976 2369 omnia
3003 2315 3213 2386 judicia
3269 2315 3384 2386 ejus
3415 2316 3472 2370 in

1885 2415 2160 2478 conspectu
2179 2425 2312 2476 meo,
2329 2417 2378 2464 et
2401 2407 2640 2472 iustitias
2667 2407 2778 2476 ejus
2797 2425 2902 2462 non
2919 2409 3104 2476 repulit
3123 2425 3156 2463 a
3175 2425 3276 2464 me.
3291 2408 3360 2462 Et
3383 2425 3473 2464 ero

1883 2497 2260 2556 immaculatus
2293 2515 2411 2552 cum
2443 2515 2524 2562 eo,
2551 2505 2602 2552 et
2631 2497 2912 2554 observabo
2954 2515 3036 2553 me
3077 2498 3142 2552 ab
3197 2499 3476 2570 iniquitate

1887 2605 2023 2644 mea.
2039 2587 2176 2656 Quia
2189 2603 2320 2662 ergo
2343 2597 2462 2658 post
2497 2587 2796 2644 admissum
2827 2590 3007 2646 scelus
3035 2589 3103 2646 iis
3121 2605 3206 2646 me
3227 2590 3476 2648 moribus

1891 2681 2198 2752 composui,
2215 2687 2270 2736 et
2291 2687 2496 2736 tantam
2521 2680 2655 2736 mihi
2682 2681 2906 2736 adhibui
2933 2681 3198 2738 medelam
3225 2697 3476 2750 ;resum-

1889 2784 1982 2846 pta
2015 2773 2187 2844 priori
2214 2771 2512 2836 sententia,
2541 2773 2780 2842 idipsum
2805 2773 3052 2830 secundo
3085 2783 3352 2844 repetam,
3385 2773 3474 2828 di-

1889 2879 2122 2936 eamque
2173 2863 2370 2919 iterum
2407 2880 2422 2917 :
2467 2861 2536 2917 Et
2566 2861 2816 2918 retribuet
2841 2865 2972 2918 mihi
2997 2863 3258 2920 Dominus
3290 2881 3476 2920 secun-

1889 2956 2018 3012 dum
2041 2957 2316 3028 justitiam
2361 2973 2554 3020 meam,
2587 2965 2638 3010 et
2670 2957 2958 3012 secundum
3017 2961 3308 3028 puritatem
3357 2975 3474 3012 ma-

1891 3066 2054 3104 nuum
2107 3065 2346 3104 mearum
2375 3049 2431 3102 in
2476 3059 2754 3117 conspectu
2789 3049 3062 3104 oculorum
3109 3049 3222 3122 ejus
3249 3065 3268 3104 :
3313 3048 3474 3120 cujus

1894 3141 2030 3198 dicti
2065 3141 2188 3198 loco
2216 3183 2234 3210 ,
2281 3142 2336 3198 in
2383 3151 2664 3210 conspectu
2711 3145 2984 3198 oculorum
3015 3143 3128 3214 ejus
3175 3143 3256 3198 sic
3309 3141 3474 3198 habet

1895 3231 2282 3306 Symmachus,
2319 3251 2386 3290 ea:
2435 3241 2670 3308 opposito
2697 3237 2972 3292 oculorum
3011 3235 3148 3306 ejus.
3171 3233 3292 3292 Non
3323 3235 3472 3292 enim

1893 3321 2176 3378 hominum
2211 3325 2390 3381 oculis
2427 3325 2722 3398 puritatem
2761 3325 3032 3382 ostentari
3065 3339 3262 3392 meam,
3297 3337 3472 3396 neque

207 3389 418 3487 αὐτοῦ,
433 3389 714 3486 ἐξέδωκεν.
831 3419 938 3492 γὰρ
959 3389 1258 3492 ἀνθρώπων
1273 3389 1568 3492 ὀφθαλμοῖς
1587 3389 1788 3476 ἐσπού-

1893 3421 1954 3470 ut
1979 3413 2168 3472 multis
2205 3389 2482 3488 placerem
2515 3417 2570 3474 id
2597 3417 2680 3490 egi
2707 3436 2724 3486 ;
2747 3417 2842 3474 sed
2871 3421 2926 3472 in
2949 3389 3258 3490 conspectu
3277 3389 3472 3472 oculo-

209 3509 370 3576 δαζον
429 3511 528 3580 τὴν
583 3509 822 3582 ἐμαυτοῦ
883 3509 1250 3582 καθαριότητα
1305 3509 1604 3575 δεικνύναι,
1663 3510 1786 3564 οὐδὲ

213 3599 350 3658 ὥστε
403 3603 654 3674 ἀρέσκειν
687 3605 800 3666 τοῖς
831 3601 1060 3668 πολλοῖς,
1087 3601 1202 3658 ἀλλ’
1230 3603 1452 3674 ἀντικρὺ
1484 3601 1592 3656 τῶν
1619 3601 1786 3656 αὐτοῦ

211 3693 300 3750 τοῦ
334 3693 528 3768 κριτοῦ
571 3693 860 3766 ὀφθαλμῶν
894 3695 1072 3748 πᾶσαν
1103 3695 1398 3766 ἐποιούμην
1429 3693 1664 3766 σπουδὴν
1685 3693 1787 3766 τῆς

215 3785 454 3858 ἐμαυτοῦ
489 3785 872 3858 καθαρότητος.
1439 3777 1446 3782 ’

279 3879 444 3934 Μετὰ
477 3880 650 3934 ὁσίου
680 3879 846 3946 ὅσιος
875 3879 1014 3950 ἔσῃ,
1041 3879 1140 3934 καὶ
1163 3877 1314 3950 μετὰ
1349 3877 1568 3948 ἀνδρὸς
1591 3875 1784 3934 ἀθώου

215 3969 400 4038 ἀθῶος
425 3973 540 4040 ἔσῃ
561 3989 574 4002 ·
605 3973 704 4026 καὶ
723 3973 873 4042 μετὰ
895 3971 1182 4028 tu:sz
1213 3972 1498 4039 ἐκλεκτὸς
1523 3971 1660 4040 ἔσῃ,
1685 3971 1784 4026 καὶ

209 4063 352 4130 μετὰ
381 4063 678 4130 στρεϐλοῦ
705 4063 1108 4134 διαστρέψεις.
1135 4065 1264 4118 Ὅτι
1294 4064 1376 4118 σὺ
1405 4063 1560 4118 λαὸν
1585 4075 1784 4119 ταπει-

213 4154 318 4208 νὸν
343 4153 586 4222 σώσεις,
631 4155 726 4208 καὶ
773 4157 1118 4227 ὀφθαλμοὺς
1155 4155 1554 4226 ὑπερηφάνων
1581 4169 1784 4210 ταπει-

215 4243 440 4312 νώσεις.
459 4247 680 4316 Μήποτε
705 4247 1054 4318 προφητικῶς
1073 4247 1201 4302 λαὸν
1227 4247 1326 4318 μὲν
1343 4245 1590 4301 ταπεινὸν
1613 4245 1712 4318 (1),
1727 4245 1782 4318 ἦ,

213 4337 350 4390 κατὰ
397 4335 488 4390 τὸν
529 4337 774 4404 Ἀκύλαν,
811 4339 1057 4408 πένητα,
1089 4339 1144 4410 ἢ,
1179 4339 1320 4394 κατὰ
1346 4339 1436 4394 τὸν
1470 4339 1782 4410 Σύμμαχον,

213 4426 402 4496 πρᾶον
445 4429 534 4484 τὸν
559 4429 716 4502 χορὸν
763 4430 1052 4486 αἰνίττεται
1092 4431 1184 4486 τὸν
1223 4431 1612 4486 ἀποστολικόν·
1651 4433 1784 4484 ὑπε-

215 4521 484 4592 ρηφάνους
515 4519 571 4574 δὲ
599 4521 724 4584 τοὺς
755 4521 920 4576 πάλαι
955 4523 1314 4594 ἐπηρμένους,
1340 4525 1466 4588 τοὺς
1494 4521 1784 4595 ἀρχιερέας

211 4615 301 4668 καὶ
315 4613 666 4678 διδασκάλους
684 4615 778 4668 καὶ
800 4615 1062 4686 ἄρχοντας
1081 4615 1173 4670 τοῦ
1209 4619 1272 4670 ἐκ
1299 4615 1598 4690 περιτομῆς
1615 4613 1746 4669 λαοῦ
1763 4631 1780 4682 ;

1891 3521 2008 3560 rum
2043 3507 2220 3580 ipsius
2237 3507 2468 3578 judicis,
2503 3510 2614 3568 mei
2653 3511 2924 3584 purgandi
2955 3525 3146 3568 curam
3177 3519 3233 3568 et
3265 3509 3469 3568 sollici-

1887 3597 2132 3654 tudinem
2153 3597 2341 3656 habui.

1955 3859 2121 3918 νεεδ.
2193 3859 2398 3918 26—28.
2481 3859 2616 3920 Cum
2681 3873 2862 3919 sancto
2915 3873 3128 3920 sanctus
3189 3864 3293 3918 eris
3323 3903 3338 3928 ,
3417 3875 3468 3918 et

1885 3969 2005 4008 cum
2039 3953 2150 4008 viro
2197 3953 2468 4009 innocente
2507 3955 2754 4011 innocens
2783 3957 2886 4012 eris
2915 3973 2932 4014 :
2957 3965 3006 4012 et
3035 3973 3152 4010 cum
3177 3957 3338 4012 electo
3363 3957 3468 4010 ele-

1886 4053 2000 4100 ctus
2047 4062 2174 4114 eris,
2205 4057 2258 4102 et
2299 4063 2418 4102 cum
2459 4065 2698 4118 peruerso
2731 4051 3060 4120 perverteris.
3095 4050 3360 4118 Quoniam
3409 4059 3466 4104 tu

1883 4136 2134 4206 populant
2159 4137 2410 4194 humilem
2449 4139 2654 4194 saluum
2681 4141 2846 4210 {acies
2871 4181 2886 4206 ,
2917 4151 2966 4196 et
3000 4141 3178 4198 oculos
3217 4139 3466 4211 superbo-

1889 4245 2006 4282 rum
2027 4227 2358 4284 humiliabis.
2397 4229 2596 4286 Annon
2625 4231 2950 4304 prophetico
2987 4248 3136 4289 more
3167 4249 3263 4304 per
3287 4247 3464 4304 popu-

1887 4321 1998 4376 lum
2053 4321 2336 4388 humilem,
2365 4332 2460 4378 aut
2509 4325 2810 4382 secundum
2865 4325 3138 4398 Aquilam,
3165 4341 3462 4398 pauperem,

1887 4420 2002 4480 aut,
2035 4425 2096 4468 ut
2121 4411 2512 4486 Symmachus.
2544 4429 2901 4484 mansuetum,
2935 4417 3164 4474 chorum
3199 4417 3462 4490 apostoli-

1885 4525 2008 4566 cum
2067 4509 2378 4577 adumbrat,
2425 4513 2698 4584 superbos
2757 4521 2936 4568 autem
2985 4519 3144 4570 vocat
3195 4531 3314 4580 eos,
3367 4515 3460 4588 qui

1883 4601 2012 4658 olim
2047 4603 2186 4659 altos
2216 4603 2442 4674 spiritus
2483 4605 2860 4672 assumebant,
2891 4605 3170 4676 principes
3205 4607 3462 4662 sacerdo-

212 4703 300 4770 οὒς
323 4705 492 4758 πάλαι
517 4703 812 4778 ὀφθαλμοῖς
839 4705 1206 4778 ὑπερηφάνοις
1239 4707 1378 4760 κατὰ
1409 4705 1502 4760 τοῦ
1533 4707 1782 4778 Σωτῆρος

1893 4699 2021 4760 tum,
2053 4693 2308 4752 doctores
2340 4711 2403 4752 ac
2439 4695 2789 4768 magistratus
2833 4697 3018 4768 populi
3071 4713 3138 4754 ex
3169 4697 3462 4754 circumci-

213 4795 363 4868 ἡμῶν
381 4797 750 4868 κεχρημένους
777 4799 1138 4852 ἐταπείνωσεν
1157 4801 1184 4852 ὁ
1203 4799 1352 4864 Θεὸς,
1369 4799 1426 4850 ἐν
1449 4797 1582 4852 πᾶσι
1604 4797 1784 4862 σώσας

213 4885 298 4941 τὸν
347 4887 510 4942 αὑτοῦ
557 4889 806 4943 ταπεινὸν
841 4891 932 4944 καὶ
983 4889 1188 4960 πένητα
1219 4891 1312 4944 καὶ
1343 4893 1532 4962 πρᾶον,
1565 4891 1656 4946 τὸν
1687 4889 1780 4944 τοῦ

215 4977 462 5052 Σωτῆρος
481 4979 638 5050 ἡμῶν
665 4981 976 5035 ἀποστόλων
1007 4999 1065 5034 τε
1095 4983 1188 5036 καὶ
1217 4981 1472 5054 μαθητῶν
1505 4983 1652 5038 λαόν.

289 5237 420 5292 ὀτι
473 5239 556 5292 σὺ
611 5239 842 5310 sometch
895 5241 1002 5296 τὸν
1051 5245 1286 5314 λύχνον
1315 5261 1456 5314 μου,
1500 5247 1696 5314 Κύριε,
1747 5249 1782 5302 ὁ

1889 4783 2084 4840 sione?
2126 4783 2276 4852 Quos
2317 4787 2446 4842 olim
2486 4787 2740 4860 superbis
2789 4789 2966 4846 oculis
3012 4789 3068 4846 in
3125 4785 3462 4846 Salvatorem

1887 4885 2140 4934 nostrum
2175 4879 2528 4950 insurgentes
2567 4881 2878 4937 humiliavit
2923 4881 3086 4948 Deus,
3110 4897 3174 4936 ac
3201 4881 3462 4938 humilem

1887 4967 2061 5032 illum,
2095 4983 2406 5040 pauperem-
2429 4979 2482 5026 et
2511 4979 2862 5028 mansuetum
2895 4973 3106 5028 salvum
3127 4971 3276 5038 fecit,
3310 4973 3463 5030 vide-

1884 5049 2011 5115 Ιίοοὶ
2045 5059 2198 5114 illum
2233 5059 2532 5120 Salvatoris
2565 5063 2760 5128 nostri,
2794 5063 3166 5134 apostolorum
3196 5079 3262 5122 ac
3293 5065 3462 5122 disci-

1879 5151 2134 5222 pulorum
2161 5153 2440 5224 populum.

1951 5239 2116 5298 Vens.
2153 5241 2244 5306 29,
2286 5241 2374 5298 50.
2413 5243 2678 5311 Quoniam
2731 5253 2788 5302 tu
2831 5245 3161 5302 illuminabis
3193 5243 3461 5302 lucernam

219 5327 356 5394 Θεός
375 5346 516 5398 μου,
535 5331 768 5400 φωτιεῒς
797 5331 863 5386 τό
895 5335 1114 5402 σκότος
1135 5353 1274 5405 μου.
1303 5337 1426 5390 Ὅτι
1452 5339 1522 5391 ἐν
1549 5339 1646 5392 σοὶ
1669 5341 1780 5407 ῥυ-

1893 5351 2072 5400 meam,
2133 5333 2356 5390 Domine
2401 5335 2542 5391 Deus
2593 5354 2770 5404 meus,
2835 5337 3166 5396 illuminabis
3221 5339 3460 5394 tenebras

215 5416 512 5490 σθήσομαι
561 5421 682 5476 ἀπὸ
731 5422 836 5476 τοῦ
880 5427 1276 5492 πειρατηρίου,
1311 5429 1408 5482 καὶ
1437 5427 1508 5480 ἐν
1549 5427 1628 5494 τῷ
1659 5429 1780 5496 Θεῷ

1893 5445 2044 5482 meas.
2089 5427 2354 5493 Quoniam
2391 5429 2445 5484 in
2478 5439 2526 5484 te
2552 5431 2752 5500 eripior
2775 5447 2808 5484 α
2839 5431 3146 5496 tentatione,
3175 5439 3224 5486 et
3253 5431 3309 5486 in
3345 5429 3454 5484 Deo

217 5525 324 5576 μου
351 5513 758 5583 ὑπερϐήσομαι
785 5513 998 5583 τεῖχος.
1039 5515 1224 5586 Ζητῶν
1257 5517 1314 5572 δὲ
1341 5517 1434 5570 τὸν
1459 5517 1650 5590 λύχνον
1681 5519 1774 5574 τοῦ

217 5597 374 5658 nauis
403 5597 560 5674 εὗρον
589 5603 647 5656 ἐν
683 5601 806 5676 ρλα⁹
831 5603 1029 5674 ψαλμῷ
1055 5605 1346 5690 φερόμενον
1389 5607 1467 5672 τὸ,
1495 5607 1652 5662 Ἐκεῖ
1687 5609 1778 5674 ἐξ·

1883 5537 1994 5576 meo
2017 5521 2378 5594 transgrediar
2405 5539 2632 5578 murum.
2667 5523 2806 5580 Cum
2838 5533 3018 5582 autem
3061 5525 3206 5580 illam
3237 5519 3458 5578 Davidis
3489 5551 3494 5556 -

1883 5613 2160 5694 lucernam
2201 5614 2592 5685 perquirerem,
2625 5615 2680 5670 in
2716 5633 2883 5672 cxxxl
2909 5617 3122 5688 psalmo
3145 5613 3452 5685 deprehen-

217 5693 474 5749 ανατελῶ
499 5693 672 5762 κέρας
717 5695 796 5764 τῷ
823 5695 1032 5750 Δαυτδ·
1075 5697 1372 5772 ήτοίμασα
1419 5701 1652 5769 λύχνον
1699 5701 1776 5768 τῷ

1893 5703 1932 5760 di
1962 5723 1974 5758 :
2009 5693 2149 5758 lllic’
2177 5703 2462 5775 producam
2505 5711 2676 5782 Cornu.
2701 5707 2870 5764 David
2913 5749 2926 5778 ,
2959 5707 3142 5780 paraui
3183 5707 3448 5763 lucernam

282 5807 356 5878 (l)
393 5807 448 5862 In
475 5805 740 5866 ilebraico
778 5807 972 5882 legitur
991 5819 1098 5880 θεν,
1139 5813 1192 5869 id
1227 5821 1310 5872 est
1353 5827 1568 5884 pauper,
1631 5814 1878 5884 abjectus.
