3994 6448
412 446 517 509 I79

1048 434 1321 495 EUSEBII
1356 422 1833 491 CESARIENSIS
1870 414 2019 476 OPP.
2057 405 2242 469 PARS
2278 395 2365 459 111.
2403 420 2472 436 --
2518 397 2930 461 EXEGETICA.

3556 389 3675 448 180·

409 562 624 622 Christo
662 558 775 615 meo
794 556 859 611 ⁷⁸.
892 520 1138 619 Lucerna
1189 556 1372 606 autem
1414 542 1639 600 Christo
1675 543 1886 611 parata,
1908 548 1976 589 ex
2007 537 2026 591 ἐ

2125 519 2307 594 ριστῷ
2352 530 2497 589 μου.
2532 517 2738 590 Λύχνος
2770 515 2827 569 δὲ
2880 505 3299 622 ἑτοιμαζόμενος
3332 505 3409 579 τῷ
3440 503 3664 622 Χριστιέ

414 655 623 713 semine
655 649 828 708 David
857 656 1004 712 orta,
1032 643 1165 718 quid
1199 638 1346 698 aliud
1387 636 1572 701 fuerit,
1606 646 1771 705 quam
1805 628 1986 701 proles

415 747 531 811 illa»,
561 758 684 817 qua:
712 740 1017 801 secundum
1039 750 1262 794 carnem
1290 748 1357 789 ex
1386 728 1743 788 successione
1768 719 1988 778 Davidis

416 814 639 909 prodiit;
656 849 763 907 qua
793 845 929 890 usus
954 827 1209 887 Christus
1237 825 1331 897 qui
1349 823 1404 878 in
1426 836 1551 878 eum
1577 815 1796 909 Davidls
1815 814 1989 909 letum

416 903 656 990 advenit,
670 903 855 981 radios
864 918 1082 977 virtutis
1101 931 1232 981 suae,
1254 913 1627 980 orientemque
1652 906 1798 961 illam
1814 903 1989 959 lucem

419 1016 692 1072 universis
719 1010 1038 1069 hominibus
1060 1004 1352 1078 splendere
1381 997 1551 1056 fecit?
1580 995 1833 1064 Quarein
1856 1007 1995 1065 prte-

399 1106 584 1165 ldictis
613 1106 798 1164 verbis
834 1100 1154 1176 prophetiae
1181 1094 1354 1152 David
1397 1093 1474 1148 ita
1519 1090 1764 1161 loquitur
1797 1104 1811 1141 :
1845 1085 1995 1154 Quo-

420 1200 566 1255 niam
598 1209 655 1254 tu
700 1194 1032 1253 illuminabis
1076 1190 1348 1246 lucernam
1394 1200 1588 1249 meam,
1620 1181 1861 1236 Domine.
1911 1175 1993 1232 Tu

422 1290 568 1347 enim
613 1290 732 1362 ipse
776 1287 1065 1350 Dominus,
1099 1281 1302 1354 inquit,
1346 1279 1442 1350 qui
1483 1292 1612 1333 vera
1662 1275 1757 1330 lux
1803 1288 1885 1337 es,
1916 1286 1999 1326 ar-

423 1396 561 1437 cana
604 1380 839 1451 quadam
867 1378 1080 1433 ratione
1122 1373 1303 1429 unitas
1335 1371 1574 1426 lucerna:
1598 1381 1663 1422 ex
1694 1380 1783 1420 me
1808 1362 1995 1435 prodi-

427 1483 584 1539 tum,
620 1474 797 1545 ipsam
832 1467 1164 1526 illuminabis
1183 1464 1327 1532 ;imo
1351 1464 1516 1520 etiam
1544 1457 1823 1520 tenebras,
1843 1455 1998 1528 queis

426 1563 636 1622 oﬂusus
668 1565 795 1620 olim
827 1561 927 1628 lui,
958 1557 1258 1630 dissipabis
1298 1554 1550 1627 penitus,
1582 1560 1644 1607 ut
1679 1565 1748 1606 ne
1778 1548 2000 1621 quidem

428 1655 693 1714 memoria
722 1668 911 1710 earum
956 1658 1195 1707 mentem
1237 1647 1432 1704 subeat
1471 1660 1669 1701 meam.
1716 1641 2003 1712 Probeque

430 1747 578 1813 novi,
605 1760 695 1801 me
739 1745 791 1800 vi
822 1753 984 1814 atque
1032 1741 1229 1797 robore
1261 1746 1356 1794 tuo
1403 1738 1752 1800 instructum,
1783 1748 2002 1788 murum

2087 619 2151 672 ὲκ
2196 614 2509 688 σπέρματος
2542 608 2706 666 Δαυῖδ
2737 608 2822 671 τίς
2854 606 2920 660 ἂν
2941 604 3150 674 γένοιτο
3175 599 3209 674 ἢ
3242 600 3307 654 τὸ
3329 599 3493 688 γέννη
3501 615 3577 670 μα
3602 595 3667 651 τδ

2087 706 2230 761 κατά
2262 683 2442 778 σάρκα
2468 703 2763 775 γενόμενον
2792 701 2857 753 ὲκ
2892 694 3143 766 διαδοχῆς
3173 690 3354 757 Δαυιδ,
3388 683 3434 759 ᾧ
3469 688 3670 762 κέχρη-

2088 816 2177 854 ται
2208 800 2241 851 ὁ
2267 799 2499 870 Χριστὸς
2526 796 2586 849 ὲν
2615 791 2767 864 αύτῷ
2796 789 3105 860 γενόμενος,
3135 785 3231 840 καὶ
3255 782 3356 849 τὰς
3378 782 3480 854 τῆς
3512 781 3675 837 δυνά·-

2094 909 2238 964 μεως
2257 889 2418 945 αὐτοῦ
2450 883 2817 961 μαρμαρυγὰς
2838 882 2934 937 καὶ
2959 879 3053 934 τοῦ
3084 876 3260 949 φωτὸς
3287 876 3385 941 τάς
3407 873 3676 939 ἀνατολὰς

2092 986 2257 1040 πᾶσιν
2288 980 2589 1053 ἐξέλαμψεν
2619 976 2716 1034 ἀνθ
2725 976 2954 1049 ρὼποις;
2976 973 3066 1027 Διὸ
3097 972 3192 1026 καὶ
3218 973 3276 1025 ὲν
3304 974 3417 1034 τοῖς
3447 982 3677 1041 προκειο

2096 1077 2278 1149 μένοις
2311 1070 2663 1149 προφητικῶς
2690 1086 2853 1142 φησιν
2881 1070 2910 1122 ὁ
2929 1066 3120 1122 Δαυϊδ-
3155 1065 3275 1119 Ὅτι
3320 1061 3404 1118 σὺ
3438 1059 3678 1131 φωτιεῖς

2094 1170 2328 1238 λύχνον
2375 1183 2516 1236 μου,
2554 1163 2752 1232 Κύριε.
2804 1162 2877 1215 Σὺ
2929 1159 3038 1233 γὰρ
3069 1157 3253 1221 αὐτὸς,
3286 1154 3470 1227 φησὶν,
3501 1156 3530 1208 ό
3559 1152 3679 1209 K6-

2099 1276 2232 1333 ριος,
2265 1257 2328 1312 τό
2359 1257 2476 1328 φῶς
2512 1256 2573 1310 τὸ
2620 1253 2870 1328 ἀληθινὸν
2910 1251 3217 1324 τυγχάνων,
3258 1249 3498 1317 ἐνωθείς
3540 1262 3679 1302 ποτε

2097 1352 2420 1423 ἀπορρήτως
2447 1348 2525 1420 τῷ
2553 1346 2613 1413 ἐξ
2652 1345 2785 1419 ἐμοῦ
2816 1344 3167 1417 γενησομένῳ
3221 1341 3419 1416 λύχνῳ,
3455 1343 3683 1413 φωτιεῖς

2098 1444 2260 1499 αὐτόν
2275 1460 2289 1474 ·
2313 1441 2455 1497 ἀλλά
2475 1441 2569 1495 καὶ
2601 1439 2663 1494 τὸ
2685 1436 3036 1510 ὲγγενόμενόν
3064 1436 3153 1508 μοί
3181 1452 3312 1490 ποτε
3339 1435 3527 1499 σκότος
3553 1434 3682 1489 τότε

2100 1535 2375 1599 παντελῶς
2406 1531 2696 1603 περιελεῖς,
2724 1531 2801 1595 ὡς
2835 1529 2969 1603 μηδὲ
3017 1530 3235 1602 μνήμην
3275 1526 3439 1582 αὑτοῦ
3472 1526 3684 1582 ἀνιέναι

2100 1627 2193 1681 ἐπὶ
2222 1626 2320 1698 τὴν
2352 1623 2490 1697 ἐμὴν
2521 1623 2780 1677 διάνοιαν.
2802 1616 2876 1674 Εὖ
2907 1619 2965 1674 δὲ
2988 1615 3125 1683 οἶδα,
3156 1619 3260 1684 ὅτι,
3282 1618 3377 1672 καὶ
3406 1617 3506 1690 τῆς
3530 1616 3684 1689 παρά

2104 1718 2197 1772 σοῦ
2244 1717 2525 1789 δυνάμεως
2567 1716 2663 1769 καλ¹
2707 1713 2889 1786 ἰσχύος
2933 1711 3310 1777 καταξιωθεὶς,
3348 1710 3685 1783 ἐπιϐήσομαι

433 1840 584 1894 illum
626 1802 911 1898 cmlestem
951 1844 1426 1904 transgressurum
1455 1844 1581 1885 esse
1615 1845 1628 1882 :
1666 1834 1831 1896 atque
1870 1832 2004 1880 tunc

2125 1809 2198 1864 τοῦ
2250 1811 2309 1864 ὲν
2352 1809 2601 1877 οὐρανοῖς
2648 1806 2892 1877 τείχους·
2928 1806 2986 1859 ὲν
3033 1802 3266 1875 ἀσφαλεῖ
3284 1820 3346 1858 τε
3371 1804 3685 1875 γενόμενος,

434 1877 584 1894 ...πω
626 1877 906 1898 ..νυνι-υ...
953 1877 1426 1904 ......-,,,-..-------
1459 1877 1580 1885 --η
1616 1877 1627 1882 -
1669 1877 1827 1896 --τη

434 1932 488 1984 in
517 1935 636 1983 tuto
664 1928 901 1998 positus,
932 1925 1165 1981 salutem
1199 1938 1266 1977 ex
1295 1930 1350 1977 te
1381 1933 1711 1989 consequar.
1740 1914 1868 1972 Si-ve
1900 1914 2004 1969 hoc

2125 1902 2224 1957 τότε
2256 1901 2357 1973 τῆς
2391 1899 2541 1972 παρὰ
2569 1900 2653 1953 σοι
2684 1897 2942 1969 τεύξομαι
2972 1896 3262 1970 σωτηρίας.
3298 1897 3393 1951 'H'
3416 1896 3691 1970 ’Υπερδή-

435 2026 594 2089 pacto
621 2036 636 2073 :
668 2015 1067 2088 Transgrediar
1101 2011 1515 2082 transiliamque
1543 2008 1729 2066 omnia
1765 2006 2005 2063 hostium

436 2110 798 2177 munimenta,
827 2117 882 2166 et
923 2123 1083 2180 sepes
1124 2115 1291 2178 atque
1330 2119 1571 2168 murum,
1606 2115 1768 2171 quem
1814 2099 1873 2153 in
1901 2098 2010 2154 cir-

436 2205 590 2261 cuitu
624 2218 770 2270 meo,
802 2214 863 2258 ut
896 2200 1254 2265 intercludar,
1282 2206 1497 2255 struere
1533 2199 1809 2266 satagunt.

504 2292 674 2350 Vnus.
699 2295 792 2360 5l,
824 2293 915 2350 32.
948 2293 1089 2349 Deus
1118 2309 1286 2358 meus,
1312 2289 1590 2361 impolluta
1620 2287 1706 2342 uia
1733 2286 1884 2356 ejus:
1903 2283 2016 2339 elo-

438 2388 564 2445 auia
616 2384 828 2442 Domini
862 2386 979 2458 igne
1008 2384 1338 2450 examinata,
1368 2389 1633 2453 protector
1672 2386 1750 2434 est
1781 2376 2014 2432 omnium

440 2483 766 2552 sperantium
795 2482 861 2539 in
883 2498 957 2538 se.
982 2480 1250 2548 Quoniam
1288 2478 1407 2549 quis
1446 2474 1589 2531 Deus
1614 2484 1804 2545 prwter
1832 2472 2016 2528 Domi-

441 2588 568 2630 num
588 2577 615 2631 7
646 2585 743 2630 aut
763 2575 881 2646 quis
910 2571 1052 2629 Deus
1086 2579 1281 2644 praeter
1308 2569 1476 2625 Deum
1509 2570 1790 2625 nostrum?
1817 2564 2017 2638 lmpol-T

442 2668 615 2722 lutam
646 2664 927 2737 praedicat,
954 2664 1010 2720 id
1060 2670 1147 2721 est
1196 2660 1556 2732 inculpatam,
1582 2658 2016 2715 administratio-

445 2773 570 2815 nem
603 2758 745 2826 ejus,
774 2772 839 2813 ac
883 2755 1238 2829 providentiae
1283 2751 1668 2811 oeconomiam.
1704 2750 1810 2807 Sed
1853 2749 2018 2806 etiam

445 2850 662 2925 eloquia
688 2850 809 2922 ejus
841 2850 966 2922 igne
993 2849 1327 2916 examinata,
1361 2848 1479 2904 sive
1510 2845 1746 2903 sollicite
1793 2842 2021 2915 probata

445 2943 848 3016 exquisitaque,
882 2957 1062 3014 neque
1092 2943 1326 2999 ulterius
1362 2939 1697 3012 exploranda
1744 2945 1909 3004 sunt;
1935 2938 2024 2999 ni:-

448 3036 528 3092 bil
559 3034 765 3107 quippe
791 3034 983 3092 aliena:
1011 3033 1256 3091 materiae
1306 3033 1445 3106 ipsis
1490 3031 1787 3089 admistum
1829 3030 2024 3102 depre-

450 3129 691 3187 hendere
718 3135 804 3186 est
844 3148 860 3184 :
895 3127 1079 3200 qualia
1107 3135 1238 3184 sunt
1272 3126 1492 3198 eloquia
1523 3125 1830 3196 sapientum
1856 3124 2022 3195 hujus

2107 2012 2270 2067 σομαι
2310 1995 2404 2048 καὶ
2431 1992 2800 2065 ὐπερπηδήσω
2839 1991 3016 2047 πάντα
3062 1992 3129 2046 τὰ
3155 1992 3265 2045 τῶν
3314 1990 3522 2062 ἐχθρῶν
3569 1992 3695 2062 ὀχυ-

2112 2087 2339 2162 ρώματα
2371 2086 2465 2143 καὶ
2493 2088 2621 2151 τοὺς
2682 2087 2972 2157 φραγμοὺς
3018 2086 3114 2139 καὶ
3141 2085 3204 2139 τὸ
3243 2087 3445 2156 τεῖχος,
3468 2084 3507 2139 ὃ
3532 2102 3693 2159 περι-

2109 2179 2326 2235 ϐάλλειν
2378 2196 2468 2251 μοι
2511 2180 2591 2243 εἰς
2622 2177 2687 2231 τδ
2713 2176 3033 2232 ἀποκλεῖσαι
3067 2174 3407 2231 σπεύδοντας.
3668 2176 3677 2186 ⁸

2195 2275 2258 2328 '0
2292 2274 2439 2341 Θεός
2465 2290 2609 2344 μου,
2627 2270 2866 2343 ἄμωμος
2903 2272 2942 2341 ἠ
2986 2269 3129 2339 ὁδὸς
3160 2269 3374 2327 αὑτοῦ·
3408 2268 3483 2325 τὰ
3515 2266 3694 2341 λόγια

2113 2368 2333 2447 κυρίου
2365 2362 2781 2436 πεπυρωμένα,
2810 2362 3272 2432 ὑπερασπιστής
3291 2363 3423 2418 ἐστι
3451 2363 3701 2419 πάντων
3766 2384 3793 2399 ο

2113 2458 2234 2513 τῶν
2280 2455 2640 2518 ἐλπιζόντων
2683 2454 2777 2508 ἐπ’
2809 2455 3019 2508 αὐτόν.
3051 2453 3180 2507 Ὅτι
3223 2454 3318 2520 τίς
3348 2453 3494 2521 Θεὸς
3525 2453 3696 2523 πλὴν

2115 2548 2223 2604 τοῦ
2273 2548 2532 2617 Κυρίου;
2570 2547 2610 2616 ἢ
2641 2546 2735 2613 τίς
2777 2545 2923 2611 Θεὸς
2956 2544 3124 2614 πλὴν
3167 2545 3277 2600 τοῦ
3304 2545 3451 2601 Θεοῦ
3486 2544 3698 2616 ἡμῶνξ

2122 2642 2386 2713 ’Δμωμον
2428 2633 2565 2694 εἶναι
2610 2636 2992 2706 ἀποφαίνεται,
3021 2635 3302 2689 τουτέστιν
3328 2635 3695 2706 ἀνεπίληπτον

2118 2732 2218 2805 τὴν
2253 2730 2515 2801 διοίκησιν
2572 2727 2761 2792 αὐτοῦ,
2806 2727 2902 2782 καὶ
2932 2726 3041 2800 τὴν
3062 2725 3163 2797 τῆς
3209 2725 3461 2799 προνοίας
3493 2727 3699 2779 οἰκονοέ

2124 2825 2270 2898 μίαν.
2316 2821 2475 2876 Ἀλλὰ
2528 2821 2623 2875 καὶ
2671 2820 2741 2875 τὰ
2781 2819 2936 2889 λόγια
2967 2817 3141 2872 αὐτοῦ
3160 2815 3551 2889 πεπυρωμένα,
3580 2831 3700 2869 τουο

2119 2918 2268 2972 τέστι
2302 2912 2736 2987 βεϐασανισμένα
2760 2911 2855 2965 καὶ
2880 2908 3315 2982 δεδοκιμασμένα
3331 2926 3345 2940 ·
3362 2908 3461 2962 οὐκ
3487 2906 3604 2979 ἐστι
3633 2923 3697 2962 τε

2122 3009 2304 3072 αὐτοῖς
2352 3005 2645 3076 ἐπισκέψαι
2664 3021 2679 3036 ·
2741 3003 2862 3057 οὐδὲ
2913 3001 3197 3075 ἀλλοτρίας
3242 2999 3381 3071 ὕλης
3421 2997 3702 3072 παρεμύε-

2126 3100 2391 3172 ὕλημένον
2440 3116 2494 3154 τι
2546 3099 2604 3152 ὲν
2658 3096 2842 3161 αὐτοῖς
2875 3095 3076 3167 εὑρεῖν,
3114 3096 3280 3148 ὁποῖα*
3312 3092 3382 3147 τὰ
3411 3092 3562 3166 παρὰ
3587 3094 3702 3158 τοῖς

454 3185 661 3288 saeculi,
697 3234 818 3292 qua}
847 3185 1088 3290 aliquam
1137 3185 1416 3275 interdum
1463 3185 1761 3290 praeierunt
1792 3185 2026 3289 dignita-

2131 3195 2313 3264 σοφοῖς
2359 3190 2454 3245 τοῦ
2509 3189 2705 3255 αἰῶνος
2736 3188 2926 3244 τούτου
2951 3187 3205 3259 τυγχάνει
3221 3204 3235 3218 ’
3283 3186 3572 3259 μετέχοντα
3603 3185 3704 3258 μέν

456 3316 528 3370 tis
552 3313 814 3386 speciem,
848 3311 944 3369 sed
971 3312 1120 3367 omni
1152 3311 1435 3383 religionis
1459 3310 1722 3381 despectu
1750 3316 1806 3365 et
1845 3308 2034 3380 impie-

455 3415 568 3462 tate
601 3407 759 3478 plena
789 3414 937 3461 sunt.
967 3403 1111 3471 Quid
1140 3412 1322 3459 autem
1350 3403 1550 3459 docent
1569 3402 1787 3473 eloquia
1808 3403 1897 3457 illa
1932 3401 2033 3457 Do-

458 3496 592 3552 mini
617 3496 740 3569 igne
761 3494 1103 3551 examinata?
1136 3494 1193 3550 ld
1216 3509 1369 3560 sane,
1403 3494 1584 3566 ipsum
1608 3507 1733 3550 esse
1760 3501 2032 3563 protecto-

460 3603 576 3643 rem
624 3587 872 3644 omnium
922 3587 1261 3658 sperantium
1315 3585 1373 3641 in
1427 3600 1508 3651 se,
1535 3601 1600 3642 ac
1654 3585 1865 3642 nullum
1909 3601 2034 3642 esse

461 3679 631 3736 Deum
682 3685 878 3750 praeter
926 3676 1216 3733 Dominum
1260 3684 1534 3743 nostrum,
1566 3678 1778 3733 nullum
1838 3680 2031 3734 fortem

464 3771 572 3828 nisi
610 3768 781 3827 Deum
834 3777 1085 3826 nostrum
1116 3788 1129 3824 :
1155 3777 1320 3842 atque
1353 3769 1477 3826 ideo
1500 3770 1626 3842 jure
1654 3770 1871 3826 dicatur
1900 3785 2031 3841 prs-

465 3868 639 3917 tector
668 3877 793 3918 esse
819 3861 1064 3918 omnium
1087 3861 1427 3928 sperantium
1464 3862 1518 3916 in
1552 3876 1634 3927 se,
1679 3876 1805 3916 cum
1847 3860 2034 3918 nullus

466 3951 693 4023 reperiri
719 3953 891 4024 possit
917 3953 1011 4024 qui
1040 3952 1135 4009 tali
1152 3960 1417 4025 tantoque
1436 3955 1733 4025 protectori
1764 3952 2036 4009 obsistere

464 4042 664 4099 valeat.

536 4134 704 4192 Vens.
733 4134 825 4204 53,
857 4135 947 4194 34.
980 4136 1122 4192 Deus
1155 4139 1245 4209 qui
1282 4138 1557 4210 praecingit
1592 4153 1672 4193 me
1724 4138 1935 4200 uirtute,
1983 4146 2035 4192 et

466 4228 639 4299 posuit
670 4228 1067 4284 immaculatum
1102 4230 1240 4285 viam
1270 4247 1461 4288 meam.
1492 4230 1597 4297 Qui
1625 4229 1839 4299 perfecit
1883 4228 2035 4299 pedes

468 4336 610 4376 meos
643 4330 893 4392 tanquam
928 4336 1222 4388 cervorum,
1251 4329 1304 4377 et
1339 4339 1493 4393 super
1517 4323 1724 4378 excelsa
1773 4340 1889 4378 mea
1916 4333 2033 4379 sta-

470 4420 621 4466 tuens
650 4425 751 4466 me.
790 4408 911 4466 Non
948 4411 1098 4467 iners
1137 4418 1191 4467 et
1231 4411 1467 4476 otiosus,
1498 4412 1696 4483 inquit,
1731 4410 2039 4484 patrocina-

470 4510 753 4574 tur-atque
799 4501 1067 4574 protegit;
1100 4502 1196 4558 sed
1251 4501 1309 4557 id
1362 4505 1608 4561 muneris
1637 4506 1769 4576 agit,
1802 4505 1931 4561 dum
1957 4506 2035 4561 illi

472 4609 668 4651 manus
692 4603 991 4651 conserunt
1021 4611 1123 4665 pro
1149 4596 1324 4651 salute
1346 4610 1467 4661 sua,
1485 4605 1547 4651 ut
1579 4596 1714 4653 inito
1741 4601 2038 4657 certamine

476 4686 732 4744 inimicos
764 4686 1054 4743 debellent.
1089 4684 1184 4742 Sic
1212 4702 1297 4743 me
1330 4686 1629 4743 virtutibus
1660 4688 1780 4745 suis
1812 4689 2042 4745 ceu'ar-

478 4779 584 4834 inis
625 4777 869 4845 instruit,
909 4792 975 4833 ac
1015 4780 1301 4835 mortalem
1340 4778 1745 4850 humanamque
1775 4778 2045 4836 lortitmli-

477 4885 602 4927 nem
641 4885 815 4926 meam
842 4871 1018 4943 gratia
1047 4885 1146 4927 sua
1174 4869 1493 4938 conﬁrmat;
1525 4876 1585 4926 ut
1604 4870 1763 4942 quasi
1783 4872 1886 4936 vir,
1915 4872 2049 4926 lum-

475 4962 578 5019 bos
625 4961 832 5018 habens
860 4960 1061 5017 virtute
1106 4974 1207 5019 sua
1256 4960 1588 5027 succinctos,
1618 4961 1855 5018 inimicis
1899 4962 2050 5018 obsi-

477 5064 640 5109 stam.
665 5049 774 5109 Sed
800 5051 1268 5124 quemadmodum
1308 5065 1477 5123 supra
1521 5049 1727 5107 dictum
1761 5060 1871 5117 est,
1904 5050 2052 5108 Deus

475 5144 757 5216 impolluta
784 5144 869 5199 cia
896 5142 1049 5214 ejus;
1074 5144 1151 5198 ita
1181 5159 1267 5200 me
1288 5143 1355 5199 ad
1375 5143 1461 5200 sui
1494 5143 1785 5215 imaginem
1807 5159 1873 5201 ac
1897 5145 2049 5202 simi-

479 5237 762 5294 litudinem
803 5252 929 5295 esse
980 5244 1297 5309 peroptans,
1331 5253 1507 5294 meam
1536 5252 1757 5310 quoque
1783 5236 1927 5294 viam
1958 5253 2052 5310 po—

477 5331 590 5387 Suit
617 5331 1046 5396 immaculatam,
1073 5338 1128 5387 et
1156 5330 1427 5396 doctrina,
1455 5328 1679 5388 monitis
1711 5346 1776 5387 ac
1803 5327 2050 5402 cujusvis

477 5424 697 5497 generis
725 5424 1059 5495 disciplinis,
1087 5424 1231 5481 viam
1272 5424 1387 5480 sive
1412 5422 1582 5479 vitam
1628 5420 2051 5495 institutumque

477 5531 660 5573 meum
686 5516 978 5588 perpolivit
1026 5532 1092 5573 ac
1126 5515 1375 5588 perfecit.
1420 5514 1565 5571 Loco
1598 5513 1770 5584 illius,
1799 5515 2052 5571 immacu-

479 5605 667 5667 latum.
695 5606 915 5678 Aquila,
971 5606 1288 5678 perfectam,
1323 5605 1514 5661 edidit.
1571 5604 1811 5662 Adbaac
1860 5621 2046 5678 porro,

477 5695 695 5766 perfecit
734 5696 887 5769 pedes
932 5713 1071 5753 meos
1116 5706 1367 5769 tanquam
1406 5712 1674 5752 cervorum
1708 5696 1822 5753 :de
1852 5698 2051 5769 quibus

548 5816 595 5848 "
613 5816 757 5872 Psal.
788 5830 974 5883 cum,
1008 5816 1091 5873 l7.

2132 3301 2276 3348 τινος
2300 3283 2411 3338 ἔσθ’
2432 3285 2520 3338 ὅτε
2543 3283 2863 3353 φαντασίας,
2895 3280 3142 3353 πάσηςδὲ
3162 3279 3450 3351 ἀθεότητος
3469 3277 3563 3333 καὶ
3581 3276 3707 3331 δυσ-

2136 3377 2348 3441 σε6είας
2378 3375 2798 3450 πεπληρωμένα.
2831 3373 2897 3427 Τί
2917 3368 3010 3428 οὖν
3035 3374 3103 3426 τὰ
3148 3370 3518 3444 πεπυρωμένα
3550 3370 3707 3440 λόγια

2132 3469 2227 3525 τοῦ
2256 3471 2462 3543 Κυρίου
2486 3469 2757 3534 διδάσκεις
2790 3467 2865 3533 ὡς
2892 3466 3306 3538 ὑπερασπιστὴς
3342 3466 3459 3518 ἐστι
3490 3462 3715 3518 πάντων

2135 3562 2243 3618 τῶν
2275 3561 2598 3628 ἐλπιζόντων
2631 3562 2719 3616 ἐπ’
2750 3559 2940 3615 αὐτόν’
2979 3558 3077 3613 καὶ
3114 3559 3196 3613 ὅτι
3238 3558 3339 3611 οὐκ
3375 3556 3520 3610 ἐστιν
3550 3555 3710 3621 ἄλλος

2126 3654 2268 3719 ’Θεὸς
2315 3654 2350 3726 ἢ
2403 3654 2560 3726 μόνος
2590 3654 2620 3707 ὁ
2651 3651 2926 3724 ἡμέτερος
2982 3650 3208 3722 Κύριος,
3241 3648 3349 3704 οὐδ’
3379 3649 3526 3705 ἐστιν
3580 3664 3712 3722 κρα-

2135 3745 2285 3809 ταιὸς
2334 3743 2491 3809 ἄλλος
2519 3741 2552 3815 ἢ
2585 3743 2615 3795 ὁ
2645 3741 2779 3805 Θεὸς
2813 3740 3001 3813 ἡμῶν
3048 3740 3142 3795 καὶ
3172 3739 3262 3795 διὰ
3289 3739 3448 3794 τοῦτο
3484 3740 3711 3805 εἰκότως

2137 3834 2548 3908 ὑπερασπιστὴς
2566 3836 2683 3889 ἐστι
2710 3834 2926 3888 πάντων
2954 3831 3061 3887 τῶν
3080 3832 3403 3898 ἐλπιζόντων
3423 3832 3510 3886 ἐπ’
3524 3833 3711 3898 αὑτὸν,

2140 3928 2365 4002 μηδενὸς
2414 3929 2602 4001 ἐτέρου
2656 3924 3044 4000 εὑρισκομένου
3072 3922 3165 3979 τοῦ
3190 3924 3487 3997 δυναμένου
3521 3924 3716 3997 στῆναι

2136 4021 2275 4095 πρὸς
2302 4020 2553 4076 τοσοῦτον
2578 4020 2673 4074 καὶ
2705 4018 2966 4074 τοιοῦτον.

2231 4133 2285 4186 '0
2332 4131 2475 4199 Θεὸς
2507 4144 2541 4186 o
2586 4127 2990 4199 περιζωννύων
3007 4144 3084 4199 με
3123 4126 3398 4195 δύναμιν,
3426 4123 3522 4178 καὶ
3545 4124 3725 4180 ἐθετσ

2136 4225 2378 4296 ἄμωμον
2439 4222 2555 4294 τὴν
2627 4222 2771 4279 ὀδόν
2822 4239 2942 4292 μου
2962 4237 2976 4251 ·
3030 4217 3514 4289 καταρτιζόμενος
3574 4215 3726 4285 τοὺςν

2138 4317 2328 4384 πόδας
2366 4333 2485 4387 μου
2523 4314 2667 4370 ὡσεὶ
2710 4312 2971 4384 ἐλάφων,
3000 4309 3100 4366 καὶ
3149 4308 3249 4364 ἐπὶ
3290 4311 3365 4363 τὰ
3420 4307 3550 4378 ὕψη
3593 4324 3716 4379 μου

2139 4408 2326 4465 ἱστῶν
2351 4424 2447 4479 με.
2505 4407 2620 4461 Οὐκ
2663 4402 2977 4477 ἀπρακτῶν,
3017 4403 3172 4474 φησὶ,
3224 4401 3317 4458 καὶ
3347 4399 3533 4473 ἀργῶν
3580 4415 3715 4473 προ-

2140 4507 2362 4558 ΐσταται
2421 4501 2515 4555 καὶ
2573 4496 2969 4572 ὑπερασπίζει’
3033 4494 3167 4550 ἀλλὰ
3225 4493 3316 4550 καὶ
3364 4493 3541 4548 αὐτῶν
3581 4509 3719 4564 συμ-

2147 4593 2489 4665 ϐαλλομένων
2553 4593 2619 4663 τῇ
2671 4589 2847 4643 αὐτῶν
2908 4584 3149 4660 σωτηρίᾳ
3210 4583 3301 4639 διά
3361 4584 3454 4639 τοῦ
3526 4584 3721 4655 ἀγωνί-

2149 4685 2337 4753 ζεσθαι
2368 4686 2463 4739 καὶ
2508 4684 2634 4746 τοὺς
2663 4681 2889 4753 ἐχθροὺς
2932 4677 3351 4749 καταπολεμεῖν.
3395 4677 3548 4731 οὕτω
3589 4675 3720 4745 γοῦν

2150 4776 2373 4848 καιὲμὲ
2415 4773 2648 4839 ὁπλίζων
2683 4776 2803 4836 ταῖς
2842 4768 3036 4824 ἑαυτοῦ
3067 4767 3349 4841 δυνάμεσι,
3388 4767 3486 4838 τὴν
3521 4766 3722 4837 θνητὴν

2151 4868 2245 4923 καὶ⁵
2275 4864 2619 4939 ἀνθρωπίνην
2646 4880 2747 4934 μου
2777 4863 2929 4933 ἰσχὺν
2959 4862 3026 4932 τῇ
3057 4858 3221 4914 αὐτοῦ
3250 4858 3431 4931 χάριτι
3459 4855 3688 4927 δυναμοῖ
3703 4869 3721 4887 ⁶

2134 4958 2215 5015 ἶν’
2264 4956 2453 5029 ὥσπερ
2508 4954 2650 5025 ἀνὴρ
2700 4953 2800 5025 τὴν
2843 4952 3013 5023 ὀσφὺν
3058 4947 3496 5023 περιεζωσμένος
3534 4944 3634 5018 τὴν
3663 4944 3725 5012 ἐξ

2147 5047 2313 5105 αὐτοῦ
2334 5044 2747 5121 χορηγουμὲνην
2771 5061 2861 5117 μοι
2879 5042 3107 5114 δύναμιν
3134 5040 3245 5094 στῶ
3261 5038 3395 5111 πρὸς
3414 5037 3541 5102 τοὺς
3565 5035 3723 5092 πολε-

2154 5144 2328 5216 μίους.
2374 5139 2539 5196 Ἀλλά
2572 5140 2667 5194 καῖ
2693 5137 2882 5206 ὥσπερ
2903 5136 3118 5207 εἴρηται
3138 5149 3154 5165 ⁸
3198 5133 3260 5187 '0
3290 5131 3455 5200 Θεὸς,
3486 5128 3728 5201 ἄμωμος

2151 5238 2192 5307 ἢ
2225 5235 2366 5304 ὁδὸς
2408 5233 2615 5290 αὐτοῦ·
2643 5230 2817 5295 οὓτως
2843 5228 2964 5283 κατ’
2990 5227 3172 5280 εἰκόνα
3197 5225 3291 5280 καὶ
3317 5222 3440 5279 καθ’
3466 5221 3727 5294 ὁμοίωσιν

2152 5328 2318 5385 αὐτοῦ
2366 5328 2462 5384 καὶ
2498 5327 2599 5399 ἐμὲ
2640 5323 2959 5396 βουλόμενος
2992 5317 3151 5385 εἶναι,
3172 5319 3266 5374 καὶ
3302 5317 3401 5389 τὴν
3440 5314 3579 5387 ἐμὴν
3607 5311 3726 5367 ὁδὸν

2153 5423 2305 5477 ἔθετο
2354 5421 2605 5493 ἄμωμον,
2631 5414 3000 5478 διδασκαλίαις
3056 5414 3151 5468 καὶ
3200 5408 3583 5484 παραινέσεσιν
3630 5405 3727 5459 καὶ

2156 5510 2428 5574 παντοίοις
2462 5508 2745 5581 μαθήμασι
2767 5505 2863 5577 τὴν
2891 5503 3009 5558 ὁδόν
3040 5520 3164 5574 μου,
3186 5499 3428 5556 τουτέστι
3457 5496 3556 5571 τὴν
3580 5497 3726 5569 ζωὴν

2156 5607 2250 5661 καὶ
2281 5604 2371 5658 τὸν
2405 5601 2519 5674 βίον
2552 5602 2779 5674 ἄμωμον
2813 5593 3286 5669 καταρτιζόμενος.
3322 5589 3465 5645 Ἀντί
3503 5587 3562 5642 δὲ
3606 5586 3727 5653 τοῦ,

2155 5695 2419 5770 ἄμωμον,
2461 5694 2710 5769 ’Λκύλας,
2753 5690 2985 5748 τέλειον
3035 5688 3135 5760 (l),
3184 5683 3497 5741 ἐκδέδωκεν.
3525 5677 3728 5736 Ἕτιδδ

556 5931 633 6004 (l)
663 5933 721 5990 ιιι
752 5933 1021 5995 Ηειπεὶςο
1054 5931 1275 6000 legitur,
1315 5940 1476 5992 :1an
1515 5970 1530 5998 ,
1561 5927 1707 6003 quod
1737 5933 1822 5987 est
1850 5937 2155 5997 perfectam.
