3994 6448
231 401 331 460 i8!

1356 405 1858 468 COMMENTARIA
1898 410 1968 467 IN
2005 411 2343 470 PSALMOS.

3361 421 3464 479 182

225 519 370 593 πρὸς
413 520 637 588 τούτοις,
681 522 779 576 καὶ
828 522 970 590 τοὺς
1007 522 1194 590 πόδας
1220 541 1338 594 μου
1378 527 1523 580 ὡσεὶ
1561 528 1793 598 ἐλάφων

1902 531 2076 588 cervis
2106 533 2275 587 multa
2322 534 2376 588 in
2419 533 2621 591 divinis
2663 535 3042 594 instrumentis
3100 537 3366 597 feruntur.
3409 541 3465 598 St

224 614 656 682 κατηρτίσατο·
701 616 827 684 περὶ
857 609 932 669 ὧν
975 616 1187 686 ἐλάφων
1213 616 1377 682 πολὺς
1407 621 1464 672 ἐν
1490 621 1601 683 τοῖς
1633 620 1797 692 ίεροῖς

225 706 516 776 πράγμασι
564 705 900 780 [γράμμασι]
953 707 1174 780 φέρεται
1208 708 1383 778 λόγος.
1440 711 1562 764 Ἐπὶ
1604 711 1798 782 σχολῆς

223 799 268 855 δ’
296 801 365 855 ἄν
386 817 470 864 τις
484 799 591 853 τῶν
620 800 982 872 προτεθέντων
1016 801 1294 868 ἐξετάσας,
1340 803 1486 875 εὖροι
1518 804 1584 858 ἂν
1621 805 1800 860 αὐτῶν

224 890 314 945 τὸν
360 891 486 945 νοῦν
525 892 927 964 ἀναφερόμενον
972 894 1064 947 ἐπὶ
1115 895 1242 959 τοὺς
1293 895 1480 965 ἁγίους
1523 896 1616 950 τοῦ
1666 896 1797 951 Θεοῦ

224 982 450 1055 ἄνδρας,
483 985 610 1048 τοὺς
657 985 1030 1058 ἀναιρετικοῦς
1074 987 1273 1051 παντὸς
1323 988 1653 1059 ἐρπυστικοῦ
1707 991 1800 1044 καὶ

226 1074 438 1130 ίοὸόλου
458 1075 615 1142 ζώου.
654 1078 806 1130 Ἐπεὶ
834 1079 927 1133 κα)⁸
952 1079 1050 1150 τῆς
1074 1079 1272 1149 ἐλάφου
1309 1082 1526 1154 τοιαύτη
1559 1082 1799 1154 πέφυκεν

221 1168 254 1238 ἡ
296 1166 482 1236 φύσις,
540 1167 850 1237 όφιοκτόνος
891 1165 1026 1223 οὖσα
1075 1170 1172 1224 καὶ
1223 1171 1541 1243 ἀναιρετικὴ
1601 1173 1800 1238 παντὸς

223 1259 478 1329 ἑρπετοῦ.
520 1261 885 1334 Ὀρεινοὸατές
921 1262 978 1316 δὲ
1024 1263 1084 1316 τὸ
1123 1261 1260 1327 ζῶον
1290 1264 1382 1317 καὶ
1413 1264 1689 1336 δρομικὸν,
1723 1265 1799 1331 ὡς

220 1349 315 1401 καὶ
345 1350 396 1401 oi
431 1349 577 1419 ἅγιοι
603 1349 694 1402 τοῦ
729 1349 862 1404 Θεοῦ
895 1351 962 1405 τὰ
991 1352 1103 1405 ἄνω
1132 1352 1474 1418 σκοποῦντες,
1509 1355 1602 1408 καὶ
1629 1353 1701 1426 μὴ
1731 1355 1799 1408 τὰ

220 1441 313 1493 ἐπί
345 1441 446 1512 τῆς
471 1441 592 1511 γῆς,
627 1444 720 1496 καὶ
746 1442 813 1496 τὰ
836 1443 1015 1514 ὑψηλὰ
1041 1443 1323 1509 διώκοντες
1339 1484 1354 1509 ,
1390 1445 1537 1516 πόθῳ
1563 1445 1661 1516 τῆς
1691 1445 1799 1499 τῶν

217 1529 466 1600 οὐρανῶν
521 1531 815 1602 βασιλείας.
863 1534 975 1605 Τὴν
1009 1534 1143 1606 πρὸς
1201 1536 1327 1599 τοὺς
1376 1535 1564 1604 ἁγίους
1622 1537 1800 1590 τοίνυν

219 1623 515 1696 ὁμοιότητα
569 1624 761 1679 ἑαυτοῦ
813 1626 906 1679 καὶ
937 1628 966 1679 ὁ
1003 1627 1166 1681 Δαυῒδ
1202 1629 1267 1699 τῇ
1302 1627 1394 1681 τοῦ
1439 1627 1568 1682 Θεοῦ
1619 1630 1799 1701 χάριτι

221 1714 541 1786 ἀνατίθησι,
577 1716 753 1785 λέγων
781 1717 927 1788 ἑξῆς*
958 1717 1068 1773 Kal
1091 1720 1188 1773 ἐπὶ
1223 1721 1292 1774 τὰ
1322 1721 1449 1790 ὕψη
1468 1740 1586 1790 μου
1615 1723 1799 1776 ἱστῶν

216 1823 308 1875 με.
349 1809 414 1861 Et
446 1808 555 1879 γὰρ
601 1809 693 1864 καὶ
741 1809 811 1863 τὰ
861 1811 1092 1881 μάλιστα
1118 1811 1295 1883 ἕτεροι
1327 1813 1608 1868 καθέλκειν
1649 1816 1797 1886 ἡμᾶς

1901 626 2026 698 quis
2056 642 2186 682 vero
2217 644 2313 699 per
2337 631 2509 685 otium
2537 635 2874 703 propositum
2903 646 3280 705 argumentum
3301 655 3464 695 excuo

1899 719 2106 781 tiat..ad
2129 730 2347 780 sanctos
2378 723 2469 779 Dei
2499 725 2647 782 viros
2687 743 2992 784 sermonem
3039 738 3292 800 spectare
3312 747 3464 787 com-

1900 811 2093 882 periet,
2125 815 2217 884 qui
2252 825 2534 887 serpentes
2565 834 2755 876 omnes
2793 830 3163 894 venenataque
3212 825 3468 880 animalia

1899 903 1967 959 d'e
1997 904 2176 976 medio
2206 908 2422 963 tollunt.
2446 909 2578 965 Nam
2632 913 2758 968 talis
2800 922 2884 970 est
2919 929 3207 970 cervorum
3247 923 3466 982 natura,

1901 1008 1960 1052 ut
1989 1009 2273 1070 serpentes
2315 1018 2584 1074 omneque
2620 1014 3011 1062 venenatorum
3050 1021 3222 1079 genus
3258 1009 3466 1065 interli-

1899 1094 2066 1149 ciant.
2109 1095 2426 1151 Montanum
2458 1097 2586 1152 item
2631 1099 2835 1153 animal
2865 1107 2949 1154 est
2974 1114 3038 1154 ac
3067 1115 3233 1157 cursu
3261 1103 3416 1158 velox
3445 1119 3462 1155 :

1898 1187 2086 1258 quales
2115 1196 2245 1244 sunt
2276 1205 2492 1260 quoque
2537 1191 2712 1246 sancti
2754 1189 2870 1259 Dei,
2899 1191 2990 1262 qui
3029 1207 3264 1262 superna
3338 1211 3462 1268 spe-

1903 1292 2200 1350 ctant,non
2233 1289 2468 1347 terrena,
2499 1284 2752 1338 sublimia
2777 1301 2904 1341 vero
2949 1286 3271 1357 qua’ritant;
3303 1287 3467 1358 idque

1897 1389 1963 1429 ex
1998 1389 2107 1429 uno
2139 1374 2293 1446 regni
2326 1375 2570 1432 ccclesiis
2601 1391 2807 1431 amore.
2839 1375 2970 1430 Eam
3019 1379 3102 1433 sui
3137 1378 3309 1448 ipsius
3339 1395 3466 1435 cum

1898 1466 2105 1521 sanctis
2141 1464 2556 1520 similitudinem
2581 1464 2686 1520 sibi
2721 1464 2911 1530 David,
2935 1466 3110 1535 gratia
3147 1466 3241 1520 Dei
3270 1467 3467 1534 fultus,

1897 1555 2146 1620 ascribit,
2182 1556 2313 1610 dum
2337 1555 2450 1610 haec
2475 1554 2777 1625 subjungit,
2807 1562 2856 1609 et
2902 1570 3058 1623 super
3095 1555 3303 1610 excelsa
3351 1573 3470 1611 mea

1897 1656 2134 1702 statuens
2169 1663 2268 1702 me.
2295 1647 2413 1702 Etsi
2456 1661 2694 1717 namque
2726 1645 2820 1700 alii
2849 1646 2983 1711 sint,
3033 1645 3128 1716 qui
3155 1662 3257 1702 nos
3287 1649 3342 1702 in
3372 1663 3469 1702 ne—

1897 1739 2084 1811 quitiae
2127 1739 2296 1796 valles
2330 1737 2620 1794 detrahere
2669 1753 2733 1794 ac
2773 1737 3044 1794 abducere
3088 1744 3372 1808 satagant;
3411 1744 3468 1793 at

1900 1830 2044 1887 Deus
2084 1836 2292 1896 noster,
2327 1847 2427 1886 ceu
2466 1830 2687 1902 quidam
2746 1831 3108 1884 certaminum
3154 1828 3466 1899 praefectus,

221 1900 310 1952 καὶ
351 1901 739 1966 καταϐιϐάζειν
765 1902 857 1956 ἐπὶ
893 1902 960 1956 τὰ
993 1903 1127 1975 βάθη
1156 1905 1248 1958 καὶ
1281 1905 1378 1969 τὰς
1407 1883 1793 1978 κοιλάδαςντῆς

1898 1939 2022 1979 cum
2050 1937 2152 1979 nos
2190 1921 2433 1978 instituit
2467 1929 2525 1975 ut
2554 1921 2682 1975 boni
2715 1935 2972 1975 cursores
3013 1920 3208 1984 simus,
3232 1921 3299 1976 ad
3330 1935 3466 1974 con-

222 1993 416 2056 κακίας
445 1992 738 2062 πειρῶνται
759 2012 772 2025 ο
803 1994 916 2047 ἀλλ’
936 1997 966 2048 ὁ
992 1996 1123 2060 Θεὸς
1156 1997 1188 2067 ἡ
1197 1998 1332 2068 μῶν,
1362 1993 1450 2052 οἷὰ
1475 2015 1559 2062 τις
1592 1999 1796 2067 ἀγωνο-

219 2083 378 2154 θέτης
411 2084 678 2138 διδάσκων
705 2087 848 2157 ημᾶς
878 2087 1116 2155 ἀγαθοὺς
1145 2085 1282 2144 εἶναι
1327 2090 1567 2163 δρομεῖς,
1598 2092 1690 2145 ἐπὶ
1730 2090 1801 2148 τὰ

220 2178 532 2250 κατάλληλα
571 2181 703 2251 ἡμῖν
731 2180 840 2252 ὕψη
865 2184 1144 2254 παρορμᾷ
1172 2183 1334 2237 αὐτοῦ
1362 2201 1421 2237 τε
1451 2187 1484 2256 ἡ
1511 2185 1690 2258 χάρις.
1720 2186 1795 2239 Uti

219 2271 323 2340 γὰρ
354 2270 604 2342 ἡμετέρα
631 2271 857 2343 δύναμις
885 2273 1098 2344 ἵστησιν
1131 2273 1190 2328 ἐν
1215 2277 1326 2339 τοῖς
1347 2275 1635 2348 ἡμετέροις
1666 2276 1794 2347 ὕψε-

222 2378 301 2414 σι·
365 2361 530 2430 φύσει
577 2362 686 2435 γὰρ
742 2363 1028 2436 ἀνθρώπου
1063 2364 1206 2438 ψυχῇ
1247 2367 1308 2420 τὸ
1352 2369 1600 2440 οὐράνιόν
1649 2370 1796 2424 ἐστιν

217 2453 534 2526 οἰκητήριον
554 2471 567 2485 ·
603 2455 697 2508 καὶ
722 2454 793 2508 τὰ
820 2457 935 2509 ἐκεῖ
961 2455 1068 2528 ὕψη
1106 2459 1206 2510 οὐκ
1253 2458 1528 2530 ἀλλότρια,
1559 2459 1674 2513 ἀλλ’
1715 2462 1794 2513 οι-

219 2547 367 2598 κεῖα·
407 2545 506 2611 διὸ,
552 2545 676 2599 Ἐπὶ
704 2547 778 2602 τὰ
811 2547 938 2617 ὕψη
965 2566 1104 2618 μου,
1139 2550 1322 2623 φησὶν,
1343 2549 1528 2604 ἱστῶν
1554 2569 1649 2622 με.

282 2635 600 2691 Διδάσκων
646 2637 847 2706 χεῖράς
893 2657 1014 2709 μου
1059 2643 1145 2706 εἰς
1188 2643 1474 2712 πόλεμον,
1516 2643 1615 2697 καὶ
1653 2643 1794 2699 ἔθου

219 2729 402 2794 τόξον
423 2730 694 2798 χαλκοῦν
717 2731 860 2796 τοὺς
879 2732 1216 2802 βραχίονας
1238 2751 1358 2804 μου
1378 2774 1392 2788 .
1423 2734 1533 2789 Kal
1569 2731 1796 2802 ἔδωκάς

214 2841 307 2892 μοι
327 2822 798 2893 ὑπερασπισμὸν
815 2825 1128 2892 σωτηρίας,
1154 2826 1250 2879 καὶ
1271 2827 1309 2894 ἡ
1338 2825 1507 2892 δεξιά
1525 2843 1640 2883 σου
1658 2825 1724 2882 ἀν
1737 2845 1797 2882 τ-

219 2916 463 2970 ελὰσετό
505 2934 642 2986 μου.
700 2915 844 2987 Πρὸς
895 2916 1102 2980 τούτοις
1146 2917 1346 2972 ἅπασιν
1383 2919 1796 2994 ύπερασπισμδν

221 3010 494 3082 σωτηρίας
531 3027 620 3082 μοι
651 3009 908 3076 δέδωκας,
935 3009 1025 3062 τὸν
1054 3009 1144 3063 σὺν
1183 3011 1310 3064 Υἱὸν
1338 3013 1701 3084 καταπέμψας
1727 3016 1792 3086 τῇ

221 3102 322 3174 ίδίᾳ
369 3102 555 3155 ἀσπίδι
607 3100 746 3172 ὑπὲρ
785 3101 918 3171 ἐμοῦ
951 3101 1348 3174 μαχησόμενον.
1395 3103 1660 3174 Ἀκριὸῶς
1687 3103 1794 3176 γὰρ

1896 2013 2144 2085 grueutia
2188 2011 2349 2067 nobis
2392 2011 2606 2066 excelsa
2651 2011 2935 2066 concitat:
2970 2010 3204 2080 idipsum
3244 2016 3470 2082 praestat

1895 2106 2017 2176 ejus
2043 2105 2242 2177 gratia.
2274 2105 2462 2174 Neque
2490 2104 2636 2159 enim
2684 2087 2884 2159 virtute
2923 2111 3113 2159 nostra
3147 2103 3205 2158 in
3233 2103 3470 2160 excelsis

1897 2199 2104 2256 nostris
2155 2197 2545 2255 constituimur
2575 2216 2590 2254 :
2620 2197 2859 2253 hominis
2897 2197 3123 2268 'quippe
3167 2197 3361 2252 anima:
3398 2211 3468 2252 ex

1896 2297 2092 2345 natura
2122 2305 2222 2346 sua
2256 2291 2480 2346 caeleste
2511 2291 2851 2344 domicilium
2886 2298 2970 2346 est
3005 2309 3017 2343 :
3049 2297 3212 2359 atque
3247 2289 3466 2345 excelsa

1898 2385 2012 2451 illa,
2043 2398 2150 2438 non
2176 2383 2374 2448 aliena,
2401 2382 2504 2460 sed.
2528 2383 2746 2453 pr0pria
2779 2382 2886 2453 ipsi
2927 2389 3083 2450 sunt;
3112 2382 3466 2453 quamobrem

1896 2477 1972 2531 ait
2006 2496 2018 2532 :
2064 2474 2232 2544 Super
2261 2474 2472 2530 excelsa
2497 2491 2612 2530 mea
2641 2483 2879 2529 statuens
2913 2489 3016 2529 me.

1966 2654 2135 2712 Vens.
2161 2655 2252 2721 55,
2283 2653 2370 2711 36.
2393 2655 2496 2722 Qui
2512 2653 2670 2708 .docet
2707 2667 2894 2706 manus
2925 2667 3068 2705 meas
3098 2648 3166 2704 ad
3195 2648 3462 2720 prwlium,

1896 2759 1946 2806 et
1968 2749 2194 2820 posuisti
2223 2757 2281 2802 ut
2305 2763 2488 2802 arcum
2513 2763 2706 2801 aereum
2749 2744 2967 2798 brachia
2999 2759 3138 2800 mea.
3169 2742 3239 2797 Et
3268 2742 3461 2798 dedisti

1897 2843 2025 2898 mihi
2050 2842 2421 2913 protectionem
2449 2839 2663 2902 salutis,
2685 2847 2733 2892 et
2756 2836 2973 2890 dextera
2996 2847 3087 2889 tua
3109 2836 3337 2906 suscepit
3360 2852 3462 2891 me.

1897 2935 1978 2990 Ad
2001 2933 2117 2989 haec
2164 2939 2313 2989 certe
2359 2931 2542 2984 omnia
2578 2929 2973 3000 protectionem
3008 2926 3204 2984 salutis
3235 2927 3466 2997 largitus

1897 3027 2031 3083 mihi
2059 3042 2140 3091 es,
2163 3039 2285 3080 cum
2303 3021 2499 3078 Filium
2523 3029 2676 3075 tuum
2709 3019 2904 3075 misisti
2940 3019 3164 3089 proprio
3188 3033 3315 3073 cum
3337 3031 3468 3072 scu-

1899 3128 1955 3175 to
1977 3134 2076 3191 pro
2105 3117 2281 3174 salute
2320 3131 2440 3172 mea
2488 3121 2878 3186 pugnaturum.
2936 3112 3207 3168 Accurate
3258 3109 3460 3167 etenim

221 3196 533 3268 ἐπιστήσεις
557 3194 609 3246 τί
639 3193 767 3247 ποτέ
783 3195 899 3275 ἐστι
917 3195 978 3246 τὸ
1004 3193 1089 3247 διὰ
1118 3195 1298 3266 πάσης
1327 3195 1550 3267 Γραφῆς
1581 3213 1792 3268 προφη-

1898 3214 2082 3269 animo
2140 3208 2444 3282 perpendas
2477 3207 2661 3270 velim,
2712 3205 2980 3276 quodnam
3037 3203 3170 3258 illud
3227 3201 3469 3260 salutare

221 3287 507 3358 τευόμενον
538 3285 802 3357 σωτήριον
822 3283 916 3338 τοῦ
944 3284 1078 3338 Θεοῦ
1111 3285 1237 3356 περὶ
1267 3280 1327 3340 οὗ
1359 3286 1452 3339 καὶ
1485 3286 1707 3358 Συμεὼν
1733 3289 1790 3341 ἐν

222 3380 294 3452 τῷ
325 3377 647 3450 Εὐαγγελίῳ
683 3377 893 3447 ἔλεγεν*
943 3377 1066 3432 Νῦν
1113 3378 1396 3446 ἀπολύεις
1424 3378 1530 3432 τὸν
1571 3379 1793 3435 δοῦλόν

226 3487 356 3536 σου,
391 3471 685 3536 Δέσποτα,
719 3469 868 3523 κατὰ
903 3469 968 3522 τὸ
991 3467 1155 3539 ῥῆμά
1186 3488 1301 3524 σου
1332 3471 1402 3524 ἐν
1427 3470 1668 3540 εἰρήνῃ·
1702 3471 1791 3526 ὅτι

222 3557 380 3615 εἶδον
405 3562 460 3615 ol
483 3559 776 3630 ὀφθαλμοί
800 3575 918 3628 μου
949 3557 1012 3612 τὸ
1043 3558 1338 3626 σωτήριόν
1368 3574 1591 3614 σου.-
1609 3559 1717 3614 Καὶ
1758 3560 1790 3628 ἡ

223 3651 385 3716 δεξιά
433 3665 548 3706 σου
593 3648 950 3706 ἀντελάϐετό
981 3667 1120 3719 μου.
1165 3651 1316 3722 Τάχα
1357 3651 1504 3716 δεξιὰ
1529 3651 1622 3705 τοῦ
1656 3650 1790 3704 Θεοῦ

224 3733 355 3792 εἶναι
407 3739 626 3793 δύναται
656 3740 713 3793 ἐν
841 3740 1137 3811 ἐστερέωσε
1171 3741 1260 3794 τὸν
1288 3741 1533 3812 οὐρανὸν,
1573 3759 1792 3813 μονογε-

222 3833 313 3904 νὴς
340 3834 533 3902 Λόγος.

286 3927 400 3981 Kal
415 3929 452 3996 ἡ
475 3927 710 3982 παιδεία
727 3939 842 3981 σου
871 3924 1187 3995 ἀνώρθωσέ
1206 3943 1282 3996 με
1301 3929 1387 3994 εἰς
1415 3926 1609 3994 τέλος,
1633 3929 1731 3983 καὶ
1752 3931 1790 3999 ἡ

225 4020 455 4074 παιδεία
535 4035 652 4074 σου
723 4019 875 4087 αὐτή
937 4036 1014 4089 με
1071 4019 1316 4085 διδάξει.
1389 4019 1680 4093 Σύμμαχος
1734 4023 1790 4076 δέ

226 4110 478 4176 ἐξέδωκε·
514 4111 624 4167 Kal
667 4109 735 4166 τὸ
769 4113 1094 4167 ὑπακούειν
1124 4130 1204 4182 με
1234 4111 1487 4179 αὐξήσει
1512 4130 1606 4182 με.
1647 4114 1704 4166 '0
1735 4115 1791 4168 δέ

236 4205 480 4270 ’Δκύλαςο
532 4207 641 4261 Kal
692 4206 1024 4276 πραότητός
1073 4220 1190 4261 σου
1245 4206 1552 4276 ἐπλήθυνέ
1582 4224 1658 4276 με
1691 4206 1788 4278 (Ι).

236 4299 608 4366 Ἐπλὰτυνας
652 4300 724 4354 τὰ
774 4299 1104 4370 διαδήματα
1160 4318 1281 4370 μου
1333 4300 1610 4355 ὑποκάτω
1648 4319 1787 4371 μου.

226 4391 298 4445 Τὰ
315 4392 648 4464 διαδήματα,
682 4392 802 4447 καθ’
836 4392 872 4448 ἃ
904 4395 968 4446 ἐκ
995 4393 1191 4457 κακίας
1225 4394 1304 4456 εἰς
1347 4392 1566 4466 ἀρετὴν,
1607 4395 1699 4447 καὶ
1731 4394 1792 4459 ἐξ

225 4487 491 4559 αἰσθητῶν
537 4489 629 4542 ἐπὶ
674 4488 860 4559 νοητὰ,
893 4489 987 4542 καὶ
1033 4489 1140 4543 ἀπὸ
1165 4488 1258 4542 τοῦ
1291 4490 1555 4562 παρόντος
1591 4493 1672 4554 εἰς
1698 4489 1790 4544 τὸν

1893 3302 1988 3359 Dei
2025 3301 2115 3364 sit,
2142 3301 2197 3355 in
2227 3299 2396 3355 totius
2437 3295 2733 3367 Scriptum
2770 3292 3042 3349 vaticiniis
3091 3290 3468 3362 praedicatum.

1893 3395 1960 3452 de
1992 3409 2099 3465 quo
2123 3391 2342 3447 Simeon
2363 3391 2418 3444 in
2452 3387 2748 3459 Evangelio
2769 3385 2845 3440 ait
2870 3403 2885 3441 :
2912 3383 3069 3438 Nunc
3097 3380 3329 3436 dimittis
3355 3395 3468 3434 ser—

1893 3503 2011 3542 uum
2037 3497 2204 3550 tuum,
2239 3484 2478 3548 Domine,
2503 3479 2788 3537 secundum
2816 3477 3024 3533 verbum
3049 3484 3194 3530 tuum
3221 3473 3278 3528 in
3304 3486 3467 3543 pace:

1891 3578 2015 3649 quia
2038 3575 2274 3631 uiderunt
2299 3573 2439 3628 oculi
2474 3573 2575 3627 mei
2604 3571 2840 3626 salutare
2865 3577 3012 3622 tuum
3036 3567 3111 3620 ⁷⁵.
3133 3595 3205 3607 -
3233 3563 3304 3618 Et
3336 3563 3467 3618 dea:-

1893 3680 2004 3724 t’era
2027 3678 2120 3724 tua
2151 3667 2377 3736 suscepit
2408 3681 2508 3718 me.
2545 3663 2776 3721 Dextera
2815 3658 2909 3716 Dei
2929 3675 2992 3715 ea
3021 3657 3256 3714 fortasse
3278 3655 3464 3722 fuerit,

1890 3777 1999 3834 qua
2050 3761 2284 3816 ﬁrmavit
2312 3758 2537 3824 coelum,
2563 3756 2775 3812 scilicet
2824 3753 3167 3825 unigenitum
3198 3749 3462 3807 Verbum.

1959 3933 2128 3989 Vens.
2162 3932 2252 3986 57.
2295 3930 2363 3986 Ει
2392 3930 2673 4001 disciplina
2717 3940 2808 3983 tua
2831 3929 3059 3983 correxit
3086 3943 3168 3982 me
3197 3927 3252 3981 in
3287 3928 3466 3997 tinent,

1890 4034 1939 4080 et
1965 4023 2252 4092 disciplina
2284 4033 2377 4076 tua
2403 4022 2518 4089 ipsa
2543 4037 2624 4075 me
2647 4019 2868 4074 docebit.
2893 4015 3254 4088 Symmachus
3274 4015 3467 4082 edidit,

1890 4129 1937 4174 et
1967 4116 2104 4188 quod
2151 4115 2402 4172 exaudiat
2446 4131 2527 4168 me
2561 4129 2857 4168 accrescere
2908 4127 2989 4165 me
3045 4109 3242 4180 faciet;
3273 4109 3467 4179 Aquila

1891 4226 2044 4275 vero,
2075 4217 2124 4264 et
2163 4207 2566 4264 mansuetudine
2593 4217 2686 4262 tua
2719 4205 2934 4275 replevit
2976 4220 3078 4258 me.
3109 4233 3179 4242 —
3211 4200 3470 4256 Dilatast‘i

1890 4319 2100 4376 gressus
2148 4319 2288 4357 meos
2318 4299 2504 4356 subtus
2532 4316 2631 4354 me.
2677 4297 2911 4354 Gressus
2938 4295 3170 4360 scilicet,
3211 4293 3368 4365 queis
3396 4308 3466 4348 ex

1891 4393 2134 4466 nequitia
2158 4394 2224 4449 ad
2255 4393 2537 4455 virtutem,
2576 4407 2644 4447 ex
2674 4388 3030 4446 scnsibilibus
3058 4386 3126 4443 ad
3149 4385 3468 4458 intelligibi-

1892 4486 1987 4551 lia,
2010 4501 2040 4540 a
2064 4483 2321 4556 praesenti
2350 4473 2418 4538 ad
2448 4481 2692 4536 futurum
2724 4479 2982 4536 saeculum
3014 4477 3364 4548 transmigro,
3389 4475 3470 4531 di-

227 4579 483 4649 μέλλοντα
508 4581 678 4634 αἰῶνα
711 4581 990 4646 διαϐαίνω,
1030 4581 1329 4646 ἐπλάτυνας
1375 4582 1631 4636 ὑποκάτω
1661 4599 1792 4654 μου*

1897 4577 2083 4633 latasti
2112 4577 2307 4634 subtus
2337 4590 2425 4630 me
2456 4593 2470 4629 :
2500 4573 2594 4644 qui
2615 4573 2748 4628 mihi
2786 4571 2854 4627 ab
2875 4571 3032 4626 initio
3064 4569 3283 4641 angusti
3309 4576 3365 4624 et
3385 4583 3470 4623 ar-

225 4674 335 4726 κατ’
385 4673 560 4745 ἀρχὰς
611 4672 719 4745 γὰρ
765 4673 925 4727 στενὰ
961 4674 1055 4728 καὶ
1106 4675 1337 4729 ἐπίπονα
1384 4675 1680 4746 φαινόμενα
1712 4674 1789 4746 τῷ

224 4766 314 4839 τὴν
373 4767 738 4838 τεθλιμμένην
785 4765 989 4820 ὁδεύειν
1017 4766 1165 4821 ὁδόνο
1207 4768 1460 4839 ὑπεράνω
1501 4767 1682 4822 αὐτῶν
1720 4771 1786 4840 τῇ

226 4863 467 4932 προκοπῇ
513 4859 896 4930 γεγενημένος,
948 4859 1314 4915 πλατυνθέντα
1364 4859 1504 4916 αὐτὰ
1558 4860 1786 4915 ἐθεασά-

231 4969 347 5026 μην.
394 4956 454 5008 '0
483 4954 591 5026 γὰρ
632 4953 891 5024 ἀνωτέρω
920 4952 1028 5006 τῶν
1078 4954 1368 5025 προκοπῶν
1406 4954 1786 5026 γεγενημένος,

225 5045 296 5115 τῷ
322 5047 415 5101 ἐπὶ
444 5047 594 5110 τέλος
620 5045 934 5116 ἐφθακέναι,
967 5046 1149 5100 οὐκέτι
1197 5046 1442 5101 αἴσθεται
1479 5047 1577 5118 τῆς
1611 5047 1789 5101 στενό-

227 5151 398 5207 τητος,
442 5139 551 5194 τῶν
588 5139 763 5194 πόνων
796 5141 889 5194 καὶ
915 5139 1151 5212 ἱδρώτων
1189 5139 1297 5194 τῶν
1328 5140 1420 5193 ἐπὶ
1447 5143 1565 5205 ταῖς
1589 5157 1789 5212 προκο-

229 5231 365 5294 παίς,
384 5231 443 5282 ἐν
471 5229 778 5302 εὐρυχωρίᾳ
803 5232 1186 5302 γεγενημένος.
1213 5229 1324 5285 Kal
1351 5232 1461 5284 οὐκ
1486 5229 1789 5299 ἠσθένησε

230 5319 293 5374 τὰ
319 5321 463 5402 ἔχιν-η
514 5340 651 5392 μου.
713 5323 776 5376 Et
823 5323 1082 5396 διηνεκῶς
1131 5326 1188 5378 ἐν
1219 5323 1297 5395 τῷ
1330 5325 1510 5378 πονεῖν
1553 5324 1786 5390 ἐτέλουν,

231 5410 324 5465 κᾶν
347 5413 612 5486 ἠσθένησε
637 5414 707 5469 τὰ
739 5416 1014 5487 ἰχνη.μου,
1049 5416 1293 5470 τουτέστι
1325 5415 1419 5470 τοῦ
1443 5417 1550 5471 ἔσω
1577 5417 1673 5472 ἀνθ
1683 5435 1788 5489 ρω-

231 5518 324 5558 mu
372 5506 444 5559 τὰ
489 5507 687 5579 σκέλη·
726 5507 914 5578 ἐπειδὴ
964 5508 1100 5580 μετὰ
1122 5509 1247 5590 τοὺς
1279 5509 1418 5580 ὑπὲρ
1454 5511 1655 5581 ἀρετῆς
1686 5526 1788 5563 και-

295 5662 338 5694 ’¹
361 5661 492 5718 Luc.
523 5680 584 5730 ll,
615 5663 706 5728 29,
736 5663 827 5720 50.

1894 4670 1988 4726 dui
2019 4669 2121 4726 visi
2152 4675 2302 4732 sunt,
2324 4654 2468 4738 quod
2495 4667 2551 4720 in
2594 4673 2743 4720 arcta
2789 4663 3098 4720 incederem
3123 4664 3242 4730 via;
3280 4661 3375 4717 sed
3410 4661 3466 4716 in

1894 4777 2189 4834 progressu
2216 4759 2468 4831 superior
2505 4759 2615 4813 illis
2651 4756 2900 4822 eﬂ‘ectus,
2927 4756 3185 4811 dilatatos
3217 4755 3470 4811 animad~

1893 4853 2055 4910 verti.
2077 4850 2227 4907 Nam
2250 4852 2345 4922 qui
2367 4851 2516 4906 omni
2556 4849 2803 4921 profectu
2837 4849 3089 4922 superior
3110 4835 3306 4915 evasit,
3329 4859 3384 4904 et
3414 4848 3470 4903 ﬂ-

1895 4961 2020 5002 nem
2049 4945 2250 5016 attigit,
2282 4945 2336 4999 in
2375 4944 2486 4998 lato
2515 4943 2694 5014 spatio
2721 4942 3012 5009 deductus,
3047 4941 3354 5014 angustiam
3395 4941 3465 4996 il-

1895 5039 2027 5104 lam,
2065 5037 2302 5101 labores,
2334 5034 2586 5099 sudores.
2627 5050 2766 5106 quos
2796 5035 2854 5091 in
2905 5034 3155 5106 profectu
3210 5041 3469 5104 expertus

1895 5139 2033 5196 erat,
2070 5146 2178 5186 non
2209 5121 2350 5184 ultra
2377 5128 2564 5186 sentit.
2601 5127 2669 5182 Et
2695 5147 2800 5186 non
2847 5138 2970 5185 sunt
3008 5129 3281 5199 inﬁrmata
3309 5129 3466 5185 vesti.-

1895 5225 1984 5296 gia
2013 5240 2147 5280 mea.
2173 5221 2288 5280 Etsi
2322 5223 2378 5277 in
2408 5223 2670 5278 diuturno
2707 5222 2895 5278 labore
2937 5227 3208 5287 versatus,
3238 5220 3467 5292 vestigia

1897 5333 2038 5383 mea,
2063 5318 2115 5374 id
2137 5324 2240 5386 est,
2284 5331 2444 5373 crura
2482 5316 2761 5386 interioris
2791 5313 3049 5380 hominis,
3076 5313 3349 5369 infirmata
3377 5327 3466 5368 es-

1897 5422 2051 5482 sent;
2077 5415 2208 5485 quia
2243 5421 2426 5468 tamen
2473 5413 2690 5468 labores
2716 5412 2933 5468 virtutis
2961 5425 3140 5468 causa.
3176 5415 3466 5479 susceptos
3517 5457 3522 5462 .

1894 5508 2052 5580 quies
2070 5507 2291 5578 excipit,
2337 5521 2450 5563 non
2503 5503 3021 5572 inﬁrmantur,.sed
3071 5501 3465 5559 conﬁrmantur

297 5821 376 5904 (ἔὶ
408 5821 465 5904 ξει
497 5821 762 5904 Hebraico
804 5821 1098 5894 exemplari
1145 5821 1538 5896 legum-nam
1580 5829 1789 5904 1mm,
1820 5820 1966 5894 quod
1992 5829 2074 5880 est
2119 5829 2175 5878 ut
2218 5823 2386 5894 probe
2439 5817 2824 5892 Hieronymus,
2851 5816 2930 5872 Et
2966 5812 3309 5871 mansuetudo
3370 5821 3464 5871 tua
3506 5857 3508 5859 .

237 5892 586 5967 multiplicauit
621 5910 718 5949 me.
