3994 6448
453 350 559 412 183

1099 348 1368 412 susse"
1406 333 1883 414 cessamu’sns
1920 354 2069 414 ore.
2113 343 2294 413 pass
2358 334 2442 405 ιιι.
2473 382 2544 400 ς
2588 353 2994 418 enormes.

3596 358 3692 416 186

450 465 679 538 vestigia
714 477 860 531 mea,
890 467 966 523 ita
1016 475 1078 524 ut
1111 469 1295 527 dicere
1343 471 1508 528 liceat
1545 491 1557 528 :
1596 470 1663 526 Et
1699 473 1936 528 statuisti
1967 477 2013 529 in

2125 475 2329 549 μάτους
2366 475 2655 536 ἀνάπαυλα
2673 480 2993 552 διαδέχεται,
3019 478 3120 534 οὐκ
3145 477 3382 542 ἀσθενεῖ,
3405 477 3516 532 ἀλλ’
3549 480 3694 550 ισχυ-

449 557 564 612 loco
609 559 841 626 spatioso
878 557 1032 628 pedes
1078 561 1304 616 meos".
1341 559 1455 618 lmo
1512 577 1641 619 vero
1688 564 1784 635 qui
1835 562 2020 621 Iesum

448 649 718 720 sequitur,
756 651 999 722 vestigiis
1032 653 1153 722 ejus
1192 653 1399 710 insistit
1431 673 1443 708 :
1475 655 1734 725 quoniam
1791 655 1847 711 in
1879 657 1965 711 via
1989 673 2021 712 a

444 737 573 796 Jesu
593 740 815 798 Christo
835 744 964 797 trita
998 751 1053 800 et
1085 743 1426 814 frequentata
1461 748 1826 818 progreditur,
1865 749 2019 804 ﬁrma

445 833 711 903 imprimit
749 835 998 906 vestigia,
1033 835 1108 889 ita
1141 843 1199 891 ut
1220 838 1303 894 vel
1338 839 1457 909 ipso
1473 854 1636 910 opere
1659 840 1773 894 haec
1808 837 2019 894 vocife-

444 931 597 980 retur
628 943 641 980 :
674 923 733 980 In
763 929 1015 1000 angustia
1038 944 1407 986 aerumnarum
1458 949 1559 987 non
1591 940 1713 987 sunt
1743 933 2018 1002 infirmata

443 1017 660 1086 vestigia
689 1034 826 1073 mea.

515 1107 680 1166 Vens.
709 1112 797 1167 58.
831 1111 1130 1189 Persequar
1161 1119 1398 1174 inimicos
1429 1136 1570 1174 meos
1595 1129 1644 1174 et
1678 1124 2014 1192 comprehen-

443 1203 568 1256 dam
606 1204 748 1270 illos,
770 1216 946 1262 etnon
977 1221 1249 1265 convertar
1268 1210 1428 1264 donec
1465 1209 1734 1281 deﬁciant.
1767 1212 2016 1286 Confrin-

441 1309 562 1362 gam
596 1295 740 1360 illos,
773 1313 865 1352 nec
912 1309 1154 1366 poterunt
1201 1311 1365 1366 stare,
1410 1302 1594 1356 cadent
1648 1302 1826 1360 subtus
1860 1307 2014 1375 pedes

442 1382 603 1440 meos.
644 1385 788 1452 Quot
831 1399 1176 1463 quantosque
1227 1392 1502 1460 inimicos,
1537 1394 1842 1465 opitulante
1879 1397 2012 1464 Deo,

441 1480 750 1548 superavit!
784 1478 850 1534 Et
883 1480 986 1537 hoc
1024 1482 1180 1548 mihi,
1229 1484 1435 1566 inquit,
1470 1485 1595 1540 boni
1654 1501 1748 1556 per
1781 1487 2014 1558 gratiam

439 1584 590 1624 tuam
623 1586 945 1628 concessum
972 1582 1076 1638 est,
1111 1584 1170 1630 ut
1199 1575 1365 1646 pedes
1392 1576 1496 1632 mei
1534 1590 1643 1632 non
1668 1587 2016 1635 coarctaren-

439 1670 551 1726 tur,
579 1678 755 1734 neque
785 1664 994 1721 retibus
1025 1665 1496 1732 inimicorum,vel
1530 1667 1872 1725 olfendiculis
1894 1685 2016 1741 quae

437 1755 752 1824 obiecerant
781 1757 1154 1829 interciperer.
1184 1760 1282 1816 His
1302 1761 1500 1837 quippe
1530 1762 1785 1818 omnibus
1812 1778 1910 1834 per
1938 1771 2012 1829 te,

2127 571 2424 640 ροποιεῖται
2450 570 2518 628 τὰ
2553 572 2671 644 ἴχνη
2708 589 2832 643 μου,
2857 571 2987 626 ὥστ’
3021 571 3086 626 ἂν
3120 571 3324 624 εἰπεῖν·
3371 569 3480 625 Καὶ
3521 567 3694 638 ἕστη-

2123 677 2240 729 σας
2282 664 2350 717 ἐν
2396 662 2710 733 εὐρυχάξρφ
2769 663 2909 730 τοὺς
2949 663 3137 729 πόδας
3167 680 3306 732 μου.
3353 661 3512 715 Ἀλλὰ
3542 661 3637 715 καὶ
3664 663 3695 716 ὸ

2135 749 2308 823 Ἰησοῦ
2341 751 2602 822 ἑπόμενος
2646 749 2998 804 ἐπακολουθεῖ
3026 752 3138 813 τοῖς
3177 749 3376 820 ῐχνεσιν
3410 745 3570 800 αὑτοῦ
3590 761 3604 775 ο
3637 745 3695 812 ἐξ

2121 843 2284 898 αὐτοῦ
2330 842 2423 896 τοῦ
2474 845 2665 897 πατεῖν
2695 844 2792 914 τὴν
2823 839 3186 916 τετριμμένην
3228 839 3330 892 ὑπὸ
3370 835 3544 910 Ἰησοῦ
3579 834 3694 889 ὁδδν

2123 937 2318 1008 ίσχυρὰ
2337 938 2529 990 κτᾶται
2549 936 2616 989 τὰ
2638 936 2744 990 ἴδια
2767 936 2907 1007 ἴχνη,
2923 934 2998 999 ὡς
3024 933 3170 1007 ἔργῳ
3191 932 3378 1002 φάναι’
3393 933 3516 986 οὐκ
3527 930 3700 999 ἠσθέ-

2117 1042 2273 1094 νησε
2287 1025 2358 1080 τὰ
2375 1027 2515 1098 ἴχνη
2532 1047 2647 1102 μου
2680 1031 2738 1082 ἐν
2767 1030 2830 1100 τῇ
2869 1025 3196 1099 στενοχωρίᾳ
3227 1025 3324 1097 τῆς
3373 1023 3622 1095 θλίψεως.

2188 1119 2540 1186 Καταδιώξω
2584 1119 2724 1187 τοὺς
2771 1119 3024 1190 ἐχθρούς
3049 1135 3169 1189 μου
3201 1118 3298 1171 καί
3346 1115 3694 1186 καταλήψο⁴

2112 1228 2221 1282 μαι
2278 1213 2520 1280 αὐτοὺς,
2550 1213 2646 1267 καὶ
2715 1213 2824 1266 οὐκ
2872 1207 3416 1280 άποστραφήσομαι
3463 1208 3574 1276 ἕως
3620 1208 3699 1262 ἂν

2115 1305 2496 1360 ἐκλείπωσιν.
2544 1305 2846 1372 Ἐκθλιψω
2880 1303 3103 1370 αὐτοὺς
3143 1302 3243 1356 καὶ
3271 1303 3342 1357 οὐ
3361 1301 3447 1372 μὴ
3476 1300 3696 1356 δύνων-

2118 1412 2208 1451 ται
2233 1395 2470 1466 στῆναι,
2491 1395 2822 1451 πεσοῦνται
2861 1393 2979 1448 ὑπὸ
3011 1393 3153 1460 τοὺς
3183 1393 3373 1461 πόδας
3408 1412 3547 1465 μου.
3584 1392 3698 1448 Καὶ

2115 1487 2256 1540 ὅσων
2293 1486 2504 1558 ἐχθρῶν
2550 1487 2644 1540 καὶ
2694 1485 2968 1556 πολεμίων
3001 1487 3321 1556 περιγέγονε
3361 1484 3451 1539 διὰ
3474 1485 3572 1558 τῆς
3597 1484 3692 1540 τοῦ

2116 1577 2251 1631 Θεοῦ
2285 1577 2571 1650 βοηθείαςῑ
2600 1577 2712 1631 Καὶ
2743 1575 2900 1629 τοῦτο
2943 1575 3000 1628 δέ
3033 1589 3143 1647 μοι,
3176 1577 3358 1647 φησὶν,
3393 1576 3546 1650 παρὰ
3593 1577 3695 1648 τῆς

2117 1665 2215 1742 σῆς
2252 1669 2469 1742 χάριτος
2492 1668 2721 1740 ὑπῆρξε,
2749 1668 2810 1722 τὸ
2839 1667 2915 1741 μὴ
2938 1668 3404 1740 στενοχωρηθῆναί
3433 1687 3536 1741 μου
3566 1671 3696 1734 τοὺς

2117 1763 2302 1828 πόδας,
2332 1762 2425 1816 καὶ
2474 1761 2535 1814 τὸ
2587 1762 2661 1833 μὴ
2711 1761 2948 1825 δικτύοις
2997 1761 3104 1814 τῶν
3152 1761 3381 1834 ἐχθρῶν,
3441 1763 3534 1816 καὶ
3581 1765 3697 1826 τοῖς

439 1837 580 1898 Deus
619 1860 796 1910 meus,
833 1827 1052 1913 amotis,
1093 1827 1337 1904 liberam—
1366 1827 1693 1922 planamque
1723 1827 1857 1906 mihi
1885 1827 2010 1906 mu;

2119 1855 2431 1920 σκανδάλοις
2459 1858 2570 1918 τοῖς
2603 1854 2693 1908 ὑπ’
2723 1853 2899 1907 αὐτῶν
2939 1853 3404 1926 προϐεϐλημένοις
3459 1872 3698 1926 περιπαο
3740 1857 3750 1868 ’

437 1933 586 1988 niisti
622 1935 786 1992 viam.
811 1936 945 1992 Illud
967 1946 1171 2005 autem,
1201 1937 1403 1996 Cadent
1433 1941 1618 1996 subtus
1654 1943 1806 2012 pedes
1846 1959 2007 2011 meos,

437 2040 679 2083 consona
709 2029 1030 2101 prophetico
1069 2033 1286 2102 spiritui
1341 2035 1791 2104 interpretatione
1835 2035 2012 2091 dona-

439 2120 546 2183 bis,
582 2121 629 2176 si
656 2123 973 2179 memineris
999 2125 1145 2180 illam
1179 2125 1482 2184 Salvatoris
1516 2128 1584 2183 ad
1609 2125 1893 2198 apostolos
1929 2129 2012 2184 fa-

440 2219 585 2265 ctam
625 2214 1064 2282 promissionem,
1099 2231 1207 2288 qua
1251 2218 1387 2272 dicit
1418 2218 1528 2273 illis
1561 2236 1574 2272 :
1615 2217 1748 2273 Ecce
1770 2220 1838 2275 do
1868 2219 2013 2276 vobis

435 2309 749 2370 potestatem
783 2304 1029 2360 calcandi
1053 2323 1217 2378 supra
1252 2323 1510 2378 serpentes
1539 2318 1588 2364 et
1615 2311 1938 2381 scorpiones,
1962 2320 2012 2365 et

435 2413 591 2464 super
615 2414 817 2452 omnem
846 2401 1088 2453 uirtutem
1112 2401 1314 2454 inimici
1346 2402 1418 2456 ".

2116 1941 2294 2014 ρῆναι.
2330 1939 2514 1996 Ταῦτα
2544 1941 2650 2013 γὰρ
2686 1941 2861 1994 πάντα
2903 1939 3166 2013 περιελὼν
3218 1944 3281 1998 σὺ
3311 1944 3472 2008 αὐτὸς
3503 1945 3531 1996 ὁ
3560 1943 3696 2009 Θεός

2115 2051 2236 2106 μου,
2271 2033 2480 2106 ὁμαλὴν
2528 2035 2841 2106 κατηρτίσω
2892 2053 2993 2106 μου
3057 2036 3156 2107 τὴν
3203 2035 3451 2108 πορείαν.
3494 2038 3567 2090 Τὸ
3611 2037 3695 2103 δέ,

2113 2124 2446 2180 Πεσοῦνται
2480 2124 2600 2179 ὑπὸ
2632 2125 2773 2192 τοὺς
2803 2127 2993 2194 πόδας
3024 2145 3165 2198 μου,
3202 2129 3416 2197 νοήσεις
3459 2128 3700 2196 ἐπαξίως

2113 2216 2206 2270 τοῦ
2258 2216 2594 2289 προφητικοῦ
2644 2215 2975 2288 πνεύματος,
3004 2217 3103 2288 τῆς
3135 2217 3228 2271 τοῦ
3259 2218 3508 2290 Σωτῆρος
3559 2219 3700 2292 πρὸς

2115 2308 2240 2372 τοὺς
2287 2308 2619 2372 ἀποστόλους
2666 2308 2998 2378 ἐπαγγελίας
3060 2308 3319 2382 μνησθεὶς
3351 2310 3417 2364 δι’
3454 2306 3521 2385 ἦς
3557 2309 3699 2383 πρὸς

2116 2400 2313 2464 αὐτοὺς
2345 2398 2527 2468 ἔλεγεν
2543 2415 2557 2428 ο
2594 2397 2748 2454 Ἰδοὺ
2770 2397 2977 2469 δίδωμι
3002 2399 3144 2470 ὑμῖν
3167 2400 3459 2466 ἐξουσίαν
3486 2400 3700 2457 πατεῖν

433 2487 632 2542 ἐπάνω
677 2490 870 2558 ὄφεων
908 2493 1005 2546 καί
1050 2495 1375 2561 σκορπίων,
1408 2494 1506 2548 καὶ
1536 2495 1636 2548 ἐπὶ
1668 2493 1874 2550 πᾶσαν
1905 2494 2163 2562 δύναμιν
2197 2491 2304 2547 τοῦ
2336 2493 2577 2562 ἐχθροῦ.

503 2580 671 2639 Vens.
697 2584 787 2640 40.
812 2584 880 2639 Et
901 2587 1230 2654 prwcinxisti
1255 2605 1334 2643 me
1365 2590 1555 2644 uirtute
1576 2589 1643 2642 ad
1667 2588 1881 2654 bellum,
1913 2590 2014 2643 im-

434 2675 675 2744 pedivisti
709 2694 886 2732 omnes
921 2665 1249 2750 insurgentes
1297 2682 1351 2735 in
1398 2698 1500 2744 me,
1556 2680 1739 2734 subtus
1797 2697 1896 2734 me.
1928 2679 2013 2736 Me

435 2768 681 2837 quidem,
734 2769 832 2833 ait,
866 2769 1069 2825 virtute
1109 2785 1174 2825 ac
1215 2770 1535 2827 fortitudine
1576 2772 1871 2828 roborasti.
1907 2770 2013 2838 Qui

438 2861 692 2928 superius
716 2859 952 2926 dixerat,
989 2860 1131 2917 Deus
1163 2865 1255 2926 qui
1277 2863 1546 2934 prtvcingit
1583 2879 1662 2917 me
1690 2863 1900 2926 virtute,
1924 2861 2014 2917 hic

439 2952 750 3007 absolutum
785 2967 922 3023 opus
965 2968 1088 3009 esse
1125 2952 1332 3008 indicat
1365 2955 1448 3010 liis
1478 2953 1680 3020 verbis,
1703 2961 1752 3007 et
1798 2952 2017 3023 praecin-

435 3044 570 3099 zisti
603 3059 684 3098 me
713 3044 902 3098 virtute
931 3043 1000 3097 ad
1045 3043 1261 3110 bellum,
1292 3054 1340 3100 et
1384 3043 1626 3099 inimicos
1657 3061 1796 3099 meos
1821 3045 2016 3100 dedisti
2040 3071 2082 3128 ο

437 3139 566 3194 mihi
595 3137 884 3205 dorsum,ii
909 3140 1116 3194 Scilicet
1141 3140 1457 3211 poenitentia
1491 3139 1641 3194 ducti
1670 3139 2012 3194 inimicitiam

437 3231 854 3302 deposuerunt;
886 3229 980 3300 qui
1006 3244 1130 3283 cum
1164 3230 1282 3292 illa,
1315 3245 1437 3300 quae
1476 3244 1538 3284 ex
1570 3229 1774 3285 virtute
1811 3231 2010 3294 oritur,

440 3324 638 3379 ﬁducia
663 3332 914 3394 expertes
938 3335 1143 3387 essent,
1169 3339 1198 3377 a
1231 3321 1394 3378 Patre
1422 3323 1478 3377 in
1513 3323 1738 3378 dorsum
1761 3322 1889 3379 Jesu
1915 3340 2014 3394 po-

438 3415 531 3470 siti
583 3415 854 3480 sunt;sic
913 3416 1058 3471 enim
1089 3425 1236 3470 retro
1285 3414 1595 3478 constituti,
1623 3415 1802 3484 ipsum
1857 3414 2012 3486 sequi

435 3508 718 3563 valebunt.
772 3505 1048 3564 Fortassis
1103 3517 1288 3564 autem
1342 3509 1457 3562 lucc
1505 3507 1635 3561 dicti
1695 3507 2013 3576 liujusmodi

436 3599 708 3654 sententia
762 3597 925 3654 fuerit
951 3617 964 3653 :
995 3598 1091 3654 Vir
1117 3608 1379 3658 strenuus
1399 3609 1452 3655 et
1488 3601 1712 3672 probus,
1744 3602 1838 3672 qui
1868 3600 2010 3656 lida-

437 3691 522 3745 cia
554 3706 682 3761 erga
721 3689 890 3746 Deum
915 3692 1216 3748 instructus
1239 3703 1342 3758 est,
1378 3694 1433 3748 in
1462 3703 1758 3764 conspectu
1794 3693 2010 3749 Domini

441 3782 692 3838 consistit
721 3801 734 3837 :
772 3789 828 3837 at
849 3782 1132 3854 improbus
1168 3792 1474 3840 retrorsum
1500 3786 1721 3840 malitia:
1747 3800 1859 3840 sua:
1878 3799 2012 3840 cau-

441 3890 501 3929 sa
529 3875 758 3945 ejectus,
785 3891 926 3946 pone
972 3872 1260 3931 Dominum
1289 3892 1318 3930 a
1353 3877 1517 3933 dorso
1546 3886 1798 3948 ponetur.
1825 3877 2012 3944 Quan-

441 3966 731 4038 doquidem
757 3967 902 4022 enim
926 3967 1031 4026 ipsi
1059 3969 1316 4041 improbi,
1347 3971 1556 4040 priores
1590 3969 1668 4023 illi
1703 3976 1855 4040 terga
1885 3985 2010 4024 ver-

443 4063 578 4122 tere,
630 4073 741 4112 non
790 4058 1000 4113 vultum
1050 4075 1241 4126 suum;
1313 4059 1430 4130 ipse
1483 4074 1700 4130 quoque
1762 4058 2009 4114 homines

442 4157 748 4213 aversatus,
775 4164 806 4204 a
835 4161 986 4220 tergo
1007 4147 1249 4205 habebit.
1279 4149 1434 4216 Quod
1467 4148 1514 4202 si
1552 4147 1738 4219 justus
1778 4148 2009 4221 quilibet

443 4241 558 4297 haec
579 4240 842 4311 proferat,
886 4240 1012 4310 jure
1059 4239 1232 4306 dicas,
1283 4241 1560 4310 improbas
1607 4247 1926 4313 potestates,
1961 4239 2008 4294 si

442 4328 660 4400 quidem
683 4330 738 4383 in
768 4337 1122 4399 conSpcctum
1154 4330 1396 4395 veniant,
1426 4331 1700 4385 intuentes
1731 4344 1789 4385 se
1813 4329 1885 4384 ob
1907 4329 2005 4384 de-

2190 2588 2301 2642 Καὶ
2329 2583 2686 2656 περιέζωσάς
2710 2603 2787 2656 με
2815 2584 3073 2659 δύναμιν
3099 2590 3186 2656 εἰς
3215 2590 3507 2659 πόλεμον,
3552 2605 3705 2644 συνι-

2115 2679 2401 2745 επόὸισας
2453 2678 2683 2744 πάντας
2729 2681 2864 2748 τοὺς
2909 2680 3420 2750 ἐπανισταμένους
3456 2681 3550 2735 ἐπ’
3589 2679 3701 2751 ἐμὲ

2116 2770 2391 2826 ὑποκάτω
2417 2790 2552 2842 μου.
2608 2773 2760 2844 Ἐμοὶ
2793 2773 2912 2844 μὲν,
2947 2774 3132 2844 φησὶν,
3163 2773 3412 2845 ἀνδρείαν
3438 2773 3700 2847 ἐδωρήσω

2117 2864 2212 2917 καὶ
2262 2861 2470 2936 ῥώμην.
2512 2863 2692 2919 Εἰπὼν
2725 2866 3012 2938 ἀνωτέρω·
3051 2866 3112 2920 Ὃ
3153 2866 3296 2933 Θεὸς
3338 2868 3371 2920 ό
3429 2863 3700 2934 περιζων-

2117 2956 2278 3009 νύων
2300 2973 2378 3025 με
2405 2955 2680 3026 δύναμιν,
2714 2957 2946 3012 ἐνταῦθα
2973 2957 3068 3012 καὶ
3101 2957 3190 3011 τοῦ
3220 2957 3379 3029 ἔργου
3408 2957 3468 3011 τὸ
3497 2958 3700 3012 ἀποτέ-

2117 3043 2291 3116 λεσμα
2317 3044 2556 3099 διδάσκει
2584 3046 2754 3116 λέγων
2774 3064 2787 3076 ·
2817 3049 2925 3101 Καὶ
2959 3046 3312 3117 περιέζωσάς
3335 3065 3411 3117 με
3441 3046 3704 3114 δύναμιν

2113 3137 2200 3201 εἰς
2227 3136 2518 3207 πόλεμον·
2567 3140 2664 3192 καὶ
2709 3139 2850 3206 τοὺς
2875 3139 3127 3210 ἐχθρούς
3165 3159 3284 3210 μου
3322 3139 3550 3206 ἔδωκάς
3589 3157 3698 3212 μοι

2112 3224 2330 3279 νῶτον
2362 3227 2412 3279 οἱ
2440 3229 2510 3281 ἐκ
2538 3230 2826 3299 μετανοίας
2847 3230 2972 3304 ἄρτι
3007 3231 3106 3302 τῆς
3140 3230 3335 3304 ἔχθρας
3359 3233 3698 3288 ἀπαλλαττό-

2116 3334 2287 3389 μενοι,
2313 3319 2402 3372 διὰ
2433 3319 2492 3372 τὸ
2528 3321 2752 3392 μηδέπω
2771 3323 2869 3393 τὴν
2889 3323 2976 3375 ἐπ’
2996 3324 3164 3395 ἀρετῇ
3191 3324 3503 3397 παρρησίαν
3525 3325 3694 3397 ἐχειν,

2112 3406 2320 3460 τεθεῖεν
2356 3407 2448 3461 τοῦ
2485 3409 2658 3481 Ἰησοῦ
2687 3409 2854 3473 νῶτος
2882 3411 2986 3465 ὑπὸ
3007 3411 3102 3466 τοῦ
3131 3413 3376 3485 Πατρός·
3411 3414 3552 3468 οὕτω
3584 3415 3698 3487 γὰρ

2113 3499 2206 3554 καὶ
2248 3499 2607 3571 ἀκολουθῆσαι
2639 3501 2787 3573 αὑτῴ
2830 3502 3005 3556 ὀπίσω
3041 3504 3321 3576 γενόμενοι
3355 3504 3691 3576 δυνήσονται.

2113 3591 2264 3661 Τάχα
2293 3590 2350 3645 δέ
2384 3592 2478 3645 καὶ
2503 3593 2662 3647 τοῦτο
2693 3593 2883 3668 ῥηθείη
2904 3612 2917 3625 ·
2965 3595 3023 3648 '0
3052 3597 3357 3662 σπουδαῖος,
3379 3598 3696 3670 παρρησίαν

2111 3683 2244 3754 πρὸς
2271 3684 2360 3737 τὸν
2395 3684 2526 3738 Θεὸν
2560 3686 2912 3758 κεκτημένος,
2941 3686 3169 3741 ἐνώπιον
3194 3689 3401 3761 Κυρίου
3432 3690 3697 3763 παρίστα-

2108 3790 2229 3827 ται’
2257 3777 2284 3828 ὸ
2326 3775 2382 3828 δέ
2429 3775 2650 3844 φαῦλος,
2679 3778 2852 3831 ὀπίσω
2881 3778 3276 3850 ἐκϐαλλόμενος
3320 3779 3409 3834 διὰ
3435 3780 3532 3852 τὴν
3558 3781 3696 3836 ἰδίαν

2109 3868 2330 3933 κακίαν,
2357 3867 2525 3932 νῶτος
2552 3869 2840 3942 τεθήσεται
2866 3871 2960 3925 τοῦ
2983 3872 3210 3944 Κυρίου.
3248 3874 3399 3928 Ἐπεὶ
3432 3877 3540 3948 γὰρ
3561 3874 3694 3950 πρό-

2109 3973 2165 4009 τε
2176 3974 2255 4029 ροι
2286 3959 2438 4013 αὐτοὶ
2458 3961 2507 4012 οἱ
2533 3960 2726 4030 φαῦλοι
2753 3961 3020 4034 ἔστρεψαν
3051 3960 3187 4035 πρὸς
3221 3964 3382 4019 αὐτὸν
3406 3967 3571 4032 νῶτα,
3598 3967 3692 4023 καῖ

2110 4051 2228 4120 οὐχὶ
2261 4051 2524 4120 πρόσωπα
2548 4052 2747 4116 αὐτῶν,
2772 4054 2864 4107 καί
2880 4054 3062 4119 αὐτὸς,
3081 4055 3452 4130 ἀποστραφεὶς
3473 4060 3694 4127 αὐτοὺς,

2110 4142 2276 4206 νῶτος
2310 4143 2507 4206 αὐτοὺς
2551 4143 2640 4216 (1)
2694 4143 2824 4211 ἐξει.
2865 4145 2930 4198 Et
2956 4143 3013 4197 δὲ
3042 4146 3135 4200 καὶ
3159 4149 3264 4212 πᾶς
3285 4148 3492 4215 δίκαιος
3518 4151 3693 4207 ταῦτα

2109 4233 2280 4303 λέγοι,
2318 4236 2482 4306 ἐρεῖς,
2520 4236 2600 4290 ὅτι
2646 4239 2700 4290 αί
2760 4236 3033 4308 μοχθηραὶ
3075 4238 3355 4312 δυνάμεις,
3407 4245 3486 4308 εἰς
3518 4244 3687 4315 πρόσ-

2108 4342 2255 4377 ωπον
2273 4325 2583 4396 ἐρχόμεναι,
2621 4327 2912 4398 βλάπτουσι
2944 4330 3069 4394 τοὺς
3099 4331 3452 4403 ὁρῶνταςεδιὰ
3491 4335 3690 4401 παντὸς

443 4419 772 4476 formitatem
803 4418 1017 4481 latdere,
1049 4420 1134 4473 sin
1183 4434 1213 4473 a
1241 4429 1393 4492 tergo
1442 4421 1834 4492 projiciantur,
1866 4419 2002 4474 nihil

2119 4416 2256 4481 Ξντες
2299 4417 2554 4489 είδεχθεϊς
2574 4437 2587 4450 ·
2618 4423 2699 4485 είς
2731 4420 2899 4475 νῶτον
2946 4422 3004 4475 δὲ
3049 4424 3316 4494 ῥιφέντες,
3349 4427 3498 4482 οὐδὲν
3531 4429 3688 4502 δυνή-

443 4517 673 4582 possunt
697 4508 827 4562 mali
857 4507 1122 4564 adversus
1171 4509 1294 4564 illos
1341 4510 1666 4574 machinari,
1709 4509 2011 4566 secundum

442 4601 575 4657 Illud
619 4619 633 4656 :
680 4599 856 4670 Supra
913 4600 1129 4655 dorsum
1180 4618 1348 4655 meum
1405 4601 1797 4669 fabricaverunt
1829 4618 2014 4672 pecca-

443 4705 577 4749 tores
607 4696 673 4746 ⁷⁸.

511 4784 678 4843 Vens.
741 4787 941 4843 47-49.
1009 4787 1143 4842 Vivit
1235 4786 1516 4849 Dominus,
1591 4794 1641 4840 et

448 4873 584 4934 Deus
615 4895 780 4944 meus,
831 4890 881 4934 et
929 4879 1193 4934 exaltetur
1241 4878 1381 4933 Deus
1434 4873 1623 4931 salutis
1670 4890 1816 4929 mete.
1864 4874 2004 4930 Deus

444 4971 531 5042 qui
571 4968 670 5026 das
708 4972 966 5026 rindictas
1009 4971 1161 5036 mihi,
1193 4981 1242 5026 et
1281 4968 1462 5025 subdis
1509 4978 1729 5037 poputos
1773 4967 1868 5021 sub
1899 4983 2001 5032 me,

444 5061 698 5116 liberator
730 5078 874 5116 meus
909 5063 972 5117 de
1002 5061 1226 5116 inimicis
1257 5060 1384 5114 meis
1416 5058 1708 5120 iracundis.
1743 5057 2006 5125 Quamvis

445 5152 592 5207 enim
652 5167 774 5209 sese
815 5152 1187 5208 humiliaverit
1236 5167 1360 5207 cum
1409 5150 1692 5208 inclinavit
1743 5151 1914 5205 ccelos
1951 5159 2006 5206 et

445 5245 756 5314 descendit;
791 5255 846 5300 at
883 5247 1132 5303 excelsus
1161 5254 1342 5301 tamen
1373 5254 1456 5299 est
1489 5243 1788 5298 secundum
1833 5243 2005 5299 illud:

447 5337 588 5395 Deus
633 5338 888 5393 exultavit
935 5339 1111 5403 illum,
1141 5346 1190 5394 et
1231 5336 1372 5392 dedit
1413 5335 1498 5390 illi
1539 5352 1722 5390 nomen
1751 5335 1886 5406 quod
1930 5346 2010 5390 est

446 5445 601 5502 super
638 5447 788 5486 omne
823 5447 1008 5485 nomen
1022 5431 1092 5487 ".
1152 5429 1292 5484 Deus
1324 5428 1413 5500 qui
1446 5426 1543 5482 das
1589 5427 1848 5483 vindictas
1879 5428 2008 5482 mihi

444 5530 497 5578 et
534 5521 721 5579 subdis
749 5524 969 5594 populos
1009 5521 1107 5578 sub
1144 5538 1247 5587 me,
1286 5519 1538 5576 liberator
1566 5537 1711 5576 meus
1739 5521 1803 5576 de
1834 5520 2013 5575 inimi-

1717 4784 2013 4841 benedictus

2114 4526 2294 4563 σονται
2324 4511 2417 4562 ἐπὶ
2457 4511 2646 4566 τούτου
2679 4514 3075 4578 τεκταίνεσθαι,
3115 4515 3255 4569 κατὰ
3285 4518 3374 4572 τόο
3417 4520 3543 4574 Ἐπί
3579 4519 3688 4576 τοῦ

2110 4599 2300 4653 νώτου
2320 4616 2437 4670 μου
2469 4599 2813 4656 ἐτέκταινον
2839 4604 2894 4656 οἱ
2933 4602 3289 4672 ἁμαρτωλοί.

2185 4781 2271 4854 Ζῇ
2326 4786 2558 4854 Κύριος,
2612 4785 2708 4838 καὶ
2760 4783 3086 4855 εὐλογητὸς
3137 4787 3169 4839 ό
3217 4786 3361 4851 Θεός
3397 4803 3536 4855 μου,
3589 4787 3686 4840 καί

2113 4874 2405 4946 ὑψωθήτω
2441 4879 2473 4929 ό
2519 4875 2660 4943 Θεὸς
2711 4875 2822 4944 τῆς
2870 4873 3167 4942 σωτηρίας
3200 4892 3339 4944 μου.
3388 4876 3449 4929 '0
3483 4875 3624 4941 Θεὸς
3653 4879 3685 4931 d

2113 4968 2316 5035 διδοὺς
2339 4968 2681 5036 ἐκδικήσεις
2721 4967 2870 5038 ἐμοὶ,
2913 4967 3012 5022 καὶ
3037 4968 3344 5036 ὑποτάξας
3374 4969 3561 5035 λαοὺς
3584 4969 3688 5024 ὑπ’

2111 5060 2236 5130 ἐμὲ,
2274 5064 2307 5116 ὀ
2329 5062 2563 5130 ρύστης
2603 5078 2722 5130 μου
2769 5059 2838 5123 ἐξ
2884 5059 3112 5129 ἐχθρῶν
3163 5061 3436 5130 ὀργίλων.
3467 5061 3528 5114 Et
3577 5060 3689 5134 γὰρ

2110 5156 2203 5208 καὶ
2249 5153 2610 5207 ἐταπείνωσεν
2644 5152 2855 5216 ἑαυτὸν,
2897 5152 3082 5216 κλίνας
3119 5152 3381 5225 οὐρανοὺς
3409 5153 3499 5205 καὶ
3517 5169 3685 5205 κατα-

2109 5245 2227 5309 ϐὰς,
2263 5239 2374 5299 ἀλλ’
2403 5245 2604 5316 ὑψηλός
2623 5246 2758 5308 ἐστι,
2785 5244 2927 5298 κατὰ
2952 5244 3032 5298 τό·
3051 5246 3104 5297 '0
3130 5245 3273 5312 Θεὸς
3305 5243 3491 5298 αὑτὸν
3511 5247 3686 5314 ὑπερ,

2117 5339 2366 5408 ύψωσεν
2417 5337 2512 5392 καὶ
2542 5336 2862 5406 ἐχαρίσατο
2893 5335 3051 5402 αὐτῷ
3083 5337 3268 5406 ὄνομα
3297 5336 3362 5391 τὸ
3393 5335 3543 5406 ὑπὲρ
3564 5333 3688 5392 πᾶν

2113 5429 2320 5500 ὄνομα.
2359 5431 2419 5483 '0
2476 5429 2619 5494 Θεὸς
2671 5430 2704 5483 ό
2756 5427 2958 5496 διδοὺς
2996 5428 3336 5499 ἐκδικήσεις
3385 5430 3536 5500 ἐμοὶ,
3585 5427 3684 5484 καί

2115 5521 2478 5576 ὑποτάσσων
2506 5521 2694 5588 λαοὺς
2724 5521 2827 5580 ὑπ’
2851 5520 2973 5592 ἐμὲ,
3022 5523 3056 5576 ό
3080 5522 3312 5591 ρύστης
3349 5539 3471 5594 μου
3492 5519 3565 5590 ἐξ
3585 5519 3690 5596 ὲκ..

449 5659 526 5712 .’⁶
558 5663 705 5720 Psal.
739 5681 869 5730 xxx.
937 5663 994 5722 θ.
1067 5663 1112 5696 τ’
1135 5662 1266 5719 Luc.
1310 5679 1364 5730 ι,
1397 5662 1484 5718 19.
1562 5661 1605 5693 ⁷³
1628 5659 1772 5719 Psal.
1809 5676 2013 5718 cxxvm

2193 5663 2237 5694 "
2260 5661 2492 5733 Philipp.
2541 5673 2604 5726 ιι,
2637 5660 2692 5715 9.

517 5781 568 5854 (1
577 5799 595 5854 ι
617 5777 1226 5851 Νῶτος...ἓξεισιῖοηε
1252 5779 1540 5852 legendum
1565 5779 1730 5836 νῶτον
1763 5795 1859 5851 pro
1891 5778 2079 5844 νῶτος.
2123 5779 2280 5839 Enn.
