3994 6448
311 385 414 442 £85

1448 376 1950 438 COMMENTARIA
1979 376 2049 436 IN
2086 375 2428 435 PSALMOS.

3461 380 3561 440 188

302 499 464 571 θρῶν
481 518 604 571 μου
649 502 921 572 ὀργίλων,
964 499 1084 558 ἀπὸ
1116 501 1232 558 τῶν
1263 501 1754 573 ἐπανισταμένων
1795 502 1864 556 ἐπ

1988 498 2064 553 eis
2093 498 2221 553 meis
2252 493 2544 552 iracundis.
2578 494 2656 549 Ab
2684 494 3074 568 insurgentibus
3112 498 3165 552 in
3188 512 3268 551 me
3294 497 3558 556 exultabis

301 588 410 660 ἐμὲ
437 590 706 660 ὐψώσεις
723 610 820 662 με,
847 593 944 648 καὶ
970 593 1087 648 ἀπὸ
1113 592 1332 661 ἀνδρὸς
1351 591 1562 648 ἀδίκου
1578 592 1768 661 ,ῥῦσαί
1791 608 1890 662 με.

1993 603 2107 646 me:
2138 607 2170 644 a
2197 589 2308 644 viro
2342 589 2522 660 iniquo
2551 587 2692 656 eripe
2720 605 2821 644 me.
2872 588 3260 660 lnobsequenti
3291 604 3355 645 ac
3390 605 3558 662 repu-

305 681 396 752 Τῴ
428 683 527 752 μὲν
554 682 662 755 γάρ
696 684 1006 739 ἀπειθοῦντι
1043 684 1156 756 λαῷ
1186 685 1279 738 καὶ
1311 685 1641 754 άντιλέγοντι
1675 684 1864 751 ἐπάξει

1992 680 2183 752 gnanti
2217 681 2440 752 populo,
2469 679 2764 734 vindictam
2798 679 3134 736 inferendam
3165 696 3290 736 esse
3315 682 3558 738 dicitur:

303 774 402 838 τὰς
424 776 731 848 ἐκδικήσεις
759 781 853 833 καὶ
879 780 978 844 τὰς
1007 781 1274 853 τιμωρίας
1303 780 1534 852 εἴρηταιο
1561 781 1595 852 ἢ
1625 780 1768 834 κατὰ
1799 781 1890 834 τὸν

255 857 258 862 ’
303 865 623 938 Σύμμαχον,
665 870 719 923 '0
765 870 911 938 Θεὸς
943 875 976 926 o'
1023 871 1353 942 παρασχὼν
1401 873 1677 942 τιμωρίας
1722 872 1884 942 ἐμοί’

301 961 381 1030 τῷ
411 959 456 1012 δ’
492 961 663 1033 ἑτέρῳ
681 961 918 1034 τάγματι
945 966 1074 1036 περὶ⁸
1100 956 1161 1018 οὗ
1202 965 1457 1032 ἀνωτέρω
1489 965 1734 1038 εἴρηται⁹
1769 968 1887 1019 Κα-

301 1052 632 1120 ταστήσεις
677 1071 754 1124 με
782 1058 870 1122 εἰς
910 1055 1184 1125 κεφαλὴν
1219 1055 1428 1112 ἐθνῶν.
1476 1057 1634 1123 nam;
1659 1057 1731 1111 ὃν
1775 1059 1887 1112 οὐκ

301 1144 501 1214 ἔγνων
525 1145 853 1202 ἐδούλευσέ
871 1166 972 1218 μοι
989 1165 1002 1178 ο
1035 1149 1211 1218 τούτῳ
1243 1151 1339 1220 τὴν
1373 1149 1649 1220 ὑποταγὴν
1677 1149 1773 1220 τὴν
1794 1149 1885 1202 ὑπ’

299 1237 469 1291 αὐτὸν
502 1237 803 1310 χαρίζεται.
839 1239 928 1293 Διὸ
969 1239 1209 1308 ἐπιλέγει
1243 1239 1380 1293 κατὰ
1420 1239 1511 1294 τὸν
1557 1239 1880 1310 Σύμμαχον·

301 1328 420 1382 Kal
447 1329 814 1384 ὐποτάσσων
841 1332 1031 1400 λαοὺς
1051 1332 1144 1386 ἐπ’
1171 1332 1294 1401 ἐμέ.
1326 1325 1491 1396 Οὗτος
1530 1334 1630 1387 καί
1650 1335 1885 1403 ρύστης

296 1437 441 1490 μου,
471 1421 620 1493 φησὶ,
655 1423 878 1492 γέγονεν
897 1423 966 1489 ἐξ
992 1423 1219 1492 ἐχθρῶν
1236 1442 1354 1493 μου
1385 1426 1658 1495 ὀργίλων,
1681 1427 1777 1480 καὶ
1813 1426 1883 1480 ἐκ

301 1508 427 1564 τῶν
453 1510 940 1582 ἐπανισταμένων
958 1513 1051 1568 ἐπ’
1076 1513 1180 1582 ἐμὲ
1199 1512 1523 1584 ὕψωσέ-με,
1558 1517 1591 1569 ό
1619 1514 1672 1568 δ’
1701 1515 1885 1582 αὐτὸς

299 1603 403 1658 καί
425 1604 544 1658 ἀπὸ
569 1603 786 1672 ἀνδρὸς
811 1603 1022 1660 ἀδίκου
1048 1603 1344 1673 ἑρῤύσατό
1365 1621 1464 1673 με.
1491 1607 1567 1658 Δι’
1592 1599 1666 1659 ὧν
1697 1605 1883 1676 σαφῶς

304 1697 632 1768 παρίστησιν
673 1695 901 1768 ἐχθρούς
930 1714 1080 1760 τινας
1110 1697 1273 1751 αὐτοῦ
1323 1700 1416 1752 καὶ
1447 1698 1841 1770 ἀνθεστηκότας
1863 1714 1877 1730 °

301 1787 396 1841 καὶ
429 1787 578 1859 παρά
599 1787 818 1851 τούτους
847 1787 1033 1859 ἕτερόν
1054 1806 1174 1843 τινα.
1204 1789 1391 1861 ἄνδρα,
1431 1789 1626 1860 μεστὸν
1653 1790 1730 1854 ὡς
1752 1790 1882 1863 άλη-

1991 779 2106 835 aut,
2139 770 2440 826 secundum
2477 767 2888 840 Symmachum,
2924 769 3087 835 Deus,
3118 772 3210 842 qui
3247 772 3445 840 prwbes
3476 773 3562 825 ul-

1992 863 2158 916 tiones
2193 861 2358 925 mihi;
2398 861 2540 916 alius
2569 876 2698 916 vero
2746 870 2831 918 est
2880 860 3015 916 ordo
3047 878 3327 933 genusque
3377 863 3556 917 homi-

1988 968 2142 1017 num,
2178 953 2246 1008 de
2277 967 2386 1022 quo
2416 951 2669 1022 superius
2701 953 2868 1015 (vers.
2904 952 2996 1016 44,
3031 953 3121 1024 45)
3155 954 3388 1019 dictum,
3429 971 3558 1009 con-

1987 1045 2175 1098 stitues
2227 1059 2309 1098 me
2367 1043 2423 1096 in
2472 1051 2629 1110 caput
2669 1043 2921 1112 gentium.
2978 1042 3216 1113 Populus
3255 1061 3405 1115 quem
3451 1061 3557 1100 non

1985 1130 2201 1198 cognovi
2233 1129 2442 1183 servivit
2469 1128 2633 1192 mihi;
2665 1127 2832 1194 hunc,
2883 1128 3128 1200 inquam,
3166 1131 3556 1202 obsequentem

1985 1221 2034 1276 ei
2079 1221 2387 1276 constituit.
2423 1219 2606 1286 Quare
2651 1219 2954 1274 secundum
3008 1217 3395 1292 Symmachum
3427 1223 3556 1277 sub-

1985 1310 2087 1377 dit,
2131 1321 2180 1366 et
2223 1311 2506 1381 subjiciens
2553 1309 2773 1380 populos
2805 1325 2959 1378 super
2988 1327 3087 1367 me.
3123 1311 3218 1366 llic
3253 1313 3382 1368 item
3427 1314 3552 1379 fuit,

1985 1402 2244 1458 liberator
2267 1421 2412 1458 meus
2438 1417 2502 1456 ea:
2541 1402 2770 1456 inimicis
2813 1403 2942 1456 meis
2972 1403 3263 1469 iracundis,
3291 1415 3342 1458 et
3374 1405 3438 1458 ab
3469 1406 3554 1460 in-

1984 1492 2320 1564 surgentibus
2363 1495 2419 1546 in
2463 1507 2544 1545 rue
2591 1492 2848 1546 exultavit
2879 1508 2979 1556 me,
3019 1510 3051 1546 a
3087 1494 3196 1546 viro
3235 1495 3414 1565 iniquo
3445 1497 3553 1551 eri-

1981 1585 2094 1653 puit
2143 1601 2245 1640 me.
2304 1581 2516 1650 Quibus
2565 1582 2742 1654 palam
2799 1582 3026 1648 indicat,
3059 1583 3312 1640 inimicos
3355 1586 3458 1641 sibi
3498 1596 3552 1643 et

1983 1676 2328 1734 adversarios
2356 1692 2515 1733 esse:
2569 1693 2633 1732 ac
2684 1684 2882 1747 praeter
2913 1691 3007 1732 eos
3051 1677 3215 1731 alium
3255 1679 3549 1748 quemdam

1981 1771 2159 1824 virum
2193 1771 2341 1825 omni
2382 1786 2612 1842 prorsus
2655 1771 2944 1841 iniquitate
2975 1771 3215 1842 plenum.
3256 1771 3352 1826 His
3385 1788 3550 1844 porro
3593 1815 3596 1820 .

306 1879 417 1941 θῶς
466 1881 645 1950 πάσης
677 1881 911 1946 ἀδικίας.
947 1882 1208 1954 Σημαίνει
1239 1860 1354 1936 δὲό
1383 1882 1538 1951 λόγος
1563 1883 1650 1936 διὰ
1679 1860 1864 1937 τούτωπ

1986 1860 2305 1932 prOphetico
2331 1876 2482 1916 more
2525 1861 2840 1928 indicantur
2872 1861 3147 1931 principes
3195 1860 3406 1916 Judaici
3454 1878 3552 1933 po-

299 1973 653 2043 προφητικῶς
679 1974 804 2036 τοὺς
831 1974 1094 2044 ἄρχοντας
1129 1974 1223 2028 τοῦ
1269 1974 1536 2028 Ἰουδαίων
1574 1975 1757 2040 ἔθνους
1785 1976 1879 2029 καὶ

297 2063 387 2118 τὸν
433 2065 697 2138 προδότην
745 2067 963 2131 Ἰούδαν,
1012 2068 1208 2131 παντὸς
1253 2067 1438 2122 ἀδίκου
1473 2068 1688 2139 χείρονα
1729 2069 1879 2137 γενό-

297 2173 480 2227 μενον,
510 2159 592 2211 δτι
623 2158 708 2230 δὴ,
733 2159 988 2213 τοιούτων
1020 2159 1268 2227 ἀξιωθεὶς
1301 2159 1451 2231 παρὰ
1478 2159 1568 2213 τού
1601 2161 1874 2233 Σωτῆρος,

291 2251 404 2313 τοῖς
437 2251 697 2314 ἐναντίοις
729 2250 890 2304 αὐτὸν
922 2252 1206 2322 ἠμείψατο.

366 2341 471 2396 Διὰ
495 2341 668 2396 τοῦτο
708 2341 1230 2413 ἐξομολογησομαί
1258 2357 1358 2398 σοι
1387 2343 1457 2397 ἐν
1480 2343 1683 2398 ἔθνεσι
1717 2384 1732 2410 ,
1762 2344 1876 2399 Κύ-

282 2451 404 2502 ριε,
439 2434 536 2488 καὶ
581 2432 664 2500 τῷ
693 2435 939 2504 ὀνόματί
983 2449 1100 2489 σου
1142 2434 1336 2504 ψαλῶ.
1380 2437 1748 2505 Μεγαλύνων
1767 2437 1874 2504 τὰς

288 2525 591 2607 σωτηρίας
637 2522 744 2578 τοῦ
774 2523 1081 2591 ,βασιλέως
1109 2524 1316 2586 αὐτοῦ,
1351 2524 1449 2578 καὶ
1482 2523 1668 2578 ποιῶν
1702 2525 1874 2590 ἕλεος

287 2616 374 2683 τῷ
402 2615 625 2686 χριστῷ
659 2617 846 2672 αὐτοῦ
868 2616 1066 2678 Δαυῒδ,
1104 2616 1203 2670 καὶ
1229 2615 1308 2682 τῷ
1336 2613 1628 2685 σπέρματι
1662 2616 1868 2680 αὐτοῦ,

287 2710 402 2776 ἕως
425 2710 656 2776 αἰῶνος.
700 2710 823 2764 Ἐπὶ
853 2709 914 2763 τὸ
937 2710 1122 2782 ἕτερον
1159 2709 1491 2780 μεταϐαίνει,
1525 2708 1601 2772 ὼς
1635 2708 1700 2762 ἂν
1727 2708 1868 2763 εἴποι

285 2818 376 2866 τις
399 2802 460 2856 τὸ
485 2802 654 2870 δεξιὸν
681 2803 888 2872 τάγμα,
929 2803 1022 2857 καὶ
1051 2803 1196 2857 ἐστιν
1229 2801 1410 2875 ἔργοις
1447 2803 1628 2866 αὐτοῖς
1660 2803 1752 2856 καὶ
1775 2803 1869 2872 όφ-

289 2894 515 2966 θαλμοῖς
566 2895 936 2966 παραλαὸεἰνο
969 2895 1156 2968 ὥσπερ
1199 2897 1228 2950 ό
1271 2893 1431 2948 Δαυῒδ
1467 2893 1604 2965 μετὰ
1629 2893 1726 2965 τὴν
1774 2893 1866 2948 τοῦ

287 2985 712 3060 Σωτῆροςὴμῶν
746 2988 1067 3061 παρουσίαν,
1103 2988 1293 3059 ὥσπερ
1325 2987 1490 3040 είσέτι
1521 2987 1615 3039 καὶ⁵
1643 2986 1738 3040 νῦν
1761 2985 1867 3052 ζῶν

287 3079 382 3132 καὶ
413 3081 510 3133 σὺν
561 3081 867 3152 ἀνθρώποις
901 3080 1333 3152 πολιτευόμενος,
1383 3080 1472 3134 διὰ
1520 3080 1627 3135 τῶν
1672 3080 1864 3135 ἑαυτοῦ

287 3173 512 3246 γραφῶν
544 3173 696 3244 ᾠδῶν
727 3191 786 3228 τε
815 3175 909 3228 καὶ
938 3173 1120 3245 ὓμνων
1152 3175 1210 3226 ὲν
1239 3174 1371 3226 πᾶσι
1397 3176 1506 3237 τοῖς
1537 3173 1710 3226 ἔθνεσι
1729 3173 1866 3243 ψάλ-

285 3263 367 3318 λει
400 3265 477 3336 τῷ
505 3265 624 3335 Θεῷ
646 3266 752 3319 τῶν
789 3265 954 3319 ὅλωνο
987 3267 1080 3320 καὶ
1111 3268 1140 3320 ό
1167 3266 1231 3318 ἐκ
1262 3265 1572 3337 σπέρματος
1609 3263 1674 3317 δι’
1699 3265 1864 3319 αὑτοῦ

287 3356 543 3425 γεγονὼς,
592 3351 654 3411 οὗ
702 3359 780 3422 είς
826 3358 1114 3430 πρόσωπον
1149 3357 1478 3429 ἀναφέρεται
1529 3355 1598 3410 τὰ
1643 3357 1865 3429 προκεί-

289 3464 446 3520 μενά,
479 3450 680 3519 ὁμοίως
723 3452 984 3522 κρείττων
1016 3451 1300 3520 γενόμενος
1341 3449 1449 3503 τῶν
1488 3448 1864 3503 ἐπιϐεϐουλευ-

285 3539 459 3594 κότων
481 3540 650 3611 αὐτῷ,
676 3540 819 3596 εἴποι
843 3542 908 3596 ἄν
927 3558 940 3572 ·
967 3542 1074 3596 Kal
1101 3540 1219 3596 ἀπὸ
1237 3540 1356 3595 τῶν
1374 3541 1865 3611 ἐπανισταμένων

281 3630 375 3683 ἐπ’
409 3631 514 3700 ἐμὲ
537 3629 803 3699 ὐψώσεις
834 3649 930 3702 με.
949 3631 1220 3696 Ἐκείνους
1256 3633 1352 3703 μὲν
1380 3627 1472 3686 οὖν
1507 3631 1822 3686 καταλείπει
1844 3648 1858 3663 ο

287 3724 381 3794 τὴν
411 3723 466 3777 δὲ
490 3723 646 3795 χάριν
671 3725 770 3796 τὴν
800 3723 858 3790 ἐξ
878 3725 1041 3778 αὐτοῦ
1071 3725 1166 3779 καὶ
1197 3725 1296 3797 τὴν
1318 3723 1574 3796 ἀλήθειαν
1600 3725 1730 3779 πᾶσι
1751 3728 1863 3790 τοῖς

281 3813 489 3868 ἔθνεσιν
524 3815 873 3886 μεταδίδωσιν
896 3833 909 3847 ·
935 3816 1101 3880 εἰσέτι
1125 3833 1185 3868 τε
1213 3816 1306 3868 καὶ
1327 3814 1422 3868 νῦν
1455 3815 1728 3886 πανταχοῦ
1759 3817 1861 3887 γῆς

281 3904 443 3968 αὐτὸς
476 3903 687 3976 παρὼν,
721 3906 814 3958 καὶ
870 3905 1031 3976 μέσος
1081 3905 1189 3958 τῶν
1223 3906 1302 3967 εἰς
1359 3903 1520 3958 αὑτὸν
1555 3903 1859 3972 ἡλπικότων

279 3993 472 4058 ἑστὼς,
505 3995 582 4066 τῷ
611 3995 785 4067 Πατρὶ
810 3995 896 4049 διά
929 3995 1028 4066 τῆς
1061 3994 1252 4048 ἑαυτοῦ
1299 3994 1622 4066 Ἐκκλησίας
1671 3993 1860 4066 ἐξομο-

279 4085 546 4153 λογεῖται·
574 4086 653 4140 διό
679 4103 810 4158 φησι
830 4103 843 4117 ·
881 4085 986 4139 Διὰ
1011 4085 1186 4140 τοῦτο
1217 4084 1732 4156 ἐξομολογησομαί
1760 4099 1859 4140 σοι

277 4177 350 4232 ἐν
370 4177 591 4242 ἔθνεσι,
617 4179 810 4246 Κύριε,
837 4177 937 4232 καὶ
968 4176 1047 4244 τῷ
1074 4178 1319 4247 ὀνόματί
1345 4193 1460 4232 σου
1480 4176 1675 4246 ψαλῶ.

435 4289 544 4342 ΕΙΣ
577 4291 663 4342 T0
695 4290 1239 4356 ΤΕΑΟΣ,ΨΑΛΜΟΣ
1269 4289 1354 4342 ΤΩ
1381 4289 1584 4342 ΔΑΥΙΔ
1618 4289 1724 4344 IH'.

348 4402 457 4454 Καὶ
487 4403 516 4454 ό
543 4400 732 4474 παρὼν
759 4401 970 4472 ψαλμδς
1010 4401 1118 4453 τῶν
1147 4403 1226 4464 είς
1259 4401 1460 4469 ἀγαθὸν
1494 4399 1645 4462 τέλος
1678 4415 1853 4470 παρα-

277 4496 602 4565 πεμπόντων
635 4496 890 4566 τυγχάνει
913 4512 925 4526 ·
958 4494 1092 4548 ἀλλά
1124 4497 1218 4549 καὶ
1245 4494 1698 4564 εὐχαριστήριος
1718 4495 1851 4547 ἀνα-

1980 1951 2118 2022 puli,
2151 1966 2214 2004 ac
2247 1947 2418 2006 ludas
2459 1951 2726 2021 proditor,
2765 1953 2960 2022 quovis
2985 1953 3174 2023 iniquo
3210 1954 3428 2010 homine
3463 1954 3553 2009 de-

1979 2043 2167 2106 terior,
2199 2043 2289 2114 qui
2319 2051 2396 2098 tot
2430 2044 2706 2100 beneficiis
2739 2060 2769 2099 a
2817 2044 3102 2099 Salvatore
3131 2055 3381 2114 ornatus,
3415 2063 3552 2103 cou-

1979 2133 2206 2188 trariam
2241 2135 2674 2208 seclcratamque
2701 2135 2873 2190 vicem
2899 2136 3102 2190 retulit.

2051 2325 2215 2384 Vens.
2235 2328 2323 2392 50,
2358 2329 2444 2384 51.
2475 2329 2763 2401 Propterea
2791 2331 3076 2402 conﬁtebor
3104 2333 3197 2386 tibi
3227 2334 3280 2387 in
3313 2335 3542 2391 nationi-

1977 2417 2096 2482 bus,
2134 2419 2376 2483 deine,
2415 2431 2464 2475 et
2487 2424 2689 2476 nomini
2730 2432 2819 2476 tuo
2862 2423 3128 2491 psalmum
3177 2425 3374 2479 dicam.
3423 2426 3547 2481 Ma-

1972 2511 2235 2580 gniﬁcam
2289 2512 2488 2568 salutes
2551 2516 2686 2582 regis
2737 2514 2876 2583 ejus,
2911 2525 2962 2568 et
2991 2515 3192 2584 faciens
3245 2517 3545 2573 misericor-

1973 2602 2117 2654 diam
2169 2603 2365 2657 cltristo
2399 2621 2494 2658 suo
2539 2604 2733 2670 David,
2777 2615 2827 2658 et
2877 2606 3065 2660 semini
3113 2607 3228 2676 ejus
3275 2624 3439 2678 usque
3489 2611 3546 2664 in

1971 2687 2246 2742 saxulum.
2300 2688 2382 2743 Ad
2417 2691 2674 2754 alterum,
2717 2698 2790 2754 et,
2829 2702 2888 2746 ut
2932 2693 3007 2746 ita
3048 2691 3249 2756 dicam,
3284 2693 3542 2751 dextrum

1971 2779 2218 2834 ordinem
2265 2797 2571 2837 sermonem
2605 2783 2888 2850 transfert,
2942 2794 2998 2838 ut
3058 2785 3142 2838 vel
3205 2785 3337 2855 ipsis
3375 2786 3542 2843 rebus

1969 2879 2132 2940 atque
2186 2873 2361 2928 oculis
2411 2875 2844 2930 animadvertere
2897 2884 3000 2930 est.
3061 2875 3532 2942 Quemadmodum

1972 2959 2140 3016 David
2185 2973 2305 3033 post
2342 2962 2643 3021 Salvatoris
2694 2967 2870 3021 nostri
2912 2969 3232 3033 adventum,
3267 2969 3542 3029 hactenus

1967 3056 2123 3126 quasi
2163 3057 2218 3110 in
2264 3059 2399 3112 vivis
2437 3066 2581 3113 esset
2615 3073 2679 3112 ac
2709 3074 2832 3112 cum
2860 3059 3173 3115 hominibus
3204 3071 3538 3127 versaretur,

1966 3150 2180 3204 censeri
2210 3157 2408 3218 potest,
2431 3165 2492 3203 ac
2522 3167 2619 3220 per
2649 3138 2852 3221 scripta
2886 3168 3005 3216 sua,
3039 3154 3273 3217 cantica,
3307 3154 3538 3225 hymnos

1966 3240 2023 3297 in
2085 3241 2344 3295 omnibus
2389 3243 2644 3312 gentibus
2707 3243 2892 3312 psallit
2947 3244 3327 3299 universorum
3384 3244 3536 3314 Deo;

1966 3331 2041 3385 ita
2073 3331 2122 3387 is
2148 3331 2242 3402 qui
2267 3349 2335 3387 ex
2364 3334 2573 3389 semine
2601 3335 2722 3403 ejus
2752 3334 2930 3390 iactus
2971 3347 3075 3400 est,
3121 3335 3189 3390 ad
3218 3337 3379 3406 cujus
3407 3353 3535 3408 per-

1963 3438 2155 3478 sonam
2181 3439 2243 3479 ea
2271 3440 2391 3494 qua:
2413 3425 2525 3495 jam
2556 3434 2854 3482 tractamus
2879 3427 3023 3481 dicta
3043 3428 3376 3494 referuntur,
3406 3445 3534 3487 cum

1962 3516 2076 3587 pari
2113 3517 2321 3572 ratione
2351 3517 2672 3573 insidiantes
2705 3518 2808 3574 sibi
2836 3522 3334 3591 superaverit,jure
3363 3523 3533 3591 dicat,

1960 3617 2010 3662 et
2041 3607 2106 3662 ab
2134 3609 2521 3680 insurgentibus
2553 3611 2605 3663 in
2633 3627 2713 3665 me
2747 3611 3011 3666 exultabis
3045 3629 3142 3666 me.
3182 3615 3307 3669 lllos
3350 3615 3535 3686 itaque

1960 3697 2162 3753 missos
2196 3698 2360 3764 facit;
2391 3699 2732 3770 gratiamque
2777 3715 2842 3754 ac
2888 3703 3174 3758 veritatem
3207 3719 3364 3758 suam
3402 3707 3531 3760 uni-

1959 3791 2136 3844 versis
2180 3791 2435 3860 gentibus
2465 3791 2748 3860 impertit:
2797 3792 2959 3847 eliam
2994 3809 3139 3848 nunc
3183 3795 3382 3866 ubique
3415 3805 3530 3852 ter-

1959 3896 2141 3936 rarum
2177 3898 2418 3954 praesens
2471 3883 2607 3954 ipse,
2646 3892 2698 3938 et
2729 3883 2782 3938 in
2820 3886 2998 3939 medio
3023 3902 3211 3940 eorum
3241 3889 3334 3958 qui
3372 3889 3425 3943 in
3470 3907 3533 3947 se

1957 3988 2247 4044 speravere
2269 3975 2600 4040 consistens,
2644 3991 2741 4044 per
2770 3974 3072 4031 Eeclesiam
3103 3993 3257 4032 suam
3287 3982 3523 4038 confite-

1957 4073 2080 4131 tur;
2113 4067 2466 4136 quamobrem
2510 4067 2623 4120 ait:
2673 4066 2966 4143 Propterea
2998 4069 3289 4138 conﬁtebor
3322 4073 3420 4126 tibi
3469 4073 3528 4130 in

1955 4157 2278 4220 nationibus,
2314 4155 2558 4220 Domine,
2585 4167 2635 4210 et
2677 4158 2877 4210 nomini
2916 4167 3004 4212 tuo
3028 4159 3292 4228 psalmum
3327 4162 3521 4223 dicam.

2081 4263 2129 4320 1.
2157 4263 2224 4320 ΙΝ
2258 4264 2488 4340 FINEM,
2513 4264 2836 4321 PSALMUS
2888 4265 3097 4319 DAVID
3136 4266 3326 4342 XVlll.

2023 4375 2274 4434 Praesens
2307 4393 2527 4448 quoque
2564 4378 2809 4448 psalmus
2839 4393 2965 4432 cum
2998 4379 3069 4435 iis
3093 4382 3401 4440 censendus
3427 4386 3519 4456 qui

1951 4467 2017 4523 ad
2049 4469 2252 4524 bonum
2285 4470 2446 4524 tinem
2479 4471 2899 4537 transmittunt;
2935 4472 3045 4526 imo
3073 4487 3290 4542 quoque
3315 4477 3521 4544 gratia-

274 4563 458 4659 γράφῃ
491 4588 613 4658 (sic)
799 4587 924 4654 τοῖς
966 4587 1107 4654 τοὺς
1143 4563 1393 4657 ἐχθροὺς
1444 4602 1846 4655 καταγωνισα-

1965 4579 2072 4616 rum
2103 4563 2329 4616 actionis
2370 4563 2671 4632 inscriptus
2702 4575 2808 4629 est,
2840 4566 3104 4620 canticum
3129 4565 3192 4618 iis
3226 4567 3315 4636 qui
3340 4569 3520 4623 inimi-

269 4676 473 4748 μένοις
499 4679 788 4746 ὲπινίκιος
817 4678 1113 4748 ειρημένη.
1156 4679 1246 4732 Διὸ
1271 4678 1408 4732 κατὰ
1433 4678 1526 4731 τὸν
1558 4677 1850 4749 Σύμμαχον

272 4771 484 4843 εἴρηται
507 4787 521 4801 °
569 4771 890 4836 Ἐπινίκισς
917 4771 1040 4840 ᾠδὴ
1079 4770 1185 4824 τοῦ
1213 4770 1408 4824 Δαυΐδ.
1451 4771 1608 4825 Ἀλλὰ
1640 4771 1733 4825 καὶ
1759 4769 1848 4824 διὰ

270 4862 333 4916 τὸ
360 4862 676 4916 ἀνακεῖσθαι
721 4863 801 4933 τῷ
840 4861 940 4926 τὰς
979 4863 1135 4925 νίκας
1177 4861 1502 4934 δωρουμένῳ
1534 4862 1671 4934 Θεῷ,
1707 4861 1846 4916 κατὰ

268 4954 362 5006 τὸν
406 4954 656 5017 Ἀκύλαν,
697 4953 778 5019 Τῷ
807 4953 1089 5018 νικοποιῷ
1113 4951 1452 5023 μελῴδημα,
1488 4954 1755 5008 λέλεκται.

344 5133 408 5183 Ol
437 5129 677 5198 οὐρανοί
708 5129 1050 5199 διηγοῦνται
1081 5129 1267 5194 δόξαν
1306 5128 1472 5192 Θεοῦ,
1503 5130 1755 5197 ποίησιν
1775 5129 1844 5183 δὲ

268 5221 482 5290 χειρῶν
512 5220 698 5275 αὑτοῦ
733 5221 1090 5292 ἀναγγέλλει
1131 5220 1196 5274 τὸ
1229 5220 1548 5290 στερέωμα.
1577 5220 1840 5273 Διδασκα-

267 5311 388 5366 λίαν
419 5311 660 5383 περιέχει
693 5312 792 5383 τῆς
827 5311 922 5366 τού
955 5311 1089 5366 Θεοῦ
1133 5313 1529 5384 μεγαλουργίας
1561 5329 1841 5384 παραστα-

268 5405 441 5475 τικήν.
491 5402 705 5474 Ἐπειδὴ
730 5403 838 5476 γαρ
871 5405 931 5457 τὸ
956 5404 1158 5473 ἀφανὲς
1187 5405 1282 5459 καὶ
1315 5405 1542 5476 ἀόρατον
1574 5404 1673 5475 τῆς
1697 5405 1839 5458 ἀσω-

273 5498 439 5567 μάτου
492 5497 587 5550 καὶ
617 5497 879 5567 άγενήτου
927 5498 1021 5550 καί
1052 5495 1236 5568 θεῖκῆς
1275 5498 1480 5562 οὐσίας,
1513 5497 1602 5550 διὰ
1657 5496 1715 5550 τὸ
1763 5497 1836 5568 μὴ

270 5589 468 5661 σαρκὸς
506 5588 802 5661 ὀφθαλμοῖς
840 5589 1368 5660 καταλαμϐάνεσθαι,
1416 5593 1463 5644 οἱ
1495 5591 1563 5644 τὰ
1615 5590 1836 5660 ὄμματα

265 5682 363 5752 τῆς
391 5682 568 5752 ψυχῆς
589 5699 733 5753 πεπη
743 5683 971 5754 ρωμένοι
998 5684 1096 5754 τῆς
1115 5684 1223 5736 τῶν
1246 5683 1415 5738 ὄντων
1439 5681 1724 5754 ὑπάρξεως
1753 5681 1838 5734 ὲκ-

266 5773 610 5845 εεσλήκασιν,
647 5773 824 5838 ἀθέοις
857 5775 1115 5846 στόμασιν
1146 5776 1551 5848 ἀποφηνάμενοι
1589 5774 1662 5845 μὴ
1695 5769 1832 5826 εἶναι

265 5863 420 5931 θεὸν,
456 5866 586 5939 μηδὲ
632 5864 893 5940 ὑπάρχειν
937 5885 986 5921 τι
1044 5871 1286 5940 κρεῖττον
1330 5868 1436 5922 τῶν
1487 5870 1542 5922 ἐν
1589 5866 1831 5939 σώμασιν

1950 4670 2036 4709 cos
2085 4652 2437 4717 debellarunt,
2471 4654 2788 4723 triumpltale
2838 4655 3060 4712 dictum.
3109 4655 3292 4722 Quare
3320 4673 3518 4716 secun-

1947 4743 2076 4798 dum
2139 4743 2528 4816 Symmachum
2592 4745 2814 4810 dicitur,
2867 4746 3204 4816 Triumphale
3252 4749 3516 4806 canticum

1946 4836 2194 4895 Davidis.
2237 4836 2343 4893 Sed
2371 4837 2536 4892 etiam
2585 4839 2715 4908 quia
2762 4839 2875 4895 Deo
2913 4841 3269 4896 victoriarum
3300 4845 3513 4900 auctori

1944 4939 2325 4995 consecratur,
2378 4930 2678 4987 secundum
2731 4932 3009 5003 Aquilam,
3061 4932 3312 4988 Victoriae
3346 4934 3516 5007 largi.

1946 5027 2049 5078 tori
2077 5025 2391 5092 modulatio,
2426 5025 2769 5082 inscribitur.

2015 5116 2179 5173 Vens.
2213 5118 2266 5172 2.
2307 5117 2439 5173 Caeli
2515 5127 2768 5174 enarrant
2813 5121 3042 5191 gloriam
3083 5122 3202 5191 Dei,
3252 5136 3302 5181 et
3351 5143 3512 5197 opera

1941 5226 2194 5264 manuum
2240 5211 2354 5280 ejus
2408 5212 2689 5265 annuntiat
2729 5213 3142 5281 ﬁrmamentum.
3193 5216 3508 5275 Doctrinam

1939 5307 2342 5377 complectitur,
2395 5321 2502 5373 qua
2569 5323 2827 5379 magnum
2886 5309 3022 5364 illud
3069 5309 3166 5366 Dei
3225 5312 3503 5382 opiﬁcium

1939 5408 2247 5456 enarratur.
2320 5397 2458 5464 Quia
2525 5401 2670 5454 enim
2744 5400 3000 5456 latentem
3072 5403 3509 5473 invisibilemquo

1938 5492 2179 5546 divinam
2283 5491 2668 5558 substantiam,
2768 5492 3150 5563 incorpoream
3241 5503 3296 5550 et
3394 5505 3504 5550 non

1939 5582 2158 5648 iactam,
2214 5582 2357 5654 quod
2416 5583 2729 5639 carnalibus
2781 5585 2957 5642 oculis
3012 5585 3206 5657 attingi
3280 5593 3338 5641 et
3408 5599 3506 5642 oo-

1935 5677 2126 5750 gnosci
2204 5682 2464 5746 nequeat,
2533 5674 2626 5744 qui
2704 5677 2903 5732 mentis
2995 5677 3169 5734 oculis
3245 5678 3500 5734 obcaecati

1935 5776 2114 5834 erant,
2146 5784 2176 5824 e
2201 5776 2396 5822 natura
2426 5779 2610 5820 rerum
2644 5769 3004 5839 expulerunt;
3045 5769 3172 5824 dum
3209 5769 3370 5824 atheo
3400 5769 3496 5824 im-

1936 5863 2133 5936 pioque
2167 5875 2282 5927 ore,
2321 5857 2531 5914 nullum
2560 5874 2682 5916 esse
2723 5859 2913 5930 Deum,
2947 5877 3047 5918 nec
3078 5859 3355 5932 quidpiam
3381 5875 3502 5922 cor-
