4122 6454
506 420 610 479 187

1172 424 1442 484 EUSEBII
1480 422 1967 482 CASSARIENSIS‘
1996 421 2146 482 OPP.
2187 415 2367 478 PARS
2400 391 2498 471 ιη·
2542 437 2615 461 ’κ
2641 419 3055 480 EXEGETICA.

3651 424 3779 483 {88

499 539 685 610 poreis
714 539 880 598 rebus
904 540 1008 597 sub
1046 550 1328 614 aspectum
1362 546 1690 602 cadentibus
1717 545 2067 617 pmstantius

2179 541 2456 617 5ρωμένων
2484 546 2498 561 ⁸
2551 541 2842 614 αὐτομάτῳ
2872 536 2930 597 δὲ
2970 541 3065 597 καὶ
3094 541 3274 613 ἀλόγῳ
3321 543 3601 614 συντυχίᾳ,
3633 542 3781 615 είκῆ

497 633 765 690 exsistere
795 635 1222 704 pronuntiabant
1246 655 1261 704 ;
1291 637 1388 693 sed
1418 645 1721 707 spontaneo
1749 638 1983 710 quodam
2005 654 2070 694 ac

499 723 801 780 temerario
832 739 1108 783 concursu
1138 735 1193 783 et
1230 729 1467 799 partium
1498 744 1818 800 congressu,
1848 745 1983 788 casu
2008 746 2073 787 ac

500 814 651 871 nulla
699 818 999 875 exsistente
1044 834 1234 885 causa,
1272 822 1592 877 universum
1629 822 1894 877 mundum
1936 836 2069 878 coa-

499 906 691 975 luisse,
724 909 1100 966 necessarium
1135 909 1240 967 fuit
1264 919 1324 968 ut
1352 914 1609 984 praesenti
1632 928 1906 980 sermone,
1929 915 2073 985 psal-

499 996 650 1056 lendi
693 1015 866 1067 more,
904 1016 1000 1072 per
1032 1001 1331 1059 dilucidam
1376 1005 1925 1072 demonstrationem,
1960 1007 2073 1063 vim

501 1090 651 1146 illam
696 1106 880 1147 rerum
908 1094 1231 1151 creatricem
1270 1112 1335 1151 ac
1368 1096 1465 1153 Dei
1502 1098 1786 1154 scientiam
1821 1113 2076 1172 compro-

501 1180 680 1245 baret,
718 1181 823 1236 hoc
847 1183 1141 1239 ratiocinio
1183 1201 1341 1243 usus.
1379 1186 1689 1243 Mortalium
1721 1197 1915 1245 natura
1952 1192 2072 1247 exi-

500 1290 608 1346 gua
636 1275 942 1346 debilisque
987 1285 1091 1341 est,
1133 1274 1418 1334 hominum
1447 1281 1810 1353 cogitationes
1838 1284 2067 1356 ignavae,

500 1374 813 1438 nostraeque
845 1368 1184 1440 cognitiones
1223 1370 1448 1426 incerta:
1476 1382 1627 1429 sunt.
1670 1372 1853 1440 Quare
1880 1375 2077 1432 divinae

499 1446 687 1530 gloria:
725 1475 825 1531 pro
861 1461 1058 1517 merito
1096 1463 1418 1518 enarrandae
1456 1465 1689 1520 multum
1718 1466 1957 1537 impares
1984 1485 2078 1525 su-

501 1563 650 1605 mus.
681 1548 802 1606 Non
832 1552 978 1606 enim
1009 1552 1265 1609 humanis
1296 1554 1547 1625 vocibus,
1578 1571 1687 1611 non
1717 1556 1902 1630 lingua
1953 1574 2078 1616 car-

501 1642 640 1708 nali,
673 1658 784 1699 non
810 1642 972 1699 labiis
1002 1652 1238 1715 possunt
1270 1645 1435 1718 digna
1479 1662 1544 1704 ac
1582 1650 1751 1719 probe
1772 1653 2077 1725 excogitata

506 1731 575 1789 de
604 1733 715 1791 Deo
748 1735 912 1792 verba
940 1737 1239 1805 enuntiari.
1284 1738 1441 1806 Quod
1474 1741 1521 1796 si
1560 1743 1650 1797 cui
1693 1743 1935 1811 libuerit,
1963 1746 2078 1802 elli-

502 1818 693 1881 cacem
736 1826 908 1892 illam,
942 1828 1236 1883 maximam
1275 1839 1331 1886 et
1360 1829 1473 1886 Deo
1502 1832 1722 1904 dignam
1769 1835 2074 1893 doctrinam

2171 634 2267 691 καὶ
2294 633 2477 707 μάτην
2503 628 2563 701 ἐξ
2607 633 2866 706 οὐδεμιᾶς
2895 634 3075 698 αίτίας
3115 633 3417 705 ὑποστῆναι
3448 634 3540 689 τὸν
3578 635 3781 692 πάντα

2172 726 2403 798 κόσμου’
2428 724 2742 795 ἀναγκαίως
2769 726 2799 779 ὁ
2818 724 3011 798 παρὼν
3032 725 3189 794 λόγος
3207 725 3297 780 διὰ
3322 725 3424 798 τῆς
3441 725 3783 799 ψαλμῳδίας

2171 816 2561 882 ἀποδεικτικῶς
2591 817 2689 871 καὶ
2721 817 2857 889 μετά
2883 816 3280 890 δημιουργικῆς
3308 817 3416 871 τῶν
3442 816 3580 871 ὅλων
3609 817 3781 873 aude

2176 926 2322 981 μεως
2371 909 2468 982 τὴν
2514 909 2794 979 θεολογίαν
2832 909 3153 983 παρίστησι,
3179 908 3417 963 τοιοῦτόν
3445 926 3568 966 τινα
3608 908 3779 979 λογις

2175 1002 2313 1075 σμδν
2340 1001 2567 1069 διεξιών.
2593 1000 2814 1074 Θνητῶν
2839 1001 2939 1073 μὲν
2976 1000 3136 1072 φύσις
3168 1001 3340 1073 μικρά
3379 1000 3643 1072 τυγχάνει
3664 1000 3780 1056 καὶ

2173 1091 2405 1164 ἀσθενής
2425 1109 2439 1124 ·
2474 1089 2725 1163 λογισμοί
2750 1108 2812 1145 τε
2848 1089 3151 1163 ἀνθρώπων
3178 1089 3364 1155 δειλοὶ,
3397 1091 3492 1145 καὶ
3520 1092 3777 1161 ἐπισφα-

2175 1183 2286 1249 λεῖς
2310 1185 2368 1239 αί
2402 1183 2635 1238 ἐπίνοιαι
2677 1183 2833 1255 ήμῶν
2852 1201 2867 1215 ο
2888 1182 2969 1237 διὸ
3013 1182 3264 1237 πλεῖστον
3292 1183 3415 1237 ὅσον
3458 1182 3779 1255 ἀποδέομεν

2176 1277 2275 1347 τῆς
2307 1277 2425 1331 κατ’
2451 1272 2607 1341 ἀξίαν
2624 1274 2719 1329 τοῦ
2738 1275 2872 1329 Θεοῦ
2896 1273 3223 1344 δοξολογίας.
3251 1273 3385 1328 Οὐδὲ
3422 1274 3533 1346 γὰρ
3551 1274 3777 1347 ἀνθρώ-

2177 1387 2294 1423 πων
2327 1372 2552 1439 φωναῖς,
2576 1367 2696 1422 οὐδὲ
2727 1364 2941 1441 γλώττῃ
2974 1367 3177 1438 σαρκὸς
3215 1367 3311 1420 καὶ
3336 1366 3569 1439 χείλεσιν
3599 1366 3775 1422 δύνα-

2180 1461 2301 1516 σθαί
2329 1476 2458 1514 ποτε
2494 1457 2733 1532 νομίζειν
2764 1458 2988 1525 ἐπάξιον
3019 1459 3151 1530 περὶ
3189 1458 3327 1512 Θεοῦ
3371 1459 3529 1529 λόγον
3568 1460 3774 1514 ἀποδί-

2177 1553 2382 1609 δοσθαι.
2412 1553 2474 1606 Et
2497 1552 2554 1606 δὲ
2582 1552 2688 1624 χρὴ
2715 1551 3061 1616 διδασκαλίας
3084 1550 3338 1623 ἐνεργοῦς
3372 1552 3465 1605 καὶ
3497 1552 3773 1623 μεγίστης

2179 1646 2327 1718 αὐτῷ
2357 1661 2418 1698 τε
2452 1644 2768 1718 πρεπούσης
2799 1643 2877 1715 τῷ
2902 1643 3022 1715 Θεῷ
3047 1642 3360 1709 ἐπακούειν,
3394 1642 3448 1697 εἴ
3473 1661 3555 1708 τις
3582 1643 3771 1716 ερρω-

2178 1755 2268 1792 ται
2292 1738 2389 1809 τῆς
2410 1737 2588 1808 ψυχῆς
2606 1736 2677 1790 τὰ
2715 1736 3065 1808 αἰσθητήρια,
3093 1735 3424 1789 συντεινάτω
3451 1735 3641 1789 ἑαυτὸν
3666 1735 3774 1790 καὶ

2179 1828 2497 1901 διεγειράτω
2545 1828 2681 1901 πρὸς
2714 1827 2977 1900 ἀκρόασιν
3016 1824 3253 1892 ἐπαξίως
3300 1826 3773 1899 ἀναφωνουμένην

504 1914 717 1982 audire,
758 1918 848 1972 cui
900 1919 1113 1976 scilicet
1146 1922 1346 1978 mentis
1398 1925 1595 1982 sensus
1640 1927 1919 1997 praevalidi
1961 1927 2075 1986 fue-

2180 1922 2277 1993 τῆς
2323 1920 2783 1994 ἀπειρομεγέθους
2831 1920 3110 1991 δυνάμεως
3128 1919 3224 1974 τοῦ
3246 1986 3252 1990 η
3276 1919 3444 1973 Θεοῦ·
3488 1920 3557 1992 ἢν
3603 1919 3775 1975 αὐτοὶ

502 2009 635 2076 rint,
676 2009 725 2066 is
767 2013 950 2067 animo
1001 2013 1270 2081 intendat,
1323 2031 1556 2088 seseque
1609 2020 1849 2077 concitet
1896 2020 1964 2077 ad
2015 2037 2081 2078 ea

502 2094 861 2160 auscdtanda
891 2121 1014 2177 quae
1065 2108 1156 2163 hic
1205 2109 1273 2165 de
1316 2109 1584 2169 immensa
1617 2112 1709 2169 illa
1744 2113 1838 2170 Dei
1874 2113 2079 2171 virtute

502 2194 789 2254 feruntur:
840 2202 1205 2271 quaaque‘ipsi
1246 2203 1396 2270 cmli,
1450 2211 1626 2260 totum
1657 2206 1715 2262 in
1745 2222 1807 2263 se
1834 2209 2080 2280 comple-

501 2294 737 2355 ctentes,
764 2290 1081 2348 Creatorem
1117 2308 1278 2348 suum
1309 2295 1800 2368 universorumque
1830 2299 2078 2370 opiﬁcem

501 2380 722 2453 hymnis
760 2389 814 2438 et
860 2385 1095 2441 canticis
1155 2386 1520 2453 celebrantes,
1589 2388 1899 2460 proferunt.
1963 2389 2074 2463 Ipsi

500 2487 741 2543 namque
773 2475 898 2529 caeli
946 2477 1041 2546 qui
1096 2478 1340 2548 supremi
1395 2472 1642 2535 omnium
1688 2490 1841 2548 sunt,
1888 2491 1945 2539 et
1975 2484 2079 2540 sibi

502 2563 788 2634 supposito
814 2566 1158 2623 ﬁrmamento
1187 2569 1452 2637 eminent,
1490 2573 1584 2643 qui
1614 2575 1930 2631 universam
1951 2590 2076 2632 cum

503 2655 823 2712 sensibilem
854 2665 973 2712 tum
1030 2658 1309 2715 intellectu
1363 2662 1647 2733 praeditam
1674 2656 1927 2723 naturam
1960 2684 2078 2723 am-

503 2746 686 2814 biunt,
747 2748 977 2819 gloriam
1034 2748 1130 2806 Dei
1178 2768 1289 2807 non
1328 2752 1514 2810 Graeca
1564 2756 1771 2828 lingua,
1816 2775 1928 2818 non
1972 2762 2080 2819 alia

503 2838 741 2896 ialecto
771 2840 1112 2912 praedicant;
1167 2844 1265 2901 sed
1306 2845 1442 2917 ipsis
1475 2850 1757 2921 operibus.
1787 2869 1885 2924 per
1917 2870 2079 2912 suum

500 2930 757 2988 videlicet
804 2941 1083 3001 ornatum,
1125 2951 1223 3005 per
1259 2939 1615 3007 concinnam,
1682 2943 2062 3002 harmonicam

502 3030 559 3079 et
587 3023 1051 3095 sapientissimam
1096 3031 1572 3101 constitutionem,
1606 3045 1888 3093 auctorem
1925 3038 2076 3097 illius

503 3114 582 3168 ita
617 3121 765 3171 recte
806 3115 1287 3185 ordinati-motus,
1336 3122 1568 3196 ejusque
1611 3126 1934 3184 immensam
1966 3130 2080 3185 vir-

502 3206 676 3256 tutem
698 3202 951 3258 edocent.
990 3203 1075 3258 Ea:
1106 3210 1470 3279 magnitudine
1509 3214 1651 3269 enim
1695 3228 1747 3271 et
1785 3218 2080 3287 pulchritu-

2184 2013 2543 2086 προφέρονται
2580 2014 2630 2066 οἱ
2669 2012 2760 2067 τὸν
2808 2012 3097 2084 σύμπαντα
3128 2012 3472 2085 περιέχοντες
3518 2012 3769 2086 οὐρανοὶ,

2180 2105 2272 2177 τὸν
2301 2104 2506 2158 ἑαυτῶν
2534 2089 2756 2176 κτίστην
2780 2103 2875 2158 καὶ
2895 2104 3124 2175 ποιητὴν
3143 2102 3252 2158 τῶν
3278 2103 3414 2159 ὅλων
3435 2104 3568 2159 Θεὸν
3592 2105 3772 2177 ᾠδαῖς

2182 2171 2276 2252 util.
2310 2196 2637 2266 δοξολογίαις
2666 2171 3048 2269 ἀνυμνοῦντες.
3080 2171 3245 2250 nam
3267 2195 3377 2269 γὰρ
3402 2198 3451 2250 οἱ
3497 2171 3771 2254 ἀνωτάτώ

2182 2289 2418 2354 πάντων,
2468 2289 2561 2343 καὶ
2598 2288 2691 2342 τοῦ
2737 2287 3137 2360 ὑποϐεϐηκότος
3177 2287 3555 2361 περεὼματος
3588 2290 3771 2364 ὑπερ-

2181 2382 2425 2452 κείμενοι
2470 2380 2717 2455 οὐρανοὶ,
2767 2380 2817 2434 οἱ
2868 2379 3161 2451 σύμπασαν
3199 2381 3611 2455 περιειληφότες
3660 2382 3769 2454 τήν

2182 2471 2445 2546 αἰσθητὴν
2463 2472 2559 2527 καὶ
2581 2470 2958 2543 πνευματικὴν
2979 2468 3178 2533 κτίσιν,
3199 2470 3299 2542 τὴν
3318 2469 3474 2536 δόξαν
3502 2469 3638 2525 Θεοῦ
3659 2470 3768 2525 οὐκ

2193 2563 2473 2638 Ἑλληνικῇ
2497 2566 2647 2637 φωνῇ
2673 2563 3050 2635 φθεγγόμενοι,
3067 2563 3176 2617 οὐδ’
3196 2565 3357 2636 ἑτέρᾳ
3376 2564 3483 2618 τινὶ
3497 2564 3768 2637 διαλέκτῳ

2180 2658 2469 2732 χρώμενοι,
2482 2657 2630 2730 αὐτῷ
2647 2658 2703 2713 δὲ
2719 2656 2865 2730 ἔργῳ
2882 2656 2971 2712 διά
2983 2657 3078 2711 τοῦ
3107 2658 3312 2713 ἑαυτῶν
3336 2658 3539 2730 κόσμου
3555 2659 3768 2729 καὶτῆς

2180 2749 2453 2823 εὐρύθμου
2480 2750 2574 2803 καὶ
2604 2748 2925 2821 ἐναρμονίου
2947 2748 3039 2803 καὶ
3068 2748 3343 2819 πανσόφου
3368 2749 3629 2814 στάσεως,
3661 2746 3762 2802 τοῦ

2180 2841 2355 2897 αἰτίου
2378 2841 2561 2906 αὐτοῖς
2582 2841 2681 2913 τῆς
2706 2839 2919 2895 τοιᾶσδε
2946 2841 3212 2912 κινήσεως
3232 2840 3333 2914 τήν
3352 2838 3767 2912 ἀπειρομεγέθη

2179 2934 2406 3007 δύναμιν
2436 2933 2858 2989 ἐκδιδάσκουσιν.
2907 2934 3009 2989 Ἐκ
3035 2933 3147 3004 γὰρ
3169 2934 3460 3005 μεγέθους
3484 2933 3581 2987 καί
3612 2934 3732 2987 καλ
3760 2964 3769 2971 -

2182 3024 2373 3093 λονῆς
2407 3022 2745 3094 κτισμάτων
2786 3023 3098 3093 ἀναλόγως
3129 3026 3163 3079 ό
3199 3024 3617 3094 γενεσιουργὸς
3647 3022 3764 3078 αὑ·-

2176 3117 2298 3173 τῶν
2319 3117 2611 3187 θεωρεῖται
2625 3134 2639 3147 ·
2665 3116 2781 3181 καὶ,
2815 3116 2892 3171 Τὰ
2910 3116 3133 3185 ἀόρατα
3151 3116 3340 3171 αὐτοῦ
3368 3116 3487 3172 ἀπὸ
3509 3117 3768 3185 κτίσεως

2181 3210 2413 3280 κόσμου
2444 3209 2569 3276 τοῖς
2599 3207 2889 3278 ποιήμασι
2924 3209 3221 3279 νοούμενα
3250 3205 3592 3278 καθορᾶταιο
3621 3209 3662 3279 ἦ
3694 3227 3764 3266 τε

503 3293 625 3350 dine
648 3305 1017 3352 creaturarum
1058 3303 1395 3369 proportione
1410 3306 1641 3375 quadam
1662 3318 1869 3365 creator
1896 3328 2075 3366 earum

2186 3300 2375 3368 ἀΐδιος
2404 3300 2590 3356 αὐτοῦ
2621 3300 2872 3370 δύναμις
2903 3298 3003 3354 καὶ
3031 3300 3261 3369 θεότης.
3302 3300 3364 3354 '0
3392 3295 3484 3356 οῦν
3514 3301 3643 3365 τούς
3668 3302 3762 3356 οὑ-

502 3397 772 3458 spectatur
791 3389 860 3457 ‘°;
889 3397 977 3444 et:
1000 3388 1301 3448 Invisibilia
1325 3396 1512 3465 ipsius,
1542 3416 1575 3452 a
1594 3409 1839 3456 creatura
1875 3405 2078 3472 mundi,

503 3496 596 3549 per
623 3497 686 3535 ea
709 3498 827 3552 qua:
855 3481 1002 3548 facta
1033 3493 1158 3538 sunt
1188 3486 1459 3542 intellecta
1488 3492 1928 3561 conspiciuntur;
1950 3513 2083 3551 sem-

503 3572 715 3642 piterna
745 3589 949 3642 quoque
1003 3575 1117 3641 eius
1157 3576 1323 3632 uirtus
1353 3588 1403 3633 et
1436 3579 1690 3638 divinitas
1712 3584 1778 3642 θ’.
1813 3585 2078 3662 Quisquis

505 3678 662 3734 ergo,
712 3663 922 3735 absque
970 3666 1084 3720 ulla
1117 3670 1382 3726 creatrice
1436 3673 1671 3740 ratione,
1721 3677 1842 3733 sine
1895 3678 2079 3736 divina

506 3754 933 3838 aliquaxvirtute,
966 3758 1136 3812 caelos
1168 3775 1323 3815 suam
1344 3764 1659 3823 condidisse
1687 3769 2074 3838 substantiam,

506 3830 717 3902 tantain
772 3847 923 3902 illam
1000 3852 1430 3921 magnitudinem
1505 3857 1779 3929 talemque
1844 3830 2076 3917 formam

506 3935 810 3992 adornasse
840 3944 1019 4007 putat,
1071 3953 1135 3994 ac
1189 3940 1262 3996 ita
1297 3945 1627 4001 concinnum
1654 3948 2078 4021 ordinatumque

507 4035 717 4095 motum
749 4029 1078 4099 corporibus
1130 4032 1266 4104 ipsis
1314 4037 1591 4108 ascripsit,
1627 4040 1676 4097 is
1708 4055 1842 4098 sane
1871 4044 2074 4100 stultus

503 4125 561 4172 et
599 4115 802 4188 impius
832 4125 937 4175 est.
988 4118 1354 4186 Quamobrem
1405 4140 1502 4182 eos
1553 4128 1648 4198 qui
1703 4145 1836 4186 sana
1893 4140 2076 4189 mente

2188 3395 2382 3468 ρανούς
2424 3392 2657 3464 νομίζων
2688 3392 2809 3464 δίχα
2847 3392 2992 3457 τινὸς
3020 3384 3409 3464 δημιουργικοῦ
3459 3391 3615 3462 λόγου
3661 3393 3761 3448 καὶ

2186 3487 2337 3551 θείας
2360 3486 2490 3541 ἀνευ
2522 3486 2802 3558 δυνάμεως
2831 3486 3058 3550 ἑαυτοὺς
3090 3485 3513 3557 ὑποστήσασθαι,
3546 3486 3642 3540 καὶ
3662 3485 3758 3540 τοῦ

2182 3578 2399 3635 τοσοῦδε
2431 3578 2692 3650 μεγέθους
2729 3579 2823 3632 καὶ
2850 3578 2944 3633 τοῦ
2985 3576 3190 3632 τοιοῦδε
3220 3577 3521 3649 σχήματος,
3565 3577 3668 3649 τῆς
3696 3594 3759 3631 τε

2180 3670 2475 3736 εὐσταθοῦς
2524 3671 2618 3725 καὶ
2666 3671 2928 3726 εὐτάκτου
2961 3672 3227 3742 κινήσεως
3275 3672 3377 3743 τὴν
3427 3668 3608 3725 αίτίαν
3645 3672 3759 3734 τοῖς

2183 3763 2427 3835 σώμασιν
2454 3762 2631 3816 αὐτῶν
2658 3763 3044 3836 προσγράφων,
3072 3763 3261 3837 ἄφρων
3289 3763 3385 3818 καὶ¹
3413 3763 3638 3837 ἀσεϐής.
3660 3763 3755 3818 me

2178 3856 2305 3921 τούς
2337 3855 2583 3928 ἔμφρονα
2613 3855 2737 3910 νοῦν
2764 3854 3135 3927 κεκτημένους
3175 3857 3443 3929 προσήκει
3470 3856 3757 3928 συνομολοο

2180 3949 2296 4017 γεῐν
2333 3946 2611 4019 μονονουχὶ
2657 3946 2844 4018 φωνῆς
2875 3945 3093 4001 ἀκούειν
3135 3945 3280 4018 ἔργῳ
3330 3945 3540 4019 βοώσης
3577 3945 3756 4002 αὐτῶν

2182 4037 2289 4093 τῶν
2330 4037 2597 4111 οὐρανῶν,
2638 4038 2739 4111 τὴν
2776 4037 3090 4110 πρέπουσαν
3129 4038 3287 4106 δόξαν
3323 4040 3756 4112 ἀναπεμπόντων

2179 4128 2258 4201 τῷ
2288 4128 2493 4184 ἑαυτῶν
2522 4132 2716 4202 ποιητῇ
2746 4132 2840 4185 καὶ
2862 4130 3176 4204 δημιουργῷ
3203 4130 3341 4203 Θεῷ.

503 4219 635 4269 sunt
669 4227 767 4283 par
803 4221 890 4269 est
926 4230 1035 4269 una
1094 4217 1365 4286 conﬁteri,
1410 4236 1472 4278 se
1517 4230 1727 4281 tantum
1768 4243 1878 4283 non
1935 4229 2124 4285 audire
2158 4230 2423 4284 caelorum
2467 4241 2679 4293 vocem,
2743 4226 2831 4282 vel
2872 4225 2992 4297 ipso
3030 4240 3194 4298 opere
3229 4228 3579 4293 clamantem,
3618 4242 3753 4283 con-

507 4317 901 4381 gruentemque
942 4309 1075 4377 Deo,
1114 4313 1307 4370 factori
1340 4325 1396 4373 et
1443 4319 1625 4390 opiﬁci
1669 4338 1790 4388 suo,
1829 4325 2055 4396 gloriam
2093 4326 2455 4383 emittentem.

580 4399 708 4455 Pari
749 4415 969 4471 quoque
1002 4404 1165 4459 modo
1204 4407 1626 4477 ﬁrmamentum,
1660 4415 1805 4483 quod
1833 4416 2073 4472 secunda

2527 4417 2622 4471 καὶ
2646 4415 2708 4470 τὺ
2738 4372 3042 4489 στερέωμα,
3069 4417 3099 4471 δ
3128 4417 3191 4489 δὴ
3222 4418 3461 4489 Μωῦσῆς
3484 4418 3627 4475 κατά
3654 4418 3752 4494 τὴν

508 4491 806 4549 creationis
835 4489 925 4547 die
958 4490 1173 4564 Moyses
1210 4495 1413 4552 factum
1460 4500 1787 4572 declaravit;
1837 4505 1941 4560 hoc
1987 4505 2075 4561 in-

2179 4506 2437 4579 δευτέραν
2457 4505 2669 4578 ἡμέραν
2690 4508 2791 4579 τῆς
2812 4509 3167 4579 κοσμοποιίας
3188 4509 3467 4578 γεγονέναι
3490 4489 3749 4584 παρίστηο

509 4595 676 4653 quam
718 4579 1142 4648 ﬁrmamentum,
1179 4586 1325 4656 quod
1359 4589 1506 4645 aliud
1546 4599 1633 4647 est
1667 4608 1699 4647 a
1721 4594 1837 4664 jam
1870 4611 2074 4653 memo-

2179 4594 2273 4654 καὶ
2304 4599 2462 4654 τοῦτο
2502 4599 2790 4674 τοιγαροῦν
2827 4601 2890 4655 τὸ
2934 4601 3237 4673 στερέωμα,
3284 4601 3469 4676 ἕτερον
3509 4579 3755 4676 ὂντπαρά

508 4672 860 4739 ratis.c(elis,
888 4673 1145 4731 omnibus
1176 4678 1454 4748 praedicat,
1495 4688 1550 4736 et
1575 4682 1826 4741 similiter
1851 4686 2070 4757 clamat,

510 4761 853 4832 indicatque,
907 4776 970 4817 se
1006 4777 1114 4818 non
1150 4772 1450 4835 spontanea
1495 4769 1790 4827 coalitione
1820 4771 1877 4827 in
1911 4772 2074 4829 talem

512 4848 742 4908 formam
773 4851 1103 4921 deductum;
1150 4855 1246 4911 sed
1275 4871 1414 4928 opus
1443 4875 1567 4917 esse
1610 4863 1856 4918 omnium
1892 4878 2076 4921 rerum

510 4941 814 4999 conditoris
845 4941 960 4999 Dei.
1011 4941 1377 5010 Quamobrem
1406 4949 1616 5006 dictum
1654 4959 1771 5009 est:
1825 4952 1896 5008 Et
1918 4970 2075 5025 opera

510 5048 765 5088 manuum
784 5035 898 5106 ejus
938 5038 1221 5093 annuntiat
1260 5040 1674 5109 ﬁrmamentum.
1704 5042 1941 5104 Noverat
1976 5065 2075 5105 au-

509 5130 621 5181 tem
664 5123 898 5198 Moyses,
937 5136 1064 5185 ante
1102 5129 1426 5189 ﬁrmamenti
1466 5138 1930 5196 constructionem
1957 5156 2073 5197 coa-

510 5217 646 5282 lum,
695 5218 782 5273 vel
815 5219 1133 5292 priusquam
1187 5221 1308 5280 dies
1346 5225 1521 5293 ﬁeret,
1552 5230 1833 5285 conditum
1864 5231 2072 5302 fuisse;

509 5321 639 5362 nam
678 5305 840 5364 dicit:
885 5308 951 5365 In
992 5312 1254 5384 principio
1285 5314 1410 5384 fecit
1456 5316 1599 5374 Deus
1645 5320 1834 5376 calum
1881 5333 1932 5377 et
1964 5333 2074 5379 ter-

511 5415 631 5454 ram
651 5399 721 5453 ⁸³.
766 5399 846 5457 Ac
886 5403 1144 5477 deinceps
1189 5415 1314 5479 post
1356 5409 1593 5480 primum
1629 5414 1830 5470 coelum
1879 5417 2073 5473 condi-

511 5499 648 5556 tum,
677 5491 817 5550 lucis
846 5494 956 5550 vim
983 5512 1048 5552 ac
1084 5500 1415 5557 creationem
1449 5502 1625 5571 aﬂ‘ert,
1657 5506 1926 5579 docetque
1965 5510 2073 5566 luci

512 5582 622 5641 diei
670 5601 869 5643 nomen
916 5588 1170 5650 inditum.
1219 5592 1532 5667 factumque
1584 5594 1758 5654 fuisse
1818 5615 1979 5657 mane
2019 5610 2075 5658 et

510 5690 734 5747 vespere
758 5677 904 5737 diem
932 5681 1187 5753 primum.
1230 5683 1422 5742 Postea
1453 5688 1547 5744 ubi
1583 5691 1883 5749 secundam
1912 5693 2069 5750 ordi-

584 5829 629 5863 '°
654 5831 781 5907 Sap.
836 5852 956 5909 xm,
989 5839 1042 5897 5.
1118 5840 1162 5875 “
1189 5841 1346 5901 Rom.
1389 5861 1426 5916 ι,
1462 5845 1551 5905 9.0.
1628 5850 1672 5882 "
1697 5847 1893 5911 Gcnes.
1927 5869 1972 5919 ι,
2022 5851 2056 5909 l.

2177 4688 2305 4752 τούς
2337 4688 2863 4760 προωνομασμένους
2887 4690 3167 4764 οὐρανοὺς,
3199 4690 3454 4764 κηρύττει
3475 4696 3588 4758 τοῖς
3617 4697 3752 4749 πᾶσι

2182 4780 2277 4834 καὶ
2303 4778 2541 4852 κέκραγε
2571 4779 2856 4847 διδάσκων,
2900 4783 2983 4837 ὅτι
3017 4783 3091 4856 μή
3114 4784 3174 4850 ἐξ
3216 4785 3520 4858 αὐτομάτου
3550 4788 3753 4845 τοιόνδε

2184 4870 2390 4942 ὑπέστη
2415 4886 2427 4898 ·
2453 4871 2614 4943 ἔργον
2637 4872 2696 4926 δέ
2734 4874 2850 4927 ἐστι
2876 4875 2970 4929 καὶ
3012 4875 3147 4930 αὐτὸ
3175 4874 3269 4930 τοῦ
3288 4876 3397 4932 τῶν
3433 4877 3570 4933 ὅλων
3596 4878 3752 4951 ποίη-

2180 4959 2275 5016 τοῦ
2308 4960 2472 5015 Θεοῦ·
2526 4962 2608 5017 διὸ
2649 4962 2897 5035 εἴρηται*
2929 4966 3186 5034 Ποίησιν
3213 4965 3283 5020 δὲ
3322 4967 3536 5047 χειρῶν
3562 4966 3750 5023 αὐτοῦ

2179 5051 2535 5123 ἀναγγέλλει
2562 5053 2630 5108 τὸ
2662 5055 2981 5126 στερέωμα.
3017 5052 3138 5111 Οἵδε
3166 5058 3223 5111 δὲ
3249 5059 3490 5130 Μωύσῆς
3518 5059 3624 5132 πρὸ
3649 5058 3750 5130 τῆς

2179 5144 2273 5199 τοῦ
2315 5144 2692 5217 στερεώματος
2729 5148 3040 5214 συστάσεως
3069 5149 3295 5223 οὐρανὸν
3336 5151 3599 5224 πρότερον
3648 5150 3750 5222 τῆς

2182 5238 2391 5309 ἡμέρας
2422 5239 2802 5311 γεγενημένον,
2835 5240 3033 5310 λέγων·
3078 5242 3181 5297 Ἐν
3204 5242 3363 5312 ἀρχῇ
3398 5244 3685 5311 ἐποίησεν
3714 5247 3750 5299 ό

2184 5331 2327 5397 Θεὸς
2374 5330 2480 5385 τὸν
2499 5333 2757 5400 οὐρανὸν
2786 5333 2886 5388 καὶ
2915 5333 3030 5404 τὴν
3054 5333 3187 5406 γῆν.
3224 5336 3382 5408 Ἑξῆς
3415 5336 3462 5391 δ’
3489 5332 3582 5392 οῦν
3611 5334 3749 5408 μετά

2177 5419 2276 5493 τήν
2300 5422 2516 5494 ποίησιν
2543 5422 2636 5478 τοῦ
2665 5422 2879 5495 πρώτου
2904 5425 3133 5498 οὐρανοῦ
3164 5428 3341 5498 φωτὸς
3358 5428 3566 5497 εἰσάγει
3591 5426 3749 5482 δύνα-

2183 5530 2275 5585 μιν
2292 5515 2386 5569 καὶ
2397 5515 2628 5583 γένεσιν,
2654 5515 2867 5587 ἡμέραν
2884 5532 2944 5569 τε
2966 5516 3207 5572 διδάσκει
3220 5517 3281 5572 τὸ
3296 5518 3410 5588 φῶς
3428 5517 3749 5587 κεκλῆσθαι,

2179 5606 2456 5676 γεγονέναι
2477 5625 2537 5661 τε
2561 5609 2772 5681 πρωῖαν
2793 5610 2927 5680 φησὶ
2952 5610 3047 5664 καὶ
3079 5610 3337 5682 ἑσπέραν,
3363 5611 3576 5684 ἡμέραν
3592 5611 3743 5684 μίαν.

2178 5691 2311 5753 Εἶτα
2320 5697 2574 5771 δευτέρας
2586 5697 2795 5771 ἡμέρας
2808 5698 3125 5772 ἀρχόμενος,
3137 5700 3237 5775 τὴν
3254 5700 3348 5756 τοῦ
3370 5700 3753 5775 στερεώμςιτοι
