4122 6454
307 361 428 422 189

1477 345 1980 418 οοιιιίεΝτΑιιιΑ
2015 357 2086 416 IN
2123 357 2461 419 rsawos.

3473 373 3574 430 190

301 473 540 542 εἰσάγει
565 473 800 543 ποίησιν.
840 469 960 528 Οἵδε
989 471 1050 526 δὲ
1077 471 1110 543 ή
1133 469 1324 544 Γραφὴ
1351 471 1446 526 καλ⁵
1499 471 1716 538 πλείους
1743 475 1894 544 οὐρα-

2011 481 2104 528 tur
2133 474 2298 540 diem,
2329 477 2660 532 ﬁrmamenti
2677 477 3008 536 creationem
3031 481 3258 538 inducit.
3295 483 3576 558 Scriptura

303 563 482 628 νοῦς·
515 563 598 618 διύ
630 581 792 636 φησιν
809 579 824 594 ·
853 563 1078 618 Αἰνεῖτε
1105 563 1216 618 τὸν
1239 565 1458 633 Κύριον
1477 565 1546 618 ἐκ
1583 563 1702 620 τῶν
1725 567 1902 634 depa—

303 657 480 712 νῶν·
521 657 616 710 καὶ
667 655 860 710 πάλινσ
895 655 1122 710 Αἰνεῖτε
1165 655 1352 710 αὐτὸν
1397 657 1452 710 oi
1501 655 1742 724 οὐρανοὶ
1789 655 1924 710 τῶν.

303 747 622 818 eripui-(Iw,
651 748 750 802 καὶ
781 749 846 802 τὸ
873 747 1028 817 ὕδωρ
1053 749 1118 802 τὸ
1137 747 1434 817 ικὺιτεροὶνω
1463 747 1582 802 τῶν
1599 749 1872 818 οὐρανῶν
1889 765 1902 782 ⁸

305 845 420 898 καὶ
446 841 680 914 ἀλλαχοῦ
723 841 970 914 εἴρηται·
1009 843 1072 896 '0
1099 841 1354 910 οὐρανὸς
1391 841 1498 896 τοῦ
1539 845 1798 912 οὐρανοῦ
1825 845 1908 912 τῷ

303 937 540 1006 Κυρίῳ.
551 936 660 988 Καὶ
669 935 732 988 τὸ
743 935 1026 1008 στερέωμα
1037 935 1296 1008 κέκληται
1311 936 1556 1006 οὐρανὸς,
1570 937 1664 989 καὶ
1677 937 1906 1010 ὁΣωτὴρ

303 1027 424 1098 τὴν
453 1028 728 1100 βασιλείαν
758 1027 868 1082 τῶν
901 1027 1144 1100 οὐρανῶν
1191 1029 1600 1098 ἐπαγγέλλεται,
1630 1029 1722 1084 καὶ¹
1749 1031 1806 1084 ὲν
1837 1033 1902 1103 τῇ

305 1121 456 1193 εὐχῇ
473 1121 711 1176 διδάσκει
727 1123 900 1176 εἰπεῖν
917 1139 928 1152 ·
949 1121 1138 1190 Πάτερ
1157 1121 1368 1190 mare
1383 1123 1454 1176 ἐν
1467 1121 1590 1190 τοῖς
1606 1123 1902 1192 οὐρανοῖς,

305 1213 434 1278 καὶ,
461 1215 534 1268 Ai
561 1211 845 1282 δυνάμεις
876 1211 996 1266 τῶν
1015 1213 1298 1281 ὀὐρανῶν
1325 1213 1828 1282 σαλευθήσονται.

403 1387 622 1462 Ἡμέρα
639 1391 716 1462 τῇ
739 1391 926 1462 ἡμέρᾳ
949 1393 1248 1464 ἐρεύγεται
1261 1393 1448 1466 ῥῆμα,
1473 1397 1570 1452 καί
1595 1397 1712 1464 νὺξ
1729 1401 1904 1454 νυκτὶ

305 1477 678 1554 ἀναγγέλλει
723 1483 970 1554 γνῶσιν.
1011 1486 1258 1540 Διδάσκει
1313 1489 1500 1560 ἡμέρα
1542 1491 1636 1544 καὶ
1664 1491 1902 1552 διδάσκει

309 1575 414 1642 νὺξ
443 1577 572 1630 τοὺς
609 1575 892 1640 ἐθέλοντας
929 1577 1294 1644 παιδεύεσθαι,
1327 1579 1426 1651 ὅση
1455 1580 1540 1644 τίς
1577 1583 1724 1636 ἐστιν
1751 1585 1786 1654 ἡ
1817 1601 1904 1638 σο-

309 1667 418 1738 φία
453 1671 486 1740 ἠ
518 1667 754 1740 άρῤητος
793 1669 888 1722 καὶ
918 1669 1286 1742 ἀπερίληπτος
1323 1671 1550 1744 δύναμις
1569 1673 1662 1728 τοῦ
1697 1675 1762 1730 τὰ
1789 1677 1902 1730 δια-

313 1761 422 1834 στή
433 1779 577 1832 ματα
613 1761 720 1816 τῶν
747 1761 952 1834 χρόνων
993 1765 1502 1837 καταμετρήσαντος
1539 1767 1722 1833 αὐτοῖς
1743 1769 1898 1824 Θεοῦ.

2011 577 2140 618 vero
2169 565 2478 636 complures
2503 567 2672 624 caelos
2717 569 2870 624 novit
2901 571 3285 644 admittitque;
3315 579 3578 646 quocirca

2010 655 2168 710 dicit:
2217 655 2456 712 Laudato
2509 658 2797 714 Dominum
2839 663 2904 717 de
2933 665 3076 720 cretis
3095 667 3178 734 ⁶³;
3211 683 3274 723 ac
3313 685 3572 728 rursum:

2008 745 2253 802 Laudate
2295 765 2434 812 eum,
2491 751 2608 806 coeti
2663 753 2936 822 caelorum,
2971 765 3020 810 et
3053 775 3192 828 aqua
3244 763 3414 816 omnis
3461 779 3579 834 qua:

2008 853 2164 908 super
2195 839 2348 894 caelos
2387 843 2549 898 est”.
2597 843 2742 900 Alibi
2791 863 3008 918 quoque
3053 849 3260 906 dictum
3299 855 3574 914 occurrit:

2009 925 2217 984 Caelum
2265 931 2378 986 ειείὶ
2435 931 2662 988 Domino
2687 935 2754 992 ⁸⁵.
2809 935 3238 996 Firmamentum
3289 945 3420 1000 item
3461 959 3576 1002 cm-

2007 1021 2118 1076 lum
2147 1031 2396 1090 vocatur,
2433 1033 2488 1078 et
2521 1023 2772 1082 Salvator
2801 1043 3026 1099 regnum
3057 1033 3322 1088 ccelorum
3357 1037 3578 1106 pollice-

2005 1119 2116 1178 tur,
2145 1129 2210 1168 ac
2247 1115 2322 1168 ita
2351 1117 2686 1186 precandum
2719 1135 2848 1174 esse
2877 1121 3148 1178 instituit:
3177 1123 3340 1180 Pater
3373 1139 3574 1196 noster,

2003 1207 2094 1276 qui
2137 1223 2190 1262 es
2211 1210 2262 1262 in
2319 1209 2462 1264 caelis
2479 1209 2548 1274 ³⁶;
2593 1217 2648 1266 et
2679 1228 2692 1264 :
2727 1209 2958 1268 Virtutes
3003 1214 3252 1270 caelorum
3285 1218 3568 1276 movebun-

2005 1307 2092 1352 tur
2112 1301 2176 1330 ⁸⁷·

2075 1387 2320 1446 “3115.5.
2371 1389 2496 1446 Dies
2537 1391 2646 1446 diei
2681 1401 2888 1448 eructat
2931 1393 3162 1462 uerbum,
3205 1409 3256 1452 et
3289 1413 3394 1452 nam
3433 1401 3574 1454 nocti

2005 1481 2204 1536 indicat
2251 1485 2548 1538 scientiam.
2603 1484 2771 1542 Docet
2821 1487 2959 1553 dies,
2991 1487 3150 1544 docet
3187 1491 3426 1562 itemque
3464 1507 3574 1548 nox

2002 1591 2098 1632 eos
2121 1576 2216 1646 qui
2249 1576 2464 1632 institui
2492 1587 2806 1648 pet-optant,
2841 1595 3008 1650 quam
3039 1581 3328 1638 ineﬂ‘abilis
3353 1585 3572 1657 sapien-

2001 1667 2100 1732 tia,
2151 1683 2314 1740 quam
2347 1671 2920 1741 incomprehensibilis
2973 1673 3154 1728 virtus
3197 1675 3270 1729 sit
3324 1675 3438 1742 Dei,
3475 1679 3568 1750 qui

2003 1759 2136 1830 ipsis
2173 1769 2478 1832 temporum
2523 1763 2808 1818 intervalla
2851 1763 3132 1820 dimensus
3166 1775 3272 1822 est.
3327 1765 3386 1822 Si
3417 1783 3572 1824 nam-

311 1853 378 1906 Εἰ
415 1855 516 1925 μὲν
545 1853 652 1926 γάρ
693 1853 880 1926 μηδεὶς
919 1849 986 1926 ἦν
1015 1857 1044 1910 ὁ
1079 1857 1174 1908 καὶ¹
1200 1857 1424 1922 ταύταις
1450 1857 1618 1932 ὥραις
1653 1861 1748 1914 καὶ
1775 1860 1894 1932 χρό-

2003 1867 2110 1922 que
2161 1855 2345 1910 nullus
2394 1863 2540 1910 esset
2587 1855 2682 1926 qui
2737 1857 2824 1912 his
2859 1859 3280 1928 tempestatibus
3309 1861 3482 1930 spatia
3515 1869 3573 1918 et

309 1961 448 2008 νους
477 1947 572 1998 καὶ
615 1945 840 2018 καιροὺς
887 1945 1296 2018 διαταξάμενος,
1331 1949 1650 2022 άπρονοήτῳ
1697 1951 1754 2004 δὲ
1805 1953 1901 2006 καὶ

309 2039 500 2111 ἀλόγῳ
521 2041 734 2112 κινήσει
759 2042 900 2096 κατά
917 2059 970 2095 τι
992 2041 1054 2094 σύ
1065 2041 1256 2114 μϐαμα
1283 2047 1566 2114 τυχιμαῖον
1615 2045 1898 2114 ὑφεστῶτα

307 2129 384 2204 ἦν
403 2151 420 2164 ·
449 2135 618 2207 ἐχρῆν
641 2135 810 2207 δήπου
841 2137 916 2208 μὴ
947 2138 1018 2190 τά
1047 2135 1136 2188 ἴσα
1175 2135 1518 2208 διαστήματα
1541 2137 1650 2192 τῶν
1679 2139 1898 2211 ἡμερῶν

307 2227 406 2281 διὰ
435 2229 633 2292 παντὸς
669 2228 764 2282 τοῦ
795 2229 990 2293 αἰῶνος
1033 2230 1350 2299 ὑφεστάναι,
1391 2231 1424 2302 ἢ
1463 2231 1900 2302 συγκεχυμένους

311 2317 500 2370 αὐτῶν
541 2313 678 2370 εἶναι
707 2319 835 2382 τοὺς
879 2319 1122 2390 καιροὺς,
1157 2319 1252 2372 καὶ
1280 2319 1379 2384 τὰς
1411 2319 1610 2385 νύκτας
1637 2321 1694 2375 δὲ
1719 2323 1900 2376 ὡσαύ-

307 2429 426 2476 τως
443 2413 568 2483 εἰκῆ
589 2413 683 2468 καὶ⁹
697 2411 774 2477 ὡς
798 2411 984 2483 ἔτυχεν
1007 2413 1136 2486 φέρε
1145 2413 1284 2469 σθαι.
1311 2415 1556 2484 Ἀλογίας
1575 2415 1682 2488 γὰρ
1695 2415 1896 2489 ἀδελφὴ

309 2503 534 2570 ἀταξία,
567 2505 660 2558 καὶ
695 2503 772 2574 τῷ
793 2505 1064 2576 τυχιμαίῳ
1091 2503 1280 2558 ἕπεται
1313 2505 1568 2578 σύγχυσις
1587 2521 1600 2536 ο
1625 2507 1700 2569 ὡς
1721 2506 1898 2578 ἐμπα-

311 2595 400 2648 λιν
433 2597 612 2667 πάσης
643 2595 894 2661 εὐταξίας
943 2597 1152 2668 ἡγεῖται
1203 2597 1378 2668 λόγος,
1426 2599 1686 2672 ἁρμονίας
1716 2617 1774 2653 τε
1802 2601 1898 2654 καὶ

315 2690 638 2760 συμφωνίας
657 2691 868 2762 ἡγεῖται
897 2693 1074 2761 σοφία.
1117 2693 1178 2746 Ai
1203 2693 1382 2746 τοίνυν
1405 2691 1610 2748 τούτων
1641 2695 1776 2768 πρὸς
1803 2693 1898 2748 άλ-

313 2783 484 2856 λήλας
527 2787 752 2858 ἀμοιϐαὶ
797 2789 890 2842 καὶ
923 2787 1316 2862 ὑποχωρήσεις,
1359 2789 1488 2844 ποτὲ
1538 2789 1636 2862 μὲν
1673 2791 1896 2864 ἡμερῶν

321 2883 732 2954 μηκυνομένων,
775 2883 1172 2956 ὑποχωρουσῶν
1203 2883 1260 2938 δὲ
1291 2884 1470 2938 αὐτῶν
1501 2884 1730 2952 νυκτῶν,
1765 2885 1896 2939 ποτὲ

314 2973 374 3028 δὲ
397 2975 506 3028 τῶν
531 2977 736 3030 νυκτῶν
777 2977 836 3032 τὺ
883 2977 1396 3052 προδεδανεισμένον
1429 2981 1586 3052 χρέος
1622 2981 1762 3034 κατὰ
1795 2983 1894 3054 τὴν

315 3069 424 3124 τῶν
449 3069 608 3142 ὡρῶν
635 3070 862 3144 αὔξησιν
883 3072 1402 3144 άπολαμϐανουσῶν,
1437 3075 1718 3146 μονονουχὶ
1739 3075 1896 3146 φθέγ-

317 3177 500 3229 γονται
547 3163 640 3216 καὶ
673 3161 890 3216 λαλοῦσι
941 3163 1150 3239 μεγάλῃ
1191 3167 1344 3236 φωνῇ
1375 3167 1441 3238 τῇ
1485 3167 1744 3238 πανσόφῳ
1773 3167 1892 3221 δια-

315 3249 466 3316 τάξει
495 3251 590 3306 τοῦ
632 3253 742 3306 τῶν
767 3253 904 3307 ὅλων
941 3253 1312 3326 μαρτυροῦσαι
1349 3255 1507 3322 Θεοῦ,
1549 3259 1642 3311 καὶ
1688 3259 1892 3330 κηρύτ-

315 3361 498 3397 τουσιν
529 3345 836 3418 ἀνθρώποις
871 3347 970 3418 τὴν
1000 3343 1098 3400 τοῦ
1127 3347 1262 3400 Θεοῦ
1292 3348 1518 3417 γνῶσιν·
1554 3349 1694 3404 οὕτω
1719 3351 1778 3404 δὲ
1803 3369 1894 3406 κε-

315 3435 576 3506 κραγὸσιν
627 3437 810 3502 αὐτοῖς
861 3437 1042 3512 ἔργοις
1091 3439 1146 3492 αἱ
1203 3439 1306 3492 τῶν
1359 3439 1584 3512 ἡμερῶν
1635 3441 1730 3495 καὶ
1785 3441 1894 3496 τῶν

317 3527 526 3580 νυκτῶν
575 3529 750 3598 φωναὶ
797 3533 909 3595 τοῖς
952 3531 1166 3584 ἐπαΐειν
1217 3529 1394 3586 αὐτῶν
1433 3531 1770 3604 δυναμένοις,
1817 3535 1894 3600 ὡς

319 3619 582 3692 μηδεμίαν
622 3621 792 3694 ἀκοήν
833 3621 1112 3678 λανθάνειν
1139 3623 1237 3696 τὴν
1257 3623 1596 3679 διδασκαλίαν
1621 3627 1816 3682 αὐτῶν.

385 3799 746 3874 Πεπλήρωται
772 3800 902 3870 γοῦν
927 3803 958 3872 ἡ
987 3803 1245 3872 σύμπασα
1273 3801 1382 3854 τῶν
1401 3801 1700 3874 ἀνθρώπων
1725 3805 1894 3858 οἰκου-

321 3891 454 3962 μένη
485 3891 584 3962 τῆς
611 3891 882 3965 εὐρύθμου
911 3893 1006 3948 καὶ
1027 3891 1318 3964 άμοιϐαίας
1347 3891 1526 3946 αὐτῶν
1549 3895 1766 3965 χορείας
1787 3913 1802 3926 ο
1824 3895 1890 3949 δι’

315 3983 356 4038 ἃ
393 3985 668 4039 λέλεκται·
702 3989 824 4041 Οὐκ
873 3987 990 4040 είσὶ
1023 3985 1230 4040 λαλεαὶ
1269 3983 1410 4040 οὐδὲ
1451 3985 1618 4056 λόγοι
1645 3977 1730 4040 ὧν
1755 3989 1892 4058 οὐχὶ

317 4076 630 4132 ἀκούονται
661 4079 720 4131 αἱ
758 4077 946 4148 φωναὶ
985 4075 1204 4132 αὐτῶν.
1249 4077 1352 4142 Εἰς
1383 4073 1592 4132 πᾶσαν
1614 4075 1728 4146 τὴν
1773 4077 1892 4148 γῆν

315 4169 572 4239 ἐξῆλθεν
597 4173 630 4224 o'
659 4171 919 4241 φθόγγος
949 4169 1168 4238 αὐτῶν,
1193 4169 1292 4224 καὶ
1321 4171 1408 4236 εὶς
1441 4167 1512 4223 τὰ
1533 4169 1758 4238 πέρατα
1781 4169 1891 4240 τῆς

319 4259 667 4331 οἰκουμένης
705 4259 778 4314 τὰ
813 4261 1045 4332 ῥήματα
1073 4259 1304 4316 αὐτῶν·
1353 4260 1508 4332 δῆλον
1541 4261 1618 4326 δὲ,
1657 4261 1738 4316 ὅτι
1781 4261 1890 4316 τῶν

321 4351 536 4424 ἡμερῶν
563 4351 658 4406 καὶ
687 4351 796 4406 τῶν
821 4349 1052 4415 νυκτῶν,
1085 4349 1192 4404 τῶν
1234 4365 1295 4402 τε
1339 4347 1743 4418 διηγουμένων
1775 4348 1890 4418 τὴν

321 4445 420 4500 τοῦ
447 4443 596 4499 Θεοῦ
615 4443 805 4508 δόξαν
827 4443 1090 4516 οὐρανῶν,
1117 4442 1209 4496 καὶ
1235 4439 1330 4496 τοῦ
1359 4439 1472 4510 τὴν
1495 4441 1746 4510 ποίησιν
1771 4439 1890 4496 τῶν

321 4537 526 4608 χειρῶν
555 4537 742 4594 αὐτοῦ
775 4537 1248 4610 ἐξαγγέλλοντος
1287 4533 1682 4608 στερεώματος.
1721 4533 1889 4588 Ἔνθα

319 4629 372 4684 δὲ
399 4631 671 4702 γενομένῳ
721 4647 810 4702 μοι
858 4629 1160 4702 θαυμάζειν
1215 4627 1444 4690 ἔπεισιν,
1477 4627 1628 4690 ὅπως
1663 4627 1693 4678 ὁ
1744 4625 1886 4696 ἱερὸς

321 4723 608 4786 ἀπόστολος
627 4723 688 4776 τό
711 4741 724 4754 η
747 4725 850 4790 El;-
875 4721 1082 4778 πᾶσαν
1101 4721 1216 4788 τὴν
1239 4717 1356 4790 γῆν
1379 4717 1637 4787 ἐξῆλθεν
1661 4721 1694 4772 ὀ
1714 4717 1886 4788 φθόγ-

321 4813 421 4888 τοξι
447 4815 665 4878 αὐτῶν,
699 4815 798 4870 καί
833 4817 920 4882 εις
947 4813 1019 4868 τὰ
1047 4811 1272 4882 πέρατα
1291 4809 1402 4880 τῆς
1427 4809 1784 4881 οἰκουμένης
1811 4809 1882 4863 τὰ

315 4909 546 4978 ῥήματα
565 4906 782 4976 αὐτῶν,
813 4907 906 4960 ἐπὶ
935 4907 1060 4970 τοὺς
1105 4903 1352 4976 μαθητὰς
1379 4903 1474 4958 καὶ
1496 4897 1884 4970 εὐαγγελιστάς

323 5003 410 5056 καὶ
451 5001 778 5065 ἀποστόλους
805 4999 898 5054 τοῦ
933 5001 1182 5072 Σωτῆρος
1217 4997 1374 5070 ἡμῶν
1403 4996 1700 5066 ἀνήνεγκεν
1733 4995 1790 5046 ὲν
1819 4993 1884 5062 τῇ

325 5097 448 5170 πρὸς
487 5095 788 5166 Ῥωμαίους
806 5091 1108 5164 Ἐπιστολῇ.
1156 5090 1486 5162 Ἐπιστήσας
1517 5087 1576 5142 δὲ
1621 5085 1712 5139 τὸν
1759 5083 1882 5138 νοῦν

329 5191 387 5258 τῇ
407 5187 732 5258 άποστολικῇ
759 5183 920 5250 λέξει,
943 5183 1146 5256 σφόδρα
1165 5181 1406 5254 ἀκριϐῶς
1427 5175 1582 5254 εὗρον
1607 5177 1768 5234 αὐτὸν
1797 5193 1886 5270 κα-

327 5279 661 5352 ταχρηστικῷ
675 5277 860 5350 τρόπῳ
875 5275 1144 5350 εὐκαίρως
1158 5275 1254 5348 τὴν
1271 5273 1570 5346 παράθεσιν
1585 5289 1782 5342 πεποιη
1791 5271 1885 5342 μέ-

327 5393 420 5430 νον·
449 5377 510 5428 οὐ
541 5377 650 5447 γὰρ
675 5375 859 5446 ὥσπερ
883 5371 1012 5426 ποτὲ
1029 5371 1126 5442 μὲν
1147 5369 1278 5442 ἔφη’
1321 5369 1569 5434 Ἡσαΐας
1585 5367 1654 5422 δὲ
1689 5364 1882 5436 κράζει

325 5469 464 5536 ὑπὲρ
511 5467 618 5522 τοῦ
679 5465 944 5536 Ἰσραὴλ,
997 5463 1130 5518 ποτὲ
1181 5463 1258 5528 δὲ,
1287 5459 1481 5526 καθὼς
1532 5457 1882 5528 προείρηκεν

334 5561 562 5626 Ἡσαΐας
581 5577 595 5590 ·
617 5561 710 5614 καὶ
739 5559 926 5612 πάλιν·
957 5557 1160 5622 Καθὼς
1187 5555 1535 5626 τέγραεεταν
1565 5549 1660 5605 καὶ
1691 5545 1876 5610 αὖθιςο

381 5743 588 5800 “Psal.
611 5757 832 5802 cxevru.
863 5741 912 5794 i.
987 5739 1034 5770 3"
1069 5738 1202 5794 ibid.
1233 5739 1283 5792 4.
1359 5737 1405 5768 ⁸⁸
1427 5734 1572 5792 Psal.
1603 5747 1760 5800 cum,
1807 5731 1890 5788 IG.
1961 5731 2008 5764 ⁸⁸
2037 5727 2226 5786 Matth.
2261 5745 2336 5798 vi,
2362 5727 2416 5784 9.

331 5839 370 5880 δ’
391 5841 544 5900 Rom.
577 5859 652 5912 Ix,
681 5841 772 5896 27.
840 5839 886 5874 ’°
907 5835 1042 5898 ibid.
1075 5835 1168 5892 29.
1203 5835 1286 5890 “l
1317 5835 1446 5892 Cor.
1478 5849 1516 5902 ι,
1557 5831 1644 5890 '51.

2001 1946 2295 2002 intersﬁtia
2325 1947 2692 2017 bdestinasset,
2725 1948 2820 2004 sed
2861 1951 3152 2004 temerario
3179 1959 3232 2004 et
3261 1951 3572 2008 inconside-

2001 2041 2122 2088 rato
2153 2043 2304 2090 motu
2353 2045 2519 2109 atque
2573 2054 2706 2096 casu
2755 2041 3010 2110 qquiam
3059 2055 3174 2096 [1330
3199 2043 3564 2110 exsisterent;

1999 2137 2272 2198 oporteret
2305 2147 2436 2187 sane
2474 2147 2584 2186 non
2603 2131 2902 2202 aequalibus
2935 2133 3128 2203 spatiis
3171 2133 3288 2190 dies
3313 2151 3342 2188 a
3367 2137 3572 2192 saeculo

2001 2219 2282 2276 ordinatas
2321 2221 2510 2290 fuisse,
2551 2231 2645 2278 aut
2689 2223 2918 2278 confusa
2953 2239 3164 2284 orrum.
3205 2225 3570 2298 similiterque

1997 2311 2238 2367 noctium
2265 2321 2531 2384 tempora,
2571 2329 2704 2370 casu
2739 2331 2802 2370 ac
2829 2315 3052 2370 fortuito
3081 2317 3306 2372 revolvi.
3353 2317 3568 2376 Etenim

1999 2405 2290 2460 temerario
2341 2409 2496 2462 casui
2549 2407 2810 2462 ﬁnitimus
2863 2417 2950 2463 est
2993 2409 3308 2466 inconditus
3371 2425 3558 2466 rerum

1999 2505 2200 2562 status,
2253 2505 2308 2552 et
2365 2497 2650 2552 fortuitam
2701 2515 2814 2554 rem
2871 2501 3122 2570 sequitur
3165 2499 3454 2570 confusio;
3507 2513 3570 2560 ut
3629 2551 3652 2568 ,

1997 2589 2116 2644 vice
2151 2605 2312 2644 versa
2337 2599 2544 2646 rectum
2591 2589 2840 2646 ordinem
2896 2595 3035 2646 ratio
3075 2593 3285 2664 dirigit,
3323 2609 3564 2651 concen-

1997 2685 2223 2748 tumque
2263 2693 2328 2734 ac
2359 2679 2708 2736 concordiam
2781 2671 3286 2752 rernm'sapientia
3332 2683 3568 2742 admini-

1999 2777 2158 2826 strat.
2199 2769 2398 2826 Mutua:
2444 2787 2576 2828 sane
2623 2773 2843 2826 illorum
2889 2773 3300 2830 vicissitudines
3329 2783 3384 2832 et
3429 2793 3564 2832 con-

1995 2865 2274 2918 cessiones
2297 2881 2314 2930 ;
2341 2879 2468 2918 nam
2499 2863 2662 2918 modo
2689 2865 2830 2928 dies,
2856 2865 3191 2922 concedente
3229 2875 3408 2932 nocte,
3437 2883 3564 2938 pro-

1995 2954 2218 3010 lixiores
2258 2961 2409 3020 sunt,
2445 2955 2606 3010 modo
2633 2965 2822 3012 noctes
2851 2955 3094 3012 debitum
3137 2973 3200 3012 ac
3231 2969 3422 3014 mutuo
3463 2961 3560 3016 da-

1995 3053 2110 3100 tum
2149 3047 2384 3116 spatium
2415 3053 2574 3100 aucta
2611 3045 2788 3102 hieme
2823 3061 2888 3102 ac
2931 3055 3252 3118 tempestate
3279 3059 3562 3121 repetunt;

1995 3137 2132 3202 haec,
2169 3137 2418 3207 inquam,
2473 3143 2686 3190 tantum
2741 3153 2850 3192 non
2899 3137 3292 3204 vociferantur,
3353 3156 3416 3195 ac
3463 3157 3562 3198 ceu

1919 3219 1962 3276 C
1996 3229 2142 3284 edito
2175 3229 2416 3284 clamore
2473 3229 2950 3298 sapientissimum
2987 3229 3138 3284 illum
3175 3231 3244 3287 ab
3283 3233 3566 3292 universo-

1995 3339 2114 3378 rum
2163 3321 2274 3378 Deo
2327 3325 2688 3378 constitutum
2750 3323 3002 3378 ordinem
3040 3323 3430 3394 depraedicant,
3465 3327 3566 3382 ho-

1993 3415 2343 3486 minibusque
2405 3413 2498 3470 Dei
2579 3415 2830 3472 notitiam
2895 3417 3249 3472 annuntianl.
3325 3417 3418 3473 Sic
3479 3421 3565 3476 vel

1993 3508 2126 3581 ipsis
2169 3509 2334 3580 gestis
2389 3509 2646 3580 operibus
2709 3509 2922 3565 dierum
2977 3509 3334 3582 noctiumque
3399 3528 3564 3572 voces

1995 3601 2062 3656 iis
2104 3603 2196 3672 qui
2223 3601 2414 3656 auditu
2445 3603 2636 3658 valent
2685 3601 3004 3668 inclamant,
3057 3609 3119 3656 ut
3173 3618 3270 3672 per
3318 3605 3564 3662 omnium

1993 3711 2156 3752 aures
2179 3695 2429 3750 doctrina
2456 3709 2649 3750 eorum
2678 3695 2960 3766 pervadat.

2065 3785 2370 3842 Universus
2403 3787 2588 3858 itaque
2611 3787 2782 3862 orbis,
2821 3785 2916 3856 qui
2961 3785 3030 3840 ab
3062 3786 3380 3844 hominibus
3407 3789 3562 3846 ineo-

1993 3881 2144 3944 litur,
2183 3879 2468 3934 concinnis
2515 3877 2836 3948 hujusmodi
2869 3893 2934 3932 ac
2980 3879 3186 3934 mutuis
3221 3881 3436 3938 choreis
3475 3897 3564 3937 re-

1991 3973 2196 4046 pletum
2223 3979 2348 4038 est;
2395 3985 2566 4040 quare
2613 3969 2850 4024 dicitur;
2905 3967 3062 4024 Vers.
3095 3969 3152 4036 4,
3182 3971 3236 4026 5.
3289 3969 3412 4026 Non
3438 3981 3562 4026 sunt

1993 4063 2232 4134 loquelae,
2289 4077 2449 4132 neque
2499 4077 2785 4126 sermones,
2831 4077 3056 4132 quorum
3113 4077 3216 4116 non
3267 4062 3560 4118 audiantur

1991 4173 2139 4212 uoces
2204 4171 2408 4210 eorum.
2493 4151 2564 4208 In
2635 4169 2838 4208 omnem
2903 4163 3102 4208 terram
3169 4155 3331 4208 exivit
3395 4171 3558 4212 sonus

1989 4265 2194 4314 eorum,
2223 4261 2270 4304 et
2305 4251 2356 4302 in
2382 4249 2514 4318 ﬁnes
2551 4245 2694 4300 orbis
2725 4255 2877 4300 terra:
2905 4245 3058 4300 verba
3083 4263 3286 4313 eorum,
3307 4247 3560 4306 videlicet

1991 4345 2202 4402 dierum
2249 4357 2314 4398 ac
2347 4342 2614 4407 noctium,
2651 4355 2750 4396 nec
2797 4357 2904 4395 non
2944 4341 3228 4405 ccelorum,
3265 4341 3354 4412 qui
3401 4359 3560 4396 enar-

1991 4443 2116 4490 rant
2161 4433 2390 4506 gloriam
2423 4431 2542 4498 Dei,
2575 4437 2630 4488 et
2675 4431 3024 4496 ﬁrmamenti,
3055 4430 3194 4502 quod
3237 4447 3398 4500 opera
3441 4449 3558 4488 ma-

1991 4543 2154 4582 nuum
2181 4525 2298 4596 ejus
2327 4523 2632 4579 annuntiat.
2671 4521 2772 4576 Hic
2795 4538 2962 4593 porro
3003 4525 3136 4578 mihi
3171 4523 3284 4578 haec
3309 4531 3558 4578 contem-

1992 4619 2164 4689 planti
2213 4617 2400 4672 mirari
2444 4615 2614 4678 subit,
2665 4629 2774 4684 quo
2807 4623 2970 4686 pacto
3011 4622 3234 4670 sanctus
3259 4615 3560 4686 Apostolus

1989 4711 2122 4766 illud
2151 4731 2164 4764 :
2213 4709 2284 4764 In
2325 4725 2528 4764 omnem
2563 4717 2758 4760 terram
2787 4707 2944 4760 exivit
2988 4723 3146 4761 sonus
3185 4723 3390 4774 eorum,
3421 4719 3473 4763 et
3499 4709 3560 4764 in

1987 4805 2118 4874 lines
2147 4803 2288 4858 orbis
2323 4811 2476 4856 terrm
2499 4799 2654 4854 verba
2678 4815 2880 4866 eorum,
2923 4799 2990 4854 ad
3033 4799 3354 4870 discipulos,
3387 4815 3558 4858 evan-

1989 4895 2216 4968 gelistas
2251 4903 2302 4950 et
2355 4893 2634 4964 apostolos
2683 4889 2986 4946 Salvatoris
3029 4893 3204 4946 nostri
3241 4891 3296 4946 in
3343 4907 3444 4948 sua
3485 4893 3556 4948 ad

1991 4987 2266 5042 Romanos
2301 4985 2538 5056 Epistola
2583 4981 2868 5038 referat".
2943 4981 3078 5038 Dum
3119 4993 3298 5040 autem
3337 4991 3557 5054 aposto-

1987 5079 2154 5135 licum
2219 5079 2424 5134 dictum
2505 5075 2688 5132 animo
2749 5075 3164 5148 perpenderem,
3221 5073 3554 5144 deprehendi

1987 5173 2168 5244 ipsum
2198 5169 2446 5242 apposite
2477 5167 2774 5223 admodum
2797 5177 2852 5222 et
2883 5173 3190 5238 opportune
3237 5164 3554 5236 huiusmodi

1989 5261 2546 5318 accommodationem
2597 5257 2918 5314 advexisse:
2973 5271 3084 5311 non
3139 5255 3284 5312 enim
3329 5265 3391 5312 ut
3431 5255 3556 5312 aliis

1989 5357 2042 5410 in
2079 5355 2218 5410 locis
2249 5353 2412 5410 modo
2439 5353 2518 5410 sic
2557 5351 2774 5416 cﬂ'atur,
2819 5347 2994 5404 Isaias
3041 5357 3216 5404 autem
3245 5349 3445 5404 clamat
3491 5347 3556 5404 de

1991 5449 2192 5506 lsraete
2211 5449 2256 5482 ⁸³
2283 5465 2298 5514 ;
2342 5447 2507 5504 modo
2539 5447 2640 5511 sic,
2685 5453 2742 5498 ut
2777 5443 3024 5512 prwdixit
3047 5441 3224 5498 Isaias
3249 5443 3294 5476 9°
3321 5457 3554 5506 ;rnrsus

1985 5539 2598 5613 vero,Quemadmodum
2625 5539 2880 5608 scriptum
2909 5547 2986 5594 est
3007 5537 3078 5602 ";
3105 5537 3428 5614 iterumque,
3449 5531 3552 5590 Di-

2513 5727 2556 5760 ⁸⁷
2583 5724 2714 5784 Luc.
2749 5741 2864 5806 axi,
2897 5721 2988 5790 9-6.
3079 5719 3122 5752 ⁸⁸
3171 5715 3330 5772 Rom.
3359 5731 3418 5784 ι,
3459 5715 3548 5776 IJ.
