4122 6454
271 353 396 412 195

1441 363 1948 422 COMMENTABIA
1977 363 2046 420 ΙΝ
2083 361 2424 420 PSALMOS.

3455 365 3560 424 ιρι

269 479 376 534 ἐπὶ
427 481 502 534 τὸ
529 483 678 536 αὑτό
693 500 706 513 ·
735 483 1064 554 ἐπιθυμητὰ
1095 483 1246 556 ὑπὲρ
1275 485 1534 554 χρυσίον
1571 487 1666 540 καί
1707 487 1866 542 λίθον

1973 485 2278 556 justi/icata
2311 485 2364 538 in
2391 483 2672 554 semetipsa
2699 523 2714 550 ,
2761 481 3140 540 desiderabilia
3184 501 3336 556 super
3369 503 3558 544 aurum

269 573 492 640 τίμιον
519 573 736 640 πολὺν,
773 575 872 629 καί
911 579 1244 648 γλυκύτερα
1275 577 1426 648 ὑπὲρ
1459 579 1596 650 μέλι
1637 577 1736 636 καί
1773 595 1876 646 κη-

263 663 436 732 ρίον.
486 665 588 720 Καὶ
633 665 742 736 γὰρ
779 669 812 722 ὁ
837 667 1056 736 δοῦλός
1091 683 1208 724 σου
1247 669 1550 738 φυλάσσει
1591 671 1762 734 αὐτὰ,
1809 671 1878 724 ἐν·

267 755 354 822 τῷ
405 757 762 826 φυλάσσειν
797 761 948 815 αὐτὰ
985 763 1386 831 ἀνταπόδοσις
1427 765 1647 832 πολλή.
1691 765 1874 818 Ταῦτα

265 845 330 900 δὲ
371 849 566 902 πάντα
609 849 956 922 περιεῢ.ηφεν
999 851 1028 904 ὁ
1071 851 1166 906 τοῦ
1201 853 1336 906 Θεοῦ
1377 855 1540 928 νόμος
1583 857 1722 930 ὑπὲρ
1755 857 1875 910 ἐπι-

269 945 534 1012 στροφῆς
578 945 678 1016 τῆς
719 943 916 1016 ψυχῆς.
965 945 1286 1018 Μαρτυρίας
1323 947 1432 1020 γὰρ
1468 947 1682 1020 πρῶτον
1729 967 1874 1020 περι-

267 1033 392 1104 έχει
449 1035 548 1090 καὶ
589 1037 928 1110 δικαιώματα
979 1041 1072 1094 καὶ
1107 1041 1346 1106 ἐντολάς.
1385 1043 1616 1096 Ἔπειτα
1661 1043 1872 1108 τούτοις

265 1125 494 1180 ἅπασιν
525 1127 854 1198 ἐπήρτησεν,
885 1127 1074 1186 ὥσπερ
1102 1129 1402 1202 βακτηρίαν
1427 1131 1870 1204 ὲπιστρεπτικὴν,

265 1219 364 1272 τόν
401 1221 596 1288 φόϐον,
637 1223 732 1275 καὶ
777 1223 870 1275 ἐπὶ
893 1223 1056 1276 πᾶσιν
1093 1223 1280 1296 ὥσπερ
1329 1225 1598 1298 κορωνίδα
1639 1225 1704 1280 τὰ
1753 1227 1874 1298 κρί-

269 1329 434 1382 ματα.
465 1311 700 1386 ἐπέθηκε
733 1313 824 1368 τοῦ
865 1313 1020 1370 Θεοῦ.
1057 1317 1302 1390 Ἐκάστῳ
1343 1317 1400 1372 δὲ
1433 1319 1542 1372 τῶν
1565 1321 1872 1392 εἰρημένων

269 1403 492 1476 ἰδίωμα
533 1407 736 1478 συνῆψε
755 1424 770 1438 ο
797 1407 876 1480 τῷ
903 1409 1002 1480 μὲν
1029 1409 1172 1462 κατὰ
1213 1409 1388 1464 πάντα
1423 1411 1624 1482 γενικῷ
1659 1411 1874 1482 ὠνομα-

265 1495 472 1568 σμένῳ
511 1499 660 1570 νόμῳ
707 1500 806 1573 τὴν
845 1499 948 1571 τῆς
979 1499 1156 1574 ψυχῆς
1197 1501 1530 1574 ἐπιστροφήν
1555 1519 1570 1534 ·
1629 1503 1776 1568 ὅπως
1815 1503 1872 1558 δὲ

263 1593 610 1662 επιπρέφει
649 1594 814 1666 ψυχὴ,
857 1595 946 1648 διὰ
987 1595 1096 1648 τῶν
1135 1595 1264 1664 ἑξῆς
1307 1597 1623 1670 παρίστησι,
1667 1615 1872 1671 μαρτυ-

269 1683 406 1754 ρίαν
437 1685 642 1756 πιστὴν
673 1685 842 1740 είπὼν
871 1687 938 1742 δι’
959 1683 1028 1762 ἧς
1059 1691 1330 1762 σοφίζεται
1377 1693 1404 1744 ὁ
1439 1693 1496 1744 ὲν
1528 1693 1747 1766 Χριστῷ
1779 1695 1872 1766 νή-

267 1793 404 1842 πιος
425 1795 442 1808 ο
479 1779 668 1834 ἔπειτα
699 1779 1040 1854 δικαιώματα
1071 1785 1296 1856 Κυρίου,
1323 1785 1640 1840 καὶτούτων
1675 1786 1870 1858 ἰδίωμα

267 1869 546 1940 προσθεὶς
575 1873 636 1926 τὸ
669 1869 808 1926 εἶναι
847 1873 984 1928 αὑτὰ
1017 1875 1200 1940 εὐθέα,
1231 1877 1440 1950 καρπόν
1473 1895 1530 1930 τε
1559 1879 1670 1942 τοῖς
1703 1895 1868 1950 μετα-

265 1963 624 2036 λαμϐάνουσι
683 1969 988 2040 παρέχοντα
1041 1969 1140 2042 τὴν
1191 1969 1546 2042 εὐφροσύνην.
1611 1973 1720 2026 Καὶ
1775 1973 1870 2028 ἐπὶ

265 2055 496 2122 τούτοις
525 2057 740 2130 ἐντολὴν
767 2061 992 2132 Κυρίου,
1019 2055 1088 2134 ἧς
1117 2063 1208 2116 καὶ
1233 2063 1400 2134 αὐτῆς
1429 2063 1488 2117 τὺ
1519 2063 1714 2134 ἰδίωμα
1737 2081 1870 2137 παρ-

269 2147 536 2222 έστησεν,
573 2149 818 2224 τηλαυγῆ
864 2153 1042 2226 φήσας
1081 2153 1248 2226 αὐτὴν
1285 2155 1376 2208 καὶ
1425 2153 1534 2208 τῶν
1577 2155 1868 2228 ὀφθαλμῶν

265 2243 374 2314 τῆς
407 2243 592 2314 ψυχῆς
623 2245 976 2316 φωτιστικήν.
1005 2245 1096 2316 Τῷ
1117 2245 1172 2300 δὲ
1207 2245 1356 2318 φόϐῳ
1389 2247 1484 2302 τοῦ
1515 2249 1718 2320 Κυρίου
1747 2267 1870 2302 συν-

269 2335 422 2408 ῆψεν
467 2335 566 2410 τὴν
611 2337 852 2408 ἁγνείαν,
903 2339 1000 2392 καὶ
1045 2341 1110 2410 τῇ
1155 2339 1344 2412 ἁγνεία
1381 2341 1480 2412 τὴν
1525 2341 1720 2414 διαρκῆ
1775 2343 1870 2396 καὶ

267 2427 504 2486 αἰώνιον
535 2431 700 2504 ζωήν.
741 2431 852 2486 Καὶ
891 2433 984 2485 ἐπὶ
1017 2435 1148 2486 πᾶσι
1189 2433 1282 2488 καὶ
1323 2433 1460 2504 μετὰ
1493 2435 1670 2488 πάντα
1706 2451 1870 2508 προσ-

271 2523 484 2596 έθηκεν
541 2523 636 2598 τὴν
675 2525 768 2580 τοῦ
815 2525 950 2580 Θεοῦ
999 2527 1200 2600 κρίσιν,
1249 2527 1454 2600 συνῆψέ
1485 2545 1544 2582 τε
1591 2529 1726 2602 αὐτῇ
1769 2529 1868 2602 τὴν

271 2615 548 2686 ἀλήθειαν
585 2615 680 2670 καὶ
709 2617 808 2688 τὴν
835 2617 1202 2688 δικαιοσύνην.

345 2707 802 2780 Παωπτὼμιιτα
857 2711 948 2777 τίς
973 2711 1266 2778 mimica;
1315 2713 1384 2766 ἐκ
1435 2711 1554 2766 τῶν
1603 2713 1870 2784 κρυφίων

269 2817 406 2870 μου
433 2803 760 2870 καθάρισον
781 2819 879 2872 με,
923 2803 1020 2858 καί
1055 2803 1172 2858 ἀπὸ
1201 2805 1534 2874 ἀλλοτρίων
1553 2805 1752 2876 φεῖσαι
1787 2805 1868 2872 τῷ

269 2889 488 2960 δούλῳ
517 2909 652 2948 σου.
689 2895 834 2949 Ἀντὶ
869 2895 928 2948 δὲ
973 2895 1088 2960 τοῦ,
1142 2895 1274 2951 Ἀπὸ
1307 2899 1640 2968 ἀλλοτρίων·
1665 2897 1866 2968 φεῖσαι

275 2981 360 3048 τῷ
413 2981 614 3048 δούλῳ
655 2999 792 3050 σου,
831 2987 860 3040 ὀ
891 2985 1120 3050 Ἀκύλας
1165 2988 1428 3054 ἐξέδωκα
1479 2990 1590 3044 Καί
1639 3007 1704 3060 γε
1747 2989 1868 3044 ἀπὸ

273 3077 686 3144 ὑπερηφάνων
723 3077 1112 3146 συντήρησωρ
1149 3081 1256 3134 τὸν
1301 3079 1524 3136 δοῦλόν
1560 3095 1694 3138 σου.
1731 3081 1868 3152 Σφό-

1977 589 2026 634 et
2051 579 2280 648 lapidem
2309 579 2596 648 pretiosum
2625 577 2874 644 multum,
2905 589 2956 632 et
2997 577 3240 634 dulciora
3271 597 3426 651 super
3461 585 3562 636 me!

1977 685 2024 728 et
2057 673 2254 743 favum.
2289 671 2494 726 Etenim
2525 689 2702 726 servus
2742 681 2862 726 tuus
2894 672 3124 726 custodit
3157 689 3220 728 ea
3243 673 3344 738 ,,t'tt
3375 681 3556 731 custo-

1977 763 2182 820 diendis
2237 763 2346 818 illis
2399 765 2678 818 retributio
2729 765 2919 820 multa.
2965 763 3090 820 litec
3139 773 3320 820 autem
3371 763 3555 822 omnia

1975 855 2354 926 complectitur
2381 855 2466 912 lex
2507 853 2602 912 Dei
2647 869 2746 926 pro
2777 855 3146 912 conversione
3175 857 3372 912 animae
3403 857 3552 912 data.

1975 945 2110 1002 Nam
2149 947 2324 1018 primo
2347 945 2682 1012 testimonia,
2732 947 3158 1018 justiﬂcationes
3194 955 3248 1004 et
3288 955 3556 1018 prtecepta

1975 1035 2242 1093 continet.
2297 1033 2394 1091 His
2437 1025 2634 1092 deinde
2691 1037 2947 1094 omnibus
2977 1037 3226 1093 timorem
3257 1039 3554 1109 appendit,

1974 1129 2130 1202 quasi
2153 1129 2406 1186 baculum
2445 1129 2510 1184 ad
2535 1129 2960 1186 convertendum
2989 1137 3394 1202 opportunum:
3431 1145 3554 1184 om-

1975 1221 2244 1292 nibusque
2269 1221 2478 1292 judicia
2511 1221 2608 1276 Dei
2645 1235 2744 1278 ceu
2775 1221 3090 1276 coronidem
3125 1205 3396 1290 adjunxit.
3429 1217 3556 1276 Sin-

1973 1315 2116 1388 gulis
2143 1323 2322 1372 autem
2343 1313 2787 1386 supradictorum
2823 1329 2980 1372 suam
3017 1313 3228 1370 addidit
3257 1313 3558 1384 proprieta-

1975 1419 2102 1474 tem,
2135 1409 2188 1463 id
2229 1415 2333 1474 est,
2361 1409 2464 1480 legi
2495 1423 2616 1480 qua:
2647 1409 2736 1464 liic
2777 1409 3076 1480 generatim
3121 1407 3376 1472 cﬂ'ertur,
3429 1423 3558 1464 con-

1971 1503 2276 1558 versionem
2327 1503 2540 1558 animm.
2591 1501 2712 1570 Quo
2763 1511 2922 1572 pacto
2973 1509 3152 1557 autem
3203 1509 3560 1558 convertatur

1973 1595 2176 1664 anima,
2213 1595 2268 1650 iu
2297 1595 2654 1666 sequentibus
2685 1595 2890 1666 aperit,
2927 1593 3146 1666 quando
3177 1593 3553 1650 testimonium

1973 1687 2130 1744 ﬁdele
2159 1697 2445 1758 memorat,
2477 1705 2587 1761 quo
2617 1689 2798 1760 quivis
2847 1687 3030 1742 infans
3077 1687 3128 1741 in
3173 1685 3424 1749 Christo,
3461 1701 3554 1742 sa-

1973 1783 2126 1853 piens
2157 1783 2414 1839 el'ﬁcitur.
2451 1781 2656 1838 Deinde
2685 1797 2814 1836 vero
2857 1781 3284 1852 justiﬁeationes
3315 1777 3552 1842 Domini,

1969 1877 2170 1949 quibus
2203 1879 2330 1933 item
2363 1891 2520 1932 suam
2575 1876 2964 1946 proprietatem
3009 1873 3237 1944 adjicit,
3295 1871 3556 1928 nimirum

1969 1969 2116 2042 quod
2161 1977 2324 2024 recta:
2353 1967 2500 2034 sint,
2551 1983 2616 2022 ac
2651 1967 2734 2022 sui
2771 1965 3131 2038 participibus
3181 1963 3382 2019 latitia:
3443 1961 3558 2018 fru-

1969 2069 2118 2118 ctum
2149 2061 2384 2134 pariant.
2415 2059 2498 2114 Ad
2527 2059 2663 2124 haec,
2695 2065 3024 2130 praeceptum
3077 2057 3296 2112 Domini
3325 2097 3340 2120 ,
3391 2055 3554 2124 cujus

1971 2169 2188 2226 quoque
2217 2153 2600 2224 proprietatem
2629 2151 2955 2218 declaravit,
2989 2149 3120 2206 dum
3169 2149 3413 2206 lucidum
3461 2147 3554 2202 di-
3653 2207 3666 2226 ε

1969 2248 2040 2304 cit
2069 2261 2212 2312 esse,
2237 2247 2540 2316 animaeque
2573 2245 2766 2300 oculos
2809 2243 3142 2300 illuminare.
3175 2241 3382 2297 Timori
3437 2237 3550 2295 Do-

1969 2339 2104 2394 mini
2135 2339 2422 2410 subiunxit
2455 2339 2760 2394 castitatem
2783 2375 2798 2400 ,
2853 2345 2910 2392 ct
2941 2335 3182 2390 castitati
3235 2339 3552 2404 perpetuam

1967 2443 2336 2503 aeternamque
2371 2433 2562 2486 vitam.
2623 2429 2852 2486 Domum
2887 2443 3052 2498 supra
3105 2429 3290 2480 omnia
3339 2433 3394 2480 et
3431 2431 3556 2496 post

1969 2527 2154 2582 omnia
2177 2525 2448 2596 judicium
2487 2521 2576 2578 Dei
2609 2521 2841 2586 addidit,
2873 2521 2960 2576 cui
2991 2519 3276 2576 veritatem
3303 2525 3358 2573 et
3389 2517 3554 2588 justi-
3599 2553 3614 2564 -

1969 2619 2102 2672 tiam
2137 2617 2399 2672 annectit.

2041 2709 2208 2766 Vens.
2231 2709 2316 2772 15,
2345 2709 2428 2764 ii.
2451 2705 2654 2764 Deticta
2667 2699 2782 2778 quis
2803 2705 3084 2776 inteliigct?
3101 2703 3166 2759 ab
3191 2703 3408 2758 occultis
3425 2703 3552 2758 meis

1969 2803 2170 2856 munda
2201 2819 2301 2868 me,
2325 2811 2374 2856 et
2401 2801 2466 2856 ab
2489 2801 2678 2856 alienis
2707 2815 2862 2869 parce
2897 2815 3042 2853 servo
3069 2807 3180 2852 tuo.
3221 2797 3372 2852 Illius
3405 2785 3548 2860 luco,

1965 2901 2032 2954 ab
2065 2895 2254 2950 alienis
2281 2911 2438 2966 parce
2461 2911 2610 2950 servo
2639 2905 2748 2958 tuo,
2779 2891 2976 2964 Aquiia
3003 2889 3194 2952 edidit,
3225 2899 3276 2943 et
3307 2907 3340 2942 a
3369 2903 3552 2956 super—

1971 2985 2050 3040 bis
2085 2987 2292 3042 custodi
2323 3003 2530 3042 servum
2563 2995 2726 3040 tuum.
2771 2981 3076 3038 Admodum
3109 2995 3336 3036 necesse
3365 2981 3468 3034 fuit
3491 2987 3550 3034 ut

1969 3081 2114 3136 hanc
2143 3081 2418 3136 emitteret
2447 3079 2774 3144 orationem,
2799 3089 2908 3148 quo
2944 3089 2974 3128 τι
3002 3073 3262 3144 superbia
3287 3073 3550 3128 liberare-

275 3167 386 3240 δρα
413 3169 726 3238 ἀναγκαίως
761 3171 854 3226 καὶ
879 3170 1080 3243 ταύτην
1111 3171 1408 3244 ἐκπέμπων
1439 3175 1536 3246 τὴν
1573 3175 1758 3246 εὐχὴν,
1791 3173 1866 3238 ὡς

1973 3179 2079 3225 tur.
2109 3167 2560 3240 Quandoquidem
2589 3185 2706 3236 eos,
2733 3167 2828 3240 qui
2859 3181 2982 3222 sese
3021 3165 3192 3234 probe
3223 3177 3288 3218 ac
3326 3171 3551 3218 strenuo

277 3259 346 3318 ἂν
371 3263 598 3336 ῥυσθείη
619 3263 726 3318 ἀπὸ
749 3265 1142 3336 ὑπερηφανίας.
1175 3265 1388 3338 Ἐπειδὴ
1416 3265 1524 3338 γὰρ
1545 3271 1656 3332 τοῖς
1679 3285 1870 3342 κατορ-

281 3353 442 3408 θοῦσι
473 3354 774 3426 παρέπεταί
815 3372 900 3418 τις
925 3355 1182 3425 λογισμὸς
1209 3353 1466 3420 πολλάκις
1497 3357 1864 3430 ὑπερήφανος,

279 3445 656 3520 δπαιρομένης
705 3449 798 3502 καὶ
859 3448 1230 3520 χαυνουμένης
1277 3449 1376 3520 τῆς
1428 3449 1606 3522 ψυχῆς
1653 3451 1738 3520 ἐφ’
1785 3447 1866 3516 οἷς

279 3539 452 3610 ἑαυτῇ
487 3541 720 3594 συνοίδεν
759 3541 1010 3610 ἀγαθοῖςη
1055 3537 1174 3594 εἶτα
1213 3541 1294 3612 τῷ
1341 3541 1442 3614 τῆς
1489 3543 1866 3615 ὑπερηφανίας

281 3633 656 3704 aptasse-Sua
703 3633 888 3706 κακῷ,
931 3633 1076 3706 ἄλλῳ
1115 3635 1300 3708 τρόπῳ
1345 3635 1730 3708 τραχηλίζεται
1771 3640 1865 3692 καὶ

281 3725 640 3778 καταπίπτει·
687 3725 762 3790 ὡς
801 3726 888 3780 διὰ
929 3725 1086 3782 τοῦτο
1125 3727 1354 3798 φάσκειν
1383 3731 1476 3784 τὸν
1517 3729 1858 3786 Ἀπόστολον·

283 3819 414 3872 Ἵνα
435 3819 522 3888 μὴ
547 3821 830 3888 τυφωθεὶς
851 3823 938 3887 είς
965 3821 1138 3892 κρζιια
1162 3821 1392 3894 ἐμπέσῃ
1421 3821 1524 3878 τοῦ
1549 3821 1830 3880 διαϐόλου
1845 3841 1860 3856 ο

281 3909 596 3978 ἀναγκαίως
635 3911 938 3984 προειπών·
975 3915 1086 3968 Καὶ
1139 3915 1248 3983 γὰρ
1285 3917 1320 3970 d
1361 3915 1580 3982 δοῦλός
1605 3931 1722 3970 σου
1753 3935 1864 3986 φυ-

279 4001 504 4058 λάσσει
549 4005 722 4068 αὐτὰ,
769 4005 864 4058 καὶ
903 4005 1116 4074 φύλακα
1157 4005 1264 4060 τῶν
1309 4005 1402 4060 τοῦ
1449 4007 1584 4060 θεοῦ
1633 4009 1864 4064 ἐντολῶν

283 4093 478 4150 ἑαυτὺν
519 4095 710 4158 εἰπὼν,
741 4097 970 4152 ἱκετεύει
1011 4097 1274 4170 piceam
1311 4097 1422 4154 ἀπὸ
1461 4099 1860 4171 ὑπερηφανίας,

283 4189 380 4242 καὶ
403 4187 648 4258 ἐπιλέγει
667 4205 682 4220 ⁶
729 4191 864 4244 Ἐὰν
885 4189 972 4260 μή
1006 4207 1124 4260 μου
1161 4191 1706 4260 κατακιιοιεύσωσι,
1729 4191 1864 4244 τότε

283 4279 522 4352 ἄμωμος
563 4283 776 4353 ἔσομαι
795 4322 812 4348 ,
853 4284 952 4338 καὶ
1001 4285 1134 4338 τότε
1183 4281 1694 4354 καθαρισθήσομαι
1743 4283 1862 4338 ἀπὸ

281 4373 572 4444 ἁμαρτίας
591 4375 878 4446 μεγάλης.
915 4375 1066 4442 Τέως
1091 4377 1188 4448 μὲν
1215 4377 1326 4448 γὰρ
1351 4375 1443 4430 ἐπὶ
1471 4371 1566 4430 τοῦ
1599 4377 1864 4450 παρόντος

281 4467 334 4522 εί
359 4469 452 4522 καὶ
477 4467 693 4538 φύλακα
723 4469 958 4540 ἐμαυτὸν
987 4451 1184 4541 εἴρηκα
1225 4469 1334 4522 τῶν
1362 4467 1456 4522 τοῦ
1489 4467 1620 4522 Θεοῦ
1651 4483 1862 4540 παραγ-

1969 3269 2190 3336 gerunt,
2223 3263 2470 3334 quaedam
2514 3261 2833 3334 plerumque
2879 3255 3118 3328 superba
3157 3255 3412 3327 cogitatio
3459 3267 3550 3310 se-

1968 3357 2190 3428 quitur;
2222 3357 2352 3412 dum
2383 3355 2565 3410 anima
2611 3355 2880 3410 bonorum
2911 3365 3136 3424 operum
3171 3349 3275 3406 sibi
3301 3347 3546 3410 conscia.

1967 3453 2250 3510 extollitur
2277 3467 2340 3507 ac
2363 3449 2652 3524 magniﬁce
2683 3449 2750 3506 de
2773 3447 3030 3506 se-seutit
3055 3463 3070 3514 ;
3106 3444 3304 3500 deinde
3337 3457 3470 3500 vero
3493 3439 3550 3498 in

1969 3547 2238 3618 superbia:
2265 3547 2468 3602 malum
2509 3543 2758 3616 delapsa,
2793 3543 2898 3598 alia
2937 3555 3156 3612 quoque
3181 3537 3394 3593 ratione
3417 3549 3548 3608 pro-

1967 3639 2232 3695 sternitur
2273 3653 2338 3692 ac
2369 3635 2610 3704 decidit;
2651 3635 2880 3704 ideoque
2913 3633 2986 3688 ait
3015 3631 3312 3702 Apostolus
3341 3629 3426 3679 ’δε
3463 3625 3546 3682 Ne

1965 3729 2020 3782 in
2043 3727 2348 3798 superbiant
2376 3727 2570 3790 elatus,
2597 3725 2654 3778 in
2673 3723 2934 3794 judicium
2959 3719 3158 3774 incidat
3181 3715 3418 3770 diaboli:
3449 3729 3548 3770 ne-

1965 3821 2204 3876 cessaria
2231 3835 2364 3875 sane
2393 3827 2682 3890 postquam
2705 3815 2936 3878 dixerat,
2959 3813 3150 3868 etenim
3191 3825 3370 3864 seruus
3423 3817 3544 3862 tuus

1963 3911 2196 3966 custodit
2221 3927 2304 3974 ea,
2331 3925 2396 3964 ac
2427 3925 2550 3964 sese
2583 3905 2674 3962 Dei
2709 3913 3102 3978 pratccptorum
3135 3903 3400 3954 cultorem
3425 3911 3546 3969 pro-

1965 4003 2146 4061 fessus
2171 4011 2288 4058 erat
2309 4043 2325 4066 ,
2359 4001 2496 4072 eripi
2525 4015 2584 4058 se
2615 4005 2774 4070 rogat
2803 4013 2834 4052 ιι
2867 3995 3124 4064 superbia
3149 4033 3166 4060 ,
3217 4001 3380 4064 atque
3409 3991 3544 4046 sub-

1965 4089 2166 4146 infert:
2219 4087 2280 4144 Si
2325 4089 2426 4143 mei
2459 4103 2562 4142 non
2609 4087 2808 4157 fuerint
2847 4083 3148 4148 deminuti,
3197 4091 3320 4136 tunc
3353 4081 3546 4134 imma-

1963 4183 2172 4238 culatus
2199 4199 2288 4238 ero
2311 4221 2327 4248 ,
2375 4189 2426 4236 et
2457 4191 2580 4236 tunc
2607 4177 2934 4236 emundaoor
2975 4193 3010 4230 a
3039 4175 3230 4230 delicto
3285 4174 3540 4228 maxime.

1963 4275 2078 4334 Etsi
2123 4278 2388 4332 hactenus
2431 4291 2518 4332 me
2563 4283 2728 4346 atque
2759 4273 2814 4328 in
2848 4273 3102 4344 praesenti
3147 4277 3542 4338 praeceptorum

1963 4369 2060 4426 Dei
2093 4371 2356 4426 cultorem
2403 4367 2552 4436 dixi;
2607 4373 2664 4422 at
2715 4381 2840 4421 cum
2899 4379 2986 4418 me
3023 4361 3094 4418 ab
3144 4361 3376 4418 occultis
3407 4357 3546 4414 meis

1963 4473 2250 4536 purgatum
2281 4461 2522 4517 nondum
2554 4459 2747 4526 sciam,
2777 4457 2958 4512 adhuc
2981 4457 3038 4512 in
3069 4457 3366 4511 certamine
3394 4449 3544 4523 posi-

281 4559 594 4632 γελμάτων,
623 4561 738 4615 ἀλλ’
760 4539 890 4614 ἐπεὶ
909 4539 1120 4616 οὐδέπω
1146 4561 1398 4616 συνοίδαέ
1407 4559 1595 4632 μαυτῷ
1623 4539 1860 4616 κεκαθα-

1967 4565 2078 4622 tus,
2125 4569 2190 4611 ac
2236 4555 2506 4612 sollicitus
2555 4559 2616 4608 ut
2647 4567 2677 4606 a
2713 4551 2968 4622 superbia
3015 4551 3247 4622 eripiar,
3297 4549 3422 4620 jure
3477 4559 3542 4601 ac

285 4653 526 4726 ρισμένῳ
547 4653 610 4708 ἐκ
633 4653 742 4708 τῶν
771 4653 1014 4726 κρυφίων
1055 4671 1176 4726 μου,
1199 4653 1280 4708 ἔτι
1311 4653 1358 4708 δ’
1385 4653 1600 4724 ἀγωνιῶ
1631 4653 1724 4708 καὶ
1759 4669 1858 4708 πε-

283 4745 546 4818 φρόντικα
571 4745 644 4810 ὡς
679 4745 746 4800 ἂν
781 4747 1034 4820 ῥυσθείην
1064 4745 1172 4800 ἀπὸ
1205 4745 1600 4819 ὑπερηφανίας,
1637 4747 1860 4810 εἰκότως

283 4837 450 4908 φημὶ,
479 4835 574 4890 ἅτε
605 4835 826 4908 μηδέπω
845 4837 904 4892 τὸ
925 4837 1126 4892 τέλειον
1147 4837 1518 4908 καθορθὼσας.
1555 4837 1686 4892 Τότε
1709 4839 1860 4910 ἀκρι-

283 4927 394 4993 ϐῶς
413 4928 694 5000 γνιῖισομαι
711 4929 944 5000 ἐμαυτὸν
965 4929 1214 5002 ἄμωμον,
1231 4931 1324 4984 καὶ
1343 4931 1466 4984 τότε
1485 4929 1592 4984 ἀπὸ
1617 4929 1858 5002 μεγάλης

281 5019 752 5092 καθαρισθήσομαι
779 5021 1074 5094 ἁμαρτίας,
1117 5021 1334 5076 ἐπειδὰν
1373 5023 1510 5094 μήτε
1539 5023 1608 5076 τὰ
1649 5021 1860 5094 κρύφιά

285 5127 388 5184 μου
413 5113 902 5184 κατακνριεὺσωσι,
939 5115 1074 5188 μήτε
1095 5113 1352 5186 λογισμὸς
1381 5115 1732 5188 ὑπερήφανος
1759 5131 1860 5168 κα-

281 5201 602 5258 ταδουλώσει
653 5221 754 5276 με,
799 5205 832 5278 ἢ
883 5207 1110 5280 πονηροὶ
1163 5207 1438 5278 δαίμονες.
1503 5207 1760 5278 Μεγάλην
1801 5207 1858 5262 δὲ

287 5297 552 5370 ἁμαρτίαν
597 5297 696 5372 τὴν
735 5299 1236 5374 ἀποτελεσματικήν
1271 5301 1348 5372 (Ι)
1401 5317 1584 5372 φησιν.
1633 5301 1698 5354 El
1747 5299 1856 5372 γὰρ

286 5389 360 5462 μὴ
383 5393 490 5448 ἀπὸ
521 5392 628 5448 τῶν
669 5391 914 5468 κρυφίων
949 5409 1050 5465 μου
1083 5393 1492 5468 καθαρισθείην,
1525 5393 1848 5466 ἐπιμένοντα

353 5577 442 5632 ³⁵1
473 5577 614 5636 Tim.
649 5595 734 5646 ιιι,
761 5579 816 5634 6.

1957 4647 2154 4704 merito
2175 4647 2256 4702 sic
2287 4645 2510 4717 loquor,
2545 4653 2734 4716 utpote
2765 4645 2856 4716 qui
2883 4643 3126 4700 nondum
3157 4643 3224 4698 ad
3257 4647 3454 4698 metam
3483 4645 3538 4696 et

1958 4741 2024 4796 ad
2057 4739 2448 4812 perfectionem
2475 4739 2808 4810 pertigcrim.
2839 4735 2996 4792 Tunc
3025 4751 3112 4792 me
3149 4737 3308 4806 plane
3343 4733 3540 4788 immau

1957 4835 2197 4888 culatum
2227 4849 2450 4890 noscam
2477 4871 2492 4898 ,
2521 4839 2654 4888 tunc
2681 4829 3020 4888 emundabor
3051 4843 3082 4884 ιι
3114 4827 3320 4884 delicto
3365 4825 3542 4880 maxi-

1957 4943 2070 4992 mo,
2097 4943 2222 4984 cum
2253 4929 2470 4983 occulta
2503 4927 2608 4984 mei
2637 4941 2746 4982 nou
2783 4921 3248 4988 dominabuntur,
3288 4937 3410 4976 cum
3443 4933 3540 4976 suo
3631 4945 3648 4962 -

1955 5021 2122 5092 perba
2161 5021 2420 5092 cogitatio
2446 5035 2510 5076 ac
2551 5019 2776 5090 maligni
2803 5017 3080 5074 daemones
3127 5029 3214 5070 me
3258 5013 3538 5068 subditum

1955 5131 2066 5172 non
2093 5113 2436 5170 dctinebunt.
2481 5111 2784 5168 Maximum
2843 5123 3008 5182 porro
3053 5107 3310 5162 delictum
3341 5111 3538 5168 vocat,

1955 5207 2458 5278 apotelesmaticen,
2489 5205 2604 5262 sive
2638 5205 2986 5273 astrologiam
3007 5197 3378 5272 judiciariam.
3401 5195 3538 5250 Nam

1955 5299 2002 5356 si
2029 5299 2098 5354 ab
2129 5297 2363 5356 occultis
2393 5301 2530 5356 meis
2559 5297 2890 5354 emundatus
2937 5309 3048 5350 nou
3105 5293 3324 5356 fuerim,
3349 5291 3538 5348 isthaac

1953 5393 2152 5450 delicta
2183 5393 2236 5448 in
2273 5407 2358 5450 me
2399 5391 2776 5466 permanentia
2805 5391 2862 5446 in
2889 5403 3118 5460 pravum
3147 5385 3422 5460 quoddam
3457 5381 3536 5438 fa-

355 5757 434 5828 (l)
469 5759 601 5826 Quae
629 5759 716 5814 hic
737 5759 804 5816 de
823 5761 1262 5834 apotelesmatica
1289 5759 1570 5826 dicuntur,
1599 5773 1726 5818 cum
1750 5755 2104 5830 sequentibus
2141 5769 2252 5814 non
2271 5759 2598 5822 congruunt.
2641 5749 2826 5818 Quare
2887 5743 3296 5806 sttbodoratnur
3330 5735 3534 5816 _aliqua

289 5849 516 5922 inferius
543 5855 828 5914 excidisse.
