4122 6454
515 355 617 412 1515

1235 354 1498 411 susse"
1538 352 2009 411 cessamus
2043 348 2191 410 ore.
2222 332 2415 408 bans
2450 323 2540 400 ιιιο
2585 343 2994 412 EXEGETICA.

3678 356 3790 412 196

507 470 668 526 cuius
700 487 784 527 me
824 471 1140 542 conjicient,
1179 486 1382 543 eroque
1416 487 1614 543 magno
1664 481 1886 542 peccato
1913 471 2085 528 obno-

2197 467 2356 523 ταῦτα
2407 465 2478 520 τὰ
2519 469 2939 541 παραπτώματα
2989 469 3069 533 είς
3123 467 3317 541 πρᾶξιν
3364 469 3572 542 φαύλην
3617 488 3788 542 μετα-

509 577 655 618 Χιυε.

583 653 748 711 Vsus.
790 655 874 711 l5.
917 653 986 709 Et
1008 665 1160 709 erunt
1203 655 1256 708 in
1301 655 1684 726 beneplacitum
1731 655 1940 728 eloquia
1986 657 2094 710 oris

511 749 631 802 mei.
660 749 798 802 Cum
832 748 947 803 haec
977 748 1110 802 mihi
1144 748 1242 804 abs
1268 757 1317 804 te
1338 749 1536 804 collata
1559 748 1782 814 fuerint,
1817 759 1947 804 tunc
1977 749 2092 803 elo-

512 843 639 912 quia
667 841 780 897 oris
811 842 940 905 mei,
967 856 1088 911 qua:
1114 841 1391 910 precando
1411 883 1426 906 ,
1469 849 1523 895 te
1553 840 1769 912 hymnis
1812 839 2097 894 celebran-

511 935 603 998 do,
627 935 833 1004 gratias
861 934 959 987 tibi
989 932 1200 1004 agendo
1233 933 1430 998 obtuli,
1463 933 1664 1004 placita
1685 933 1782 988 tibi
1805 941 1990 988 erunt.
2022 931 2096 985 Ea

511 1043 642 1082 vero
675 1027 873 1098 placita
920 1026 1138 1097 eloquia
1202 1033 1374 1091 sunt,
1431 1042 1553 1097 qua:
1595 1027 1992 1096 approbatione
2044 1032 2098 1081 et

512 1122 673 1178 laude
703 1121 884 1192 digna.
939 1119 1008 1175 Et
1050 1121 1326 1176 meditatio
1365 1122 1540 1176 cordis
1585 1123 1689 1176 mei
1734 1123 1791 1174 in
1823 1130 2098 1191 conspectu

513 1223 602 1266 tuo
632 1221 708 1266 est
733 1227 951 1280 semper.
977 1211 1253 1267 Meditatio
1279 1212 1478 1268 mentis
1501 1226 1655 1277 meae,
1674 1225 1795 1280 qua:
1817 1211 1871 1264 in
1894 1210 2100 1280 cogita-

511 1307 753 1362 tionibus
783 1314 836 1361 et
864 1307 1031 1359 animi
1080 1305 1334 1362 sensibus
1377 1304 1824 1376 perﬁcitur,cum
1859 1304 1929 1358 sit
1951 1303 2101 1357 omni

512 1399 673 1469 culpa
721 1399 1000 1464 immunis,
1032 1399 1084 1453 in
1127 1406 1425 1468 conspectu
1479 1407 1576 1453 tuo
1615 1408 1962 1469 estsemper.
1990 1397 2101 1452 Me-

515 1491 708 1547 ditatio
730 1508 862 1548 sane
883 1508 990 1547 non
1020 1492 1240 1547 aliunde
1271 1507 1438 1562 quam
1471 1492 1568 1547 abs
1602 1501 1656 1547 te
1686 1491 1962 1562 inculpata
1979 1505 2102 1546 esse

517 1585 676 1651 talet,
699 1587 792 1656 qui
817 1603 902 1642 me
925 1587 993 1641 ab
1019 1587 1251 1642 occultis
1281 1586 1418 1642 meis
1448 1584 1784 1642 emundasti.

587 1678 832 1742 Domine,
867 1679 1084 1750 adjutor
1115 1697 1258 1734 meus
1293 1692 1342 1734 et
1369 1679 1662 1749 redemptor
1691 1694 1857 1733 meus.
1883 1676 1959 1732 Te
1987 1677 2103 1748 opi-

513 1771 748 1835 tulante,
787 1771 1047 1837 Domine,
1081 1789 1111 1826 a
1152 1773 1366 1828 nemine
1399 1771 1688 1826 adversum
1725 1785 1811 1826 me
1845 1769 2104 1840 spiritua-

2196 563 2371 636 φέρει,
2401 558 2495 615 καὶ
2528 561 2749 634 γίνομαι
2777 562 3073 625 ὑπεύθυνος
3104 562 3349 634 ἁμαρτίᾳ
3378 563 3609 634 μεγάλῃ.

2267 657 2373 711 Καὶ
2405 655 2647 709 ἔσονται
2673 657 2762 720 εἰς
2790 653 3072 710 εὐδοκίαν
3097 655 3168 709 τὰ
3207 657 3381 725 λόγια
3412 653 3519 708 τοῦ
3556 657 3777 725 στόματ-

2195 748 2298 812 τός
2327 763 2465 816 μου.
2503 745 2669 799 Ὅταν
2711 743 2885 799 ταῦτά
2931 762 3021 815 μοι
3068 743 3321 816 ὑπαρχθῇ
3365 742 3518 816 παρὰ
3564 745 3678 811 σοῦ,
3707 745 3781 800 τὶ

2197 840 2352 908 λόγια
2398 836 2489 891 τοῦ
2527 838 2792 908 στόματός
2825 854 2924 908 μου
2959 836 2993 891 ἃ
3018 837 3330 909 προήνεγκα
3357 838 3646 910 εὐχόμενός
3673 856 3782 904 σοι,

2201 932 2383 1004 ὐμνῶν
2426 951 2506 997 σε,
2539 931 2873 1004 εὐχαριστῶν
2925 948 3028 996 σοι,
3070 931 3151 995 εἰς
3190 930 3435 986 εὐδοκίαν
3473 933 3648 987 ἔσται.
3688 933 3785 997 Εἰς

2199 1025 2442 1078 εὐδοκίαν
2473 1024 2529 1078 δέ
2559 1027 2704 1078 ἐστιν
2731 1025 2799 1078 τὰ
2833 1024 2987 1094 λόγια
3017 1024 3087 1078 τὰ
3120 1023 3388 1095 ἀποδοχῆς
3423 1025 3566 1090 ἄξια.
3599 1027 3704 1080 Kal
3739 1029 3783 1096 ἡ

2191 1117 2413 1188 μελέτη
2462 1117 2572 1186 τῆς
2612 1118 2859 1186 καρδίας
2897 1135 3014 1187 μου
3064 1117 3321 1171 ἐνώπιόν
3358 1134 3473 1173 σου
3507 1119 3636 1173 ἐστὶ
3682 1119 3785 1173 διὰ

2199 1211 2444 1276 παντός.
2488 1211 2550 1262 Ἡ
2589 1209 2782 1282 μελέτη
2803 1210 2896 1264 τοῦ
2921 1210 3256 1282 διανοητικοῦ
3286 1227 3410 1282 μου,
3443 1211 3698 1284 γινομένη
3719 1213 3784 1266 ὲν

2199 1301 2479 1373 λογισμοῖς
2509 1301 2601 1355 καὶ
2643 1302 2912 1372 νοήσεσιν,
2948 1301 3103 1366 ἐκτὸς
3149 1297 3281 1356 οὖσα
3321 1302 3520 1366 παντὸς
3561 1302 3780 1374 μώμου,

2199 1393 2427 1448 ἐνώπιόν
2458 1411 2550 1448 σου
2577 1395 2831 1472 τυγχάνει
2866 1393 2955 1448 διὰ
2983 1395 3200 1458 παντός.
3237 1395 3310 1448 Τὸ
3333 1394 3514 1466 μέντοι
3553 1395 3651 1466 τῆς
3684 1413 3786 1467 με-

2199 1490 2359 1561 λέτης
2409 1488 2692 1561 ἄμεμπτον
2725 1489 2825 1542 οὐκ
2866 1488 3086 1542 ἄλλοθεν
3134 1489 3167 1560 ἢ
3223 1491 3286 1544 ἐκ
3338 1488 3430 1543 σοῦ
3485 1490 3781 1562 ὐπῆρκται,

2205 1582 2600 1656 καθαρίσαντός
2631 1600 2699 1653 με
2733 1582 2840 1636 ἀπὸ
2870 1582 2975 1637 τῶν
3009 1582 3255 1652 κρυφίων
3287 1599 3407 1653 μου.

2281 1678 2481 1744 Κύριε,
2501 1675 2691 1743 ,βοηθέ
2703 1693 2820 1744 μου
2843 1676 2940 1729 καὶ
2962 1675 3229 1743 λυτρωτά
3246 1693 3383 1745 μου.
3402 1674 3503 1728 Σοῦ
3531 1674 3786 1747 βοηθοῦν-

2203 1787 2314 1833 τος,
2339 1763 2384 1822 ὧ
2421 1769 2674 1832 δέσποτα,
2712 1768 2886 1822 οὐδενὶ
2928 1768 3218 1822 ὐποπίπτω
3255 1767 3361 1821 τῶν
3400 1767 3787 1838 πνευματικῶς

514 1862 639 1918 liter
668 1863 901 1918 bellante
954 1873 1294 1934 prosternar.
1328 1861 1483 1929 Quod
1529 1863 1575 1917 si
1623 1877 1755 1918 casu
1789 1861 2011 1916 eveniar
2037 1867 2096 1914 ut

2203 1859 2742 1933 προσπολεμούντων.
2795 1861 2857 1913 El
2894 1859 2952 1913 δὲ
2989 1861 3082 1913 καὶ
3126 1863 3251 1932 παρ’
3285 1861 3420 1933 ἐμὴν
3455 1863 3786 1934 ἀπροσεξίαν

517 1953 1016 2011 inconsideratione
1055 1971 1175 2010 mea
1207 1955 1276 2010 ab
1307 1953 1636 2010 adversariis
1669 1954 2002 2024 intercipiat,
2033 1960 2094 2008 tu

515 2061 602 2102 me
634 2064 664 2103 e
692 2049 944 2105 manibus
973 2064 1161 2104 eorum
1196 2049 1467 2112 redimas,
1502 2047 1596 2116 qui
1636 2062 1745 2102 una
1785 2045 2003 2115 adiutor
2031 2062 2094 2101 ac

515 2140 828 2210 redemptor
859 2157 982 2197 esse
1011 2141 1458 2211 deprehenderis.

659 2254 711 2307 ‘l.
762 2252 831 2308 ΙΝ
869 2254 1123 2320 FINEM,
1173 2251 1498 2309 PSALMUS
1545 2251 1757 2307 DAVID
1806 2250 1950 2306 XIX.

589 2344 757 2401 Vsus.
810 2346 885 2398 2-
914 2347 970 2401 4.
1011 2346 1284 2400 Exaudiat
1316 2354 1363 2400 te
1397 2345 1656 2400 Dominus
1694 2347 1753 2398 in
1796 2345 1881 2398 die
1927 2343 2096 2396 tribu-

517 2437 766 2502 lationis,
816 2448 1053 2509 protegat
1091 2449 1137 2493 te
1184 2455 1369 2493 nomen
1413 2438 1512 2492 Dei
1566 2437 1754 2493 Jacob.
1784 2435 1967 2491 Mittat
2002 2435 2095 2490 tibi

517 2529 779 2583 auxilium
800 2530 863 2584 de
882 2539 1087 2596 sancto,
1111 2539 1161 2584 et
1191 2530 1254 2584 de
1289 2531 1420 2584 Sion
1451 2540 1665 2584 tueatur
1697 2539 1764 2584 te.
1796 2527 1999 2583 Memor
2027 2529 2096 2582 sit

516 2623 688 2676 omnis
710 2622 966 2693 sacriﬁcii
1001 2624 1099 2692 tui,
1119 2632 1167 2676 et
1191 2623 1562 2677 holocaustum
1593 2632 1740 2676 tuum
1768 2623 1957 2693 pingue
1977 2622 2093 2691 ﬁat.

517 2713 856 2786 Diapsalma.
892 2714 1145 2770 Psalmus
1175 2715 1394 2785 quidem
1419 2754 1434 2778 ,
1470 2722 1531 2768 ut
1578 2714 1938 2785 inscriptione
1984 2712 2096 2768 fer-

519 2817 631 2873 tur,
663 2807 854 2862 Davidi
885 2807 1204 2862 attribuitur
1230 2825 1242 2860 :
1277 2808 1460 2862 animo
1488 2813 1670 2860 autem
1700 2814 1943 2876 reputes,
1967 2820 2097 2859 num

521 2899 569 2954 si
601 2899 830 2954 historia
861 2905 1160 2961 spectetur,
1191 2897 1296 2951 alia
1329 2896 1723 2968 sitcujuspiam
1758 2896 1956 2958 oratio,
1978 2911 2098 2967 quae

520 2991 745 3048 Davidis
774 2990 1235 3061 supplicationum
1280 2989 1522 3058 adjutrix
1553 2989 1645 3044 sit.
1679 2988 1782 3054 Qui
1813 2987 1982 3043 David
2009 3003 2100 3043 ro-

525 3087 618 3154 gat
638 3081 1022 3150 obsecratque,
1056 3088 1115 3134 ut
1143 3079 1286 3146 Deus
1317 3078 1420 3133 sibi
1451 3085 1698 3135 servator
1728 3078 1983 3144 assistat,
2033 3092 2099 3132 ac

2198 1953 2398 2008 ἁλῶναι
2420 1956 2531 2017 τοῖς
2555 1952 2816 2016 ἐναντίοις
2842 1953 3046 2024 συμϐῇ,
3073 1954 3136 2008 σύ
3171 1971 3237 2024 με
3263 1955 3326 2007 ἐκ
3351 1954 3458 2008 τῶν
3486 1955 3788 2027 κρατησάν-

2194 2063 2300 2099 των
2328 2044 2638 2118 λυτροῦσαι,
2681 2045 2798 2116 ἅμα
2847 2044 3038 2116 βοηθὸς
3085 2030 3177 2099 καί
3216 2046 3493 2121 λυτρωτὴς
3534 2051 3785 2119 εὑρισκό-

2205 2155 2383 2210 μενος.

2352 2248 2466 2302 ΕΙΣ
2498 2251 2586 2302 ΤΟ
2624 2248 2864 2316 ΤΕΛΟΣ,
2904 2249 3194 2303 ΨΑΛΜΟΣ
3231 2251 3318 2306 ΤΩ
3351 2250 3545 2305 ΔΛΥΙΔ
3575 2253 3675 2307 ΙΘ¹.

2279 2340 2639 2397 Ἐπακούσαι
2687 2359 2802 2396 σου
2852 2343 3068 2411 Κύριος
3122 2343 3192 2395 ἐν
3236 2343 3426 2412 ἡμέρᾳ
3485 2347 3781 2413 θλίψεως,

2197 2435 2606 2501 ὑπερασπίσαι
2632 2451 2747 2488 σου
2776 2435 2842 2488 τὸ
2874 2435 3060 2504 ὄνομα
3087 2435 3194 2490 τοῦ
3223 2436 3371 2490 Θεοῦ
3409 2435 3629 2490 Ἰακώϐ.
3667 2436 3788 2502 Ἐε-

2197 2527 2551 2582 ἀποστείλαι
2594 2544 2692 2582 σοι
2737 2526 3029 2594 ,ϐοήθειαν
3067 2529 3136 2596 ἐξ
3168 2531 3361 2600 ἁγίου,
3404 2531 3503 2585 καὶ
3531 2532 3600 2584 ἐκ
3632 2531 3787 2585 Σιὼν

2199 2616 2578 2672 ἀντιλάϐοιτό
2626 2635 2761 2672 σου.
2801 2622 3109 2690 Μνησθείη
3145 2620 3349 2690 πάσης
3400 2623 3616 2690 θυσίας
3643 2641 3781 2688 σου,

2197 2710 2297 2762 καὶ
2321 2710 2387 2764 τὸ
2409 2712 2798 2782 ὁλοκαύτωμὰ
2824 2729 2940 2768 σου
2965 2713 3246 2768 marries).
3273 2714 3604 2786 Διάψαλμα.
3629 2717 3783 2772 Ἐστι

2202 2802 2300 2873 μὲν
2322 2801 2401 2874 τῷ
2432 2803 2592 2858 Δαυῒδ
2627 2805 2984 2878 ἀνακείμενος
3020 2807 3048 2859 ὁ
3081 2806 3312 2878 ψαλμὸς,
3347 2808 3487 2862 κατά
3521 2808 3618 2880 τὴν
3651 2827 3785 2882 προε-

2199 2897 2434 2968 γραφήν.
2479 2897 2800 2970 Ἐπίστησον
2831 2898 2887 2952 δὲ
2921 2899 3126 2970 μήποτε
3147 2899 3222 2963 ὡς
3252 2899 3388 2971 πρὸς
3418 2900 3514 2971 τὴν
3543 2901 3784 2972 ἱστορίαν

2199 2988 2330 3060 εὐχή
2363 3007 2445 3053 τις
2466 2985 2532 3061 ἦν
2557 2991 2692 3062 αὐτὴ
2722 2993 2981 3064 συνεργὸς
3013 2995 3132 3056 ταῖς
3160 2993 3252 3046 τοῦ
3275 2992 3434 3047 Δαυῒδ
3460 2993 3781 3066 ἱκετηρίαις.

2200 3078 2455 3149 δεομένου
2483 3099 2544 3134 τε
2575 3082 2668 3134 καὶ
2697 3083 3101 3147 ἀντιϐολοῦντος
3135 3083 3224 3138 διά
3265 3085 3573 3156 προσευχῆς
3600 3087 3784 3156 τυχεῖν

520 3184 708 3230 contra
734 3173 989 3228 inimicos
1023 3187 1213 3228 secum
1243 3173 1508 3227 decertet.
1543 3169 1854 3226 Verisimile
1897 3171 2096 3241 quippe

2202 3173 2335 3228 Θεοῦ
2364 3175 2613 3247 Σωτῆρος
2645 3176 2780 3245 πρὸς
2811 3176 3036 3249 ἐχθροὺς
3067 3177 3161 3231 καὶ
3184 3177 3474 3248 πολεμίους
3505 3195 3785 3250 παρατατ-

517 3275 624 3332 eSt,
655 3267 704 3322 ei
735 3265 823 3322 bis
863 3265 1204 3320 incumbenti
1234 3265 1464 3319 chorum
1505 3273 1824 3318 sanctorum
1872 3263 2098 3334 angelo-

516 3374 662 3420 rum,
685 3358 1066 3428 religiosorum
1099 3357 1402 3418 hominum,
1432 3369 1827 3424 sacrorumque
1853 3354 1946 3410 Dei
1992 3355 2097 3408 mi-

517 3449 820 3505 nistrorum
869 3448 1082 3512 adesse,
1118 3464 1225 3502 una
1255 3463 1379 3501 cum
1429 3447 1524 3501 illo
1569 3445 1822 3518 precari,
1877 3453 1931 3501 et
1985 3446 2100 3502 hac

520 3541 709 3597 omnia
739 3541 902 3597 simul
935 3538 1182 3612 proferre
1213 3559 1225 3594 :
1268 3537 1542 3592 Exaudiat
1573 3547 1618 3591 te
1648 3535 1904 3592 Dominus
1928 3539 1984 3592 in
2017 3538 2100 3593 die

519 3633 904 3695 tribulationis,
923 3640 1202 3696 etcaztera;
1229 3628 1536 3700 atqueillud
1563 3628 1690 3682 item
1713 3647 1726 3682 :
1754 3626 1823 3680 Et
1852 3626 1990 3682 adsit
2006 3627 2099 3680 tibi

527 3745 714 3783 nomen
746 3726 844 3780 Dei
869 3723 1058 3780 Jacob.
1109 3724 1203 3779 Est
1241 3723 1390 3779 enim
1424 3723 1552 3778 talis
1575 3721 1850 3777 invocatio
1871 3730 1926 3777 et
1955 3737 2098 3778 com-

517 3821 738 3892 pellatio
773 3819 842 3874 ad
887 3816 1290 3890 propulsandos
1307 3830 1497 3870 omnes
1520 3814 1776 3869 inimicos
1791 3816 1947 3870 satis.
1973 3813 2098 3870 Hmc

517 3927 627 3969 non
657 3912 759 3968 soli
787 3911 976 3965 Davidi
1005 3915 1338 3980 competunt;
1363 3909 1456 3965 sed
1486 3909 1649 3964 etiam
1670 3906 1891 3962 cuilibet
1919 3906 2096 3972 alteri,

521 4006 616 4075 qui
645 4004 698 4059 in
720 4003 887 4059 simili
915 4017 1046 4058 casu
1070 4018 1167 4073 per
1195 4002 1496 4057 orationem
1533 3999 1837 4070 spiritualia
1883 4005 1937 4054 et
1962 4015 2098 4069 pura

521 4095 630 4153 Deo
662 4096 931 4154 sacriﬁcia
965 4095 1196 4162 emittit;
1229 4094 1316 4149 cui
1340 4137 1355 4162 ,
1400 4101 1460 4147 ut
1498 4107 1600 4163 par
1634 4101 1739 4157 est,
1772 4106 1940 4146 sacrae
1993 4091 2099 4146 illa:

520 4187 774 4249 virtutes,
799 4196 854 4242 et
875 4196 1190 4242 sanctorum
1211 4185 1527 4256 angelorum
1555 4183 1707 4238 chori
1731 4197 1840 4238 una
1877 4181 2095 4249 adsunt,

518 4279 831 4333 orationum
874 4293 939 4332 ac
981 4277 1426 4347 deprecationum
1477 4275 1612 4330 socii
1666 4282 1721 4329 et
1759 4273 2056 4344 adjutores.

506 4416 508 4420 ,
595 4367 762 4424 Vsus.
824 4369 947 4424 5-7.
1020 4367 1242 4422 Tribuat
1311 4368 1405 4422 tibi
1471 4366 1729 4422 Dominus
1813 4365 2097 4421 secundum

519 4482 611 4521 cor
651 4475 820 4530 tuum,
853 4472 901 4516 et
929 4478 1078 4515 omne
1105 4461 1382 4515 consilium
1415 4469 1564 4513 tuum
1593 4459 1887 4528 conﬁrmet.
1923 4458 2097 4513 [λαια-

2201 3268 2449 3339 τομένου.
2481 3269 2641 3333 Εἰκὸς
2666 3269 2774 3341 γὰρ
2807 3265 2875 3340 ἦν
2911 3269 3058 3339 αὐτῷ
3091 3268 3262 3324 ταῦτα
3303 3271 3591 3342 πράττοντι
3623 3273 3783 3343 χορὸν

2200 3361 2369 3428 ἁγίων
2418 3362 2662 3430 ἀγγέλων
2705 3363 2738 3434 ἢ
2779 3363 2871 3415 καὶ
2921 3363 3180 3434 θεοφιλῶν
3220 3364 3448 3436 ἀνδρῶν,
3499 3365 3677 3419 αὐτῶν
3719 3365 3784 3438 δὴ

2199 3453 2306 3506 τῶν
2349 3453 2505 3524 ἱερῶν
2551 3457 2648 3508 καὶ
2688 3455 3013 3528 λειτουργῶν
3052 3455 3146 3509 τοῦ
3181 3455 3317 3510 Θεοῦ
3342 3457 3411 3510 τὰ
3446 3459 3784 3529 προκείμενα

2201 3547 2375 3600 πάντα
2433 3546 2785 3618 συνεύχεσθαι
2831 3549 2979 3621 αὐτῷ
3029 3549 3122 3603 καί⁸
3167 3549 3344 3619 λέγειν
3367 3567 3380 3581 ο
3423 3551 3784 3609 Ἐπακούσαι

2199 3653 2315 3693 σου
2341 3640 2558 3708 Κύριος
2589 3641 2659 3694 ἐν
2688 3641 2877 3711 ἡμέρᾳ
2907 3643 3188 3711 θλίψεως,
3228 3644 3323 3696 καὶ
3351 3643 3420 3697 τὰ
3447 3643 3603 3716 ἑξῆς·
3636 3644 3698 3698 τό
3721 3661 3781 3696 τε

2197 3731 2274 3796 δὲ,
2306 3732 2410 3786 Kal
2435 3735 2772 3803 παρασταίη
2800 3749 2898 3788 σοι
2924 3735 2992 3788 τὸ
3024 3735 3209 3805 ὄνομα
3233 3734 3339 3788 τοῦ
3373 3735 3519 3790 Θεοῦ
3557 3733 3778 3791 Ἰακώϐ.

2212 3824 2476 3898 Ἀπαρκεί
2509 3826 2618 3898 γὰρ
2657 3826 2795 3898 αὐτὴ
2830 3829 2863 3898 η
2897 3826 3182 3898 ἐπίκλησις
3223 3827 3314 3882 καὶ
3361 3829 3394 3898 ὴ
3440 3829 3780 3901 προσηγορία

2201 3919 2337 3990 πρὸς
2360 3919 2572 3990 ἄμυναν
2601 3920 2800 3984 παντὸς
2838 3920 3102 3974 ἐναντίου.
3133 3919 3317 3974 Ταῦτα
3342 3920 3399 3974 δὲ
3431 3922 3493 3974 οὐ
3525 3923 3670 3992 μόνῳ
3701 3923 3779 3994 τῷ

2199 4010 2378 4076 Δαυῒδ,
2406 4013 2542 4068 ἀλλὰ
2573 4014 2667 4067 καὶ
2704 4015 2866 4067 παντὶ
2905 4013 2981 4084 τῷ
3007 4013 3126 4067 καθ’
3152 4014 3408 4084 ὁμοίωσιν
3441 4014 3648 4068 ἐκείνου
3681 4015 3778 4080 τὰς

2197 4104 2264 4158 δι’
2297 4105 2472 4176 εὐχῶν
2490 4105 2867 4177 ἀναπέμποντι
2905 4105 2984 4177 τῷ
3022 4105 3140 4177 Θεῷ
3173 4107 3365 4180 νοερὰς
3399 4108 3492 4160 καὶ
3531 4107 3778 4181 καθαρὰς

2199 4197 2406 4262 Θυσίας,
2434 4199 2688 4270 δυνάμεις
2715 4199 2893 4267 ἁγίας,
2929 4200 3022 4253 καὶ
3067 4200 3312 4268 ἀγγέλων
3355 4201 3514 4272 ἱερῶν
3559 4203 3772 4274 χοροὺς,

2198 4289 2342 4353 εἰκὸς
2366 4288 2430 4343 ἂν
2461 4289 2546 4361 εἴη
2577 4289 2922 4359 συνεύχεσθαι
2957 4291 3047 4344 καὶ
3080 4289 3420 4362 ἐπεύχεσθαι.

2268 4380 2392 4449 Δῴη
2443 4397 2541 4436 σοι
2580 4383 2794 4450 Κύριος
2842 4383 2990 4436 κατά
3038 4381 3153 4451 τὴν
3195 4382 3446 4452 καρδίαν
3483 4400 3636 4448 σου,
3675 4387 3774 4440 καὶ

2197 4472 2404 4530 πᾶσαν
2435 4473 2549 4542 τὴν
2586 4475 2823 4541 βουλήν
2855 4490 2971 4529 σου
3009 4474 3341 4543 πληρώσαι.
3386 4475 3774 4545 Ἀγαλλιασό-

521 4558 692 4612 bimur
722 4556 776 4609 in
809 4554 1038 4608 salutari
1069 4563 1177 4616 tuo,
1203 4560 1252 4606 et
1289 4553 1345 4606 in
1377 4553 1586 4606 nomine
1616 4551 1832 4605 Domini
1875 4551 1973 4605 Dei
2001 4567 2096 4604 no-

2197 4570 2346 4636 μεθα
2364 4567 2434 4620 ἐν
2462 4565 2542 4632 τῷ
2571 4567 2841 4636 σωτηρίῳ
2869 4583 3006 4633 σου,
3036 4567 3133 4622 καὶ
3163 4568 3232 4622 ἐν
3261 4568 3341 4634 τῷ
3363 4569 3602 4638 ὀνόματι
3627 4569 3774 4624 Θεοῦ

519 4650 620 4703 stri
647 4645 1124 4718 magniﬁcabimur.
1156 4644 1380 4714 Impleat
1399 4644 1653 4698 Dominus
1680 4660 1860 4698 omnes
1883 4644 2096 4712 petitio-

520 4757 611 4795 nes
644 4750 761 4794 tuas
789 4755 808 4793 :
835 4755 972 4794 nunc
1007 4739 1216 4808 cognovi
1247 4739 1495 4810 quoniam
1519 4738 1724 4792 salvum
1757 4737 1880 4806 fecit
1913 4736 2095 4789 Domi-

523 4851 620 4888 nus
645 4831 913 4888 Christum
937 4849 1109 4886 suum.
1141 4833 1188 4886 A
1214 4832 1570 4903 diapsalmate
1597 4831 1710 4885 orsi
1740 4831 1835 4900 qui
1874 4844 2096 4900 precan-

397 4963 414 4980 .
523 4933 634 4993 tur,
661 4925 1000 4995 prophetiam
1041 4925 1331 4991 emittunt;
1363 4923 1510 4994 quod
1555 4923 1605 4978 ei
1625 4923 1718 4993 qui
1748 4921 2094 4976 rationabilis

519 5018 612 5073 illa
641 5015 909 5074 sacriﬁcia
934 5016 1164 5081 obtulit,
1213 5032 1276 5072 ea
1315 5017 1499 5070 omnia
1525 5015 1822 5086 largiturus
1849 5013 1923 5069 sit
1950 5011 2094 5069 Deus

519 5126 640 5182 qua:
667 5117 849 5166 mente
887 5118 942 5165 et
971 5110 1154 5166 animo
1192 5109 1524 5178 postulavit;
1567 5114 1621 5161 et
1645 5107 1940 5163 consilium
1972 5106 2093 5176 ejus

519 5203 886 5274 perfecturus,
911 5203 955 5260 si
978 5201 1197 5273 quidem
1221 5218 1331 5256 non
1371 5201 1535 5258 fuerit
1564 5202 1698 5272 ipsis
1726 5201 1820 5257 Dei
1844 5201 2092 5258 consiliis

520 5295 780 5351 alienum.
805 5293 899 5360 lis,
931 5294 1208 5364 inquiunt,
1236 5304 1414 5349 tecum
1456 5295 1613 5349 bonis
1651 5294 1916 5360 fruemur,
1945 5295 2103 5356 laetas

521 5388 812 5459 bimurque
868 5388 924 5441 in
975 5387 1199 5442 salutari
1248 5395 1382 5442 tuo:
1425 5387 1579 5457 gnari
1609 5387 1810 5458 quippe
1864 5402 2088 5453 sumus,

523 5479 730 5550 Spiritu
763 5486 954 5534 sancto
998 5478 1302 5540 revelante,
1363 5477 1570 5547 prolem
1603 5477 1750 5530 illam
1781 5493 1843 5531 ex
1877 5485 1932 5532 te
1966 5493 2094 5548 pro-

519 5571 777 5635 dit-uram,
803 5571 1181 5626 universorum
1212 5571 1496 5626 hominum
1543 5570 1782 5626 salutare
1828 5570 2088 5627 futuram.

519 5665 636 5732 Qua
685 5665 740 5720 in
770 5681 828 5721 re
857 5680 958 5722 nos
987 5681 1202 5737 quoque
1227 5665 1282 5718 in
1311 5665 1532 5722 nomine
1561 5665 1776 5720 Domini
1800 5664 1892 5720 Dei
1918 5665 2090 5722 nostri

519 5758 1010 5829 magniﬁcabimur.
1044 5758 1376 5831 lmpleantur
1405 5761 1568 5817 etiam
1615 5760 1904 5834 petitiones
1935 5766 2041 5817 tua:
2074 5781 2086 5816 :

521 5848 652 5920 ipsa:
679 5849 882 5924 quippe
901 5849 1032 5933 Deo
1047 5850 1224 5933 digna:
1255 5859 1398 5907 sunt.

2195 4657 2366 4728 ’ἡμῶν
2381 4659 2975 4728 μεγαληυνθησόμεθα.
3010 4659 3324 4727 Πληρώσαι
3348 4661 3564 4729 Κύριος
3581 4660 3776 4714 πάντα

2196 4750 2266 4804 τὰ
2296 4751 2584 4821 αἰτήματα
2625 4766 2740 4805 σου
2764 4768 2776 4781 ·
2815 4751 2931 4805 νῦν
2964 4751 3173 4821 ἔγνων,
3215 4751 3304 4806 ὅτι
3340 4753 3535 4807 ἔσωοέ
3559 4754 3773 4821 Κύριος

2196 4840 2301 4893 τὸν
2331 4839 2588 4909 Χριστὸν
2622 4839 2826 4894 αὑτοῦ.
2871 4838 3002 4892 Ἀπὸ
3041 4839 3136 4892 τοῦ
3181 4839 3549 4911 διαψάλματος
3590 4839 3640 4890 οἱ
3679 4837 3764 4890 εὐ-

2195 4931 2415 5004 ξάμενοι
2470 4931 2931 5003 προφητεύουσιν,
2976 4930 3125 5002 αὐτῷ
3169 4931 3261 4985 τὸν
3302 4932 3433 4987 Θεὸν
3471 4931 3694 4998 δώσειν,
3727 4923 3774 5000 ᾧ

2195 5025 2290 5088 τὰς
2313 5023 2534 5093 λογικὰς
2563 5022 2752 5088 θυσίας
2792 5024 3182 5095 προσήνεγκεν,
3225 5023 3328 5077 ὅσα
3363 5022 3504 5076 κατὰ
3534 5022 3771 5077 διάνοιαν

2195 5116 2396 5188 ᾔτησε,
2429 5117 2523 5170 καὶ
2561 5115 2836 5188 πλήρωσιν
2871 5119 2935 5186 τῇ
2967 5115 3150 5186 βουλῇ,
3181 5115 3215 5185 ἢ
3263 5116 3344 5169 ὅτι
3387 5117 3460 5187 μὴ
3514 5115 3771 5188 ἀλλότρια

2194 5207 2327 5262 Θεοῦ
2355 5207 2423 5262 τά
2450 5207 2866 5278 βεϐουλευμένα.
2892 5206 3376 5278 Συναπολαύσομεν
3394 5207 3453 5260 δέ
3481 5223 3584 5268 σοι.
3615 5207 3769 5277 φασὶ,

2195 5301 2302 5354 τῶν
2350 5299 2606 5370 ἀγαθῶν,
2658 5298 3052 5370 ἀγαλλιώμενοι
3100 5297 3177 5370 τῷ
3226 5299 3476 5371 σωτηρίῳ
3529 5298 3608 5370 τῷ
3656 5297 3765 5370 σῷ·

2195 5392 2438 5464 ἔγνωμεν
2465 5393 2571 5465 γὰρ
2597 5391 2656 5458 ἐξ
2677 5392 2831 5461 ἁγίου
2860 5391 3170 5462 Πνεύματος
3209 5392 3270 5444 τὸ
3311 5393 3375 5445 ὲκ
3414 5390 3506 5444 σοῦ
3539 5393 3766 5463 γενησό-

2199 5502 2355 5556 μενον
2379 5487 2624 5557 γέννημα
2673 5484 2888 5538 πάντων
2927 5483 3229 5556 ἀνθρώπων
3273 5485 3565 5557 σωτήριον·
3601 5485 3685 5554 ἐφ’
3721 5477 3768 5552 ᾧ

2194 5581 2286 5632 καὶ
2309 5581 2472 5650 ἡμεῖς
2501 5577 3019 5651 μεγαλυνθησόμεθα
3049 5580 3107 5632 ἐν
3140 5575 3215 5648 τῷ
3245 5577 3466 5648 ὀνόματι
3507 5575 3600 5630 τοῦ
3631 5576 3764 5631 Θεοῦ

2194 5671 2368 5744 ἡμῶν.
2405 5672 2585 5725 Ἔστω
2608 5671 2664 5725 δέ
2694 5689 2785 5725 σου
2819 5671 2910 5725 καὶ
2942 5670 3011 5724 τά
3035 5671 3311 5741 αἰτήματα
3333 5683 3347 5701 ο
3376 5670 3470 5723 καὶ
3508 5667 3618 5742 γὰρ
3637 5666 3764 5735 ἀξια

2192 5765 2361 5821 ταῦτα
2381 5763 2536 5819 Θεοῦ.
