4122 6454
285 333 414 390 I97

1451 332 1950 390 COMMENTARIA
1988 334 2062 391 IN
2097 333 2433 402 PSALMOS,

3467 349 3569 410 £98

381 451 826 506 Ἐπακούσεται
856 452 1042 507 αὐτοῦ
1071 454 1140 517 ἐξ
1185 453 1446 522 οὐρανοῦ
1487 454 1658 524 ἁγίου
1685 454 1883 521 αὐτοῦ1

2065 457 2329 513 Exaudiet
2363 457 2514 511 illum
2541 457 2605 512 de
2626 459 2756 515 cwio
2782 468 2967 514 sancto
2989 477 3108 527 suo,
3139 463 3191 516 in
3216 468 3563 531 potestatibus

281 543 364 598 ἐν
393 543 793 612 δυναστείαις
823 548 1086 615 σωτηρία
1125 546 1234 615 τῆς
1259 547 1460 613 δεξιᾶς
1497 548 1700 601 αὐτοῦ.
1737 546 1883 612 Δεξιὲ

1998 549 2145 603 salus
2170 549 2399 604 dextera:
2424 550 2561 618 ejus.
2603 548 2833 607 Dextera
2859 567 3075 618 manus,
3108 569 3407 626 omnesque
3429 558 3566 613 dex~

279 635 346 688 δὲ
382 637 544 708 χεὶρ,
569 636 662 691 καὶ
687 639 855 691 πᾶσαι
883 640 936 690 at
964 639 1218 708 σωτήριοι
1252 640 1344 693 καὶ
1381 639 1551 706 δεξιαὶ
1590 639 1816 711 πράξεις
1840 641 1883 692 ἐι

1997 649 2124 693 terae
2175 647 2229 694 et
2289 640 2557 697 salutares
2611 641 2855 697 actiones
2905 643 2962 697 in
2996 646 3358 714 potestatibus
3415 657 3564 704 sunt.

279 729 672 795 δυναστείαις.
704 733 972 803 Δυνάμεσι
1010 732 1117 804 γὰρ
1165 734 1257 787 καὶ
1309 735 1552 805 σημείοις
1584 735 1678 788 καὶ
1709 735 1883 806 τέρασι

1996 730 2300 787 Virtutibus
2332 747 2566 804 namque
2588 772 2604 797 ,
2639 733 2810 805 signis
2848 742 2903 791 et
2954 735 3216 808 prodigiis
3237 777 3253 803 ,
3303 739 3566 796 beneﬁcia

278 819 400 884 τὰς
426 824 519 886 εἰς
543 821 858 894 ἀνθρώπους
887 825 1172 896 ποιήσεται
1198 824 1534 897 εὐεργεσίας.

367 909 566 968 Οὗτοι
605 915 674 968 ἐν
711 915 971 984 ἅρμασιν
1007 917 1107 970 καὶ
1146 911 1308 971 οὗτοι
1355 916 1425 970 ἐν
1456 918 1680 983 ἵπποις,
1722 918 1888 986 ἡμεῖς

278 1003 360 1058 δὲ
397 1007 485 1059 ἐν
511 1008 750 1076 ὀνόματι
790 1009 1007 1076 Κυρίου
1038 1007 1182 1061 Θεοῦ
1208 1005 1374 1077 ἡμῶν
1395 1008 1884 1078 ἐπικαλεσάμεθα.

277 1098 492 1151 Αὐτοὶ
545 1099 1079 1168 συνεποδίσθησαν
1132 1098 1231 1152 καὶ
1284 1098 1544 1152 ἔπεσαν-ο
1607 1099 1778 1170 ἡμεῖς
1823 1100 1890 1153 δὲ

277 1188 652 1259 ἀνέστημεν
683 1190 778 1242 καὶ
810 1189 1249 1260 ἀνωρθώθημεν.
1293 1189 1520 1254 Σῶσον,
1555 1195 1750 1260 Κύριε,
1784 1194 1890 1246 τὸν

269 1281 591 1348 βασιλέα,
623 1285 716 1336 καὶ
746 1282 1092 1337 ἐπάκουσον
1110 1284 1277 1354 ἡμῶν
1302 1285 1371 1337 ἐν
1397 1279 1436 1356 ᾗ
1459 1285 1536 1339 ἂν
1559 1285 1744 1355 ἡμέρᾳ
1772 1287 1890 1339 ἐπι-

278 1375 686 1445 καλεσάμεθά
713 1391 804 1430 σε.
853 1376 1010 1431 Ἀλλά
1037 1378 1144 1449 γὰρ
1189 1382 1222 1450 ἡ
1268 1379 1576 1451 πεῖραλτῶν
1627 1380 1886 1450 πραγμά-

274 1482 406 1521 των
445 1468 642 1537 γένοιτ’
671 1469 737 1523 ἂν
777 1469 994 1541 ἐλεγχος
1039 1471 1133 1524 τοῦ
1176 1473 1499 1544 κρείττονος.
1543 1473 1606 1526 Οἱ
1643 1474 1740 1544 μὲν
1781 1473 1888 1544 γάρ

279 1557 380 1612 σοὶ
409 1559 604 1633 ἐχθροὶ
629 1563 711 1630 ἐφ’
745 1562 930 1625 ἵπποις
957 1562 1049 1615 καὶ
1081 1562 1288 1635 ἅρμασι
1319 1563 1656 1627 πεποιθότες,
1687 1581 1890 1634 συμπο-

276 1651 579 1716 δισθέντες
612 1652 897 1707 πεσοῦνται
923 1654 1121 1726 ὁμοίως
1148 1655 1225 1726 τῷ
1254 1654 1451 1728 Φαραὼ
1477 1655 1570 1708 ἐπὶ
1596 1657 1694 1725 τῆς
1737 1657 1889 1728 Ἐρυ-

276 1740 441 1814 Ορᾶς
470 1742 740 1815 θαλάττης
773 1744 1241 1798 καταποντωθέντι
1260 1762 1273 1774 ⁸
1307 1747 1466 1816 ἡμεῖς
1493 1745 1549 1798 δὲ
1577 1746 1624 1798 οἱ
1673 1744 1753 1816 τῷ
1776 1746 1888 1799 όνό-

281 1852 438 1906 ματι
489 1835 692 1907 Κυρίου
729 1835 821 1889 τοῦ
847 1835 982 1889 Θεοῦ
1012 1837 1166 1908 ἡμῶν
1194 1837 1545 1908 ὡπλισμένοι,
1571 1838 1664 1891 καὶ
1697 1840 1778 1891 σοὶ
1808 1840 1884 1911 τῷ

276 1926 394 1992 τὰς
435 1927 631 1992 θυσίας
669 1929 1044 2000 ἀναπέμποντι
1085 1932 1204 1993 ταῖς
1239 1930 1421 2000 εὐχαῖς
1454 1931 1882 2003 συναγωνιζόμεε

280 2037 398 2084 νοι,
460 2021 908 2092 ἀναστησόμεθα,
957 2023 1049 2074 καὶ
1095 2022 1617 2096 ἀνορθωθησόμεθα,
1664 2023 1757 2076 σοῦ
1787 2024 1884 2088 τάς

277 2112 448 2166 κατά
479 2114 584 2166 τῶν
616 2113 824 2186 ἐχθρῶν
858 2114 1010 2177 νίκας
1037 2115 1332 2186 ἀραμένου.
1378 2114 1535 2167 Ἀλλά
1575 2113 1746 2169 ταῦτα
1787 2115 1884 2185 μὲν

283 2205 482 2271 ἔσται,
499 2207 654 2276 φασὶ,
674 2207 766 2260 καὶ
777 2206 870 2260 νῦν
890 2207 1031 2260 κατὰ
1041 2207 1130 2260 τὸν
1155 2208 1341 2279 καιρὸν
1362 2210 1459 2278 τῆς
1481 2207 1576 2260 τοῦ
1597 2207 1884 2260 ἀποδοθέν-

279 2317 386 2364 τος
411 2298 683 2372 σωτηρίου
712 2299 1048 2369 ἐπιφανείας.
1076 2299 1208 2353 Τότε
1237 2299 1346 2370 γάρ
1375 2299 1608 2370 μάλιστα
1635 2302 1801 2354 πᾶσαι
1828 2301 1883 2353 αἱ

283 2389 680 2460 ἁντικείμεναι
718 2389 1003 2460 δυνάμεις,
1037 2393 1130 2442 καὶ
1167 2391 1215 2442 οἱ
1258 2389 1480 2458 ἀφανεῖς
1530 2390 1624 2443 καὶ
1663 2390 1884 2462 ἀόρατοι

283 2480 393 2535 τοῦ
425 2481 564 2535 Θεοῦ
592 2480 859 2552 πολέμιοι,
887 2481 952 2534 δι’
988 2479 1151 2535 αὐτοῦ
1174 2481 1265 2534 τοῦ
1299 2481 1564 2552 σωτηρίου
1591 2482 1886 2554 τροπούμε-

285 2589 400 2635 νοι,
437 2571 749 2628 πεσοῦνται.
776 2572 982 2636 Πάντες
1011 2572 1068 2626 δέ
1099 2573 1147 2625 οἱ
1179 2573 1240 2625 τὸ
1280 2573 1544 2644 σωτήριον
1577 2572 1882 2644 παραδεξά-

290 2681 483 2735 μενοι,
527 2663 618 2718 τοῦ
661 2664 824 2719 πάλαι
865 2663 1044 2717 αὐτῶν
1086 2663 1372 2734 πτώματος
1417 2663 1881 2735 διαναστήσονται.

288 2755 392 2809 Διδ
426 2755 559 2826 περὶ
593 2754 754 2808 αὐτοῦ
796 2754 1017 2826 Συμεὼν
1060 2754 1273 2823 ἐλεγενο
1323 2754 1467 2808 Ἰδοὺ
1495 2751 1671 2820 οὗτος
1700 2755 1884 2808 κεῖται

287 2849 388 2913 εις
428 2847 662 2901 πτῶσιν
693 2846 789 2900 καὶ
838 2845 1177 2901 ἀνάστασιν
1212 2847 1486 2901 πολλῶν·
1534 2847 1738 2900 πτῶσιν
1786 2845 1883 2916 μὲν

291 2939 506 3011 δηλαδὴ
547 2939 654 2994 τῶν
689 2939 896 3010 ἐχθρῶν
937 2937 1099 2992 αὐτοῦ
1139 2940 1232 2992 καὶ
1273 2939 1379 2992 τῶν
1411 2938 1713 3009 πολεμίων⁹
1750 2937 1882 2991 ἀνά-

295 3047 499 3083 στασιν
532 3029 586 3081 δέ
617 3028 722 3081 τῶν
754 3028 922 3081 πάλαι
955 3028 1340 3091 πεπτωκότων,
1370 3029 1436 3081 δι’
1464 3027 1626 3080 αὐτοῦ
1661 3027 1718 3080 δὲ
1750 3028 1879 3098 ἐγη-

293 3121 609 3194 γερμένων.
668 3123 776 3175 Καὶ
811 3121 980 3174 ταῦτα
1016 3121 1114 3191 μὲν
1159 3121 1278 3174 τότε
1317 3121 1639 3191 γενήσεταιο
1676 3119 1770 3173 νῦν
1801 3119 1879 3183 δέ,

292 3215 504 3287 Κύριε,
536 3213 673 3277 σῶζε
713 3215 842 3285 ἡμῖν
879 3213 970 3266 τὸν
1017 3212 1242 3283 βασιλέα
1282 3211 1462 3274 Δαυῒδ,
1495 3213 1590 3265 καὶ
1624 3213 1682 3264 ἐν
1726 3211 1887 3264 παντὶ

291 3307 379 3379 τῷ
397 3309 514 3361 δντι
542 3305 738 3378 καιρῷ,
766 3307 861 3360 καὶ
880 3307 936 3358 ἐν
1021 3304 1085 3358 ἂν
1113 3305 1294 3376 ἡμέρᾳ
1318 3301 1767 3372 ἐπικαλεσώμεθά
1801 3318 1880 3353 σε.

310 3400 572 3473 Ἀρμόξει
613 3399 669 3452 δὲ
706 3397 909 3462 ταῦτα,
949 3397 1024 3461 ὡς
1063 3397 1219 3461 ἄλλος
1260 3398 1420 3468 φησι,
1469 3396 1563 3449 καὶ
1605 3395 1697 3447 ἐπὶ
1737 3393 1885 3457 Ἐζε-

298 3493 436 3564 κίᾳ.
477 3491 704 3562 Νοήσεις
735 3491 792 3544 δέ
828 3489 996 3544 ταῦτα
1041 3490 1136 3544 καὶ
1170 3489 1307 3542 κατὰ
1341 3488 1432 3542 τὸν
1459 3487 1558 3559 τῆς
1597 3485 1887 3555 ἀναγωγῆς

301 3587 496 3657 νόμον.

415 3700 523 3752 ΕΙΣ
555 3700 642 3753 ΤΟ
678 3697 932 3760 ΤΕΛΟΣ,
969 3695 1261 3749 ΨΑΛΜΟΣ
1310 3694 1398 3746 ΤΩ
1438 3693 1636 3746 ΔΑΥῙΔ
1675 3693 1756 3745 Κ’.

372 3815 473 3876 Εἰς
496 3813 669 3867 αἴσιον
689 3810 796 3883 γὰρ
821 3807 1292 3879 ἀναπέμπεταιτά
1313 3806 1580 3878 λεγόμενα
1601 3807 1771 3872 τέλος,
1792 3811 1887 3863 καὶ

301 3906 415 3960 τῶν
440 3903 765 3978 ἐχθρῶντοῦ
792 3899 926 3954 Θεοῦ
955 3899 1207 3970 σημαίνει
1231 3899 1322 3951 τὸν
1351 3897 1591 3971 ὄλεθρον.
1623 3899 1716 3952 Διὸ
1742 3901 1886 3954 κατά

295 3998 409 4070 ,μὲν
440 3998 754 4068 Σύμμαχον,
807 3994 1127 4059 Ἐπινίκιός
1151 3993 1323 4046 ἐστιν
1351 3990 1472 4059 ᾠδή
1495 4009 1508 4023 ο
1541 3992 1682 4046 κατά
1711 3992 1765 4045 δέ
1794 3993 1885 4047 τὸν

316 4091 582 4158 Ἀκύλαν,
622 4088 705 4156 Τῷ
731 4086 1013 4152 νικοποιῷ
1038 4083 1380 4156 μελῴδημα.

377 4272 574 4341 Κύριε,
591 4271 660 4324 ἐν
673 4268 745 4338 τῇ
760 4267 1006 4336 δυνάμει
1025 4281 1140 4320 σου
1161 4262 1631 4334 εὐφρανθήσεται
1656 4267 1688 4319 ὀ
1702 4265 1886 4329 ,βασι-

297 4369 473 4434 λεύς.
497 4363 664 4438 Οἶμαι
687 4365 780 4418 καὶ
804 4361 976 4416 ταῦτα
990 4358 1324 4430 λέγεσθαιτά
1345 4357 1676 4428 προκείμενα
1695 4358 1760 4410 ἐκ
1775 4354 1884 4409 τῶν

308 4461 405 4514 καὶ
419 4459 487 4513 τὰ
511 4458 616 4529 πρὸ
629 4455 816 4510 τούτου
837 4453 912 4525 τῷ
929 4451 1089 4506 Δαυῖδ
1109 4449 1305 4514 ἐπευξα
1313 4447 1507 4520 μένων.
1533 4447 1734 4502 Μαθὼν
1754 4444 1884 4515 γοῦν

305 4550 404 4606 νῦν
431 4551 460 4602 ὁ
487 4545 650 4601 Δαυῖδ
673 4544 782 4599 ἀπὸ
808 4542 917 4596 τῶν
943 4541 1078 4613 πρὸς
1110 4540 1270 4594 αὐτὸν
1291 4537 1594 4609 γενομένων
1620 4535 1884 4608 χρησμῶν

306 4642 377 4695 τὰ
399 4637 640 4710 περὶτοῦ
673 4638 737 4690 ἐκ
762 4634 1074 4706 σπέρματος
1099 4631 1260 4684 αὐτοῦ
1291 4629 1748 4703 προελευσομένου
1783 4646 1886 4683 σω-

307 4731 499 4804 τηρίου
522 4772 538 4798 ,
567 4730 662 4782 καὶ
687 4728 786 4798 τῆς
817 4730 874 4780 ἐν
904 4723 983 4796 τῷ
1011 4723 1261 4795 σωτηρίῳ
1289 4721 1572 4792 δυνάμεως
1590 4763 1604 4787 ,
1638 4721 1732 4775 ἐπὶ
1757 4722 1884 4776 τού-

309 4842 422 4888 τοις
453 4821 887 4894 εὐφρανθήσεται
919 4819 1013 4871 καὶ
1045 4816 1430 4884 ἀγαλλιάσεται
1464 4814 1688 4888 σφόδρα.
1776 4815 1886 4868 Καὶ

308 4917 519 4981 τούτοις
548 4932 611 4984 γε
637 4913 874 4986 θαρσῶν,
906 4908 1015 4964 τῶν
1041 4926 1100 4961 τε
1128 4909 1336 4981 ἐχθρῶν
1368 4908 1456 4964 διά
1490 4907 1694 4970 τούτων
1724 4925 1882 4980 περι-

308 5009 597 5080 γενόμενος
615 5047 630 5072 ,
653 5005 736 5060 σοὶ
757 5003 834 5076 τῷ
856 4999 1112 5070 νικοποιῷ
1131 4999 1250 5073 Θεῷ
1271 5001 1338 5055 τά
1363 5000 1588 5073 βραδεῖα
1604 4998 1703 5069 τῆς
1722 4997 1878 5069 νίκης

310 5101 614 5174 ἀνατίθησι.
664 5099 854 5172 Χαίρει
885 5116 944 5152 τε
973 5101 1065 5156 καὶ
1099 5094 1541 5166 ὑπερϐαλλόντως
1566 5089 1876 5160 ἀγάλλεται,

314 5197 412 5266 τῆς
430 5194 536 5248 τῶν
557 5191 762 5266 ἐχθρῶν
785 5190 1071 5262 ἐπιϐουλῆς
1091 5189 1194 5244 ὑπὸ
1220 5187 1311 5241 σοῦ
1334 5183 1726 5255 διασωζόμενος
1743 5197 1759 5213 ο
1785 5179 1878 5234 καὶ

313 5287 411 5359 οὐχ
436 5287 603 5350 οὕτως
634 5287 726 5339 ἐπὶ
755 5287 822 5357 τῇ
852 5283 1043 5338 ἐαυτοῦ
1072 5281 1315 5354 σωτηρίᾳ
1349 5278 1580 5349 ἀγαλλιᾷ
1603 5317 1618 5342 ,
1648 5278 1772 5330 ὅσον
1797 5276 1879 5328 ὅτι

309 5370 463 5454 ’παρά
498 5379 591 5435 σοῦ
622 5379 684 5433 τὸ
714 5380 974 5451 σωτήριον
1005 5375 1168 5431 αὐτοῦ
1203 5372 1573 5445 προσγίνεται.
1636 5369 1745 5422 Καὶ
1773 5366 1882 5437 γάρ

313 5473 658 5544 ἐπιθυμήσας
689 5471 751 5525 τὸ
783 5469 934 5540 παρά
962 5467 1064 5529 σοῦ,
1086 5467 1370 5537 σωτήριον,
1405 5462 1498 5517 καὶ
1532 5461 1660 5533 περὶ
1692 5460 1882 5513 τούτου

316 5568 425 5630 τοῖς
475 5550 707 5635 χείλεσιν
745 5560 938 5616 ἑαυτοῦ
991 5564 1048 5615 ἐν
1093 5563 1210 5624 ταῖς
1249 5556 1382 5629 πρὸς
1410 5555 1498 5608 τὸν
1533 5553 1665 5606 Θεὸν
1699 5551 1883 5622 εὐχαῖς

320 5654 596 5727 ἱκετηρίαν
626 5652 954 5724 ἀναπέμψας
982 5693 996 5718 ,
1049 5651 1148 5705 οὐκ
1177 5649 1486 5704 ἐκπεσεῖται
1513 5644 1611 5716 τῆς
1643 5642 1880 5706 ἐλπίδος,

384 5811 590 5869 "Luc.
635 5827 698 5880 ιι,
748 5811 838 5867 34.

1995 838 2093 879 sua
2125 823 2436 881 hominibus
2461 826 2822 897 dispensabit.

2064 914 2233 970 Vens.
2268 916 2426 972 8—10.
2469 917 2544 970 Hi
2599 919 2654 972 in
2713 919 2954 974 curribus
2991 930 3041 975 et
3073 921 3128 975 hi
3165 923 3218 976 in
3253 925 3421 995 equis,
3471 942 3567 983 nos

1991 1016 2165 1061 autem
2216 1010 2268 1062 in
2322 1009 2782 1065 nomineADomini
2824 1011 2923 1066 Dei
2963 1015 3132 1067 nostri
3182 1015 3564 1073 invocabimus.

1993 1095 2108 1164 Ipsi
2129 1096 2366 1159 impediti
2391 1105 2513 1151 sunt
2547 1107 2597 1152 et
2631 1099 2964 1166 ceciderunt,
3003 1118 3096 1157 nos
3132 1112 3306 1158 autem
3333 1108 3569 1161 surrexi-

1961 1205 2104 1242 'mus
2122 1197 2172 1242 et
2207 1190 2365 1243 erecti
2391 1205 2594 1246 sumus.
2627 1190 2848 1247 Domine
2869 1232 2884 1258 ,
2927 1194 3130 1248 salvum
3161 1196 3248 1265 [ac
3277 1214 3445 1268 regem
3465 1237 3480 1263 ,
3514 1211 3566 1254 et

1986 1280 2180 1334 exaudi
2204 1297 2298 1335 nos
2328 1281 2382 1334 in
2419 1281 2504 1335 die
2533 1298 2637 1352 qua
2664 1283 3071 1338 invocaverimus
3109 1295 3176 1339 te.
3221 1285 3344 1358 Ipsa
3381 1305 3566 1345 rerum

1987 1372 2340 1442 experientia,
2377 1383 2756 1444 argumentum
2783 1391 2916 1431 sane
2950 1376 3113 1433 fuerit
3142 1379 3274 1448 quid
3319 1380 3373 1434 in
3401 1381 3566 1437 rebus

1987 1461 2332 1529 praestantius
2359 1461 2451 1517 sit.
2481 1461 2550 1514 At
2573 1461 2720 1517 enim
2749 1463 2957 1518 inimici
2985 1466 3087 1531 tui,
3115 1468 3272 1538 equis
3301 1477 3357 1524 et
3389 1473 3567 1526 curri-

1987 1551 2090 1606 bus
2119 1551 2476 1617 conlidentes,
2511 1554 2791 1624 praepediti
2837 1564 3095 1612 corruent
3125 1559 3351 1629 perinde
3403 1571 3567 1634 atque

1987 1641 2222 1708 Pharao,
2257 1645 2351 1716 qui
2384 1645 2436 1700 in
2467 1647 2606 1701 mari
2643 1646 2831 1704 Rubro
2863 1650 3150 1706 demersus
3191 1661 3296 1710 est.
3333 1654 3445 1712 Nos
3473 1671 3568 1712 au-

1991 1742 2099 1788 tem
2132 1736 2352 1791 nomine
2385 1736 2595 1792 Domini
2620 1738 2712 1794 Dei
2750 1741 3217 1798 nostri'instructi
3247 1752 3301 1799 et
3330 1749 3566 1814 armati,

1991 1842 2054 1881 ac
2086 1836 2262 1882 tecum
2316 1828 2410 1899 qui
2461 1830 2729 1886 sacriﬁcia
2775 1832 3027 1890 immolas
3074 1835 3330 1904 precibus
3361 1837 3566 1892 nostris

1991 1929 2388 1987 concertantes,
2415 1937 2765 1994 resurgemus
2807 1933 2970 1995 atque
3004 1926 3309 1997 erigemur,
3337 1944 3462 1984 cum
3505 1937 3567 1985 tu

1990 2013 2058 2070 de
2086 2014 2324 2070 inimicis
2357 2017 2638 2071 victoriam
2663 2018 2935 2073 retuleris.
2974 2018 3080 2073 Sed
3125 2019 3258 2088 hac,
3285 2021 3565 2092 inquiunt.

1988 2109 2238 2163 evenient
2285 2118 2527 2180 tempore
2571 2110 2838 2168 Salutaris
2872 2112 3018 2168 illius
3065 2114 3349 2171 adventus.
3405 2115 3562 2171 Tunc

1989 2199 2133 2254 enim
2183 2201 2419 2256 maxime
2467 2218 2658 2260 omnes
2699 2204 3025 2260 adversaria:
3058 2215 3358 2276 potestates
3393 2222 3457 2263 ac
3486 2209 3567 2262 la-

1990 2299 2169 2348 tentes
2214 2293 2291 2347 illi
2317 2301 2370 2349 et
2398 2296 2598 2350 occulti
2654 2295 2749 2351 Dei
2806 2297 3036 2362 inimici,
3070 2299 3140 2354 ab
3171 2299 3291 2369 ipso
3318 2297 3561 2356 Salutari

1991 2385 2045 2439 in
2095 2385 2276 2456 fugam
2311 2387 2475 2452 versi,
2511 2394 2946 2457 prosternentur.
3000 2388 3202 2446 Omnes
3257 2407 3421 2461 porro
3470 2393 3566 2464 qui

1992 2475 2242 2532 Salutare
2266 2477 2580 2548 hujusmodi
2611 2482 2939 2551 receperint,
2972 2497 3001 2536 a
3024 2482 3256 2552 pristino
3297 2483 3448 2554 lapsu
3478 2501 3567 2541 re-

1991 2577 2234 2638 surgant.
2267 2569 2478 2626 Idcirco
2507 2571 2579 2626 ita
2622 2571 2845 2629 Simeon
2869 2573 2937 2630 de
2960 2573 3080 2644 ipso
3111 2575 3352 2645 loquitur
3384 2596 3396 2630 :
3434 2575 3566 2632 Ecce

1987 2664 2190 2742 positus
2215 2671 2292 2718 est
2335 2663 2418 2717 hic
2451 2666 2506 2718 in
2556 2666 2765 2720 ruinam
2812 2676 2861 2720 et
2904 2670 3334 2723 resurrectionem
3360 2669 3553 2723 multo-

1990 2770 2108 2808 rum
2137 2755 2215 2809 ”:
2251 2753 2466 2809 ruinam
2520 2755 2772 2812 videlicet
2821 2755 3167 2811 inimicorum
3223 2764 3277 2812 et
3323 2757 3565 2813 hostium

1989 2846 2143 2916 ejus;
2179 2846 2638 2902 resurrectionem
2670 2862 2799 2902 vero
2829 2861 3018 2902 eorum
3045 2849 3137 2917 qui
3161 2848 3290 2903 olim
3324 2847 3463 2917 lapsi
3494 2849 3565 2904 ab

1991 2937 2111 3008 ipso
2162 2939 2413 2995 suscitati
2465 2945 2614 2994 sunt.
2670 2937 2794 2993 Haec
2845 2939 3066 3010 quidem
3124 2948 3255 2994 tunc
3300 2949 3565 2998 eventura

1991 3037 2152 3096 sunt;
2178 3029 2292 3100 jam
2311 3046 2464 3094 vero,
2489 3036 2549 3085 tu
2571 3031 2820 3098 Domine,
2852 3031 3062 3086 salvum
3093 3030 3178 3085 fac
3200 3031 3360 3087 nobis
3379 3047 3564 3102 regem

1990 3119 2269 3189 Davidem,
2293 3130 2349 3178 et
2381 3123 2435 3176 in
2465 3123 2613 3177 omni
2641 3138 2869 3192 prorsus
2889 3130 3154 3192 tempore,
3181 3130 3235 3178 et
3258 3123 3314 3177 in
3342 3123 3431 3178 die
3454 3139 3563 3194 qua

1989 3214 2423 3271 invocaverimus
2449 3226 2500 3270 te
2528 3234 2541 3270 :
2578 3229 2700 3284 qua:
2729 3215 2878 3278 item,
2905 3223 2965 3269 ut
2996 3215 3136 3271 alius
3167 3215 3365 3285 inquit,
3395 3215 3560 3272 etiam

1988 3305 2232 3361 Ezechiae
2261 3307 2372 3378 regi
2401 3313 2726 3378 congruunt.
2760 3304 2883 3360 Haec
2910 3321 3074 3376 porro
3100 3304 3420 3378 anagogico,
3447 3305 3562 3362 sive

1987 3395 2308 3464 reductitio,
2341 3411 2492 3452 more
2523 3395 2780 3466 accipias.

2156 3677 2208 3732 1.
2249 3675 2316 3731 IN
2358 3676 2605 3743 FINEM,
2644 3676 2971 3733 PSALMUS
3011 3677 3220 3732 DAVlD
3258 3679 3378 3736 XX.

2057 3786 2189 3854 Qua:
2220 3789 2308 3844 hic
2343 3788 2622 3855 dicuntur,
2654 3790 2721 3844 ad
2756 3789 2996 3844 faustum
3030 3790 3315 3846 referenda
3352 3791 3555 3848 ﬁnem:

1987 3896 2115 3935 nam
2144 3881 2489 3936 inimicorum
2519 3881 2612 3938 Dei
2643 3883 2868 3938 exitium
2898 3884 3226 3954 significant.
3256 3885 3438 3949 Quare
3465 3902 3557 3943 se-

1988 3970 2227 4025 cundum
2272 3970 2659 4043 Symmachum
2688 4013 2703 4039 ,
2740 3971 3079 4040 Triumphate
3118 3973 3425 4034 canticum;
3467 3987 3558 4026 se-

1987 4065 2228 4118 cundum
2260 4062 2514 4134 Aquilam
2544 4078 2694 4129 vero,
2734 4061 2979 4118 Victoriae
3005 4064 3210 4118 auctori
3238 4063 3556 4128 modulatio,

1989 4155 2336 4212 inscribitur.

2057 4243 2224 4301 Vens.
2265 4244 2321 4302 2.
2360 4245 2618 4310 Domine,
2669 4245 2722 4299 in
2766 4246 2958 4300 virtute
3003 4253 3097 4298 tua
3136 4245 3406 4299 lwtabitur
3440 4262 3554 4302 rex.

1987 4339 2240 4394 Arbitror
2267 4340 2337 4392 ab
2367 4337 2563 4394 iisdem
2585 4379 2602 4405 ,
2627 4339 2720 4408 qui
2750 4338 3004 4409 superius
3034 4337 3229 4393 Davidi
3260 4339 3397 4394 bene
3425 4355 3554 4410 pre-

1987 4431 2097 4488 cati
2147 4430 2398 4496 fuerant,
2447 4429 2564 4484 baac
2615 4429 2781 4485 etiam
2832 4429 3044 4501 prolata
3088 4429 3278 4486 fuisse.
3315 4429 3452 4485 Cum
3487 4431 3558 4486 ab

1917 4508 1960 4562 D
1990 4523 2228 4580 oraculis
2269 4523 2373 4579 sibi
2413 4522 2574 4578 editis
2635 4521 2953 4577 edidicisset
2993 4521 3162 4576 David
3214 4536 3277 4577 ea
3315 4536 3436 4592 qua:
3470 4536 3558 4576 sa-

1985 4617 2163 4672 lutare
2207 4615 2338 4671 illud
2384 4631 2451 4670 ex
2499 4615 2708 4671 semine
2753 4629 2855 4669 suo
2903 4612 3289 4684 proditurum,
3341 4626 3557 4668 necnon

1984 4709 2242 4765 salutaris
2267 4707 2514 4779 ejusdem
2540 4707 2800 4762 virtutem
2831 4707 3188 4778 spectabant,
3216 4705 3284 4760 de
3317 4705 3385 4761 iis
3406 4745 3421 4769 ,
3449 4704 3554 4772 ait,

1983 4803 2252 4856 lmtabitur
2274 4810 2328 4858 et
2350 4801 2650 4858 exsultabit
2673 4800 3040 4856 vehementer.
3075 4800 3256 4870 lisque
3279 4797 3554 4861 conﬁsus,

1986 4897 2339 4968 inimicisque
2372 4912 2563 4952 eorum
2596 4911 2700 4966 ope
2732 4895 2960 4952 devictis
2980 4935 2995 4960 ,
3030 4893 3130 4949 tibi
3168 4892 3278 4948 Deo
3311 4890 3557 4947 victoriae

1987 4989 2229 5055 auctori,
2273 4989 2522 5060 ejusdem
2565 4987 2810 5044 victoriae
2854 4986 3045 5042 brabia
3089 4983 3359 5040 attribuit.
3407 4982 3556 5038 Gau-

1986 5081 2183 5152 delquc
2221 5082 2518 5138 admodum
2557 5090 2614 5136 et
2651 5081 2931 5145 exsultat,
2978 5079 3326 5134 inimicorum
3366 5076 3464 5132 abs
3504 5086 3557 5132 te

1984 5183 2212 5246 ereptus
2253 5174 2514 5241 insidiis,
2555 5190 2732 5246 neque
2770 5181 2984 5228 tantum
3013 5171 3082 5227 de
3110 5171 3287 5226 salute
3320 5184 3420 5225 sua
3457 5168 3552 5224 la:-

1985 5276 2153 5333 tatur,
2183 5276 2448 5340 quantum
2479 5266 2548 5322 de
2580 5267 2750 5322 misso
2779 5265 2878 5320 abs
2907 5271 2961 5318 te
2991 5260 3218 5317 salutari
3251 5275 3374 5316 suo.
3411 5259 3553 5316 Cum

1984 5361 2130 5416 enim
2166 5361 2311 5416 idem
2339 5359 2580 5416 salutare
2607 5365 2762 5414 tuum
2794 5356 3026 5414 summis
3051 5355 3192 5410 votis
3226 5351 3515 5424 expetierit
3533 5386 3551 5413 ,

1985 5463 2148 5526 atque
2175 5453 2335 5510 labiis
2369 5455 2485 5526 ipse
2515 5453 2632 5509 suis
2653 5492 2668 5517 .
2695 5451 2896 5508 emissa
2929 5449 3243 5520 frequenter
3271 5445 3551 5506 oratione,

1983 5561 2085 5618 pro
2139 5545 2395 5602 salutaris
2443 5543 2686 5615 ejusdem
2728 5542 2964 5598 adventu
2992 5538 3090 5593 tibi
3134 5531 3555 5608 supplicaverit,

1985 5652 2328 5710 nequaquam
2355 5651 2451 5709 spe
2475 5637 2710 5704 labetur,
2735 5648 2912 5708 neque
2936 5631 3089 5720 irrita
3112 5625 3406 5700 postulatio
3431 5621 3555 5696 ejus
