4122 6454
585 308 686 366 I99

1279 308 1550 368 unseen
1586 306 2062 369 CAESARlENSiS
2098 305 2244 367 ore.
2283 291 2478 368 Palis
2515 290 2605 356 Ill.
2645 335 2718 359 ς.
2757 317 3168 378 EXEGETICA.

3711 331 3826 389 200

575 425 723 494 erit;
754 407 880 479 ἰιιιιῖ
891 423 1056 480 etiam
1089 431 1274 495 optata
1304 433 1672 493 consecutus,
1700 426 2009 482 orationem
2036 424 2111 482 ite

2235 417 2359 480 οὑδὲ
2393 421 2790 501 στερηθήσεται
2819 434 2912 488 τοῦ
2949 437 3246 508 αίτήματος
3271 477 3287 502 ,
3343 437 3477 493 ἀλλὰ
3524 442 3642 495 κατ’
3677 441 3827 520 [κατ]

575 525 701 567 rum
725 510 963 567 emittet.

651 603 718 658 Et
771 618 930 672 super
974 603 1216 658 salutare
1271 613 1418 657 tuum
1467 602 1756 658 exsultabit
1807 603 2147 660 vehementer.

573 693 729 750 Illum
762 695 964 764 quippe
995 693 1139 751 Deus
1167 709 1383 748 summo
1413 693 1612 761 gaudio
1641 694 1872 766 replebit
1891 735 1908 760 ,
1931 693 2150 766 quando

570 784 716 844 facie
756 785 826 840 ad
867 786 1064 841 faciem
1098 787 1330 857 gloriam
1365 787 1485 856 ejus
1523 786 1884 857 contemplari
1921 801 2150 841 conces-

571 880 726 937 serit.
750 879 1115 946 Quamobrem
1145 879 1220 932 ait
1245 878 1645 950 Symmachus:
1676 878 1999 949 Ltcti/icabis
2030 896 2149 934 eum

569 973 626 1030 in
667 971 859 1046 gaudio
898 987 932 1026 a
973 970 1121 1025 uultu
1164 980 1275 1026 tuo.
1308 969 1445 1025 Nam
1487 972 1540 1026 in
1587 979 1832 1042 tempore
1875 972 2148 1043 iustifica-

569 1065 772 1132 tionis,
805 1064 1025 1136 quando
1058 1063 1228 1119 David
1267 1064 1410 1120 inter
1446 1079 1542 1120 eos
1584 1064 1678 1136 qui
1724 1064 1955 1120 salutem
1998 1065 2145 1120 nacti

565 1165 699 1214 sunt
739 1157 953 1212 medius
999 1155 1345 1221 consistens,
1394 1156 1575 1226 magni
1620 1155 1786 1229 Regis
1817 1159 2027 1212 vultum
2059 1159 2146 1214 in-

564 1250 834 1315 tuebitur,
864 1257 920 1304 et
951 1262 1157 1302 corona
1204 1246 1274 1302 de
1315 1247 1495 1318 lapide
1536 1249 1776 1318 pretioso
1820 1258 1986 1320 caput
2021 1251 2143 1322 ejus

561 1343 892 1408 ornabitur;
928 1341 1104 1412 gloria
1145 1339 1663 1411 magnificentiaque
1691 1340 2018 1410 decoratus,
2057 1345 2143 1400 di-

560 1435 689 1490 vino
714 1432 916 1504 gaudio
942 1439 996 1488 et
1026 1431 1238 1487 calesti
1267 1431 1455 1486 laetitia
1487 1432 1816 1504 replebitur.

629 1613 795 1671 Vens.
827 1615 941 1670 3-7.
978 1616 1309 1673 Desiderium
1338 1620 1512 1674 cordis
1541 1622 1654 1691 ejus
1700 1624 1932 1681 tribuisti
1963 1625 2034 1688 ei,
2073 1633 2126 1680 et

556 1708 819 1763 uoluntate
843 1708 1100 1764 labiorum
1131 1711 1242 1781 ejus
1272 1731 1376 1767 non
1401 1714 1670 1784 {raudasti
1701 1733 1839 1770 eum.
1866 1716 2124 1789 Diapsal-

2249 523 2416 594 εὐχὰς
2444 524 2676 597 παρέξει
2703 529 3024 601 τευξόμενος
3047 531 3148 602 τῆς
3176 531 3486 604 ἐπιθυμίας.

2292 649 2294 652 ν
2318 620 2428 674 Καὶ
2457 621 2554 676 ἐπὶ
2574 621 2652 688 τῷ
2667 627 2936 693 σωτηρίῳ
2963 641 3078 680 σου
3107 626 3532 697 ἁγαλλιάσεται
3565 630 3823 702 σφόδρα.

2249 712 2541 784 Εὐφραίνει
2561 714 2670 787 γὰρ
2692 717 2852 770 αὑτὸν
2871 759 2886 782 ,
2913 719 3098 789 φησὶν,
3122 722 3150 772 ό
3171 719 3302 784 Θεὸς
3323 721 3380 774 ἐν
3405 723 3547 794 χαρᾷ
3562 763 3576 785 ,
3601 724 3827 780 ἐπειδάν

2249 805 2538 876 πρόσωπον
2590 809 2727 880 πρὸς
2757 810 3044 882 πρόσωπον
3074 812 3172 882 τῆς
3200 812 3364 866 αὑτοῦ
3392 814 3549 886 δόξης
3577 817 3824 890 ἐπόπτην

2248 898 2406 952 αὑτὸν
2434 903 2860 975 καταστήσηται.
2891 905 2984 958 Διό
3014 922 3178 976 φησιν
3207 907 3236 959 ὁ
3267 907 3561 980 Σύμμαχος
3581 928 3594 939 ·
3631 913 3824 980 Χαροο

2246 989 2518 1058 ποιήσεις
2550 993 2736 1048 αὐτὸν
2761 995 2830 1048 ἐν
2873 996 3218 1064 εὐφροσύνῃ
3258 999 3417 1066 παρὰ
3443 999 3549 1054 τοῦ
3590 999 3825 1068 προσώ-

2245 1100 2362 1138 που
2400 1101 2536 1138 σου.
2595 1085 2686 1157 Τῷ
2719 1085 2827 1158 γὰρ
2858 1087 3034 1159 καιρῷ
3055 1087 3158 1141 τοῦ
3184 1089 3566 1162 δικαιωτηρίου
3595 1131 3610 1155 ,
3662 1092 3817 1146 ἐπει-

2242 1174 2337 1230 δὰν
2361 1176 2422 1230 τὸ
2456 1177 2746 1249 πρόσωπον
2771 1177 2866 1232 τοῦ
2899 1180 3132 1250 μεγάλου
3165 1180 3426 1249 βασιλέως
3457 1183 3619 1254 μέσος
3644 1185 3821 1251 ἑστὼς

2241 1268 2270 1321 ὁ
2295 1267 2457 1324 Δαυῖδ
2489 1270 2596 1324 τῶν
2622 1271 2943 1342 σωζομένων
2969 1272 3212 1327 θεάσοιτο
3237 1313 3252 1339 ,
3278 1275 3371 1328 καὶ
3398 1275 3476 1346 τῷ
3495 1277 3660 1349 τιμίῳ
3685 1277 3821 1351 λίθῳ

2238 1360 2338 1433 τὴν
2369 1362 2609 1434 κεφαλὴν
2632 1364 2984 1435 ἐστεμμένος,
3015 1365 3140 1440 δόξῃ
3163 1383 3220 1420 τε
3252 1368 3345 1420 καὶ
3369 1368 3818 1446 μεγαλοπρεπείᾳ

2239 1454 2680 1526 κεκοσμημένος,
2717 1456 2900 1512 ἐνθέου
2923 1460 3098 1532 χαρᾶς
3151 1459 3245 1513 καὶ
3269 1461 3520 1533 οὐρανίου
3550 1463 3818 1537 εὐφροσύ-

2237 1563 2335 1616 νης
2373 1547 2815 1622 πληρωθήσεται.

2311 1637 2430 1709 Τὴν
2445 1641 2763 1712 ἐπιθυμίαν
2783 1643 2896 1713 τῆς
2915 1644 3157 1714 καρδίας
3181 1645 3367 1701 αὐτοῦ
3386 1647 3611 1716 ἔδωκας
3628 1649 3814 1718 αὐτῷ,

2236 1732 2333 1786 καί
2360 1733 2476 1802 τὴν
2500 1733 2716 1804 δέησιν
2734 1735 2853 1790 τῶν
2872 1737 3121 1808 χειλέων
3140 1739 3326 1794 αὐτοῦ
3346 1743 3455 1794 οὐκ
3474 1741 3810 1811 ἐστέρησας

555 1816 662 1855 ma.
695 1799 956 1865 Quoniam
979 1805 1278 1870 prwvenisti
1305 1821 1422 1859 eum
1451 1806 1507 1859 in
1532 1805 1976 1865 benedictionibus
2000 1808 2111 1863 dul-

2228 1798 2434 1880 αὐτόν.
2454 1798 2787 1899 dealbatam
2805 1798 2932 1885 Ὅτι
2953 1831 3335 1902 προέφθασας
3353 1835 3538 1889 αὑτὸν

552 1889 787 1958 cedinis,
831 1891 1058 1961 posuisti
1098 1892 1153 1945 in
1195 1894 1366 1962 capite
1407 1893 1522 1962 ejus
1563 1909 1813 1948 coronant
1843 1899 1908 1950 de
1952 1895 2127 1965 lapide

549 1983 797 2043 pretioso.
843 1982 1015 2037 Vitam
1048 1984 1194 2052 petiit
1227 2001 1260 2038 a
1292 1995 1340 2039 te
1361 2025 1376 2049 ,
1423 1995 1471 2040 et
1499 1985 1736 2041 tribuisti
1763 1987 1811 2042 ei
1839 1987 2128 2058 longitudi-

549 2092 668 2132 nem
707 2077 912 2131 dierum
951 2078 1007 2130 in
1050 2078 1302 2132 swculunt
1345 2080 1551 2135 swculi.
1603 2078 1806 2150 Magna
1846 2091 1922 2135 est
1952 2081 2125 2152 gloria

545 2168 661 2238 ejus
698 2169 754 2223 in
793 2170 1025 2224 salutari
1064 2181 1188 2237 tuo,
1227 2171 1454 2240 gloriam
1487 2180 1539 2226 et
1594 2189 1844 2244 magnum
1884 2173 2123 2230 decorem

546 2265 779 2334 impones
820 2281 978 2334 super
1013 2283 1152 2320 eum.
1198 2265 1463 2332 Quoniam
1493 2267 1646 2320 dabis
1677 2283 1795 2321 eum
1827 2269 1883 2323 in
1916 2268 2123 2326 benedi-

544 2357 771 2412 ctionem
797 2397 812 2422 ,
848 2368 956 2414 etc.
993 2357 1313 2414 Prmmissas
1348 2358 1537 2414 Davidi
1569 2360 1997 2430 pollicitationes
2026 2381 2124 2420 va-

542 2450 804 2506 ticinatus
823 2490 840 2517 ,
869 2461 1271 2520 consequenter
1297 2465 1519 2506 causam
1549 2452 1703 2508 allcrt
1727 2469 1826 2509 cur
1851 2455 1966 2511 bare
1994 2473 2123 2514 con-

543 2551 835 2600 secuturus
877 2544 969 2599 sit.
1020 2542 1346 2614 Ecqmenam
1395 2544 1488 2598 illa
1526 2559 1725 2613 causa,
1757 2547 1864 2603 nisi
1899 2564 2026 2620 spes
2059 2551 2117 2607 in

541 2631 869 2700 Dominum,
903 2650 1010 2706 qua
1041 2633 1475 2690 misericordiam
1508 2644 1701 2693 nactus
1723 2679 1737 2706 ,
1772 2655 1869 2710 spe
1897 2641 1989 2694 illa
2017 2657 2118 2698 sua

543 2739 574 2780 a
603 2725 714 2782 Deo
744 2728 1014 2784 altissimo
1042 2729 1168 2784 data
1196 2746 1308 2784 non
1349 2729 1597 2797 decidet,
1641 2748 1819 2804 neque
1857 2737 1913 2789 in
1958 2735 2117 2792 firmo

539 2816 635 2872 illo
662 2833 727 2874 ac
753 2820 932 2876 solido
959 2830 1105 2878 statu
1134 2820 1464 2877 fluctuabit?
1510 2821 1651 2877 Nam
1670 2838 1796 2893 spes
1841 2842 1944 2880 non
1990 2842 2115 2881 con-

539 2909 718 2981 fundit
749 2915 817 2970 ".

610 3007 780 3064 Vens.
819 3006 889 3072 9,
929 3006 1014 3063 10.
1061 3005 1374 3062 Inveniatur
1400 3023 1592 3065 manus
1624 3019 1718 3066 tua
1751 3011 1992 3068 omnibus
2018 3013 2116 3067 ini-

2225 1918 2382 1988 γίαις
2409 1922 2820 1990 χρηστότητος
2838 1961 2853 1984 ,
2884 1925 3104 1992 ἔθηκας
3135 1925 3234 1978 ἐπὶ
3259 1926 3374 1995 τὴν
3399 1927 3677 1997 κεφαλὴν
3699 1931 3810 1986 αὑ·-

2223 2010 2332 2064 τοῦ
2354 2011 2660 2082 στέφανον
2679 2015 2747 2069 ἐκ
2772 2017 2947 2072 ,λίθου
2968 2018 3181 2080 τιμίου.
3226 2019 3398 2084 Ζωὴν
3416 2021 3688 2087 ᾐτήσατο
3707 2037 3804 2089 σε,

2223 2101 2326 2155 καὶ
2381 2102 2610 2172 ἔδωκας
2657 2099 2818 2172 αὺτῷ
2858 2111 3204 2179 pauperum
3230 2109 3465 2181 ἡμερῶν
3499 2114 3584 2179 εις
3622 2113 3808 2169 αἰῶνα

2219 2189 2457 2258 αἰῶνος.
2485 2193 2728 2263 Μεγάλη
2751 2199 2788 2265 ἠ
2811 2195 2959 2262 δόξά
2979 2201 3164 2254 αὑτοῦ
3183 2200 3252 2254 ἐν
3273 2200 3353 2268 τῷ
3371 2206 3644 2273 σωτηρίῳ
3663 2222 3781 2261 σου
3796 2258 3808 2271 ,

2219 2283 2408 2350 δόξαν
2437 2288 2534 2341 καὶ
2577 2291 3097 2360 μεγαλοπρέπειαν
3125 2294 3434 2362 ἐπιθήσεις
3463 2298 3556 2350 ἐπ’
3589 2299 3798 2352 αὐτόν.

2224 2377 2343 2432 Ὅτι
2399 2377 2614 2448 δώσεις
2664 2381 2825 2448 αὐτῷ
2879 2385 3186 2454 εὐλογίαν.
3251 2387 3364 2450 Τὰς
3415 2389 3804 2461 προλεχθείσας

2218 2469 2554 2538 ἐπαγγελίας
2587 2470 2848 2537 θεσπίσας
2879 2475 2908 2527 ὁ
2940 2474 3097 2542 λόγος
3129 2475 3206 2547 τῷ
3242 2476 3407 2530 Δαυῒδ
3433 2518 3447 2542 ,
3496 2478 3800 2544 ἀκολούθως

2217 2560 2314 2633 τὴν
2343 2562 2524 2616 αἰτίαν
2572 2563 2813 2619 διδάσκει
2865 2566 2936 2621 δι’
2967 2567 3034 2639 ἢν
3060 2568 3168 2622 τῶν
3214 2571 3481 2624 τοσούτων
3528 2570 3795 2638 τεύξεται.

2217 2653 2314 2718 Τίς
2344 2654 2401 2708 δέ
2438 2651 2506 2728 ἦν
2538 2657 2570 2728 ή
2609 2658 2760 2712 αἰτία
2790 2658 2906 2713 ἀλλ’
2933 2659 3088 2724 ἐλπὶς
3125 2666 3157 2733 ἡ
3192 2663 3284 2716 ἐπὶ
3319 2664 3409 2718 τὸν
3447 2665 3650 2737 Κύριον
3675 2706 3691 2730 ,
3727 2667 3798 2721 δι’

2214 2746 2283 2818 ἣν
2313 2747 2463 2802 ἐλέου
2499 2748 2696 2821 τυχὼν,
2738 2752 2838 2822 τῆς
2868 2751 3020 2824 παρὰ
3045 2751 3177 2808 Θεοῦ
3207 2754 3300 2808 τοῦ
3332 2755 3554 2826 ὑψίστου
3584 2757 3796 2827 ἐλπίδος

2214 2839 2314 2894 οὐκ
2347 2843 2733 2908 ἀποπεσεῖται,
2773 2843 2892 2898 οὐδὲ
2923 2845 3313 2918 σαλευθήσεται
3339 2849 3438 2920 τῆς
3474 2849 3793 2921 ἐρρωμένης

2212 2933 2417 3005 ταύτης
2447 2935 2728 3002 στάσεως;
2772 2938 2841 2992 Ἠ
2868 2938 2976 3011 γὰρ
3004 2939 3180 3007 ἐλπίς
3211 2943 3282 2995 οὐ
3315 2943 3722 3011 καταισχύνει.

2285 3029 2566 3098 Εὑρεθείη
2591 3031 2630 3098 ἠ
2660 3031 2790 3099 χείρ
2825 3046 2942 3086 σου
2973 3031 3121 3088 πᾶσι
3150 3033 3274 3100 τοῖς
3307 3033 3540 3104 ἐχθροῖς
3565 3053 3683 3090 σου
3704 3076 3720 3101 ,
3749 3037 3790 3108 ἡ

534 3100 686 3154 micis
732 3100 872 3166 tuis,
916 3098 1135 3154 dextera
1182 3111 1272 3154 tua
1301 3101 1530 3155 inueniat
1573 3119 1752 3158 omnes
1783 3105 1873 3176 qui
1907 3114 1955 3160 te
1984 3105 2111 3159 adeo

2214 3119 2384 3186 δεξιά
2416 3138 2532 3177 σου
2551 3098 2712 3192 εὕροι
2739 3098 2968 3192 πάντας
2994 3124 3136 3194 τοὺς
3161 3098 3494 3197 praeit-trade
3517 3098 3610 3183 σε.

533 3199 677 3247 runt.
709 3190 878 3246 Panes
902 3207 988 3245 eos
1019 3205 1076 3245 ut
1107 3193 1374 3247 clibanum
1404 3194 1561 3264 ignis,
1597 3196 1651 3249 in
1679 3206 1906 3267 tempore
1936 3197 2109 3252 vultus

533 3285 613 3338 tui
638 3299 656 3337 :
689 3282 946 3337 Duritiuus
976 3284 1027 3336 in
1059 3285 1139 3338 ira
1173 3301 1270 3338 sua
1298 3286 1634 3340 conturbabit
1664 3305 1753 3344 eos
1773 3329 1788 3354 ,
1817 3299 1868 3344 et
1896 3290 2110 3345 devora-

532 3374 608 3430 bit
643 3391 730 3430 eos
773 3374 928 3444 ignis.
974 3373 1066 3430 Sic
1108 3373 1276 3430 Deum
1305 3376 1663 3446 alloquuntur
1685 3380 1780 3450 qui
1811 3397 2000 3452 preces
2027 3384 2109 3440 ef-

535 3467 810 3531 fundunt,
843 3482 908 3521 ac
939 3468 984 3522 si
1015 3467 1302 3523 dicerent:
1352 3467 1581 3524 Etiamsi
1627 3470 1662 3525 ii
1703 3475 1797 3544 qui
1847 3491 1969 3532 sese
2010 3478 2106 3534 tibi

529 3557 643 3615 Deo
674 3559 924 3615 inimicos
957 3562 1398 3628 constituerunt,
1429 3565 1639 3620 animas
1669 3565 1765 3621 tibi
1815 3569 2065 3626 addictus
2086 3611 2100 3638 ,

529 3667 742 3707 necnon
796 3661 1018 3707 sanctos
1075 3668 1264 3710 omnes
1316 3655 1372 3709 in
1425 3655 1630 3711 familia
1684 3665 1777 3714 tua
1833 3661 2103 3732 ascriptos

525 3744 882 3814 oppugnandi
941 3745 1102 3801 linem
1151 3761 1261 3802 non
1321 3746 1575 3817 faciunt;
1627 3760 1681 3806 at
1732 3751 2101 3812 inevitabilem

525 3851 750 3892 manum
793 3846 848 3893 et
890 3839 1153 3894 invictam
1194 3841 1454 3895 virtutem
1503 3849 1652 3897 tuam
1683 3859 1790 3898 non
1819 3845 2098 3917 ellugient.

524 3927 804 3987 Hactenus
845 3933 989 3987 enim
1033 3932 1161 3987 dum
1211 3934 1604 4003 permittuntur
1644 3938 1853 3994 inimici
1901 3939 1981 3994 illi
2020 3941 2100 3996 tui

522 4021 756 4078 athletas
797 4029 922 4079 tuos
966 4024 1305 4090 exercitare,
1337 4025 1477 4082 altos
1515 4037 1804 4084 assumunt
1847 4032 2094 4100 spiritus.

521 4111 792 4170 Caeterum
847 4129 973 4169 cum
1018 4115 1055 4169 ii
1104 4115 1169 4170 ad
1214 4115 1378 4172 breve
1429 4126 1646 4188 tempus
1689 4123 2093 4192 superbierint,

522 4218 637 4258 non
664 4203 757 4258 diu
786 4211 975 4274 postea
1005 4219 1202 4262 manus
1233 4214 1323 4260 tua
1357 4206 1728 4278 deprehendet
1755 4227 1851 4268 eos
1872 4255 1888 4282 ,
1915 4230 1981 4270 ac
2010 4215 2098 4270 fu-

517 4294 733 4364 gientes
776 4295 998 4351 dextera
1046 4303 1139 4352 tua
1190 4298 1519 4369 intercipiet.
1567 4302 1708 4368 Quid
1761 4319 1925 4375 porro
1973 4315 2096 4380 aget

517 4401 642 4444 cum
672 4389 1134 4460 apprehenderit?
1161 4391 1333 4448 Panes
1359 4410 1447 4448 eos
1476 4403 1533 4448 ut
1563 4396 1833 4452 clibanum
1865 4401 2000 4470 ignis
2034 4403 2088 4457 in

2217 3225 2349 3279 σεις
2397 3214 2618 3282 αὐτοὺς
2659 3215 2741 3280 ὡς
2788 3216 3083 3271 κλίϐανον
3111 3217 3302 3285 πυρὸς
3326 3219 3414 3285 είς
3445 3219 3652 3288 καιρὸν
3685 3221 3788 3276 τοῦ

2215 3304 2538 3373 προσώπου
2557 3323 2692 3362 σου.
2724 3309 2939 3376 Κύριος
2957 3309 3026 3362 ὲν
3046 3308 3193 3379 ὀργῇ
3217 3309 3402 3365 αὑτοῦ
3427 3311 3786 3380 συνταράξει

2213 3399 2434 3465 αὐτοὺς
2453 3439 2467 3461 ,
2499 3400 2596 3454 καί
2627 3401 3020 3471 καταφάγεται
3052 3403 3273 3469 αὐτοὺς
3304 3406 3338 3458 ὁ
3369 3403 3507 3473 πῦρ.
3556 3405 3785 3475 Λέγεται

2212 3489 2383 3544 ταῦτα
2412 3490 2547 3562 πρὸς
2571 3491 2662 3546 τὸν
2691 3492 2820 3570 Θεὸν
2852 3493 2958 3547 ὑπὸ
2982 3493 3088 3547 τῶν
3111 3493 3210 3565 τὴν
3242 3495 3404 3568 εὐχὴν
3433 3497 3782 3567 άναπεμπόν-

2210 3600 2338 3648 των,
2359 3583 2409 3636 οἳ
2426 3587 2518 3639 καὶ
2536 3584 2698 3655 φασίν
2719 3603 2731 3616 ο
2749 3587 2797 3638 εί
2815 3588 2908 3639 καὶ
2924 3585 2990 3639 τὰ
3008 3587 3240 3658 μάλιστα
3256 3590 3302 3642 οἱ
3320 3589 3542 3654 ἑαυτοὺς
3558 3590 3781 3660 ἐχθροὺς

2211 3674 2295 3728 σοὶ
2308 3675 2384 3747 τῷ
2400 3676 2516 3747 Θεῷ
2533 3679 2990 3750 καταστήσαντες,
3011 3680 3108 3743 τὰς
3126 3681 3489 3752 ἀνακειμένας
3508 3699 3590 3735 σοι
3605 3682 3780 3754 ψυχὰς

2209 3767 2302 3820 καὶ⁵
2352 3768 2479 3833 τοὺς
2535 3770 2722 3839 ἁγίους
2754 3771 2959 3835 πάντας
2989 3771 3114 3834 τούς
3142 3789 3224 3826 σοι
3261 3775 3780 3846 προσῳκειωμένους

2208 3860 2634 3932 ἐκπολεμοῦντες
2655 3864 2716 3916 ού
2739 3863 3034 3918 παύονται·
3059 3863 3174 3917 ἀλλ’
3194 3865 3254 3918 ού
3277 3865 3650 3934 διαφεύξονται
3680 3868 3780 3938 τὴν

2205 3951 2446 4024 άφυκτόν
2495 3972 2586 4008 σου
2633 3957 2788 4027 χεῖρα
2834 3955 2930 4010 καὶ
2966 3957 3064 4028 τὴν
3097 3957 3362 4030 ἀήττητόν
3405 3973 3495 4012 σου
3527 3957 3773 4030 δύναμιν.

2206 4042 2354 4108 Τέως
2388 4045 2486 4115 μὲν
2515 4045 2624 4115 γὰρ
2659 4045 2738 4109 εἰς
2769 4045 2890 4100 ὅσον
2918 4046 3212 4116 γυμνάζειν
3239 4049 3366 4111 τοὺς
3396 4049 3522 4111 σοὺς
3546 4047 3777 4113 οἰκείους

2201 4133 2388 4207 ὥσπερ
2417 4135 2653 4207 ἀθλητὰς
2676 4137 3064 4210 ἐπετράπησαν
3090 4138 3137 4190 οἱ
3161 4137 3347 4209 ἐχθροί
3372 4155 3464 4191 σου
3484 4177 3498 4202 ,
3531 4138 3777 4211 ἐπαίρονο

2200 4240 2323 4278 ταν
2378 4225 2517 4296 πλὴν
2571 4225 2706 4298 πρὸς
2752 4225 2931 4296 ὀλίγον
2977 4225 3312 4298 ἐπαρθέντας
3339 4228 3536 4292 αὐτοὺς
3564 4229 3664 4284 οὑκ
3694 4230 3774 4294 είς

2203 4315 2418 4390 μακρὰν
2444 4319 2478 4389 ὴ
2511 4317 2577 4388 σὴ
2613 4319 2733 4388 χεὶρ
2759 4317 3151 4390 καταλήψεται,
3177 4318 3269 4372 καὶ
3299 4320 3333 4390 ἡ
3368 4319 3434 4391 σὴ
3461 4318 3608 4385 δεξιὰ
3639 4319 3771 4391 φεύ-

2197 4426 2392 4479 γοντας
2415 4410 2688 4483 Θηρεύσει.
2717 4410 2782 4464 Τί
2801 4409 2859 4464 δὲ
2880 4413 3092 4482 ποιήσει
3121 4411 3530 4479 καταλαϐοῦσα;
3557 4412 3771 4480 Θήσεις

517 4487 747 4549 tempore
772 4480 945 4535 uultus
982 4483 1080 4538 tui.
1110 4481 1323 4539 Etenim
1360 4501 1470 4557 quo
1501 4495 1745 4560 tempore
1777 4495 2088 4562 resplende-

2214 4501 2414 4569 ιύτοὺς
2540 4502 2828 4557 κλίϐανον
2852 4480 3041 4572 πυρος
3061 4505 3149 4570 εἰς
3174 4503 3380 4573 καιρὸν
3401 4505 3506 4559 τοῦ
3533 4505 3767 4574 προσώ-

513 4570 596 4628 bit
619 4572 803 4628 vultus
836 4572 927 4627 ille
956 4579 1084 4629 tuus
1105 4613 1120 4638 ,
1152 4591 1261 4644 quo
1294 4577 1506 4633 scilicet
1534 4594 1758 4650 regnum
1792 4590 1945 4636 tuum
1975 4599 2090 4638 ma-

512 4661 842 4733 nifestabis,
872 4665 1092 4722 eosdem
1125 4669 1218 4738 qui
1271 4668 1375 4723 sibi
1417 4669 1554 4740 ipsis
1595 4673 1856 4743 nequitia:
1904 4676 2084 4746 ignem

511 4755 884 4824 advexerunt,
927 4759 1188 4813 meritum
1234 4760 1340 4815 sibi
1382 4763 1711 4834 supplicium
1755 4769 2088 4826 succendere

510 4845 682 4905 facies
707 4889 721 4914 ,
745 4850 820 4904 ita
868 4857 929 4905 ut
960 4851 1176 4908 libanus
1205 4853 1346 4924 ignis
1374 4855 1730 4928 sibimetipsis
1758 4857 2081 4920 efﬁciantur.

509 4939 702 5008 Qualia
736 4942 862 4998 item
891 4943 1175 5014 patiuntur
1202 4946 1295 5017 qui
1329 4947 1382 5001 in
1411 4950 1768 5019 aegritudine,
1815 4969 2081 5026 corporea

509 5031 650 5088 febri
681 5033 972 5092 laborant:
1006 5038 1224 5094 nemine
1263 5040 1464 5111 quippe
1505 5044 1850 5102 extrinsecus
1897 5049 2079 5120 ignem

508 5123 862 5192 admovente,
895 5127 950 5181 in
979 5143 1038 5184 se
1069 5130 1205 5199 ipsis
1237 5133 1416 5201 ignem
1449 5130 1652 5190 fovent.
1689 5135 1890 5192 Eodem
1925 5155 2082 5210 pror-

507 5229 605 5272 sus
631 5218 794 5273 modo
823 5219 1078 5277 inimicos
1111 5231 1234 5279 tuos
1258 5263 1272 5286 ,
1303 5223 1519 5295 inquit,
1554 5235 1718 5298 atque
1746 5245 1843 5287 eos
1883 5233 1977 5303 qui
2027 5241 2081 5290 te

505 5309 771 5377 oderunt,
794 5330 966 5386 pones
995 5324 1053 5370 ut
1093 5318 1372 5373 clibanum
1400 5317 1564 5391 ignis.
1609 5321 1978 5390 Quamobrem
2010 5329 2078 5386 iis

2192 4610 2310 4649 που
2349 4610 2484 4648 σου.
2539 4595 2628 4648 Ἐν
2668 4593 2747 4666 τῷ
2796 4595 2972 4666 καιρῷ
3009 4595 3118 4668 γὰρ
3155 4597 3253 4668 τῆς
3287 4595 3640 4668 ἐπιλάμψεως
3670 4595 3766 4654 τοῦ

2190 4685 2484 4759 προσώπου
2535 4705 2660 4752 σου,
2714 4688 2772 4741 ἐν
2799 4680 2843 4755 ᾧ
2875 4687 2973 4760 τὴν
3019 4687 3216 4742 σαυτοῦ
3243 4685 3439 4752 δείξεις
3467 4688 3764 4760 βασιλείαν,

2189 4779 2387 4842 αὐτοὺς
2421 4780 2630 4843 ἑαυτοῖς
2659 4780 2721 4833 τὸ
2750 4781 2849 4852 τῆς
2884 4780 3080 4844 κακίας
3107 4774 3217 4850 πῦρ
3248 4779 3580 4847 συνάξαντας
3601 4819 3618 4844 ,
3667 4780 3764 4853 τὴν

2189 4870 2309 4925 καθ’
2358 4871 2564 4925 ἑαυτῶν
2616 4872 2835 4926 κόλασιν
2865 4872 3058 4943 ἐξάψαι
3097 4875 3372 4944 ποιήσεις·
3435 4873 3582 4937 ὅπως
3611 4874 3765 4928 αὐτοὶ

2184 4961 2398 5026 ἑαυτοῖς
2421 4961 2668 5028 κλίϐανος
2696 4965 2864 5035 πυρὸς
2889 4965 3142 5034 γένοιντο.
3181 4964 3367 5018 Ὁποῐα
3391 4965 3689 5035 πάσχουσιν
3715 4967 3763 5018 οἱ

2183 5055 2242 5108 ὲν
2274 5057 2393 5118 ταῖς
2432 5055 2606 5120 νόσοις
2637 5055 2700 5110 τὸ
2751 5057 2910 5126 σῶμα
2949 5058 3305 5130 πυρέττοντες
3327 5073 3340 5088 ο
3393 5055 3620 5130 μηδενὸς
3653 5056 3762 5131 γάρ

2183 5146 2381 5215 ἔξωθεν
2410 5148 2765 5216 ὑποκαίοντος
2785 5190 2798 5214 ,
2827 5150 2974 5204 ἔνδον
3000 5150 3060 5203 τὸ
3087 5149 3197 5223 πῦρ
3224 5150 3282 5216 ἐξ
3304 5151 3512 5205 ἑαυτῶν
3539 5151 3761 5221 ἐπάγον-

2181 5258 2290 5296 ται.
2319 5239 2508 5306 Οὕτως
2529 5238 2620 5298 οὗν
2645 5243 2739 5298 καὶ
2762 5244 2887 5308 τοὺς
2908 5243 3133 5316 ἐχθρούς
3157 5261 3252 5298 σου
3280 5245 3372 5300 καὶ
3399 5246 3525 5310 τοὺς
3548 5243 3762 5317 μισοῦν-

2181 5337 2280 5401 τάς
2309 5355 2368 5392 σε
2387 5376 2402 5401 ,
2444 5337 2578 5410 φησὶ
2602 5378 2616 5402 ,
2652 5338 2837 5408 θήσεις
2866 5338 2942 5402 ὡς
2972 5337 3224 5393 κλίϐανον
3253 5339 3444 5412 πυρός.
3510 5339 3603 5392 Διὸ
3633 5338 3756 5409 λεχ-

503 5401 759 5462 dicetur:
811 5408 1086 5466 Procedile
1134 5411 1203 5466 ad
1255 5414 1432 5470 lumen
1476 5416 1613 5488 ignis
1673 5421 1862 5494 uestri,
1910 5432 1961 5478 et
2005 5423 2076 5478 ad

2215 5431 2404 5502 ήσεται
2433 5401 2785 5502 πρὸςιιὺτούς
2800 5447 2812 5460 ·
2827 5433 3165 5500 Πορεύεσθε
3179 5431 3258 5499 τῷ
3274 5433 3421 5504 φωτί
3439 5433 3546 5490 τοῦ
3565 5430 3754 5501 πυρὸς

500 5495 778 5570 ﬂammam
804 5518 960 5573 quam
993 5504 1334 5561 succendistis
1364 5507 1430 5562 ⁸⁷.

547 5589 742 5664 ﬁsus.
783 5594 870 5651 11.
913 5593 1172 5653 Fructum
1200 5614 1382 5653 eorum
1410 5598 1474 5656 de
1499 5609 1640 5656 terra
1666 5602 1850 5673 perdes
1869 5645 1885 5675 ,
1914 5617 1963 5663 et
1989 5627 2074 5666 se-

569 5772 619 5810 “
644 5772 808 5836 Rom.
861 5793 915 5845 v,
950 5776 1006 5834 5.
1081 5777 1271 5854 "_lsa.
1309 5794 1375 5848 ι,
1414 5779 1503 5838 Η.

2178 5521 2365 5590 ὑμῶν,
2393 5522 2493 5577 καὶ
2528 5522 2602 5592 τῇ
2624 5525 2801 5594 φλογὶ
2821 5517 2863 5598 ᾗ
2886 5524 3276 5589 ἑξεκαύσατε.

2255 5613 2365 5671 Τὸν
2391 5615 2623 5686 καρπὸν
2650 5616 2835 5673 αὐτὸν
2858 5616 2978 5674 ἀπὸ
3000 5617 3114 5689 γῆς
3137 5617 3418 5689 ἀπολεῖς,
3448 5616 3546 5677 καί
3568 5615 3751 5687 σπέρ-
