4122 6454
1420 397 1928 458 COMMENTARIA
1963 369 2407 478 Ité‘psauios:

3437 398 3544 460 209.

274 529 367 584 μα
387 513 587 570 αὐτῶν
607 511 728 568 ἀπὸ
755 511 902 569 υἱῶν
927 514 1271 584 ἀνθρώπων.
1300 493 1558 589 Διαδοχαί
1571 517 1679 590 γὰρ
1703 519 1863 588 γεγό-

1969 536 2084 574 men
2124 535 2306 574 eorum
2343 535 2376 573 α
2423 517 2556 588 ﬁliis
2583 516 2873 573 hominum.
2905 518 3202 590 lmpiorum
3230 518 3545 576 atheorum-

283 622 405 659 νασι
439 601 646 678 μυρίων
676 604 890 659 ἀσεϐῶν
927 606 1022 660 καὶ
1053 605 1228 662 ἀθέων
1253 607 1463 680 ἀνδρῶν
1485 625 1500 639 ο
1526 609 1787 675 πολλάκις
1813 611 1870 665 δέ

279 699 376 752 καὶ
414 696 663 767 πονηρῶν
717 701 968 772 πατέρων
1000 702 1104 756 υίοὶ
1137 701 1412 766 θεοσεϐεῖς
1458 703 1555 756 καὶ
1601 703 1872 773 Θεοφιλεῖς

280 789 696 862 ἀπεφάνθησαν.
747 792 975 866 Σπέρμα
996 795 1053 849 δέ
1080 793 1187 848 τῶν
1207 794 1380 849 ἀθέων
1403 796 1496 850 καὶ
1525 795 1737 867 καρπὸς
1763 796 1872 851 τῶν

283 880 520 948 ἀσεϐῶν,
538 883 586 936 oi
601 881 749 950 λόγοι
771 883 950 938 αὐτῶν
977 885 1071 940 καὶ
1095 886 1151 938 αἱ
1173 885 1513 940 διδασκαλίαι
1540 886 1634 941 καὶ
1653 887 1720 940 τὰ
1737 887 1872 943 ἄθεα

273 976 524 1046 δόγματα
549 1014 564 1040 ,
627 976 766 1048 μετά
820 975 919 1049 τὴν
950 978 1206 1050 τελευτὴν
1239 979 1419 1034 αὐτῶν
1469 979 1527 1033 ὲν
1561 981 1870 1052 ἀνθρώποις

273 1066 660 1136 ἀποφανθέντα
679 1109 693 1133 ,
713 1069 992 1140 τυγχάνει.
1027 1071 1090 1123 *Α
1117 1071 1182 1143 δὴ
1205 1071 1281 1136 ὡς
1302 1072 1506 1142 ἀγαθὸς
1528 1075 1556 1127 ὁ
1574 1074 1706 1138 Θεὸς
1728 1076 1872 1129 ἀπω-

273 1159 398 1231 λείᾳ
448 1161 544 1214 καὶ
572 1159 868 1234 ἀφανισμῷ
897 1164 1265 1236 παραδίδωσιν
1289 1182 1304 1195 θ
1363 1166 1450 1219 ἵνα
1484 1167 1623 1239 μήτε
1659 1168 1870 1240 καρπὸς

272 1252 385 1305 τῶν
406 1252 620 1306 ἀσεϐῶν
657 1255 793 1324 μήτε
830 1255 1052 1327 σπέρμα
1085 1257 1266 1311 αὐτῶν
1292 1259 1694 1331 περιλείπηται.

348 1345 479 1397 Ὀτι
495 1344 745 1400 ἔκλιναν
763 1349 849 1413 εὶς
869 1348 945 1401 σὲ
963 1350 1118 1404 κακὰ
1135 1356 1154 1414 ,‘
1171 1349 1588 1422 διελογίσαντο
1603 1354 1864 1422 βουλὰς,

272 1434 348 1500 ἇς
380 1437 453 1489 οὐ
480 1434 568 1505 μὴ
601 1435 896 1492 δύνωνται
929 1439 1177 1510 στῆσαι.
1243 1443 1372 1498 Ὅτι
1405 1444 1612 1513 θήσεις
1645 1447 1869 1514 αὐτοὺς

273 1527 488 1595 νῶτον,
505 1530 576 1582 ἐν
593 1529 717 1596 τοῖς
735 1533 1106 1601 περιλοίποις
1127 1552 1244 1589 σου
1263 1535 1598 1606 ἐτοιμάσεις
1609 1537 1675 1591 τὸ
1687 1542 1870 1607 πρόσ-

273 1633 440 1673 ωπον
497 1620 714 1677 αὐτῶν.
779 1624 947 1678 Πάλιν
991 1625 1324 1698 παρατίθησι
1371 1628 1472 1700 τὴν
1498 1629 1676 1682 αἰτίαν
1699 1629 1766 1682 δι’
1803 1629 1869 1700 ἢν

271 1712 450 1766 ταῦτα
476 1713 786 1778 πείσονται,
822 1714 996 1784 λέγων
1017 1733 1030 1747 ·
1062 1717 1182 1770 Ὅτι
1201 1716 1453 1770 ἔκλιναν
1475 1721 1562 1785 εἰς
1592 1719 1667 1772 σὲ
1692 1719 1865 1775 κακά.

287 1807 435 1860 Ἀντὶ
449 1806 504 1859 δέ
524 1805 615 1860 τοῦ
635 1847 650 1872 ,
678 1808 969 1862 Ἐκλιναν
985 1848 1000 1872 ,
1023 1811 1051 1862 ὁ
1070 1809 1364 1880 Σύμμαχος
1383 1827 1396 1840 ·
1420 1812 1546 1864 Ὅτι
1569 1810 1868 1880 συνέφρα-

1972 621 2080 676 que
2127 607 2408 665 hominum
2463 607 2766 662 innumera:
2811 608 3188 664 successiones
3236 610 3432 665 fuere:
3481 625 3546 665 ac

1972 697 2295 769 plerumque
2333 700 2549 767 evenit,
2593 706 2653 753 ut
2692 715 2758 755 ex
2803 699 3066 771 improbis
3099 701 3348 772 patribus
3377 703 3452 773 pii
3483 717 3548 756 ac

1972 792 2217 863 religiosi
2246 792 2339 846 ﬁlii
2372 793 2743 850 exorirentur.
2776 793 2882 850 Sed
2912 809 3100 850 semen
3130 796 3416 852 atheorum
3437 838 3451 863 ,
3480 811 3547 853 ac

1973 882 2191 939 fruetus
2233 884 2521 954 impiorum
2571 894 2700 941 sunt
2729 886 2893 941 verba
2916 925 2932 950 ,
2964 886 3264 953 doctrinae,
3294 897 3350 943 et
3377 888 3545 958 impia

1972 976 2306 1033 documenta
2336 976 2689 1042 earumdem,
2721 993 2844 1049 quae
2872 985 2996 1050 post
3043 980 3288 1050 ipsorum
3333 980 3545 1035 obitum

1970 1087 2068 1142 per
2092 1071 2346 1126 homines
2375 1071 2828 1126 disseminantur.
2858 1071 3097 1142 Quaeque
3125 1072 3335 1128 scilicet
3364 1072 3506 1128 Deus
3525 1115 3542 1140 ,

1972 1172 2158 1234 utpote
2181 1164 2357 1219 bonus
2379 1203 2394 1226 ,
2423 1164 2490 1219 de
2516 1163 2696 1218 medio
2722 1165 2866 1220 tollit
2895 1178 2960 1219 ac
2987 1163 3219 1235 dissipat
3243 1182 3258 1232 ;
3281 1173 3342 1219 ut
3369 1180 3549 1236 neque

1972 1256 2215 1320 fructus,
2253 1271 2431 1326 neque
2464 1271 2651 1311 semen
2682 1255 2975 1325 impiorum
3004 1255 3284 1311 residuum
3316 1257 3408 1311 sit.

2042 1349 2208 1405 Vens.
2249 1350 2334 1412 1‘2.
2369 1350 2458 1404 {5.
2503 1349 2771 1415 Quoniam
2798 1347 3192 1403 declinaverunt
3220 1349 3275 1402 in
3302 1358 3351 1402 te
3379 1349 3544 1412 mala,

1969 1446 2326 1515 cogitaverunt
2376 1442 2601 1498 consilia
2654 1457 2772 1511 qua:
2834 1457 2938 1496 non
2990 1450 3235 1510 poterunt
3286 1440 3543 1496 stabilire.

1971 1537 2234 1604 Quoniam
2276 1551 2434 1605 pones
2477 1552 2563 1590 eos
2606 1535 2859 1598 dorsum,
2891 1535 2946 1587 in
2977 1533 3215 1602 reliquiis
3258 1534 3360 1587 tuis
3409 1547 3548 1600 pra:-

1969 1629 2184 1700 parabis
2235 1628 2438 1683 vultum
2491 1643 2694 1682 eorum.
2753 1625 2966 1682 Rursus
3019 1640 3242 1681 causam
3283 1640 3384 1678 cur
3433 1623 3546 1678 [1330

1970 1721 2283 1793 perpessuri
2321 1721 2432 1775 sint
2463 1718 2652 1781 atlert,
2691 1719 2778 1774 his
2811 1719 2995 1780 verbis
3030 1738 3042 1773 :
3080 1717 3345 1784 Quoniam
3377 1717 3548 1770 decli-

1971 1825 2226 1871 naverunt
2254 1815 2309 1868 in
2339 1823 2385 1867 te
2417 1813 2582 1867 mala.
2616 1812 2787 1882 Cujus
2815 1813 2936 1868 loco
2967 1811 3325 1882 Symmachus
3353 1830 3364 1865 :
3399 1809 3546 1876 Quo-

275 1899 396 1963 ξαν
421 1898 572 1954 κατὰ
597 1899 715 1954 σοῦ
735 1901 821 1966 εἰς
849 1902 1058 1956 κακόν.
1090 1901 1153 1955 Et
1176 1902 1283 1974 γάρ
1306 1903 1398 1956 καὶ
1420 1901 1740 1975 ἀνθρώπους
1765 1904 1870 1957 ἐδό-

1972 1909 2115 1963 niam
2151 1906 2570 1960 communierant
2602 1920 2656 1959 se
2683 1914 2868 1958 contra
2903 1913 2948 1958 te
2976 1905 3028 1957 in
3061 1902 3283 1957 malum.
3319 1901 3546 1956 Etiamsi

273 2010 405 2046 κουν
431 1993 685 2063 πολεμεῖν
704 2036 718 2059 ,
754 1994 868 2048 ἀλλ’
894 1996 1016 2049 ἐπεὶ
1045 1995 1119 2066 μὴ
1140 1996 1208 2050 δι’
1231 1995 1452 2066 εὔλογον
1479 1997 1659 2050 αἰτίαν
1679 2038 1694 2061 ,
1734 1997 1870 2069 μηδὲ

269 2085 364 2140 διά
393 2103 513 2139 τινα
545 2087 744 2158 πρᾶξιν
773 2087 974 2142 ἄτοπον
1005 2089 1235 2154 ἐκείνοις
1268 2089 1621 2144 ἐπεϐούλευον
1649 2131 1664 2156 ,
1699 2091 1786 2144 διὰ
1811 2091 1869 2145 δὲ

275 2179 448 2248 μόνην
478 2178 576 2250 τὴν
598 2182 677 2244 είς
708 2181 767 2234 σέ
797 2181 1079 2236 εὐσέϐειαν
1100 2199 1112 2212 ·
1140 2182 1366 2246 εἰκότως
1391 2183 1536 2238 εἴποι
1567 2185 1632 2240 ἄν
1661 2202 1746 2249 τις
1769 2184 1868 2239 αὑ-

270 2269 403 2332 τοὺς
452 2270 535 2323 σοὶ
565 2269 642 2342 τῷ
675 2270 794 2342 Θεῷ
824 2272 1334 2329 ἐπιϐεϐουλευκέναι
1356 2315 1370 2340 ,
1428 2276 1523 2329 καὶ
1554 2276 1736 2340 πάσας
1766 2276 1866 2342 τάς

275 2364 528 2435 μηχανὰς
561 2363 626 2427 ἀς
655 2363 1044 2420 ἐϐουλεύσαντο
1082 2367 1223 2422 κατὰ
1255 2367 1365 2422 τῶν
1393 2367 1498 2422 σῶν
1535 2370 1696 2424 ὁσίων
1721 2369 1864 2424 κατά

271 2455 372 2510 σοῦ
397 2455 490 2510 τοῦ
519 2455 653 2510 Θεοῦ
693 2457 1136 2529 μεμηχανῆσθαι.
1172 2459 1262 2513 Διδ
1289 2460 1355 2532 δὴ
1385 2459 1455 2514 τά
1485 2460 1853 2534 προλεχθέντα

270 2548 471 2611 αὐτοὺς
497 2548 868 2620 καταλήψεται
887 2567 901 2580 ο
925 2550 1045 2604 οὐδὲ
1068 2550 1168 2616 τὰς
1193 2552 1291 2616 σάς
1311 2552 1594 2625 διαδράναι
1617 2553 1866 2625 δυνήσον-

271 2658 366 2695 ται
390 2645 597 2713 χεῖρας.
634 2643 697 2697 Οἱ
725 2643 822 2714 μέν
842 2642 950 2715 γὰρ
974 2643 1325 2715 ἐμηχανῶντο
1345 2645 1439 2698 καὶ
1459 2646 1634 2700 πάντα
1659 2645 1863 2716 ἐπρατ-

275 2748 369 2784 τον
393 2731 538 2802 ἀθέῳ
560 2734 867 2806 φρονήματι
893 2735 1034 2788 κατὰ
1059 2732 1154 2787 σοῦ
1173 2735 1268 2788 τοῦ
1291 2735 1424 2794 Θεοῦ
1451 2735 1863 2808 βουλευόμενοι·

279 2828 346 2879 σὺ
366 2827 425 2881 δέ
453 2827 649 2892 αὐτοὺς
671 2829 1034 2901 ἐπιστρόφους
1057 2828 1259 2894 ἐποίεις
1283 2830 1374 2884 καὶ
1398 2831 1646 2900 φυγάδας
1666 2871 1680 2896 ,
1703 2831 1779 2894 ὡς
1803 2829 1872 2884 τὰ

278 2919 426 2974 νῶτα
454 2924 803 2994 παραχωρεῖν
844 2922 1236 2994 ἐλαυνομένους
1270 2923 1376 2979 ὑπὸ
1408 2925 1510 2996 τῆς
1544 2925 1646 2998 σῆς
1677 2924 1870 2998 ὀργῆς.

1967 2000 2116 2056 enim
2147 1998 2465 2054 viderentur
2498 1996 2746 2052 homines
2782 1996 3128 2066 impugnare,
3187 2004 3238 2048 at
3273 1993 3403 2064 quia
3434 2008 3548 2049 non

1968 2090 2284 2148 rationabili
2315 2089 2384 2144 de
2414 2103 2578 2144 causa
2597 2129 2611 2152 ,
2645 2103 2819 2158 neque
2849 2088 2919 2141 ob
2949 2094 3219 2156 patratum
3249 2085 3547 2156 quodpiam

1968 2183 2185 2238 facinus
2217 2181 2446 2236 insidias
2478 2179 2612 2249 ipsis
2645 2179 2942 2250 parabant,
2977 2176 3072 2232 sed
3115 2184 3338 2247 propter
3377 2192 3545 2231 unam

1967 2290 2160 2330 eorum
2199 2287 2328 2344 erga
2370 2279 2426 2327 te
2469 2271 2770 2344 pietatem;
2808 2269 2934 2340 jure
2976 2268 3233 2323 dicantur
3275 2276 3466 2322 contra
3493 2276 3546 2321 te

1971 2366 2151 2439 ipsum
2201 2363 2372 2420 Deum
2415 2362 2648 2419 insidias
2678 2361 2949 2418 struxisse
2970 2401 2984 2426 ,
3016 2375 3077 2414 ae
3107 2359 3546 2430 conspirationes

1970 2473 2162 2513 eorum
2217 2470 2412 2511 omnes
2469 2453 2732 2509 adversus
2789 2461 3012 2507 sanctos
3068 2461 3192 2506 tuos
3246 2450 3543 2515 conﬂatas,

1971 2558 2165 2605 contra
2198 2556 2250 2603 te
2282 2547 2453 2602 Deum
2496 2561 2684 2603 versas
2716 2545 2905 2600 fuisse.
2939 2543 3121 2612 Quare
3157 2544 3432 2614 pradictis
3466 2544 3544 2598 illi

1970 2640 2391 2712 intercipientur
2423 2640 2583 2694 malis
2603 2679 2616 2704 ,
2653 2655 2831 2709 neque
2861 2639 2973 2694 tuis
3005 2654 3063 2693 se
3096 2638 3405 2693 subducere
3433 2652 3548 2690 ma-

1967 2733 2131 2788 nibus
2181 2733 2461 2788 valebunt.
2506 2731 2589 2786 llli
2639 2733 2860 2802 quidem
2912 2731 3198 2814 machinas
3253 2743 3446 2785 omnes
3495 2736 3550 2781 et

1968 2825 2253 2881 molimina
2300 2825 2685 2888 intenderunt,
2743 2837 2909 2896 atque
2958 2823 3124 2894 impia
3171 2832 3354 2878 mente
3409 2822 3547 2877 nihil

1970 2933 2082 2974 non
2123 2925 2390 2991 egerunt,
2431 2918 2817 2989 conjuratione
2845 2918 3135 2972 adversum
3168 2924 3220 2970 te
3253 2915 3425 2970 Deum
3463 2912 3548 2966 fa-

277 3024 365 3071 cta
394 3035 407 3068 :
436 3023 494 3070 at
523 3025 581 3072 tu
610 3017 733 3074 illos
765 3033 989 3074 aversos
1028 3019 1369 3074 constituisti
1407 3029 1462 3076 et
1501 3019 1702 3092 iugasti
1729 3060 1745 3086 ,
1775 3020 1851 3075 ita
1881 3024 1942 3072 ut
1961 3057 1978 3086 ,
2011 3014 2094 3072 ira
2119 3021 2215 3070 tua
2245 3014 2490 3070 instante
2515 3022 2569 3069 et
2603 3013 2947 3084 propellente
2969 3052 2985 3077 ,
3021 3021 3171 3083 terga
3201 3017 3438 3065 vertant.

284 3170 396 3226 Ειε
432 3172 521 3225 το
559 3172 778 3226 ΤΕΛΟΣ
817 3173 1002 3226 ΥΠΕΡ
1049 3171 1186 3226 Tn}:
1231 3171 1682 3228 ANTIAH‘P'EOE
1732 3149 1862 3228 Tn:

1969 3167 2021 3222 Ι.
2075 3163 2146 3221 ιΝ
2198 3161 2413 3218 FINEM
2463 3159 2601 3217 PRO
2655 3156 3133 3215 SUSCEPTIONE
3188 3155 3570 3223 MATUTINA,

482 3241 802 3308 ΕΩΘΙΝΗΣ,
837 3244 1129 3298 ΨΑΛΜΟΣ
1169 3244 1256 3296 T0
1291 3244 1492 3296 ΔΑΥΙΔ
1530 3243 1661 3300 KA'.

363 3381 428 3434 Ἦ
457 3379 553 3434 τοῦ
575 3379 793 3454 ψαλμοῦ
816 3382 1111 3456 προγραφὴ
1145 3383 1324 3437 πᾶσαν
1353 3383 1450 3456 τὴν
1477 3382 1734 3437 ὑπόθεσιν
1755 3381 1864 3436 τῶν
1921 3355 1924 3358 ί

279 3476 339 3528 ἐν
372 3473 521 3546 αὐτῷ
552 3474 863 3547 φερομένων
895 3476 954 3529 ἐν
982 3474 1062 3546 τῷ
1086 3474 1261 3547 καιρῷ
1285 3475 1386 3546 τῆς
1411 3476 1477 3530 ἐκ
1497 3475 1706 3547 νεκρῶν
1735 3475 1868 3529 dva-

281 3571 526 3634 στάσεως
562 3569 655 3624 τοῦ
688 3570 940 3643 Σωτῆρος
969 3568 1129 3642 ἡμῶν
1155 3569 1460 3642 ἀνατίθησι.
1516 3570 1608 3624 Διὸ
1638 3569 1868 3642 ἐπιγρά-

281 3682 375 3735 φει
393 3706 409 3730 ,
447 3665 585 3734 Περὶ
607 3663 714 3734 τῆς
741 3664 1122 3736 ἀντιλήψεως
1145 3664 1256 3736 τῆς
1277 3664 1544 3734 ἑωθινῆς.
1588 3666 1780 3720 Ὀποῖα
1811 3665 1868 3720 δέ

277 3753 351 3831 ἦν
376 3758 445 3812 τά
470 3758 568 3830 τῆς
593 3757 822 3830 ἐωθινῆς
841 3756 1178 3830 ἀντιλήψεως
1197 3799 1211 3822 ,
1235 3753 1389 3822 αὖθις
1414 3759 1464 3811 oi
1485 3756 1870 3827 εὐαγγελισταὶ

281 3853 757 3925 παραστήσουσιν·
791 3853 820 3905 ὁ
850 3852 949 3923 μὲν
981 3853 1196 3917 Λουκᾶς
1221 3846 1324 3906 ὧδε
1357 3850 1586 3923 γράφων
1605 3867 1621 3882 ·
1684 3848 1764 3920 Τῇ
1800 3849 1871 3902 δὲ

275 3941 388 4014 μιᾷ
437 3943 556 3998 τῶν
592 3941 904 3998 σαϐϐάτων
933 3943 1148 4013 ὄρθρου
1176 3943 1400 4010 ,Βαθέος
1427 3943 1525 3997 ἐπὶ
1561 3941 1628 3997 τὸ
1659 3940 1870 4013 μνῆμα

279 4036 473 4109 ἦλθον
496 4037 776 4111 γυναῖκες
795 4079 809 4104 ,
835 4038 1130 4110 φέρουσαι
1153 4039 1192 4094 ἀ
1211 4041 1548 4110 ἡτοίμασαν
1568 4037 1868 4108 ἀρώματα.

278 4129 478 4204 Εὗρον
523 4134 593 4188 δὲ
622 4134 732 4189 τὸν
781 4135 958 4190 λίθον
994 4132 1557 4204 ἀποκεκυλισμένον
1595 4131 1714 4187 ἀπὸ
1763 4130 1870 4185 τοῦ

277 4229 592 4299 μνημείου.
628 4228 1032 4284 Εἱσελθοῦσαι
1051 4227 1121 4282 δὲ
1141 4230 1255 4298 οὐχ
1275 4224 1456 4298 εὗρον
1482 4227 1548 4282 τὸ
1567 4226 1739 4297 σῶμα
1763 4223 1870 4279 τοῦ

282 4322 505 4390 Κυρίου
549 4321 765 4390 Ἰησοῦ.
814 4321 924 4376 Καὶ
965 4320 1202 4390 ἐγένετο
1238 4322 1308 4376 ἐν
1344 4319 1424 4388 τῷ
1463 4317 1872 4388 διαπορεῖσθαι

282 4411 471 4478 αὑτὰς
499 4412 631 4480 περὶ
661 4411 878 4465 τούτου
897 4451 913 4476 ,
943 4412 1039 4464 καὶ
1066 4410 1196 4466 ἰδοὺ
1229 4410 1444 4479 ἄνδρες
1472 4409 1582 4464 δύο
1610 4408 1868 4476 ἐπέστη-

283 4519 408 4558 σαν
426 4503 633 4570 αὑταῖς
651 4504 721 4557 ἐν
739 4502 947 4572 ἐσθῆτι
969 4504 1401 4572 ἀστραπτούσῃ
1423 4543 1438 4566 ,
1471 4502 1527 4557 οἳ
1548 4502 1646 4556 καὶ
1672 4497 1864 4562 εἷπον-

293 4600 355 4652 Τί
373 4595 596 4667 ζητεῖτε
620 4597 728 4651 τὸν
748 4595 931 4660 ζῶντα
945 4597 1096 4667 μετὰ
1119 4597 1237 4650 τῶν
1254 4595 1484 4666 νεκρῶν
1496 4612 1516 4660 ;
1551 4597 1671 4650 Οὐκ
1697 4593 1871 4649 ἔστιν

282 4682 422 4750 ὧδε,
449 4689 588 4744 ἀλλ’
609 4687 828 4758 ἠγέρθη
854 4705 868 4718 ·
892 4687 1209 4758 μνήσθητε
1228 4729 1243 4752 ,
1269 4689 1348 4754 ὡς
1367 4685 1678 4756 ἐλάλησεν
1703 4684 1866 4755 ὑμῖν,

283 4780 375 4834 ἔτι
407 4779 492 4832 ῶν
530 4777 710 4847 ἐν,τῇ
735 4779 1064 4846 Γαλιλαίᾳο
1129 4779 1334 4850 ὁμοίως
1385 4778 1442 4831 δέ
1477 4779 1572 4831 καὶ
1614 4779 1662 4830 oi
1695 4777 1871 4830 λοιποὶ

285 4869 670 4940 εὖαγγελισταί
700 4870 1005 4942 εἰρήκασιν.
1053 4871 1217 4944 Ὁρᾷς
1249 4871 1396 4932 ὅπως
1425 4867 1493 4922 τά
1520 4869 1619 4940 τῆς
1645 4867 1872 4941 ἑωθινῆς

287 4961 623 5034 ἀντιλήψεως
645 4963 788 5016 κατά
816 4962 905 5016 τὸν
933 4963 1123 5036 καιρὸν
1146 4963 1245 5034 τῆς
1275 4962 1624 5026 ἀναστάσεως
1645 4959 1740 5014 τοῦ
1766 4961 1873 5015 Σω-

286 5055 454 5126 τῆρος
485 5054 645 5126 ἡμῶν
682 5053 1018 5127 ἐπληροῦτο;
1077 5055 1169 5108 Διὸ
1207 5055 1305 5127 τὴν
1345 5056 1525 5108 πᾶσαν
1557 5055 1869 5126 οἰκονομίαν

283 5148 380 5202 τοῦ
411 5147 681 5220 σωτηρίου
713 5148 920 5213 πάθους
943 5151 1011 5222 τῇ
1041 5149 1334 5204 ἀναστάσει
1369 5149 1531 5204 αὐτοῦ
1561 5149 1624 5204 τὸ
1651 5148 1875 5221 Πνεῦμα

284 5242 348 5295 τδ
377 5241 531 5310 ἅγιον
569 5241 883 5314 ἀνατίθησι,
913 5243 1007 5296 καὶ
1035 5245 1116 5307 είς
1145 5242 1278 5296 αὐτὸ
1304 5242 1481 5296 ἐκεῖνο
1510 5243 1570 5296 τὸ
1593 5242 1746 5308 τέλος
1775 5242 1874 5315 τὴν

287 5335 626 5408 προφητείαν
653 5336 967 5408 ἀναπέμπει
995 5336 1084 5390 διά
1109 5337 1207 5409 τῆς
1233 5336 1500 5408 λεγούσης
1519 5337 1870 5410 προγραφῆς·

283 5431 388 5496 Εις
420 5429 486 5482 τὸ
512 5427 688 5495 τέλος
719 5427 871 5497 ὑπὲρ
911 5427 1020 5496 τῆς
1052 5429 1432 5499 ἀντιλήψεως
1459 5427 1570 5498 τῆς
1603 5427 1872 5501 ἑωθινῆς,

287 5515 503 5587 ψαλμδς
529 5515 609 5588 τῷ
633 5518 814 5572 Δαυῖδ.
857 5516 965 5570 Καὶ
995 5517 1114 5582 πῶς
1142 5519 1250 5590 γάρ
1277 5521 1377 5574 οὐκ
1405 5519 1628 5590 ἔμελλεν
1660 5519 1875 5590 ψαλμὸς

289 5606 510 5663 ἔσεσθαι
541 5610 576 5681 ἡ
615 5609 714 5680 τὴν
748 5608 1045 5663 ἀνάὁτασιν
1075 5610 1170 5664 τοῦ
1200 5613 1452 5685 Σωτῆρος
1491 5611 1647 5684 ἡμῶν
1683 5610 1874 5682 περιέ-

290 5714 461 5769 χουσα
487 5698 794 5771 προφητεία
817 5743 832 5766 ,
869 5701 963 5754 καὶ
987 5701 1086 5772 τῆς
1123 5701 1448 5775 Ἐκκλησίας
1470 5701 1634 5758 αὑτοῦ
1662 5702 1762 5774 τὴν
1789 5697 1877 5753 σύ-

369 5897 417 5928 ⁹⁸
455 5894 588 5950 Luc.
624 5911 782 5959 χειν,
824 5897 936 5950 1-0.

578 5990 856 6052 Parnm.
897 5989 1015 6052 Gn.
1049 5985 1285 6049 XXIII.

2383 3230 2714 3288 PSALMUS
2752 3230 2962 3285 DAVID
3001 3229 3146 3284 XXI.

2036 3372 2158 3445 Ipsa
2187 3369 2384 3443 psalmi
2422 3367 2712 3438 inscriptio
2742 3372 2916 3420 totum
2945 3365 3128 3420 rerum
3161 3378 3281 3434 quae
3309 3362 3377 3418 de
3411 3369 3549 3418 tem-

1966 3482 2098 3540 pore
2121 3461 2544 3520 resurrectionis
2575 3457 2880 3514 Salvatoris
2912 3456 3089 3512 nostri
3125 3470 3191 3511 ex
3226 3455 3460 3510 mortuis
3488 3453 3551 3510 in

1965 3574 2032 3614 eo
2061 3557 2314 3614 feruntur
2341 3558 2724 3625 argumentum
2760 3548 3003 3620 praefert.
3029 3547 3212 3614 Quare
3241 3546 3321 3602 sic
3352 3546 3550 3602 titulus

1966 3650 2132 3706 habet
2173 3668 2188 3704 :
2227 3647 2303 3702 De
2335 3644 2664 3714 susceptione
2698 3641 2982 3695 matutina.
3014 3639 3206 3706 Qualia
3245 3646 3427 3694 autem
3459 3637 3550 3692 illa
3659 3705 3662 3708 ἢ

1968 3738 2175 3796 fuerint
2213 3753 2334 3808 quae
2374 3734 2443 3789 ad
2487 3731 2893 3804 susceptionem
2937 3730 3262 3786 matutinam
3312 3727 3551 3799 pertine-

1967 3835 2119 3898 bant,
2155 3845 2373 3887 rursum
2408 3825 2652 3896 aperient
2677 3823 3026 3894 evangelista:
3048 3840 3062 3877 :
3087 3823 3166 3878 sic
3196 3823 3341 3876 enim
3374 3819 3552 3874 Lucas

1966 3921 2132 3981 habet
2166 3942 2178 3978 :
2209 3920 2326 3976 Una
2360 3929 2534 3973 autem
2568 3914 2790 3972 Sabbati
2824 3914 2977 3968 valde
3025 3911 3262 3967 diluculo
3302 3921 3550 3966 venerunt

1969 4021 2215 4076 mulieres
2271 4014 2341 4070 ad
2385 4019 2820 4072 monumentum,
2902 4013 3173 4075 portantes
3223 4019 3340 4074 quw
3390 4019 3552 4073 para--

1970 4119 2150 4169 verant
2205 4115 2450 4163 aromata
2489 4121 2506 4158 :
2552 4111 2604 4157 et
2642 4102 2948 4155 invenerunt
2989 4095 3551 4165 lapidcmirevolutum

1971 4223 2005 4260 a
2038 4210 2396 4259 monumento.
2452 4195 2522 4249 Et
2569 4195 2822 4264 ingressa:
2864 4207 2966 4245 non
3013 4189 3320 4243 invenerunt
3366 4201 3554 4255 corpus

1970 4297 2186 4354 Domini
2213 4293 2364 4348 Jesu.
2393 4290 2458 4344 Et
2485 4289 2683 4358 factum
2712 4294 2812 4345 est.
2843 4284 2969 4338 dum
3002 4292 3172 4336 mente
3204 4290 3556 4336 consternata:

1970 4398 2141 4446 essent
2173 4386 2238 4440 de
2279 4386 2404 4449 ista,
2439 4395 2553 4434 ecce
2595 4375 2701 4429 duo
2742 4376 2842 4429 viri
2870 4383 3124 4429 steterunt
3163 4387 3311 4428 secus
3347 4369 3472 4424 illas
3501 4371 3555 4422 in

1901 4459 1944 4513 Β
1974 4492 2110 4539 veste
2141 4478 2384 4551 fulgenti,
2411 4475 2500 4546 qui
2539 4478 2588 4524 et
2621 4468 2870 4522 dixerunt
2901 4485 2917 4522 :
2943 4466 3088 4534 Quid
3117 4465 3356 4537 quwritis
3385 4464 3559 4516 viven-

1974 4587 2077 4632 tem
2105 4590 2224 4629 cum
2252 4570 2516 4625 mortuis?
2552 4567 2675 4622 Non
2707 4571 2786 4617 est
2817 4561 2922 4626 hic,
2955 4560 3045 4614 sed
3072 4557 3326 4613 surrexit.
3365 4553 3560 4608 Recor-

1973 4667 2180 4723 a'amini
2203 4664 2430 4737 qualiter
2461 4664 2670 4716 locutus
2699 4667 2778 4712 est
2810 4655 2976 4720 vobis,
3009 4668 3127 4706 cum
3165 4649 3336 4704 adhuc
3366 4649 3422 4701 in
3460 4643 3566 4700 Ga-

1975 4761 2121 4816 lilaza
2161 4767 2294 4812 esset
2317 4757 2382 4808 ’⁸.
2423 4753 2598 4808 Simili
2643 4750 2804 4806 modo
2831 4747 2922 4802 alii
2963 4760 3182 4815 quoque
3207 4739 3562 4811 evangelista!

1977 4851 2299 4919 loquuntur.
2356 4843 2549 4898 Viden’
2616 4839 2896 4912 quomodo
2959 4835 3226 4890 matutina
3281 4833 3564 4900 susceptio

1974 4951 2218 5012 tempore
2271 4934 2695 4992 resurrectionis
2747 4929 3047 4986 Salvatoris
3101 4926 3275 4982 nostri
3329 4925 3553 4994 impleta

1976 5033 2178 5091 fuerit?
2221 5031 2402 5098 Quare
2439 5036 2608 5083 totam
2639 5025 3001 5081 meonomiam
3038 5019 3314 5092 passionis
3355 5015 3548 5072 Salva-

1976 5128 2114 5185 toris
2162 5126 2360 5188 nosrri,
2415 5119 2808 5178 resurrectioni
2853 5118 2975 5187 ejus
3030 5113 3270 5186 Spiritus
3325 5116 3555 5167 sanctus

1977 5221 2222 5285 ascribit,
2267 5226 2432 5288 atque
2473 5215 2541 5270 ad
2582 5215 2763 5286 ipsum
2809 5211 2971 5265 ﬁnem
3011 5205 3354 5279 prophetiam
3397 5201 3563 5258 refert

1975 5334 2072 5389 per
2100 5312 2513 5383 inscriptionem
2547 5322 2714 5380 supra
2749 5305 3002 5359 allatam:
3038 5298 3104 5354 In
3135 5297 3289 5369 ﬁnem
3321 5312 3418 5367 pro
3444 5311 3564 5348 sus-

1976 5409 2212 5480 ceptione
2282 5403 2546 5458 matutina
2582 5398 2820 5470 psalmus
2855 5392 3044 5449 David.
3085 5389 3154 5446 Et
3185 5404 3313 5460 qua.
3356 5400 3560 5459 qumso,

1977 5504 2190 5560 ratione
2216 5497 2499 5571 prophetia
2525 5491 2837 5550 Scrvatoris
2865 5487 3041 5544 nostri
3075 5482 3559 5541 resurrectionem,

1978 5596 2164 5652 itidem
2190 5590 2448 5648 Ecclesiae
2469 5587 2644 5659 ipsius
2664 5583 3136 5642 constitutionem,
3160 5575 3407 5630 omnium
3433 5586 3564 5642 gen-

1977 5689 2114 5744 tium
2149 5683 2517 5745 vocationem,
2561 5672 2935 5750 generationis
2981 5676 3229 5728 ventura:
3279 5679 3343 5719 ac
3392 5659 3565 5717 futuri

3207 5965 3251 6028 ’Ζ
