4122 6454
1298 410 1561 470 EL‘SEBII
1597 404 2069 466 CESARIENSlS
2100 401 2249 460 ore.
2283 386 2469 459 PARS
2500 385 2594 453 ιιι.
2617 404 2696 487 -ξ
2736 395 3137 461 memet.

3685 408 3784 466 illi

576 531 763 605 populi
819 528 1220 601 praescientiam
1279 525 1672 598 complectens,
1731 537 1843 578 non
1900 521 2142 594 psalmus

2260 534 2431 574 πασιν
2452 558 2469 584 ,
2504 504 2600 570 κᾶὶ
2633 508 2752 572 τῶν
2788 516 2956 572 ἐθνῶν
2991 517 3243 572 ἁπάντων
3272 514 3370 587 τὴν
3407 513 3591 585 κλῆσιν
3612 517 3709 590 τῆς
3732 538 3787 576 τε

578 620 944 680 inscribatur?
988 618 1068 676 De
1112 619 1181 675 iis
1220 617 1442 689 quippe,
1487 622 1676 686 utpote
1718 613 1787 670 de
1831 613 2143 685 ingentibus

2260 614 2434 682 τενεᾶς
2484 609 2581 665 καὶ
2630 609 2728 665 τοῦ
2759 609 3154 682 τεχθησομένου
3180 607 3311 662 λαοῦ
3338 607 3435 680 τὴν
3464 607 3789 680 πρόγνωσινς

578 711 761 776 bonis,
787 709 1034 783 gaudens
1059 709 1296 782 Spiritus
1322 713 1549 762 sanctum
1576 704 1933 776 psalmodiam
1955 718 2146 776 aggre-

576 805 745 859 ditur.

648 893 876 953 V3333.
896 893 1037 949 Deus
1062 893 1197 946 Deus
1229 907 1394 953 meus,
1422 889 1618 954 respice
1639 892 1695 944 iu
1722 905 1803 945 me
1825 904 1846 943 :
1879 904 2041 960 quare
2067 904 2148 943 me

579 987 950 1058 dereliquisti?
989 985 1139 1055 longe
1180 1001 1216 1039 a
1253 983 1425 1043 salute
1474 1000 1590 1039 mea
1632 982 1787 1037 verba
1834 980 2149 1037 delictorum

584 1095 839 1135 meorum.
877 1078 1016 1134 Cum
1046 1076 1102 1132 in
1135 1074 1405 1132 Hebraico
1432 1075 1731 1145 exemplari
1765 1074 1921 1139 illud,
1950 1074 2150 1144 respice

576 1171 639 1224 in
675 1185 775 1232 me,
811 1182 923 1223 non
970 1174 1289 1239 compareat
1354 1165 1451 1223 sed
1507 1165 1563 1220 in
1609 1165 1744 1221 solis
1784 1146 2150 1235 .Septuaginta

582 1257 979 1330 interpretibus
1016 1257 1201 1327 primo
1225 1256 1409 1312 versui
1431 1256 1735 1321 inseratur;
1756 1253 1880 1323 jure
1900 1268 1933 1308 a
1962 1252 2151 1308 Salva-

582 1360 703 1408 tore
726 1356 923 1407 nostro
950 1348 1068 1404 hac
1094 1345 1429 1403 vociferante
1452 1345 1879 1417 praetermissum
1904 1351 2008 1401 est.

654 1527 732 1583 Ac
776 1527 932 1593 mihi,
981 1541 1188 1598 quaeso,
1238 1524 1543 1596 perpendas
1586 1536 1696 1595 quo
1740 1531 1903 1595 pacto
1958 1521 2152 1593 reliqui

585 1631 778 1673 omnes
812 1616 1136 1687 interpretes
1167 1614 1481 1672 delictorum
1504 1629 1612 1669 non
1637 1612 2023 1669 meminerint:
2054 1627 2152 1667 ne-

586 1725 695 1781 que
732 1711 877 1765 enim
919 1712 1352 1765 consentaneum
1399 1716 1521 1763 erat
1560 1720 1808 1777 persona:
1855 1701 2155 1760 Salvatoris

2256 705 2380 759 Ἐπὶ
2422 702 2631 766 τούτοις
2675 702 2786 775 γάρ
2816 702 2892 766 ὡς
2922 701 3014 754 ἐπὶ
3047 699 3299 772 μεγάλοις
3328 697 3553 768 ἀγαθοῖς
3583 707 3793 774 συγχαι-

2246 814 2339 870 ρον
2365 796 2428 851 τὸ
2455 794 2680 866 Πνεῦμα
2707 794 2769 848 τὸ
2800 793 2953 865 ἅγιον
2979 792 3077 865 τὴν
3108 790 3425 863 ψαλμῳδίαν
3453 794 3695 849 ποιεῖται.

2328 889 2390 943 '0
2415 886 2560 955 Θεὸς
2577 890 2611 941 d
2639 887 2782 953 Θεός
2790 903 2930 956 μου,
2957 886 3219 955 πρόσχες
3244 899 3380 954 μοι·
3400 885 3501 938 ἵνα
3536 885 3597 939 τί
3640 884 3803 957 ἐτισ-

2247 979 2487 1046 τέλιπές
2502 994 2615 1049 με;
2635 976 2876 1048 μακρὰν
2904 976 3020 1032 ἀπὸ
3046 974 3156 1045 τῆς
3176 976 3472 1043 σωτηρίας
3489 992 3610 1045 μου
3633 979 3688 1031 οι
3703 981 3801 1033 λδ.

2247 1090 2339 1144 τοι
2369 1070 2489 1125 τῶν
2522 1068 3005 1140 παραπτωμάτων
3034 1084 3173 1138 μου.
3241 1066 3333 1137 Μὴ
3367 1066 3723 1139 προκειμένου
3749 1069 3803 1124 δέ

2248 1166 2306 1218 ἐν
2332 1162 2411 1235 τῷ
2444 1159 2715 1233 Ἐϐραῖκῷ
2736 1158 2853 1229 τοῦ,
2867 1159 3131 1228 πρόσχες
3150 1173 3253 1229 μοι
3270 1195 3287 1222 ,
3313 1156 3343 1211 ὃ
3365 1156 3431 1228 δὴ
3459 1155 3602 1211 κατά
3625 1158 3803 1228 μόνους

2247 1254 2373 1316 τοὺς
2429 1251 2828 1323 Ἐὅδομήκοντα
2877 1248 3200 1321 προσέκειτο
3240 1244 3319 1316 τῷ
3373 1246 3576 1319 πρώτῳ
3626 1248 3803 1321 στίχῳ,

2249 1342 2489 1415 ἀκριϐῶς
2520 1341 2615 1395 καὶ
2648 1340 2752 1394 ὑπὸ
2780 1340 2879 1412 τῆς
2916 1340 3099 1411 φωνῆς
3122 1335 3216 1392 τοῦ
3244 1336 3500 1410 Σωτῆρος
3526 1337 3683 1410 ⁴ἡμῶν
3710 1356 3806 1393 πα-

2253 1434 2617 1507 ραλέλειπται.

2321 1527 2433 1581 Καὶ
2461 1524 2561 1579 θέα
2590 1526 2712 1580 τίνα
2735 1523 2933 1597 τρόπον
2960 1522 3018 1577 ἐν
3051 1524 3183 1577 πᾶσι
3206 1508 3417 1586 τούτοις
3448 1519 3684 1593 οὐδαμοῦ
3709 1538 3811 1579 πα-

2245 1615 2651 1687 ραπτωμάτων
2699 1615 3111 1687 ἐμνημόνευσαν
3161 1615 3212 1667 οἱ
3242 1613 3427 1668 λοιποὶ⁵
3458 1613 3806 1687 ἐρμηνευταί’

2255 1708 2379 1762 οὐδέ
2410 1708 2518 1781 γάρ
2554 1706 2762 1781 ἥρμοζε
2800 1706 3218 1781 παραπτώματα
3264 1705 3595 1778 ἐφαρμόζειν
3624 1706 3699 1779 τῷ
3725 1706 3811 1762 τοῦ

587 1802 762 1859 nostri
796 1800 992 1858 delicta
1021 1801 1317 1865 ascribere,
1341 1800 1432 1871 qui
1453 1808 1725 1868 peccatum
1755 1814 1860 1853 non
1885 1796 2032 1868 fecit,
2063 1812 2155 1852 nec

2260 1801 2505 1873 Σωτῆρος
2528 1800 2684 1872 ἡμῶν
2717 1799 3025 1874 προσώπῳ,
3058 1799 3127 1867 ὃς
3156 1799 3456 1870 ἁμαρτίαν
3482 1801 3594 1855 οὐκ
3623 1800 3815 1873 ἐποίη-

589 1894 825 1951 inventus
861 1903 939 1949 est
970 1893 1124 1949 dolus
1156 1896 1211 1948 in
1249 1865 1487 1961 ore'ejus
1510 1889 1579 1945 ’°.
1618 1890 1670 1946 Is
1709 1905 1841 1946 vero
1870 1865 1973 1961 pro
2016 1888 2085 1944 iis
2123 1903 2156 1944 e

2260 1909 2385 1959 σεν,
2397 1865 2775 1961 οὐδὲνεῠρέθτί
2786 1865 3050 1958 δόλος-’ἐν
3063 1865 3142 1956 τῶ
3156 1865 3407 1960 στόματι
3422 1888 3630 1944 αὐτοῦ.
3658 1865 3815 1962 Ύπέρ

588 1986 791 2058 papula
833 1986 926 2057 qui
972 1985 1228 2058 lacrymis
1277 1998 1343 2039 ac
1391 1981 1521 2038 ﬂetu
1568 1981 1734 2052 digna
1775 1980 2155 2047 admittebant,

586 2091 687 2147 pro
707 2075 956 2148 apostolo
978 2090 1080 2131 suo
1111 2073 1275 2138 Juda,
1310 2074 1466 2145 lapso
1490 2084 1547 2130 et
1585 2088 1617 2128 a
1648 2071 1868 2145 propria
1897 2070 2159 2143 dignitate

574 2169 838 2240 depulso,
886 2168 1078 2239 lugens
1119 2167 1234 2222 haec
1273 2165 1493 2223 assidue
1538 2164 1810 2221 clamabat
1848 2181 1862 2217 ε
1911 2161 2084 2232 Longe
2123 2178 2158 2215 a

587 2260 766 2315 salute
794 2275 908 2313 mea
938 2258 1093 2313 verba
1124 2259 1413 2329 gemituum
1445 2271 1699 2311 meorum.
1728 2251 1927 2318 Voces,
1957 2252 2155 2324 inquit,

591 2358 648 2407 et
675 2350 837 2407 verba
868 2365 1053 2406 rerum
1087 2363 1119 2403 a
1148 2363 1235 2404 me
1264 2362 1480 2418 semper
1504 2361 1605 2418 pro
1632 2345 1832 2418 populo
1858 2352 2155 2416 gestarum,

588 2457 622 2497 a
651 2442 828 2500 salute
856 2456 977 2498 mea
1003 2441 1391 2512 longe'remota
1414 2446 1566 2505 sunt,
1593 2453 1718 2494 cum
1748 2437 1885 2493 nihil
1910 2436 2159 2492 utilitatis

586 2534 793 2606 populo
824 2532 1122 2590 accesserit
1165 2546 1234 2588 ex
1270 2546 1335 2588 ea
1368 2545 1530 2605 quam
1572 2529 1708 2601 ipsis
1746 2529 2033 2602 procuravi
2064 2543 2156 2585 sa-

592 2627 725 2683 lute.
756 2625 824 2681 At
855 2640 924 2683 ne
947 2624 1228 2681 videamur
1257 2638 1325 2680 ex
1352 2623 1573 2680 curiosa
1603 2623 1785 2694 aliqua
1815 2620 2160 2692 indagatione

590 2720 834 2791 reliquos
878 2719 1209 2791 interpretes
1258 2718 1455 2782 secuti,
1506 2732 1603 2773 eos
1645 2716 1739 2788 qui
1789 2714 1896 2770 alia
1947 2712 2160 2770 ratione

584 2809 865 2881 psalmum
894 2808 1323 2880 interpretantur
1346 2822 1663 2880 coarguere,
1697 2805 2053 2879 Septuaginta
2076 2802 2161 2859 vi-

592 2914 784 2957 rorum
838 2900 1290 2972 interpretatione
1338 2907 1576 2955 utemur.
1624 2895 1761 2952 Nam
1814 2896 1894 2952 illi
1943 2909 2161 2968 quoque

592 2994 739 3049 hanc
784 2991 1079 3049 lectionem
1125 2992 1488 3048 observantes
1536 2997 1591 3046 et
1642 2989 2157 3055 animadvertentes,

590 3086 741 3142 hunc
789 3084 1060 3156 psalmum
1104 3082 1327 3139 Christo
1371 3097 1483 3138 non
1535 3095 1840 3153 congruere
1888 3078 2157 3136 dixerunt.

2254 1981 2311 2035 δέ
2349 1980 2459 2036 τῶν
2497 1981 2791 2054 κλαυθμῶν
2840 1981 2936 2035 καὶ
2973 1979 3185 2054 θρήνων
3221 1981 3350 2048 ἀξια
3388 1981 3731 2052 πραττόντων
3762 1983 3815 2035 ἐν

2254 2073 2332 2146 τῷ
2356 2073 2470 2145 λαῷ
2491 2113 2507 2139 ,
2572 2074 2711 2144 ὑπὲρ
2741 2072 2797 2127 δέ
2821 2073 2915 2127 τοῦ
2945 2071 3244 2127 ἀποστόλου
3275 2070 3444 2126 αὐτοῦ
3490 2072 3690 2138 Ἰούδα,
3730 2071 3816 2127 τοῦ

2257 2166 2694 2240 ἐξολισθήσαντος
2734 2166 2829 2220 καὶ
2860 2166 2960 2238 τῆς
3005 2166 3213 2230 οἰκείας
3256 2164 3416 2231 ἀξίας
3445 2164 3815 2233 ἀποπεσόντος,

2256 2258 2575 2331 ὀδυρόμενος
2600 2257 2824 2312 διετέλει
2862 2256 3000 2329 βοῶν
3018 2274 3034 2290 ο
3067 2257 3320 2327 Μακρὰν
3347 2256 3472 2313 ἀπὸ
3503 2255 3613 2327 τῆς
3639 2273 3818 2327 σωτη-

2250 2352 2388 2421 ρίας
2410 2369 2530 2421 μου
2552 2354 2607 2407 ol
2631 2351 2799 2421 λόγοι
2822 2350 2943 2405 τῶν
2970 2348 3244 2420 ὀδυρμῶν
3265 2367 3407 2419 μου.
3441 2350 3506 2404 Ol
3532 2348 3639 2420 γάρ
3662 2349 3818 2418 λόγοι,

2258 2444 2422 2515 φησὶ,
2456 2442 2564 2497 τῶν
2595 2442 2744 2514 ἐμῶν
2766 2483 2782 2509 ,
2815 2441 2924 2496 τῶν
2959 2442 3098 2514 ὑπὲρ
3128 2440 3221 2495 τοῦ
3254 2441 3386 2495 λαοῦ
3424 2442 3654 2497 πάντοτε
3684 2460 3819 2512 γινο-

2262 2536 2436 2609 μένων
2460 2575 2477 2601 ,
2505 2535 2604 2607 τῆς
2624 2535 2763 2607 ὲμῆς
2788 2534 3059 2607 σωτηρίας
3087 2532 3306 2606 μακρὰν
3333 2534 3624 2604 γεγόνασιν
3641 2574 3658 2600 ,
3683 2534 3820 2589 οὐδὲν

2257 2626 2627 2700 ὠφεληθέντος
2658 2626 2752 2682 τοῦ
2784 2624 2914 2680 λαοῦ
2946 2625 3054 2680 ἀπὸ
3095 2625 3195 2696 τῆς
3230 2624 3289 2691 ἐξ
3323 2624 3464 2696 ἐμοῦ
3492 2624 3821 2698 προξενηθεί-

2262 2734 2360 2789 σης
2383 2718 2564 2781 αὐτοῖς
2584 2715 2873 2788 σωτηρίας.
2905 2717 3021 2770 Ἵνα
3040 2714 3097 2770 δὲ
3131 2714 3206 2787 μὴ
3231 2715 3498 2787 δόξωμεν,
3527 2719 3638 2781 τοῖς
3657 2716 3822 2781 ἀλλοις

2259 2811 2621 2883 ἐρμηνευταίς
2645 2808 2877 2863 ἐνταῦθα
2908 2808 3234 2881 κεχρημένοι
3265 2811 3331 2863 ἐκ
3357 2809 3638 2883 περινοίας
3658 2849 3675 2877 ,
3707 2809 3823 2874 τοῦς

2258 2900 2461 2975 ἑτέρως
2487 2900 2579 2956 τὸν
2605 2899 2818 2972 ψαλμὸν
2849 2900 3262 2973 ήρμηνευκότας
3309 2900 3555 2974 ἐλέγχειν
3573 2941 3590 2967 ,
3637 2904 3701 2974 τῇ
3723 2898 3822 2956 τῶν

2274 2992 2675 3064 Ἐὄδομὴκοντα
2702 2992 2967 3065 ἑρμηνείᾳ
2994 2990 3341 3064 χρησόμεθαο
3396 2993 3573 3065 ταύτῃ
3597 2992 3702 3065 γὰρ
3727 2992 3823 3047 κά-

2261 3087 2429 3140 κεῖνοι
2460 3084 2688 3157 τηρήσει
2714 3083 3169 3155 προσεσχηκότες,
3185 3082 3287 3137 οὐκ
3315 3082 3527 3153 ἔφασαν
3552 3083 3825 3157 ἁρμόττειν

589 3175 829 3232 Audiant
857 3175 1040 3246 itaque
1054 3171 1325 3229 doannem
1351 3171 1430 3227 sic
1449 3170 1778 3226 clamantem
1798 3190 1812 3227 :
1831 3167 1964 3223 Ecce
1980 3169 2161 3241 Agnus

2264 3168 2355 3230 τὸν
2384 3174 2597 3248 ψαλμὸν
2613 3174 2691 3247 τῷ
2704 3175 2911 3246 Κυρίῳ.
2944 3174 3362 3230 Ἀκουσάτωσαν
3387 3176 3573 3230 τοίνυν
3594 3176 3824 3231 Ἰωάννου

598 3265 711 3331 Dei,
732 3266 821 3338 qui
837 3265 976 3320 tollit
996 3274 1267 3335 peccatum
1295 3260 1477 3316 mundi
1497 3262 1550 3328 ις
1583 3270 1638 3317 et
1667 3260 1911 3317 divinum
1937 3258 2164 3315 Paulum

593 3358 670 3412 ita
700 3358 1008 3429 loquentem
1037 3355 1177 3422 :Qui
1201 3363 1471 3425 peccatum
1505 3370 1608 3408 non
1636 3360 1870 3417 noverat,
1898 3367 1992 3421 pro
2017 3352 2164 3407 nobis

578 3502 585 3513 ,
592 3458 863 3520 peccatum
886 3447 1030 3519 fecit,
1049 3456 1106 3501 ut
1124 3463 1218 3502 nos
1236 3445 1776 3518 siliceremurjustitia
1795 3444 1891 3500 Dei
1909 3447 1963 3500 in
1984 3440 2096 3515 ipso
2108 3449 2163 3517 ’ς

593 3548 649 3596 et
666 3555 925 3596 rursum:
954 3537 1200 3595 Christus
1234 3554 1330 3594 nos
1361 3536 1579 3593 redemit
1610 3536 1673 3593 de
1705 3537 1984 3593 maledicto
2015 3538 2163 3610 legis,

578 3631 771 3703 jactus
799 3646 898 3701 pro
924 3629 1072 3687 nobis
1098 3630 1440 3685 maledictum
1452 3628 1494 3685 ³.
1519 3627 1689 3701 Igitur
1707 3627 2164 3699 quemadmodum

596 3725 723 3781 fons
748 3724 980 3797 iustitiae
1006 3739 1131 3780 cum
1156 3722 1249 3790 sit,
1280 3732 1505 3795 peccata
1532 3724 1652 3795 ipse
1680 3729 1869 3778 nostra
1892 3722 2162 3793 suscepit;

593 3826 650 3877 et
675 3833 801 3874 cum
836 3818 910 3875 sit
941 3817 1340 3875 benedictionis
1364 3819 1610 3890 pelagus,
1638 3817 1981 3888 ingruentem
2006 3817 2164 3872 nobis

592 3911 1035 3969 maledictionem
1062 3910 1292 3980 accepit,
1317 3919 1479 3980 atque
1505 3909 1835 3980 contemptis
1855 3909 2165 3981 opprobriis

592 4017 816 4061 crucem
846 4001 1107 4057 sustinuit
1131 4017 1146 4055 :
1181 4001 1261 4056 sic
1295 4014 1393 4070 pro
1418 3998 1577 4054 nobis
1606 3999 1875 4054 rationem
1904 3998 2162 4056 reddidit.

597 4093 653 4149 Si
707 4093 854 4150 eu‘im
899 4100 1158 4149 statutam
1212 4090 1371 4146 nobis
1400 4088 1745 4161 disciplinam
1803 4090 1998 4146 lubens
2050 4090 2167 4161 ipse

594 4186 803 4252 subiit;
847 4199 979 4239 nam
1018 4182 1303 4252 disciplina
1340 4182 1487 4251 pacis
1529 4190 1726 4237 nostra:
1755 4198 1910 4253 super
1939 4199 2078 4249 eum,
2107 4192 2168 4240 ut

595 4279 671 4333 ait
697 4275 1000 4349 propheta‘
1028 4294 1043 4331 :
1076 4275 1249 4329 multo
1287 4274 1463 4345 magis
1512 4274 1756 4330 rationes
1800 4262 1916 4344 ipse
1946 4283 2165 4331 nostras

594 4383 695 4439 pro
726 4367 889 4423 nobis
913 4364 1122 4431 retulit,
1150 4370 1314 4433 atque
1344 4363 1565 4417 clamat:
1602 4360 1777 4432 Longe
1797 4378 1831 4416 a
1858 4361 2032 4417 salute
2052 4379 2166 4416 mea

595 4461 827 4516 rationes
873 4458 1188 4512 delictorum
1241 4469 1498 4509 meorum.
1547 4451 1647 4519 Ne,
1702 4453 1899 4524 inquit,
1959 4460 2168 4509 naturae

588 4560 822 4625 .peccata
856 4550 1139 4621 respicias.

2268 3265 2495 3339 βοῶντος
2513 3284 2528 3298 θ
2555 3266 2677 3321 Ἰδε
2694 3269 2728 3321 ό
2744 3264 3048 3336 ἀμνὸςτοῦ
3076 3264 3224 3320 Θεοῦ
3242 3305 3257 3330 ,
3276 3269 3309 3321 ὀ
3326 3267 3517 3337 αἴρων
3536 3268 3647 3337 τὴν
3663 3268 3830 3338 αμαρ-

2265 3360 2399 3433 τίαν
2417 3358 2524 3414 τοῦ
2538 3359 2770 3428 κόσμου
2791 3375 2804 3389 ·
2826 3356 2919 3411 τοῦ
2941 3356 2999 3410 δὲ
3019 3356 3304 3412 θεσπεσίου
3327 3360 3827 3430 Παύλουιλέγοντος·

2270 3453 2380 3508 Τὸν
2402 3452 2489 3522 μὴ
2523 3454 2741 3524 γνόντα
2777 3453 3067 3523 ἁμαρτίαν
3084 3493 3100 3519 ,
3151 3452 3304 3522 ὑπὲρ
3344 3453 3523 3523 ἡμῶν
3557 3453 3831 3524 ἁμαρτίαν

2262 3544 2571 3613 ἐποίησεν,
2587 3544 2688 3599 ἵνα
2714 3543 2884 3613 ἡμεῖς
2905 3543 3199 3615 γενώμεθα
3222 3545 3370 3600 Θεοῦ
3394 3544 3749 3614 δικαιοσύνη
3768 3545 3833 3600 ἐν

2263 3634 2451 3702 αὐτῷ·
2482 3637 2574 3691 καὶ
2604 3635 2766 3690 πάλιν
2783 3652 2797 3666 ο
2838 3629 3090 3706 Χριστὸς
3118 3635 3275 3707 ἡμᾶς
3301 3635 3613 3708 ἠγόρασεν
3639 3637 3706 3692 ἐκ
3728 3635 3831 3707 τῆς

2266 3726 2526 3796 κατάρας
2554 3727 2658 3781 τοῦ
2680 3728 2889 3797 νόμου,
2908 3729 3224 3799 γενόμενος
3241 3727 3392 3798 ὑπὲρ
3410 3730 3584 3800 ἡμῶν
3601 3726 3826 3798 κατάρα.

2272 3818 2571 3891 Τοιγαροῦν
2625 3819 2812 3892 ὥσπερ
2843 3819 3184 3892 δικαιοσύνης
3213 3819 3480 3893 ὑπάρχων
3532 3820 3707 3894 πηγὴ,
3742 3820 3832 3892 τὴν

2274 3910 2547 3984 ἡμετέραν
2578 3912 2850 3983 ἁμαρτίαν
2878 3911 3104 3967 ἀνέλαϐε
3120 3951 3136 3977 ,
3181 3913 3276 3967 καὶ⁹
3300 3912 3552 3983 εὐλογίας
3576 3913 3650 3969 ὢν
3676 3912 3831 3967 πέλα-

2264 4019 2361 4071 γος
2389 4042 2404 4066 ,
2458 4003 2556 4074 τὴν
2590 4002 2940 4074 ἐπικειμένην
2979 4005 3112 4075 ἡμῖν
3150 4003 3365 4071 ἐδέξατο
3402 3988 3649 4077 κατάραν
3674 4045 3692 4072 ,
3743 4002 3833 4059 καὶ

2267 4096 2496 4169 σταυρὸν
2514 4096 2800 4167 ὑπέμεινεν
2826 4096 3084 4169 αἰσχύνης
3113 4099 3531 4171 καταφρονήσας
3548 4117 3561 4130 ο
3586 4098 3722 4153 οὕτω
3745 4096 3835 4154 καὶ

2266 4188 2393 4251 τοὺς
2421 4187 2562 4259 ὑπὲρ
2587 4186 2743 4259 ἡμῶν
2775 4190 3065 4260 ἐποιήσατο
3094 4188 3304 4259 λόγους.
3336 4192 3399 4246 Εἰ
3427 4192 3539 4266 γάρ
3560 4192 3657 4266 τὴν
3712 4192 3835 4266 ὠρι-

2267 4280 2473 4352 σμένην
2512 4283 2647 4352 ἡμῖν
2696 4280 2940 4336 παιδείαν
2973 4280 3211 4353 ὑπῆλθεν
3256 4282 3397 4337 ἑκὼν
3422 4322 3436 4347 ,
3464 4283 3700 4339 παιδεία
3732 4282 3833 4355 γὰρ

2264 4370 2507 4440 εἰρήνης
2529 4371 2700 4443 ἡμῶν
2722 4372 2814 4427 ἐπ’
2834 4372 3041 4438 αὐτὸν,
3129 4375 3294 4446 φησὶν
3321 4377 3349 4429 ὁ
3376 4378 3690 4449 προφήτης
3715 4374 3835 4429 πολ-

2265 4460 2341 4533 λῷ
2364 4463 2563 4534 μᾶλλον
2580 4465 2689 4528 τοῖς
2703 4465 2843 4536 ὑπὲρ
2865 4465 2899 4536 ἡ
2907 4465 3022 4535 μῶν
3045 4463 3160 4517 ἀνθ’
3181 4467 3214 4536 ἡ
3225 4465 3339 4537 μῶν
3360 4468 3629 4539 ἐχρήσατο
3646 4466 3832 4536 λόγοις,

2198 4536 2242 4590 D
2270 4555 2364 4608 ml.
2396 4555 2513 4627 βοᾷο
2564 4556 2811 4626 Μακρὰν
2836 4555 2953 4611 ἀπὸ
2984 4554 3089 4625 τῆς
3126 4536 3439 4627 σωτηρίας-
3450 4536 3571 4630 μου
3601 4562 3654 4615 οί
3676 4560 3836 4630 λόγοι

592 4643 713 4701 τῶν
735 4643 1221 4715 παραπτωμάτων
1239 4660 1379 4713 μου.
1410 4640 1501 4714 Μὴ
1522 4639 1857 4715 ἀποϐλέψεις,
1885 4641 2068 4713 φησὶν,
2090 4644 2192 4712 είς,
2215 4647 2285 4701 τὰ
2309 4650 2408 4722 τῆς
2439 4650 2653 4717 φύσεως
2689 4651 3155 4723 πλημμελήματα.

664 4740 832 4797 Vens.
865 4741 920 4797 '5.
956 4739 1098 4795 Deus
1138 4755 1302 4804 meus,
1347 4736 1589 4793 clamabo
1630 4737 1697 4791 ad
1732 4745 1779 4791 te
1804 4754 1899 4808 per
1929 4738 2087 4804 diem,
2119 4749 2168 4794 et

588 4851 701 4889 non
724 4831 1093 4911 exaudiesset
1123 4842 1297 4895 nocte,
1330 4840 1379 4885 et
1411 4847 1516 4885 non
1538 4828 1606 4882 ad
1632 4830 1990 4899 insipientiam
2019 4831 2168 4888 mihi.

600 4926 724 4982 llaec
752 4925 821 4982 de
846 4924 1007 4980 nobis
1029 4924 1314 4979 confessus
1339 4921 1608 4987 Salvator,
1636 4921 1713 4975 ait
1745 4941 1758 4977 :
1788 4919 1879 4976 Sic
1901 4921 2172 4979 clamante

598 5032 707 5082 me,
732 5016 1113 5073 exauditurnm
1144 5022 1198 5070 te
1224 5012 1353 5069 novi
1387 5031 1401 5068 :
1432 5027 1559 5068 nam
1586 5027 1712 5067 cum
1736 5013 2172 5084 interpunctione

594 5108 906 5180 legendum.
931 5106 998 5162 Et
1020 5114 1182 5163 nocte
1204 5119 1425 5177 quoque
1454 5104 1725 5171 clamabo,
1751 5120 1928 5174 neque
1956 5104 2008 5160 id
2036 5105 2169 5161 mihi

586 5199 667 5255 ad
715 5198 1088 5270 insipientiam
1141 5203 1459 5269 reputetur;
1504 5195 1948 5268 quandoquidem
1989 5197 2167 5254 tristia

597 5291 806 5346 circum
839 5305 927 5346 me
960 5289 1140 5361 posita
1175 5295 1325 5346 sunt.
1363 5287 1518 5344 Multi
1552 5303 1685 5345 sane
1712 5289 1768 5345 in
1795 5289 2052 5360 perplexo
2081 5305 2171 5344 re-

596 5397 721 5439 rum
745 5389 893 5438 statu
928 5383 1159 5454 caligine
1197 5380 1584 5445 obvolvuntur,
1619 5387 1680 5435 ut
1704 5381 1867 5436 etiam
1900 5380 2031 5451 quid
2059 5381 2172 5437 cla-

598 5477 770 5532 manti
817 5475 1111 5534 dicendum
1151 5474 1265 5533 Deo
1310 5477 1384 5532 sit
1430 5474 1683 5546 ignorent
1710 5492 1728 5529 :
1761 5488 1827 5528 ac
1866 5489 1965 5546 ego
2004 5473 2173 5545 probe

596 5569 726 5626 novi
766 5580 875 5641 qua
917 5567 986 5623 de
1037 5581 1203 5623 causa
1244 5574 1528 5624 nocturna:
1568 5564 1678 5621 illae
1708 5565 2051 5621 calamitates
2082 5580 2170 5620 me

598 5660 1057 5720 circumveniant.

2351 4746 2413 4800 '0
2435 4748 2578 4813 Θεός
2604 4765 2747 4817 μου,
2780 4745 3138 4816 κεκράξομαι
3174 4746 3397 4817 ἡμέρας
3429 4748 3579 4818 πρὸς
3613 4748 3706 4814 σὲ,
3745 4747 3839 4804 καὶ

2271 4838 2384 4890 οὐκ
2413 4839 2747 4907 είσακούσῃ
2766 4855 2780 4868 ·
2833 4838 2932 4892 καὶ
2970 4838 3191 4906 νυκτὸς
3209 4879 3224 4904 ,
3260 4840 3356 4893 καὶ
3386 4842 3499 4894 οὐκ
3529 4843 3617 4907 είς
3639 4839 3841 4894 ἄνοιαν

2269 4929 2419 4998 ἐμοί.
2454 4930 2637 4984 Ταῦτα
2659 4930 2714 4983 δὲ
2739 4931 2868 5002 περὶ
2891 4929 3045 5003 ἡμῶν
3072 4930 3580 5005 ἐξομολογούμενος,
3603 4934 3631 4987 ό
3657 4933 3840 5004 Σωτὴρ

2268 5019 2448 5090 λέγει·
2505 5020 2659 5075 Οῦτω
2686 5021 2741 5075 δέ
2775 5039 2875 5094 μου
2906 5021 3173 5093 βοῶντος,
3219 5019 3366 5093 οἶδα,
3401 5025 3484 5078 ὅτι
3516 5024 3836 5097 εἰσακούσῃο

2274 5112 2395 5185 μεθ’
2428 5112 2771 5185 ὑποστιγμῆς
2808 5114 2915 5185 γὰρ
2951 5114 3348 5184 ἀναγνωστέον.
3414 5118 3526 5172 Καὶ
3562 5117 3752 5181 νυκτὸς
3785 5114 3840 5169 δέ

2272 5204 2642 5276 κεκράξομαι,
2696 5206 2796 5260 οὐκ
2844 5205 3029 5269 ἀνοίας
3084 5223 3173 5277 μοι
3210 5206 3600 5280 λογιζομένηςο
3657 5209 3743 5262 ὅτε
3777 5206 3840 5261 τά

2274 5297 2672 5371 περιεστηκότα
2711 5298 2828 5352 ἐστὶ
2873 5297 3190 5370 σκυθρωπά.
3221 5300 3341 5354 Τῶν
3380 5300 3592 5354 πολλῶν
3629 5302 3687 5355 ἐν
3723 5300 3840 5361 ταῖς

2273 5390 2626 5464 περιστάσεσι
2655 5388 3083 5460 σκοτιζομένων,
3114 5390 3191 5455 ὡς
3216 5391 3473 5446 καὶάὐτὸ
3498 5391 3657 5445 τοῦτο
3686 5389 3738 5443 τί
3764 5387 3843 5442 δεῖ

2272 5478 2547 5553 κράζοντα
2585 5478 2719 5550 πρὸς
2750 5478 2881 5533 Θεὸν
2911 5478 3089 5548 λέγειν
3120 5479 3360 5549 ἀγνοεῖν·
3411 5482 3707 5554 ἐπίσταμαι
3738 5479 3838 5550 γὰρ

2274 5569 2385 5639 ἐγὼ
2409 5569 2548 5633 τίνος
2577 5568 2740 5626 ἕνεκα
2767 5568 2892 5641 περὶ
2919 5570 3020 5642 ἐμὲ
3042 5572 3330 5646 νυκτερινὴ
3352 5572 3681 5637 κατάστασίς
3706 5572 3834 5624 ἐστι.

669 5845 714 5877 ’⁸
751 5844 770 5900 ι
802 5843 951 5902 Petr.
988 5858 1065 5913 ιι,
1093 5843 1187 5903 92.
1264 5846 1281 5877 ¹
1319 5842 1478 5902 Joan.
1512 5857 1563 5915 ι,
1595 5841 1687 5901 56.
1763 5843 1784 5877 ⁸
1825 5841 1870 5899 ll
1900 5840 2024 5899 Cor.
2056 5857 2123 5911 ν,
2157 5848 2161 5867 ⁴

2323 5840 2344 5876 ⁸
2380 5839 2500 5898 Gal.
2539 5854 2642 5906 ιιι,
2681 5836 2771 5897 i3.
2845 5835 2869 5874 ⁸
2905 5835 3013 5895 lsa.
3048 5850 3183 5905 un,
3220 5836 3272 5894 5.
