4122 6454
2841 0 4090 82 .—

556 425 660 480 207
1230 424 1504 481 EUSEBII
1541 419 2012 480 CESABIENSlS
2050 419 2192 480 OPP.
2226 395 2424 478 PARS
2479 406 2654 473 ut.”
2681 405 3096 485 EXEGETICA.
3718 431 3823 486 9.08

557 538 745 598 buere.
803 535 912 593 Sed
971 537 1115 594 alius
1156 538 1293 594 ordo
1326 553 1606 609 genusque
1647 537 1927 593 hominum
1968 539 2035 594 ab
2065 539 2108 592 iis

2229 530 2440 604 πάθους
2465 523 2920 614 καιράνδΈτερον
2951 544 3008 597 δὲ
3037 543 3228 614 τάγμα
3251 543 3404 614 παρὰ
3435 543 3645 608 τούτοις
3671 547 3821 612 ἔξου-

558 631 872 696 diversum,
925 633 1203 702 abiectum
1249 629 1850 698 habuerunt..Quinam
1901 633 1978 687 illi
2029 633 2108 688 nis

2233 631 2452 706 δένωμα
2473 625 2637 687 αὐτὸν
2673 633 2992 707 ἐκτήσαντο.
3025 637 3185 693 Ποῖον
3210 636 3268 690 δὲ
3289 637 3448 689 τοῦτο
3472 636 3504 707 ἢ
3525 639 3553 690 ὁ
3583 638 3648 690 ὲκ
3672 655 3823 711 περι-

557 723 793 794 populus
821 737 888 778 ex
912 723 1376 779 circumcisione?
1406 721 1534 779 Ideo
1581 729 1662 779 sic
1717 725 1997 780 concludit
2041 741 2108 798 po

2236 725 2411 798 τομῆς
2439 726 2603 791 λαός;
2645 727 2737 780 Διὸ
2788 727 3029 798 ἐπιλέγει
3085 727 3231 798 ἑξῆς,
3287 727 3387 781 καὶ
3442 727 3825 799 ἐξουδένωμα

555 825 693 882 stea,
735 826 787 871 et
844 817 1070 888 abjectio
1120 817 1306 885 plebis.
1346 816 1480 871 Nam
1521 818 1815 874 illudcntes
1864 819 1912 874 ei
1972 828 2108 890 atqu

2235 817 2410 872 λαοῦ.
2437 816 2824 882 Διαπαίζοντες
2841 818 2952 890 γὰρ
2976 819 3137 872 αὐτὸν
3166 813 3308 871 οὗτοι
3337 817 3432 870 καὶ
3449 817 3822 887 χλευάζοντες,

30 617 58 1568 ά

552 905 865 963 deridentes
897 923 1044 976 eum,
1089 908 1204 961 haec
1255 908 1656 977 loquebantur'
1692 928 1704 962 :
1752 909 1902 963 Vah!
1924 911 2015 980 qui
2045 909 2138 966 de-

553 1004 716 1056 struis
754 1002 1027 1070 templum,
1069 1010 1120 1054 et
1161 1002 1215 1054 in
1257 1003 1426 1055 tribus
1450 1000 1633 1056 diebus
1664 1001 1900 1071 trdiﬁcas
1937 1005 2129 1073 ipsum.

552 1095 704 1160 Alios
752 1094 926 1149 salvos
961 1094 1109 1162 fecit,
1155 1093 1364 1146 salvam
1398 1093 1565 1162 faciat
1612 1095 1863 1164 seipsum.
1915 1095 1976 1150 Si
2023 1095 2134 1150 Rea:

553 1183 730 1240 Israel
753 1193 856 1248 est,
888 1182 1174 1238 descendat
1199 1200 1336 1237 nunc
1368 1183 1433 1238 de
1456 1201 1628 1252 cruce,
1655 1194 1704 1239 et
1727 1184 1995 1240 credemus
2027 1187 2094 1241 ei.

620 1387 785 1444 Vens.
818 1389 872 1452 8,
903 1389 957 1444 9.
1001 1389 1073 1444 De
1109 1391 1343 1460 ipsamct
1389 1405 1449 1444 rc
1503 1389 1557 1442 in
1604 1389 1966 1459 sequentibus
1999 1391 2127 1444 talia

545 1481 744 1536 fatur:
801 1481 995 1537 Omnes
1046 1483 1278 1535 videntes
1336 1497 1417 1536 me
1459 1481 1757 1534 deriserunt
1810 1497 1912 1546 me,
1966 1481 2127 1535 locuti

543 1583 672 1628 sunt
698 1573 858 1628 labiis
887 1585 933 1628 et
985 1584 1257 1629 mouerunt
1282 1584 1462 1644 caput.
1498 1575 1742 1644 Speravit
1784 1574 1838 1628 in
1871 1573 2122 1639 Domino,

534 1667 730 1734 eripiat
759 1682 900 1731 eum,
942 1665 1148 1720 salvum
1191 1665 1358 1736 faciat
1391 1682 1532 1729 eum,
1563 1666 1813 1735 quoniam
1842 1665 1950 1718 vult
1983 1682 2120 1720 eum.

540 1759 669 1814 ilice
702 1774 870 1830 porro
902 1759 1126 1830 impleta
1179 1767 1312 1814 sunt
1351 1759 1628 1829 passionis
1677 1757 1939 1813 salutaris
1986 1765 2124 1812 tem-

542 1867 694 1921 pore,
727 1861 788 1906 ut
822 1852 1111 1908 Matthaeus
1145 1861 1338 1907 narrat
1369 1852 1455 1906 his
1489 1851 1676 1908 verbis
1725 1869 1737 1905 :
1787 1850 2123 1905 Praztereuno

2236 909 2420 978 ἔλεγον
2440 926 2453 939 ⁸
2490 908 2635 976 Οὺά,
2663 914 2698 963 ό
2726 913 3039 965 καταλύων
3063 911 3170 965 τὸν
3192 911 3365 973 ναὸν,
3392 910 3489 966 καὶ
3537 910 3610 964 ἐν
3629 914 3825 979 τρισίν

2236 1000 2484 1068 ἡμέραις
2510 1001 2839 1072 οἰκοδομῶν
2866 1004 3334 1068 αὐτὼ-,Ἄλλους
3374 1003 3590 1066 ἔσωσε,
3625 1005 3817 1056 σωσά-

2233 1113 2312 1148 τω
2339 1097 2574 1150 ἑαυτόν.
2612 1099 2681 1149 El
2707 1096 3008 1162 βασιλεὺς
3055 1096 3161 1150 τοῦ
3203 1094 3441 1164 Ἰσραήλ
3491 1095 3690 1158 ἐστιν,
3722 1113 3824 1149 na»

2233 1186 2459 1240 ταεάτω
2489 1187 2607 1241 νῦν
2646 1187 2764 1242 ἀπὸ
2806 1187 2912 1242 τοῦ
2951 1185 3238 1256 σταυροῦ,
3273 1186 3376 1240 καί
3415 1187 3823 1256 πιστεύσομεν

2231 1277 2412 1345 αὐτῷ.

2301 1396 2437 1467 Περὶ
2466 1394 2574 1448 τῶν
2603 1395 2782 1448 αὐτῶν
2801 1395 2895 1448 καὶ
2920 1392 2987 1447 τὰ
3011 1393 3136 1466 ἑξῆς
3155 1393 3404 1466 ἐπιφέρει
3425 1393 3629 1464 λέγων’
3659 1394 3817 1450 Πάν-

2229 1504 2329 1554 τες
2359 1490 2413 1542 οἱ
2446 1486 2808 1556 θεωροῦντές
2830 1503 2908 1557 με
2937 1485 3416 1556 ἐξεμυκτψισὰν
3451 1504 3559 1556 με’
3593 1487 3820 1560 ἐλάλη-
3905 1550 3912 1556 ,

2227 1597 2348 1635 σαν
2375 1582 2444 1635 ἐν
2473 1582 2764 1652 χείλεσιν,
2780 1579 3074 1647 ἐκίνησαν
3098 1578 3700 1648 κεφαλήν-,Ἤλιτισεν
3719 1581 3816 1635 ἐπὶ

2224 1675 2438 1742 Kvplcp,
2456 1675 2747 1742 ῥυσάσθω
2776 1673 2986 1727 αὐτόν·
3014 1672 3266 1726 σωσάτω
3297 1671 3504 1737 αὐτὸν,
3530 1672 3622 1727 ὅτι
3659 1673 3818 1728 θέλει

2222 1766 2426 1820 αὐτόν.
2463 1765 2573 1818 Καὶ
2609 1764 2781 1820 ταῦτα
2819 1763 3124 1836 ἐπληροῦτο
3167 1763 3311 1818 κατὰ
3349 1764 3442 1818 τὸν
3486 1765 3680 1835 καιρὸν
3718 1763 3814 1818 τοῦ

2227 1857 2492 1928 σωτηρίου
2526 1857 2750 1921 πάθους,
2772 1856 2893 1910 καθ’
2921 1857 2979 1910 ὃν
3011 1858 3216 1928 ἱστορεῖ
3246 1856 3421 1925 λέγων
3455 1858 3484 1909 ό
3509 1855 3811 1920 θὶατθαῖος·

539 1919 614 2000 tes
651 1954 826 1999 autem
868 1943 1307 2015 blaspltemabant
1353 1961 1472 1999 eum
1505 1954 1764 1999 moventes
1789 1945 1966 2012 capita
1995 1959 2108 2006 sua,

2229 1953 2293 2004 Ol
2431 1919 2981 2019 παραπορευόμενοι
3029 1919 3467 2018 ἐϐλασφήμουν
3502 1947 3696 2002 αὐτὸν
3732 1965 3816 2002 κι-

535 2048 586 2092 et
613 2037 843 2093 dicentes
875 2055 893 2092 :
933 2038 1089 2092 Vah!
1121 2039 1212 2110 qui
1242 2039 1474 2092 destruis
1507 2037 1758 2107 templum
1779 2047 1827 2092 et
1862 2027 1917 2090 iii
1939 2035 2119 2090 triduo

535 2131 674 2186 illud
712 2131 1009 2201 recedi/icas
1040 2148 1059 2186 :
1096 2132 1248 2186 salva
1293 2132 1627 2200 temetipsum
1662 2147 1681 2184 :
1714 2131 1761 2185 si
1804 2127 1983 2184 Filius
2019 2128 2118 2184 Dei

535 2239 612 2284 es,
657 2221 912 2277 descende
945 2239 1084 2276 nunc
1130 2220 1195 2276 de
1244 2237 1420 2276 cruce.
1463 2219 1724 2276 Similiter
1763 2230 1814 2274 et
1855 2220 2116 2290 principes

533 2314 869 2372 sacerdotum
895 2315 1177 2371 illudentes
1203 2333 1323 2370 cum
1351 2315 1644 2370 Phariswis
1668 2324 1718 2369 et
1743 2313 1944 2370 Scribis
1973 2313 2113 2367 dice-

533 2411 658 2464 bant
695 2427 712 2464 :
743 2410 896 2464 Alios
919 2411 1096 2465 salvos
1127 2410 1273 2479 fecit,
1310 2411 1542 2479 seipsum
1572 2426 1675 2464 non
1710 2417 1880 2479 potest
1907 2407 2111 2461 salvum

531 2505 726 2574 facere.
766 2501 828 2558 Si
867 2501 976 2556 Rea:
1025 2501 1202 2557 Israel
1228 2512 1331 2570 est,
1369 2501 1652 2558 descendat
1683 2518 1821 2557 nunc
1853 2501 1918 2556 de
1939 2517 2111 2565 cruce,

529 2606 579 2651 et
607 2595 881 2650 credemus
909 2596 979 2650 ei.
1014 2594 1264 2664 Con/isus
1295 2603 1374 2649 est
1406 2595 1462 2649 in
1507 2594 1639 2658 Deo,
1684 2595 1866 2650 liberet
1893 2610 2036 2662 eum,
2065 2594 2114 2647 si

527 2690 639 2744 vult
662 2707 781 2744 eum
803 2705 821 2744 :
847 2688 984 2742 dixit
1006 2689 1166 2746 enim.
1202 2687 1379 2742 Filius
1417 2687 1509 2743 Dei
1540 2704 1658 2742 sum
1680 2687 1719 2744 ⁸.

603 2977 768 3034 Vens.
801 2976 890 3044 10,
923 2977 1010 3032 ll.
1056 2975 1320 3044 Quoniam
1354 2984 1410 3028 tu
1444 2991 1520 3042 es,
1571 2975 1661 3046 qui
1698 2974 1986 3030 extruxisti
2028 2990 2111 3028 me

525 3071 591 3128 de
617 3079 788 3126 uentre
821 3087 838 3124 :
872 3087 988 3141 spes
1029 3084 1147 3123 utea
1179 3068 1244 3121 ab
1275 3067 1520 3122 uberibus
1556 3067 1746 3122 matris
1778 3082 1926 3122 mea'.
1961 3063 2029 3120 In
2061 3074 2111 3120 te

527 3169 789 3240 projectus
815 3180 932 3219 sum
961 3178 1026 3217 ex
1063 3173 1212 3216 utero
1243 3178 1261 3216 :
1295 3160 1360 3215 de
1390 3169 1565 3215 uentre
1594 3161 1782 3214 matris
1808 3175 1936 3214 mea:
1965 3157 2108 3214 Deus

528 3277 673 3316 meus
700 3276 754 3314 es
784 3267 871 3321 tu;
923 3271 985 3310 ne
1029 3254 1335 3309 discesseris
1377 3269 1410 3305 a
1449 3269 1550 3309 me.
1588 3251 1840 3307 Declarat
1889 3267 1949 3308 se
1995 3266 2106 3306 non

525 3349 804 3407 communi
823 3355 1034 3402 naturae
1062 3362 1186 3410 usu,
1212 3361 1391 3416 neque
1410 3345 1527 3414 pari
1553 3354 1717 3414 atque
1740 3344 1832 3398 alii
1859 3344 2110 3399 homines

525 3451 832 3512 caeteraque
867 3438 1166 3493 animantia
1204 3438 1335 3502 ritu,
1387 3437 1601 3493 scilicet
1646 3452 1714 3491 ex
1762 3437 2006 3492 masculo
2053 3443 2108 3492 et

525 3535 727 3591 femina
773 3531 1137 3587 constitutum
1191 3544 1336 3593 esse,
1385 3544 1561 3599 neque
1609 3536 1790 3583 ortum
1826 3545 1886 3584 se
1914 3528 2105 3584 eadem

523 3628 739 3682 ratione
785 3623 990 3690 fuisse;
1040 3621 1135 3677 sed
1168 3621 1534 3692 quidpraater
1583 3620 1863 3692 vulgarem
1897 3627 2107 3676 natura:

523 3719 772 3776 ordinem
809 3715 1088 3770 habuisse.

597 3811 762 3866 Vens.
812 3808 880 3863 12
909 3807 1036 3862 -M.
1080 3806 1347 3874 Quoniam
1395 3805 1668 3859 tribulatio
1719 3807 1965 3875 proxima
2001 3818 2100 3871 est,

522 3904 772 3975 quoniam
821 3917 925 3955 non
961 3908 1039 3955 est
1087 3899 1177 3970 qui
1214 3897 1447 3968 adjuvet.
1494 3896 1966 3952 Circumdederunt
2022 3914 2104 3953 me

521 3995 676 4051 vituli
733 3993 912 4058 multi,
958 3992 1104 4046 tauri
1139 3991 1355 4062 pingues
1400 3988 1713 4045 obsederunt
1759 4005 1858 4044 me.
1884 3987 2103 4060 Nequa-

521 4103 685 4161 quam
715 4101 747 4141 a
775 4101 907 4141 vero
939 4084 1304 4146 aberraret-is,
1337 4081 1384 4139 si
1419 4090 1610 4137 tauros
1655 4082 1906 4153 pingues,
1947 4081 2103 4152 prin-

521 4183 674 4250 cipes
722 4175 939 4239 Judaici
974 4174 1194 4246 populi;
1249 4173 1367 4230 sive
1414 4173 1692 4244 principes
1725 4171 2097 4238 sacerdotum,

2225 2041 2476 2108 νοῦν-τες
2505 2042 2613 2108 τὰς
2643 2041 2910 2111 κεφαλὰς
2944 2040 3142 2094 αὐτῶν
3173 2040 3271 2094 καὶ
3312 2039 3598 2108 λέγοντες
3617 2056 3632 2069 °
3667 2040 3811 2104 Οὐὰ,

2224 2136 2258 2186 ὀ
2283 2133 2598 2187 καταλύων
2627 2132 2734 2186 τὸν
2749 2132 2920 2198 ναὸν,
2946 2132 3044 2185 καί
3067 2132 3138 2184 ἐν
3155 2129 3358 2198 τρισίν
3383 2129 3634 2199 ἡμέραις
3657 2133 3814 2184 οἱκο-

2222 2221 2419 2293 δομῶν
2443 2223 2630 2278 αὐτόν
2647 2239 2660 2252 ·
2685 2221 2892 2277 σῶσον
2914 2219 3149 2277 ἑαυτόν.
3167 2223 3236 2277 Ei
3267 2219 3400 2284 Υἱὸς
3425 2217 3484 2275 εἴ
3503 2221 3609 2275 τοῦ
3637 2221 3809 2284 Θεοῦ,

2222 2313 2506 2382 κατάϐηθι
2545 2313 2663 2368 νῦν
2703 2312 2822 2368 ἀπὸ
2866 2313 2973 2368 τοῦ
3015 2311 3559 2382 σταυροῦ.’ομοίως
3601 2312 3709 2366 καί
3755 2316 3809 2368 el

2220 2404 2511 2474 ἀρχιερεῖς
2539 2403 2844 2469 παίζοντες
2863 2402 3014 2474 μετὰ
3043 2401 3161 2456 τῶν
3180 2402 3517 2471 Φαρισαίων
3555 2400 3660 2456 καὶ
3691 2398 3810 2454 τῶν

2219 2496 2604 2567 γραμματέων
2623 2497 2867 2567 ἔλεγον·
2910 2497 3164 2562 Ἄλλους
3185 2494 3442 2557 ἔσωσεν,
3475 2492 3698 2547 ἑαυτὸν
3735 2494 3806 2546 οὐ

2218 2589 2468 2644 δύναται
2497 2587 2711 2646 σῶσαι.
2735 2591 2808 2643 El
2831 2587 3130 2654 βασιλεὺς
3165 2586 3403 2655 Ἰσραήλ
3436 2585 3588 2651 ἐστι,
3620 2602 3804 2640 κατα-

2219 2683 2372 2737 ϐάτω
2395 2683 2513 2737 νῦν
2533 2681 2652 2738 ἀπὸ
2681 2681 2788 2736 τοῦ
2818 2679 3105 2750 σταιιοοῦ,
3129 2680 3228 2734 καί
3261 2681 3674 2749 πιστεύσομεν
3693 2680 3804 2733 αὐ-

2217 2773 2314 2841 τῷ.
2340 2775 2632 2830 Πέποιθεν
2671 2773 2768 2828 ἐπί
2809 2773 2890 2840 τῷ
2924 2771 3066 2839 Θεῷ,
3085 2771 3379 2842 ῥυσάσθω
3399 2771 3605 2836 αὐτὸν,
3631 2773 3687 2826 sl
3706 2771 3800 2828 θέ-

2214 2871 2309 2922 λει
2336 2869 2551 2923 αὐτόν·
2582 2861 2862 2938 εἶπεγὰρ,
2895 2864 2983 2919 ὅτι
3007 2863 3116 2920 τοῦ
3151 2863 3300 2919 θεοῦ
3332 2865 3446 2936 είμι
3480 2867 3514 2918 ὁ
3555 2865 3711 2932 Υἱός.

2288 2982 2409 3034 Ὅτι
2434 2981 2516 3036 σὺ
2541 2977 2648 3037 elo
2670 2979 2988 3045 ὲκσπάσας
3023 2995 3100 3048 με
3134 2979 3203 3032 ἐκ
3230 2976 3511 3049 γαστρός,
3542 2978 3582 3046 η
3620 2977 3804 3044 ἐλπίς

2210 3091 2328 3143 μου
2349 3073 2467 3128 ἀπὸ
2485 3073 2734 3144 μαστῶν
2760 3073 2870 3142 τῆς
2889 3073 3114 3144 μητρός
3131 3089 3267 3143 μου.
3287 3071 3410 3124 Ἐπὶ
3445 3070 3520 3126 σὲ
3547 3071 3804 3140 ἐρρίφην

2211 3164 2283 3220 ἐκ
2304 3165 2555 3236 μήτρας,
2585 3167 2652 3220 ἐκ
2669 3166 2900 3232 κοιλίας
2921 3165 3148 3234 μητρός
3163 3181 3281 3234 μου
3309 3163 3454 3230 Θεός
3468 3181 3588 3234 μου
3614 3159 3674 3218 εἴ
3689 3162 3798 3229 σὺ,

2208 3257 2294 3327 μὴ
2324 3257 2603 3327 ἀποστῇς
2625 3258 2726 3313 ἀπ’
2747 3257 2914 3328 ἐμοῦ.
2951 3256 3306 3328 Παρίστησιν,
3329 3255 3410 3308 δτι
3433 3255 3494 3308 ού
3524 3255 3665 3309 κατὰ
3693 3255 3799 3326 φύ-

2215 3368 2320 3414 σιν,
2355 3350 2476 3404 ούδὲ
2501 3351 2702 3422 ὁμοίως
2728 3353 2840 3416 τοῖς
2861 3349 3065 3412 λοιποῖς
3095 3348 3298 3402 ἅπασιν
3324 3348 3653 3421 ἀνθρώποις,
3672 3348 3800 3404 οὐδὲ

2210 3445 2321 3507 τοῖς
2356 3443 2562 3506 λοιποῖς
2588 3441 2747 3508 ζώοις
2779 3441 3194 3515 παραπλησίως,
3226 3445 3336 3506 τοῖς
3364 3439 3425 3506 ἐξ
3449 3441 3674 3514 ἄρρενος
3698 3445 3798 3497 καὶ

2209 3532 2447 3605 θηλείας,
2484 3533 2892 3605 συνιστάμενος,
2919 3535 3013 3588 καὶ
3059 3532 3127 3588 τὰ
3173 3533 3271 3604 τῆς
3318 3532 3479 3587 αὐτοῦ
3526 3533 3797 3602 γενέσεως

2209 3623 2573 3678 συνετελεῖτο’
2617 3620 2731 3694 εἶχε
2771 3623 2827 3677 δέ
2863 3643 2917 3678 τι
2955 3624 3126 3678 πλείω
3166 3623 3318 3696 παρὰ
3345 3624 3441 3696 τὴν
3473 3624 3658 3698 κοινὴν
3692 3623 3797 3695 φύε

2208 3734 2312 3771 σιν.

2277 3808 2396 3861 Ὅτι
2429 3809 2633 3878 θλίψις
2659 3808 2859 3880 ἐγγὺς,
2891 3807 2980 3863 ὅτι
3005 3812 3117 3865 οὐκ
3147 3808 3321 3863 ἐστιν
3340 3811 3372 3863 ό
3393 3807 3656 3877 βοηθῶν.
3685 3812 3792 3863 IIe-

2196 3901 2617 3969 ριεκύκλωσὰν
2639 3919 2718 3972 με
2734 3903 2956 3972 μόσχοι
2977 3901 3213 3967 πολλοὶ,
3237 3900 3441 3970 ταῦροι
3457 3902 3666 3968 πίονες
3684 3915 3792 3956 πε-

2196 3995 2449 4063 ριέσχον
2487 4011 2584 4064 με.
2619 3995 2732 4049 Οὐκ
2779 3993 2846 4049 ἂν
2884 3996 3148 4066 ἁμάρτοις
3199 3994 3326 4058 τοὺς
3377 3993 3644 4065 ἄρχοντας
3690 3992 3790 4050 τοῦ

2215 4083 2483 4140 Ἰουδαίων
2504 4085 2688 4150 ἔθνους
2710 4085 2942 4158 ταύρους
2965 4085 3170 4150 πίονας,
3193 4084 3482 4156 ἀρχιερέας
3505 4085 3598 4138 καὶ
3615 4101 3792 4156 γραμ-

2205 4176 2395 4246 ματεῖς
2423 4175 2518 4228 καὶ
2553 4174 2973 4247 πρεσϐυτέρους,
3002 4173 3090 4228 διὰ
3130 4173 3332 4226 τούτων
3361 4171 3652 4243 δηλοῦσθαι
3677 4174 3785 4244 φή-

522 4272 734 4329 scribas
761 4277 815 4325 et
853 4267 1102 4326 seniores
1143 4267 1456 4339 signiﬁcare
1483 4265 1714 4321 dixeris.
1747 4263 1990 4334 Hujusce
2018 4265 2099 4321 rei

2212 4263 2624 4336 πας.Μέμνηται
2653 4264 2710 4318 δὲ
2737 4263 2914 4318 αὐτῶν
2942 4263 2971 4316 ὁ
2997 4263 3154 4332 λόγος
3181 4263 3239 4316 ὲν
3265 4261 3543 4334 ἑξηκοστῷ
3569 4262 3784 4336 ἑϐδόμῳ

520 4363 728 4419 mentio
754 4361 990 4416 habetur
1020 4361 1074 4415 in
1105 4358 1452 4430 sexagesimo
1487 4358 1725 4428 septimo
1767 4358 1981 4429 psalmo
2008 4357 2097 4414 his

2212 4357 2398 4430 ἔναλμῷ
2430 4358 2602 4428 λέγων
2622 4375 2635 4388 ·
2683 4359 3068 4427 Ἐπιτίμησον
3089 4358 3215 4424 τοῖς
3235 4357 3461 4426 θηρίοις
3479 4355 3586 4411 τοῦ
3609 4355 3786 4412 καλά’

517 4453 702 4510 verbis
725 4469 739 4505 :
779 4449 1002 4521 Increpa
1037 4451 1179 4519 [eras
1203 4449 1482 4504 arundinis
1511 4465 1530 4503 :
1555 4449 1886 4520 congregatio
1914 4459 2097 4502 tauro-

2212 4468 2314 4505 uov
2332 4467 2346 4480 °
2386 4452 2424 4519 ή
2467 4449 2788 4521 συναγωγὴ
2830 4449 2948 4504 τῶν
2983 4450 3217 4519 ταύρων
3243 4449 3314 4504 ἐν
3335 4449 3465 4516 ταῖς
3486 4447 3783 4519 δαμάλεσι

518 4561 636 4600 rum
659 4545 712 4598 in
734 4544 907 4598 vaccis
931 4543 1242 4612 populorum
1264 4545 1308 4598 °.
1345 4541 1444 4596 Hic
1477 4556 1643 4613 porro
1673 4543 1928 4612 populos,
1964 4557 2096 4596 vac-

2212 4542 2318 4598 rtIir
2364 4541 2550 4600 λαῶν.
2569 4543 2707 4597 Ἀλλ’
2738 4541 2970 4598 ἐνταῦθα
3021 4543 3146 4606 τοὺς
3176 4543 3274 4614 μὲν
3317 4541 3480 4606 λαοὺς
3521 4539 3782 4612 δαμάλεις

515 4654 633 4702 cas,
674 4637 858 4708 populi
904 4635 1091 4700 duces,
1143 4644 1331 4690 tauros
1363 4634 1720 4706 nuncupavit.
1751 4633 1810 4689 ln
1839 4633 2092 4704 praisenti

2212 4635 2466 4706 ὺνόμασε,
2501 4635 2626 4698 τοὺς
2655 4633 2711 4686 δὲ
2741 4632 2849 4686 τῶν
2872 4631 3016 4686 λαῶν
3037 4629 3375 4703 ἡγουμένους
3397 4628 3650 4702 ταύρους.
3667 4628 3779 4681 Καὶ

516 4731 645 4786 item
667 4729 902 4801 psalmo,
931 4729 1078 4784 illius
1109 4728 1251 4794 loco,
1289 4725 1761 4782 Circumdederunt
1806 4744 1886 4781 me
1937 4727 2088 4781 uituli

2212 4744 2254 4781 εν
2280 4725 2357 4798 τῷ
2395 4726 2618 4798 παρόντι
2642 4724 2699 4778 δὲ
2728 4723 2948 4796 ψαλμῷ,
2975 4723 3097 4777 ἀντὶ
3120 4721 3212 4776 τού
3233 4739 3246 4752 °
3281 4717 3780 4791 Περιεκύκλωσάν

516 4821 690 4886 multi,
726 4820 1091 4893 Symmachus
1121 4821 1202 4875 sic
1234 4819 1418 4886 habet,
1449 4803 1671 4874 Juvenci
1701 4821 1844 4874 tauri
1873 4820 2091 4891 pingues

2212 4839 2269 4876 ae
2297 4823 2518 4892 μόσχοι
2558 4821 2798 4884 πολλοὶ,
2829 4820 2858 4872 ὁ
2899 4817 3126 4882 Ἀκύλας
3159 4816 3255 4888 (Ι)’
3286 4814 3610 4887 Δαμάλαιοι
3640 4813 3778 4868 ταῦ·

513 4916 769 4986 saginati,
803 4915 1146 4984 circumplexi
1180 4922 1304 4968 sunt
1339 4929 1439 4978 me,
1487 4913 1686 4984 inquit,
1721 4924 1770 4967 et
1801 4912 2094 4968 circumde-

512 5008 703 5062 derunt.
735 5024 847 5072 me;
881 5007 1183 5062 secundum
1216 5005 1470 5076 Aquilam
1503 5022 1657 5074 vero,
1704 5006 1952 5062 Potentes
1981 5005 2094 5060 Ba-

513 5118 614 5156 san
646 5101 702 5156 in
733 5101 1090 5171 spectaculum
1127 5101 1477 5155 traduxerunt
1528 5115 1640 5165 me;
1686 5101 1844 5171 queis
1896 5099 2091 5155 adum-

511 5194 706 5250 bratur
755 5195 1010 5252 militaris
1043 5194 1202 5250 Pilati
1245 5210 1463 5259 manus,
1515 5192 1694 5249 Basan
1746 5201 2084 5266 nuncupata,

511 5303 636 5360 quae
680 5303 943 5343 coronam
1007 5289 1256 5361 spineam
1309 5288 1716 5359 complicatam,
1762 5286 2088 5342 diadematis

511 5383 654 5446 loco,
691 5380 857 5450 capiti
879 5379 1001 5451 ejus
1033 5379 1316 5451 imposuit.
1348 5379 1678 5448 Aperuerunt
1709 5394 1864 5448 super
1887 5394 2005 5433 eum
2030 5394 2089 5432 os

509 5490 685 5540 suum,
717 5475 854 5528 sicut
886 5475 965 5527 leo
995 5474 1204 5541 rapiens
1221 5482 1270 5527 et
1303 5474 1536 5543 rugiens,
1567 5473 1888 5534 clamantes,
1913 5469 2084 5536 Tolle,

512 5566 657 5630 tolle,
683 5566 929 5636 cruciﬁge
949 5581 1067 5619 eum
1093 5566 1156 5620 ¹⁰.
1186 5563 1417 5636 Sanguis
1449 5564 1562 5634 ejus
1593 5580 1750 5634 super
1780 5580 1873 5618 nos
1912 5571 1962 5618 et
1997 5579 2088 5617 su-

2190 4931 2288 4983 ροι
2315 4915 2520 4979 πίονες
2541 4916 2594 4967 οἱ
2619 4912 2875 4967 σιτιστοί
2901 4909 3225 4981 περιέσχον
3247 4925 3345 4980 με,
3373 4908 3527 4978 φησὶ,
3549 4906 3649 4961 καί
3675 4923 3777 4962 πε·
3821 4983 3830 4992 ⁷

2189 5007 2678 5077 ριεστοιχίσαντό
2691 5023 2767 5077 με
2783 5023 2797 5038 ·
2823 5005 2965 5062 κατὰ
2984 5004 3040 5058 δὲ
3061 5005 3152 5059 τὸν
3187 5002 3416 5057 Ἀκύλαν
3435 5018 3450 5034 ·
3476 4999 3776 5056 Δυνάσται

2199 5101 2408 5156 Βασὰν
2436 5098 2985 5169 διεδειγματίσαντό
3001 5115 3098 5168 με,
3121 5095 3354 5170 εἴρηται,
3383 5093 3477 5150 τοῦ
3503 5093 3661 5163 λόγου
3687 5095 3776 5148 αἱ-

2196 5194 2506 5266 νιττομὲνου
2543 5193 2640 5266 τὴν
2679 5191 2772 5246 τοῦ
2813 5191 3045 5245 Πιλάτου
3078 5187 3472 5262 στρατιωτικὴν
3502 5185 3674 5251 τάξιν,
3707 5185 3774 5257 ἣν

2197 5286 2374 5341 Βασὰν
2404 5287 2704 5358 ὠνόμασεν,
2735 5285 2783 5339 οἳ
2821 5285 3081 5354 στέφανον
3103 5282 3162 5349 ἐξ
3185 5281 3436 5338 ἀκανθῶν
3461 5279 3770 5348 πλέξαντες,

2195 5380 2316 5434 ἀντὶ
2333 5377 2660 5451 διαδήματος
2693 5378 2970 5450 ἐπέθηκαν
3001 5377 3167 5450 αὐτῷ.
3197 5374 3531 5440 Ἠνοίξαντ’
3551 5373 3644 5426 ἐπ’
3666 5373 3775 5427 αὺ-

2191 5472 2272 5538 τῷ
2301 5471 2369 5524 τὸ
2402 5471 2596 5541 στόμα
2617 5469 2836 5536 αὐτῶν,
2861 5471 2941 5538 ὡς
2967 5471 3126 5526 λέων
3160 5468 3431 5539 ἁρπάζων
3466 5467 3561 5521 καὶ
3587 5465 3770 5535 ὠρυό-

2186 5579 2390 5634 μενος,
2413 5562 2704 5629 βοῶντες’
2728 5559 2887 5632 Αἶρε,
2912 5558 3062 5633 αἶρε,
3094 5563 3446 5631 σταύρωσον
3465 5558 3670 5614 αὐτόν.
3700 5556 3769 5612 Τό

578 5727 598 5758 ⁷
641 5725 830 5781 Matth.
865 5739 1052 5790 xxvu,
1085 5725 1271 5783 40—42.
1350 5725 1372 5759 ⁸
1410 5724 1543 5780 ibid.
1578 5723 1764 5779 40-45.
1843 5725 1863 5756 ’
1903 5721 2052 5779 Psal.
2088 5737 2108 5776 ι

2216 5738 2269 5787 ι,
2304 5723 2395 5778 51.
2475 5723 2518 5753 ¹⁶
2557 5719 2715 5777 Joan.
2755 5738 2884 5786 χιι,
2921 5722 3006 5778 15.

575 5883 654 5951 (1)
693 5881 831 5954 Lege
861 5885 1196 5956 Σύμμαχος.
