4122 6454
347 352 462 410 209

1480 347 1990 409 COMMENTARIA
2029 347 2100 405 IN
2136 347 2473 410 PSALMOS.

3503 351 3609 422 2H)

346 464 496 540 αἱμα
545 468 733 524 αὐτοῦ
781 468 874 539 ἐφ’
904 467 1062 540 ἡμᾶς
1105 469 1202 523 καὶ
1247 467 1346 522 ἐπὶ
1397 466 1470 521 τὰ
1513 464 1696 521 τέκνα
1745 463 1934 534 ἡμῶν.

2042 485 2132 538 per
2163 469 2354 523 liberos
2381 476 2589 522 nostros
2612 467 2674 518 “.
2697 465 2892 535 Aquila
2923 478 3074 526 vero,
3101 463 3252 519 Sicut
3284 463 3383 526 leo,
3410 463 3608 532 inquit,

361 559 596 624 ’Δκύλας
639 559 724 614 δέ·
771 560 864 626 Ὡς
894 560 1072 627 λέων,
1107 560 1292 631 φησὶν,
1335 559 1610 612 ἀλίσκων
1649 557 1748 611 καὶ
1787 557 1937 624 ,βρυ-

349 648 621 720 χώμενος
638 667 656 682 ·
690 649 832 704 κατὰ
845 650 901 704 δὲ
921 650 1012 704 τὸν
1032 649 1328 723 Σύμμαχον
1342 666 1356 680 ο
1387 649 1482 715 Ὡς
1498 646 1656 702 λέων
1674 647 1939 716 θηρεύων

339 741 754 812 βρυχώμενος.
780 742 844 796 Oi
869 741 980 813 γὰρ
1005 742 1234 813 αἵματος
1255 739 1537 810 διψῶντες,
1563 739 1790 802 καὶτοῖς
1814 740 1938 792 ὲαυ-

345 835 458 888 τῶν
487 833 698 898 τέκνοις
733 833 1104 905 ἐπισπώμενοι
1130 833 1190 887 τὸ
1210 832 1304 886 τοῦ
1332 831 1584 905 Σωτῆρος
1617 826 1777 903 αἷμα,
1806 831 1936 902 βρυ-

348 925 598 999 χωμένου
625 924 838 989 λέοντος
868 924 1021 980 οὐδὲν
1051 923 1320 998 διέφερον.

425 1017 544 1069 Ὅτι
587 1012 946 1071 ἑκύκλωσάν
989 1031 1066 1084 με
1109 1016 1293 1082 κύνες
1335 1013 1576 1078 πολλοὶ,
1613 1010 1935 1084 συναγωγὴ

346 1102 845 1174 πονηρευομένων
864 1104 1188 1174 περιέσχον
1207 1121 1305 1175 με.
1328 1104 1481 1158 Μετὰ
1501 1104 1627 1168 τοὺς
1654 1103 1937 1167 Ἰουδαίους

346 1197 460 1252 τῶν
498 1196 558 1263 ἐξ
599 1196 770 1250 ἐθνῶν
802 1196 1133 1268 μνημονεύει
1182 1195 1550 1268 στρατιωτῶν.
1579 1193 1804 1258 Τούτοις
1827 1194 1938 1267 γὰρ

351 1287 548 1340 ἐκεῖνοι
599 1285 922 1358 παρέδοσαν.
956 1285 1048 1339 Διὸ
1094 1287 1187 1340 καὶ
1233 1286 1332 1357 τὴν
1383 1284 1538 1350 τάξιν
1572 1284 1937 1356 ὴπροφητεία

350 1377 460 1433 τῶν
504 1378 844 1450 πραγμάτων
895 1376 1176 1448 ἐφύλαξεν.
1212 1378 1453 1442 Εἰκότως
1479 1378 1535 1432 δὲ
1563 1377 1798 1449 ταύρους
1838 1376 1936 1448 μὲν

355 1470 616 1535 ἐκείνους,
647 1470 812 1534 κύνας
841 1470 898 1525 δὲ
919 1470 1142 1536 τούτους
1161 1471 1472 1542 ὠνόμασεν·
1500 1471 1548 1524 οἱ
1573 1471 1672 1541 μὲν
1699 1469 1806 1540 γὰρ
1833 1469 1938 1522 ὑπὸ

350 1561 443 1615 τὸν
483 1559 578 1616 τοῦ
615 1562 780 1632 νόμου
809 1557 951 1634 ἦσαν
983 1559 1178 1630 ζυγὸν,
1208 1563 1259 1614 εί
1293 1563 1388 1616 καὶ
1415 1559 1707 1634 προφανῶς
1732 1559 1822 1615 τὸν
1847 1559 1936 1613 νό-

351 1671 454 1725 μον
501 1652 828 1725 παρέϐαινον
849 1670 862 1684 ο
901 1654 950 1706 οί
986 1653 1044 1706 δὲ
1082 1651 1226 1707 κατὰ
1251 1652 1414 1724 νόμον
1441 1648 1582 1724 ἦσαν
1613 1651 1934 1723 ἀκάθαρτοι.

350 1743 508 1798 οὕτω
529 1744 587 1798 δὲ
620 1744 714 1798 καὶ
740 1744 768 1796 ό
800 1744 1004 1817 Κύριος
1034 1744 1132 1815 τὴν
1163 1743 1475 1798 Χαναναίαν
1503 1743 1936 1814 ὡνόμασεν.οὐκ

2037 562 2245 630 cupiens
2299 570 2350 616 et
2396 560 2638 631 rugiens;
2699 555 3084 628 Symmachus,
3131 555 3281 610 Sicut
3311 554 3390 610 leo
3418 571 3610 610 certans

2038 655 2367 725 rugiensque.
2392 651 2530 706 Nam
2560 650 2654 721 qui
2691 647 3014 719 sanguinem
3043 646 3322 711 sitiebant,
3373 661 3614 717 suosque

2036 747 2245 802 liberos
2280 743 2586 800 Salvatoris
2622 741 2890 813 sanguine
2915 755 3042 796 reos
3069 755 3192 795 esse
3218 739 3614 812 procurabant,

2036 854 2067 894 a
2088 838 2246 894 leone
2271 836 2518 909 rugiente
2549 833 2685 890 nihil
2715 831 3057 888 differebant.

2108 1012 2278 1067 Vsus.
2323 1010 2517 1065 17-19.
2571 1010 2838 1077 Quoniam
2893 1008 3351 1064 circumdederunt
3396 1025 3480 1064 me
3525 1025 3617 1072 cae

2037 1123 2126 1160 nes
2179 1103 2355 1166 multi,
2425 1102 2706 1157 concilium
2781 1101 3190 1172 malignantium
3251 1100 3455 1155 obsedit
3508 1112 3630 1154 me;

2035 1196 2168 1253 Post
2205 1194 2446 1252 Iudaeos.
2474 1194 2760 1265 gentilium
2799 1193 3003 1249 milites
3037 1201 3452 1248 commemorat.
3477 1191 3616 1263 Ipsis

2035 1288 2182 1346 enim
2235 1285 2410 1341 Judaei
2461 1284 2744 1341 Christum
2792 1283 3158 1340 tradiderunt.
3201 1281 3384 1350 Quare
3430 1299 3613 1338 rerum

2036 1380 2286 1437 ordinem
2345 1377 2630 1448 prophetia
2685 1377 2942 1432 servavit.
3015 1375 3148 1432 Jure
3199 1383 3380 1431 autem
3426 1383 3619 1430 tauros

2035 1474 2184 1538 illos,
2216 1470 2384 1526 hosce
2427 1485 2596 1525 canes
2641 1469 2894 1534 vocavit;
2929 1469 3006 1522 illi
3057 1483 3294 1538 namque
3335 1468 3438 1524 sub
3484 1469 3619 1540 jugo

2037 1567 2174 1638 legis
2202 1574 2381 1632 erant,
2425 1563 2645 1620 etiamsi
2694 1561 2987 1618 manifeste
3038 1562 3213 1631 legem
3268 1561 3618 1634 n'ansgredeo

2034 1669 2265 1727 rentur;
2297 1659 2352 1712 hi
2385 1673 2517 1713 vero
2544 1655 2851 1712 secundum
2880 1657 3049 1726 legem
3080 1654 3280 1724 impuri
3311 1663 3488 1712 erant.
3526 1653 3620 1710 Sic

2038 1753 2156 1823 ipse
2211 1750 2477 1805 Dominus
2521 1749 2888 1806 Chananaeam
2930 1747 3245 1817 appellavit.
3322 1745 3447 1801 Non
3500 1747 3618 1800 licet

347 1837 479 1892 ἔστι
511 1835 640 1907 γὰρ,
670 1836 1045 1907 φησὶ,λαϐεῖν
1071 1836 1181 1891 τόν
1206 1837 1389 1905 ἄρτον
1418 1835 1538 1890 τῶν
1563 1835 1811 1899 τέκνων,
1836 1834 1936 1889 καὶ

2042 1846 2195 1907 enim,
2228 1844 2428 1914 inquit,
2461 1842 2696 1911 accipere
2715 1856 2908 1912 panem
2931 1839 3190 1910 ﬁliorum,
3226 1847 3276 1893 et
3313 1838 3444 1893 dare
3471 1839 3622 1896 cani-

347 1928 559 1983 δοῦναι
589 1929 711 1995 τοῖς
741 1928 1068 1997 κυναρίοις.
1089 1927 1226 1982 Ἀλλ’
1251 1929 1400 2000 ὅμως
1431 1928 1567 1999 μετὰ
1602 1927 1663 1980 τὸ
1695 1926 1866 1991 πάθος
1885 1929 1935 1980 οἱ

351 2020 714 2084 πάλαι’κύνες
745 2021 832 2074 διά
857 2021 958 2090 τῆς
982 2020 1218 2084 πίστεως
1239 2023 1320 2085 είς
1347 2021 1446 2091 τὴν
1475 2021 1608 2074 υἱῶν
1639 2019 1938 2092 μεταϐεϐή-

349 2129 480 2166 κασι
503 2111 653 2177 τάξιν
672 2130 685 2143 ·
721 2115 768 2166 οί
795 2111 852 2166 δὲ
879 2112 1047 2166 πάλαι
1079 2111 1178 2184 τὴν
1207 2111 1316 2165 τῶν
1347 2110 1478 2164 υἱῶν
1506 2111 1802 2182 ἐσχηκότες
1833 2127 1936 2181 κη-

347 2203 622 2274 δεμονίαν,
653 2202 750 2274 τὴν
796 2202 975 2256 κυνῶν
1027 2202 1396 2274 προσηγορίαν
1434 2200 1702 2265 ἐδέξαντο,
1732 2200 1828 2254 ἅτε
1871 2199 1936 2266 δὴ

351 2295 529 2350 κυνῶν
576 2295 733 2367 δίκην
783 2292 924 2348 κατὰ
955 2293 1046 2348 τοῦ
1081 2295 1351 2348 Δεσπότου
1384 2293 1765 2364 λυττήσαντες.
1803 2291 1939 2363 Περὶ

348 2387 555 2442 τούτων
574 2389 603 2441 ό
625 2386 894 2459 μακάριος
923 2385 1136 2448 Παῦλος
1171 2384 1301 2456 βοᾷο
1334 2383 1530 2438 Βλέπε
1559 2383 1704 2450 τοὺς
1725 2385 1932 2449 κύνας·

343 2481 609 2548 ,βλέπετε
641 2479 784 2546 τοὺς
815 2477 1042 2544 κακοὺς
1072 2476 1323 2548 ἐργάτας
1342 2493 1356 2506 ·
1400 2475 1663 2541 βλέπετε
1696 2475 1812 2544 τὴν
1836 2491 1939 2528 κα-

349 2571 633 2642 τατομήν.
655 2573 713 2625 ’Θ
745 2571 928 2643 μέντοι
973 2570 1309 2641 προφητικδς
1347 2569 1506 2639 λόγος
1562 2569 1734 2633 κύνας
1770 2585 1939 2641 προσ-

348 2663 656 2736 αγορεύσας
687 2662 824 2734 ἔφη’
868 2660 1191 2731 Συναγωγὴ
1235 2657 1729 2730 πονηρευομένων
1774 2675 1936 2728 περι-

348 2756 544 2826 ἐσχον
550 2773 647 2826 με·
674 2753 914 2822 ὤρυξαν
935 2753 1138 2823 χεῖράς
1157 2771 1277 2822 μου
1309 2753 1406 2806 καὶ
1434 2752 1622 2819 πόδας
1639 2770 1779 2823 μου,
1801 2752 1939 2821 ἐξη-

341 2850 652 2919 ρίθμησαν
683 2848 880 2902 πάντα
915 2847 986 2902 τὰ
1019 2845 1170 2902 ὀστᾶ
1193 2865 1331 2917 μου.
1363 2847 1474 2900 Καὶ
1499 2844 1658 2900 τοῦτο
1693 2845 1751 2899 δὲ
1783 2845 1938 2919 δῆλόν

349 2945 466 2996 ἐστι
500 2941 596 2995 καὶ
622 2941 793 3010 σαφὲς
815 2941 1042 3002 καὶτοῖς
1068 2939 1190 2992 λίαν
1217 2937 1642 3008 φιλονεικοῦσιν·
1669 2936 1938 3008 ἀκούομεν

349 3034 461 3107 γὰρ
485 3037 542 3088 ὲν
563 3037 676 3098 τοῖς
699 3035 862 3105 ἱεροῖς
886 3030 1238 3101 Εύαγγελίοις
1269 3029 1435 3083 αὑτοῦ
1457 3028 1550 3083 τοῦ
1575 3029 1780 3100 Κυρίου
1803 3028 1941 3102 πρὸς

349 3125 479 3189 τοὺς
507 3124 696 3194 ἁγίους
732 3121 897 3177 αὑτοῦ
935 3121 1185 3190 λέγοντος
1220 3120 1466 3192 μαθητάς
1485 3136 1500 3150 ’
1532 3119 1794 3174 Βλέπετε
1833 3121 1940 3186 τὰς

350 3215 556 3288 χεῖράς
590 3233 729 3285 μου,
759 3214 856 3269 καὶ
885 3212 1028 3279 τοὺς
1054 3211 1264 3278 πόδας,
1295 3211 1384 3264 ὅτι
1413 3210 1598 3276 αὐτὸς
1639 3208 1756 3281 ἐγώ
1797 3212 1935 3280 εὶμι.
1966 3201 2009 3259 C

353 3307 465 3361 Καὶ
501 3305 682 3378 μέντοι
703 3305 798 3359 κα)⁵
828 3303 906 3370 τῷ
928 3302 1099 3374 Θωμᾷ
1119 3301 1226 3354 τῶν
1253 3300 1396 3372 ἥλων
1417 3302 1543 3356 τοὺς
1579 3299 1785 3364 τύπους
1829 3300 1935 3354 ὑπ-

351 3396 542 3464 έδειξε,
578 3396 672 3451 καὶ
703 3394 800 3466 τὴν
833 3394 940 3448 ἀπὸ
963 3393 1060 3464 τῆς
1078 3392 1277 3463 λόγχης
1303 3391 1538 3464 πληγήψ
1567 3391 1688 3445 τότε
1719 3391 1776 3444 δὲ
1804 3390 1940 3458 ἐξη-

345 3489 657 3559 ρίθμησαν
692 3483 889 3540 πάντα
931 3483 1003 3538 τὰ
1051 3481 1204 3537 ὀστᾶ
1243 3501 1364 3552 μου
1389 3499 1402 3513 °
1455 3481 1756 3550 τουτέστιν,
1795 3479 1940 3534 οὕτω

352 3579 616 3634 διέτειναν
645 3575 1064 3650 προσηλοῦντες,
1097 3572 1237 3627 ὥστε
1267 3572 1448 3646 ῥᾴδιον
1475 3569 1612 3626 εἶναι
1646 3572 1724 3644 τῷ
1757 3572 1940 3644 βουλο-

357 3673 506 3744 μένῳ
543 3671 636 3726 καὶ
667 3669 757 3723 τὸν
799 3667 908 3722 τῶν
937 3665 1109 3730 ὀστῶν
1146 3665 1377 3738 ἀριθμὸν
1418 3665 1733 3733 διαγνῶναι.
1762 3663 1940 3717 Αὐτοὶ

355 3763 425 3817 δὲ
450 3763 827 3831 κατενόησαν
851 3759 951 3814 καὶ
974 3757 1216 3812 ἐπεῖδόν
1237 3775 1313 3827 με
1333 3774 1346 3786 ο
1387 3757 1508 3810 ἀντὶ
1549 3755 1641 3810 τοῦ
1672 3755 1938 3809 ἐπιτωθά-

359 3856 544 3922 ζοντες
595 3856 689 3910 καὶ
737 3853 1036 3924 γελῶντες·
1081 3849 1432 3920 Διεμέρισαν
1482 3848 1553 3903 τὰ
1596 3846 1795 3918 ἱμάτιά
1821 3865 1942 3916 μου

358 3948 612 4015 ἑαυτοῖς,
639 3947 737 4002 καὶ
781 3946 881 4000 ἐπὶ
926 3945 1034 4000 τὸν
1070 3942 1390 4014 ἱματισμὸν
1425 3941 1648 3996 ἔϐαλον
1689 3940 1939 4009 κλῆρον·

359 4040 456 4094 καὶ
501 4039 658 4093 τοῦτο
705 4037 762 4092 δὲ
812 4037 1140 4108 σαφέστερον
1179 4037 1213 4108 ἡ
1254 4033 1361 4088 τῶν
1410 4031 1572 4104 ίερῶν
1599 4031 1944 4100 Εὐαγγελίων

361 4131 572 4204 ίστορία
600 4130 861 4186 διδάσκει.

433 4228 497 4280 Ol
525 4225 879 4296 φοϐούμενοι
906 4222 1011 4276 τὸν
1047 4220 1212 4286 Θεὸν,
1229 4218 1508 4274 αὶνέσατε
1535 4217 1750 4271 αὐτόν’
1783 4215 1946 4270 ἅπαν

357 4316 428 4374 τὸ
472 4316 709 4386 σπέρμα
743 4315 960 4380 Ἰακὼϐ,
983 4313 1283 4379 δοξάσατε
1326 4311 1546 4365 αὐτόν·
1597 4306 1945 4378 90061162110)-

358 4427 482 4466 σαν
519 4409 706 4464 αὑτὸν
742 4407 904 4462 ἅπαν
944 4406 1010 4460 τὸ
1043 4403 1283 4474 σπέρμα
1323 4399 1579 4470 Ἰσραήλ.
1609 4397 1716 4453 Τοῦ
1749 4399 1947 4462 παντὸς

373 4504 642 4560 Ἰουδαίων
669 4501 854 4564 ἔθνους
878 4501 958 4563 είς
985 4499 1112 4572 τρία
1140 4499 1396 4568 τάγματα
1422 4493 1774 4568 διῃρημένου,
1800 4491 1948 4562 πρῶ-

2039 1938 2134 1991 bus
2171 1939 2236 1990 ".
2279 1935 2534 1989 Attamen
2585 1940 2710 2004 post
2767 1933 3102 2002 passionem,
3133 1933 3226 2000 qui
3279 1929 3412 1985 olim
3452 1943 3622 1985 canes

2039 2029 2276 2092 fuerant,
2301 2043 2399 2097 per
2424 2026 2584 2081 Iidem
2617 2027 2673 2080 in
2700 2025 2934 2079 ﬁliorum
2962 2021 3336 2078 conditionem
3365 2021 3618 2078 translati

2039 2128 2208 2176 sunt:
2241 2134 2306 2173 ac
2327 2117 2422 2189 qui
2452 2117 2582 2172 olim
2631 2117 2867 2171 ﬁliorum
2911 2115 3034 2170 loco
3073 2113 3246 2185 probe
3287 2112 3472 2168 educti
3505 2113 3621 2166 fite-

2037 2218 2182 2275 rant,
2208 2225 2408 2264 canum
2435 2223 2631 2265 nomen
2666 2207 2847 2277 adepti
2888 2216 3036 2271 sunt,
3065 2213 3254 2276 utpote
3275 2203 3392 2276 qui,
3421 2217 3618 2259 canum

2040 2306 2234 2368 instar,
2268 2310 2462 2358 contra
2501 2300 2794 2356 Dominum
2845 2299 3026 2354 rabidi
3072 2297 3299 2353 iuerint.
3337 2295 3415 2351 De
3447 2296 3516 2351 iis
3545 2294 3628 2348 ita

2039 2395 2241 2450 clamat
2264 2393 2506 2447 Paulus:
2547 2390 2678 2445 Vide
2711 2407 2887 2452 canes.
2922 2388 3089 2444 videte
3118 2389 3287 2442 malos
3325 2386 3619 2456 operarios,

2039 2486 2205 2540 videte
2256 2484 2614 2539 concisionem
2651 2483 2718 2536 ¹³.
2766 2479 3130 2550 Propheticus
3191 2480 3377 2549 itaque
3437 2492 3620 2532 sermo

2039 2586 2330 2651 postquam
2351 2590 2519 2631 canes
2540 2575 2776 2640 vocavit,
2805 2573 2881 2627 ita
2911 2574 3176 2642 loquitur,
3197 2569 3480 2641 Synagoga
3506 2585 3620 2622 ma-

2039 2671 2360 2742 lignantium
2415 2667 2616 2724 obsedit
2664 2682 2787 2720 me:
2847 2665 3094 2736 foderunt
3151 2679 3340 2718 manus
3385 2679 3529 2716 meas
3569 2672 3621 2716 ct

2039 2763 2194 2834 pedes
2226 2779 2390 2827 meos,
2419 2762 2883 2816 diuumeraverunt
2914 2759 3095 2813 omnia
3131 2774 3256 2812 ossa
3293 2772 3427 2810 mea.
3465 2754 3620 2821 Quoi

2040 2854 2265 2926 quidem
2304 2855 2516 2907 clarum
2568 2859 2623 2908 et
2678 2857 2928 2922 apertum
2963 2849 3050 2904 vel
3097 2846 3622 2903 contentiosioribns

2043 2946 2228 3002 fuerit.
2254 2945 2390 3000 Nam
2441 2945 2498 2999 in
2549 2943 2724 3000 sacris
2770 2941 3082 3012 Evangeliis
3116 2941 3295 3010 ipsum
3329 2938 3622 2994 Dominum

2042 3039 2299 3095 audimus
2333 3045 2557 3094 sanctos
2587 3035 2890 3105 discipulos
2926 3047 3060 3088 suos
3101 3033 3184 3088 sic
3215 3032 3619 3102 alloquentem:

2053 3131 2234 3188 Videte
2277 3147 2468 3185 manus
2518 3146 2662 3184 meas
2695 3138 2741 3182 et
2775 3126 2928 3194 pedes
2963 3141 3140 3190 meos,
3185 3125 3311 3195 quia
3361 3139 3455 3194 ego
3513 3123 3624 3192 ipse

2041 3242 2160 3281 sum
2191 3224 2257 3276 “.
2295 3222 2512 3278 Atenim
2547 3219 2652 3290 ipsi
2705 3217 2930 3273 Thomas
2959 3217 3238 3270 clavorum
3273 3214 3501 3286 vestigia
3531 3231 3620 3269 os-

2041 3316 2238 3381 tendit,
2300 3328 2516 3370 necnon
2567 3309 2834 3366 inllictum
2880 3325 2910 3362 a
2964 3309 3155 3364 lancea
3195 3307 3417 3362 vulnus.
3466 3303 3623 3360 Tunc

2042 3425 2226 3482 porro,
2245 3407 2706 3462 dinumerarerunt
2735 3402 2911 3457 omnia
2937 3417 3060 3456 ossa
3088 3417 3223 3467 mea,
3245 3397 3522 3460 videlicet,
3547 3395 3622 3449 ita

2039 3502 2430 3564 extenderunt,
2465 3498 2595 3553 dum
2640 3511 2727 3550 me
2759 3495 2931 3549 clavis
2962 3493 3276 3563 alligerent,
3309 3496 3370 3543 ut
3402 3486 3624 3544 cuilibet

2042 3595 2248 3651 volenti
2283 3593 2495 3649 ossium
2554 3602 2845 3644 numerum
2887 3593 3207 3657 computare
3253 3585 3462 3639 liceret.
3510 3579 3624 3650 Ipsi

2041 3705 2160 3743 vero
2195 3684 2661 3740 consideraverunt
2684 3691 2734 3736 et
2759 3681 3096 3748 inspexerunt
3128 3693 3229 3738 me,
3263 3674 3314 3729 id
3346 3682 3451 3740 est,
3494 3673 3622 3727 illu—

2043 3787 2237 3836 serunt
2264 3787 2430 3849 atque
2467 3776 2799 3841 irriserunt;
2829 3773 3122 3826 diviserunt
3165 3768 3268 3821 sibi
3317 3766 3626 3821 vestimenta

2044 3889 2181 3936 mea,
2213 3881 2262 3924 et
2305 3885 2460 3938 super
2488 3876 2678 3922 vestem
2727 3881 2898 3919 meam
2929 3863 3180 3917 miserunt
3221 3869 3437 3926 sortem,
3477 3857 3623 3928 quod

2044 3963 2290 4034 apertius
2351 3966 2574 4016 enarrat
2634 3970 2920 4014 sacrorum
2984 3950 3402 4022 Evangeliorum
3455 3947 3625 4004 histo-

2046 4058 2148 4111 ria.

2118 4211 2285 4267 Vens.
2309 4209 2401 4275 24,
2430 4207 2522 4264 9.5.
2549 4205 2654 4273 Qui
2681 4203 2872 4259 timetis
2899 4201 3204 4266 Dominum,
3237 4197 3454 4258 laudate
3475 4211 3628 4250 eum:

2046 4307 2344 4371 universum
2377 4317 2551 4357 semen
2571 4295 2762 4362 Iacob,
2795 4295 3090 4366 gloriﬁcate
3118 4308 3266 4347 eum:
3300 4291 3482 4344 timeat
3509 4303 3628 4342 eunt

2048 4417 2200 4456 omne
2227 4414 2402 4462 semen
2449 4391 2644 4448 Israel.
2680 4391 2818 4446 Cum
2863 4386 3178 4442 Judzeorum
3231 4383 3382 4438 natio
3414 4389 3527 4435 tres
3572 4381 3626 4433 in

2049 4492 2273 4548 ordines
2320 4487 2615 4543 distributa
2661 4483 2756 4545 sit,
2809 4481 2986 4551 primo
3030 4477 3240 4533 scilicet
3286 4475 3341 4530 in
3388 4471 3627 4527 inﬁmam

356 4615 452 4652 ιτον
485 4597 584 4669 μὲν
620 4597 698 4660 εἰς
727 4595 787 4647 τὸ
811 4593 990 4648 κοινὸν
1021 4566 1225 4662 πλῆθος
1255 4566 1352 4642 τοῦ
1409 4566 1615 4650 ἔθνους,
1642 4586 1780 4656 ὅπερ
1819 4585 1941 4638 ὲκα·

2055 4586 2232 4669 gentis
2263 4583 2498 4654 plebem,
2541 4593 2662 4650 qua:
2701 4575 3002 4632 vocabatur
3044 4569 3245 4638 Israel;
3293 4567 3535 4625 secundo
3575 4566 3629 4618 in

358 4688 507 4744 λεῖτο
559 4683 795 4760 Ἰσραήλ⁴
829 4683 1020 4737 ἔπειτα
1055 4684 1133 4746 εἰς
1173 4681 1236 4734 τὸ
1267 4676 1558 4752 ἱερατικὸν,
1592 4677 1730 4748 ὅπερ
1766 4671 1834 4748 ἦν
1867 4671 1947 4728 οἷ-

361 4802 456 4849 κος
500 4780 731 4854 Ἀαρὼν,
762 4779 855 4833 καῖ⁹
896 4778 1075 4849 τρίτον
1120 4775 1200 4838 είς
1235 4772 1296 4826 τὸ
1322 4770 1430 4825 τῶν
1465 4768 1655 4841 ἱερέων
1689 4769 1950 4840 ὑπηρετι-

362 4877 478 4938 κὸν,
513 4876 652 4945 ὅπερ
677 4869 744 4942 ἦν
769 4867 916 4934 οἶκος
946 4869 1099 4924 Λευῖ.
1127 4865 1207 4920 Τά
1242 4865 1368 4938 τρία
1395 4860 1948 4934 καταριθμησάμενος

359 4966 549 5038 ἕτερος
574 4964 808 5036 ψαλμὺς,
837 4963 1024 5034 ἓτερον
1053 4960 1242 5030 τάγμα
1264 4957 1526 5028 τέταρτον
1553 4953 1706 5026 παρὰ
1727 4952 1795 5006 τά
1819 4969 1946 5024 προ-

365 5058 628 5130 ειρημένα
659 5056 891 5123 εἰσάγει,
922 5052 984 5106 τὸ
1040 5050 1148 5106 τῶν
1198 5047 1546 5121 φοϐουμένων
1585 5045 1676 5098 τὸν
1721 5041 1944 5115 Κύριον.

367 5152 536 5206 Τοῦτο
571 5151 629 5204 δὲ
673 5145 740 5221 ἦν
782 5146 842 5201 τὺ
875 5145 935 5211 ἐξ
965 5145 1138 5200 ἐθνῶν
1167 5144 1260 5196 ἐπὶ
1290 5142 1380 5196 τὸν
1423 5139 1556 5194 Θεὸν
1593 5137 1949 5209 ἐπιστρεφόν-

367 5244 645 5313 των.¹Ἑφη
671 5241 802 5312 γάρ’
821 5236 995 5304 Οἶκος
1023 5236 1284 5306 Ἰσραὴλ,
1306 5229 1680 5302 εὐλογήσατε
1706 5231 1814 5283 τὸν
1839 5230 1948 5283 K1}-

359 5352 522 5405 ριον·
558 5335 760 5405 ὁμοίως
797 5332 856 5386 δὲ
896 5331 992 5384 καὶ
1035 5325 1181 5392 οἶκος
1221 5324 1448 5398 Ἀαρὼν,
1479 5323 1574 5378 καὶ
1603 5319 1751 5387 οἶκος
1781 5322 1948 5376 Λευῖ⁸

2055 4655 2449 4752 sacerdotalem
2504 4668 2787 4732 ordinem',
2820 4681 2942 4736 qua:
3000 4671 3120 4718 erat
3173 4660 3368 4716 domus
3418 4658 3631 4719 Aaron;

2055 4750 2230 4824 tertio
2251 4769 2306 4822 in
2359 4764 2705 4822 sacerdotum
2740 4759 3048 4818 ministros,
3101 4769 3222 4824 quae
3267 4759 3386 4808 erat
3435 4750 3636 4805 domus

2055 4860 2184 4916 Levi
2211 4879 2224 4914 :
2251 4865 2538 4928 postquam
2558 4854 2666 4908 tria
2701 4853 2790 4907 illa
2820 4866 3020 4924 genera
3051 4849 3190 4901 alius
3214 4847 3459 4916 psalmus
3489 4857 3627 4897 cnu-

2055 4953 2315 5015 meravit,
2367 4951 2535 5005 alium
2595 4946 2685 5000 hic
2743 4943 3022 5016 praedictis
3078 4947 3332 5011 quartum
3383 4935 3634 4992 ordinem

2055 5044 2292 5114 adjecit,
2332 5040 2584 5096 videlicet
2656 5035 2967 5090 timentium
3017 5031 3332 5086 Dominum.
3398 5025 3636 5094 Eratque

2055 5136 2148 5192 ille
2175 5151 2242 5190 ex
2296 5131 2591 5204 gentilibus
2620 5127 2688 5182 ad
2735 5125 2908 5180 Deum
2966 5120 3250 5178 conversis
3279 5117 3635 5173 constitutus.

2057 5229 2146 5284 Ait
2169 5227 2408 5299 quippe:
2454 5223 2650 5277 Domus
2690 5218 2888 5282 Israel,
2931 5215 3216 5272 benedirile
3253 5209 3638 5272 Dominum”;

2061 5321 2446 5388 similiterque,
2473 5315 2669 5370 domus
2697 5313 2883 5366 Aaron
2915 5317 2970 5363 et
3001 5308 3198 5362 domus
3230 5304 3356 5360 Levi
3383 5321 3396 5358 :
3439 5302 3494 5356 in
3534 5299 3640 5354 line

369 5390 462 5482 iul.
494 5390 634 5480 τέλει
665 5426 720 5479 δὲ
742 5390 800 5479 οἱ
827 5423 1148 5496 φοϐούμενοι
1165 5390 1266 5474 τὸν
1293 5390 1515 5490 Κύριον.
1534 5415 1671 5468 Ἀλλ’
1697 5417 1753 5470 ὲν
1781 5413 1941 5485 τούτιξ

2061 5411 2281 5468 tandem
2323 5410 2580 5464 timentes
2630 5403 2924 5459 Dominum
2964 5397 3226 5454 annectit.
3285 5394 3393 5450 Sed
3438 5395 3496 5448 in
3545 5390 3641 5444 illo

371 5519 471 5591 μὲν
502 5520 893 5591 προετάττοντο
919 5515 1027 5570 τῶν
1069 5512 1418 5584 φοϐουμένων
1450 5508 1540 5562 τὸν
1572 5507 1775 5579 Κύριον
1812 5507 1861 5560 oi
1891 5505 1941 5558 ἐι

2062 5501 2282 5575 quidem
2314 5499 2548 5571 psalmo,
2582 5497 2675 5566 qui
2711 5510 2778 5549 ex
2807 5493 2971 5548 domo
3005 5488 3222 5545 Israelis
3259 5494 3408 5551 sunt,
3443 5485 3643 5536 timen-

366 5582 462 5666 τοῦ
497 5582 714 5683 Ἰσραήλ
733 5627 745 5640 '
770 5607 1004 5664 ἐνταῦθα.
1025 5582 1089 5662 δὲ-
1115 5582 1253 5677 μετά
1278 5605 1377 5675 τὴν
1403 5601 1700 5657 ἀνάστασιν
1725 5597 1819 5652 τοῦ
1852 5598 1941 5650 Σω

2062 5595 2210 5652 tibus
2267 5591 2556 5648 Dominum
2613 5588 3049 5659 praemittuntur;
3104 5582 3194 5637 hic
3243 5585 3472 5640 contra,
3516 5583 3642 5647 post

447 5795 489 5827 ιι
532 5793 721 5850 Matth.
761 5808 947 5860 xxvii,
978 5792 1072 5848 25.
1151 5793 1193 5824 ¹¹
1235 5788 1422 5846 Matth.
1464 5803 1560 5853 xv,
1595 5786 1685 5841 ΞΒ.
1765 5785 1807 5818 ¹³
1848 5782 1941 5838 Phi

2042 5796 2080 5849 φ.
2121 5794 2218 5843 ιιι,
2251 5775 2304 5836 2.
2386 5775 2428 5809 ιδ
2466 5774 2601 5830 Luc.
2640 5788 2804 5837 xxiv,
2839 5768 2929 5826 59.
3008 5767 3049 5800 "
3092 5764 3236 5820 Psal.
3278 5775 3514 5828 exntv,
3555 5757 3645 5822 19,.
