4122 6454
444 329 547 388 ΞΗ

1134 327 1404 385 susse"
1435 322 1911 381 cesamsusrs
1949 320 2094 378 ore.
2131 297 2329 414 rebs
2362 306 2458 371 ιιι.
2488 314 2985 377 Nummos.

3590 314 3702 370 212

448 443 754 503 Salvatoris
790 441 1270 510 resurrectionem,
1306 441 1491 500 lsraeli
1528 449 1937 512 anteponuntur
1975 439 2012 494 ii

2143 435 2281 510 ἦρος
2312 423 2709 510 προτάττονται
2763 434 2859 489 τοῦ
2896 433 3114 507 Ἰσραὴλ
3156 434 3207 488 οἱ
3258 429 3575 501 φοϐούμενοι
3610 431 3705 485 τὸν

447 538 543 608 qui
570 536 766 591 timent
794 533 1108 589 Dominum.
1127 533 1260 588 Nam
1286 534 1413 604 quia
1450 534 1566 604 ipse
1599 532 1810 588 dixerat
1842 535 2019 601 (vers.

448 629 586 699 25):
616 626 867 682 Narrabo
890 643 1078 681 nomen
1105 635 1252 679 tuum
1292 624 1550 694 fratribus
1585 625 1735 687 meis,
1769 624 1825 677 in
1855 622 2026 677 medio

450 719 706 775 Ecclesia
728 717 957 773 laudabo
987 727 1053 782 te,
1092 710 1346 787 'oportuit
1386 716 1563 787 primo
1608 714 1869 771 Ecclesiae
1915 730 2030 770 suae

451 812 668 883 populis
725 810 990 883 hymnum
1038 808 1316 864 attribui:
1375 807 1542 878 hique
1598 815 1756 863 erant
1800 806 2031 877 gentiles

452 903 628 974 ipsius
656 916 761 972 ope
795 902 1027 957 salutem
1074 899 1244 955 nacti.
1273 900 1423 966 Quos
1458 898 1545 954 his
1569 899 1749 954 verbis
1784 896 2027 963 adnotat,

452 996 561 1063 Qui
596 995 792 1050 timetis
824 993 1133 1056 Dominum,
1162 992 1379 1047 laudate
1404 1009 1544 1046 eum.
1585 992 1757 1061 Atque
1785 991 2033 1061 apposite

452 1087 748 1144 admodum
776 1086 1040 1141 fratribus
1076 1100 1141 1140 ac
1165 1085 1457 1155 discipulis
1496 1084 1635 1149 suis,
1672 1090 1859 1153 utpote
1892 1098 2033 1153 prae-

454 1181 820 1237 stantioribus
864 1194 930 1234 ac
963 1180 1164 1233 virtute
1198 1179 1404 1247 majore
1452 1178 1717 1248 praeditis,
1749 1187 2034 1247 paternum

452 1287 652 1327 nomen
685 1280 1070 1326 enarraturum
1103 1285 1163 1325 se
1199 1270 1519 1339 pollicetur;
1554 1276 1608 1323 at
1639 1267 1898 1323 Ecclesiae
1923 1282 2037 1321 sua:

454 1364 750 1434 populique
786 1363 1125 1417 multitudini
1172 1376 1517 1432 nequaquam
1566 1368 1856 1432 paternum
1902 1360 2034 1415 illud

451 1471 653 1512 nomen
713 1455 929 1511 tradit:
989 1470 1101 1510 non
1150 1455 1296 1511 enim
1353 1453 1435 1508 illi
1501 1451 1819 1524 recipiendo
1877 1467 2038 1523 pares

452 1556 660 1603 erant:
713 1547 807 1603 sed
869 1548 1131 1619 hymnum
1163 1546 1357 1601 edocet
1401 1546 1560 1613 illos;
1602 1546 1801 1602 deinde
1849 1559 2037 1600 semen

450 1636 623 1694 Jacob
653 1639 811 1709 jubet
844 1638 940 1693 Dei
985 1638 1215 1707 gloriam
1252 1637 1596 1708 praedicare;
1628 1637 2042 1707 secundumque

452 1729 705 1785 ordinem
735 1730 889 1785 illum
936 1728 1225 1785 Iudaicum
1259 1729 1569 1795 constituit,
1617 1729 1877 1784 nimirum
1918 1740 2043 1799 post

2123 527 2519 603 Κύριον.Ἔδει
2547 529 2677 600 γάρ,
2709 527 2990 600 εἰρηκότος
3015 525 3179 581 αὐτοῦ
3199 541 3216 557 ⁵
3249 523 3613 595 Διηγήσομαι
3638 524 3709 580 τὸ

2128 624 2316 694 ὄνομά
2354 639 2470 678 σου
2506 622 2632 688 τοῖς
2669 620 2954 690 ἀδελφοῖς
2982 637 3126 691 μου,
3151 620 3223 674 ἐν
3253 617 3421 689 μέσῳ
3460 620 3711 687 Ἐκκλη-

2129 719 2269 784 σίας
2294 717 2546 787 ὑμνήσω
2576 730 2683 770 σε·
2717 714 2808 768 τὸν
2853 712 3021 784 ὕμνον
3062 712 3298 784 πρώτοις
3339 709 3710 784 παραδοθῆναι

2129 810 2242 872 τοῖς
2269 809 2369 881 τῆς
2395 807 2720 879 Ἐκκλησίας
2749 803 2937 859 αὐτοῦ.
2956 797 3115 860 Οὗτοι
3145 805 3204 859 δέ
3224 800 3365 877 ἦσαν
3387 806 3437 858 οἱ
3459 802 3525 869 ἐξ·
3540 802 3712 857 ἐθνῶν

2131 899 2198 953 δι’
2225 900 2387 954 αὐτὸν
2434 899 2800 969 σεσωσμένον
2850 896 2944 962 οὓς
2986 898 3051 970 δὴ
3095 897 3348 969 σημαίνει
3392 897 3599 966 λέγων·
3646 900 3711 952 Ol

2132 993 2487 1062 φοϐούμενοι
2536 991 2646 1046 τὸν
2690 992 2933 1059 Κύριον,
2956 992 3234 1046 αίνέσατε
3261 990 3467 1044 αὐτόν.
3499 988 3714 1061 Σφόδρα

2132 1084 2375 1157 ἀκριϐῶς
2400 1084 2514 1148 τοῖς
2556 1084 2655 1155 μὲν
2697 1082 2892 1137 ἑαυτοῦ
2934 1081 3182 1151 ἀδελφοῖς
3217 1082 3310 1135 καὶ
3360 1080 3629 1152 μαθηταῖς
3652 1082 3714 1136 τδ

2132 1181 2302 1252 ὖνομα
2331 1178 2633 1251 διηγεῖσθαι
2675 1179 2736 1232 τὸ
2770 1177 3056 1250 πατρικὸν,
3089 1178 3164 1241 ὡς
3198 1175 3266 1230 ἂν
3305 1174 3576 1248 κρείττοσι
3620 1175 3718 1230 καὶ

2133 1273 2543 1346 δυνατωτέροις,
2573 1271 2997 1342 ἐπαγγέλλεταιο
3030 1271 3124 1323 ἐπὶ
3153 1271 3209 1324 δέ
3255 1270 3355 1342 τῆς
3393 1268 3717 1341 Ἑκκλησίας

2136 1364 2302 1419 αὑτοῦ
2344 1368 2437 1420 καὶ
2469 1364 2562 1419 τοῦ
2591 1365 2830 1437 πλήθους
2856 1364 2950 1418 τοῦ
2979 1362 3108 1417 λαοῦ
3133 1362 3318 1416 οὐκέτι
3358 1362 3419 1416 τὸ
3451 1363 3717 1435 πατρικὸν

2136 1459 2308 1529 ὄνομα
2332 1457 2698 1530 παραδίδωσιν
2715 1474 2732 1490 ο
2759 1457 2821 1511 οὐ
2851 1456 2959 1529 γάρ
2986 1456 3225 1527 ἐχώρουν
3253 1449 3398 1510 οὗτοι
3417 1470 3431 1484 ⁸
3460 1453 3627 1527 ὕμνον
3658 1454 3719 1509 δὲ

2139 1552 2334 1614 αὐτοὺς
2373 1550 2644 1605 διδάσκει·
2676 1550 2865 1605 ἔπειτα
2888 1549 2968 1621 τῷ
3013 1549 3286 1621 σπέρματι
3314 1547 3509 1601 Ἰακὼϐ
3542 1565 3620 1621 πρ
3652 1565 3718 1602 σ-

2137 1644 2321 1698 τάττει
2379 1643 2622 1709 δοξάζειν
2669 1644 2855 1710 αὑτὸν,
2905 1643 3159 1715 δεύτερον
3206 1642 3390 1713 τάγμα
3437 1641 3608 1705 τιθεὶς
3650 1640 3715 1697 τδ

2156 1737 2464 1803 Ἰουδαϊκὸν,
2503 1737 2641 1809 μετὰ
2667 1738 2759 1791 τὸν
2794 1735 2855 1802 ἐξ
2890 1736 3056 1791 ἐθνῶν
3081 1735 3211 1790 λαόν
3229 1751 3243 1764 ·
3282 1733 3377 1798 οὒς
3405 1735 3498 1788 καὶ
3522 1733 3724 1805 ὀνομά-

454 1821 712 1892 gcntilem
749 1821 1033 1893 populum.
1061 1820 1211 1886 Quos
1238 1820 1459 1891 quidem
1492 1819 1712 1875 Judzeos
1741 1834 1851 1874 non
1871 1795 2040 1875 Jacob

2147 1827 2227 1892 ζει
2273 1828 2372 1880 οὐκ
2415 1795 2630 1891 Ἰακὼϐ,
2663 1826 2801 1881 ἀλλὰ
2837 1795 3070 1898 ’σπέρμα
3114 1823 3308 1879 Ἰακὼϐ
3345 1795 3442 1878 καὶ
3483 1795 3723 1899 Ἰσραὴλ,

455 1915 691 1985 appellat
717 1931 732 1981 ;
761 1915 858 1970 sed
896 1930 1082 1971 semen
1111 1912 1305 1969 Jacobi
1341 1923 1396 1968 et
1432 1912 1691 1968 lsraelis:
1721 1912 1888 1983 idque
1916 1927 1947 1967 e
1985 1927 2045 1967 re

452 2012 510 2062 et
534 2015 813 2071 accurate,
836 2013 1060 2076 propter
1081 2020 1271 2059 eorum
1304 2020 1368 2061 ex
1402 2005 1717 2076 patriarcha
1753 2005 2040 2076 originem.

455 2096 576 2153 Non
609 2100 757 2154 enim
802 2099 873 2154 ob
918 2106 1205 2169 paternum
1254 2098 1389 2153 illud
1433 2098 1711 2162 studium,
1748 2112 1925 2167 neque
1972 2095 2044 2152 ob

462 2188 702 2260 aliquam
727 2204 854 2244 cum
882 2195 1040 2259 patre
1071 2203 1174 2243 suo
1214 2187 1654 2253 similitudinem,
1692 2187 1847 2259 digni
1887 2195 2045 2242 erant

456 2280 549 2351 qui
612 2277 785 2337 Jacoh
829 2287 1303 2349 nuncuparentur,
1340 2277 1440 2333 sed
1495 2278 1723 2335 seminis
1776 2292 1942 2334 causa
1989 2277 2044 2332 id

457 2371 701 2429 nominis
734 2371 1141 2427 sortiebantur:
1189 2370 1452 2438 Quoniam
1491 2387 1595 2426 non
1643 2371 1834 2442 sprevit
1884 2387 2044 2442 neque

457 2464 697 2535 despexit
730 2462 1150 2532 deprecationem
1180 2464 1466 2534 pauperis:
1505 2480 1599 2518 nec
1631 2464 1822 2518 avertit
1854 2462 2045 2531 faciem

459 2572 616 2611 suam
660 2572 694 2609 a
738 2571 851 2622 me,
886 2564 937 2609 et
984 2570 1102 2608 cum
1142 2553 1432 2610 clamarem
1487 2554 1559 2607 ad
1608 2570 1728 2609 eum
1776 2552 2044 2609 exaudivit

461 2664 564 2707 me.

539 2739 705 2797 Vens.
733 2740 827 2807 26,
858 2741 949 2798 27.
994 2741 1168 2798 Edent
1197 2759 1451 2814 pauperes
1478 2753 1528 2800 et
1557 2740 1965 2806 saturabuntur,
1992 2750 2043 2796 et

461 2835 759 2891 laudabunt
786 2835 1073 2891 Dominum
1109 2838 1199 2908 qui
1232 2838 1505 2909 requirunt
1545 2852 1686 2901 eum,
1719 2837 1889 2890 vivent
1928 2850 2046 2889 cor-

2147 1919 2351 1992 σφόδρα
2385 1917 2629 1992 ἀκριϐῶς
2655 1918 2744 1973 διὰ
2770 1918 2869 1991 τὴν
2899 1920 2963 1972 ἐκ
2996 1917 3090 1972 τοῦ
3118 1917 3456 1990 πατριάρχου
3484 1917 3719 1989 γένεσιν.

2145 2012 2220 2064 Οὐ
2248 2011 2355 2083 γάρ
2375 2011 2463 2066 διά
2486 2012 2577 2065 τὸν
2607 2008 2767 2083 ζῆλον
2784 2011 2876 2065 τὸν
2902 2011 3187 2084 πατρικὸν,
3206 2012 3328 2066 οὐδέ
3354 2011 3442 2064 διὰ
3464 2009 3561 2083 τὴν
3587 2009 3727 2083 πρδς

2143 2104 2235 2157 τὸν
2281 2104 2493 2176 πατέρα
2541 2104 2799 2176 ὁμοίωσιν
2842 2105 2979 2170 ἄξιοι
3003 2102 3145 2178 ἦσαν
3170 2103 3465 2175 κεκλῆσθαι
3505 2104 3723 2168 Ἰακὼϐ,

2144 2196 2279 2251 ἀλλὰ
2316 2197 2411 2251 τοῦ
2461 2198 2775 2269 σπέρματος
2801 2199 2985 2253 ἐνεκεν
3009 2198 3198 2252 τοῦτον
3237 2195 3601 2271 ἐχρημάτιζον
3632 2197 3727 2251 τὸν

2143 2290 2375 2361 τρόπον·
2415 2291 2533 2343 Ὅτι
2562 2293 2675 2345 οὐκ
2707 2290 3117 2356 ἐξουδένωσεν
3166 2289 3308 2346 οὐδὲ
3348 2287 3727 2360 προσώχθισε

2146 2381 2220 2451 τῇ
2244 2381 2447 2449 δεήσει
2470 2383 2576 2437 τοῦ
2600 2384 2839 2455 πτωχοῦ
2856 2403 2869 2416 -
2905 2383 3048 2438 οὐδὲ
3074 2383 3419 2454 ἀπέστρεψε
3440 2382 3506 2437 τὸ
3539 2383 3727 2451 πρόσ-

2144 2488 2309 2530 ωπον
2338 2477 2523 2531 αὐτοῦ
2564 2476 2665 2531 ἀπ’
2688 2477 2856 2548 ἐμοῦ,
2897 2478 2995 2532 καί
3026 2478 3097 2533 ἐν
3138 2475 3219 2544 τῷ
3263 2474 3619 2549 κεκραγέναι
3647 2492 3728 2546 με

2144 2568 2296 2640 πρὸς
2326 2569 2515 2626 αὐτὸν
2543 2569 2872 2638 είσήκουσέ
2897 2588 3037 2642 μου.

2214 2748 2507 2820 Φάγοντιιι
2566 2748 2821 2819 πένητες
2863 2749 2960 2804 καὶ
3011 2746 3580 2819 ἐμπλησθήσονται,
3627 2747 3729 2803 και

2143 2838 2459 2894 αίνέσουσι
2493 2840 2714 2908 Κύριον
2761 2842 2815 2894 oi
2851 2837 3241 2909 ἐκζητοῦντες
3287 2839 3495 2906 αὑτὸν,
3524 2834 3732 2908 ζήσον-

460 2925 533 2983 da
558 2943 742 2983 eorum
786 2928 840 2982 in
874 2928 1129 2983 naculum
1163 2929 1368 2984 saeculi.
1421 2926 1521 2983 Hic
1553 2927 1709 2990 dicit,
1766 2925 1957 2989 edent;
1986 2924 2040 2979 in

2143 2948 2237 2986 ται
2267 2934 2327 2985 αι
2358 2931 2591 3001 καρδίαι
2617 2929 2818 2986 αὐτῶν
2848 2933 2936 2999 είς
2963 2931 3150 2985 αἰῶνα
3185 2928 3420 2998 αἰῶνος.
3463 2928 3731 2985 Ἐνταῦθα

461 3019 822 3090 sequentibus
876 3035 1004 3076 vero
1037 3061 1052 3087 ,
1104 3020 1555 3076 manducaverunt
1596 3029 1645 3075 et
1694 3018 2040 3073 adoraverunt

2147 3023 2248 3095 μέν
2288 3040 2422 3095 φησι
2451 3022 2742 3095 φάγονται
2762 3040 2777 3055 ο
2831 3022 3183 3087 ὑποκαταϐὰς
3232 3022 3311 3089 δὲ,
3338 3024 3583 3094 ἔφαγον,
3631 3021 3731 3077 καὶ

462 3127 642 3166 omnes
668 3112 885 3183 pingues
910 3122 1086 3169 terra.
1124 3110 1231 3169 Sed
1270 3111 1310 3166 ii
1361 3118 1653 3183 postquam
1702 3109 2040 3166 manducaue-

2150 3116 2619 3185 προσεκύνησαν
2640 3114 2864 3181 πάντες
2888 3118 2943 3169 οἱ
2963 3116 3170 3182 πίονες
3192 3113 3303 3184 τῆς
3329 3114 3461 3186 γῆς.
3479 3115 3618 3170 Ἀλλ’
3640 3115 3730 3170 ὅτε

463 3211 610 3266 runt,
648 3201 879 3274 pingues
914 3202 1091 3258 οπεοιί
1131 3209 1282 3265 sunt,
1323 3204 1419 3273 qui
1473 3210 1768 3272 antequam
1801 3200 2040 3266 ederent,

2156 3208 2255 3279 μὲν
2279 3209 2524 3279 ἔφατον,
2554 3207 2736 3284 πίονες
2768 3206 3014 3277 ἐγένοντο
3030 3226 3046 3239 ·
3071 3208 3178 3280 πρὸ
3206 3206 3262 3261 δὲ
3286 3206 3379 3261 τοῦ
3413 3210 3605 3277 φαγεῖν
3634 3208 3732 3262 πέ-

466 3310 738 3367 pauperes
766 3297 1137 3356 vocabantur,
1179 3311 1318 3366 quos
1358 3296 1651 3366 pollicetur
1701 3296 1826 3350 cibo
1874 3295 1943 3350 ab
1987 3310 2040 3351 se

2152 3319 2310 3374 νητες
2341 3298 2716 3373 ὠνομάὲξοναιτο⁸
2743 3299 2837 3365 οὒς
2866 3299 3264 3370 ἐπαγγέλλεται
3292 3301 3491 3372 βρώσει
3524 3302 3733 3373 χρήσα-

465 3386 887 3443 subministrato
937 3402 1137 3444 usuros
1182 3402 1328 3442 esse.
1383 3386 1599 3452 Edent,
1650 3386 1864 3456 inquit,
1912 3402 2046 3455 pau-

464 3493 634 3549 peres.
670 3477 736 3532 lii
758 3493 928 3551 porro
957 3488 1117 3534 erant
1150 3494 1288 3550 quos
1327 3479 1382 3534 in
1417 3477 1848 3535 heatitudinibus
1886 3487 2046 3533 caete.

466 3571 547 3628 ris
578 3573 844 3642 praeponit
895 3571 1123 3627 dicens:
1160 3571 1315 3626 Beati
1360 3587 1614 3641 pauperes
1653 3571 1877 3639 spiritu,
1916 3587 2048 3640 quo-

465 3664 611 3718 niam
647 3664 884 3733 ipsorum
915 3674 994 3719 est
1025 3681 1241 3735 regnum
1268 3664 1522 3718 ccelorum
1542 3663 1586 3695 "
1612 3681 1624 3717 :
1655 3663 1857 3734 quibus
1881 3663 2045 3718 etiam

466 3771 531 3811 ea
564 3756 838 3827 promittit
866 3771 988 3827 quae
1026 3771 1152 3812 mox
1193 3756 1568 3827 adjiciuntur:
1605 3756 1762 3811 Beati
1796 3756 1887 3826 qui
1927 3771 2047 3810 esu-

468 3850 617 3903 riunt
657 3858 708 3903 et
740 3849 930 3903 sitiunt
963 3848 1267 3919 justitiam,
1299 3850 1550 3920 quoniam
1592 3849 1696 3919 ipsi
1724 3848 2048 3903 saturabun-

471 3952 559 3997 tur
582 3942 647 3997 ".
680 3940 979 4013 Postquam
1005 3949 1209 4008 autem,
1245 3942 1343 4007 ait,
1378 3942 1721 3999 comederint
1755 3957 2043 4013 pauperes,

470 4049 535 4089 ac
567 4033 691 4089 cibo
738 4032 950 4104 repleti,
984 4034 1121 4095 sive.
1169 4043 1229 4091 ut
1258 4034 1335 4088 ait
1389 4033 1786 4107 Symmachus,
1817 4037 2049 4090 saturati

470 4125 712 4192 fuerint,
765 4135 894 4181 tunc
945 4127 1241 4183 laudabunt
1287 4126 1573 4188 Dominum
1637 4128 1727 4199 qui
1778 4129 2047 4201 requirunt

467 4235 624 4277 eum:
656 4234 721 4273 ac
741 4220 922 4274 cibum
955 4219 1059 4274 sibi
1093 4219 1159 4273 ab
1200 4219 1319 4289 ipso
1348 4219 1824 4279 subministratum
1860 4234 2045 4275 come-

469 4315 667 4369 dentes
695 4320 749 4368 et
782 4313 1126 4383 requirentes
1158 4312 1361 4383 ipsum,
1393 4326 1592 4383 magno
1617 4312 1730 4375 illo,
1763 4312 1857 4382 qui
1886 4311 2045 4368 dein—

470 4420 602 4476 ceps
637 4404 990 4469 declaratur,
1050 4403 1231 4458 fructu
1288 4403 1606 4474 potientur:
1661 4418 1820 4469 nam,
1879 4405 2048 4458 virent

470 4496 635 4553 corda
681 4513 865 4552 eorum
911 4498 965 4551 in
1014 4496 1268 4551 naculum
1299 4496 1501 4552 sceculi.
1558 4495 1839 4567 Siquidem
1888 4497 2048 4567 panis

2155 3392 2276 3446 σθαι
2312 3396 2377 3465 τῇ
2415 3393 2506 3446 ὑπ’
2534 3390 2699 3447 αὑτοῦ
2747 3390 3254 3467 χορηγηθησομένῃ.
3283 3390 3571 3461 Φάτονται
3598 3389 3732 3462 γάρ,

2153 3484 2307 3555 φησὶ,
2346 3482 2619 3551 πένητες.
2649 3474 2808 3537 Οὗτοι
2838 3481 2894 3535 δὲ
2924 3477 3065 3553 ἦσαν
3097 3480 3190 3546 οὒς
3213 3481 3307 3534 καὶ
3331 3482 3388 3535 ἐν
3413 3484 3525 3545 τοῖς
3554 3497 3734 3552 μακα-

2157 3578 2367 3648 ρισμοῖς
2392 3577 2681 3647 προτάττει
2707 3575 2815 3628 τῶν
2839 3574 3040 3628 λοιπῶν
3065 3575 3290 3643 φάσκων
3307 3589 3319 3601 ·
3355 3573 3645 3643 Μακάριοι
3674 3576 3730 3627 οἱ

2154 3672 2375 3741 πτωχοὶ
2396 3671 2476 3738 τῷ
2500 3672 2813 3740 πνεύματι,
2852 3668 2941 3723 ὅτι
2964 3668 3163 3724 αὐτῶν
3200 3670 3374 3723 ἐστιν
3394 3671 3431 3738 ἡ
3445 3668 3735 3733 ,βασιλεία

2152 3761 2271 3817 τῶν
2292 3763 2591 3832 ούρανῶν’
2619 3757 2701 3826 οἷς
2738 3761 2920 3816 καὶτὰ
2958 3759 3086 3831 ἑξῆς
3118 3759 3482 3832 ἐπηγγείλατο
3522 3757 3695 3828 λέγων
3716 3773 3731 3788 ’

2152 3854 2440 3924 Μακάριοι
2465 3858 2519 3909 οἱ
2552 3852 2873 3920 πεινῶντες
2905 3854 3006 3907 καὶ
3036 3851 3332 3922 διψῶντες
3365 3850 3481 3919 τὴν
3514 3849 3738 3904 δικαιο-

2152 3949 2375 4017 σύνην,
2405 3947 2495 4000 ὅτι
2522 3946 2690 4001 αὐτοὶ
2713 3944 3251 4015 χορτασθήσονται.
3269 3940 3518 3997 Ἐπειδὰν
3544 3942 3601 3995 δὲ
3629 3941 3735 4011 φά-

2152 4055 2312 4108 γωσι,
2340 4040 2526 4110 φησιν,
2555 4040 2605 4092 οἱ
2639 4038 2889 4110 πένητες,
2916 4037 3012 4091 καὶ
3040 4037 3306 4106 φαγόντες
3327 4033 3733 4107 ἐμπλησθῶσιν,

2153 4130 2186 4203 ἢ
2219 4129 2613 4199 κορεσθῶσιν,
2645 4130 2786 4184 κατὰ
2814 4129 2906 4183 τὸν
2933 4128 3250 4201 Σύμμαχον,
3271 4127 3392 4180 τότε
3418 4124 3735 4181 αίνέσουσι

2152 4223 2371 4291 Κύριον
2413 4221 2799 4291 ἑκζτητοῦντες
2842 4221 3060 4277 αὐτόν’
3107 4219 3372 4291 φαγόντες
3417 4217 3475 4272 δὲ
3509 4217 3609 4289 τὴν
3642 4218 3733 4270 ὑπ’

2153 4312 2319 4368 αὑτοῦ
2351 4313 2598 4368 δοθεῖσαν
2618 4314 2802 4377 αὐτοῖς
2829 4312 3054 4386 βρῶσιν,
3074 4313 3167 4365 καὶ
3187 4311 3522 4383 ζητήσαντες
3549 4306 3731 4373 αὐτὸν,

2157 4407 2332 4480 μέγαν
2370 4405 2550 4471 ἕξουσι
2582 4405 2796 4477 καρπὸν
2825 4404 2921 4457 τὸν
2956 4403 3083 4474 ἐξῆς
3113 4401 3471 4475 δηλούμενον·
3501 4398 3734 4467 Ζήσον-

2153 4482 2245 4554 ται
2270 4499 2375 4572 γὰρ
2402 4502 2461 4552 αἱ
2487 4497 2720 4566 καρδίαι
2745 4493 2946 4551 αὐτῶν
2968 4497 3056 4561 είς
3081 4492 3267 4556 αἰῶνα
3286 4490 3524 4557 αἰῶνος.
3541 4489 3601 4545 '0
3625 4489 3735 4562 γάρ

472 4591 565 4646 ille
589 4589 734 4652 vitae,
764 4590 834 4644 ab
862 4592 982 4660 ipso
1029 4589 1288 4655 traditus,
1332 4589 1758 4644 immortalitatis
1805 4596 2040 4645 aeternae-

2155 4592 2319 4665 ἄρτος
2349 4590 2517 4661 ζωῆς,
2549 4592 2577 4643 ὁ
2605 4590 2696 4643 ὑπ’
2747 4586 2912 4642 αὐτοῦ
2964 4584 3294 4658 χορηγηθεὶς
3336 4583 3538 4648 αὐτοῖς,
3564 4581 3735 4646 αἴτιος

472 4699 580 4767 que
615 4682 739 4738 vita:
783 4690 975 4737 auctor
1016 4683 1152 4753 ipsis
1201 4682 1420 4739 futurus
1441 4689 1557 4749 est;
1588 4679 2040 4752 quemadmodum

2154 4670 2336 4749 αὐτοῖς
2384 4683 2536 4737 ἐσται
2594 4680 2896 4743 ἀθανασίας
2938 4679 3032 4732 καὶ
3061 4675 3206 4747 ζωῆς
3243 4674 3459 4731 αἰωνίου
3480 4715 3496 4740 ,
3549 4672 3733 4737 καθὼς

472 4761 591 4853 ipse
620 4774 809 4831 docuit
863 4776 949 4832 his
981 4776 1200 4833 verbis:
1240 4775 1353 4847 Ego
1397 4791 1513 4830 sum
1553 4775 1707 4840 panis
1749 4775 1904 4838 vim,
1957 4774 2040 4842 qui

2152 4769 2387 4839 ἐδίδαξεν
2400 4770 2561 4833 αὐτὸς
2577 4767 2745 4823 εἰπών
2761 4784 2774 4798 ·
2808 4764 2956 4838 Ἐγώ
2967 4769 3083 4837 ειμι
3096 4769 3129 4820 ό
3142 4765 3320 4835 ἄρτος
3334 4761 3482 4834 ζωῆς
3505 4766 3539 4818 ό
3556 4779 3734 4817 κατα-

471 4868 741 4931 descendit
755 4867 819 4925 de
850 4868 1001 4934 cwlo,
1031 4879 1083 4924 et
1106 4870 1197 4942 qui
1222 4868 1316 4923 dat
1333 4873 1494 4926 vitam
1514 4868 1710 4925 mundo
1734 4869 1777 4901 ⁸⁸
1797 4883 1816 4921 :
1856 4876 1913 4921 et
1954 4868 2040 4922 ite-

2151 4865 2372 4919 ϐαίνων
2383 4864 2452 4917 ἐκ
2466 4863 2573 4947 τοᾷ
2586 4859 2865 4930 ούρανοῦ,
2885 4859 2983 4913 καὶ
2995 4856 3199 4925 διδοὺς
3219 4856 3372 4927 ζωὴν
3391 4855 3472 4923 τῷ
3485 4857 3690 4947 κόσμῳ
3712 4873 3725 4887 ⁸

473 4974 638 5015 rum:
676 4958 738 5023 Si
771 4960 888 5040 quis
928 4958 1328 5014 manducauerit
1360 4975 1426 5014 ea:
1480 4976 1615 5029 pane
1658 4974 1793 5021 meo,
1825 4958 1953 5011 vivet
1997 4958 2040 5010 ii.

2150 4958 2244 5011 καὶ
2277 4954 2440 5010 πάλιν
2457 4971 2472 4986 ·
2521 4946 2665 5008 Ἐάν
2686 4970 2778 5019 τις
2804 4951 2965 5022 φάγῃ
2990 4951 3060 5005 ἐκ
3099 4948 3205 5004 τοῦ
3230 4949 3377 5019 ἐμοῦ
3403 4947 3609 5018 ἄρτου,
3632 4946 3730 5014 ζή-

474 5060 729 5107 wtcrnum
754 5054 820 5117 ¹’,
842 5063 897 5109 ει
927 5061 1144 5110 caetera.
1180 5051 1373 5108 Viden‘
1411 5068 1520 5123 quo
1552 5060 1711 5121 pacto
1763 5051 1878 5105 haec
1923 5064 2040 5104 cont

2152 5064 2323 5103 σεται
2359 5050 2447 5113 είς
2489 5045 2596 5100 τὸν
2622 5043 2828 5113 αἰῶνα,
2861 5044 2956 5098 καὶ
2981 5042 3050 5096 τὰ
3077 5042 3224 5115 ἐξῆς.
3239 5039 3406 5114 Ὁρᾷς
3431 5041 3578 5104 ὅπως
3606 5057 3733 5095 συν-

474 5141 665 5199 cinaut
712 5157 839 5207 cum
896 5142 984 5199 his
1026 5144 1224 5218 psalmi
1263 5145 1482 5212 verbis,
1508 5142 1679 5197 Edent
1712 5157 1961 5211 pauperes
2007 5158 2040 5195 e.

2154 5141 2267 5215 άδει
2299 5138 2473 5195 ταῦτα
2509 5137 2586 5209 τῷ
2610 5137 2870 5207 φάσκοντι
2898 5134 3097 5206 ψαλμῷ
3113 5147 3129 5162 ⁸
3161 5132 3452 5203 Φὰγονται
3477 5132 3731 5200 πένητες

476 5235 894 5303 saturabuntur;
929 5244 1017 5307 et,
1060 5238 1232 5301 vivent
1282 5236 1443 5298 corda
1485 5252 1665 5291 eorum
1705 5237 1759 5290 in
1802 5234 2040 5289 saxulum

2160 5233 2262 5291 καὶ
2279 5232 2815 5305 ἐμπλησθήσονται
2834 5244 2848 5259 ·
2879 5226 3273 5299 καὶ,ζήσονται
3299 5230 3358 5282 ai
3379 5226 3610 5296 καρδίαι
3632 5226 3733 5279 αὐ-

478 5330 661 5396 σανεαιὶ
677 5333 704 5387 7
2160 5327 2279 5382 τῶν
2305 5329 2393 5393 εὶς
2421 5324 2605 5380 αιῶνα
2624 5322 2840 5389 αἰῶνος
2855 5338 2875 5387 ;

553 5421 716 5480 Vitas.
756 5423 855 5489 28,
895 5424 985 5483 29.
1032 5424 1446 5485 Reminiscentur
1491 5433 1540 5477 et
1581 5430 1939 5477 convertentur
1986 5435 2040 5473 aa

2229 5418 2700 5488 Μνησθήσονται
2728 5415 2827 5470 καὶ
2848 5412 3399 5485 ἐπιστραφήσονται
3431 5410 3583 5479 πρὸς
3607 5410 3725 5466 Κύ-

481 5513 764 5579 Dominum
802 5516 1028 5572 universi
1054 5517 1183 5593 ﬁnes
1230 5525 1405 5579 terrm,
1440 5524 1490 5568 et
1520 5511 1815 5567 adorabunt
1847 5512 1902 5565 in
1930 5527 2040 5565 con-

2152 5525 2288 5578 ριον
2327 5506 2524 5562 πάντα
2568 5505 2639 5561 τὰ
2668 5505 2892 5574 πέρατα
2917 5504 3028 5574 τῆς
3059 5504 3191 5577 γῆς,
3237 5502 3333 5557 καὶ
3380 5502 3729 5570 προσκυνή-

482 5616 659 5681 tpcctu
694 5607 808 5676 ejus
836 5609 1088 5665 universa:
1128 5607 1349 5678 familiw
1377 5607 1624 5677 gentium.
1657 5602 1919 5669 Quoniam
1950 5602 2040 5657 Do-

2161 5617 2384 5657 σουσιν
2434 5600 2689 5657 ἐνώπιον
2737 5598 2921 5655 αὐτοῦ
2972 5596 3160 5655 πᾶσαι
3204 5597 3265 5649 αἱ
3321 5593 3557 5667 πατριαὶ
3616 5593 3731 5650 τῶν

559 5790 603 5830 ⁸⁸
635 5787 824 5853 Matth.
859 5805 911 5858 ν,
936 5791 991 5851 ‘5.
1070 5790 1111 5823 ίτ
1152 5789 1281 5848 ibid.
1318 5788 1373 5855 ϐ.
1454 5790 1497 5823 ¹⁸
1534 5784 1691 5849 Joan.
1726 5801 1817 5857 v1,
1852 5786 1938 5843 55.
2018 5783 2063 5823 “
2100 5782 2234 5841 ibid.
2274 5782 2363 5840 59.
