4128 6434
364 294 469 350 213

1459 296 1954 354 COMMENTARIA
1992 296 2060 353 ΙΝ
2110 296 2448 354 PSALMOS.

3514 303 3618 357 2H

362 413 578 468 ἐθνῶν.
621 413 758 469 Ὅτι
791 414 892 470 τοῦ
916 417 1134 484 Κυρίου
1173 392 1567 485 digerenda,
1612 418 1709 472 καί
1753 417 1936 484 αὐτὸς

2046 417 2169 470 mini
2211 427 2289 470 est
2329 432 2562 487 regnum,
2597 425 2646 471 et
2700 417 2807 485 ipse
2851 415 3159 473 dominatur
3200 417 3448 488 gentium.
3483 417 3616 472 Nam

361 503 647 566 demtth
680 507 798 561 τῶν
822 506 1024 563 ἐθνῶν.
1061 507 1164 562 Τοῦ
1197 509 1305 581 γὰρ
1335 510 1602 582 σωτηρίου
1636 509 1812 580 φωτὸς
1837 512 1934 564 αὺ-

360 599 472 662 τοῖς
506 598 947 670 ἐπιλάμψαντος,
972 601 1494 673 ἀναμνησθήσονται,
1519 603 1594 666 ὡς
1628 602 1736 674 ἄρα
1755 598 1822 676 ἦν
1853 621 1938 668 τις

359 689 548 752 αὐτοῖς
581 690 817 762 Κύριος,
840 693 867 745 ὃ
889 709 950 760 γε
998 691 1208 762 ἀληθῶς
1239 697 1348 746 τῶν
1376 693 1512 747 ὅλων
1559 695 1854 767 δεσπότης·
1888 697 1936 750 οἱ

361 781 468 854 γὰρ
494 784 883 854 νενομισμένοι
912 785 1088 848 αὐτοῖς
1104 781 1240 857 ἦσαν
1274 787 1476 858 Κυρίου
1495 805 1508 817 ·
1539 790 1617 852 εἰς
1636 789 1938 860 ἀνάμνησιν

355 873 412 926 δὲ
441 872 704 940 ὲλθόντες
734 877 828 929 τοῦ
864 875 1010 946 σφῶν
1035 877 1310 942 δεσπότου,
1347 880 1432 933 ἐπ’
1467 881 1629 933 αὑτὸν
1659 881 1936 951 καταφεύ-

359 965 578 1032 ξονται·
648 969 744 1022 καὶ
794 970 854 1022 ὃν
906 970 1070 1022 πάλαι
1117 971 1576 1044 ἀπεστράφησαν,
1637 973 1776 1026 κατά
1817 991 1938 1027 τινα

359 1061 572 1133 ἐχθρῶν
609 1062 935 1135 ἐπιϐουλὴν,
969 1063 1153 1117 τοῦτον
1189 1065 1388 1137 Κύριον
1422 1065 1598 1118 αὐτῶν
1637 1066 1765 1120 ὄντα
1815 1069 1935 1120 ἐπιι

354 1153 694 1222 γνώσονται,
728 1156 822 1208 καὶ
856 1158 1351 1228 ἐπιστραφήσονται
1396 1158 1532 1227 πρὸς
1573 1159 1752 1213 αὐτόν.
1799 1157 1936 1210 Ἀλλ’

357 1246 442 1298 ῐνα
481 1247 559 1316 μή
594 1263 686 1311 τις
724 1222 1174 1317 νομίσειεῖίαῢτα
1219 1222 1466 1316 λέγεσθαι
1503 1248 1627 1319 περὶ
1666 1247 1760 1301 τοῦ
1810 1249 1939 1301 Ἰου-

356 1339 522 1392 δαίων
549 1338 764 1404 ἐθνους,
791 1339 1030 1410 ἀκριϐῶς
1055 1342 1084 1392 6
1114 1340 1266 1408 λόγος
1310 1341 1684 1414 προστίθησιν,
1719 1342 1794 1405 ὡς
1830 1341 1938 1412 ἄρα

355 1429 533 1483 ταῦτα
568 1428 991 1502 πληρωθήσεται
1038 1431 1130 1484 ὲπὶ
1165 1431 1342 1485 πάντα
1385 1433 1452 1486 τὰ
1503 1431 1621 1485 καθ’
1668 1432 1797 1503 ὅλης
1837 1433 1937 1503 τῆς

355 1521 698 1594 οἰκουμένης
737 1522 892 1592 ἔθνη·
939 1518 1034 1575 εἴτ’
1075 1524 1496 1596 ἐπιστραφέντες
1539 1526 1591 1578 τί
1626 1525 1938 1595 ποιήσουσιν

359 1613 593 1684 ἐνώπιον
629 1614 796 1668 αὑτοῦ
825 1617 992 1669 πᾶσαι
1015 1617 1070 1670 αἱ
1101 1618 1324 1688 πατριαὶ
1363 1616 1469 1670 τῶν
1503 1616 1700 1670 ἐθνῶν·
1725 1616 1841 1670 ἀνθ’
1875 1611 1937 1668 οὗ

361 1706 665 1778 Σύμμαχος
695 1709 790 1762 καὶ
831 1709 1074 1772 Ἀκύλας,
1113 1709 1298 1764 πᾶσαι
1342 1713 1400 1764 al
1439 1715 1780 1779 συγγένειαι
1824 1708 1940 1763 τῶν

2039 508 2266 565 salutari
2319 509 2524 564 lumine
2568 509 2717 578 ipsos
2757 510 3149 575 collustrante,
3200 509 3620 566 reminiscentur

2040 600 2142 656 sibi
2169 599 2456 656 Dominum
2488 617 2629 666 esse,
2670 603 3051 659 universorum
3097 619 3284 658 revera
3313 603 3622 659 dominato-

2039 707 2154 747 rem
2187 708 2199 742 :
2228 693 2315 746 cui
2346 692 2508 746 etiam
2547 691 2782 762 subjecti
2820 701 2978 749 erant
3027 688 3065 748 ii
3116 695 3208 764 qui
3253 694 3320 749 ab
3363 694 3495 764 ipsis
3523 693 3621 748 do-

2039 783 2173 838 mini
2203 782 2616 852 reputabantur.
2641 783 2777 840 Cum
2807 801 2970 856 porro
2996 785 3209 840 Domini
3237 786 3324 840 sui
3355 787 3621 842 memine-

2038 875 2169 940 rint,
2200 875 2267 928 ad
2302 874 2479 944 ipsum
2509 875 2862 948 confugient:
2895 892 2958 933 ac
2989 895 3148 950 quem
3182 881 3334 943 olim,
3369 879 3622 934 inimico-

2038 983 2160 1023 rum
2209 965 2424 1022 insidiis
2479 967 2881 1035 circumventi,
2934 972 3168 1025 aversati
3224 980 3384 1036 sunt,
3439 971 3617 1040 ipsum

2039 1065 2339 1130 agnoscent
2368 1073 2491 1115 esse
2521 1060 2626 1114 sibi
2652 1059 2960 1128 Dominum,
2996 1072 3158 1132 atque
3184 1063 3249 1118 ad
3282 1063 3462 1132 ipsum
3489 1077 3617 1116 con-

2038 1159 2337 1210 vertentur.
2373 1151 2441 1206 At
2478 1167 2547 1206 ne
2573 1153 2698 1222 quis
2737 1153 3034 1209 arbitretur
3071 1155 3124 1208 id
3163 1155 3230 1210 de
3260 1154 3489 1210 Judaico
3526 1171 3622 1223 po-

2038 1247 2168 1317 pulo
2197 1248 2401 1303 dictum
2422 1290 2437 1314 ,
2466 1246 2714 1316 apposite
2746 1244 3000 1314 adjicitur
3035 1248 3150 1302 inec
3185 1248 3329 1318 apud
3375 1245 3618 1302 universi

2037 1340 2188 1395 orbis
2240 1341 2490 1394 nationes
2523 1336 2798 1408 implenda
2847 1353 2988 1392 esse.
3021 1339 3097 1393 Ac
3129 1338 3327 1394 deinde
3369 1339 3622 1393 enuntia-

2038 1439 2149 1495 tur,
2184 1432 2315 1503 quid
2350 1433 2404 1486 in
2435 1439 2733 1502 conspectu
2765 1431 2885 1502 ejus
2922 1432 3143 1486 factura:
3188 1432 3299 1488 sint
3339 1440 3464 1503 post
3489 1447 3624 1486 con-

2038 1529 2344 1583 versionem
2403 1527 2672 1581 universa:
2729 1525 2950 1579 familia:
3010 1526 3252 1595 gentium
3294 1543 3308 1579 :
3359 1540 3456 1594 pro
3511 1540 3621 1594 quo

2043 1618 2412 1691 Symmachus
2425 1629 2476 1673 et
2498 1618 2714 1689 Aquila,
2735 1619 2989 1673 universa:
3011 1621 3343 1689 cognationes
3364 1619 3618 1689 gentium,

2040 1711 2373 1778 ediderunt,
2415 1719 2470 1767 et
2526 1713 2746 1782 quidem
2804 1711 3096 1767 admodum
3157 1721 3430 1768 accurate.
3490 1712 3624 1778 Quae

356 1799 574 1864 ἐθνῶν,
603 1802 860 1873 εἰρήκασι
906 1801 1106 1872 σφόδρα
1155 1802 1412 1874 ἀκριὸὦς.
1444 1803 1600 1856 Ποῖον
1646 1802 1755 1874 γὰρ
1785 1802 1936 1866 ἔθνος

2046 1804 2236 1860 etenim
2293 1804 2442 1860 natio
2489 1819 2600 1858 non
2653 1804 2866 1874 aliquas
2918 1803 3273 1874 cognationes
3321 1801 3517 1858 habeat
3555 1801 3622 1855 ad

358 1889 478 1960 ὠχὶ
523 1891 849 1959 συγγενείας
891 1891 1002 1962 ἔχει
1039 1892 1462 1963 ἐπιστραφείσας
1510 1893 1645 1964 πρὸς
1689 1893 1778 1946 τὸν
1825 1893 1934 1946 τῶν

358 1981 494 2035 ὅλων
520 1982 697 2047 Θεόν;
730 1982 865 2035 Ποία
891 1983 947 2037 δὲ
996 1982 1234 2053 πόλις,ἢ
1289 1983 1415 2037 ποία
1461 1983 1642 2056 χώρα,
1704 1984 1737 2056 ἢ
1787 1988 1936 2048 ποῖος

359 2074 504 2138 οἶκος
527 2076 636 2129 οὐκ
664 2075 775 2146 ἔχει
796 2076 945 2140 τινὰς
970 2079 1377 2150 ἀφωρισμένως
1410 2078 1502 2132 καὶ
1535 2078 1937 2150 ἐξειλεγμένους

359 2167 438 2239 τῷ
468 2169 632 2239 Θεῷ;
670 2168 794 2233 Πῶς
837 2170 880 2223 δ’
913 2169 1132 2241 ἔμελλον
1167 2171 1511 2225 ἀποτίθεσθαι
1553 2171 1649 2242 μὲν
1683 2172 1781 2242 τὴν
1814 2172 1939 2224 ἐαυ-

359 2263 466 2316 τῶν
506 2262 707 2335 λήθην,
743 2263 1048 2334 ἀνάμνησιν
1085 2263 1140 2318 δὲ
1200 2264 1468 2318 ποιεῖσθαι
1521 2265 1614 2318 τοῦ
1647 2264 1756 2318 τῶν
1801 2265 1938 2319 ὅλων

362 2355 496 2409 Θεοῦ
533 2357 592 2409 αἱ
641 2355 948 2425 συγγένειαι
971 2356 1076 2410 τῶν
1117 2357 1317 2410 ἐθνῶν·
1349 2357 1465 2421 πῶς
1486 2358 1543 2411 δὲ
1586 2358 1937 2430 ἐπιστρέφειν

367 2445 498 2515 πρὸς
525 2445 695 2499 αὑτὸν
723 2446 896 2501 πάντα
915 2447 982 2500 τὰ
1013 2447 1220 2520 πέρατα
1237 2451 1332 2521 τῆς
1360 2449 1482 2520 γῆς,
1510 2450 1751 2520 ἐπιλέγει
1773 2452 1901 2522 ἑξῆς
1921 2469 1934 2484 ·

367 2538 495 2590 Ὀτι
517 2537 632 2592 τοῦ
653 2539 869 2607 Κυρίου
909 2540 946 2607 ή
977 2539 1281 2606 βασιλεία,
1317 2541 1413 2594 καὶ
1456 2543 1638 2608 αὐτὸς
1664 2541 1939 2604 δεσπόζει

365 2625 482 2680 τῶν
509 2627 727 2683 ἐθνῶν.
758 2630 822 2684 Οἱ
850 2629 955 2700 γὰρ
983 2630 1537 2704 πάλαινκρατήσαντες
1563 2633 1814 2704 δαίμονες
1844 2637 1940 2690 καὶ

364 2718 616 2784 διάϐολος
648 2720 1033 2793 κατελύθησαν,
1070 2722 1163 2775 καὶ
1204 2722 1339 2794 μόνη
1373 2725 1405 2794 ή
1453 2723 1546 2777 τοῦ
1588 2724 1679 2778 ἐπὶ
1722 2725 1940 2778 πάντων

371 2810 506 2864 Θεοῦ
539 2811 787 2883 βασιλεία
832 2813 1191 2884 ἐπεκράτησε.
1242 2813 1404 2881 Τάξει
1449 2809 1540 2869 οὖν
1584 2817 1613 2869 6
1645 2814 1801 2885 λόγος
1847 2817 1942 2871 καὶ

375 2903 664 2976 ἀκολουθίᾳ
695 2905 972 2977 κέχρηται,
1011 2905 1222 2977 πρῶτον
1276 2907 1483 2979 φήσας·
1540 2908 1944 2975 Μνησθήσον-

373 3014 486 3060 ται,
511 2993 636 3051 εἶτα
660 2996 933 3069 δεύτερον,
965 2998 1540 3069 ὲπιστραφήσονται,
1589 2999 1685 3053 καὶ
1723 3001 1940 3072 τρίτον,

375 3090 894 3159 προσκυνήσουσι.
943 3090 1124 3146 Ταῦτα
1155 3092 1210 3145 δὲ
1247 3091 1424 3148 πάντα
1456 3092 1631 3158 ἔσται,
1661 3095 1791 3155 ’Ότι
1835 3095 1943 3149 τοῦ

373 3183 604 3251 Κυρίου
653 3186 691 3254 ἠ
735 3184 1020 3249 ,βασιλεία
1043 3222 1058 3248 ,
1106 3186 1202 3240 καὶ
1259 3186 1440 3253 αὐτὸς
1496 3185 1768 3250 δεσπόζει
1823 3186 1943 3242 τῶν

375 3274 590 3330 ἐθνῶν.

444 3367 714 3438 Ἕςεαγον
737 3369 836 3424 καὶ
871 3374 1330 3442 προσεκύνησαν
1373 3373 1594 3443 πάντες
1639 3378 1694 3430 οἱ
1737 3376 1944 3443 πίονες

376 3454 482 3526 τῆς
502 3457 624 3529 τῆς
642 3477 655 3490 ·
701 3459 951 3514 ἐνώπιον
977 3462 1161 3516 αὐτοῦ
1199 3463 1688 3531 προσπεσοῦνται⁴
1723 3462 1945 3528 πάντες

377 3554 432 3605 οι
458 3553 916 3621 καταϐαίνοντες
950 3557 1036 3620 εἰς
1071 3555 1184 3623 τὴν
1209 3553 1340 3626 γῆν.
1382 3558 1491 3611 Kal
1539 3560 1576 3626 ἡ
1617 3557 1787 3627 ψυχή
1826 3575 1944 3632 μου

379 3643 540 3710 αὑτῷ
578 3642 663 3713 ζῇ,
709 3644 803 3698 καί
836 3646 898 3700 τὸ
945 3647 1181 3717 σπέρμα
1227 3667 1346 3719 μου
1397 3649 1713 3705 δουλεύσει
1762 3649 1941 3716 αὐτῷ.

383 3734 542 3789 Ἔστι
569 3737 624 3790 δὲ
660 3737 777 3791 καθ’
817 3738 1047 3810 ἑκάστην
1079 3739 1442 3812 ἀναστάσιμον
1478 3741 1687 3813 ἡμέραν
1717 3741 1808 3794 τοῦ
1833 3742 1946 3793 Σω-

382 3827 548 3899 τῆρος
587 3828 760 3900 ήμῶν,
789 3832 883 3902 τὴν
913 3833 1248 3906 καλουμένην
1285 3836 1550 3909 κυριακὴν
1571 3877 1585 3901 ,
1617 3837 1738 3908 ὄψει
1770 3853 1946 3908 παρα-

381 3916 574 3972 λαϐεῖν
598 3921 721 3984 τοὺς
739 3921 836 3992 τῆς
864 3924 1066 3994 τροφῆς
1091 3925 1188 3996 τῆς
1229 3926 1389 3994 ἁγίας
1427 3929 1522 3981 καὶ
1559 3929 1650 3981 τοῦ
1697 3927 1945 3999 σώματος

384 4009 476 4064 τοῦ
505 4011 771 4083 σωτηρίου
805 4015 1329 4086 μεταλαμὸἀνοντας,
1364 4021 1456 4074 καὶ
1496 4021 1632 4091 μετὰ
1664 4021 1726 4073 τὸ
1756 4023 1948 4090 φαγεῖν

387 4104 818 4173 προσκυνοῦντας
845 4108 932 4160 τὸν
958 4108 1155 4181 δοτῆρα
1174 4113 1264 4166 καὶ
1293 4113 1523 4184 χορηγὸν
1548 4114 1646 4184 τῆς
1683 4113 1945 4177 ζωοποιοῦ

386 4194 616 4266 τροφῆς,
648 4195 913 4269 θαυμάσαι
938 4218 995 4253 τε
1023 4202 1129 4256 τῶν
1157 4203 1327 4273 λόγων
1359 4205 1419 4259 τὸ
1451 4206 1814 4278 ἀποτέλεσμα,
1857 4210 1949 4262 καὶ

389 4287 512 4339 κατ’
547 4287 710 4358 αὐτὴν
739 4289 836 4360 τὴν
880 4292 1164 4364 πρόχειρον
1214 4294 1355 4361 λέξιν
1400 4295 1468 4349 δι’
1511 4295 1685 4367 ἔργων
1717 4296 1951 4370 πληρούι

369 4381 581 4445 δμενον.
617 4377 757 4432 Ἀντὶ
778 4379 833 4432 δὲ
859 4382 952 4435 τοῦ
973 4399 987 4413 ·
1012 4387 1065 4438 ol
1097 4385 1301 4451 πίονες
1317 4383 1427 4453 τῆς
1455 4385 1584 4456 γῆς,
1608 4387 1950 4458 ἡρμήνευσεν

2038 1896 2210 1952 Deum
2263 1898 2644 1952 universorum
2697 1895 3028 1951 conversas?
3061 1894 3194 1961 Quae
3248 1893 3460 1957 civitas,
3502 1894 3624 1963 quis

2040 1989 2218 2055 locus,
2269 2003 2390 2058 quae
2440 1987 2636 2042 domus
2685 2002 2794 2041 non
2843 1987 3128 2056 quospiam
3181 1985 3372 2039 saltem
3425 1983 3624 2037 habent

2039 2078 2151 2133 Deo
2204 2084 2516 2149 segregatos
2557 2085 2610 2132 et
2648 2078 2884 2133 electos?
2929 2077 3050 2143 Quo
3091 2083 3252 2146 pacto
3293 2082 3474 2128 autem
3520 2073 3625 2127 illa:

2040 2173 2393 2242 cognationes
2414 2171 2654 2241 gentium
2687 2170 3017 2225 oblivionem
3048 2169 3194 2224 illam
3227 2182 3380 2223 suam
3409 2165 3627 2237 deposi-

2039 2271 2176 2320 tura:
2206 2265 2338 2329 sint,
2368 2276 2420 2320 et
2445 2264 2812 2320 recordaturae
2841 2263 3012 2318 Deum
3044 2263 3457 2328 universorum;
3490 2274 3630 2329 quo-

2040 2358 2204 2414 modo
2231 2358 2359 2414 item
2384 2357 2738 2414 convertendi
2777 2355 2844 2410 ad
2890 2372 3017 2412 eum
3059 2356 3171 2412 sint
3213 2353 3453 2410 universi
3488 2352 3626 2408 lines

2040 2460 2235 2520 terrm;
2267 2452 2369 2507 sub
2412 2452 2529 2506 haec
2577 2452 2811 2522 explicat
2843 2451 2929 2507 bis
2967 2450 3149 2505 Verbis
3180 2468 3194 2504 :
3225 2449 3474 2521 quoniam
3514 2448 3628 2504 Dc-

2043 2546 2174 2598 mini
2211 2554 2289 2600 est
2328 2560 2562 2616 regnum,
2606 2554 2656 2599 et
2702 2545 2810 2614 ipse
2855 2544 3164 2598 dominatur
3193 2541 3446 2612 gentium.
3488 2539 3626 2595 Nam

2042 2637 2135 2707 qui
2168 2637 2298 2692 olim
2334 2637 2634 2693 dominium
2668 2637 2987 2693 obtinebant
3013 2636 3288 2690 daemones
3316 2640 3480 2704 atque
3511 2632 3629 2686 dia-

2041 2730 2225 2797 bolus,
2253 2730 2369 2800 jam
2401 2731 2646 2802 abrOgati
2695 2737 2858 2794 sunt;
2901 2744 2965 2785 ac
3016 2729 3192 2784 solum
3231 2727 3476 2782 omnium
3516 2723 3626 2780 Do-

2043 2823 2179 2878 mini
2203 2822 2296 2879 Dei
2322 2839 2551 2895 regnum
2575 2823 2738 2894 viget.
2771 2821 2974 2878 Ordine
3007 2822 3175 2893 igitur
3200 2835 3264 2876 ac
3284 2833 3630 2890 consequen-

2044 2914 2122 2969 tia
2151 2930 2332 2970 sermo
2374 2922 2617 2981 constat;
2651 2929 2788 2969 nam
2810 2930 2934 2970 cum
2971 2915 3146 2984 primo
3176 2911 3424 2976 dixisset,
3463 2910 3627 2964 remi-

2045 3007 2343 3072 niscentur;
2400 3005 2678 3073 secundo,
2731 3015 3133 3070 convertentur;
3191 3004 3352 3060 tertio
3407 3003 3644 3058 demum:

2046 3099 2254 3171 adjicit,
2288 3098 2606 3154 adorabunt.
2641 3097 2768 3153 Haec
2798 3113 2963 3168 porro
2996 3097 3178 3152 omnia
3205 3095 3476 3160 evenient,
3507 3109 3632 3162 qua-

2045 3192 2192 3249 niam
2224 3190 2437 3248 Domini
2467 3199 2544 3248 est
2574 3205 2812 3262 regnum,
2838 3197 2888 3243 et
2916 3189 3023 3257 ipse
3046 3187 3352 3242 dominatur
3373 3184 3626 3257 gentium.

2115 3369 2282 3428 Vens.
2319 3369 2410 3436 50,
2448 3371 2536 3424 51.
2577 3368 3028 3424 Manducaverunt
3053 3375 3100 3420 et
3139 3363 3487 3420 adoraverunt
3518 3379 3632 3417 om-

2045 3481 2134 3519 nes
2165 3464 2380 3534 pingues
2415 3471 2600 3526 teme;
2637 3461 2692 3514 in
2739 3467 3015 3528 conspectu
3063 3456 3177 3524 eius
3221 3453 3407 3508 cadent
3454 3470 3632 3509 omnes

2044 3556 2134 3626 qui
2158 3553 2476 3610 descendunt
2504 3554 2560 3608 in
2592 3560 2806 3608 terram.
2837 3549 2915 3606 Et.
2934 3551 3115 3619 anima
3145 3564 3259 3602 mea
3291 3547 3375 3600 illi
3407 3547 3549 3609 vivit,
3583 3554 3631 3598 et

2045 3665 2217 3703 semen
2269 3663 2441 3700 meum
2495 3646 2679 3700 serviet
2721 3645 2841 3714 ipsi.
2911 3640 3154 3712 Singulis
3213 3637 3632 3693 resurrectionis

2000 3757 2006 3763 ·
2049 3737 2350 3792 Salvatoris
2384 3737 2557 3792 nostri
2596 3735 2808 3796 diebus,
2844 3747 2965 3803 quae
3011 3729 3304 3785 Dominicaa
3336 3735 3624 3787 vocantur,

2046 3831 2182 3905 ipsis
2215 3831 2387 3888 oculis
2435 3846 2658 3888 cernere
2705 3836 2789 3884 est
2840 3843 2935 3881 eos
2980 3824 3074 3895 qui
3117 3836 3335 3878 sacrum
3368 3819 3550 3874 cibum
3576 3828 3629 3873 et

2048 3926 2284 3981 salutare
2309 3940 2508 3994 corpus
2533 3920 2829 3992 accipiunt,
2863 3925 2986 3988 post
3017 3915 3193 3986 ipsum
3237 3927 3412 3977 esum,
3430 3909 3632 3965 viviﬁci

2048 4016 2296 4073 alimenti
2332 4017 2644 4087 largitorem
2680 4020 2734 4068 et
2771 4025 3021 4082 promum
3059 4007 3309 4070 adorare,
3343 4012 3504 4075 atque
3533 4006 3634 4058 mi-

2049 4106 2161 4161 rari
2181 4105 2470 4162 verborum
2491 4102 2803 4174 hujusmodi
2825 4112 3098 4161 eventum,
3118 4103 3172 4153 et
3193 4111 3251 4151 re
3271 4103 3442 4166 gesta.
3456 4093 3636 4163 quoad

2050 4198 2350 4269 planiorem
2398 4196 2528 4252 dicti
2571 4193 2926 4255 sententiam,
2967 4189 3247 4258 impletum
3294 4185 3633 4242 vaticinium.

2050 4288 2184 4362 Ejus
2213 4298 2393 4346 autem
2412 4291 2555 4354 loco,
2585 4288 2800 4357 pingues
2833 4293 3008 4348 terra,
3036 4277 3636 4350 Symmachus,sagina-

2055 4394 2136 4439 tos
2169 4393 2358 4448 terret,
2415 4382 2807 4451 interpretatus
2851 4383 2955 4432 est.
3001 4373 3206 4444 llisque
3258 4370 3568 4426 indicantur
3600 4368 3636 4422 ii

391 4466 759 4578 ξξύμμαχος,
797 4473 852 4578 pl
894 4475 1128 4543 λιπαροὶ
1164 4475 1274 4544 τῆς
1313 4477 1444 4547 γῆς.
1493 4479 1852 4551 Σημαίνονται
1895 4479 1944 4532 δὲ

2056 4476 2149 4547 qui
2169 4493 2232 4532 ex
2251 4474 2459 4531 caelesti
2482 4474 2628 4535 cibo,
2647 4472 2824 4542 opima
2848 4469 3046 4524 mentis
3071 4465 3389 4521 habitudine
3418 4478 3482 4517 ac
3505 4462 3640 4516 viri-

2062 4571 2076 4578 -
2264 4570 2276 4578 .
2422 4567 2454 4578 .-
2510 4567 2525 4578 -
2559 4566 2574 4578 .
2600 4567 2612 4578 .
2722 4563 2770 4578 ..
3373 4566 3411 4578 _.
3452 4556 3610 4578 ,λη-

389 4556 482 4611 διά
515 4557 714 4613 τούτων
763 4561 813 4613 οί
859 4564 923 4617 ὲκ
966 4564 1063 4634 τῆς
1092 4566 1340 4637 οὐρανίου
1391 4570 1599 4641 τροφῆς
1651 4569 1750 4634 τὰς
1781 4569 1955 4641 ψυχὰς

396 4648 683 4718 εὐτραφεῖς
708 4651 800 4704 καὶ⁵
822 4653 1108 4724 ῥωμαλέοι.
1148 4655 1288 4711 Ἀλλ’
1313 4653 1455 4713 οὗτοι
1487 4661 1584 4732 μὲν
1610 4661 1836 4731 ἔφαγον
1859 4660 1955 4713 καὶ

397 4744 878 4810 προσεκύνησαν.
942 4745 1154 4820 Ἐπειδὴ
1205 4751 1262 4804 δὲ
1314 4751 1408 4805 δεῖ·
1435 4753 1581 4824 αὐτῷ
1628 4752 1751 4808 πᾶν
1803 4755 1952 4824 γόνυ

401 4832 629 4903 κάμψαι
661 4834 1025 4906 ἐπουρανίων
1067 4844 1165 4899 καὶ
1211 4847 1482 4917 ἐπιγείων
1518 4849 1616 4902 καί
1666 4854 1953 4919 καταχθο-

398 4927 566 4989 νίων,
617 4929 836 4992 εἰκότως
871 4932 996 5003 ἑξῆς
1037 4938 1388 4992 ἐπισυνάπτει
1433 4941 1630 5010 λέγων·
1675 4941 1954 4995 Ἐνώπιον

400 5015 587 5069 αὐτοῦ
621 5023 1100 5087 προσπεσοῦνται
1137 5027 1355 5095 πάντες
1402 5034 1456 5085 οἱ
1497 5033 1954 5099 καταϐαίνοντες

405 5109 494 5173 είς
521 5107 666 5177 γῆν·
705 5113 816 5168 ἀνθ’
861 5108 921 5169 οὗ
954 5118 984 5170 6
1033 5119 1129 5189 μὲν
1171 5121 1430 5187 Ἀκύλας·
1487 5128 1591 5192 Εἰς
1635 5129 1958 5196 πρόσωπον

405 5201 590 5255 αὐτοῦ
642 5203 943 5275 seclud-ovat
990 5210 1208 5278 πάντες
1250 5215 1304 5268 ol
1359 5218 1820 5285 καταϐαίνοντες
1873 5222 1959 5286 εἱς
1981 5218 1997 5231 ⁸

414 5294 581 5362 χοῦν,
611 5296 883 5354 ἐκδέδωκε.
913 5302 1099 5372 Σαφῶς
1128 5306 1182 5358 δὲ
1214 5306 1298 5360 διὰ
1329 5309 1530 5364 τούτων
1557 5313 1651 5366 καὶ
1687 5314 1746 5368 τὸ
1775 5314 1961 5386 σχῆμα

412 5387 516 5479 τῶν
540 5388 664 5456 γόνυ
687 5390 967 5479 κλινόντων
1002 5397 1058 5449 ὲν
1082 5401 1146 5468 τῇ
1188 5399 1479 5475 Ἐκκλησία
1516 5403 1608 5457 τοῦ
1653 5405 1789 5460 Θεοῦ
1826 5425 1964 5479 παρ-

420 5477 644 5570 ίσταται,
670 5477 992 5557 ὲνῇγὸνατα
1045 5490 1338 5558 κλίναντες,
1378 5498 1470 5550 καὶ
1501 5497 1569 5550 τὰ
1615 5498 1840 5570 μέτωπα
1886 5477 1964 5564 εἰς

2062 4571 2165 4626 bus
2195 4570 2392 4625 valent.
2421 4567 2527 4624 Sed
2559 4566 2613 4621 hi
2643 4563 2862 4636 quidem
2892 4560 3337 4616 manducaverunt
3362 4566 3411 4610 et
3443 4556 3640 4610 adora-

2062 4673 2263 4718 verunt.
2289 4662 2557 4728 Quoniam
2589 4674 2718 4715 vero
2765 4671 2903 4726 opus
2943 4663 3029 4710 est
3075 4660 3134 4706 ut
3176 4651 3280 4720 ipsi
3327 4666 3476 4704 omne
3508 4665 3640 4720 genu

2057 4757 2304 4826 ﬂectatur
2327 4753 2631 4814 caelestium,
2659 4748 2982 4803 terrestrium
3005 4755 3055 4799 et
3077 4742 3407 4813 infernarum
3429 4741 3497 4805 ’°,
3520 4741 3643 4810 jure

2059 4856 2243 4919 postea
2271 4846 2507 4909 additur,
2554 4844 2611 4897 in
2646 4849 2923 4910 conspectu
2973 4837 3087 4906 ejus
3124 4833 3312 4888 cadent
3345 4850 3522 4887 omnes
3553 4834 3641 4902 qui

2060 4941 2377 4996 descendunt
2410 4941 2465 4992 in
2496 4949 2690 4991 terram
2732 4951 2750 4987 :
2792 4948 2893 5004 pro
2937 4946 3047 5000 quo
3097 4927 3314 4999 Aquila,
3345 4928 3401 4980 in
3443 4924 3642 4979 vultum

2061 5033 2172 5102 ejus
2203 5033 2408 5101 ﬂectent
2448 5045 2502 5082 se
2549 5042 2725 5081 omnes
2762 5023 2851 5094 qui
2901 5017 3218 5075 descendunt
3259 5017 3314 5069 in
3359 5013 3638 5083 pulverem.

2065 5125 2230 5192 Queis
2264 5105 2556 5178 maniieste
2589 5133 2778 5175 eorum
2817 5113 2910 5185 qui
2955 5112 3009 5166 in
3061 5107 3306 5165 Ecclesia
3343 5105 3438 5161 Dei
3466 5117 3640 5174 genua

2066 5191 2293 5272 flectunt
2322 5227 2529 5267 morem
2558 5209 2802 5264 declarat
2833 5223 2845 5258 :
2879 5199 2955 5258 ibi
3002 5201 3148 5257 enim
3194 5211 3370 5269 genua
3419 5191 3643 5246 flecten—

2066 5317 2171 5373 tes,
2203 5314 2367 5377 atque
2409 5302 2681 5359 frontibus
2718 5297 2832 5355 suis
2871 5303 3030 5350 terra:
3069 5290 3469 5347 incumbentes,
3501 5281 3645 5382 hunc

2070 5399 2331 5458 adorandi
2364 5398 2527 5452 ritum
2559 5399 2797 5451 servant.
2828 5385 3032 5443 Deinde
3074 5383 3350 5452 adjicitur.
3384 5385 3433 5431 et
3464 5386 3644 5426 amma

2070 5511 2186 5550 mea
2214 5492 2294 5547 illi
2325 5491 2472 5556 vivit,
2509 5498 2557 5542 et
2588 5501 2760 5542 semen
2796 5497 2965 5536 meum
3005 5477 3189 5534 serviet
3223 5473 3339 5543 ipsi.
3374 5468 3504 5535 Quae
3531 5465 3648 5520 cla-

419 5568 522 5640 γῆν
549 5573 864 5643 ἐρείσαντες,
888 5580 1074 5638 τοῦτον
1113 5591 1432 5659 προσκυνεῖν
1465 5591 1687 5649 εἰώθασι
1721 5593 1812 5649 τὸν
1842 5592 1944 5664 τρό

2070 5590 2188 5647 rius
2256 5581 2617 5658 Symmachus
2666 5580 2780 5636 haec
2837 5577 2969 5648 una;
3002 5571 3261 5642 copulans
3320 5565 3643 5632 interpretm

491 5753 533 5784 ’τ’
573 5751 794 5826 Philipp.
833 5773 900 5824 ιι,
938 5758 1021 5816 10.
