4122 6454
471 346 577 406 219

1138 345 1410 405 susum:
1446 342 1915 404 CESARIENSIS
1944 338 2087 399 ore.
2125 298 2333 397 PARS
2350 331 2467 395 .ut.
2509 341 2583 381 κ
2610 343 3016 408 ngam-1m,

3642 353 3757 410 29.0

543 464 713 523 Vsus.
743 466 799 525 5.
847 464 1076 524 Parasti
1120 468 1178 523 in
1219 476 1500 540 conspectu
1527 482 1642 522 meo
1664 480 1920 530 mensam,
1960 461 2056 519 ad-

2246 456 2607 535 Ήτοίμασας
2639 467 2898 524 ἐνώπιόν
2916 484 3037 542 μου
3070 469 3367 540 τράπεζαν
3403 470 3761 539 ἐξεναντίας

475 574 657 617 ursus
708 576 797 616 eos
840 561 932 632 qui
980 558 1241 616 tribulant
1282 577 1384 615 me.
1439 556 1800 632 Impinguasti
1848 558 1904 612 in
1944 556 2055 613 oleo

477 662 633 723 caput
664 668 874 718 meum,
904 661 955 708 et
983 653 1130 708 calix
1182 662 1304 707 tuus
1340 651 1608 707 imbricus
1641 668 1799 724 quam
1835 650 2061 721 ργασία-

476 762 573 802 rus
600 745 721 802 ess!
759 745 977 802 Norunt
1013 744 1161 802 enim
1201 744 1382 800 oleum
1424 743 1731 815 spirituale,
1755 758 1866 815 quo
1894 751 2061 814 caput

477 854 640 895 suum
691 840 1106 910 impinguatur,
1157 844 1322 909 atque
1373 836 1693 893 ebrietatem
1744 836 1895 891 illam
1940 851 2062 908 qua:

475 928 703 985 roborat
749 944 861 984 non
906 928 1168 995 resolvit,
1199 941 1418 982 necnon
1456 926 1756 998 spiritalem
1789 925 1942 981 illum
1981 925 2062 981 ci-

476 1019 606 1076 bum
635 1036 799 1092 quem
845 1020 1070 1091 apponit
1092 1019 1254 1076 nobis
1301 1019 1394 1076 ille
1425 1019 1519 1090 qui
1553 1018 1621 1073 ad
1655 1018 1896 1089 pastoris
1934 1033 2059 1072 nm-

475 1130 583 1171 nus
618 1114 807 1186 sponsi
845 1112 1219 1170 conditionem
1262 1111 1476 1184 adjicit.
1511 1109 1633 1175 llis,
1670 1111 1869 1182 inquit,
1907 1111 2060 1166 frua-

476 1222 603 1261 mur
637 1206 837 1272 bonis,
886 1214 941 1263 et
982 1204 1345 1279 gaudeamus,
1396 1204 1528 1260 dum
1582 1204 1800 1260 interim
1851 1203 2060 1259 inimici

475 1291 652 1347 nostri
679 1292 867 1349 dolent
907 1308 972 1348 ac
997 1303 1371 1359 macerantur,
1397 1292 1527 1364 quia
1559 1293 1599 1347 ii
1628 1293 1723 1364 qui
1756 1293 1887 1348 olim
1918 1294 2060 1349 servi

474 1393 660 1450 erant,
692 1387 1056 1442 mutationem
1085 1393 1298 1441 tantam
1329 1387 1538 1457 experti
1570 1392 1724 1451 sunt,
1763 1385 2062 1455 impingun-

476 1481 549 1532 sti
586 1479 641 1532 in
671 1477 784 1535 oleo
822 1488 979 1549 caput
1008 1495 1205 1534 meum.

545 1568 715 1626 Vsus.
757 1569 814 1627 6.
878 1569 949 1625 Et
1006 1568 1375 1626 misericordia
1434 1577 1528 1622 tua
1589 1568 1935 1640 subsequetur
1980 1586 2062 1623 me

475 1660 719 1716 omnibus
751 1660 935 1716 diebus
964 1661 1085 1716 vita:
1116 1677 1278 1727 meos,
1322 1670 1372 1715 et
1398 1669 1456 1714 nt
1489 1659 1779 1715 inhabitem
1820 1662 1876 1715 in
1903 1659 2061 1715 domo

480 1751 729 1818 Domini,
772 1752 826 1806 in
868 1751 1252 1822 longitudinem
1295 1752 1523 1807 dierum.
1571 1750 2061 1810 Misericordiae.et

2158 542 2287 607 τῶν
2312 553 2766 630 θλιϐόντωνομε.
2804 562 3134 631 Ἐλίπανας
3165 563 3237 619 ἐν
3273 563 3458 629 ἐλαίῳ
3499 562 3615 633 τὴν
3655 582 3759 620 κε-

2165 646 2374 717 φαλήν
2400 662 2544 717 μου,
2583 648 2685 703 καί
2730 648 2798 703 τὸ
2838 649 3128 719 ποτήριόν
3159 664 3277 705 σου
3319 651 3633 720 μεθύσκον
3673 651 3761 718 ὡς

2165 740 2534 811 κράτιστον]
2567 743 2745 797 Ἴσασι
2779 743 2888 815 γὰρ
2914 744 3009 797 καὶ
3042 742 3105 797 τὸ
3133 742 3500 815 πνευματικὸν
3555 743 3759 810 ἔλαιον,

2165 840 2195 894 ὃ
2220 840 2319 913 τὴν
2367 834 2611 908 κεφαλὴν
2662 834 3000 907 ὲπιάνθησαν
3019 876 3034 902 ,
3083 835 3178 890 καὶ
3209 836 3311 908 τὴν
3358 833 3758 907 κρατύνουσαν,

2166 935 2283 990 ἀλλ’
2314 933 2376 987 ού
2401 930 2726 985 διαλύουσαν
2754 928 2955 1002 μέθην·
2988 929 3083 984 καὶ
3110 929 3213 1002 τὴν
3238 930 3507 1003 μυστικὴν
3521 928 3756 1003 τροφὴν,
3856 998 3869 1009 _

2166 1026 2234 1097 ἢν
2253 1022 2573 1096 προτίθησιν
2596 1023 2727 1093 ἡμῖν
2759 1023 2788 1075 ὁ
2816 1021 2955 1095 πρὸς
2976 1021 3039 1076 τὸ
3070 1022 3381 1094 ποιμαίνειν
3404 1021 3500 1076 καὶ
3520 1021 3760 1095 νυμφίος

2166 1114 2701 1189 γενόμενος.Τούτοις
2714 1113 2873 1186 δὲ,φη
2880 1115 2985 1181 σὶν,
3004 1113 3361 1186 ὲντρυφῶμεν
3379 1118 3493 1178 τοῖς
3503 1114 3763 1187 ἀγαθοῖς,

2164 1204 2274 1259 τῶν
2298 1203 2580 1277 δυσμενῶν
2603 1205 2920 1277 ἁνιωμένων
2948 1205 3042 1260 καὶ
3062 1204 3411 1277 τρυχομένων
3425 1222 3439 1236 °
3468 1207 3552 1261 ὅτι
3573 1206 3624 1260 οἱ
3643 1206 3763 1262 πά-

2165 1297 2274 1365 λαι,
2300 1298 2452 1372 φησὶ,
2473 1298 2815 1363 δουλεύοντες
2838 1298 3105 1371 τοσαύτης
3135 1299 3439 1371 μεταϐολῆς
3453 1303 3764 1374 τετυχήκα-

2170 1407 2274 1457 σιν,
2302 1392 2597 1459 ἐλίπανας
2616 1392 2687 1446 ὲν
2707 1391 2890 1456 ἐλαίῳ
2917 1390 3034 1461 τὴν
3064 1390 3344 1462 κεφαλήν
3359 1409 3499 1463 μου.

2234 1563 2346 1617 Kal
2372 1560 2439 1616 τὸ
2471 1562 2645 1628 ἔλεός
2671 1576 2790 1618 σου
2826 1560 3252 1628 καταδιώεεταί
3262 1627 3272 1637 _
3280 1580 3359 1634 με
3393 1564 3599 1632 πάσας
3642 1565 3760 1636 τὰς

2167 1655 2392 1725 ἡμέρας
2442 1653 2550 1724 τῆς
2599 1654 2751 1724 ζωῆς
2785 1672 2928 1725 μου,
2975 1657 3075 1710 καί
3120 1655 3188 1711 τὸ
3227 1656 3526 1713 κατοικεῖν
3555 1676 3635 1729 με
3682 1659 3759 1714 ἐν

2165 1747 2310 1812 οἴκῳ
2339 1747 2563 1815 Κυρίου
2594 1748 2683 1814 εὶς
2703 1749 3050 1817 μακρότητα
3075 1746 3331 1818 ἡμερῶν.
3365 1750 3651 1816 nemon;
3674 1748 3759 1823 τῷ

477 1845 667 1917 gratiae
723 1843 968 1901 conlisus
1026 1852 1174 1908 tute,
1230 1844 1359 1897 novi
1408 1857 1543 1898 sane
1594 1857 1702 1906 me,
1750 1843 2065 1899 institutum

2170 1839 2248 1911 σῷ
2279 1840 2440 1905 ἐλέει,
2481 1838 2577 1893 καὶ
2602 1841 2669 1911 τῇ
2699 1841 2765 1911 σῇ
2793 1839 2998 1913 χάριτι,
3031 1835 3125 1894 οἷδ’
3153 1840 3236 1894 ὅτι
3271 1842 3373 1896 οὐκ
3406 1842 3758 1916 ὲκπεσοῦμαι

477 1953 510 1992 a
544 1936 928 1994 misericordia
959 1945 1051 1992 tua
1094 1936 1353 1993 omnibus
1404 1935 1599 1992 diebus
1625 1936 1752 1991 vitae
1783 1951 1937 2001 mete,
1967 1952 2065 2008 spe

477 2030 571 2085 illa
612 2032 669 2086 in
713 2036 768 2085 te
797 2030 976 2101 posita
1028 2042 1310 2099 nunquam
1358 2029 1663 2099 lapsurum.
1710 2026 1838 2084 Hac
1882 2029 2067 2101 itaque

476 2122 889 2188 misericordia,
934 2122 1051 2177 haec
1085 2121 1262 2193 gratia
1299 2129 1393 2176 tua
1443 2120 1579 2176 mibi
1612 2120 1667 2176 id
1698 2121 1829 2176 boni
1869 2128 2068 2176 contu-

478 2214 621 2284 lere,
658 2222 719 2270 ut
751 2213 975 2271 domum
1017 2222 1074 2270 et
1103 2213 1408 2271 Ecclesiam
1447 2222 1599 2269 tuam
1638 2214 1695 2269 in
1726 2213 2065 2271 domicilium

477 2308 853 2380 possiderem;
894 2306 988 2376 ubi
1014 2314 1417 2373 commoratus,
1454 2313 1644 2378 utpote
1668 2306 1727 2362 in
1760 2306 1937 2362 sacris
1968 2300 2067 2362 Dei

477 2399 688 2456 sedibus
715 2407 772 2456 et
806 2400 864 2455 in
895 2405 1089 2455 sancto
1135 2400 1384 2472 templo;
1413 2398 1813 2471 longitudinem
1851 2397 2067 2454 dierum

480 2492 626 2565 apud
664 2501 722 2548 te
755 2499 810 2547 et
837 2495 1008 2548 vitam
1057 2498 1317 2548 aeternam
1374 2506 1705 2563 consequar.
1753 2489 1890 2546 Nam
1920 2490 2067 2561 quod

480 2585 704 2641 domum
753 2592 905 2640 tuam
953 2584 1218 2651 incolam,
1268 2599 1551 2655 nunquam
1594 2584 1724 2640 inde
1752 2583 2065 2655 egrediens,

480 2692 660 2749 neque
687 2676 973 2737 declinans
1006 2677 1292 2742 aliorsum,
1324 2676 1428 2732 hoc
1464 2676 1600 2731 mihi
1650 2676 1706 2732 in
1736 2691 1908 2733 causa
1949 2676 2068 2733 fore

480 2767 725 2823 arbitror
753 2776 814 2822 ut
841 2766 1241 2840 longitudinem
1282 2767 1519 2834 dierum,
1549 2767 1671 2839 ipso
1718 2768 1926 2825 lumine
1963 2778 2057 2825 tuo

479 2861 718 2926 lucente,
742 2860 1055 2917 nanciscar.
1090 2858 1199 2916 Pro
1234 2858 1327 2916 illo
1359 2866 1568 2926 autem,
1597 2860 1654 2914 in
1686 2858 2068 2932 longitudinem

477 2951 726 3019 dierum,
783 2951 1179 3027 Symmachus,
1233 2951 1290 3006 in
1336 2950 1743 3007 diuturnitatem
1793 2953 2066 3024 temporis,

479 3044 873 3117 interpretatus
909 3053 1016 3110 est,
1047 3044 1175 3101 vita:
1222 3044 1373 3102 illius
1425 3044 1734 3102 secundum
1769 3044 1942 3103 Deum
1984 3046 2070 3102 in-

477 3135 828 3193 terminabile
890 3136 1131 3208 spatium
1195 3142 1360 3209 atque
1424 3135 1898 3193 immortalitatem
1969 3136 2070 3195 de-

479 3234 704 3286 notans.

858 3340 1188 3398 PSALMUS
1226 3340 1440 3397 DAVID
1471 3340 1664 3401 XXIII.

483 3455 552 3513 In
576 3454 1341 3530 quibusdamsexemplaribus
1376 3457 1590 3513 inueni:
1627 3473 1651 3509 ι
1685 3454 1805 3511 Una
1860 3453 2069 3511 Sabbu-

1154 3535 1348 3581 torum.
1390 3544 1410 3579 ι

553 3642 720 3698 Vsus.
752 3643 807 3706 l,
828 3639 882 3696 2.
909 3638 1120 3696 Domini
1139 3650 1215 3694 est
1240 3648 1382 3695 terra
1409 3648 1458 3694 et
1476 3636 1747 3711 plenitudo
1772 3638 1908 3709 ejus,
1927 3636 2069 3693 orbis

486 3745 751 3793 terrarum
774 3742 825 3789 et
855 3733 1087 3788 universi
1109 3732 1200 3804 qui
1225 3731 1468 3787 habitant
1487 3733 1541 3786 in
1566 3748 1649 3788 eo.
1665 3729 1786 3801 Ipse
1802 3747 1957 3802 super
1973 3746 2084 3786 ma-

487 3829 574 3883 ria
596 3825 841 3897 [undavit
872 3841 1014 3891 eum,
1063 3833 1285 3895 etsuper
1306 3825 1533 3894 ﬂumina
1580 3825 1900 3895 praeparavit
1926 3840 2067 3880 eum.

483 3917 602 3975 Nisi
641 3917 813 3982 enim,
847 3915 1065 3987 inquit,
1101 3914 1349 3972 divinum
1382 3912 1625 3971 Verbum
1672 3914 1778 3984 ipsi
1814 3913 2069 3985 praefuis-

485 4020 592 4078 set,
631 4025 699 4068 ac
743 4010 851 4067 nisi
897 4008 1179 4081 Sapientia
1229 4007 1325 4063 Dei
1382 4007 1563 4079 ipsum
1624 4008 1731 4063 hoc
1782 4006 2070 4065 fundasset

484 4102 671 4173 modo,
691 4102 806 4173 jam
831 4102 989 4170 olim,
1028 4100 1111 4157 vel
1144 4099 1386 4157 naturali
1426 4099 1772 4171 deprimente
1797 4099 2067 4171 pondere,

484 4199 545 4256 in
598 4195 935 4269 profundum
998 4195 1291 4252 demersus
1352 4191 1569 4249 fuisset.
1638 4191 1843 4249 Verum
1895 4193 2069 4248 multo

486 4289 842 4362 praesuntior
870 4288 967 4343 illo
1015 4296 1137 4345 erat
1183 4287 1361 4343 virtus
1393 4286 1485 4341 illa
1515 4284 1734 4341 Domini
1765 4285 2066 4341 miraculo-

486 4399 610 4438 rum
651 4395 717 4437 ac
759 4378 1141 4453 prodigiorum
1171 4377 1444 4445 eﬂectrix,
1473 4392 1596 4449 quae
1624 4383 1833 4432 tantam
1863 4376 2066 4433 molem

488 4484 811 4546 tantamque
840 4482 1000 4528 terrae
1038 4471 1459 4544 plenitudinem.
1497 4488 1561 4528 ac
1591 4472 1780 4528 orbem
1810 4486 1936 4527 cum
1968 4471 2068 4526 ba-

2164 1934 2265 2003 τῆς
2291 1931 2442 2002 παρὰ
2471 1932 2555 1985 σοὶ
2600 1930 2817 1996 ἐλπίδος
2864 1931 3382 2005 παιδαγωγούμενος
3422 1936 3606 2001 πάσας
3649 1936 3757 2003 τὰς

2165 2023 2379 2094 ἡμέρας
2422 2022 2523 2094 τῆς
2572 2020 2720 2095 ζωῆς
2766 2041 2867 2095 μου
2898 2024 3005 2078 ὑπὸ
3049 2024 3143 2080 τοῦ
3190 2025 3286 2080 σοῦ
3330 2025 3533 2092 ἐλέους.
3579 2028 3758 2085 Τοῦτο

2165 2114 2298 2185 γοῦν
2325 2115 2387 2168 τὸ
2422 2115 2515 2169 σὸν
2542 2114 2690 2180 ἔλεος
2713 2118 2811 2171 καὶ
2850 2118 2987 2189 αὐτή
3029 2135 3126 2175 σου
3155 2119 3189 2190 ή
3241 2119 3403 2193 χάρις
3440 2120 3754 2193 κατηξίωσὲ

2170 2223 2238 2277 με
2269 2208 2584 2280 οἰκητήριον
2622 2209 2926 2281 κτήσασθαι
2954 2211 3047 2264 τὸν
3083 2211 3176 2266 σὺν
3201 2208 3350 2266 οἷκον
3390 2213 3484 2267 καὶ
3511 2213 3612 2286 τὴν
3650 2214 3755 2287 σὴν

2179 2298 2535 2371 Ἐκκλησίαν·
2578 2301 2707 2355 ἔνθα
2750 2301 2851 2367 τὰς
2895 2303 3180 2376 διατριϐὰς
3221 2306 3541 2378 ποιούμενος
3569 2307 3648 2372 ὼς
3692 2309 3754 2361 ὲν

2165 2389 2300 2462 οἴκῳ
2320 2389 2480 2459 Θεοῦ,
2506 2393 2638 2466 ἱερῷ
2664 2395 2760 2448 καὶ
2787 2391 2926 2467 ἁγίῳ
2951 2394 3084 2467 ναῷ,
3110 2397 3447 2469 μακρότητος
3468 2398 3577 2453 τῶν
3600 2400 3757 2473 παρὰ

2167 2484 2253 2536 σοὶ
2280 2485 2502 2557 ⁴ἡμερῶν
2530 2486 2625 2540 καὶ
2655 2485 2801 2558 ζωῆς
2829 2487 3047 2542 αἰωνίου
3076 2487 3356 2560 τεύξομαι.
3379 2489 3452 2543 Τὸ
3476 2489 3586 2563 γὰρ
3617 2507 3751 2546 κατ-

2166 2577 2340 2629 οικεῖν
2385 2593 2453 2648 με
2483 2578 2542 2631 ὲν
2585 2576 2667 2648 τῷ
2696 2578 2775 2651 σῷ
2801 2577 2964 2651 οἴκῳ,
2995 2580 3090 2633 καὶ
3149 2580 3419 2653 μηδέποτε
3459 2580 3652 2636 αὐτοῦ.
3665 2582 3757 2649 ἑξ-

2170 2667 2418 2725 ίστασθαι
2446 2671 2582 2743 μηδὲ
2606 2671 2910 2738 ἀπονεύειν,
2936 2672 3100 2726 ἀεὶδὲ
3125 2672 3256 2727 εἵσω
3268 2672 3568 2746 περιϐόλων
3591 2675 3757 2748 ἱερῶν

2166 2762 2269 2828 τὰς
2297 2761 2579 2835 διατριϐὰς
2608 2763 2899 2823 ποιεῖσθαι.
2925 2763 3101 2819 ταῦτά
3132 2781 3223 2837 μοι
3249 2765 3398 2820 αἴτια
3429 2766 3758 2841 γενήσεσθαι

2170 2855 2413 2910 πιστεύω
2442 2857 2785 2929 μακρότητος
2822 2859 2856 2931 ή
2863 2857 3046 2931 μερῶν
3074 2857 3183 2913 τῶν
3214 2860 3280 2914 ὲκ
3317 2859 3412 2914 τοῦ
3444 2860 3539 2915 σοῦ
3576 2862 3760 2933 φωτὸς

2169 2949 2574 3022 ὑφισταμένων.
2609 2951 2757 3006 Ἀντί.
2782 2951 2840 3005 δὲ
2872 2949 2989 3016 τοῦ,
3017 2953 3106 3019 είς
3130 2956 3471 3023 μακρότητα
3498 2954 3757 3026 ἡμερῶν,

2167 3042 2259 3108 εις
2306 3039 2504 3112 μῆκος
2543 3043 2772 3112 χρόνου
2823 3044 2853 3098 ό
2897 3042 3193 3115 Σύμμαχος
3236 3045 3549 3117 ἡρμήνευσε
3577 3088 3593 3114 ,
3655 3047 3758 3120 τῆς

2172 3132 2315 3188 κατὰ
2341 3133 2434 3189 τὸν
2464 3131 2598 3189 Θεὸν
2623 3133 2772 3206 ζωῆς
2804 3134 2866 3189 τὸ
2906 3134 3135 3209 ἄπειρον
3163 3138 3258 3192 stat
3286 3136 3551 3194 ἀθάνατον
3577 3143 3758 3212 σημή-

2170 3242 2290 3291 νας.

2530 3340 2826 3395 ΨΑΛΜΟΣ
2870 3339 2957 3396 ΤΩ
3015 3343 3215 3398 ΔΑΥΙΔ
3274 3345 3400 3400 KI".

2185 3452 2290 3508 Ἔν
2316 3452 2505 3523 ἐνίοις
2541 3453 2926 3530 ἀντιπκίςαοις
2970 3451 3172 3527 εὖρον·
3239 3475 3259 3511 ι
3290 3457 3408 3528 Τῆς
3444 3459 3589 3530 μιᾶς
3638 3459 3761 3520 τῶν

2318 3597 2322 3601 γ
2714 3525 3151 3600 Σαϐϐάτξωνμ).
3166 3548 3185 3582 ι

2249 3637 2359 3693 Τοῦ
2382 3639 2605 3708 Κυρίου
2650 3639 2690 3709 ἠ
2741 3639 2819 3711 τῆ
2848 3642 2949 3696 καὶ
3002 3640 3071 3695 τὸ
3110 3641 3405 3714 πλήρωμα
3465 3644 3677 3714 αὐτῆς,
3714 3646 3759 3715 ἠ

2172 3731 2490 3803 οἰκουμένη
2520 3733 2619 3787 καί
2652 3731 2874 3801 πάντες
2902 3738 2956 3790 οι
3018 3735 3440 3805 κατοικοῦντες
3463 3738 3534 3793 ἐν
3574 3736 3758 3809 αὐτῇ.

2172 3825 2366 3893 Αὐτὸς
2392 3824 2496 3879 ἐπὶ
2526 3825 2861 3883 θαλασσῶν
2881 3827 3278 3899 ἐθεμελίωσεν
3298 3829 3513 3899 αὐτὴν,
3541 3832 3637 3887 καὶ
3660 3832 3764 3888 ἐπὶ

2172 3918 2456 3987 ποταμῶν
2473 3920 2804 3990 ἡτοίμασεν
2820 3919 3033 3988 αὐτήν.
3054 3920 3118 3974 Εἰ
3138 3920 3214 3993 μὴ
3238 3920 3351 3994 γὰρ
3374 3921 3548 3993 Λόγος
3566 3923 3761 3995 αὐτῆς.

2173 4014 2359 4084 φησὶν,
2394 4013 2679 4068 ἐπεστάτει
2707 4012 2870 4080 θεῖος,
2901 4013 2997 4069 καὶ
3043 4017 3094 4069 εἰ
3133 4015 3209 4089 μή
3259 4017 3423 4086 σοφία
3462 4017 3599 4073 Θεοῦ
3631 4019 3759 4074 τοῦ-

2171 4124 2262 4162 τον
2292 4105 2462 4180 αὐτὴν
2484 4106 2871 4180 τεθεμελιάνκει
2913 4108 3004 4163 τὸν
3049 4109 3270 4182 τρόπον,
3305 4109 3474 4166 πάλαι
3506 4103 3595 4167 ’ἂν
3652 4129 3760 4183 φυ-

2173 4200 2311 4273 σικῷ
2339 4200 2495 4273 βάρει
2528 4201 2679 4256 κάτω
2707 4218 2815 4255 που
2838 4203 3115 4275 φερομένη
3172 4203 3316 4258 κατὰ
3354 4202 3532 4276 βυθῶν
3583 4222 3759 4279 κεχω-

2177 4294 2354 4366 ρήκει.
2402 4292 2543 4347 Ἀλλ’
2565 4288 2634 4365 ἦν
2656 4293 2763 4367 ἄρα
2785 4293 3048 4366 κρείττων
3081 4294 3255 4366 αὐτῆς
3285 4297 3319 4367 ή
3344 4295 3763 4372 θαυματουργδς

2173 4384 2267 4439 καὶ
2295 4383 2726 4456 παραδοξοποιὸς
2745 4382 2838 4438 τοῦ
2868 4383 2975 4438 τῶν
3024 4385 3162 4441 ὅλων
3199 4386 3406 4460 Κυρίου
3437 4388 3689 4462 δύναμις,
3721 4390 3760 4463 ἢ

2172 4478 2266 4532 τὸν
2290 4475 2544 4531 τοσοῦτον
2567 4472 2731 4545 ὄγκον
2786 4476 2882 4529 καὶ
2925 4474 2987 4530 τὸ
3031 4475 3283 4533 τοσοῦτον
3341 4477 3445 4549 τῆς
3485 4479 3591 4557 γῆς
3619 4479 3761 4553 nu)-

484 4563 822 4620 bitatoribus
849 4562 994 4632 ejus,
1027 4561 1320 4618 sublimem
1363 4561 1471 4633 agi,
1516 4570 1571 4618 et
1602 4577 1873 4633 aquarum
1902 4562 2066 4618 dorso

2181 4587 2361 4641 ρωμα,
2384 4569 2516 4643 ὃλην
2537 4585 2598 4622 τε
2624 4568 2725 4640 τὴν
2753 4568 3078 4640 οἰκουμένην
3105 4569 3201 4624 καὶ
3220 4569 3349 4636 τοὺς
3368 4552 3764 4637 κατοικοῦντας

488 4655 696 4727 imponi
726 4655 1071 4712 decreverat.
1132 4652 1479 4726 Quapropter
1515 4656 1646 4725 ipse,
1679 4654 1881 4726 inquit,
1911 4670 2070 4724 super

487 4749 665 4802 maria
691 4744 936 4816 fundavit
966 4760 1105 4799 eum.
1159 4743 1349 4815 Neque
1376 4746 1521 4801 enim
1558 4747 1677 4816 ipsa
1711 4753 1858 4801 terra
1885 4746 2071 4819 gravis

485 4845 543 4895 et
569 4838 894 4903 inanimato,
928 4854 1052 4895 sese
1074 4852 1242 4909 supra
1262 4839 1493 4910 abyssos
1524 4839 1924 4908 consolidavit;
1972 4839 2070 4896 sed

486 4930 731 4985 omnium
766 4929 949 5002 opifex
982 4929 1078 4987 Dei
1123 4928 1320 4997 Filius,
1374 4932 1471 5002 qui
1518 4932 1755 4988 solidum
1792 4947 2069 5005 graveque

398 5073 404 5079 .
486 5028 649 5076 terra:
689 5020 1045 5088 elementum,
1082 5022 1268 5078 divina
1317 5023 1619 5090 creatione,
1676 5040 1846 5095 supra
1899 5024 2071 5080 maris

486 5112 653 5169 dorsa
708 5111 844 5169 ferri
881 5114 1080 5180 voluit,
1142 5129 1209 5169 ac
1266 5130 1437 5187 supra
1490 5115 1773 5171 humidam
1814 5124 2069 5172 naturam

485 5205 779 5272 constitui,
832 5206 1201 5279 atqueipsam
1254 5205 1360 5261 hoc
1409 5207 1571 5263 modo
1609 5206 1880 5263 fundavit.
1913 5207 2070 5264 Alio-

488 5312 597 5368 que
625 5297 995 5354 ratiocinandi
1028 5299 1161 5366 ritu,
1191 5307 1395 5355 terram
1432 5315 1543 5356 non
1575 5314 1677 5355 sua
1708 5308 1906 5372 sponte
1935 5301 2072 5357 sub-

490 5392 701 5449 stitisse
734 5391 915 5457 docet,
961 5409 1140 5464 neque
1196 5402 1346 5450 sorte
1383 5394 1622 5466 quadam
1678 5395 1972 5452 temeraria
2004 5411 2069 5451 ac

490 5484 874 5552 irrationabili,
908 5487 1003 5541 tali
1035 5486 1277 5558 undique
1304 5487 1481 5544 forma
1510 5489 1861 5546 instructam.
1886 5488 2070 5556 Quare

491 5579 737 5652 subjicit,
766 5589 817 5636 et
842 5596 999 5652 super
1023 5581 1249 5651 ﬂumina
1274 5583 1593 5653 prmpararit
1643 5598 1783 5639 eum.
1821 5579 1879 5637 Si
1913 5597 2069 5637 nam-

2178 4664 2348 4736 αὐτὴν
2382 4662 2494 4718 ἄνω
2548 4661 2813 4736 φέρεσθαι
2861 4661 3134 4735 μετέωρον
3166 4662 3309 4735 ὑπὲρ
3345 4663 3413 4719 τὰ
3464 4665 3610 4720 νῶτα
3649 4666 3760 4721 τῶν

2179 4757 2387 4813 ὑδάτων
2450 4755 2791 4827 βεϐούληται.
2846 4755 2962 4822 Διὸ,
3015 4754 3201 4823 αὐτὸς
3252 4756 3355 4811 ἐπὶ
3429 4757 3764 4813 θαλωσῶν

2176 4848 2573 4920 ἐθεμελίωσεν
2602 4845 2820 4915 αὐτὴν,
2847 4846 3086 4919 εἴρηται.
3122 4846 3198 4899 Οὐ
3230 4845 3340 4918 γὰρ
3371 4845 3512 4919 αὐτὴ
3559 4847 3762 4920 ἑαυτὴν

2166 4944 2202 5013 ἡ
2240 4941 2432 5013 βαρεῖα
2458 4938 2554 4993 καὶ
2584 4937 2792 5010 ἄψυχος
2822 4939 2896 5009 γῆ
2930 4937 3024 4990 ἐπὶ
3054 4936 3164 4992 τῶν
3215 4936 3394 5009 βυθῶν
3454 4938 3758 5012 ἐστήριξεν,

2169 5031 2285 5088 ἀλλ’
2318 5033 2347 5085 ὁ
2370 5030 2588 5085 πάντων
2644 5027 2976 5101 δημιουργὸς
3032 5030 3062 5083 ὀ
3116 5026 3210 5082 τοῦ
3238 5026 3375 5082 Θεοῦ
3420 5027 3568 5098 Υἰὺς,
3615 5029 3674 5094 ὃς
3698 5030 3762 5084 τὸ

2170 5124 2490 5197 στερέμνιον
2534 5120 2629 5175 καὶ
2659 5119 2798 5192 βαρὺ
2826 5119 2928 5190 τῆς
2978 5119 3083 5192 γῆς
3139 5122 3402 5192 στοιχεῖον
3461 5119 3617 5194 θεῖκῇ
3665 5121 3761 5193 δη-

2177 5216 2437 5291 μιουργίᾳ
2491 5215 2568 5287 (2)
2624 5214 2766 5286 ὑπὲρ
2810 5211 2999 5268 νώτων
3043 5213 3289 5285 ὀχεῖσθαι
3340 5213 3615 5287 θαλάσσης
3663 5215 3758 5269 καὶ

2174 5304 2429 5377 ὑπεράνω
2452 5304 2552 5376 τῆς
2595 5303 2769 5376 ὑγρᾶς
2799 5301 3016 5373 φύσεως
3049 5303 3271 5359 ἑστάναι
3315 5303 3620 5376 βουληθεὶς,
3663 5306 3758 5359 καὶ

2170 5396 2358 5454 τοῦτον
2391 5397 2560 5470 αὐτὴν
2589 5395 2926 5469 θεμελιώσας
2956 5396 3048 5451 τὸν
3075 5396 3297 5472 τρόπον.
3322 5397 3435 5451 Καὶ
3474 5396 3597 5452 καθ’
3634 5397 3753 5452 ἕτε-

2175 5507 2265 5562 ρον
2288 5488 2345 5543 δὲ
2375 5488 2633 5562 λογισμὸν
2663 5489 2958 5562 παρίστησι
2985 5490 3047 5544 τὸ
3076 5490 3154 5563 μὴ
3190 5489 3496 5562 αὐτόματον
3514 5489 3752 5564 ὑποστῆ-

2171 5599 2260 5637 ναι
2285 5581 2385 5654 τὴν
2415 5580 2540 5652 γῆν,
2565 5581 2700 5655 μηδὲ
2744 5581 2820 5647 ὡς
2864 5581 3073 5654 ἔτυχεν,
3123 5582 3246 5655 εἰκῆ
3278 5582 3373 5638 καὶ
3405 5583 3640 5655 ἀλόγως,
3687 5583 3754 5640 τὸ

567 5737 903 5815 (l)ldipsum
928 5750 1110 5815 monet
1130 5741 1527 5815 Theodoretus.
1560 5740 1620 5798 In
1652 5740 1924 5799 Hebraico
1940 5739 2240 5815 exemplari
2271 5740 2411 5798 nihil
2440 5740 2508 5799 de
2542 5737 2803 5799 Sabbato.

563 5809 640 5883 β)
674 5809 849 5879 Alius,
884 5812 1275 5886 μεγαλουργίᾳ.
