4122 6454
375 274 480 329 221

1556 277 2066 336 COMMENTABIA
2104 280 2173 336 IN
2213 279 2559 338 PSALMOS.

3528 289 3640 346 222.

370 389 618 445 τοιοῦτον
657 392 792 466 αὐτῇ
844 394 1269 467 περιϐεϐλῆσθαι
1303 396 1507 467 σχῆμα
1561 396 1644 450 διδ
1694 398 1954 467 ἐπιλέγει·

2065 415 2171 469 que
2203 407 2314 454 tota
2345 409 2401 456 et
2435 402 2488 456 in
2546 400 2807 458 omnibus
2833 402 2918 458 sui
2953 402 3226 473 partibus,
3271 395 3389 461 laesi
3410 407 3641 477 aequabi-

371 483 482 536 Kal
519 485 619 538 ἐπὶ
666 485 947 556 ποταμῶν
999 489 1330 557 ἡτοίμασεν
1374 489 1587 558 αὐτήν.
1629 490 1692 542 Et
1729 491 1827 561 μὲν
1854 492 1962 562 γὰρ

370 576 469 647 ὅλη
498 578 567 630 δι’
599 576 721 631 ὅλου
747 577 867 633 λεία
891 579 986 632 καὶ
1013 580 1190 652 ὁμαλὴ
1253 579 1394 634 κατὰ
1441 580 1541 653 τὴν
1597 585 1832 654 σφαῖραν
1853 583 1962 636 τῶν

380 667 652 741 Ἐλλήνων
674 669 939 742 ὑπῆρχεν,
973 670 1073 724 οὐκ
1122 671 1186 727 άν
1219 689 1348 726 ποτε
1392 674 1492 746 τῆς
1537 673 1642 726 τῶν
1701 674 1961 745 ποταμῶν

371 765 688 830 συστάσεως
727 767 948 841 δεκτικὴ
985 769 1249 839 ἐγεγόνει·
1301 771 1411 824 οὐδ’
1440 770 1506 826 ἂν
1557 773 1636 835 είς
1684 773 1960 843 γεωργίαν

367 858 677 930 ἐπιτηδεία,
724 861 1023 932 ἐκρεόντων
1075 863 1450 932 ἁπανταχόθεν
1499 865 1609 918 τῶν
1661 869 1741 929 εἰς
1789 867 1958 939 αὐτὴν

370 950 690 1022 φερομένων
722 951 965 1025 δμὸρων·
991 954 1067 1018 ὡς
1117 953 1184 1010 αὖ
1212 955 1374 1009 πάλιν
1405 958 1470 1011 ὲκ
1492 957 1586 1010 τοῦ
1609 960 1875 1024 ἐναντίου,
1909 960 1958 1012 εί

371 1042 515 1110 πλάξ
548 1038 617 1114 ἦν
651 1045 748 1114 μία
794 1045 1092 1118 ἡπ).ωμένη
1139 1049 1230 1101 καὶ
1283 1050 1539 1122 ἀνειμένη
1577 1052 1656 1114 είς
1703 1052 1959 1116 πεδιάδας

367 1134 579 1208 χώρας,
614 1135 722 1189 οὐδ’
757 1135 931 1200 οὕτως
979 1139 1313 1210 συνέστησαν
1354 1141 1412 1196 ὲν
1449 1142 1584 1214 αὐτῇ
1618 1143 1872 1214 ποταμοίο
1907 1145 1962 1197 οἴ

366 1229 416 1281 τ’
445 1229 507 1296 ἐξ
533 1229 774 1283 ἀεννάων
805 1230 996 1301 πηγῶν
1043 1233 1352 1304 φερόμενοι,
1384 1233 1438 1286 οἵ
1466 1252 1524 1286 τε
1547 1236 1610 1287 ὲκ
1639 1233 1746 1288 τῶν
1773 1252 1958 1306 χειμε-

373 1320 536 1393 ρινῶν
558 1322 779 1394 ὄμϐρων
831 1324 1229 1394 συνιστάμενον
1259 1326 1423 1379 πάλαι
1459 1326 1505 1378 δ’
1537 1326 1602 1380 ἂν
1631 1327 1957 1382 ὲπικλύσαν-

370 1434 463 1480 τες
490 1419 690 1483 πᾶσαν,
718 1414 843 1470 οῦτε
883 1418 1214 1491 σπέρμασιν,
1246 1418 1368 1474 οὔτε
1393 1425 1601 1490 φυτοῖς,
1631 1421 1756 1475 οὗτε
1783 1440 1956 1494 γεωρ-

370 1510 521 1578 γίαις
545 1510 856 1581 ἐπιτηδείαν
888 1512 1055 1587 αὐτὴν
1105 1515 1383 1584 παρεῖχονο
1442 1514 1558 1566 ἀλλ’
1605 1514 1727 1568 οὐδὲ
1773 1517 1956 1580 αὐτοῖς

369 1605 489 1664 τοῖς
524 1603 835 1674 οἰκήτορσιν
879 1605 1091 1673 γεγόνει
1143 1605 1209 1658 ἂν
1241 1607 1528 1677 χρήσιμος,
1591 1608 1808 1662 πάντων
1838 1613 1955 1663 ἐπι-

369 1695 720 1767 κλυζομένων
764 1697 858 1750 καὶ
895 1698 1354 1770 κατασυρομένων
1412 1700 1518 1753 ὑπὸ
1560 1702 1660 1772 τῆς
1690 1701 1796 1755 τῶν
1827 1703 1954 1757 ὑδά-

366 1807 478 1842 των
508 1789 865 1863 πλημμύρας.
905 1789 1089 1844 Ταῦτα
1119 1791 1216 1862 μὲν
1245 1788 1339 1845 οὖν
1376 1788 1466 1863 ἦν,
1501 1795 1549 1846 εί
1577 1794 1652 1865 μὴ
1687 1794 1844 1864 λόγος
1874 1813 1956 1860 τις

367 1880 759 1952 δημιουργικὺς
793 1882 888 1935 καὶ
913 1879 1048 1934 Θεοῦ
1078 1883 1238 1952 σοφία
1275 1884 1535 1954 τεχνικῶς
1583 1885 1725 1970 μύτῇ
1757 1886 1955 1939 τοιόνδε

369 1974 562 2043 σχῆμα
600 1972 1008 2045 περιϐεϐλήκει·
1055 1975 1172 2028 νυνὶ
1205 1975 1262 2028 δὲ
1314 1975 1487 2040 οὕτως
1519 1979 1954 2048 κατεσκευάσθη,

364 2066 442 2130 ὡς
474 2068 554 2129 είς
585 2065 685 2137 ὅρη
718 2065 810 2120 καὶ
864 2065 1062 2132 νάπας,
1121 2065 1342 2137 βουνούς
1405 2085 1464 2120 τε
1520 2069 1615 2122 καὶ
1666 2069 1956 2142 φάραγγας

366 2158 790 2230 ἐσχηματίσθαι·
809 2159 884 2222 ὡς
909 2158 1003 2211 καὶ
1030 2161 1306 2230 ποταμοὺς
1333 2159 1432 2224 τὰς
1461 2162 1672 2217 ἑαυτῶν
1692 2163 1955 2230 διεξόδους

367 2250 664 2314 ἀκωλύτως
691 2250 980 2305 ποιεῖσθαι⁸
1013 2251 1113 2323 ὅρη
1141 2268 1199 2303 τε
1227 2251 1321 2304 καὶ
1351 2252 1488 2324 ἄλση
1511 2255 1602 2308 καὶ
1633 2255 1772 2324 φυτὰ
1797 2255 1955 2322 ζώοις

367 2343 758 2415 ἀπονέμεσθαι·
800 2343 982 2416 χώρας
1014 2361 1074 2397 τε
1104 2344 1199 2397 καὶ
1223 2345 1478 2410 πεδιάδας
1497 2349 1576 2412 εἰς
1595 2349 1838 2421 οἰκήσεις
1863 2351 1956 2406 καὶ

365 2438 641 2510 γεωργίας
666 2436 974 2509 ἀνθρώποις
1021 2437 1349 2510 ἀφωρίσθαι.
1393 2437 1490 2503 Τίς
1533 2441 1713 2496 τοίνυν
1762 2445 1862 2497 ούκ
1890 2444 1955 2498 ἂν

364 2531 755 2603 ὁμολογήσειεν
775 2529 992 2601 ἀληθῶς
1014 2529 1185 2600 σοφῆς
1204 2526 1344 2585 εἶναι
1370 2534 1712 2605 προμηθείας
1745 2536 1916 2590 ταῦτα
1938 2555 1952 2604 ;

361 2626 426 2697 ἢ,
464 2624 811 2697 προλαϐοῦσα
840 2625 900 2680 τὸ
949 2626 1142 2698 μέλλον
1189 2629 1294 2701 πρὸ
1345 2627 1437 2682 τοῦ
1468 2627 1834 2700 πληρώματος
1859 2631 1956 2702 τῆς

363 2718 494 2788 γῆς,
531 2719 626 2772 καὶ⁵
657 2718 764 2793 πρὸ
793 2719 888 2774 τοῦ
919 2720 1184 2792 συστῆναι
1216 2721 1282 2774 τὰ
1312 2723 1370 2774 ὲν
1417 2721 1580 2792 αὐτῇ,
1624 2721 1832 2778 τοιάνδε
1860 2722 1956 2776 αύ-

361 2811 464 2884 τὴν
493 2813 847 2884 ἐσχημάτισε,
876 2813 1196 2885 καταλλήλῳ
1226 2813 1627 2868 διαπλάττουσα
1656 2813 1833 2885 τύπῳ,
1879 2814 1957 2878 ὡς

363 2906 436 2960 ἂν
461 2910 573 2971 τοῖς
599 2908 730 2961 πᾶσι
751 2908 960 2976 γένοιτο
987 2906 1286 2978 ἐπιτηδεία.
1312 2906 1731 2978 Μυστικώτερον
1755 2906 1812 2961 δὲ
1861 2906 1956 2962 τοῦ

362 2999 575 3069 Κυρίου
599 2999 878 3071 γέγονενή
908 2998 1002 3069 γῆ.

442 3095 540 3160 Τίς
569 3093 934 3162 ἀναϐήσεται
990 3097 1080 3161 εις
1117 3094 1184 3147 τὸ
1230 3093 1369 3163 ὅρος
1434 3093 1541 3147 τοῦ
1602 3094 1870 3163 Κυρίουῖ
1914 3092 1955 3164 ἢ
1983 3123 2025 3181 c

361 3187 457 3254 τίς
485 3188 776 3258 στήσεται
831 3189 902 3243 ἐν
951 3189 1110 3256 τόπῳ
1167 3187 1314 3257 ἁγιῳ
1365 3187 1583 3250 αὑτοῦ;
1632 3186 1692 3240 τὸ
1738 3186 1951 3242 τελικὸν

361 3282 570 3352 ἀγαθὸν
610 3283 705 3336 καὶ
733 3282 824 3336 τὸν
856 3281 987 3336 Θεὸν
1021 3281 1192 3350 Λόγον
1224 3279 1464 3343 λεκτέον,
1498 3278 1583 3348 ἐφ’
1615 3279 1643 3332 ὂ
1671 3279 1950 3334 ἀναϐαίνει

359 3377 394 3427 ὁ
420 3375 508 3428 διὰ
541 3375 821 3446 προκοπῆς
871 3376 962 3429 ἐπὶ
1014 3376 1113 3447 τὴν
1165 3373 1475 3446 ἀκρώρειαν
1532 3372 1694 3426 αὑτοῦ
1747 3373 1950 3442 φθάσαι

361 3469 707 3541 γλιχόμενος.
745 3470 976 3532 Σπάνιος
1004 3468 1061 3522 δὲ
1091 3468 1120 3520 ό
1173 3465 1435 3530 τοιοῦτος·
1472 3464 1553 3517 διὸ
1575 3465 1807 3536 εἴρηται·
1855 3467 1951 3532 Τίς

363 3561 730 3629 ἀναϐήσεται
749 3563 837 3627 εις
863 3561 926 3614 τὸ
964 3561 1102 3628 ὄρος
1123 3557 1230 3611 τοῦ
1267 3556 1524 3624 Κυρίου;
1546 3554 1584 3623 ἢ
1612 3555 1703 3622 τίς
1725 3558 1949 3623 στήσε-

365 3675 462 3711 ται
495 3657 564 3712 ἐν
602 3658 763 3724 τόπῳ
779 3657 924 3726 ἁγίῳ
956 3653 1179 3720 aurai);

449 3747 657 3816 Ἄθῶος
703 3750 874 3819 χερσὶ
919 3748 1018 3804 καὶ
1060 3750 1320 3819 καθαρὸς
1353 3750 1429 3820 τῇ
1477 3752 1712 3820 καρδίᾳ,
1747 3750 1815 3816 ὃς
1837 3752 1948 3803 οὐκ

365 3843 585 3897 ἐλαϐεν
610 3842 710 3896 ἐπὶ
756 3842 986 3911 ματαίῳ
1017 3841 1134 3910 τὴν
1192 3842 1406 3912 ⁴ψυχὴν
1431 3844 1638 3907 αὐτοῦ,
1692 3842 1790 3898 καὶ
1837 3845 1948 3897 οὐκ

365 3936 607 4004 ὤμοσεν
632 3935 731 3988 ἐπὶ
762 3934 922 3999 δόλῳ
957 3934 1036 4000 τῷ
1063 3935 1334 4002 πλησίον
1355 3935 1562 3991 αὐτοῦ.
1596 3933 1785 4003 Οὗτος
1834 3935 1946 4003 λή-

371 4030 545 4095 ψεται
591 4025 876 4094 εὐλογίαν
902 4025 1061 4093 παρὰ
1092 4026 1334 4094 Κυρίου,
1380 4026 1480 4080 καὶ
1530 4025 1949 4095 ἐλεημοσύνην

367 4119 531 4189 παρὰ
579 4119 727 4174 Θεοῦ
791 4117 1061 4186 σωτῆρος
1108 4116 1314 4172 αὐτοῦ.
1367 4119 1527 4186 Αὕτη
1566 4121 1604 4186 ὴ
1651 4117 1824 4188 γενεὰ
1851 4117 1946 4185 ξη-

366 4211 635 4266 τούντων
677 4209 862 4264 αὐτὸν
884 4249 898 4272 ,
961 4206 1291 4277 ζητούντων
1353 4209 1421 4264 τὸ
1466 4210 1786 4278 πρόσωπον
1842 4209 1947 4264 τοῦ

372 4301 521 4356 Θεοῦ
581 4298 804 4357 Ἰακώϐ.
876 4301 1208 4370 Διὰψαλμα.
1262 4302 1465 4369 Ἄρατε
1504 4303 1724 4368 πύλας,
1773 4304 1826 4354 οἱ
1854 4299 1948 4369 ἀρ-

370 4410 608 4463 χοντες,
630 4394 818 4462 ὑμῶν,
856 4391 956 4446 καὶ
987 4390 1304 4459 ἐπάρθητε,
1339 4393 1526 4446 πύλαι
1571 4391 1820 4455 ultimm,
1848 4391 1948 4446 καὶ

2065 493 2212 563 lique
2246 494 2556 564 superﬁcie,
2589 494 2891 551 secundum
2923 497 3074 550 illam
3107 495 3424 552 Grrccorum
3458 499 3638 568 sphae-

2062 601 2202 648 ram,
2241 585 2457 651 fuisset,
2503 604 2780 658 nunquam
2828 587 3113 644 ﬂuminum
3152 592 3636 664 congregationem

2061 678 2408 742 admisisset;
2439 696 2616 750 neque
2644 682 2997 752 agriculturae
3035 693 3161 754 apta
3192 683 3355 748 foret,
3391 684 3641 741 diﬁluen-

2061 771 2214 825 tibus
2257 772 2620 842 undequaque
2661 774 2894 843 pluviis:
2938 783 2996 829 ut
3043 792 3073 831 e
3105 792 3376 832 converso
3411 779 3638 844 iterum,

2061 862 2106 917 si
2132 863 2294 932 plana
2323 873 2492 927 esset,
2520 881 2738 937 unaque
2769 867 3110 937 superﬁcies,
3157 878 3387 925 extensa
3427 871 3484 925 in
3521 871 3638 940 pla-

2061 956 2224 1010 nities
2287 966 2341 1010 et
2376 971 2579 1028 agros;
2622 974 2966 1029 nequaquam
3021 959 3245 1015 ﬁumina
3283 977 3349 1016 ex
3384 964 3640 1033 perenni-

2060 1047 2164 1103 bus
2220 1047 2465 1103 fontibus
2528 1052 2804 1104 manantia
2868 1052 2979 1106 illic
3035 1053 3397 1120 exsisterent;
3459 1070 3640 1125 neque

2059 1139 2210 1194 ﬁuvii
2237 1142 2330 1211 qui
2350 1157 2417 1196 ex
2442 1142 2690 1198 hibernis
2721 1144 2988 1199 imbribus
3008 1146 3362 1212 coalescunt;
3392 1147 3484 1202 sed
3501 1147 3640 1216 jam-

2058 1234 2151 1288 diu
2186 1242 2356 1288 totam
2379 1244 2583 1290 terram
2611 1238 2992 1303 inundassent,
3022 1238 3096 1293 ita
3128 1246 3184 1292 ut
3214 1254 3392 1309 neque
3414 1239 3634 1302 sationi,

2058 1340 2238 1395 neque
2270 1326 2474 1396 plantis
2506 1335 2561 1381 et
2588 1329 2901 1392 arboribus,
2937 1346 3112 1400 neque
3145 1330 3499 1399 agricultura:
3520 1330 3638 1385 ido»

2059 1429 2220 1468 neam
2273 1416 2601 1484 prazberent.
2659 1417 2845 1488 Neque
2905 1419 3021 1488 ipsa
3089 1420 3284 1474 incolis
3336 1421 3452 1475 suis
3510 1429 3636 1492 apta

2059 1507 2321 1576 utilisque
2371 1507 2590 1574 fuisset,
2643 1525 2767 1564 cum
2835 1526 3101 1581 aquarum
3155 1512 3392 1566 colluvie
3452 1513 3639 1566 omnia

2059 1603 2462 1658 inundarentur
2488 1620 2553 1658 ac
2577 1605 2904 1660 difﬂuerent.
2965 1604 3092 1660 llaec
3120 1621 3254 1661 sane
3281 1606 3636 1670 accidissent,

2061 1696 2171 1750 nisi
2217 1697 2446 1751 verbum
2498 1698 2794 1767 quodpiam
2849 1698 3026 1768 opifex
3077 1714 3286 1764 rerum,
3319 1714 3384 1752 ac
3412 1697 3508 1753 Dei
3542 1714 3634 1754 sa-

1987 1763 2030 1818 B
2057 1787 2285 1859 pientia,
2315 1763 2548 1842 artiﬁcio
2576 1763 2774 1859 magno
2799 1763 2961 1844 talem
2993 1789 3097 1859 ipsi
3127 1790 3369 1860 undique
3403 1789 3636 1844 formam

2060 1877 2371 1933 indidisset.
2401 1877 2520 1932 Jam
2547 1893 2677 1933 vero
2702 1880 2782 1934 sic
2817 1881 3122 1950 composita
3151 1887 3257 1944 est,
3295 1889 3354 1934 ut
3387 1879 3442 1934 in
3478 1895 3639 1934 mon-

2061 1978 2142 2025 tes
2171 1977 2225 2024 et
2259 1970 2452 2034 clivos,
2503 1963 2673 2027 colles
2703 1980 2757 2025 et
2804 1973 2973 2028 valles
3022 1973 3415 2035 distribuatur,
3467 1981 3640 2044 utque

2059 2063 2307 2126 ﬁumina,
2336 2066 2490 2120 nullo
2525 2066 2700 2130 obice,
2729 2082 2861 2121 suos
2883 2068 2986 2126 sibi
3011 2068 3194 2123 exitus
3223 2075 3452 2136 parent;
3485 2084 3637 2122 mon-

2057 2166 2162 2220 tes,
2199 2158 2350 2211 silva:
2403 2163 2455 2212 et
2496 2157 2723 2213 arbores
2749 2159 3080 2214 animalibus
3113 2159 3482 2229 deputentur;
3519 2159 3635 2230 agri

2058 2257 2112 2303 et
2145 2248 2402 2318 planities
2430 2241 2750 2305 hominibus
2773 2250 2841 2304 ad
2872 2250 3212 2304 domicilium
3240 2259 3294 2306 et
3333 2252 3638 2321 agricultu-

2057 2355 2174 2395 ram
2209 2338 2486 2394 destinata
2516 2342 2649 2396 sint.
2687 2341 2824 2408 Quis
2856 2358 2989 2413 ergo
3023 2359 3134 2397 non
3162 2342 3492 2398 conﬁteatur
3520 2343 3638 2398 hate

2057 2447 2088 2485 a
2137 2433 2368 2503 sapienti
2429 2433 2666 2504 quadam
2709 2434 3055 2504 providentia
3130 2434 3456 2506 proﬁcisci?
3505 2433 3640 2502 Quae

2059 2524 2243 2579 futura
2304 2527 2651 2597 prospiciens
2698 2535 2993 2598 antequam
3050 2529 3334 2598 plenitudo
3380 2537 3538 2584 terra:
3583 2537 3638 2582 et

2057 2634 2178 2690 qua:
2223 2618 2278 2672 in
2309 2634 2373 2673 ea
2406 2627 2534 2674 sunt
2565 2619 2954 2682 consisterent,
2986 2621 3082 2674 tali
3115 2635 3236 2675 eam
3263 2620 3438 2676 forma
3469 2635 3635 2676 exor-

2059 2709 2228 2775 navit,
2259 2711 2694 2780 enngruentibus
2715 2709 3034 2781 mutuisque
3073 2711 3221 2764 illam
3265 2711 3446 2766 modis
3479 2709 3639 2766 eﬁ‘or-

2058 2815 2237 2864 mans,
2302 2807 2363 2855 ut
2422 2801 2680 2856 omnibus
2723 2801 3011 2856 commoda
3064 2801 3342 2857 evaderet.
3405 2801 3639 2873 Mystico

2058 2899 2241 2947 autem
2271 2906 2428 2947 more
2458 2891 2573 2948 haec
2602 2900 2750 2948 terra
2781 2892 2996 2948 Domini
3035 2891 3202 2948 fuerit
3256 2893 3343 2966 [ea
3370 2894 3637 2950 nimirum

2057 2999 2180 3054 qua:
2209 2999 2333 3038 mox
2370 2982 2698 3057 indicatur].

2130 3075 2300 3131 Vens.
2330 3077 2384 3132 5.
2429 3075 2561 3142 Quis
2590 3075 2835 3130 ascendet
2866 3077 2920 3130 in
2963 3085 3187 3131 montem
3232 3075 3494 3134 Domini?
3543 3087 3638 3132 aut

2057 3168 2174 3238 quis
2209 3167 2375 3222 stabit
2406 3168 2461 3220 in
2489 3167 2606 3220 loco
2633 3175 2819 3221 sancto
2843 3167 2997 3236 ejus?
3025 3165 3084 3221 ld
3127 3166 3194 3222 de
3226 3167 3469 3238 perfecto
3489 3169 3636 3225 bono

2059 3275 2124 3314 ac
2153 3259 2219 3314 de
2250 3257 2362 3313 Deo
2391 3256 2572 3313 Verbo
2628 3258 3035 3328 explicandum,
3089 3258 3158 3312 ad
3203 3259 3350 3330 quod
3390 3261 3638 3317 ascendit

2058 3349 2315 3421 quisquis
2347 3363 2678 3420 progressus
2721 3363 2987 3403 cacumen
3017 3349 3138 3420 ejus
3175 3351 3444 3421 attingere
3469 3367 3635 3423 expe-

2057 3444 2143 3498 tit.
2191 3440 2299 3497 Sed
2330 3441 2442 3497 rari
2485 3440 2798 3511 hujusmodi
2834 3449 3001 3507 sunt;
3037 3457 3211 3512 quare
3236 3442 3473 3497 dicitur:
3502 3442 3634 3509 Quis

2055 3536 2297 3590 ascendet
2329 3536 2384 3590 in
2415 3545 2641 3590 montem
2677 3533 2886 3589 Domini
2912 3538 2938 3590 ?
2974 3549 3065 3589 aut
3095 3536 3212 3605 quis
3242 3534 3404 3590 stabit
3442 3536 3495 3589 in
3519 3536 3635 3590 loco

2056 3638 2240 3684 sancto
2267 3629 2380 3698 ejus
2399 3631 2426 3684 7

2151 3720 2321 3779 Vens.
2369 3720 2488 3776 4-8.
2539 3719 2801 3776 Innocens
2847 3719 3090 3774 manibus
3169 3728 3220 3774 et
3271 3719 3466 3772 mundo
3516 3735 3636 3773 cor-

2054 3816 2138 3879 de,
2169 3816 2257 3887 qui
2289 3832 2390 3869 non
2421 3816 2616 3883 accepit
2659 3815 2710 3867 in
2743 3830 2876 3868 vano
2905 3814 3136 3866 animum
3167 3829 3342 3878 suam,
3369 3829 3460 3866 nec
3476 3812 3636 3881 jura-

2056 3909 2126 3960 vit
2168 3908 2221 3960 in
2265 3905 2387 3960 dolo
2440 3922 2682 3975 proximo
2723 3922 2840 3959 suo.
2888 3903 2989 3957 Hic
3045 3903 3263 3972 accipiet
3315 3903 3635 3958 benedictio-

2055 4017 2170 4055 nem
2214 4017 2247 4053 a
2297 3998 2546 4064 Domino,
2607 4007 2657 4053 et
2687 3996 3108 4053 misericordiam
3172 4014 3205 4050 a
3242 3995 3353 4050 Deo
3401 3996 3634 4051 salutari

2056 4107 2175 4145 suo.
2211 4089 2341 4144 Haec
2391 4099 2469 4145 est
2501 4091 2772 4161 generatio
2815 4091 3161 4161 quazrentium
3207 4105 3346 4148 eum,
3393 4105 3633 4158 (μιανθη-

2055 4187 2186 4239 tium
2219 4185 2411 4256 facient
2444 4184 2542 4239 Dei
2590 4181 2780 4240 Iacob.
2838 4180 3176 4249 Diapsalma.
3225 4180 3468 4234 Attollite
3507 4197 3632 4250 por-

2056 4289 2160 4342 tas,
2223 4279 2504 4348 principes,
2543 4287 2786 4341 vestras;
2819 4285 2868 4329 et
2915 4275 3212 4338 elevamini,
3239 4285 3408 4343 porta:
3475 4284 3632 4328 teter-

2054 4373 2224 4436 nales,
2289 4382 2340 4426 et
2423 4371 2666 4425 introibit
2725 4369 2833 4424 Rea:
2897 4370 3102 4439 gloriw.
3200 4368 3332 4434 Quis
3397 4378 3478 4422 est
3535 4368 3632 4422 iste

366 4459 778 4542 εἰσελεύσεται
818 4489 851 4540 ό
895 4486 1196 4552 ,ϐασιλεὺς
1226 4485 1338 4554 τῆς
1375 4486 1578 4554 δόξης.
1637 4488 1730 4552 Τίς
1780 4486 1953 4542 ἐστιν

2057 4464 2166 4519 Rea:
2216 4465 2448 4536 gloriw?
2523 4463 2782 4516 Dominus
2836 4461 2991 4529 fortis
3058 4470 3107 4514 et
3177 4469 3381 4529 potens,
3443 4459 3630 4513 Domi-

369 4573 550 4644 οὗτος
579 4581 611 4631 ό
638 4577 938 4643 ,βασιλεὺς
982 4576 1092 4645 τῆς
1142 4577 1364 4644 δόξης;
1412 4578 1627 4646 Κύριος
1675 4577 1950 4645 κραταιὸς

369 4671 472 4725 καὶ
493 4670 772 4738 δυνατὸς,
802 4672 1018 4739 Κύριος
1059 4669 1316 4735 δυνατὸς
1368 4669 1438 4722 ἐν
1485 4669 1746 4738 πολέμῳ.
1792 4671 1950 4733 Ἴσως

362 4763 430 4816 δὲ
454 4761 544 4816 διὰ
568 4764 670 4834 τῆς
697 4761 943 4825 πεύσεως
971 4761 1066 4815 καὶ
1101 4761 1444 4832 ἀποκρίσεως
1471 4760 1778 4814 διδάσκουσι
1813 4760 1950 4814 πάν-

363 4873 472 4919 τας
530 4853 848 4929 ἀνθρώπους
886 4854 982 4927 τὴν
1032 4853 1349 4908 δεσποτείαν
1399 4852 1494 4906 τοῦ
1556 4853 1762 4925 Κυρίου
1792 4852 1951 4924 ἡμῶν

379 4946 563 5018 Ἰησοῦ
593 4945 849 5019 Χριστοῦ⁶
880 4946 933 4998 εἴ
960 4963 1024 5014 γε
1052 4946 1136 5008 τίς
1167 4945 1211 4998 δ’
1241 4946 1325 5016 οἵῃ
1372 4944 1577 5007 ταύτας
1607 4945 1681 5014 μὴ
1717 4944 1949 5012 ἀγνοεῖν.

366 5041 531 5104 Τινὲς
554 5040 610 5093 δὲ
632 5039 728 5111 τὴν
749 5039 1004 5112 δευτέραν
1048 5038 1240 5092 πεῦσιν
1275 5039 1368 5092 καί
1398 5038 1707 5109 ἀπόκρισιν,
1742 5038 1802 5090 ού
1833 5039 1951 5101 ταῖς

367 5135 454 5187 ἐτι
492 5134 748 5208 ἀνωτέρω
794 5133 1085 5203 δυνάμεσιν
1118 5129 1368 5202 εἰρῆσθαι
1422 5131 1603 5198 φασὶν,
1646 5129 1782 5182 ἀλλὰ
1834 5131 1951 5196 ταῖς

369 5226 583 5288 αύταίς.
625 5225 698 5278 Τό
726 5241 785 5277 τε
818 5223 1097 5294 διάψαλμα
1119 5223 1225 5294 πρὸ
1243 5222 1358 5275 τοῦ·
1395 5224 1598 5290 Ἄρατε
1628 5223 1847 5288 πύλας,
1899 5224 1951 5274 οὶ

368 5317 683 5388 ἄρχοντες,
721 5315 909 5386 ὑμῶν,
935 5316 1208 5386 κείμενον,
1232 5314 1332 5384 τῆς
1366 5312 1630 5384 μελῳδίας
1683 5312 1824 5365 ἔοικε
1853 5330 1950 5383 με-

368 5409 606 5482 ταὸολὴν
628 5408 978 5478 πεποιῆσθαι·
1009 5407 1130 5460 ἐπεὶ
1185 5407 1279 5460 καὶ
1336 5405 1437 5476 τῆς
1493 5405 1732 5468 διανοίας
1760 5403 1949 5468 αὐτῆς.

385 5503 474 5555 Ἐν
500 5502 555 5556 δὲ
579 5501 658 5572 τῷ
681 5501 860 5570 λέγειν
885 5498 1284 5553 εἰσελεύσεσθαι
1305 5499 1488 5563 αὑτὸν,
1528 5496 1826 5568 λεληθότως
1860 5497 1951 5549 καὶ

373 5594 551 5659 ἔξοδον
585 5593 747 5647 αὑτοῦ
806 5591 1042 5667 ᾐνίξατο.
1071 5587 1180 5644 Εἶτ’
1228 5591 1350 5644 ἐπεὶ
1389 5590 1464 5661 μὴ
1521 5589 1677 5658 μόνος
1722 5587 1951 5658 ῆμελλεν

374 5687 598 5740 εἰσιέναι
626 5689 704 5750 είς
749 5687 847 5758 τὴν
872 5685 1036 5739 αὐτοῦ
1100 5685 1400 5755 βασιλείαν,
1456 5683 1632 5746 πάσας
1679 5683 1951 5735 ἀναπετα-

377 5781 570 5852 σθῆναι
598 5779 695 5844 τὰς
724 5779 891 5846 πύλας
919 5783 946 5834 ό
996 5779 1151 5850 λόγος
1198 5777 1621 5853 παρακελεύεται
1681 5774 1768 5830 διὰ
1828 5775 1949 5840 τοὺς

2055 4576 2155 4613 nus
2199 4570 2380 4628 potens
2438 4559 2492 4611 in
2544 4557 2750 4626 pretio.
2793 4555 3052 4609 Fortasse
3087 4553 3124 4606 ii
3176 4569 3272 4622 per
3321 4553 3631 4623 interroga-

2052 4651 2255 4705 tionem
2315 4657 2370 4704 et
2417 4647 2832 4718 responsionem
2885 4659 3077 4698 omnes
3120 4642 3369 4696 homines
3421 4641 3490 4696 de
3532 4641 3632 4695 do—

2053 4741 2264 4795 minatu
2321 4739 2538 4794 Domini
2596 4736 2773 4792 nostri
2847 4735 2976 4790 Jesu
3031 4733 3238 4789 Christi
3289 4733 3626 4789 instituunt:

2054 4834 2101 4888 si
2137 4841 2359 4903 putetur
2407 4841 2594 4884 tamen
2633 4845 2728 4885 eas
2769 4829 2918 4899 ipsas
2965 4826 3243 4898 [caelestes
3299 4824 3627 4897 potestates]

2055 4926 2109 4979 id
2140 4941 2249 4979 non
2297 4925 2575 4994 ignorare.
2639 4920 2780 4976 Sunt
2827 4920 2920 4990 qui
2957 4920 3298 4973 arbitrentur
3330 4918 3628 4972 secundam

2053 5016 2544 5087 interrogationem
2583 5023 2639 5069 et
2678 5012 3096 5084 responsionem
3141 5027 3253 5065 non
3286 5010 3629 5066 sublimiori-

2053 5120 2156 5176 bus
2186 5117 2550 5190 potestatibus
2582 5115 2803 5182 factam,
2836 5115 2930 5169 sed
2962 5112 3157 5167 iisdem
3180 5118 3343 5181 atque
3366 5110 3624 5180 priorem.

2055 5213 2365 5282 Diapsalma
2405 5226 2532 5267 vero
2563 5221 2689 5264 ante
2722 5208 2878 5270 illud,
2918 5207 3160 5261 Attollite
3183 5215 3391 5269 portas,
3431 5203 3624 5274 princi-

2053 5325 2163 5377 pes,
2201 5317 2423 5366 vestras,
2463 5303 2725 5374 positum,
2775 5301 2992 5357 videtur
3032 5300 3282 5355 melodiaa
3313 5298 3490 5354 solum
3525 5295 3629 5348 im-

2055 5399 2413 5454 mutationem
2443 5397 2724 5458 inducere,
2781 5394 2910 5464 quia
2941 5392 3131 5448 eadem
3175 5393 3229 5447 in
3271 5389 3628 5462 sequentibus

2054 5493 2348 5549 sententia.
2394 5491 2530 5544 Cum
2565 5497 2746 5544 autem
2783 5489 3139 5541 introiturum
3160 5486 3347 5554 «ipsum
3409 5483 3506 5549 ait,
3540 5498 3628 5536 ex-

2055 5587 2191 5641 itum
2227 5585 2392 5639 etiam
2427 5583 2546 5652 ejus
2575 5583 2808 5635 latenter
2842 5578 3207 5637 aduiubravit.
3258 5575 3462 5631 Deinde
3497 5589 3628 5630 vero

2054 5679 2182 5748 quia
2217 5692 2326 5732 non
2359 5677 2478 5746 ipse
2526 5677 2678 5730 solus
2728 5674 3035 5727 intraturus
3089 5671 3144 5724 in
3191 5683 3420 5739 regnum
3465 5684 3627 5723 suum

2054 5781 2192 5840 erat,
2231 5780 2417 5844 portas
2448 5784 2638 5828 omnes
2667 5768 2834 5842 pandi
2861 5775 2914 5824 ct
2938 5764 3136 5838 aperiri
3165 5764 3412 5836 iubetur,
3435 5775 3630 5822 eorum
