4122 6454
380 813 382 816 ,
470 760 684 817 Patrem
743 763 1062 818 mansiones
1106 764 1294 818 multa:
1345 771 1475 819 sunt
1494 765 1560 817 ’⁷.

465 365 575 422 2‘33
1089 367 1358 425 EUSEBH
1398 367 1768 426 CESARIEN
1777 365 1882 425 SIS
1916 367 2043 424 OPP

2153 362 2288 422 sus
2323 363 2411 420 ιιι.
2452 373 2532 402 κ-
2569 339 2988 424 ΕΧΕειῖτιοΑ.
3636 372 3748 429 224

469 482 682 539 scilicet
710 497 879 539 causa
911 484 1006 555 qui
1043 498 1171 539 cum
1210 483 1305 539 Dei
1346 482 1488 540 Filio
1518 499 1748 556 regnum
1785 485 2043 540 caelorum

2160 483 2454 556 μέλλοντας
2510 473 2872 556 κληρονομεῖν
2915 485 3015 556 τὴν
3044 463 3324 556 βασιλείαν
3363 485 3470 540 τῶν
3495 485 3748 559 οὐρανῶν

468 577 827 631 consecuturi
874 583 1053 632 erant.
1110 574 1313 632 Multas
1352 575 1556 647 quippe
1592 591 1658 631 ac
1685 574 1936 633 diversas
1984 576 2043 631 ad

2155 579 2252 632 σὺν
2279 575 2357 648 τῷ
2379 573 2496 648 Υίῷ
2526 575 2623 630 τοῦ
2654 577 2813 631 Θεοῦ.
2847 576 3058 640 Πολλὰς
3085 577 3202 649 γὰρ’
3213 576 3417 648 ἀνέῳξε
3443 578 3540 632 καὶ
3559 579 3748 649 διαφό-

467 670 622 742 regni
675 671 943 726 caelorum
995 669 1204 726 aditum
1243 677 1434 739 portas
1461 671 1707 741 aperuit:
1745 685 1870 726 nam
1909 669 2043 740 apud

2156 688 2286 744 ρους
2318 669 2493 735 πύλας
2513 670 2613 742 τῆς
2650 672 2730 735 είς
2762 673 2887 736 τοὺς
2908 672 3171 742 οὐρανοὺς
3195 670 3431 726 εἰσόδου·
3485 672 3608 726 ἐπεὶ
3653 674 3751 728 καὶ

1623 765 1703 818 Ac
1754 763 2050 835 perpendo,

470 868 679 926 quaem,
739 870 871 910 num
931 855 1022 910 hic
1087 857 1336 912 solvatur
1392 857 1626 928 quaestio
1679 857 1900 929 psalmi,
1956 856 2051 927 qui

469 946 553 1004 sic
613 947 809 1003 habet:
866 947 1120 1002 Ascendit
1173 948 1312 1004 Deus
1369 949 1424 1003 in
1466 949 1817 1020 jubilatione,
1864 948 2054 1003 Domi-

467 1057 566 1095 niis
591 1041 646 1095 in
678 1057 800 1095 voce
828 1039 1055 1097 labre".
1127 1039 1228 1096 ilic
1270 1039 1511 1112 Spiritus
1575 1052 1801 1098 sanctus
1849 1041 2053 1112 jubila-

465 1133 673 1190 tionem
735 1147 799 1188 ac
838 1149 1025 1188 vocem
1082 1135 1231 1191 tubae
1286 1134 1459 1192 dedit.
1518 1133 1655 1189 Nam
1703 1136 1760 1189 in
1803 1148 2044 1189 ascensu

469 1223 591 1279 Filii
627 1224 720 1280 Dei
755 1225 810 1279 in
838 1226 1035 1290 caelos,
1083 1243 1179 1298 par
1209 1227 1312 1282 fuit
1350 1228 1456 1299 ipsi
1488 1227 1704 1283 obviam
1736 1227 1848 1283 isse
1885 1241 2052 1297 ange-

469 1317 576 1382 los,
633 1332 746 1372 suze
791 1332 890 1386 pro
942 1317 1262 1374 hominibus
1315 1318 1642 1374 ceconomiae
1668 1319 2049 1383 administros,

467 1419 633 1480 atque
681 1410 992 1465 caelestium
1027 1423 1312 1482 portarum
1368 1411 1514 1468 fores
1569 1410 1676 1482 ipsi
1743 1412 2050 1481 aperuisse,

463 1519 629 1559 voces
658 1504 1048 1574 angelicosque
1079 1505 1372 1570 clamores,
1405 1506 1499 1576 qui
1531 1504 1586 1560 in
1605 1504 1820 1576 psalmo
1856 1503 2049 1560 ferun-

464 1607 575 1662 tur,
629 1597 918 1653 emisisse:
952 1613 1093 1668 quos
1124 1599 1507 1669 jubilationem
1559 1603 1615 1653 et
1649 1611 1840 1652 vocem
1897 1597 2046 1652 tuba:

463 1695 748 1758 nuncupat
782 1688 974 1744 dicens
1003 1706 1016 1742 ε
1047 1689 1296 1744 Ascendit
1317 1688 1460 1744 Deus
1492 1688 1549 1742 in
1566 1686 1914 1758 jubilatione,
1947 1688 2052 1743 Do-

466 1780 643 1834 minus
671 1781 726 1834 in
755 1796 874 1834 voce
901 1779 1062 1835 Iubar.

1012 1975 1246 2031 DAVIDI
1287 1976 1479 2033 XXIV.

533 2071 669 2126 Cum
692 2087 869 2141 neque
897 2071 1164 2142 pSalmus,
1187 2087 1366 2144 neque
1394 2071 1693 2138 canticum,
1719 2087 1896 2142 neque
1917 2071 2046 2142 quid

464 2163 645 2219 simile
680 2163 1036 2228 inscribatur,
1068 2177 1244 2232 neque
1277 2163 1332 2216 in
1370 2163 1531 2217 linem
1562 2162 1678 2216 haec
1707 2160 2045 2229 referantur;

463 2273 527 2310 ac
553 2257 774 2327 quidam
797 2271 1079 2311 sermones
1105 2255 1216 2312 sint
1245 2255 1298 2309 in
1323 2253 1530 2327 Spiritu
1557 2265 1753 2310 sancto
1782 2271 1811 2309 a
1845 2253 2050 2310 Davide

464 2348 788 2418 conscripti,
822 2348 945 2403 ideo
973 2363 1004 2402 a
1037 2348 1263 2419 reliquis
1293 2349 1688 2420 interpretibus
1711 2347 1930 2402 Davidis
1963 2349 2050 2403 in-

463 2440 745 2497 scribitur.
767 2439 901 2496 Jure
929 2440 1182 2496 dicamus
1212 2440 1391 2511 ipsum
1417 2440 1724 2496 doctrinam
1759 2441 2046 2512 complecti

461 2533 830 2589 confessionis
863 2531 972 2588 Deo
1007 2533 1258 2600 emissae;
1291 2549 1400 2604 qua
1438 2533 1588 2604 prior
1619 2533 1838 2603 quidem
1879 2531 2048 2587 David

465 2642 600 2683 usus
635 2627 728 2691 sit,
761 2624 959 2681 deinde
989 2625 1150 2681 nobis
1177 2626 1422 2681 eamdem
1450 2625 1626 2696 ipsam
1648 2625 1961 2693 tradiderit,
1992 2635 2051 2680 ut

461 2718 684 2774 doceret
716 2733 826 2790 quo
855 2727 1016 2788 pacto
1057 2717 1335 2771 infirmum
1368 2734 1643 2788 quemque
1676 2720 1915 2773 animam
1952 2735 2050 2774 cu-

460 2828 583 2868 rare
617 2827 772 2869 suam
805 2826 903 2883 per
933 2809 1340 2866 confessionem
1368 2819 1641 2882 Oportcat.

536 2989 699 3046 Vnus.
729 2991 786 3057 2,
817 2991 871 3046 5.
910 2990 992 3043 Ad
1015 3000 1083 3054 te,
1116 2990 1357 3057 Domine,
1389 2992 1556 3047 levavi
1595 2993 1830 3046 animam
1856 3009 2048 3058 meam;

461 3080 605 3136 Deus
636 3099 802 3147 meus,
833 3083 885 3137 in
915 3092 962 3136 te
985 3082 1216 3152 conﬁdo,
1246 3100 1348 3137 non
1372 3083 1674 3137 erubescam
1701 3100 1718 3138 :
1741 3101 1902 3154 neque
1925 3085 2052 3137 irri-

2155 761 2346 817 πολλαὶ
2381 762 2544 834 μοναὶ
2576 763 2729 836 παρά
2753 763 2830 834 τῷ
2854 764 3053 836 Πατρί.
3082 765 3223 836 Ὅρα
3247 763 3305 818 δέ
3336 765 3385 818 εί
3422 763 3498 837 μὴ
3530 767 3590 820 ἐν
3620 767 3750 820 τού-

2151 872 2265 920 τοις
2291 854 2476 927 λυθείη
2506 853 2573 910 ἂν
2600 854 2661 908 τδ
2695 853 3028 926 ζητούμενον
3061 857 3120 909 ἐν
3140 855 3220 926 τῷ
3243 854 3507 924 φάσκοντι
3523 856 3745 930 ψαλμῷ·

2165 949 2363 1017 Ἀνέϐη
2395 952 2429 1003 ὁ
2455 947 2600 1015 Θεὸς
2665 947 2736 1002 ἐν
2783 946 3133 1018 ἀλαλαγμῷ,
3185 949 3404 1016 Κύριος
3459 949 3531 1002 ἐν
3573 949 3750 1019 φωνῇ

2151 1037 2507 1110 σάλπιγγος.
2562 1038 2829 1094 Ἐνταῦθα
2857 1039 2968 1112 γάρ
3015 1039 3077 1093 τὸ
3121 1039 3348 1112 Πνεῦμα
3377 1041 3439 1095 τὸ
3463 1040 3619 1113 ἅγιον
3653 1044 3754 1098 καὶ

2150 1131 2242 1185 τὸν
2265 1130 2582 1204 ἀλαλαγμὸν
2606 1131 2703 1186 καὶ
2733 1131 2834 1203 τὴν
2862 1131 3048 1204 φωνὴν
3100 1131 3203 1203 τῆς
3231 1132 3533 1204 σάλπιγγος
3557 1134 3752 1189 ἀποδί-

2150 1223 2334 1278 δωσιν.
2381 1224 2471 1279 Ἐν
2490 1223 2600 1296 γὰρ
2623 1227 2690 1296 τῇ
2735 1225 2816 1288 εἰς
2835 1223 3101 1295 οὐρανοὺς
3144 1223 3409 1278 ἀναϐάσει
3458 1223 3555 1279 τοῦ
3611 1224 3750 1280 Υἱοῦ

2149 1311 2244 1367 τοῦ
2273 1311 2433 1377 Θεοῦ,
2463 1314 2590 1378 τοὺς
2617 1311 3118 1384 διακονησαμένους
3161 1312 3309 1384 αὐτῷ
3339 1313 3605 1382 ἀγγέλους
3644 1313 3750 1386 τὴν

2150 1405 2230 1466 εἰς
2260 1401 2583 1475 ἀνθρώπους
2637 1403 2952 1474 οἰκονομίαν
3001 1402 3330 1474 προτρέχειν
3379 1402 3529 1476 αύτῷ
3575 1405 3746 1469 εἰκὸς,

2150 1492 2246 1547 καὶ
2273 1492 2372 1552 τὰς
2401 1491 2688 1565 οὐρανίους
2727 1491 2902 1557 πύλας
2935 1490 3086 1562 αὐτῷ
3133 1487 3598 1564 παρασκευάζειν,
3633 1511 3748 1564 φω-

2148 1585 2247 1649 νάς
2275 1601 2336 1638 τε
2362 1586 2582 1656 ἀφιέναι
2609 1586 2704 1639 καὶ
2735 1583 2864 1656 βοὰς
2890 1584 3208 1654 ἀγγελικὰς.
3230 1583 3332 1648 τὰς
3350 1587 3412 1639 ἐν
3436 1585 3517 1658 τῷ
3543 1585 3743 1657 ψαλμᾷ

2149 1678 2477 1749 φερομένας·
2505 1676 2573 1742 ἃς
2589 1677 2656 1750 δὴ
2686 1677 3004 1749 ἀλαλαγμὸν
3060 1677 3154 1731 καὶ
3208 1678 3394 1750 φωνὴν
3445 1677 3747 1748 σάλπιγγος

2148 1769 2400 1842 ὠνόμασε
2424 1770 2625 1842 φήσας·
2667 1769 2866 1839 Ἀνέϐη
2896 1773 2930 1824 ό
2962 1767 3108 1837 Θεὸς
3141 1769 3212 1824 ἐν
3237 1769 3587 1844 ἀλαλαγμῷ,
3627 1772 3747 1826 Κύ-

2081 1901 2124 1958 B
2144 1881 2277 1934 ριος
2307 1863 2376 1918 ἐν
2404 1860 2578 1934 φωνῇ
2602 1861 2956 1934 σάλπιγγος,

2699 1980 2788 2033 ΤΩ
2824 1979 3024 2032 ΔΑΥΙΔ
3063 1980 3163 2033 KA'
3184 2018 3198 2034 .

2233 2067 2389 2124 Ἐπεὶ
2417 2067 2560 2141 μήτε
2583 2066 2795 2140 ψαλμδς
2821 2068 3242 2141 ἐπιγέγραπται.
3271 2071 3407 2143 μήτε
3436 2070 3570 2143 ᾠδὴ,
3604 2071 3743 2144 μήτε

2147 2178 2202 2214 τι
2234 2158 2344 2213 τῶν
2389 2159 2811 2231 παραπλησίων,
2865 2159 2982 2212 ἀλλ’
3039 2159 3148 2214 οὐδ’
3196 2160 3278 2225 εἰς
3335 2162 3398 2215 τὺ
3431 2160 3582 2225 τέλος
3613 2162 3746 2214 ἀνα-

2151 2253 2428 2325 πέμπεται
2457 2251 2528 2306 τά
2548 2252 2902 2324 προκείμενα·
2931 2251 3078 2321 λόγοι
3097 2252 3152 2306 δέ
3170 2254 3306 2306 εἰσιν
3332 2254 3392 2307 ἐν
3411 2254 3550 2325 ἁγίῳ
3573 2254 3745 2307 Πνεύ-

2153 2364 2284 2418 ματι
2306 2344 2386 2418 τῷ
2409 2344 2572 2399 Δαυῒδ
2597 2344 3100 2416 συγγεγραμμένοι·
3119 2345 3199 2400 διὸ
3229 2345 3380 2418 παρά
3401 2349 3515 2409 τοῖς
3535 2345 3744 2410 λοιποῖς

2151 2441 2512 2512 ἐρμηνευταῖς
2545 2439 2652 2492 τοῦ
2677 2437 2858 2491 Δαυῒδ
2905 2438 3350 2512 προγέγραπται·
3384 2438 3608 2503 εἰκότως
3639 2441 3744 2510 φή-

2153 2549 2318 2604 σομεν
2341 2529 2688 2586 διδασκαλίαν
2722 2531 3000 2604 περιέχειν
3024 2531 3125 2603 τῆς
3173 2531 3311 2604 πρὸς
3343 2531 3435 2585 τὸν
3460 2530 3592 2585 Θεὸν
3623 2532 3742 2597 ἐξο-

2155 2617 2584 2698 μολογήσεως,ᾗ
2623 2623 2839 2694 πρῶτος
2875 2622 2973 2694 μὲν
2998 2623 3160 2688 αὐτὸς
3189 2625 3218 2678 ὁ
3245 2623 3408 2678 Δαυῒδ
3446 2625 3739 2697 ἐχρήσατο,

2151 2713 2343 2768 ἔπειτα
2399 2713 2456 2766 δέ
2509 2713 2603 2767 καὶ
2665 2715 2798 2784 ἡμῖν
2858 2713 3234 2785 παραδέδωκε,
3294 2714 3566 2769 παιδεύων
3593 2714 3741 2781 ὅπως

2149 2806 2256 2880 χρὴ
2291 2806 2594 2878 νοσήσαντα
2621 2805 2720 2878 τὴν
2746 2806 2956 2860 ἑαυτῶν
2981 2806 3310 2879 θεραπεύειν
3331 2806 3510 2881 ψυχὴν
3529 2807 3596 2862 δι’
3625 2808 3742 2877 ἐξο-

2155 2899 2522 2971 μολογήσεως.

2221 2990 2381 3061 Πρὸς
2408 2990 2504 3056 σὲ,
2534 2991 2731 3061 Κύριε,
2767 2985 2884 3064 ἦρα
2926 2990 3040 3061 τὴν
3081 2991 3296 3062 ψυχήν
3332 3011 3473 3062 μου·
3517 2994 3552 3047 ὀ
3594 2993 3743 3060 Θεός

2146 3101 2289 3153 μου,
2329 3082 2428 3136 ἐπὶ
2459 3082 2559 3137 σοὶ
2604 3083 2879 3147 πέποιθα,
2899 3084 2986 3154 μὴ
3034 3085 3540 3156 κατασχυνθειην·
3583 3084 3744 3156 μηδὲ

458 3171 615 3227 deant
643 3191 722 3228 me
750 3173 952 3228 inimici
979 3174 1100 3238 mei,
1125 3175 1315 3228 etenim
1345 3175 1577 3229 universi
1605 3176 1696 3246 qui
1717 3177 1977 3230 sustinent
2003 3185 2043 3230 te

2153 3174 2743 3242 κατατελασάτωσάν
2761 3195 2838 3248 με
2865 3181 2918 3231 οἱ
2951 3178 3153 3248 ἐχθροί
3170 3195 3311 3248 μου·
3335 3177 3436 3231 καὶ
3463 3178 3571 3249 γὰρ
3594 3176 3742 3232 πάν-

459 3284 561 3321 mm
599 3265 1009 3336 confundentur.
1045 3265 1170 3321 Haec
1200 3268 1298 3332 ait,
1333 3269 1492 3337 quasi
1536 3267 1590 3322 in
1618 3269 1789 3322 altum
1821 3277 2043 3326 evectus

2149 3284 2250 3334 τες
2277 3272 2332 3323 οὶ
2381 3267 2791 3339 ὑπομένοντές
2837 3287 2911 3325 σε
2953 3271 3024 3324 οὐ
3070 3269 3157 3340 μὴ
3227 3271 3738 3341 καταισχυνθῶσι.

458 3374 508 3415 et
541 3361 878 3426 translatus;
926 3366 985 3413 ut
1019 3361 1112 3430 qui
1153 3363 1391 3416 animam
1427 3376 1582 3416 suam
1625 3361 1692 3416 ab
1721 3361 1926 3419 infimis
1956 3378 2044 3420 rc-

460 3453 564 3509 ims
593 3453 924 3507 abstractam
956 3453 1244 3508 sublimem
1277 3453 1471 3525 egerit,
1504 3463 1666 3523 atque
1694 3454 1892 3509 aﬂ'ectu
1921 3470 2042 3510 eam

457 3559 678 3602 sursum
719 3560 784 3599 ac
826 3543 937 3599 Deo
971 3544 1207 3600 vicinam
1261 3545 1634 3612 constituerit,
1687 3552 1742 3600 et
1789 3547 2040 3601 mortalia

457 3639 808 3708 humanaque
840 3647 1150 3703 aversatus,
1203 3637 1270 3691 ad
1316 3637 1484 3693 Demn
1528 3653 1587 3693 se
1619 3639 1838 3694 sincero
1877 3639 2044 3695 corde

457 3733 810 3788 converterit.
843 3731 1158 3802 Deindcquc
1192 3732 1305 3786 ait:
1332 3728 1451 3786 Non
1485 3732 1640 3796 mihi,
1678 3731 1774 3788 sed
1807 3733 1905 3788 tibi
1933 3732 2043 3788 Deo

456 3841 578 3881 meo
598 3824 861 3891 conﬁsus,
892 3825 1172 3894 multaque
1193 3839 1326 3879 usus
1357 3823 1578 3887 fiducia,
1607 3825 1772 3879 talem
1807 3839 1921 3880 rem
1955 3839 2044 3894 ag-

457 3933 681 3989 gressus
719 3933 861 3972 sum.
896 3916 998 3983 Qui
1031 3917 1212 3970 omnia
1250 3932 1372 3987 quae
1399 3917 1502 3972 sub
1523 3925 1802 3986 aspectum
1834 3923 1887 3972 et
1916 3933 2044 3971 sen-

459 4027 580 4066 sum
611 4010 816 4064 cadunt
850 4009 1203 4080 contempsit,
1234 4018 1288 4064 et
1313 4010 1378 4064 ad
1411 4011 1797 4079 incorporeum
1835 4008 2043 4063 invisi-

455 4105 728 4175 liilcmque
763 4103 934 4160 Deum
970 4103 1210 4157 animam
1242 4103 1438 4167 erexit,
1485 4103 1675 4171 Deum,
1723 4113 1781 4158 ut
1820 4119 2041 4174 posses-

457 4214 577 4254 sum
615 4199 714 4254 abs
754 4213 812 4252 se
856 4197 1082 4261 bonum,
1128 4195 1357 4251 ﬁdenter
1399 4196 1656 4264 invocat;
1707 4207 2042 4269 quapropter

455 4291 590 4346 dicit
633 4312 645 4345 :
681 4290 822 4344 Deus
855 4307 1022 4353 meus,
1074 4291 1127 4344 in
1164 4300 1211 4344 te
1241 4289 1470 4360 conﬁdo.
1521 4290 1654 4356 Quae
1691 4291 1757 4343 ad
1793 4308 1880 4347 me
1907 4293 2038 4346 atti-

456 4387 608 4444 nent,
643 4381 840 4450 inquit,
878 4380 952 4435 ita
983 4397 1042 4435 se
1076 4381 1298 4435 habent.
1327 4382 1594 4436 Caeterum
1623 4383 1878 4453 precibus
1906 4384 2039 4437 milii

455 4475 749 4543 divinoque
784 4480 880 4527 tuo
911 4473 1117 4527 auxilio
1148 4488 1287 4544 Opus
1309 4482 1416 4538 est,
1444 4483 1592 4529 utne
1617 4490 1646 4528 a
1682 4490 1850 4546 ερορο
1881 4476 2038 4530 alter-

456 4582 591 4630 rem,
638 4581 774 4621 neve
816 4581 916 4620 ceu
950 4581 980 4618 a
1010 4566 1235 4634 praealto
1273 4567 1556 4621 cacumine
1587 4566 1775 4638 lapsus
1809 4575 2032 4623 atterar.

455 4658 637 4725 Quare
668 4657 899 4712 obsecro
927 4673 1190 4727 rogoque.
1221 4673 1289 4713 ne
1313 4658 1382 4714 ab
1404 4657 1644 4714 inimicis
1671 4661 1808 4716 meis
1831 4660 2038 4732 pudore

454 4750 743 4807 suli‘undar
771 4757 826 4806 et
857 4749 1091 4805 irridear
1124 4769 1137 4804 :
1168 4751 1314 4821 quod
1345 4768 1477 4807 sane
1503 4761 1597 4807 tuo
1626 4752 1722 4808 Dei
1753 4755 1856 4809 mei
1881 4757 2038 4809 auxi-

453 4845 528 4898 lio
556 4843 837 4898 obtinebo.
876 4841 1010 4896 Nam
1037 4843 1270 4914 pristina
1302 4845 1520 4914 quidem
1563 4861 1628 4900 ex
1675 4847 1896 4916 proprio
1941 4864 2039 4902 vo-

453 4936 682 4992 luntatis
708 4934 920 4990 delectu
946 4937 1454 5007 proﬁciscebantur,
1483 4945 1542 4992 ut
1565 4937 1774 4994 scilicet
1797 4938 2034 4994 animam

451 5042 628 5084 meam
673 5026 941 5080 arbitratu
993 5043 1116 5082 meo
1162 5043 1258 5083 sus
1302 5027 1478 5099 deque
1507 5041 1766 5102 agerem:
1799 5031 2040 5086 secunda

453 5117 762 5188 patrocinio
793 5125 848 5172 et
882 5117 1132 5174 subsidio
1165 5127 1328 5190 egent
1367 5127 1488 5177 tuo.

531 5382 693 5438 Vens.
726 5384 776 5440 4.
816 5374 1230 5456 Confundantur
1252 5388 1433 5459 iniqua
1459 5397 1668 5458 agentes
1695 5405 2032 5458 supervacue.

457 5475 744 5549 Proposito
775 5479 1032 5536 insistere
1062 5481 1240 5536 solum
1283 5483 1562 5548 convenit,
1611 5499 1789 5554 neque
1821 5495 2035 5541 mutare

455 5570 806 5639 sententiam,
837 5572 922 5626 vel
951 5588 982 5627 a
1023 5573 1129 5629 fide
1156 5573 1411 5630 deiicere.
1443 5573 1580 5631 Nam
1612 5579 1706 5648 qui
1745 5579 2035 5638 instabiles

453 5664 792 5736 mobilesque
823 5672 973 5733 sunt,
1023 5681 1088 5722 ac
1114 5667 1262 5722 omni
1294 5675 1456 5723 vento
1479 5669 1966 5742 circumferuntur,
1999 5675 2031 5729 ii

525 5822 569 5855 ³⁷
609 5821 764 5882 Joan.
801 5824 1008 5896 xtv,v2.
1084 5827 1129 5860 "
1167 5823 1314 5883 Psal.
1354 5841 1514 5899 XLVI,
1552 5829 1605 5884 ϐ.

2151 3357 2339 3412 Ταῦτά
2364 3377 2550 3431 φησιν,
2609 3360 2810 3414 ὡσανεὶ
2861 3361 3070 3434 ἐπάρας
3108 3365 3188 3426 εἰς
3235 3361 3369 3431 ὕψος
3399 3363 3652 3435 μεταθεῖς
3679 3380 3741 3418 τε

2150 3451 2242 3504 καὶ
2277 3450 2615 3524 μετεωρίσας
2641 3451 2751 3507 τῶν
2785 3454 2914 3525 τῇδε
2937 3455 3278 3526 πραγμάτων
3293 3456 3393 3528 τὴν
3423 3455 3618 3510 ἐαυτοῦ
3638 3456 3743 3528 ψυ-

2150 3545 2271 3616 χήν·
2308 3543 2420 3598 ἄνω
2440 3562 2502 3598 τε
2533 3545 2762 3617 πλησίον
2785 3546 2956 3618 αὐτὴν
2986 3546 3078 3600 τοῦ
3109 3547 3244 3601 Θεοῦ
3277 3551 3344 3620 τῇ
3369 3547 3606 3603 διαθέσει
3639 3555 3741 3603 κά-

2149 3641 2425 3710 ταστήσας
2452 3640 2521 3694 δι’
2561 3641 2913 3712 ἀποστροφῆς
2955 3641 3053 3714 μὲν
3085 3640 3193 3695 τῶν
3245 3639 3456 3713 θνητῶν
3503 3641 3598 3694 καὶ
3647 3642 3741 3695 ἀν-

2151 3731 2458 3804 θρωπίνων,
2489 3735 2825 3806 ἐπιστροφῆς
2872 3735 2928 3789 δέ
2959 3734 3187 3808 γνησίας
3219 3735 3316 3806 τῆς
3366 3735 3505 3807 πρὸς
3553 3735 3736 3792 αὐτόν.

2153 3827 2390 3881 Ἔπειτά
2415 3845 2568 3900 φησι·
2591 3829 2761 3882 Τοῦτο
2790 3826 3088 3899 πεποίηκα,
3116 3827 3216 3880 οὐκ
3245 3825 3468 3898 ἐμαυτῷ
3498 3825 3738 3899 θαρρῶν,

2149 3919 2262 3972 ἀλλ’
2291 3920 2384 3972 ἐπὶ
2419 3921 2502 3974 σοί
2531 3919 2608 3992 τῷ
2629 3919 2749 3992 Θεῷ
2775 3938 2875 3992 μου
2903 3917 3200 3983 πεποιθὼς,
3261 3919 3426 3992 πολλῇ
3459 3919 3741 3992 παρρησίᾳ

2148 4012 2448 4084 χρώμενος.
2499 4013 2558 4066 '0
2582 4014 2797 4068 πάντων
2829 4012 2927 4083 μὲν
2979 4011 3089 4065 τῶν
3139 4012 3412 4084 αἰσθητῶν
3451 4014 3545 4067 καὶ
3600 4013 3741 4084 ὁρω·

2152 4102 2329 4173 μένων
2359 4104 2797 4175 καταφρονήσας,
2831 4103 2924 4156 ἐπὶ
2943 4102 2998 4156 δὲ
3023 4102 3115 4156 τὸν
3139 4102 3428 4174 ἀσώματον
3454 4104 3549 4158 καὶ
3576 4092 3741 4176 ἀόρα-

2146 4210 2237 4246 τον
2266 4193 2397 4246 Θεὸν
2435 4193 2530 4266 τὴν
2555 4195 2749 4249 ἐαυτοῦ
2770 4194 2948 4267 ψυχὴν
2973 4195 3204 4266 ἐπάρας.
3265 4195 3341 4258 ὡς
3368 4194 3434 4250 ἂν
3460 4195 3589 4249 ἴδιον
3615 4197 3740 4250 ἐαυ-

2147 4286 2240 4340 τοῦ
2278 4287 2465 4359 κτῆμα
2509 4289 2799 4359 γενόμενον
2839 4287 2930 4341 τὸν
2963 4288 3093 4342 Θεὸν
3125 4288 3501 4342 ἐπικαλεῖσθαι
3524 4289 3734 4362 θαρρεῖ·

2146 4378 2226 4432 διὸ
2251 4378 2418 4448 λέγει·
2481 4380 2544 4433 '0
2596 4381 2740 4446 Θεός
2763 4399 2907 4450 μου,
2933 4381 3030 4434 ἐπὶ
3061 4381 3159 4434 σοὶ
3220 4380 3494 4436 πέποιθα.
3533 4382 3642 4435 Καὶ
3668 4382 3738 4436 τὰ

2149 4473 2276 4544 παρ’
2301 4472 2434 4544 ἐμοῦ
2469 4473 2588 4543 μὲν,
2613 4474 2767 4544 φησὶ,
2799 4473 2990 4529 ταῦτα.
3027 4474 3225 4529 Λοιπὸν
3255 4475 3310 4528 δέ
3331 4475 3496 4547 εὐχῆς
3529 4493 3618 4548 μοι
3636 4476 3736 4539 δεῖ,

2148 4565 2242 4617 καὶ
2273 4563 2372 4634 τῆς
2406 4566 2559 4636 παρά
2581 4564 2675 4618 σοῦ
2716 4564 2810 4619 τοῦ
2865 4565 3000 4619 Θεοῦ
3030 4566 3370 4636 συνεργείας,
3402 4567 3539 4639 πρὸς
3572 4567 3632 4621 τὸ
3661 4569 3735 4640 μὴ

2145 4657 2405 4711 ἐκπεσεῖν
2457 4655 2552 4710 τοῦ
2579 4655 2806 4721 σκοποῦ,
2841 4657 2962 4728 μηδ’
2991 4656 3179 4730 ὥσπερ
3211 4658 3304 4728 ἀφ’
3326 4657 3535 4730 ὑψηλῆς
3561 4659 3738 4730 ἀκρω-

2148 4748 2300 4820 ρείας
2335 4747 2571 4802 πεσόντα
2602 4749 3006 4822 ἀπορραγῆναι.
3038 4749 3129 4803 Διὸ
3162 4749 3354 4821 δέομαι
3384 4751 3478 4804 καὶ
3511 4751 3736 4805 ἱκετεύω

2150 4843 2224 4914 μὴ
2256 4843 2739 4915 καταισχυνθῆναι,
2786 4843 2920 4914 μηδέ
2961 4842 3436 4915 καταγελασθῆναι
3486 4843 3592 4897 ὑπὸ
3629 4843 3736 4896 τῶν

2146 4937 2354 5010 ἐχθρῶν
2381 4953 2503 5010 μου·
2541 4937 2711 4991 ταῦτα
2731 4935 2788 4989 δέ
2821 4953 2912 5007 μοι
2944 4935 3094 4988 ἔσται
3139 4937 3204 4988 ἐκ
3229 4935 3329 5005 τῆς
3355 4935 3456 5005 σῆς
3477 4934 3572 4988 τοῦ
3600 4934 3734 4988 Θεοῦ

2149 5048 2249 5102 μου
2283 5029 2554 5101 βοηθείας.
2587 5028 2668 5082 Τὰ
2695 5029 2792 5100 μὲν
2823 5027 2932 5099 γὰρ
2960 5027 3153 5099 πρῶτα
3193 5027 3252 5094 ἐξ
3281 5026 3424 5098 ἐμῆς
3455 5023 3522 5098 ἦν
3544 5044 3738 5099 προαι-

2148 5123 2370 5194 ρέσεως,
2397 5124 2459 5177 τὸ
2497 5123 2651 5192 ἄγειν
2675 5122 2768 5176 καὶ
2811 5123 2997 5192 φέρειν
3022 5121 3120 5192 τὴν
3151 5118 3390 5192 ἐμαυτοῦ
3427 5118 3606 5191 ψυχὴν
3628 5121 3735 5190 ὅπη

2142 5211 2237 5270 καὶ
2263 5216 2547 5289 βούλομαι·
2574 5215 2643 5270 τὰ
2669 5215 2724 5268 δέ
2750 5215 2978 5286 δεύτερα
3012 5217 3112 5286 τῆς
3143 5213 3244 5285 σῆς
3272 5212 3613 5286 ἀντιλήψεως
3642 5215 3738 5267 καὶ

2142 5309 2459 5381 συνεργείας
2481 5307 2671 5362 δεῖται.

2210 5397 2728 5469 Αἰσχυνθήτωσαν
2755 5401 2810 5452 οἱ
2837 5397 3205 5467 ἁνομοῦντες
3233 5396 3533 5466 διακενῆς.
3559 5396 3737 5452 Μόνον

2141 5490 2430 5562 ὑπομένειν
2455 5493 2522 5563 τῇ
2557 5490 2836 5562 προθέσει,
2870 5490 3004 5562 μηδέ
3036 5490 3414 5562 μεταϐάλλειν,
3444 5493 3539 5546 καὶ⁹
3581 5491 3734 5563 μεθί-

2145 5582 2373 5639 στασθαι
2419 5585 2515 5655 τῆς
2545 5584 2800 5647 πίστεως.
2829 5584 2892 5635 Οἱ
2941 5583 3050 5656 γὰρ
3083 5584 3386 5657 εύρίπιστοι
3421 5584 3517 5638 καὶ
3569 5584 3728 5638 παντὶ

2143 5675 2330 5750 ἀνέμῳ
2358 5675 2781 5750 περιφερόμενοι
2810 5674 3030 5731 πάθοιεν
3059 5677 3123 5732 ἄν
3155 5693 3283 5731 ποτε
3312 5677 3380 5731 τὰ
3403 5678 3503 5750 τῆς
3531 5673 3727 5749 αἱσχύ-
