4122 6454
413 357 523 414 £25

1543 373 1921 432 COMMENTA
1931 376 2047 432 RIA
2088 377 2154 434 IN
2193 380 2534 439 PSALMOS.

3564 398 3674 454 226

407 490 523 580 mc:
549 475 610 529 οὺ
640 477 748 548 μὴν
772 479 864 534 καὶ
891 481 941 535 οί
980 441 1160 553 λέγειν
1205 487 1603 562 μεμαθηκότες·
1649 495 1937 566 ’Υπομένιι

2044 507 2242 556 tcerte
2290 500 2346 556 in
2397 504 2779 561 confusionem
2829 514 2884 562 et
2918 510 3274 580 opprobrium
3311 513 3670 576 delabantur:

403 564 693 636 ὑπέμεινα
723 569 831 624 τὸν
878 574 1112 642 Κύριον.
1152 578 1301 632 Ἀντὶ
1331 581 1389 634 δὲ
1441 583 1559 650 τοῦ,
1602 564 1990 657 ἀνομοῧντες,

396 658 446 709 οἰ
475 657 653 713 λοιποὶ
678 663 774 716 καὶ
803 665 836 735 ἡ
865 665 1087 741 πέμπτη
1121 669 1352 736 ἐκδοσις,
1395 678 1451 728 οι
1505 677 1993 748 ἀποστατοῦντες

395 751 830 844 ἡρμηνεύκασινο
870 759 1058 828 σαφῶς
1106 763 1234 827 τοὺς
1281 767 1623 837 παραϐάτας,
1655 769 1856 844 καὶμὴ
1908 773 1989 844 τῷ

393 843 648 915 προτέρῳ
678 847 888 903 ἑαυτῶν
919 853 1106 924 σκοπῷ
1152 857 1488 928 ἐμμένοντας
1525 843 1989 935 καταισχυνθήσεὲ

395 932 521 987 σθαι
564 937 1000 1013 ἀποφηνάμενοι.
1065 947 1176 1018 Τῆς
1222 948 1331 1022 γὰρ
1382 953 1720 1018 ἀποστασίας
1777 932 1986 1009 ἑαυτῶν

394 1026 605 1097 καρπὸν
638 1029 900 1087 ὑπόκενον
928 1035 1199 1107 εὑρόντες,
1227 1039 1303 1103 ὡς
1333 1039 1399 1094 ἂν
1441 1041 1696 1115 διακενῆς
1743 1043 1978 1098 ἀποστα-

393 1117 656 1188 τήσαντες
678 1123 773 1176 τοῦ
805 1124 963 1191 Θεοῦ,
997 1130 1572 1206 καταισχυνθήσονται.

2091 590 2186 645 sed
2214 607 2324 648 non
2356 596 2580 665 perinde
2609 596 2644 651 ii
2667 599 2762 668 qui
2792 598 2907 655 haec
2932 602 3086 658 effari
3110 604 3446 676 didicerunt,
3475 607 3698 682 ἐξαιρεῖ

2091 693 2246 737 etans
2299 689 2598 756 exspectavi
2650 688 3023 750 Dominum".
3070 692 3247 766 Hujus
3295 705 3475 752 autem
3523 699 3664 766 loco,

2089 774 2274 844 iniqua
2313 789 2543 847 agentes,
2582 781 2775 852 reliqui
2819 785 3140 855 interpretes
3173 802 3237 842 ac
3266 786 3465 855 Quinta
3498 791 3667 848 editio

2087 866 2387 936 deﬁcientes
2436 871 2777 943 interpretati
2819 885 2948 932 sunt
2993 894 3149 950 :quo
3192 883 3662 950 prevaricatores,

2088 975 2301 1015 necnon
2349 977 2446 1019 eos
2483 967 2576 1035 qui
2610 966 2665 1020 in
2698 968 2932 1038 pristino
2981 986 3148 1042 scopo
3194 988 3258 1028 ac
3291 976 3524 1030 consilio
3553 990 3662 1030 non

2086 1063 2531 1120 perseverarunt,
2560 1057 2767 1126 pudore
2793 1059 3104 1118 alliciendos
3123 1079 3245 1120 esse
3268 1073 3460 1134 aperte
3477 1064 3665 1121 decla-

2086 1152 2230 1197 rant.
2255 1143 2552 1216 Postquam
2581 1148 2727 1202 enim
2753 1166 2954 1207 vanum
2983 1153 3307 1226 irritumque
3333 1156 3660 1213 defectionis

387 1227 505 1268 suae
539 1214 778 1273 fructum
822 1219 1304 1294 deprehenderint,
1345 1235 1532 1299 utpote
1561 1230 1656 1300 qui
1687 1228 1892 1287 frustra
1926 1247 1955 1285 a
1996 1230 2108 1288 Deo
2146 1214 2497 1306 desciverint,
2532 1241 2588 1297 in
2622 1243 2882 1313 pudorem
2917 1261 2982 1300 ac
3048 1214 3441 1318 turpitudinem
3501 1250 3654 1306 dela-

464 1419 574 1486 Τὰς
605 1419 783 1491 ὀδοὺς
810 1440 950 1492 σου,
974 1429 1173 1498 Κύριε,
1210 1432 1510 1503 γνώρισον
1535 1453 1659 1505 μοι,
1713 1437 1810 1491 καὶ
1863 1437 1972 1504 τὰς

385 1510 623 1578 τρίϐους
655 1530 772 1569 σου
799 1517 1051 1586 δίδαξον
1068 1540 1164 1592 με.
1226 1524 1554 1596 Ὀδήγησόν
1591 1544 1670 1596 με
1716 1529 1817 1582 ἐπὶ
1854 1530 1972 1599 τὴν

380 1601 674 1669 ἀλήθειάν
695 1624 811 1663 σου
837 1611 939 1666 καὶ
966 1612 1216 1680 δίδαξον
1255 1633 1352 1687 με,
1396 1618 1485 1672 ὅτι
1544 1619 1627 1674 σὺ
1656 1616 1718 1675 εἴ
1748 1624 1782 1676 ό
1824 1623 1968 1688 Θεὸς

378 1699 411 1746 ο
442 1695 646 1766 Σωτήρ
676 1717 817 1768 μου,
849 1705 948 1758 καί
1003 1705 1078 1760 σὲ
1128 1706 1416 1778 ὑπέμεινα
1453 1709 1609 1778 ὅλην
1661 1711 1776 1781 τὴν
1823 1713 1969 1783 ἠμέ-

375 1801 510 1849 ραν.
543 1787 662 1842 Εἰσὶ
690 1790 746 1845 δὲ
777 1793 887 1847 ὁδοὶ
923 1795 1015 1849 τοῦ
1045 1798 1250 1868 Κυρίου
1281 1801 1336 1853 al
1373 1801 1471 1872 τῆς
1509 1801 1764 1874 προνοίας
1795 1806 1960 1860 αὑτοῦ

375 1875 685 1970 διοικήσεις.
713 1882 835 1936 καθ’
863 1884 930 1950 ἃς
991 1887 1059 1940 τὰ
1114 1889 1404 1960 σύμπαντα
1449 1892 1796 1968 διακυϐερνᾷο
1830 1899 1958 1970 περὶ

372 1959 448 2021 ὧν
485 1972 513 2023 ὁ
546 1971 689 2038 θεῖος
743 1975 1061 2042 Ἀπόστολος
1105 1979 1369 2038 διδάσκων
1419 1983 1624 2054 ἔλεγεν·
1662 1959 1730 2040 ’ζΩ
1753 1959 1957 2056 ’,βάθος

371 2062 640 2118 πλούτου
665 2067 764 2119 καὶ
784 2071 1006 2139 σοφίας
1039 2071 1138 2126 καί
1171 2074 1444 2143 γνώσεως
1465 2076 1633 2131 Θεοῦο
1664 2079 1744 2145 ὡς
1775 2081 1953 2146 ἀνεξ-

370 2155 659 2224 ερεύνητα
707 2158 779 2213 τὰ
837 2164 1092 2233 κρίματα
1137 2167 1322 2222 αὐτοῦ
1363 2168 1463 2222 καί
1505 2170 1953 2242 ἀνεξιχνίαστοι

367 2247 427 2297 αι
458 2245 584 2301 ὁδοὶ
612 2250 820 2305 αὐτοῦ.
854 2252 1010 2307 Οὕτω
1055 2255 1110 2309 δὲ
1163 2257 1256 2310 καὶ
1290 2258 1466 2330 τρίὸοι
1518 2260 1684 2314 αὑτοῦ
1741 2257 1850 2316 εἷεν
1893 2265 1950 2318 al

368 2336 506 2390 κατά
544 2340 710 2412 μέρος
747 2343 1042 2416 διοικήσεις
1106 2348 1215 2403 τῶν
1265 2350 1423 2413 ὅλων,
1483 2353 1606 2406 καθ’
1644 2353 1712 2418 ἃς
1759 2353 1949 2428 ὥσπερ

366 2429 824 2504 ἐπιπορευόμενος
853 2435 922 2490 τά
948 2455 1008 2490 τε
1051 2441 1172 2494 κατ’
1206 2441 1434 2512 οὐρανὸν
1478 2444 1572 2497 καὶ
1609 2443 1676 2498 τὰ
1704 2445 1796 2499 ἐπὶ
1843 2448 1947 2519 γῆς

365 2522 424 2590 τῇ
456 2529 790 2598 προνοητικῇ
820 2526 1065 2601 δυνάμει,
1089 2531 1309 2602 τρίϐους
1357 2534 1548 2589 ἑαυτοῦ
1591 2537 1686 2590 καὶ
1719 2540 1946 2610 πορείας

362 2614 470 2675 τοῖς
500 2617 640 2670 νοεῖν
662 2615 978 2688 δυναμένοις
1033 2619 1292 2676 δείκνυσι’
1348 2624 1428 2678 διὸ
1471 2625 1608 2680 κατὰ
1648 2627 1742 2680 τὸν
1793 2628 1943 2700 Σύμ-

361 2715 554 2771 μαχον,
584 2704 818 2777 είρηται,
871 2707 973 2762 καί
1005 2709 1112 2776 τὰς
1152 2714 1394 2781 πορείας
1415 2729 1534 2770 σου
1571 2714 1822 2782 δίδαξον
1841 2736 1937 2788 με.

359 2790 544 2848 Ταῦτα
571 2795 626 2849 δέ
658 2814 726 2868 με
749 2797 1034 2865 διδάσκων,
1069 2804 1360 2878 ὲπίστησόν
1382 2825 1449 2879 με
1473 2811 1538 2881 τῇ
1569 2807 1796 2884 ἀληθείᾳ
1821 2830 1938 2878 σου,

539 2887 598 2941 τὸ
625 2889 700 2962 μὴ
761 2892 1089 2962 σφάλλεσθαι
1133 2897 1570 2969 ψευδοδοξοῦντα,
1627 2904 1722 2958 καὶ
1775 2905 1940 2978 ἕτερα

356 2975 473 3067 ἀνθ’
508 2979 705 3053 ἐτέρων
746 2986 805 3038 ὲν
854 2989 920 3058 τῇ
975 2987 1084 3042 τῶν
1137 2990 1381 3060 φυσικῶν
1415 2993 1619 3067 θεωρίᾳ
1669 2975 1936 3063 δοξάζειν,

354 3066 513 3122 ὁποῖα
542 3074 873 3131 πεπόνθασιν
899 3081 947 3132 oi
975 3080 1068 3134 σοῦ
1092 3082 1186 3136 τοῦ
1230 3082 1366 3136 Θεοῦ
1416 3084 1492 3156 μὴ
1518 3087 1772 3157 τυχόντες
1793 3087 1938 3142 διδα-

353 3160 576 3228 σκάλου,
619 3164 900 3241 λογισμοῖς
921 3172 978 3226 δὲ
1014 3173 1228 3246 θνητοῖς
1257 3176 1351 3231 καὶ
1382 3176 1746 3247 ἀνθρωπίνοις
1771 3198 1936 3238 κατα-

353 3254 744 3346 στοζασάμενοι
792 3260 900 3317 τῶν
965 3266 1342 3337 πραγμάτων,
1394 3270 1489 3322 καὶ
1563 3271 1780 3344 μακρὰν
1834 3274 1933 3346 τῆς

350 3338 610 3410 ἀληθείας
647 3344 1139 3416 ὲξακοντισθὲντες.
1200 3352 1478 3424 Διδαχθεὶς
1505 3338 1574 3408 δὲν
1612 3338 1765 3428 παρά

348 3430 429 3484 ὅτι
463 3435 536 3507 μὴ
570 3437 731 3506 μόνον
765 3439 987 3513 κτίστης
1027 3444 1122 3498 καὶ
1172 3444 1501 3517 δημιουργὸς
1530 3447 1624 3501 καὶ
1668 3448 1801 3514 Θεός
1827 3468 1929 3522 μου

348 3527 656 3598 τυγχάνεις,
687 3529 822 3584 ἀλλὰ
849 3532 942 3585 κα)⁸
993 3534 1184 3608 Σωτήρ
1231 3553 1357 3608 μου,
1413 3539 1640 3604 εἰκότως
1691 3540 1768 3595 σὲ
1811 3544 1928 3596 ὐπ-

347 3619 547 3688 ἐμεινα
567 3620 719 3690 ὅλην
746 3623 862 3692 τὴν
897 3624 1144 3694 ἡμέραν,
1171 3629 1414 3683 τουτέστι
1445 3633 1624 3687 πᾶσαν
1652 3634 1751 3707 τὴν
1781 3633 1927 3707 ζωήν

348 3728 470 3780 μου,
503 3713 859 3787 μεμαθηκὼς,
902 3717 984 3770 ὅτι
1033 3717 1257 3787 πάντες
1300 3725 1354 3776 οἱ
1409 3724 1818 3795 ὐπομένοντές
1851 3743 1927 3783 σε

345 3804 414 3857 οὐ
437 3803 524 3873 μὴ
558 3807 1098 3877 καταισχυνθῶσιν.

411 3897 724 3968 Μνήσθητι
751 3900 869 3956 τῶν
915 3903 1228 3974 οἰκτιρμῶν
1280 3919 1418 3970 σου,
1450 3905 1651 3977 Κύριε,
1698 3910 1798 3964 καί
1850 3914 1924 3966 τὰ

343 3988 480 4059 eam
513 4005 651 4056 σου,
679 3991 768 4046 ὅτι
820 3993 938 4048 ἀπὸ
987 3996 1095 4049 τοῦ
1136 3995 1346 4064 αἰῶνός
1385 4000 1562 4054 εἰσιν.
1609 3999 1922 4070 Ἀμαρτίας

343 4084 619 4150 νεότητός
645 4102 786 4154 μου,
815 4086 913 4139 καὶ
958 4087 1206 4157 ἀγνοίας
1223 4105 1344 4157 μου
1371 4087 1458 4158 μὴ
1478 4089 1781 4159 μνησθῇς.
1805 4093 1918 4163 Οὐχ

346 4175 577 4248 ἡγοῦμαι
613 4176 784 4232 ταῦτα
837 4177 916 4250 τῷ
966 4177 1129 4232 Δαυτδ
1180 4181 1431 4235 τοσοῦτον
1478 4181 1758 4253 ἁρμόζειν,
1793 4183 1916 4238 ὅσον

342 4267 448 4328 τοῖς
472 4265 906 4335 ἐξομολογεῖσθαι
955 4269 1049 4322 ἐπὶ
1093 4271 1208 4334 τοῖς
1237 4269 1502 4340 πρότερον
1525 4272 1914 4344 ἁμαρτήμασιν

337 4359 542 4413 ἑαυτῶν
573 4359 997 4432 διδασκομένοις.
1023 4361 1098 4415 Οὐ
1129 4361 1236 4434 γὰρ
1270 4362 1594 4436 εὑρίσκομεν
1636 4363 1729 4417 τὸν
1752 4363 1915 4418 Δαυῒδ

335 4449 390 4502 ἐν
415 4453 482 4522 τῇ
513 4451 727 4522 νεότητι
755 4449 922 4505 αὐτοῦ
955 4452 1332 4526 ἡμαρτηκότα,
1365 4451 1473 4506 οὐδ’
1499 4454 1557 4506 ὲν
1581 4455 1648 4525 τῇ
1685 4454 1908 4528 παιδικῇ

2145 1413 2311 1474 Vsus.
2348 1419 2400 1473 ὃ.
2445 1421 2569 1476 Vias
2603 1432 2742 1490 tuas,
2785 1425 3030 1492 Domine,
3075 1431 3381 1490 demonstra
3417 1439 3564 1504 milii,
3597 1450 3654 1495 et

2070 1509 2285 1564 semitas
2327 1522 2448 1566 tuas
2479 1514 2636 1570 edoce
2669 1534 2767 1570 me.
2797 1517 2980 1588 Dirige
3015 1537 3096 1574 me
3136 1523 3190 1576 in
3228 1527 3444 1582 ueritate
3476 1537 3567 1584 tua
3598 1541 3648 1586 et

2069 1601 2195 1656 doce
2217 1620 2317 1668 me,
2348 1599 2473 1675 quia
2505 1616 2561 1660 tu
2595 1625 2649 1663 es
2686 1608 2824 1664 Deus
2849 1609 3100 1667 Salvator
3128 1631 3293 1682 meus,
3329 1629 3380 1672 et
3411 1630 3460 1675 te
3480 1626 3646 1678 susti-

2069 1694 2163 1747 nui
2193 1704 2303 1750 tota
2340 1696 2444 1752 die.
2497 1697 2636 1754 Sunt
2682 1716 2846 1770 porro
2890 1703 2991 1758 via:
3019 1702 3256 1768 Domini,
3293 1711 3642 1778 providentiae

2066 1786 2241 1856 ipsius
2293 1789 2819 1859 administrationes,
2876 1797 3035 1866 queis
3084 1800 3266 1854 omnia
3323 1802 3638 1873 gubernat:

2063 1894 2200 1948 quas
2233 1896 2335 1937 nos
2380 1883 2599 1940 divinus
2647 1885 2840 1942 edocet
2874 1888 3170 1958 Apostolus
3206 1893 3290 1949 his
3330 1897 3511 1953 verbis
3543 1919 3556 1954 :
3595 1900 3638 1956 0

2062 1972 2292 2028 altitudo
2321 1975 2630 2031 divitiarum
2658 1979 2935 2048 sapientia:
2966 1992 3016 2036 et
3052 1986 3288 2040 scientia:
3322 1987 3419 2042 Dei
3437 1990 3464 2042 ί
3481 2007 3642 2061 quam

2061 2063 2607 2134 incomprehensibilia
2636 2078 2761 2124 sunt
2781 2071 2992 2140 judicia
3024 2073 3139 2144 ejus
3172 2083 3221 2129 et
3253 2078 3636 2150 inuestigabiles

2060 2158 2156 2209 vite
2191 2155 2306 2224 ejus
2333 2157 2415 2210 ³⁰.¹
2447 2157 2650 2216 Eadem
2687 2177 2816 2216 vero
2859 2163 3073 2219 ratione
3109 2167 3318 2222 semitae
3346 2168 3486 2238 ejus,
3523 2172 3632 2227 sino

2056 2248 2196 2318 gula:
2228 2248 2608 2307 universorum
2641 2253 3146 2313 administrationes
3177 2257 3401 2325 fuerint,
3433 2263 3634 2333 quibus

2055 2339 2303 2394 cmlestia
2333 2347 2661 2412 terrenaque
2687 2359 2786 2398 ceu
2815 2360 3163 2414 percurrens,
3201 2348 3515 2408 [nominibus
3548 2354 3617 2407 in-

2055 2429 2350 2498 telligentia
2389 2433 2630 2502 praeditis
2670 2435 2895 2492 semitas
2941 2452 3376 2510 progressusque
3403 2442 3628 2500 demon-

2052 2528 2192 2576 strat
2232 2538 2398 2590 suos;
2433 2525 2814 2594 quamobrem,
2863 2529 3166 2585 secundum
3213 2530 3624 2603 Symmachum,

2050 2613 2272 2680 dicitur,
2305 2625 2356 2670 et
2390 2631 2696 2688 progressus
2731 2628 2848 2674 tuos
2871 2620 3027 2677 edoce
3061 2640 3159 2678 me.
3186 2622 3300 2680 Hac
3326 2633 3509 2682 autem
3539 2645 3624 2686 me

2047 2704 2300 2762 doctrina
2335 2708 2651 2773 instituens,
2699 2711 2932 2768 veritate
2972 2721 3064 2768 tua
3109 2717 3370 2775 conﬁrma
3407 2737 3524 2789 me;
3555 2739 3622 2780 ne

2049 2796 2200 2852 labar
2234 2796 2387 2855 falsis
2416 2799 2792 2870 opinionibus,
2837 2818 2943 2858 neu
2980 2805 3034 2857 in
3066 2807 3395 2864 naturalium
3439 2827 3620 2868 rerum

2047 2889 2420 2958 speculatione
2453 2891 2559 2944 alia
2590 2892 2854 2947 aestimem
2885 2909 2984 2964 pro
3009 2895 3153 2958 aliis,
3179 2900 3361 2968 qualia
3391 2901 3459 2958 iis
3478 2905 3610 2960 acci-

2043 2979 2242 3035 derunt
2270 2981 2363 3051 qui
2392 2987 2446 3036 te
2477 2980 2588 3038 Deo
2621 2983 2884 3054 magistro
2913 3000 3023 3040 non
3051 2995 3181 3042 sunt
3206 2989 3312 3054 usi,
3349 2992 3442 3046 sed
3474 3009 3620 3050 mor-

2044 3074 2246 3130 talibus
2301 3073 2666 3145 humanisque
2728 3076 3038 3133 ratiociniis
3095 3093 3127 3132 a
3184 3095 3368 3136 rerum
3426 3085 3617 3140 notitia

2042 3166 2389 3230 aberrarunt,
2423 3173 2476 3222 et
2516 3167 2706 3238 procul
2739 3182 2768 3221 a
2799 3169 3029 3225 veritate
3059 3170 3274 3240 disjecti
3309 3182 3460 3229 sunt.
3506 3177 3618 3232 Abs

2037 3265 2092 3314 te
2125 3259 2205 3315 sic
2238 3260 2489 3322 edontus,
2533 3267 2587 3314 te
2623 3273 2734 3313 non
2776 3268 3081 3317 creatorem
3117 3263 3300 3328 modo,
3364 3263 3614 3332 Opificem

2034 3349 2226 3416 Deum,
2290 3350 2386 3407 sed
2432 3351 2595 3406 etiam
2634 3350 2978 3407 Servatorem
3014 3369 3136 3410 esse
3178 3370 3378 3420 meum,
3403 3357 3529 3427 jure
3561 3366 3611 3411 te

2031 3443 2263 3498 sustinui
2297 3452 2408 3497 tota
2441 3442 2547 3511 die,
2599 3442 2653 3498 id
2700 3450 2806 3508 est,
2855 3459 2954 3514 per
2989 3452 3162 3501 totum
3194 3448 3320 3504 vitae
3358 3457 3604 3521 tempus.

2029 3551 2233 3606 gnarus
2260 3536 2472 3592 scilicet
2515 3535 2683 3602 illius,
2719 3537 2949 3592 universi
2981 3540 3071 3610 qui
3107 3541 3366 3596 sustinent
3405 3551 3473 3606 te,
3505 3559 3610 3601 non

2029 3627 2437 3698 confundantur.

2093 3897 2262 3954 Vens.
2315 3897 2372 3966 6,
2419 3899 2470 3954 7.
2521 3897 2872 3954 Reminiscere
2917 3898 3317 3958 miserationum
3364 3911 3593 3962 tnanuu.

2023 3989 2262 4056 Domine,
2301 4000 2350 4046 et
2397 3991 2887 4046 misericordiarum
2935 4000 3149 4045 tuarum
3181 4008 3298 4062 qua:
3331 4009 3366 4047 a
3404 3999 3593 4052 alecula

2018 4091 2164 4138 sunt.
2193 4081 2397 4136 Delicta
2423 4082 2720 4152 juventutis
2758 4099 2887 4138 mea
2914 4091 2964 4136 et
3003 4081 3336 4153 ignorantia:
3365 4102 3508 4140 meas
3534 4105 3591 4142 ne

2019 4175 2338 4230 memineris.
2361 4172 2487 4229 Haec
2508 4189 2618 4229 non
2643 4183 2754 4229 tam
2779 4173 2971 4230 Davidi
3003 4189 3306 4247 congruere
3333 4177 3590 4244 arbitror,

2015 4279 2179 4334 quam
2221 4264 2288 4319 iis
2323 4265 2416 4334 qui
2466 4263 2780 4320 didicerunt
2824 4265 3058 4335 pristina
3089 4275 3312 4336 peccata
3344 4267 3588 4325 confiteri

2015 4372 2136 4414 sua.
2168 4355 2288 4412 Non
2309 4357 2455 4413 enim
2489 4357 2797 4428 reperimus
2839 4356 3095 4415 Davidem
3133 4357 3188 4413 in
3223 4359 3586 4418 adolescentia

2015 4464 2113 4505 sua
2140 4465 2317 4520 neque
2341 4449 2395 4504 in
2420 4449 2646 4519 juvenili
2673 4458 2831 4505 aetate
2856 4464 3148 4520 peccasse;
3174 4450 3267 4506 sed
3294 4467 3470 4522 neque
3493 4470 3582 4524 per

334 4541 538 4612 ἡλικία·
573 4543 689 4596 ἀλλ’
710 4543 822 4598 οὐδ’
845 4546 904 4598 ὲν
932 4544 1123 4617 ἀγνοίᾳ
1159 4544 1546 4616 γεγενημένον.
1575 4546 1789 4616 Μήποτ’
1813 4543 1907 4602 οὗν

2044 4541 2378 4612 gnorantiam
2408 4541 2726 4611 deliquisse.
2761 4539 2901 4595 Num
2931 4540 3098 4612 igitur
3119 4540 3370 4598 doctrina
3398 4544 3578 4601 isthmc

333 4633 366 4703 ἡ
397 4632 712 4687 διδασκαλία
736 4634 812 4698 ὡς
843 4635 990 4708 παρά
1047 4634 1231 4708 ἰατροῦ
1263 4638 1378 4699 τοῖς
1429 4635 1764 4706 νενοσηκόσι,
1807 4639 1903 4692 καὶ

2044 4648 2112 4688 eu
2151 4649 2182 4688 a
2222 4633 2435 4689 medico
2473 4633 2654 4704 aegris,
2691 4643 2746 4690 et
2788 4633 2856 4687 iis
2887 4634 2981 4704 qui
3021 4633 3074 4688 in
3108 4636 3286 4690 aetatis
3318 4635 3451 4692 flore
3491 4636 3579 4692 Dei

332 4724 390 4776 έν
410 4727 476 4796 τῇ
499 4723 599 4794 τῆς
624 4725 839 4796 ἡλικίας
879 4727 1031 4798 ἀκμῇ
1084 4726 1234 4790 ἐντὸς
1253 4727 1566 4797 γενομένοις
1602 4725 1736 4780 Θεοῦ
1764 4726 1905 4795 γνὼ-

332 4833 488 4881 σεως,
512 4820 853 4890 νεωτερικοῖς
885 4819 1278 4892 ἁμαρτήμασιν
1310 4817 1791 4890 ὲγκαλινδηθεῖσιν,
1821 4819 1900 4873 δί-

333 4925 434 4978 κην
468 4911 760 4982 φαρμάκου
789 4911 1175 4984 παραδέδοταις
1201 4911 1276 4976 ὡς
1319 4911 1384 4966 ἂν
1416 4910 1677 4984 μαθόντες
1710 4912 1902 4984 ἐξομο-

333 5004 568 5067 λογοῖντο
587 5001 656 5056 τὰ
683 5003 744 5058 ὲν
772 5003 964 5075 ἀγνοίᾳ
1001 5005 1184 5068 αὐτοῖς
1225 5003 1402 5075 πεπλη
1411 5003 1588 5074 μμελη
1597 5003 1753 5075 μένα,
1776 5005 1902 5058 ἀνα-

332 5089 694 5158 καλύπτοντες
721 5093 800 5166 τῷ
823 5093 961 5166 Θεῷ,
992 5094 1087 5148 καὶ
1130 5094 1320 5165 ὥσπερ
1366 5093 1570 5148 παλαιά
1607 5093 1899 5166 τραύματα

327 5179 425 5251 τῆς
454 5181 659 5236 ἑαυτῶν
689 5183 868 5255 ψυχῆς
886 5183 1326 5256 ἀπογυμνοῦντες
1365 5181 1534 5254 αὐτῷ,
1570 5183 1812 5254 δεόμενοί
1837 5201 1896 5236 τε

331 5272 526 5339 ἰάσεως
553 5278 647 5331 καὶ
674 5275 968 5348 θεραπείας
1022 5279 1204 5347 τυχεῖν
1244 5275 1332 5330 διὰ
1354 5275 1448 5330 τοῦ
1476 5276 1661 5341 ἐλέους
1709 5274 1893 5342 αὐτοῦ,

327 5362 534 5420 ἕνεκεν
558 5371 670 5434 τῆς
704 5369 1112 5439 χρηστότητος
1135 5385 1274 5430 σου,
1311 5369 1507 5437 Κύριε.

401 5457 668 5525 Χρηστὸς
709 5458 810 5512 καὶ
860 5458 1039 5524 εὐθὺς
1064 5461 1096 5514 ὁ
1121 5461 1356 5527 Κύριος,
1387 5458 1484 5513 διὰ
1512 5457 1687 5513 τοῦτο
1715 5475 1894 5528 νομο-

329 5548 564 5617 θετήσει
590 5549 1036 5620 ἁμαρτάνοντας
1061 5551 1130 5604 ἐν
1159 5550 1292 5617 ὁδῷ.
1336 5550 1642 5621 ὀδηγήσει
1688 5550 1896 5619 πραεῖς

326 5639 397 5692 ἐν
417 5641 631 5709 κρίσει,
666 5641 892 5707 διδάξει
929 5640 1136 5710 πραεῖς
1161 5641 1268 5708 τὰς
1287 5641 1466 5708 ὀδοὺς
1497 5641 1702 5696 αὐτοῦ.
1739 5643 1894 5715 Χρη-

400 5801 443 5833 ²ν
483 5798 625 5857 I‘sal.
663 5817 864 5861 χχιιι,
896 5799 951 5856 2.
1029 5801 1074 5834 ³ο
1116 5798 1273 5855 Rom.
1311 5816 1401 5863 ιι.
1438 5802 1525 5858 53.

2009 4725 2201 4780 notitia
2237 4724 2431 4779 imbuti
2473 4729 2624 4787 sunt,
2661 4730 2824 4794 atque
2867 4723 2924 4778 in
2963 4724 3298 4792 juvenilibus
3344 4733 3572 4797 peccatis

2007 4817 2258 4884 volutati,
2306 4816 2466 4888 quasi
2516 4815 2788 4871 medicina
2838 4815 3037 4870 tradita
3087 4816 3205 4871 est?
3245 4824 3303 4871 ut
3355 4819 3574 4887 eruditi,

2005 4917 2231 4980 peccata
2257 4925 2356 4966 sua
2387 4924 2485 4980 per
2524 4908 2888 4980 ignorantiam
2921 4907 3162 4964 admissa
3193 4909 3573 4976 confiteantur,

2005 5004 2233 5074 ipsaque
2280 5001 2393 5058 Deo
2439 5003 2701 5064 revolent,
2747 5018 2811 5058 ac
2850 5011 3109 5072 tanquam
3156 5010 3338 5060 vetera
3382 5007 3571 5061 anima

2005 5111 2120 5152 sua:
2144 5095 2370 5151 vulnera
2399 5095 2504 5166 ipsi
2535 5094 2810 5165 detegant,
2839 5093 3168 5149 medicinam
3198 5101 3252 5149 et
3283 5095 3569 5152 incolumi-

2004 5196 2168 5244 tatem
2196 5195 2450 5258 rogantes
2481 5201 2578 5257 per
2605 5187 3038 5243 misericordiam
3061 5187 3204 5257 ejus,
3235 5199 3450 5259 propter
3477 5189 3564 5244 bo-

2001 5281 2220 5335 nitatem
2249 5289 2417 5345 tuam,
2448 5277 2691 5335 Domine.

2072 5455 2240 5514 Vsus.
2267 5456 2320 5523 8,
2347 5457 2402 5513 9.
2433 5457 2618 5512 Dulcis
2647 5465 2696 5511 et
2726 5465 2898 5511 rectus
2926 5453 3206 5517 Dominus,
3233 5464 3444 5522 propter
3472 5455 3569 5509 hoe

2003 5551 2161 5622 legem
2187 5551 2335 5606 dabit
2361 5550 2779 5621 delinquentibus
2815 5550 2870 5602 in
2902 5548 3005 5602 cia.
3029 5545 3234 5614 Diriget
3263 5553 3558 5599 mansuetos

2001 5643 2058 5696 in
2070 5641 2301 5712 judicio,
2327 5643 2528 5700 docebit
2570 5644 2720 5698 mites
2761 5641 2875 5697 vias
2905 5656 3051 5696 suas.
3103 5636 3286 5692 Dulcis
3308 5675 3327 5706 ,
3361 5637 3556 5709 inquit,
