4122 6454
458 367 558 424 227

1195 366 1458 423 susurru
1497 365 1970 422 cessaremus
2005 344 2496 419 0PP.PARSl|1-
2539 377 2612 400 κ
2649 364 3047 424 exsomnes.

3594 371 3698 426 2‘28

458 497 509 545 et
541 497 722 543 rectus
755 487 1017 542 Dominus
1051 495 1156 551 est,
1189 487 1282 557 qui
1310 487 1478 557 probe
1517 486 1699 541 omnia
1725 485 2020 555 dispensat.

2128 481 2248 544 στός
2279 483 2421 534 ἐστιν
2470 476 2572 533 καὶ
2635 485 2813 552 εὑθὶς,
2850 487 3030 556 φησιν,
3058 487 3086 539 ό
3128 484 3351 555 Κύριος,
3381 481 3440 540 εὖ
3471 486 3706 542 διατιθέο

458 587 772 648 rectamque
804 576 981 647 diligit
1009 578 1174 642 viam,
1205 591 1268 630 ac
1299 584 1549 630 tortuosa
1582 576 1637 629 in
1680 582 1886 629 rectum
1912 574 2025 628 cal-

459 671 559 725 lem
588 667 830 722 deducit.
860 666 1204 737 Quapropter
1230 673 1549 734 peccatores
1580 678 1690 717 non
1717 670 2022 727 aversatur,

458 777 634 831 neque
659 759 885 830 negligit
915 759 1114 814 sinitve
1153 772 1248 811 eos
1287 756 1527 823 peccatis
1557 756 1832 826 corrumpi
1867 756 1982 812 suis
2009 775 2021 810 :

457 854 549 908 sed
582 853 739 923 quasi
767 852 1139 922 perhumanus
1169 849 1454 918 bonusque
1496 846 1753 903 Servator
1783 848 2026 902 inﬁrmo~

458 961 576 999 rum
643 945 767 1015 plus
829 958 994 1013 quam
1047 943 1185 996 bene
1241 941 1558 995 habentium
1605 953 1792 993 curam
1850 941 2021 1009 gerit,

458 1049 620 1108 atque
662 1039 795 1108 ipsis
824 1037 994 1105 legem
1050 1036 1177 1097 dat,
1233 1031 1566 1103 paenitentia:
1587 1031 1704 1087 vias
1751 1031 2021 1094 indicans,

458 1137 710 1203 legesque
731 1146 937 1195 ponens
973 1129 1107 1199 ipsis
1130 1131 1199 1182 ad
1229 1129 1459 1182 salutem
1485 1135 1867 1195 congruentes.
1888 1126 2024 1180 Nam

459 1225 538 1280 vel
576 1225 643 1278 iis
670 1224 760 1292 qui
807 1230 1036 1293 peccant
1065 1222 1148 1274 via
1179 1220 1426 1291 quadam
1476 1220 1668 1274 salutis
1695 1219 2020 1283 ostenditur,

458 1315 706 1369 videlicet
741 1313 1153 1377 conversionis,
1204 1312 1538 1382 paenitentiae
1562 1351 1576 1374 ,
1628 1310 2020 1377 confessionis,

458 1424 572 1477 qum
609 1408 826 1477 quiJem
874 1407 976 1459 alia
1010 1414 1093 1461 est
1125 1420 1154 1457 a
1199 1405 1285 1458 via
1327 1404 1583 1474 perfectis
1621 1403 1754 1458 viris
1800 1402 2019 1457 tradita.

457 1501 586 1555 Nam
611 1517 735 1556 cum
771 1501 940 1570 legem
967 1500 1060 1554 dat
1090 1499 1250 1561 Deus,
1285 1499 1428 1551 viam
1459 1497 1814 1565 peccantibus
1837 1497 2020 1557 aliam,

2130 594 2287 647 μενος
2311 575 2378 630 τὰ
2409 567 2616 641 πάντα,
2665 580 2758 631 καὶ
2795 577 2892 648 τὴν
2942 579 3153 634 εὐθεῖαν
3184 579 3301 633 ὁδὸν
3346 578 3591 646 ἀγαπῶν.
3635 581 3706 634 τά

2127 685 2184 722 τε
2209 668 2395 722 σκολιὰ
2422 669 2503 732 είς
2539 668 2750 724 εὐθεῖαν
2781 670 2950 738 ἄγων.
2995 671 3096 725 Διὰ
3124 672 3283 725 τοῦτο
3308 673 3409 725 οὑκ
3431 672 3685 745 ἀποστρέ-

2128 779 2306 830 φεται,
2339 762 2459 816 οὑδὲ
2490 764 2705 836 παρορᾷ
2733 764 3153 834 καταλιμπάνων
3171 765 3370 828 αὑτοὺς
3385 764 3700 837 φθείρεσθαι

2127 859 2246 918 ταῖς
2291 855 2498 908 ἑαυτῶν
2529 855 2860 926 ἁμαρτ⁹αις⁶
2913 857 3024 910 ἀλλ’
3062 851 3150 910 οἷα
3194 855 3572 928 φιλάνθρωπος
3607 857 3700 910 καὶ

2125 945 2326 1013 ἀγαθὸς
2365 947 2553 1018 Σωτὴρ
2596 947 2891 1000 νοσούντων
2928 947 3124 1018 μᾶλλον
3154 947 3187 1017 ἦ
3222 949 3569 1016 ὑγιαινόντων
3601 949 3701 1018 τὴν

2126 1038 2382 1108 φροντίδα
2413 1043 2675 1092 ποιεῖταιο
2712 1040 2808 1092 καὶ
2832 1039 3042 1103 τούτοις
3080 1040 3379 1110 νομοθετεῖ,
3416 1041 3700 1111 μετανοίας

2124 1131 2277 1193 ὁδοὺς
2310 1131 2626 1194 ὑποδεικνὺς
2656 1132 2857 1197 αὑτοῖς,
2881 1132 2973 1185 καὶ
3003 1129 3198 1201 νόμους
3214 1134 3341 1196 τοὺς
3365 1133 3700 1204 ἁρμόζοντας

2124 1223 2307 1285 αὐτοῖς
2335 1225 2472 1294 πρὸς
2500 1223 2768 1295 σωτηρίαν
2816 1222 3266 1294 παρατιθέμενος.
3305 1225 3462 1276 Ἐστι
3489 1224 3596 1296 γὰρ
3615 1240 3698 1288 τις

2125 1314 2218 1367 καὶ
2242 1315 2359 1377 όδὸς
2379 1317 2491 1378 τοῖς
2530 1315 2928 1386 ἁμαρτάνουσιν
2961 1315 3365 1386 ὲπιδεδειγμένη
3408 1316 3698 1387 σωτηρίας,

2123 1405 2156 1474 ἡ
2186 1402 2289 1473 τῆς
2315 1403 2648 1475 ἐπιστροφῆς
2682 1405 2777 1457 καὶ
2810 1403 3094 1474 μετανοίας
3123 1403 3216 1456 καὶ
3238 1403 3695 1475 ἐξομολογήσεως,

2123 1496 2200 1558 ὡς
2235 1495 2400 1568 ἑτέρα
2453 1495 2587 1550 οὖσα
2639 1499 2788 1566 παρὰ
2830 1497 2928 1568 τὴν
2971 1499 3082 1559 τοῖς
3123 1496 3347 1559 τελείοις
3389 1497 3696 1568 δεδομένην.

457 1595 614 1648 aliam
645 1609 673 1647 a
705 1601 928 1664 peccato
963 1608 1021 1647 se
1061 1593 1526 1656 convertentibus,
1558 1592 1719 1644 aliam
1751 1591 1817 1643 iis
1839 1589 1932 1659 qui
1967 1588 2020 1642 in

2125 1588 2450 1659 Νομοθετῶν
2515 1589 2624 1660 γὰρ
2666 1592 2694 1643 ό
2744 1589 2895 1653 Θεὸς,
2938 1589 3106 1660 ἄλλην
3152 1589 3250 1660 μὲν
3296 1589 3702 1662 ἁμαρτάνουσιν

455 1688 655 1742 virtute
681 1687 991 1758 proﬁciunt,
1021 1687 1181 1740 aliam
1213 1687 1430 1740 demum
1463 1684 1878 1755 perfectioribus
1914 1692 2020 1736 tra-

2122 1679 2240 1732 ὁδὸν
2268 1679 2555 1742 δείκνυσιν,
2587 1680 2849 1752 ὲτέρανδὲ
2875 1683 2987 1746 τοῖς
3015 1681 3430 1752 ἐπιστρέφουσιν
3446 1682 3504 1746 ἐξ
3524 1683 3692 1755 ἁμαρ-

457 1780 551 1832 dit.
583 1777 948 1843 Quamobrem
993 1777 1348 1846 peccantibus
1395 1777 1613 1847 quidem
1656 1774 1800 1828 viam
1837 1781 2020 1828 osten-

2124 1772 2265 1835 τίας,
2319 1773 2413 1825 καὶ
2466 1772 2631 1843 ἄλλην
2663 1773 2824 1826 πάλιν
2855 1776 2967 1836 τοῖς
2997 1775 3055 1827 ὲν
3101 1775 3268 1845 ἀρετῇ
3306 1775 3699 1845 προκόπτουσι,

456 1874 563 1937 dit;
601 1879 920 1924 mansuetos
973 1884 1096 1922 cum
1134 1869 1342 1938 judicio
1406 1846 1639 1938 diriget,
1685 1881 2020 1936 eorumque,

2126 1864 2220 1916 καὶ
2263 1864 2456 1935 ἑτέραν
2494 1868 2605 1928 τοῖς
2661 1865 3031 1937 τελειοτέροις.
3063 1865 3154 1918 Διὸ
3184 1869 3296 1929 τοῖς
3327 1866 3425 1937 μὲν
3455 1868 3675 1938 ἁμαρτὰ

455 1975 640 2037 utpote
675 1964 1059 2037 perfectiorum
1084 2005 1097 2025 .
1145 1980 1332 2019 curam
1389 1971 1573 2034 geret:
1619 1978 1789 2034 quare
1829 1963 2020 2032 dignos

2124 1973 2305 2009 νουσιν
2331 1956 2706 2010 ὑποδείκνυσιν
2729 1957 2845 2010 ὁδόν
2869 1975 2881 1986 '
2913 1957 3036 2020 τοὺς
3066 1957 3123 2010 δὲ
3149 1961 3342 2029 πραεῖς
3361 1958 3614 2028 ὁδηγήσει
3643 1961 3700 2012 ὲν

455 2072 547 2111 eos
583 2056 675 2125 qui
709 2055 849 2108 beati
901 2054 1333 2124 praedicarentur
1373 2053 1684 2114 aestimavit,
1721 2051 2020 2106 secundum

2124 2051 2300 2122 κρίσει
2345 2051 2701 2120 κεκριμένως,
2747 2049 2840 2103 καὶ
2891 2049 3067 2102 αὑτῶν
3101 2050 3354 2120 πρόνοιαν
3381 2049 3701 2120 ποιούμενος

454 2148 624 2203 illud:
678 2147 830 2201 Beati
890 2147 1078 2209 mites,
1108 2147 1354 2216 quoniam
1403 2146 1502 2213 ipsi
1541 2145 1876 2213 possidebunt
1917 2153 2024 2196 ter-

454 2257 567 2293 ram
612 2239 678 2293 ³¹.
721 2237 832 2292 llos
880 2239 1043 2293 etiam
1096 2237 1258 2292 docet
1283 2239 1400 2291 vias
1445 2251 1593 2291 suas.
1647 2235 1790 2291 Loco
1840 2245 2021 2291 autem

456 2333 624 2399 illius,
657 2333 767 2386 vias
799 2345 923 2385 suas
950 2346 968 2383 :
998 2330 1190 2400 Aquila
1217 2337 1271 2384 et
1301 2328 1684 2400 Symmachus,
1710 2330 1846 2383 viam
1870 2345 2023 2384 suam

454 2426 733 2481 dixerunt.
772 2423 905 2477 Nam
935 2439 997 2479 ea
1033 2423 1148 2493 ipsa
1171 2422 1258 2476 via
1301 2423 1553 2476 Salvator
1585 2423 1831 2486 incessit,
1861 2423 2024 2492 prout

455 2517 694 2570 dicitur:
744 2514 943 2568 Discite
990 2531 1022 2566 a
1065 2529 1145 2566 me
1189 2514 1314 2583 quia
1355 2514 1498 2566 mitis
1548 2531 1665 2567 sum
1707 2523 1758 2568 et
1806 2513 2023 2568 humilis

455 2605 606 2660 corde
629 2606 696 2661 ³⁹.
743 2604 942 2660 Eadem
999 2605 1164 2675 igitur
1223 2606 1341 2674 ipsa
1397 2605 1484 2658 via
1542 2606 1664 2659 illos
1707 2605 1928 2660 deducit
1969 2612 2026 2660 et

454 2699 609 2769 quasi
650 2713 812 2751 manu
847 2696 1055 2767 dirigit.
1106 2694 1315 2750 Idcirco
1351 2703 1410 2750 ut
1455 2697 1674 2766 sapiens
1723 2697 2018 2769 legislalor,

455 2792 614 2846 aliam
649 2791 1064 2858 peccatoribus,
1109 2789 1334 2845 mitibus
1382 2794 1608 2844 alteram
1650 2790 1794 2843 viam
1837 2797 2024 2844 osten-

454 2883 552 2937 dit.

521 3144 687 3201 Vsus.
726 3145 814 3200 10.
863 3143 1127 3199 Universae
1162 3145 1260 3200 uia:
1297 3143 1535 3209 Domini,
1561 3144 1929 3199 misericordia
1971 3154 2020 3198 et

453 3241 642 3294 veritas
686 3239 1070 3309 requirentibus
1101 3246 1469 3292 testamentum
1497 3238 1611 3308 ejus
1632 3247 1682 3292 et
1721 3239 2022 3292 testimonia

452 3332 581 3401 ejus.
612 3329 815 3394 Multae,
848 3329 1046 3400 inquit,
1068 3330 1168 3384 viae
1198 3330 1415 3384 Domini
1450 3337 1599 3392 sunt,
1630 3345 1816 3384 verum
1845 3330 2022 3385 omni-

455 3425 555 3478 bus
589 3423 874 3494 prtecurrit
901 3421 1282 3476 misericordia
1305 3421 1424 3490 ejus
1449 3437 1461 3471 :
1498 3437 1623 3475 cum
1644 3420 2021 3476 misericordia

453 3531 618 3585 porro
655 3515 859 3570 veritas
897 3530 1004 3567 una
1035 3514 1320 3583 procedit,
1347 3515 1639 3570 miseretur
1676 3515 1876 3584 quippe
1901 3530 2021 3568 om-

453 3603 600 3656 nium
631 3610 686 3656 et
723 3601 858 3655 nihil
897 3601 1012 3655 odit
1033 3618 1221 3656 eorum
1249 3618 1369 3672 qua:
1398 3603 1525 3658 fecit
1547 3603 1592 3634 ³³
1619 3623 1632 3657 :
1667 3619 1842 3673 neque
1873 3606 2020 3659 enim

454 3693 659 3764 aliquid
689 3693 934 3747 condidit
955 3693 1100 3763 quod
1129 3694 1254 3749 odio
1294 3695 1536 3750 haberet.
1573 3693 1813 3766 Singulis
1856 3696 2021 3764 igitur

453 3787 649 3840 divinae
687 3784 1180 3840 administrationis
1223 3795 1276 3839 et
1313 3785 1668 3852 providentia:
1707 3787 1812 3842 viis
1855 3789 2020 3842 mise-

454 3877 690 3933 ricordia
725 3877 1041 3946 praecurrit,
1092 3878 1527 3931 misericordiam
1563 3880 1763 3932 veritas
1823 3879 2018 3934 subse-

453 3967 656 4035 quitur.
692 3965 762 4019 lis
794 3974 974 4020 autem
1007 3966 1099 4035 qui
1145 3966 1375 4021 sollicite
1415 3968 1722 4036 requirunt,
1762 3969 2020 4038 quaestio-

453 4073 581 4112 num
615 4074 797 4113 veram
831 4059 1080 4112 notitiam
1111 4059 1695 4128 subministratquiait
1729 4061 2016 4125 :Quwrite,

451 4158 500 4204 et
529 4151 821 4214 invenietis,
839 4152 1068 4220 pulsate,
1087 4159 1136 4204 et
1153 4151 1419 4219 aperietur
1441 4151 1584 4205 vobis
1608 4152 1673 4203 ³⁵.
1701 4151 2021 4208 Testamen-

453 4253 566 4297 tum
603 4259 733 4298 vero
765 4243 883 4312 ejus
922 4244 976 4297 in
1012 4259 1208 4314 genere
1249 4252 1552 4313 acceptum,
1588 4253 1814 4299 vocatur
1840 4246 2018 4300 omnis

451 4335 715 4389 divinitus
758 4336 1026 4405 inspirata
1077 4333 1359 4405 Scriptura
1420 4336 1734 4392 hominibus
1792 4337 2016 4391 tradita.

450 4426 784 4482 Testimonia
813 4435 939 4483 sunt
973 4435 1240 4498 quotquot
1268 4430 1322 4483 in
1362 4428 1664 4498 Scripturis
1715 4430 1916 4485 divinis
1949 4431 2018 4485 de

2124 2143 2199 2207 ὼς
2231 2143 2544 2213 βελτιόνων⁹
2613 2141 2694 2195 διὸ
2747 2142 2840 2194 καὶ
2895 2143 3256 2214 μακαρισμῶν
3296 2142 3493 2206 αὑτοὺς
3535 2142 3696 2208 ἀξιοῖ,

2125 2237 2364 2301 κατὰτὸ,
2401 2235 2689 2303 Μακάριοι
2737 2238 2792 2289 οὶ
2829 2235 3054 2302 πραεῖς,
3090 2235 3178 2289 ὅτι
3213 2235 3381 2290 αὐτοὶ
3411 2237 3699 2303 κληρονο-

2118 2328 2390 2398 μήσουσι
2437 2329 2552 2396 τὴν
2596 2328 2731 2398 m’r.
2767 2327 3001 2391 Τούτους
3041 2328 3097 2382 δὲ
3143 2329 3238 2382 καὶ
3265 2328 3504 2382 διδάσκει
3546 2326 3698 2390 όδοὺς

2125 2420 2310 2474 αὑτοῦ.
2359 2421 2504 2474 ’Δντὶ
2549 2419 2605 2474 δὲ
2649 2419 2763 2484 τοῦ,
2798 2419 2977 2486 ὀδοὺς
3007 2419 3215 2483 αὑτοῦ,
3258 2421 3286 2472 ό
3332 2418 3562 2481 Ἀκύλας
3601 2419 3696 2470 καὶ

2123 2515 2152 2566 ὁ
2178 2512 2492 2584 Σύμμαχος,
2521 2512 2663 2566 ὀδόν
2677 2511 2915 2575 ἑαυτοῦ,
2937 2513 3154 2584 ἔφησεν.
3179 2513 3392 2582 Ταύτην
3410 2512 3516 2583 γὰρ
3535 2511 3695 2574 αὑτὸς

2123 2607 2152 2658 ό
2181 2606 2372 2676 Σωτὴρ
2417 2605 2620 2658 ὥδευσε
2653 2605 2751 2675 τὴν
2791 2605 2908 2658 ὁδὸν
2940 2605 3081 2658 κατὰ
3107 2604 3168 2658 τὸ
3201 2604 3520 2675 λελεγμένον
3546 2619 3560 2635 υ
3581 2601 3697 2656 Μά-

2125 2698 2254 2749 θετε
2282 2696 2383 2750 ἀπ’
2406 2696 2550 2766 ἐμοῦ
2585 2695 2673 2749 ὅτι
2694 2695 2882 2765 πρᾶός
2907 2700 3022 2767 ειμι
3044 2698 3143 2751 καὶ
3158 2697 3435 2764 ταπεινὸς
3459 2695 3535 2766 τῇ
3554 2712 3695 2763 καρ-

2123 2781 2242 2850 δίᾳ.
2270 2783 2428 2836 Κατὰ
2457 2782 2666 2855 ταύτην
2687 2781 2780 2838 οὖν
2829 2786 2976 2854 ἄγων
3018 2789 3233 2852 αὐτοὺς,
3285 2787 3476 2858 όδηγὸς
3516 2785 3695 2841 αὑτῶν

2125 2874 2218 2928 καὶ
2242 2877 2580 2946 χειραγωγδς
2603 2877 2842 2946 γίνεται·
2880 2878 3066 2951 διόπερ
3093 2879 3168 2943 ὡς
3194 2879 3354 2950 σοφὸς
3379 2879 3691 2952 νομοθέτης,

2125 2967 2290 3038 ἄλλην
2321 2970 2420 3040 μὲν
2465 2971 2581 3024 ὁδὸν
2634 2971 2965 3025 ἐπιδείκνυσι
2992 2974 3101 3036 τοῖς
3120 2973 3542 3044 ἁμαρτάνουσιν,
3573 2970 3693 3024 ἐτέ-

2129 3075 2227 3129 ραν
2249 3059 2306 3114 δὲ
2332 3063 2443 3125 τοῖς
2461 3062 2675 3133 πράοις.

2195 3150 2392 3206 Πᾶσαι
2438 3155 2498 3207 αἱ
2540 3153 2667 3207 ὁδοὶ
2700 3155 2920 3222 Κυρίου
2956 3155 3129 3221 ἕλεος
3160 3154 3256 3209 καὶ
3297 3153 3544 3222 ἀλήθεια
3569 3153 3694 3220 τοῖς

2119 3239 2431 3310 ἐκζητοῦσι
2481 3243 2596 3313 τὴν
2629 3247 2924 3315 Διαθήκην
2967 3247 3153 3301 αὑτοῦ
3183 3246 3278 3301 καί
3315 3247 3387 3301 τὰ
3403 3248 3692 3316 μαρτύρια

2121 3333 2324 3387 αὑτοῦ.
2352 3335 2551 3388 Πολλαὶ
2583 3337 2701 3407 μὲν,
2737 3338 2920 3408 φησὶν,
2951 3341 3004 3392 αἱ
3037 3339 3144 3392 ὁδοὶ
3168 3338 3261 3392 τοῦ
3292 3340 3515 3412 Κυρίου,
3555 3339 3692 3410 πλὴν

2121 3423 2234 3476 ἀλλ’
2256 3426 2313 3477 έν
2342 3426 2543 3490 πάσαις
2569 3427 2630 3481 τὸ
2658 3427 2804 3492 ἔλεος
2833 3428 2997 3482 αὑτοῦ
3026 3431 3342 3502 προτρέχει·
3368 3430 3445 3502 τῷ
3472 3448 3531 3483 τε
3554 3430 3694 3484 ἐλέει

2123 3515 2495 3585 συμπαρορμᾷ
2516 3517 2548 3585 ἡ
2573 3515 2797 3587 ἀλήθεια
2820 3535 2834 3548 ο
2876 3518 3017 3570 ἐλεεῖ
3049 3518 3156 3591 γὰρ
3179 3519 3247 3572 τὰ
3275 3519 3402 3573 ὄντα
3424 3520 3518 3573 καὶ
3539 3519 3690 3573 οὐδὲν

2122 3600 2462 3670 βδελύσσεται
2522 3599 2595 3658 ὧν
2630 3607 2910 3676 ἐποίησεν·
2961 3609 3078 3662 οὑδὲ
3120 3608 3226 3681 γὰρ
3287 3608 3457 3680 μισῶν
3481 3627 3532 3662 τι
3561 3627 3690 3663 κατ-

2121 3696 2400 3751 εσκεύασε.
2421 3699 2556 3752 Καθ’
2581 3701 2815 3771 ἑκάστην
2832 3703 3006 3756 τοίνυν
3034 3704 3149 3757 ὁδὸν
3167 3704 3266 3774 τῆς
3287 3703 3380 3756 τοὺ
3402 3704 3535 3757 Θεοῦ
3562 3705 3689 3758 διοισ

2121 3793 2332 3862 κήσεώς
2370 3811 2429 3846 τε
2471 3796 2562 3848 καὶ
2610 3797 2862 3867 προνοίας
2894 3797 2951 3851 τὸ
2990 3798 3134 3862 ἕλεος
3178 3799 3342 3852 αὑτοῦ
3378 3799 3689 3871 προτρέχει,

2120 3883 2310 3938 ἕπεται
2355 3885 2413 3938 δὲ
2462 3887 2537 3958 τῷ
2570 3888 2768 3959 ὲλέῳή
2815 3890 3056 3958 ἀλήθεια.
3097 3894 3222 3956 Τοῖς
3269 3892 3313 3945 δ’
3353 3891 3687 3963 ἐκζητοῦσιν,

2120 3975 2557 4048 ἀσχολουμένοις,
2603 3981 2632 4031 ὁ
2673 3978 2871 4032 εἰπών·
2917 3983 3174 4050 Ζητεῖτε,
3206 3983 3302 4036 καὶ
3363 3982 3686 4051 εὑρήσετε,

2121 4071 2380 4136 κρούετε,
2445 4073 2543 4126 καὶ
2571 4075 2951 4145 ἀνοιγήσεται
2970 4078 3130 4147 ὑμῖν,
3166 4078 3268 4150 τὴν
3294 4081 3421 4152 περὶ
3456 4080 3565 4133 τῶν
3589 4079 3688 4150 ζη-

2119 4161 2396 4231 τουμένων
2446 4164 2700 4236 ἀλήθειαν
2758 4170 3138 4240 παραδίδωσιν.
3167 4171 3407 4243 Διαθήκη
3437 4172 3493 4224 δὲ
3523 4171 3687 4226 αὑτοῦ

2119 4252 2348 4319 γενικῶς
2379 4256 2469 4308 καὶ
2499 4258 2618 4310 καθ’
2641 4258 2760 4312 ὅλου
2798 4260 3106 4330 ὠνόμασται
3138 4264 3286 4314 πᾶσα
3319 4264 3350 4333 ἠ
3382 4262 3689 4334 ἀνθρώποις

2119 4344 2481 4415 παραδοθεῖσα
2512 4347 2860 4414 θεόπνευστος
2882 4351 3091 4423 Γραφή.
3117 4351 3406 4424 Μαρτὺρια
3431 4352 3487 4405 δὲ
3524 4353 3686 4406 αὑτοῦ

2118 4436 2374 4506 τυγχάνει
2411 4440 2615 4510 ἧτοιτὰ
2640 4443 2988 4514 προφητικῶς
3016 4446 3142 4516 περί
3176 4444 3338 4497 αὑτοῦ
3381 4445 3437 4497 ἐν
3477 4448 3542 4516 τῇ
3568 4445 3686 4516 θείᾳ

456 4521 548 4574 illo
583 4520 899 4590 prophetice
949 4519 1234 4582 feruntur,
1287 4529 1381 4575 aut
1412 4539 1532 4593 quae
1561 4523 1630 4577 ab
1676 4523 1796 4590 ipso
1825 4524 1892 4578 iis
1921 4525 2014 4593 qui

2122 4532 2307 4602 Γραφῇ
2366 4533 2850 4604 μεμαρτυρημένα,
2909 4535 2940 4606 ἢ
2994 4535 3062 4589 τὰ
3108 4536 3250 4590 κατὰ
3293 4537 3686 4610 διαμαρτυρίαν

455 4614 507 4668 in
527 4614 689 4668 rebus
705 4613 904 4667 divinis
936 4611 1316 4678 instituuntur,
1335 4615 1716 4670 testiﬁcatione
1748 4615 2013 4681 adhibita,

451 4714 715 4778 praecepta
749 4714 895 4762 sunt.

518 4815 684 4873 Vens.
714 4817 800 4882 12,
836 4819 920 4872 13.
966 4817 1098 4885 Quis
1130 4829 1206 4872 est
1233 4819 1383 4872 homo
1409 4821 1498 4890 qui
1529 4822 1674 4874 timet
1695 4819 2018 4875 Dominum?

449 4911 608 4980 legem
639 4919 831 4962 statuet
861 4911 907 4962 ei
932 4909 984 4962 in
1014 4911 1126 4966 via.
1155 4926 1312 4980 quam
1349 4911 1520 4982 elegit.
1573 4913 1766 4966 Anima
1802 4915 1914 4982 ejus
1959 4914 2014 4967 in

447 5003 593 5057 bonis
627 5001 1006 5067 demorabitur,
1028 5012 1075 5055 et
1100 5017 1272 5055 semen
1301 5003 1413 5071 ejus
1441 5004 1771 5058 hwreditabit
1795 5015 2012 5061 terram.

2125 4625 2215 4677 ὑπ’
2260 4623 2426 4677 αὑτοῦ
2477 4628 2588 4687 τοῖς
2624 4626 2693 4679 τὰ
2738 4624 2856 4679 θεῖα
2908 4627 3311 4698 παιδευομένοις
3376 4631 3688 4702 παρηγγελ-

2125 4716 2281 4786 μένα.

2197 4828 2291 4894 Τίς
2321 4830 2492 4882 ἐστιν
2517 4829 2824 4898 ἅνθρωπος
2853 4834 2885 4886 ὁ
2909 4833 3276 4903 φοϐούμενος
3301 4835 3408 4889 τὸν
3430 4838 3686 4904 Κύριον;

2119 4919 2504 4988 νομοθετήσει
2533 4921 2692 4986 αὐτῷ
2709 4921 2780 4973 ἐν
2802 4920 2937 4987 ὀδῷ,
2961 4917 2999 4993 ᾗ
3031 4924 3364 4990 ᾐρετίσατο.
3409 4926 3479 4981 Ἠ
3512 4925 3683 4995 ψυχὴ

2116 5011 2303 5064 αὑτοῦ
2334 5011 2404 5064 ἐν
2437 5011 2677 5081 ἀγαθοῖς
2725 5013 3181 5081 αὐλισθήσεται,
3211 5016 3309 5070 καὶ
3345 5015 3411 5070 τὸ
3449 5018 3686 5084 σπέρμα

447 5095 668 5161 Audiat,
704 5095 910 5164 inquit.
940 5094 1188 5164 quisquis
1221 5095 1373 5150 timet
1403 5095 1710 5165 Dominum,
1745 5110 1907 5168 atque
1958 5098 2013 5152 in

2122 5101 2302 5157 αὑτοῦ
2347 5103 2788 5173 κληρονομήσει
2818 5103 2954 5174 γῆν.
3014 5104 3302 5170 Ἀκουέτω,
3339 5108 3492 5177 φησὶ,
3529 5110 3686 5171 πᾶςό

449 5199 578 5247 una,
614 5198 776 5254 quam
805 5183 985 5253 elegit,
1022 5184 1109 5237 via
1152 5185 1376 5249 incedit,
1419 5185 1678 5255 quidnam
1714 5188 1814 5256 ipsi
1852 5203 2016 5243 even—

2122 5193 2452 5265 φοϐούμενος
2499 5195 2590 5248 τὸν
2633 5196 2856 5266 Κύριον,
2904 5196 3030 5267 μίαν
3056 5215 3116 5249 τε
3135 5196 3250 5250 ὁδὸν
3277 5198 3342 5268 ἧν
3399 5197 3467 5252 ἂν
3515 5200 3687 5252 ἕλοιτο

449 5287 632 5332 turum
664 5276 756 5330 sit.
790 5274 855 5328 Et
889 5291 1036 5330 nunc
1069 5275 1286 5345 quidem
1317 5277 1408 5331 ille
1444 5277 1601 5333 malis
1635 5276 1917 5341 aﬂicietur,
1954 5287 2015 5332 ut

2122 5285 2585 5357 διαπορευόμενος,
2619 5285 2673 5338 τί
2705 5285 2868 5338 αὑτὸν
2906 5286 3210 5357 περιμένει.
3248 5288 3361 5342 Νῦν
3395 5289 3493 5359 μὲν
3520 5306 3686 5343 κακο-

448 5384 548 5440 par
573 5375 678 5431 est,
710 5367 911 5438 quippe
941 5367 1034 5438 qui
1080 5367 1361 5438 religionis
1406 5381 1470 5421 ac
1497 5367 1716 5437 pictatis
1757 5367 2013 5422 certami-

2122 5377 2374 5448 παθήσει,
2405 5374 2493 5432 οἷα
2537 5378 2704 5441 εἰκὸς,
2753 5376 3220 5448 ὲγγυμναζόμενος
3241 5383 3350 5444 τοῖς
3369 5381 3469 5449 τῆς
3502 5381 3685 5435 θεοσε-

450 5461 613 5515 nibus
642 5466 982 5516 exerceatur.
1031 5459 1099 5514 At
1129 5461 1234 5514 erit
1262 5468 1475 5528 tempus
1516 5474 1624 5529 quo
1671 5459 1850 5514 anima
1891 5460 2011 5529 ejus

2122 5467 2268 5532 σείας
2292 5469 2471 5532 ἄθλοις
2491 5485 2505 5499 ο
2538 5468 2688 5522 ἔσται
2717 5467 2774 5520 δὲ
2810 5468 2998 5539 καιρὸς
3025 5470 3262 5540 ὁπηνίκα
3293 5473 3326 5542 ἡ
3348 5471 3492 5543 ψυχὴ
3517 5471 3682 5526 αὑτοῦ

450 5557 504 5610 in
537 5553 696 5610 bonis
736 5552 1140 5608 demorabitur:
1190 5553 1513 5622 quibusnam
1575 5552 1629 5606 in
1689 5553 1867 5617 bonis,
1904 5553 2010 5608 nisi

2122 5559 2174 5612 ἐν
2212 5559 2432 5627 ἀγαθοῖς
2468 5559 2845 5629 αὑλισθήσεται
2870 5574 2883 5587 ·
2937 5557 3110 5621 ποίοις
3141 5559 3196 5612 δὲ
3227 5560 3449 5628 ἀγαθοῖς
3487 5560 3520 5633 ἦ
3554 5563 3682 5634 περὶ

447 5647 515 5704 de
541 5646 741 5718 quibus
777 5644 985 5700 dictum
1023 5652 1142 5700 est:
1179 5643 1311 5710 Quae
1343 5645 1524 5698 ocatur
1561 5660 1661 5698 non
1698 5643 1822 5698 vidit
1857 5644 1922 5710 ³⁸,
1955 5652 2010 5699 et

2122 5641 2190 5703 ὧν
2209 5648 2460 5721 εἴρηταιο
2507 5651 2565 5703 Ἃ
2614 5649 2919 5719 ὀφθαλμὸς
2945 5652 3056 5705 οὐκ
3099 5647 3252 5717 εἶδε,
3295 5653 3386 5705 καὶ
3419 5651 3486 5706 τὰ
3519 5652 3680 5724 έξῆςς

519 5801 562 5834 ⁸⁸
597 5801 784 5858 Matth.
823 5818 890 5864 v,
930 5801 980 5856 4.
1059 5801 1101 5834 ³¹
1142 5800 1330 5857 Matth.
1372 5817 1458 5865 ιι,
1491 5801 1578 5856 ‘29.
1660 5801 1702 5834 ³³
1745 5800 1874 5868 Sap.
1910 5819 1998 5868 ιι,

2122 5847 2125 5858 .
2205 5805 2249 5837 ³⁸
2289 5804 2477 5862 Matth.
2516 5821 2613 5872 vu,
2656 5807 2707 5864 7.
2784 5808 2828 5841 ³⁸
2868 5807 3048 5864 lCor.
3086 5821 3124 5862 ll
3150 5847 3164 5872 ,
3203 5808 3258 5862 9.
