4122 6454
390 354 504 410 229

1516 348 2020 404 COMMENTARIA
2057 349 2123 403 IN
2165 346 2500 403 PSALMOS.

3532 349 3640 406 250

375 473 454 526 Τό
479 487 544 540 γε
567 470 666 541 μὲν
695 468 913 539 σπέρμα
937 509 952 534 ,
999 469 1135 539 ὅπερ
1169 465 1495 521 κατεϐάλετο
1543 470 1601 520 ὲν
1627 472 1695 540 τῇ
1727 472 1797 540 γῇ
1831 471 1952 524 καθ’

2062 467 2291 524 caetera?
2341 466 2540 522 Semen
2573 480 2742 536 porro
2773 468 2925 537 ejus,
2971 468 3117 538 quod
3161 467 3214 522 in
3263 477 3467 523 terram
3509 469 3642 538 iecit

374 563 441 615 ὃν
467 559 808 615 ἐπολιτεύετο
838 560 930 612 ἐπὶ
969 560 1071 630 γῆς
1115 559 1325 630 χρόνον,
1357 558 1584 622 πολλοὺς
1614 560 1956 633 κληρονομή-

379 672 484 716 σει,
514 651 785 724 σωτηρίας
821 652 990 704 αῖτιον
1045 650 1329 720 γινόμενον
1364 650 1598 715 πολλοῖς.
1643 652 1871 723 Σπέρμα
1900 653 1958 706 δὲ

375 747 431 798 τί
459 744 524 798 ἂν
558 744 730 807 εἴποις
769 743 802 814 ἢ
845 742 944 813 τὴν
983 741 1331 796 διδασκαλίαν
1363 743 1457 796 καὶ
1488 744 1617 805 τοὺς
1647 742 1838 811 λόγους
1866 743 1959 796 καὶ

374 838 449 892 τά
501 839 929 910 συγγράμματα,
991 837 1024 908 ἢ
1080 837 1205 901 τοὺς
1236 835 1376 890 κατά
1421 836 1553 890 Θεὸν
1594 837 1742 908 αὐτῷ
1768 855 1960 909 γεννη-

380 929 577 993 θέντας
617 930 709 983 xui.
760 928 1196 1000 μαθητευθέντας
1221 929 1460 1001 ἄνδρας;
1501 929 1568 982 δι’
1593 926 1667 986 ὧν
1698 932 1792 984 καὶ
1821 931 1958 1000 μετά

377 1023 480 1096 τὴν
495 1025 552 1076 ὲν
575 1023 797 1087 ἀγαθοῖς
825 1025 1130 1077 ἀνάπαυσιν
1173 1023 1338 1077 αὐτοῦ
1374 1025 1556 1097 μυρίοι
1579 1025 1677 1096 τῆς
1706 1025 1857 1099 παρά
1879 1027 1958 1098 τῷ

379 1114 501 1186 Θεῷ
557 1115 920 1187 κληρονομίας
986 1115 1300 1181 τεύξονται,
1364 1116 1458 1170 ἆτε
1515 1117 1734 1186 ἀγαθῶν
1786 1136 1957 1191 σπερ-

381 1208 568 1279 μάτων
596 1210 846 1280 τυχόντες
899 1210 990 1262 καὶ
1045 1209 1381 1282 ὠφελημένοι
1414 1209 1512 1281 τὴν
1540 1209 1720 1264 ἔνθεον
1752 1229 1960 1283 καρπο-

379 1301 593 1373 φορίαν.

452 1393 799 1462 Κραταὶωμα
829 1393 1041 1460 Κύριος
1070 1392 1188 1446 τῶν
1211 1393 1594 1463 φοϐουμένων
1625 1394 1831 1459 αὐτὸν,
1858 1395 1958 1451 καὶ

377 1482 418 1549 ἡ
467 1483 724 1550 Διαθήκη
772 1481 958 1537 αὐτοῦ
1013 1483 1120 1537 τοῦ
1169 1483 1438 1552 δηλῶσαι
1481 1487 1705 1552 αὐτοῖς.
1759 1487 1816 1540 Ὀ
1859 1488 1957 1557 μὲν

390 1575 643 1640 Ἀκύλας,
665 1577 1002 1645 ἁπόρῤητον
1024 1578 1242 1646 Κυρίου
1269 1579 1345 1650 (ι)
1367 1558 1660 1646 ἐξέδωκενῖ
1679 1581 1708 1632 ὁ
1729 1582 1785 1635 δὲ
1808 1585 1956 1655 Σύμ-

378 1685 575 1738 μαχος,
611 1670 1066 1738 ὀμιλίαΚιῬίου·
1097 1673 1125 1724 ὁ
1143 1671 1200 1724 δὲ
1229 1670 1520 1727 Θεοδοτίων
1541 1674 1636 1727 καὶ
1663 1676 1694 1745 ἡ
1731 1675 1954 1748 πέμπτη

373 1759 608 1826 ἔκδοσις,
633 1760 972 1830 μυστήριον
993 1763 1232 1831 Κυρίου.
1269 1763 1548 1818 Ἐντεῦθεν
1580 1764 1687 1837 γὰρ
1720 1767 1799 1829 είς
1833 1785 1956 1820 τοσ-

376 1852 552 1926 αύτην
621 1853 787 1926 ἧλασε
832 1855 1204 1926 μακαριότητα
1251 1855 1280 1907 ό
1323 1855 1579 1928 ἀνωτέρω
1645 1858 1960 1929 προλεχθεὶς

379 1945 716 2017 φοϐούμενος
745 1945 949 2018 Κύριον
993 1946 1058 1999 ἐκ
1091 1945 1183 1999 τοῦ
1229 1945 1443 2017 ὁμιλίαν
1481 1947 1572 2000 τοῦ
1609 1947 1834 2020 Κυρίου,
1867 1951 1960 2003 καὶ

381 2039 694 2109 ἀπόρρητον
726 2035 921 2101 αὑτοῦ,
962 2037 1055 2090 καὶ
1098 2036 1160 2089 τὸ
1192 2040 1486 2109 μυστήριον
1517 2037 1680 2092 αὑτοῦ
1719 2039 1960 2108 γνωστὸν

383 2126 532 2196 αὐτῷ
550 2127 851 2195 γεγονέναι,
901 2128 995 2180 καὶ
1022 2125 1093 2179 τὰ
1119 2128 1176 2179 ὲν
1215 2130 1284 2198 τῇ
1328 2127 1572 2202 Διαθήκῃ
1601 2129 1785 2194 αὐτοῦ,
1815 2125 1958 2184 τόῦτ’

381 2221 529 2274 ἐστιν
558 2222 616 2273 ὲν
638 2224 703 2292 τῇ
739 2219 858 2292 θείᾳ
883 2220 1094 2292 Γραφῇ,
1126 2219 1490 2292 περιεχόμενα
1520 2222 1816 2294 μυστήρια.

456 2316 519 2366 Οἱ
548 2311 842 2382 ὀφθαλμοί
861 2329 982 2381 μου
1009 2309 1106 2364 διὰ
1149 2308 1377 2376 παντὸς
1405 2310 1555 2378 πρὸς
1588 2309 1696 2364 τὸν
1719 2311 1957 2379 Κύριον,

382 2405 474 2460 ὅτι
505 2406 690 2473 αὐτὸς
721 2403 1020 2460 ἐκσπάσει
1049 2404 1119 2458 ἐκ
1150 2403 1404 2474 παγίδος
1436 2402 1578 2470 τοὺς
1605 2403 1796 2470 πόδας
1816 2421 1956 2474 μου.

394 2503 756 2570 Ἐπίὸλεψον
791 2499 884 2553 ἐπ’
911 2497 1017 2569 ἐμὲ
1041 2499 1140 2553 καὶ
1185 2496 1450 2566 ἐλέησόν
1470 2514 1569 2567 με,
1599 2497 1689 2552 ὅτι
1713 2515 1962 2569 μονογε-

380 2595 496 2663 νὴς
518 2593 615 2649 καὶ
637 2594 873 2663 πτωχός
898 2596 1016 2662 ειμι
1043 2591 1177 2662 ἐγώ.
1218 2594 1289 2646 Al
1313 2591 1552 2661 θλίψεις
1573 2590 1683 2660 τῆς
1712 2591 1962 2661 καρδίας

375 2704 497 2758 μου
523 2687 1017 2755 ἐπληθύνθησαγ,
1047 2686 1116 2739 ἐκ
1136 2684 1253 2738 τῶν
1266 2682 1547 2753 ἀναγκῶν
1561 2701 1682 2754 μου
1707 2683 1962 2756 ἐξάγατέ

374 2797 471 2848 με.
511 2780 584 2834 Οὐ
616 2778 703 2833 διὰ
723 2778 791 2832 τὰ
814 2776 1212 2850 κατορθώματα
1255 2776 1444 2849 ὥσπερ
1475 2777 1829 2849 ὀφειλομένην
1861 2779 1962 2850 τὴν

385 2872 660 2943 σωτηρίαν
705 2869 889 2941 αὐτῷ·
922 2866 1040 2924 οἶδα
1089 2869 1219 2939 γὰρ,
1261 2869 1366 2936 ὃτι,
1417 2868 1595 2923 πάντα
1634 2871 1866 2941 ποιήσας
1893 2869 1962 2924 τά

384 2966 515 3038 παρ’
568 2963 826 3036 ἐμαυτοῦ,
884 2963 965 3016 ἔτι
995 2961 1089 3016 τοῦ
1121 2961 1214 3016 σοῦ
1253 2962 1434 3026 ἐλέους
1469 2961 1679 3032 δέομαι.
1715 2961 1806 3015 Διὸ
1834 2961 1961 3016 ἐπί-

385 3061 615 3127 ϐλεψον
665 3057 757 3112 ἐπ’
803 3056 929 3126 ἐμὲ,
966 3055 1065 3110 καὶ
1123 3055 1386 3123 ἐλέησόν
1432 3071 1527 3124 με.
1590 3054 1814 3109 Σύνοιδα
1853 3055 1962 3127 γάρ

383 3149 607 3222 ἐμαυτῷ
654 3147 852 3220 πτωχῷ
885 3149 980 3202 καὶ
1031 3146 1319 3217 ἀδοηθήτῳ
1359 3148 1451 3200 καὶ
1503 3146 1578 3218 μὴ
1631 3147 1962 3218 ἐπαρχοῦντι
1990 3188 2032 3244 C

386 3259 518 3320 προς
547 3243 840 3316 σωτηρίαν.
885 3241 1044 3296 Ἰδιόν
1070 3242 1128 3294 τέ
1169 3242 1286 3294 ἐστι
1331 3240 1546 3294 πάντων
1567 3239 1674 3293 τῶν
1700 3239 1962 3310 θεοφιλῶν

385 3339 446 3390 τὸ
472 3336 696 3400 ἑαυτοὺς
735 3333 938 3390 κακοῦν
978 3336 1034 3387 ὲν
1062 3333 1324 3402 θλίψεσιν,
1348 3335 1405 3385 ὲν
1439 3331 1727 3400 ἀνάγκαις,
1758 3333 1816 3386 ἐν
1846 3348 1964 3385 στε-

383 3430 691 3502 νοχωρίαις,
720 3428 815 3481 καὶ
839 3429 1096 3498 διωγμοῖς
1113 3443 1128 3458 ο
1157 3425 1268 3479 ἀλλ’
1285 3425 1346 3477 οὑ
1370 3425 1463 3478 καὶ
1485 3423 1736 3493 ἀγνοοῦσι
1767 3423 1827 3477 τὸ
1839 3423 1962 3476 τού-

387 3539 496 3576 των
522 3523 708 3587 τέλος’
745 3521 826 3574 διὸ
871 3521 1054 3590 τυχεῖν
1110 3516 1275 3571 αὑτοῦ
1340 3515 1491 3587 παρά
1545 3514 1637 3569 τοῦ
1683 3514 1817 3567 Θεοῦ
1855 3515 1964 3568 ἱκε-

386 3614 599 3670 τεύουσι
623 3613 873 3682 λέγοντες
898 3630 911 3643 ·
953 3613 1047 3665 Ἐκ
1099 3609 1219 3664 τῶν
1263 3606 1541 3678 ἀναγκῶν
1566 3625 1685 3678 μου
1711 3605 1965 3676 bal-rare

381 3722 490 3775 με’
521 3704 595 3770 ὡς
624 3705 689 3759 ἂν
715 3703 1014 3766 διελθόντες
1041 3702 1139 3764 τὰς
1176 3699 1270 3754 τοῦ
1312 3700 1424 3770 βίου
1469 3700 1734 3768 ἀνάγκας,
1760 3697 1860 3761 τὰς
1903 3697 1962 3750 δὲ

391 3799 673 3870 συμφορὰς
725 3798 818 3850 καὶ
873 3795 971 3858 τὰς
1031 3793 1400 3865 περιστάσεις,
1439 3793 1610 3844 εἰπεῖν
1641 3808 1768 3844 ποτε
1800 3790 1960 3860 δυνη-

389 3888 528 3941 θεῖεν
551 3906 564 3918 ·
601 3888 929 3956 Διήλθομεν
955 3885 1052 3939 διὰ
1079 3883 1262 3953 πυρὸς
1286 3883 1386 3938 καὶ
1415 3883 1652 3948 ὕδατος,
1692 3882 1788 3936 καὶ
1821 3881 1960 3948 ἐξή-

389 3991 566 4044 γαγες
597 3974 756 4044 ἡμᾶς
786 3977 874 4040 εἰς
905 3972 1252 4043 ἀναψυχήν·

466 4067 577 4121 Ἴδε
606 4067 722 4135 τὴν
747 4066 1111 4119 ταπείνωσιν
1141 4083 1258 4136 μου
1299 4065 1398 4119 καὶ
1453 4065 1560 4119 τὸν
1607 4065 1797 4118 κόπον
1819 4081 1958 4133 μου,

390 4159 489 4214 καὶ
549 4159 696 4228 ἇφερ
746 4158 949 4224 πάσας
997 4158 1100 4223 τὰς
1141 4157 1429 4225 ἁμαρτίας
1473 4148 1612 4226 you:
1657 4157 1769 4211 Ἴδε
1823 4155 1963 4222 τοὺς

389 4254 638 4322 ἐχθρούς
657 4270 793 4321 μου,
817 4251 905 4304 ὅτι
922 4250 1413 4318 ἐπληθύνθησαν,
1435 4249 1535 4304 καὶ
1551 4249 1732 4319 μῖσος
1753 4251 1963 4305 ἄδικον

387 4341 690 4414 ἐμίσησαν
720 4359 808 4411 με.
843 4341 1124 4405 Φύλαξ-ζον
1171 4339 1285 4409 τὴν
1311 4339 1524 4409 ψυχήν
1563 4358 1681 4410 μου
1726 4343 1824 4396 καὶ
1851 4343 1964 4410 ῥῦ-

387 4435 494 4490 σαι
517 4451 625 4506 με·
663 4433 749 4504 μὴ
795 4432 1320 4502 καταισχυνθείην,
1358 4432 1446 4485 ὅτι
1475 4431 1707 4501 ἤλπισα
1733 4433 1831 4486 ἐπὶ
1865 4433 1958 4488 σέ.

2064 565 2194 618 dum
2230 562 2286 616 in
2314 576 2379 615 ea
2422 569 2768 624 versaretur,
2803 561 3006 616 multos
3045 561 3362 616 haereditate
3387 563 3637 633 accipiet,

2063 652 2262 724 quibus
2293 665 2462 707 causa
2488 651 2682 706 salutis
2717 649 2932 706 evadet.
2972 649 3171 706 Semen
3195 666 3325 706 vero
3363 650 3638 722 quodnam

2062 759 2186 799 esse
2216 743 2442 804 dixeris.
2471 743 2577 800 nisi
2606 743 2913 798 doctrinam
2935 784 2948 807 ,
2986 759 3268 800 sermones
3288 785 3304 810 ,
3351 745 3557 814 scripta
3586 753 3641 799 et

2063 837 2317 892 homines
2355 838 2450 908 qui
2500 836 2804 894 secundum
2857 836 3028 892 Deum
3065 837 3169 906 ipsi
3218 837 3333 891 nati
3373 845 3539 907 atque
3571 838 3642 890 ab

2064 943 2130 983 eo
2158 931 2393 986 instituti
2441 931 2606 984 sunt?
2640 929 2746 996 Qui
2780 946 3012 986 numero
3060 945 3214 1000 paene
3260 929 3482 992 inﬁniti,
3517 937 3641 1000 post

2064 1023 2237 1094 ipsius
2267 1023 2310 1078 il’.
2378 1024 2534 1078 bonis
2564 1022 2814 1093 adeptam
2856 1022 3122 1093 requiem,
3172 1031 3359 1092 utpote
3398 1038 3466 1079 ex
3497 1023 3642 1078 bono

2063 1117 2168 1171 orti
2223 1118 2467 1182 semine,
2505 1131 2569 1170 ac
2595 1116 2778 1170 divina
2829 1117 2921 1170 illa
2963 1117 3192 1186 utilique
3232 1117 3338 1171 sibi
3383 1115 3642 1187 prosapia

2063 1210 2356 1281 progeniti,
2387 1208 2755 1264 hazreditatem
2780 1225 2809 1262 a
2842 1208 2952 1264 Deo
2981 1219 3409 1280 consequentur.

2133 1386 2300 1442 Vens.
2337 1388 2420 1441 14.
2467 1387 2894 1442 Firmamentum
2925 1395 3003 1440 est
3036 1386 3297 1441 Dominus
3336 1385 3640 1441 timentibus

2062 1495 2202 1544 eum,
2238 1489 2287 1534 et
2346 1488 2716 1534 testamentum
2759 1479 2924 1546 ipsius
2972 1490 3030 1531 ut
3077 1479 3444 1547 manifestetrtr
3505 1478 3637 1534 illis.

2063 1573 2281 1642 Aquila,
2309 1581 2565 1626 secretum
2582 1571 2818 1634 Domini,
2846 1570 3048 1636 edidit;
3076 1569 3456 1641 Symmachus,
3475 1571 3642 1625 collo-

2062 1665 2242 1734 quium
2279 1664 2526 1728 Domini;
2561 1663 2863 1720 Theodotio
2895 1671 2950 1718 et
2975 1662 3175 1729 Quinta
3208 1661 3398 1728 editio,
3438 1673 3630 1733 myste-

2063 1761 2201 1813 rium
2233 1759 2489 1813 Domini:
2521 1759 2648 1814 inde
2691 1759 2836 1814 enim
2877 1759 2967 1814 ille
3006 1758 3259 1828 superius
3297 1767 3634 1814 memoratus

1991 1840 2038 1900 B
2062 1852 2155 1922 qui
2183 1853 2339 1907 timet
2361 1851 2670 1917 Dominum,
2699 1851 2768 1906 ad
2798 1861 3004 1906 tantam
3034 1851 3342 1907 felicitatem
3370 1853 3636 1922 pervenit,

2064 1945 2190 2015 quia
2235 1945 2567 2016 colloquium
2616 1944 2851 2012 Domini,
2884 1953 3155 2000 secretum
3211 1960 3277 2000 ac
3323 1947 3642 2016 mysterium

2063 2036 2205 2106 ejus,
2236 2047 2424 2090 notum
2455 2037 2556 2107 ipsi
2589 2047 2726 2100 erat,
2759 2045 2888 2092 nota
2932 2038 3063 2092 item
3095 2053 3159 2092 ea
3193 2053 3314 2108 quae
3355 2038 3411 2094 in
3444 2037 3642 2094 Testa-

2063 2137 2248 2184 mento
2276 2129 2417 2198 ejus,
2439 2128 2491 2184 id
2516 2137 2627 2195 est,
2652 2129 2706 2183 in
2734 2129 2934 2185 divinis
2961 2129 3265 2200 Scripturis
3287 2131 3644 2187 continentur

2064 2221 2342 2292 mysteria.

2139 2309 2307 2370 Vens.
2346 2313 2527 2369 l5-l7.
2585 2311 2740 2368 Oculi
2767 2315 2868 2368 mei
2939 2330 3139 2383 semper
3207 2313 3275 2367 ad
3332 2312 3641 2380 Dominum,

2061 2406 2313 2475 quoniam
2341 2407 2451 2476 ipse
2483 2406 2664 2461 evellet
2700 2407 2764 2462 de
2805 2407 2990 2478 laqueo
3024 2407 3177 2476 pedes
3221 2424 3384 2463 meos.
3426 2407 3646 2477 Respice

2065 2497 2117 2550 in
2148 2513 2228 2551 me
2267 2507 2313 2551 et
2362 2499 2608 2553 miserere
2656 2499 2779 2562 mei,
2824 2499 2950 2570 quia
2999 2500 3186 2554 unicus
3207 2508 3258 2553 et
3293 2514 3491 2570 pauper
3524 2517 3643 2554 sum

2062 2606 2174 2661 ego.
2217 2589 2609 2647 Tribulationes
2641 2592 2815 2646 cordis
2864 2593 2968 2648 mei
3007 2594 3377 2663 multiplicata:
3407 2605 3550 2660 sunt,
3577 2594 3644 2649 de

2064 2683 2464 2738 necessitatibus
2512 2683 2640 2738 meis
2683 2701 2806 2739 erue
2853 2702 2954 2739 me.
3011 2684 3129 2742 Non
3174 2687 3246 2742 ob
3297 2695 3446 2742 recte
3497 2686 3643 2742 facta

2063 2789 2228 2844 opera
2266 2776 2425 2845 quasi
2459 2776 2698 2832 debitam
2758 2779 2992 2835 salutem
3041 2780 3172 2834 mihi
3226 2781 3480 2852 postulo;
3516 2781 3644 2837 novi

2063 2865 2210 2920 enim
2239 2881 2346 2932 me,
2382 2868 2632 2936 quamvis
2657 2869 2842 2924 omnia
2872 2884 2970 2941 pro
3006 2869 3265 2926 facultate
3296 2873 3520 2944 egerim,
3545 2881 3644 2929 tuo

2063 2965 2249 3014 tamen
2296 2974 2457 3028 egere
2488 2961 2715 3017 auxilio.
2748 2961 3113 3026 Quamobrem
3141 2965 3334 3032 respice
3371 2966 3426 3019 in
3459 2983 3559 3031 me,
3591 2977 3645 3021 et

2065 3051 2310 3106 miserere
2325 3053 2444 3105 mei.
2464 3051 2595 3106 Nam
2615 3068 2700 3108 me
2718 3068 3029 3124 pauperem,
3054 3055 3204 3109 nulla
3219 3056 3414 3111 fultum
3429 3072 3552 3128 ope,
3575 3075 3641 3114 ac

2065 3143 2226 3199 saluti
2249 3143 2382 3197 mihi
2406 3144 2766 3214 procuranda:
2789 3144 3050 3214 imparem
3071 3146 3206 3201 scio.
3226 3145 3510 3218 Proprium
3544 3163 3642 3203 au—

2065 3243 2177 3290 tem
2219 3235 2479 3292 omnibus
2530 3235 2638 3305 piis
2685 3251 2751 3291 ac
2783 3235 2893 3291 Deo
2943 3237 3138 3292 amicis
3182 3237 3317 3293 viris
3369 3248 3474 3301 est,
3517 3255 3643 3296 sese

2062 3328 2322 3383 aerumnis
2353 3329 2609 3400 allligere,
2648 3329 2704 3384 in
2752 3330 3204 3394 necessitatibus,
3248 3332 3307 3386 in
3345 3334 3639 3402 anguStiis.

2065 3421 2120 3476 in
2150 3422 2629 3492 persecutionibus
2654 3423 2900 3489 versari;
2933 3423 3031 3478 sed
3065 3423 3159 3497 qui
3188 3428 3260 3480 sit
3290 3441 3479 3482 eorum
3513 3428 3640 3486 linis

2063 3529 2173 3568 non
2219 3516 2472 3585 ignorant
2517 3530 2734 3584 :quare
2785 3514 2932 3570 illius
2975 3518 3304 3588 assequendi
3353 3534 3484 3590 ergo
3529 3520 3641 3576 Deo

2064 3609 2372 3679 supplicant
2419 3608 2503 3662 his
2534 3608 2749 3671 verbis,
2790 3606 2855 3662 de
2895 3611 3294 3666 necessitatibus
3339 3613 3466 3666 meis
3516 3629 3643 3668 erue

2064 3718 2180 3768 me;
2214 3707 2290 3762 ut,
2317 3702 2589 3771 superatis
2621 3701 2739 3755 vitae
2758 3701 3198 3767 necessitatibus,
3211 3703 3638 3769 calamitatibus,

2062 3793 2356 3857 arumnis,
2401 3793 2586 3848 dicere
2640 3793 2934 3863 aliquando
2979 3795 3232 3864 possint:
3279 3799 3639 3853 Transivimus

2060 3900 2152 3953 per
2199 3888 2369 3956 ignem
2411 3895 2460 3939 et
2509 3901 2736 3956 aquam,
2782 3897 2832 3939 et
2879 3885 3109 3940 eduxisti
3165 3905 3259 3942 nos
3313 3891 3365 3944 in
3417 3891 3638 3962 refrige-

2063 3981 2202 4033 rium
2229 3980 2296 4035 ’“.

2135 4070 2298 4126 Vens.
2350 4071 2534 4126 18-20.
2614 4072 2741 4126 l'ide
2804 4075 3155 4128 humilitatem
3216 4091 3386 4128 meam
3439 4087 3490 4129 et
3552 4078 3638 4131 la-

2064 4163 2240 4218 borem
2269 4180 2460 4228 meum,
2479 4174 2528 4217 et
2549 4163 2758 4217 dimitte
2787 4166 3032 4218 universa
3055 4164 3246 4218 delicta
3272 4181 3406 4220 mea.
3425 4164 3642 4237 Respice

2064 4254 2304 4308 inimicos
2338 4271 2478 4308 meos
2531 4256 2782 4324 quoniam
2834 4254 3175 4322 multiplicati
3218 4265 3370 4320 sunt,
3415 4267 3466 4310 et
3515 4257 3640 4312 odio

2062 4349 2241 4418 iniquo
2275 4346 2498 4402 oderunt
2537 4363 2636 4400 me.
2682 4345 2905 4401 Custodi
2947 4347 3180 4400 animam
3216 4364 3384 4401 meam
3435 4359 3484 4403 et
3516 4366 3642 4406 erue

2064 4454 2182 4494 me:
2217 4455 2320 4492 non
2355 4442 2660 4492 erubescam
2683 4439 2932 4507 quoniam
2963 4439 3166 4504 speravi
3195 4439 3251 4491 in
3283 4449 3352 4493 te.
3380 4438 3534 4506 Quod
3567 4441 3637 4495 ad

387 4527 468 4582 Τά
495 4528 592 4599 μὲν
623 4529 753 4598 παρ’
785 4526 918 4597 ἐμοῦ
951 4523 1327 4590 σπουδάζεται,
1359 4524 1428 4578 τὰ
1455 4524 1512 4577 δὲ
1550 4524 1702 4596 παρά
1745 4523 1839 4577 σοῦ
1864 4542 1961 4578 τυ-

2066 4545 2153 4585 me
2207 4536 2439 4600 spectat,
2493 4531 2922 4586 sollicitudinem
2968 4531 3074 4586 mei
3107 4546 3273 4602 gero;
3325 4531 3422 4587 sed
3477 4548 3634 4602 opem

386 4623 499 4690 χεῖν
523 4618 679 4684 ἀξιῶ.
722 4617 862 4687 Ἐγὼ
881 4617 980 4689 μὲν
1001 4613 1092 4670 οὖν
1124 4616 1356 4687 ἐμαυτὸν
1387 4615 1620 4680 κολάζω,
1653 4617 1747 4669 καὶ
1771 4615 1920 4670 ὥσπε
1930 4635 1960 4688 ρ

385 4713 539 4782 δίκην
584 4710 1075 4781 εἰσπρατττόμενος
1124 4701 1199 4762 ὧν
1233 4707 1496 4779 πρότερον
1541 4707 1959 4780 ὲπλημμέλησα,

388 4803 620 4876 ἐμαυτὸν
637 4801 877 4874 τιμωροῦ
885 4819 1002 4873 μαι,
1033 4800 1302 4855 ταπεινῶν
1330 4800 1564 4870 ἐμαυτὸν
1580 4802 1636 4854 ὲν
1649 4801 1836 4865 κόποις
1868 4803 1964 4856 καὶ

389 4897 672 4960 πόνοιςτῦ
711 4896 794 4959 δὲ,
825 4896 854 4948 ό
877 4895 1030 4959 Θεὸς,
1058 4888 1146 4948 οἷά
1180 4910 1264 4956 τις
1305 4892 1663 4962 ἀγωνοθέτης,
1699 4893 1790 4948 τὸν
1832 4895 1964 4965 ἐμὸν

389 4987 572 5056 ἀγῶνα
584 4987 803 5058 θεωρῶν
822 4987 1052 5050 καὶτοὺς
1068 4984 1234 5056 ἐμοὺς
1247 4983 1543 5054 καμάτους,
1560 4983 1701 5037 δίδου
1716 4983 1813 5054 τὴν
1834 4984 1964 5054 ἀφε-

391 5097 478 5132 σιν
501 5078 610 5132 τῶν
639 5077 1071 5150 ἁμαρτημάτων,
1085 5076 1180 5129 καὶ⁵
1218 5072 1490 5144 συγχὼρει
1505 5073 1604 5126 ὅσα
1621 5072 1840 5128 πώποτε
1857 5073 1965 5127 διε-

391 5170 683 5243 πραξάμην
714 5172 772 5224 ἐν
801 5168 1114 5241 ἁμαρτίαις.
1157 5166 1318 5219 Ἀλλά
1350 5165 1443 5218 καὶ
1471 5163 1804 5236 θεασάμενος
1835 5165 1963 5230 τοὺς

392 5264 556 5335 ἐμοὺς
581 5263 808 5336 ἐχθροὺς
851 5262 1038 5316 ὁπόσοι
1062 5261 1213 5324 ὄντες
1244 5257 1617 5322 ἐπεϐούλευον,
1649 5259 1742 5312 καὶ
1771 5259 1846 5323 ὼς
1874 5263 1963 5330 μῖ-

393 5373 484 5421 σος
507 5357 690 5411 άδικον
713 5354 982 5428 ὲμίσησάν
1009 5371 1096 5426 με,
1115 5352 1289 5423 φύλαξ
1309 5350 1468 5422 γενοῦ
1483 5348 1581 5420 τῆς
1609 5351 1746 5422 ἐμῆς
1763 5350 1970 5424 ψυχῆς,

463 5513 508 5544 ³⁶
557 5509 702 5567 Psal.
734 5527 840 5565 va
863 5550 879 5575 ,
919 5509 1006 5564 12.

464 5668 540 5739 (i)
579 5666 846 5739 Hebraica
878 5672 1027 5739 sunt
1325 5704 1340 5726 ,
1395 5678 1425 5717 a
1458 5660 1802 5739 Tbeodoreto
1835 5675 1956 5739 λιιι-

395 5732 505 5794 tem
524 5732 706 5809 lectio
757 5735 1069 5809 Symma_cbi
1101 5737 1180 5809 sic
1204 5735 1429 5809 aﬂertur
1448 5774 1464 5794 ,
1493 5737 1785 5809 μυστήριον
1835 5732 1948 5783 Κυ-

399 5811 536 5883 ρίου.
572 5808 702 5875 Quae
732 5800 936 5881 pariter
956 5805 1345 5863 Theodotionis
1374 5800 1504 5860 esse
1525 5800 1725 5860 ibidem
1761 5800 1952 5858 fertur.

2063 4623 2297 4692 imploro
2324 4630 2493 4692 tuam.
2523 4621 2638 4692 Ego
2665 4623 2886 4691 quidem
2910 4625 3291 4694 memetipsum
3323 4626 3550 4695 castigo,
3583 4635 3639 4681 et

2063 4714 2221 4784 quasi
2276 4715 2607 4785 supplicium
2670 4715 2740 4770 de
2795 4715 3042 4785 pristinis
3095 4716 3310 4771 delictis
3371 4734 3634 4782 sumens,

2068 4807 2306 4862 ulciscor
2339 4807 2644 4877 meipsum,
2699 4823 2785 4862 me
2825 4809 3098 4876 abiectum
3147 4809 3427 4863 laboribus
3474 4818 3639 4880 atque

2067 4897 2326 4952 aerumnis
2363 4898 2660 4952 constituo.
2689 4897 2770 4952 Tu
2792 4914 2942 4963 vero,
2967 4898 3131 4961 Deus.
3163 4915 3264 4955 ceu
3301 4902 3427 4970 quis
3460 4911 3639 4956 certa-

2070 4989 2277 5044 minum
2307 4990 2622 5061 praefectus,
2655 4998 2708 5046 ct
2738 5007 2975 5062 pugnam
3005 4999 3060 5047 et
3081 4994 3297 5050 labores
3323 5009 3475 5048 meos
3504 5009 3640 5048 con-

2063 5079 2390 5148 templatus,
2421 5081 2638 5136 veniam
2670 5097 2889 5150 quaeso,
2933 5082 3200 5138 scelerum
3249 5083 3556 5149 concedito,
3585 5091 3639 5138 et

2065 5183 2406 5239 quascunque
2433 5169 2489 5224 in
2530 5171 2772 5240 peccatis
2817 5170 2961 5224 edidi
3007 5170 3288 5224 remittito.
3323 5169 3431 5225 Sed
3471 5171 3636 5226 etiam

2068 5260 2322 5316 inimicos
2372 5276 2522 5316 meos
2557 5261 2932 5332 conspicatus,
2963 5270 3096 5331 quot
3133 5260 3381 5316 videlicet
3409 5277 3638 5317 numero

2065 5351 2294 5408 insidias
2319 5352 2454 5408 mihi
2486 5360 2698 5423 parent,
2734 5360 2788 5408 et
2824 5353 2972 5424 quod
3006 5368 3092 5409 me
3123 5353 3250 5408 odio
3285 5353 3472 5426 iniquo
3515 5369 3635 5426 pcr-

2062 5657 2173 5715 Nos
2196 5660 2467 5716 saniorem
2493 5661 2780 5719 lectionem
2809 5678 2874 5718 ex
2903 5679 3037 5722 mss.
3070 5667 3346 5735 omnibus,
3405 5684 3518 5726 uno
3541 5685 3641 5728 ex-

2063 5740 2247 5802 cepto,
2289 5739 2625 5787 mutuamur.
