4122 6454
415 361 516 415 ΞΞΙ

1133 355 1398 415 susse"
1431 353 1912 412 CESABIENSIS
1941 354 2093 414 ore.
2131 352 2309 411 rans
2342 339 2518 406 ιιικ-
2561 337 2974 414 Excessum.

3573 362 3687 414 252

430 484 760 546 sequantur,
791 480 982 531 custos
1011 483 1130 530 esto
1160 474 1357 530 animae
1404 489 1559 539 meae,
1599 481 1656 529 et
1703 473 1774 529 ab
1821 474 2006 530 inimi-

2111 475 2200 529 καὶ
2226 474 2384 547 ῥῦσαί
2418 484 2488 542 με
2523 470 2629 546 τῆς
2647 477 2756 530 τῶν
2785 478 3062 550 πολεμίων
3089 476 3400 547 ἐπιϐουλῆς.
3434 476 3688 530 Τοσαῦτα

421 583 616 624 corum
671 568 890 624 insidiis
933 584 1066 625 erue
1114 583 1221 624 me.
1261 567 1359 624 His
1404 583 1572 638 porro
1617 571 1820 638 gestis,
1869 569 1998 623 tali-

424 661 638 730 basque
670 661 928 732 precibus
967 659 1222 724 emissis,
1269 675 1340 714 ne
1387 657 1696 714 confundar
1740 658 1996 730 efﬂagito.

418 752 558 809 Cum
591 753 737 810 enim
768 762 822 809 te
852 768 1004 823 spem
1037 767 1215 807 meam
1247 753 1650 816 constituerim,
1683 754 1850 822 probe
1882 753 1998 807 scio

422 863 488 902 ac
517 863 842 919 persuasum
871 847 1068 908 habeo.
1103 846 1248 916 quod
1289 863 1416 918 spes
1441 863 1547 902 non
1611 847 1934 902 confundat.

495 940 664 997 Vens.
715 941 827 1006 21,
873 939 967 995 22.
1020 937 1330 994 Inuocentes
1387 948 1437 993 et
1486 940 1614 993 recti
1666 939 2001 994 adltwserunt

426 1034 574 1098 mihi,
607 1035 733 1104 quia
769 1034 998 1088 sustinui
1044 1042 1109 1087 te.
1149 1031 1362 1097 Libera,
1397 1031 1558 1098 Deus,
1594 1030 1770 1086 Israel
1798 1047 1862 1086 ea:
1891 1048 2006 1086 om-

426 1126 581 1182 nibus
612 1125 1048 1179 tribulationibus
1080 1126 1214 1179 suis.
1247 1124 1362 1180 lloc
1394 1140 1425 1178 a
1457 1141 1544 1180 me
1585 1132 1798 1196 gestum
1839 1139 2002 1195 opus,

426 1235 552 1274 cum
597 1219 808 1273 caeteris
864 1217 1146 1280 collatum,
1200 1232 1557 1288 permagnum
1609 1216 1734 1281 fuit,
1795 1217 2005 1286 tibique

428 1311 540 1367 Deo
571 1319 855 1382 acceptum
881 1328 896 1377 ;
931 1310 1118 1364 multis
1147 1311 1293 1364 enim
1323 1311 1633 1379 exemplum
1677 1309 2002 1375 tolerantia',

428 1406 552 1460 vitae
594 1403 800 1474 probae,
851 1401 1188 1472 paenitentiae
1241 1409 1297 1456 et
1352 1399 1722 1456 confessionis
1774 1401 2002 1457 exstiti:

429 1501 762 1564 quapropter
806 1492 1128 1546 innocentes
1161 1500 1214 1544 et
1260 1492 1392 1545 recti
1445 1491 1548 1544 viri
1583 1491 1715 1545 mibi
1750 1507 1849 1546 ceu
1881 1491 2006 1562 glu-

429 1584 544 1638 tine
596 1582 878 1652 conjuncti
921 1582 1289 1645 adhaeserunt,
1337 1597 1628 1652 meumque
1670 1584 2008 1637 consortium

430 1674 846 1744 expetiverunt;
875 1673 1024 1727 nulla
1056 1689 1189 1727 sane
1218 1673 1322 1726 alia
1352 1672 1419 1728 de
1452 1688 1642 1738 causa,
1686 1688 1848 1744 quam
1879 1672 2008 1743 quia

438 1766 844 1838 perseverando
874 1765 1136 1831 sustinui,
1168 1774 1222 1819 et
1253 1764 1384 1817 nihil
1409 1780 1516 1818 non
1542 1779 1836 1833 perpessus
1863 1779 2007 1827 sum,

2102 569 2160 623 δὲ
2191 568 2406 640 πράξας
2461 563 2558 620 καὶ
2599 569 2834 624 τοσαῦτα
2859 571 3092 641 δεηθεὶς,
3118 572 3192 642 μη
3225 570 3687 640 καταιηυνθῆνσι

2105 661 2260 728 ἀξιῶ.
2293 662 2360 715 Σὲ
2387 662 2496 733 γάρ
2518 661 2708 715 ἐλπίδα
2751 665 2989 735 ἐμαυτοῦ
3013 663 3259 735 θέμενος,
3296 662 3539 734 άκριϐὠς
3570 657 3689 716 οἶδα

2106 754 2200 807 καὶ
2220 753 2546 826 πέπεισμαι,
2570 756 2654 808 ὅτι
2686 757 2720 826 ή
2757 755 2911 820 ἐλπὶς
2939 756 2999 810 οὐ
3031 754 3402 827 καταισχύνει.

2181 940 2418 993 Ἄκακοι
2441 937 2537 992 καὶ
2556 937 2751 1004 εὐθεῖς
2779 936 3126 992 ἐκολλῶντό
3137 956 3261 1008 μοι,
3283 940 3372 994 ὅτι
3394 941 3692 1012 ὑπέμεινὰ

2106 1046 2200 1085 σε.
2255 1032 2588 1098 Δύτρωσαι,
2633 1033 2668 1085 ό
2708 1030 2874 1098 Θεὸς,
2913 1032 3022 1084 τὸν
3075 1032 3315 1100 Ἰσραὴλ
3357 1033 3428 1087 ἐκ
3473 1033 3692 1088 πασῶν

2107 1122 2226 1178 τῶν
2246 1125 2513 1192 θλίψεων
2530 1124 2738 1178 αὑτοῦ.
2766 1125 2877 1178 Καὶ
2903 1125 3063 1178 τοῦτὸ
3092 1144 3181 1196 μοι
3209 1128 3346 1199 πρὸς
3371 1132 3484 1192 τοῖς
3509 1130 3692 1194 ἄλλοις

2109 1213 2494 1286 κατορθώμασι
2549 1215 2695 1286 μέγα
2743 1215 2974 1286 ὑπῆρξε,
3011 1218 3107 1270 καὶ
3137 1218 3221 1271 σοὶ
3249 1218 3327 1290 τῷ
3349 1220 3468 1291 Θεῷ
3500 1221 3653 1291 φίλον
3671 1237 3687 1251 ⁶

2112 1308 2330 1372 πολλοῖς
2367 1307 2476 1380 γάρ
2530 1308 2791 1378 ἐγινόμην
2827 1307 3190 1380 ὑπογραμμὸς
3225 1312 3542 1384 καρτερίας,
3573 1312 3691 1382 βίου

2108 1420 2169 1456 τε
2235 1400 2432 1472 σεμνοῦ
2483 1402 2577 1454 καὶ
2618 1402 2904 1478 μετανοίας
2958 1403 3050 1455 καὶ
3097 1403 3568 1476 ἐξομολογήσεως·
3609 1405 3690 1459 διὸ

2109 1497 2306 1550 ἄκακοι
2336 1495 2525 1577 ἄνδρες
2549 1497 2644 1547 καὶ
2668 1496 2845 1560 εύθεῖς
2871 1497 3203 1567 συνήπτοντό
3226 1514 3315 1567 μοι
3337 1497 3690 1569 κολλώμενοι,

2111 1587 2206 1641 καὶ
2234 1586 2494 1658 συμϐιοῦν
2519 1585 2814 1650 ἀξιοῦντες,
2840 1587 2904 1640 δι’
2931 1587 3080 1640 οὐδὲν
3110 1587 3296 1659 ἕτερον
3317 1588 3350 1660 ῆ
3371 1590 3452 1642 ὅτι
3482 1591 3690 1661 ὑπέμε-

2112 1700 2202 1735 νον
2226 1681 2530 1752 καρτερῶν,
2570 1682 2664 1734 καὶ
2696 1681 2874 1735 πάντα
2896 1681 3188 1753 ὑπέφερον,
3224 1683 3282 1736 σὲ
3320 1683 3418 1754 τὴν
3450 1685 3692 1754 ἐμαυτοῦ

2112 1775 2301 1829 ἐλπίδα
2352 1773 2812 1845 προϐεϐλημένος.
2877 1773 3101 1837 Τούτοις
3161 1774 3365 1830 ἅπασιν
3416 1776 3690 1845 ἐπιλέγει’

431 1859 576 1930 quod
608 1866 662 1912 te
693 1873 842 1928 spem
875 1873 1051 1911 meam
1083 1858 1484 1912 constituerim.
1519 1854 1615 1912 His
1652 1857 1767 1911 haec
1801 1856 2005 1912 subneo

2111 1870 2436 1937 Λύτρωσαι,
2482 1870 2516 1921 o'
2577 1866 2739 1934 Θεὸς,
2784 1867 2892 1920 τὸν
2936 1865 3172 1934 Ἰσραὴλ
3213 1868 3281 1920 ἐκ
3324 1867 3537 1923 πασῶν
3574 1869 3691 1923 τῶν

433 1948 778 2014 ctit,Libera,
813 1950 974 2016 Deus,
1011 1947 1186 2003 Israel
1212 1965 1277 2003 ex
1305 1948 1546 2003 omnibus
1578 1947 2005 2002 tribulationibus

431 2045 574 2098 suis:
606 2058 726 2097 sese
761 2042 971 2098 scilicet
1013 2041 1270 2096 lsraelent
1302 2041 1373 2094 ob
1407 2042 1662 2110 superius
1708 2046 2008 2095 memorata

441 2141 596 2204 gesta
622 2140 928 2201 nuncupat.
959 2130 1110 2186 Talis
1149 2132 1294 2186 enim
1322 2138 1406 2186 est
1433 2131 1685 2201 quisquis
1713 2131 1781 2185 ab
1814 2132 2012 2185 anima:

432 2243 544 2283 sua:
591 2224 907 2280 conditione
959 2224 1173 2279 lsraelis
1207 2238 1406 2277 nomen
1468 2224 1698 2277 obtinet.
1745 2221 1856 2276 Aut
1902 2221 2010 2276 alia

431 2316 662 2382 ratione,
697 2329 821 2369 eum
873 2315 947 2368 ita
978 2313 1265 2368 institutus
1299 2315 1391 2377 sit,
1449 2319 1508 2366 ut
1551 2328 1664 2367 non
1709 2312 1796 2367 sui
1836 2311 2010 2367 solius

431 2409 737 2466 custodiam
769 2415 944 2478 gerat,
977 2415 1071 2460 aut
1117 2406 1202 2461 sui
1241 2414 1457 2460 tantum
1487 2406 1781 2472 sollicitus,
1822 2422 1923 2476 pro
1950 2421 2012 2463 se

433 2502 551 2559 solo
583 2500 750 2555 Deum
784 2507 1071 2570 precetur;
1098 2507 1220 2567 post
1265 2512 1378 2552 rem
1409 2497 1548 2551 bene
1576 2507 1809 2568 gestam,
1857 2504 2012 2566 post-

431 2607 595 2663 quam
645 2605 745 2646 sua
791 2595 940 2644 recte
994 2588 1326 2659 composuit,
1367 2602 1468 2658 pro
1512 2588 1771 2643 universo
1808 2588 2012 2659 populo

433 2681 527 2738 Dei
563 2679 992 2751 supplicationes
1029 2679 1252 2744 emittit,
1294 2687 1583 2748 rogatque,
1628 2688 1712 2744 ut,
1747 2679 2012 2749 quemad-

433 2774 656 2830 modum
704 2788 764 2828 se
797 2771 1031 2826 antehac
1079 2787 1146 2827 ex
1181 2773 1443 2827 :erumnis
1485 2779 1542 2828 et
1588 2773 1856 2844 angustiis
1900 2773 2008 2829 eri-

432 2881 563 2938 pere
610 2864 866 2936 dignatus
913 2871 1019 2926 est,
1069 2861 1124 2916 id
1165 2862 1345 2932 ipsum
1383 2871 1508 2932 agat
1536 2878 1667 2934 erga
1699 2870 1878 2918 totum
1916 2862 2011 2919 Dei

433 2960 718 3035 pOpulum,
769 2958 866 3029 qui
913 2956 1252 3030 intelligendi
1300 2957 1541 3028 quadam
1592 2957 1807 3015 ratione
1842 2958 2014 3017 Israel

435 3060 808 3124 nuncupatur.

840 3161 1167 3219 PSALMUS
1199 3161 1408 3216 DAVID
1431 3160 1599 3218 XXV.

2109 1962 2375 2030 θλίψεων
2395 1961 2581 2015 αὐτοῦ
2600 1978 2614 1991 ο
2642 1962 2761 2032 ἦτοι
2795 1959 2957 2022 αὐτὸς
2975 1959 3168 2013 ἑαυτὸν
3199 1959 3692 2032 ἐξομολογούμενος

2118 2055 2332 2127 Ἰσραὴλ
2358 2054 2638 2125 ὀνομάζων
2669 2054 2758 2108 διὰ
2780 2052 2849 2106 τά
2879 2052 3246 2123 προλεχθέντα
3285 2052 3450 2108 αὐτοῦ
3488 2073 3692 2128 κατορ-

2110 2145 2338 2217 θώματα
2358 2162 2372 2176 ”
2399 2145 2640 2209 τοιοῦτος
2660 2146 2770 2216 γάρ
2806 2147 2953 2198 ἐστιν
2989 2146 3019 2197 ὀ
3063 2144 3205 2197 κατὰ
3245 2143 3423 2215 ψυχὴν
3452 2146 3690 2218 Ἰσραήλ.

2113 2236 2186 2289 Ἥ
2219 2235 2413 2300 άλλως,
2441 2235 2827 2306 διδασκόμενος
2867 2235 2942 2306 μὴ
2973 2235 3164 2289 ἑαυτὸν
3197 2235 3356 2306 μόνον
3383 2235 3693 2305 φυλάττειν,

2114 2328 2248 2401 μηδὲ
2284 2326 2433 2399 αὐτῷ
2462 2327 2607 2398 μόνῳ
2653 2326 2993 2390 σπουδάζειν,
3021 2327 3116 2380 καὶ
3145 2327 3274 2397 περὶ
3315 2328 3473 2397 μόνου
3500 2329 3693 2382 ἑαυτοῦ

2109 2425 2201 2476 τὸν
2248 2421 2380 2474 Θεὸν
2434 2419 2694 2474 ἱκετεύειν
2719 2437 2732 2450 ο
2769 2419 2906 2491 μετὰ
2941 2419 2998 2472 δὲ
3037 2420 3098 2472 τὸ
3125 2418 3469 2491 κατορθῶσαι
3502 2421 3598 2474 καὶ
3629 2417 3693 2477 εὖ

2109 2511 2178 2566 τὰ
2207 2512 2328 2566 καθ’
2351 2510 2543 2564 ἐαυτὸν
2584 2509 2880 2576 διαθέσθαι,
2916 2510 3057 2580 ὑπὲρ
3085 2507 3180 2562 τοῦ
3216 2509 3416 2573 παντὸς
3441 2510 3572 2564 λαοῦ
3595 2511 3692 2566 τοῦ

2110 2601 2246 2656 Θεοῦ
2296 2601 2395 2666 τὰς
2440 2600 2812 2673 παρακλήσεις
2841 2599 3152 2670 ἀναπέμπει
3175 2617 3190 2630 ο
3246 2601 3476 2654 ἱκετεύει
3510 2619 3592 2668 τε,
3625 2604 3693 2658 ἶν’

2110 2695 2300 2769 ὥσπερ
2324 2695 2580 2768 ἀνωτέρω
2611 2695 2803 2749 ἐαυτὸν
2823 2693 2974 2765 ἠξίου
3007 2695 3268 2766 ρυσθῆναι
3300 2696 3408 2749 άπὸ
3432 2697 3540 2751 τῶν
3564 2699 3692 2753 ἐαυ-

2111 2795 2206 2850 τοῦ
2257 2794 2489 2866 θλίψεων
2511 2835 2526 2861 ,
2571 2795 2713 2849 οὕτω
2766 2795 2862 2850 καὶ
2919 2796 3097 2850 πάντα
3138 2797 3232 2849 τὸν
3262 2796 3360 2850 τοῦ
3392 2795 3530 2850 Θεοῦ
3562 2794 3692 2848 λαὸν

2112 2885 2258 2942 κατὰ
2287 2887 2526 2942 διάνοιαν
2571 2887 2786 2961 Ἰσραὴλ
2815 2887 3236 2962 ὀνομαζόμενον.

2503 3140 2799 3195 ΨΑΛΜΟΣ
2822 3140 2910 3194 ΤΩ
2943 3140 3143 3194 ΔΑΥΙΔ
3173 3141 3304 3195 KE'.

503 3254 672 3312 Vsus.
693 3254 744 3308 1.
768 3251 966 3307 Judica
1015 3268 1116 3318 me,
1166 3251 1406 3317 Domine,
1446 3251 1696 3322 quoniam
1726 3267 1819 3323 ego
1846 3253 1902 3307 in
1934 3254 2008 3307 in-

2186 3235 2407 3304 Κρῒνόν
2425 3251 2523 3304 με,
2557 3235 2754 3302 Κύριε,
2781 3233 2870 3287 ὅτι
2893 3233 3008 3302 ἐγὼ
3039 3233 3110 3286 ἐν
3145 3233 3366 3302 ἀκακία
3395 3251 3516 3303 μου
3556 3231 3693 3288 ἐπο-

433 3346 676 3402 ttocentia
703 3359 819 3399 mea
857 3358 1166 3413 progressus
1199 3357 1338 3404 sum,
1369 3349 1418 3393 et
1447 3341 1504 3394 in
1543 3339 1770 3393 Domino
1800 3355 2015 3409 sperans

435 3456 542 3496 non
559 3437 936 3494 commovebar.
958 3434 1214 3490 Fortasse
1242 3434 1515 3504 quispiam
1540 3433 1655 3487 haec
1667 3431 1812 3486 dicta
1825 3432 2016 3488 Davidi

435 3533 682 3590 referens
713 3531 961 3602 apposite
991 3528 1211 3591 dixerit,
1241 3528 1422 3598 ipsum
1449 3525 1726 3596 supplices
1753 3523 1864 3580 Deo
1887 3541 2014 3598 pre-

434 3641 530 3684 ces
552 3623 830 3680 eﬂundere
859 3635 960 3692 pro
987 3621 1098 3676 vita
1126 3635 1246 3675 sua.
1287 3616 1424 3673 Nam
1453 3633 1579 3673 cum
1617 3626 1845 3674 sanctus
1869 3618 2017 3690 Apo-

437 3716 614 3773 stolus
643 3713 790 3769 dicat
817 3731 830 3768 :
860 3711 1078 3781 Oportet
1098 3712 1331 3780 primum
1359 3710 1595 3764 omnium
1623 3709 1742 3780 ﬁeri
1773 3710 2016 3765 obsecra-

438 3808 624 3870 tiones,
647 3805 933 3868 orationes,
951 3802 1354 3873 postulationes,
1376 3802 1674 3872 gratiarum
1687 3803 1920 3857 actiones
1934 3804 1976 3836 ⁸⁷
1995 3821 2010 3871 ;

437 3914 504 3953 ac
553 3896 815 3969 pmdicta
863 3896 920 3950 in
967 3901 1206 3965 quatuor
1240 3893 1454 3963 species
1499 3892 1866 3959 distribuerit,
1918 3909 2016 3964 par

436 4000 522 4048 est
550 4005 651 4046 nos
685 4004 748 4044 ea
770 4001 891 4060 quae
919 3986 974 4041 in
1000 3985 1335 4056 psalmorum
1375 3984 1517 4039 libro
1555 3982 1809 4040 feruntur
1832 3994 2015 4042 mente

439 4081 803 4156 perpendere,
854 4085 1019 4150 atque
1060 4077 1307 4133 indicare
1334 4077 1560 4147 quinam
1611 4092 1806 4133 eorum
1853 4078 2014 4135 obse-

437 4176 735 4240 crationes,
766 4173 862 4246 qui
904 4173 1207 4234 orationes,
1238 4170 1331 4241 qui
1377 4170 1800 4251 postulationes,
1832 4175 2014 4228 maxi-

438 4283 633 4340 meque
674 4267 768 4338 qui
816 4266 1116 4337 gratiarum
1151 4263 1399 4318 actiones
1448 4261 1781 4333 przeferant:
1813 4263 2014 4334 quidve

438 4362 587 4418 aliud
625 4361 694 4415 ab
729 4359 838 4414 alio
869 4356 1109 4422 differat,
1136 4365 1300 4427 atque
1329 4372 1393 4411 ex
1433 4362 1546 4410 toto
1577 4355 1912 4426 psalmorum
1949 4357 2014 4411 li-

2109 3329 2358 3396 ρεύθην,
2380 3325 2480 3380 καὶ
2500 3325 2597 3380 ἐπὶ
2618 3324 2699 3392 τῷ
2713 3327 2905 3393 Kvplq)
2919 3323 3174 3385 ἐλπίζων
3190 3327 3263 3379 οὐ
3285 3323 3372 3393 μὴ
3390 3322 3693 3380 σαλευθῶ.

2130 3419 2296 3482 ’ἰδίως
2331 3419 2396 3472 ἄν
2423 3435 2508 3482 τις
2547 3418 2640 3472 ἐπὶ
2683 3418 2774 3471 τὸν
2799 3415 2962 3470 Δαυῒδ
3009 3417 3294 3487 ἀναφέρων
3316 3417 3442 3481 τοὺς
3473 3434 3695 3490 προκει-

2119 3511 2314 3581 μένους
2340 3510 2551 3579 λόγους,
2575 3509 2716 3562 εῐποι
2737 3507 2802 3562 ἂν
2823 3508 3072 3578 ἐντυχίαν
3084 3507 3247 3561 αὑτὸν
3267 3509 3537 3562 ποιεῖσθαι
3558 3507 3694 3580 πρὸς

2113 3601 2205 3656 τὸν
2230 3600 2362 3654 Θεὸν
2393 3600 2523 3672 περὶ
2547 3599 2641 3653 τοῦ
2669 3599 2795 3653 ἰδίου
2828 3598 2962 3669 βίου.
2993 3599 3100 3652 Τοῦ
3117 3599 3226 3673 γάρ
3248 3599 3395 3672 ἱεροῦ
3434 3599 3694 3654 Ἀποστό-

2114 3690 2208 3744 λου
2239 3693 2538 3764 φήσαντος·
2582 3689 2823 3760 Πρῶτον
2855 3689 3097 3745 πάντων
3122 3691 3218 3746 δεῖ
3235 3692 3530 3746 ποιεῖσθαι
3558 3691 3694 3760 δεή-

2114 3799 2268 3850 σεις,
2318 3784 2696 3854 προσευχὰς,
2730 3784 3068 3852 ἐντεύξεις,
3105 3785 3525 3854 εὐχαριστίας·
3598 3783 3695 3837 καὶ

2113 3875 2377 3940 διελόντος
2420 3877 2490 3931 τὰ
2535 3876 2902 3950 προλεχθέντα
2947 3879 3027 3942 εἰς
3080 3877 3195 3950 εἴδη
3239 3877 3500 3949 τέσσαρα,
3540 3878 3691 3949 ἡμᾶς

2113 3973 2381 4044 προσήκει
2407 3971 2508 4043 τὴν
2537 3970 2773 4025 διάνοιαν
2799 3973 2911 4034 τοῖς
2945 3973 3004 4024 ἐν
3028 3973 3096 4042 τῇ
3123 3971 3291 4042 βίῦλῳ
3322 3971 3430 4025 τῶν
3446 3970 3692 4042 Ψαλμῶν

2114 4061 2510 4134 ἐμφερομένοις
2557 4063 2784 4134 ἐφιστᾷν
2825 4061 2917 4115 τὸν
2963 4061 3108 4129 νοῦν,
3163 4062 3692 4134 ἐπισημαινομένους

2112 4154 2256 4218 τίνες
2282 4155 2378 4226 μὲν
2403 4155 2580 4208 αὐτῶν
2620 4155 2938 4227 περιέχουσι
2961 4154 3194 4227 δεήσεις,
3224 4156 3319 4209 καὶ
3346 4155 3491 4219 τίνες
3521 4171 3692 4228 προσ-

2113 4245 2296 4317 ευχὰς,
2347 4247 2440 4300 καὶ
2477 4247 2623 4312 τίνες
2664 4247 2956 4314 ἐντεύξεις,
2986 4249 3078 4301 καὶ
3104 4250 3197 4301 ἐπὶ
3238 4250 3373 4302 πᾶσι
3405 4249 3551 4312 τίνες
3602 4250 3692 4304 εὐ-

2112 4339 2429 4412 χαριστίαςο
2464 4339 2517 4392 τί
2543 4357 2602 4393 τε
2645 4339 2892 4412 διαφέρει
2949 4339 3176 4414 θάτερον
3206 4341 3460 4412 θατέρου,
3500 4341 3694 4395 ἀναλέ-

437 4455 540 4510 bro
569 4465 733 4523 supra
762 4449 1037 4505 dictorum
1069 4449 1430 4519 proprietates
1460 4447 1721 4519 seligere;
1751 4455 1833 4513 ut,
1859 4448 2008 4504 verbi

2111 4431 2303 4501 γεσθαί
2359 4448 2420 4485 τε
2472 4432 2580 4486 ἀπὸ
2619 4433 2800 4503 πάσης
2845 4433 2946 4503 τῆς
2987 4433 3169 4504 βίὸλου
3201 4433 3309 4487 τῶν
3347 4433 3594 4506 Ψαλμῶν
3621 4433 3691 4488 τὰ

436 4522 1088 4612 θουεαξοδεοεηιξοιιθε,
1118 4556 1187 4595 ex
1216 4541 1284 4596 iis
1313 4541 1544 4612 psalmis
1573 4541 1667 4612 qui
1707 4541 2008 4596 invocatio-

2117 4525 2382 4597 ἰδιώματα
2412 4525 2522 4579 τῶν
2547 4527 2852 4597 εἰρημένων
2880 4543 2893 4557 ο
2927 4522 3038 4580 οἷον
3085 4527 3184 4591 τὰς
3216 4528 3314 4599 μὲν
3345 4528 3558 4600 δεήσεις
3583 4527 3692 4582 ἀπὸ

435 4655 535 4697 nes
578 4607 634 4695 et
689 4636 1118 4708 supplicationes
1177 4607 1638 4706 complectuntur,
1700 4635 1756 4689 in
1811 4635 2008 4706 quibus

2113 4618 2224 4673 τῶν
2257 4607 2618 4691 περιεχόντων
2647 4619 3044 4692 παρακλήσεις,
3073 4621 3167 4674 καὶ
3185 4622 3336 4692 ίκετη
3348 4621 3489 4694 ρίας,
3524 4624 3582 4675 ἐν
3602 4616 3692 4686 αἷς

433 4740 653 4789 exstant
690 4707 854 4785 etiam
896 4727 1308 4791 confessiones;
1359 4727 1539 4798 qualis
1589 4737 1674 4784 est
1711 4728 2008 4797 vigesimus

2115 4707 2289 4762 δὲικαὶ
2311 4708 2725 4782 ἐξομολογήσεις
2761 4710 3056 4782 φέρονται’
3087 4711 3270 4774 ὁποῖός
3301 4713 3450 4766 ἐστιν
3475 4715 3504 4766 ὀ
3540 4715 3690 4766 είκο-

433 4829 665 4896 qnartus
704 4821 968 4892 psalmus,
1001 4819 1094 4890 qui
1125 4832 1300 4888 neque
1342 4817 1639 4880 canticum.
1667 4832 1844 4887 neque
1863 4816 2008 4887 psal-

2117 4801 2242 4865 στὸς
2258 4801 2532 4873 ’τέταρτος
2575 4801 2810 4874 ψαλμὸς,
2844 4803 2967 4857 οὔτε
2992 4803 3124 4876 ᾠδὴ.
3153 4802 3277 4858 οὔτε
3300 4804 3535 4876 ψαλμὸς,
3566 4804 3689 4860 οὔτε

435 4931 579 4980 mus,
616 4928 793 4985 neque
821 4912 1080 4984 hymnus,
1122 4925 1302 4981 neque
1344 4909 1524 4966 simile
1562 4908 1865 4981 quidpiam,
1906 4907 2005 4964 sed

2116 4896 2302 4969 ὕμνος,
2335 4896 2458 4951 οὔτε
2486 4914 2538 4951 τι
2578 4897 2847 4952 τοιοῦτον·
2895 4897 3012 4952 ἀλλ’
3047 4897 3232 4962 ἁπλῶς
3265 4897 3343 4970 τῷ
3370 4899 3536 4954 Δαυῖδ
3567 4903 3692 4954 ἐπιο

434 5005 623 5062 Davidi
653 5007 833 5063 solum
860 5004 1199 5061 inscribitur.
1230 5002 1521 5060 Orationes
1550 5010 1701 5067 sunt,
1739 5009 2007 5074 quotquot

2112 4993 2516 5065 γεγραμμένος.
2585 4995 2892 5067 Προσευχαὶ
2928 4995 2985 5049 δέ
3035 4996 3194 5060 εἰσιν,
3221 4995 3334 5049 ὅσοι
3365 4997 3424 5051 ὲν
3450 4999 3517 5068 τῇ
3560 5013 3693 5067 προ-

435 5099 630 5171 psalmi
663 5100 717 5153 in
747 5098 908 5153 titulo
936 5095 1216 5152 orationes
1246 5095 1539 5159 dicuntur;
1573 5095 1886 5165 cujusmodi
1926 5103 2008 5150 est

2111 5089 2298 5158 γραφῇ
2353 5086 2669 5159 προσευχῶν
2718 5087 3143 5158 ἐπιγράφουσιν·
3174 5083 3288 5142 οἷον
3324 5090 3353 5143 ὀ
3383 5088 3444 5154 ἐξ
3491 5090 3585 5143 καὶ
3605 5089 3694 5142 δέ-

434 5190 680 5246 decimus
710 5201 922 5256 sextus,
953 5189 1322 5260 octogesimus
1354 5188 1603 5259 quintus,
1635 5187 2008 5257 octogesimus

435 5299 637 5348 nonus,
685 5284 1019 5340 centesimus
1062 5281 1295 5353 primus,
1339 5281 1674 5337 centesimus
1703 5281 2009 5351 quadrage-

436 5377 610 5438 simus
648 5374 880 5447 primus.
928 5374 1242 5430 Gratiarum
1283 5373 1531 5429 actiones
1576 5382 1726 5439 sunt,
1758 5373 1850 5442 qui
1885 5371 2006 5444 pari

435 5469 650 5524 ratione
677 5482 741 5522 ac
771 5465 1106 5523 centesimus
1135 5463 1412 5522 secundus
1433 5462 1732 5534 conscripti
1767 5470 1918 5528 sunt,
1948 5464 2004 5517 in

434 5576 544 5630 quo
583 5561 666 5617 sic
708 5558 946 5630 legitur:
971 5555 1220 5620 Benedic,
1267 5556 1451 5610 anima
1483 5570 1620 5622 mea,
1672 5553 1925 5617 Domino,
1954 5563 2006 5609 et

433 5652 544 5708 noli
600 5651 838 5708 oblivisci
878 5665 1056 5706 omnes
1097 5647 1468 5703 retributiones
1500 5647 1650 5717 ejus,
1695 5654 1750 5703 et
1783 5653 2000 5702 cetera.

502 5809 548 5846 ’π
588 5807 609 5863 1
643 5808 783 5865 Tim.
822 5825 898 5869 ιι.
935 5807 987 5863 1.
1030 5805 1165 5864 Vide
1197 5819 1359 5872 supra
1390 5803 1587 5873 psalm.
1623 5817 1736 5870 vn,
1771 5802 1834 5870 1,
1871 5799 1926 5857 5.

2112 5193 2296 5241 κατος,
2327 5176 2422 5230 καὶ
2447 5178 2476 5230 ὀ
2506 5176 2860 5249 ὀγδοηκοστὸς
2899 5177 3171 5249 πέμπτος,
3207 5181 3300 5234 καὶ
3331 5179 3690 5251 ὀγδοηκοστὸς

2109 5267 2345 5331 ἐννατος,
2386 5267 2480 5322 καὶ
2524 5267 2814 5332 ἐκατοστὸς
2845 5267 3081 5340 πρῶτος,
3115 5271 3212 5324 καὶ
3241 5271 3531 5334 ἐκατοστὸς
3562 5286 3689 5324 τεσ-

2109 5364 2444 5436 σαρακοστὸς
2487 5361 2720 5434 πρῶτος.
2755 5361 3106 5433 Εὑχαριστίαι
3129 5362 3190 5417 δέ
3228 5364 3366 5417 εἰσιν
3397 5365 3446 5416 oi
3488 5363 3688 5435 ὁμοίως

2110 5460 2323 5533 ἔχοντες
2337 5459 2414 5531 τῷ
2428 5457 2702 5528 ἑκατοστῷ
2716 5457 2974 5529 δευτέρῳ,
2991 5460 3049 5511 ἐν
3067 5451 3112 5526 ᾧ
3139 5457 3353 5530 εἴρηται
3370 5474 3385 5489 ο
3410 5459 3683 5527 Εὑλόγει,

2110 5556 2150 5623 ἡ
2169 5553 2338 5624 ψυχή
2355 5569 2498 5624 μου,
2546 5552 2654 5606 τὸν
2706 5553 2946 5620 Κύριον,
3010 5553 3111 5606 καὶ
3143 5551 3231 5622 μὴ
3279 5550 3686 5608 satum-0er

2109 5645 2312 5712 πάσας
2359 5644 2467 5712 τὰς
2497 5642 2935 5712 ἀνταποδόσεις
2993 5643 3215 5710 αὐτοῦ,
3272 5644 3366 5698 καὶ
3420 5642 3489 5697 τὰ
3536 5641 3680 5713 ἑξῆς.
