4122 6454
319 376 423 430 233

1440 365 1943 424 COMMENTARIA
1983 367 2052 422 IN
2088 365 2423 422 PSALMOS.
2511 390 2516 396 -

3457 357 3566 410 2'.“

319 489 601 556 Ἐντευξιν
620 490 676 543 δὲ
706 489 948 560 περιέχει
963 489 993 541 ὁ
1022 486 1160 559 μετὰ
1182 489 1388 558 χεῖρας,
1409 488 1468 540 ὲν
1550 486 1892 557 γέγραπται·

2017 484 2398 540 ’ostulationes
2442 480 2685 536 continet
2730 493 2973 551 praesens
3027 477 3314 549 psalmus,
3364 476 3422 531 in
3463 493 3573 548 quo

315 581 538 650 Κρῖνόν
580 598 676 649 με,
736 581 929 642 Κύριε,
961 579 1054 632 ὅτι
1106 579 1221 648 ἐγὼ
1253 579 1325 631 ἐν
1365 579 1582 644 ἀκακία
1605 594 1726 647 μου
1753 577 1894 630 ἐπο-

311 674 558 740 ρεύθην,
591 671 686 724 καὶ
727 669 795 724 τὰ
827 669 975 740 ἑξῆς.

403 763 580 834 Ἐρεῖς
611 757 726 826 οῦν,
778 761 969 832 ἐπειδὴ
1024 759 1193 823 δντως
1232 758 1436 831 ἤρξατο
1470 761 1499 812 ὁ
1535 759 1720 822 Δαυῒδ,
1751 759 1825 822 ώς
1845 759 1895 812 oi

315 855 583 924 θεοφιλεῖς
626 854 818 925 ἄνδρες
847 855 906 907 ὲν
957 856 1067 918 τοῖς
1097 853 1304 906 ἑαυτῶν
1335 851 1426 904 τοῦ
1462 851 1577 922 βίου
1621 849 1897 923 κατορθώ-

318 965 485 1018 μασιν
535 942 680 1017 εἶχόν
722 963 844 999 τινα
887 945 1337 1015 πλεονεκτήματα
1383 942 1657 1015 ἐξαίρετα.
1708 943 1768 996 ὲν
1814 937 1898 1004 οἷς

315 1039 548 1102 ἕκαστος
594 1036 773 1092 αὐτῶν
825 1037 968 1100 ἰδίως
1017 1034 1328 1108 διαπρεπὴς
1373 1034 1623 1104 γέγονεν·
1660 1027 1771 1087 οἷον
1819 1033 1897 1097 ὡς

315 1130 413 1184 ἐπὶ
443 1130 899 1202 παραδείγματος,
958 1130 1157 1200 Ἰωσὴφ
1196 1129 1256 1182 ὲν
1288 1128 1633 1200 σωφροσύνῃ,
1683 1123 1801 1178 Ἰὼϐ
1828 1128 1894 1198 τῇ

317 1220 426 1274 τῶν
450 1220 636 1274 δεινῶν
663 1221 930 1292 ὑπομονῇ,
956 1217 1206 1292 Σολομὼν
1233 1221 1292 1273 ἐν
1315 1219 1476 1290 σοφίᾳ
1501 1218 1595 1270 καί
1615 1217 1894 1288 φρονήσει·

333 1312 584 1384 Ἀϐραὰμ
601 1311 688 1366 διὰ
714 1313 814 1383 τῆς
847 1312 1079 1376 πίστεως
1104 1309 1483 1366 δεδικαιῶσθαι
1521 1309 1766 1379 λέγεται·
1801 1308 1899 1362 καὶ

316 1405 480 1470 ἀλλος
512 1404 674 1458 πάλιν
711 1407 770 1458 ἐν
804 1404 949 1476 ἄλλῳ
1001 1403 1202 1476 ἀρετῆς
1249 1403 1424 1473 ἀγῶνι
1472 1402 1897 1475 μεμαρτύρηται

315 1497 646 1569 διαλάμψας.
694 1496 918 1560 Τούτοις
961 1492 1054 1550 οὖν
1102 1496 1305 1568 ὁμοίως
1331 1495 1427 1550 καὶ
1452 1497 1481 1550 ό
1500 1493 1663 1548 Δαυῒδ
1689 1493 1901 1565 ἐξαίρε-

319 1601 414 1638 τον
449 1585 650 1657 ἀρετὴν
691 1585 1033 1657 κτησάμενος
1081 1585 1495 1657 ἀναγέγραπται
1520 1585 1618 1657 τὴν
1646 1583 1899 1648 ἀνεξικα-

322 1677 448 1732 κίαν
467 1693 481 1706 ο
511 1677 577 1731 δι’
592 1677 658 1750 ἢν
687 1678 783 1731 καὶ
811 1678 902 1731 τὸν
928 1675 1102 1732 Σαοὺλ
1125 1678 1348 1750 ῆνεγκε,
1386 1677 1557 1751 μυρία
1587 1678 1708 1731 κατ’
1734 1676 1902 1730 αὑτοῦ

1998 580 2264 650 scriptum
2301 587 2382 633 est
2411 596 2424 631 :
2450 573 2648 628 Indica
2679 591 2782 639 me,
2832 571 3080 636 Domine,
3109 571 3360 643 quoniam
3398 587 3492 641 ego
3516 571 3573 624 in

1998 672 2296 725 innocentia
2328 685 2442 723 mea
2465 683 2775 738 progressus
2801 679 2939 728 sum,
2976 669 3082 719 etc.

2068 764 2230 819 Dicas
2256 763 2420 834 igitur
2447 763 2575 833 quia
2608 760 2775 814 David
2815 773 2883 815 eo
2917 773 2977 814 se
3010 757 3176 812 modo
3200 770 3393 828 gerere
3427 754 3576 807 ince—

1998 856 2098 926 pit,
2128 854 2415 924 religiosos
2449 853 2598 908 viros
2631 853 2685 906 in
2715 851 2977 921 operibus
3005 849 3103 904 abs
3135 863 3194 902 se
3222 847 3406 907 editis.
3438 857 3576 914 quo-

2000 947 2125 1001 dam
2158 945 2419 1000 virtutum
2453 958 2648 1015 genere
2679 943 3071 1014 przecelluisse,
3107 941 3164 994 in
3198 955 3310 1011 quo
3337 937 3577 1009 quisque

2001 1036 2246 1106 ipsorum
2279 1035 2576 1106 prmelarus
2603 1035 2813 1099 evasit;
2860 1041 2943 1096 ut,
2981 1032 3215 1102 exempli
3253 1044 3444 1092 causa,
3475 1025 3573 1082 Jo-

1998 1131 2130 1200 seph
2153 1128 2511 1192 continentia,
2528 1126 2631 1181 Job
2653 1125 2910 1197 patientia
2933 1126 2986 1179 in
3012 1124 3291 1190 adversis;
3315 1122 3572 1178 Salomon

1999 1222 2263 1293 sapientia
2286 1229 2340 1276 et
2359 1219 2674 1290 prudentia;
2693 1217 2964 1272 Abraham
2987 1216 3091 1271 ﬁde
3107 1214 3438 1286 justiﬁeatus
3453 1229 3576 1270 esse

1997 1315 2195 1371 dicitur
2220 1329 2234 1366 :
2261 1321 2315 1369 et
2343 1313 2483 1367 alius
2512 1312 2710 1366 iterum
2737 1311 2843 1365 alio
2873 1309 3090 1364 virtutis
3113 1307 3409 1364 certamine
3433 1308 3572 1362 emi-

1997 1407 2180 1463 cuisse
2201 1404 2546 1476 praedicatur.
2570 1403 2946 1472 Similiterque
2965 1399 3131 1455 David
3155 1399 3424 1470 praecipua
3447 1414 3576 1469 qua-

1996 1501 2122 1556 dam
2144 1500 2365 1562 virtute,
2398 1497 2604 1552 scilicet
2622 1495 2945 1565 iniuriarum
2964 1493 3257 1558 obliviOne,
3280 1491 3576 1546 emicuisse

2003 1589 2218 1659 scripto
2255 1587 2526 1651 traditur;
2582 1597 2693 1656 qua
2723 1581 2950 1638 Saulem
2977 1581 3254 1652 patienter
3285 1577 3433 1640 tulit,
3487 1577 3582 1648 qui

2004 1682 2279 1738 sexcentis
2301 1695 2425 1736 eum
2453 1678 2610 1734 malis
2635 1677 2911 1743 affecerat,
2942 1685 2995 1730 et
3019 1675 3136 1729 hzec
3161 1674 3276 1744 ipse
3300 1673 3580 1727 moderate

318 1766 638 1838 δεδρακότα,
671 1767 816 1842 ἅπερ
848 1767 1038 1840 πράως
1075 1770 1169 1822 καὶ
1211 1768 1549 1834 ἀνεξικάκως
1594 1768 1902 1840 ὑπομείνας

2017 1789 2072 1830 ac
2110 1774 2230 1830 sine
2270 1771 2646 1842 indignatione
2679 1770 2873 1824 tulisse
2909 1769 2966 1823 in
2995 1766 3278 1837 Scriptura
3305 1771 3583 1819 narratur.

321 1855 753 1927 ἀναγέγραπται.
806 1861 958 1914 Ἐπεὶ
1016 1861 1196 1914 τοίνυν
1268 1860 1545 1932 ἐξαίρετος
1621 1856 1690 1932 ἦν
1763 1859 1902 1930 αὕτη

2017 1865 2148 1933 Quia
2174 1865 2341 1936 igitur
2372 1864 2489 1919 haec
2520 1861 2745 1918 Davidis
2767 1860 3044 1931 praecipua
3066 1859 3244 1913 virtus
3273 1863 3415 1917 erat.
3441 1868 3590 1909 nian-

320 1950 415 2005 τοῦ
443 1951 605 2005 Δαυῖδ
630 1951 820 2025 ἀρετὴ,
860 1953 1006 2022 λέγω
1040 1954 1098 2008 δὲ
1125 1955 1160 2026 ἡ
1189 1953 1287 2024 τῆς
1323 1953 1630 2026 πραότητος
1655 1954 1752 2008 καὶ
1797 1969 1900 2006 τας-ι

2017 1957 2242 2015 suetudo
2277 1971 2493 2027 nempe,
2523 1953 2828 2022 humilitas,
2863 1961 2918 2009 et
2948 1950 3239 2007 tolerantia
3269 1969 3283 2004 :
3312 1949 3428 2004 haec
3469 1961 3588 2001 om-

323 2042 751 2114 πεινοφροσύνης
777 2043 871 2098 καὶ
912 2043 1284 2110 ἀνεξικακίας,
1331 2043 1506 2099 ταῦτα
1538 2044 1718 2099 πάντα
1761 2042 1898 2115 ὁμοῦ

325 2132 633 2204 περιλαϐὼν
663 2134 898 2191 ἀκακίαν
923 2135 1061 2190 αὐτὰ
1097 2135 1380 2209 ὠνόμασε·
1417 2137 1512 2190 καὶ
1535 2136 1611 2200 ὼς
1639 2137 1696 2190 ὲν
1726 2135 1900 2206 τούτῳ

325 2226 560 2296 μάλιστα
591 2227 670 2299 τῷ
714 2228 869 2301 μέρει
909 2229 1280 2302 κατορθώσας,
1308 2233 1370 2287 ὲν
1392 2234 1459 2304 τῇ
1493 2231 1630 2303 πρὸς
1656 2231 1748 2284 τὸν
1767 2231 1904 2285 Θεὸν

323 2317 561 2383 ἐντεύξει
579 2320 711 2392 φησί
729 2337 742 2350 ·
778 2319 999 2390 Κρῖνόν
1016 2338 1117 2391 με,
1144 2324 1344 2392 Κύριε,
1367 2322 1587 2394 ὅτιὲγὼ
1606 2323 1904 2390 ὲνάκακιᾳ

321 2427 440 2477 μου
499 2411 845 2480 ἐπορεύθην.
886 2413 1038 2467 Ἐπεὶ
1083 2415 1141 2469 δὲ
1185 2415 1329 2486 μέγα
1374 2415 1504 2488 περὶ
1544 2415 1737 2468 ἑαυτοῦ
1775 2415 1906 2469 ἀπε-

323 2502 553 2574 φήνατο,
583 2503 771 2575 ὥσπερ
811 2507 1292 2579 ὲγκαυχησάμενος
1315 2507 1394 2579 τῷ
1412 2508 1676 2581 ἐξαιρέτῳ
1708 2505 1902 2562 ἑαυτοῦ

324 2593 712 2666 κατορθώματι
735 2595 839 2666 τῆς
877 2597 1114 2663 ἁκακίας
1133 2599 1167 2669 ἢ
1191 2599 1290 2669 τῆς
1320 2601 1642 2672 ἁπλότητος,
1679 2600 1907 2673 ἐπιλαμ-

324 2686 547 2743 ϐάνεται
571 2690 732 2755 αὐτὸς
767 2692 960 2748 ἑαυτοῦ
993 2693 1086 2747 καὶ
1111 2693 1354 2760 ἐπιλέγει
1377 2695 1690 2764 ἀναγκαίως
1743 2695 1902 2767 ἐξῆςο

333 2780 441 2832 Καὶ
457 2782 550 2833 ἐπὶ
571 2782 651 2849 τῷ
666 2786 860 2854 Κυρίῳ
885 2784 1138 2848 ἐλπίζων
1151 2788 1222 2841 οὐ
1236 2787 1326 2856 μὴ
1344 2786 1682 2857 ἀσθενήσω.
1717 2789 1909 2858 Ἀναγ-

329 2871 497 2936 καίως
511 2869 604 2928 οὖν
625 2877 1146 2943 συνέπλεξενέαυτὸν
1169 2883 1234 2952 τῇ
1269 2880 1365 2934 ἐπὶ
1384 2879 1476 2934 τὸν
1492 2881 1695 2953 Κύριον
1710 2881 1906 2948 ἐλπίδι,

329 2964 424 3017 καὶ
443 2966 637 3020 ἑαυτοῦ
684 2974 997 3042 κατηγορεῖ,
1032 2973 1107 3036 ὡς
1132 2971 1428 3044 δυναμένου
1463 2973 1791 3046 σαλευθῆναι
1815 2975 1910 3029 καὶ

330 3057 672 3131 ἐκτραπῆναι
703 3064 796 3116 καὶ
831 3064 1211 3136 ὲξασθενῆσαι.
1251 3064 1396 3137 Πλὴν
1439 3067 1592 3120 οὐδὲν
1627 3067 1912 3122 πείσεσθαι

329 3149 420 3204 διὰ
432 3151 530 3224 τὴν
551 3155 629 3218 εἰς
646 3153 776 3210 Θεὸν
799 3157 988 3211 ἐλπίδα
1005 3157 1226 3230 θαρρῶν
1242 3158 1626 3213 διεϐεϐαιοῦτο*
1647 3159 1763 3231 ᾔδει
1778 3159 1908 3232 γὰρ,

330 3244 410 3298 δτι
432 3247 468 3317 ἡ
494 3246 649 3311 ἐλπὶς
665 3249 725 3301 οὺ
746 3249 1122 3320 καταισχύνει,
1159 3251 1298 3304 κατὰ
1323 3251 1413 3304 τὸν
1460 3252 1803 3307 Ἀπόστολον,

399 3340 736 3408 Δοκίμασόν
759 3359 855 3411 με,
891 3343 1086 3411 Κύριε,
1125 3344 1224 3397 καὶ
1255 3343 1548 3412 πείρασόν
1577 3362 1655 3414 με
1674 3362 1688 3375 ·
1717 3345 1918 3414 πύρωο

332 3442 448 3482 σον
474 3430 616 3498 τοὺς
639 3434 897 3503 νεφρούς
916 3451 1036 3503 μου
1068 3435 1168 3488 καί
1197 3435 1312 3503 τὴν
1343 3435 1598 3504 καρδίαν
1625 3454 1774 3506 μου.
1796 3438 1918 3491 Ὅτι

332 3521 400 3575 τὸ
425 3523 597 3590 ἔλεός
624 3541 741 3579 σου
770 3525 1086 3580 κατέναντι
1117 3526 1237 3581 τῶν
1265 3525 1592 3597 ὀφθαλμῶν
1617 3545 1737 3598 μου
1761 3529 1916 3593 ἐστὶ,

335 3614 435 3668 καὶ
472 3614 856 3685 εὺηρέστησα
887 3618 959 3670 ἐν
987 3617 1060 3686 τῇ
1089 3620 1342 3686 ἀληθείᾳ
1369 3635 1506 3674 σου.
1543 3620 1655 3691 Ούχ
1686 3620 1762 3684 ὡς
1783 3620 1919 3674 ἁλα-

333 3705 702 3779 ζονευόμενος,
731 3709 838 3762 οὐδ’
866 3710 1222 3788 ἐπαιρόμενος
1261 3709 1415 3778 ἔλεγε
1445 3710 1537 3763 τόο
1575 3711 1924 3778 Δοκίμασόν

333 3817 426 3869 με,
462 3801 657 3870 Κύριε,
698 3802 798 3856 καὶ
830 3803 1124 3870 πείρασόν
1158 3819 1271 3871 με’
1317 3804 1603 3870 κύρωσον
1645 3801 1788 3868 τοὺς
1819 3817 1919 3855 νε-

336 3891 524 3958 φρούς
547 3908 667 3960 μου
700 3892 800 3945 καὶ
826 3892 941 3960 τὴν
969 3891 1221 3960 καρδίαν
1257 3906 1412 3962 μου’
1449 3890 1562 3945 ἀλλ’
1589 3890 1665 3955 ὡς
1695 3895 1752 3946 ὲν
1786 3892 1924 3963 εὐχῇ

339 3982 669 4054 παρακαλῶν
701 3984 806 4037 ὑπὸ
833 3984 927 4037 τοῦ
952 3982 1086 4042 Θεοῦ
1121 3983 1464 4058 καθαρθῆναι
1496 3983 1586 4037 διὰ
1612 3984 1712 4054 τῆς

340 4091 497 4138 σεως,
531 4076 579 4128 εί
624 4075 794 4130 δέοιτο
826 4076 1164 4149 καθάρσεως.
1201 4077 1517 4150 Παρακαλεῖ
1555 4078 1734 4131 τοίνυν
1777 4078 1924 4131 δοκιο

343 4166 616 4238 μασθῆναι
647 4169 742 4222 καὶ⁵
785 4169 1146 4242 πειρασθῆναι
1177 4169 1276 4242 τὴν
1323 4169 1716 4242 προλεχθεῖσαν
1755 4169 1922 4224 αὑτοῦ

340 4259 561 4332 ἀρετὴν,
610 4261 731 4315 καθ’
776 4263 843 4333 ἣν
895 4261 1201 4334 διαπρέψας
1253 4262 1655 4326 ἀποδέδεικται,
1691 4263 1792 4316 ούκ
1837 4264 1924 4332 ἐφ’

341 4353 518 4424 ἐαυτῷ
562 4353 856 4418 πεποιθὼς,
882 4354 996 4409 ἀλλ’
1034 4355 1127 4409 ἐπὶ
1158 4353 1238 4425 τῷ
1276 4353 1374 4408 τοῦ
1403 4353 1540 4408 Θεοῦ
1577 4354 1736 4425 ἐλέῳ.
1767 4355 1926 4407 Οῦτω

339 4445 491 4514 γοῦν,
527 4447 680 4518 φησὶ,
702 4447 790 4500 διὰ
817 4447 1018 4510 παντὸς
1065 4447 1123 4500 σὲ
1150 4447 1239 4500 τὸν
1271 4447 1402 4501 Θεὸν
1430 4449 1522 4501 καὶ
1547 4447 1638 4502 τὸν
1666 4446 1756 4499 σὸν
1779 4446 1928 4500 ἔλεον

341 4539 449 4611 πρὸ
473 4539 768 4610 ὀφθαλμῶν
792 4539 950 4610 ἔχων,
978 4539 1156 4594 πάντα
1184 4539 1274 4593 τὸν
1296 4539 1537 4610 ἐμαυτοῦ
1563 4539 1676 4610 βίον
1703 4539 1798 4592 καὶ
1822 4539 1926 4593 πά-

2010 2052 2104 2107 nia
2147 2065 2256 2106 una
2288 2049 2683 2119 complectens,
2727 2045 3105 2101 innocentiam
3137 2042 3374 2098 vocavit.
3409 2039 3476 2094 Et
3503 2045 3592 2093 ut-

2009 2151 2137 2214 pote
2165 2143 2260 2214 qui
2292 2142 2397 2198 hae
2423 2141 2694 2211 praecipue
2724 2139 2778 2194 in
2814 2149 2968 2209 parte
2999 2151 3060 2193 se
3092 2136 3354 2207 praeclare
3387 2132 3591 2204 gessis-

2011 2243 2116 2300 set,
2149 2236 2205 2290 in
2235 2235 2605 2306 postulatione
2629 2246 2729 2288 sua
2759 2232 2832 2285 ita
2857 2230 3024 2285 [lenm
3057 2223 3592 2298 compellatzludica

2012 2345 2114 2395 me,
2149 2328 2396 2394 Domine,
2428 2326 2675 2398 quoniam
2721 2341 2814 2395 ego
2857 2324 2913 2377 in
2959 2321 3258 2375 innocentia
3301 2333 3417 2372 mea
3468 2331 3593 2384 pro-

2011 2439 2222 2493 gressus
2253 2437 2391 2476 sum.
2439 2417 2893 2489 Quandoquidem
2938 2429 3196 2486 magnum
3222 2412 3290 2468 de
3329 2425 3390 2466 se
3433 2409 3594 2480 quid-

2013 2516 2158 2587 piam
2196 2516 2604 2586 pronuntiarat,
2635 2511 2794 2583 quasi
2823 2507 3195 2579 iactabundus
3225 2505 3294 2561 de
3332 2503 3594 2574 praeclara

2016 2621 2119 2662 sua
2149 2605 2483 2661 innocentim
2508 2611 2563 2658 et
2597 2599 2970 2672 simplicitatis
3002 2597 3228 2659 virtute,
3269 2609 3392 2649 sese
3421 2591 3598 2660 repri-

2015 2698 2118 2753 mit
2148 2707 2202 2754 et
2231 2697 2392 2768 quasi
2426 2695 2754 2751 necessitate
2785 2691 3048 2746 inductus
3077 2687 3288 2757 adjicit.
3321 2693 3371 2739 et
3400 2687 3456 2738 in
3487 2682 3598 2738 Do-

2017 2793 2164 2848 mino
2203 2806 2424 2860 sperans
2470 2805 2575 2842 non
2623 2784 3006 2842 commovebar.
3055 2780 3383 2837 Necessario
3431 2776 3600 2848 igitur

2017 2900 2118 2956 spe
2153 2899 2209 2938 In
2240 2882 2409 2938 Deum
2446 2898 2505 2937 se
2536 2879 2806 2942 munivit,
2860 2890 3093 2946 seseque
3127 2874 3364 2935 incusat,
3397 2877 3457 2923 ut
3503 2867 3600 2938 qui

2017 2974 2376 3038 commoveri,
2423 2973 2615 3036 everti,
2651 2986 2716 3025 ac
2749 2967 3016 3024 inﬁrmari
3055 2965 3253 3020 valeat.
3291 2961 3487 3017 Verum
3531 2961 3598 3014 li~

2020 3068 2213 3123 denter
2235 3083 2314 3129 se,
2348 3067 2424 3120 ob
2450 3081 2602 3136 spem
2638 3064 2692 3116 in
2723 3063 2916 3122 Deum,
2967 3058 3102 3115 nihil
3155 3056 3280 3110 mali
3306 3067 3597 3124 passurum

2023 3159 2375 3217 asseverabat
2407 3175 2422 3215 ε
2461 3161 2688 3213 noverat
2711 3154 2859 3210 enim
2890 3167 3042 3224 spem
3093 3167 3202 3206 non
3236 3145 3599 3208 confundere.

1946 3239 1989 3298 Ο
2024 3251 2325 3310 secundum
2353 3248 2674 3320 Apostolum
2699 3247 2774 3300 ⁸⁸.

2089 3345 2257 3401 Vens.
2287 3343 2344 3404 2,
2373 3343 2428 3398 5.
2464 3341 2643 3396 Proba
2664 3357 2766 3404 me,
2797 3337 3042 3404 Domine,
3071 3346 3120 3392 et
3163 3343 3309 3390 tenta
3345 3349 3427 3387 me
3453 3347 3471 3386 :
3503 3345 3600 3384 ure

2018 3453 2166 3494 renes
2195 3451 2334 3490 meos
2374 3443 2425 3489 et
2457 3451 2548 3488 cor
2574 3448 2767 3488 meum.
2799 3430 3065 3496 Quoniam
3107 3421 3477 3481 misericordia
3509 3430 3602 3474 tua

2019 3540 2142 3585 ante
2168 3528 2347 3584 oculos
2381 3541 2523 3581 meo:
2551 3534 2650 3588 est,
2699 3533 2750 3578 et
2789 3521 3088 3591 eompiaeui
3136 3520 3193 3572 in
3234 3517 3451 3572 veritate
3485 3522 3599 3566 tua.

2018 3620 2138 3676 Non
2186 3618 2345 3690 quasi
2387 3615 2758 3687 iactabundus
2807 3622 2864 3669 et
2911 3613 3091 3668 elatus
3125 3608 3312 3662 animo
3361 3605 3469 3660 hoc
3496 3602 3597 3663 ait.

2023 3714 2204 3769 Proba
2249 3728 2350 3774 me,
2387 3711 2632 3772 Domine,
2660 3718 2708 3763 et
2738 3715 2884 3762 tenta
2909 3722 2991 3760 me
3023 3719 3041 3758 :
3083 3717 3178 3757 ure
3209 3713 3354 3755 renes
3381 3713 3523 3754 meo;
3553 3705 3605 3751 et

2021 3825 2112 3864 eor
2141 3823 2335 3870 meum,
2373 3805 2466 3860 sed
2497 3802 2660 3874 Quasi
2709 3802 2765 3856 in
2819 3799 3070 3856 oratione
3099 3793 3431 3866 postulando
3486 3804 3546 3845 se
3575 3805 3606 3842 a

2024 3900 2137 3956 Deo
2159 3901 2283 3972 igne
2305 3896 2548 3970 purgari.
2578 3896 2626 3951 si
2661 3894 2879 3965 quidem
2913 3889 3238 3962 purgatione
3265 3893 3446 3957 egeat.
3490 3882 3606 3936 Ro-

2023 4004 2116 4067 gat
2144 3993 2311 4064 igitur
2342 3988 2565 4062 probari
2599 3998 2654 4042 et
2678 3982 2982 4040 examinari
3033 3995 3199 4050 supra
3243 3984 3605 4033 memoratam

2025 4101 2188 4143 suam
2205 4080 2488 4146 virtutem,
2509 4096 2615 4152 qua
2640 4078 2940 4150 praeclarus
2963 4077 3436 4129 commonstratus
3479 4073 3563 4121 est
3588 4083 3606 4131 ;

2026 4195 2137 4236 non
2173 4178 2302 4244 sibi,
2333 4175 2431 4232 sed
2473 4174 2572 4229 Dei
2605 4167 3000 4228 misericordiae
3050 4162 3315 4219 conﬁsus.
3370 4159 3469 4223 Ita,
3527 4157 3610 4210 in-

2027 4271 2168 4342 quit,
2205 4278 2257 4324 te
2289 4268 2479 4332 Deum,
2512 4273 2776 4334 tuamque
2807 4255 3242 4317 misericordiam
3271 4267 3386 4324 prae
3430 4250 3609 4304 oculis

2029 4339 2248 4433 semper
2280 4359 2511 4420 habens,
2540 4358 2708 4412 vitam
2739 4368 2914 4408 meam
2947 4349 3314 4416 universaque
3339 4356 3504 4414 opera
3529 4339 3611 4394 sic

2028 4455 2266 4519 institui,
2313 4462 2373 4508 ut
2402 4450 2800 4520 complacerem
2855 4445 2910 4498 in
2970 4442 3194 4497 veritate
3253 4445 3367 4492 tua.
3421 4433 3612 4502 Neque

2029 4550 2176 4606 enim
2217 4563 2341 4604 cum
2363 4543 2716 4602 simulatione
2737 4537 2998 4610 quadam,
3033 4533 3128 4591 sed
3156 4534 3212 4586 in
3241 4529 3475 4586 veritate
3496 4541 3614 4579 am-

346 4610 444 4696 σας
474 4651 574 4704 μου
609 4633 708 4696 τὰς
735 4631 962 4705 πράξεις
995 4631 1430 4701 ἐπαιδαγώγουν,
1459 4632 1535 4696 ὼς
1565 4632 1913 4705 εὐαρεστῆσαι

2035 4640 2218 4696 bulavi
2249 4653 2314 4692 ac
2347 4641 2602 4692 versatus
2658 4646 2802 4698 sum,
2858 4627 3066 4696 unique
3106 4623 3220 4678 Deo
3247 4620 3465 4692 placere
3495 4623 3614 4670 stu-

345 4724 404 4776 ὲν
432 4728 498 4796 τῇ
525 4725 754 4797 ἀληθείᾳ
787 4743 900 4780 σου.
927 4726 1002 4780 Οὐ
1040 4725 1148 4798 γὰρ
1182 4725 1298 4796 μεθ’
1329 4725 1690 4796 ὑποκρίσεως,
1717 4724 1832 4779 ἀλλ’
1867 4728 1925 4778 ἐν

347 4818 572 4890 ἀληθεία
603 4818 983 4890 περιεπάτησα
1012 4819 1105 4872 καὶ
1137 4818 1504 4889 ἀνεστράφην,
1538 4817 1687 4889 μόνῳ
1708 4816 1786 4888 τῷ
1809 4816 1928 4887 Θεῷ

349 4911 712 4981 εὐαρεστῆσαι
741 4910 1076 4976 σπουδάζων.

422 5025 542 5078 Οὐκ
569 5024 824 5079 ἐκάθισα
849 5024 1000 5095 μετὰ
1030 5025 1352 5095 συνεδρίου
1384 5027 1798 5094 ματαιότητος,
1831 5022 1929 5076 καί

348 5115 494 5185 μετά
536 5119 1044 5187 παρανομούντων
1079 5120 1150 5173 οὐ
1187 5117 1272 5188 μὴ
1315 5119 1584 5174 εἰσέλθω.
1633 5116 1930 5186 Ἐμίσησα

347 5207 684 5275 ἐκκλησίαν
720 5210 1234 5281 πονηρευομένων,
1280 5213 1376 5265 καὶ
1401 5209 1550 5280 μετὰ
1597 5205 1834 5264 ἀσεϐῶν
1860 5209 1931 5261 οὺ

345 5297 432 5368 μὴ
465 5300 714 5355 καθίσω.
746 5301 813 5354 Et
837 5319 940 5355 που
965 5302 1144 5356 τοίνυν
1178 5304 1504 5374 συνήρχοντο
1536 5298 1677 5354 κατὰ
1707 5299 1768 5352 τὸ
1801 5298 1934 5352 αὑτὸ

352 5387 545 5455 ἄνδρες
587 5390 649 5443 ού
695 5391 994 5455 σπουδαῖοι,
1024 5391 1132 5445 οὐδ’
1163 5393 1256 5446 ἐπὶ
1296 5392 1607 5456 σπουδαίοις
1645 5391 1935 5466 πράγμασι

355 5479 800 5554 προεδρεύοντες,
837 5484 929 5536 ἐπὶ
976 5484 1226 5555 ματαίοις
1269 5485 1326 5538 δὲ
1353 5486 1448 5539 καὶ⁵
1479 5485 1580 5538 οὐκ
1617 5483 1938 5552 ἀναγκαίοις

355 5573 665 5645 ποιούμενοι
689 5576 786 5646 τὴν
807 5575 1043 5629 σύνοδον
1071 5576 1312 5643 τούτους,
1337 5579 1521 5650 φησιν,
1551 5577 1770 5648 ἔφυγον,
1795 5577 1940 5632 ὥστε

359 5666 433 5738 μὴ
467 5665 1005 5738 συμπεριπλέκεσθαι
1045 5666 1224 5722 αὐτῶν
1266 5672 1335 5741 τῇ
1389 5668 1730 5742 ματαιότητι,
1758 5668 1818 5689 “⁶
1862 5664 1940 5728 ὡς

427 5822 471 5854 ³⁸
510 5820 667 5878 Rom.
703 5839 766 5885 ν,
801 5822 852 5877 5.

643 5913 918 5974 Punon.
951 5912 1069 5975 Gn.
1125 5906 1366 5973 XXIII.

2029 4729 2146 4784 dui.

2109 5008 2277 5066 Vens.
2312 5008 2368 5069 4,
2401 5008 2453 5063 5.
2493 5004 2617 5060 Non
2657 5002 2770 5059 sedi
2817 5015 2933 5054 tum
2982 4995 3207 5050 concilio
3255 4991 3532 5050 vanitatis.
3565 4997 3619 5044 et

2039 5121 2158 5159 eum
2185 5104 2370 5174 iniqua
2408 5097 2710 5171 gerentibus
2734 5111 2838 5150 non
2875 5087 3125 5145 introibo.
3156 5085 3309 5142 Oditn'
3340 5083 3622 5139 ecclesiam

2040 5195 2470 5267 indignantium,
2498 5199 2548 5246 et
2569 5206 2689 5244 cum
2710 5187 2885 5258 impiis
2919 5202 3022 5240 non
3045 5180 3250 5238 sedebo.
3289 5176 3478 5232 Sicubi
3511 5187 3620 5229 una

2041 5287 2398 5346 convenirent
2416 5284 2519 5338 viri
2547 5298 2656 5337 non
2688 5279 2853 5350 frugi,
2881 5291 3058 5348 neque
3079 5275 3148 5329 de
3175 5270 3334 5326 bonis
3361 5267 3622 5338 aper-ibus

2043 5382 2336 5441 consilium
2374 5379 2668 5450 agitantes.
2705 5373 2802 5429 sed
2825 5372 2893 5427 de
2921 5370 3077 5425 vanis
3122 5381 3188 5422 ac
3216 5380 3329 5420 non
3362 5375 3619 5418 necessa-

2044 5479 2144 5534 riis
2171 5477 2339 5531 rebus
2368 5474 2424 5527 in
2451 5477 2599 5526 creto
2625 5483 2725 5525 suo
2751 5469 3182 5536 pertractantes;
3209 5459 3280 5514 ab
3302 5457 3392 5520 iis,
3417 5452 3620 5522 inquit,

2045 5567 2404 5639 refugiebam,
2441 5569 2499 5618 ut
2527 5578 2598 5617 ne
2644 5560 2836 5615 talium
2884 5556 3168 5612 hominum
3209 5547 3437 5605 vanitati
3471 5559 3618 5599 com-

2047 5633 2331 5728 miseerer,
2361 5660 2426 5681 “'
2461 5664 2522 5710 ut
2551 5651 2680 5725 quid
2714 5658 2910 5722 praeter
2931 5647 3170 5703 divinam
3195 5645 3370 5713 legem
3404 5633 3626 5708 aggredi

3273 5892 3313 5951 8
