4122 6454
470 331 576 387 255

1210 337 1476 393 EUSEBll
1515 335 1990 393 cassammsxs
2028 335 2178 391 OPP.
2223 331 2394 386 mus
2438 315 2608 375 ιιι-κ
2645 332 3044 388 uince-um.

3608 341 3718 391 2.56

467 453 754 521 auderent,
784 459 957 512 multo
989 459 1165 530 magis
1215 462 1285 515 ab
1335 461 1402 517 iis
1433 461 1798 523 decliuabam,
1828 461 2031 516 erroris

2135 460 2226 514 καὶ
2249 458 2395 529 παρὰ
2420 453 2511 509 τδν
2540 441 2681 510 θεῖον
2707 458 2864 528 νόμον
2897 459 3098 528 τολμᾷν
3125 459 3245 511 τινὰ
3271 460 3399 529 δρᾷν
3424 477 3435 488 ’
3471 461 3562 514 καὶ
3588 462 3730 512 τού-ε

469 563 579 602 una
609 563 732 602 cum
757 550 824 606 iis
857 551 1252 607 adeundiviam
1277 553 1574 623 refugiens.
1609 553 1763 618 Quod
1792 555 1839 608 si
1861 571 2033 623 quan-

468 638 540 693 do
564 638 802 696 viderem
827 643 1040 713 aliquos
1065 653 1266 699 coetum
1289 654 1534 716 agentes,
1561 647 1652 716 qui
1678 662 1783 700 non
1821 662 1918 715 pro
1943 663 2034 700 va-

467 733 639 788 nitate
680 749 781 788 nec
808 751 906 805 pro
939 737 1205 806 improbis
1238 739 1498 808 operibus
1522 740 1900 802 convenirent,
1938 740 2034 795 sed

470 839 568 894 pro
599 832 781 894 pravis
801 836 853 882 et
883 828 1065 899 impiis
1085 829 1431 900 dogmatibus
1460 832 1514 885 in
1554 832 1787 887 ecclesia
1814 847 2038 902 congre-

470 927 751 983 garentur,
787 919 889 975 hos
924 921 1213 992 plusquam
1266 937 1430 992 supra
1458 923 1636 978 dictos
1670 923 1797 978 odio
1839 923 2034 993 dignos

469 1010 651 1064 rebar.
685 1011 846 1065 Aliud
872 1027 1003 1066 vero
1029 1028 1059 1066 a
1083 1029 1248 1083 supra
1276 1015 1590 1070 memoratis
1628 1014 1911 1069 hominum
1941 1030 2036 1086 ge-

467 1117 573 1155 nus
607 1103 981 1171 conspicatus,
1026 1103 1318 1174 impiorum
1359 1105 1632 1169 videlicet,
1664 1113 1718 1160 et
1743 1109 1835 1176 qui
1862 1105 2032 1161 Deum

467 1208 578 1246 non
607 1201 856 1258 nossent,
889 1210 953 1248 ac
986 1195 1079 1266 qui
1111 1197 1166 1250 in
1189 1212 1375 1252 errore
1403 1205 1457 1252 et
1481 1197 1788 1253 idololatria
1820 1199 2032 1252 voluta-

465 1293 677 1348 rentur,
711 1285 780 1339 ab
811 1286 876 1342 iis
904 1287 1253 1355 secedebam;
1294 1289 1368 1342 ita
1396 1297 1456 1342 ut
1488 1306 1555 1344 ue
1588 1291 1779 1346 sedere
1812 1291 2033 1362 quidem

466 1392 590 1431 cum
621 1376 690 1432 iis
722 1377 942 1444 vellem,
974 1394 1071 1434 nec
1102 1379 1195 1434 diu
1245 1396 1369 1434 cum
1405 1381 1472 1435 iis
1525 1383 1749 1445 morari,
1800 1398 1868 1438 ne
1926 1400 2052 1453 qua.

466 1467 598 1520 mihi
630 1483 694 1522 ex
727 1483 918 1522 eorum
969 1484 1267 1540 congressu
1312 1471 1608 1540 impietatis
1637 1474 1895 1546 contagio
1923 1474 2027 1530 hae-

467 1566 628 1614 reret.
663 1557 843 1624 Quare
866 1560 991 1614 dico
1029 1580 1041 1615 :
1068 1570 1120 1614 et
1143 1577 1260 1614 cum
1292 1562 1470 1632 impiis
1499 1579 1603 1617 non
1626 1562 1831 1619 sedebo.

535 1863 696 1919 Vens.
772 1865 891 1922 6-8.
977 1865 1185 1920 Lavabo
1257 1867 1393 1920 inter
1471 1868 1764 1922 innocentes
1846 1885 2032 1924 manus

466 1972 628 2020 meas,
680 1967 732 2010 et
761 1956 1099 2011 circumdabo
1135 1960 1306 2012 altare
1335 1969 1503 2021 tuum,
1543 1959 1766 2014 Domine
1795 1977 1814 2014 :
1845 1971 1902 2014 ut
1937 1977 2034 2014 au-

466 2049 608 2102 diam
637 2065 808 2104 vocem
857 2050 1056 2114 laudis,
1112 2060 1161 2106 et
1217 2069 1455 2107 enarrem
1489 2055 1730 2108 universa
1761 2051 2032 2106 mirabilia

466 2150 576 2196 tua.
606 2139 856 2205 Domine,
887 2142 1052 2195 dilexi
1087 2143 1325 2196 decorem
1350 2142 1537 2198 domus
1583 2153 1707 2205 tum,
1754 2153 1805 2198 et
1859 2144 2032 2204 locum

466 2212 819 2287 habitationis.
845 2234 1029 2304 gloria:
1057 2244 1180 2290 tute.
1215 2233 1273 2289 ln
1308 2236 1544 2290 circuitu
1582 2234 1921 2290 tabernaculi
1951 2235 2031 2290 tui

465 2323 884 2385 obambulando,
921 2324 1152 2395 hymnos
1202 2326 1517 2380 emittebam
1569 2340 1668 2396 pro
1721 2324 2028 2390 sacriﬁciis,

466 2423 523 2466 ut
556 2413 624 2468 ab
650 2413 965 2470 hominibus
999 2431 1030 2471 e
1087 2416 1272 2471 vicino
1307 2418 1502 2486 positis
1539 2417 1904 2486 audirentur,
1957 2418 2030 2472 ita

466 2511 525 2556 ut
556 2519 746 2560 omnes
799 2521 990 2560 vocem
1039 2522 1214 2562 meam
1247 2516 1299 2563 te
1327 2508 1718 2572 celebrantem,
1777 2524 1841 2563 ac
1867 2523 2031 2565 επεν-

465 2603 674 2650 rantem
709 2596 963 2651 universa
996 2596 1267 2651 mirabilia
1323 2606 1417 2652 tua
1467 2598 1858 2653 auscultarent.
1894 2597 2030 2652 Nam

465 2687 519 2740 in
548 2686 766 2757 hymnis
819 2686 885 2741 ad
937 2686 1017 2741 tui
1049 2687 1260 2743 laudem
1308 2690 1672 2756 concinnatis,
1709 2689 2031 2745 admiranda

465 2789 612 2850 gesta
645 2786 737 2834 tua
771 2796 878 2834 una
909 2781 1330 2849 complectebar,
1386 2797 1508 2851 quae
1555 2783 1774 2852 proavis
1825 2783 2031 2838 nostris

465 2871 780 2926 exhibuisti.
812 2870 1000 2942 Neque
1028 2871 1290 2926 duntaxat
1321 2873 1491 2929 altare
1513 2884 1668 2929 tuum
1702 2875 2027 2942 circuibam,

465 2962 556 3017 sed
587 2970 758 3017 totam
789 2979 1008 3033 quoque
1051 2964 1272 3019 domum
1331 2973 1479 3018 tuam
1531 2965 1717 3032 dilexi,
1778 2965 2026 3029 Domine,

467 3053 806 3124 maximeque
834 3052 1086 3113 decorem
1125 3053 1269 3124 ejus,
1306 3057 1398 3124 qui
1444 3056 1499 3110 in
1546 3057 1652 3126 piis
1680 3057 2030 3128 dogmatibus

2136 569 2256 615 τους
2322 551 2398 604 ἔτι
2457 541 2657 619 μᾶλλον
2711 550 2929 618 ἔφυγον,
2984 550 3415 621 παραιτούμενος
3455 551 3551 622 τήν
3597 553 3720 621 ἃμα

2137 645 2314 706 αὐτοῖς
2357 645 2434 706 είς
2481 641 2580 711 τὴν
2615 643 2818 712 πλάνην
2867 643 3086 696 εἴσοδον.
3133 644 3239 696 Καὶ
3271 643 3323 694 εἰ
3358 660 3484 696 ποτε
3521 645 3579 697 δὲ
3611 646 3718 696 ἐώ-

2140 752 2244 804 ρων
2301 733 2753 803 ὲκκλησιάξοντάς
2808 750 2993 797 τινας,
3051 735 3140 788 καὶ
3197 734 3296 786 οὐκ
3337 735 3428 787 ἐπὶ
3482 738 3718 804 ματαιό-

2135 841 2294 893 τητος
2334 826 2780 894 συνερχομένους,
2808 824 2921 877 ἀλλ’
2956 824 3062 877 οὐδ’
3106 825 3197 877 ἐπὶ
3250 826 3586 897 παρανόμοις
3626 827 3721 898 ἔρ-

2136 934 2288 985 γοις,
2327 917 2441 969 ἀλλ’
2489 917 2582 968 ἐπὶ
2617 920 2874 987 πονηροῖς
2919 918 3013 971 καὶ
3057 919 3277 972 ἀσεϐέσι
3321 919 3603 990 δόγμασιν,
3659 925 3719 972 ἐν

2136 1005 2396 1078 ἐκκλησία
2439 1006 2598 1077 δῆθεν
2645 1009 3163 1079 συγκροτουμένους,
3229 1008 3451 1073 τούτους
3498 1011 3561 1081 δὴ
3609 1013 3722 1082 μά-

2136 1097 2290 1148 λιστα
2324 1096 2472 1167 παρά
2516 1098 2640 1159 τοὺς
2681 1097 3077 1168 προλεχθέντας
3121 1099 3312 1168 μίσους
3339 1099 3522 1164 ἀξίους
3550 1101 3720 1172 ήγού-

2140 1205 2264 1258 μην.
2295 1189 2403 1241 Καὶ
2443 1187 2628 1260 ἕτερον
2669 1189 2726 1242 δὲ
2771 1190 2955 1261 τάγμα
3005 1191 3157 1260 παρά
3195 1191 3265 1243 τά
3307 1191 3716 1264 προλελεγμένα

2137 1279 2308 1343 εἰδὼς,
2342 1280 2402 1333 τὸ
2434 1280 2542 1333 τῶν
2589 1281 2819 1344 ἀσεϐῶν,
2868 1282 2974 1334 τῶν
3017 1283 3106 1335 τὸν
3153 1281 3285 1336 Θεὸν
3345 1281 3420 1353 μὴ
3468 1285 3712 1350 εἰδότων,

2136 1371 2598 1445 είδωλολατρείαις
2622 1374 2715 1427 καὶ
2741 1373 2914 1446 πλάνῃ
2937 1374 3384 1444 καλινδουμένων,
3405 1375 3716 1447 ἀνεχώρουν

2135 1464 2333 1528 αὐτῶν,
2385 1465 2460 1529 ὡς
2511 1466 2645 1537 μηδέ
2690 1465 2972 1537 βούλεσθαι
3022 1468 3202 1530 αὐτοῖς
3258 1468 3711 1536 συγκαθέζεσθαι,

2092 1556 2260 1631 (μηδ’
2304 1557 2395 1609 ἐπὶ
2445 1557 2578 1610 πολὺ
2616 1559 3003 1630 συγχρονίζειν,
3047 1559 3120 1630 μὴ
3165 1560 3272 1630 ἄρα
3306 1577 3389 1624 τις
3434 1561 3492 1628 ἐξ
3531 1563 3714 1617 αὐτῶν

2135 1649 2342 1718 γένοιτό
2374 1669 2464 1722 μοι
2495 1651 2774 1722 μετάδοσις
2798 1651 3050 1716 ἀσεϐείας
3069 1670 3082 1682 ο
3114 1652 3192 1706 διὸ
3218 1653 3359 1724 φημί
3382 1669 3396 1682 ·
3419 1654 3527 1708 Kal
3558 1655 3714 1724 μετὰ

2139 1743 2376 1797 ἀσεϐῶν
2402 1747 2473 1798 οὐ
2504 1744 2590 1814 μὴ
2627 1744 2869 1800 καθίσω.

2063 1829 2112 1888 Β
2205 1859 2466 1928 Νἰψομαι
2493 1859 2564 1912 ἐν
2611 1856 2823 1924 ἀθώοις
2869 1857 2978 1924 τὰς
3024 1858 3227 1928 χεῖράς
3268 1877 3408 1928 μου,
3463 1863 3563 1916 καὶ
3604 1881 3711 1917 κυ-

2133 1947 2348 2002 κλώσω
2379 1948 2445 2002 τὸ
2468 1949 2901 2018 θυσιαστήριον
2941 1967 3078 2014 σου,
3105 1953 3299 2019 Κύριε,
3320 1952 3426 2006 τοῦ
3450 1953 3711 2008 ἀκοῦσαι

2133 2039 2336 2110 φωνῆς
2358 2041 2665 2108 αὶνέσεως,
2700 2043 2794 2095 καὶ
2825 2041 3222 2113 διηγήσασθαι
3248 2043 3443 2098 πάντα
3474 2046 3546 2100 τὰ
3568 2050 3712 2101 θαυ-

2126 2132 2318 2201 μάσιά
2364 2149 2499 2188 σου.
2549 2136 2748 2202 Κύριε,
2801 2135 3086 2204 ἠγάπησα
3133 2137 3490 2206 εὐπρέπειαν
3529 2141 3705 2194 οἴκου

2132 2241 2268 2290 σου,
2313 2226 2411 2280 καί
2443 2229 2629 2282 τόπον
2656 2227 3044 2298 σκηιγώματος
3071 2229 3255 2297 δόξης
3294 2247 3432 2284 σου.
3475 2233 3708 2285 κυκλῶν

2135 2334 2228 2370 σου
2261 2316 2323 2371 τὸ
2347 2317 2747 2392 θυσιαστήριον,
2777 2320 2976 2391 ὕμνους
3007 2322 3318 2392 ἀνέπεμπον
3350 2324 3468 2376 ἀντὶ
3491 2324 3702 2388 θυσίας,

2131 2409 2224 2463 καὶ
2247 2409 2345 2479 τήν
2368 2409 2505 2481 ἐμὴν
2531 2411 2708 2483 φωνὴν
2732 2411 3000 2482 ἀκουστὴν
3026 2413 3242 2464 ἐποίουν
3255 2415 3366 2476 τοῖς
3387 2413 3708 2485 πλησιάζου-

2133 2515 2238 2564 σιν,
2273 2497 2413 2553 ὥστε
2448 2500 2652 2564 πάντας
2679 2499 2897 2554 ἀκούειν
2935 2501 3032 2571 τῆς
3062 2501 3200 2571 ἐμῆς
3240 2501 3422 2570 φωνῆς
3449 2501 3705 2572 αἰνούσης

2132 2607 2192 2644 σε
2239 2591 2331 2644 τὸν
2373 2591 2502 2644 Θεὸν
2545 2594 2640 2645 καὶ
2685 2591 3044 2663 διηγουμένης
3090 2593 3266 2645 πάντα
3309 2591 3378 2645 τὰ
3425 2592 3705 2660 θαυμάσιά

2132 2700 2243 2737 σου.
2301 2683 2388 2735 Ἐν
2419 2684 2526 2754 γὰρ
2558 2686 2670 2747 τοῖς
2728 2686 2805 2747 είς
2839 2684 2899 2737 σὲ
2941 2683 3128 2754 ὕμνοις
3179 2685 3702 2757 συμπαρελάμϐανον

2127 2774 2230 2839 τὰς
2256 2774 2563 2846 θαυμασίας
2597 2793 2689 2828 σου
2722 2777 2968 2846 πράξεις,
2995 2776 3060 2838 ἃς
3086 2777 3333 2843 ἐνεδείξω
3356 2781 3467 2842 τοῖς
3507 2776 3704 2848 ἡμετέ-

2137 2884 2250 2938 ροις
2283 2868 2670 2940 προπάτορσιν.
2704 2870 2780 2922 Οὐ
2831 2869 2991 2940 μόνον
3015 2870 3070 2922 δὲ
3097 2870 3158 2922 τὸ
3204 2870 3581 2942 θυσιαστήριον
3609 2888 3701 2923 σου

2135 2957 2417 3021 ἑκύκλουν,
2463 2957 2596 3011 ἁλλά
2636 2960 2730 3011 καὶ
2777 2959 2952 3012 πάντα
2985 2959 3073 3012 τὸν
3104 2955 3250 3014 οἶκόν
3296 2977 3387 3012 σου
3417 2960 3699 3030 ἠγάπησα,

2132 3050 2302 3121 Κύριε
2326 3067 2340 3080 ⁶
2378 3051 2473 3104 καὶ¹
2501 3050 2688 3103 τούτου
2731 3051 2962 3121 μάλιστα
2989 3051 3085 3122 τὴν
3110 3052 3442 3122 εὐπρέπειαν
3468 3051 3703 3123 θεωρου-

465 3151 516 3198 et
553 3145 917 3209 sermonibus,
950 3159 1165 3200 necnon
1201 3147 1257 3201 in
1280 3145 1544 3203 divinitus
1575 3148 1792 3204 traditis
1838 3149 2031 3204 lectio-

2137 3143 2304 3215 μένην
2331 3144 2386 3196 ἐν
2413 3141 2659 3196 εὐσεϐέσι
2682 3142 2912 3214 δόγμασι
2935 3144 3027 3196 καὶ
3051 3142 3245 3211 λόγοις,
3280 3143 3336 3195 ἒν
3358 3160 3415 3196 τε
3445 3147 3554 3207 τοῖς
3584 3144 3703 3197 θεο-

465 3237 626 3291 nibus
658 3245 956 3308 spectatur.
989 3235 1164 3293 Decor
1213 3247 1396 3294 autem
1438 3239 1638 3295 domus
1690 3238 1783 3295 Dei
1841 3240 2027 3306 fuerit,

466 3328 905 3382 convenientium
936 3337 1188 3392 ornatus,
1226 3329 1503 3400 inculpata
1541 3332 1673 3398 vita,
1726 3332 2032 3387 multitudi-

466 3417 551 3472 nis
581 3417 859 3480 honestas,
909 3428 1212 3474 concentus
1263 3427 1317 3474 et
1363 3419 1655 3474 concordia
1695 3437 2031 3476 concurren-

465 3510 623 3563 tium.
653 3507 758 3564 Sed
791 3509 1050 3580 quoniam
1088 3512 1173 3566 vel
1201 3511 1331 3580 ipsa:
1361 3511 1558 3567 domus
1583 3513 1764 3579 sedes,
1791 3514 1861 3568 ob
1881 3530 2034 3569 amo-

465 3601 540 3656 ris
570 3615 697 3672 erga
730 3599 897 3656 Deum
926 3603 1319 3671 praestantiam,
1351 3603 1622 3674 religiosis
1651 3605 1848 3660 animis
1881 3620 2036 3660 ama-

465 3690 603 3746 biles
658 3698 808 3756 sunt,
855 3692 1066 3746 etiamsi
1110 3691 1340 3747 diversa:
1386 3693 1496 3748 sint
1543 3708 1574 3747 a
1607 3693 1807 3749 tradito
1836 3695 2032 3752 domus

466 3780 558 3835 Dei
592 3783 808 3846 decore,
850 3783 1046 3838 merito
1092 3783 1311 3854 adjecit,
1364 3793 1414 3839 et
1469 3784 1643 3840 locum
1687 3786 2032 3844 habitationis

465 3874 647 3946 gloria:
676 3885 800 3930 tute.

535 3987 701 4044 Vens.
733 3988 820 4054 ll,
869 3987 958 4044 12.
1001 3987 1112 4060 Ego
1156 4001 1332 4046 autem
1379 3993 1435 4046 in
1465 3993 1766 4048 innocentia
1800 4011 1915 4048 mea
1950 3995 2035 4048 in-

463 4097 672 4149 gressus
703 4097 821 4133 sum
861 4095 879 4133 :
923 4081 1122 4136 redime
1150 4099 1249 4148 me,
1283 4081 1526 4150 Domine,
1559 4093 1606 4138 et
1636 4073 1880 4139 miserere
1910 4085 2031 4139 mei.

466 4171 565 4226 Pes
592 4189 734 4226 meus
767 4174 908 4226 stetit
937 4173 994 4226 in
1028 4173 1246 4240 directo,
1275 4175 1328 4228 in
1356 4175 1592 4230 ecclesiis
1629 4176 1927 4232 benedicam
1962 4188 2031 4242 te,

465 4263 705 4318 Domine.
742 4265 1194 4335 Quandoquidem
1236 4267 1404 4338 igitur
1435 4285 1541 4338 qua
1586 4285 1844 4324 mensura
1874 4271 2034 4324 meti—

464 4373 605 4420 mur,
636 4359 936 4412 remetiatur
963 4359 1132 4420 nobis,
1165 4368 1219 4415 et
1254 4361 1306 4414 in
1335 4361 1672 4432 quojudicio
1695 4361 2030 4431 iudicamus,

2133 3233 2420 3298 πνεύστοις
2444 3233 2879 3305 ἀναγνώσμασιν.
2905 3233 3223 3306 Εύπρέπεια
3243 3233 3298 3286 δέ
3325 3233 3408 3304 εἴη
3432 3234 3526 3288 τοῦ
3552 3236 3700 3288 οἴκου

2131 3325 2225 3380 τοῦ
2251 3326 2385 3380 Θεοῦ
2421 3327 2512 3380 καὶ
2535 3328 2563 3380 ὁ
2582 3327 2690 3379 τῶν
2718 3327 3118 3398 συνερχομένων
3142 3327 3361 3396 κόσμος,
3399 3327 3426 3378 ὃ
3451 3343 3509 3379 τε
3539 3326 3650 3395 βίος
3672 3328 3702 3381 ὁ

2134 3418 2497 3489 ἀνεπίληπτος
2520 3419 2614 3471 καὶ
2641 3418 2702 3470 τὸ
2732 3417 2956 3488 κόσμιον
2984 3417 3077 3471 τοῦ
3105 3418 3359 3489 πλήθους,
3385 3419 3480 3470 καὶ
3512 3421 3544 3489 ή
3570 3420 3701 3487 ὁμο-

2134 3509 2373 3580 φροσύνη
2428 3509 2539 3565 τῶν
2581 3512 3003 3582 συνερχομένων.
3062 3511 3196 3564 Ἀλλ’
3255 3510 3374 3562 ἐπεί
3427 3511 3521 3563 καὶ
3572 3510 3704 3563 αὐτὸ

2133 3605 2327 3674 ἔδαφος
2359 3605 2424 3658 δι’
2449 3606 2753 3678 ὑπερϐολὴν
2779 3607 2879 3677 τῆς
2907 3606 3042 3676 πρὸς
3067 3605 3198 3657 Θεὸν
3233 3604 3452 3674 ἀγάπης
3484 3605 3703 3674 ἀγαπη-

2131 3695 2224 3748 τὸν
2247 3696 2499 3765 τυγχάνει
2519 3697 2638 3758 ταῖς
2671 3694 2935 3763 φιλοθέοις
2971 3693 3190 3764 ψυχαῖς,
3218 3692 3400 3762 ἓτερον
3447 3690 3504 3744 ὃν
3551 3689 3704 3760 παρά

2131 3788 2229 3860 τὴν
2260 3787 2607 3841 ἀποδοθεῖσαν
2631 3788 2760 3857 ἡμῖν
2785 3786 3109 3858 εὐπρέπειαν
3131 3783 3225 3837 τοῦ
3248 3784 3398 3837 οἴκου
3421 3781 3514 3834 τοῦ
3541 3780 3700 3843 Θεοῦ,

2133 3879 2354 3944 εἰκότως
2372 3878 2629 3947 ἐπιλέγει·
2654 3877 2760 3931 Καὶ
2779 3879 2962 3931 τόπον
2970 3873 3351 3944 σκηνώματος
3365 3873 3548 3939 δόξης
3561 3885 3700 3926 σου.

2219 3990 2363 4061 Ἐγὼ
2397 3990 2463 4044 δὲ
2502 3991 2571 4044 ἐν
2599 3991 2816 4056 ἀκακία
2851 4007 2968 4059 μου
3008 3989 3369 4056 ἐπορεύθην-ο
3401 3986 3706 4054 λύτρωσαί

2132 4102 2226 4155 με,
2263 4086 2458 4152 Κύριε,
2489 4084 2584 4136 καὶ
2615 4081 2872 4148 ἐλέησόν
2902 4097 2998 4150 με.
3043 4082 3095 4134 Ὀ
3130 4079 3284 4144 ποῦς
3305 4095 3424 4148 μου
3454 4079 3602 4144 ἔστη
3633 4079 3704 4132 ἐν

2133 4179 2431 4244 εὐθύτητι,
2483 4176 2554 4228 ἐν
2595 4173 2947 4241 ἐκκλησίαις
2990 4171 3305 4240 εὐλογήσω
3351 4186 3446 4232 σε,
3505 4173 3698 4238 Κύριε.

2146 4270 2300 4325 Ἐπεὶ
2323 4269 2502 4322 τοίνυν
2615 4267 2796 4337 μέτρῳ
2821 4253 3705 4332 μετροῦμενάντιμετρηθήσεται

2139 4356 2298 4425 ἡμῖν,
2326 4356 2418 4409 καὶ
2463 4357 2520 4409 ὲν
2558 4349 2602 4422 ᾧ
2635 4355 2858 4426 κρίματι
2888 4351 3164 4421 κρίνομεν,
3195 4349 3590 4421 κριθησόμεθα,
3616 4347 3705 4402 διά

463 4451 517 4504 in
547 4451 736 4506 eodem
757 4451 1130 4520 judicabimur
1154 4453 1234 4520 ³⁹;
1265 4453 1388 4508 ideo
1429 4453 1742 4524 frequenter
1768 4455 2031 4508 innocen-

2132 4448 2290 4503 τοῦτο
2335 4447 2570 4518 συνεχῶς
2611 4448 2709 4517 τὴν
2750 4445 2983 4499 ἀκακίαν
3027 4443 3405 4517 προϐάλλεται,
3459 4442 3706 4496 τουτέστι

463 4541 591 4593 tiam
626 4543 897 4611 proponit,
932 4541 983 4595 id
1003 4550 1114 4607 est,
1146 4543 1413 4597 malorum
1443 4521 1794 4607 oblivionem,
1821 4550 1877 4597 c‘.‘
1895 4544 2031 4597 tole-

2137 4542 2234 4614 τὴν
2261 4541 2562 4612 ἀμνηστίαν
2600 4538 2806 4602 κακῶν,
2848 4539 2943 4591 καὶ
2974 4537 3072 4608 τὴν
3103 4536 3239 4608 πρὸς
3277 4537 3403 4599 τοὺς
3435 4537 3516 4599 είς
3543 4535 3706 4590 αὑτὸν

463 4635 697 4688 rautiam
745 4636 1332 4706 mansuetudinemque
1361 4653 1490 4708 erga
1523 4652 1618 4692 eos
1651 4637 1744 4706 qui
1801 4637 1855 4690 in
1923 4635 2034 4690 sei-

462 4741 618 4795 psum
655 4735 1050 4796 peccaverant,
1110 4736 1171 4781 ut
1195 4744 1378 4796 parem
1415 4738 1470 4782 et
1515 4729 1632 4798 ipse
1663 4743 1762 4798 pro
1793 4727 2032 4781 admisso

460 4827 643 4871 errato
677 4815 1066 4887 indulgentiam
1121 4817 1214 4872 Dei
1269 4820 1646 4873 nanciscatur.
1701 4817 1794 4872 Sic
1834 4834 2030 4888 preca-

460 4918 573 4969 tus,
621 4907 808 4962 divino
859 4910 1035 4964 sancti
1070 4918 1126 4964 et
1178 4910 1479 4979 pr0plietici
1523 4908 1760 4980 Spiritus
1805 4910 2032 4966 numine

459 4998 693 5064 amatus,
739 5002 813 5054 ita
864 5002 1059 5072 pergit,
1094 5018 1182 5071 pes
1207 5020 1352 5057 meus
1393 5006 1536 5058 stetit
1578 5006 1634 5058 in
1668 5005 1867 5060 directo
1909 5022 1928 5060 :
1977 5007 2031 5059 in

459 5092 689 5148 ecclesiis
721 5093 1020 5150 benedicam
1044 5106 1112 5158 te,
1138 5095 1380 5151 Domine.
1405 5096 1751 5153 Vaticinatur
1771 5099 1916 5154 enim
1946 5114 2027 5162 se,

459 5186 562 5240 etsi
622 5185 855 5255 pedibus
912 5203 1306 5258 nonnunquam
1359 5191 1715 5254 vacillaverit,
1748 5205 1813 5244 ac
1849 5199 2030 5246 motus

460 5293 868 5349 succussusque
902 5280 1088 5341 fuerit,
1114 5297 1392 5351 nunquam
1424 5285 1603 5337 ta’men
1634 5283 1688 5335 in
1725 5282 1811 5337 his
1841 5282 2030 5351 lapsu—

461 5384 602 5440 rum,
653 5370 747 5424 sed
779 5373 1144 5425 constiturum
1195 5375 1248 5425 in
1282 5373 1516 5434 directo,
1563 5381 1728 5442 atque
1778 5371 2026 5426 futurum

459 5475 581 5518 esse
608 5469 666 5514 ut
691 5462 745 5515 in
776 5462 1027 5517 ecclesiis
1047 5463 1329 5518 benedicat
1361 5463 1622 5528 Domino;
1659 5463 1744 5518 his
1774 5478 2030 5534 praenun-

459 5553 599 5612 tians
649 5553 888 5609 futuram
941 5555 1027 5611 sui
1081 5556 1140 5610 in
1189 5557 1438 5613 ecclesiis
1488 5556 1581 5610 Dei
1639 5557 1957 5612 memoriam
2010 5575 2024 5610 :

529 5760 573 5791 ³⁹
615 5761 800 5819 Matth.
833 5778 950 5833 vit,
978 5761 1034 5817 2.

2133 4635 2518 4708 ἡμαρτηκότας
2546 4631 2892 4698 ἀνεξικακίαν
2910 4648 2925 4662 ·
2959 4631 3034 4695 ὡς
3055 4629 3120 4684 ἂν
3147 4631 3239 4683 καὶ
3262 4630 3420 4693 αὐτὸς
3453 4630 3552 4700 τῆς
3585 4631 3707 4700 ἴσης

2135 4731 2285 4804 παρά
2310 4731 2404 4784 τοῦ
2449 4731 2583 4783 Θεοῦ
2610 4729 2760 4799 τύχοι
2787 4719 3089 4800 ἀμνηστίας
3118 4729 3208 4781 ἐπὶ
3232 4728 3310 4798 τῷ
3341 4729 3707 4799 συμϐεϐηκότι

2133 4823 2281 4894 αὑτῷ
2316 4822 2607 4893 σφάλμα-ιι.
2636 4820 2746 4874 Καὶ
2785 4821 2956 4874 ταῦτα
2993 4819 3270 4883 ἱκετεύσας
3304 4819 3600 4884 ἐπιθειάζει
3630 4821 3708 4891 τῷ

2133 4913 2275 4984 ἁγίῳ
2306 4913 2400 4965 καὶ
2427 4908 2748 4981 προφητικῷ
2767 4907 3044 4977 Πνεύματι
3077 4906 3250 4975 λέγων
3274 4906 3398 4976 ἐξῆς
3417 4923 3430 4936 ·
3473 4907 3526 4958 '0
3553 4906 3710 4972 ποῦς

2133 5023 2251 5074 μου
2279 5004 2428 5071 ἔστη
2463 5003 2534 5056 ἐν
2567 5003 2861 5068 εὐθύτητι,
2906 5001 2977 5053 ἐν
3003 4999 3357 5066 ἐκκλησίαις
3395 4995 3710 5066 εὐλογήσω

2137 5111 2233 5161 σε,
2272 5097 2466 5164 Κύριε.
2500 5092 2839 5166 Προφητεύει
2879 5090 3009 5162 γὰρ,
3047 5091 3151 5154 ὅτι,
3181 5091 3229 5142 εἰ
3260 5089 3354 5143 καί
3388 5105 3518 5142 ποτε
3549 5088 3709 5156 γέγο-

2135 5206 2224 5242 νεν
2251 5191 2308 5242 ἐν
2340 5190 2453 5250 τοῖς
2490 5186 2646 5242 ποσὶν
2681 5183 2844 5238 αὑτοῦ
2880 5181 3041 5246 σάλος
3073 5181 3167 5235 καὶ
3197 5180 3382 5243 κλόνος
3420 5179 3514 5233 καὶ
3558 5178 3710 5247 κίνηο

2137 5297 2256 5344 σις·
2300 5279 2414 5332 ἀλλ’
2445 5277 2505 5330 οὐ
2551 5281 2796 5330 πεσεῖται
2839 5273 2932 5326 ἐπὶ
2974 5272 3204 5336 τούτοις,
3257 5271 3513 5341 στήσεται
3558 5267 3614 5321 δὲ
3652 5271 3710 5320 ὲν

2133 5373 2408 5443 εὐθύτητι,
2456 5369 2662 5441 μέλλων
2707 5369 2765 5420 ἐν
2799 5364 3114 5435 ἐκκλησίαις
3147 5363 3386 5432 εὐλογεῖν
3426 5361 3517 5414 τὸν
3555 5360 3708 5423 Θεὸν,

2133 5465 2232 5536 τὴν
2263 5463 2351 5516 διὰ
2382 5460 2570 5516 πασῶν
2595 5459 2703 5512 τῶν
2727 5457 3030 5530 ἐκκλησιῶν
3059 5455 3152 5510 τοῦ
3175 5455 3311 5510 Θεοῦ
3347 5457 3564 5525 μνήμην
3586 5452 3712 5505 ἐαυ-

2133 5553 2230 5610 τοῦ
2263 5553 2726 5627 προαναφωνήσας
2749 5567 2762 5582 ·
2807 5551 2886 5615 εἰς
2911 5549 2991 5604 ἔτι
3018 5548 3145 5618 γοῦν
3175 5548 3269 5604 καὶ
3311 5547 3550 5617 σήμερον
3587 5541 3708 5597 καθ’
