4122 6454
444 341 544 398 2δῖ

1557 341 2055 400 (ΞΟΜΜΕΝΤΔΠΙᾹ
2090 342 2159 398 ιΝ
2193 339 2528 400 ΡεΑιιΜοε.

3579 343 3688 401 238

441 458 566 529 ὁλης
595 458 693 528 τῆς
737 457 1062 529 οἰκουμένης
1102 457 1160 510 ἐν
1192 459 1310 521 ταῖς
1357 459 1593 530 Χριστοῦ
1633 460 1948 532 ἐκκλησίαις
1986 467 1998 516 ι

2117 475 2243 515 nam
2298 460 2365 515 ad
2418 458 2743 513 hodiernum
2807 473 2980 528 usque
3044 456 3178 512 diem
3239 471 3333 528 per
3373 454 3681 513 universam

439 543 600 604 Δαυζδ
624 547 835 617 εὐλογεῖ
855 549 944 602 τὸν
982 547 1204 619 Κύριον.

967 761 1055 814 το
1091 761 1288 814 sum
1333 763 1476 828 κεῖν.

507 853 721 919 Κύριος
765 855 1067 922 φωτισμός
1112 871 1253 922 μου,
1303 853 1402 906 καὶ
1450 854 1650 922 σωτήρ
1698 872 1838 924 μου,
1875 855 2009 908 τίνα

431 944 886 1014 φοϐηθήσομαιξ
930 944 1145 1012 Κύριος
1195 947 1655 1013 ὑπερασπιστὴς
1703 945 1813 1014 τῆς
1861 944 2008 1012 ζωῆς

430 1051 569 1102 μου,
597 1035 717 1089 ἀπὸ
757 1035 921 1102 τίνος
963 1034 1281 1101 deditioni;
1312 1038 1422 1091 Kal.
1461 1037 1548 1092 διὰ
1579 1037 1736 1091 τοῦτο
1783 1038 1836 1092 τί
1867 1038 2008 1093 διδά-

434 1143 555 1182 σκει
579 1126 642 1180 τὸ
673 1126 899 1199 Πνεῦμα
921 1127 981 1182 τὸ
1007 1129 1342 1199 προφητικόν
1364 1146 1378 1194 ;
1410 1130 1597 1194 Ὅπως
1628 1131 1893 1201 προσήκει
1918 1129 2009 1182 τὸν

430 1217 510 1288 τῷ
556 1217 675 1288 Θεῷ
725 1218 1083 1289 ἀνακείμενον
1126 1220 1464 1292 εὐχαριστεῖν
1506 1219 1674 1292 αὐτῷ,
1708 1221 1802 1274 καὶ
1849 1223 2007 1275 ὁποῖα

432 1306 586 1379 παρά
622 1307 716 1361 τοῦ
749 1308 883 1362 Θεοῦ
931 1310 1121 1363 αἰτεῖν.
1167 1310 1415 1382 Περιέχει
1451 1311 1508 1365 δὲ
1533 1313 1562 1364 ὁ
1599 1312 1754 1380 λόγος
1786 1314 1998 1384 εὐχαρι-

434 1399 605 1454 στίαν.
642 1399 880 1464 Εἰκότως
920 1402 1098 1455 τοίνυν
1125 1401 1249 1456 οὔτε
1289 1402 1521 1474 ψαλμδς,
1552 1403 1674 1458 οὒτε
1705 1404 1835 1477 ᾠδὴ,
1879 1404 2002 1458 οὔτε

431 1509 480 1545 τι
515 1491 623 1546 τῶν
667 1493 1060 1564 παραπλησίων
1105 1494 1538 1566 ἐπιγέγραπται·
1581 1497 1794 1564 Κύριος
1827 1515 2001 1567 φωτι-

431 1586 586 1654 σμός
612 1601 731 1653 μου
760 1585 856 1638 καὶ
895 1584 1094 1653 σωτήρ
1120 1604 1260 1656 μου,
1293 1587 1428 1640 τίνα
1454 1586 1900 1657 φοϐηθήσομαι;
1943 1588 2002 1641 ’0

434 1676 533 1747 μὲν
577 1675 674 1746 τὴν
704 1674 879 1747 ψυχὴν
922 1677 980 1729 ἐν
1029 1678 1183 1731 νυκτὶ
1217 1678 1312 1731 καὶ
1350 1680 1524 1749 σκότῳ
1569 1679 1998 1750 καλινδούμενος,

2113 558 2316 604 terram
2373 550 2428 603 in
2473 548 2720 604 ecclesiis
2765 546 2973 602 Christi
3033 545 3204 602 David
3256 547 3525 602 benedici:
3573 547 3686 606 Do-

2115 657 2284 698 mino.

2671 757 2880 813 DAVID
2908 755 3101 812 XXVI.

2185 849 2354 905 Vens.
2393 850 2445 912 1,
2475 849 2530 903 2.
2573 849 2830 903 Dominus
2861 848 3183 903 illuminatio
3210 863 3347 909 mea,
3375 858 3424 902 et
3447 848 3684 902 saltator

2114 961 2279 1001 meus.
2301 958 2450 1012 quem
2477 941 2664 995 timebo
2682 944 2707 996 7
2747 941 3001 994 Dominus
3028 950 3291 1009 protector
3321 942 3440 996 vitor
3472 957 3619 999 metu,
3650 957 3684 992 a

2111 1052 2214 1104 quo
2237 1032 2546 1101 trepidabo?
2579 1031 2674 1088 His
2706 1047 2870 1101 porro
2897 1031 3030 1102 quid
3063 1029 3300 1100 Spiritus
3331 1030 3682 1101 prapbeticus

2111 1129 2306 1184 docet?
2338 1127 2623 1194 Quomodo
2649 1135 2898 1198 oporteat
2935 1127 3206 1183 hominem
3257 1126 3368 1184 Deo
3404 1125 3679 1182 addictum

2111 1220 2212 1288 ipsi
2253 1220 2459 1289 gratias
2513 1234 2697 1290 agere,
2727 1229 2782 1275 et
2810 1219 2992 1290 qualia
3020 1235 3115 1290 par
3142 1220 3215 1274 sit
3243 1219 3312 1274 ab
3341 1219 3461 1290 ipso
3492 1226 3685 1290 postn-

2111 1312 2243 1367 lare.
2277 1311 2376 1366 Hic
2404 1326 2536 1366 sane
2565 1326 2745 1366 sermo
2773 1312 3069 1381 gratiarum
3106 1312 3376 1366 actionem
3416 1311 3680 1366 continet.

2109 1402 2289 1470 Quare
2312 1403 2435 1473 jure
2458 1416 2523 1456 ac
2565 1401 2762 1458 merito
2789 1417 2966 1472 neque
2991 1403 3236 1473 psalmus
3253 1444 3268 1468 ,
3301 1418 3478 1474 neque
3504 1403 3684 1458 canti-

2107 1511 2255 1558 cum,
2280 1512 2456 1567 neque
2481 1495 2761 1566 quidpiam
2805 1495 2982 1552 simile
3033 1495 3351 1551 inscribitur
3382 1515 3396 1550 :
3424 1494 3680 1550 Dominus

2108 1589 2428 1643 illuminatio
2459 1605 2574 1643 mea
2626 1596 2675 1642 et
2730 1587 2969 1642 salvator
3015 1603 3194 1648 meus,
3244 1604 3395 1657 quem
3450 1585 3684 1643 timebo!

2108 1681 2211 1749 Qui
2234 1684 2285 1735 in
2307 1691 2467 1737 nocte
2493 1695 2558 1736 ac
2597 1680 2841 1736 tenebris
2885 1679 3070 1734 animo
3092 1679 3368 1733 volutatur
3395 1719 3412 1741 ,
3462 1680 3684 1736 nescius

430 1767 530 1821 οὐκ
550 1768 704 1834 εἰδὼς
735 1771 856 1824 ὅποι
891 1770 1118 1841 φέρεται
1152 1771 1247 1824 καὶ
1271 1771 1419 1833 ὅπως
1445 1772 1799 1842 προσκόπτει,
1817 1774 1998 1844 ¹μυρία

2111 1786 2220 1842 quo
2241 1773 2467 1835 feratur,
2494 1781 2548 1826 et
2580 1771 2635 1825 in
2684 1768 2830 1840 quod
2870 1769 3170 1840 impingat.
3231 1780 3486 1826 sexcenta
3538 1770 3681 1824 mala

430 1859 576 1917 κακὰ
614 1860 998 1934 φοϐηθήσεται,
1043 1862 1118 1926 ὡς
1158 1861 1222 1915 ἂν
1264 1863 1539 1928 παντελῶς
1589 1863 2000 1936 ἐπισπώμενος·

428 1949 551 2004 ὅθεν
578 1951 750 2004 πάντα
793 1952 954 2022 φόϐον
995 1953 1314 2024 ὑπιδόμενος
1351 1957 1748 2027 καταπτήσσει.
1780 1958 1872 2010 καὶ
1907 1958 2005 2028 τῆς

430 2043 510 2105 είς
531 2040 622 2096 τὸν
647 2041 778 2097 Θεὸν
802 2044 1090 2114 ὁμολογίας
1115 2045 1334 2112 ἔξαρνος
1354 2047 1578 2114 γίνεται.
1609 2048 1668 2101 '0
1689 2047 1745 2101 δὲ
1773 2048 1872 2118 τῆς
1900 2048 1997 2118 ψυ-

431 2133 534 2203 κῆς
556 2134 681 2198 τοὺς
713 2134 1023 2206 ὀφθαλμοὺς
1048 2137 1154 2189 ὑπὸ
1182 2137 1281 2207 τῆς
1306 2126 1858 2209 Κυρῖουέλλάμψεως
1894 2157 2006 2209 φω-

429 2226 634 2292 τισθεὶς
667 2228 882 2300 πρῶτον
925 2231 1022 2300 μὲν
1051 2231 1302 2285 ἁπάντων
1345 2231 1508 2284 αὐτὸν
1545 2231 1635 2284 τὸν
1669 2232 1832 2285 αὐτοῦ
1873 2233 2006 2304 πρό-

435 2339 603 2391 μαχον
631 2322 724 2375 καὶ
747 2323 969 2394 σωτῆρα
997 2323 1191 2388 ὁπόσος
1212 2323 1296 2387 τίς
1331 2325 1445 2376 ἐστι
1471 2323 1695 2394 θεωρεῖ·
1736 2319 1832 2376 εἶτ’
1859 2323 2004 2395 ἔργῳ

433 2413 781 2484 παραλαϐὼν,
805 2413 880 2478 ὡς
906 2415 934 2467 ὁ
963 2414 1070 2467 τῶν
1089 2415 1344 2469 ἁπάντων
1367 2413 1634 2483 δεσπότης
1661 2416 1756 2468 καὶ
1776 2413 1999 2487 Κύριος,

433 2503 621 2574 θυρεὸς
658 2505 822 2558 αὑτοῦ
869 2506 964 2560 καὶ
1003 2505 1164 2560 ὅπλον
1206 2506 1416 2577 ἄμαχον
1450 2507 1542 2560 καὶ
1592 2507 2003 2579 ὑπερασπιστὴς

432 2595 784 2668 καθέστηκεν,
819 2599 1063 2669 ἀτρεμὴς
1105 2599 1332 2667 γίνεται,
1378 2600 1472 2653 καὶ
1513 2599 1608 2653 ἇτε
1646 2601 1772 2664 τοὺς
1804 2600 2002 2669 ὀφθαλ-

436 2687 568 2757 μοὺς
593 2689 690 2758 τῆς
715 2689 890 2759 ψυχῆς
921 2690 1178 2760 ἀτρεμεῖς
1203 2689 1362 2761 ἔχων,
1407 2692 1502 2744 καὶ
1535 2691 1998 2762 πεφωτισμένους,

434 2779 639 2843 πάντας
661 2780 786 2844 τοὺς
810 2780 1002 2834 ἐαυτοῦ
1029 2780 1276 2853 ἐχθροὺς,
1305 2782 1412 2835 εἴτε
1434 2783 1558 2846 τοὺς
1581 2783 1672 2837 τὸν
1697 2783 1828 2837 Θεὸν
1851 2783 2004 2852 ἀγνοο

429 2871 621 2936 οῦντας
659 2871 996 2945 ἀνθρώπους,
1028 2872 1139 2927 εἴτε
1187 2873 1287 2937 τὰς
1317 2874 1582 2946 ἀοράτους
1623 2876 1717 2929 καὶ
1759 2875 2002 2947 πονηρὰς

428 2964 704 3032 δυνάμεις,
745 2967 984 3036 ἐρήμους
1022 2967 1125 3038 ὁρᾷ
1162 2966 1258 3020 τοῦ
1305 2967 1561 3021 τοσούτου
1609 2968 1853 3041 σωτῆρος
1906 2968 2000 3023 καὶ

431 3049 647 3121 βοηθοῦ,
676 3052 770 3106 καὶ
801 3053 874 3116 ὡς
909 3053 1010 3124 ἤδη
1047 3056 1402 3119 πεπτωκότας
1436 3048 1666 3129 θεωρεῖ·
1701 3057 1780 3110 διὸ
1820 3058 2000 3129 πάσης

2113 1864 2468 1935 pertimescit,
2499 1870 2688 1934 utpote
2719 1862 2811 1934 qui
2846 1861 2954 1916 huc
2985 1862 3115 1916 illuc
3141 1861 3357 1932 penitus
3387 1862 3679 1930 trahatur;

2107 1971 2274 2027 quare
2330 1957 2539 2012 nullum
2594 1971 2704 2010 non
2760 1953 3066 2010 formidinis
3120 1969 3294 2024 genus
3345 1955 3678 2026 suspicatus.

2105 2047 2466 2109 exhorrescit,
2495 2053 2658 2116 atque
2712 2044 3113 2100 confessionem
3161 2043 3272 2100 Deo
3324 2045 3576 2117 abnegat.
3610 2046 3682 2100 At

2104 2137 2197 2208 qui
2233 2137 2432 2192 mentis
2461 2137 2637 2192 oculis
2669 2152 2698 2190 a
2728 2135 2938 2191 Domini
2985 2135 3274 2207 splendore
3307 2137 3676 2202 illuminatur,

2107 2227 2284 2297 primo
2315 2227 2534 2296 quidem
2565 2241 2629 2281 ac
2662 2242 2772 2296 prae
2816 2228 3071 2283 omnibus
3118 2236 3573 2299 propugnatorem
3615 2245 3680 2284 ac

2107 2320 2448 2378 Servatorem
2483 2337 2683 2386 suum,
2739 2329 2980 2393 quantus
3007 2323 3256 2379 videlicet
3292 2325 3402 2388 sit,
3434 2334 3682 2377 contem-

2105 2415 2313 2485 platur;
2367 2413 2564 2469 deinde
2595 2429 2724 2470 vero
2759 2425 3046 2486 postquam
3101 2414 3182 2470 vel
3214 2430 3279 2469 ex
3325 2415 3460 2482 ipsis
3507 2415 3678 2483 gestis

2104 2506 2270 2560 rebus
2303 2505 2568 2568 edidicit,
2617 2505 2997 2561 universorum
3047 2504 3335 2561 Dominum
3383 2514 3438 2560 et
3491 2513 3679 2576 patro-

2103 2613 2256 2661 num,
2287 2597 2539 2669 clypeum
2571 2597 2702 2662 sibi,
2747 2606 3079 2653 armaturam
3116 2597 3586 2669 inexpugnabilem
3611 2611 3679 2654 ac

2103 2699 2467 2760 protectorem
2495 2705 2652 2756 esse;
2680 2697 2815 2745 tunc
2866 2689 3180 2746 formidinis
3221 2706 3452 2762 expers,
3483 2706 3548 2746 ac
3587 2697 3680 2746 ut-

2104 2791 2230 2854 pote
2281 2783 2478 2838 mentis
2504 2783 2694 2838 oculos
2745 2783 3050 2853 intrepidos
3105 2783 3548 2854 illuminatosque
3578 2784 3677 2838 Ita-

2103 2875 2260 2932 bens.
2295 2889 2484 2929 omnes
2515 2873 2768 2928 inimicos
2823 2888 2988 2937 suos,
3037 2875 3153 2929 sive
3205 2874 3458 2929 homines
3504 2873 3672 2929 Deum

2103 2965 2437 3034 ignorantes,
2476 2965 2590 3021 sive
2619 2965 2921 3021 invisibiles
2954 2967 3327 3037 malignasque
3355 2975 3695 3037 potestates...

2103 3057 2414 3126 bujusmodi
2446 3066 2723 3111 servatore
2774 3057 3128 3126 adjutoreque
3179 3074 3404 3121 vacuos,
3435 3059 3672 3130 aspicit,

428 3141 608 3196 αὐτῶν
655 3143 754 3214 τῆς
791 3144 1082 3217 ἐπιϐουλῆς
1121 3146 1395 3219 καταγελᾷ
1427 3147 1643 3220 θαρσῶν
1683 3148 1761 3220 τῷ
1805 3150 1998 3204 ἐαυτοῦ

2103 3161 2158 3204 et
2185 3149 2341 3220 quasi
2363 3148 2474 3219 jam
2500 3149 2683 3218 lapsos
2715 3149 2990 3213 intuetur;
3024 3164 3196 3220 quare
3238 3149 3510 3205 defensori
3542 3167 3676 3206 con-

429 3233 730 3306 ῠπερμάχῳ
755 3253 770 3266 ·
815 3235 894 3289 διό
949 3253 1142 3307 φησιν·
1186 3239 1248 3290 Εί
1289 3238 1387 3309 μὲν
1428 3239 1502 3310 μή
1542 3257 1632 3310 μοι
1672 3242 1702 3294 ὁ
1748 3240 1998 3304 τοσοῦτος

429 3327 612 3398 παρῆν
662 3326 874 3398 βοηθὸς,
920 3329 1172 3396 φωτίζων
1222 3347 1324 3401 μου
1359 3331 1458 3402 τὴν
1489 3331 1665 3403 ψυχὴν
1698 3334 1791 3388 καὶ¹
1831 3335 2000 3405 ὑπερ-

428 3417 670 3483 ασπίζων
709 3436 810 3489 μου
832 3419 929 3490 τῆς
944 3419 1110 3490 ζωῆς,
1137 3421 1361 3486 εἰκότως
1375 3423 1650 3496 ἐφοϐήθην
1666 3424 1731 3478 ἀν
1758 3425 1865 3493 τὰς
1895 3426 2000 3494 ἀρ·-

427 3509 541 3576 χὰς
585 3510 683 3564 καὶ
732 3511 838 3578 τὰς
873 3511 1161 3581 ἐξουσίας
1199 3513 1296 3568 καὶ
1334 3516 1477 3582 τοὺς
1517 3517 1998 3587 κοσμοκράτορας

427 3599 532 3652 τοῦ
581 3601 842 3667 σκότους
895 3603 1130 3666 τούτου,
1196 3605 1293 3658 καὶ
1347 3605 1419 3659 τὰ
1468 3609 1838 3677 πνευματικὰ
1887 3608 1998 3677 τῆς

428 3693 736 3757 πονηρίας,
775 3691 900 3756 τούς
943 3711 1000 3748 τε
1047 3695 1152 3748 ὑπὸ
1184 3696 1388 3750 τούτων
1426 3699 1870 3771 ὲνεργουμένους,
1904 3703 1998 3756 καὶ

425 3783 565 3835 κατά
585 3782 693 3836 τῶν
716 3783 812 3837 τοῦ
837 3785 972 3839 Θεοῦ
1002 3786 1249 3857 ἀθλητῶν
1274 3790 1754 3862 ἐπανισταμένους.
1803 3795 1998 3849 Ἰκανοὶ

425 3874 534 3946 γὰρ
563 3870 702 3946 ἦσαν
727 3869 872 3930 οῦτοι
907 3877 1204 3950 θορυϐῆσαι
1235 3880 1333 3951 τὴν
1356 3882 1534 3953 ψυχήν
1571 3901 1673 3954 μου
1706 3886 1780 3957 μὴ
1811 3905 1998 3956 πεφω-

365 3996 372 4001 -
424 3967 681 4036 τισμένην
705 3984 719 3998 ·
755 3969 878 4022 ἐπεὶ
900 3969 957 4022 δὲ
980 3971 1141 4036 αὐτὸς
1172 3974 1201 4024 ὁ
1227 3972 1334 4026 τῶν
1366 3973 1502 4028 ὅλων
1528 3976 1817 4048 δεσπότης,
1849 3982 1877 4032 ὀ
1905 3980 1996 4034 τοῦ

423 4058 556 4113 Θεοῦ
579 4060 726 4125 Υἱὸς,
754 4061 1030 4132 φωτισμδς
1057 4065 1332 4135 τυγχάνει,
1357 4067 1386 4118 ὁ
1418 4067 1580 4132 αὐτὸς
1604 4068 1660 4122 δὲ
1698 4071 1790 4124 καὶ
1816 4075 1998 4144 σωτήρ

428 4168 526 4222 μου
564 4153 732 4215 ἐστὶν,
760 4152 985 4217 εἰκότως
1012 4156 1240 4225 φήσαιμ’
1267 4155 1350 4218 ἄν,
1389 4159 1528 4212 Τίνα
1553 4160 1998 4230 φοϐηθήσομακ

425 4243 625 4298 υύδένα
668 4244 776 4317 γὰρ
818 4247 1291 4318 ἐπιστραφήσομαι
1321 4247 1430 4300 τῶν
1452 4250 1719 4304 τοσούτων
1767 4253 1996 4325 ἐχθρῶν,

424 4336 542 4390 οὐδὲ
590 4336 698 4390 ἀπό
738 4354 880 4401 τινος
909 4337 1114 4391 τούτων
1144 4339 1418 4404 δειλιάσω,
1467 4341 1682 4414 θαρσῶν
1721 4344 1799 4415 τῷ
1831 4346 2000 4420 ὑπερ-

424 4427 661 4495 ασπιστῇ
691 4426 788 4495 τῆς
825 4423 971 4496 ζωῆς
1004 4445 1126 4497 μου.
1165 4428 1345 4482 ’Πάλιν
1377 4429 1421 4483 δ’
1450 4431 1684 4486 ἐνταῦθα
1713 4437 1994 4506 τηρήσεις,

423 4516 494 4580 ὡς
546 4515 628 4577 τὺ,
682 4517 882 4586 Σωτήρ
923 4536 1063 4587 μου,
1121 4521 1180 4572 ἐν
1232 4520 1312 4591 τῷ
1367 4521 1658 4595 Ἐϐραῖκῷ,
1711 4526 1772 4580 τὸ
1823 4528 1996 4599 ὄνομα

424 4607 512 4660 τοῦ
543 4608 795 4680 Σωτῆρος
818 4611 849 4680 ἡ
860 4609 973 4680 μῶν
1006 4611 1177 4680 Ἰησοῦ
1203 4613 1436 4683 Χριστοῦ
1471 4616 1652 4681 αὐτοῖς
1680 4621 1994 4692 χαρακτῆρ-

421 4720 505 4756 σιν
545 4703 850 4776 Ἑϐραϊκοῖς
894 4705 1154 4776 περιέχει,
1189 4709 1247 4760 ἐν
1287 4703 1369 4771 οἷς
1413 4708 1479 4762 ἄν
1510 4721 1591 4767 τις
1635 4706 1727 4760 τὸν
1761 4709 1996 4778 Ἰησοῦ-ν

422 4795 696 4867 γράψειεν.

499 4889 556 4944 Ὀ
585 4889 642 4942 δὲ
679 4889 849 4944 ταῦτα
891 4891 1062 4958 λέγων
1098 4893 1333 4946 διδάσκει
1372 4895 1554 4947 ὁποίου
1591 4897 1872 4970 πειραθεὶς
1897 4897 1992 4951 τοῦ

421 4980 609 5035 ἐαυτοῦ
646 4984 907 5056 σοπῆρος,
941 4984 1041 5053 τῆς
1075 4985 1182 5037 τῶν
1207 4984 1415 5055 ἐχθρῶν
1442 4986 1730 5060 ἐπιϐουλῆς
1757 4990 1989 5057 κατεγέυ

421 5084 575 5127 λασε·
601 5073 682 5128 διό
715 5092 877 5145 φησιν
902 5093 914 5104 ·
954 5078 1055 5131 Ἐν
1085 5076 1164 5142 τῷ
1190 5079 1437 5147 ἐγγίζειν
1466 5081 1558 5135 ἐπ’
1590 5080 1696 5146 ἐμὲ
1737 5082 1991 5137 κακοῦν-ς

421 5183 544 5232 τας,
583 5166 689 5220 τοῦ
731 5168 943 5236 φαγεῖν
985 5170 1089 5236 τὰς
1133 5170 1367 5239 σάρκας
1411 5191 1550 5241 μου,
1592 5178 1645 5228 οι
1687 5175 1991 5242 θλίϐοντες

359 5251 370 5258 ’
418 5258 515 5310 καὶ
549 5259 604 5311 oi
643 5258 849 5326 ἐχθροί
861 5277 1002 5327 μου.
1029 5262 1196 5316 αὐτοὶ
1221 5262 1572 5330 ὴσθένησαν
1611 5264 1712 5318 καὶ
1739 5266 1988 5320 ἔπεσαν.

417 5350 476 5400 0i
514 5350 612 5420 μὲν
640 5350 864 5404 ἐπίεσάν
900 5369 987 5422 μοι
1014 5352 1220 5423 θηρίων
1245 5354 1551 5408 ἀτιθάσσων
1578 5356 1753 5428 δίκην,
1803 5374 1960 5428 μονον
1983 5387 1994 5399 -

417 5439 536 5510 ουχὶ
567 5445 850 5496 καταπιεῶ
899 5461 967 5511 με
1006 5443 1314 5516 βουλόμενοι
1343 5449 1434 5501 καὶ
1467 5449 1636 5512 αὑτάς
1679 5466 1779 5519 μου
1824 5467 1991 5504 κατα-

420 5532 764 5602 μασήσασθαι
783 5533 882 5597 τὰς
903 5535 1129 5605 σάρκας.
1159 5538 1248 5590 Διὸ
1279 5539 1525 5594 λέλεκται
1569 5540 1721 5611 παρά
1739 5541 1818 5612 τῷ
1848 5542 1991 5610 Συμ-

421 5623 608 5694 μάχῳ·
657 5624 760 5678 Ἐν
803 5624 882 5690 τῷ
929 5625 1174 5695 ἐγγίζειν
1213 5630 1306 5682 ἐπ’
1340 5631 1445 5700 ἐμὲ
1490 5634 1857 5701 κακούργους
1903 5636 1990 5698 εἰς

527 5777 569 5810 δ’
617 5777 816 5844 Εηὶιει.
852 5798 939 5842 τι.
983 5781 1064 5836 19..

2103 3241 2237 3295 fisus
2264 3257 2364 3296 suo
2400 3241 2670 3311 quaslibet
2701 3241 2944 3311 ipsorum
2975 3240 3187 3296 deridet
3217 3242 3464 3305 insidias,
3524 3241 3677 3300 ideo-

2102 3350 2207 3406 que
2231 3336 2306 3388 ait
2333 3354 2346 3389 :
2397 3334 2510 3390 Nisi
2548 3335 2680 3389 mihi
2712 3336 2839 3390 talis
2880 3334 3099 3403 atljutor
3127 3335 3364 3398 adesset,
3393 3335 3672 3390 illumina-

2103 3437 2189 3482 tor
2221 3429 2434 3486 animm.
2468 3441 2532 3482 ac
2567 3436 2848 3498 protector
2871 3427 3015 3488 vitas,
3037 3426 3230 3481 merito
3259 3423 3671 3481 reformidarem

2101 3521 2424 3589 principatus
2470 3529 2520 3572 et
2559 3528 2840 3587 potestates
2895 3528 2944 3572 et
2973 3517 3155 3571 mundi
3178 3527 3403 3571 rectores
3434 3514 3663 3572 tenebra-

2103 3630 2219 3668 rum
2249 3613 2459 3676 harum,
2481 3621 2531 3666 et
2557 3612 2862 3676 spiritualia
2911 3611 3156 3680 nequitia:
3204 3611 3249 3642 ⁸⁸
3272 3650 3287 3673 ,
3333 3624 3545 3666 necnon
3578 3623 3677 3665 eos

2101 3705 2194 3775 qui
2228 3705 2380 3760 hisce
2406 3704 2634 3758 interius
2682 3705 2978 3773 agitantur.
3008 3711 3064 3756 et
3095 3709 3288 3756 contra
3319 3700 3412 3758 Dei
3441 3702 3676 3756 athletas

2102 3799 2412 3868 insurgunt.
2445 3795 2578 3850 Nam
2610 3796 2645 3849 ii
2691 3795 2828 3850 tales
2872 3803 3028 3850 erant
3059 3795 3151 3864 qui
3205 3795 3442 3849 animam
3496 3810 3671 3850 meam

2101 3890 2428 3944 conturbare
2459 3895 2704 3958 possent,
2735 3887 2782 3940 si
2833 3902 2940 3941 non
2994 3886 3294 3941 illuminata
3339 3884 3572 3950 fuisset;
3620 3895 3676 3939 at

2101 3981 2356 4051 quoniam
2393 3981 2508 4050 ipse
2537 3980 2916 4035 universorum
2943 3978 3204 4034 Dominus
3227 3977 3325 4034 Dei
3351 3977 3523 4033 Filius
3550 3978 3676 4031 illu-

2100 4075 2329 4129 minatio
2362 4088 2479 4128 mea
2504 4081 2609 4137 est,
2641 4074 2866 4144 ipseque
2899 4069 3156 4126 Servator
3173 4085 3348 4132 meus,
3369 4070 3494 4139 jure
3519 4070 3674 4125 dixe-

2099 4166 2226 4226 rim,
2254 4165 2420 4230 Quem
2452 4164 2683 4219 timebo?
2715 4162 2792 4218 Ex
2823 4170 2903 4216 tot
2921 4163 3120 4233 quippe
3151 4161 3388 4218 inimicis
3413 4177 3481 4217 ne
3502 4177 3674 4217 unum

2101 4256 2318 4326 quidem
2352 4255 2753 4324 pertimescam,
2787 4269 2963 4324 neque
3010 4253 3245 4322 aliquem
3277 4268 3465 4308 eorum
3497 4253 3674 4309 refor-

2101 4344 2340 4407 midabo,
2365 4346 2656 4414 protectori
2689 4345 2812 4398 vitae
2843 4359 2976 4398 mem
3001 4342 3263 4398 confisus.
3320 4342 3418 4397 Hic
3476 4345 3674 4400 iterum

2099 4439 2359 4493 observes
2391 4437 2572 4498 velim,
2607 4437 2762 4497 illud.
2795 4425 3043 4492 Salvator
3076 4454 3252 4500 meus,
3309 4437 3364 4491 in
3406 4435 3675 4493 Hebraico

2029 4511 2072 4564 θ
2101 4531 2416 4602 exemplari,
2447 4529 2746 4585 Salvatoris
2801 4530 2975 4584 nostri
3024 4528 3151 4585 Jesu
3196 4529 3400 4586 Christi
3442 4545 3674 4596 nomen,

2095 4624 2390 4692 ipsissimis
2435 4621 2806 4677 caracteribus
2839 4619 3121 4677 Hebraicis
3172 4620 3498 4690 exprimere.
3517 4620 3676 4690 queis

2097 4730 2295 4770 nomen
2324 4713 2480 4768 Iesus
2515 4710 2862 4768 describitur.

2170 4891 2275 4959 Qui
2315 4891 2432 4945 haec.
2482 4889 2759 4958 loquitur,
2806 4893 3026 4942 enarrat
3071 4885 3284 4954 qualem
3339 4892 3675 4941 servatorem

2095 4994 2351 5056 expertus
2375 4983 2723 5038 inimicorum
2751 4981 2982 5036 insidias
3019 4979 3294 5040 deriserit,
3319 4981 3678 5049 quamobrem

2093 5077 2204 5130 ait:
2242 5075 2381 5129 Dum
2411 5075 2727 5144 appropiant
2748 5088 2904 5140 super
2931 5089 3010 5126 me
3052 5081 3291 5126 nocentes
3319 5110 3334 5132 ,
3393 5079 3451 5124 ut
3513 5071 3673 5126 edant

2094 5182 2278 5220 carnes
2309 5180 2486 5227 meas;
2515 5164 2604 5232 qui
2637 5162 2896 5216 tribulant
2931 5177 3011 5214 me
3054 5161 3254 5214 inimici
3286 5161 3412 5224 mei,
3437 5159 3540 5228 ipsi
3590 5159 3674 5212 in-

2095 5259 2298 5325 ﬁrmati
2325 5266 2450 5311 sunt
2489 5266 2538 5312 et
2581 5257 2900 5312 ceciderunt.
2945 5252 3027 5309 illi
3057 5252 3275 5324 quidem
3323 5253 3498 5309 instar
3533 5251 3675 5307 fera-

2096 5371 2215 5408 rum
2258 5351 2686 5408 intractabilium
2728 5364 2817 5404 me
2847 5346 3059 5402 adorati
3091 5353 3263 5410 sunt,
3304 5353 3517 5402 tantum
3563 5359 3675 5398 non

2100 5446 2338 5516 aggressi
2370 5453 2430 5498 ut
2448 5443 2774 5499 devorarent
2803 5451 2858 5495 et
2890 5440 3039 5512 ipsas
3066 5453 3262 5495 carnes
3298 5437 3668 5494 comedercnt.

2099 5538 2277 5606 Quare
2331 5538 2474 5607 apud
2523 5535 2908 5608 Symmachum
2938 5533 3183 5588 dicitur:
3219 5531 3358 5586 Dum
3397 5531 3675 5601 appropin-

2097 5643 2260 5701 quant
2317 5631 2443 5684 mihi
2491 5630 2818 5697 facinerosi,
2881 5636 2937 5681 ut
2996 5627 3238 5681 devorent
3290 5639 3472 5679 carnes
3503 5638 3675 5688 meas.
