4122 6454
399 343 507 402 959

1141 338 1411 397 EUSEBII
1447 331 1922 395 CESARIENSIS
1957 331 2110 388 OPP.
2150 329 2330 387 PARS
2363 328 2448 385 111.
2493 337 2575 359 κ’·
2611 317 3017 388 EXEGETICA.

3548 334 3654 387 2W

403 461 602 517 Verum
645 457 737 530 qui
792 455 923 511 talia
955 464 1147 512 contra
1201 472 1288 512 me
1320 453 1616 510 machinati
1653 459 1816 516 sunt,
1857 465 1964 505 cun

2085 449 2150 502 τὸ
2198 439 2563 521 καταφαγεῖν
2604 449 2708 518 τὰς
2754 449 2985 520 σάρκας
3024 465 3161 519 μου.
3204 446 3343 504 Ἀλλ’
3387 449 3434 502 oi
3482 447 3656 502 ταῦτα

397 554 509 624 jam
542 547 780 622 proximi
819 549 1076 604 carnibus
1109 550 1248 606 meis
1281 549 1551 604 instarent
1578 586 1594 611 ,
1649 545 1839 601 nescio
1867 558 1978 615 quo

402 654 563 716 pacto
591 660 710 716 quae
740 645 797 699 in
833 659 921 699 me
959 651 1272 716 perpetrare
1315 640 1559 696 meditati
1603 639 1856 703 fuerant,
1911 651 1976 692 ea

402 739 520 808 ipsa
544 738 788 809 perpessi
815 745 960 793 sunt.
991 735 1127 790 Nam
1174 750 1280 799 me,
1311 733 1508 804 inquit,
1536 745 1727 789 contra
1760 747 1858 788 eos
1885 732 1975 786 ni-

403 831 478 885 hil
509 829 891 902 aggrediente,
923 829 1026 899 ipsi
1064 828 1324 897 inﬁrmati
1355 835 1507 892 sunt,
1560 835 1612 880 et
1657 824 1972 882 ceciderunt.

401 921 717 988 Enimvero,
758 933 818 978 ut
850 929 1034 992 aperte
1063 922 1264 992 liquet,
1299 920 1440 978 lucis
1467 935 1600 976 mete
1652 918 1978 976 servatoris-

398 1031 504 1085 que
533 1017 639 1072 mei
681 1031 881 1072 arcana
921 1014 1214 1088 divinaque
1255 1015 1457 1071 virtute
1497 1012 1752 1070 debellati
1785 1019 1841 1068 et
1881 1011 1978 1068 de-

399 1107 541 1176 pulsi
575 1117 735 1174 sunt,
768 1117 829 1164 ut
861 1125 966 1164 una
995 1125 1096 1182 ego
1135 1111 1203 1165 ab
1233 1107 1450 1164 insidiis
1478 1121 1669 1163 eorum
1696 1106 1974 1176 eriperer;

398 1202 643 1274 nihilque
671 1203 856 1258 damni
887 1201 1214 1275 aeniperem,
1243 1211 1297 1259 et
1329 1203 1440 1259 illis
1469 1217 1690 1273 quoque
1721 1199 1978 1256 utilitatis

398 1293 675 1363 quidpiam
699 1295 1012 1362 obveniret;
1047 1310 1110 1349 ac
1141 1294 1422 1349 debilitata
1441 1293 1757 1350 eorumdem
1787 1292 1978 1363 ncqui-

402 1386 499 1448 tia,
526 1384 580 1438 id
607 1385 800 1441 saltem
831 1385 968 1440 lucri
1017 1386 1392 1458 perciperent,
1443 1394 1504 1441 ut
1551 1400 1621 1441 ne
1662 1385 1734 1442 ob
1764 1384 1976 1440 illatum

398 1477 531 1532 mihi
586 1477 1008 1544 detrimentum,
1060 1495 1252 1535 eorum
1308 1479 1628 1550 improbitas
1691 1493 1976 1540 accresce-

397 1574 500 1622 ret.
535 1564 594 1620 In
623 1569 952 1638 quibusdam
974 1569 1380 1640 exemplaribus
1413 1569 1773 1626 inscribitur:
1807 1569 1976 1623 Psal-

397 1675 511 1714 mus
543 1660 764 1716 Davidis
793 1664 1100 1735 priusquam
1133 1664 1396 1719 (iniretur.

466 1752 632 1808 Vsus.
672 1755 726 1811 4.
776 1752 948 1809 Unam
977 1757 1103 1824 petii
1124 1773 1156 1811 a
1182 1755 1410 1810 Domino
1432 1795 1448 1820 ,
1484 1757 1620 1811 hanc
1667 1755 1932 1826 requiram
1955 1796 1970 1822 ,

391 1855 451 1898 ut
483 1847 767 1901 inhabilem
797 1849 850 1902 in
881 1848 1038 1904 domo
1085 1848 1302 1903 Domini
1341 1849 1583 1903 omnibus
1616 1847 1797 1904 diebus
1851 1848 1972 1902 vitta

393 1954 555 2002 meat,
604 1947 664 1993 ut
703 1938 910 1994 rideam
969 1939 1286 2009 voluptatem
1342 1939 1596 2006 Domini,
1659 1950 1711 1995 et
1767 1940 1971 1994 visitem

394 2028 645 2099 templum
688 2029 826 2099 ejus.
865 2028 1076 2085 Domini
1124 2030 1495 2101 pulchritudo,
1531 2046 1593 2085 ac
1621 2030 1785 2086 decor
1810 2029 1970 2084 volu-

391 2128 658 2192 ptasque,
711 2122 766 2176 in
820 2122 984 2178 domo
1035 2121 1133 2177 Dei
1165 2123 1544 2194 conspicitur,
1607 2121 1858 2177 videlicet
1913 2120 1969 2176 in

391 2211 633 2270 Ecclesia
666 2214 818 2284 ejus;
879 2214 1041 2285 idque
1074 2225 1295 2285 propter
1326 2213 1588 2270 divinitus
1617 2214 1848 2268 traditas
1879 2228 1970 2268 sa-

389 2319 623 2374 crasque
673 2303 1033 2374 disciplinas,
1088 2303 1287 2373 quibus
1317 2317 1446 2358 vera
1501 2301 1643 2357 inest
1696 2287 1972 2356 sermonis

389 2396 758 2466 pulchritudo,
789 2412 950 2452 verus
982 2396 1168 2461 decor,
1195 2396 1248 2450 in
1289 2411 1397 2467 quo
1426 2395 1511 2450 vel
1551 2399 1668 2465 ipse
1698 2392 1842 2448 Deus
1872 2391 1968 2447 de-

389 2489 622 2543 lectatur
661 2503 724 2542 ac
775 2500 1046 2543 versatur.
1077 2486 1267 2559 Neque
1298 2503 1329 2541 a
1359 2501 1489 2543 vero
1521 2485 1891 2549 aberraveris,
1917 2484 1966 2539 si

387 2577 639 2633 decorem
673 2577 828 2632 illum
860 2577 1066 2634 dixeris
1087 2593 1211 2634 esse
1243 2585 1598 2648 temperatam
1625 2575 1967 2646 probamque

389 2669 574 2736 vitam,
612 2684 678 2724 ac
713 2678 964 2724 sanctum
1013 2671 1324 2726 institutum
1362 2671 1645 2726 hominum
1697 2669 1788 2740 qui
1838 2668 1968 2723 reli-

387 2764 546 2835 gione
579 2778 644 2819 ac
675 2765 877 2834 pietate
901 2773 1260 2822 exornantur.

455 2939 622 2998 Vsus.
663 2942 718 3006 5,
755 2941 810 2998 6.
853 2942 1120 3010 Quoniam
1167 2941 1445 2998 abscondit
1490 2958 1571 2997 me
1616 2943 1672 2996 in
1719 2942 1968 2997 taberna-

386 3035 502 3090 culo
528 3052 548 3090 :
579 3037 632 3089 in
657 3035 741 3091 die
763 3035 1024 3090 malorum
1066 3037 1296 3106 protexit
1334 3052 1414 3089 me
1445 3035 1500 3089 in
1534 3033 1844 3090 abscondito
1880 3044 1965 3090 ta-

388 3124 657 3181 bernaculi
685 3128 791 3182 sui.
838 3126 906 3182 In
938 3137 1090 3198 petra
1142 3127 1399 3181 exultavit
1450 3142 1550 3182 me.
1604 3124 1732 3180 Haec
1778 3126 1966 3182 omnia

385 3219 516 3274 mihi
565 3219 816 3276 Salvator
849 3236 1006 3276 meus
1046 3221 1273 3292 largitus
1304 3229 1425 3284 est,
1471 3220 1598 3274 dum
1649 3220 1966 3288 appropiant

385 3326 541 3380 super
569 3328 650 3366 me
673 3321 933 3377 nocentes,
963 3322 1020 3365 ut
1060 3312 1220 3365 edant
1251 3326 1437 3364 carnes
1466 3326 1632 3364 meas.
1671 3307 1781 3379 Ipsi
1813 3323 1969 3364 nam-

385 3418 492 3476 que
513 3404 773 3459 inllr-mati
804 3411 936 3460 sunt
973 3413 1028 3460 et
1055 3405 1372 3460 ceciderunt
1404 3421 1418 3457 :
1455 3418 1556 3474 ego
1585 3409 1767 3458 autem
1799 3401 1855 3456 in
1883 3409 1968 3456 ta-

386 3496 685 3552 bernaculo
715 3497 972 3552 habitans
997 3496 1226 3551 dextera
1271 3496 1393 3567 ejus
1434 3493 1766 3567 contegebar
1788 3533 1802 3560 ,
1837 3494 1967 3564 quia

385 3589 596 3645 scilicet
643 3589 702 3645 in
746 3589 981 3646 desertis
1035 3589 1171 3645 locis
1204 3597 1336 3644 tunc
1371 3587 1634 3660 temporis
1665 3585 1964 3650 versabar,

384 3683 531 3754 quod
565 3683 808 3738 nondum
837 3683 1072 3738 excitata
1099 3680 1298 3738 domus
1331 3679 1546 3737 Domini
1572 3687 1721 3736 esset
1743 3719 1757 3744 ,
1788 3693 1968 3750 neque

384 3776 648 3846 templum
669 3775 790 3846 ejus
819 3782 1078 3832 exstaret.
1111 3772 1217 3830 Sed
1258 3774 1377 3844 ipse
1416 3773 1654 3845 protexit
1679 3788 1766 3830 me
1797 3772 1853 3828 in
1876 3770 1966 3826 die

384 3867 674 3932 malorum,
719 3866 774 3922 id
803 3877 907 3932 est,
943 3873 1192 3938 tempore
1221 3867 1667 3938 persecutionum
1701 3875 1755 3921 et
1786 3872 1964 3922 tenta-

383 3961 625 4027 tionum;
684 3975 792 4015 non
835 3960 945 4015 alio
993 3959 1220 4025 inloco,
1253 3973 1418 4030 quam
1449 3959 1504 4013 in
1528 3957 1855 4014 abscondito
1884 3965 1966 4012 ta-

384 4052 665 4108 bernaculi
697 4053 804 4110 sui.
839 4052 1080 4123 Hujusce
1110 4067 1276 4123 porro
1294 4052 1426 4108 dicti
1457 4051 1962 4122 interpretationem

385 4143 727 4200 mutuaberis
779 4159 847 4200 ex
910 4143 981 4200 iis
1034 4159 1156 4214 quae
1210 4142 1423 4215 Moyses
1482 4143 1550 4198 de
1609 4143 1966 4199 tabernaculo

381 4235 752 4307 conscripsit,
811 4250 1026 4291 necnon
1076 4236 1144 4292 de
1202 4235 1541 4292 tabernaculi
1594 4235 1802 4291 intimis
1844 4251 1964 4306 par-

380 4327 558 4392 tibus,
591 4343 712 4398 quae
748 4328 1006 4383 omnibus
1033 4329 1362 4395 inaccessae,
1383 4332 1586 4386 Sancta
1644 4336 1959 4384 sanctorum

379 4421 739 4476 vocabantur.
815 4420 941 4476 llaec
1002 4429 1160 4476 erant
1219 4421 1536 4478 abscondita
1598 4419 1956 4476 tabernaculi.

2078 544 2198 595 κατ’
2232 541 2363 612 ἐμοῦ
2406 539 2803 611 διανοηθέντες,
2834 541 2929 595 καὶ
2970 540 3071 611 ήδη
3112 539 3340 610 πλησίον
3376 539 3656 610 γενόμενοι

2075 631 2183 685 τῶν
2214 632 2360 704 ἐμῶν
2397 631 2638 704 σαρκῶν,
2673 633 2774 686 οὐκ
2813 627 2908 685 οἷδ’
2936 632 3083 695 ὅπως
3123 630 3267 702 ἅπερ
3298 630 3502 702 πρᾶξαι
3533 632 3656 684 κατ’

2077 725 2212 796 ἐμοῦ
2261 726 2618 799 διανενόηντο,
2665 725 2840 780 ταῦτα
2884 725 3248 780 πεπόνθασινο
3305 722 3483 778 Αὐτοὶ
3523 725 3653 796 γὰρ,

2074 816 2260 887 φησὶν,
2307 818 2690 886 ἡσθένησαν,
2721 818 2820 872 καὶ
2858 817 3108 883 ἔπεσαν,
3161 817 3310 872 οὐδὲν
3354 816 3488 888 ἐμοῦ
3534 805 3658 872 κατ’

2073 909 2252 965 αὐτῶν
2293 912 2656 984 ἐνηργηκότοι,
2679 928 2693 943 ο
2736 910 2871 966 ἀλλὰ
2911 911 3112 982 δηλαδὴ
3157 910 3250 964 τοῦ
3297 911 3433 982 ἐμοῦ
3481 912 3658 981 φωτὸς

2074 1005 2169 1058 καὶ
2203 1002 2301 1058 τοῦ
2343 1003 2478 1076 ἐμοῦ
2523 1005 2764 1077 σωτῆρος
2791 1005 3087 1077 ἀπορρήτῳ
3113 1005 3206 1060 καὶ
3237 1004 3389 1075 Θεῖκῇ
3429 1004 3656 1076 δυνάμει

2075 1096 2196 1148 κατ’
2240 1094 2420 1148 αὐτῶν
2470 1095 2941 1167 στρατευσαμένου
2993 1096 3086 1150 καὶ⁴
3129 1095 3524 1160 καταόαλόντος
3563 1095 3656 1150 αὑ-

2073 1185 2219 1247 τοὺς,
2257 1185 2321 1238 ἶν’
2346 1184 2457 1254 ἐγώ
2487 1203 2546 1238 τε
2575 1186 2826 1258 ρυσθείην
2853 1185 2952 1257 τῆς
2993 1186 3173 1242 αὐτῶν
3219 1185 3528 1258 ἐπιϐουλῆς,
3562 1187 3656 1242 καὶ

2079 1275 2245 1347 μηδὲν
2288 1275 2562 1348 βλαϐείην,
2607 1279 2761 1332 αὐτοί
2807 1295 2867 1331 τε
2913 1277 3265 1350 ὼφεληθεῖεν,
3302 1279 3403 1349 τῆς
3447 1280 3655 1334 ἑαυτῶν

2075 1367 2271 1432 κακίας
2300 1367 2776 1439 ἐξασθενήσαντες,
2812 1369 3168 1441 κερδάναντες
3190 1369 3271 1440 τῷ
3304 1370 3378 1442 μὴ
3405 1369 3502 1441 τὴν
3530 1373 3652 1424 ἐαυ-

2073 1461 2182 1520 τῶν
2215 1461 2448 1533 αὐξῆσαι
2489 1461 2789 1534 μοχθηρίαν
2817 1459 2907 1514 διὰ
2949 1461 3050 1532 τῆς
3081 1464 3200 1515 κατ’
3249 1461 3384 1533 ἐμοῦ
3429 1462 3652 1535 βλάϐης.

2079 1553 2176 1607 Ἔν
2220 1570 2360 1608 τισιν
2401 1554 2827 1626 ἐπιγέγραπται,
2878 1553 3125 1625 Ψαλμὸς
3162 1554 3269 1608 τοῦ
3312 1553 3490 1609 Δαυῒδ
3538 1556 3656 1624 πρὸ

2075 1645 2181 1700 τοῦ
2211 1645 2554 1716 χωσθῆναι.

2149 1736 2309 1794 Μίαν
2355 1737 2677 1809 ᾐτησάμην
2713 1737 2873 1809 παρὰ
2921 1738 3163 1809 Κυρίου,
3215 1740 3443 1808 ταύτην
3487 1737 3634 1810 ἐκζη

2074 1829 2272 1897 τήσω·
2311 1831 2419 1886 τοῦ
2465 1831 2765 1886 κατοικεῖν
2800 1849 2877 1902 με
2902 1833 2972 1886 ἐν
3007 1832 3152 1896 οἴκῳ
3196 1833 3420 1901 Κυρίου
3450 1831 3648 1916 πάσας

2073 1922 2184 1991 τὰς
2224 1924 2447 1994 ἡμέρας
2493 1924 2604 1994 τῆς
2647 1925 2795 1994 ζωῆς
2829 1943 2971 1995 μου,
3020 1927 3125 1982 τοῦ
3155 1926 3392 1996 θεωρεῖν
3430 1944 3508 1997 με
3537 1925 3652 1996 τὴν

2075 2018 2446 2088 τερπνότητα
2474 2015 2721 2087 Κυρίου,
2753 2018 2851 2072 καὶ
2884 2018 3350 2074 ἐπισκέπτεσθαι
3375 2019 3482 2073 τὸν
3501 2020 3652 2073 ναὸν

2074 2109 2279 2166 αὐτοῦ.
2306 2109 2518 2174 nemo;
2548 2111 2753 2182 Κυρίου
2773 2111 2869 2164 καὶ
2897 2109 3198 2182 εὐπρέπεια
3228 2112 3321 2166 καὶ
3349 2111 3648 2184 τερπνότης

2077 2203 2134 2255 ἐν
2163 2201 2240 2274 τῷ
2282 2204 2416 2275 οἴκῳ
2447 2202 2539 2256 τοῦ
2587 2202 2720 2258 Θεοῦ
2751 2203 3059 2275 Θεωρεῖται,
3089 2202 3284 2274 δηλαδὴ
3321 2203 3379 2258 ὲν
3410 2205 3476 2274 τῇ
3522 2203 3646 2256 Ἕκ·

2074 2294 2273 2367 κλησίᾳ
2305 2294 2492 2360 αὐτοῦ,
2537 2294 2624 2348 διὰ
2663 2295 2770 2347 τῶν
2811 2294 3179 2350 Θεοπνεύστων
3224 2295 3318 2348 καὶ⁸
3351 2294 3510 2367 ἱερῶν
3543 2312 3646 2364 μαο

2075 2385 2352 2457 ϐημάτων,
2385 2389 2443 2440 ὲν
2475 2379 2556 2450 οἷς
2587 2385 2646 2439 τὸ
2682 2385 2930 2458 ἀληθινὸν
2961 2384 3054 2439 τοῦ
3087 2385 3245 2455 λόγου
3291 2384 3505 2449 κάλλος.
3553 2387 3644 2439 καὶ

2072 2481 2106 2550 η
2151 2478 2356 2550 ἀληθὴς
2407 2479 2730 2551 εὐπρέπεια,
2860 2479 2952 2532 καὶ
3007 2478 3168 2542 αὐτὸς
3215 2480 3569 2550 ἐπιτέρπεται
3610 2485 3638 2534 ὁ

2072 2569 2204 2635 Θεὸς
2232 2571 2326 2625 καὶ
2351 2571 2784 2642 ἐμπολιτεύεται.
2830 2571 2944 2624 Οὐκ
2967 2570 3033 2624 ἂν
3063 2570 3119 2624 δὲ
3165 2570 3428 2641 ἁμάρτοις
3455 2569 3623 2641 εῦπρέ

2073 2682 2233 2719 πειαν
2281 2665 2454 2734 λέγων
2501 2666 2594 2718 καὶ
2640 2665 2730 2718 τὸν
2774 2662 3024 2737 σώφρονα
3064 2663 3158 2718 καὶ
3187 2661 3382 2736 σεμνὸν
3415 2663 3528 2733 βίον
3556 2663 3645 2716 καὶ

2072 2761 2251 2813 πᾶσαν
2289 2757 2386 2831 τὴν
2421 2759 2674 2832 ἐνάρετον
2698 2757 2968 2811 πολιτείαν
2994 2757 3102 2810 τῶν
3139 2759 3197 2810 ἐν
3228 2756 3502 2830 Οεοσεϐείᾳ
3529 2755 3642 2810 διαο

2072 2853 2407 2925 πρεπόντων.

2145 2949 2264 3003 ’Ότι
2305 2948 2535 3020 ἔκρυψέ
2579 2965 2655 3018 με
2693 2949 2764 3002 ἐν
2813 2944 3048 3015 σκηνῇ·
3095 2945 3166 3000 ἐν
3210 2944 3400 3014 ἡμέρᾳ
3448 2942 3643 2999 κακῶν

2069 3042 2375 3098 ἐσκέπασέ
2415 3059 2492 3112 με
2531 3043 2602 3096 ὲν
2643 3042 2968 3110 ἀποκρύφῳ
3012 3037 3122 3108 τῆς
3159 3035 3394 3105 σκηνῆς
3435 3035 3644 3090 αὑτοῦ.

2083 3139 2181 3192 Ἐν
2205 3137 2390 3206 πέτρᾳ
2421 3136 2631 3207 news
2653 3154 2749 3208 με.
2778 3134 2962 3191 Ταῦτά
2991 3151 3079 3206 μοι
3114 3132 3291 3188 πάντα
3321 3131 3592 3202 παρέσχεν
3616 3129 3642 3182 ι’

2069 3227 2262 3299 Σωτήρ
2294 3245 2396 3299 μου
2418 3228 2489 3281 ἐν
2513 3226 2594 3293 τῷ
2621 3224 2868 3297 ἐγγίζειν
2892 3221 2984 3279 ἐπ’
3021 3223 3128 3294 ἐμὲ
3154 3223 3514 3286 κακοῦντας,
3540 3219 3640 3274 τοί

2067 3320 2281 3390 φαγεῖν
2307 3319 2416 3386 τὰς
2457 3319 2690 3386 σάρκας
2724 3337 2865 3388 μου.
2897 3321 2959 3372 Oi
2996 3318 3092 3389 μὲν
3123 3317 3231 3386 γὰρ
3261 3314 3521 3384 ἠσθένουν
3551 3312 3642 3366 καὶ

2067 3410 2294 3464 ἔπιπτον
2313 3428 2326 3440 ·
2375 3409 2488 3479 ἐγὼ
2515 3409 2572 3462 δέ
2613 3409 2718 3463 ὑπὸ
2760 3409 2860 3478 τῆς
2897 3408 3059 3462 αὑτοῦ
3087 3407 3262 3471 δεξιᾶς,
3291 3404 3644 3476 ἐκρυπτόμην

2066 3502 2124 3555 ἐν
2151 3504 2322 3572 σκηνῇ
2347 3501 2636 3565 κατοικῶν,
2661 3501 2748 3555 διὰ
2777 3499 2838 3554 τὸ
2865 3503 2921 3553 ἐν
2949 3499 3203 3572 ἐρημίαις
3237 3499 3336 3561 τας
3365 3495 3642 3568 διατριϐάς

2067 3593 2355 3656 ποιεῖσθαι,
2385 3594 2476 3646 καὶ
2501 3593 2576 3664 μὴ
2603 3592 2744 3662 ἐχειν
2769 3592 2886 3645 τότε
2913 3590 3002 3643 τὸν
3029 3585 3177 3646 οἷκον
3203 3588 3296 3642 τοῦ
3323 3587 3480 3650 Θεοῦ,
3509 3587 3644 3658 μηδέ

2064 3687 2154 3740 τὸν
2186 3686 2312 3742 ναὸν
2351 3685 2536 3740 αὑτοῦ.
2574 3684 2731 3738 Ἀλλὰ
2774 3685 2868 3738 καὶ
2907 3682 3181 3740 ἐσκέπασέ
3228 3699 3296 3753 με
3343 3681 3401 3734 ἐν
3433 3683 3498 3751 τῇ
3532 3679 3646 3734 τῶν

2066 3780 2251 3834 κακῶν
2282 3780 2484 3852 ἡμέρᾳ,
2519 3779 2793 3832 τουτέστιν
2827 3779 2886 3830 ἐν
2912 3776 3087 3848 καιρῷ
3128 3776 3232 3828 τῶν
3262 3773 3515 3844 διωγμῶν
3548 3772 3646 3826 καὶ

2064 3871 2172 3926 τῶν
2203 3873 2570 3945 πειρατηρίων
2589 3889 2602 3903 ⁸
2631 3872 2732 3926 οὐκ
2759 3869 2991 3941 ἀλλαχοῦ
3022 3887 3146 3933 που,
3171 3867 3284 3922 ἀλλ’
3319 3870 3376 3922 ἐν
3399 3867 3476 3938 τῷ
3502 3867 3636 3920 ἀπο-

2066 3964 2260 4037 κρύφῳ
2286 3965 2386 4035 τῆς
2415 3964 2620 4036 σκηνῆς
2659 3963 2845 4017 αὑτοῦ.
2878 3963 3109 4032 Νοήσεις
3140 3961 3198 4014 δὲ
3225 3961 3286 4013 τὸ
3317 3958 3640 4028 λελεγμένον

2064 4059 2172 4111 ἀπὸ
2197 4058 2305 4112 τῶν
2339 4057 2492 4128 παρὰ
2514 4058 2738 4110 Μωῦσεῖ
2762 4055 2888 4127 περὶ
2918 4053 3019 4124 τῆς
3050 4052 3254 4124 σκηνῆς
3286 4053 3638 4121 ἀναγεγραμ-

2068 4150 2264 4222 μένων,
2301 4151 2394 4204 καὶ
2421 4150 2548 4222 περὶ
2587 4149 2695 4202 τῶν
2735 4147 2990 4200 ἐσωτάτω
3028 4145 3130 4216 τῆς
3163 4144 3363 4214 σκηνῆς
3396 4142 3502 4196 τῶν
3527 4144 3637 4205 τοῖς

2066 4245 2232 4297 πᾶσιν
2274 4242 2512 4305 ἀϐάτων,
2549 4241 2692 4313 άπερ
2737 4241 2963 4294 ἐκάλουν
3005 4239 3169 4307 Ἀγια
3214 4236 3407 4306 ἁγίων.
3453 4233 3639 4288 Ταῦτα

2063 4336 2172 4408 γὰρ
2197 4332 2264 4406 ἦν
2303 4334 2374 4387 τὰ
2420 4333 2715 4404 ἀπόκρυφα
2751 4331 2849 4402 τῆς
2885 4328 3110 4400 σκηνῆς.
3143 4326 3302 4380 υῦτω
3338 4327 3516 4380 τοίνυν
3544 4325 3641 4380 καὶ

2065 4430 2122 4481 ἐν
2169 4427 2248 4498 τῷ
2289 4425 2462 4498 καιρῷ
2507 4424 2616 4478 τῶν
2661 4421 3028 4494 πειρατηρίων
3069 4420 3230 4483 αὐτὸς
3271 4420 3399 4490 ἐμὸς
3435 4419 3639 4490 Κύριος

378 4510 475 4570 Sic
529 4513 714 4586 itaque
769 4514 825 4568 in
894 4523 1138 4586 tempore
1187 4515 1552 4570 tentationum
1587 4553 1602 4578 ,
1676 4514 1796 4584 ipse
1852 4512 1958 4567 Do-

2068 4523 2157 4576 καὶ
2185 4519 2376 4592 Σωτὴρ
2408 4518 2679 4574 ἐσκέπασε
2704 4514 2798 4568 καὶ
2818 4512 3102 4586 ἀπέκρυψε
3119 4527 3187 4582 με
3210 4512 3270 4564 ὲν
3289 4508 3366 4580 τῷ
3383 4512 3640 4583 ἐσωτάτω

381 4609 564 4666 minus
617 4616 672 4664 et
712 4607 970 4664 Servator
1036 4625 1192 4664 meus
1261 4609 1501 4680 protexit
1561 4623 1649 4662 me
1708 4613 1764 4662 et
1832 4607 1960 4662 abs-

379 4700 568 4758 condit
643 4701 700 4755 in
756 4702 964 4758 intimis
1041 4702 1382 4758 tabernaculi
1445 4701 1530 4757 sui
1577 4721 1591 4756 :
1647 4717 1756 4756 non
1812 4699 1960 4772 quod

375 4809 570 4850 revera
615 4794 690 4849 ibi
735 4810 822 4850 me
877 4795 1270 4861 collocaverit,
1327 4794 1422 4850 sed
1473 4795 1528 4849 in
1570 4794 1766 4848 anima:
1811 4803 1956 4849 statu

376 4885 746 4952 sanctiﬁcato,
791 4894 846 4942 et
889 4902 920 4941 a
974 4887 1150 4943 turbae
1196 4886 1499 4958 frequentia
1547 4894 1852 4958 segregato.
1892 4885 1958 4940 Et

377 4977 516 5045 haec,
551 4980 751 5052 inquit,
783 4979 919 5034 mihi
946 4980 1240 5044 obvenere,
1276 4980 1584 5052 usquedum
1615 4981 1735 5036 dies
1779 4983 1955 5035 malo-

376 5089 497 5127 rum
529 5081 966 5144 perseverarent,
1000 5074 1299 5130 secundum
1335 5075 1468 5129 illud
1498 5076 1606 5129 alio
1635 5075 1690 5130 in
1726 5075 1848 5129 loco
1874 5074 1957 5129 di-

374 5173 525 5220 ctum
563 5183 577 5220 :
619 5164 784 5230 Vade,
813 5165 1036 5234 populus
1071 5183 1237 5231 meus,
1271 5167 1412 5220 intra
1462 5167 1517 5220 in
1561 5166 1802 5220 cubicula
1840 5175 1954 5232 tua,

374 5257 563 5312 claude
582 5256 810 5328 januam
852 5266 1021 5323 tuam,
1049 5257 1311 5314 absconde
1341 5259 1605 5314 modicum
1633 5260 1700 5313 ad
1731 5277 1958 5314 momen-

376 5369 510 5414 ι..ηι,
545 5351 708 5406 donec
744 5363 1073 5421 pertranseat
1104 5355 1188 5408 ira
1230 5352 1440 5407 Domini
1473 5354 1542 5409 δι.
1572 5353 1678 5409 Sed
1706 5371 1830 5409 cum
1870 5370 1955 5410 me

377 5459 483 5496 non
517 5459 731 5514 semper
759 5444 1050 5510 occultari,
1092 5459 1270 5515 neque
1314 5445 1370 5499 in
1409 5444 1732 5500 abscondito
1767 5447 1952 5502 taber-

377 5536 555 5589 naculi
593 5536 676 5589 sui
721 5534 942 5590 latitare
969 5535 1152 5601 vellet,
1184 5551 1248 5590 ac
1297 5536 1473 5592 solum
1525 5553 1611 5592 me
1664 5538 1952 5592 utilitatem

373 5640 601 5696 capere;
631 5642 868 5683 cumoue
912 5627 1248 5686 decrevisset
1292 5645 1380 5685 me
1413 5629 1535 5686 aliis
1569 5644 1787 5701 quoque
1832 5630 1952 5686 fru-

449 5806 490 5836 “
531 5805 636 5861 lsa.
674 5823 820 5873 xxvi,
855 5793 968 5864 20..

2063 4613 2161 4683 τῆς
2189 4611 2352 4666 αὑτοῦ
2387 4609 2620 4680 σκηνῆς
2656 4608 2716 4661 οὐ
2749 4609 2965 4671 πάντως
2993 4608 3051 4660 ἐν
3084 4606 3236 4676 τόπῳ
3260 4607 3390 4676 τοίῳ
3431 4605 3494 4677 δὴ
3539 4623 3642 4658 κα-

2059 4705 2356 4774 ταστήσας,
2387 4700 2500 4754 ἀλλ’
2547 4700 2605 4754 ἐν
2637 4699 2816 4770 ψυχῆς
2841 4699 3171 4752 καταστάσει
3207 4696 3512 4768 ἡγιασμένη
3543 4698 3638 4750 καὶ

2059 4799 2158 4870 τῆς
2203 4798 2312 4851 τῶν
2357 4796 2566 4850 πολλῶν
2613 4794 2918 4864 κοινότητος
2963 4792 3474 4864 ἀποκεχωρισμένῃ.
3527 4793 3637 4845 Καὶ

2058 4891 2252 4956 ταῦτα,
2273 4889 2428 4962 φησὶ,
2449 4890 2576 4961 περὶ
2605 4889 2704 4959 ἐμὲ
2735 4888 2964 4954 ἐγίνετο,
2995 4887 3154 4958 μέχρι
3180 4885 3369 4958 καιροῦ
3405 4885 3504 4953 τῆς
3530 4884 3636 4936 τῶν

2061 4983 2248 5039 κακῶν
2278 4983 2511 5054 ἡμέρας,
2545 4981 2688 5053 κατὰ
2708 4979 2771 5033 τὸ
2808 4978 3132 5050 λελεγμένον
3162 4981 3218 5033 ἐν
3247 4978 3452 5048 ἑτέροις
3473 4994 3487 5007 ·
3519 4976 3638 5030 Βά-

2058 5079 2193 5143 διζε,
2226 5082 2258 5132 ό
2275 5079 2423 5144 λαός
2445 5095 2587 5147 μου,
2616 5077 2855 5132 εἴσελθε
2883 5078 2971 5141 εὶς
2995 5075 3067 5128 τὰ
3098 5071 3302 5142 ταμεῖὰ
3331 5089 3467 5136 σου,
3493 5069 3639 5124 ἁπό-

2059 5177 2309 5227 κλεισον
2327 5172 2442 5241 τὴν
2469 5174 2656 5240 θύραν
2679 5188 2818 5234 σου,
2839 5169 3205 5237 ἁποκρύϐηθι
3221 5165 3440 5236 μικρὸν
3461 5165 3634 5225 ὅσον,

2056 5265 2168 5332 ἕως
2194 5265 2270 5320 ἂν
2314 5263 2580 5334 παρέλθῃ
2613 5266 2651 5333 ἡ
2682 5263 2827 5332 ὀργὴ
2866 5263 3108 5330 Κυρίου.
3155 5259 3292 5313 Ἀλλ’
3329 5260 3429 5314 οὐκ
3469 5259 3548 5320 είς
3573 5256 3636 5308 τὸ

2057 5359 2316 5422 παντελὲς
2347 5357 2684 5431 κρύπτεσθαι
2717 5375 2783 5428 με
2828 5355 3124 5428 βουληθεὶς,
3152 5354 3259 5406 οὐδ’
3285 5355 3343 5406 ἐν
3390 5349 3468 5421 τῷ
3493 5350 3634 5404 ἀπο-

2057 5454 2250 5524 κρύφῳ
2280 5453 2379 5523 τῆς
2412 5452 2616 5522 σκηνῆς
2645 5449 2807 5504 αὐτοῦ
2848 5449 3150 5506 λανθάνειν.
3177 5448 3272 5501 καὶ
3300 5445 3458 5516 μόνον
3485 5445 3632 5512 ὼφεο

2054 5545 2284 5611 λεῖσθαι,
2316 5547 2585 5616 χρήσιμον
2613 5543 2667 5596 δὲ
2707 5543 2802 5597 καὶ
2834 5543 3018 5615 ἕτερον
3046 5541 3378 5610 καταστῆναι
3417 5536 3633 5610 κρίνας,

2056 5639 2149 5692 ἐπὶ
2185 5637 2328 5693 τέλει
2368 5637 2470 5701 τῆς
2497 5636 2606 5691 τῶν
2631 5636 2818 5692 κακῶν
2852 5637 3064 5708 ἡμέρας
3093 5636 3163 5689 ἐν
3202 5634 3386 5704 πέτρᾳ
3421 5628 3638 5701 ὕψωσέ
