4122 6454
474 399 574 455 εει
1639 403 2036 459 (ΖΟΜΜΕΝΤΑῙ

2135 433 2147 458 ι
2184 403 2252 460 ΙΝ
2303 403 2649 462 PSALMOS.
3617 412 3726 470 942

470 529 562 581 με.
598 510 662 565 Ἠ
684 510 867 580 πέτρα
895 512 964 566 δὲ
985 509 1082 583 ἦν,
1116 514 1281 585 φησὶν
1306 515 1335 570 ό
1362 514 1701 579 Ἀπόστολος,
1721 519 1754 570 ό
1772 517 2036 584 Χριστός.

2154 525 2300 574 ctum
2335 521 2627 576 allaturum
2661 536 2805 585 esse,
2835 529 3025 576 exacta
3053 521 3140 577 die
3163 518 3453 589 malorum,
3491 525 3546 579 in
3577 539 3724 597 petra

481 604 572 655 Ἐν
607 601 715 670 γὰρ
746 602 824 673 τῷ
873 605 1036 658 αὐτοῦ
1078 604 1242 675 λόγῳ,
1287 607 1378 659 καὶ
1408 609 1474 678 τῇ
1508 605 1674 659 αὑτοῦ
1726 606 1908 676 σοφίᾳ,
1953 607 2036 660 καὶ

2153 609 2406 664 exaltauit
2437 627 2538 666 me.
2584 609 2750 664 Petra
2790 622 2986 674 autem,
3035 612 3214 684 inquit
3253 612 3570 684 Apostolus,
3610 633 3726 674 erat

469 698 533 765 τῇ
575 694 799 766 δυνάμει
831 698 896 766 τῇ
938 697 1189 768 σωτηρίῳ
1221 697 1404 768 ῦψωσέ
1447 716 1515 770 με
1541 700 1570 752 ὁ
1604 698 1770 752 πάλαι
1807 699 2049 771 ἀποκρύ-

465 785 576 856 ψας
603 788 660 840 ἐν
689 789 753 858 τῇ
797 791 968 860 σκηνῇ
1003 789 1188 854 αὐτοῦ,
1219 791 1312 844 καὶ
1349 792 1627 856 σκεπάσας
1667 793 1724 845 ἐν
1746 791 2048 864 ἀποκρύφῳ

467 879 569 949 τῆς
597 880 799 951 σκηνῆς
827 879 993 935 αὑτοῦ
1027 883 1083 936 ἐν
1109 881 1290 954 ἡμέρᾳ
1325 883 1532 938 κακῶν.
1561 883 1907 957 Παραγαγὼν
1938 885 2047 957 γὰρ

468 972 536 1024 τὰ
576 971 720 1026 κακὰ
764 973 859 1026 καὶ
887 971 978 1027 τὸν
1025 974 1217 1047 καιρὸν
1255 974 1363 1029 τῶν
1401 975 1612 1048 ἐχθρῶν
1659 977 1754 1030 καὶ
1785 977 1892 1030 τῶν
1935 975 2048 1029 θλι-

470 1063 672 1118 ϐόντων
702 1081 768 1136 με
796 1063 1090 1138 πολεμίων,
1115 1070 1194 1132 είς
1236 1067 1409 1123 εὖδιον
1436 1071 1527 1124 καὶ
1554 1073 1824 1143 είρηναῖον
1851 1070 2047 1142 λιμένα

470 1154 820 1225 κατέστησεν,
863 1155 1084 1225 ἀγαγών
1131 1175 1188 1210 τε
1231 1159 1312 1222 είς
1362 1159 1422 1213 τὸ
1460 1161 1700 1230 ἐμφανὲς
1739 1161 1829 1214 τὸν
1881 1161 2044 1216 πάλαι

468 1247 932 1318 κρυπταζόμενον,
963 1249 1237 1322 μετέωρον
1257 1252 1428 1323 ἐπῆρε
1449 1253 1541 1305 xui.
1566 1251 1765 1324 ὑψηλὸν
1795 1250 2041 1324 ἔστησεν,

465 1339 543 1403 ὡς
577 1341 742 1393 πᾶσιν
785 1340 1013 1412 ὁρᾶσθαι
1043 1343 1136 1395 καὶ
1173 1341 1326 1415 παρὰ
1363 1347 1476 1408 τοῖς
1519 1345 1654 1398 πᾶσι
1702 1343 2040 1410 δοξάζεσθαι,

464 1432 808 1504 ἡδρασμένον
847 1433 943 1486 καὶ
982 1432 1442 1506 τεθεμελιωμένον
1483 1437 1541 1489 ἐν
1568 1439 1635 1508 τῇ
1670 1437 1908 1509 ἀρῤαγεῖ
1949 1437 2043 1490 καὶ

465 1523 843 1598 ἀσφαλεστάτη
875 1523 1040 1580 αὑτοῦ
1069 1525 1266 1597 πέτρᾳ.

534 1744 646 1798 Kal
669 1745 786 1800 νῦν
808 1743 1019 1814 ὕψωσε
1047 1745 1319 1815 κεφαλήν
1341 1765 1461 1816 μου
1496 1747 1588 1802 ἐπ’
1615 1748 1868 1818 ἐχθρούς
1891 1766 2031 1819 μου.

461 1839 694 1909 Νοήσεις
719 1840 1016 1912 ἐπιστήσας
1035 1840 1184 1904 ὅπως
1206 1840 1417 1913 εἴρηται
1442 1841 1592 1914 παρὰ
1613 1841 1691 1914 τῷ
1731 1840 2040 1913 Ἀποστόλῳ

2151 699 2394 755 Christus
2429 700 2496 756 δ’.
2533 700 2668 756 Nam
2705 704 2871 758 verbo
2919 719 3040 768 suo,
3086 705 3353 774 sapientia
3401 713 3456 762 et
3500 709 3724 766 salutari

2148 791 2352 848 virtute
2397 807 2496 848 sua
2539 795 2799 852 exultavit
2830 812 2934 860 me,
2969 799 3060 866 qui
3109 799 3238 852 olim
3270 799 3637 858 absconderat
3669 805 3722 860 in

2148 885 2505 942 tabernaculo
2532 902 2655 950 suo,
2690 897 2742 943 et
2773 890 2868 959 qui
2902 890 2956 944 in
2986 889 3074 946 die
3119 891 3386 946 malorum
3419 904 3725 964 protexerat

2147 974 2204 1030 in
2235 975 2558 1056 abscondito
2585 980 2922 1036 tabernaculi
2950 982 3056 1037 sui.
3089 981 3226 1037 Cum
3259 989 3402 1041 enim
3431 986 3726 1042 amovisset

2147 1069 2311 1136 mala,
2350 1079 2405 1126 et
2435 1087 2499 1127 ea
2525 1088 2646 1142 qure
2681 1081 2925 1144 tempore
2977 1074 3324 1131 inimicorum
3375 1085 3430 1134 et
3483 1077 3723 1136 hostium

2145 1175 2232 1216 me
2259 1161 2666 1216 molestantium
2693 1163 3029 1230 acciderant,
3075 1166 3130 1220 in
3170 1168 3471 1238 tranquillo
3509 1177 3563 1224 et
3603 1171 3724 1240 pla-

2145 1251 2268 1308 cido
2302 1264 2466 1321 portu
2495 1270 2582 1311 me
2615 1257 2901 1312 constituit
2938 1277 2952 1313 :
2986 1274 3178 1330 meque
3211 1261 3338 1315 olim
3393 1261 3719 1326 latitantem,

2144 1341 2200 1397 in
2235 1343 2596 1414 conspicuum
2634 1346 2815 1402 locum
2859 1348 3176 1418 deductum,
3212 1352 3500 1408 sublimem
3525 1355 3718 1420 erexit,

2143 1441 2194 1488 et
2225 1435 2505 1490 excelsum
2540 1438 2752 1498 statuit,
2796 1445 2855 1492 ut
2895 1441 3139 1494 omnium
3195 1444 3516 1514 conspectui
3568 1452 3721 1515 pate-

2144 1539 2280 1590 rem,
2317 1527 2386 1581 ab
2415 1527 2672 1583 omnibus
2705 1529 2980 1595 laudarer,
3019 1539 3204 1602 utpote
3233 1533 3289 1588 in
3323 1534 3637 1592 ﬁrmissima
3665 1546 3721 1593 et

2143 1617 2375 1673 infracta
2406 1619 2582 1691 ipsius
2611 1630 2764 1690 petra
2793 1625 3008 1693 positus
3037 1632 3092 1678 et
3122 1624 3403 1683 fundatus.

2212 1732 2282 1788 Et
2302 1751 2438 1789 nunc
2463 1735 2720 1790 exultavit
2740 1746 2897 1807 caput
2921 1754 3092 1794 meum
3114 1755 3268 1809 super
3290 1741 3528 1797 inimicos
3551 1758 3712 1798 meos.

2140 1827 2455 1900 Perpendas
2479 1830 2641 1886 velim
2667 1845 2775 1902 qua
2807 1833 3078 1888 sententia
3111 1835 3180 1890 ab
3207 1835 3471 1906 Apostolo
3499 1837 3716 1894 dicatur

461 1931 542 1985 τό·
583 1933 729 1998 Ἕως
758 1927 829 1987 οὗ
859 1931 924 1985 τὸ
953 1931 1222 2002 σήμερον
1249 1931 1534 1988 καλεῖται.
1573 1933 1729 1987 Οὕτω
1758 1934 1866 2007 γὰρ
1894 1936 2036 2006 ἐρεῖς

2143 1921 2277 1976 illud
2307 1941 2321 1977 :
2350 1920 2528 1980 Donec
2573 1921 2726 1977 hodie
2778 1925 3180 1995 cognominatur
3210 1927 3279 1983 ”.
3333 1925 3470 1982 Nam
3524 1929 3713 1986 eadem

461 2025 556 2079 καὶ
594 2025 685 2078 ἐπὶ
719 2024 811 2078 τοῦ
850 2026 1114 2096 παρόντος
1149 2025 1210 2080 τὸ
1239 2025 1458 2102 διαρκὲς
1485 2025 1578 2081 τοῦ
1611 2027 1804 2100 χρόνου
1835 2026 2037 2100 σημαί-

460 2114 664 2170 νεσθαι.
727 2115 782 2168 '0
823 2115 931 2188 γὰρ
982 2115 1073 2171 τοῦ
1117 2117 1250 2175 Θεοῦ
1294 2116 1598 2190 ἄνθρωπος,
1645 2118 1714 2174 τὰ
1750 2121 2038 2192 νικητήρια

461 2207 601 2261 κατὰ
630 2207 737 2260 τῶν
767 2205 976 2280 ἐχθρῶν
1006 2207 1262 2278 εἰληφὼς,
1309 2209 1396 2263 ἀεὶ
1426 2211 1526 2281 τῆς
1562 2209 1670 2264 τῶν
1705 2211 1914 2283 ἐχθρῶν
1947 2227 2039 2264 κε-

423 2337 426 2340 ~
460 2300 633 2371 φαλῆς
682 2302 950 2371 ἁνώτερος
993 2301 1219 2371 γίνεται·
1257 2301 1428 2367 οὕτως
1473 2303 1566 2357 καὶ
1611 2302 1773 2367 αὐτὸς
1812 2305 1840 2357 ό
1879 2301 2038 2358 Δαυῒδ

463 2393 623 2466 μέχρι
661 2393 755 2447 τοῦ
791 2394 1052 2466 παρόντος
1091 2394 1284 2467 χρόνου
1318 2395 1604 2466 ἐπαίρεται
1652 2395 1747 2449 καὶ
1785 2395 2033 2466 ὑψοῦται,

459 2485 580 2538 καθ’
627 2483 754 2554 ὅλης
805 2485 903 2555 τῆς
953 2485 1281 2558 οἰκουμένης
1329 2486 1586 2558 ᾀδόμενος
1638 2487 1731 2542 καὶ
1766 2486 2037 2559 βοώμενος

460 2572 609 2646 παρὰ
641 2576 772 2628 πᾶσι
805 2576 916 2638 τοῖς
944 2575 1142 2639 ἔθνεσι,
1180 2578 1273 2632 καὶ
1302 2576 1508 2648 ὕψωταί
1537 2596 1602 2649 γε
1627 2579 1842 2650 ἀληθῶς
1876 2584 1909 2652 ἡ
1942 2599 2036 2635 κε-

460 2662 602 2734 φαλὴ
623 2663 786 2721 αὑτοῦ
803 2664 897 2718 ἐπὶ
911 2665 1037 2728 τοὺς
1056 2664 1223 2719 πάλαι
1249 2666 1572 2738 γενομένους
1592 2667 1758 2722 αὑτοῦ
1783 2669 2033 2740 ἐχθροὺς,

457 2753 556 2818 τὰς
596 2752 858 2826 ἀοράτους
892 2756 1172 2830 δυνάμεις.
1229 2758 1288 2812 '0
1333 2757 1392 2812 δὲ
1434 2759 1525 2812 τοῦ
1560 2759 1694 2813 Θεοῦ
1729 2761 2032 2834 ἄνθρωπος,

455 2847 642 2901 τοῦτον
675 2847 907 2919 ὑψωθεὶς
938 2850 1028 2903 τὸν
1054 2851 1274 2924 τρόπον,
1307 2852 1408 2906 οὐκ
1439 2853 1608 2925 ἀργίᾳ
1651 2853 1840 2907 ἑαυτὸν
1865 2854 2033 2924 {656m-

457 2958 562 3004 σιν,
592 2942 714 2995 οὐδὲ
745 2942 1006 3015 ἀπραξία,
1039 2943 1257 2998 πλείονα
1279 2945 1336 2999 δὲ
1361 2945 1595 3017 σπουδὴν
1635 2946 1762 3018 περὶ
1801 2945 1900 3018 τὴν
1938 2947 2032 3001 τοῦ

454 3033 590 3087 Θεοῦ
633 3033 887 3106 λατρείαν
935 3036 1198 3108 εἰσφέρει.
1245 3037 1336 3090 Διδ
1387 3037 1650 3107 ἐπιλέγει·
1691 3038 2036 3094 Ἐκύκλωσα

455 3125 552 3182 καί
576 3126 766 3180 ἔθυσα
787 3126 850 3180 ἐν
879 3125 956 3196 τῇ
976 3127 1180 3197 σκηνῇ
1203 3129 1387 3184 αὐτοῦ
1410 3130 1632 3184 θυσίαν
1655 3131 2028 3201 ἀλαλαγμοῦ.

452 3212 620 3277 Aio-rat
646 3218 703 3272 δὲ
731 3215 870 3290 ἦσαν
905 3221 960 3274 αι
987 3221 1072 3277 Scit
1106 3222 1290 3293 φωνῆς
1323 3224 1417 3277 καὶ
1445 3223 1723 3294 θεολογίας
1752 3223 1938 3297 ὓμνων
1969 3241 2029 3280 τε

2140 2031 2368 2086 prorsus
2386 2017 2602 2073 ratione
2636 2017 2692 2071 in
2724 2018 2977 2088 praesenti
3024 2019 3290 2090 temporis
3329 2020 3713 2079 assiduitatem

2139 2109 2439 2181 signiﬁcari
2472 2109 2751 2167 fateberis.
2786 2109 3066 2180 Siquidem
3097 2110 3192 2166 Dei
3223 2111 3387 2168 homo
3415 2113 3510 2184 qui
3539 2114 3716 2171 victo-

2137 2201 2232 2258 riae
2254 2201 2322 2258 de
2347 2201 2584 2260 inimicis
2616 2209 2787 2274 partae
2828 2203 3050 2274 praemia
3079 2204 3312 2274 accepit,
3344 2219 3560 2277 semper
3602 2207 3710 2262 ini-

2137 2295 2406 2350 micorum
2437 2295 2604 2366 capiti
2638 2297 2894 2367 superior
2922 2297 3146 2360 eminet,
3183 2297 3265 2352 sic
3293 2305 3347 2354 et
3382 2297 3499 2370 ipse
3539 2302 3709 2358 Davm

2137 2401 2312 2456 usque
2343 2385 2411 2442 ad
2461 2401 2702 2457 praesens
2739 2393 2957 2457 tempus
2991 2388 3274 2444 extollitur
3317 2400 3373 2444 et
3416 2389 3710 2453 exaltatur,

2136 2493 2234 2548 per
2267 2477 2577 2534 universam
2607 2489 2809 2533 terram
2840 2479 3168 2534 decantatus
3197 2481 3551 2552 omniumque
3575 2497 3710 2553 gen-

2136 2569 2272 2624 tium
2308 2569 2537 2626 vocibus
2569 2569 2898 2633 celebratus,
2929 2577 2984 2625 et
3005 2571 3308 2641 caputeius
3336 2586 3528 2628 revera
3557 2574 3714 2629 exal~

2135 2667 2308 2715 tatum
2356 2668 2442 2717 est
2481 2675 2648 2732 super
2679 2675 2871 2716 omnes
2912 2662 3006 2732 qui
3035 2663 3310 2733 quondam
3351 2664 3558 2721 inimici
3588 2665 3711 2736 ejus

2135 2754 2372 2823 luerant,
2409 2755 2750 2812 adversarius
2787 2755 3050 2810 nimirum
3092 2763 3416 2828 potestates.
3444 2757 3514 2815 At
3544 2759 3712 2816 homo

2134 2841 2229 2904 Dei
2255 2864 2319 2905 ea
2349 2851 2562 2905 ratione
2588 2850 2884 2915 exaltatus,
2921 2865 3031 2904 nou
3062 2864 3122 2904 se
3153 2849 3384 2920 ignavia
3413 2862 3506 2908 aut
3536 2854 3710 2926 segni-

2133 2939 2226 2995 tiei
2249 2939 2436 3005 tradit,
2463 2939 2558 2996 sed
2584 2939 2780 3007 majori
2806 2937 2988 2993 studio
3007 2937 3194 2995 divino
3217 2940 3387 2996 cultui
3416 2942 3706 3002 incumbit.

2132 3029 2314 3097 Quare
2345 3029 2651 3101 subjungit,
2684 3027 2916 3084 Circuiui
2961 3035 3011 3081 et
3045 3028 3318 3084 immolavi
3363 3031 3419 3084 in
3459 3031 3709 3088 taberna-

2130 3125 2252 3179 culo
2286 3123 2400 3194 ejus
2432 3125 2658 3179 hostiam
2701 3125 3064 3196 jubilationis.
3120 3125 3212 3183 Hae
3244 3141 3380 3184 sane
3411 3132 3570 3182 erant
3605 3125 3705 3181 ho-

2131 3217 2251 3274 stire
2282 3217 2527 3283 vocibus,
2553 3218 2755 3274 divinis
2807 3219 3062 3290 eloquiis,
3114 3218 3354 3292 hymnis,
3401 3219 3701 3290 gratiarum

453 3313 546 3368 καὶ
583 3312 930 3384 εὐχαριστίας
955 3314 1431 3386 ἀναπεμπόμεναι.
1476 3317 1563 3370 Ἐν
1592 3316 1690 3388 μὲν
1713 3313 1807 3371 οῦν
1825 3317 1903 3390 τῷ
1925 3317 2032 3389 πρὸ

2135 3313 2445 3370 actionibus
2472 3315 2709 3370 emissa.
2741 3315 2800 3369 In
2828 3315 3154 3386 praecedenti
3191 3316 3424 3387 psalmo,
3455 3314 3540 3370 vir
3565 3313 3705 3370 divi-

451 3402 638 3457 τούτου
675 3401 873 3475 ψαλμῷ
925 3405 1261 3478 μελλητικῶς
1311 3407 1619 3463 ἐδιδάσκετο
1670 3408 1847 3479 λέγειν
1887 3409 1917 3461 ό
1959 3409 2029 3464 τὰ

452 3496 568 3550 θεῖα
597 3497 996 3569 παιδευόμενος·
1041 3495 1300 3570 [Viti-opas
1335 3500 1406 3554 ἐν
1440 3499 1651 3568 ἀθώοις
1685 3500 1792 3568 τὰς
1828 3500 2030 3571 χεῖράς

446 3607 586 3661 μου,
628 3589 727 3643 καί
768 3589 1056 3646 κυκλὼσω
1089 3590 1156 3646 τό
1200 3592 1633 3662 θυσιαστήριόν
1665 3610 1804 3659 σου,
1827 3594 2024 3662 Κύριε·

451 3681 681 3735 ἐνταῦθα
712 3682 768 3736 δὲ
798 3681 873 3747 ὡς
892 3684 992 3756 ήδη
1024 3683 1308 3756 προκύψας
1338 3685 1432 3739 καὶ
1453 3683 1629 3756 τυχὼν
1649 3685 1750 3757 τῆς
1779 3686 1942 3758 εὐχῆς
1967 3685 2027 3740 τὸ

451 3773 798 3846 ἀποτέλεσμα
843 3775 944 3846 τῆς
994 3777 1346 3846 ἐπαγγελίας,
1389 3778 1584 3846 ἐπάγει
1629 3778 1821 3848 λέγων·
1862 3778 2028 3832 Ἐκύ-

449 3871 656 3922 κλωσα
704 3869 802 3923 καί
843 3869 1035 3924 ἔθυσα
1070 3871 1141 3924 ἐν
1189 3869 1263 3940 τῇ
1315 3870 1519 3940 σκηνῇ
1571 3871 1760 3926 αὑτοῦ
1803 3872 2027 3926 θυσίαν

447 3959 824 4030 ἀλαλαγμοῦ·
873 3961 970 4015 καὶ
1016 3964 1074 4016 ἐν
1129 3963 1229 4034 μὲν
1271 3965 1386 4028 τοῖς
1435 3962 1744 4037 ἔμπροσθεν
1783 3962 2020 4034 ἐλέγετο·

453 4050 563 4105 Τοῦ
592 4051 848 4108 ἀκοῦσαι
885 4051 1096 4124 φωνὴν
1129 4053 1434 4124 αἰνέσεως·
1479 4053 1712 4110 ἐνταῦθα
1744 4051 1822 4107 δέ·
1859 4055 2023 4126 ’ᾼσω

446 4140 544 4196 καὶ
574 4141 750 4210 ψαλῶ
785 4143 867 4210 τῷ
892 4145 1104 4214 Κυρίῳ.

516 4277 919 4344 Είσὰκουσον,
965 4282 1160 4356 Κύριε,
1201 4278 1308 4348 τῆς
1341 4280 1547 4350 φωνῆς
1586 4293 1726 4351 μου,
1773 4276 1849 4352 ἧς
1891 4279 2020 4336 ἐκέ-

445 4371 656 4438 κραξα·
700 4373 988 4442 Ἐλέησόν
1009 4391 1087 4444 με
1122 4372 1222 4428 καί
1249 4371 1619 4428 είσὰκουσόν
1645 4391 1789 4444 μου.
1815 4374 1916 4429 Σοί
1945 4369 2020 4427 εἴ·

443 4477 558 4516 κεν
578 4464 616 4531 ἡ
642 4463 851 4532 καρδία
877 4463 1294 4535 μουἛζήτησέ
1324 4481 1398 4520 σε
1431 4464 1498 4519 τὸ
1527 4467 1852 4534 πρόσωπόν
1873 4483 2016 4535 μου·

443 4552 508 4606 τὸ
536 4555 864 4623 πρόσωπόν
898 4570 1035 4622 σου,
1071 4557 1265 4625 Κύριε,
1306 4555 1554 4626 ζητήσω.
1612 4557 1756 4610 ’Δντὶ
1797 4556 1855 4610 δὲ
1899 4557 2013 4610 τοῦ·

441 4647 540 4700 Σοὶ
561 4643 730 4700 εἶπεν
747 4649 785 4716 ἡ
812 4649 1023 4717 καρδία
1046 4666 1188 4717 μου,
1223 4647 1504 4718 Ἑζὸὶτησέ
1525 4665 1599 4704 σε
1617 4649 1680 4704 τὸ
1693 4653 2019 4719 πρόσωπόν

2134 3407 2221 3463 nis
2253 3407 2306 3462 in
2339 3407 2503 3464 rebus
2531 3408 2819 3464 institutus
2845 3409 2962 3462 haec
2985 3407 3053 3462 de
3087 3409 3270 3462 luturo
3295 3407 3481 3462 dicere
3507 3405 3707 3462 edoce-

2130 3494 2672 3556 baturzLavabOinter
2692 3501 2990 3554 innocentes
3013 3517 3200 3554 manus
3224 3516 3390 3563 meas,
3413 3508 3461 3553 et
3482 3499 3707 3552 circum-

2129 3591 2264 3646 dabo
2291 3592 2460 3646 altare
2487 3602 2655 3659 tuum,
2697 3592 2920 3648 Domine
2949 3593 2996 3626 δ’·
3027 3611 3040 3646 :
3080 3593 3170 3648 hic
3195 3607 3348 3654 vero,
3383 3597 3444 3645 ut
3471 3590 3565 3662 qui
3589 3589 3704 3660 jam

2129 3686 2422 3756 profecerit
2445 3697 2498 3742 et
2530 3687 2787 3758 precibus
2812 3689 3081 3759 promissa
3110 3693 3446 3744 consecutus
3467 3685 3559 3753 sit,
3589 3685 3705 3740 hac

2127 3776 2654 3848 loquiturzCircuivi
2699 3791 2748 3834 et
2791 3780 3061 3836 immolavi
3109 3780 3164 3834 in
3214 3777 3551 3833 tabernaculo
3588 3778 3703 3846 ejus

2125 3869 2351 3924 hostiam
2380 3870 2722 3940 julilatiunis
2754 3887 2772 3924 :
2802 3871 2856 3927 et
2899 3871 2954 3926 in
2988 3871 3260 3941 superiori
3293 3870 3458 3925 etiam
3491 3869 3705 3940 psalmo

2125 3961 2331 4017 dictum
2360 3970 2464 4030 est,
2495 3961 2563 4020 Ut
2593 3963 2812 4018 audiam
2842 3981 3015 4018 vocem
3049 3963 3229 4017 laudis
3257 3963 3339 4026 ⁸⁵;
3386 3961 3477 4016 hic
3517 3968 3700 4016 autem

2124 4053 2346 4122 dicitur,
2359 4049 2596 4110 Cantaba
2618 4066 2667 4111 et
2697 4055 2964 4127 psalmum
2987 4055 3164 4109 dicam
3196 4054 3443 4110 Domino.

2192 4276 2357 4334 Vens.
2411 4278 2567 4336 7-10.
2614 4277 2846 4346 Exaudi,
2894 4277 3135 4338 Domine.
3177 4292 3352 4331 vocem
3380 4291 3570 4338 meam,
3594 4290 3699 4346 qua

2119 4366 2343 4423 clamavi
2357 4367 2426 4422 ad
2447 4378 2495 4424 te
2513 4385 2532 4422 :
2550 4369 2794 4424 miserere
2811 4371 2909 4423 mei
2925 4379 2972 4423 et
2989 4367 3183 4422 exaudi
3201 4383 3301 4422 me.
3325 4365 3444 4421 Tibi
3459 4367 3593 4420 dixit
3609 4382 3700 4419 cor

2119 4476 2311 4524 meum,
2333 4459 2628 4531 Exquisivit
2654 4470 2701 4515 te
2710 4461 2873 4531 facies
2892 4477 3006 4514 mea
3023 4476 3041 4513 :
3061 4459 3248 4530 faciem
3270 4455 3695 4538 tuam,Domine,

2117 4555 2400 4622 requiram.
2421 4553 2553 4623 Ejus
2575 4555 2716 4616 loco,
2734 4553 2828 4607 tibi
2848 4552 2982 4606 dixit
3007 4569 3098 4606 cor
3125 4566 3320 4615 meum,
3343 4547 3624 4618 exquisiuit
3649 4556 3698 4600 te

2121 4647 2282 4717 facies
2321 4663 2456 4711 mea,
2487 4647 2730 4717 apertius
2759 4643 3125 4717 Symmachus
3165 4646 3247 4699 sic
3285 4642 3696 4711 interpretatur.

434 4757 576 4809 μου,
615 4741 644 4792 ὁ
681 4741 973 4812 Σύμμαχος
1008 4742 1334 4814 σαφέστερον
1377 4742 1640 4808 ἐξέδωκεν
1676 4742 1865 4799 εἰπών·
1914 4743 2017 4798 Σοί

2135 4741 2216 4794 tibi
2242 4739 2552 4811 loquebatur
2595 4755 2684 4793 cor
2713 4755 2908 4802 meum,
2945 4746 2991 4792 te
3015 4735 3284 4808 qucerebat
3313 4733 3487 4788 vultus
3530 4737 3697 4786 meus'.

441 4831 804 4899 προσελάλει
831 4835 869 4902 ἡ
895 4833 1110 4903 καρδία
1131 4851 1270 4904 μου·
1292 4834 1368 4888 σὲ
1385 4833 1572 4901 ἐζήτει
1594 4834 1660 4889 τὸ
1690 4837 2020 4904 πρόσωπόν

2135 4832 2324 4886 inimze
2352 4832 2552 4902 quippe
2591 4831 2773 4886 vultus
2803 4837 3197 4900 congruentem
3242 4824 3347 4882 sibi
3398 4821 3696 4894 inspectio‘

432 4939 568 4991 μου.
605 4923 678 4976 Τὸ
694 4925 812 4994 ,γὰρ
838 4925 938 4996 τῆς
964 4925 1143 4996 ψυχῆς
1178 4927 1472 4996 πρόσωπον
1502 4928 1604 4999 τὴν
1644 4928 2014 5000 ἁρμόττουσαν

2135 4941 2237 4981 tem
2271 4925 2644 4981 desiderabat.
2677 4925 2790 4979 lloc
2841 4924 3019 4994 ipsum
3051 4921 3266 4993 Moyses
3302 4919 3384 4975 sic
3413 4917 3586 4972 Deum
3621 4915 3702 4968 al-

437 5015 565 5069 θέαν
597 5014 798 5071 ἐπόθει.
831 5017 1033 5072 Τούτου
1051 5019 1109 5072 δὲ
1127 5021 1220 5072 καὶ
1240 5021 1478 5090 Μωῦσῆς
1501 5036 1631 5073 ποτε
1651 5023 1833 5091 τυχεῖν
1856 5019 2008 5090 ἠξίου

2135 5034 2338 5089 nqucns
2360 5017 2622 5088 consequi
2654 5017 2966 5088 postulabat
3011 5036 3023 5072 :
3069 5013 3202 5069 Ecce
3247 5013 3420 5066 inveni
3467 5011 3690 5082 gratiae

434 5106 606 5176 λέγων
635 5107 714 5179 τῷ
739 5107 876 5180 Θεῷ·
924 5109 1069 5164 Ἰδοὺ
1105 5111 1334 5180 εὕρηκα
1365 5112 1544 5182 χάριν
1571 5112 1828 5167 ἐνώπιόν
1857 5130 1996 5168 σου·

2135 5128 2165 5165 η
2203 5120 2484 5179 conspectu
2533 5119 2622 5164 tuo
2657 5126 2674 5162 :
2706 5109 2919 5164 ostende
2952 5106 3080 5161 mihi
3117 5107 3361 5174 teipsum,
3402 5112 3450 5157 te
3479 5102 3691 5155 scientut'

432 5199 766 5270 ἐμφάνισόν
787 5219 888 5270 μοι
929 5205 1209 5258 σεαυτόν·
1249 5203 1530 5274 γνωστῶς
1568 5204 1672 5258 ἴδω
1712 5221 1806 5260 σε·
1853 5206 2002 5270 ὅπως

2135 5201 2314 5256 ideam
2348 5202 2428 5270 “;
2461 5208 2520 5256 ut
2554 5201 2789 5256 revelata
2821 5199 2960 5254 facie
2999 5200 3228 5268 gloriam
3263 5192 3478 5251 Domini
3520 5194 3671 5246 inluc

432 5293 936 5364 ἀνακεκαλυμμένῳ
963 5295 1237 5367 προσώπῳ
1278 5297 1384 5368 τὴν
1423 5297 1580 5362 δόξαν
1636 5298 1844 5369 Κυρίου
1876 5311 2014 5352 κατ-’

2135 5306 2284 5352 'etur.
2321 5293 2688 5360 Quamobrem
2741 5294 2838 5359 ait,
2881 5293 3071 5360 faciem
3114 5301 3284 5355 tuam,
3320 5289 3568 5351 Domine,
3608 5300 3694 5338 re-

429 5385 758 5458 οπτρίξοιτο.
785 5389 876 5440 Διό
907 5404 1060 5459 φησι·
1083 5389 1152 5442 Τὸ
1180 5391 1505 5458 πρόσωπόν
1535 5399 1673 5455 σου,
1697 5393 1891 5458 Κύριε.
1920 5390 2013 5459 ζη-

2135 5389 2364 5460 μιὶναηι;
2400 5404 2464 5442 ne
2495 5397 2700 5442 avertas
2752 5387 2942 5456 faciem
2988 5396 3128 5439 tuam
3164 5401 3196 5438 a
3227 5400 3328 5438 me.
3362 5379 3420 5438 Si
3447 5381 3592 5436 enim
3629 5377 3696 5433 ad

429 5475 614 5542 τήσω·
636 5479 722 5547 μὴ
747 5481 1138 5549 ἀποστρέψνης
1155 5481 1219 5533 τὸ
1241 5483 1564 5549 πρόσωπόν
1583 5499 1699 5537 σου
1715 5483 1815 5538 ἀπ’
1839 5481 2006 5552 ἐμοῦ.

2135 5495 2433 5551 supremum
2459 5480 2722 5551 perfectio
2751 5480 3050 5541 devenerit,
3086 5493 3218 5534 sane
3240 5477 3465 5531 ultimus
3497 5487 3696 5529 secun-

430 5569 493 5622 Εί
522 5570 630 5639 γὰρ
655 5574 734 5634 εἰς
762 5572 928 5641 ἄκρον
951 5572 1245 5644 τελειότης,
1281 5575 1375 5628 καὶ
1405 5577 1438 5644 ὴ
1475 5574 1614 5629 κατὰ
1639 5574 1774 5629 Θεὸν
1801 5575 2008 5646 ὑστάτη

2135 5574 2245 5630 lum
2274 5573 2442 5630 Deum
2472 5572 2750 5645 profectus
2775 5572 2867 5628 ille
2901 5570 3086 5637 luerit,
3119 5571 3210 5643 qui
3245 5569 3456 5625 scilicet
3496 5565 3562 5621 ad
3596 5563 3691 5620 Dei

2239 5879 2286 5913 "‘
2328 5879 2459 5938 ibid.
2506 5879 2556 5934 Ἰ.
2589 5877 2681 5953 ..⁸⁸
2715 5875 2886 5934 Exod.
2920 5890 3116 5944 χχχιιι,
3163 5869 3246 5932 l3.

504 5877 548 5909 δ’
607 5875 779 5934 lCor.
814 5895 870 5946 ι,
899 5881 954 5937 4.
1031 5879 1077 5914 ⁵³
1129 5878 1294 5936 llebr.
1330 5896 1412 5945 ut,
1461 5882 1543 5937 l5.
1655 5881 1698 5914 ³⁸
1738 5879 1884 5937 Psal.
1917 5896 2044 5948 xxv,
2076 5880 2129 5936 6.
