4122 6454
425 433 537 490 2ὃὸ

429 550 638 607 vultum
661 547 917 611 deducit,
947 557 1021 601 ita
1049 555 1108 599 ut
1129 547 1254 616 quis
1279 545 1389 602 Deo
1411 560 1655 617 praesens
1675 545 1836 609 adsit,
1861 545 2000 614 cjus-
2031 560 2072 614 Α
2103 535 2350 608 προκοπὴ

428 658 534 710 que
556 639 776 696 deitatis
805 637 974 694 radiis
1001 636 1233 692 fruatur.

498 817 711 873 Gnarus
743 826 923 872 autem
954 832 1195 888 persaepe
1239 815 1409 872 Deum
1445 815 1514 871 ab
1552 817 1621 871 iis
1654 815 1748 886 qui
1789 815 1998 868 vultum

427 908 548 979 ejus
568 908 843 963 sustinere
864 923 970 963 non
998 908 1202 972 valent,
1230 923 1405 978 neque
1431 906 1486 960 in
1510 919 1737 960 numero
1764 905 1997 958 tiliorum

427 1005 549 1074 ejus
580 1011 987 1074 computantur,
1027 1011 1271 1057 avertere
1315 1017 1395 1063 se,
1449 1015 1512 1054 ac
1544 1008 1694 1069 terga
1739 999 1810 1054 iis
1843 1013 1998 1052 mon-

427 1106 624 1160 strare,
653 1094 1111 1166 quemadmodum
1150 1092 1320 1164 Moysi
1353 1092 1487 1147 dixit
1515 1111 1527 1146 :
1569 1089 1775 1145 Videbis
1820 1100 1991 1159 poste~

427 1190 572 1244 riora
601 1205 738 1253 mea,
771 1188 971 1242 vultum
1014 1171 1188 1240 autem
1235 1202 1403 1238 meum
1453 1200 1782 1254 nequaquam
1829 1184 1997 1251 inspi-

427 1283 531 1336 eies
560 1281 638 1348 δ’,
672 1292 730 1337 ιιι
762 1297 830 1337 ne
858 1282 912 1336 in
943 1280 1174 1336 similem
1218 1293 1405 1332 casum
1466 1275 1670 1331 incidat
1703 1275 1750 1330 is
1789 1275 1856 1330 de
1887 1289 1997 1345 quo

423 1375 536 1443 jam
573 1390 776 1436 sermo.
822 1375 906 1430 bis
941 1375 1121 1430 verbis
1155 1371 1424 1443 snpplicat
1465 1369 1828 1438 obsecratque
1861 1387 1873 1420 :
1915 1364 1997 1420 Ne

428 1475 634 1522 avertas
681 1467 868 1536 facient
899 1475 1045 1520 tuam
1086 1482 1117 1518 a
1163 1477 1292 1518 me:
1334 1478 1396 1516 ne
1451 1461 1680 1514 declines
1737 1460 1792 1512 in
1843 1462 1926 1511 ira
1961 1475 1993 1511 α

425 1574 574 1614 servo
610 1568 719 1612 tuo.
750 1557 978 1627 Adjutor
999 1572 1141 1610 meus
1178 1565 1311 1619 esto,
1345 1570 1408 1607 ne
1449 1551 1671 1621 abjicias
1704 1567 1805 1613 me,
1835 1566 1996 1620 neque

423 1649 636 1705 deseras
685 1667 784 1713 me,
826 1650 968 1704 Deus
1011 1650 1259 1704 Salvator
1307 1663 1472 1702 meus.
1528 1645 1795 1712 Quoniam
1843 1652 1994 1713 pater

426 1759 570 1796 meus
596 1751 646 1796 et
685 1752 854 1796 mater
899 1759 1016 1796 mea
1059 1741 1446 1811 dereliquerunt
1483 1754 1582 1801 me,
1613 1736 1866 1790 Dominus
1897 1751 1994 1788 att-

426 1845 527 1889 tem
551 1836 839 1904 assumpsit
875 1853 978 1890 me.
1008 1833 1087 1890 Ne
1129 1850 1214 1890 me
1257 1847 1472 1888 servum
1503 1841 1680 1893 tuum,
1721 1827 1866 1900 quod
1905 1837 1992 1881 ta-

1173 432 1442 488 nussnu
1477 419 1952 488 CESARIENSIS
1989 402 2139 482 ore.
2179 419 2356 478 mas
2391 415 2476 474 ιιι.
2523 437 2590 450 α-
2629 405 3039 467 exsomnes.

3563 399 3662 454 ΞΗ

2380 532 2521 600 αὕτη
2548 524 2612 579 ἂν
2639 528 2867 596 γένοιτο,
2891 526 2924 596 ἡ
2954 521 3047 574 ἐπὶ
3073 521 3134 573 τὸ
3157 518 3443 590 πρόσωπον
3465 515 3666 581 ἄγουσα

2096 629 2190 684 τοῦ
2213 626 2372 688 Θεοῦ,
2394 624 2468 687 ὡς
2494 617 2832 692 παρεστάναι
2864 612 3012 684 αύτῷ
3039 611 3132 666 καὶ
3157 609 3267 662 τῶν
3297 605 3661 679 μαρμαρυγῶι

2098 721 2195 792 τῆς
2228 714 2392 771 αὐτοῦ
2424 713 2675 782 θεότητος
2704 705 3016 763 ἀπολαύειν.

2170 806 2340 870 Εἰδὼς
2371 805 2448 867 δὲ,
2470 803 2551 856 δτι
2571 800 2833 862 πολλάκις
2859 799 2886 850 ὁ
2909 795 3042 858 Θεδς
3070 793 3177 848 ἀπὸ
3203 791 3311 845 τῶν
3343 793 3417 862 μὴ
3438 788 3649 863 χωρούν

2095 917 2202 954 των
2217 898 2278 950 τὸ
2290 894 2454 950 αὑτοῦ
2469 894 2756 966 πρόσωπον
2775 889 2908 961 μηδὲ
2924 886 3079 952 ἐξιων
3095 885 3220 957 (sic)
3237 883 3318 956 [ἐξ
3330 882 3482 953 υἱῶν]
3499 881 3664 935 αὐτοῦ

2095 993 2284 1054 ὄντων,
2324 988 2658 1059 ἀποστρέφει
2693 984 2903 1046 ἑαυτὸν,
2936 981 3006 1035 τά
3036 979 3180 1034 νῶτα
3211 976 3400 1033 ἑαυτοῦ
3429 977 3664 1038 δεικνὺς,

2096 1083 2284 1156 ὥσπερ
2315 1079 2410 1135 οὖν
2435 1080 2514 1151 τῷ
2546 1081 2772 1133 Μωῦσεῖ
2799 1076 3001 1145 ἔλεγεν·
3037 1076 3201 1142 Ὄψει
3227 1070 3298 1125 τὰ
3320 1071 3510 1124 ὀπίσω
3521 1085 3662 1156 you,

2095 1173 2162 1228 τὸ
2191 1154 2262 1227 δὲ
2287 1170 2612 1240 πρόσωπόν
2632 1186 2752 1238 μου
2787 1169 2900 1220 οὐκ
2935 1163 3261 1235 ὀφθήσεταί
3305 1177 3422 1215 σοι·
3465 1159 3530 1212 ἶν’
3571 1154 3664 1211 οὖν

2100 1266 2174 1336 μὴ
2201 1264 2358 1318 τοῦτο
2389 1261 2553 1316 πάθοι
2589 1261 2618 1312 δ
2651 1259 2740 1314 διὰ
2778 1258 2886 1310 τῶν
2917 1253 3289 1328 προκειμένων
3315 1251 3660 1323 δηλούμενος,

2097 1355 2327 1410 ἱκετεύει
2376 1355 2470 1408 καὶ
2526 1352 2700 1406 δέεται
2749 1349 2956 1418 λέγων·
3007 1346 3104 1414 Μὴ
3151 1342 3540 1412 ἁποστρέψῃς
3593 1341 3663 1395 τὸ

2095 1447 2418 1516 πρόσωπόν
2453 1461 2570 1500 σου
2615 1445 2719 1498 ἀπ’
2765 1441 2940 1511 ἐμοῦ·
2971 1438 3057 1508 μὴ
3091 1437 3380 1503 ἐκκλίνῃς
3409 1436 3480 1488 ὲν
3515 1432 3660 1504 ὀργῇ

2094 1538 2211 1594 ἀπὸ
2243 1536 2350 1591 τοῦ
2381 1537 2606 1590 δούλου
2633 1549 2767 1588 σου.
2791 1531 3016 1598 Βοηθός
3037 1545 3155 1598 μου
3182 1526 3381 1598 γενοῦ,
3409 1525 3494 1596 μὴ
3517 1525 3662 1578 ἀπο·-

2094 1628 2465 1696 σκορακίσῃς
2503 1643 2600 1695 με,
2648 1623 2743 1678 καὶ
2779 1620 2858 1690 μὴ
2887 1618 3288 1689 ἐγκαταλίπῃς
3309 1633 3404 1686 με,
3454 1616 3486 1669 ό
3518 1613 3662 1680 Θεὸς

2094 1723 2127 1773 ό
2157 1717 2358 1787 Σωτήρ
2384 1735 2523 1788 μου.
2556 1717 2675 1770 Ὅτι
2704 1719 2736 1768 ό
2759 1712 2952 1781 πατήρ
2971 1728 3090 1782 μου
3115 1710 3211 1764 καὶ
3243 1710 3281 1776 ἡ
3305 1706 3500 1777 μήτηρ
3541 1724 3661 1775 μου

2091 1811 2442 1880 ἐγκατέλιπέ
2472 1827 2569 1880 με·
2616 1811 2648 1862 ό
2689 1807 2757 1860 δὲ
2801 1807 3015 1874 Κύριος
3061 1798 3465 1870 προσελάϐετό
3517 1815 3657 1868 μου.

425 1925 497 1979 lia
525 1941 816 1996 aggressus
846 1926 972 1987 sim.
1002 1924 1294 1980 averseris.
1337 1921 1521 1992 Neque
1559 1921 1703 1976 enim
1739 1920 1863 1975 licet
1897 1919 1986 1973 bo‘

2095 1904 2208 1976 Μὴ,
2238 1905 2320 1957 ὅτι
2348 1902 2571 1956 τοιαῦτα
2596 1901 2921 1972 τετόλμηκα,
2953 1895 3310 1967 ἀποστράφῃς
3341 1910 3405 1964 με
3427 1891 3517 1944 τὸν
3541 1889 3662 1944 δοῦ-

424 2017 556 2072 mini
580 2032 742 2073 carne
765 2017 954 2071 induto
971 2015 1283 2086 huiusmodi
1304 2013 1670 2085 dignationem
1692 2011 1989 2084 attingere;

425 2125 593 2181 quare
620 2108 788 2181 Moysi
815 2109 1037 2164 dicebas
1070 2126 1084 2162 :
1124 2105 1294 2162 Nemo
1320 2103 1510 2160 videbit
1555 2104 1757 2159 vultum
1797 2119 1990 2166 meum,

423 2209 474 2256 et
505 2201 636 2256 vivet
664 2199 730 2255 ⁸⁸.
780 2197 966 2270 Neque
995 2199 1140 2254 enim
1187 2196 1404 2252 mortali
1433 2195 1560 2251 vitae
1603 2194 1653 2248 id
1686 2201 1993 2262 competere

425 2292 588 2357 valet,
636 2299 696 2347 ut
729 2293 939 2349 vultum
971 2290 1375 2361 contempletur
1415 2297 1591 2344 tuum.
1626 2285 1990 2353 Quamobrem

422 2381 637 2444 κάλπιον
670 2393 814 2430 meus
853 2389 999 2440 esto,
1033 2387 1090 2432 ut
1121 2378 1390 2447 postulata
1425 2394 1749 2450 consequar.
1783 2378 1868 2434 Ne
1892 2382 1990 2433 ab-

411 2469 573 2537 jicios
613 2486 714 2532 me,
763 2485 860 2538 pro
901 2485 1009 2539 quo
1052 2470 1446 2542 Symmachus,
1488 2469 1570 2526 Ne
1615 2473 1824 2542 rejieias
1872 2489 1987 2537 me;

419 2558 616 2626 Aquila
652 2574 800 2625 vero,
836 2558 920 2614 Ne
949 2559 1156 2616 deseras
1180 2578 1282 2629 me,
1313 2562 1500 2617 edidit.
1525 2561 1730 2618 Deinde
1755 2563 1939 2632 adjicit
1971 2584 1985 2620 :

423 2651 605 2723 Neque
631 2654 843 2710 deseras
875 2671 975 2722 me,
1008 2654 1150 2708 Deus
1178 2652 1428 2709 Salvator
1459 2667 1625 2706 meus.
1657 2649 1735 2706 Te
1756 2665 1991 2720 namque

421 2744 798 2814 patrocinante
831 2759 896 2800 ac
935 2743 1215 2800 dexteram
1249 2744 1584 2814 porrigente,
1627 2757 1753 2812 spes
1791 2755 1874 2798 est
1901 2759 1988 2798 me

422 2834 560 2888 bona
602 2834 786 2889 omnia
818 2843 1269 2890 consecuturum.
1298 2831 1439 2899 Quia
1471 2832 1656 2888 nullus
1685 2833 1826 2888 alius
1855 2833 1988 2887 mihi

419 2925 636 2995 adjutor
666 2926 822 2982 adest
853 2947 866 2982 :
898 2941 1074 2997 neque
1109 2926 1253 2981 enim
1281 2925 1463 2995 aliqua
1499 2924 1704 2979 arctior
1743 2923 1991 2978 charior-

418 3031 546 3086 que,
572 3032 737 3088 quam
786 3019 959 3090 patris
1010 3029 1065 3074 et
1119 3020 1335 3083 matris,
1383 3018 1734 3073 necessitudo
1781 3016 1987 3084 fuerit;

419 3108 524 3178 ipsi
552 3123 683 3164 vero
711 3108 1118 3179 dereliquerunt
1151 3123 1258 3173 me,
1298 3106 1425 3178 quia
1471 3108 1540 3162 ab
1567 3107 1677 3163 illis
1709 3105 1984 3171 omnibus,

421 3210 477 3254 nt
502 3200 598 3256 tibi
641 3201 745 3257 soli
789 3200 901 3256 Deo
929 3215 1202 3262 vacarem.
1242 3200 1465 3254 recessi.
1501 3198 1681 3265 Quare
1725 3198 1822 3253 tibi
1857 3214 1981 3269 gra-

2092 1999 2182 2052 λόν
2213 2015 2326 2051 σου.
2355 1998 2430 2051 Οὐ
2461 1996 2569 2066 γὰρ
2596 1997 2804 2064 ἐφεῖται
2834 1989 3103 2062 ἀνθρώπῳ
3134 1989 3310 2061 σάρκα
3340 1985 3661 2057 περιϐεϐλη-

2100 2089 2248 2160 μένῳ
2273 2087 2380 2140 τῶν
2405 2085 2658 2140 τοιούτων
2679 2080 2976 2149 ἀξιοῦσθαι·
3006 2081 3084 2134 διὸ
3111 2079 3293 2149 ἔλεγες
3315 2077 3393 2148 τῷ
3416 2079 3654 2131 Μωῦσεῖ·

2095 2180 2304 2246 Οὐδεὶς
2335 2179 2544 2249 ὄψεται
2592 2177 2656 2231 τὸ
2704 2175 3030 2246 πρόσωπόν
3067 2191 3210 2244 μου,
3251 2173 3348 2225 καὶ
3397 2170 3654 2239 ζήσεται.

2104 2272 2377 2326 Ἀδυνατεῖ
2406 2271 2514 2343 γὰρ
2538 2271 2572 2341 ἡ
2597 2267 2764 2340 θνητὴ
2795 2267 2906 2339 ζωὴ
2935 2265 3070 2339 πρὸς
3091 2263 3187 2336 τὴν
3215 2263 3343 2318 θέαν
3368 2263 3460 2316 τοῦ
3489 2280 3656 2334 προσ-

2087 2361 2238 2418 ὠπου
2277 2379 2391 2417 σου·
2426 2362 2506 2416 διὸ
2543 2359 3086 2432 μᾶλλονβοηθόςμον
3117 2359 3300 2414 νενοῦ
3316 2360 3452 2432 πρὸς
3473 2355 3533 2408 τὸ
3564 2371 3658 2410 τυ·

2089 2456 2201 2522 χεῖν
2232 2451 2342 2506 τῶν
2364 2450 2664 2524 ᾑτημὲνων.
2699 2448 2794 2516 Μὴ
2825 2446 3317 2515 ἀποσκορακίσῃς
3331 2461 3426 2515 με·
3453 2445 3568 2500 ἀνθ’
3593 2439 3656 2497 οὗ

2087 2547 2116 2598 ό
2161 2547 2488 2617 Σύμμαχος,
2526 2543 2624 2611 Μὴ
2666 2541 3009 2610 ἀπορῤίψῃς
3053 2556 3160 2609 ys,
3196 2537 3484 2605 ἐξέδωκεν·
3535 2540 3563 2591 ὁ
3597 2537 3654 2590 δὲ

2102 2637 2371 2702 Ἀκύλας·
2408 2637 2504 2706 Μὴ
2557 2635 2744 2704 ἐάσῃς
2777 2651 2872 2704 με.
2931 2631 3042 2687 Εἶτ’
3091 2631 3363 2700 ἐπιλέγει·
3418 2631 3524 2684 Kal
3567 2629 3652 2700 μὴ

2087 2729 2528 2800 ἐγκαταλείπῃς
2553 2745 2650 2797 με,
2681 2730 2713 2781 ό
2748 2725 2892 2792 Θεὸς
2925 2728 2957 2778 ό
2985 2722 3188 2791 Σωτήρ
3220 2741 3357 2794 μου.
3401 2720 3502 2775 Σοῦ
3547 2723 3654 2792 γὰρ

2089 2818 2640 2890 ἀντιλαμϐανομένου,
2695 2817 2786 2870 καὶ
2851 2813 3029 2879 δεξιὰν
3081 2814 3383 2887 ὀρέγοντος,
3439 2813 3654 2866 πάντων

2088 2911 2241 2976 ἐλπὶς
2281 2913 2461 2983 τυχεῖν
2501 2909 2608 2963 τῶν
2640 2907 2879 2978 ἀγαθῶν.
2936 2907 3087 2960 Ἐπεὶ
3128 2906 3314 2977 μηδεὶς
3349 2905 3533 2976 ἕτερός
3564 2921 3650 2974 μοι

2088 3005 2320 3075 πάρεστι
2347 3002 2552 3074 βοηθός·
2585 3002 2693 3054 τῶν
2720 3001 2828 3072 γάρ
2861 3001 2918 3052 ὲν
2947 2997 3252 3071 ἀνθρώποις
3283 2997 3534 3067 ἀναγκῶν
3565 2999 3656 3050 ού-

2085 3097 2194 3162 δεὶς
2212 3097 2278 3152 ἂν
2302 3097 2509 3166 γένοιτο
2529 3094 2732 3168 πατρὸς
2754 3094 2849 3148 καὶ
2877 3094 3080 3165 μητρὸς
3109 3093 3304 3165 μᾶλλον
3329 3091 3648 3164 προσφιλής·

2087 3185 2232 3245 οὗτοι
2260 3191 2318 3244 δὲ
2340 3191 2494 3244 αύτοί
2516 3187 2932 3243 καταλελοίπασί
2957 3205 3021 3258 με
3041 3186 3126 3240 διὰ
3147 3187 3207 3239 τὸ
3235 3186 3449 3240 πάντων
3473 3184 3656 3238 αὐτῶν

418 3291 547 3346 tiam
579 3291 856 3364 proﬁteor,
896 3292 1026 3363 quia
1064 3291 1132 3346 ab
1181 3291 1436 3347 omnibus
1466 3290 1718 3347 desertus
1761 3305 1825 3344 ac
1866 3291 1986 3345 reli-

2091 3280 2590 3353 ἀνακεχωρηκέναι,
2631 3282 2724 3334 καὶ
2767 3281 2850 3333 σοὶ
2902 3279 3046 3350 μόνῳ
3080 3277 3356 3349 σχολάζειν
3398 3277 3474 3348 τῷ
3513 3277 3651 3347 Θεῷ.

417 3391 558 3447 ctus,
595 3384 695 3441 abs
728 3394 779 3441 te
811 3386 928 3442 solo
960 3395 1276 3457 assumptus
1302 3403 1445 3442 sum.

491 3560 654 3618 Vsus.
691 3562 782 3626 11,
819 3563 906 3621 12.
951 3563 1137 3637 Legem
1183 3579 1316 3634 pone
1369 3565 1498 3620 mihi
1537 3568 1590 3620 in
1630 3568 1716 3622 via
1748 3576 1841 3621 tua
1879 3587 1896 3622 :
1933 3577 1988 3625 et

417 3652 580 3724 dirige
615 3669 695 3708 me
727 3653 781 3708 in
810 3655 1052 3708 semitam
1082 3665 1281 3710 rectam
1307 3663 1522 3725 propter
1552 3655 1794 3712 inimicos
1821 3674 1980 3712 meos.

419 3745 504 3800 Ne
555 3745 844 3801 tradideris
923 3763 1005 3801 me
1065 3747 1121 3800 in
1181 3748 1388 3802 animas
1449 3747 1816 3804 tribulantium
1883 3768 1981 3817 me,

413 3836 662 3904 quoniam
745 3838 1146 3904 insurrexerunt
1223 3841 1277 3892 in
1354 3858 1434 3894 me
1514 3851 1667 3896 testes
1777 3843 1982 3914 iniqui,

415 3933 466 3982 et
529 3929 748 3981 mentita
820 3937 898 3982 est
973 3929 1225 4000 iniquitas
1299 3930 1422 3986 sibi.
1493 3929 1629 3986 Cum
1710 3934 1984 3990 multoties

414 4017 483 4073 tle
523 4035 584 4074 se
631 4019 850 4076 divinus
898 4019 1190 4091 Apostolus
1239 4023 1353 4078 hate
1410 4024 1742 4079 declarasset
1793 4040 1858 4080 ac
1900 4026 1984 4081 di-

415 4109 583 4166 xisset
609 4128 622 4166 :
651 4108 804 4164 Nihil
832 4111 972 4165 enim
1005 4112 1176 4165 minus
1216 4112 1296 4181 [ui
1336 4111 1400 4165 ab
1433 4113 1499 4167 iis
1535 4116 1627 4183 qui
1665 4123 1788 4168 sunt
1821 4131 1980 4185 supra

414 4197 627 4250 modum
675 4198 982 4267 apostoli”;
1016 4200 1082 4254 iis
1115 4200 1229 4254 haec
1266 4201 1453 4271 adjicit
1479 4221 1492 4256 :
1523 4199 1647 4256 Non
1689 4203 1828 4274 quod
1864 4207 1983 4274 jam

413 4289 720 4356 acceperim,
755 4300 847 4343 aut
881 4291 997 4360 jam
1031 4293 1292 4362 perfectus
1336 4293 1437 4348 sim
1459 4309 1477 4346 :
1506 4310 1693 4365 sequor
1723 4307 1897 4350 autem
1937 4298 1984 4352 si

411 4398 513 4454 quo
555 4381 709 4437 modo
751 4384 1183 4452 comprehendam
1201 4387 1246 4418 ⁸ο
1277 4402 1294 4440 :
1324 4401 1387 4441 ac
1421 4402 1638 4441 rursum
1681 4389 1849 4443 alibi:
1878 4387 1983 4445 Ca-

412 4473 548 4545 stigo
572 4490 760 4543 corpus
794 4493 983 4540 meum,
1017 4488 1067 4531 et
1093 4479 1146 4531 in
1175 4478 1474 4532 servitutem
1502 4477 1700 4549 redigo,
1758 4495 1820 4533 ne
1849 4480 1986 4549 forte

409 4581 530 4621 cum
553 4567 675 4622 aliis
701 4569 1112 4636 pradicaverim,
1132 4570 1240 4639 ipse
1263 4569 1512 4641 reprobus
1539 4571 1732 4640 eﬂiciar
1749 4571 1816 4623 δι.
1846 4570 1980 4627 Nam

2094 3371 2254 3426 Ὅθεν
2279 3373 2373 3425 καὶ
2399 3372 2557 3442 χάριν
2578 3370 2842 3442 ὁμολογῶ,
2873 3371 2954 3424 ὅτι
2980 3371 3194 3424 πάντων
3223 3369 3424 3442 ἕρημος
3447 3370 3541 3423 καὶ
3566 3386 3656 3422 και

2088 3463 2394 3534 ταλειφθεὶς
2426 3463 2530 3518 ὑπὸ
2558 3463 2650 3516 σοῦ
2683 3462 3077 3534 προσελήφθην.

2159 3555 2578 3626 Νομοθέτησόν
2603 3573 2679 3626 με
2711 3557 2783 3609 ἐν
2814 3555 2889 3624 τῇ
2919 3554 3035 3621 όδῷ
3058 3571 3195 3618 σου,
3226 3553 3323 3608 καὶ
3350 3554 3657 3625 όδήγησόν

2084 3668 2159 3721 με
2182 3651 2252 3704 ἐν
2280 3652 2452 3719 τρίϐῳ
2487 3651 2689 3720 εὐθείᾳ
2735 3650 2913 3706 ἕνεκα
2960 3649 3078 3704 τῶν
3106 3650 3344 3721 ’ἐχθρῶν
3385 3669 3524 3722 you.
3555 3650 3653 3720 Μὴ

2088 3737 2366 3810 παραδῷς
2386 3757 2463 3809 ys
2491 3742 2578 3806 εις
2615 3740 2817 3811 ψυχὰς
2847 3741 3170 3794 θλιϐόντων
3197 3757 3294 3809 ys,
3327 3740 3414 3795 ὅτι
3443 3739 3657 3796 ἐπανέ-

2089 3833 2332 3901 στησάν
2348 3851 2452 3903 μοι
2473 3831 2768 3902 μάρτιιρες
2794 3830 3004 3898 ἄδικοι,
3030 3832 3128 3887 καὶ
3145 3833 3444 3902 ἐψεύσατο
3465 3834 3503 3902 ἠ
3533 3833 3655 3888 ἀδι-

2089 3924 2189 3978 κία
2216 3923 2419 3992 ἑαυτῇ.
2443 3922 2704 3987 Πολλάκις
2734 3940 2797 3977 πε
2809 3925 2859 3994 pl.
2891 3923 3084 3977 ἑαυτοῦ
3117 3925 3146 3976 ὁ
3176 3923 3315 3988 θεῖος
3339 3923 3654 3988 Ἀπόστολος

2088 4015 2306 4082 διδάξας
2339 4016 2435 4070 καὶ
2461 4015 2649 4070 εἰπών·
2683 4016 2874 4070 Οὐδὲν
2902 4015 3010 4085 γὰρ
3040 4015 3338 4084 ὑστέρηκα
3365 4016 3482 4071 τῶν
3505 4018 3654 4085 ὑπὲρ

2087 4109 2230 4163 λίαν
2243 4109 2617 4163 ἀποστόλων·
2642 4108 2848 4172 τούτοις
2868 4109 3039 4180 ἐπῆγε
3064 4107 3254 4178 λέγων·
3284 4111 3403 4180 Οὐχ
3427 4108 3514 4162 ὅτι
3536 4107 3652 4178 ήδη

2088 4201 2311 4257 ἔλαϐον
2338 4202 2376 4270 ἢ
2404 4201 2519 4270 ἤδη
2554 4201 2946 4270 τετελείωμαι·
2975 4199 3162 4254 διώκω
3189 4201 3256 4254 δὲ
3280 4203 3331 4255 si
3360 4201 3455 4255 καὶ
3481 4218 3656 4256 κατα-

2088 4293 2268 4348 λάϐω·
2296 4295 2392 4349 καὶ
2413 4293 2575 4348 πάλιν
2597 4292 2848 4363 ἀλλαχοῦ·
2890 4291 3215 4354 Ὑπωπιὰζω
3233 4309 3353 4361 μου
3378 4291 3442 4345 τὸ
3461 4289 3651 4360 σῶμα,

2089 4387 2185 4440 καὶ
2230 4385 2604 4456 δουλαγωγῶ·
2634 4385 2868 4455 μήπως,
2907 4383 3118 4451 ἄλλοις
3153 4382 3436 4453 κηρύξας,
3474 4384 3655 4448 αὐτὸς

2087 4478 2371 4548 ἀδόκιμος
2387 4477 2662 4548 γένωμαι.
2683 4479 2846 4530 Ὅσον
2867 4476 2963 4548 μὲν
2985 4474 3094 4546 γὰρ
3110 4475 3184 4538 ὼς
3199 4475 3334 4546 πρὸς
3355 4473 3655 4546 ἀνθρώπων

2093 4568 2398 4640 σύγκρισιν,
2439 4567 2652 4640 συνῄδει
2701 4567 2880 4639 ἑαυτῷ
2919 4565 3302 4639 προκεκοφότι,
3348 4566 3441 4621 καὶ
3468 4566 3566 4637 τὴν
3596 4565 3656 4618 ὲν

410 4666 672 4729 quantum
721 4660 788 4716 ad
832 4661 1113 4716 hominum
1166 4665 1633 4732 comparationem
1663 4665 1978 4719 aestimatio—

2090 4660 2390 4733 ἀνθρώποις
2434 4659 2746 4730 τελειότητα
2792 4657 3123 4729 ἀνειληφότι·
3168 4657 3290 4710 ὅσον
3333 4655 3392 4709 δὲ
3441 4655 3534 4708 ἐπὶ
3577 4655 3655 4725 τῷ

409 4766 642 4823 nemque
667 4753 994 4824 pertinebat.
1029 4769 1089 4810 se
1119 4755 1418 4826 profecisse
1450 4772 1512 4812 ac
1541 4757 1832 4811 humanam
1860 4772 1984 4827 per-

410 4841 698 4900 fectionem
745 4847 990 4918 attigisse
1045 4847 1150 4903 sibi
1203 4849 1460 4905 conscius
1508 4859 1662 4915 erat;
1717 4855 1980 4919 quantum

408 4945 590 4992 autem
624 4937 693 4992 ad
718 4937 795 4994 rei
827 4939 1130 5003 veritatem,
1167 4957 1227 4996 se
1271 4941 1328 4996 in
1359 4941 1550 4996 multis
1587 4942 1818 4997 deiicere
1847 4941 1986 4996 scie-

407 5029 524 5092 bat,
571 5030 646 5086 ob
690 5031 854 5102 idque
885 5047 1006 5087 sese
1042 5032 1423 5104 imperfectum
1453 5033 1744 5088 fatebatur.
1781 5032 1982 5088 Eadem

408 5138 635 5191 prorsus
665 5129 866 5187 mente,
897 5123 946 5180 is
978 5123 1071 5193 qui
1104 5125 1159 5180 in
1186 5124 1441 5196 praesenti
1471 5124 1733 5194 loquitur,
1768 5124 1985 5179 videtur

406 5215 540 5270 mihi
573 5215 787 5272 debitas
815 5214 926 5272 Deo
971 5215 1040 5272 de
1083 5217 1374 5290 praeteritis
1403 5217 1564 5272 bonis
1591 5217 1799 5288 gratias
1825 5223 1978 5271 retu-

406 5307 556 5371 l'.sse,
589 5322 676 5368 ac.
707 5315 890 5379 utpote
914 5309 1096 5371 homo,
1124 5309 1457 5365 inﬁrmitatis
1482 5309 1736 5364 humanae
1767 5309 1979 5380 lapsum

406 5399 720 5470 suspicatus
744 5414 888 5457 esse.
921 5398 1261 5472 QuaprOpter
1305 5401 1374 5456 de
1409 5399 1594 5457 futuro
1620 5400 1788 5458 Deum
1820 5415 1984 5470 roga-

407 5489 520 5552 bat,
554 5497 616 5544 ut
648 5491 766 5562 ipse
798 5490 900 5548 sibi
929 5491 1208 5563 legislator
1239 5501 1404 5548 esset.
1429 5491 1614 5564 Neque
1645 5493 1789 5549 enim
1823 5491 1976 5554 mibi,

407 5582 605 5653 inquit,
639 5592 767 5640 sunt
799 5585 992 5657 legalia
1038 5585 1240 5659 Moysis
1291 5587 1445 5642 satis.
1480 5585 1592 5642 Lex
1618 5586 1818 5658 quippe
1864 5585 1976 5650 illa,

409 5691 516 5732 non
550 5676 740 5747 justus,
774 5679 870 5736 sed
917 5679 1118 5751 iniquis
1161 5685 1216 5734 et
1256 5677 1760 5750 inobsequentibus,
1799 5677 1979 5748 impiis

2085 4751 2292 4823 ἀληθεῖ,
2323 4753 2382 4806 ὲν
2404 4751 2617 4815 πολλοῖς
2639 4750 2846 4804 ἑαυτῶν
2879 4751 3123 4821 ὑστερεῖν
3152 4748 3466 4818 ἐγίνωσκε-ι,
3490 4746 3655 4817 ἀτελῆ

2082 4861 2142 4897 τε
2181 4840 2320 4898 εἶναι
2351 4843 2540 4898 ἑαυτὸν
2565 4843 2652 4898 διά
2681 4841 2825 4895 τοῦθ’
2853 4840 3137 4912 ὡμολόγει.
3169 4840 3353 4911 Ταύτῃ
3389 4858 3477 4911 μαι
3509 4839 3656 4893 δοκεῖ

2087 4939 2154 5008 τῇ
2183 4935 2393 5007 διανοίᾳ
2420 4936 2514 4990 καὶ
2549 4937 2577 4988 ὀ
2611 4936 2680 4988 τά
2711 4933 3045 5007 προκείμενα
3083 4930 3364 4999 διεξελθὼν
3396 4932 3522 5005 περὶ
3556 4933 3655 5004 μὲν

2081 5027 2192 5081 τῶν
2226 5027 2630 5099 παρῳχηκότων
2667 5026 2765 5097 τὴν
2793 5027 3111 5096 πρέπουσαν
3137 5025 3486 5097 εὐχαριστίαν
3515 5027 3654 5080 ἀποι

2082 5120 2374 5174 δεδωκέναι
2404 5119 2481 5190 τῷ
2507 5119 2646 5190 Θεῷ,
2675 5113 2764 5172 οἷα
2793 5118 2850 5172 δὲ
2892 5117 3175 5190 ἄνθρωπος
3201 5118 3291 5172 τὸν
3319 5117 3527 5171 ὄλισθον
3557 5120 3656 5188 τῆς

2084 5215 2432 5288 ἀνθρωπίνης
2459 5212 2741 5277 ἀσθενείας
2769 5211 3093 5284 ὑφορᾶσθαι.
3129 5211 3222 5266 Διὸ
3249 5212 3379 5284 περὶ
3405 5209 3498 5264 τοῦ
3533 5210 3660 5281 μέλα

2083 5307 2267 5370 λοντος
2293 5306 2488 5380 χρόνου
2523 5303 2821 5376 παρεκάλει
2842 5303 2933 5356 τὸν
2960 5303 3113 5366 Θεὸν,
3140 5303 3288 5367 ὅπως
3316 5301 3478 5366 αὐτὸς
3510 5301 3660 5372 αὐτῷ

2084 5399 2295 5468 γένοιτο
2329 5397 2646 5468 νομοθέτης.
2692 5396 2764 5450 Ού
2811 5395 2919 5467 γὰρ
2961 5395 3202 5467 ἀπαρκεῖ
3245 5413 3357 5466 μοι,
3403 5396 3556 5466 φησι,
3591 5393 3661 5448 τά

2087 5492 2239 5564 παρά
2279 5493 2504 5546 Μωῦσεῖ
2542 5489 2766 5561 νόμιμα·
2799 5488 3031 5551 δικαίοις
3061 5489 3230 5562 γὰροό
3257 5488 3420 5558 νόμος
3453 5490 3660 5552 ἐκεῖνος

2086 5583 2148 5642 οὐ
2171 5581 2577 5654 νενομοθέτητο,
2598 5580 2710 5635 ἀλλ’
2741 5581 2960 5653 ἀνόμοις
2981 5581 3076 5634 καὶ
3101 5580 3509 5644 ἀνυποτάκτοις,
3538 5581 3659 5634 ἀσε-

2089 5672 2207 5727 ϐέσι
2232 5673 2320 5726 καὶ
2355 5670 2696 5744 ἁμαρτωλοῖς
2721 5671 2814 5724 καὶ
2837 5673 2948 5734 τοῖς
2972 5669 3393 5742 παραπλησίοις.
3431 5669 3652 5732 Τούτοις

480 5834 524 5866 δ’
564 5833 733 5891 ﬁxo-.3.
769 5843 959 5903 xxii",
994 5837 1083 5894 23.
1158 5837 1202 5869 ⁸⁸
1242 5835 1372 5891 ibid.
1452 5837 1491 5868 δ’
1533 5834 1579 5890 ll
1607 5835 1730 5890 Cor.
1767 5850 1862 5902 xu,
1901 5833 1985 5887 ll.
2065 5833 2108 5864 ⁵ο
2150 5831 2378 5903 Philipp.
2419 5846 2499 5896 ιιι,
2535 5829 2616 5883 12.
2695 5829 2734 5860 ⁸¹
2779 5827 2954 5882 lCor.
2990 5841 3067 5894 ix,
3094 5823 3185 5880 Q7.
