4122 6454
417 352 525 410 ειδ

1578 349 2082 407 COMMENTABIA
2118 352 2186 406 ΙΝ
2223 347 2562 406 PSALMOS.

3563 343 3670 401 256

417 467 527 540 γάρ
566 469 595 520 6
631 465 869 536 Μωῦσῆς
902 463 1230 535 ἐνομοθέτει,
1263 463 1402 518 κατὰ
1429 464 1527 534 τὴν
1561 465 1993 538 σκληροκαρδίαν

2095 477 2149 524 et
2179 467 2553 538 peccatoribus
2580 463 2756 535 iisque
2786 463 3060 520 similibus
3089 465 3213 520 data
3234 471 3341 523 est.
3367 464 3491 522 Istis
3513 471 3672 540 quip—

412 559 595 615 αὐτῶν
642 558 1073 629 διαταττόμενος.
1122 557 1262 626 Ἐγὼ
1302 558 1379 622 δὲ,
1423 559 1606 628 φησὶν,
1641 559 1702 611 οὐ
1731 562 1796 630 τῇ
1827 561 1994 614 Μωῦ-

416 654 555 716 τέως
595 649 881 722 νομοθεσίᾳ
927 647 1273 719 ὑποϐέϐληκα
1318 651 1570 720 ἐμαυτόν.
1615 649 1705 703 Διδ
1743 650 1865 703 οὐδέ
1897 651 1995 722 τὴν

409 745 499 798 διὰ
533 743 688 810 ζώων
712 743 928 813 σφαγῆς
967 743 1154 796 θυσίαν
1184 742 1616 814 ἐπηγγειλάμην,
1648 741 1783 796 ἀλλὰ
1804 742 1994 798 θυσίαν

411 835 753 908 ἀλαλαγμοῦ,
787 835 1097 907 καινότερον
1141 835 1342 906 τρόπον
1372 835 1404 905 ἣ
1433 835 1574 888 κατὰ
1612 834 1682 888 τὰ
1717 836 1994 900 Μωῦσέως

411 931 638 1001 νόμιμα.
688 927 890 1001 Διόπερ
939 927 1075 994 ἀξιῶ
1109 928 1303 997 καινῆς
1346 927 1666 998 νομοθεσίας
1709 928 1859 998 παρὰ
1899 927 1991 982 σοῦ

411 1024 616 1094 τυχεῖν.
652 1022 824 1086 Αὐτὸς
857 1016 949 1076 οὖν
976 1020 1072 1092 τὴν
1101 1021 1199 1093 σὴν
1229 1021 1346 1074 όδὸν
1381 1020 1643 1087 ἐπίδειξόν
1681 1037 1789 1092 μοι·
1822 1019 1854 1091 ἦ
1878 1020 1993 1090 sed)-

411 1132 611 1178 τισον,
649 1115 790 1170 κατὰ
818 1115 908 1168 τὸν
967 1114 1216 1168 Ἀκύλαν.
1265 1113 1357 1186 Μὴ
1407 1115 1566 1186 μόνον
1612 1114 1668 1167 δὲ
1711 1114 1994 1185 ὑποδείξῃς

416 1207 550 1281 μηδὲ
586 1206 954 1280 νομοθετήσῃς
985 1223 1094 1277 μοι,
1129 1201 1172 1258 ὦ
1209 1205 1399 1276 Κύριε,
1433 1204 1568 1258 ἀλλὰ
1600 1206 1693 1258 καὶ
1727 1205 1991 1275 όδήγησόν

415 1317 484 1369 με
514 1301 572 1352 ἐν
591 1297 761 1369 τρίϐῳ
780 1295 984 1368 εὐθείᾳ,
1011 1295 1148 1368 πρὸς
1171 1295 1231 1348 τὸ
1255 1294 1326 1367 μὴ
1357 1292 1662 1366 προσκόψαι
1686 1291 1821 1363 πρὸς
1843 1290 1989 1344 λίθον

410 1392 502 1446 τὸν
536 1390 670 1444 πόδα
703 1407 825 1461 μου,
860 1387 1069 1442 ἕνεκεν
1099 1387 1221 1440 τῶν
1247 1385 1476 1455 ἐχθρῶν
1501 1401 1642 1455 μου.
1674 1383 1771 1452 Μὴ
1805 1397 1990 1450 παρα-

409 1483 528 1550 δῷς
551 1499 627 1553 με
663 1484 750 1547 είς
793 1479 996 1549 ψυχὰς
1041 1479 1367 1532 θλιϐόντων
1392 1493 1487 1545 με.
1519 1477 1596 1528 Δι’
1629 1473 1837 1544 ὁμαλῆς
1879 1471 1988 1543 γὰρ

407 1580 530 1633 ὁδοῦ
569 1580 662 1632 καὶ
697 1577 980 1650 εἰρηνικῆς
1017 1575 1163 1638 ὅπως
1200 1573 1467 1646 διαγάγῃς
1509 1587 1574 1642 με
1612 1567 1746 1633 ἀξιῶ
1771 1566 1862 1620 τὸν
1888 1565 1988 1635 τῆς

411 1671 558 1742 ζωῆς
594 1687 696 1740 μου
721 1669 931 1741 χρόνον.
963 1667 1037 1720 Οὐ
1075 1665 1185 1738 γὰρ
1222 1664 1379 1736 μόνον
1415 1661 1663 1732 πολέμιοι
1690 1658 1985 1729 τυγχάνου-

412 1779 518 1824 σιν,
554 1760 689 1814 ἀλλὰ
718 1760 810 1812 καὶ
838 1757 1169 1827 συκοφάνται
1197 1755 1370 1810 ἄδικοι
1400 1755 1494 1808 καὶ
1520 1751 1981 1822 ψευδομάρτυρες,

409 1855 504 1907 καὶ
536 1853 710 1906 πάντα
741 1850 812 1904 τά
842 1848 1052 1921 ἐχθρῶν
1095 1847 1444 1920 πράττοντες.
1490 1845 1624 1898 Τότε
1672 1844 1728 1896 δὲ
1771 1841 1987 1914 ἀληθῶς
2019 1828 2062 1882 Β

407 1949 577 2019 ἑαυτῇ
610 1945 856 2016 ψεύδεται
899 1945 932 2014 ἡ
961 1940 1164 2004 ἀδικία,
1193 1941 1322 1993 ὅταν
1371 1937 1445 2009 μὴ
1473 1935 1614 1990 κατὰ
1645 1934 1988 2006 πραγμάτων

413 2041 666 2112 φέρηται,
710 2035 841 2108 μηδὲ
867 2032 1134 2106 κατισχύῃ
1163 2030 1270 2084 τῶν
1303 2025 1950 2100 ψευδομαρτυρουμένων.

482 2127 751 2185 Πιστεύω
778 2124 883 2179 τοῦ
917 2123 1066 2178 ἰδεῖν
1092 2124 1166 2176 τὰ
1197 2121 1388 2192 ἀγαθὰ
1410 2120 1631 2188 Κυρίου
1653 2119 1723 2172 ἐν
1742 2117 1820 2188 γῇ
1850 2115 1988 2178 ζών-

411 2231 548 2270 των.
589 2215 816 2286 Μήποτε
847 2212 903 2266 δὲ
945 2211 1038 2265 καὶ
1082 2210 1174 2264 ἐπὶ
1213 2211 1311 2283 τὴν
1337 2208 1595 2280 ἀνωτέρω
1621 2209 1834 2281 αἴτησιν
1857 2209 1988 2260 ἀνα-

415 2309 640 2381 πέμπει·
669 2306 852 2377 άγαθὰ
873 2306 1078 2378 Κυρίου
1116 2305 1290 2374 λέγων
1321 2303 1380 2357 τὸ
1414 2303 1670 2375 ἀνωτέρω
1702 2303 1988 2374 εἰρημένον

414 2402 704 2475 πρόσωπον
753 2399 938 2464 αὐτοῦ,
990 2397 1120 2471 περὶ
1165 2393 1225 2452 οὗ
1273 2397 1498 2467 ἔφασκεο
1549 2395 1620 2449 Τὸ
1666 2396 1992 2464 πρόσωπόν

412 2511 551 2560 σου,
587 2494 782 2561 Κύριε,
829 2490 1084 2559 ζητήσω.
1121 2487 1218 2558 Μὴ
1252 2487 1645 2556 ἀποστρέψῃς
1672 2487 1738 2540 τὸ
1761 2487 1992 2555 πρόσω-

413 2587 531 2638 πόν
559 2601 672 2638 σου
716 2583 816 2636 ἀπ’
849 2580 1017 2652 ἐμοῦ.
1058 2581 1149 2634 Διὸ
1183 2579 1326 2634 κατὰ
1362 2579 1454 2633 τὸν
1497 2577 1726 2632 Ἀκύλαν
1755 2577 1992 2649 εἴρηταισ

425 2678 791 2731 Ἐπίστευσα
817 2674 923 2728 τοῦ
967 2673 1116 2728 ἰδεῖν
1151 2674 1221 2727 ἐν
1252 2668 1450 2742 ἀγαθῷ
1486 2670 1729 2742 Κυρίουο
1761 2670 1898 2726 κατὰ
1933 2671 1991 2725 δὲ

413 2769 504 2824 τὸν
529 2768 840 2841 Σύμμαχονο
881 2766 1228 2820 Ἐπιστευον
1253 2764 1403 2818 ἰδεῖν
1431 2763 1548 2833 τὴν
1598 2763 1988 2842 ᾀγτιθοσύνην

416 2862 658 2931 Κυρίου.
703 2859 840 2913 Ἀλλ’
869 2858 1136 2929 δψεταίγε
1163 2857 1255 2912 τοῦ
1273 2857 1476 2929 Κυρίου
1501 2857 1561 2909 τὸ
1584 2855 1874 2929 πρόσωπον
1897 2857 1994 2910 καὶ

415 2954 486 3009 τὰ
515 2950 695 3022 άγαθὰ
737 2949 1090 3022 Κυρίου,οὐκ
1135 2949 1194 3002 ἐν
1233 2947 1313 3019 τῷ
1355 2945 1617 3019 περιγείῳ
1659 2947 1829 3017 τόπῳ,
1877 2944 1992 2998 ἀλλ’

414 3045 536 3099 οὐδὲ
567 3047 626 3098 ἐν
667 3042 746 3114 τῷ
783 3042 892 3095 τῶν
927 3041 1136 3112 θνητῶν
1167 3039 1372 3111 χωρίῳ,
1405 3038 1518 3092 ἀλλ’
1546 3039 1605 3090 ἐν
1645 3039 1715 3108 γῇ
1753 3036 1990 3102 ζώντων,

2099 575 2166 631 pe
2197 559 2406 630 Moyses
2429 559 2600 629 legem
2633 557 2860 622 ferebat,
2887 555 2954 610 ad
2986 555 3241 611 duritiem
3274 557 3458 612 cordis
3482 573 3672 614 eorum
3775 571 3780 575 '

2098 649 2583 705 accommodatam.
2617 648 2686 701 At
2713 663 2834 718 ego,
2869 649 3066 718 inquit,
3100 662 3210 701 non
3240 663 3324 702 me
3359 647 3561 719 Moysis
3593 649 3675 704 le-

2096 739 2255 810 gibus
2303 739 2540 794 subdidi.
2587 737 2768 804 Quare
2817 753 2927 794 non
2983 745 3274 793 cruentum
3320 739 3674 807 sacriﬁcium,

2096 828 2190 884 sed
2243 828 2477 884 hostiam
2519 828 2863 898 jubilationis
2904 828 3184 900 pollicitus
3231 844 3374 896 sum,
3424 845 3566 884 novo
3612 844 3677 883 ae

2094 919 2252 989 longe
2297 918 2514 973 diverso
2544 934 2574 971 a
2609 918 2810 991 Moysis
2859 919 3125 989 legalibus
3173 919 3308 976 ritu.
3336 919 3464 976 Ideo
3510 935 3677 975 novas

2095 1013 2192 1066 abs
2218 1019 2270 1066 te
2303 1011 2522 1080 postulo
2553 1011 2717 1080 leges.
2749 1010 2830 1065 Tu
2878 1013 3019 1082 ipse,
3050 1027 3259 1082 quaero,
3291 1012 3433 1066 viam
3487 1020 3677 1068 osten-

2093 1099 2193 1158 das
2226 1105 2392 1170 mihi;
2419 1111 2513 1157 aut
2545 1103 2811 1167 illumina,
2851 1104 3152 1159 secundum
3184 1105 3456 1176 Aquilam.
3492 1103 3680 1174 Neqtie

2093 1197 2270 1250 solum
2305 1195 2565 1252 ostendas
2605 1209 2670 1248 ac
2697 1195 2868 1265 legem
2902 1211 3076 1265 ponas
3108 1197 3266 1262 mihi,
3296 1196 3544 1258 Domine.
3579 1197 3673 1252 sed

2091 1291 2253 1346 etiam
2284 1291 2454 1362 dirige
2486 1307 2570 1345 me
2607 1291 2659 1344 iu
2695 1291 2887 1345 semita
2919 1297 3091 1354 recta,
3128 1299 3186 1346 ut
3217 1307 3284 1346 ne
3311 1290 3676 1346 oﬂendamad

2091 1386 2322 1458 lapidem
2355 1385 2488 1457 pede
2521 1401 2662 1449 meo,
2693 1395 2902 1456 propter
2929 1385 3170 1440 inimicos
3199 1403 3338 1440 meos
3365 1403 3382 1440 :
3415 1403 3477 1442 ne
3503 1389 3676 1441 tradi-

2089 1478 2228 1531 deris
2276 1494 2354 1531 me
2385 1479 2440 1531 in
2469 1478 2678 1531 animas
2711 1476 3078 1530 tribulantium
3097 1495 3196 1532 me.
3231 1476 3334 1532 Per
3362 1469 3578 1548 planam
3610 1495 3675 1533 ac

2088 1571 2368 1640 paciﬁcam
2396 1570 2536 1625 viam
2573 1585 2659 1624 me
2703 1578 2948 1640 tempore
2975 1570 3100 1624 vita:
3129 1585 3263 1625 mea:
3304 1570 3546 1626 deducas
3577 1587 3675 1642 po-

2087 1661 2252 1717 stulo.
2280 1659 2398 1716 Non
2429 1661 2604 1716 solum
2634 1662 2778 1716 enim
2815 1661 3044 1720 inimici.
3067 1661 3161 1717 sed
3190 1661 3352 1716 etiam
3387 1663 3557 1733 iniqui
3586 1680 3678 1734 sy-

2085 1755 2372 1826 cophantae
2416 1761 2469 1809 et
2518 1754 2640 1810 falsi
2676 1761 2844 1809 testes
2872 1755 3102 1820 instant,
3136 1753 3438 1823 quiomnia
3482 1753 3667 1810 hostili

2087 1863 2237 1902 more
2270 1863 2481 1902 mecum
2516 1857 2704 1918 agunt.
2733 1846 2889 1902 Tunc
2919 1862 3085 1918 porro
3121 1847 3224 1902 sibi
3257 1863 3384 1902 vere
3411 1849 3677 1902 mentitur

2088 1939 2370 2008 iniquitas,
2403 1938 2624 2009 quando
2657 1953 2748 1993 res
2783 1938 2884 2008 ipsi
2931 1954 3043 1994 non
3087 1939 3225 1995 bene
3248 1938 3467 2004 cedunt,
3495 1954 3675 2010 neque

2089 2029 2226 2086 falsa
2258 2031 2574 2086 testimonia
2605 2032 2926 2102 praevalent.

2161 2121 2327 2178 Vens.
2362 2123 2452 2178 15.
2494 2121 2663 2178 Credo
2694 2123 2866 2178 videre
2905 2121 3041 2177 bona
3073 2121 3288 2177 Domini
3321 2123 3376 2177 in
3418 2132 3559 2178 terra
3598 2123 3676 2178 vi-

2089 2216 2338 2271 ventium.
2373 2213 2513 2270 Num
2559 2215 2626 2270 ad
2658 2215 2996 2287 superiorem
3030 2215 3452 2286 postulationem
3485 2215 3675 2276 remit-

2088 2310 2175 2373 tit,
2208 2323 2270 2364 ac
2317 2309 2459 2363 bona
2509 2306 2722 2362 Domini
2767 2309 2971 2364 voeitat
3001 2309 3210 2363 vultum
3255 2306 3473 2363 Domini
3505 2322 3673 2380 supra

2091 2406 2471 2462 memoratum,
2506 2399 2574 2454 de
2621 2414 2730 2470 quo
2782 2399 2902 2453 ait:
2949 2398 3162 2454 Vultum
3206 2409 3391 2464 tuum,
3425 2398 3670 2464 Domine.

2091 2491 2374 2562 requiram.
2405 2487 2488 2544 Ne
2512 2499 2720 2544 avertas
2752 2491 2942 2560 facient
2973 2500 3119 2544 tuam
3143 2507 3176 2545 a
3207 2489 3328 2544 nte?
3364 2488 3549 2563 Quare
3585 2507 3674 2546 se-

2089 2583 2328 2638 cundum
2377 2581 2628 2652 Aquilam
2677 2580 2921 2636 dicitur:
2955 2579 3169 2636 Credidi
3225 2597 3306 2638 me
3355 2582 3676 2639 visurum-in

2091 2669 2223 2725 bono
2251 2669 2503 2734 Domini;
2534 2670 2833 2726 secundum
2859 2686 2989 2725 vero
3021 2669 3409 2742 Symmachum
3440 2690 3452 2726 :
3483 2671 3676 2726 Crede.

2092 2761 2213 2818 bam
2243 2763 2414 2818 videre
2461 2763 2746 2818 bonitatem
2799 2764 3030 2819 Domini.
3068 2762 3174 2818 Sed
3217 2764 3423 2819 videbit
3455 2763 3672 2822 Domini

2098 2871 2306 2923 vultum
2349 2877 2404 2923 et
2437 2867 2577 2922 bona
2622 2866 2869 2931 Domini,
2897 2881 3006 2921 non
3053 2865 3108 2919 in
3145 2874 3358 2923 terreno
3385 2865 3538 2928 loco,
3570 2863 3666 2919 sed

2099 2974 2275 3030 neque
2316 2959 2370 3012 in
2411 2969 2751 3014 mortuorum
2786 2959 3022 3029 regione,
3057 2957 3152 3012 sed
3195 2958 3250 3012 in
3291 2967 3435 3012 terra
3478 2958 3665 3012 viven-

2095 3051 2233 3106 tium
2263 3089 2279 3114 ,
2329 3065 2492 3119 quam
2540 3051 2815 3120 pollicitus
2871 3059 2954 3107 est
3005 3044 3254 3106 Salvator
3300 3049 3385 3105 his
3437 3049 3663 3111 verbis;

414 3139 482 3207 ἢν
518 3137 612 3191 καὶ
659 3137 688 3188 6
729 3134 918 3207 Σωτὴρ
961 3131 1320 3204 ἐπηγγείλατο
1362 3129 1552 3200 λέγων’
1609 3128 1896 3198 Μακάριοι
1936 3133 1990 3184 οἱ

2097 3141 2248 3196 Beati
2278 3143 2452 3208 mites,
2485 3142 2732 3212 quoniam
2764 3143 2863 3214 ipsi
2891 3142 3228 3210 possidebunt
3259 3150 3453 3196 terram
3474 3141 3543 3200 ⁸².

419 3228 642 3298 πραεῖς,
672 3227 762 3280 ὅτι
793 3225 960 3279 αὐτοὶ
994 3221 1526 3293 κληρονομήσουσι
1557 3219 1671 3289 τὴν
1693 3218 1826 3291 γῆν.

959 3337 1046 3390 Ta
1085 3335 1285 3388 ΔΑΥΙΔ
1318 3335 1443 3390 ΚΖ’.

489 3433 644 3500 Πρὸς
691 3429 786 3496 σὲ,
816 3431 1011 3498 Κύριε,
1042 3426 1420 3496 κεκράξομαι,
1466 3429 1498 3480 d
1547 3426 1692 3491 Θεός
1729 3441 1868 3494 μου,
1903 3420 1990 3492 μὴ

421 3519 894 3591 παρασιωπήσῃς
923 3521 1023 3572 ἀπ’
1053 3516 1220 3586 ἐμοῦ,
1253 3515 1486 3587 μήποτε
1518 3513 1993 3585 παρασιωπιξσῃς

419 3612 510 3664 ἐπ’
545 3611 694 3680 ἐμοὶ,
740 3609 838 3663 καὶ
884 3605 1318 3678 ὀμοιωθήσομαι
1364 3604 1486 3670 τοῖς
1526 3603 1994 3659 καταϐαίνουσιν

421 3706 506 3770 εἰς
531 3701 778 3758 λάκκον.
811 3701 924 3755 Οὐκ
958 3696 1370 3768 ἐπιλελησμένοι
1398 3695 1508 3748 τῶν
1536 3693 1841 3766 ἔμπροσθεν
1863 3696 1992 3764 ἡμῖν

421 3793 757 3865 λελεγμένων
801 3791 930 3863 περὶ
965 3789 1072 3842 τῶν
1109 3788 1237 3842 ἄνευ
1279 3785 1422 3850 τινὸς
1463 3786 1780 3858 προσθήκης
1807 3787 1994 3854 ἐπιγε‹

421 3884 754 3958 γραμμένων
783 3879 862 3948 τῷ
909 3879 1108 3945 Δαυῒδ,
1156 3878 1326 3950 ἢτοῦ
1369 3876 1570 3940 Δαυῒδ,
1617 3875 1993 3948 προσθήσομεν

421 3978 646 4040 ἐκείνοις
691 3977 784 4029 ἐπὶ
824 3973 918 4028 τοῦ
964 3971 1228 4044 παρόντος
1275 3970 1372 4041 τὴν
1419 3971 1499 4033 είς
1541 3970 1690 4040 ἡμᾶς
1734 3967 1992 4022 ἐλθοῦσαν

423 4068 736 4140 παράδοσιν.
783 4066 919 4120 Φασὶ
965 4064 1144 4117 τοίνυν
1204 4060 1472 4133 Ἐϐραίων
1515 4059 1702 4124 παῖδες
1744 4059 1838 4112 ἐπὶ
1885 4058 1992 4111 τῶν

420 4161 672 4232 τοιαύτην
703 4159 934 4229 ἐχόντων
960 4156 1198 4227 γραφὴν,
1239 4155 1350 4208 δεῖν
1388 4152 1703 4224 ἀνατρέχειν
1743 4152 1834 4205 ἐπὶ
1867 4150 1991 4213 τοὺς

422 4253 696 4324 ἀνωτέρω,
742 4250 835 4304 καὶ
875 4251 1096 4302 σκοπεῖν
1134 4249 1315 4309 ὁποῖος
1352 4241 1420 4317 ἦν
1461 4247 1488 4298 6
1529 4247 1586 4297 ἐν
1626 4245 1768 4316 ἀρχῇ
1802 4261 1994 4316 προτε-

423 4344 689 4415 ταγμένος
729 4341 941 4413 tanta;
979 4339 1086 4392 τῶν
1131 4338 1266 4409 μετὰ
1311 4335 1503 4400 ταῦτα,
1547 4337 1664 4406 ἦτοι
1713 4335 1992 4400 παντελῶς

421 4435 826 4506 ἁνεπιγρὰτιςων,
858 4435 889 4505 ἦ
917 4431 996 4497 τῷ
1016 4431 1196 4485 Δαυῒδ
1230 4431 1738 4502 ἐπιγεγραμμένων
1772 4431 1865 4484 καὶ
1891 4448 1992 4502 μα-

2555 3331 2683 3390 lPSI
2718 3329 2927 3386 DAVID
2987 3329 3203 3386 XXVII.

2165 3426 2330 3484 Vens.
2367 3428 2419 3494 Ι,
2443 3427 2497 3484 2.
2541 3425 2622 3480 Ad
2657 3435 2725 3490 te,
2749 3424 2990 3488 Domine,
3035 3422 3301 3488 clamabo,
3339 3422 3480 3476 Deus
3507 3439 3668 3487 meus,

2096 3538 2160 3575 ne
2187 3520 2346 3575 sileas
2371 3537 2401 3572 a
2433 3536 2531 3583 me,
2557 3536 2620 3574 ne
2639 3518 2852 3590 quando
2881 3527 3055 3572 taceas
3087 3534 3120 3570 α
3145 3527 3309 3581 me,et
3338 3516 3676 3571 assimilabur

2095 3607 2522 3664 descendentibus
2547 3609 2601 3662 in
2627 3607 2822 3661 lacum.
2859 3606 3057 3661 Eorum
3088 3621 3209 3677 qua:
3255 3605 3507 3674 superius
3536 3604 3676 3660 dixi-

2096 3720 2218 3759 mus
2264 3703 2330 3758 de
2381 3702 2608 3773 psalmis
2629 3701 2722 3772 qui
2763 3701 2881 3756 sine
2907 3699 3281 3755 additamento
3314 3698 3531 3764 Davidi,
3561 3697 3676 3754 sive

2094 3789 2316 3846 Davidis
2358 3789 2754 3855 inscribuntur,
2782 3803 2891 3844 non
2926 3790 3296 3853 immemores,
3326 3789 3433 3844 illis
3464 3790 3517 3842 in
3539 3805 3678 3858 pra:-

2094 3882 2233 3937 senti
2263 3881 2636 3945 traditionem,
2673 3897 2795 3952 qua:
2831 3881 2899 3936 ad
2937 3896 3038 3936 nos
3073 3896 3248 3951 usque
3277 3882 3544 3951 pervenit,
3577 3880 3676 3942 ad-

2089 3974 2469 4047 jiciemus(l).
2503 3974 2593 4029 Sic
2643 3976 2796 4029 aiunt
2839 3975 3023 4045 itaque
3075 3973 3282 4030 Hebraei
3330 3973 3398 4029 de
3448 3975 3674 4045 psalmis

2095 4067 2185 4136 qui
2221 4067 2382 4122 talem
2406 4065 2699 4137 praeferunt
2728 4065 3138 4136 inscriptionem
3162 4107 3176 4129 ,
3207 4075 3460 4137 Oportere
3485 4066 3548 4119 ad
3577 4082 3672 4121 su-

2095 4161 2341 4231 periores
2373 4175 2679 4222 recurrere,
2719 4167 2882 4229 atque
2933 4159 3246 4221 observare.
3273 4160 3496 4230 quinam
3530 4171 3675 4216 esset

2095 4251 2338 4320 psalmus
2369 4251 2462 4322 qui
2494 4251 2711 4323 praeiret
2741 4251 2865 4306 aliis
2888 4251 3377 4322 subsequentibus,
3410 4251 3522 4306 sive
3548 4251 3671 4304 nul-

2095 4343 2201 4397 lam
2243 4358 2470 4413 prorsus
2516 4344 2926 4414 inscriptionem
2972 4342 3292 4408 ferentibus,
3332 4345 3448 4400 sive
3482 4343 3675 4398 Davidi

2093 4434 2372 4502 inscriptis
2389 4475 2402 4498 ,
2428 4445 2588 4506 atque
2610 4447 2830 4506 accepta
2855 4437 3036 4490 abillo
3059 4437 3268 4506 psalmo
3296 4435 3672 4506 inscriptione.

422 4527 605 4589 θόντες
633 4525 691 4590 ἐξ
720 4524 926 4576 ἐκείνου
965 4523 1063 4592 τὴν
1103 4519 1442 4593 προγραφὴν,
1486 4519 1814 4591 ἐφαρμόζειν
1855 4521 1990 4591 αὐτῇ

2097 4530 2424 4585 sententiam
2457 4530 2910 4598 subsequentium
2941 4530 3276 4600 psalmorum
3313 4529 3417 4599 ipsi
3453 4544 3674 4586 accom-

423 4615 646 4669 καὶτῶν
669 4614 805 4686 μετά
825 4613 993 4666 ταῦτα
1016 4611 1372 4682 συνημμένων
1396 4610 1494 4682 τὴν
1517 4609 1774 4667 διάνοιαν.
1811 4611 1866 4663 Ὁ
1894 4612 1992 4682 μὲν

423 4703 514 4763 οὖν
543 4705 679 4777 μετὰ
708 4709 916 4778 χεῖρας,
939 4705 1020 4769 κζ’
1041 4703 1135 4766 ὢν,
1166 4703 1368 4774 ταύτην
1391 4703 1502 4774 ἔχει
1526 4702 1622 4774 τὴν
1649 4703 1991 4776 προγραφὴν,

423 4799 517 4852 καὶ
549 4799 578 4851 6
610 4805 701 4862 κς¹
727 4799 821 4850 καὶ
852 4799 880 4849 6
915 4805 991 4850 κε’
1023 4796 1117 4850 καὶ
1150 4798 1178 4849 6
1207 4795 1313 4848 κδ’·
1345 4795 1457 4848 ἀλλ’
1491 4798 1518 4848 6
1547 4803 1632 4865 κγ’
1656 4796 1895 4866 ψαλμύς
1926 4792 1994 4870 ἦν

426 4887 506 4954 τῷ
527 4888 723 4950 Δαυῖδ,
774 4889 974 4958 ὁμοίως
1012 4888 1066 4941 δὲ
1109 4889 1200 4941 καὶ
1245 4889 1271 4940 6
1315 4887 1417 4941 κδ’.
1467 4887 1676 4940 Οὐκοῦν
1710 4887 1998 4942 ἀκόλουθόν

422 4981 560 5043 ἐστι,
591 4980 732 5033 κατὰ
751 4981 846 5052 τὴν
880 4980 1171 5052 Ἐϐραῖκὴν
1192 4981 1510 5053 παράδοσιν,
1538 4980 1772 5044 καὶτοὺς
1797 4979 1992 5051 ἐφεξῆς

421 5073 630 5137 πάντας
658 5073 906 5144 ψαλμοὺς
930 5070 1068 5127 εἶναι
1099 5075 1518 5145 ὑπολαμϐάνειν,
1553 5074 1650 5138 ὡς,
1693 5073 1831 5128 κατὰ
1872 5072 1991 5126 τοῦ.

421 5179 510 5215 τον
542 5163 633 5215 τὸν
660 5162 838 5231 λόγον,
881 5164 973 5216 καὶ
1018 5164 1108 5217 τὸν
1153 5163 1289 5236 μετὰ
1328 5167 1513 5234 χεῖρας
1561 5163 1807 5234 ἡγεῖσθαι
1857 5160 1990 5217 εἶναι

419 5255 652 5325 ψαλμὸν,
686 5255 1006 5327 περιέχοντα
1043 5255 1244 5327 δέησιν.

491 5346 658 5400 Τοῦτο
695 5347 804 5418 γάρ
846 5347 1172 5418 παρίστησιν
1215 5349 1376 5413 αὐτὸς
1419 5348 1620 5419 προῖὼν
1663 5351 1754 5403 καὶ
1795 5349 1988 5419 λέγων·

417 5438 802 5494 Εξσάκουσον
833 5436 940 5505 τῆς
982 5438 1184 5508 φωνῆς
1228 5439 1338 5508 τῆς
1385 5439 1646 5506 δεήσεως
1673 5460 1790 5512 μου
1819 5442 1889 5496 ἐν
1917 5443 1995 5510 τῷ

492 5596 538 5627 ⁸³
580 5594 768 5650 Matth.
798 5612 850 5661 ν,
887 5597 941 5650 4.

2097 4620 2306 4675 modari
2339 4630 2611 4692 oportere.
2646 4619 2893 4677 Pragsens
2921 4623 3104 4692 itaque
3133 4622 3376 4693 psalmus
3404 4621 3495 4692 qui
3527 4637 3675 4676 xxvn

2096 4717 2202 4773 est,
2237 4709 2395 4765 istaut
2443 4710 2603 4766 habet
2649 4711 3084 4780 inscriptionem,
3139 4712 3450 4782 pariterque
3505 4728 3631 4766 xxvi
3659 4755 3675 4778 ,

2097 4816 2203 4856 xxv
2230 4807 2287 4854 et
2317 4817 2445 4855 xxiv
2478 4821 2490 4856 :
2526 4801 2620 4856 sed
2656 4818 2788 4856 mn
2821 4801 3060 4872 psalmus
3091 4810 3208 4857 erat
3241 4801 3437 4856 Davidi
3483 4803 3679 4858 inscri-

2099 4899 2245 4964 ptus,
2280 4892 2642 4964 similiterque
2669 4911 2809 4959 χχιι,
2840 4895 2982 4950 unde
3019 4894 3321 4950 seeundum
3351 4894 3678 4951 Hebraicam

2098 4982 2444 5037 traditionem
2497 4998 2840 5054 consequens
2886 4991 3001 5049 est,
3054 4985 3293 5055 reliquos
3341 5001 3531 5042 omnes
3579 5001 3678 5056 pro

2098 5075 2325 5146 psalmis
2376 5075 2442 5129 ad
2499 5076 2744 5131 eamdem
2776 5075 3042 5131 raticnem
3080 5075 3410 5146 reputandos
3441 5092 3583 5138 esse.
3616 5091 3679 5130 ac

2102 5176 2422 5238 praesentem
2455 5167 2708 5224 similiter
2736 5170 3005 5240 psalmum
3055 5169 3485 5240 supplicationes
3530 5186 3680 5225 com-

2101 5260 2448 5329 plectentetn.

2172 5353 2310 5407 lllud
2354 5370 2450 5424 per
2497 5371 2556 5410 se
2605 5357 2845 5411 declarat
2879 5358 2959 5412 vel
3001 5356 3116 5424 ipse
3162 5357 3428 5425 psalmus,
3457 5355 3586 5410 dum
3624 5356 3678 5410 in

2102 5446 2456 5516 sequentibus
2487 5448 2567 5502 sic
2598 5448 2758 5503 habet
2786 5467 2800 5504 :
2831 5447 3042 5502 Exaudi
3078 5465 3252 5504 vocem
3297 5448 3680 5518 deprecationis

492 5755 570 5820 (ί)
611 5754 663 5808 lu
685 5755 953 5832 opusculo
977 5753 1236 5828 Origenis
1261 5772 1290 5810 a
1317 5756 1473 5812 nobis
1497 5757 1808 5828 propediem
1833 5757 2063 5829 edendo,
2099 5761 2244 5832 quod
2313 5760 2381 5816 ab
2411 5758 2744 5831 Hieronymo
2781 5759 3054 5824 laudatur.
3096 5759 3209 5815 hac
3251 5758 3368 5829 ipsa
3421 5756 3676 5821 Heilma-

428 5841 543 5877 rum
581 5827 797 5880 traditio
827 5827 1070 5882 all'ertur.
