  <div class='ocr_page' id='page_1' title='image "/cluster/home/n/w/nwhite01/storage/ocr_20150623/23/hvd.32044073501124/131.png"; bbox 0 0 4122 6454; ppageno 0'>
   <div class='ocr_carea' id='block_1_1' title="bbox 419 323 524 378">
    <p class='ocr_par' dir='ltr' id='par_1_1' title="bbox 419 323 524 378">
     <span class='ocr_line' id='line_1_1' title="bbox 419 323 524 378; baseline -0.01 0"><span class='ocrx_word' id='word_1_1' title='bbox 419 323 524 378; x_wconf 67' lang='grc' dir='ltr'><strong><em>ΞΠ</em></strong></span> 
     </span>
    </p>
   </div>
   <div class='ocr_carea' id='block_1_2' title="bbox 1139 313 3015 379">
    <p class='ocr_par' dir='ltr' id='par_1_2' title="bbox 1139 313 3015 379">
     <span class='ocr_line' id='line_1_2' title="bbox 1139 313 3015 379; baseline 0.001 -4"><span class='ocrx_word' id='word_1_2' title='bbox 1139 320 1406 378; x_wconf 80' lang='lat' dir='ltr'><strong>EUSEBII</strong></span> <span class='ocrx_word' id='word_1_3' title='bbox 1443 321 1918 379; x_wconf 66' lang='lat' dir='ltr'><strong>CIESARIENSIS</strong></span> <span class='ocrx_word' id='word_1_4' title='bbox 1957 319 2107 378; x_wconf 81' lang='lat' dir='ltr'><strong>OPP.</strong></span> <span class='ocrx_word' id='word_1_5' title='bbox 2149 316 2326 374; x_wconf 73' lang='lat' dir='ltr'><strong>PARS</strong></span> <span class='ocrx_word' id='word_1_6' title='bbox 2365 313 2455 371; x_wconf 87' lang='grc' dir='ltr'>ιιι.</span> <span class='ocrx_word' id='word_1_7' title='bbox 2500 333 2571 354; x_wconf 48' lang='grc' dir='ltr'>’κ</span> <span class='ocrx_word' id='word_1_8' title='bbox 2610 315 3015 376; x_wconf 78' lang='lat' dir='ltr'><strong>EXEGETICA.</strong></span> 
     </span>
    </p>
   </div>
   <div class='ocr_carea' id='block_1_3' title="bbox 3556 322 3665 378">
    <p class='ocr_par' dir='ltr' id='par_1_3' title="bbox 3556 322 3665 378">
     <span class='ocr_line' id='line_1_3' title="bbox 3556 322 3665 378; baseline 0.018 -2"><span class='ocrx_word' id='word_1_9' title='bbox 3556 322 3665 378; x_wconf 66' lang='grc'><strong>248</strong></span> 
     </span>
    </p>
   </div>
   <div class='ocr_carea' id='block_1_4' title="bbox 417 431 2014 509">
    <p class='ocr_par' dir='ltr' id='par_1_4' title="bbox 417 436 1997 508">
     <span class='ocr_line' id='line_1_4' title="bbox 417 436 1997 508; baseline -0.001 -16"><span class='ocrx_word' id='word_1_10' title='bbox 417 456 544 495; x_wconf 74' lang='lat' dir='ltr'><strong>mete</strong></span> <span class='ocrx_word' id='word_1_11' title='bbox 568 439 694 494; x_wconf 84' lang='lat' dir='ltr'><strong>dum</strong></span> <span class='ocrx_word' id='word_1_12' title='bbox 715 455 810 494; x_wconf 86' lang='lat' dir='ltr'><strong>ore</strong></span> <span class='ocrx_word' id='word_1_13' title='bbox 833 437 901 494; x_wconf 87' lang='lat' dir='ltr'><strong>ad</strong></span> <span class='ocrx_word' id='word_1_14' title='bbox 933 446 1001 493; x_wconf 86' lang='lat' dir='ltr'><strong>te.</strong></span> <span class='ocrx_word' id='word_1_15' title='bbox 1033 436 1208 504; x_wconf 84' lang='lat' dir='ltr'><strong>Quam</strong></span> <span class='ocrx_word' id='word_1_16' title='bbox 1236 454 1370 494; x_wconf 89' lang='lat' dir='ltr'><strong>vero</strong></span> <span class='ocrx_word' id='word_1_17' title='bbox 1397 445 1634 494; x_wconf 89' lang='lat' dir='ltr'><strong>mentem</strong></span> <span class='ocrx_word' id='word_1_18' title='bbox 1659 437 1997 508; x_wconf 87' lang='lat' dir='ltr'><strong>deprecatio-</strong></span> 
     </span>
    </p>
   </div>
   <div class='ocr_carea' id='block_1_5' title="bbox 2098 431 3674 509">
    <p class='ocr_par' dir='ltr' id='par_1_5' title="bbox 2098 431 3674 509">
     <span class='ocr_line' id='line_1_5' title="bbox 2098 431 3674 509; baseline 0.001 -19"><span class='ocrx_word' id='word_1_19' title='bbox 2098 435 2333 492; x_wconf 79' lang='grc' dir='ltr'>δέεσθαι</span> <span class='ocrx_word' id='word_1_20' title='bbox 2357 453 2430 506; x_wconf 78' lang='grc' dir='ltr'><strong>με</strong></span> <span class='ocrx_word' id='word_1_21' title='bbox 2456 431 2609 500; x_wconf 79' lang='grc' dir='ltr'>πρὸς</span> <span class='ocrx_word' id='word_1_22' title='bbox 2629 435 2720 489; x_wconf 91' lang='grc' dir='ltr'><strong>σέ.</strong></span> <span class='ocrx_word' id='word_1_23' title='bbox 2748 435 2879 490; x_wconf 84' lang='grc' dir='ltr'><strong>Τίνα</strong></span> <span class='ocrx_word' id='word_1_24' title='bbox 2906 436 2963 490; x_wconf 79' lang='grc' dir='ltr'>δὲ</span> <span class='ocrx_word' id='word_1_25' title='bbox 2989 435 3230 493; x_wconf 87' lang='grc' dir='ltr'>διάνοιαν</span> <span class='ocrx_word' id='word_1_26' title='bbox 3257 438 3501 509; x_wconf 82' lang='grc' dir='ltr'><strong>περιέχει</strong></span> <span class='ocrx_word' id='word_1_27' title='bbox 3528 443 3558 492; x_wconf 87' lang='lat'><strong>6</strong></span> <span class='ocrx_word' id='word_1_28' title='bbox 3576 441 3674 509; x_wconf 82' lang='grc' dir='ltr'>τῆς</span> 
     </span>
    </p>
   </div>
   <div class='ocr_carea' id='block_1_6' title="bbox 415 531 2002 609">
    <p class='ocr_par' dir='ltr' id='par_1_6' title="bbox 415 531 2002 609">
     <span class='ocr_line' id='line_1_6' title="bbox 415 531 2002 609; baseline -0.003 -21"><span class='ocrx_word' id='word_1_29' title='bbox 415 535 503 590; x_wconf 85' lang='lat' dir='ltr'><strong>nis</strong></span> <span class='ocrx_word' id='word_1_30' title='bbox 528 533 701 590; x_wconf 86' lang='lat' dir='ltr'><strong>series</strong></span> <span class='ocrx_word' id='word_1_31' title='bbox 718 531 1005 609; x_wconf 57' lang='lat' dir='ltr'><strong>praeferat,</strong></span> <span class='ocrx_word' id='word_1_32' title='bbox 1033 547 1130 602; x_wconf 79' lang='lat' dir='ltr'><strong>age</strong></span> <span class='ocrx_word' id='word_1_33' title='bbox 1159 537 1416 588; x_wconf 92' lang='lat' dir='ltr'><strong>accurate</strong></span> <span class='ocrx_word' id='word_1_34' title='bbox 1437 531 1854 601; x_wconf 89' lang='lat' dir='ltr'><strong>perpendamus.</strong></span> <span class='ocrx_word' id='word_1_35' title='bbox 1876 531 2002 584; x_wconf 80' lang='lat' dir='ltr'><strong>Cla-</strong></span> 
     </span>
    </p>
   </div>
   <div class='ocr_carea' id='block_1_7' title="bbox 415 621 2002 694">
    <p class='ocr_par' dir='ltr' id='par_1_7' title="bbox 415 621 2002 694">
     <span class='ocr_line' id='line_1_7' title="bbox 415 621 2002 694; baseline 0 -16"><span class='ocrx_word' id='word_1_36' title='bbox 415 639 565 680; x_wconf 89' lang='lat' dir='ltr'><strong>mare</strong></span> <span class='ocrx_word' id='word_1_37' title='bbox 591 638 652 678; x_wconf 88' lang='lat' dir='ltr'><strong>se</strong></span> <span class='ocrx_word' id='word_1_38' title='bbox 672 622 809 678; x_wconf 92' lang='lat' dir='ltr'><strong>dicit</strong></span> <span class='ocrx_word' id='word_1_39' title='bbox 834 622 901 676; x_wconf 89' lang='lat' dir='ltr'><strong>ad</strong></span> <span class='ocrx_word' id='word_1_40' title='bbox 927 621 1236 690; x_wconf 89' lang='lat' dir='ltr'><strong>Dominum,</strong></span> <span class='ocrx_word' id='word_1_41' title='bbox 1271 629 1436 694; x_wconf 86' lang='lat' dir='ltr'><strong>atque</strong></span> <span class='ocrx_word' id='word_1_42' title='bbox 1459 621 1613 676; x_wconf 91' lang='lat' dir='ltr'><strong>illum</strong></span> <span class='ocrx_word' id='word_1_43' title='bbox 1643 629 1702 675; x_wconf 90' lang='lat' dir='ltr'><strong>ut</strong></span> <span class='ocrx_word' id='word_1_44' title='bbox 1723 621 2002 694; x_wconf 84' lang='lat' dir='ltr'><strong>pr0prium</strong></span> 
     </span>
    </p>
   </div>
   <div class='ocr_carea' id='block_1_8' title="bbox 411 712 2005 784">
    <p class='ocr_par' dir='ltr' id='par_1_8' title="bbox 411 712 2005 784">
     <span class='ocr_line' id='line_1_8' title="bbox 411 712 2005 784; baseline -0.002 -14"><span class='ocrx_word' id='word_1_45' title='bbox 411 716 520 771; x_wconf 85' lang='lat' dir='ltr'><strong>sibi</strong></span> <span class='ocrx_word' id='word_1_46' title='bbox 561 714 731 770; x_wconf 88' lang='lat' dir='ltr'><strong>Deum</strong></span> <span class='ocrx_word' id='word_1_47' title='bbox 759 715 1040 772; x_wconf 82' lang='lat' dir='ltr'><strong>invocare.</strong></span> <span class='ocrx_word' id='word_1_48' title='bbox 1075 713 1158 769; x_wconf 91' lang='lat' dir='ltr'><strong>Tu</strong></span> <span class='ocrx_word' id='word_1_49' title='bbox 1186 712 1356 778; x_wconf 86' lang='lat' dir='ltr'><strong>enim,</strong></span> <span class='ocrx_word' id='word_1_50' title='bbox 1374 712 1472 777; x_wconf 88' lang='lat' dir='ltr'><strong>ait,</strong></span> <span class='ocrx_word' id='word_1_51' title='bbox 1497 712 1756 784; x_wconf 79' lang='lat' dir='ltr'><strong>dignatus</strong></span> <span class='ocrx_word' id='word_1_52' title='bbox 1779 729 1839 769; x_wconf 89' lang='lat' dir='ltr'><strong>es</strong></span> <span class='ocrx_word' id='word_1_53' title='bbox 1869 729 2005 768; x_wconf 89' lang='lat' dir='ltr'><strong>nun-</strong></span> 
     </span>
    </p>
   </div>
   <div class='ocr_carea' id='block_1_9' title="bbox 413 803 2004 876">
    <p class='ocr_par' dir='ltr' id='par_1_9' title="bbox 413 803 2004 876">
     <span class='ocr_line' id='line_1_9' title="bbox 413 803 2004 876; baseline 0 -16"><span class='ocrx_word' id='word_1_54' title='bbox 413 807 603 876; x_wconf 89' lang='lat' dir='ltr'><strong>cupari</strong></span> <span class='ocrx_word' id='word_1_55' title='bbox 652 805 798 864; x_wconf 87' lang='lat' dir='ltr'><strong>Deus</strong></span> <span class='ocrx_word' id='word_1_56' title='bbox 844 821 1021 872; x_wconf 89' lang='lat' dir='ltr'><strong>meus,</strong></span> <span class='ocrx_word' id='word_1_57' title='bbox 1049 813 1108 862; x_wconf 85' lang='lat' dir='ltr'><strong>ut</strong></span> <span class='ocrx_word' id='word_1_58' title='bbox 1138 803 1559 876; x_wconf 85' lang='lat' dir='ltr'><strong>promissionem</strong></span> <span class='ocrx_word' id='word_1_59' title='bbox 1593 804 1741 858; x_wconf 85' lang='lat' dir='ltr'><strong>illam</strong></span> <span class='ocrx_word' id='word_1_60' title='bbox 1794 803 2004 860; x_wconf 78' lang='lat' dir='ltr'><strong>sanctis</strong></span> 
     </span>
    </p>
   </div>
   <div class='ocr_carea' id='block_1_10' title="bbox 413 894 2004 964">
    <p class='ocr_par' dir='ltr' id='par_1_10' title="bbox 413 894 2004 964">
     <span class='ocr_line' id='line_1_10' title="bbox 413 894 2004 964; baseline 0 -16"><span class='ocrx_word' id='word_1_61' title='bbox 413 899 546 956; x_wconf 87' lang='lat' dir='ltr'><strong>viris</strong></span> <span class='ocrx_word' id='word_1_62' title='bbox 578 897 760 956; x_wconf 89' lang='lat' dir='ltr'><strong>datam</strong></span> <span class='ocrx_word' id='word_1_63' title='bbox 792 912 1070 954; x_wconf 85' lang='lat' dir='ltr'><strong>assereres</strong></span> <span class='ocrx_word' id='word_1_64' title='bbox 1099 915 1112 952; x_wconf 91' lang='lat'>:</span> <span class='ocrx_word' id='word_1_65' title='bbox 1153 894 1220 950; x_wconf 85' lang='lat' dir='ltr'><strong>Et</strong></span> <span class='ocrx_word' id='word_1_66' title='bbox 1251 913 1341 951; x_wconf 88' lang='lat' dir='ltr'><strong>ero</strong></span> <span class='ocrx_word' id='word_1_67' title='bbox 1365 895 1581 950; x_wconf 82' lang='lat' dir='ltr'><strong>illorum</strong></span> <span class='ocrx_word' id='word_1_68' title='bbox 1611 895 1778 958; x_wconf 87' lang='lat' dir='ltr'><strong>Deus,</strong></span> <span class='ocrx_word' id='word_1_69' title='bbox 1813 903 1863 950; x_wconf 88' lang='lat' dir='ltr'><strong>et</strong></span> <span class='ocrx_word' id='word_1_70' title='bbox 1897 895 2004 964; x_wconf 80' lang='lat' dir='ltr'><strong>ipsi</strong></span> 
     </span>
    </p>
   </div>
   <div class='ocr_carea' id='block_1_11' title="bbox 414 977 1987 1052">
    <p class='ocr_par' dir='ltr' id='par_1_11' title="bbox 414 977 1987 1052">
     <span class='ocr_line' id='line_1_11' title="bbox 414 977 1987 1052; baseline -0.008 -11"><span class='ocrx_word' id='word_1_71' title='bbox 414 995 570 1048; x_wconf 78' lang='lat' dir='ltr'><strong>erunt</strong></span> <span class='ocrx_word' id='word_1_72' title='bbox 601 985 728 1038; x_wconf 86' lang='lat' dir='ltr'><strong>mihi</strong></span> <span class='ocrx_word' id='word_1_73' title='bbox 755 981 978 1052; x_wconf 83' lang='lat' dir='ltr'><strong>populus</strong></span> <span class='ocrx_word' id='word_1_74' title='bbox 1005 981 1093 1032; x_wconf 72' lang='grc' dir='ltr'><strong>δ”.</strong></span> <span class='ocrx_word' id='word_1_75' title='bbox 1121 977 1318 1048; x_wconf 78' lang='lat' dir='ltr'><strong>Excipe</strong></span> <span class='ocrx_word' id='word_1_76' title='bbox 1351 977 1763 1048; x_wconf 81' lang='lat' dir='ltr'><strong>deprecationem</strong></span> <span class='ocrx_word' id='word_1_77' title='bbox 1796 989 1987 1041; x_wconf 87' lang='lat' dir='ltr'><strong>meam,</strong></span> 
     </span>
    </p>
   </div>
   <div class='ocr_carea' id='block_1_12' title="bbox 420 1067 1992 1144">
    <p class='ocr_par' dir='ltr' id='par_1_12' title="bbox 420 1067 1992 1144">
     <span class='ocr_line' id='line_1_12' title="bbox 420 1067 1992 1144; baseline -0.01 -8"><span class='ocrx_word' id='word_1_78' title='bbox 420 1089 470 1136; x_wconf 85' lang='lat' dir='ltr'><strong>et</strong></span> <span class='ocrx_word' id='word_1_79' title='bbox 504 1096 567 1134; x_wconf 87' lang='lat' dir='ltr'><strong>ne</strong></span> <span class='ocrx_word' id='word_1_80' title='bbox 608 1077 764 1134; x_wconf 81' lang='lat' dir='ltr'><strong>sileas</strong></span> <span class='ocrx_word' id='word_1_81' title='bbox 807 1093 838 1128; x_wconf 91' lang='lat' dir='ltr'><strong>a</strong></span> <span class='ocrx_word' id='word_1_82' title='bbox 868 1091 968 1139; x_wconf 90' lang='lat' dir='ltr'><strong>me,</strong></span> <span class='ocrx_word' id='word_1_83' title='bbox 1018 1072 1293 1144; x_wconf 84' lang='lat' dir='ltr'><strong>nequando</strong></span> <span class='ocrx_word' id='word_1_84' title='bbox 1339 1083 1511 1125; x_wconf 85' lang='lat' dir='ltr'><strong>taceas</strong></span> <span class='ocrx_word' id='word_1_85' title='bbox 1561 1088 1593 1124; x_wconf 90' lang='lat' dir='ltr'><strong>a</strong></span> <span class='ocrx_word' id='word_1_86' title='bbox 1625 1086 1726 1134; x_wconf 81' lang='lat' dir='ltr'><strong>me,</strong></span> <span class='ocrx_word' id='word_1_87' title='bbox 1771 1077 1822 1123; x_wconf 87' lang='lat' dir='ltr'><strong>et</strong></span> <span class='ocrx_word' id='word_1_88' title='bbox 1851 1067 1992 1122; x_wconf 57' lang='lat' dir='ltr'><strong>assiv</strong></span> 
     </span>
    </p>
   </div>
   <div class='ocr_carea' id='block_1_13' title="bbox 424 1159 1992 1228">
    <p class='ocr_par' dir='ltr' id='par_1_13' title="bbox 424 1159 1992 1228">
     <span class='ocr_line' id='line_1_13' title="bbox 424 1159 1992 1228; baseline -0.008 -3"><span class='ocrx_word' id='word_1_89' title='bbox 424 1171 650 1228; x_wconf 80' lang='lat' dir='ltr'><strong>milabor</strong></span> <span class='ocrx_word' id='word_1_90' title='bbox 689 1165 1118 1226; x_wconf 74' lang='lat' dir='ltr'><strong>descendentibus</strong></span> <span class='ocrx_word' id='word_1_91' title='bbox 1161 1166 1213 1220; x_wconf 89' lang='lat' dir='ltr'><strong>in</strong></span> <span class='ocrx_word' id='word_1_92' title='bbox 1262 1165 1456 1220; x_wconf 80' lang='lat' dir='ltr'><strong>lacum.</strong></span> <span class='ocrx_word' id='word_1_93' title='bbox 1506 1162 1632 1218; x_wconf 62' lang='lat' dir='ltr'><strong>Haec</strong></span> <span class='ocrx_word' id='word_1_94' title='bbox 1676 1163 1889 1218; x_wconf 83' lang='lat' dir='ltr'><strong>dicebat</strong></span> <span class='ocrx_word' id='word_1_95' title='bbox 1935 1159 1992 1214; x_wconf 90' lang='lat' dir='ltr'><strong>in</strong></span> 
     </span>
    </p>
   </div>
   <div class='ocr_carea' id='block_1_14' title="bbox 424 1253 1996 1328">
    <p class='ocr_par' dir='ltr' id='par_1_14' title="bbox 424 1253 1996 1328">
     <span class='ocr_line' id='line_1_14' title="bbox 424 1253 1996 1328; baseline -0.007 -9"><span class='ocrx_word' id='word_1_96' title='bbox 424 1261 724 1319; x_wconf 85' lang='lat' dir='ltr'><strong>certamine</strong></span> <span class='ocrx_word' id='word_1_97' title='bbox 769 1259 1102 1316; x_wconf 90' lang='lat' dir='ltr'><strong>constitutus</strong></span> <span class='ocrx_word' id='word_1_98' title='bbox 1147 1275 1162 1313; x_wconf 91' lang='lat'><strong>:</strong></span> <span class='ocrx_word' id='word_1_99' title='bbox 1204 1272 1274 1312; x_wconf 91' lang='lat' dir='ltr'><strong>ne</strong></span> <span class='ocrx_word' id='word_1_100' title='bbox 1316 1256 1385 1312; x_wconf 91' lang='lat' dir='ltr'><strong>iis</strong></span> <span class='ocrx_word' id='word_1_101' title='bbox 1432 1257 1525 1326; x_wconf 81' lang='lat' dir='ltr'><strong>qui</strong></span> <span class='ocrx_word' id='word_1_102' title='bbox 1579 1263 1704 1328; x_wconf 84' lang='lat' dir='ltr'><strong>post</strong></span> <span class='ocrx_word' id='word_1_103' title='bbox 1748 1253 1996 1308; x_wconf 84' lang='lat' dir='ltr'><strong>mortalis</strong></span> 
     </span>
    </p>
   </div>
   <div class='ocr_carea' id='block_1_15' title="bbox 427 1345 1996 1424">
    <p class='ocr_par' dir='ltr' id='par_1_15' title="bbox 427 1345 1996 1424">
     <span class='ocr_line' id='line_1_15' title="bbox 427 1345 1996 1424; baseline -0.006 -16"><span class='ocrx_word' id='word_1_104' title='bbox 427 1353 656 1424; x_wconf 81' lang='lat' dir='ltr'><strong>hujusce</strong></span> <span class='ocrx_word' id='word_1_105' title='bbox 689 1354 813 1406; x_wconf 61' lang='lat' dir='ltr'><strong>vita:</strong></span> <span class='ocrx_word' id='word_1_106' title='bbox 851 1350 1058 1408; x_wconf 82' lang='lat' dir='ltr'><strong>exitum</strong></span> <span class='ocrx_word' id='word_1_107' title='bbox 1105 1349 1160 1404; x_wconf 91' lang='lat' dir='ltr'><strong>in</strong></span> <span class='ocrx_word' id='word_1_108' title='bbox 1205 1349 1398 1404; x_wconf 84' lang='lat' dir='ltr'><strong>mortis</strong></span> <span class='ocrx_word' id='word_1_109' title='bbox 1433 1348 1610 1402; x_wconf 90' lang='lat' dir='ltr'><strong>lacum</strong></span> <span class='ocrx_word' id='word_1_110' title='bbox 1640 1345 1996 1410; x_wconf 89' lang='lat' dir='ltr'><strong>descendunt,</strong></span> 
     </span>
    </p>
   </div>
   <div class='ocr_carea' id='block_1_16' title="bbox 427 1436 1996 1509">
    <p class='ocr_par' dir='ltr' id='par_1_16' title="bbox 427 1436 1996 1509">
     <span class='ocr_line' id='line_1_16' title="bbox 427 1436 1996 1509; baseline -0.004 -9"><span class='ocrx_word' id='word_1_111' title='bbox 427 1445 622 1502; x_wconf 87' lang='lat' dir='ltr'><strong>similis</strong></span> <span class='ocrx_word' id='word_1_112' title='bbox 674 1444 844 1502; x_wconf 82' lang='lat' dir='ltr'><strong>licret.</strong></span> <span class='ocrx_word' id='word_1_113' title='bbox 887 1440 1114 1498; x_wconf 84' lang='lat' dir='ltr'><strong>Etiamsi</strong></span> <span class='ocrx_word' id='word_1_114' title='bbox 1168 1441 1315 1498; x_wconf 87' lang='lat' dir='ltr'><strong>enim</strong></span> <span class='ocrx_word' id='word_1_115' title='bbox 1369 1442 1423 1498; x_wconf 88' lang='lat' dir='ltr'><strong>in</strong></span> <span class='ocrx_word' id='word_1_116' title='bbox 1476 1439 1741 1509; x_wconf 87' lang='lat' dir='ltr'><strong>superiori</strong></span> <span class='ocrx_word' id='word_1_117' title='bbox 1782 1436 1996 1508; x_wconf 89' lang='lat' dir='ltr'><strong>psalmo</strong></span> 
     </span>
    </p>
   </div>
   <div class='ocr_carea' id='block_1_17' title="bbox 418 1526 2002 1584">
    <p class='ocr_par' dir='ltr' id='par_1_17' title="bbox 418 1526 2002 1584">
     <span class='ocr_line' id='line_1_17' title="bbox 418 1526 2002 1584; baseline 0.001 -4"><span class='ocrx_word' id='word_1_118' title='bbox 418 1528 617 1582; x_wconf 78' lang='lat' dir='ltr'><strong>dixerit</strong></span> <span class='ocrx_word' id='word_1_119' title='bbox 651 1547 665 1583; x_wconf 88' lang='lat'><strong>:</strong></span> <span class='ocrx_word' id='word_1_120' title='bbox 695 1526 862 1582; x_wconf 85' lang='lat' dir='ltr'><strong>Credo</strong></span> <span class='ocrx_word' id='word_1_121' title='bbox 885 1529 1055 1581; x_wconf 88' lang='lat' dir='ltr'><strong>videre</strong></span> <span class='ocrx_word' id='word_1_122' title='bbox 1089 1527 1225 1581; x_wconf 88' lang='lat' dir='ltr'><strong>bona</strong></span> <span class='ocrx_word' id='word_1_123' title='bbox 1270 1527 1486 1581; x_wconf 79' lang='lat' dir='ltr'><strong>Domini</strong></span> <span class='ocrx_word' id='word_1_124' title='bbox 1531 1529 1586 1582; x_wconf 86' lang='lat' dir='ltr'><strong>in</strong></span> <span class='ocrx_word' id='word_1_125' title='bbox 1633 1539 1776 1583; x_wconf 90' lang='lat' dir='ltr'><strong>terra</strong></span> <span class='ocrx_word' id='word_1_126' title='bbox 1826 1531 2002 1584; x_wconf 79' lang='lat' dir='ltr'><strong>viven-</strong></span> 
     </span>
    </p>
   </div>
   <div class='ocr_carea' id='block_1_18' title="bbox 419 1619 1997 1686">
    <p class='ocr_par' dir='ltr' id='par_1_18' title="bbox 419 1619 1997 1686">
     <span class='ocr_line' id='line_1_18' title="bbox 419 1619 1997 1686; baseline 0.003 -14"><span class='ocrx_word' id='word_1_127' title='bbox 419 1623 550 1673; x_wconf 85' lang='lat' dir='ltr'><strong>tium</strong></span> <span class='ocrx_word' id='word_1_128' title='bbox 568 1621 634 1686; x_wconf 64' lang='lat' dir='ltr'><strong>ua;</strong></span> <span class='ocrx_word' id='word_1_129' title='bbox 653 1629 890 1676; x_wconf 87' lang='lat' dir='ltr'><strong>attamen</strong></span> <span class='ocrx_word' id='word_1_130' title='bbox 921 1628 982 1675; x_wconf 88' lang='lat' dir='ltr'><strong>ut</strong></span> <span class='ocrx_word' id='word_1_131' title='bbox 1014 1621 1176 1675; x_wconf 90' lang='lat' dir='ltr'><strong>homo</strong></span> <span class='ocrx_word' id='word_1_132' title='bbox 1201 1619 1379 1674; x_wconf 91' lang='lat' dir='ltr'><strong>adhuc</strong></span> <span class='ocrx_word' id='word_1_133' title='bbox 1408 1636 1575 1675; x_wconf 89' lang='lat' dir='ltr'><strong>carne</strong></span> <span class='ocrx_word' id='word_1_134' title='bbox 1599 1623 1997 1685; x_wconf 88' lang='lat' dir='ltr'><strong>circumdatus,</strong></span> 
     </span>
    </p>
   </div>
   <div class='ocr_carea' id='block_1_19' title="bbox 2102 527 3676 602">
    <p class='ocr_par' dir='ltr' id='par_1_19' title="bbox 2102 527 3676 602">
     <span class='ocr_line' id='line_1_19' title="bbox 2102 527 3676 602; baseline 0.001 -21"><span class='ocrx_word' id='word_1_135' title='bbox 2102 529 2341 600; x_wconf 80' lang='grc' dir='ltr'><strong>δεήσεως</strong></span> <span class='ocrx_word' id='word_1_136' title='bbox 2367 528 2550 597; x_wconf 84' lang='grc' dir='ltr'>λόγος,</span> <span class='ocrx_word' id='word_1_137' title='bbox 2572 527 2704 600; x_wconf 82' lang='grc' dir='ltr'>φέρε</span> <span class='ocrx_word' id='word_1_138' title='bbox 2734 529 3173 600; x_wconf 80' lang='grc' dir='ltr'><strong>κατανοήσωμεν.</strong></span> <span class='ocrx_word' id='word_1_139' title='bbox 3206 530 3344 600; x_wconf 76' lang='grc' dir='ltr'>Βοᾷν</span> <span class='ocrx_word' id='word_1_140' title='bbox 3377 530 3510 600; x_wconf 75' lang='grc' dir='ltr'>φησὶ</span> <span class='ocrx_word' id='word_1_141' title='bbox 3537 531 3676 602; x_wconf 73' lang='grc' dir='ltr'>πρὸς</span> 
     </span>
    </p>
   </div>
   <div class='ocr_carea' id='block_1_20' title="bbox 2103 618 3671 692">
    <p class='ocr_par' dir='ltr' id='par_1_20' title="bbox 2103 618 3671 692">
     <span class='ocr_line' id='line_1_20' title="bbox 2103 618 3671 692; baseline -0.001 -17"><span class='ocrx_word' id='word_1_142' title='bbox 2103 620 2325 692; x_wconf 85' lang='grc' dir='ltr'>Κύριον,</span> <span class='ocrx_word' id='word_1_143' title='bbox 2355 618 2731 676; x_wconf 74' lang='grc' dir='ltr'>ἐπικαλεῖσθαί</span> <span class='ocrx_word' id='word_1_144' title='bbox 2757 636 2815 673; x_wconf 89' lang='grc' dir='ltr'><strong>τε</strong></span> <span class='ocrx_word' id='word_1_145' title='bbox 2852 619 3011 672; x_wconf 78' lang='grc' dir='ltr'>αὐτὸν</span> <span class='ocrx_word' id='word_1_146' title='bbox 3070 620 3144 684; x_wconf 84' lang='grc' dir='ltr'><strong>ὡς</strong></span> <span class='ocrx_word' id='word_1_147' title='bbox 3175 620 3304 676; x_wconf 85' lang='grc' dir='ltr'>ίδιον</span> <span class='ocrx_word' id='word_1_148' title='bbox 3330 619 3490 674; x_wconf 84' lang='grc' dir='ltr'><strong>αὐτοῦ</strong></span> <span class='ocrx_word' id='word_1_149' title='bbox 3521 619 3671 674; x_wconf 76' lang='grc' dir='ltr'>Θεόν.</span> 
     </span>
    </p>
   </div>
   <div class='ocr_carea' id='block_1_21' title="bbox 2103 710 3673 786">
    <p class='ocr_par' dir='ltr' id='par_1_21' title="bbox 2103 710 3673 786">
     <span class='ocr_line' id='line_1_21' title="bbox 2103 710 3673 786; baseline -0.002 -19"><span class='ocrx_word' id='word_1_150' title='bbox 2103 715 2176 768; x_wconf 83' lang='grc' dir='ltr'><strong>Σὺ</strong></span> <span class='ocrx_word' id='word_1_151' title='bbox 2209 712 2338 786; x_wconf 81' lang='grc' dir='ltr'>γὰρ,</span> <span class='ocrx_word' id='word_1_152' title='bbox 2368 713 2553 784; x_wconf 76' lang='grc' dir='ltr'>φησὶν,</span> <span class='ocrx_word' id='word_1_153' title='bbox 2581 712 2610 764; x_wconf 98' lang='lat'><strong>6</strong></span> <span class='ocrx_word' id='word_1_154' title='bbox 2639 710 2981 775; x_wconf 83' lang='grc' dir='ltr'><strong>καταξιώσας</strong></span> <span class='ocrx_word' id='word_1_155' title='bbox 3011 711 3144 782; x_wconf 80' lang='grc' dir='ltr'>ὲμδς</span> <span class='ocrx_word' id='word_1_156' title='bbox 3167 711 3500 784; x_wconf 86' lang='grc' dir='ltr'>χρηματίσαι</span> <span class='ocrx_word' id='word_1_157' title='bbox 3521 711 3673 775; x_wconf 76' lang='grc' dir='ltr'>Θεὸς,</span> 
     </span>
    </p>
   </div>
   <div class='ocr_carea' id='block_1_22' title="bbox 2102 801 3677 876">
    <p class='ocr_par' dir='ltr' id='par_1_22' title="bbox 2102 801 3677 876">
     <span class='ocr_line' id='line_1_22' title="bbox 2102 801 3677 876; baseline -0.005 -14"><span class='ocrx_word' id='word_1_158' title='bbox 2102 803 2225 862; x_wconf 81' lang='grc' dir='ltr'>καθ’</span> <span class='ocrx_word' id='word_1_159' title='bbox 2265 805 2332 876; x_wconf 75' lang='grc' dir='ltr'>ἢν</span> <span class='ocrx_word' id='word_1_160' title='bbox 2370 804 2723 876; x_wconf 82' lang='grc' dir='ltr'>περιποιῆσαι</span> <span class='ocrx_word' id='word_1_161' title='bbox 2767 803 2905 873; x_wconf 85' lang='grc' dir='ltr'>πρὸς</span> <span class='ocrx_word' id='word_1_162' title='bbox 2947 801 3074 865; x_wconf 81' lang='grc' dir='ltr'>τοὺς</span> <span class='ocrx_word' id='word_1_163' title='bbox 3115 802 3301 870; x_wconf 79' lang='grc' dir='ltr'>ἁγίους</span> <span class='ocrx_word' id='word_1_164' title='bbox 3345 802 3677 871; x_wconf 75' lang='grc' dir='ltr'><strong>ἐπαγγελίαν</strong></span> 
     </span>
    </p>
   </div>
   <div class='ocr_carea' id='block_1_23' title="bbox 2102 893 3678 965">
    <p class='ocr_par' dir='ltr' id='par_1_23' title="bbox 2102 893 3678 965">
     <span class='ocr_line' id='line_1_23' title="bbox 2102 893 3678 965; baseline -0.001 -16"><span class='ocrx_word' id='word_1_165' title='bbox 2102 895 2289 951; x_wconf 79' lang='grc' dir='ltr'>εἰπών’</span> <span class='ocrx_word' id='word_1_166' title='bbox 2323 897 2431 954; x_wconf 80' lang='grc' dir='ltr'><strong>Καὶ</strong></span> <span class='ocrx_word' id='word_1_167' title='bbox 2457 896 2670 965; x_wconf 81' lang='grc' dir='ltr'>ἔσομαι</span> <span class='ocrx_word' id='word_1_168' title='bbox 2695 893 2891 949; x_wconf 85' lang='grc' dir='ltr'>αὐτῶν</span> <span class='ocrx_word' id='word_1_169' title='bbox 2912 894 3077 959; x_wconf 84' lang='grc' dir='ltr'><strong>Θεὸς,</strong></span> <span class='ocrx_word' id='word_1_170' title='bbox 3102 895 3203 948; x_wconf 81' lang='grc' dir='ltr'>καὶ</span> <span class='ocrx_word' id='word_1_171' title='bbox 3226 895 3396 956; x_wconf 74' lang='grc' dir='ltr'>αὐτοὶ</span> <span class='ocrx_word' id='word_1_172' title='bbox 3429 895 3678 948; x_wconf 79' lang='grc' dir='ltr'>ἔσονταί</span> 
     </span>
    </p>
   </div>
   <div class='ocr_carea' id='block_1_24' title="bbox 2095 985 3676 1057">
    <p class='ocr_par' dir='ltr' id='par_1_24' title="bbox 2095 985 3676 1057">
     <span class='ocr_line' id='line_1_24' title="bbox 2095 985 3676 1057; baseline -0.001 -16"><span class='ocrx_word' id='word_1_173' title='bbox 2095 1006 2198 1057; x_wconf 79' lang='grc' dir='ltr'><strong>μοι</strong></span> <span class='ocrx_word' id='word_1_174' title='bbox 2229 989 2396 1054; x_wconf 86' lang='grc' dir='ltr'>λαός.</span> <span class='ocrx_word' id='word_1_175' title='bbox 2425 986 2761 1057; x_wconf 80' lang='grc' dir='ltr'>Παράδεξαί</span> <span class='ocrx_word' id='word_1_176' title='bbox 2781 1005 2899 1057; x_wconf 80' lang='grc' dir='ltr'><strong>μου</strong></span> <span class='ocrx_word' id='word_1_177' title='bbox 2929 985 3044 1054; x_wconf 81' lang='grc' dir='ltr'>τὴν</span> <span class='ocrx_word' id='word_1_178' title='bbox 3067 986 3298 1055; x_wconf 80' lang='grc' dir='ltr'>δέησιν.</span> <span class='ocrx_word' id='word_1_179' title='bbox 3329 986 3440 1040; x_wconf 75' lang='grc' dir='ltr'><strong>Καὶ</strong></span> <span class='ocrx_word' id='word_1_180' title='bbox 3459 986 3544 1056; x_wconf 80' lang='grc' dir='ltr'>μὴ</span> <span class='ocrx_word' id='word_1_181' title='bbox 3573 1003 3676 1040; x_wconf 69' lang='grc' dir='ltr'>παι</span> 
     </span>
    </p>
   </div>
   <div class='ocr_carea' id='block_1_25' title="bbox 2093 1068 3677 1148">
    <p class='ocr_par' dir='ltr' id='par_1_25' title="bbox 2093 1068 3677 1148">
     <span class='ocr_line' id='line_1_25' title="bbox 2093 1068 3677 1148; baseline -0.001 -15"><span class='ocrx_word' id='word_1_182' title='bbox 2093 1068 2496 1148; x_wconf 80' lang='grc' dir='ltr'>ρασιωπήσῃς</span> <span class='ocrx_word' id='word_1_183' title='bbox 2545 1078 2646 1133; x_wconf 78' lang='grc' dir='ltr'><strong>ἀπ’</strong></span> <span class='ocrx_word' id='word_1_184' title='bbox 2691 1078 2859 1148; x_wconf 83' lang='grc' dir='ltr'><strong>ἐμοῦ,</strong></span> <span class='ocrx_word' id='word_1_185' title='bbox 2915 1076 3150 1148; x_wconf 79' lang='grc' dir='ltr'>μήποτε</span> <span class='ocrx_word' id='word_1_186' title='bbox 3199 1077 3677 1146; x_wconf 77' lang='grc' dir='ltr'>παρασιωπήσῃς</span> 
     </span>
    </p>
   </div>
   <div class='ocr_carea' id='block_1_26' title="bbox 2100 1169 3679 1240">
    <p class='ocr_par' dir='ltr' id='par_1_26' title="bbox 2100 1169 3679 1240">
     <span class='ocr_line' id='line_1_26' title="bbox 2100 1169 3679 1240; baseline -0.002 -14"><span class='ocrx_word' id='word_1_187' title='bbox 2100 1172 2202 1226; x_wconf 83' lang='grc' dir='ltr'><strong>ἀπ’</strong></span> <span class='ocrx_word' id='word_1_188' title='bbox 2233 1171 2402 1240; x_wconf 82' lang='grc' dir='ltr'>ἐμοῦ,</span> <span class='ocrx_word' id='word_1_189' title='bbox 2446 1170 2544 1226; x_wconf 78' lang='grc' dir='ltr'>καὶ</span> <span class='ocrx_word' id='word_1_190' title='bbox 2583 1169 3020 1240; x_wconf 78' lang='grc' dir='ltr'>ὀμοιωθήσομαι</span> <span class='ocrx_word' id='word_1_191' title='bbox 3053 1169 3178 1236; x_wconf 82' lang='grc' dir='ltr'>τοῖς</span> <span class='ocrx_word' id='word_1_192' title='bbox 3212 1171 3679 1224; x_wconf 79' lang='grc' dir='ltr'>καταϐαίνουσιν</span> 
     </span>
    </p>
   </div>
   <div class='ocr_carea' id='block_1_27' title="bbox 2099 1260 3674 1333">
    <p class='ocr_par' dir='ltr' id='par_1_27' title="bbox 2099 1260 3674 1333">
     <span class='ocr_line' id='line_1_27' title="bbox 2099 1260 3674 1333; baseline -0.001 -17"><span class='ocrx_word' id='word_1_193' title='bbox 2099 1264 2188 1328; x_wconf 80' lang='grc' dir='ltr'>εὶς</span> <span class='ocrx_word' id='word_1_194' title='bbox 2224 1260 2471 1316; x_wconf 84' lang='grc' dir='ltr'>λάκκον.</span> <span class='ocrx_word' id='word_1_195' title='bbox 2501 1262 2685 1316; x_wconf 81' lang='grc' dir='ltr'>Ταῦτα</span> <span class='ocrx_word' id='word_1_196' title='bbox 2712 1261 2756 1315; x_wconf 81' lang='grc' dir='ltr'>δ’</span> <span class='ocrx_word' id='word_1_197' title='bbox 2792 1261 3030 1332; x_wconf 75' lang='grc' dir='ltr'>ἔφασκεν</span> <span class='ocrx_word' id='word_1_198' title='bbox 3061 1263 3116 1314; x_wconf 83' lang='grc' dir='ltr'>ὲν</span> <span class='ocrx_word' id='word_1_199' title='bbox 3139 1261 3346 1333; x_wconf 82' lang='grc' dir='ltr'>ἀγωνίᾳ</span> <span class='ocrx_word' id='word_1_200' title='bbox 3376 1261 3674 1325; x_wconf 77' lang='grc' dir='ltr'>καθεστὼςο</span> 
     </span>
    </p>
   </div>
   <div class='ocr_carea' id='block_1_28' title="bbox 2104 1353 3674 1426">
    <p class='ocr_par' dir='ltr' id='par_1_28' title="bbox 2104 1353 3674 1426">
     <span class='ocr_line' id='line_1_28' title="bbox 2104 1353 3674 1426; baseline -0.001 -18"><span class='ocrx_word' id='word_1_201' title='bbox 2104 1355 2178 1424; x_wconf 84' lang='grc' dir='ltr'>μή</span> <span class='ocrx_word' id='word_1_202' title='bbox 2213 1371 2288 1425; x_wconf 88' lang='grc' dir='ltr'><strong>πη</strong></span> <span class='ocrx_word' id='word_1_203' title='bbox 2319 1354 2425 1424; x_wconf 79' lang='grc' dir='ltr'>ἄρα</span> <span class='ocrx_word' id='word_1_204' title='bbox 2461 1355 2574 1417; x_wconf 80' lang='grc' dir='ltr'>τοῖς</span> <span class='ocrx_word' id='word_1_205' title='bbox 2606 1353 2741 1424; x_wconf 83' lang='grc' dir='ltr'>μετά</span> <span class='ocrx_word' id='word_1_206' title='bbox 2777 1353 2876 1426; x_wconf 78' lang='grc' dir='ltr'>τὴν</span> <span class='ocrx_word' id='word_1_207' title='bbox 2910 1353 3168 1407; x_wconf 82' lang='grc' dir='ltr'>ἀνάλυσιν</span> <span class='ocrx_word' id='word_1_208' title='bbox 3190 1353 3284 1407; x_wconf 80' lang='grc' dir='ltr'><strong>τοῦ</strong></span> <span class='ocrx_word' id='word_1_209' title='bbox 3322 1353 3518 1426; x_wconf 82' lang='grc' dir='ltr'><strong>θνητοῦ</strong></span> <span class='ocrx_word' id='word_1_210' title='bbox 3560 1354 3674 1424; x_wconf 86' lang='grc' dir='ltr'>βίου</span> 
     </span>
    </p>
   </div>
   <div class='ocr_carea' id='block_1_29' title="bbox 2099 1444 3675 1520">
    <p class='ocr_par' dir='ltr' id='par_1_29' title="bbox 2099 1444 3675 1520">
     <span class='ocr_line' id='line_1_29' title="bbox 2099 1444 3675 1520; baseline 0.001 -22"><span class='ocrx_word' id='word_1_211' title='bbox 2099 1446 2514 1500; x_wconf 75' lang='grc' dir='ltr'>καταϐαίνουσιν</span> <span class='ocrx_word' id='word_1_212' title='bbox 2537 1448 2617 1510; x_wconf 86' lang='grc' dir='ltr'><strong>είς</strong></span> <span class='ocrx_word' id='word_1_213' title='bbox 2647 1446 2737 1500; x_wconf 83' lang='grc' dir='ltr'>τὸν</span> <span class='ocrx_word' id='word_1_214' title='bbox 2764 1446 2858 1499; x_wconf 81' lang='grc' dir='ltr'><strong>τοῦ</strong></span> <span class='ocrx_word' id='word_1_215' title='bbox 2889 1445 3118 1499; x_wconf 84' lang='grc' dir='ltr'>θανάτου</span> <span class='ocrx_word' id='word_1_216' title='bbox 3146 1444 3347 1500; x_wconf 80' lang='grc' dir='ltr'>λάκκον</span> <span class='ocrx_word' id='word_1_217' title='bbox 3367 1463 3675 1520; x_wconf 76' lang='grc' dir='ltr'>παρομοιω-</span> 
     </span>
    </p>
   </div>
   <div class='ocr_carea' id='block_1_30' title="bbox 2100 1535 3674 1610">
    <p class='ocr_par' dir='ltr' id='par_1_30' title="bbox 2100 1535 3674 1610">
     <span class='ocr_line' id='line_1_30' title="bbox 2100 1535 3674 1610; baseline 0 -18"><span class='ocrx_word' id='word_1_218' title='bbox 2100 1535 2239 1608; x_wconf 80' lang='grc' dir='ltr'>θείη.</span> <span class='ocrx_word' id='word_1_219' title='bbox 2287 1539 2351 1591; x_wconf 82' lang='grc' dir='ltr'><strong>Εἰ</strong></span> <span class='ocrx_word' id='word_1_220' title='bbox 2382 1537 2492 1610; x_wconf 84' lang='grc' dir='ltr'><strong>γὰρ</strong></span> <span class='ocrx_word' id='word_1_221' title='bbox 2537 1538 2607 1591; x_wconf 85' lang='grc' dir='ltr'><strong>τά</strong></span> <span class='ocrx_word' id='word_1_222' title='bbox 2656 1537 2890 1609; x_wconf 87' lang='grc' dir='ltr'>μάλιστα</span> <span class='ocrx_word' id='word_1_223' title='bbox 2936 1539 2994 1591; x_wconf 84' lang='grc' dir='ltr'>ὲν</span> <span class='ocrx_word' id='word_1_224' title='bbox 3039 1537 3116 1608; x_wconf 81' lang='grc' dir='ltr'>τῷ</span> <span class='ocrx_word' id='word_1_225' title='bbox 3163 1538 3268 1609; x_wconf 82' lang='grc' dir='ltr'>πρὸ</span> <span class='ocrx_word' id='word_1_226' title='bbox 3301 1537 3488 1593; x_wconf 76' lang='grc' dir='ltr'>τούτου</span> <span class='ocrx_word' id='word_1_227' title='bbox 3523 1539 3674 1608; x_wconf 76' lang='grc' dir='ltr'>ἔλεγε</span> 
     </span>
    </p>
   </div>
   <div class='ocr_carea' id='block_1_31' title="bbox 2095 1629 3674 1703">
    <p class='ocr_par' dir='ltr' id='par_1_31' title="bbox 2095 1629 3674 1703">
     <span class='ocr_line' id='line_1_31' title="bbox 2095 1629 3674 1703; baseline 0.004 -23"><span class='ocrx_word' id='word_1_228' title='bbox 2095 1629 2315 1702; x_wconf 82' lang='grc' dir='ltr'>ψαλμῷ”</span> <span class='ocrx_word' id='word_1_229' title='bbox 2364 1631 2632 1686; x_wconf 80' lang='grc' dir='ltr'><strong>Πιστεύω</strong></span> <span class='ocrx_word' id='word_1_230' title='bbox 2657 1631 2764 1684; x_wconf 89' lang='grc' dir='ltr'>τοῦ</span> <span class='ocrx_word' id='word_1_231' title='bbox 2781 1629 2930 1684; x_wconf 72' lang='grc' dir='ltr'>ἰδεῖν</span> <span class='ocrx_word' id='word_1_232' title='bbox 2954 1629 3024 1684; x_wconf 85' lang='grc' dir='ltr'>τὰ</span> <span class='ocrx_word' id='word_1_233' title='bbox 3047 1630 3236 1700; x_wconf 75' lang='grc' dir='ltr'>ἀγαθὰ</span> <span class='ocrx_word' id='word_1_234' title='bbox 3267 1632 3488 1699; x_wconf 79' lang='grc' dir='ltr'><strong>Κυρίου</strong></span> <span class='ocrx_word' id='word_1_235' title='bbox 3507 1633 3577 1684; x_wconf 84' lang='grc' dir='ltr'>ἐν</span> <span class='ocrx_word' id='word_1_236' title='bbox 3596 1630 3674 1703; x_wconf 77' lang='grc' dir='ltr'>γῇ</span> 
     </span>
    </p>
   </div>
   <div class='ocr_carea' id='block_1_32' title="bbox 395 1712 2014 1799">
    <p class='ocr_par' dir='ltr' id='par_1_32' title="bbox 395 1712 2002 1799">
     <span class='ocr_line' id='line_1_32' title="bbox 395 1712 2002 1799; baseline 0.004 -38"><span class='ocrx_word' id='word_1_237' title='bbox 395 1712 489 1799; x_wconf 59' lang='grc' dir='ltr'><strong>ὀὶ)</strong></span> <span class='ocrx_word' id='word_1_238' title='bbox 514 1713 637 1767; x_wconf 68' lang='lat' dir='ltr'><strong>vitae</strong></span> <span class='ocrx_word' id='word_1_239' title='bbox 667 1713 999 1767; x_wconf 88' lang='lat' dir='ltr'><strong>debilitatem</strong></span> <span class='ocrx_word' id='word_1_240' title='bbox 1032 1728 1096 1766; x_wconf 91' lang='lat' dir='ltr'><strong>ac</strong></span> <span class='ocrx_word' id='word_1_241' title='bbox 1124 1713 1519 1768; x_wconf 87' lang='lat' dir='ltr'><strong>volubilitatem</strong></span> <span class='ocrx_word' id='word_1_242' title='bbox 1551 1713 1884 1769; x_wconf 85' lang='lat' dir='ltr'><strong>decertabat.</strong></span> <span class='ocrx_word' id='word_1_243' title='bbox 1913 1715 2002 1768; x_wconf 81' lang='lat' dir='ltr'><strong>Si-</strong></span> 
     </span>
    </p>
   </div>
   <div class='ocr_carea' id='block_1_33' title="bbox 2098 1712 3678 1799">
    <p class='ocr_par' dir='ltr' id='par_1_33' title="bbox 2104 1719 3678 1796">
     <span class='ocr_line' id='line_1_33' title="bbox 2104 1719 3678 1796; baseline 0.001 -21"><span class='ocrx_word' id='word_1_244' title='bbox 2104 1719 2364 1782; x_wconf 80' lang='grc' dir='ltr'>ζώντων·</span> <span class='ocrx_word' id='word_1_245' title='bbox 2406 1722 2520 1777; x_wconf 84' lang='grc' dir='ltr'>ἀλλ’</span> <span class='ocrx_word' id='word_1_246' title='bbox 2549 1723 2699 1793; x_wconf 83' lang='grc' dir='ltr'>ὅμως</span> <span class='ocrx_word' id='word_1_247' title='bbox 2739 1721 2815 1787; x_wconf 86' lang='grc' dir='ltr'>ὡς</span> <span class='ocrx_word' id='word_1_248' title='bbox 2851 1723 3158 1796; x_wconf 82' lang='grc' dir='ltr'>ἄνθρωπος,</span> <span class='ocrx_word' id='word_1_249' title='bbox 3202 1723 3281 1776; x_wconf 81' lang='grc' dir='ltr'>ἔτι</span> <span class='ocrx_word' id='word_1_250' title='bbox 3317 1725 3493 1794; x_wconf 83' lang='grc' dir='ltr'>σάρκα</span> <span class='ocrx_word' id='word_1_251' title='bbox 3523 1741 3678 1796; x_wconf 85' lang='grc' dir='ltr'>περι-</span> 
     </span>
    </p>
   </div>
   <div class='ocr_carea' id='block_1_34' title="bbox 421 1789 2014 1887">
    <p class='ocr_par' dir='ltr' id='par_1_34' title="bbox 421 1803 2003 1875">
     <span class='ocr_line' id='line_1_34' title="bbox 421 1803 2003 1875; baseline 0.001 -19"><span class='ocrx_word' id='word_1_252' title='bbox 421 1803 638 1873; x_wconf 86' lang='lat' dir='ltr'><strong>quidem</strong></span> <span class='ocrx_word' id='word_1_253' title='bbox 658 1814 712 1859; x_wconf 89' lang='lat' dir='ltr'><strong>et</strong></span> <span class='ocrx_word' id='word_1_254' title='bbox 739 1805 853 1875; x_wconf 86' lang='lat' dir='ltr'><strong>ipse</strong></span> <span class='ocrx_word' id='word_1_255' title='bbox 879 1803 1172 1875; x_wconf 87' lang='lat' dir='ltr'><strong>Apostolus</strong></span> <span class='ocrx_word' id='word_1_256' title='bbox 1201 1805 1543 1870; x_wconf 87' lang='lat' dir='ltr'><strong>decertabat,</strong></span> <span class='ocrx_word' id='word_1_257' title='bbox 1569 1821 1635 1860; x_wconf 92' lang='lat' dir='ltr'><strong>ne</strong></span> <span class='ocrx_word' id='word_1_258' title='bbox 1658 1805 1781 1860; x_wconf 88' lang='lat' dir='ltr'><strong>aliis</strong></span> <span class='ocrx_word' id='word_1_259' title='bbox 1805 1805 2003 1875; x_wconf 65' lang='lat' dir='ltr'><strong>praedi-</strong></span> 
     </span>
    </p>
   </div>
   <div class='ocr_carea' id='block_1_35' title="bbox 2098 1789 3670 1887">
    <p class='ocr_par' dir='ltr' id='par_1_35' title="bbox 2103 1789 3670 1887">
     <span class='ocr_line' id='line_1_35' title="bbox 2103 1789 3670 1887; baseline 0 -19"><span class='ocrx_word' id='word_1_260' title='bbox 2103 1813 2372 1884; x_wconf 78' lang='grc' dir='ltr'>κείμενος,</span> <span class='ocrx_word' id='word_1_261' title='bbox 2402 1789 2612 1884; x_wconf 76' lang='grc' dir='ltr'>ἠγωνία</span> <span class='ocrx_word' id='word_1_262' title='bbox 2640 1813 2728 1866; x_wconf 83' lang='grc' dir='ltr'>διὰ</span> <span class='ocrx_word' id='word_1_263' title='bbox 2755 1815 2815 1867; x_wconf 86' lang='grc' dir='ltr'><strong>τδ</strong></span> <span class='ocrx_word' id='word_1_264' title='bbox 2837 1789 3034 1887; x_wconf 80' lang='grc' dir='ltr'>σαθρὸν</span> <span class='ocrx_word' id='word_1_265' title='bbox 3066 1816 3160 1868; x_wconf 78' lang='grc' dir='ltr'><strong>καὶ</strong></span> <span class='ocrx_word' id='word_1_266' title='bbox 3191 1789 3549 1886; x_wconf 77' lang='grc' dir='ltr'>εὐμετάϐολον</span> <span class='ocrx_word' id='word_1_267' title='bbox 3575 1789 3670 1868; x_wconf 73' lang='grc' dir='ltr'>τοῦ</span> 
     </span>
    </p>
   </div>
   <div class='ocr_carea' id='block_1_36' title="bbox 420 1893 2006 1967">
    <p class='ocr_par' dir='ltr' id='par_1_36' title="bbox 420 1893 2006 1967">
     <span class='ocr_line' id='line_1_36' title="bbox 420 1893 2006 1967; baseline 0.001 -17"><span class='ocrx_word' id='word_1_268' title='bbox 420 1910 554 1950; x_wconf 87' lang='lat' dir='ltr'><strong>cans</strong></span> <span class='ocrx_word' id='word_1_269' title='bbox 583 1893 697 1964; x_wconf 84' lang='lat' dir='ltr'><strong>ipse</strong></span> <span class='ocrx_word' id='word_1_270' title='bbox 728 1897 992 1967; x_wconf 84' lang='lat' dir='ltr'><strong>reprobus</strong></span> <span class='ocrx_word' id='word_1_271' title='bbox 1021 1896 1442 1952; x_wconf 75' lang='lat' dir='ltr'><strong>inveniretur”.</strong></span> <span class='ocrx_word' id='word_1_272' title='bbox 1475 1895 1678 1949; x_wconf 88' lang='lat' dir='ltr'><strong>Lacum</strong></span> <span class='ocrx_word' id='word_1_273' title='bbox 1713 1904 1891 1952; x_wconf 88' lang='lat' dir='ltr'><strong>autem</strong></span> <span class='ocrx_word' id='word_1_274' title='bbox 1915 1912 2006 1952; x_wconf 87' lang='lat' dir='ltr'><strong>so-</strong></span> 
     </span>
    </p>
   </div>
   <div class='ocr_carea' id='block_1_37' title="bbox 419 1986 2000 2056">
    <p class='ocr_par' dir='ltr' id='par_1_37' title="bbox 419 1986 2000 2056">
     <span class='ocr_line' id='line_1_37' title="bbox 419 1986 2000 2056; baseline 0.003 -17"><span class='ocrx_word' id='word_1_275' title='bbox 419 1988 532 2041; x_wconf 90' lang='lat' dir='ltr'><strong>lent</strong></span> <span class='ocrx_word' id='word_1_276' title='bbox 562 1987 729 2040; x_wconf 87' lang='lat' dir='ltr'><strong>divini</strong></span> <span class='ocrx_word' id='word_1_277' title='bbox 757 1987 880 2041; x_wconf 91' lang='lat' dir='ltr'><strong>libri</strong></span> <span class='ocrx_word' id='word_1_278' title='bbox 915 2003 1230 2056; x_wconf 81' lang='lat' dir='ltr'><strong>nuncupare</strong></span> <span class='ocrx_word' id='word_1_279' title='bbox 1253 1988 1559 2042; x_wconf 88' lang='lat' dir='ltr'><strong>animarum</strong></span> <span class='ocrx_word' id='word_1_280' title='bbox 1581 1986 1921 2044; x_wconf 89' lang='lat' dir='ltr'><strong>domicilium</strong></span> <span class='ocrx_word' id='word_1_281' title='bbox 1947 1989 2000 2044; x_wconf 90' lang='lat' dir='ltr'><strong>in</strong></span> 
     </span>
    </p>
   </div>
   <div class='ocr_carea' id='block_1_38' title="bbox 417 2079 2002 2154">
    <p class='ocr_par' dir='ltr' id='par_1_38' title="bbox 417 2079 2002 2154">
     <span class='ocr_line' id='line_1_38' title="bbox 417 2079 2002 2154; baseline 0.003 -22"><span class='ocrx_word' id='word_1_282' title='bbox 417 2079 656 2144; x_wconf 85' lang='lat' dir='ltr'><strong>inferno,</strong></span> <span class='ocrx_word' id='word_1_283' title='bbox 696 2088 754 2133; x_wconf 91' lang='lat' dir='ltr'><strong>ut</strong></span> <span class='ocrx_word' id='word_1_284' title='bbox 803 2095 1001 2136; x_wconf 85' lang='lat' dir='ltr'><strong>vocare</strong></span> <span class='ocrx_word' id='word_1_285' title='bbox 1050 2090 1475 2140; x_wconf 83' lang='lat' dir='ltr'><strong>consueverunt.</strong></span> <span class='ocrx_word' id='word_1_286' title='bbox 1506 2079 1662 2148; x_wconf 87' lang='lat' dir='ltr'><strong>Quod</strong></span> <span class='ocrx_word' id='word_1_287' title='bbox 1688 2081 1851 2135; x_wconf 88' lang='lat' dir='ltr'><strong>etiam</strong></span> <span class='ocrx_word' id='word_1_288' title='bbox 1881 2081 2002 2154; x_wconf 90' lang='lat' dir='ltr'><strong>ipse</strong></span> 
     </span>
    </p>
   </div>
   <div class='ocr_carea' id='block_1_39' title="bbox 416 2170 2002 2244">
    <p class='ocr_par' dir='ltr' id='par_1_39' title="bbox 416 2170 2002 2244">
     <span class='ocr_line' id='line_1_39' title="bbox 416 2170 2002 2244; baseline 0.001 -20"><span class='ocrx_word' id='word_1_289' title='bbox 416 2170 586 2224; x_wconf 84' lang='lat' dir='ltr'><strong>David</strong></span> <span class='ocrx_word' id='word_1_290' title='bbox 620 2171 882 2236; x_wconf 84' lang='lat' dir='ltr'><strong>declarat,</strong></span> <span class='ocrx_word' id='word_1_291' title='bbox 917 2171 1046 2226; x_wconf 91' lang='lat' dir='ltr'><strong>dum</strong></span> <span class='ocrx_word' id='word_1_292' title='bbox 1086 2189 1195 2226; x_wconf 91' lang='lat' dir='ltr'><strong>non</strong></span> <span class='ocrx_word' id='word_1_293' title='bbox 1231 2173 1390 2244; x_wconf 81' lang='lat' dir='ltr'><strong>longe</strong></span> <span class='ocrx_word' id='word_1_294' title='bbox 1437 2171 1566 2224; x_wconf 91' lang='lat' dir='ltr'><strong>hinc</strong></span> <span class='ocrx_word' id='word_1_295' title='bbox 1613 2171 1668 2225; x_wconf 90' lang='lat' dir='ltr'><strong>in</strong></span> <span class='ocrx_word' id='word_1_296' title='bbox 1700 2187 1835 2226; x_wconf 77' lang='lat' dir='ltr'><strong>nix</strong></span> <span class='ocrx_word' id='word_1_297' title='bbox 1864 2173 2002 2242; x_wconf 88' lang='lat' dir='ltr'><strong>psal-</strong></span> 
     </span>
    </p>
   </div>
   <div class='ocr_carea' id='block_1_40' title="bbox 417 2261 1996 2329">
    <p class='ocr_par' dir='ltr' id='par_1_40' title="bbox 417 2261 1996 2329">
     <span class='ocr_line' id='line_1_40' title="bbox 417 2261 1996 2329; baseline 0.001 -14"><span class='ocrx_word' id='word_1_298' title='bbox 417 2277 509 2316; x_wconf 90' lang='lat' dir='ltr'><strong>mo</strong></span> <span class='ocrx_word' id='word_1_299' title='bbox 543 2263 670 2315; x_wconf 86' lang='lat' dir='ltr'><strong>talia</strong></span> <span class='ocrx_word' id='word_1_300' title='bbox 702 2261 844 2318; x_wconf 84' lang='lat' dir='ltr'><strong>fatur</strong></span> <span class='ocrx_word' id='word_1_301' title='bbox 873 2282 886 2318; x_wconf 90' lang='lat'><strong>:</strong></span> <span class='ocrx_word' id='word_1_302' title='bbox 923 2263 1146 2319; x_wconf 87' lang='lat' dir='ltr'><strong>Domine</strong></span> <span class='ocrx_word' id='word_1_303' title='bbox 1194 2263 1334 2318; x_wconf 85' lang='lat' dir='ltr'><strong>Deus</strong></span> <span class='ocrx_word' id='word_1_304' title='bbox 1366 2279 1532 2329; x_wconf 84' lang='lat' dir='ltr'><strong>meus,</strong></span> <span class='ocrx_word' id='word_1_305' title='bbox 1555 2263 1780 2318; x_wconf 84' lang='lat' dir='ltr'><strong>clamavi</strong></span> <span class='ocrx_word' id='word_1_306' title='bbox 1809 2263 1877 2315; x_wconf 89' lang='lat' dir='ltr'><strong>ad</strong></span> <span class='ocrx_word' id='word_1_307' title='bbox 1929 2273 1996 2328; x_wconf 88' lang='lat' dir='ltr'><strong>te,</strong></span> 
     </span>
    </p>
   </div>
   <div class='ocr_carea' id='block_1_41' title="bbox 417 2354 2000 2423">
    <p class='ocr_par' dir='ltr' id='par_1_41' title="bbox 417 2354 2000 2423">
     <span class='ocr_line' id='line_1_41' title="bbox 417 2354 2000 2423; baseline 0.002 -15"><span class='ocrx_word' id='word_1_308' title='bbox 417 2366 469 2408; x_wconf 82' lang='lat' dir='ltr'><strong>et</strong></span> <span class='ocrx_word' id='word_1_309' title='bbox 495 2354 702 2409; x_wconf 84' lang='lat' dir='ltr'><strong>sanasti</strong></span> <span class='ocrx_word' id='word_1_310' title='bbox 732 2371 812 2409; x_wconf 87' lang='lat' dir='ltr'><strong>me</strong></span> <span class='ocrx_word' id='word_1_311' title='bbox 835 2372 853 2408; x_wconf 92' lang='lat'><strong><em>:</em></strong></span> <span class='ocrx_word' id='word_1_312' title='bbox 893 2355 1140 2420; x_wconf 87' lang='lat' dir='ltr'><strong>Domine,</strong></span> <span class='ocrx_word' id='word_1_313' title='bbox 1169 2355 1400 2410; x_wconf 75' lang='lat' dir='ltr'><strong>eduxiin</strong></span> <span class='ocrx_word' id='word_1_314' title='bbox 1433 2371 1498 2410; x_wconf 78' lang='lat' dir='ltr'><strong>ea:</strong></span> <span class='ocrx_word' id='word_1_315' title='bbox 1528 2354 1732 2423; x_wconf 82' lang='lat' dir='ltr'><strong>inferno</strong></span> <span class='ocrx_word' id='word_1_316' title='bbox 1763 2355 2000 2411; x_wconf 78' lang='lat' dir='ltr'><strong>animum</strong></span> 
     </span>
    </p>
   </div>
   <div class='ocr_carea' id='block_1_42' title="bbox 425 2445 2000 2507">
    <p class='ocr_par' dir='ltr' id='par_1_42' title="bbox 425 2445 2000 2507">
     <span class='ocr_line' id='line_1_42' title="bbox 425 2445 2000 2507; baseline 0.001 -9"><span class='ocrx_word' id='word_1_317' title='bbox 425 2461 633 2507; x_wconf 83' lang='lat' dir='ltr'><strong>meam;</strong></span> <span class='ocrx_word' id='word_1_318' title='bbox 677 2447 897 2502; x_wconf 83' lang='lat' dir='ltr'><strong>salvasti</strong></span> <span class='ocrx_word' id='word_1_319' title='bbox 929 2463 1008 2500; x_wconf 83' lang='lat' dir='ltr'><strong>me</strong></span> <span class='ocrx_word' id='word_1_320' title='bbox 1039 2464 1071 2498; x_wconf 92' lang='lat' dir='ltr'><strong>a</strong></span> <span class='ocrx_word' id='word_1_321' title='bbox 1100 2446 1528 2500; x_wconf 75' lang='lat' dir='ltr'><strong>descendentibus</strong></span> <span class='ocrx_word' id='word_1_322' title='bbox 1566 2447 1620 2499; x_wconf 89' lang='lat' dir='ltr'><strong>in</strong></span> <span class='ocrx_word' id='word_1_323' title='bbox 1661 2446 1856 2502; x_wconf 84' lang='lat' dir='ltr'><strong>lacum.</strong></span> <span class='ocrx_word' id='word_1_324' title='bbox 1909 2445 2000 2499; x_wconf 83' lang='lat' dir='ltr'><strong>Vi-</strong></span> 
     </span>
    </p>
   </div>
   <div class='ocr_carea' id='block_1_43' title="bbox 419 2537 1996 2606">
    <p class='ocr_par' dir='ltr' id='par_1_43' title="bbox 419 2537 1996 2606">
     <span class='ocr_line' id='line_1_43' title="bbox 419 2537 1996 2606; baseline 0 -16"><span class='ocrx_word' id='word_1_325' title='bbox 419 2537 545 2592; x_wconf 89' lang='lat' dir='ltr'><strong>den‘</strong></span> <span class='ocrx_word' id='word_1_326' title='bbox 574 2537 847 2606; x_wconf 83' lang='lat' dir='ltr'><strong>quomodo</strong></span> <span class='ocrx_word' id='word_1_327' title='bbox 872 2537 1059 2594; x_wconf 88' lang='lat' dir='ltr'><strong>eodem</strong></span> <span class='ocrx_word' id='word_1_328' title='bbox 1087 2538 1139 2594; x_wconf 89' lang='lat' dir='ltr'><strong>in</strong></span> <span class='ocrx_word' id='word_1_329' title='bbox 1171 2539 1290 2592; x_wconf 92' lang='lat' dir='ltr'><strong>loco</strong></span> <span class='ocrx_word' id='word_1_330' title='bbox 1319 2537 1590 2592; x_wconf 80' lang='lat' dir='ltr'><strong>infernum</strong></span> <span class='ocrx_word' id='word_1_331' title='bbox 1611 2547 1663 2592; x_wconf 91' lang='lat' dir='ltr'><strong>et</strong></span> <span class='ocrx_word' id='word_1_332' title='bbox 1688 2539 1862 2594; x_wconf 90' lang='lat' dir='ltr'><strong>lacum</strong></span> <span class='ocrx_word' id='word_1_333' title='bbox 1896 2553 1996 2590; x_wconf 88' lang='lat' dir='ltr'><strong>una</strong></span> 
     </span>
    </p>
   </div>
   <div class='ocr_carea' id='block_1_44' title="bbox 419 2629 1998 2702">
    <p class='ocr_par' dir='ltr' id='par_1_44' title="bbox 419 2629 1998 2702">
     <span class='ocr_line' id='line_1_44' title="bbox 419 2629 1998 2702; baseline -0.001 -18"><span class='ocrx_word' id='word_1_334' title='bbox 419 2629 738 2701; x_wconf 83' lang='lat' dir='ltr'><strong>copulavit?</strong></span> <span class='ocrx_word' id='word_1_335' title='bbox 783 2629 889 2686; x_wconf 89' lang='lat' dir='ltr'><strong>Sed</strong></span> <span class='ocrx_word' id='word_1_336' title='bbox 919 2629 974 2684; x_wconf 89' lang='lat' dir='ltr'><strong>in</strong></span> <span class='ocrx_word' id='word_1_337' title='bbox 1007 2632 1259 2700; x_wconf 78' lang='lat' dir='ltr'><strong>przesenti</strong></span> <span class='ocrx_word' id='word_1_338' title='bbox 1296 2630 1514 2702; x_wconf 83' lang='lat' dir='ltr'><strong>quidem</strong></span> <span class='ocrx_word' id='word_1_339' title='bbox 1550 2631 1760 2701; x_wconf 89' lang='lat' dir='ltr'><strong>psalmo</strong></span> <span class='ocrx_word' id='word_1_340' title='bbox 1792 2631 1998 2685; x_wconf 80' lang='lat' dir='ltr'><strong>clarue-</strong></span> 
     </span>
    </p>
   </div>
   <div class='ocr_carea' id='block_1_45' title="bbox 419 2721 1996 2792">
    <p class='ocr_par' dir='ltr' id='par_1_45' title="bbox 419 2721 1996 2792">
     <span class='ocr_line' id='line_1_45' title="bbox 419 2721 1996 2792; baseline 0.001 -15"><span class='ocrx_word' id='word_1_341' title='bbox 419 2739 532 2778; x_wconf 88' lang='lat' dir='ltr'><strong>rem</strong></span> <span class='ocrx_word' id='word_1_342' title='bbox 563 2722 632 2778; x_wconf 89' lang='lat' dir='ltr'><strong>ad</strong></span> <span class='ocrx_word' id='word_1_343' title='bbox 657 2721 825 2777; x_wconf 90' lang='lat' dir='ltr'><strong>Deum</strong></span> <span class='ocrx_word' id='word_1_344' title='bbox 851 2723 1070 2783; x_wconf 86' lang='lat' dir='ltr'><strong>emittit,</strong></span> <span class='ocrx_word' id='word_1_345' title='bbox 1103 2738 1302 2792; x_wconf 78' lang='lat' dir='ltr'><strong>rogans</strong></span> <span class='ocrx_word' id='word_1_346' title='bbox 1328 2739 1436 2776; x_wconf 89' lang='lat' dir='ltr'><strong>non</strong></span> <span class='ocrx_word' id='word_1_347' title='bbox 1459 2721 1751 2777; x_wconf 85' lang='lat' dir='ltr'><strong>assimilari</strong></span> <span class='ocrx_word' id='word_1_348' title='bbox 1775 2722 1996 2778; x_wconf 85' lang='lat' dir='ltr'><strong>descen-</strong></span> 
     </span>
    </p>
   </div>
   <div class='ocr_carea' id='block_1_46' title="bbox 419 2815 1998 2886">
    <p class='ocr_par' dir='ltr' id='par_1_46' title="bbox 419 2815 1998 2886">
     <span class='ocr_line' id='line_1_46' title="bbox 419 2815 1998 2886; baseline -0.002 -16"><span class='ocrx_word' id='word_1_349' title='bbox 419 2815 674 2871; x_wconf 86' lang='lat' dir='ltr'><strong>dentibus</strong></span> <span class='ocrx_word' id='word_1_350' title='bbox 713 2816 766 2869; x_wconf 93' lang='lat' dir='ltr'><strong>in</strong></span> <span class='ocrx_word' id='word_1_351' title='bbox 797 2815 1009 2882; x_wconf 89' lang='lat' dir='ltr'><strong>lacum;</strong></span> <span class='ocrx_word' id='word_1_352' title='bbox 1052 2823 1108 2868; x_wconf 89' lang='lat' dir='ltr'><strong>at</strong></span> <span class='ocrx_word' id='word_1_353' title='bbox 1147 2817 1202 2868; x_wconf 89' lang='lat' dir='ltr'><strong>in</strong></span> <span class='ocrx_word' id='word_1_354' title='bbox 1237 2832 1378 2870; x_wconf 92' lang='lat' dir='ltr'><strong>nono</strong></span> <span class='ocrx_word' id='word_1_355' title='bbox 1410 2823 1466 2870; x_wconf 86' lang='lat' dir='ltr'><strong>et</strong></span> <span class='ocrx_word' id='word_1_356' title='bbox 1497 2815 1760 2886; x_wconf 82' lang='lat' dir='ltr'><strong>vigesimo</strong></span> <span class='ocrx_word' id='word_1_357' title='bbox 1789 2815 1998 2870; x_wconf 85' lang='lat' dir='ltr'><strong>oratio-</strong></span> 
     </span>
    </p>
   </div>
   <div class='ocr_carea' id='block_1_47' title="bbox 420 2905 1997 2969">
    <p class='ocr_par' dir='ltr' id='par_1_47' title="bbox 420 2905 1997 2969">
     <span class='ocr_line' id='line_1_47' title="bbox 420 2905 1997 2969; baseline -0.001 -6"><span class='ocrx_word' id='word_1_358' title='bbox 420 2924 545 2963; x_wconf 88' lang='lat' dir='ltr'><strong>nem</strong></span> <span class='ocrx_word' id='word_1_359' title='bbox 579 2908 680 2964; x_wconf 88' lang='lat' dir='ltr'><strong>sibi</strong></span> <span class='ocrx_word' id='word_1_360' title='bbox 731 2908 870 2964; x_wconf 87' lang='lat' dir='ltr'><strong>bene</strong></span> <span class='ocrx_word' id='word_1_361' title='bbox 899 2907 1136 2962; x_wconf 83' lang='lat' dir='ltr'><strong>cessisse</strong></span> <span class='ocrx_word' id='word_1_362' title='bbox 1179 2907 1526 2969; x_wconf 84' lang='lat' dir='ltr'><strong>testilicatur,</strong></span> <span class='ocrx_word' id='word_1_363' title='bbox 1559 2908 1638 2961; x_wconf 77' lang='lat' dir='ltr'><strong>sic</strong></span> <span class='ocrx_word' id='word_1_364' title='bbox 1671 2906 1857 2962; x_wconf 90' lang='lat' dir='ltr'><strong>aiens:</strong></span> <span class='ocrx_word' id='word_1_365' title='bbox 1887 2905 1997 2962; x_wconf 80' lang='lat' dir='ltr'><strong>Do—</strong></span> 
     </span>
    </p>
   </div>
   <div class='ocr_carea' id='block_1_48' title="bbox 425 2991 1996 3064">
    <p class='ocr_par' dir='ltr' id='par_1_48' title="bbox 425 2991 1996 3064">
     <span class='ocr_line' id='line_1_48' title="bbox 425 2991 1996 3064; baseline 0.001 -10"><span class='ocrx_word' id='word_1_366' title='bbox 425 3002 583 3063; x_wconf 86' lang='lat' dir='ltr'><strong>mine,</strong></span> <span class='ocrx_word' id='word_1_367' title='bbox 615 3000 842 3058; x_wconf 81' lang='lat' dir='ltr'><strong>clamavi</strong></span> <span class='ocrx_word' id='word_1_368' title='bbox 882 3000 951 3054; x_wconf 88' lang='lat' dir='ltr'><strong>ad</strong></span> <span class='ocrx_word' id='word_1_369' title='bbox 985 3010 1053 3064; x_wconf 88' lang='lat' dir='ltr'><strong>te,</strong></span> <span class='ocrx_word' id='word_1_370' title='bbox 1087 3009 1138 3054; x_wconf 83' lang='lat' dir='ltr'><strong>et</strong></span> <span class='ocrx_word' id='word_1_371' title='bbox 1182 3000 1390 3054; x_wconf 82' lang='lat' dir='ltr'><strong>sanasti</strong></span> <span class='ocrx_word' id='word_1_372' title='bbox 1429 2991 1544 3064; x_wconf 84' lang='lat' dir='ltr'><strong>me;</strong></span> <span class='ocrx_word' id='word_1_373' title='bbox 1589 2999 1808 3053; x_wconf 86' lang='lat' dir='ltr'><strong>salvasti</strong></span> <span class='ocrx_word' id='word_1_374' title='bbox 1845 3016 1925 3053; x_wconf 86' lang='lat' dir='ltr'><strong>me</strong></span> <span class='ocrx_word' id='word_1_375' title='bbox 1960 3017 1996 3055; x_wconf 80' lang='grc' dir='ltr'><strong>α</strong></span> 
     </span>
    </p>
   </div>
   <div class='ocr_carea' id='block_1_49' title="bbox 418 3089 1996 3162">
    <p class='ocr_par' dir='ltr' id='par_1_49' title="bbox 418 3089 1996 3162">
     <span class='ocr_line' id='line_1_49' title="bbox 418 3089 1996 3162; baseline 0.001 -18"><span class='ocrx_word' id='word_1_376' title='bbox 418 3091 847 3148; x_wconf 80' lang='lat' dir='ltr'><strong>descendentibus</strong></span> <span class='ocrx_word' id='word_1_377' title='bbox 889 3092 943 3145; x_wconf 88' lang='lat' dir='ltr'><strong>in</strong></span> <span class='ocrx_word' id='word_1_378' title='bbox 983 3092 1242 3148; x_wconf 76' lang='lat' dir='ltr'><strong>locant&quot;.</strong></span> <span class='ocrx_word' id='word_1_379' title='bbox 1276 3089 1592 3162; x_wconf 83' lang='lat' dir='ltr'><strong>Opportune</strong></span> <span class='ocrx_word' id='word_1_380' title='bbox 1633 3099 1811 3146; x_wconf 90' lang='lat' dir='ltr'><strong>autem</strong></span> <span class='ocrx_word' id='word_1_381' title='bbox 1839 3091 1996 3152; x_wconf 79' lang='lat' dir='ltr'><strong>lacus</strong></span> 
     </span>
    </p>
   </div>
   <div class='ocr_carea' id='block_1_50' title="bbox 426 3182 2000 3249">
    <p class='ocr_par' dir='ltr' id='par_1_50' title="bbox 426 3182 2000 3249">
     <span class='ocr_line' id='line_1_50' title="bbox 426 3182 2000 3249; baseline -0.001 -10"><span class='ocrx_word' id='word_1_382' title='bbox 426 3185 628 3239; x_wconf 88' lang='lat' dir='ltr'><strong>dicitur</strong></span> <span class='ocrx_word' id='word_1_383' title='bbox 667 3185 972 3240; x_wconf 88' lang='lat' dir='ltr'><strong>animarum</strong></span> <span class='ocrx_word' id='word_1_384' title='bbox 1004 3185 1058 3238; x_wconf 92' lang='lat' dir='ltr'><strong>in</strong></span> <span class='ocrx_word' id='word_1_385' title='bbox 1097 3184 1311 3240; x_wconf 80' lang='lat' dir='ltr'><strong>inferno</strong></span> <span class='ocrx_word' id='word_1_386' title='bbox 1343 3185 1701 3239; x_wconf 88' lang='lat' dir='ltr'><strong>domicilium.</strong></span> <span class='ocrx_word' id='word_1_387' title='bbox 1731 3182 2000 3249; x_wconf 83' lang='lat' dir='ltr'><strong>Quemad-</strong></span> 
     </span>
    </p>
   </div>
   <div class='ocr_carea' id='block_1_51' title="bbox 424 3275 2002 3349">
    <p class='ocr_par' dir='ltr' id='par_1_51' title="bbox 424 3275 2002 3349">
     <span class='ocr_line' id='line_1_51' title="bbox 424 3275 2002 3349; baseline 0.003 -19"><span class='ocrx_word' id='word_1_388' title='bbox 424 3278 648 3332; x_wconf 85' lang='lat' dir='ltr'><strong>modum</strong></span> <span class='ocrx_word' id='word_1_389' title='bbox 695 3280 840 3332; x_wconf 88' lang='lat' dir='ltr'><strong>enim</strong></span> <span class='ocrx_word' id='word_1_390' title='bbox 873 3280 1023 3333; x_wconf 85' lang='lat' dir='ltr'><strong>lacIIs</strong></span> <span class='ocrx_word' id='word_1_391' title='bbox 1057 3279 1456 3348; x_wconf 79' lang='lat' dir='ltr'><strong>receptaculum</strong></span> <span class='ocrx_word' id='word_1_392' title='bbox 1493 3289 1577 3332; x_wconf 88' lang='lat' dir='ltr'><strong>est</strong></span> <span class='ocrx_word' id='word_1_393' title='bbox 1606 3292 1870 3349; x_wconf 83' lang='lat' dir='ltr'><strong>aquarum</strong></span> <span class='ocrx_word' id='word_1_394' title='bbox 1906 3275 2002 3335; x_wconf 90' lang='lat' dir='ltr'><strong>de-</strong></span> 
     </span>
    </p>
   </div>
   <div class='ocr_carea' id='block_1_52' title="bbox 421 3367 2001 3440">
    <p class='ocr_par' dir='ltr' id='par_1_52' title="bbox 421 3367 2001 3440">
     <span class='ocr_line' id='line_1_52' title="bbox 421 3367 2001 3440; baseline 0.002 -18"><span class='ocrx_word' id='word_1_395' title='bbox 421 3383 589 3440; x_wconf 90' lang='lat' dir='ltr'><strong>super</strong></span> <span class='ocrx_word' id='word_1_396' title='bbox 618 3384 682 3423; x_wconf 88' lang='lat' dir='ltr'><strong>ac</strong></span> <span class='ocrx_word' id='word_1_397' title='bbox 711 3383 742 3426; x_wconf 91' lang='lat' dir='ltr'><strong>e</strong></span> <span class='ocrx_word' id='word_1_398' title='bbox 773 3369 992 3423; x_wconf 87' lang='lat' dir='ltr'><strong>sublimi</strong></span> <span class='ocrx_word' id='word_1_399' title='bbox 1027 3369 1169 3424; x_wconf 91' lang='lat' dir='ltr'><strong>istuc</strong></span> <span class='ocrx_word' id='word_1_400' title='bbox 1201 3367 1588 3435; x_wconf 86' lang='lat' dir='ltr'><strong>decidentium,</strong></span> <span class='ocrx_word' id='word_1_401' title='bbox 1621 3373 1700 3427; x_wconf 91' lang='lat' dir='ltr'><strong>sic</strong></span> <span class='ocrx_word' id='word_1_402' title='bbox 1731 3378 1785 3426; x_wconf 90' lang='lat' dir='ltr'><strong>et</strong></span> <span class='ocrx_word' id='word_1_403' title='bbox 1809 3371 2001 3426; x_wconf 86' lang='lat' dir='ltr'><strong>mortis</strong></span> 
     </span>
    </p>
   </div>
   <div class='ocr_carea' id='block_1_53' title="bbox 419 3461 2001 3534">
    <p class='ocr_par' dir='ltr' id='par_1_53' title="bbox 419 3461 2001 3534">
     <span class='ocr_line' id='line_1_53' title="bbox 419 3461 2001 3534; baseline 0.003 -18"><span class='ocrx_word' id='word_1_404' title='bbox 419 3464 594 3533; x_wconf 78' lang='lat' dir='ltr'><strong>regio,</strong></span> <span class='ocrx_word' id='word_1_405' title='bbox 630 3463 719 3517; x_wconf 89' lang='lat' dir='ltr'><strong>cui</strong></span> <span class='ocrx_word' id='word_1_406' title='bbox 751 3477 948 3516; x_wconf 88' lang='lat' dir='ltr'><strong>nomen</strong></span> <span class='ocrx_word' id='word_1_407' title='bbox 986 3461 1256 3524; x_wconf 83' lang='lat' dir='ltr'><strong>infernus,</strong></span> <span class='ocrx_word' id='word_1_408' title='bbox 1295 3475 1389 3516; x_wconf 85' lang='lat' dir='ltr'><strong>cas</strong></span> <span class='ocrx_word' id='word_1_409' title='bbox 1430 3477 1551 3534; x_wconf 71' lang='lat' dir='ltr'><strong>qua:</strong></span> <span class='ocrx_word' id='word_1_410' title='bbox 1588 3479 1617 3517; x_wconf 84' lang='lat' dir='ltr'><strong>a</strong></span> <span class='ocrx_word' id='word_1_411' title='bbox 1651 3465 1900 3534; x_wconf 85' lang='lat' dir='ltr'><strong>supernis</strong></span> <span class='ocrx_word' id='word_1_412' title='bbox 1934 3480 2001 3520; x_wconf 84' lang='lat' dir='ltr'><strong>ex</strong></span> 
     </span>
    </p>
   </div>
   <div class='ocr_carea' id='block_1_54' title="bbox 421 3553 2002 3626">
    <p class='ocr_par' dir='ltr' id='par_1_54' title="bbox 421 3553 2002 3626">
     <span class='ocr_line' id='line_1_54' title="bbox 421 3553 2002 3626; baseline 0.004 -19"><span class='ocrx_word' id='word_1_413' title='bbox 421 3555 663 3609; x_wconf 86' lang='lat' dir='ltr'><strong>humana</strong></span> <span class='ocrx_word' id='word_1_414' title='bbox 692 3554 804 3607; x_wconf 90' lang='lat' dir='ltr'><strong>vita</strong></span> <span class='ocrx_word' id='word_1_415' title='bbox 839 3555 981 3608; x_wconf 91' lang='lat' dir='ltr'><strong>istuc</strong></span> <span class='ocrx_word' id='word_1_416' title='bbox 1013 3553 1274 3608; x_wconf 82' lang='lat' dir='ltr'><strong>decidunt</strong></span> <span class='ocrx_word' id='word_1_417' title='bbox 1307 3556 1518 3611; x_wconf 88' lang='lat' dir='ltr'><strong>animas</strong></span> <span class='ocrx_word' id='word_1_418' title='bbox 1549 3557 1850 3626; x_wconf 84' lang='lat' dir='ltr'><strong>excipiens,</strong></span> <span class='ocrx_word' id='word_1_419' title='bbox 1878 3556 2002 3626; x_wconf 87' lang='lat' dir='ltr'><strong>jure</strong></span> 
     </span>
    </p>
   </div>
   <div class='ocr_carea' id='block_1_55' title="bbox 422 3643 2000 3718">
    <p class='ocr_par' dir='ltr' id='par_1_55' title="bbox 422 3643 2000 3718">
     <span class='ocr_line' id='line_1_55' title="bbox 422 3643 2000 3718; baseline 0.003 -20"><span class='ocrx_word' id='word_1_420' title='bbox 422 3647 574 3701; x_wconf 86' lang='lat' dir='ltr'><strong>lacus</strong></span> <span class='ocrx_word' id='word_1_421' title='bbox 607 3646 936 3716; x_wconf 89' lang='lat' dir='ltr'><strong>appellatur.</strong></span> <span class='ocrx_word' id='word_1_422' title='bbox 964 3643 1142 3718; x_wconf 75' lang='lat' dir='ltr'><strong>Rogat</strong></span> <span class='ocrx_word' id='word_1_423' title='bbox 1162 3645 1347 3717; x_wconf 86' lang='lat' dir='ltr'><strong>itaque</strong></span> <span class='ocrx_word' id='word_1_424' title='bbox 1371 3655 1430 3702; x_wconf 89' lang='lat' dir='ltr'><strong>ut</strong></span> <span class='ocrx_word' id='word_1_425' title='bbox 1459 3663 1528 3702; x_wconf 89' lang='lat' dir='ltr'><strong>ne</strong></span> <span class='ocrx_word' id='word_1_426' title='bbox 1551 3648 1607 3702; x_wconf 89' lang='lat' dir='ltr'><strong>in</strong></span> <span class='ocrx_word' id='word_1_427' title='bbox 1641 3657 2000 3703; x_wconf 85' lang='lat' dir='ltr'><strong>memoratum</strong></span> 
     </span>
    </p>
   </div>
   <div class='ocr_carea' id='block_1_56' title="bbox 421 3737 2001 3796">
    <p class='ocr_par' dir='ltr' id='par_1_56' title="bbox 421 3737 2001 3796">
     <span class='ocr_line' id='line_1_56' title="bbox 421 3737 2001 3796; baseline 0.002 -7"><span class='ocrx_word' id='word_1_428' title='bbox 421 3738 600 3790; x_wconf 85' lang='lat' dir='ltr'><strong>lacum</strong></span> <span class='ocrx_word' id='word_1_429' title='bbox 634 3751 740 3796; x_wconf 81' lang='lat' dir='ltr'><strong>una</strong></span> <span class='ocrx_word' id='word_1_430' title='bbox 777 3751 900 3793; x_wconf 91' lang='lat' dir='ltr'><strong>cum</strong></span> <span class='ocrx_word' id='word_1_431' title='bbox 941 3739 1064 3792; x_wconf 90' lang='lat' dir='ltr'><strong>aliis</strong></span> <span class='ocrx_word' id='word_1_432' title='bbox 1097 3739 1438 3794; x_wconf 84' lang='lat' dir='ltr'><strong>detrahatur.</strong></span> <span class='ocrx_word' id='word_1_433' title='bbox 1473 3737 1539 3791; x_wconf 85' lang='lat' dir='ltr'><strong>Et</strong></span> <span class='ocrx_word' id='word_1_434' title='bbox 1568 3739 1674 3792; x_wconf 89' lang='lat' dir='ltr'><strong>hoc</strong></span> <span class='ocrx_word' id='word_1_435' title='bbox 1703 3754 1834 3794; x_wconf 88' lang='lat' dir='ltr'><strong>sane</strong></span> <span class='ocrx_word' id='word_1_436' title='bbox 1868 3739 2001 3794; x_wconf 88' lang='lat' dir='ltr'><strong>mihi</strong></span> 
     </span>
    </p>
   </div>
   <div class='ocr_carea' id='block_1_57' title="bbox 421 3829 2001 3902">
    <p class='ocr_par' dir='ltr' id='par_1_57' title="bbox 421 3829 2001 3902">
     <span class='ocr_line' id='line_1_57' title="bbox 421 3829 2001 3902; baseline 0.001 -19"><span class='ocrx_word' id='word_1_437' title='bbox 421 3836 719 3902; x_wconf 77' lang='lat' dir='ltr'><strong>continget,</strong></span> <span class='ocrx_word' id='word_1_438' title='bbox 744 3831 839 3895; x_wconf 88' lang='lat' dir='ltr'><strong>ait,</strong></span> <span class='ocrx_word' id='word_1_439' title='bbox 865 3830 911 3886; x_wconf 92' lang='lat' dir='ltr'><strong>si</strong></span> <span class='ocrx_word' id='word_1_440' title='bbox 947 3830 1181 3900; x_wconf 81' lang='lat' dir='ltr'><strong>reliquis</strong></span> <span class='ocrx_word' id='word_1_441' title='bbox 1205 3830 1518 3885; x_wconf 89' lang='lat' dir='ltr'><strong>hominibus</strong></span> <span class='ocrx_word' id='word_1_442' title='bbox 1549 3830 1744 3885; x_wconf 88' lang='lat' dir='ltr'><strong>similis</strong></span> <span class='ocrx_word' id='word_1_443' title='bbox 1775 3829 2001 3886; x_wconf 88' lang='lat' dir='ltr'><strong>evadam</strong></span> 
     </span>
    </p>
   </div>
   <div class='ocr_carea' id='block_1_58' title="bbox 423 3921 2005 3993">
    <p class='ocr_par' dir='ltr' id='par_1_58' title="bbox 423 3921 2005 3993">
     <span class='ocr_line' id='line_1_58' title="bbox 423 3921 2005 3993; baseline 0 -18"><span class='ocrx_word' id='word_1_444' title='bbox 423 3926 515 3993; x_wconf 88' lang='lat' dir='ltr'><strong>qui</strong></span> <span class='ocrx_word' id='word_1_445' title='bbox 556 3924 658 3980; x_wconf 89' lang='lat' dir='ltr'><strong>abs</strong></span> <span class='ocrx_word' id='word_1_446' title='bbox 688 3931 741 3978; x_wconf 88' lang='lat' dir='ltr'><strong>te</strong></span> <span class='ocrx_word' id='word_1_447' title='bbox 771 3938 877 3977; x_wconf 90' lang='lat' dir='ltr'><strong>non</strong></span> <span class='ocrx_word' id='word_1_448' title='bbox 912 3923 1300 3985; x_wconf 80' lang='lat' dir='ltr'><strong>exaudiuntur,</strong></span> <span class='ocrx_word' id='word_1_449' title='bbox 1330 3921 1475 3991; x_wconf 91' lang='lat' dir='ltr'><strong>quod</strong></span> <span class='ocrx_word' id='word_1_450' title='bbox 1507 3929 1592 3976; x_wconf 91' lang='lat' dir='ltr'><strong>est</strong></span> <span class='ocrx_word' id='word_1_451' title='bbox 1619 3921 1919 3976; x_wconf 75' lang='lat' dir='ltr'><strong>eversionis</strong></span> <span class='ocrx_word' id='word_1_452' title='bbox 1951 3929 2005 3976; x_wconf 89' lang='lat' dir='ltr'><strong>et</strong></span> 
     </span>
    </p>
   </div>
   <div class='ocr_carea' id='block_1_59' title="bbox 421 4011 2001 4085">
    <p class='ocr_par' dir='ltr' id='par_1_59' title="bbox 421 4011 2001 4085">
     <span class='ocr_line' id='line_1_59' title="bbox 421 4011 2001 4085; baseline 0.001 -22"><span class='ocrx_word' id='word_1_453' title='bbox 421 4016 532 4069; x_wconf 82' lang='lat' dir='ltr'><strong>ndii</strong></span> <span class='ocrx_word' id='word_1_454' title='bbox 566 4015 643 4068; x_wconf 91' lang='lat' dir='ltr'><strong>tui</strong></span> <span class='ocrx_word' id='word_1_455' title='bbox 673 4014 910 4085; x_wconf 78' lang='lat' dir='ltr'><strong>signum.</strong></span> <span class='ocrx_word' id='word_1_456' title='bbox 935 4011 1081 4067; x_wconf 88' lang='lat' dir='ltr'><strong>Loco</strong></span> <span class='ocrx_word' id='word_1_457' title='bbox 1110 4021 1295 4067; x_wconf 86' lang='lat' dir='ltr'><strong>autem</strong></span> <span class='ocrx_word' id='word_1_458' title='bbox 1333 4011 1520 4082; x_wconf 88' lang='lat' dir='ltr'><strong>hujus,</strong></span> <span class='ocrx_word' id='word_1_459' title='bbox 1558 4029 1620 4066; x_wconf 88' lang='lat' dir='ltr'><strong>ne</strong></span> <span class='ocrx_word' id='word_1_460' title='bbox 1651 4013 1806 4066; x_wconf 82' lang='lat' dir='ltr'><strong>sileas</strong></span> <span class='ocrx_word' id='word_1_461' title='bbox 1840 4029 1872 4066; x_wconf 90' lang='lat' dir='ltr'><strong>a</strong></span> <span class='ocrx_word' id='word_1_462' title='bbox 1900 4028 2001 4076; x_wconf 89' lang='lat' dir='ltr'><strong>me,</strong></span> 
     </span>
    </p>
   </div>
   <div class='ocr_carea' id='block_1_60' title="bbox 424 4103 2004 4174">
    <p class='ocr_par' dir='ltr' id='par_1_60' title="bbox 424 4103 2004 4174">
     <span class='ocr_line' id='line_1_60' title="bbox 424 4103 2004 4174; baseline 0.001 -17"><span class='ocrx_word' id='word_1_463' title='bbox 424 4104 806 4174; x_wconf 78' lang='lat' dir='ltr'><strong>Symmachus,</strong></span> <span class='ocrx_word' id='word_1_464' title='bbox 859 4121 920 4158; x_wconf 88' lang='lat' dir='ltr'><strong>ne</strong></span> <span class='ocrx_word' id='word_1_465' title='bbox 961 4114 1136 4159; x_wconf 81' lang='lat' dir='ltr'><strong>taceas</strong></span> <span class='ocrx_word' id='word_1_466' title='bbox 1168 4118 1236 4158; x_wconf 73' lang='lat' dir='ltr'><strong>ea:</strong></span> <span class='ocrx_word' id='word_1_467' title='bbox 1270 4121 1371 4168; x_wconf 87' lang='lat' dir='ltr'><strong>me,</strong></span> <span class='ocrx_word' id='word_1_468' title='bbox 1410 4104 1612 4171; x_wconf 83' lang='lat' dir='ltr'><strong>habet;</strong></span> <span class='ocrx_word' id='word_1_469' title='bbox 1658 4119 1727 4159; x_wconf 90' lang='lat' dir='ltr'><strong>ne</strong></span> <span class='ocrx_word' id='word_1_470' title='bbox 1768 4103 1907 4159; x_wconf 79' lang='lat' dir='ltr'><strong>forte</strong></span> <span class='ocrx_word' id='word_1_471' title='bbox 1951 4114 2004 4158; x_wconf 88' lang='lat' dir='ltr'><strong>te</strong></span> 
     </span>
    </p>
   </div>
   <div class='ocr_carea' id='block_1_61' title="bbox 421 4195 2002 4268">
    <p class='ocr_par' dir='ltr' id='par_1_61' title="bbox 421 4195 2002 4268">
     <span class='ocr_line' id='line_1_61' title="bbox 421 4195 2002 4268; baseline 0.001 -18"><span class='ocrx_word' id='word_1_472' title='bbox 421 4197 613 4266; x_wconf 82' lang='lat' dir='ltr'><strong>procul</strong></span> <span class='ocrx_word' id='word_1_473' title='bbox 657 4213 742 4252; x_wconf 90' lang='lat' dir='ltr'><strong>me</strong></span> <span class='ocrx_word' id='word_1_474' title='bbox 787 4197 1128 4268; x_wconf 84' lang='lat' dir='ltr'><strong>quiescente,</strong></span> <span class='ocrx_word' id='word_1_475' title='bbox 1174 4196 1372 4252; x_wconf 89' lang='lat' dir='ltr'><strong>similis</strong></span> <span class='ocrx_word' id='word_1_476' title='bbox 1413 4197 1516 4252; x_wconf 85' lang='lat' dir='ltr'><strong>sim</strong></span> <span class='ocrx_word' id='word_1_477' title='bbox 1548 4195 2002 4252; x_wconf 89' lang='lat' dir='ltr'><strong>descendentibus</strong></span> 
     </span>
    </p>
   </div>
   <div class='ocr_carea' id='block_1_62' title="bbox 423 4289 722 4344">
    <p class='ocr_par' dir='ltr' id='par_1_62' title="bbox 423 4289 722 4344">
     <span class='ocr_line' id='line_1_62' title="bbox 423 4289 722 4344; baseline 0.01 -3"><span class='ocrx_word' id='word_1_478' title='bbox 423 4289 478 4342; x_wconf 83' lang='lat' dir='ltr'><strong>in</strong></span> <span class='ocrx_word' id='word_1_479' title='bbox 515 4289 722 4344; x_wconf 88' lang='lat' dir='ltr'><strong>lacum.</strong></span> 
     </span>
    </p>
   </div>
   <div class='ocr_carea' id='block_1_63' title="bbox 492 4547 2070 4624">
    <p class='ocr_par' dir='ltr' id='par_1_63' title="bbox 492 4547 2070 4624">
     <span class='ocr_line' id='line_1_63' title="bbox 492 4547 2070 4624; baseline 0.004 -20"><span class='ocrx_word' id='word_1_480' title='bbox 492 4547 660 4605; x_wconf 67' lang='lat' dir='ltr'><strong>Vens.</strong></span> <span class='ocrx_word' id='word_1_481' title='bbox 695 4552 746 4606; x_wconf 77' lang='lat'><strong>5.</strong></span> <span class='ocrx_word' id='word_1_482' title='bbox 791 4551 1055 4618; x_wconf 82' lang='lat' dir='ltr'><strong>Quoniam</strong></span> <span class='ocrx_word' id='word_1_483' title='bbox 1087 4570 1189 4608; x_wconf 90' lang='lat' dir='ltr'><strong>non</strong></span> <span class='ocrx_word' id='word_1_484' title='bbox 1223 4553 1595 4610; x_wconf 66' lang='lat' dir='ltr'><strong>intellexerunt</strong></span> <span class='ocrx_word' id='word_1_485' title='bbox 1630 4571 1788 4624; x_wconf 85' lang='lat' dir='ltr'><strong>opera</strong></span> <span class='ocrx_word' id='word_1_486' title='bbox 1818 4556 1998 4611; x_wconf 87' lang='lat' dir='ltr'><strong>Domi—</strong></span> <span class='ocrx_word' id='word_1_487' title='bbox 2026 4548 2070 4604; x_wconf 85' lang='grc'><strong>1)</strong></span> 
     </span>
    </p>
   </div>
   <div class='ocr_carea' id='block_1_64' title="bbox 423 4641 1996 4716">
    <p class='ocr_par' dir='ltr' id='par_1_64' title="bbox 423 4641 1996 4716">
     <span class='ocr_line' id='line_1_64' title="bbox 423 4641 1996 4716; baseline 0.003 -19"><span class='ocrx_word' id='word_1_488' title='bbox 423 4641 500 4706; x_wconf 81' lang='lat' dir='ltr'><strong>ni,</strong></span> <span class='ocrx_word' id='word_1_489' title='bbox 531 4653 582 4698; x_wconf 89' lang='lat' dir='ltr'><strong>et</strong></span> <span class='ocrx_word' id='word_1_490' title='bbox 614 4645 666 4698; x_wconf 87' lang='lat' dir='ltr'><strong>in</strong></span> <span class='ocrx_word' id='word_1_491' title='bbox 698 4662 855 4706; x_wconf 85' lang='lat' dir='ltr'><strong>opera</strong></span> <span class='ocrx_word' id='word_1_492' title='bbox 901 4662 1155 4699; x_wconf 89' lang='lat' dir='ltr'><strong>manuum</strong></span> <span class='ocrx_word' id='word_1_493' title='bbox 1196 4647 1332 4716; x_wconf 81' lang='lat' dir='ltr'><strong>ejus,</strong></span> <span class='ocrx_word' id='word_1_494' title='bbox 1363 4645 1602 4701; x_wconf 81' lang='lat' dir='ltr'><strong>destrues</strong></span> <span class='ocrx_word' id='word_1_495' title='bbox 1637 4648 1781 4714; x_wconf 80' lang='lat' dir='ltr'><strong>illos,</strong></span> <span class='ocrx_word' id='word_1_496' title='bbox 1815 4658 1864 4702; x_wconf 84' lang='lat' dir='ltr'><strong>et</strong></span> <span class='ocrx_word' id='word_1_497' title='bbox 1892 4665 1996 4702; x_wconf 79' lang='lat' dir='ltr'><strong>non</strong></span> 
     </span>
    </p>
   </div>
   <div class='ocr_carea' id='block_1_65' title="bbox 422 4735 1994 4808">
    <p class='ocr_par' dir='ltr' id='par_1_65' title="bbox 422 4735 1994 4808">
     <span class='ocr_line' id='line_1_65' title="bbox 422 4735 1994 4808; baseline 0.001 -16"><span class='ocrx_word' id='word_1_498' title='bbox 422 4735 713 4807; x_wconf 74' lang='lat' dir='ltr'><strong>(edi/icabis</strong></span> <span class='ocrx_word' id='word_1_499' title='bbox 748 4755 854 4795; x_wconf 86' lang='lat' dir='ltr'><strong>eos.</strong></span> <span class='ocrx_word' id='word_1_500' title='bbox 901 4735 1078 4808; x_wconf 88' lang='lat' dir='ltr'><strong>Opera</strong></span> <span class='ocrx_word' id='word_1_501' title='bbox 1122 4739 1338 4796; x_wconf 89' lang='lat' dir='ltr'><strong>Domini</strong></span> <span class='ocrx_word' id='word_1_502' title='bbox 1391 4740 1598 4796; x_wconf 76' lang='lat' dir='ltr'><strong>dixeris</strong></span> <span class='ocrx_word' id='word_1_503' title='bbox 1652 4740 1994 4795; x_wconf 88' lang='lat' dir='ltr'><strong>conditarum</strong></span> 
     </span>
    </p>
   </div>
   <div class='ocr_carea' id='block_1_66' title="bbox 423 4826 2002 4902">
    <p class='ocr_par' dir='ltr' id='par_1_66' title="bbox 423 4826 2002 4902">
     <span class='ocr_line' id='line_1_66' title="bbox 423 4826 2002 4902; baseline 0.004 -22"><span class='ocrx_word' id='word_1_504' title='bbox 423 4826 670 4882; x_wconf 88' lang='lat' dir='ltr'><strong>omnium</strong></span> <span class='ocrx_word' id='word_1_505' title='bbox 708 4844 889 4883; x_wconf 89' lang='lat' dir='ltr'><strong>rerum</strong></span> <span class='ocrx_word' id='word_1_506' title='bbox 931 4831 1320 4893; x_wconf 85' lang='lat' dir='ltr'><strong>substantiam,</strong></span> <span class='ocrx_word' id='word_1_507' title='bbox 1355 4847 1518 4902; x_wconf 91' lang='lat' dir='ltr'><strong>quam</strong></span> <span class='ocrx_word' id='word_1_508' title='bbox 1547 4848 1611 4888; x_wconf 78' lang='lat' dir='ltr'><strong>ex</strong></span> <span class='ocrx_word' id='word_1_509' title='bbox 1641 4848 1750 4886; x_wconf 91' lang='lat' dir='ltr'><strong>non</strong></span> <span class='ocrx_word' id='word_1_510' title='bbox 1779 4839 2002 4887; x_wconf 81' lang='lat' dir='ltr'><strong>exstan-</strong></span> 
     </span>
    </p>
   </div>
   <div class='ocr_carea' id='block_1_67' title="bbox 425 4919 1996 4995">
    <p class='ocr_par' dir='ltr' id='par_1_67' title="bbox 425 4919 1996 4995">
     <span class='ocr_line' id='line_1_67' title="bbox 425 4919 1996 4995; baseline 0.005 -25"><span class='ocrx_word' id='word_1_511' title='bbox 425 4919 574 4974; x_wconf 85' lang='lat' dir='ltr'><strong>tibus</strong></span> <span class='ocrx_word' id='word_1_512' title='bbox 618 4919 683 4973; x_wconf 88' lang='lat' dir='ltr'><strong>ad</strong></span> <span class='ocrx_word' id='word_1_513' title='bbox 726 4922 1103 4976; x_wconf 84' lang='lat' dir='ltr'><strong>exsistentiam</strong></span> <span class='ocrx_word' id='word_1_514' title='bbox 1149 4923 1376 4979; x_wconf 86' lang='lat' dir='ltr'><strong>deduxit</strong></span> <span class='ocrx_word' id='word_1_515' title='bbox 1407 4925 1787 4979; x_wconf 89' lang='lat' dir='ltr'><strong>universorum</strong></span> <span class='ocrx_word' id='word_1_516' title='bbox 1818 4924 1996 4995; x_wconf 82' lang='lat' dir='ltr'><strong>opifex</strong></span> 
     </span>
    </p>
   </div>
   <div class='ocr_carea' id='block_1_68' title="bbox 427 5009 2000 5086">
    <p class='ocr_par' dir='ltr' id='par_1_68' title="bbox 427 5009 2000 5086">
     <span class='ocr_line' id='line_1_68' title="bbox 427 5009 2000 5086; baseline 0.006 -23"><span class='ocrx_word' id='word_1_517' title='bbox 427 5009 571 5067; x_wconf 84' lang='lat' dir='ltr'><strong>Deus</strong></span> <span class='ocrx_word' id='word_1_518' title='bbox 600 5030 613 5066; x_wconf 93' lang='lat'><strong>:</strong></span> <span class='ocrx_word' id='word_1_519' title='bbox 641 5027 806 5082; x_wconf 85' lang='lat' dir='ltr'><strong>opera</strong></span> <span class='ocrx_word' id='word_1_520' title='bbox 841 5024 1022 5069; x_wconf 89' lang='lat' dir='ltr'><strong>autem</strong></span> <span class='ocrx_word' id='word_1_521' title='bbox 1055 5031 1315 5070; x_wconf 90' lang='lat' dir='ltr'><strong>manuum</strong></span> <span class='ocrx_word' id='word_1_522' title='bbox 1345 5017 1486 5086; x_wconf 90' lang='lat' dir='ltr'><strong>ejus.</strong></span> <span class='ocrx_word' id='word_1_523' title='bbox 1521 5033 1702 5072; x_wconf 90' lang='lat' dir='ltr'><strong>rerum</strong></span> <span class='ocrx_word' id='word_1_524' title='bbox 1733 5016 2000 5072; x_wconf 80' lang='lat' dir='ltr'><strong>factarum</strong></span> 
     </span>
    </p>
   </div>
   <div class='ocr_carea' id='block_1_69' title="bbox 424 5103 1996 5179">
    <p class='ocr_par' dir='ltr' id='par_1_69' title="bbox 424 5103 1996 5179">
     <span class='ocr_line' id='line_1_69' title="bbox 424 5103 1996 5179; baseline 0.005 -23"><span class='ocrx_word' id='word_1_525' title='bbox 424 5103 972 5172; x_wconf 85' lang='lat' dir='ltr'><strong>administrationem,</strong></span> <span class='ocrx_word' id='word_1_526' title='bbox 1005 5122 1112 5177; x_wconf 86' lang='lat' dir='ltr'><strong>qua</strong></span> <span class='ocrx_word' id='word_1_527' title='bbox 1137 5109 1399 5179; x_wconf 88' lang='lat' dir='ltr'><strong>prospicit</strong></span> <span class='ocrx_word' id='word_1_528' title='bbox 1427 5124 1491 5164; x_wconf 89' lang='lat' dir='ltr'><strong>ac</strong></span> <span class='ocrx_word' id='word_1_529' title='bbox 1523 5109 1828 5178; x_wconf 90' lang='lat' dir='ltr'><strong>dispensat,</strong></span> <span class='ocrx_word' id='word_1_530' title='bbox 1859 5108 1996 5164; x_wconf 90' lang='lat' dir='ltr'><strong>Pro-</strong></span> 
     </span>
    </p>
   </div>
   <div class='ocr_carea' id='block_1_70' title="bbox 423 5197 2004 5273">
    <p class='ocr_par' dir='ltr' id='par_1_70' title="bbox 423 5197 2004 5273">
     <span class='ocr_line' id='line_1_70' title="bbox 423 5197 2004 5273; baseline 0.002 -21"><span class='ocrx_word' id='word_1_531' title='bbox 423 5197 676 5254; x_wconf 62' lang='lat' dir='ltr'><strong>videntia</strong></span> <span class='ocrx_word' id='word_1_532' title='bbox 709 5214 822 5254; x_wconf 63' lang='lat' dir='ltr'><strong>sua:</strong></span> <span class='ocrx_word' id='word_1_533' title='bbox 852 5200 1148 5257; x_wconf 84' lang='lat' dir='ltr'><strong>virtutibus</strong></span> <span class='ocrx_word' id='word_1_534' title='bbox 1178 5216 1279 5258; x_wconf 86' lang='lat' dir='ltr'><strong>ceu</strong></span> <span class='ocrx_word' id='word_1_535' title='bbox 1311 5203 1564 5259; x_wconf 77' lang='lat' dir='ltr'><strong>manibus</strong></span> <span class='ocrx_word' id='word_1_536' title='bbox 1590 5201 1774 5257; x_wconf 88' lang='lat' dir='ltr'><strong>omnia</strong></span> <span class='ocrx_word' id='word_1_537' title='bbox 1803 5201 2004 5273; x_wconf 76' lang='lat' dir='ltr'><strong>guber-</strong></span> 
     </span>
    </p>
   </div>
   <div class='ocr_carea' id='block_1_71' title="bbox 425 5308 582 5348">
    <p class='ocr_par' dir='ltr' id='par_1_71' title="bbox 425 5308 582 5348">
     <span class='ocr_line' id='line_1_71' title="bbox 425 5308 582 5348; baseline -0.013 0"><span class='ocrx_word' id='word_1_538' title='bbox 425 5308 582 5348; x_wconf 83' lang='lat' dir='ltr'><strong>nans.</strong></span> 
     </span>
    </p>
   </div>
   <div class='ocr_carea' id='block_1_72' title="bbox 508 5383 1995 5456">
    <p class='ocr_par' dir='ltr' id='par_1_72' title="bbox 508 5383 1995 5456">
     <span class='ocr_line' id='line_1_72' title="bbox 508 5383 1995 5456; baseline 0 -18"><span class='ocrx_word' id='word_1_539' title='bbox 508 5383 665 5439; x_wconf 62' lang='lat' dir='ltr'><strong>Vens.</strong></span> <span class='ocrx_word' id='word_1_540' title='bbox 697 5384 751 5447; x_wconf 80' lang='grc' dir='ltr'>ϐ,</span> <span class='ocrx_word' id='word_1_541' title='bbox 785 5385 840 5440; x_wconf 82' lang='lat'><strong>7.</strong></span> <span class='ocrx_word' id='word_1_542' title='bbox 884 5385 1198 5441; x_wconf 85' lang='lat' dir='ltr'><strong>Benedictus</strong></span> <span class='ocrx_word' id='word_1_543' title='bbox 1240 5386 1402 5454; x_wconf 86' lang='lat' dir='ltr'><strong>Deus,</strong></span> <span class='ocrx_word' id='word_1_544' title='bbox 1437 5387 1686 5456; x_wconf 88' lang='lat' dir='ltr'><strong>quoniam</strong></span> <span class='ocrx_word' id='word_1_545' title='bbox 1725 5384 1995 5440; x_wconf 70' lang='lat' dir='ltr'><strong>exaudivit</strong></span> 
     </span>
    </p>
   </div>
   <div class='ocr_carea' id='block_1_73' title="bbox 427 5477 1998 5548">
    <p class='ocr_par' dir='ltr' id='par_1_73' title="bbox 427 5477 1998 5548">
     <span class='ocr_line' id='line_1_73' title="bbox 427 5477 1998 5548; baseline -0.003 -14"><span class='ocrx_word' id='word_1_546' title='bbox 427 5494 599 5534; x_wconf 78' lang='lat' dir='ltr'><strong>rorem</strong></span> <span class='ocrx_word' id='word_1_547' title='bbox 629 5477 1012 5547; x_wconf 83' lang='lat' dir='ltr'><strong>deprecationis</strong></span> <span class='ocrx_word' id='word_1_548' title='bbox 1040 5496 1186 5534; x_wconf 68' lang='lat' dir='ltr'><strong>mea.</strong></span> <span class='ocrx_word' id='word_1_549' title='bbox 1229 5478 1487 5532; x_wconf 86' lang='lat' dir='ltr'><strong>Dominus</strong></span> <span class='ocrx_word' id='word_1_550' title='bbox 1527 5478 1744 5548; x_wconf 87' lang='lat' dir='ltr'><strong>adjutor</strong></span> <span class='ocrx_word' id='word_1_551' title='bbox 1773 5494 1915 5532; x_wconf 88' lang='lat' dir='ltr'><strong>meus</strong></span> <span class='ocrx_word' id='word_1_552' title='bbox 1949 5485 1998 5532; x_wconf 86' lang='lat' dir='ltr'><strong>et</strong></span> 
     </span>
    </p>
   </div>
   <div class='ocr_carea' id='block_1_74' title="bbox 427 5571 2004 5642">
    <p class='ocr_par' dir='ltr' id='par_1_74' title="bbox 427 5571 2004 5642">
     <span class='ocr_line' id='line_1_74' title="bbox 427 5571 2004 5642; baseline -0.001 -17"><span class='ocrx_word' id='word_1_553' title='bbox 427 5580 690 5642; x_wconf 76' lang='lat' dir='ltr'><strong>protector</strong></span> <span class='ocrx_word' id='word_1_554' title='bbox 715 5588 898 5626; x_wconf 83' lang='lat' dir='ltr'><strong>mens:</strong></span> <span class='ocrx_word' id='word_1_555' title='bbox 925 5573 978 5626; x_wconf 88' lang='lat' dir='ltr'><strong>in</strong></span> <span class='ocrx_word' id='word_1_556' title='bbox 1013 5572 1126 5642; x_wconf 87' lang='lat' dir='ltr'><strong>ipso</strong></span> <span class='ocrx_word' id='word_1_557' title='bbox 1159 5573 1388 5642; x_wconf 83' lang='lat' dir='ltr'><strong>speravit</strong></span> <span class='ocrx_word' id='word_1_558' title='bbox 1416 5589 1507 5627; x_wconf 90' lang='lat' dir='ltr'><strong>cor</strong></span> <span class='ocrx_word' id='word_1_559' title='bbox 1539 5589 1730 5637; x_wconf 86' lang='lat' dir='ltr'><strong>meum,</strong></span> <span class='ocrx_word' id='word_1_560' title='bbox 1771 5580 1821 5626; x_wconf 88' lang='lat' dir='ltr'><strong>et</strong></span> <span class='ocrx_word' id='word_1_561' title='bbox 1850 5571 2004 5641; x_wconf 81' lang='lat' dir='ltr'><strong>adju-</strong></span> 
     </span>
    </p>
   </div>
   <div class='ocr_carea' id='block_1_75' title="bbox 499 5750 950 5823">
    <p class='ocr_par' dir='ltr' id='par_1_75' title="bbox 499 5750 950 5823">
     <span class='ocr_line' id='line_1_75' title="bbox 499 5750 950 5823; baseline -0.007 -12"><span class='ocrx_word' id='word_1_562' title='bbox 499 5755 567 5788; x_wconf 67' lang='grc' dir='ltr'><strong>’ν</strong></span> <span class='ocrx_word' id='word_1_563' title='bbox 595 5750 705 5810; x_wconf 72' lang='grc' dir='ltr'>Ιεῑ.</span> <span class='ocrx_word' id='word_1_564' title='bbox 741 5772 835 5823; x_wconf 80' lang='lat' dir='ltr'><strong>vn,</strong></span> <span class='ocrx_word' id='word_1_565' title='bbox 861 5752 950 5809; x_wconf 74' lang='grc'><strong>23.</strong></span> 
     </span>
    </p>
   </div>
   <div class='ocr_carea' id='block_1_76' title="bbox 2105 1904 3678 1978">
    <p class='ocr_par' dir='ltr' id='par_1_76' title="bbox 2105 1904 3678 1978">
     <span class='ocr_line' id='line_1_76' title="bbox 2105 1904 3678 1978; baseline 0.001 -21"><span class='ocrx_word' id='word_1_566' title='bbox 2105 1904 2241 1974; x_wconf 86' lang='grc' dir='ltr'>βίου.</span> <span class='ocrx_word' id='word_1_567' title='bbox 2283 1905 2434 1959; x_wconf 79' lang='grc' dir='ltr'>Ἐπεὶ</span> <span class='ocrx_word' id='word_1_568' title='bbox 2462 1905 2557 1960; x_wconf 75' lang='grc' dir='ltr'>καὶ</span> <span class='ocrx_word' id='word_1_569' title='bbox 2580 1907 2608 1960; x_wconf 93' lang='lat'><strong>6</strong></span> <span class='ocrx_word' id='word_1_570' title='bbox 2641 1905 2961 1970; x_wconf 85' lang='grc' dir='ltr'>’Λπὸστολος</span> <span class='ocrx_word' id='word_1_571' title='bbox 2987 1907 3217 1976; x_wconf 75' lang='grc' dir='ltr'>ἠγωνία,</span> <span class='ocrx_word' id='word_1_572' title='bbox 3247 1909 3465 1978; x_wconf 77' lang='grc' dir='ltr'>μήπως,</span> <span class='ocrx_word' id='word_1_573' title='bbox 3497 1905 3678 1970; x_wconf 82' lang='grc' dir='ltr'>ἄλλοις</span> 
     </span>
    </p>
   </div>
   <div class='ocr_carea' id='block_1_77' title="bbox 2102 1993 3674 2066">
    <p class='ocr_par' dir='ltr' id='par_1_77' title="bbox 2102 1993 3674 2066">
     <span class='ocr_line' id='line_1_77' title="bbox 2102 1993 3674 2066; baseline 0.001 -20"><span class='ocrx_word' id='word_1_574' title='bbox 2102 1993 2365 2066; x_wconf 80' lang='grc' dir='ltr'>κηρύξας,</span> <span class='ocrx_word' id='word_1_575' title='bbox 2396 1993 2557 2057; x_wconf 77' lang='grc' dir='ltr'>αὐτὸς</span> <span class='ocrx_word' id='word_1_576' title='bbox 2591 1993 2847 2065; x_wconf 73' lang='grc' dir='ltr'>ἀδόκιμος</span> <span class='ocrx_word' id='word_1_577' title='bbox 2875 1993 3117 2066; x_wconf 86' lang='grc' dir='ltr'>γένηται.</span> <span class='ocrx_word' id='word_1_578' title='bbox 3149 1996 3363 2049; x_wconf 87' lang='grc' dir='ltr'>Λάκκον</span> <span class='ocrx_word' id='word_1_579' title='bbox 3391 1995 3446 2048; x_wconf 80' lang='grc' dir='ltr'>δὲ</span> <span class='ocrx_word' id='word_1_580' title='bbox 3479 1994 3674 2048; x_wconf 73' lang='grc' dir='ltr'>εἰώθα-</span> 
     </span>
    </p>
   </div>
   <div class='ocr_carea' id='block_1_78' title="bbox 2103 2085 3672 2158">
    <p class='ocr_par' dir='ltr' id='par_1_78' title="bbox 2103 2085 3672 2158">
     <span class='ocr_line' id='line_1_78' title="bbox 2103 2085 3672 2158; baseline 0.001 -21"><span class='ocrx_word' id='word_1_581' title='bbox 2103 2102 2185 2138; x_wconf 90' lang='grc' dir='ltr'><strong>σιν</strong></span> <span class='ocrx_word' id='word_1_582' title='bbox 2206 2087 2254 2137; x_wconf 83' lang='grc' dir='ltr'>οἱ</span> <span class='ocrx_word' id='word_1_583' title='bbox 2278 2085 2410 2138; x_wconf 80' lang='grc' dir='ltr'>θεῖοι</span> <span class='ocrx_word' id='word_1_584' title='bbox 2436 2085 2582 2153; x_wconf 84' lang='grc' dir='ltr'>λόγοι</span> <span class='ocrx_word' id='word_1_585' title='bbox 2610 2085 2896 2156; x_wconf 80' lang='grc' dir='ltr'>ὀνομάζειν</span> <span class='ocrx_word' id='word_1_586' title='bbox 2923 2086 2984 2139; x_wconf 85' lang='grc' dir='ltr'><strong>τδ</strong></span> <span class='ocrx_word' id='word_1_587' title='bbox 3014 2086 3121 2140; x_wconf 90' lang='grc' dir='ltr'><strong>τῶν</strong></span> <span class='ocrx_word' id='word_1_588' title='bbox 3145 2087 3334 2156; x_wconf 81' lang='grc' dir='ltr'>ψυχῶν</span> <span class='ocrx_word' id='word_1_589' title='bbox 3359 2087 3672 2158; x_wconf 77' lang='grc' dir='ltr'>οἰκητήριον</span> 
     </span>
    </p>
   </div>
   <div class='ocr_carea' id='block_1_79' title="bbox 2098 2173 3676 2248">
    <p class='ocr_par' dir='ltr' id='par_1_79' title="bbox 2098 2173 3676 2248">
     <span class='ocr_line' id='line_1_79' title="bbox 2098 2173 3676 2248; baseline 0 -21"><span class='ocrx_word' id='word_1_590' title='bbox 2098 2174 2160 2227; x_wconf 86' lang='grc' dir='ltr'>τὸ</span> <span class='ocrx_word' id='word_1_591' title='bbox 2192 2175 2251 2228; x_wconf 81' lang='grc' dir='ltr'>ὲν</span> <span class='ocrx_word' id='word_1_592' title='bbox 2288 2174 2366 2245; x_wconf 84' lang='grc' dir='ltr'>τῷ</span> <span class='ocrx_word' id='word_1_593' title='bbox 2392 2174 2707 2246; x_wconf 81' lang='grc' dir='ltr'>καλουμένῳ</span> <span class='ocrx_word' id='word_1_594' title='bbox 2739 2174 2866 2248; x_wconf 63' lang='grc' dir='ltr'>ᾆδῖγ</span> <span class='ocrx_word' id='word_1_595' title='bbox 2903 2174 2932 2228; x_wconf 86' lang='lat'><strong>6</strong></span> <span class='ocrx_word' id='word_1_596' title='bbox 2973 2174 3040 2246; x_wconf 81' lang='grc' dir='ltr'>δὴ</span> <span class='ocrx_word' id='word_1_597' title='bbox 3081 2175 3410 2247; x_wconf 85' lang='grc' dir='ltr'>παρίστησιν</span> <span class='ocrx_word' id='word_1_598' title='bbox 3450 2173 3610 2237; x_wconf 75' lang='grc' dir='ltr'>αὐτὸς</span> <span class='ocrx_word' id='word_1_599' title='bbox 3647 2175 3676 2227; x_wconf 92' lang='lat'><strong>6</strong></span> 
     </span>
    </p>
   </div>
   <div class='ocr_carea' id='block_1_80' title="bbox 2099 2263 3674 2336">
    <p class='ocr_par' dir='ltr' id='par_1_80' title="bbox 2099 2263 3674 2336">
     <span class='ocr_line' id='line_1_80' title="bbox 2099 2263 3674 2336; baseline 0.001 -20"><span class='ocrx_word' id='word_1_600' title='bbox 2099 2263 2260 2316; x_wconf 79' lang='grc' dir='ltr'><strong>Δαυῖδ</strong></span> <span class='ocrx_word' id='word_1_601' title='bbox 2285 2264 2384 2317; x_wconf 83' lang='grc' dir='ltr'>οὐκ</span> <span class='ocrx_word' id='word_1_602' title='bbox 2407 2266 2483 2326; x_wconf 88' lang='grc' dir='ltr'><strong>εἰς</strong></span> <span class='ocrx_word' id='word_1_603' title='bbox 2507 2263 2721 2336; x_wconf 76' lang='grc' dir='ltr'>μακρὰν</span> <span class='ocrx_word' id='word_1_604' title='bbox 2749 2266 2808 2317; x_wconf 82' lang='grc' dir='ltr'>ὲν</span> <span class='ocrx_word' id='word_1_605' title='bbox 2833 2263 2910 2335; x_wconf 83' lang='grc' dir='ltr'><strong>τῷ</strong></span> <span class='ocrx_word' id='word_1_606' title='bbox 2931 2264 3010 2318; x_wconf 86' lang='grc' dir='ltr'>κθ’</span> <span class='ocrx_word' id='word_1_607' title='bbox 3034 2263 3235 2335; x_wconf 82' lang='grc' dir='ltr'>ψαλμῷ</span> <span class='ocrx_word' id='word_1_608' title='bbox 3269 2264 3463 2332; x_wconf 83' lang='grc' dir='ltr'>λέγων·</span> <span class='ocrx_word' id='word_1_609' title='bbox 3498 2266 3674 2332; x_wconf 76' lang='grc' dir='ltr'>Κύριε</span> 
     </span>
    </p>
   </div>
   <div class='ocr_carea' id='block_1_81' title="bbox 2103 2350 3672 2426">
    <p class='ocr_par' dir='ltr' id='par_1_81' title="bbox 2103 2350 3672 2426">
     <span class='ocr_line' id='line_1_81' title="bbox 2103 2350 3672 2426; baseline 0.003 -20"><span class='ocrx_word' id='word_1_610' title='bbox 2103 2350 2134 2404; x_wconf 86' lang='grc' dir='ltr'>ὁ</span> <span class='ocrx_word' id='word_1_611' title='bbox 2164 2355 2307 2421; x_wconf 86' lang='grc' dir='ltr'>Θεός</span> <span class='ocrx_word' id='word_1_612' title='bbox 2333 2373 2466 2421; x_wconf 86' lang='grc' dir='ltr'>μου,</span> <span class='ocrx_word' id='word_1_613' title='bbox 2493 2354 2788 2426; x_wconf 77' lang='grc' dir='ltr'>ἐκέκραξα</span> <span class='ocrx_word' id='word_1_614' title='bbox 2819 2355 2968 2423; x_wconf 81' lang='grc' dir='ltr'>πρὸς</span> <span class='ocrx_word' id='word_1_615' title='bbox 2999 2356 3095 2420; x_wconf 86' lang='grc' dir='ltr'>σὲ,</span> <span class='ocrx_word' id='word_1_616' title='bbox 3125 2357 3221 2412; x_wconf 83' lang='grc' dir='ltr'>καὶ</span> <span class='ocrx_word' id='word_1_617' title='bbox 3257 2355 3404 2410; x_wconf 82' lang='grc' dir='ltr'>ὶάσω</span> <span class='ocrx_word' id='word_1_618' title='bbox 3425 2373 3524 2426; x_wconf 83' lang='grc' dir='ltr'><strong>με·</strong></span> <span class='ocrx_word' id='word_1_619' title='bbox 3553 2357 3672 2412; x_wconf 86' lang='grc' dir='ltr'><strong>Κύ-</strong></span> 
     </span>
    </p>
   </div>
   <div class='ocr_carea' id='block_1_82' title="bbox 2089 2445 3671 2518">
    <p class='ocr_par' dir='ltr' id='par_1_82' title="bbox 2089 2445 3671 2518">
     <span class='ocr_line' id='line_1_82' title="bbox 2089 2445 3671 2518; baseline 0.001 -19"><span class='ocrx_word' id='word_1_620' title='bbox 2089 2462 2202 2513; x_wconf 75' lang='grc' dir='ltr'>ριε,</span> <span class='ocrx_word' id='word_1_621' title='bbox 2223 2445 2519 2516; x_wconf 73' lang='grc' dir='ltr'><strong>ἀνήγαγες</strong></span> <span class='ocrx_word' id='word_1_622' title='bbox 2538 2445 2607 2510; x_wconf 78' lang='grc' dir='ltr'><strong>ἐξ</strong></span> <span class='ocrx_word' id='word_1_623' title='bbox 2630 2445 2777 2512; x_wconf 82' lang='grc' dir='ltr'>ᾅδου</span> <span class='ocrx_word' id='word_1_624' title='bbox 2805 2445 2920 2514; x_wconf 79' lang='grc' dir='ltr'>τὴν</span> <span class='ocrx_word' id='word_1_625' title='bbox 2945 2446 3156 2516; x_wconf 66' lang='grc' dir='ltr'>ψυχήν</span> <span class='ocrx_word' id='word_1_626' title='bbox 3178 2463 3316 2518; x_wconf 76' lang='grc' dir='ltr'>μου·</span> <span class='ocrx_word' id='word_1_627' title='bbox 3344 2445 3579 2512; x_wconf 80' lang='grc' dir='ltr'>ἐαωσάς</span> <span class='ocrx_word' id='word_1_628' title='bbox 3596 2463 3671 2516; x_wconf 83' lang='grc' dir='ltr'><strong>με</strong></span> 
     </span>
    </p>
   </div>
   <div class='ocr_carea' id='block_1_83' title="bbox 2097 2534 3674 2607">
    <p class='ocr_par' dir='ltr' id='par_1_83' title="bbox 2097 2534 3674 2607">
     <span class='ocr_line' id='line_1_83' title="bbox 2097 2534 3674 2607; baseline 0.001 -19"><span class='ocrx_word' id='word_1_629' title='bbox 2097 2535 2216 2588; x_wconf 76' lang='grc' dir='ltr'><strong>ἀπὸ</strong></span> <span class='ocrx_word' id='word_1_630' title='bbox 2250 2535 2368 2588; x_wconf 88' lang='grc' dir='ltr'><strong>τῶν</strong></span> <span class='ocrx_word' id='word_1_631' title='bbox 2395 2536 2874 2590; x_wconf 79' lang='grc' dir='ltr'>καταϐαινόντων</span> <span class='ocrx_word' id='word_1_632' title='bbox 2895 2537 2983 2601; x_wconf 85' lang='grc' dir='ltr'>εἱς</span> <span class='ocrx_word' id='word_1_633' title='bbox 3014 2534 3266 2590; x_wconf 77' lang='grc' dir='ltr'>λάκκον.</span> <span class='ocrx_word' id='word_1_634' title='bbox 3320 2535 3482 2607; x_wconf 79' lang='grc' dir='ltr'>Ὁρᾷς</span> <span class='ocrx_word' id='word_1_635' title='bbox 3524 2537 3674 2600; x_wconf 85' lang='grc' dir='ltr'>ὅπως</span> 
     </span>
    </p>
   </div>
   <div class='ocr_carea' id='block_1_84' title="bbox 2095 2625 3670 2699">
    <p class='ocr_par' dir='ltr' id='par_1_84' title="bbox 2095 2625 3670 2699">
     <span class='ocr_line' id='line_1_84' title="bbox 2095 2625 3670 2699; baseline -0.001 -20"><span class='ocrx_word' id='word_1_636' title='bbox 2095 2627 2186 2680; x_wconf 83' lang='grc' dir='ltr'>τὸν</span> <span class='ocrx_word' id='word_1_637' title='bbox 2213 2627 2347 2699; x_wconf 75' lang='grc' dir='ltr'>ᾅδην</span> <span class='ocrx_word' id='word_1_638' title='bbox 2375 2630 2469 2680; x_wconf 77' lang='grc' dir='ltr'>καὶ</span> <span class='ocrx_word' id='word_1_639' title='bbox 2501 2626 2590 2680; x_wconf 84' lang='grc' dir='ltr'>τὸν</span> <span class='ocrx_word' id='word_1_640' title='bbox 2617 2626 2817 2680; x_wconf 87' lang='grc' dir='ltr'>λάκκον</span> <span class='ocrx_word' id='word_1_641' title='bbox 2844 2627 2901 2680; x_wconf 83' lang='grc' dir='ltr'>ὲν</span> <span class='ocrx_word' id='word_1_642' title='bbox 2939 2625 3127 2696; x_wconf 79' lang='grc' dir='ltr'><strong>ταύτῷ</strong></span> <span class='ocrx_word' id='word_1_643' title='bbox 3155 2626 3242 2680; x_wconf 76' lang='grc' dir='ltr'><strong>διὰ</strong></span> <span class='ocrx_word' id='word_1_644' title='bbox 3278 2625 3479 2680; x_wconf 80' lang='grc' dir='ltr'>τούτων</span> <span class='ocrx_word' id='word_1_645' title='bbox 3506 2627 3670 2697; x_wconf 80' lang='grc' dir='ltr'>συνῆ-</span> 
     </span>
    </p>
   </div>
   <div class='ocr_carea' id='block_1_85' title="bbox 2095 2714 3674 2794">
    <p class='ocr_par' dir='ltr' id='par_1_85' title="bbox 2095 2714 3674 2794">
     <span class='ocr_line' id='line_1_85' title="bbox 2095 2714 3674 2794; baseline -0.002 -21"><span class='ocrx_word' id='word_1_646' title='bbox 2095 2720 2228 2792; x_wconf 89' lang='grc' dir='ltr'>ψεν;</span> <span class='ocrx_word' id='word_1_647' title='bbox 2259 2719 2397 2772; x_wconf 81' lang='grc' dir='ltr'>Ἀλλ’</span> <span class='ocrx_word' id='word_1_648' title='bbox 2419 2721 2477 2772; x_wconf 81' lang='grc' dir='ltr'>ὲν</span> <span class='ocrx_word' id='word_1_649' title='bbox 2502 2719 2600 2790; x_wconf 86' lang='grc' dir='ltr'>μὲν</span> <span class='ocrx_word' id='word_1_650' title='bbox 2627 2718 2706 2790; x_wconf 81' lang='grc' dir='ltr'>τῷ</span> <span class='ocrx_word' id='word_1_651' title='bbox 2733 2717 2870 2792; x_wconf 83' lang='grc' dir='ltr'>μετὰ</span> <span class='ocrx_word' id='word_1_652' title='bbox 2889 2721 3079 2794; x_wconf 84' lang='grc' dir='ltr'>χεῖρας</span> <span class='ocrx_word' id='word_1_653' title='bbox 3106 2717 3233 2788; x_wconf 81' lang='grc' dir='ltr'>βοὰς</span> <span class='ocrx_word' id='word_1_654' title='bbox 3265 2718 3401 2790; x_wconf 85' lang='grc' dir='ltr'>πρὸς</span> <span class='ocrx_word' id='word_1_655' title='bbox 3424 2717 3515 2771; x_wconf 77' lang='grc' dir='ltr'><strong>τὸν</strong></span> <span class='ocrx_word' id='word_1_656' title='bbox 3539 2714 3674 2770; x_wconf 74' lang='grc' dir='ltr'><strong>Θ;ὸν</strong></span> 
     </span>
    </p>
   </div>
   <div class='ocr_carea' id='block_1_86' title="bbox 2094 2809 3675 2884">
    <p class='ocr_par' dir='ltr' id='par_1_86' title="bbox 2094 2809 3675 2884">
     <span class='ocr_line' id='line_1_86' title="bbox 2094 2809 3675 2884; baseline -0.001 -18"><span class='ocrx_word' id='word_1_657' title='bbox 2094 2813 2338 2884; x_wconf 77' lang='grc' dir='ltr'>ἀφίησιν,</span> <span class='ocrx_word' id='word_1_658' title='bbox 2357 2811 2688 2884; x_wconf 74' lang='grc' dir='ltr'>παρακαλῶν</span> <span class='ocrx_word' id='word_1_659' title='bbox 2707 2812 2782 2884; x_wconf 83' lang='grc' dir='ltr'>μὴ</span> <span class='ocrx_word' id='word_1_660' title='bbox 2795 2811 3124 2882; x_wconf 79' lang='grc' dir='ltr'>ὁμοιωθῆναι</span> <span class='ocrx_word' id='word_1_661' title='bbox 3138 2813 3248 2874; x_wconf 85' lang='grc' dir='ltr'>τοῖς</span> <span class='ocrx_word' id='word_1_662' title='bbox 3261 2809 3585 2863; x_wconf 76' lang='grc' dir='ltr'>καταϐαίνου</span> <span class='ocrx_word' id='word_1_663' title='bbox 3593 2826 3675 2864; x_wconf 86' lang='grc' dir='ltr'><strong>σιν</strong></span> 
     </span>
    </p>
   </div>
   <div class='ocr_carea' id='block_1_87' title="bbox 2093 2901 3673 2976">
    <p class='ocr_par' dir='ltr' id='par_1_87' title="bbox 2093 2901 3673 2976">
     <span class='ocr_line' id='line_1_87' title="bbox 2093 2901 3673 2976; baseline -0.003 -16"><span class='ocrx_word' id='word_1_664' title='bbox 2093 2905 2175 2968; x_wconf 77' lang='grc' dir='ltr'><strong>είς</strong></span> <span class='ocrx_word' id='word_1_665' title='bbox 2201 2904 2418 2960; x_wconf 85' lang='grc' dir='ltr'>λάκκον·</span> <span class='ocrx_word' id='word_1_666' title='bbox 2439 2907 2496 2956; x_wconf 78' lang='grc' dir='ltr'>ὲν</span> <span class='ocrx_word' id='word_1_667' title='bbox 2518 2903 2575 2956; x_wconf 80' lang='grc' dir='ltr'>δὲ</span> <span class='ocrx_word' id='word_1_668' title='bbox 2594 2901 2670 2974; x_wconf 79' lang='grc' dir='ltr'>τῷ</span> <span class='ocrx_word' id='word_1_669' title='bbox 2692 2903 2895 2974; x_wconf 83' lang='grc' dir='ltr'>ὲννάτῳ</span> <span class='ocrx_word' id='word_1_670' title='bbox 2921 2903 3015 2958; x_wconf 72' lang='grc' dir='ltr'>καὶ</span> <span class='ocrx_word' id='word_1_671' title='bbox 3039 2903 3265 2976; x_wconf 83' lang='grc' dir='ltr'>εἰκοστῷ</span> <span class='ocrx_word' id='word_1_672' title='bbox 3285 2902 3673 2976; x_wconf 83' lang='grc' dir='ltr'>κατωρθῶσθαι</span> 
     </span>
    </p>
   </div>
   <div class='ocr_carea' id='block_1_88' title="bbox 2093 2994 3675 3068">
    <p class='ocr_par' dir='ltr' id='par_1_88' title="bbox 2093 2994 3675 3068">
     <span class='ocr_line' id='line_1_88' title="bbox 2093 2994 3675 3068; baseline 0 -18"><span class='ocrx_word' id='word_1_673' title='bbox 2093 2996 2244 3068; x_wconf 78' lang='grc' dir='ltr'><strong>αὖτῷ</strong></span> <span class='ocrx_word' id='word_1_674' title='bbox 2264 2997 2332 3052; x_wconf 80' lang='grc' dir='ltr'><strong>τά</strong></span> <span class='ocrx_word' id='word_1_675' title='bbox 2351 2997 2448 3067; x_wconf 82' lang='grc' dir='ltr'>τῆς</span> <span class='ocrx_word' id='word_1_676' title='bbox 2475 2995 2641 3066; x_wconf 77' lang='grc' dir='ltr'>εὐχῆς</span> <span class='ocrx_word' id='word_1_677' title='bbox 2661 2995 2898 3054; x_wconf 85' lang='grc' dir='ltr'>διδάσκει</span> <span class='ocrx_word' id='word_1_678' title='bbox 2929 2994 3122 3064; x_wconf 87' lang='grc' dir='ltr'>λέγων·</span> <span class='ocrx_word' id='word_1_679' title='bbox 3159 2997 3357 3066; x_wconf 82' lang='grc' dir='ltr'>Κύριε,</span> <span class='ocrx_word' id='word_1_680' title='bbox 3383 2996 3675 3065; x_wconf 73' lang='grc' dir='ltr'>ἐκέκραξα</span> 
     </span>
    </p>
   </div>
   <div class='ocr_carea' id='block_1_89' title="bbox 2025 3088 3676 3187">
    <p class='ocr_par' dir='ltr' id='par_1_89' title="bbox 2025 3088 3676 3187">
     <span class='ocr_line' id='line_1_89' title="bbox 2025 3088 3676 3187; baseline -0.001 -42"><span class='ocrx_word' id='word_1_681' title='bbox 2025 3129 2066 3187; x_wconf 78' lang='lat' dir='ltr'><strong><em>C</em></strong></span> <span class='ocrx_word' id='word_1_682' title='bbox 2099 3095 2249 3160; x_wconf 80' lang='grc' dir='ltr'>πρὸς</span> <span class='ocrx_word' id='word_1_683' title='bbox 2275 3088 2370 3152; x_wconf 83' lang='grc' dir='ltr'>σὲ,</span> <span class='ocrx_word' id='word_1_684' title='bbox 2408 3090 2508 3143; x_wconf 81' lang='grc' dir='ltr'>καὶ</span> <span class='ocrx_word' id='word_1_685' title='bbox 2535 3089 2685 3143; x_wconf 88' lang='grc' dir='ltr'>ίάσω</span> <span class='ocrx_word' id='word_1_686' title='bbox 2711 3106 2808 3159; x_wconf 83' lang='grc' dir='ltr'>με·</span> <span class='ocrx_word' id='word_1_687' title='bbox 2841 3089 3083 3158; x_wconf 80' lang='grc' dir='ltr'>ἕσωσάς</span> <span class='ocrx_word' id='word_1_688' title='bbox 3104 3109 3181 3162; x_wconf 83' lang='grc' dir='ltr'><strong>με</strong></span> <span class='ocrx_word' id='word_1_689' title='bbox 3205 3091 3320 3146; x_wconf 77' lang='grc' dir='ltr'><strong>ἀπὸ</strong></span> <span class='ocrx_word' id='word_1_690' title='bbox 3351 3089 3469 3144; x_wconf 88' lang='grc' dir='ltr'><strong>τῶν</strong></span> <span class='ocrx_word' id='word_1_691' title='bbox 3495 3107 3676 3144; x_wconf 81' lang='grc' dir='ltr'>κατα-</span> 
     </span>
    </p>
   </div>
   <div class='ocr_carea' id='block_1_90' title="bbox 2097 3182 3674 3257">
    <p class='ocr_par' dir='ltr' id='par_1_90' title="bbox 2097 3182 3674 3257">
     <span class='ocr_line' id='line_1_90' title="bbox 2097 3182 3674 3257; baseline -0.002 -18"><span class='ocrx_word' id='word_1_692' title='bbox 2097 3184 2423 3257; x_wconf 77' lang='grc' dir='ltr'>ϐαινόντων</span> <span class='ocrx_word' id='word_1_693' title='bbox 2456 3185 2543 3250; x_wconf 79' lang='grc' dir='ltr'>εις</span> <span class='ocrx_word' id='word_1_694' title='bbox 2570 3182 2824 3239; x_wconf 80' lang='grc' dir='ltr'>λάκκον.</span> <span class='ocrx_word' id='word_1_695' title='bbox 2861 3183 3164 3256; x_wconf 71' lang='grc' dir='ltr'>Προσφυῶς</span> <span class='ocrx_word' id='word_1_696' title='bbox 3195 3184 3252 3238; x_wconf 86' lang='grc' dir='ltr'>δὲ</span> <span class='ocrx_word' id='word_1_697' title='bbox 3296 3183 3496 3248; x_wconf 81' lang='grc' dir='ltr'>λάκκος</span> <span class='ocrx_word' id='word_1_698' title='bbox 3541 3183 3674 3236; x_wconf 84' lang='grc' dir='ltr'><strong>ὠνό-</strong></span> 
     </span>
    </p>
   </div>
   <div class='ocr_carea' id='block_1_91' title="bbox 2103 3273 3677 3349">
    <p class='ocr_par' dir='ltr' id='par_1_91' title="bbox 2103 3273 3677 3349">
     <span class='ocr_line' id='line_1_91' title="bbox 2103 3273 3677 3349; baseline -0.002 -18"><span class='ocrx_word' id='word_1_699' title='bbox 2103 3291 2305 3348; x_wconf 82' lang='grc' dir='ltr'>μασται</span> <span class='ocrx_word' id='word_1_700' title='bbox 2343 3274 2403 3330; x_wconf 81' lang='grc' dir='ltr'>τὸ</span> <span class='ocrx_word' id='word_1_701' title='bbox 2428 3277 2484 3330; x_wconf 83' lang='grc' dir='ltr'>ὲν</span> <span class='ocrx_word' id='word_1_702' title='bbox 2513 3273 2591 3347; x_wconf 78' lang='grc' dir='ltr'><strong>τῷ</strong></span> <span class='ocrx_word' id='word_1_703' title='bbox 2613 3276 2714 3349; x_wconf 75' lang='grc' dir='ltr'><strong>ᾄδῃ</strong></span> <span class='ocrx_word' id='word_1_704' title='bbox 2736 3275 2844 3328; x_wconf 92' lang='grc' dir='ltr'><strong>τῶν</strong></span> <span class='ocrx_word' id='word_1_705' title='bbox 2871 3274 3059 3345; x_wconf 87' lang='grc' dir='ltr'>ψυχῶν</span> <span class='ocrx_word' id='word_1_706' title='bbox 3081 3275 3411 3346; x_wconf 84' lang='grc' dir='ltr'>οἰκητήριον.</span> <span class='ocrx_word' id='word_1_707' title='bbox 3453 3275 3542 3338; x_wconf 82' lang='grc' dir='ltr'>Ὠς</span> <span class='ocrx_word' id='word_1_708' title='bbox 3567 3275 3677 3346; x_wconf 78' lang='grc' dir='ltr'><strong>γὰρ</strong></span> 
     </span>
    </p>
   </div>
   <div class='ocr_carea' id='block_1_92' title="bbox 2099 3365 3675 3437">
    <p class='ocr_par' dir='ltr' id='par_1_92' title="bbox 2099 3365 3675 3437">
     <span class='ocr_line' id='line_1_92' title="bbox 2099 3365 3675 3437; baseline -0.001 -17"><span class='ocrx_word' id='word_1_709' title='bbox 2099 3369 2128 3420; x_wconf 92' lang='lat'><strong>6</strong></span> <span class='ocrx_word' id='word_1_710' title='bbox 2161 3367 2361 3430; x_wconf 87' lang='grc' dir='ltr'>λάκκος</span> <span class='ocrx_word' id='word_1_711' title='bbox 2394 3367 2598 3437; x_wconf 88' lang='grc' dir='ltr'>δοχεῖόν</span> <span class='ocrx_word' id='word_1_712' title='bbox 2637 3369 2752 3420; x_wconf 72' lang='grc' dir='ltr'>ἐστι</span> <span class='ocrx_word' id='word_1_713' title='bbox 2792 3367 2898 3420; x_wconf 91' lang='grc' dir='ltr'><strong>τῶν</strong></span> <span class='ocrx_word' id='word_1_714' title='bbox 2941 3367 3143 3421; x_wconf 78' lang='grc' dir='ltr'>ἄνωθεν</span> <span class='ocrx_word' id='word_1_715' title='bbox 3178 3367 3271 3419; x_wconf 74' lang='grc' dir='ltr'>καὶ</span> <span class='ocrx_word' id='word_1_716' title='bbox 3308 3365 3368 3431; x_wconf 76' lang='grc' dir='ltr'>ἐξ</span> <span class='ocrx_word' id='word_1_717' title='bbox 3401 3365 3565 3435; x_wconf 72' lang='grc' dir='ltr'>ὕψους</span> <span class='ocrx_word' id='word_1_718' title='bbox 3594 3367 3675 3430; x_wconf 86' lang='grc' dir='ltr'>εἰς</span> 
     </span>
    </p>
   </div>
   <div class='ocr_carea' id='block_1_93' title="bbox 2100 3457 3676 3530">
    <p class='ocr_par' dir='ltr' id='par_1_93' title="bbox 2100 3457 3676 3530">
     <span class='ocr_line' id='line_1_93' title="bbox 2100 3457 3676 3530; baseline 0.001 -20"><span class='ocrx_word' id='word_1_719' title='bbox 2100 3457 2258 3511; x_wconf 79' lang='grc' dir='ltr'>αὑτὸν</span> <span class='ocrx_word' id='word_1_720' title='bbox 2293 3457 2750 3528; x_wconf 79' lang='grc' dir='ltr'>καταφερομένων</span> <span class='ocrx_word' id='word_1_721' title='bbox 2783 3459 3008 3512; x_wconf 77' lang='grc' dir='ltr'><strong>ὑδάτων⁹</strong></span> <span class='ocrx_word' id='word_1_722' title='bbox 3047 3457 3140 3510; x_wconf 80' lang='grc' dir='ltr'><strong>τὸν</strong></span> <span class='ocrx_word' id='word_1_723' title='bbox 3165 3459 3327 3511; x_wconf 77' lang='grc' dir='ltr'>αὐτὸν</span> <span class='ocrx_word' id='word_1_724' title='bbox 3358 3459 3556 3530; x_wconf 82' lang='grc' dir='ltr'>τρόπον</span> <span class='ocrx_word' id='word_1_725' title='bbox 3582 3459 3676 3511; x_wconf 71' lang='grc' dir='ltr'>καὶ</span> 
     </span>
    </p>
   </div>
   <div class='ocr_carea' id='block_1_94' title="bbox 2100 3548 3676 3623">
    <p class='ocr_par' dir='ltr' id='par_1_94' title="bbox 2100 3548 3676 3623">
     <span class='ocr_line' id='line_1_94' title="bbox 2100 3548 3676 3623; baseline 0 -21"><span class='ocrx_word' id='word_1_726' title='bbox 2100 3551 2129 3602; x_wconf 91' lang='lat'><strong>6</strong></span> <span class='ocrx_word' id='word_1_727' title='bbox 2157 3548 2250 3602; x_wconf 82' lang='grc' dir='ltr'><strong>τοῦ</strong></span> <span class='ocrx_word' id='word_1_728' title='bbox 2281 3549 2511 3604; x_wconf 87' lang='grc' dir='ltr'>θανάτου</span> <span class='ocrx_word' id='word_1_729' title='bbox 2539 3551 2736 3622; x_wconf 89' lang='grc' dir='ltr'>χῶρος,</span> <span class='ocrx_word' id='word_1_730' title='bbox 2764 3553 2793 3604; x_wconf 94' lang='lat'><strong>6</strong></span> <span class='ocrx_word' id='word_1_731' title='bbox 2825 3549 3157 3623; x_wconf 77' lang='grc' dir='ltr'>καλούμενος</span> <span class='ocrx_word' id='word_1_732' title='bbox 3183 3549 3315 3622; x_wconf 74' lang='grc' dir='ltr'>ᾅδης</span> <span class='ocrx_word' id='word_1_733' title='bbox 3342 3550 3438 3612; x_wconf 77' lang='grc' dir='ltr'><strong>τὰς</strong></span> <span class='ocrx_word' id='word_1_734' title='bbox 3470 3549 3676 3603; x_wconf 86' lang='grc' dir='ltr'>ἄνωθεν</span> 
     </span>
    </p>
   </div>
   <div class='ocr_carea' id='block_1_95' title="bbox 2101 3640 3676 3713">
    <p class='ocr_par' dir='ltr' id='par_1_95' title="bbox 2101 3640 3676 3713">
     <span class='ocr_line' id='line_1_95' title="bbox 2101 3640 3676 3713; baseline -0.001 -17"><span class='ocrx_word' id='word_1_735' title='bbox 2101 3642 2208 3696; x_wconf 77' lang='grc' dir='ltr'><strong>ἀπὸ</strong></span> <span class='ocrx_word' id='word_1_736' title='bbox 2238 3641 2330 3695; x_wconf 79' lang='grc' dir='ltr'><strong>τοῦ</strong></span> <span class='ocrx_word' id='word_1_737' title='bbox 2360 3641 2467 3695; x_wconf 90' lang='grc' dir='ltr'><strong>τῶν</strong></span> <span class='ocrx_word' id='word_1_738' title='bbox 2495 3640 2797 3713; x_wconf 83' lang='grc' dir='ltr'>ἀνθρώπων</span> <span class='ocrx_word' id='word_1_739' title='bbox 2837 3641 2954 3712; x_wconf 86' lang='grc' dir='ltr'>βίου</span> <span class='ocrx_word' id='word_1_740' title='bbox 2989 3645 3067 3706; x_wconf 83' lang='grc' dir='ltr'><strong>είς</strong></span> <span class='ocrx_word' id='word_1_741' title='bbox 3098 3641 3260 3695; x_wconf 78' lang='grc' dir='ltr'>αὑτὸν</span> <span class='ocrx_word' id='word_1_742' title='bbox 3300 3641 3676 3712; x_wconf 75' lang='grc' dir='ltr'>καταφερομέ-</span> 
     </span>
    </p>
   </div>
   <div class='ocr_carea' id='block_1_96' title="bbox 2101 3732 3674 3806">
    <p class='ocr_par' dir='ltr' id='par_1_96' title="bbox 2101 3732 3674 3806">
     <span class='ocr_line' id='line_1_96' title="bbox 2101 3732 3674 3806; baseline 0.001 -21"><span class='ocrx_word' id='word_1_743' title='bbox 2101 3750 2198 3796; x_wconf 90' lang='grc' dir='ltr'><strong>νας</strong></span> <span class='ocrx_word' id='word_1_744' title='bbox 2221 3732 2398 3804; x_wconf 83' lang='grc' dir='ltr'>ψυχὰς</span> <span class='ocrx_word' id='word_1_745' title='bbox 2429 3732 2840 3804; x_wconf 77' lang='grc' dir='ltr'>ὑποδεχόμενος,</span> <span class='ocrx_word' id='word_1_746' title='bbox 2887 3732 3182 3806; x_wconf 73' lang='grc' dir='ltr'>προσφυῶς</span> <span class='ocrx_word' id='word_1_747' title='bbox 3224 3734 3424 3797; x_wconf 86' lang='grc' dir='ltr'>λάκκος</span> <span class='ocrx_word' id='word_1_748' title='bbox 3457 3735 3674 3804; x_wconf 81' lang='grc' dir='ltr'>ὠνόμα-</span> 
     </span>
    </p>
   </div>
   <div class='ocr_carea' id='block_1_97' title="bbox 2105 3824 3677 3898">
    <p class='ocr_par' dir='ltr' id='par_1_97' title="bbox 2105 3824 3677 3898">
     <span class='ocr_line' id='line_1_97' title="bbox 2105 3824 3677 3898; baseline 0.003 -21"><span class='ocrx_word' id='word_1_749' title='bbox 2105 3841 2248 3878; x_wconf 89' lang='grc' dir='ltr'>σται.</span> <span class='ocrx_word' id='word_1_750' title='bbox 2303 3824 2620 3896; x_wconf 88' lang='grc' dir='ltr'>Παρακαλεῖ</span> <span class='ocrx_word' id='word_1_751' title='bbox 2662 3825 2842 3878; x_wconf 84' lang='grc' dir='ltr'>τοίνυν</span> <span class='ocrx_word' id='word_1_752' title='bbox 2886 3826 2960 3897; x_wconf 86' lang='grc' dir='ltr'>μὴ</span> <span class='ocrx_word' id='word_1_753' title='bbox 3013 3826 3436 3898; x_wconf 52' lang='grc' dir='ltr'>σονελκυσθᾷιαι</span> <span class='ocrx_word' id='word_1_754' title='bbox 3470 3829 3549 3891; x_wconf 83' lang='grc' dir='ltr'><strong>εἰς</strong></span> <span class='ocrx_word' id='word_1_755' title='bbox 3585 3827 3677 3882; x_wconf 82' lang='grc' dir='ltr'>τὸν</span> 
     </span>
    </p>
   </div>
   <div class='ocr_carea' id='block_1_98' title="bbox 2101 3916 3676 3988">
    <p class='ocr_par' dir='ltr' id='par_1_98' title="bbox 2101 3916 3676 3988">
     <span class='ocr_line' id='line_1_98' title="bbox 2101 3916 3676 3988; baseline 0.001 -18"><span class='ocrx_word' id='word_1_756' title='bbox 2101 3916 2466 3988; x_wconf 83' lang='grc' dir='ltr'>δεδηλωμένον</span> <span class='ocrx_word' id='word_1_757' title='bbox 2490 3917 2712 3972; x_wconf 87' lang='grc' dir='ltr'>λάκκον.</span> <span class='ocrx_word' id='word_1_758' title='bbox 2738 3917 2908 3974; x_wconf 82' lang='grc' dir='ltr'>Τοῦτο</span> <span class='ocrx_word' id='word_1_759' title='bbox 2927 3918 3002 3984; x_wconf 85' lang='grc' dir='ltr'>δὲ,</span> <span class='ocrx_word' id='word_1_760' title='bbox 3029 3919 3212 3988; x_wconf 65' lang='grc' dir='ltr'>φησιν,</span> <span class='ocrx_word' id='word_1_761' title='bbox 3235 3917 3408 3982; x_wconf 79' lang='grc' dir='ltr'>ἔσται,</span> <span class='ocrx_word' id='word_1_762' title='bbox 3427 3921 3475 3972; x_wconf 85' lang='grc' dir='ltr'>εἱ</span> <span class='ocrx_word' id='word_1_763' title='bbox 3493 3920 3676 3988; x_wconf 85' lang='grc' dir='ltr'>ὅμοιος</span> 
     </span>
    </p>
   </div>
   <div class='ocr_carea' id='block_1_99' title="bbox 2103 4008 3679 4082">
    <p class='ocr_par' dir='ltr' id='par_1_99' title="bbox 2103 4008 3679 4082">
     <span class='ocr_line' id='line_1_99' title="bbox 2103 4008 3679 4082; baseline 0.003 -22"><span class='ocrx_word' id='word_1_764' title='bbox 2103 4008 2362 4080; x_wconf 85' lang='grc' dir='ltr'>γενοίμην</span> <span class='ocrx_word' id='word_1_765' title='bbox 2386 4011 2500 4073; x_wconf 80' lang='grc' dir='ltr'>τοῖς</span> <span class='ocrx_word' id='word_1_766' title='bbox 2519 4009 2724 4073; x_wconf 89' lang='grc' dir='ltr'>λοιποῖς</span> <span class='ocrx_word' id='word_1_767' title='bbox 2747 4008 3054 4082; x_wconf 84' lang='grc' dir='ltr'>ἀνθρώποις</span> <span class='ocrx_word' id='word_1_768' title='bbox 3081 4013 3192 4074; x_wconf 85' lang='grc' dir='ltr'>τοῖς</span> <span class='ocrx_word' id='word_1_769' title='bbox 3223 4011 3298 4082; x_wconf 78' lang='grc' dir='ltr'>μὴ</span> <span class='ocrx_word' id='word_1_770' title='bbox 3329 4011 3679 4082; x_wconf 81' lang='grc' dir='ltr'>είσακουομέ-</span> 
     </span>
    </p>
   </div>
   <div class='ocr_carea' id='block_1_100' title="bbox 2102 4101 3679 4175">
    <p class='ocr_par' dir='ltr' id='par_1_100' title="bbox 2102 4101 3679 4175">
     <span class='ocr_line' id='line_1_100' title="bbox 2102 4101 3679 4175; baseline 0.001 -21"><span class='ocrx_word' id='word_1_771' title='bbox 2102 4118 2213 4166; x_wconf 87' lang='grc' dir='ltr'>νοις</span> <span class='ocrx_word' id='word_1_772' title='bbox 2235 4102 2340 4154; x_wconf 81' lang='grc' dir='ltr'>ὑπὸ</span> <span class='ocrx_word' id='word_1_773' title='bbox 2360 4101 2473 4154; x_wconf 80' lang='grc' dir='ltr'>σοῦ·</span> <span class='ocrx_word' id='word_1_774' title='bbox 2497 4102 2525 4154; x_wconf 85' lang='grc' dir='ltr'><strong>δ</strong></span> <span class='ocrx_word' id='word_1_775' title='bbox 2548 4103 2611 4172; x_wconf 84' lang='grc' dir='ltr'>δὴ</span> <span class='ocrx_word' id='word_1_776' title='bbox 2636 4105 2859 4172; x_wconf 84' lang='grc' dir='ltr'>σημεῖον</span> <span class='ocrx_word' id='word_1_777' title='bbox 2882 4103 3137 4172; x_wconf 83' lang='grc' dir='ltr'>τυγχάνει</span> <span class='ocrx_word' id='word_1_778' title='bbox 3156 4104 3254 4173; x_wconf 82' lang='grc' dir='ltr'>τῆς</span> <span class='ocrx_word' id='word_1_779' title='bbox 3287 4104 3385 4175; x_wconf 84' lang='grc' dir='ltr'>σῆς</span> <span class='ocrx_word' id='word_1_780' title='bbox 3414 4104 3679 4174; x_wconf 81' lang='grc' dir='ltr'>ἀποστρο-</span> 
     </span>
    </p>
   </div>
   <div class='ocr_carea' id='block_1_101' title="bbox 2104 4194 3678 4266">
    <p class='ocr_par' dir='ltr' id='par_1_101' title="bbox 2104 4194 3678 4266">
     <span class='ocr_line' id='line_1_101' title="bbox 2104 4194 3678 4266; baseline 0 -16"><span class='ocrx_word' id='word_1_781' title='bbox 2104 4196 2233 4266; x_wconf 78' lang='grc' dir='ltr'>φῆς.</span> <span class='ocrx_word' id='word_1_782' title='bbox 2275 4195 2418 4248; x_wconf 76' lang='grc' dir='ltr'>Ἀντὶ</span> <span class='ocrx_word' id='word_1_783' title='bbox 2443 4195 2500 4248; x_wconf 82' lang='grc' dir='ltr'>δὲ</span> <span class='ocrx_word' id='word_1_784' title='bbox 2535 4195 2650 4248; x_wconf 80' lang='grc' dir='ltr'>τοῦ’</span> <span class='ocrx_word' id='word_1_785' title='bbox 2687 4194 2784 4263; x_wconf 81' lang='grc' dir='ltr'><strong>Μὴ</strong></span> <span class='ocrx_word' id='word_1_786' title='bbox 2817 4195 3294 4264; x_wconf 81' lang='grc' dir='ltr'>παρασιωπήσῃς</span> <span class='ocrx_word' id='word_1_787' title='bbox 3320 4197 3420 4258; x_wconf 77' lang='grc' dir='ltr'><strong>ἀπ’</strong></span> <span class='ocrx_word' id='word_1_788' title='bbox 3447 4197 3615 4266; x_wconf 78' lang='grc' dir='ltr'>ἐμοῦ,</span> <span class='ocrx_word' id='word_1_789' title='bbox 3648 4199 3678 4250; x_wconf 91' lang='lat'><strong>6</strong></span> 
     </span>
    </p>
   </div>
   <div class='ocr_carea' id='block_1_102' title="bbox 2105 4287 3677 4360">
    <p class='ocr_par' dir='ltr' id='par_1_102' title="bbox 2105 4287 3677 4360">
     <span class='ocr_line' id='line_1_102' title="bbox 2105 4287 3677 4360; baseline 0.001 -20"><span class='ocrx_word' id='word_1_790' title='bbox 2105 4287 2421 4359; x_wconf 79' lang='grc' dir='ltr'>Σύμμαχος,</span> <span class='ocrx_word' id='word_1_791' title='bbox 2438 4287 2523 4357; x_wconf 80' lang='grc' dir='ltr'>μὴ</span> <span class='ocrx_word' id='word_1_792' title='bbox 2550 4287 2813 4359; x_wconf 77' lang='grc' dir='ltr'>σιγήσῃς</span> <span class='ocrx_word' id='word_1_793' title='bbox 2837 4288 2905 4352; x_wconf 81' lang='grc' dir='ltr'><strong>ἐξ</strong></span> <span class='ocrx_word' id='word_1_794' title='bbox 2927 4289 3092 4357; x_wconf 85' lang='grc' dir='ltr'>ἐμοῦ,</span> <span class='ocrx_word' id='word_1_795' title='bbox 3119 4289 3269 4358; x_wconf 73' lang='grc' dir='ltr'>φησί’</span> <span class='ocrx_word' id='word_1_796' title='bbox 3295 4291 3526 4360; x_wconf 78' lang='grc' dir='ltr'>μήποτε,</span> <span class='ocrx_word' id='word_1_797' title='bbox 3550 4290 3677 4359; x_wconf 80' lang='grc' dir='ltr'>ἡσυ-</span> 
     </span>
    </p>
   </div>
   <div class='ocr_carea' id='block_1_103' title="bbox 2104 4380 3677 4452">
    <p class='ocr_par' dir='ltr' id='par_1_103' title="bbox 2104 4380 3677 4452">
     <span class='ocr_line' id='line_1_103' title="bbox 2104 4380 3677 4452; baseline 0 -18"><span class='ocrx_word' id='word_1_798' title='bbox 2104 4380 2368 4451; x_wconf 88' lang='grc' dir='ltr'>χάσαντός</span> <span class='ocrx_word' id='word_1_799' title='bbox 2398 4397 2491 4433; x_wconf 92' lang='grc' dir='ltr'><strong>σου</strong></span> <span class='ocrx_word' id='word_1_800' title='bbox 2516 4380 2716 4435; x_wconf 81' lang='grc' dir='ltr'>άποθέν</span> <span class='ocrx_word' id='word_1_801' title='bbox 2742 4397 2864 4450; x_wconf 86' lang='grc' dir='ltr'>μου,</span> <span class='ocrx_word' id='word_1_802' title='bbox 2894 4380 3145 4452; x_wconf 83' lang='grc' dir='ltr'>ὁμοιωθῶ</span> <span class='ocrx_word' id='word_1_803' title='bbox 3175 4383 3286 4445; x_wconf 78' lang='grc' dir='ltr'>τοῖς</span> <span class='ocrx_word' id='word_1_804' title='bbox 3316 4381 3677 4435; x_wconf 77' lang='grc' dir='ltr'>καταῦαίνου-</span> 
     </span>
    </p>
   </div>
   <div class='ocr_carea' id='block_1_104' title="bbox 2105 4471 2542 4534">
    <p class='ocr_par' dir='ltr' id='par_1_104' title="bbox 2105 4471 2542 4534">
     <span class='ocr_line' id='line_1_104' title="bbox 2105 4471 2542 4534; baseline 0.005 -12"><span class='ocrx_word' id='word_1_805' title='bbox 2105 4487 2191 4523; x_wconf 88' lang='grc' dir='ltr'><strong>σιν</strong></span> <span class='ocrx_word' id='word_1_806' title='bbox 2217 4473 2298 4534; x_wconf 83' lang='grc' dir='ltr'>εἰς</span> <span class='ocrx_word' id='word_1_807' title='bbox 2321 4471 2542 4526; x_wconf 87' lang='grc' dir='ltr'>λάκκον.</span> 
     </span>
    </p>
   </div>
   <div class='ocr_carea' id='block_1_105' title="bbox 2171 4560 3679 4634">
    <p class='ocr_par' dir='ltr' id='par_1_105' title="bbox 2171 4560 3679 4634">
     <span class='ocr_line' id='line_1_105' title="bbox 2171 4560 3679 4634; baseline 0.003 -21"><span class='ocrx_word' id='word_1_808' title='bbox 2171 4561 2293 4613; x_wconf 88' lang='grc' dir='ltr'>Ὅτι</span> <span class='ocrx_word' id='word_1_809' title='bbox 2323 4563 2395 4615; x_wconf 82' lang='grc' dir='ltr'>οὐ</span> <span class='ocrx_word' id='word_1_810' title='bbox 2427 4560 2706 4629; x_wconf 79' lang='grc' dir='ltr'>συνῆκαν</span> <span class='ocrx_word' id='word_1_811' title='bbox 2729 4565 2816 4628; x_wconf 81' lang='grc' dir='ltr'><strong>είς</strong></span> <span class='ocrx_word' id='word_1_812' title='bbox 2843 4563 2914 4618; x_wconf 84' lang='grc' dir='ltr'>τὰ</span> <span class='ocrx_word' id='word_1_813' title='bbox 2939 4563 3082 4633; x_wconf 78' lang='grc' dir='ltr'>ἔργα</span> <span class='ocrx_word' id='word_1_814' title='bbox 3110 4565 3350 4634; x_wconf 80' lang='grc' dir='ltr'>Κυρίου,</span> <span class='ocrx_word' id='word_1_815' title='bbox 3378 4565 3476 4621; x_wconf 79' lang='grc' dir='ltr'>καὶ</span> <span class='ocrx_word' id='word_1_816' title='bbox 3501 4567 3587 4630; x_wconf 84' lang='grc' dir='ltr'>εις</span> <span class='ocrx_word' id='word_1_817' title='bbox 3608 4563 3679 4617; x_wconf 80' lang='grc' dir='ltr'>τὰ</span> 
     </span>
    </p>
   </div>
   <div class='ocr_carea' id='block_1_106' title="bbox 2097 4650 3679 4722">
    <p class='ocr_par' dir='ltr' id='par_1_106' title="bbox 2097 4650 3679 4722">
     <span class='ocr_line' id='line_1_106' title="bbox 2097 4650 3679 4722; baseline 0.003 -16"><span class='ocrx_word' id='word_1_818' title='bbox 2097 4652 2240 4721; x_wconf 73' lang='grc' dir='ltr'>ἔργα</span> <span class='ocrx_word' id='word_1_819' title='bbox 2277 4650 2394 4705; x_wconf 80' lang='grc' dir='ltr'><strong>τῶν</strong></span> <span class='ocrx_word' id='word_1_820' title='bbox 2425 4651 2640 4721; x_wconf 84' lang='grc' dir='ltr'>χειρῶν</span> <span class='ocrx_word' id='word_1_821' title='bbox 2676 4654 2882 4717; x_wconf 82' lang='grc' dir='ltr'>αὐτοῦ,</span> <span class='ocrx_word' id='word_1_822' title='bbox 2914 4655 3185 4722; x_wconf 76' lang='grc' dir='ltr'>καθελεῖς</span> <span class='ocrx_word' id='word_1_823' title='bbox 3213 4656 3455 4721; x_wconf 83' lang='grc' dir='ltr'>αὐτοὺς,</span> <span class='ocrx_word' id='word_1_824' title='bbox 3480 4656 3576 4720; x_wconf 76' lang='grc' dir='ltr'>καὶ</span> <span class='ocrx_word' id='word_1_825' title='bbox 3607 4658 3679 4710; x_wconf 85' lang='grc' dir='ltr'>οὐ</span> 
     </span>
    </p>
   </div>
   <div class='ocr_carea' id='block_1_107' title="bbox 2093 4741 3679 4816">
    <p class='ocr_par' dir='ltr' id='par_1_107' title="bbox 2093 4741 3679 4816">
     <span class='ocr_line' id='line_1_107' title="bbox 2093 4741 3679 4816; baseline 0.001 -22"><span class='ocrx_word' id='word_1_826' title='bbox 2093 4741 2180 4811; x_wconf 78' lang='grc' dir='ltr'>μὴ</span> <span class='ocrx_word' id='word_1_827' title='bbox 2217 4741 2631 4812; x_wconf 80' lang='grc' dir='ltr'>οἱκοδομήσεις</span> <span class='ocrx_word' id='word_1_828' title='bbox 2665 4745 2905 4809; x_wconf 84' lang='grc' dir='ltr'>αὐτούς.</span> <span class='ocrx_word' id='word_1_829' title='bbox 2957 4744 3134 4814; x_wconf 86' lang='grc' dir='ltr'>Ἔργα</span> <span class='ocrx_word' id='word_1_830' title='bbox 3167 4744 3222 4796; x_wconf 84' lang='grc' dir='ltr'>δὲ</span> <span class='ocrx_word' id='word_1_831' title='bbox 3267 4744 3474 4816; x_wconf 84' lang='grc' dir='ltr'>Κυρίου</span> <span class='ocrx_word' id='word_1_832' title='bbox 3506 4743 3679 4807; x_wconf 80' lang='grc' dir='ltr'>εἴποις</span> 
     </span>
    </p>
   </div>
   <div class='ocr_carea' id='block_1_108' title="bbox 2101 4834 3678 4906">
    <p class='ocr_par' dir='ltr' id='par_1_108' title="bbox 2101 4834 3678 4906">
     <span class='ocr_line' id='line_1_108' title="bbox 2101 4834 3678 4906; baseline 0 -18"><span class='ocrx_word' id='word_1_833' title='bbox 2101 4834 2166 4888; x_wconf 81' lang='grc' dir='ltr'>ἂν</span> <span class='ocrx_word' id='word_1_834' title='bbox 2205 4834 2303 4906; x_wconf 82' lang='grc' dir='ltr'>τὴν</span> <span class='ocrx_word' id='word_1_835' title='bbox 2347 4835 2454 4887; x_wconf 93' lang='grc' dir='ltr'><strong>τῶν</strong></span> <span class='ocrx_word' id='word_1_836' title='bbox 2484 4835 2725 4906; x_wconf 85' lang='grc' dir='ltr'>γενητῶν</span> <span class='ocrx_word' id='word_1_837' title='bbox 2758 4837 2972 4890; x_wconf 89' lang='grc' dir='ltr'>πάντων</span> <span class='ocrx_word' id='word_1_838' title='bbox 3006 4837 3322 4902; x_wconf 80' lang='grc' dir='ltr'>ὑπόστασιν,</span> <span class='ocrx_word' id='word_1_839' title='bbox 3362 4837 3484 4891; x_wconf 83' lang='grc' dir='ltr'>καθ’</span> <span class='ocrx_word' id='word_1_840' title='bbox 3512 4837 3581 4906; x_wconf 82' lang='grc' dir='ltr'>ἢν</span> <span class='ocrx_word' id='word_1_841' title='bbox 3621 4836 3678 4902; x_wconf 79' lang='grc' dir='ltr'>ἐξ</span> 
     </span>
    </p>
   </div>
   <div class='ocr_carea' id='block_1_109' title="bbox 2102 4923 3679 4999">
    <p class='ocr_par' dir='ltr' id='par_1_109' title="bbox 2102 4923 3679 4999">
     <span class='ocr_line' id='line_1_109' title="bbox 2102 4923 3679 4999; baseline 0 -19"><span class='ocrx_word' id='word_1_842' title='bbox 2102 4925 2202 4980; x_wconf 78' lang='grc' dir='ltr'>οὐκ</span> <span class='ocrx_word' id='word_1_843' title='bbox 2227 4925 2395 4979; x_wconf 71' lang='grc' dir='ltr'>ὅντων</span> <span class='ocrx_word' id='word_1_844' title='bbox 2426 4928 2506 4990; x_wconf 84' lang='grc' dir='ltr'>εἰς</span> <span class='ocrx_word' id='word_1_845' title='bbox 2550 4928 2611 4980; x_wconf 82' lang='grc' dir='ltr'><strong>τὸ</strong></span> <span class='ocrx_word' id='word_1_846' title='bbox 2651 4923 2786 4981; x_wconf 79' lang='grc' dir='ltr'>εἶναι</span> <span class='ocrx_word' id='word_1_847' title='bbox 2830 4928 2898 4981; x_wconf 84' lang='grc' dir='ltr'>τὰ</span> <span class='ocrx_word' id='word_1_848' title='bbox 2938 4929 3114 4982; x_wconf 85' lang='grc' dir='ltr'>πάντα</span> <span class='ocrx_word' id='word_1_849' title='bbox 3145 4930 3462 4999; x_wconf 78' lang='grc' dir='ltr'>παρήγαγεν</span> <span class='ocrx_word' id='word_1_850' title='bbox 3503 4929 3532 4980; x_wconf 92' lang='lat'><strong>6</strong></span> <span class='ocrx_word' id='word_1_851' title='bbox 3571 4927 3679 4980; x_wconf 90' lang='grc' dir='ltr'><strong>τῶν</strong></span> 
     </span>
    </p>
   </div>
   <div class='ocr_carea' id='block_1_110' title="bbox 2106 5017 3677 5092">
    <p class='ocr_par' dir='ltr' id='par_1_110' title="bbox 2106 5017 3677 5092">
     <span class='ocr_line' id='line_1_110' title="bbox 2106 5017 3677 5092; baseline 0.001 -22"><span class='ocrx_word' id='word_1_852' title='bbox 2106 5017 2322 5071; x_wconf 88' lang='grc' dir='ltr'>πάντων</span> <span class='ocrx_word' id='word_1_853' title='bbox 2342 5018 2570 5090; x_wconf 82' lang='grc' dir='ltr'>ποιητὴς</span> <span class='ocrx_word' id='word_1_854' title='bbox 2599 5019 2748 5084; x_wconf 85' lang='grc' dir='ltr'><strong>Θεὸς·</strong></span> <span class='ocrx_word' id='word_1_855' title='bbox 2781 5019 2917 5091; x_wconf 75' lang='grc' dir='ltr'>ἔργα</span> <span class='ocrx_word' id='word_1_856' title='bbox 2947 5021 3003 5073; x_wconf 80' lang='grc' dir='ltr'>δὲ</span> <span class='ocrx_word' id='word_1_857' title='bbox 3027 5021 3226 5092; x_wconf 91' lang='grc' dir='ltr'>χειρῶν</span> <span class='ocrx_word' id='word_1_858' title='bbox 3255 5020 3415 5074; x_wconf 83' lang='grc' dir='ltr'>αὑτοῦ</span> <span class='ocrx_word' id='word_1_859' title='bbox 3446 5018 3543 5090; x_wconf 79' lang='grc' dir='ltr'>τὴν</span> <span class='ocrx_word' id='word_1_860' title='bbox 3571 5019 3677 5072; x_wconf 86' lang='grc' dir='ltr'><strong>τῶν</strong></span> 
     </span>
    </p>
   </div>
   <div class='ocr_carea' id='block_1_111' title="bbox 2104 5110 3656 5184">
    <p class='ocr_par' dir='ltr' id='par_1_111' title="bbox 2104 5110 3656 5184">
     <span class='ocr_line' id='line_1_111' title="bbox 2104 5110 3656 5184; baseline 0.001 -20"><span class='ocrx_word' id='word_1_861' title='bbox 2104 5110 2410 5179; x_wconf 82' lang='grc' dir='ltr'>γενομένων</span> <span class='ocrx_word' id='word_1_862' title='bbox 2453 5110 2737 5183; x_wconf 86' lang='grc' dir='ltr'>διοίκησιν,</span> <span class='ocrx_word' id='word_1_863' title='bbox 2791 5113 2911 5166; x_wconf 81' lang='grc' dir='ltr'>καθ’</span> <span class='ocrx_word' id='word_1_864' title='bbox 2960 5113 3026 5184; x_wconf 83' lang='grc' dir='ltr'>ἢν</span> <span class='ocrx_word' id='word_1_865' title='bbox 3075 5116 3292 5184; x_wconf 88' lang='grc' dir='ltr'>προνοεῖ</span> <span class='ocrx_word' id='word_1_866' title='bbox 3335 5113 3430 5166; x_wconf 77' lang='grc' dir='ltr'>καὶ</span> <span class='ocrx_word' id='word_1_867' title='bbox 3482 5112 3656 5165; x_wconf 84' lang='grc' dir='ltr'>διέπει</span> 
     </span>
    </p>
   </div>
   <div class='ocr_carea' id='block_1_112' title="bbox 2105 5200 3656 5278">
    <p class='ocr_par' dir='ltr' id='par_1_112' title="bbox 2105 5200 3656 5278">
     <span class='ocr_line' id='line_1_112' title="bbox 2105 5200 3656 5278; baseline 0.003 -25"><span class='ocrx_word' id='word_1_868' title='bbox 2105 5200 2345 5274; x_wconf 81' lang='grc' dir='ltr'>ὡσπερεὶ</span> <span class='ocrx_word' id='word_1_869' title='bbox 2384 5202 2540 5273; x_wconf 74' lang='grc' dir='ltr'>χερσὶ</span> <span class='ocrx_word' id='word_1_870' title='bbox 2575 5205 2696 5265; x_wconf 82' lang='grc' dir='ltr'>ταῖς</span> <span class='ocrx_word' id='word_1_871' title='bbox 2745 5203 2938 5257; x_wconf 79' lang='grc' dir='ltr'>ἑαυτοῦ</span> <span class='ocrx_word' id='word_1_872' title='bbox 2984 5209 3371 5278; x_wconf 87' lang='grc' dir='ltr'>προνοητικαῖς</span> <span class='ocrx_word' id='word_1_873' title='bbox 3417 5205 3656 5276; x_wconf 89' lang='grc' dir='ltr'>δυνάμεσ</span> 
     </span>
    </p>
   </div>
   <div class='ocr_carea' id='block_1_113' title="bbox 2104 5292 2787 5365">
    <p class='ocr_par' dir='ltr' id='par_1_113' title="bbox 2104 5292 2787 5365">
     <span class='ocr_line' id='line_1_113' title="bbox 2104 5292 2787 5365; baseline 0.007 -20"><span class='ocrx_word' id='word_1_874' title='bbox 2104 5292 2470 5365; x_wconf 76' lang='grc' dir='ltr'>διακυϐερνῶν</span> <span class='ocrx_word' id='word_1_875' title='bbox 2497 5293 2565 5347; x_wconf 84' lang='grc' dir='ltr'><strong>τὰ</strong></span> <span class='ocrx_word' id='word_1_876' title='bbox 2589 5296 2787 5350; x_wconf 87' lang='grc' dir='ltr'>πάντα.</span> 
     </span>
    </p>
   </div>
   <div class='ocr_carea' id='block_1_114' title="bbox 2174 5385 3680 5461">
    <p class='ocr_par' dir='ltr' id='par_1_114' title="bbox 2174 5385 3680 5461">
     <span class='ocr_line' id='line_1_114' title="bbox 2174 5385 3680 5461; baseline 0.003 -21"><span class='ocrx_word' id='word_1_877' title='bbox 2174 5385 2518 5454; x_wconf 78' lang='grc' dir='ltr'>Εὐλογητὸς</span> <span class='ocrx_word' id='word_1_878' title='bbox 2559 5389 2591 5440; x_wconf 87' lang='grc' dir='ltr'><strong><em>ό</em></strong></span> <span class='ocrx_word' id='word_1_879' title='bbox 2630 5387 2792 5454; x_wconf 86' lang='grc' dir='ltr'>Θεὸς,</span> <span class='ocrx_word' id='word_1_880' title='bbox 2837 5389 2926 5443; x_wconf 86' lang='grc' dir='ltr'>ὅτι</span> <span class='ocrx_word' id='word_1_881' title='bbox 2966 5392 3292 5461; x_wconf 67' lang='grc' dir='ltr'>εὶσήκ9.σε</span> <span class='ocrx_word' id='word_1_882' title='bbox 3337 5389 3444 5458; x_wconf 81' lang='grc' dir='ltr'>τῆς</span> <span class='ocrx_word' id='word_1_883' title='bbox 3473 5389 3680 5460; x_wconf 65' lang='grc' dir='ltr'>φωνῆς</span> 
     </span>
    </p>
   </div>
   <div class='ocr_carea' id='block_1_115' title="bbox 2106 5477 3678 5554">
    <p class='ocr_par' dir='ltr' id='par_1_115' title="bbox 2106 5477 3678 5554">
     <span class='ocr_line' id='line_1_115' title="bbox 2106 5477 3678 5554; baseline 0.003 -23"><span class='ocrx_word' id='word_1_884' title='bbox 2106 5477 2214 5547; x_wconf 82' lang='grc' dir='ltr'>τῆς</span> <span class='ocrx_word' id='word_1_885' title='bbox 2238 5477 2503 5547; x_wconf 82' lang='grc' dir='ltr'>δεήσεώς</span> <span class='ocrx_word' id='word_1_886' title='bbox 2532 5497 2668 5549; x_wconf 78' lang='grc' dir='ltr'>μου.</span> <span class='ocrx_word' id='word_1_887' title='bbox 2715 5482 2932 5550; x_wconf 85' lang='grc' dir='ltr'>Κύριος</span> <span class='ocrx_word' id='word_1_888' title='bbox 2968 5484 3196 5551; x_wconf 83' lang='grc' dir='ltr'>,βοηθός</span> <span class='ocrx_word' id='word_1_889' title='bbox 3218 5502 3338 5554; x_wconf 86' lang='grc' dir='ltr'><strong>μου</strong></span> <span class='ocrx_word' id='word_1_890' title='bbox 3372 5485 3470 5537; x_wconf 82' lang='grc' dir='ltr'>καὶ</span> <span class='ocrx_word' id='word_1_891' title='bbox 3498 5486 3678 5549; x_wconf 78' lang='grc' dir='ltr'>ὑπερ-</span> 
     </span>
    </p>
   </div>
   <div class='ocr_carea' id='block_1_116' title="bbox 2104 5570 3644 5644">
    <p class='ocr_par' dir='ltr' id='par_1_116' title="bbox 2104 5570 3644 5644">
     <span class='ocr_line' id='line_1_116' title="bbox 2104 5570 3644 5644; baseline 0.002 -19"><span class='ocrx_word' id='word_1_892' title='bbox 2104 5570 2414 5640; x_wconf 79' lang='grc' dir='ltr'>ασπιστής</span> <span class='ocrx_word' id='word_1_893' title='bbox 2450 5589 2588 5641; x_wconf 81' lang='grc' dir='ltr'>μου·</span> <span class='ocrx_word' id='word_1_894' title='bbox 2622 5572 2716 5626; x_wconf 82' lang='grc' dir='ltr'><strong>ἐπ’</strong></span> <span class='ocrx_word' id='word_1_895' title='bbox 2745 5574 2904 5642; x_wconf 83' lang='grc' dir='ltr'>αὐτῷ</span> <span class='ocrx_word' id='word_1_896' title='bbox 2933 5573 3197 5644; x_wconf 73' lang='grc' dir='ltr'>ἤλπισεν</span> <span class='ocrx_word' id='word_1_897' title='bbox 3227 5577 3264 5644; x_wconf 72' lang='grc' dir='ltr'>ἡ</span> <span class='ocrx_word' id='word_1_898' title='bbox 3302 5575 3511 5644; x_wconf 82' lang='grc' dir='ltr'>καρδία</span> <span class='ocrx_word' id='word_1_899' title='bbox 3533 5590 3644 5644; x_wconf 77' lang='grc' dir='ltr'><strong>μοι</strong></span> 
     </span>
    </p>
   </div>
   <div class='ocr_carea' id='block_1_117' title="bbox 1029 5748 2675 5824">
    <p class='ocr_par' dir='ltr' id='par_1_117' title="bbox 1029 5748 2675 5824">
     <span class='ocr_line' id='line_1_117' title="bbox 1029 5748 2675 5824; baseline 0.007 -22"><span class='ocrx_word' id='word_1_900' title='bbox 1029 5751 1251 5809; x_wconf 59' lang='grc'><strong>⁸⁸11³581.</strong></span> <span class='ocrx_word' id='word_1_901' title='bbox 1293 5770 1440 5821; x_wconf 75' lang='lat' dir='ltr'><strong>xxvi,</strong></span> <span class='ocrx_word' id='word_1_902' title='bbox 1477 5749 1560 5804; x_wconf 77' lang='grc'><strong>15.</strong></span> <span class='ocrx_word' id='word_1_903' title='bbox 1639 5751 1683 5782; x_wconf 71' lang='grc'><strong><em>⁵⁵</em></strong></span> <span class='ocrx_word' id='word_1_904' title='bbox 1713 5748 1890 5807; x_wconf 83' lang='lat' dir='ltr'><strong>lCor.</strong></span> <span class='ocrx_word' id='word_1_905' title='bbox 1920 5767 1994 5816; x_wconf 77' lang='lat' dir='ltr'><strong>ix,</strong></span> <span class='ocrx_word' id='word_1_906' title='bbox 2032 5751 2120 5807; x_wconf 69' lang='lat'><strong>27.</strong></span> <span class='ocrx_word' id='word_1_907' title='bbox 2205 5755 2247 5786; x_wconf 85' lang='lat'><em>&quot;</em></span> <span class='ocrx_word' id='word_1_908' title='bbox 2276 5753 2415 5811; x_wconf 78' lang='lat' dir='ltr'><strong>Psal.</strong></span> <span class='ocrx_word' id='word_1_909' title='bbox 2451 5772 2595 5824; x_wconf 63' lang='grc' dir='ltr'>χειν,</span> <span class='ocrx_word' id='word_1_910' title='bbox 2624 5757 2675 5813; x_wconf 63' lang='grc' dir='ltr'><strong>ί.</strong></span> 
     </span>
    </p>
   </div>
  </div>
