4122 6454
309 292 423 347 249

1474 289 1978 348 COMMENTARIA
2017 291 2082 346 IN
2121 289 2460 350 PSALMOS.

3473 300 3580 359 250

309 406 415 460 καὶ
441 403 798 474 ἐϐοηθήθην.
833 403 941 459 Kal
971 403 1264 458 ἀνέθαλεν
1294 405 1333 472 ἡ
1362 403 1518 472 σάρξ
1541 421 1680 474 μου,
1711 401 1810 457 καὶ
1828 402 1886 456 ἐκ

2001 413 2084 458 tus
2121 420 2261 459 sum.
2302 403 2371 458 Et
2402 404 2641 473 reﬂoruit
2673 422 2798 460 caro
2830 425 2966 474 mea,
2999 418 3049 464 el
3075 427 3140 465 ea:
3168 411 3434 466 voluntate
3463 430 3578 469 mea

307 497 646 568 θελήματός
664 514 784 566 μου
807 494 1324 566 ἐξομολογήσομαι
1349 493 1528 560 αὐτῷ.
1565 495 1623 548 'U
1654 493 1888 565 ἀψευδὴς

309 591 468 654 Θεὸς,
514 588 876 659 πιστούμενος
924 586 1118 642 ἑαυτοῦ
1167 586 1266 651 τὰς
1313 587 1668 660 ὑποσχέσεις,
1715 587 1782 640 δι’
1814 579 1889 639 ὧν

312 679 649 750 ἐπήγγελται
683 679 875 748 λέγων’
907 681 1029 733 Ἔτι
1065 678 1402 744 λαλοῦντός
1427 695 1541 732 σου
1567 675 1696 747 ἐρῶο
1734 676 1889 732 Ἰδοὺ

311 771 571 840 πάρειμιο
603 770 678 834 ὡς
705 771 870 839 ἐγγὺς
900 769 1070 834 ἑστὼς
1097 770 1204 823 τῶν
1231 769 1490 841 καθαρῶς
1517 769 1676 822 αὐτὸν
1697 770 1889 822 ἐπικα-

309 863 614 934 λουμένων,
653 863 748 917 καὶ
788 862 864 926 ὡς
901 863 962 915 οὐ
1001 862 1188 935 πόρρω
1225 863 1506 933 τυγχάνων
1528 862 1622 914 τοῦ
1647 859 1717 913 τὰ
1747 878 1890 934 πρα-

309 953 507 1024 χθέντα
558 953 971 1026 [προλεχθέντα]
1032 953 1344 1024 δεηθέντος,
1405 955 1640 1026 ἐπήκοον
1700 953 1890 1007 ἑαυτὸν

309 1046 554 1117 παρέσχε
586 1049 707 1110 ταῖς
749 1046 1161 1118 προλεχθείσαις
1194 1045 1513 1117 ἱκετηρίαις.
1559 1041 1672 1099 Εἶθ’
1703 1045 1892 1116 ὥσπερ

310 1141 536 1211 σημεῖον
581 1138 765 1193 δίδωσι
815 1139 903 1193 διὰ
951 1138 1044 1192 τοῦ
1091 1138 1429 1211 προφητικοῦ
1471 1137 1782 1208 πνεύματος
1821 1140 1884 1208 τῇ

305 1235 403 1288 τοῦ
423 1234 707 1305 δεηθέντος
725 1234 892 1305 ψυχῇ,
929 1233 1059 1304 περὶ
1093 1231 1187 1285 τοῦ
1221 1229 1570 1302 εἰσηκοῦσθαι
1599 1231 1789 1300 αὐτήν.
1825 1229 1890 1282 Ἡ

304 1327 386 1391 δὲ,
442 1325 864 1397 συναισθομένη,
917 1324 1241 1396 μεταϐάλλει
1295 1323 1394 1394 μὲν
1440 1321 1540 1386 τὰς
1586 1320 1890 1392 ίκετηρίους

305 1422 494 1490 φωνὰς
539 1423 621 1484 είς
661 1418 1031 1491 εὐχαριστίαν,
1077 1416 1374 1486 ἐγνωκέναι
1417 1414 1473 1468 δὲ
1513 1414 1762 1485 ὁμολογεί
1791 1413 1890 1485 τὴν

304 1510 610 1581 γενομένην
657 1510 794 1580 αὐτῇ
845 1505 1184 1579 εὐεργεσίανο
1219 1506 1298 1560 διό
1332 1522 1514 1578 φησιν’
1543 1503 1889 1574 Εὐλογητὸς

305 1603 544 1670 Κύριος,
590 1601 679 1655 ὅτι
712 1600 1040 1669 είσήκουσε
1079 1597 1190 1668 τῆς
1229 1596 1432 1668 φωνῆς
1475 1596 1585 1667 τῆς
1625 1595 1890 1664 δεήσεώς

303 1711 442 1764 μου·
497 1695 714 1763 Κύριος
759 1694 990 1762 ,ϐοηθός
1007 1711 1127 1763 μου
1175 1693 1274 1746 καὶ
1319 1689 1712 1756 ὑπασπιστής
1744 1708 1885 1760 μου,

1993 494 2278 563 conﬁtebor
2321 496 2389 549 ei.
2441 494 2586 550 Deus
2627 496 2900 553 mendacii
2947 516 3165 571 expers,
3204 509 3264 556 ut
3305 504 3578 573 promissa

1993 599 2091 637 sua
2113 586 2397 640 conﬁrmet
2415 585 2502 641 his
2524 585 2708 642 verbis
2733 604 3018 658 expressa,
3053 592 3238 646 Adhuc
3261 602 3308 646 te
3340 593 3578 665 loquente

1991 673 2194 731 dicam:
2225 673 2358 728 Ecce
2387 675 2575 730 adsum
2605 677 2678 742 ⁸⁸,
2709 685 2896 748 utpote
2918 681 3010 750 qui
3041 697 3209 753 prope
3231 684 3302 738 sit
3325 685 3579 740 omnibus

1991 765 2085 834 qui
2109 779 2168 819 se
2194 780 2333 835 puro
2356 766 2522 822 corde
2546 768 2830 834 invocant,
2859 777 2913 824 et
2933 787 3044 825 non
3073 775 3267 842 procul
3292 775 3366 830 sit
3394 791 3460 830 eo
3481 777 3576 845 qui

1992 871 2158 927 supra
2191 857 2339 914 dicto
2372 863 2480 914 ritu
2513 862 2820 932 supplicat;
2846 865 3146 933 praemissis
3177 867 3576 938 deprecationi-

1990 951 2094 1006 bus
2145 966 2204 1006 se
2251 952 2547 1023 pr0pitium
2605 955 2871 1009 exhibuit.
2905 954 3112 1014 Deinde
3157 975 3288 1015 vero
3321 976 3417 1030 per
3442 977 3574 1033 pro-

1991 1041 2264 1112 pheticum
2314 1045 2566 1114 spiritum
2619 1048 2954 1118 supplicanti
2999 1049 3194 1105 animae
3226 1066 3325 1106 ceu
3360 1053 3574 1122 signum

1991 1134 2105 1200 dat,
2135 1150 2246 1206 quo
2277 1151 2336 1190 se
2364 1137 2678 1192 exauditam
2711 1139 2882 1195 fuisse
2916 1143 3147 1198 noverit.
3183 1141 3278 1196 Illa
3308 1159 3437 1199 vero
3460 1145 3574 1200 haec

1992 1225 2458 1296 animadvertens,
2491 1229 2766 1300 supplices
2793 1247 2955 1286 voces
2987 1232 3040 1286 in
3068 1233 3368 1304 gratiarum
3403 1237 3573 1289 actio-

1990 1334 2115 1374 nem
2145 1319 2436 1384 convertit,
2483 1335 2547 1375 ac
2594 1321 2920 1377 beneficium
2974 1322 3080 1378 sibi
3113 1324 3372 1379 collatum
3408 1340 3570 1396 agno-

1991 1425 2146 1466 scere
2171 1425 2228 1466 se
2253 1411 2564 1466 conﬁtetur.
2597 1401 2964 1478 Quamobrem
2998 1413 3096 1478 ait,
3125 1413 3441 1470 Benedictus
3464 1416 3572 1473 Do-

1991 1502 2190 1568 minus,
2237 1503 2488 1572 quoniam
2519 1503 2788 1557 exaudiuit
2823 1520 2992 1557 vocem
3010 1503 3389 1573 deprecationis
3424 1525 3571 1563 mete.

1991 1593 2250 1648 Dominus
2300 1593 2516 1664 adjutor
2547 1610 2692 1648 meus
2745 1604 2794 1649 et
2839 1605 3105 1664 protector
3149 1613 3293 1651 meus
3326 1613 3344 1650 :
3375 1598 3431 1651 in
3464 1599 3574 1667 ipso

1993 1690 2217 1756 sperauit
2254 1703 2346 1742 cor
2374 1701 2566 1751 meum,
2599 1697 2648 1742 et
2675 1688 2891 1758 adjutus
2933 1705 3070 1743 sum.
3110 1687 3390 1745 Sentiebat
3429 1693 3572 1746 enim

302 1785 402 1839 ἐπ’
441 1784 603 1855 αὐτῷ
652 1784 917 1853 ἤλπισεν
969 1787 1008 1854 ἡ
1065 1784 1284 1854 καρδία
1323 1801 1466 1852 μου,
1505 1782 1605 1836 καὶ
1641 1780 1886 1850 ἐϐοηθή-

1989 1778 2268 1835 dexteram
2301 1779 2396 1835 Dei
2421 1787 2727 1851 porrectam
2756 1780 2881 1846 sibi,
2906 1782 3214 1850 patrocinio
3246 1797 3390 1847 esse,
3423 1789 3481 1836 ut
3509 1797 3575 1838 ne

303 1880 441 1944 θην.
476 1874 777 1947 Συνῄσθετο
804 1875 911 1948 γὰρ
944 1875 1042 1946 τῆς
1075 1873 1252 1941 δεξιᾶς
1280 1872 1374 1926 τοῦ
1398 1871 1532 1926 Θεοῦ
1564 1872 1884 1946 ὲκταθείσης

306 1966 502 2040 μέχρις
535 1965 705 2036 αὐτῆς
738 1967 830 2020 καὶ
868 1965 1409 2038 ἀντιλαμϐανομένης
1449 1964 1621 2036 αὐτῆς
1653 1964 1789 2037 πρὸς
1826 1965 1887 2019 τὸ

305 2058 384 2130 μὴ
426 2057 857 2130 καθελκυσθῆναι
906 2059 988 2122 είς
1035 2057 1128 2110 τὸν
1168 2057 1478 2128 δηλωθέντα
1517 2056 1738 2113 λάκκον.
1798 2056 1888 2123 Ἐξ

305 2149 755 2223 ὑπερϐαλλούσης
795 2149 852 2203 δὲ
895 2149 1071 2222 χαρᾶς
1113 2152 1142 2204 6
1179 2151 1464 2222 προφήτης
1493 2151 1553 2204 οὐ
1584 2151 1680 2222 τὴν
1709 2150 1885 2222 ψυχὴν

307 2244 491 2315 μόνον,
523 2242 659 2297 ἀλλὰ
687 2245 782 2296 καὶ
804 2243 902 2314 τὴν
922 2242 1101 2315 σάρκα
1123 2241 1287 2296 αὐτοῦ
1317 2242 1452 2312 φησὶ
1474 2242 1766 2313 γεγηθέναι
1791 2242 1886 2296 καὶ

305 2335 643 2390 ὰνανεῶσθαι
672 2335 761 2389 διὰ
787 2336 886 2407 τὴν
920 2335 1014 2388 καὶ
1053 2333 1202 2404 αὐτῷ
1229 2333 1439 2405 σώματι
1471 2333 1887 2405 ἐπηγγελμένην

304 2428 514 2501 ἀγαθὴν
549 2428 742 2482 ἐλπίδα
773 2428 916 2482 κατὰ
945 2427 1042 2498 τὴν
1069 2426 1178 2480 τῶν
1211 2425 1422 2499 νεκρῶν
1459 2427 1777 2480 ἀνάστασινο
1807 2424 1886 2478 διὸ

306 2521 560 2590 ἐπιλέγει·
597 2521 708 2574 Kal
771 2519 1071 2574 ἀνέθαλεν
1094 2520 1133 2587 ἡ
1160 2518 1318 2586 σάρξ
1345 2535 1499 2588 μου·
1541 2513 1623 2582 οἷς
1659 2519 1886 2571 ἐπισυν-

304 2610 480 2666 άπτει·
499 2611 606 2665 Kal
621 2611 690 2664 ἐκ
705 2609 848 2677 θελή
849 2609 1036 2679 ματός
1041 2626 1160 2678 μου
1169 2607 1238 2672 ἐξ
1241 2607 1679 2678 ομολογήσομαι
1704 2607 1884 2674 αὐτῷ’

305 2706 438 2776 ὅπερ
457 2706 640 2775 ὅμοιον
668 2699 805 2758 εἶναί
826 2719 916 2774 μοι
934 2702 1082 2756 δοκεῖ
1104 2701 1202 2772 τῷ·
1245 2701 1566 2766 Ἑκουσίως
1583 2701 1746 2754 θύσω
1763 2713 1882 2754 σοι.

311 2797 458 2850 Ἀντὶ
496 2795 555 2850 δὲ
595 2793 713 2860 τοῦ,
759 2793 858 2848 καὶ
897 2793 1194 2849 ἁνέθιιλεν
1237 2794 1277 2862 ή
1325 2791 1484 2860 σάρξ
1534 2807 1675 2860 μου,
1715 2793 1744 2844 6
1785 2791 1886 2860 μὲν

303 2887 618 2958 Σύμμαχος,
683 2887 966 2955 ἄνθησαι,
1016 2888 1199 2958 φησὶν,
1247 2887 1285 2954 ἠ
1330 2883 1542 2954 καρδία
1586 2899 1734 2952 μου·
1766 2885 1796 2937 6
1825 2882 1884 2937 δὲ

311 2979 558 3044 Ἀκύλας,
594 2978 989 3050 ἐναυριάσατο
1019 2981 1058 3047 ἡ
1099 2979 1315 3047 καρδία
1367 2993 1520 3047 μου·
1548 2977 1577 3029 6
1604 2975 1662 3028 δὲ
1692 2974 1884 3029 Θεοδο-

307 3072 456 3138 είων,
492 3073 590 3127 καὶ
636 3071 930 3128 ἀνέθαλεν
969 3073 1008 3140 ἢ
1055 3070 1269 3140 καρδία
1305 3086 1457 3140 μου’
1493 3071 1527 3140 ἡ
1562 3069 1620 3122 δὲ
1653 3067 1883 3139 πέμπτη

1989 1872 2046 1927 in
2077 1879 2438 1928 memoratum
2464 1873 2642 1960 ιιιοιυι
2670 1871 3076 1927 detruderetur.
3103 1872 3178 1926 Ex
3205 1873 3389 1944 gaudii
3411 1888 3575 1944 porro

1990 1963 2331 2020 vehementia
2348 1963 2621 2034 Propheta
2642 1979 2751 2018 non
2775 1965 3012 2018 animam
3033 1971 3268 2032 tantum,
3295 1965 3390 2020 sed
3411 1966 3574 2020 etiam

1988 2068 2207 2109 carnem
2239 2069 2394 2110 suam
2425 2055 2668 2124 gavisam
2708 2063 2764 2110 et
2793 2062 3110 2110 renovatam
3152 2071 3277 2112 esse
3314 2057 3574 2113 testiﬁca-

1988 2157 2099 2211 tur,
2132 2147 2204 2202 ob
2241 2162 2394 2218 spem
2434 2147 2584 2202 illam
2625 2147 2825 2202 bonam
2860 2147 2943 2202 vel
2993 2148 3095 2218 ipsi
3145 2149 3365 2220 corpori
3400 2149 3457 2203 in
3488 2164 3571 2204 re-

1989 2241 2335 2295 surreCtione
2387 2247 2731 2294 mortuorum
2786 2239 3035 2308 factam;
3069 2257 3240 2312 quare
3270 2241 3479 2305 subdit,
3523 2252 3574 2296 et

1987 2332 2228 2401 reﬂoruit
2262 2349 2387 2387 raro
2417 2349 2532 2386 mea
2563 2349 2580 2386 :
2615 2333 2814 2404 quibus
2848 2342 2902 2389 et
2927 2334 3199 2403 adjunxit,
3223 2343 3273 2389 et
3295 2350 3362 2389 ex
3388 2335 3575 2389 volun-

1989 2434 2095 2479 tate
2130 2442 2244 2480 mea
2281 2425 2570 2496 conﬁtebor
2601 2427 2670 2481 ei.
2709 2425 2867 2493 Quod
2915 2427 3048 2481 mihi
3101 2443 3360 2498 perquam
3397 2427 3576 2484 simile

1988 2516 2205 2572 videtur
2243 2517 2419 2573 huic:
2463 2517 2772 2573 Voluntarie
2820 2519 3136 2589 sacriﬁcabo
3191 2516 3286 2573 tibi
3305 2519 3374 2575 ⁸⁷.
3429 2519 3574 2576 Loco

1987 2619 2172 2665 autem
2205 2609 2337 2666 dicti
2379 2611 2552 2676 illius,
2601 2620 2650 2665 et
2687 2611 2928 2681 reﬂoruit
2975 2629 3101 2666 caro
3149 2629 3284 2680 mea,
3327 2613 3575 2684 Symma-

1986 2703 2145 2765 chus,
2175 2704 2452 2774 eﬁloresce,
2482 2704 2681 2776 inquit,
2714 2721 3032 2770 cor'meum;
3057 2707 3249 2776 Aquila
3285 2721 3435 2772 vero,
3461 2703 3575 2775 glo-

1985 2796 2184 2849 riatum
2206 2805 2282 2850 est
2331 2813 2423 2850 cor
2474 2796 2686 2860 meum;
2729 2795 3055 2862 Theodmio,
3097 2807 3146 2851 et
3192 2797 3430 2866 reﬂoruit
3480 2813 3571 2850 cor

1988 2903 2190 2950 meum;
2226 2887 2418 2957 quinta
2451 2887 2640 2952 editio,
2668 2889 2978 2942 roboratam
3004 2899 3079 2942 est
3102 2905 3193 2942 cor
3216 2905 3406 2942 meum.
3437 2887 3576 2942 Rur-

1986 2993 2218 3050 Sumque
2249 2979 2396 3034 illius
2427 2980 2568 3044 loco,
2609 2996 2674 3035 ex
2707 2981 2975 3034 voluntate
3017 2997 3132 3034 mea
3170 2979 3456 3050 conﬁtebor
3483 2977 3566 3044 ei,

1988 3069 2373 3142 Symmachus,
2409 3072 2465 3124 in
2493 3073 2717 3126 canticis
2752 3074 2880 3127 meis
2912 3071 3185 3126 celebrabo
3219 3073 3411 3141 ipsum,
3453 3072 3570 3126 edi-

303 3132 530 3230 ἔκδυσις,
569 3165 898 3233 ἐκρατύνθη
955 3132 1006 3232 ἡ·
1027 3132 1239 3231 καρδία
1260 3132 1400 3232 μου.
1432 3132 1546 3214 Καὶ
1575 3132 1742 3216 πάλιν
1764 3132 1885 3214 ἀντι

1989 3132 2102 3227 dit;
2132 3161 2328 3230 Aquila
2363 3177 2512 3224 vero,
2547 3170 2598 3216 et
2630 3179 2661 3215 a
2688 3165 2896 3216 cantico
2936 3180 3046 3217 meo
3077 3163 3367 3233 conﬁtebor
3395 3163 3462 3216 ei.

253 3247 256 3249 λ
301 3259 417 3322 τοῦ,
464 3260 534 3314 ἐκ
575 3259 910 3329 θελήματός
945 3276 1065 3328 μου
1103 3255 1626 3328 ἑξαμολογήσομαι
1694 3255 1876 3323 αὐτῷ,
1933 3257 1962 3309 6
1999 3258 2098 3328 μὲν
2125 3257 2441 3329 Σύμμαχοςο
2475 3257 2584 3312 Kal
2613 3259 2684 3311 ἐν
2717 3259 2896 3325 ᾠδαῖς
2931 3277 3052 3328 μου
3077 3259 3331 3330 ὑμνήσω
3363 3258 3571 3323 αὑτὸν,

304 3351 582 3418 έξέδωκενε
611 3354 640 3404 ὁ
663 3352 719 3405 δὲ
761 3351 1022 3416 Ἀκύλας,
1047 3352 1145 3406 καὶ
1173 3349 1291 3406 ἀπὸ
1321 3349 1587 3419 ᾄσματός
1607 3367 1726 3418 μου
1749 3349 2268 3422 ἐξομολογήσομαι
2297 3349 2478 3415 αὐτῷ.

369 3446 585 3513 Κύριος
621 3444 962 3513 κραταίωμα
990 3443 1096 3498 τοῦ
1134 3441 1290 3498 λαοῦ
1322 3443 1530 3509 αὑτοῦ,
1563 3443 1659 3496 καὶ
1699 3444 1882 3511 ὑπερ-

307 3537 607 3607 ασπιστὴς
629 3537 744 3592 τῶν
771 3538 1077 3606 σωτηρίων
1102 3539 1208 3592 τοῦ
1237 3537 1495 3606 Χριστοῦ
1523 3537 1709 3592 αὐτοῦ
1728 3539 1880 3592 ἐστι.

305 3631 498 3702 Σαφῶς
523 3627 618 3686 οὖν
640 3634 696 3685 ὲν
721 3631 933 3695 τούτοις
952 3631 1046 3685 τοῦ
1076 3631 1314 3704 Χριστοῦ
1347 3632 1443 3686 καὶ
1466 3631 1574 3684 τῶν
1606 3631 1696 3684 ὐπ’
1717 3629 1881 3684 αὐτοῦ

306 3723 628 3796 σωζομένων
661 3724 1066 3796 ἐμνημόνευσεν
1094 3726 1128 3796 ἡ
1161 3723 1487 3795 προφητεία,
1524 3723 1797 3795 εὐκαίρως
1825 3721 1884 3788 ἐξ

305 3817 423 3881 ἑνὸς
445 3817 540 3870 τοῦ
571 3816 731 3870 Δαυῖδ
759 3816 888 3881 τοὺς
917 3816 1126 3880 πάντας
1164 3814 1640 3888 χαρακτηρίσασα.
1672 3816 1884 3887 Ὥσπερ

305 3909 436 3983 γὰρ,
474 3910 658 3980 φησὶν,
697 3911 902 3963 ἐκεῖνον
933 3908 1191 3980 δεηθέντα
1217 3908 1442 3972 ἔσωσεν,
1469 3906 1663 3972 οὕτως,
1696 3907 1882 3978 φησὶν,

307 4002 402 4056 καὶ
431 4001 628 4064 παντὸς
652 4002 747 4056 τοῦ
784 4002 916 4056 ίδίου
945 4001 1077 4056 λαοῦ
1107 4001 1436 4073 κραταίωμα
1458 3999 1631 4054 ἔσται.

377 4092 588 4146 Σῶσοέι⁸
613 4092 720 4147 τὸν
749 4095 902 4149 λαόν
929 4109 1066 4156 σου,
1097 4091 1197 4146 καὶ
1223 4093 1567 4162 εὐλόγησαν
1596 4090 1713 4160 τὴν
1738 4094 1887 4160 κλη-

306 4184 592 4253 ρονομίαν
610 4199 746 4246 σου,
770 4184 864 4238 καὶ
883 4183 986 4236 ποί
982 4199 1178 4251 μανον
1191 4181 1412 4247 αὐτοὺς
1427 4181 1525 4235 καὶ
1540 4180 1766 4251 ἓπαρον
1782 4184 1891 4236 αὑ.

305 4274 449 4341 τοὺς
468 4274 578 4340 ἓως
593 4273 701 4328 τοῦ
724 4271 960 4340 αἰῶνος.
980 4272 1115 4325 Ποία
1129 4273 1188 4327 δὲ
1202 4271 1295 4326 τοῦ
1311 4271 1550 4343 Χριστοῦ
1569 4274 1604 4343 ἡ
1627 4272 1728 4343 κλη
1739 4289 1887 4344 ρονο-

311 4366 408 4437 μία
452 4365 720 4419 δείκνυται
760 4367 818 4418 ἐν
849 4364 929 4436 τῷ
956 4364 1194 4436 δευτέρῳ
1207 4363 1406 4437 ψαλμῷ
1426 4382 1439 4395 ⁸
1476 4364 1731 4432 Αἴτησαι
1754 4364 1884 4436 γὰρ,

309 4435 491 4527 φησὶν,
505 4458 604 4511 καὶ
623 4456 794 4512 δώσω
810 4435 1065 4525 σαιὲθνη
1083 4435 1196 4525 τὴν
1215 4435 1625 4527 κίληρονομίαν
1645 4435 1887 4524 σου,καί

311 4551 425 4618 τὴν
442 4548 816 4620 κατάσχεσιν
845 4563 962 4605 σου
995 4549 1069 4605 τὰ
1098 4550 1325 4619 πέρατα
1346 4549 1456 4619 τῆς
1468 4549 1600 4620 γῆς.
1624 4550 1738 4603 Οὐκ
1751 4548 1817 4602 ἂν
1831 4549 1888 4602 δὲ

311 4642 576 4714 ἁμάρτοις
603 4643 698 4696 καὶ
729 4642 855 4706 τοὺς
887 4644 945 4696 ὲν
975 4641 1054 4713 τῷ
1084 4643 1334 4716 προτέρῳ
1363 4641 1478 4714 λαῷ
1508 4641 1773 4712 θεοφιλεῖς
1793 4641 1888 4694 καὶ

2059 3443 2228 3500 Vens.
2259 3442 2313 3499 8.
2346 3444 2604 3499 Dominus
2636 3443 2897 3513 fortitudo
2927 3443 3094 3514 plebis
3130 3461 3264 3509 sum,
3305 3459 3354 3500 et
3393 3458 3574 3516 prole"

1987 3545 2102 3592 ctor
2130 3537 2489 3591 salvationum
2527 3535 2729 3591 Christi
2758 3538 2842 3590 sui
2871 3547 2970 3590 est.
3003 3535 3100 3590 llic
3126 3549 3312 3607 aperte
3339 3541 3573 3609 prophe-

1989 3631 2060 3684 tia
2093 3629 2374 3686 Christum
2405 3637 2458 3684 et
2497 3644 2592 3684 eos
2619 3628 2714 3698 qui
2746 3629 2894 3684 illius
2926 3644 3028 3698 ope
3059 3629 3293 3685 salutem
3321 3630 3574 3688 blitinent

1989 3724 2332 3786 memoravit,
2365 3730 2782 3793 opportuneque
2823 3737 2918 3792 per
2961 3738 3130 3776 unum
3162 3721 3420 3778 Davidem
3450 3725 3574 3779 uni-

1987 3833 2179 3873 versos
2227 3816 2504 3886 exprimit.
2555 3814 2710 3870 Sicut
2747 3815 2914 3876 enim,
2959 3814 3157 3884 inquit,
3187 3815 3572 3884 deprecantem

1987 3911 2166 3980 ipsum
2213 3910 2472 3972 servavit,
2507 3907 2584 3962 ita
2623 3911 2791 3962 totius
2822 3906 2929 3961 sibi
2963 3906 3166 3976 proprii
3196 3907 3383 3976 populi
3418 3907 3574 3962 forti-

1989 4003 2123 4058 tudo
2151 4001 2278 4057 erit.

2059 4094 2226 4150 Vens.
2258 4093 2311 4148 9.
2361 4092 2580 4148 Salvum
2624 4091 2710 4160 [ac
2757 4089 3008 4160 populum
3045 4098 3216 4153 tuum,
3269 4099 3319 4143 et
3355 4089 3570 4145 benedic

1988 4185 2287 4238 ltmreditati
2319 4193 2444 4246 true,
2475 4192 2524 4235 et
2549 4198 2706 4252 pasce
2731 4198 2819 4235 eos
2853 4190 2904 4235 et
2927 4180 3121 4234 extolle
3154 4181 3274 4235 illos
3307 4197 3472 4252 usque
3515 4183 3572 4236 in

1989 4291 2264 4334 aeternum.
2291 4275 2550 4343 Quaenam
2583 4277 2656 4330 sit
2683 4272 2888 4329 Christi
2921 4273 3212 4328 haereditas
3242 4274 3297 4328 in
3326 4274 3572 4330 secundo

1991 4371 2200 4442 psalmo
2241 4368 2582 4434 declaratur;
2616 4382 2768 4430 nam,
2813 4365 3042 4420 Postula
3082 4383 3116 4420 a
3150 4382 3249 4427 me,
3297 4366 3494 4437 inquit,
3519 4376 3571 4421 et

1987 4463 2126 4518 dabo
2157 4463 2252 4516 tibi
2297 4469 2472 4532 gentes
2506 4459 2866 4514 [nereditatem
2905 4466 3072 4522 tuam,
3109 4468 3158 4512 et
3191 4460 3571 4527 possessionem

1991 4566 2138 4610 tuam
2189 4556 2438 4610 terminos
2489 4561 2644 4607 teme
2665 4552 2730 4605 ⁵⁸.
2770 4550 2956 4621 Neque
2984 4566 3014 4604 a
3042 4567 3172 4606 vero
3201 4551 3568 4615 aberravcris,

1990 4649 2039 4703 si
2071 4647 2358 4718 religiosos
2390 4645 2519 4705 illos
2543 4646 2598 4699 in
2631 4643 2799 4714 priori
2833 4642 3033 4712 populo
3056 4643 3226 4705 Viros,
3253 4642 3570 4712 prophetas,

313 4735 591 4806 προφήτας
627 4733 722 4786 καὶ
753 4733 996 4798 δικαίους
1031 4733 1231 4805 ἄνδρας
1265 4735 1368 4806 τῆς
1399 4735 1495 4788 τοῦ
1529 4735 1764 4808 Χριστοῦ
1792 4753 1886 4804 γε·

1989 4749 2044 4794 ct
2073 4740 2277 4808 justos,
2311 4736 2377 4790 ad
2411 4736 2617 4790 Christi
2655 4734 3025 4788 lxaareditatem
3057 4733 3390 4803 pertinuisse
3418 4733 3574 4797 dixe-

311 4825 524 4892 γονέναι
563 4825 926 4898 κληρονομίας
962 4825 1150 4890 εἰπὼν,
1185 4828 1280 4880 καὶ
1315 4826 1422 4881 τῶν
1451 4830 1760 4898 σωτηρίων
1791 4829 1890 4882 αὐ·-

307 4912 404 4967 τοῦ
456 4915 871 4987 μετεσχηκέναι.
901 4915 1034 4969 Οὐδὲ
1057 4917 1166 4989 γὰρ
1192 4918 1260 4972 τὰ
1295 4918 1474 4990 πλήθη
1501 4920 1738 4984 καὶτοὺς
1761 4921 1890 4973 ἀνα-

311 5007 439 5074 ξίως
472 5009 883 5082 παραϐαλόντας
911 5013 980 5082 τῇ
1017 5011 1312 5083 Ἐκκλησία
1339 5011 1433 5066 τοῦ
1459 5011 1596 5066 Θεοῦ
1623 5015 1889 5086 προσήκει

309 5101 436 5156 λαὸν
469 5103 790 5173 ἀποφαίνειν
823 5102 1011 5166 αὐτοῦ,
1046 5102 1159 5156 ἀλλ’
1196 5104 1229 5175 ἦ
1263 5103 1440 5174 μόνως
1473 5105 1599 5169 τοὺς
1630 5105 1891 5178 ἀρεσκόν-

309 5210 420 5258 τως
447 5194 594 5265 αὐτῷ
627 5193 898 5265 βιοῦντας,
941 5195 1068 5264 περὶ
1099 5187 1176 5249 ὧν
1211 5195 1356 5250 εἴποι
1397 5196 1491 5250 ἄν’
1521 5197 1633 5250 Kal
1672 5197 1885 5267 ἔσομαι

310 5283 511 5339 αὐτῶν
543 5283 707 5352 Θεὸς,
750 5284 848 5339 καί
879 5285 1047 5339 αὐτοὶ
1081 5285 1327 5340 ἔσονταί
1349 5303 1451 5355 μοι
1479 5289 1648 5352 λαός.
1673 5315 1740 5324 —
1776 5287 1886 5341 Kal

311 5375 610 5445 ποίμανον
651 5377 893 5444 αὐτοὺς,
952 5377 1048 5430 καὶ
1092 5377 1321 5446 ἕπαρον
1361 5377 1472 5445 ἕως
1507 5379 1614 5433 τοῦ
1649 5377 1884 5446 αίῶνος.

315 5467 597 5538 Ποιμαίνει
615 5468 672 5522 δὲ
693 5469 887 5532 αὐτοὺς
914 5467 1168 5532 ἐνταῦθα,
1193 5470 1290 5542 τὴν
1317 5468 1492 5540 ψυχὴν
1529 5469 1695 5522 αὐτοῦ
1715 5468 1886 5534 τιθεὶς

314 5558 457 5632 ὑπὲρ
486 5557 685 5627 αὐτῶν,
714 5561 788 5625 ὥς
817 5577 982 5634 φησιν
1015 5562 1472 5631 ὲνἘύαγγελίοις·
1518 5563 1570 5615 '0
1603 5562 1824 5632 ποιμὴν
1853 5565 1885 5616 ό

1989 4832 2086 4894 ris,
2115 4839 2278 4900 atque
2308 4828 2664 4882 salvationum
2693 4825 2814 4896 ejus
2840 4825 3136 4895 participes
3163 4825 3352 4880 fuisse.
3385 4823 3574 4896 Neque

1989 4921 2397 4976 multitudinem
2443 4920 2648 4991 populi,
2697 4934 2762 4974 ac
2793 4933 2889 4974 eos
2925 4919 3018 4987 qui
3052 4917 3280 4988 indigne
3311 4916 3575 4974 Ecclesiae

1987 5014 2082 5069 Dei
2136 5020 2514 5076 accesserunt,
2571 5011 2832 5082 populum
2888 5012 3014 5081 ejus
3065 5011 3426 5082 pronuntiare
3476 5026 3577 5081 par

1988 5107 2121 5170 fuit;
2152 5106 2246 5162 sed
2279 5107 2458 5162 solum
2493 5121 2588 5161 eos
2630 5104 2722 5174 qui
2774 5105 2878 5176 ipsi
2915 5103 3202 5175 probatam
3233 5110 3287 5158 et
3318 5103 3574 5172 placitam

1987 5199 2157 5253 vitam
2197 5197 2497 5258 duxerunt,
2521 5197 2590 5253 de
2617 5197 2822 5268 quibus
2857 5196 2976 5267 ipse
3006 5193 3206 5250 dixerit
3239 5212 3253 5249 :
3291 5193 3402 5247 Ero
3448 5193 3572 5246 illo-

1993 5311 2110 5348 rum
2127 5292 2290 5357 Deus,
2310 5302 2357 5346 et
2383 5291 2484 5360 ipsi
2505 5299 2659 5346 erunt
2672 5290 2799 5345 mihi
2812 5289 3038 5360 populus
3057 5289 3201 5344 ⁸⁹.-
3219 5285 3287 5341 Et
3307 5303 3465 5356 pasce
3484 5302 3568 5340 eos

1994 5395 2044 5440 et
2066 5385 2260 5440 extolle
2292 5383 2414 5438 illos
2447 5399 2610 5453 usque
2647 5384 2701 5437 in
2731 5392 3004 5438 internum.
3039 5379 3139 5435 Hic
3171 5387 3353 5435 autem
3396 5377 3580 5450 pascit

1993 5477 2138 5541 illos,
2161 5475 2254 5547 qui
2282 5475 2521 5528 animam
2557 5489 2712 5528 suam
2749 5489 2847 5544 pro
2873 5473 2941 5528 iis
2968 5471 3172 5542 posuit,
3215 5477 3274 5525 ut
3303 5469 3358 5523 in
3393 5469 3574 5522 Evan-

1992 5563 2148 5632 geliis
2189 5561 2307 5616 ait:
2340 5561 2519 5617 Bonus
2569 5571 2754 5632 pastor
2803 5563 3036 5617 animam
3076 5577 3228 5615 suam
3282 5559 3428 5628 ponit
3475 5573 3571 5629 pro

422 5712 470 5746 ⁵⁸
497 5712 600 5771 lsa.
632 5729 787 5780 LVIII,
813 5716 864 5772 9.
928 5718 969 5750 ⁸⁷
1001 5715 1146 5774 Psal.
1172 5733 1290 5784 Lm,
1318 5716 1370 5772 8.
1447 5719 1492 5750 ⁸⁸
1515 5717 1658 5776 Psal.
1699 5735 1755 5787 tt,
1788 5721 1854 5774 ὃ,

1989 5717 2188 5775 Jcrem.
2224 5735 2320 5789 vn,
2349 5718 2440 5774 25.
