4122 6454
532 392 643 451 151

1251 390 1520 448 EUSEBII
1557 386 2036 447 CESARIENSIS
2070 385 2222 444 OPP.
2256 381 2432 441 PARS
2469 378 2564 436 lli.
2607 396 2679 419 κ-
2703 380 3106 441 EXEGETICA.

3667 382 3773 439 25!

540 513 721 569 ovibus
745 514 817 583 ‘°;
853 530 917 570 ac
946 532 1163 572 rursum
1201 535 1214 574 τ
1252 517 1383 573 Oves
1435 533 1565 571 mea:
1608 531 1779 570 uocem
1815 531 1982 570 meam
2009 531 2109 569 au-

2212 511 2394 578 καλὸς
2428 509 2543 578 τὴν
2572 506 2785 580 ψυχὴν
2811 510 2996 565 αὑτοῦ
3035 511 3272 576 τίθησιν
3304 506 3456 576 ὑπὲρ
3486 502 3603 560 τῶν
3630 519 3775 573 προ-

536 599 694 660 diunt
722 605 803 673 “;
851 606 1163 680 iterumque
1199 628 1213 663 :
1255 607 1365 663 Ero
1402 609 1669 664 uobiscum
1697 623 1859 679 usque
1888 607 1957 662 ad
1985 624 2111 662 con-

540 701 946 755 summationem
1011 702 1195 757 τιττυιὶ
1225 702 1292 757 ⁸³.
1351 701 1412 756 Ιιι
1474 708 1718 772 tempore
1777 708 1957 757 autem
2014 714 2111 770 op-

545 799 779 863 portuno
832 792 981 863 ipsas
1031 793 1089 849 in
1140 792 1376 849 sublime
1418 791 1627 859 elatas,
1671 790 1883 848 caelesti
1943 806 2111 863 regno

546 882 796 943 donabit.

890 1013 1212 1073 PSALMUS
1241 1015 1447 1071 DAVID
1486 1015 1729 1072 XXVIII.

1024 1127 1087 1184 In
1113 1130 1258 1184 exitu
1289 1128 1639 1184 tabernaculi.

607 1240 779 1298 Vens.
813 1241 868 1307 1,
897 1241 952 1298 2.
978 1242 1180 1313 Alfertc
1201 1242 1451 1306 Domino,
1500 1242 1603 1305 ﬁlii
1636 1241 1756 1304 Dei,
1780 1241 1967 1311 afferte
2002 1238 2111 1294 Do-

543 1334 685 1386 mino
712 1332 856 1403 filios
879 1333 1127 1411 arietant.
1173 1333 1373 1402 Aﬂ'erte
1402 1331 1631 1388 Domino
1673 1331 1902 1403 gloriam
1933 1338 1983 1385 et
2017 1330 2112 1385 ho-

543 1438 739 1484 norem,
773 1421 956 1492 aﬂ'erte
981 1420 1204 1475 Domino
1234 1421 1461 1492 gloriam
1495 1421 1696 1476 nomini
1723 1420 1860 1489 ejus,
1892 1419 2113 1475 adorate

2211 605 2418 661 ϐάτων·
2447 604 2542 658 καὶ
2568 602 2748 656 πάλινο
2779 602 2855 658 Τὰ
2880 603 2993 672 ἐμὰ
3021 604 3284 673 πρόϐατα
3308 598 3416 668 τῆς
3437 596 3640 669 φωνῆς
3659 613 3777 666 μου

2208 696 2442 751 ἀκούει’
2487 695 2581 749 καὶ
2622 694 2783 748 πάλιν
2802 711 2816 724 ·
2854 696 3109 763 Ἕσομαι
3136 692 3264 762 μεθ’
3310 688 3479 762 ὑμῶν
3518 687 3628 755 ἕως
3669 685 3777 755 τῆς

2208 787 2566 854 συντελείας
2596 784 2702 840 τοῦ
2728 783 2962 852 αίῶνοςο
2991 784 3166 857 καιρῴ
3184 784 3241 838 δὲ
3262 780 3551 852 ἐπιτηδείῳ
3571 778 3780 850 ἐπάρας

2209 878 2406 942 αὐτοὺς
2441 879 2522 941 εἰς
2550 875 2704 946 ὕψος,
2730 876 2831 947 τῆς
2848 873 3097 947 οὐρανίου
3128 871 3402 944 βασιλείας
3431 865 3777 934 καταξιώσει.

2599 1011 2886 1065 ΨΑΛΜΟΣ
2914 1011 3001 1064 ΤΩ
3027 1008 3225 1063 ΔΑΥῙΔ
3252 1009 3388 1062 καί.

2653 1120 2919 1185 Ἐξοδίου
2951 1117 3189 1188 σκηνῆς
3231 1118 3329 1187 (1).

2294 1229 2599 1301 Ἐνέγκατε
2639 1229 2720 1296 τῷ
2762 1230 2976 1299 Κυρίῳ,
3015 1228 3131 1283 υἱοὶ
3175 1227 3344 1294 Θεοῦ,
3384 1225 3666 1296 ἐνέγκατε
3704 1223 3783 1289 τῷ

2211 1319 2404 1387 Κυρίῳ
2430 1318 2598 1385 υἱοὺς
2633 1317 2830 1387 κριῶν.
2874 1316 3185 1387 Ἐνέγκατε
3235 1314 3315 1382 τῷ
3354 1316 3550 1383 Κυρίῳ
3593 1313 3785 1376 δόξαν

2212 1409 2308 1464 καὶ
2370 1407 2568 1480 τιμήν
2635 1409 2943 1479 Ἐνέγκατε
3008 1406 3088 1474 τῷ
3149 1409 3344 1477 Κυρίῳ
3402 1406 3591 1474 δόξαν
3650 1404 3784 1460 ὀνό-

546 1510 829 1567 Dominum
864 1514 921 1567 in
960 1513 1102 1567 atrio
1149 1525 1334 1568 sancto
1363 1514 1497 1583 ejus.
1531 1512 1627 1569 His
1661 1528 1887 1583 prorsus
1911 1513 2112 1569 similia

2212 1516 2347 1571 ματι
2391 1500 2596 1555 αὑτοῦ.
2648 1498 3119 1568 Προσκυνήσατε
3156 1498 3235 1564 τῷ
3275 1501 3470 1567 Κυρίῳ
3507 1500 3578 1553 ἐν
3618 1498 3784 1569 αὐλῇ

546 1603 721 1675 quoad
775 1604 1101 1660 sententiam
1157 1603 1396 1659 arbitror
1457 1619 1522 1660 ea
1580 1621 1704 1676 quae
1754 1606 1811 1660 in
1869 1619 2113 1676 nonage-

540 1695 683 1750 simo
701 1697 895 1765 quinto
924 1696 1134 1766 psalmo
1149 1696 1216 1752 de
1248 1695 1536 1752 vocatione
1563 1699 1805 1767 gentium
1843 1695 2112 1760 feruntur,

547 1804 662 1860 qua:
685 1789 791 1844 hoc
810 1787 972 1845 modo
1003 1804 1062 1844 se
1085 1788 1287 1844 habent
1316 1808 1332 1843 ι
1357 1787 1580 1844 Cantate
1598 1787 1822 1843 Domino
1848 1788 2111 1842 canticum

2211 1591 2348 1661 ἁγίᾳ
2378 1591 2586 1646 αὑτοῦ.
2628 1591 2849 1655 Τούτοις
2880 1591 3215 1662 ἰσοδυναμεῖν
3237 1590 3476 1663 ἡγοῦμαι
3508 1591 3652 1646 κατὰ
3682 1593 3785 1663 τὴν

2209 1683 2447 1738 διάνοιαν
2480 1684 2548 1737 τὰ
2569 1686 2629 1736 ἐν
2655 1683 2891 1755 πέμπτῳ
2932 1685 3027 1738 καὶ
3065 1683 3401 1755 ἐνενηκοστῷ
3426 1683 3625 1756 ψαλμῷ
3651 1685 3787 1757 περὶ

2209 1775 2308 1846 τῆς
2336 1774 2444 1828 τῶν
2464 1773 2633 1828 ἐθνῶν
2655 1773 2899 1846 κλήσεως
2918 1774 3106 1829 τοῦτον
3128 1774 3428 1845 λελεγμένα
3444 1777 3536 1830 τὸν
3555 1776 3778 1848 τρόπον’

546 1896 748 1945 novum,
785 1889 996 1935 cantate
1044 1878 1272 1935 Domino
1322 1880 1493 1935 omnis
1544 1891 1705 1935 terra.
1757 1879 1981 1935 Cantate
2003 1877 2112 1932 Do-

2222 1867 2444 1936 ᾊσατε
2475 1864 2554 1932 τῷ
2572 1866 2766 1935 Κυρίῳ
2798 1859 2962 1934 ᾆσμα
2985 1866 3194 1919 καινόν
3212 1881 3226 1895 ο
3250 1863 3438 1933 ᾅσατε
3459 1863 3540 1931 τῷ
3560 1867 3780 1935 Κυρίῳ,

546 1970 704 2033 mino,
742 1970 1025 2025 benedicite
1071 1971 1273 2024 nomini
1323 1970 1459 2040 ejus,
1483 1968 1790 2025 .nuntiatc
1827 1968 1891 2024 de
1925 1968 2010 2023 die
2058 1970 2114 2022 in

548 2062 679 2114 iiem
704 2060 942 2116 salutare
967 2060 1102 2129 ejus.
1129 2060 1453 2115 Annuntiate
1487 2061 1542 2114 in
1597 2060 1836 2131 gentibus
1885 2059 2115 2130 gloriam

547 2169 678 2223 ejus,
714 2153 770 2206 in
799 2152 1042 2206 omnibus
1080 2154 1287 2224 populis
1347 2150 1618 2207 mirabilia
1661 2152 1797 2221 ejus.
1849 2149 2114 2216 Quoniam

546 2256 766 2310 magnus
796 2239 1054 2296 Dominus
1104 2251 1155 2297 et
1190 2238 1477 2296 laudabilis
1504 2238 1676 2306 ualde,
1746 2240 1997 2296 terribilis
2035 2252 2113 2296 est

545 2346 697 2399 super
724 2347 899 2385 omnes
921 2330 1044 2387 deos
1071 2332 1142 2387 ⁸³.
1181 2330 1448 2403 Deinceps
1476 2333 1549 2385 ita
1571 2332 1841 2388 subsumit
1873 2347 1887 2385 :
1921 2331 2116 2401 A/ferte

546 2420 769 2477 Domino
792 2422 1019 2490 gloriam
1047 2424 1248 2477 nomini
1270 2423 1408 2492 ejus.
1436 2421 1631 2478 Tollite
1680 2421 1885 2477 hostias
1934 2432 1985 2477 et
2037 2424 2117 2477 in-

544 2514 700 2568 troite
726 2514 781 2567 in
811 2514 953 2567 atria
973 2514 1111 2583 ejus,
1140 2513 1360 2568 adorate
1376 2512 1662 2568 Dominum
1689 2514 1746 2567 in
1768 2514 1895 2567 aula
1926 2523 2114 2568 sancta

543 2599 676 2669 ejus.
702 2599 910 2665 Quibus
930 2614 1064 2656 sane
1120 2600 1487 2670 evangelicam
1529 2600 1782 2670 gratiam,
1820 2600 1874 2655 in
1920 2616 2114 2657 omnes

543 2691 711 2748 totius
742 2692 894 2747 orbis
925 2691 1183 2748 nationes
1211 2691 1488 2756 dill‘usam,
1532 2693 1926 2763 praenuntiatus,
1958 2700 2113 2764 post-

545 2798 705 2854 quam
740 2782 1015 2838 canticum
1045 2799 1269 2849 novum,
1309 2783 1564 2839 videlicet
1594 2784 1720 2839 novi
1751 2783 2109 2851 Testamenti,

545 2872 888 2935 memoravit,
915 2871 1114 2929 deinde
1139 2871 1471 2944 praecipitet
1499 2872 1728 2927 all'erant
1747 2871 1977 2928 Domino
1997 2873 2109 2945 gloo

545 2965 681 3018 riam
702 2970 757 3017 et
788 2963 1074 3029 honorem,
1122 2972 1177 3021 et
1228 2971 1449 3020 caetera.
1505 2963 1633 3020 Haec
1684 2972 1865 3020 autem
1919 2964 2113 3021 aﬂerre

545 3055 714 3124 iubet,
745 3071 857 3112 non
883 3053 1124 3123 Judmos,
1152 3054 1249 3112 sed
1304 3054 1539 3114 familias
1579 3058 1844 3128 gentium,
1892 3066 1987 3113 aut
2031 3074 2116 3117 se-

546 3145 781 3203 cundum
812 3146 1054 3218 reliquos
1079 3148 1425 3217 interpretes,
1474 3162 1540 3203 ac
1570 3147 1891 3206 Hebraicam
1914 3150 2105 3207 verita-

546 3255 672 3304 tem,
694 3242 1026 3311 cognationes
1054 3240 1386 3310 populorum.
1427 3240 1553 3297 Haec
1585 3242 1769 3313 itaque
1821 3244 1879 3299 in
1921 3244 2114 3315 quinto

545 3340 598 3389 et
636 3333 990 3405 nonagesimo
1046 3334 1257 3404 psalmo
1286 3335 1354 3390 de
1377 3334 1628 3405 gentibus
1665 3335 1931 3393 divinitus
1974 3353 2115 3409 pra:-

547 3421 795 3476 nuntiata
842 3428 992 3478 sunt.
1028 3418 1087 3475 in
1128 3422 1385 3492 praesenti
1418 3437 1551 3477 vero
1592 3436 1656 3477 ea
1709 3422 1830 3492 ipsa
1853 3422 2118 3493 iubentur

540 3509 777 3566 Domino
828 3510 1024 3569 afferre
1072 3510 1169 3565 ﬁlii
1208 3512 1465 3576 arietum,
1530 3527 1671 3583 quos
1727 3513 1939 3570 aestimo
1978 3514 2114 3568 nihil

546 3601 761 3656 dill‘e‘rre
793 3618 824 3655 a
857 3600 1079 3656 familiis
1101 3603 1362 3674 gentium,
1388 3610 1482 3658 aut
1503 3604 1919 3675 cognationibus
1941 3619 2115 3676 popu-

545 3701 742 3750 lorum.
768 3692 954 3765 Neque
979 3695 1125 3749 enim
1159 3694 1262 3765 ipsi
1294 3696 1494 3751 arietes
1520 3695 1637 3751 haec
1653 3695 1882 3753 Domino
1919 3696 2115 3752 all'erre

540 3779 822 3851 iubentur,
845 3785 942 3841 sed
970 3785 1065 3840 lilii
1107 3787 1362 3842 arietum.
1394 3785 1451 3841 id
1478 3802 1609 3843 vero
1642 3787 1772 3843 dico
1810 3787 2113 3844 secundum

546 3871 867 3929 Hebraicam
897 3877 1245 3939 sententiam,
1302 3875 1358 3930 in
1391 3891 1500 3946 qua
1551 3877 1864 3946 neutiquam
1893 3876 2117 3931 elicrtur

545 3966 677 4021 illud
704 3964 939 4036 :A/ferte
980 3969 1227 4032 Domino,
1258 3967 1361 4038 ﬁlii
1393 3966 1511 4024 Dei.
1569 3970 1748 4035 Quare
1780 3967 1895 4023 haec
1924 3969 1979 4023 in
2015 3967 2114 4024 Se-

545 4056 834 4128 ptuaginta
865 4058 1258 4129 interpretibus
1284 4060 1445 4116 obelo
1459 4068 1738 4124 notantur,
1761 4059 1906 4131 quod
1938 4076 2115 4130 neque

542 4152 603 4206 in
638 4151 906 4208 Heltraico
949 4153 1269 4224 exemplari,
1328 4168 1432 4209 nec
1478 4152 1624 4224 apud
1660 4152 1900 4223 reliquos
1942 4152 2114 4208 inter-

545 4249 729 4313 pretes
780 4252 1156 4315 compareant.
1205 4243 1363 4311 Quod
1393 4244 1441 4300 si
1487 4245 1711 4301 omnino
1760 4242 2113 4315 Septuaginta

544 4333 910 4403 interpretum
942 4336 1102 4393 lectio
1125 4335 1420 4407 spectanda
1450 4336 1543 4401 sit,
1579 4336 1705 4392 dico
1746 4336 1963 4408 praecipi
1986 4336 2114 4391 ﬁliis

546 4419 692 4497 [Dei]
746 4431 806 4479 ut
838 4424 1069 4481 aﬂ‘erant
1122 4425 1376 4492 Domino,
1429 4443 1540 4483 non
1596 4428 1817 4493 arietes,
1853 4428 1947 4483 sed
1972 4426 2111 4484 ﬁlios

2214 1955 2382 2011 πᾶσα
2416 1958 2455 2026 ἠ
2486 1955 2583 2027 γῆ.
2617 1958 2839 2027 ᾊσατε
2856 1955 2938 2022 τῷ
2964 1956 3175 2025 Κυρίῳ,
3208 1955 3580 2026 εὐλογήσατε
3595 1956 3787 2027 ὄνομα

2212 2047 2418 2114 αὑτοῦ,
2460 2048 2937 2118 εὐαγγελίσασθε
2967 2049 3199 2118 ἡμέραν
3229 2047 3299 2114 ἐξ
3327 2046 3551 2118 ἡμέρας
3572 2048 3640 2102 τὸ
3665 2064 3785 2104 σω-

2212 2137 2418 2207 τήριον
2469 2140 2675 2195 αὐτοῦ.
2751 2141 3161 2211 Ἀναγιγείλατε
3188 2140 3263 2194 ἐν
3288 2139 3415 2207 τοῖς
3444 2141 3645 2195 ἔθνεσι
3672 2138 3787 2207 τὴν

2214 2224 2400 2291 δόξαν
2418 2226 2626 2293 αὐτοῦ,
2653 2227 2725 2281 ἐν
2743 2225 2893 2283 πᾶσι
2923 2227 3048 2295 τοῖς
3077 2228 3248 2295 λαοῖς
3268 2228 3340 2283 τὰ
3359 2227 3657 2297 θαυμάσια
3680 2231 3787 2283 αὐ·

2216 2318 2347 2374 τοῦ.
2381 2320 2513 2373 ’Ὅτι
2536 2319 2723 2389 μέγας
2742 2321 2955 2388 Κύριος
2993 2320 3090 2375 καὶ
3130 2319 3365 2388 αινετὸς
3394 2322 3650 2391 σφόδρα,
3681 2340 3787 2392 5co-

2213 2412 2381 2480 ϐερός
2398 2411 2570 2466 ἐστιν
2591 2412 2689 2466 ἐπὶ
2718 2410 2948 2479 πάντας
2984 2412 3127 2479 τοὺς
3158 2413 3330 2479 θεούς
3348 2430 3364 2444 ο
3393 2408 3477 2478 οἷς
3502 2414 3632 2486 ἑξῆς
3661 2417 3790 2469 ἐπι-

2211 2502 2427 2572 λέγεται
2451 2518 2466 2532 ’
2510 2502 2815 2574 Ἐνέγκατε
2842 2503 2922 2570 τῷ
2960 2505 3155 2573 Κυρίῳ
3179 2503 3370 2570 δόξαν
3403 2506 3647 2575 ὀνόματι
3671 2507 3787 2560 αὑ-

2212 2592 2339 2648 τοῦ.
2362 2580 2569 2664 Ἄρατε
2594 2595 2811 2663 θυσίας
2840 2595 2941 2650 καὶ
2988 2597 3414 2665 είσπορεύεσθε
3436 2600 3524 2664 εις
3546 2597 3652 2664 τὰς
3675 2600 3789 2652 αὐ-

2211 2685 2326 2751 λὰς
2382 2685 2591 2744 αὐτοῦ.
2649 2687 3121 2756 Προσκυνήσατε
3169 2687 3250 2754 τῷ
3286 2689 3479 2758 Κυρίῳ
3513 2689 3584 2743 ἐν
3622 2687 3790 2760 αὺλῆ

2211 2778 2353 2848 ἁγίᾳ
2381 2778 2589 2833 αὐτοῦ.
2636 2779 2724 2832 Ἐν
2748 2772 2830 2842 οἷς
2853 2779 2881 2830 ὁ
2904 2777 3081 2846 λόγος,
3108 2779 3207 2851 τὴν
3244 2780 3603 2851 εὐαγγελικὴν
3626 2782 3791 2853 χάριν

2211 2865 2310 2940 τὴν
2338 2868 2417 2932 εἰς
2445 2869 2622 2922 πάντα
2647 2866 2902 2938 χυθεῖσαν
2923 2868 2991 2921 τὰ
3018 2868 3138 2922 καθ’
3159 2869 3288 2943 ὅλης
3327 2870 3431 2940 τῆς
3465 2871 3791 2944 οἰκουμένης

2213 2957 2341 3030 ἐθνη
2387 2959 3004 3032 προευαγγελισάμενος,
3052 2961 3267 3015 καὶτοῦ
3302 2961 3489 3015 καινοῦ
3520 2962 3786 3036 ᾅσματος,

2210 3047 2410 3122 δηλαδὴ
2451 3051 2551 3122 τῆς
2623 3050 2814 3121 καινῆς
2871 3050 3146 3123 Διαθήκης
3198 3051 3605 3124 μνημονεύσας,
3656 3051 3787 3124 ἑξῆς

2214 3142 2538 3215 προστάττει
2571 3141 2814 3213 κομίζειν
2849 3140 2928 3213 τῷ
2967 3143 3154 3216 Κυρίῳ
3181 3143 3449 3211 δόξανκαὶ
3472 3146 3659 3219 τιμὴν.
3686 3150 3784 3204 καὶ

2214 3232 2284 3287 τὰ
2318 3229 2463 3305 ἑξῆς.
2488 3231 2673 3287 Ταῦτά
2690 3250 2749 3286 τε
2778 3230 3024 3304 κομίζειν
3058 3234 3487 3306 παρακελεύεται
3509 3237 3610 3290 οὐκ
3655 3238 3789 3292 ἰου-

2213 3325 2404 3389 δαίοις,
2428 3324 2565 3379 ἀλλὰ
2610 3328 2733 3384 ταῖς
2759 3327 3016 3396 πατριαῖς
3042 3324 3150 3378 τῶν
3192 3325 3362 3380 ἐθνῶν
3384 3369 3398 3388 ,
3427 3327 3459 3400 ἢ
3485 3327 3627 3383 κατὰ
3652 3332 3782 3393 τοὺς

2214 3418 2433 3482 λοιποὺς
2469 3417 2827 3490 ἐρμηνευτὰς,
2859 3419 2955 3471 καὶ
2992 3416 3135 3470 κατὰ
3169 3418 3269 3489 τὴν
3310 3419 3601 3493 Ἐὁραῖκὴν
3621 3422 3783 3494 ἀκρί-

2216 3509 2389 3573 ϐειαν,
2412 3508 2541 3575 ταῖς
2562 3509 2938 3579 συγγενείαις
2949 3510 3066 3565 τῶν
3077 3510 3448 3567 λαῶν.Ταῦτα
3474 3515 3573 3585 μὲν
3583 3510 3675 3569 οὖν
3690 3532 3787 3572 σα-

2216 3599 2331 3672 φῶς
2355 3602 2412 3655 ἐν
2440 3600 2518 3671 τῷ
2549 3600 2783 3672 πέμπτῳ
2816 3602 2910 3654 καὶ
2936 3602 3271 3674 ἐνενηκοστῷ
3298 3603 3497 3676 ψαλμῷ
3522 3622 3588 3659 πε
3598 3607 3650 3678 pl.
3673 3608 3783 3661 τῶν

2222 3691 2392 3747 ἐθνῶν
2411 3690 2743 3757 ἐθεσπιζετο·
2759 3693 2816 3745 ἐν
2828 3692 2886 3745 δὲ
2901 3692 2978 3764 τῷ
2998 3694 3137 3764 μετὰ
3149 3697 3336 3767 χεῖρας
3357 3698 3384 3749 ὁ
3398 3695 3552 3766 λόγος
3562 3697 3631 3752 τά
3646 3698 3787 3753 αὐτὰ

2213 3782 2292 3855 τῷ
2304 3783 2491 3856 Κυρίῳ
2506 3790 2830 3856 προσφέρειν
2846 3788 2958 3849 τοῖς
2977 3787 3111 3850 υἱοῖς
3131 3786 3240 3839 τῶν
3256 3788 3425 3859 κριῶν
3441 3788 3671 3843 κελεύω
3691 3789 3787 3855 οὓς

2214 3872 2420 3945 νομίζω
2459 3873 2623 3944 μηδὲν
2658 3872 2934 3946 διαφέρειν
2960 3875 3069 3930 τῶν
3112 3876 3353 3948 πατριῶν
3372 3877 3481 3931 τῶν
3523 3879 3711 3944 ἐθνῶν,
3746 3881 3783 3953 ἢ

2212 3964 2322 4018 τῶν
2343 3964 2670 4033 συγγενειῶν
2697 3963 2804 4018 τῶν
2819 3964 2982 4018 λαῶν.
3001 3967 3075 4021 οὐ
3095 3966 3204 4039 γὰρ
3215 3968 3366 4021 αὐτοὶ
3380 3969 3429 4022 oi
3444 3971 3588 4041 κριοὶ
3616 3987 3785 4043 προσ-

2212 4055 2494 4110 τάττονται
2537 4056 2867 4128 προσφέρειν
2901 4057 2971 4110 τά
3002 4058 3422 4130 κεκελευσμένα,
3448 4060 3561 4114 ἀλλ’
3590 4064 3640 4116 οῖ
3674 4063 3787 4116 υἱοὶ

2212 4149 2321 4203 τῶν
2360 4149 2546 4222 κριῶν.
2575 4134 2687 4204 Καὶ
2734 4151 2909 4204 ταῦτά
2945 4152 3022 4224 (‘2)
3056 4170 3197 4224 φημι
3230 4154 3368 4207 κατὰ
3387 4154 3486 4226 τὴν
3517 4156 3781 4227 Ἐϐραίων

2212 4240 2539 4312 ἀνάμνησιν,
2596 4241 2718 4296 καθ’
2749 4244 2817 4315 ἢν
2849 4245 2951 4299 οὐκ
2991 4245 3282 4318 ἐκφέρεται
3332 4247 3417 4300 τό·
3478 4246 3783 4317 Ἐνέγκατε

2212 4329 2294 4396 τῷ
2316 4331 2528 4399 Κυρίῳ,
2550 4330 2669 4386 υίοὶ
2697 4332 2865 4387 Θεοῦ.
2909 4334 3000 4387 Διὸ
3022 4334 3115 4388 καὶ
3153 4334 3439 4390 ὼσέλισται
3476 4336 3626 4408 παρὰ
3671 4340 3791 4401 τοῖς

2225 4422 2643 4495 Ἑϐδομήκοντα,
2680 4424 2756 4488 ὡς
2787 4424 2861 4496 μὴ
2885 4425 3132 4496 κείμενον
3162 4427 3299 4498 μήτε
3321 4427 3378 4479 ὲν
3406 4425 3484 4498 τῷ
3516 4427 3785 4500 Ἐσραῖκῷ

545 4512 801 4579 arietum,
837 4515 1064 4585 gloriam
1084 4523 1141 4572 et
1163 4515 1425 4574 honorem
1466 4524 1771 4587 caeteraque
1804 4516 1891 4572 his
1920 4515 2112 4586 adjun-

2219 4516 2355 4586 μήτε
2396 4515 2549 4587 παρὰ
2578 4518 2689 4581 τοῖς
2728 4516 2932 4581 λοιποῖς
2960 4518 3339 4589 ἐρμηνευταῖς.
3373 4519 3438 4572 El
3464 4518 3520 4573 δὲ
3545 4519 3651 4591 χρὴ
3689 4521 3785 4575 καὶ

545 4611 655 4661 eta.
685 4603 819 4671 Qua:
867 4622 1001 4662 sane
1039 4623 1104 4663 es
1143 4611 1552 4682 comparatione
1592 4609 1769 4681 quinti
1794 4621 1848 4666 et
1874 4625 2111 4680 nonage-

2217 4609 2297 4670 εἰς
2325 4606 2423 4680 τὴν
2449 4608 2557 4661 τῶν
2613 4608 3015 4681 Ἐὅδομήκοντα
3061 4610 3331 4683 θεωρῆσαι
3373 4610 3603 4679 ἔκδοσιν,
3641 4614 3785 4684 φημὶ

545 4697 672 4750 simi
696 4697 911 4767 psalmi,
944 4699 1012 4754 de
1068 4702 1427 4758 conversione
1476 4702 1718 4774 gentium
1758 4700 2111 4771 pmnuntiari

2214 4700 2307 4754 τὸν
2332 4700 2489 4765 λόγον
2517 4701 2874 4776 προστάττειν
2907 4705 3019 4767 τοῖς
3044 4705 3181 4769 υἱοῖς
3212 4702 3308 4757 τοῦ
3347 4704 3533 4775 φέρειν
3561 4702 3639 4775 τῷ
3669 4705 3783 4757 Κυ-

540 4785 797 4843 dixerim.
2217 4791 2318 4864 ρίῳ
2334 4794 2396 4847 οὐ
2412 4796 2617 4868 κριοὺς,
2638 4794 2771 4850 ἀλλὰ
2794 4796 2943 4861 υἱοὺς
2974 4795 3142 4867 κριῶν
3160 4811 3174 4827 °
3202 4796 3298 4851 καὶ
3323 4796 3478 4863 δόξαν
3507 4798 3601 4851 καὶ
3620 4798 3783 4867 τιμὴν

542 4881 640 4935 καὶ
670 4881 741 4937 τὰ
772 4882 902 4956 ἑξῆς
936 4884 1298 4959 ἐπιλεγόμενα
1319 4903 1334 4920 ο
1360 4886 1398 4943 ἃ
1447 4887 1513 4962 δὴ
1560 4888 1670 4944 ἀπὸ
1700 4888 1802 4961 τῆς
1837 4887 2194 4960 παραθέσεως
2218 4888 2316 4942 τοῦ
2348 4889 2598 4961 πέμπτου
2634 4891 2728 4944 καὶ
2767 4888 3115 4962 ἐνενηκοστοῢ
3151 4889 3365 4962 ψαλμοῦ
3401 4890 3529 4962 περὶ
3547 4890 3646 4961 τῆς
3676 4887 3784 4942 τῶν

544 4975 716 5032 ἐθνῶν
742 4980 1076 5054 ἐπιστροφῆς
1105 4981 1314 5054 εῖποιμι
1353 4981 1419 5037 ἂν
1449 4983 1904 5056 προφητεύεσθαι.

614 5067 799 5140 Neque
825 5085 856 5124 a
888 5086 1056 5143 scopo
1086 5072 1455 5140 deﬂectemus,
1490 5076 1539 5130 si
1572 5076 2110 5146 pronuntiaverimus

2287 5076 2401 5130 Οὐκ
2447 5075 2513 5130 ἂν
2538 5075 2595 5129 δὲ
2625 5076 2965 5148 ἁμάρτοιμεν
3013 5076 3136 5140 τοὺς
3186 5073 3417 5128 ἐνταῦθα
3453 5074 3603 5137 υἱοὺς
3646 5072 3787 5127 Θεοῦ

544 5160 637 5216 hic
668 5177 766 5233 per
788 5161 958 5220 Filios
987 5163 1104 5230 Dei,
1135 5164 1434 5222 Salvatoris
1459 5168 1634 5223 nostri
1662 5167 1959 5237 discipulos
1980 5182 2112 5237 apo-

2215 5165 2539 5237 λεγομένους
2583 5167 2711 5230 τοὺς
2753 5165 2848 5220 τοῦ
2906 5165 3156 5237 Σωτῆρος
3197 5164 3355 5237 ἡμῶν
3412 5164 3655 5236 μαθητάς
3688 5163 3785 5217 καὶ

544 5254 825 5325 stolosque
862 5254 1183 5327 signiﬁcari,
1237 5272 1267 5311 a
1297 5257 1497 5327 quibus
1557 5257 1727 5329 liquet
1760 5257 1959 5313 lactant
1987 5272 2111 5314 esse

2214 5257 2540 5322 ἀποστόλους
2592 5259 2688 5312 καὶ
2739 5257 3131 5327 εὐαγγελιστάς
3166 5254 3304 5312 εἶναι
3349 5255 3781 5329 ἀποφηνάμενοι,

611 5465 656 5495 ⁶⁴
692 5461 849 5518 Joan.
884 5477 918 5516 ι
946 5503 963 5531 ,
992 5462 1079 5517 ii.
1154 5463 1199 5493 “
1227 5461 1385 5519 Joan.
1415 5478 1468 5527 τ,
1490 5462 1581 5519 27.
1658 5465 1704 5497 ⁶¹
1734 5462 1923 5519 Matth.
1951 5476 2112 5517 xxvm

2212 5461 2270 5518 :0.
2300 5461 2345 5493 ⁸³
2373 5461 2518 5518 Psai.
2572 5477 2689 5526 xcv,
2800 5460 2914 5515 1-4.

2208 5683 2572 5757 θυαμ-ἐξόδου
2606 5685 2829 5757 σκηνῆς,
2861 5685 3006 5755 quod
3030 5682 3582 5757 idipsumsiguilicat.
3696 5668 3703 5675 ’

2208 5748 2237 5880 1'
2277 5754 2352 5878 (ἓ)
2380 5748 2501 5811 llaec
2529 5748 2778 5828 pluribus
2806 5748 3145 5829 explananda
3188 5757 3246 5811 in
3277 5748 3645 5825 Hexaplorum
3667 5748 3787 5804 col-

2230 5840 2287 5881 cc
2318 5841 2462 5881 ioue.

613 5682 687 5753 ll)
708 5680 856 5753 Haec,
877 5679 1076 5747 ἐξοδίου
1095 5681 1320 5753 ᾳηνῆς,
1347 5697 1455 5736 non
1483 5681 1735 5753 leguntur
1766 5682 1818 5753 in
1842 5682 2100 5740 Ilehraico

546 5750 865 5837 ςιιεςιιιιιῆιιιιίι
878 5766 1075 5837 neque,
1090 5750 1452 5837 .T_h'eo'doreto
1493 5750 1664 5837 teste,
1680 5753 1749 5833 in.
1768 5751 2006 5837 ilexaplo
2026 5753 2101 5837 fec

551 5821 827 5878 ubantur.
848 5821 906 5878 in
934 5821 1228 5879 Cbaldaico
1263 5830 1411 5878 textu
1444 5835 1621 5879 tamen
1652 5823 1865 5884 lenitur.
1890 5821 1991 5878 Atii
2026 5825 2101 5879 le-
