4122 6454
321 347 446 403 253

1470 353 1968 411 ΕΟΜΜΕΝΤΑΚΙΑ
2011 357 2077 411 1N
2116 359 2446 418 PSALMOS.

3467 372 3583 430 25$

319 469 398 520 δι’
427 459 504 520 ὧν
536 469 570 538 ή
604 463 792 539 κλῆσις
842 468 948 521 τῶν
983 468 1150 524 ὲθνῶν
1181 471 1423 539 φαίνεται
1455 473 1854 546 κατωρθωμένη

1999 475 2237 544 gentium
2277 486 2636 532 vocationem.
2691 473 2799 532 Eos
2837 477 3047 534 scilicet
3080 477 3170 534 hic
3225 487 3468 551 psalmus
3493 489 3584 554 ju-

317 555 408 622 οῖς
433 560 462 612 6
489 558 628 629 μετὰ
651 562 840 632 χεῖρας
867 560 1024 628 λόγος
1043 562 1369 632 προστάττει
1400 563 1584 634 φέρειν
1611 563 1688 636 τῷ
1714 566 1900 637 Κυρίῳ

316 654 543 725 πρῶτον
587 653 687 724 μὲν
720 654 974 708 ἁπάντων
1016 656 1164 718 υἱοὺς
1197 656 1390 726 κριῶν,
1425 656 1540 710 ἀλλ’
1571 657 1633 710 ού
1681 657 1896 729 κριούς·

2003 565 2092 621 bet
2119 568 2332 632 alierre,
2367 569 2543 638 primo
2567 567 2785 637 quidem
2819 578 2874 626 et
2895 579 3020 626 ante
3042 572 3225 627 omnia
3271 573 3412 629 ﬁlios
3433 577 3579 631 arie-

2002 667 2138 720 tum,
2169 673 2279 712 non
2340 661 2562 724 arietes,
2594 660 2855 729 quoniam
2910 663 2967 717 in
3003 665 3214 734 psalmo
3272 666 3578 735 quadrage-

316 745 624 817 ἐπειδήπερ
651 745 784 816 πρὸς
813 746 910 818 τὴν
949 745 1008 812 ἐξ
1037 745 1205 800 ἐθνῶν
1242 746 1566 819 Ἐκκλησίαν
1609 747 1822 816 ἐλέγετο
1840 749 1876 800 ἐκ

2000 750 2140 803 simo
2173 760 2370 819 quarto
2403 749 2662 807 Ecclesiae
2689 769 2754 807 ex
2809 756 3066 823 gentibus
3105 768 3309 812 coactae
3335 757 3575 813 dieitur:

311 838 398 910 τῷ
430 837 848 910 τεσσαρακοστῷ
871 838 1114 911 τετάρτῳ
1140 838 1338 910 ψαλμῷ
1357 856 1371 869 ·
1416 840 1564 894 Ἀντί
1585 839 1704 893 τῶν
1721 839 1898 893 πατέ-

301 948 443 998 ρων
468 949 586 985 σου
625 931 1000 1000 ἐγενήθησαν
1033 933 1154 986 vlol
1195 949 1332 986 σου.
1383 932 1504 985 Τῶν
1541 931 1596 986 δὲ
1643 931 1895 1003 πατέρων

311 1023 492 1098 λήθην
510 1026 834 1099 ποιήσασθαι
853 1024 1289 1097 παρεκελεύσατο
1301 1025 1438 1098 αὐτῇ
1458 1027 1486 1078 6
1510 1025 1664 1094 λόγος
1684 1023 1852 1078 εἰπών
1877 1039 1892 1056 ο

315 1124 639 1185 Ἄκουσον,
695 1121 962 1189 θύγατερ,
1025 1119 1124 1172 καὶ
1155 1119 1263 1183 ἴδε,
1293 1118 1391 1173 καὶ
1433 1118 1644 1173 κλῖνον
1692 1117 1758 1172 τὸ
1785 1113 1889 1184 οὖς

311 1231 457 1276 σου,
484 1215 582 1267 καὶ
628 1212 915 1268 ἐπιλάθου
958 1213 1064 1266 τοῦ
1088 1211 1240 1266 λαοῦ
1278 1229 1415 1276 σου,
1453 1211 1551 1266 καὶ
1583 1211 1688 1265 τοῦ
1719 1212 1892 1264 οἴκου

312 1307 429 1360 τεῦ
453 1308 679 1374 πατρός
697 1322 812 1360 σου
832 1323 844 1334 ·
879 1303 979 1358 καί
1000 1303 1355 1374 ἐπιθυμήσει
1391 1307 1422 1357 o’
1444 1302 1746 1369 ,βασιλεὺς
1782 1302 1890 1357 τοῦ

309 1398 590 1464 κάλλους
640 1411 784 1451 σου·
815 1396 904 1450 ὅτι
935 1397 1111 1461 αὐτός
1140 1396 1270 1448 ἐστι
1298 1396 1510 1464 Κύριός
1538 1411 1673 1448 σου.
1705 1392 1889 1447 Ταῦτα

308 1489 429 1560 γὰρ
457 1487 579 1542 οὐδὲ
614 1488 748 1558 πρὸς
782 1485 947 1558 ἄλλην
990 1484 1023 1556 ἢ
1051 1485 1186 1556 πρὸς
1215 1484 1381 1554 μόνην
1412 1482 1509 1554 τὴν
1562 1481 1888 1554 Ἐκκλησίαν

306 1583 412 1636 τοῦ
463 1579 701 1650 Χριστοῦ
742 1581 988 1650 ἐλέγετο·
1025 1577 1414 1648 παραινοῦντος
1444 1576 1579 1646 αὑτῇ
1617 1575 1712 1628 τοῦ
1741 1575 1886 1630 Θείου

305 1673 631 1745 Πνεύματος
670 1672 837 1744 λήθην
891 1670 1218 1744 ποιήσασθαι
1261 1668 1356 1722 τοῦ
1406 1669 1671 1740 προτέρου
1714 1667 1886 1736 αὐτῆς

299 1765 440 1819 λαοῦ
468 1805 482 1829 ,
554 1766 647 1819 καὶ
711 1763 806 1818 τοῦ
839 1762 989 1817 οἴκου
1025 1762 1118 1816 τοῦ
1186 1759 1405 1834 πατρὸς.
1445 1761 1617 1832 αὐτῆς
1650 1760 1739 1814 διὰ
1787 1760 1885 1831 τὴν

1998 834 2107 890 Pro
2122 837 2361 904 patribus
2379 840 2482 892 tuis
2497 841 2609 892 nati
2640 851 2762 895 sunt
2791 841 2887 896 tibi
2920 845 3102 912 ﬁlii“.
3124 844 3420 918 Eidemque
3441 864 3578 919 pra:-

1997 927 2198 997 cipitur
2233 935 2292 981 ut
2325 937 2541 998 patrum
2568 946 2793 986 suorum
2820 934 3182 990 obliviscatur
3214 937 3299 993 his
3342 940 3525 996 verbis
3559 959 3575 996 :

1993 1018 2154 1084 Audi,
2184 1018 2324 1088 ﬁlia,
2354 1031 2404 1072 ct
2435 1020 2568 1087 vide,
2605 1031 2656 1075 et
2696 1023 2897 1078 inclina
2931 1042 3113 1080 aurem
3175 1037 3342 1096 tuam,
3366 1040 3415 1084 et
3440 1031 3576 1086 obli-

1993 1111 2185 1165 viscere
2215 1113 2467 1182 populum
2497 1124 2666 1178 tuunt,
2691 1123 2740 1168 et
2761 1114 2974 1169 domum
3004 1120 3170 1185 patris
3206 1121 3324 1175 tui:
3361 1129 3410 1171 et
3453 1139 3576 1178 cou-

1992 1204 2218 1272 cupiscet
2250 1203 2360 1260 Rea:
2405 1205 2644 1260 decorem
2693 1217 2861 1272 tuum,
2913 1211 3038 1279 quia
3067 1199 3176 1280 ipse
3206 1223 3284 1267 est
3315 1212 3572 1272 Dominus

1993 1303 2112 1349 tuus
2141 1297 2208 1351 ⁸⁵.
2243 1295 2368 1351 Πωο
2422 1298 2566 1352 enim
2610 1313 2716 1352 non
2747 1299 2838 1353 alii
2866 1315 3028 1370 quam
3059 1301 3282 1382 .Christi
3317 1303 3572 1362 Ecclesia:

1989 1389 2134 1444 dicta
2166 1399 2315 1454 sunt,
2343 1391 2666 1446 cohortante
2694 1392 2841 1445 illam
2869 1391 3074 1464 Spiritu
3113 1396 3321 1463 divino,
3347 1408 3406 1454 ut
3431 1400 3570 1456 obli-

1987 1481 2232 1538 viscatur
2265 1483 2501 1552 priorem
2537 1485 2795 1554 populum
2823 1500 2983 1540 suum
3032 1497 3086 1540 et
3125 1487 3346 1543 domum
3397 1493 3571 1562 patris

1989 1572 2073 1626 sui
2102 1590 2117 1639 ;
2159 1573 2417 1627 nimirum
2444 1574 2513 1629 ob
2540 1575 2922 1644 multiplicium
2953 1575 3182 1634 deorum
3214 1594 3481 1650 errorem,
3503 1599 3567 1638 ac

1987 1671 2202 1733 patrum
2236 1679 2460 1718 suorum
2497 1666 2960 1735 superstitionem.
3015 1667 3223 1725 Deinde
3253 1673 3382 1742 quia
3410 1672 3561 1730 illam

1988 1763 2169 1823 patres
2197 1753 2446 1810 oblivisci
2480 1771 2611 1812 suos
2624 1756 2889 1827 jusserat,
2923 1761 3237 1817 necessario
3280 1762 3442 1818 infert
3475 1766 3564 1824 bis

307 1827 568 1913 πολύθεω
593 1858 818 1928 πλάνην,
855 1856 949 1910 καὶ
980 1856 1078 1928 τὴν
1109 1854 1217 1908 τῶν
1261 1827 1509 1925 πατέρων
1526 1827 1695 1923 αύτῆς
1716 1827 1876 1906 δεισι-

1987 1848 2211 1904 verbis:
2250 1847 2359 1901 Pro
2401 1849 2646 1919 patribus
2698 1852 2802 1906 tuis
2837 1855 2953 1906 nati
2976 1864 3098 1906 sunt
3152 1854 3247 1908 tibi
3297 1857 3417 1925 ﬁlii.
3454 1856 3564 1915 Hos

304 1949 613 2019 δαιμονίαν.
679 1944 791 2002 Εἶτ’
822 1945 1009 2018 ἐπειδὴ
1044 1946 1152 1999 τῶν
1211 1946 1462 2017 πατέρων
1523 1943 1880 1998 ἐπιλαθέσθαι

304 2043 449 2112 αὐτῇ
509 2039 982 2111 παρεκελεύσατο,
1043 2037 1354 2107 ἀναγκαίως
1415 2037 1610 2106 ἐπάγει
1669 2035 1842 2105 λέγων
1864 2053 1892 2118 ο.

323 2134 470 2188 Ἀντί
499 2131 616 2186 τῶν
672 2129 940 2200 πατέρων
967 2146 1082 2185 σου
1104 2128 1479 2199 ἐγενήθησαν
1505 2129 1558 2181 οὶ
1591 2127 1709 2180 υἱοί
1744 2141 1880 2179 σου.

306 2227 543 2291 Τούτους
595 2227 742 2290 υἱοὺς
779 2225 947 2298 κριῶν
995 2223 1085 2277 διὰ
1121 2223 1182 2276 τὸ
1216 2222 1406 2289 άλογον
1435 2218 1716 2273 ἀποκαλεῖ.
1770 2212 1884 2269 Εἶτ’

1986 1937 2127 1995 ﬁlios
2152 1940 2381 1994 arietum
2410 1950 2568 1996 vocat
2607 1943 2679 1998 ob
2734 1944 2966 2000 rationis
3031 1944 3324 2001 defectum.
3369 1948 3565 2007 Postea

1985 2029 2322 2099 subjungit_:
2371 2029 2572 2100 Aﬁ’erte
2633 2024 2862 2088 Domino
2909 2039 3135 2108 gloriam
3191 2050 3242 2096 et
3294 2043 3561 2098 honorem.

1983 2119 2154 2190 Cujus
2182 2121 2506 2176 sententiam
2538 2139 2602 2178 ex
2628 2124 2731 2180 hoc
2766 2125 3066 2187 Salvatoris
3097 2133 3275 2189 nostri
3297 2135 3362 2189 ad
3395 2134 3564 2190 disci.

1985 2213 2142 2282 pulos
2170 2213 2376 2268 monito
2402 2213 2674 2285 intelligas
2699 2236 2712 2270 :
2744 2217 2975 2276 Luceaut
3005 2241 3163 2294 opera
3187 2236 3356 2280 vestra
3380 2243 3560 2281 coram

304 2319 577 2388 ἐπιλέγειο
621 2318 934 2387 Ἐνέγκατε
979 2314 1058 2382 τῷ
1089 2315 1282 2382 Κυρίῳ
1315 2312 1504 2377 δόξαν
1533 2309 1631 2364 καὶ
1671 2306 1876 2379 τιμήν·

1982 2302 2300 2370 hominibus,
2330 2317 2386 2359 ut
2411 2305 2636 2362 videntes
2673 2309 2808 2365 bona
2837 2329 2994 2382 opera
3041 2325 3229 2383 vestra,
3264 2319 3559 2390 gloriﬁcent

301 2411 330 2464 ὃ
361 2411 428 2481 δὴ
478 2412 689 2481 νοήσεις
729 2409 836 2462 ἀπὸ
881 2408 982 2478 τῆς
1025 2405 1117 2462 τοῦ
1141 2407 1388 2478 Σωτῆρος
1412 2403 1566 2475 ἡμῶν
1601 2401 1736 2473 πρὸς
1759 2399 1876 2462 τοὺς

1989 2393 2202 2450 Patrem
2225 2407 2449 2452 vestrum
2477 2399 2568 2469 qui
2585 2399 2639 2453 in
2663 2403 2808 2458 caelis
2838 2415 2914 2460 est
2949 2407 3012 2460 “.

302 2499 556 2575 μαθητὰς
579 2499 1046 2572 παρακελεύσεως,
1079 2497 1148 2550 δι’
1177 2492 1244 2568 ἦς
1275 2497 1530 2566 παραινεῖ
1570 2493 1743 2561 λέγων
1777 2490 1959 2550 αὐτοῖς
1981 2504 1994 2516 ·
2025 2486 2326 2556 Λαμψὰτω
2356 2491 2428 2544 τὰ
2489 2493 2633 2564 ἔργα
2666 2494 2830 2564 ὑμῶν
2889 2496 3232 2567 ἔμπροσθεν
3288 2499 3405 2554 τῶν
3454 2503 3559 2556 ἀν.

299 2594 571 2662 θρώπων,
601 2592 780 2658 ὅπως,
813 2590 1151 2656 βλέποντες
1176 2592 1250 2642 τὰ
1274 2587 1431 2642 καλὰ
1470 2585 1637 2656 ὑμῶν
1666 2585 1829 2655 ἔργα,
1869 2576 2175 2646 δοξάσωσι
2231 2582 2337 2636 τὸν
2364 2584 2596 2654 Πατέρα
2622 2585 2791 2655 ὑμῶν
2829 2586 2936 2640 τὸν
2989 2588 3059 2642 ἐν
3091 2590 3224 2656 τοῖς
3258 2592 3554 2658 οὐρανοῖς.
3637 2631 3640 2636 -

377 2687 488 2739 Καὶ
530 2685 707 2756 τρίτον
755 2683 834 2737 ἔτι
890 2684 1023 2756 πρὸς
1063 2685 1290 2746 τούτοις,
1326 2680 1508 2752 φέρειν
1563 2677 1640 2750 τῷ
1685 2677 1876 2750 Κυρίῳ

2057 2677 2137 2732 Ad
2173 2677 2288 2732 haec
2320 2677 2503 2743 tertio,
2547 2694 2788 2746 priesens
2848 2682 3113 2750 psalmus,
3170 2687 3260 2738 cui
3291 2693 3557 2740 consonat

300 2776 643 2848 προστάττει
684 2775 986 2846 συμφώνως
1025 2777 1052 2829 6
1095 2774 1230 2845 μετὰ
1261 2777 1446 2845 χεῖρας
1466 2771 1698 2842 ψαλμὸς,
1729 2770 1821 2824 καὶ
1847 2771 1876 2822 6

1980 2778 2366 2849 nonagesimus
2390 2776 2635 2846 quintus,
2671 2777 2918 2847 prazcipit
2944 2778 3136 2834 aﬂ'erre
3171 2779 3403 2836 Domino
3435 2781 3554 2852 glo-

301 2865 653 2937 ὲνενηκοστὸς
703 2865 968 2935 πέμπτος,
1016 2861 1169 2926 δόξαν
1216 2861 1440 2932 ὀνόματι
1481 2857 1664 2912 αὑτοῦ.
1718 2855 1876 2926 Αὐτῷ

1980 2873 2114 2928 riam
2158 2870 2366 2926 nomini
2421 2869 2561 2940 ejus.
2615 2869 2722 2939 Ipsi
2791 2886 3048 2942 namque,
3107 2887 3203 2942 per
3251 2871 3554 2927 doctrinam

305 2957 405 3026 μὲν
434 2957 543 3028 γάρ
603 2955 984 3027 προσφέρομεν
1009 2953 1165 3017 δόξαν
1194 2952 1280 3006 διὰ
1316 2951 1598 3021 δογμάτων
1630 2945 1875 3020 ἐρρωμέ-

301 3065 440 3103 νων⁶
482 3048 617 3102 ἀλλὰ
660 3049 754 3101 καὶ
802 3048 966 3118 τιμὴν
1005 3047 1152 3119 αύτῷ
1200 3042 1598 3117 προσφέρομεν,
1646 3038 1873 3110 πειθαρ-

1977 2979 2192 3027 sanam,
2231 2961 2458 3034 gloriam
2518 2960 2833 3027 alferimus;
2874 2961 2968 3015 sed
3026 2970 3082 3017 et
3125 2962 3386 3018 honorem
3448 2962 3553 3033 ipsi

1977 3054 2278 3116 aﬂ‘erimus,
2309 3051 2356 3107 si
2379 3051 2507 3106 huic
2533 3050 2653 3120 ejus
2677 3059 2950 3121 praecepto
2969 3066 3256 3121 pareamus
3287 3071 3300 3106 :
3338 3051 3554 3107 Honora

305 3142 524 3213 γοῦντες
583 3141 960 3213 προστάγματι
998 3139 1249 3209 λέγοντιε
1305 3138 1447 3207 Τίμα
1497 3134 1603 3188 τὸν
1655 3133 1874 3200 Κύριον

1980 3146 2263 3202 Dominum
2293 3145 2357 3200 de
2391 3145 2496 3198 tuis
2524 3143 2685 3212 iustis
2723 3142 3016 3207 labor-ibus,
3064 3153 3112 3198 et
3135 3144 3401 3213 primitias
3425 3146 3556 3214 oﬂ'er

303 3237 422 3291 ἀπὸ
465 3233 593 3289 σῶν
635 3233 878 3287 δικαίων
905 3235 1124 3295 πόνων,
1154 3229 1251 3283 καὶ
1269 3229 1540 3298 ἀπάρχου
1568 3224 1726 3293 αὐτῷ
1753 3223 1871 3279 ἀπὸ

301 3328 430 3382 σῶν
465 3327 711 3397 καρπῶν
741 3326 1147 3391 δικαιοσύνης.
1199 3323 1289 3393 Τῷ
1337 3323 1395 3376 δὲ
1445 3321 1666 3391 ὀνόματι
1706 3314 1870 3372 αὐτοῦ

299 3418 456 3484 δόξαν
496 3418 888 3489 περιάπτομεν,
950 3414 1166 3467 ἐπειδὰν
1198 3412 1388 3484 λάμπῃ
1439 3411 1594 3482 ήμῶν
1625 3409 1692 3463 τὰ
1735 3408 1870 3480 ἔργα

298 3512 606 3584 ἔμπροσθεν
669 3511 777 3565 τῶν
829 3509 1163 3581 ἀνθρώπων·
1200 3507 1338 3560 ῶστε
1391 3504 1632 3578 ὁρῶντας
1675 3503 1870 3566 αὐτοὺς

296 3598 538 3666 δοξάζειν
592 3601 682 3653 τὸν
732 3598 951 3670 Πατέρα
1005 3598 1161 3668 ἡμῶν
1213 3597 1304 3650 τὸν
1343 3599 1400 3650 ὲν
1446 3598 1559 3659 τοῖς
1601 3595 1867 3666 οὐρανοῖς.

301 3693 490 3756 Ὅπως
503 3691 560 3744 δὲ
579 3693 728 3764 παρὰ
755 3693 867 3755 τοῖς
897 3690 1071 3744 ἔθνεσι
1098 3689 1158 3756 τὸ
1177 3689 1348 3759 ἤνομα
1375 3687 1538 3742 αὐτοῦ
1566 3685 1867 3752 δοξάζεται,

296 3783 391 3836 καὶ
418 3785 447 3836 6
496 3783 584 3837 διὰ
627 3783 721 3837 τοῦ
755 3785 1032 3856 προφήτου
1080 3782 1374 3854 παρίστησι
1441 3779 1595 3848 λόγος
1643 3780 1777 3850 πρὸς
1809 3779 1870 3847 το

309 3871 575 3925 Ἰουδαίων
639 3871 788 3934 ἔθνος
861 3871 1274 3941 ἀποτεινόμενος
1327 3872 1420 3923 καὶ
1496 3869 1698 3938 λέγων’
1749 3871 1868 3923 Οὐκ

295 3961 429 4016 ἔστι
469 3980 589 4030 μου
629 3962 856 4032 θέλημα
909 3963 979 4016 ἐν
1023 3963 1184 4032 ὑμῖν.
1225 3962 1387 4032 λέγει
1455 3964 1670 4030 Κύριος
1717 3976 1868 4015 παν-

297 4053 610 4122 τοκράτωρ,
657 4056 754 4108 καὶ
813 4055 1033 4110 θυσίαν
1073 4057 1144 4110 οὑ
1188 4053 1590 4124 προσδέξομαι
1640 4055 1708 4108 ἐκ
1752 4053 1871 4108 τῶν

293 4145 508 4214 χειρῶν
549 4146 744 4216 ὑμῶν·
781 4147 928 4202 διότι
985 4149 1101 4202 ἀπὸ
1153 4146 1464 4204 ἀνατολῶν
1496 4149 1674 4216 ἡλίου
1692 4147 1870 4218 μέχρι

294 4234 542 4305 δυσμῶν
562 4238 918 4303 δεδόξασται
945 4239 1011 4292 τὸ
1034 4239 1221 4309 ὄνομά
1235 4257 1354 4310 μου
1385 4239 1454 4293 ἐν
1479 4239 1603 4305 τοῖς
1627 4239 1830 4294 ἔθνεσι
1849 4257 1863 4270 ’

293 4332 392 4384 καὶ
415 4332 485 4385 ἐν
497 4334 675 4386 παντὶ
701 4335 858 4400 τόπῳ
903 4333 1166 4403 θυμίαμα
1207 4331 1606 4402 προσφέρεται
1630 4331 1708 4397 τῷ
1734 4333 1858 4386 ord-

1973 3242 2074 3310 ipsi
2101 3239 2166 3294 de
2197 3239 2300 3293 tuis
2321 3236 2552 3308 justitiw
2572 3223 2832 3305 fructibus
2857 3235 2931 3290 ".
2985 3233 3202 3290 Nomini
3230 3244 3411 3291 autem
3433 3237 3554 3305 ejus

1973 3332 2201 3403 gloriam
2226 3329 2603 3388 conciliamus,
2621 3326 2665 3382 si
2683 3326 2904 3397 quando
2934 3327 3150 3382 luceant
3171 3343 3336 3397 opera
3365 3337 3554 3384 nostra

1971 3439 2156 3478 coram
2190 3421 2503 3477 hominibus
2525 3463 2539 3487 ,
2573 3420 2648 3473 ita
2704 3429 2763 3474 ut
2815 3418 3061 3472 videntes
3095 3419 3197 3488 ipsi
3248 3419 3554 3488 glorificent

1971 3513 2187 3568 Patrem
2219 3519 2469 3567 nostrum
2491 3512 2583 3580 qui
2609 3511 2662 3564 in
2693 3509 2849 3564 coslis
2881 3516 2986 3562 est.
3021 3508 3142 3574 Quo
3176 3521 3336 3580 pacto
3372 3521 3552 3566 autem

1971 3605 2135 3660 etiam
2167 3604 2310 3674 apud
2365 3613 2556 3674 gentes
2586 3602 2792 3656 nomini
2857 3600 2978 3668 ejus
3031 3601 3206 3670 gloria
3256 3600 3548 3667 referatur,

1973 3695 2060 3750 hic
2091 3695 2364 3766 propheta:
2396 3710 2574 3749 sermo
2608 3694 2866 3757 declarat,
2903 3694 2994 3764 qui
3024 3691 3306 3748 Iudaicam
3336 3705 3550 3765 gentem

1972 3787 2215 3857 respicit,
2255 3795 2305 3840 et
2343 3788 2421 3840 sic
2454 3786 2614 3840 habet
2648 3802 2661 3837 :
2697 3783 2819 3839 Non
2853 3795 2931 3838 est
2953 3783 3193 3838 voluntas
3232 3800 3346 3838 mea
3375 3785 3429 3838 in
3460 3801 3549 3838 vo-

1972 3877 2072 3938 bis,
2107 3876 2236 3930 dicit
2303 3875 2554 3929 Dominus
2605 3877 2956 3943 omnipotens,
3002 3884 3052 3929 et
3083 3876 3410 3945 sacri/icium
3446 3892 3551 3929 non

1973 3970 2223 4037 accipiam
2248 3968 2312 4023 de
2331 3969 2572 4022 manibus
2601 3970 2818 4032 vestris;
2839 3967 2903 4021 ab
2932 3975 3049 4022 ortu
3069 3968 3205 4021 enim
3237 3967 3367 4022 solis
3390 3984 3552 4038 usque

1972 4063 2040 4114 ad
2075 4078 2320 4115 occasum
2355 4061 2716 4132 glori/iratum
2743 4069 2820 4114 est
2872 4075 3057 4112 nomen
3089 4074 3258 4112 meum
3297 4058 3350 4110 in
3377 4057 3548 4127 genti-

1972 4155 2096 4216 bus,
2131 4165 2178 4207 et
2211 4155 2261 4206 in
2286 4155 2432 4206 ontni
2461 4155 2575 4207 loco
2615 4153 2911 4223 thymiama
2929 4150 3145 4219 offertur
3177 4149 3380 4202 nomini
3409 4162 3544 4211 meo,

1969 4258 2018 4300 ct
2060 4247 2380 4315 sacriﬁcium
2438 4245 2710 4299 mundum.
2753 4244 2892 4309 Quia
2935 4258 3185 4312 magnum
3241 4250 3318 4294 est
3360 4255 3547 4294 nomen

1973 4353 2140 4390 meum
2171 4337 2224 4389 in
2255 4335 2488 4406 gentibus
2516 4352 2534 4389 :
2563 4346 2611 4388 et
2643 4350 2730 4387 vos
2755 4333 3022 4402 polluistis
3058 4330 3192 4384 illud
3213 4331 3279 4385 °'.
3320 4329 3402 4384 Ad
3432 4330 3548 4384 hinc

289 4424 432 4492 ματί
454 4442 572 4493 μου
601 4425 699 4478 καὶ
725 4425 906 4479 θυσία
937 4424 1183 4494 καθαρά·
1213 4425 1359 4480 διότι
1392 4424 1548 4494 μέγα
1582 4426 1647 4479 τὸ
1682 4424 1868 4494 ὄνομά

1980 4429 2152 4483 omnia
2183 4428 2241 4493 ii,
2266 4428 2356 4496 qui
2396 4427 2486 4480 lilii
2525 4424 2618 4480 Dei
2649 4441 2772 4480 esse
2804 4424 3172 4487 declarantur,
3204 4422 3414 4477 scilicet
3452 4422 3544 4475 lilii

285 4534 407 4586 μου
426 4517 496 4571 ἐν
515 4517 638 4584 τοῖς
661 4518 901 4572 ἔθνεσιν
922 4536 934 4549 ’
966 4517 1130 4587 ὑμεῖς
1160 4517 1227 4571 δὲ
1253 4517 1666 4585 βεϐηλοῦντες
1697 4518 1864 4570 αὑτό.

294 4611 438 4680 Πρὸς
467 4609 676 4674 τούτοις
725 4611 926 4664 ἅπασιν
958 4612 1007 4664 οἱ
1038 4609 1370 4681 δηλωθέντες
1412 4610 1518 4662 υἱοὶ
1563 4609 1655 4663 τοῦ
1708 4608 1864 4671 Θεοῦ,

292 4702 327 4770 ἢ
363 4701 466 4754 υἱοὶ
499 4702 608 4755 τῶν
637 4702 804 4774 κριῶν
850 4703 1161 4757 κελεύονται
1221 4706 1544 4774 προσκυνεῖν
1573 4701 1652 4772 τῷ
1677 4702 1869 4774 Κυρίῳ

292 4794 353 4844 ὲν
385 4792 518 4863 αὐλῇ
542 4793 673 4864 ἁγία
697 4793 882 4846 αὑτοῦ,
914 4795 987 4846 Ού
1010 4794 1119 4864 γὰρ
1144 4794 1249 4860 ἔξω
1269 4795 1368 4865 τῆς
1394 4793 1562 4863 αὐλῆς
1598 4793 1866 4863 βούλεται,

290 4882 413 4936 οὐδὲ
439 4883 940 4954 ἀνακεχωρημένως
985 4883 1282 4946 ἱδιάζοντας
1328 4886 1652 4954 προσκυνεῖν
1697 4882 1866 4953 αύτῷ,

291 4971 405 5026 ἀλλ’
433 4975 782 5037 ἀπαντῶντας
803 4977 883 5038 είς
914 4976 1013 5046 τὴν
1055 4975 1380 5046 Ἐκκλησίαν
1411 4974 1596 5028 αὑτοῦ.
1641 4975 1784 5026 Ἀντὶ
1810 4973 1866 5027 δὲ

285 5067 404 5127 τοῦ,
455 5069 525 5120 ἐν
552 5067 710 5137 αὐλῇ
737 5069 875 5138 ἁγίᾳ
905 5071 1110 5134 αὐτοῦ,
1149 5073 1177 5122 6
1220 5071 1318 5140 μὲν
1354 5068 1602 5132 Ἀκύλας,
1629 5071 1698 5121 ἐν
1740 5066 1867 5120 δια-

289 5161 539 5226 σρεπείᾳ
581 5148 937 5230 ἡγιασμένη,
981 5161 1240 5227 ἐξέδωκεν
1260 5179 1272 5191 ·
1297 5165 1324 5215 ὁ
1348 5161 1404 5215 δὲ.
1437 5161 1749 5232 Σύμμαχος,
1796 5161 1866 5212 ἐν

286 5252 634 5322 διαπρεπειᾳ
659 5255 816 5324 ἁγίᾳ.
859 5254 1112 5308 Βούλεται
1132 5257 1239 5327 γὰρ
1281 5258 1426 5326 ἡμᾶς
1457 5259 1485 5308 6
1537 5256 1688 5323 λόγος
1725 5254 1862 5325 μετὰ

1969 4520 2223 4581 arietum,
2255 4518 2516 4584 iubentur
2544 4516 2774 4570 adorare
2797 4513 3088 4570 Dominum
3112 4513 3166 4566 in
3194 4512 3317 4565 aula
3355 4519 3546 4565 sancta

1969 4613 2110 4681 ejus.
2145 4610 2220 4682 (l)
2247 4609 2363 4664 Non
2399 4609 2514 4663 vult
2544 4607 2693 4663 enim
2748 4615 2901 4661 extra
2940 4608 3143 4668 aulam,
3179 4620 3356 4674 neque
3384 4605 3436 4658 in
3460 4619 3547 4658 se-

1971 4718 2153 4765 cessu,
2183 4709 2277 4754 aut
2318 4707 2559 4754 semotos
2615 4697 2847 4750 adorare
2892 4696 3106 4764 ipsum;
3140 4693 3233 4748 sed
3287 4692 3547 4747 accedere

1965 4794 2120 4864 jubet
2143 4791 2209 4847 ad
2244 4791 2542 4846 Ecclesiam
2561 4805 2736 4845 suam.
2777 4785 2921 4842 Loco
2945 4797 3123 4839 autem
3145 4785 3312 4848 illius,
3341 4785 3395 4837 iu
3419 4784 3545 4838 aula

1972 4894 2158 4941 sancta
2187 4885 2300 4954 ejus
2319 4925 2333 4948 ,
2375 4883 2592 4952 Aquila,
2622 4882 2676 4935 in
2693 4879 2875 4934 decore
2905 4878 3271 4948 sanctiﬁcato;
3297 4875 3547 4948 Symma-

1975 4979 2114 5032 chus
2146 4993 2298 5039 vero,
2327 4975 2585 5030 indecore
2635 4983 2840 5036 sancto,
2878 4970 3070 5026 edidit.
3107 4968 3230 5022 Vult
3255 4969 3400 5022 enim
3441 4983 3546 5024 nos

1977 5085 2102 5124 cum
2148 5068 2332 5124 debito
2374 5075 2596 5130 ornatu,
2632 5082 2696 5119 ac
2729 5064 2840 5119 Deo
2891 5062 3089 5116 dilecta
3117 5059 3329 5130 justitia
3361 5059 3549 5113 adora-

1976 5163 2182 5216 tioneni
2218 5175 2496 5230 peragere,
2534 5156 2810 5213 sanctitati
2839 5168 3066 5225 prorsus
3114 5150 3326 5205 deditos
3357 5165 3422 5203 ac
3449 5149 3547 5203 de-

1969 5255 2105 5308 cori.

285 5352 381 5406 τοῦ
416 5353 715 5423 πρέποντος
754 5353 978 5424 κόσμου,
1013 5355 1106 5407 κα)⁸
1146 5354 1244 5424 τῆς
1263 5352 1340 5422 τῷ
1363 5351 1483 5422 Θεῷ
1526 5349 1854 5422 προσφιλοῦς
1927 5349 2270 5420 δικαιοσύνης
2335 5348 2431 5420 τὴν
2488 5345 2856 5419 προσκύνησιν
2922 5339 3212 5404 ποιεῖσθαι,
3255 5339 3407 5400 ὅλους
3447 5335 3545 5389 αὺ-

286 5445 414 5507 τοὺς
446 5446 502 5497 ἐν
529 5445 786 5519 ἁγιασμῷ
810 5446 1134 5516 γενομένους
1162 5447 1255 5499 καὶ
1281 5449 1336 5500 έν
1367 5444 1686 5517 εὐπρεπείᾳ.

393 5661 436 5690 ⁸⁸
493 5661 638 5718 Psal.
693 5678 837 5724 xuv,
882 5660 965 5714 i7.
1044 5659 1087 5689 "
1128 5658 1257 5712 ibid.
1291 5657 1371 5710 ll.
1450 5656 1494 5687 “
1527 5653 1713 5710 Matth.
1738 5669 1791 5718 v,
1848 5651 1871 5705 1

2011 5653 2054 5682 ⁸⁷
2095 5649 2258 5705 Prov.
2297 5665 2383 5712 ιιι,
2408 5650 2461 5704 9.
2540 5647 2584 5679 “
2622 5643 2851 5702 Malach.
2880 5658 2917 5709 ι,
2952 5637 3159 5695 lii-li.

358 5843 432 5917 (l)
458 5841 693 5916 hlipsum
719 5843 826 5901 fere
857 5843 1087 5900 Basilius
1124 5842 1275 5902 dixit,
1303 5855 1407 5908 qua
1435 5837 1498 5893 de
1547 5853 1603 5892 re
1636 5837 1686 5890 in
1715 5833 2031 5907 pra'fatione
2061 5832 2273 5889 videsis.
