4122 6454
545 371 656 428 255

1285 367 1556 423 EUSEBII
1597 364 2076 422 CESARIENSIS
2113 364 2262 422 OPP.
2300 363 2477 420 PARS
2522 350 2610 414 ΙΙΙ.
2651 392 2723 406 —
2761 364 3162 423 EXEGETICA.

3685 369 3797 427 256

611 479 780 535 Vens.
819 480 872 534 '5.
919 478 1034 533 Voa:
1073 478 1286 533 Domini
1330 496 1485 549 super
1535 495 1736 549 aquas,
1779 480 1920 534 Deus
1954 482 2113 551 maje-

2291 480 2460 550 Φωνὴ
2493 476 2714 546 Κυρίου
2745 479 2844 534 ἐπὶ
2880 479 2999 534 τῶν
3038 477 3290 544 ὑδάτων,
3322 484 3357 537 ὁ
3388 484 3530 550 Θεὸς
3558 481 3670 552 τῆς
3696 485 3797 539 δό-

537 573 697 629 statis
732 571 999 634 intonuit;
1043 569 1300 624 Dominus
1336 587 1491 640 super
1529 587 1693 641 aquas
1727 571 1945 626 multas.
1977 569 2115 638 Quia

539 683 666 723 cum
701 666 757 720 in
785 665 990 720 vertice
1016 662 1250 718 Carmeli
1286 679 1380 717 aer
1409 679 1636 718 serenus
1665 670 1831 727 esset,
1862 663 2117 718 audiebat

538 775 730 816 vocem
771 774 1038 830 aquarum
1073 757 1390 811 multarum.
1434 754 1512 809 Ac
1551 756 1596 810 si
1634 756 1758 826 quis
1805 755 2115 811 summatim

542 853 728 908 omnia
759 851 980 921 colligat
1010 866 1131 920 qum
1163 848 1218 902 in
1260 836 1444 902 Veteri
1487 846 1837 903 Testamento
1862 847 1929 902 de
1960 847 2117 917 aquis

541 946 818 1008 feruntur,
855 944 902 999 is
935 957 1070 998 sane
1108 939 1313 996 videbit
1357 939 1524 994 illud:
1559 939 1789 1008 Spiritus
1833 939 1932 992 Dei
1982 939 2119 1008 fere-

541 1040 698 1096 batur
722 1052 878 1105 super
909 1051 1102 1106 aquam
1126 1033 1171 1064 ⁶⁹
1196 1051 1210 1100 ;
1242 1041 1295 1088 et
1317 1033 1448 1086 illud
1475 1052 1488 1087 :
1517 1031 1760 1086 Educant
1788 1049 1939 1104 aqua
1957 1033 2118 1101 repti-

541 1131 616 1186 lia
649 1130 951 1183 animarum
981 1125 1286 1189 viventium,
1309 1133 1358 1178 et
1393 1124 1633 1178 volatilia
1653 1124 1730 1188 7°;
1761 1138 1825 1179 ea
1867 1123 1996 1179 item
2023 1123 2118 1178 de-

533 1221 838 1295 prehendet
886 1235 1007 1290 quae
1057 1220 1114 1272 in
1167 1216 1374 1272 diluvio
1420 1225 1570 1287 gesta
1629 1223 1791 1277 sunt.
1841 1214 2117 1285 quomodo

535 1312 814 1375 videlicet,
851 1325 975 1364 cum
1006 1308 1193 1364 omnia
1219 1307 1378 1377 aquis
1411 1306 1698 1360 submersa
1725 1310 1928 1367 essent,
1966 1303 2116 1358 solus

531 1402 646 1459 Noe
686 1417 812 1458 cum
842 1402 911 1456 iis
943 1401 1036 1472 qui
1072 1400 1128 1454 in
1160 1414 1287 1454 arca
1318 1404 1478 1454 erant
1509 1397 1695 1451 salvus
1739 1395 2009 1457 evaserit,
2053 1409 2116 1448 ea

533 1495 708 1549 etiam
736 1509 858 1564 qua:
889 1493 943 1546 in
971 1491 1228 1563 Aﬂgypto,
1265 1499 1318 1544 et
1349 1490 1404 1543 in
1440 1489 1578 1542 mari
1609 1487 1814 1550 ltubro,
1839 1495 1892 1542 et
1916 1501 2036 1556 qua:
2061 1485 2116 1540 in

531 1583 815 1652 Jordane,
863 1601 970 1656 qua
1004 1585 1215 1639 ratione
1251 1581 1344 1636 ﬁlii
1390 1580 1555 1636 Israel
1590 1579 1740 1636 sicco
1773 1579 1908 1649 pcde
1937 1585 2118 1634 trans-

539 1679 724 1735 ierint.

615 1769 785 1826 νεεδ.
821 1769 875 1822 ι.
927 1769 1038 1823 Vox
1062 1767 1280 1821 Domini
1315 1767 1368 1819 in
1405 1765 1614 1820 virtute.
1643 1761 1777 1818 Nam
1809 1763 1903 1834 qui
1933 1762 2115 1817 omnia

2220 576 2331 643 ξης
2397 575 2754 642 ἐϐρόντησε·
2810 576 3024 642 Κύριος
3078 575 3179 628 ἐπὶ
3237 575 3474 630 ὑδάτων
3525 576 3797 636 πολλῶν.

2220 669 2361 731 Ὅτι,
2393 667 2608 739 αἰθρίας
2659 666 2826 739 οὔσης
2893 669 2985 721 ἐπὶ
3020 669 3118 742 τὴν
3149 670 3393 742 κορυφὴν
3436 669 3528 723 τοῦ
3561 671 3798 742 Καρμή-

2216 761 2330 825 λου,
2362 762 2528 831 ἤκουε
2570 761 2754 832 φωνὴν
2816 760 3021 816 ὑδάτων
3057 761 3286 815 πολλῶν.
3319 763 3432 816 Καὶ
3468 762 3625 827 ὅλως,
3669 781 3799 818 συν-

2217 852 2438 922 αγαγών
2463 870 2545 916 τις
2574 853 2642 906 τὰ
2658 855 2715 906 ὲν
2731 855 2796 924 τῇ
2825 853 3034 926 Παλαιᾷ
3061 853 3188 927 περὶ
3219 855 3424 908 ὑδάτων
3456 855 3803 926 ἀναγεγραμ-

2222 944 2378 1015 μένα,
2435 946 2530 997 καὶ
2575 945 2650 1010 ὠς
2699 945 2782 1009 τὸ,
2833 945 3077 1015 Πνεῦμα
3116 945 3223 999 τοῦ
3273 945 3421 1000 Θεοῦ
3475 946 3800 1016 ἐπεφέρετο

2217 1037 2414 1090 ἐπάνω
2441 1037 2548 1090 τοῦ
2581 1037 2828 1104 ὕδατος·
2873 1039 2966 1092 καὶ
2997 1037 3057 1092 τό
3077 1055 3091 1068 ·
3111 1038 3469 1108 Ἐξαγαγέτω
3508 1039 3579 1092 τὰ
3608 1038 3799 1092 ὕδατα

2217 1128 2432 1196 ἑρπετὰ
2463 1128 2682 1199 ψυχῶν
2724 1127 2924 1190 ζωσῶν
2954 1129 3050 1182 καί
3085 1130 3324 1184 πετεινά
3370 1132 3693 1200 πετόμενα·
3727 1131 3799 1186 τά

2218 1236 2276 1272 τε
2311 1220 2367 1272 ὲν
2393 1219 2472 1290 τῷ
2503 1220 2892 1292 κατακλυσμῷ,
2921 1221 3016 1285 ὡς,
3063 1224 3317 1276 ἁπάντων
3343 1223 3688 1295 ὑποϐρυχίων
3710 1239 3796 1292 γι-

2217 1311 2474 1382 νομένων,
2505 1312 2662 1383 μόνος
2693 1315 2722 1365 ό
2762 1313 2882 1366 Νῶε
2931 1315 3024 1367 καὶ
3065 1316 3113 1367 οί
3166 1316 3261 1367 σὺν
3303 1313 3451 1384 αὐτῷ
3481 1315 3796 1380 διεσώζοντο

2218 1400 2274 1451 ἐν
2304 1403 2368 1471 τῇ
2402 1399 2650 1472 κιϐωτῷ·
2682 1403 2776 1455 καὶ⁵
2805 1402 2872 1456 τὰ
2914 1403 3007 1456 ἐπὶ
3036 1404 3133 1474 τῆς
3165 1403 3462 1471 Αἰγύπτου,
3495 1405 3588 1458 καὶ
3629 1403 3697 1458 τὰ
3734 1406 3794 1457 ὲν

2216 1493 2282 1562 τῇ
2323 1491 2557 1563 Ἐρυθρᾷ
2599 1492 2862 1566 θαλάσσῃ,
2890 1496 2984 1548 καὶ
3032 1493 3098 1548 τὰ
3139 1497 3197 1547 ὲν
3238 1494 3316 1565 τῷ
3354 1495 3614 1569 Ἰορδάνῃ,
3646 1497 3793 1561 ὅπως

2219 1582 2434 1655 ἀϐρόχῳ
2469 1583 2590 1637 ποδὶ
2615 1583 2925 1638 διεϐίϐασαν
2953 1585 3003 1637 οἱ
3032 1585 3136 1637 υἱοὶ
3178 1584 3413 1655 Ἰσραὴλ,
3441 1585 3650 1654 ὄψεται.

2290 1759 2460 1830 Φωνὴ
2490 1761 2710 1829 Κυρίου
2747 1761 2816 1814 ὲν
2842 1761 3027 1830 ἰσχύϊ.
3067 1761 3126 1814 '0
3154 1760 3263 1833 γὰρ
3300 1761 3477 1815 πάντα
3509 1761 3705 1834 ἰσχύων
3736 1763 3795 1816 ὲν

541 1867 722 1930 potest
766 1860 821 1914 in
870 1858 1092 1913 Christo
1141 1858 1234 1927 qui
1285 1871 1346 1910 se
1393 1851 1706 1917 confortat,
1760 1851 1808 1906 is
1849 1859 2113 1922 praecepta

2218 1853 2297 1926 τῷ
2343 1853 2724 1925 ἐνδυναμοῦντι
2766 1853 2926 1908 αὑτὸν
2971 1854 3209 1926 Χριστῷ,
3265 1849 3420 1920 οὗτος
3467 1857 3653 1910 ἀκούει
3683 1855 3794 1911 τῶν

544 1952 760 2007 Domini
793 1951 966 2014 audit,
1009 1959 1062 2006 ct
1087 1967 1150 2004 ea
1187 1948 1528 2017 exsequitur.
1571 1943 1690 2000 Vox
1729 1959 1860 2015 ergo
1903 1941 2118 1998 Domini

541 2060 650 2100 non
680 2045 733 2098 in
759 2043 924 2098 debili
954 2057 1016 2096 ac
1041 2041 1221 2097 soluta
1259 2040 1463 2103 anima,
1498 2037 1593 2093 sed
1634 2037 1689 2091 in
1729 2035 1952 2091 robusta
1999 2048 2120 2104 quae

538 2138 750 2192 naviter
803 2136 1006 2190 bonum
1046 2140 1322 2203 operatur.
1390 2131 1505 2185 V0.1:
1555 2128 1768 2182 Domini
1816 2129 1871 2182 in
1917 2126 2122 2197 magni-

540 2230 775 2300 ﬁcentia.
805 2226 926 2280 Non
974 2241 1070 2296 per
1097 2239 1160 2279 ea
1194 2223 1370 2279 solum
1392 2261 1408 2286 ,
1461 2221 1661 2289 inquit,
1697 2233 1817 2288 quae
1847 2218 1913 2273 de
1961 2215 2120 2286 aquis

540 2318 688 2372 dicta
715 2318 874 2371 nobis
909 2325 1058 2379 sunt,
1079 2330 1183 2369 vox
1216 2311 1432 2366 Domini
1463 2310 1772 2366 declaratur
1791 2352 1806 2377 ,
1830 2307 1924 2364 sed
1952 2308 2118 2363 etiam

542 2427 640 2484 per
672 2413 928 2466 virtutem
968 2416 1022 2464 et
1073 2406 1536 2479 magniﬁcentiam
1570 2405 1714 2473 eius,
1749 2419 1912 2474 quam
1942 2402 2119 2458 oculis

544 2501 950 2575 deprehendere
985 2508 1187 2571 potest,
1218 2496 1474 2570 quisquis
1519 2496 1809 2552 confertim
1855 2495 2116 2549 mundum

538 2608 718 2667 totum
743 2609 1207 2668 quaquaversum,
1227 2601 1281 2647 et
1313 2602 1496 2662 partes
1528 2590 1649 2660 ejus
1680 2589 1958 2660 sigillatim
1987 2603 2120 2643 con-

537 2689 864 2760 templatur,
901 2700 1116 2741 necnon
1176 2682 1604 2737 inenarrabilem
1659 2679 2114 2751 magnitudinem,

543 2780 870 2837 ineO‘abilem
903 2775 1389 2848 pulchritudinem,
1419 2788 1481 2829 ac
1512 2773 1682 2826 multa
1706 2772 1970 2826 varietate
1993 2787 2118 2842 spe-

540 2871 820 2935 ctabilem,
845 2885 966 2942 qua:
991 2868 1125 2934 ipsis
1150 2869 1313 2930 inest,
1342 2865 1688 2936 sapientiam.
1709 2861 1838 2930 Quae
1859 2864 2116 2918 nimirum

541 2971 869 3036 potestatem
892 2961 1259 3031 virtutemque
1287 2958 1666 3012 universorum
1689 2955 1902 3026 opiﬁcis
1932 2962 2117 3025 aperte

540 3062 998 3113 cummonstrant.
1031 3051 1168 3108 llinc
1199 3059 1285 3107 est
1311 3051 1455 3121 quod
1499 3064 1780 3106 sermones
1816 3049 2115 3119 prophetici

544 3149 636 3204 Dei
673 3147 960 3205 scientiam
997 3160 1028 3199 a
1063 3143 1437 3216 magnitudine
1469 3157 1694 3212 operum
1733 3141 1852 3211 ejus
1882 3140 2113 3195 mutuati

538 3242 670 3296 sint.
709 3238 1076 3306 Quamobrem
1102 3233 1244 3305 apud
1275 3231 1567 3289 Jeremiam
1603 3231 1809 3285 dictum
1843 3239 1961 3286 est:
2005 3229 2116 3284 Do-

543 3334 715 3388 minus
743 3331 834 3401 qui
876 3329 998 3400 fecit
1032 3337 1227 3382 terram
1259 3327 1312 3381 in
1349 3324 1657 3394 fortitudine
1688 3340 1788 3378 sua
1811 3325 1878 3391 '”,
1915 3335 1969 3379 ct
2009 3337 2115 3378 ca}—

542 3433 658 3480 tera
669 3465 682 3479 .

611 3513 780 3568 Vens.
816 3512 871 3574 5,
901 3510 952 3565 6.
999 3509 1112 3564 Vox
1155 3507 1372 3562 Domini
1407 3504 1783 3576 confringentis
1812 3504 1994 3558 cedros
2020 3518 2038 3556 :
2064 3510 2114 3556 et

541 3605 832 3676 confringet
861 3603 1116 3657 Dominus
1153 3599 1331 3655 cedros
1359 3597 1569 3662 Libani,
1600 3608 1649 3652 et
1680 3599 1992 3652 comminuet
2024 3614 2113 3652 eas

543 3710 796 3767 tanquam
853 3696 1074 3751 uitulum
1125 3693 1347 3758 Libani,
1401 3703 1450 3748 et
1502 3691 1723 3746 dilectus
1779 3692 2114 3762 quemadmo-

542 3808 668 3846 num
711 3791 855 3861 ﬁlius
903 3789 1259 3844 unicornium.
1306 3786 1421 3841 lloc
1467 3787 1596 3842 item
1650 3785 1810 3839 modo
1845 3786 2115 3855 interpre-

544 3883 678 3938 teris
704 3901 718 3938 :
753 3897 848 3952 per
878 3881 1108 3935 vitulum
1135 3879 1349 3942 Libani,
1375 3877 1542 3932 ﬁlium
1575 3877 1940 3940 unicornium,
1967 3877 2114 3930 vidc-

543 3981 635 4027 tur
657 3969 1090 4041 Hierosolymam
1125 3967 1394 4031 indicare,
1427 3975 1590 4037 atque
1612 3968 1763 4020 illum
1792 3966 1998 4036 pridem
2027 3965 2113 4018 di-

543 4067 744 4122 lectum
775 4063 945 4118 ﬁlium
971 4061 1341 4116 unicornium.
1368 4059 1503 4114 Nam
1534 4075 1601 4115 ex
1633 4061 1840 4114 sanctis
1863 4057 2109 4128 patribus

539 4159 650 4214 orti
687 4164 837 4220 sunt,
885 4157 980 4226 qui
1024 4154 1154 4208 olim
1205 4153 1499 4207 unicornes
1539 4151 1938 4214 vocitabantur,
1983 4150 2109 4218 quia

541 4265 652 4305 uno
680 4248 790 4302 Deo
823 4245 992 4302 veluti
1023 4260 1193 4299 cornu
1227 4251 1356 4298 sunt
1389 4241 1475 4297 usi
1504 4261 1516 4296 :
1554 4255 1659 4311 qua
1694 4228 1770 4296 de
1809 4255 1868 4294 re
1907 4240 2108 4310 gloria-

541 4341 743 4396 bantur
784 4336 871 4392 his
909 4335 1127 4390 verbis:
1181 4332 1245 4386 ln
1289 4341 1335 4386 te
1358 4332 1597 4385 inimicos
1651 4339 1856 4384 nostros
1889 4329 2109 4383 uentila-

541 4429 711 4481 bimus
743 4442 906 4480 cornu
928 4426 998 4478 ⁷⁸.
1023 4424 1265 4490 Quorum
1298 4423 1391 4477 lilii
1427 4422 1594 4488 fuere,
1621 4420 1788 4476 duces
1817 4419 2008 4474 Sarion
2041 4431 2108 4475 ex

2221 1946 2446 2000 ἐντολῶν
2475 1948 2701 2019 Κυρίου,
2733 1947 2827 2000 καὶ
2857 1949 3020 2000 ποιεῖ.
3053 1947 3208 2018 Φωνὴ
3247 1943 3339 2000 οὖν
3371 1947 3573 2018 Κυρίου
3597 1948 3698 2001 οὐκ
3735 1949 3794 2003 ὲν

2220 2045 2287 2113 τῇ
2340 2040 2558 2094 ἀσθενεῖ
2596 2043 2689 2094 καὶ
2735 2040 3002 2114 λελυμένῃ
3045 2042 3212 2112 ψυχῇ,
3238 2041 3350 2096 ἀλλ’
3394 2041 3450 2094 ὲν
3479 2044 3544 2112 τῇ
3591 2039 3794 2113 εύτόνῳ

2224 2134 2456 2209 ἰσχυρῶς
2499 2136 2941 2207 κατεργαζομένη
2984 2135 3046 2187 τὸ
3080 2133 3301 2202 ἀγαθόν.
3350 2132 3520 2200 Φωνὴ
3571 2133 3791 2200 Κιιρίου

2219 2229 2289 2281 ὲν
2325 2228 2826 2298 μεγαλοπρεπείᾳ.
2859 2228 2932 2279 Ού
2977 2225 3063 2278 διὰ
3091 2226 3288 2296 μόνων,
3325 2225 3477 2294 φησὶ,
3505 2227 3611 2279 τῶν
3639 2228 3790 2298 εἰρη-

2223 2319 2398 2390 μένων
2420 2320 2548 2389 ἠμῖν
2576 2319 2705 2388 περὶ
2734 2315 2940 2371 ὖδάτων
2971 2319 3002 2388 ἡ
3034 2316 3185 2388 φωνὴ
3212 2317 3538 2388 παρίσταται
3563 2317 3658 2370 τοῦ
3683 2319 3793 2370 Κυ-

2221 2412 2368 2483 ρίου·
2408 2409 2542 2464 ἀλλὰ
2574 2410 2668 2463 καὶ
2701 2408 2789 2463 διὰ
2816 2409 2915 2479 τῆς
2946 2407 3127 2479 ἰσχύος
3159 2407 3323 2462 αὑτοῦ
3360 2411 3452 2462 καὶ
3490 2409 3588 2478 τῆς
3621 2427 3791 2480 μεγα-

2218 2503 2570 2574 λοπρεπείας,
2599 2502 2667 2573 ἢν
2701 2501 2845 2554 ἔστιν
2885 2501 3179 2571 ὀφθαλμοῖς
3211 2501 3541 2571 κατανοῆσαι
3582 2501 3792 2573 ἀθρόως

2217 2594 2307 2648 τὸν
2338 2593 2626 2666 σύμπαντα
2654 2593 2858 2664 κόσμον
2891 2593 3180 2665 ἀπείρατα,
3225 2592 3369 2656 ἰδίως
3411 2611 3470 2646 τε
3501 2592 3569 2646 τὰ
3602 2593 3791 2647 τούτου

2222 2687 2360 2757 μέρη
2405 2686 2758 2758 θεασάμενον,
2784 2686 2853 2740 τά
2876 2703 2934 2738 τε
2966 2685 3168 2757 μεγέθη
3213 2685 3280 2739 τὰ
3305 2686 3668 2758 ἀνεκδιήγητα
3696 2687 3794 2744 καὶ

2217 2777 2286 2832 τὰ
2330 2779 2679 2850 ἀνέκφραστα
2720 2778 2913 2849 κάλλη,
2960 2778 3062 2846 τήν
3105 2794 3164 2830 τε
3203 2779 3259 2829 ὲν
3299 2778 3480 2841 αὐτοῖς
3509 2778 3798 2850 ὁρωμένην

2218 2869 2595 2925 πολυποίκιλον
2653 2871 2842 2940 σοφίαν
2863 2887 2876 2900 ·
2922 2869 2956 2924 ἃ
3004 2870 3068 2941 δὴ
3108 2870 3361 2940 τυγχάνει
3413 2869 3790 2941 παραστατικὰ

2215 2961 2316 3032 τῆς
2346 2961 2438 3016 τοῦ
2487 2963 2896 3034 συστησαμένου
2940 2960 3006 3014 τὰ
3054 2961 3230 3015 πάντα
3273 2959 3554 3031 δυνάμεώς
3595 2978 3656 3015 τε
3699 2963 3790 3016 καὶ

2220 3049 2420 3120 ίσχύος.
2449 3050 2640 3104 Ἔνθεν
2668 3052 2716 3104 οἰ
2744 3050 3068 3122 προφητικοὶ
3093 3048 3238 3118 λόγοι
3260 3049 3357 3121 τὴν
3388 3050 3663 3120 θεολογίαν
3684 3051 3788 3106 ἀπὸ

2215 3141 2314 3212 τῆς
2341 3140 2740 3214 μεγαλουργίας
2771 3141 2935 3196 αὑτοῦ
2970 3141 3407 3214 παρελάμϐανον.
3453 3143 3546 3196 Διὸ
3577 3143 3788 3215 εἴρηται

2218 3233 2369 3305 παρὰ
2396 3235 2474 3306 τῷ
2507 3233 2776 3307 Ἱερεμίᾳ·
2816 3235 3028 3303 Κύριος
3070 3237 3102 3288 ό
3144 3233 3403 3302 ποιήσας
3439 3235 3553 3305 τὴν
3580 3235 3696 3306 γῆν
3719 3237 3788 3290 ἐν

2216 3323 2496 3395 τῇλσχύϊ
2519 3327 2728 3390 αὐτοῦ,
2769 3325 2862 3379 καὶ
2895 3325 2963 3379 τὰ
2993 3324 3139 3396 ἑξῆς.

2285 3505 2456 3574 Φωνὴ
2498 3506 2718 3574 Κυρίου
2753 3506 3182 3574 συντρίϐοντος
3222 3503 3505 3573 κέδρους·
3547 3505 3787 3574 cmpl-

2214 3598 2314 3664 ψει
2365 3597 2581 3664 Κύριος
2619 3595 2726 3661 τὰς
2765 3595 3017 3664 κέδρους
3069 3595 3176 3648 τοῦ
3221 3594 3506 3648 Λιϐάνου·
3548 3594 3648 3647 καὶ
3685 3597 3787 3648 λε-

2213 3687 2430 3740 πτυνεῖ
2466 3685 2653 3752 αὑτὰς
2681 3687 2760 3752 ὡς
2794 3686 2899 3739 τὸν
2930 3687 3170 3756 μόσχον
3211 3686 3318 3741 τοῦ
3361 3685 3619 3740 Λιϐάνου
3662 3684 3786 3756 (sic)

2215 3778 2311 3831 καὶ
2352 3782 2385 3832 ὁ
2423 3777 2806 3848 ἠγαπημένος
2837 3779 2918 3845 ὡς
2951 3779 3080 3846 υίὸς
3104 3777 3547 3849 μονοκερὼτων.
3586 3778 3657 3831 Ἦ
3693 3779 3790 3838 καὶ,

2212 3869 2414 3932 οὕτως·
2444 3868 2658 3939 Μόσχον
2703 3869 2844 3922 ἔοικε
2891 3867 3143 3934 Λιϐάνου,
3187 3869 3276 3922 τὸν
3322 3870 3436 3922 υἱὸν
3486 3869 3786 3943 μονοκερώ-

2213 3976 2342 4024 των,
2373 3958 2468 4030 τὴν
2505 3960 2858 4031 Ἰερουσαλὴμ
2885 3960 3084 4030 λέγειν,
3120 3961 3214 4013 καὶ
3253 3959 3342 4012 τὸν
3369 3960 3535 4014 πάλαι
3565 3963 3786 4033 ἠγαπη-

2216 4049 2373 4118 μένον
2407 4047 2518 4100 υίὸν
2563 4049 2966 4120 μονοκερὼτων.
3018 4050 3170 4102 Ἐπεὶ
3221 4049 3467 4120 πατέρων
3501 4051 3785 4118 γεγόνασιν

2213 4142 2403 4210 ἁγίων,
2447 4142 2642 4205 οἵτινες
2689 4141 2936 4210 ἐλέγοντο
2985 4142 3372 4213 μονοκέρωτες,
3404 4142 3492 4196 διὰ
3534 4143 3595 4195 τὸ
3641 4143 3786 4213 μόνῳ

2211 4231 2329 4302 Θεῷ
2367 4232 2555 4303 κέρατι
2582 4231 2902 4304 κεχρῆσθαι,
2929 4233 3004 4297 ὡς
3030 4235 3114 4286 ἐπ’
3140 4231 3285 4304 αὑτῶ
3310 4234 3666 4305 σεμνύνεσθαι
3690 4235 3784 4288 καὶ

2210 4325 2409 4394 λέγειν·
2455 4325 2550 4377 Ἐν
2581 4325 2682 4379 σοί
2711 4325 2852 4391 τοὺς
2891 4325 3141 4394 ἐχθροὺς
3172 4325 3338 4395 ἡμῶν
3379 4328 3779 4396 κερατιοῦμεν.

2212 4411 2310 4470 Ὧν
2343 4419 2447 4470 υἱοὶ
2493 4417 2778 4485 γεγόνασιν
2809 4419 2858 4470 oi
2894 4416 3182 4488 ἡγούμενοι
3222 4415 3329 4471 τῶν
3375 4419 3438 4469 ὲκ
3484 4419 3782 4490 περιτομῆς

539 4518 983 4581 circumcisione,
1019 4517 1099 4570 sic
1123 4519 1268 4570 enim
1302 4514 1356 4568 in
1396 4515 1519 4568 aliis
1547 4513 1879 4569 editionibus
1909 4528 2109 4568 vocan-

2215 4512 2422 4584 Σαρίων
2450 4511 2523 4582 (l)
2552 4511 2783 4564 ἐνταῦθα
2805 4511 3126 4582 κεκλημένοι
3149 4512 3286 4565 κατὰ
3318 4511 3416 4576 τὰς
3445 4513 3607 4576 ἄλλας
3635 4514 3782 4567 ἐκδό-

541 4621 652 4678 tur,
686 4628 795 4682 qua
834 4625 966 4666 voce
1010 4610 1266 4679 principes
1299 4607 1696 4676 signiﬁcantur.
1743 4607 1850 4664 Eos
1882 4608 2110 4662 commi-

541 4705 764 4761 natione
798 4703 1057 4758 contrivit
1091 4716 1211 4766 sua,
1245 4716 1355 4755 una
1387 4717 1512 4756 cum
1539 4699 1908 4770 Hierosolyma
1943 4716 2103 4770 quam

537 4797 770 4851 vitulum
803 4802 858 4850 et
916 4793 1185 4848 Libanum
1239 4799 1538 4862 nuncupat.
1601 4790 1656 4846 ιιι
1720 4791 1863 4845 enim
1923 4801 2106 4860 aperte

541 4887 790 4942 Ezechiel
814 4886 1076 4956 prOpheta
1105 4884 1431 4956 signiﬁcavit
1453 4884 1537 4938 his
1560 4882 1771 4938 verbis:
1795 4881 1922 4936 liwc
1942 4883 2104 4935 dicit:

538 4979 734 5052 Aquila
754 4977 971 5050 grandis
996 4995 1308 5049 magnarum
1331 4978 1560 5043 alarum,
1585 4977 1736 5046 longo
1757 4975 2104 5030 membrorum

537 5073 722 5137 ductu,
764 5072 917 5141 plena
969 5069 1256 5141 unguibus,
1300 5069 1612 5138 ductumque
1657 5066 1808 5120 habet
1853 5076 1906 5119 ut
1939 5066 2106 5134 ingre-

537 5165 720 5220 diatur
745 5167 798 5218 in
830 5163 1112 5226 Libanum,
1137 5171 1186 5216 et
1215 5163 1334 5216 tulit
1356 5162 1549 5214 selecta
1580 5159 1742 5223 cedri,
1773 5157 2102 5211 summitates

540 5257 806 5330 frondium
839 5267 1168 5319 tenerorum,
1213 5264 1263 5308 et
1292 5251 1479 5305 detulit
1513 5268 1575 5304 ea
1609 5251 1662 5304 in
1702 5259 1897 5302 terram
1942 5247 2106 5303 Chal-

537 5351 774 5408 da’orum
819 5347 1122 5420 [Chanaan]
1165 5346 1230 5401 ⁷³.
1291 5345 1421 5411 Quae
1474 5344 1589 5413 ipse
1637 5343 1691 5396 in
1754 5341 2102 5411 sequentibus

539 5443 928 5512 interpretatur
976 5437 1207 5493 dicens:
1256 5435 1389 5490 Cum
1427 5433 1624 5488 'uencrit
1671 5430 1782 5486 Rex
1816 5431 2100 5502 Babylonis

607 5598 652 5630 “
677 5596 875 5652 Gcnes.
908 5609 949 5659 ι,
975 5593 1030 5647 2.

2218 4619 2350 4666 σεις,
2381 4603 2409 4656 ὃ
2444 4604 2808 4675 ἑρμηνεύεται
2833 4601 3138 4672 ἄρχοντες,
3161 4601 3253 4666 οὒς
3276 4603 3470 4674 ἀπειλῇ
3501 4604 3781 4677 συνέτριψε

2218 4693 2355 4764 μετὰ
2381 4693 2482 4764 τῆς
2525 4693 2900 4766 Ἰερουσαλὴμ,
2925 4694 2991 4764 ἢν
3021 4694 3218 4764 μόσχον
3251 4693 3353 4764 ἔφη
3395 4695 3490 4748 καὶ
3531 4695 3782 4753 Λίϐανον,

2214 4786 2407 4856 Σαφῶς
2437 4787 2545 4859 γὰρ
2581 4786 2840 4858 Ἰεζεκιηλ
2878 4787 2907 4838 ὁ
2937 4788 3222 4857 προφήτης
3265 4787 3422 4841 τοῦτο
3468 4788 3779 4860 παρέστησε

2212 4879 2421 4950 φήσας·
2469 4878 2612 4932 Τάδε
2656 4878 2852 4946 λέγει·
2908 4879 2961 4931 '0
2999 4878 3172 4944 ἀετός
3221 4882 3254 4932 ό
3293 4879 3481 4949 μέγας
3523 4882 3556 4932 ὁ
3600 4895 3780 4948 μεγα-

2209 4969 2596 5040 λοπτέρυγος,
2638 4975 2672 5025 ὁ
2695 4969 2926 5040 μανρδις
2958 4969 3032 5038 τῇ
3074 4969 3331 5035 ἐκτάσει,
3367 4970 3604 5040 πλήρης
3653 4971 3779 5023 ὀνύ-

2212 5079 2334 5130 χων
2361 5061 2428 5127 ὃς
2453 5062 2574 5130 ἕχει
2606 5062 2673 5115 τὸ
2703 5062 2901 5131 ἦγημα
2932 5061 3227 5116 εἰσελθεῖν
3253 5065 3338 5128 είς
3367 5062 3474 5115 τὸν
3499 5063 3782 5122 Λίϐανον,

2210 5154 2308 5208 καὶ
2342 5153 2517 5208 ἔλαϐε
2555 5152 2628 5206 τὰ
2651 5154 2934 5208 ἐπίλεπτα
2978 5152 3086 5221 τῆς
3119 5152 3352 5222 κέδρου,
3388 5154 3459 5208 τὰ
3485 5153 3637 5222 ἄκρα
3671 5152 3780 5219 τῆς

2209 5249 2606 5315 ἁπαλότητος,
2650 5247 2748 5300 καί
2804 5246 3061 5316 ἤνεγκεν
3113 5245 3265 5300 αὐτὰ
3321 5249 3408 5312 εις
3460 5245 3577 5316 γῆν
3629 5248 3781 5299 Χαλο

2209 5337 2416 5391 δαίων·
2445 5337 2480 5391 ἃ
2507 5339 2600 5391 καὶ
2622 5337 2710 5390 διὰ
2735 5337 2844 5390 τῶν
2872 5336 2996 5407 ἑξῆς
3023 5339 3336 5409 ἡρμήνευσε
3365 5337 3537 5408 λέγων
3563 5354 3576 5368 ·
3607 5338 3778 5390 Ὅταν

2209 5431 2354 5499 ἔλθῃ
2381 5430 2681 5497 βασιλεὺς
2709 5430 3065 5498 Βαϐυλῶνος
3091 5431 3193 5484 ἐπὶ
3241 5429 3647 5501 Ἰερουσαλὴμ,
3683 5429 3779 5481 καί

1130 5593 1175 5624 ⁷ο
1207 5588 1337 5646 ibid.
1369 5588 1460 5643 20.
1537 5588 1580 5619 ⁷⁸
1633 5585 1832 5642 Jerem.
1860 5602 1913 5652 χ,
1944 5585 2024 5640 19..
2099 5587 2113 5616 "

2215 5586 2321 5639 ‘sal.
2355 5602 2503 5651 sun,
2535 5586 2588 5640 6.
2667 5585 2712 5617 ⁷³
2741 5583 2940 5641 Ezech.
2967 5601 3101 5651 xvn,
3133 5586 3186 5641 5.

609 5753 684 5825 (l)
719 5751 836 5807 Vox
858 5733 1384 5825 Σαρίωνάιμιιθιίηιιίε
1412 5751 1813 5825 interpretibus
1843 5765 2124 5819 expressa,
2165 5762 2225 5802 ex
2264 5748 2530 5806 llebraico
2587 5749 2766 5807 Sirion
2817 5746 3067 5807 conlecta
3104 5751 3187 5803 est
3211 5761 3227 5811 ;
3255 5743 3607 5820 Septuaginta
3647 5758 3778 5801 vero

534 5821 867 5896 luterprctes
899 5821 1269 5896 ἠγαπημένον,
1295 5821 1560 5887 dilectum,
1586 5823 1932 5876 transtulere.
