4122 6454
253 332 349 387 ἳῗίἹ
449 374 452 380 .

253 541 375 610 τῆς.
429 539 662 602 Τούτους
700 537 808 610 γὰρ
848 539 1134 594 ἐπίλεπτα
1185 536 1277 591 καὶ
1323 539 1476 608 ἄκρα
1523 541 1825 610 κέκληκεν

249 633 645 699 ἁπαλότητος.
691 632 906 703 Μόσχον
937 631 996 686 δὲ
1036 631 1206 702 αὐτῆς
1251 648 1382 703 φησι
1427 633 1488 688 τὸ
1532 633 1825 705 θυσιαστή-

255 741 380 796 ριον,
411 725 472 776 ὲν
496 719 539 792 ᾧ
569 724 800 796 μόσχους
830 725 924 778 καὶ
953 724 1142 787 θυσίας
1169 725 1432 796 ἀνέφερον
1455 745 1467 756 ·
1494 726 1530 780 ἃ
1558 726 1621 798 δὴ
1650 727 1826 781 πάντα

253 815 631 888 συντέτριπται
673 816 812 888 μετά
827 817 1108 888 Σαρίων,ὃ
1140 817 1287 872 ὲστιν
1318 819 1614 890 ἀρχόντων.
1635 819 1822 885 Οὕτως

249 902 335 959 οἷν
364 925 498 977 φησι
531 906 807 979 συντρίψει
837 908 931 960 καὶ
973 909 1098 972 τοὺς
1134 909 1192 961 ἐν
1238 911 1350 972 τοῖς
1378 897 1584 973 λοιποῖς
1617 909 1824 964 ἔθνεσιν

248 997 476 1063 ἀσεϐεῖς,
515 1000 643 1062 τοὺς
671 998 1062 1070 ἐπαιρομένους
1087 999 1163 1064 ὡς
1190 999 1289 1064 τάς
1335 1000 1559 1074 κέδρους
1591 999 1683 1056 τοῦ
1719 1002 1816 1056 Λι-

247 1093 424 1146 ϐάνου.

310 1181 481 1250 Φωνὴ
512 1182 732 1250 Κυρίου
777 1181 1182 1250 συσσείοντος
1210 1183 1452 1254 ἔρημον,
1494 1185 1823 1240 συσσείσει

247 1277 454 1343 Κύριος
493 1275 612 1344 τὴν
649 1276 872 1346 ἔρημον
916 1274 1136 1342 Κάδης.
1183 1276 1421 1348 Ἀληθῶς
1463 1278 1570 1350 γὰρ
1613 1280 1647 1351 ή
1685 1278 1825 1351 σύμ-

247 1387 384 1422 πασα
415 1367 526 1421 τῶν
559 1368 862 1442 ἀνθρώπων
895 1371 1207 1441 οἰκουμένη,
1239 1370 1442 1442 ἕρημος
1469 1367 1604 1424 οὖσα
1627 1371 1822 1442 πρόιτε-

247 1481 329 1534 ρον
359 1461 497 1515 Θεοῦ
527 1465 778 1532 γνώσεως
804 1465 897 1518 καὶ
921 1463 1222 1528 εὐσεϐείας,
1259 1463 1576 1536 συνεσείσθη
1611 1463 1698 1518 διὸ.
1724 1462 1818 1516 τοῦ

243 1556 591 1625 εὖαγγελικοῦ
626 1559 997 1629 κηρύγματος,
1043 1557 1116 1622 ὡς
1150 1556 1474 1628 μεταϐαλεῖν
1513 1558 1680 1629 αὐτὴν
1713 1557 1820 1611 ἀπὸ

242 1649 433 1713 κακίας
481 1651 564 1712 είς
594 1649 812 1721 ἀρετὴν,
863 1650 958 1704 καὶ
986 1650 1093 1704 ἀπὸ
1125 1649 1346 1718 ἀγνοίας
1385 1651 1464 1714 εἰς
1507 1651 1820 1723 ἐπιστήμην

242 1739 402 1794 θείαν.
432 1741 664 1810 Γέγονεν
697 1737 788 1794 οὖν
818 1741 876 1808 ἐξ
906 1743 1112 1813 ἐρήμου
1147 1741 1458 1813 οἰκουμένη.

303 1923 478 1990 Φωνὴ
535 1923 756 1993 Κυρίου
819 1921 1310 1991 καταρτιζομένου
1365 1919 1652 1991 ἐλάφους,
1715 1920 1816 1975 καὶ

236 2013 616 2081 ἀποκαλύψει
657 2012 939 2092 δρυμοὺς,
971 2012 1068 2065 καὶ
1108 2012 1177 2065 ἐν
1216 2010 1295 2077 τῷ
1326 2012 1450 2078 ναῷ
1481 2012 1666 2066 αὐτοῦ
1697 2012 1816 2078 πᾶς

235 2123 320 2172 τις
363 2106 532 2175 λέγει
583 2106 789 2171 δόξαν.
843 2107 1104 2175 Ἐλάφους
1134 2106 1265 2177 γὰρ.
1307 2107 1490 2179 φησὶν,
1539 2108 1567 2160 ὁ
1612 2105 1818 2176 Κύριος

237 2199 708 2269 καταρτισάμενος
732 2215 743 2227 ·
777 2196 913 2263 ζῶον
960 2198 1152 2270 φιλέρη
1164 2215 1260 2268 μον
1291 2197 1603 2266 ὀψιοκτόνον
1631 2215 1688 2250 τε
1724 2199 1818 2251 καὶ

235 2291 598 2362 κερασφόρον,
637 2291 730 2345 καὶ
775 2291 917 2344 κατά
950 2293 1041 2344 τὸν
1090 2291 1253 2362 νόμον
1314 2290 1577 2363 καθαρὸν,
1626 2291 1686 2344 ὃν
1733 2291 1819 2358 ὲξ-

235 2379 487 2450 έπεμψεν
504 2382 583 2444 εἰς
603 2381 700 2452 τὴν
721 2381 1157 2452 προδηλωθείσαν
1189 2381 1412 2454 ἔρημον.
1442 2383 1505 2436 Οἱ
1530 2382 1586 2435 δὲ
1614 2382 1817 2454 ταύτην

232 2470 620 2544 διαδραμόντες
650 2473 776 2536 τοὺς
807 2474 865 2524 ὲν
896 2473 1032 2544 αὐτῇ
1067 2473 1219 2542 ὄφεις
1251 2477 1364 2538 τοῖς
1407 2475 1614 2528 ἑαυτῶν
1655 2494 1816 2529 κατε-

233 2564 488 2635 πάτησαν
518 2563 662 2627 ποσὶ,
693 2564 872 2618 πάντα
918 2581 977 2617 τε
1008 2564 1076 2618 τὰ
1106 2567 1162 2618 ὲν
1190 2568 1254 2636 τῇ
1283 2567 1474 2638 ἐρήμῳ
1514 2568 1692 2621 ἰοϐόλα
1724 2568 1820 2640 θη-

235 2655 316 2727 ρία
347 2655 576 2728 μακρὰν
615 2655 899 2728 ἀπήλασαν
924 2674 936 2686 ·
966 2648 1038 2712 ὧν
1080 2656 1400 2721 ἐλαθέντων,
1436 2660 1819 2733 ἀπεκαλύφθη-

235 2763 326 2800 σαν
353 2751 402 2802 οἰ
446 2749 680 2820 δρυμοί·
712 2749 821 2804 Καὶ
861 2750 930 2802 ἐν
971 2748 1050 2815 τῷ
1086 2747 1209 2814 ναῷ
1243 2748 1362 2816 πᾶς
1394 2769 1483 2818 τις
1521 2753 1682 2823 λέγει
1716 2753 1817 2807 δό-

235 2838 361 2903 ξαν·
407 2841 628 2912 Σφόδρα
653 2842 896 2914 ἀκριϐῶς
924 2841 1168 2913 εἴρηται·
1202 2844 1306 2896 Καὶ
1341 2843 1409 2896 ἐν
1439 2842 1519 2908 τῷ
1561 2844 1685 2910 ναῷ
1715 2848 1820 2899 αὺ-

238 2930 336 2984 τοῦ
380 2929 507 2997 πᾶς
543 2950 632 2998 τις
673 2935 838 3001 λέγει
890 2932 1112 2997 δόξαν
1156 2933 1340 2986 οὐκέτι
1389 2931 1498 3005 γὰρ
1552 2933 1816 2999 Ἰουδαῖοι,

237 3022 346 3076 οὐδὲ
366 3025 394 3076 ό
421 3026 494 3078 ὲκ
527 3023 830 3095 περιτομῆς
867 3023 1016 3088 λαὸς,
1055 3023 1191 3077 ἀλλά
1218 3025 1325 3088 πᾶς
1348 3042 1432 3089 τις
1476 3027 1504 3079 ὁ
1537 3025 1595 3090 ἐξ
1641 3027 1819 3080 ἁπάν-

238 3129 333 3168 των
359 3115 472 3168 τῶν
511 3115 678 3169 ἐθνῶν
702 3115 1073 3188 ἐπιστραφείς.
1108 3117 1320 3184 Κύριος
1362 3115 1546 3187 ἰσχὺν
1574 3117 1654 3183 τῷ
1687 3117 1817 3184 λαῷ

1374 327 1884 386 (ῙΟΜΜΕΝΤΑΜΑ
1926 331 1993 386 ΙΝ
2030 327 2368 387 PSALMOS.

249 447 500 518 λήψεται
524 447 632 501 τὸν
661 444 928 508 βασιλέα
954 445 1146 517 αὐτῆς
1181 450 1278 502 καὶ
1303 448 1407 502 τὸν
1435 449 1698 519 ἄρχοντα
1721 452 1817 504 αὺ-

1927 451 1982 504 in
2024 449 2323 504 Jerusalem
2350 491 2364 517 ,

3393 337 3503 393 233

2440 457 2673 503 assumet
2730 465 2900 521 regem
2964 468 3078 519 ejus
3109 461 3158 506 et
3215 455 3502 526 principem

1927 542 2042 612 ejus
2065 540 2334 596 "-”.Hos
2360 542 2552 596 selecta
2576 551 2752 610 vocat,
2781 554 2830 598 et
2853 547 3182 600 summitates
3230 547 3502 616 frondium

1928 644 2229 690 tenerorum
2279 636 2419 706 ejus.
2450 634 2695 689 Vitulum
2736 643 2915 691 autem
2942 637 3085 708 ejus,
3114 639 3285 695 altare
3319 648 3499 703 vocat,

1927 727 1982 782 in
2011 744 2119 798 quo
2144 729 2342 783 vitulos
2374 735 2426 784 et
2468 727 2735 783 sacrificia
2767 728 3087 786 offerebant.
3125 730 3256 797 Quae
3294 733 3498 796 omnia,

1927 837 2034 877 una
2063 838 2188 877 cum
2224 819 2432 884 Sariis,
2467 819 2519 874 id
2561 830 2645 875 est
2692 821 3037 892 prim-ipibus
3083 822 3224 892 ejus,
3262 824 3502 878 contrita

1925 929 2075 970 sunt.
2110 913 2207 980 ita,
2245 913 2444 983 inquit,
2489 920 2811 968 caeterarum
2849 916 3088 983 gentium
3127 916 3325 986 impios
3368 931 3500 972 eon-

1924 1011 2085 1070 teret,
2119 1005 2210 1076 qui
2243 1004 2417 1059 instar
2447 1003 2740 1059 eedrorum
2773 1001 2966 1060 Libani
3002 1005 3373 1076 erigebantur.

1996 1184 2162 1240 Vens.
2193 1183 2246 1239 8.
2305 1182 2420 1238 Vox
2468 1181 2686 1238 Domini
2733 1183 3077 1240 concutientis
3115 1184 3402 1249 desertum,
3449 1193 3500 1240 et

1924 1277 2262 1334 commovebit
2311 1275 2572 1332 Dominus
2617 1277 2882 1331 desertum
2937 1277 3126 1333 Cades.
3165 1276 3306 1332 Vere
3353 1285 3500 1334 totus

1923 1374 2073 1428 orbis
2107 1372 2411 1434 hominum,
2432 1385 2557 1425 cum
2586 1379 2714 1425 ante
2742 1369 2838 1425 Dei
2867 1370 3177 1441 cognitione
3213 1387 3275 1426 ac
3303 1371 3502 1442 pietate

1921 1476 2128 1516 vacuus
2157 1468 2208 1515 et
2253 1459 2504 1515 desertus
2539 1468 2718 1524 esset,
2753 1475 2851 1529 per
2889 1461 3259 1531 evangelieam
3302 1461 3500 1531 praedi-

1923 1554 2194 1607 cationem
2230 1561 2542 1606 commotus
2576 1559 2661 1606 est
2682 1591 2696 1614 ,
2749 1551 2824 1604 ita
2859 1563 2914 1606 ut
2945 1567 2974 1605 a
3017 1553 3259 1622 nequitia
3288 1553 3355 1607 ad
3385 1553 3498 1608 vir-

1922 1654 2129 1710 tutem,
2168 1644 2236 1697 ab
2280 1643 2588 1713 ignorantia
2624 1641 2690 1696 ad
2715 1643 2998 1697 scientiam
3038 1643 3276 1698 divinam
3312 1650 3496 1700 trans—

1923 1745 2150 1790 mearet.
2196 1735 2275 1788 Ex
2309 1735 2526 1790 deserto
2571 1735 2739 1807 igitur
2771 1734 3050 1791 habitatus
3079 1735 3229 1790 orbis
3272 1735 3498 1792 efiectus

1845 1828 1889 1882 B
1917 1837 2019 1884 est.

1992 1918 2156 1974 Vens.
2192 1917 2374 1974 9-H.
2429 1917 2542 1972 Vox
2567 1916 2781 1970 Domini
2813 1918 3167 1985 prmparantis
3211 1934 3406 1980 cervos,
3448 1929 3500 1973 et

1917 2008 2165 2064 reuelabit
2207 2009 2492 2072 condensa,
2526 2017 2572 2062 et
2609 2008 2664 2061 in
2715 2007 2908 2077 tempto
2951 2007 3065 2076 ejus
3109 2023 3287 2062 omnes
3326 2009 3498 2062 dicent

1917 2105 2166 2175 gloriam.
2202 2101 2336 2156 Nam
2385 2101 2681 2165 Dominus,
2717 2101 2930 2170 inquit,
2967 2116 3158 2157 cervos
3207 2110 3495 2172 pneparat.

1919 2195 2015 2249 Est
2042 2195 2242 2250 animal
2279 2193 2592 2249 solitudinis
2623 2207 2838 2256 amans,
2880 2193 3227 2262 serpentibus
3255 2193 3496 2255 exitiale,

1917 2295 1971 2342 et
2001 2295 2315 2350 cornutum,
2351 2295 2513 2356 atque
2558 2284 2858 2339 secundum
2894 2285 3064 2355 legem
3095 2286 3358 2339 mundum
3391 2295 3496 2347 est,

1919 2392 1984 2430 ac
2017 2377 2071 2429 in
2097 2375 2417 2446 praedictum
2445 2375 2723 2430 desertum
2750 2373 3011 2430 emissum
3051 2374 3171 2429 fuit.
3198 2374 3302 2441 Qui
3336 2390 3502 2446 porro

1919 2467 2195 2523 desertum
2230 2466 2546 2536 hujusmodi
2577 2472 2928 2538 percurrunt,
2963 2473 3246 2536 serpentes
3270 2465 3504 2536 pedibus

1920 2561 2036 2616 suis
2068 2567 2376 2630 proterunt,
2402 2560 2698 2628 omniaque
2749 2566 3017 2613 venenata
3060 2561 3115 2612 in
3165 2573 3349 2612 eremo
3377 2559 3499 2612 ani-

1921 2654 2085 2707 malia
2147 2653 2338 2725 procul
2389 2650 2636 2722 abigunt.
2693 2649 2904 2717 Quibus
2954 2649 3198 2720 depulsis
3261 2650 3500 2704 revelata

1922 2756 2052 2803 sunt
2085 2753 2376 2816 querceta,
2409 2752 2459 2798 et
2488 2745 2542 2797 in
2588 2745 2779 2810 templo
2815 2743 2930 2811 ejus
2971 2759 3148 2797 omnes
3187 2742 3360 2796 dicent
3383 2741 3503 2813 glo-

1921 2839 2076 2890 riam.
2117 2835 2339 2890 Summa
2375 2842 2524 2890 certe
2575 2836 2930 2888 accuratione
2975 2834 3180 2888 dictum
3210 2841 3315 2896 est,
3364 2836 3500 2889 etin

1923 2929 2112 2998 templo
2139 2929 2254 2998 ejus
2289 2944 2466 2982 omnes
2502 2926 2674 2980 dicent
2703 2925 2966 2997 gloriam;
2997 2941 3105 2980 non
3133 2927 3278 2981 enim
3301 2925 3498 2992 Judaei,

1921 3037 2097 3092 neque
2143 3021 2377 3090 populus
2407 3035 2474 3074 ex
2509 3017 2965 3082 circumcisione,
3009 3018 3105 3075 sed
3144 3018 3393 3089 quisquis
3433 3036 3499 3074 ex

1921 3113 2178 3168 omnibus
2209 3111 2463 3184 gentibus
2499 3125 2802 3166 conversus
2833 3117 2936 3166 est.
2967 3108 3224 3164 Dominus
3256 3111 3499 3166 virtutem

236 3208 412 3262 αὐτοῦ
451 3206 666 3262 δώσει’
699 3209 914 3278 Κύριος
959 3207 1282 3278 εὐλογήσει
1315 3207 1419 3261 τὸν
1443 3205 1600 3260 λαὸν
1629 3207 1816 3262 αὑτοῦ

1923 3205 2111 3274 populo
2147 3170 2244 3259 εαῖ)
2275 3201 2460 3265 dabit;
2493 3200 2756 3255 Dominus
2788 3199 3050 3256 benedicet
3097 3203 3287 3271 populo
3316 3219 3410 3256 suo
3443 3203 3498 3256 in

237 3300 300 3352 ἐν
323 3299 558 3370 εἰρήνῃ.

761 3391 1055 3444 ΨΑΛΜΟΣ
1091 3389 1266 3444 ΩΔΗΣ

236 3481 365 3536 ΤΟΥ
387 3484 865 3537 ΕΓΚΑῙΜΣΜΟΥ
889 3484 1025 3538 ΤΟΥ
1049 3484 1262 3539 ΟΙΚΟΥ
1286 3484 1428 3554 ΤΟΥ
1456 3484 1658 3538 ΔΑΥΙΔ
1683 3484 1812 3541 KG'.

302 3614 442 3668 Ἀλλ’
480 3615 624 3669 εἴποι
657 3617 743 3681 τίς
786 3617 852 3671 ἂν
888 3616 1028 3688 πρὸς
1068 3617 1246 3684 τοῦτο,
1277 3617 1352 3682 ὡς
1384 3619 1642 3690 οὐδεμίαν
1675 3621 1820 3672 οἰκο-

237 3703 394 3778 δομῆς
427 3707 580 3760 οίκου
609 3707 792 3778 ἢναοῦ
828 3711 1062 3762 ποιεῖται
1097 3710 1316 3781 μνήμην
1342 3725 1356 3741 °
1391 3709 1511 3762 οὐδέ
1542 3727 1626 3774 τις
1661 3710 1817 3779 λόγος

237 3796 375 3850 ἐστὶν
415 3800 480 3852 ὲν
514 3799 593 3870 τῷ
634 3799 833 3871 ψαλμῷ
872 3801 1169 3872 δυνάμενος
1207 3802 1471 3873 ἁρμόζειν
1518 3803 1816 3870 ὲγκαινίοις

237 3887 397 3955 οἴκου,
466 3891 542 3956 ὡς
595 3893 810 3964 νομίσαι
872 3893 993 3948 τινὰ
1060 3894 1153 3948 ἐπὶ
1220 3895 1559 3966 ὲγκαινισμῷ
1607 3895 1702 3948 τοῦ
1756 3898 1816 3948 ἐν

248 3978 634 4053 Ἰεροσολύμοις
657 3982 764 4036 νεὼ
789 3985 880 4038 τὸν
907 3983 1266 4056 προκείμενον
1293 3983 1508 4054 ψαλμὸν
1538 3985 1810 4056 εἰρῆσθαι.

248 4069 377 4124 Ἀλλ’
423 4074 549 4125 ἐπεὶ
580 4074 1030 4146 προγέγραπται,
1065 4073 1238 4147 ’ῼδῆς
1285 4075 1676 4145 ἐγκαινισμοῦ
1707 4076 1814 4130 τοῦ

238 4163 398 4219 οἴκου
428 4182 442 4196 ο
499 4167 692 4220 σκόπει
741 4169 948 4239 μήποτε
1003 4169 1150 4222 οἷκον
1194 4168 1425 4222 ἐνταῦθα
1469 4171 1570 4241 τὴν
1617 4170 1816 4226 ἑαυτοῦ

238 4251 404 4326 ψυχήν
439 4255 730 4310 αἰνίττεται
751 4274 763 4288 ο
807 4259 866 4310 ὲν
960 4257 1022 4310 τὺ
1053 4257 1193 4312 θεῖον
1225 4258 1467 4331 Πνεῦμα,
1500 4258 1576 4323 ὡς
1612 4261 1668 4313 ὲν
1698 4260 1815 4331 ναῷ

240 4347 459 4418 οἰκῆσάν
505 4364 656 4414 ποτε,
696 4347 874 4420 καιρῷ
903 4367 1008 4403 τινι
1049 4349 1253 4421 ἔρημον
1285 4352 1454 4421 αὐτὴν
1495 4351 1810 4406 καταλέλοιο

243 4453 354 4503 πεν,
415 4440 777 4512 ἀναχωρῆσαν
829 4441 915 4494 διὰ
973 4439 1072 4512 τὴν
1132 4441 1614 4514 πλημμεληθεῖσαν
1663 4444 1810 4514 αὐτῷ

1923 3313 2068 3369 pace.
2377 3383 2606 3440 PSALM
2617 3383 2706 3440 US
2745 3382 3021 3440 CANTICI

2026 3483 2078 3538 1.
2107 3481 2172 3536 ιΝ
2199 3477 2660 3535 DEDICATIONE
2698 3477 2936 3533 DOMUS
2971 3475 3180 3532 DAVID
3204 3475 3395 3531 XXIX.

1991 3615 2099 3672 Sed
2135 3615 2370 3670 fortasse
2391 3613 2665 3684 quispiam
2688 3611 2758 3666 ad
2781 3611 2896 3666 haec
2923 3609 3147 3675 dixerit,
3184 3609 3330 3682 quod
3371 3610 3497 3665 nul-

1919 3711 2025 3765 lam
2054 3709 2142 3765 hic
2173 3714 2466 3763 structum
2504 3706 2702 3760 domus
2748 3705 2864 3760 sive
2908 3705 3096 3775 templi
3141 3703 3306 3759 iaciat
3339 3718 3496 3758 men-

1916 3803 2120 3862 tionem
2159 3819 2173 3856 :
2233 3813 2332 3854 nec
2365 3797 2648 3868 quidpiam
2682 3795 2737 3850 in
2771 3795 2984 3866 psalmo
3013 3796 3317 3866 reperiatur
3348 3793 3495 3865 quod

1917 3893 2088 3966 possit
2117 3891 2449 3947 dedieationi
2481 3890 2680 3944 domus
2710 3899 3043 3958 competere,
3077 3896 3137 3942 ut
3187 3887 3312 3957 quis
3343 3896 3501 3958 puta-

1915 3981 2055 4035 verit
2099 3978 2166 4032 de
2205 3978 2391 4049 templi
2437 3976 2920 4047 Hierosolymitani
2976 3975 3321 4032 dedicatione
3354 3977 3502 4032 hunc

1915 4070 2185 4139 psalmum
2211 4067 2624 4137 pronuntiatum
2656 4064 2848 4122 fuisse.
2882 4063 3084 4120 Verum
3114 4065 3376 4135 quoniam
3412 4066 3495 4120 in-

1915 4159 2498 4216 scribiturzPsalmus
2545 4158 2741 4211 cantici
2797 4157 2851 4210 in
2905 4155 3236 4209 dedicatione
3267 4155 3492 4222 domus,

1913 4253 2069 4318 mihi,
2095 4266 2303 4321 quaeso,
2324 4249 2664 4314 consideres,
2689 4264 2819 4302 num
2840 4248 2930 4302 hic
2954 4262 3052 4317 per
3073 4246 3317 4310 domum,
3341 4263 3497 4304 suam

1913 4347 2089 4416 ipsam
2134 4343 2372 4396 animam
2408 4340 2696 4396 adumbret
2739 4359 2752 4393 :
2808 4339 2863 4392 in
2918 4352 3026 4408 qua
3076 4353 3201 4392 eum
3258 4336 3498 4408 Spiritus

1928 4442 2149 4490 sanctus
2179 4449 2279 4488 ceu
2310 4433 2362 4485 in
2393 4429 2598 4500 templo
2652 4425 2946 4497 aliquando
2978 4425 3299 4487 habitasset,
3357 4441 3498 4495 quo-

244 4529 375 4582 κατά
418 4531 512 4584 τὸν
551 4532 753 4602 Οὐρίαν
798 4532 890 4584 καὶ
936 4532 1034 4604 τὴν
1078 4532 1268 4587 τούτου
1310 4536 1544 4602 γυναῖκα
1586 4533 1817 4605 πρᾶξιν·

1925 4525 2049 4581 dam
2073 4533 2319 4593 tempore
2347 4522 2618 4576 desertam
2650 4534 2769 4573 eam
2804 4517 3042 4587 reliquit,
3077 4526 3242 4585 atque
3267 4515 3496 4570 recessit

243 4612 304 4666 δι’
333 4617 398 4686 ἣν
430 4617 526 4670 καὶ
559 4619 719 4690 μέχρι
751 4618 843 4672 τοῦ
888 4619 1119 4675 θανάτου
1173 4621 1504 4694 κατελήλυθε
1525 4663 1540 4687 ,
1587 4623 1655 4676 τὰ
1707 4625 1814 4696 πρὸ

245 4703 463 4762 θάνατον
502 4709 859 4782 ἁμαρτήσας·
908 4711 1135 4783 δυνάμει
1183 4713 1239 4766 δὲ
1285 4714 1405 4767 τότε
1459 4715 1554 4767 καὶ
1599 4716 1680 4778 εἰς
1723 4716 1814 4770 τὸν

245 4795 474 4864 λάκκον,
523 4802 616 4856 καὶ
668 4804 748 4865 εἰς
787 4801 880 4855 τὸν
922 4802 1056 4875 ᾅδην
1104 4803 1444 4876 κατηνέχθη,
1501 4806 1705 4878 κατέϐη
1753 4823 1814 4860 τε

245 4889 452 4962 ἀληθῶς
479 4893 558 4956 εἰς
583 4893 877 4965 διαφθοράν
895 4911 908 4924 α
957 4894 1033 4958 ὼς
1062 4894 1152 4948 διὰ
1196 4894 1370 4949 ταῦτα
1404 4895 1623 4968 θρήνοις
1649 4896 1812 4950 αὐτὸν

247 4984 534 5053 σχολάσαι,
585 4987 788 5040 σάκκον
838 5005 899 5042 τε
957 4988 1078 5042 ἀντὶ
1107 4987 1208 5058 τῆς
1254 4987 1536 5059 βασιλικῆς
1588 4988 1816 5059 ἐσθῆτος

248 5075 650 5147 περιϐαλέσθαι.
694 5077 833 5132 Ἀλλ’
879 5079 1070 5150 ἐπειδὴ
1117 5078 1393 5149 ἀξιόλογον
1444 5079 1818 5152 ἐνδειξάμενος

245 5165 548 5232 μετάνοιαν,
583 5169 772 5222 ἑαυτόν
817 5187 879 5222 τε
913 5169 1150 5232 κολάσας
1195 5170 1290 5222 καὶ
1337 5172 1814 5242 τιμωρησάμενος,

245 5253 442 5321 ἱκανῶς
463 5275 523 5313 τε
549 5260 960 5332 ἐγκαρτερήσας
987 5263 1108 5324 ταῖς
1139 5261 1610 5334 ἐξομολογήσεσιν,
1644 5264 1817 5333 ἐπαγ-

247 5345 424 5410 γελίαν
465 5350 710 5419 ἀφέσεως
753 5351 854 5420 τῆς
901 5351 1172 5422 ἁμαρτίας
1223 5352 1450 5424 εἴληφε,
1495 5353 1582 5406 διά
1627 5353 1720 5406 τοῦ
1753 5355 1818 5408 ὲκ

252 5438 556 5510 σπέρματος
579 5441 743 5496 αὐτοῦ
771 5442 1226 5514 προελευσομένου
1245 5443 1502 5516 Χριστοῦ,
1533 5444 1818 5516 μέλλοντος

252 5528 340 5582 καὶ
369 5533 556 5604 μέχρις
600 5533 727 5605 ᾅδου
772 5534 1202 5606 καταϐήσεσθαιο
1247 5537 1473 5600 εἰκότως
1505 5538 1604 5610 τῆς
1649 5555 1817 5608 κατη-

253 5621 397 5686 φείας
444 5625 778 5695 μεταϐαλὼν,
811 5627 905 5680 καὶ
935 5627 1034 5696 τῆς
1064 5628 1147 5696 ἐφ’
1174 5622 1256 5690 οἷς
1291 5629 1589 5701 ἐτόλμησεν
1622 5629 1813 5700 ἐξομο-

257 5715 546 5784 Αογήσεως,
587 5718 933 5788 εὐχαριστίαν
975 5720 1288 5791 ἀναπέμπει
1333 5721 1410 5791 τῷ
1449 5721 1571 5794 Θεῷ
1601 5720 1806 5791 λέγων·

331 5864 436 5909 ’³-⁸³
460 5869 652 5928 Ezecb.
685 5889 814 5936 xvu,
847 5873 930 5929 1⁸2.

1919 4621 1990 4674 ob
2021 4625 2295 4690 patratum
2328 4616 2382 4670 in
2409 4613 2597 4670 Uriam
2627 4619 2680 4665 et
2703 4624 2928 4664 uxorem
2954 4609 3074 4678 ejus
3097 4607 3346 4674 facinus;
3372 4608 3498 4664 ideo

1921 4713 1988 4768 ad
2023 4719 2252 4766 mortem
2287 4724 2464 4780 usque
2510 4706 2768 4776 delapsus
2817 4712 2924 4769 est,
2967 4703 3096 4773 quia
3153 4701 3221 4756 ad
3265 4711 3494 4757 mortem

1921 4813 2278 4876 peccaverat;
2333 4802 2442 4856 imo
2489 4801 2701 4854 ratione
2744 4797 2980 4869 quadam
3014 4811 3187 4865 usque
3216 4795 3284 4849 ad
3315 4795 3497 4850 lacum

1921 4905 1974 4952 et
2009 4897 2077 4950 ad
2123 4895 2396 4950 infernum
2428 4893 2700 4948 deductus
2731 4896 2835 4952 est,
2875 4903 2940 4940 ac
2991 4886 3169 4956 reipsa
3213 4885 3496 4942 descendit

1924 4992 1979 5043 in
2015 4987 2463 5057 corruptionem;
2498 4984 2572 5037 ita
2608 4991 2665 5037 ut
2697 4997 2759 5036 ea
2787 4978 2853 5034 de
2883 4992 3047 5032 causa
3076 4977 3290 5031 fletibus
3319 4992 3379 5031 se
3402 4977 3498 5033 de-

1919 5079 2082 5142 derit,
2110 5094 2173 5132 ae
2205 5092 2304 5148 pro
2343 5076 2488 5146 regia
2519 5083 2671 5130 veste
2705 5087 2928 5128 saccum
2975 5070 3232 5126 induerit.
3266 5072 3335 5124 At
3371 5073 3499 5142 quia

1921 5180 2216 5243 postquam
2247 5170 2469 5239 dignam
2527 5167 2777 5222 exhibuit
2829 5163 3232 5235 pwnitentiam,
3279 5178 3343 5217 ac
3377 5179 3500 5218 sese

1920 5262 2207 5332 castigavit
2237 5268 2400 5330 atque
2431 5259 2668 5330 punivit,
2701 5254 3140 5326 congruentique
3169 5262 3414 5324 tempore
3443 5254 3496 5307 in

1921 5355 2364 5412 confessionibus
2393 5350 2787 5424 perseveravit,
2837 5347 3152 5404 remitteudi
3213 5345 3318 5400 sibi
3367 5359 3492 5416 pec-

1921 5448 2029 5503 cati
2058 5446 2479 5518 promissionem
2533 5451 2728 5500 nactus
2768 5448 2874 5504 est,
2907 5455 3002 5509 per
3035 5438 3316 5492 Christum
3345 5434 3490 5490 scilia

1921 5546 2008 5594 cet
2063 5553 2127 5592 ex
2181 5536 2303 5606 ejus
2355 5534 2565 5590 semine
2614 5532 2987 5602 proditurum,
3020 5537 3074 5582 et
3116 5526 3182 5580 ad
3216 5525 3493 5580 infernqu

1922 5644 2096 5699 usque
2129 5627 2562 5690 descensurum;
2590 5623 2716 5693 jure
2762 5637 2793 5675 a
2827 5620 3051 5675 tristitia
3084 5625 3136 5672 ει
3163 5632 3192 5669 a
3223 5615 3496 5670 scelerum

1919 5720 2266 5776 confessione
2321 5717 2647 5781 translatus,
2679 5714 2886 5786 gratias
2922 5711 3033 5782 agit
3088 5707 3219 5768 Deo,
3253 5705 3445 5762 dicetis
3473 5722 3494 5760 ε
