4122 6454
589 339 695 395 259

1120 334 1385 392 EUSEBII
1425 333 1905 390 CESARIENSIS
1942 334 2091 389 ΟΡΡ.
2151 333 2330 388 PARS
2394 335 2570 392 HL—
2609 331 3019 392 EXEGE'I'ICA.

3723 343 3834 394 200

591 448 840 514 Domine,
881 449 1112 503 eduxiin
1139 448 1204 502 ab
1233 447 1437 517 inferno
1469 449 1704 500 animam
1727 462 1914 510 meam,
1946 447 2156 499 salvasti

2266 449 2459 515 Κύριε,
2480 444 2774 516 ἀνήγαγες
2801 447 2869 510 ἐξ
2893 447 3040 515 ᾅδου
3059 449 3170 518 τὴν
3195 452 3316 519 tu;
3329 448 3405 516 ἡν
3425 467 3564 518 μου.
3593 451 3832 518 ἔσωσας

593 558 676 598 me
697 558 732 597 a
761 541 1188 596 descendentibus
1218 542 1272 593 in
1308 541 1479 592 lacum
1509 557 1526 593 :
1563 542 1876 608 luctumque
1911 556 2070 594 suum
2105 541 2161 593 in

594 634 838 688 letitiam
866 649 1086 689 versum
1128 634 1212 688 his
1237 632 1420 687 verbis
1453 631 1814 686 testiﬁcatur:
1845 629 2160 685 Convertisti

590 727 857 794 planctum
885 741 1052 778 meum
1084 725 1137 777 in
1165 723 1420 793 gaudium
1451 723 1602 786 mihi,
1629 722 1930 775 conscidisti
1952 740 2162 776 saccum

593 835 762 872 meum
794 828 842 872 et
886 816 1278 870 circumdedisti
1324 832 1405 868 me
1454 815 1663 869 laetitia.
1708 814 1844 869 Cum
1876 815 2042 884 igitur
2071 815 2161 869 hic

592 908 836 973 domum,
882 907 1105 960 Davidis
1132 907 1368 959 animam
1399 905 1642 960 indicare
1671 913 2160 959 commonstratmn

593 1000 700 1064 sit,
737 998 967 1067 hujusce
1013 996 1212 1052 domus
1246 995 1580 1051 dedicationi
1617 1009 1738 1065 quae
1773 994 1863 1048 hic
1903 993 2163 1049 dicuntur

592 1091 828 1160 aptanda
857 1096 1006 1143 sunt.

668 1266 828 1322 Vens.
861 1269 917 1331 2,
948 1267 1001 1322 5.
1045 1265 1312 1320 Exaltabo
1347 1276 1413 1332 te,
1441 1264 1681 1332 Domine,
1705 1267 1955 1336 quoniam
1981 1283 2160 1322 susce-

589 1358 718 1428 pisti
742 1373 842 1420 me,
871 1373 962 1410 nec
990 1355 1262 1410 delectasti
1295 1355 1539 1408 inimicos
1576 1371 1714 1409 meos
1739 1371 1894 1424 super
1922 1373 2022 1410 me.
2048 1355 2160 1410 Da-

590 1451 730 1504 mine
775 1450 910 1503 Deus
936 1466 1100 1512 meus,
1137 1449 1364 1502 clamavi
1394 1447 1470 1523 ad.
1497 1457 1563 1511 te,
1597 1457 1645 1501 et
1674 1450 1882 1502 sanasti
1917 1466 2016 1503 me.
2053 1448 2162 1502 Du-

591 1542 750 1605 mine,
777 1541 1008 1594 eduxisti
1041 1541 1102 1593 ab
1136 1542 1340 1607 inferno
1365 1540 1596 1592 animam
1624 1556 1814 1604 meam,
1845 1540 2162 1594 salvastime

591 1631 1074 1686 adescendentibus
1104 1629 1158 1685 in
1190 1635 1384 1686 lacum.
1439 1629 1563 1684 Haec
1610 1629 1778 1684 David
1815 1633 1866 1686 in
1905 1633 2162 1702 prtesenti

590 1727 802 1796 psalmo
835 1725 1003 1788 dicit;
1041 1725 1101 1795 in.
1128 1726 1392 1795 vigesimo
1441 1725 1674 1795 septimo
1708 1733 1912 1788 autem,
1943 1725 2015 1778 ita
2048 1730 2161 1779 cla-

2259 558 2335 608 με
2362 539 2478 593 ἀπὸ
2517 537 2634 591 τῶν
2665 540 3140 593 καταϐαινόντων
3179 544 3264 606 εἰς
3303 541 3555 599 λάκκον.
3605 542 3834 612 μεταϐε-

2264 629 2490 702 ϐλῆσθαί
2542 645 2601 684 τε
2649 631 2797 702 αὑτῷ
2842 630 2910 682 τὰ
2953 630 3044 684 τοῦ
3095 632 3320 697 πένθους
3367 636 3446 696 είς
3497 634 3833 706 εὖςρροσυνην

2266 723 2517 795 σημαίνει
2550 723 2643 775 καὶ
2673 723 2738 775 δι’
2761 716 2835 775 ὢν
2868 723 3057 793 φησίν
3088 725 3418 793 Ἕστρεψας
3452 724 3558 778 τὸν
3580 727 3835 781 κοπετὸν

2263 818 2351 881 εις
2405 814 2598 884 χαρὰν
2651 815 2815 883 ἐμοί’
2865 813 3177 883 διέρῤηξας
3233 818 3338 869 τόν
3397 815 3633 870 σάκκον
3688 837 3830 887 μου,

2264 907 2360 961 καὶ
2395 904 2752 974 περιέζωσάς
2786 923 2862 975 με
2901 908 3304 976 εὐφροσύνην.
3341 908 3693 979 Δεδειγμένου
3727 911 3836 964 τοί-

2263 1017 2359 1053 νυν
2391 997 2485 1051 τοῦ
2527 997 2675 1050 οἴκου
2704 998 2802 1068 τῆς
2840 996 2933 1050 τοῦ
2968 997 3126 1050 Δαυῒδ
3157 998 3350 1070 ψυχῆς,
3387 999 3495 1072 ἄρα
3536 1000 3612 1071 τῷ
3645 1003 3834 1068 ἐγκαι-

2263 1089 2440 1161 νισμῷ
2493 1089 2585 1156 τοῦ
2633 1087 2869 1141 τοιούτου
2917 1087 3066 1142 οῐκου
3123 1089 3449 1161 ἐφαρμόζειν
3501 1090 3568 1143 τὰ
3614 1091 3834 1162 προκεί-

2268 1199 2424 1253 μενα.

2345 1270 2598 1341 ’Υψώσω
2628 1289 2722 1335 σε,
2764 1272 2959 1340 Κύριε,
2999 1271 3088 1324 ὅτι
3121 1270 3415 1337 ὑπέλαϐές
3440 1288 3548 1340 με,
3592 1249 3692 1324 καί
3720 1274 3832 1326 οὐκ

2263 1364 2573 1433 ηὔφρανας
2621 1363 2759 1428 τοὺς
2809 1363 3061 1430 ἐχθρούς
3107 1381 3225 1431 μου
3281 1364 3372 1415 ἐπ’
3418 1364 3566 1426 ἐμοί.
3600 1365 3835 1432 Κύριεό

2266 1457 2409 1522 Θεός
2434 1473 2574 1526 μου,
2609 1453 2903 1522 ἐκέκραξα
2948 1453 3097 1522 πρὸς
3127 1455 3232 1513 σὲ.
3269 1455 3365 1508 καὶ
3409 1454 3554 1508 ιὰσω
3574 1473 3695 1524 μοι.
3722 1457 3835 1511 Κύ-

2256 1567 2370 1618 ριε,
2413 1548 2708 1620 ἀνήγαγες
2737 1549 2806 1613 ἐξ
2845 1547 2993 1615 ᾅδου
3031 1547 3144 1615 τὴν
3177 1547 3386 1616 ψυχήν
3411 1566 3552 1616 μου.
3594 1547 3836 1614 ἑσωσὰς

2259 1659 2336 1711 με
2370 1641 2485 1694 ἀπὸ
2534 1639 2654 1694 τῶν
2695 1639 3170 1692 καταϐαινόντων
3213 1643 3299 1704 εἰς
3340 1639 3589 1694 λάκκον.
3651 1639 3834 1694 Ταῦτα

2270 1734 2368 1804 μὲν
2400 1734 2427 1784 ὁ
2451 1732 2612 1786 Δαυῖδ
2649 1731 2734 1786 διὰ
2771 1732 2865 1785 τοῦ
2914 1729 3050 1802 μετὰ
3089 1733 3273 1802 χεῖρας
3315 1731 3528 1802 ψαλμοῦ
3557 1732 3735 1800 λέγει’
3775 1732 3836 1784 ὲν

590 1817 773 1869 mabat
805 1817 919 1885 ipse
946 1836 958 1870 :
988 1817 1075 1868 Ad
1106 1828 1172 1880 te,
1203 1815 1440 1881 Domine,
1462 1816 1724 1882 clamabo,
1753 1816 1893 1872 Deus
1917 1834 2082 1880 meus,
2105 1835 2156 1869 ιι

2265 1826 2321 1879 δὲ
2367 1825 2442 1896 τῷ
2481 1825 2710 1895 εἰκοστῷ
2745 1824 2956 1895 ἑϐδόμῳ
2992 1823 3190 1895 ψαλμῷ
3233 1825 3262 1876 ό
3293 1823 3452 1885 αὐτὸς
3481 1823 3609 1876 ἐϐόα
3639 1823 3832 1891 λέγων’

589 1909 746 1963 sileas
789 1927 819 1962 a
863 1927 960 1970 me.
991 1928 1052 1962 ne
1085 1909 1292 1979 quando
1326 1919 1502 1965 taceas
1544 1929 1578 1964 a
1608 1928 1707 1975 me,
1738 1921 1786 1964 et
1821 1909 2160 1965 assimitabor

589 2000 1017 2057 descendentibus
1064 2004 1119 2056 in
1150 2005 1346 2058 lacum.
1382 2002 1487 2058 Sed
1519 2006 1647 2075 quia
1680 2005 1752 2059 ibi
1785 2005 1865 2060 sic
1898 2007 2162 2074 precaba-

588 2102 701 2159 tur,
731 2094 820 2147 hic
851 2095 1058 2164 gratias
1091 2095 1202 2165 agit
1251 2103 1310 2149 ut
1353 2095 1616 2152 detrusus
1653 2107 1780 2150 ante
1811 2105 1867 2150 et
1904 2097 2160 2166 delapsus

589 2186 645 2240 in
671 2187 871 2251 lacum,
910 2189 1003 2240 sed
1033 2187 1146 2254 jam
1178 2187 1437 2242 reductus
1461 2197 1512 2242 et
1545 2196 1737 2243 erutus
1766 2205 1832 2243 ex
1866 2204 1952 2252 eo,
1984 2205 2161 2259 neque

589 2279 787 2332 similia
825 2293 1022 2346 passus
1053 2279 1120 2334 iis
1150 2279 1242 2349 qui
1279 2295 1401 2334 cum
1431 2280 1482 2332 in
1516 2279 1693 2348 ipsum
1723 2280 2157 2342 descendissent.

588 2384 869 2439 nunquam
900 2369 1024 2424 inde
1063 2381 1251 2440 postea
1305 2379 1671 2425 emerserunt.
1707 2369 1840 2423 Nam
1872 2387 1996 2424 cum
2047 2372 2160 2442 pri-

587 2463 694 2518 mis
727 2463 945 2516 beatum
972 2472 1055 2518 est
1087 2479 1194 2516 non
1219 2477 1482 2532 peccare;
1519 2471 1575 2516 at
1605 2463 1732 2532 quia
1772 2463 2024 2518 humanas
2059 2479 2159 2518 na-

588 2565 726 2608 tura:
756 2555 1046 2610 inﬁrmitas
1075 2557 1317 2626 peccatis
1357 2555 1639 2624 subjacet;
1696 2555 1995 2611 secundam
2036 2557 2160 2627 quis

588 2650 988 2720 navigationem
1019 2664 1141 2704 esse
1173 2648 1399 2711 dixerit,
1439 2649 1507 2702 ad
1551 2649 1752 2703 bonum
1789 2665 1848 2704 se
1877 2665 2158 2714 revocare,

587 2756 653 2797 ac
677 2750 800 2813 post
825 2742 1076 2795 morbum
1109 2757 1231 2797 sese
1253 2741 1550 2796 restituere
1580 2756 1643 2795 ac
1675 2743 1980 2798 naturalem
2015 2744 2159 2797 reci-

585 2825 716 2907 pere
739 2836 1047 2892 sanitatem.

654 3095 820 3156 Vsus.
850 3101 902 3164 5,
939 3101 992 3155 6.
1040 3098 1264 3155 Psallite
1297 3100 1540 3164 Domino,
1572 3101 1743 3154 sancti
1789 3100 1924 3169 ejus,
1964 3109 2012 3152 et
2043 3117 2162 3154 con-

591 3192 808 3245 ﬁtemini
865 3190 1133 3244 memoria:
1193 3191 1498 3244 sanctitatis
1553 3189 1688 3258 ejus.
1755 3189 2018 3254 Quoniam
2075 3189 2159 3241 ira

585 3284 640 3336 in
693 3283 1055 3352 indignatione
1106 3281 1242 3352 ejus,
1313 3289 1360 3334 et
1422 3283 1529 3334 vita
1587 3283 1643 3333 in
1692 3281 1963 3334 voluntate
2021 3280 2155 3350 ejus.

592 3372 768 3444 Rogat
817 3382 876 3427 ut
927 3373 1031 3428 sibi
1089 3372 1372 3442 poenitenti
1431 3372 1902 3441 congratulantur.
1944 3379 1997 3426 et
2031 3385 2161 3424 con-

587 3465 866 3529 ﬁteantur,
910 3463 964 3518 id
1011 3471 1117 3524 est,
1165 3463 1371 3532 gratias
1418 3471 1582 3531 agant
1612 3461 1887 3515 memoria:
1949 3461 2158 3516 sancti-

585 3558 716 3610 tatis
745 3555 906 3622 ejus;
959 3567 1023 3608 ac
1075 3553 1120 3607 si
1155 3553 1384 3613 diceret,
1431 3559 1490 3605 ut
1526 3552 1842 3605 memoriam
1875 3552 2156 3617 rcl‘ricent,

585 3662 762 3719 neque
805 3646 1206 3700 obliviscantur
1238 3645 1506 3698 bonorum
1552 3659 1673 3713 quae
1705 3643 2020 3697 hominibus
2053 3642 2157 3696 Do-

585 3743 770 3795 minus
809 3737 1266 3793 subministravit.
1299 3735 1436 3791 Cum
1479 3737 1671 3808 primis
1724 3745 1903 3789 autem
1939 3749 2038 3805 par
2075 3743 2160 3790 est

585 3831 884 3902 gratiarum
945 3828 1255 3882 actionibus
1305 3829 1586 3890 insistere,
1643 3841 1916 3880 memores
1961 3825 2159 3880 divinae

585 3919 961 3992 benignitatis,
997 3935 1118 3990 qure
1155 3926 1306 3972 tanta
1341 3927 1446 3983 est,
1483 3929 1540 3972 ut
1567 3933 1846 3988 nunquam
1887 3918 2017 3971 velit
2048 3933 2158 3972 Ina-

584 4014 697 4069 lum
725 4011 1041 4067 hominibus
1071 4010 1353 4065 obvenire.
1395 4008 1552 4076 Quod
1581 4010 1628 4065 si
1655 4012 1938 4080 contingat
1967 4025 2160 4080 quem-

583 4107 728 4177 piam
752 4105 823 4159 ob
846 4103 1124 4174 propriam
1156 4101 1560 4172 improbitatem
1588 4103 1951 4173 castigatione
1976 4115 2156 4173 egere,

584 4200 701 4269 ipse
731 4198 835 4253 sibi
862 4198 995 4250 iram
1023 4194 1418 4264 indignationis
1445 4203 1728 4265 procurat.
1754 4195 1916 4250 Certe
1957 4196 2156 4249 volun-

589 4300 677 4344 tas
702 4287 798 4344 Dei
831 4305 941 4342 non
975 4297 1208 4343 mortem
1231 4286 1566 4348 hominibus,
1591 4286 1687 4340 sed
1720 4284 1886 4339 vitam
1929 4288 2154 4355 expetit.

587 4382 770 4450 Quare
801 4383 908 4437 alio
933 4383 987 4436 in
1020 4384 1140 4437 loco
1174 4383 1375 4436 dicitur
1408 4399 1421 4434 :
1465 4379 1590 4433 Vivo
1630 4395 1746 4449 ego,
1794 4378 1923 4432 dicit
1975 4379 2157 4432 Domi-

2261 1917 2415 1983 Πρός
2466 1914 2575 1974 σὲ,
2621 1915 2816 1983 Κύριε,
2855 1912 3238 1982 κεκράξομαι,
3293 1916 3325 1966 ὀ
3369 1914 3514 1978 Θεός
3556 1930 3709 1982 μου,
3747 1913 3834 1982 μὴ

2262 2007 2740 2076 παρασιωπήσῃς
2773 2007 2874 2060 ἀπ’
2907 2005 3073 2076 ἐμοῦ,
3098 2005 3330 2075 μήποτε
3361 2004 3836 2073 παρασιωπήσῃς

2261 2101 2360 2154 ἀπ’
2395 2100 2540 2169 ἐμοῦ
2561 2140 2574 2162 ,
2613 2103 2712 2152 καὶ
2748 2098 3182 2168 όμοιωθήσομαι
3216 2097 3336 2162 τοῖς
3368 2097 3837 2151 καταϐαίνουσιν

2261 2197 2346 2260 είς
2375 2193 2623 2247 λάκκιν.
2671 2192 2808 2244 Ἀλλ’
2842 2193 2968 2244 ἐπεὶ
3003 2191 3102 2262 μὲν
3134 2190 3304 2244 ταῦτα
3341 2189 3566 2259 ηὔχετο⁸
3605 2187 3836 2243 ἐνταῦθα

2260 2287 2316 2339 δὲ
2334 2287 2642 2357 εὐχαριστεί
2664 2285 2738 2348 ὼς
2762 2282 3106 2354 κατενεχθεὶς
3125 2283 3382 2355 πρότερον
3402 2283 3494 2334 καὶ
3515 2279 3836 2351 καταπεσὼν

2262 2379 2340 2441 εἰς
2373 2378 2463 2430 τὸν
2495 2377 2714 2438 λάκκον,
2737 2375 3044 2446 ἀνενεχθεὶς
3071 2374 3128 2428 δὲ
3152 2374 3311 2428 πάλιν
3337 2374 3430 2427 καὶ
3452 2372 3748 2437 ἀνασωθεὶς
3777 2373 3838 2439 ἐξ

2262 2467 2444 2531 αὐτοῦ,
2477 2468 2570 2521 καὶ
2601 2467 2675 2538 μὴ
2704 2465 2876 2534 ταῦτα
2909 2464 3098 2518 παθὼν
3129 2468 3238 2528 τοῖς
3273 2463 3704 2534 καταϐεϐηκόσιν
3738 2463 3837 2534 μὲν

2262 2562 2339 2622 εἰς
2377 2558 2558 2622 αὐτὸν,
2609 2557 2684 2628 μὴ
2729 2555 3096 2626 ἀναϐεϐηκόσι
3142 2554 3226 2608 δέ’
3266 2554 3687 2627 προηγουμένως
3729 2553 3839 2625 γὰρ

2265 2650 2532 2720 μακάριον
2571 2649 2632 2701 τὸ
2675 2649 2748 2718 μὴ
2789 2649 3090 2720 ἁμαρτεῖν·
3142 2646 3328 2717 ἐπειδὴ
3371 2649 3404 2718 ἡ
3441 2645 3690 2698 ἀσθένεια
3735 2645 3838 2716 τῆς

2261 2741 2607 2812 ἀνθρωπίνης
2637 2741 2849 2810 φύσεως
2877 2739 3085 2803 τούτοις
3131 2739 3431 2801 ὑπόκειται,
3461 2737 3732 2809 δεύτερος,
3760 2737 3838 2800 ὼς

2260 2829 2326 2884 ἂν
2353 2831 2495 2882 εἴποι
2522 2847 2625 2893 τις,
2655 2829 2819 2893 πλοῦς
2845 2830 2904 2883 τὸ
2935 2828 3268 2882 ἀναπαλέσαι
3295 2829 3415 2898 (sic)
3445 2826 3627 2890 καλὸν,
3660 2827 3752 2880 καὶ
3775 2826 3838 2878 τὸ

2261 2922 2548 2977 ἀναλαϐεῖν
2573 2922 2766 2974 ταύτὸν
2791 2920 2931 2992 μετά
2957 2921 3054 2992 τὴν
3079 2919 3253 2982 νόσον,
3281 2920 3374 2972 καὶ
3397 2919 3492 2990 τὴν
3518 2918 3656 2972 κατά
3679 2917 3838 2987 φύσιν

2261 3015 2551 3069 ἀπολαϐεῖν
2575 3014 2780 3082 ὑγείαν.

2339 3109 2576 3164 Ψὰλατε
2607 3109 2688 3174 τῷ
2717 3108 2911 3178 Κυρίῳ
2949 3112 3005 3162 οἱ
3042 3109 3197 3163 ὅσιοι
3242 3106 3458 3170 αὐτοῦ,
3495 3106 3591 3160 καὶ
3625 3106 3835 3175 ἐξομο-

2262 3205 2539 3276 λογεῖσθε
2571 3203 2644 3272 τῇ
2679 3203 3034 3273 μνήμῃτῆς
3089 3204 3432 3273 ἁγιωσύνης
3466 3200 3671 3255 αὐτοῦ.
3715 3201 3835 3252 ’Ὁτι

2260 3297 2404 3367 ὀργὴ
2437 3299 2507 3350 ἐν
2537 3296 2616 3362 τῷ
2641 3295 2804 3366 θυμῷ
2834 3297 3042 3362 αὑτοῦ,
3077 3295 3176 3348 καὶ
3206 3294 3316 3362 ζωὴ
3347 3294 3418 3348 ἐν
3446 3293 3525 3358 τῷ
3550 3292 3836 3362 θελήματι

2259 3390 2466 3447 αὑτοῦ.
2513 3389 2834 3460 Συγχαίρειν
2865 3388 3014 3459 αὐτῷ
3049 3389 3464 3459 μετανοήσαντι,
3507 3388 3600 3440 καὶ
3646 3387 3835 3458 ἐξομο-

2259 3481 2531 3550 λογεῖσθαι
2559 3521 2574 3544 ,
2634 3480 2908 3534 τουτέστιν
2971 3479 3310 3551 εὐχαριστεῖν
3361 3481 3428 3550 τῇ
3489 3480 3676 3550 μνήμῃ
3735 3477 3838 3549 τῆς

2259 3571 2567 3640 ἁγιωσύνης
2601 3569 2790 3652 αὑτοῦ·
2844 3569 2964 3622 ἀντὶ
3008 3570 3124 3633 τοῦ,
3159 3569 3257 3640 τὴν
3293 3571 3509 3640 μνήμην
3542 3570 3833 3634 ἀναζωπυ-

2263 3663 2502 3736 ροῦντες,
2537 3662 2656 3733 μηδ’
2688 3660 3164 3732 ἐπιλανθανόμενοι
3191 3661 3300 3713 τῶν
3331 3661 3479 3732 παρὰ
3513 3660 3607 3713 τοῦ
3630 3662 3835 3733 Κυρίου

2260 3759 2676 3829 χορηγουμένων
2710 3756 3016 3828 ἀνθρώποις
3041 3756 3279 3825 ἀγαθῶν.
3298 3757 3548 3810 Μάλιστα
3576 3756 3635 3809 δὲ
3668 3773 3840 3828 προσ-

2259 3855 2383 3921 ήκει
2448 3851 2545 3921 τὴν
2578 3851 2924 3923 εὐχαριστίαν
2970 3849 3277 3914 ἐπιτείνειν,
3317 3849 3694 3920 μεμνημένους
3737 3850 3834 3918 τῆς

2259 3939 2350 3992 τοῦ
2381 3939 2515 3992 Θεοῦ
2543 3940 2972 4012 φιλανθρωπίας,
3017 3939 3140 4010 ἥτις
3179 3938 3416 4009 τοσαύτη
3449 3938 3725 4008 τυγχάνει.
3759 3937 3835 3998 ὼς

2263 4031 2531 4102 μηδέποτε
2577 4031 2861 4100 βούλεσθαί
2893 4049 2944 4084 τι
2986 4031 3155 4084 κακὸν
3192 4030 3518 4102 ἀνθρώποις.
3563 4031 3625 4084 Et
3653 4030 3711 4082 δὲ
3740 4027 3834 4082 καί

2260 4123 2390 4176 ποτέ
2447 4141 2530 4186 τις
2578 4123 2667 4176 διὰ
2726 4122 2824 4194 τὴν
2870 4123 3077 4177 οἰκείαν
3136 4121 3436 4194 μοχθηρίαν
3504 4119 3836 4192 ἐπιστροφῆς

2255 4213 2473 4286 δεηθείη
2501 4254 2515 4278 ,
2579 4216 2742 4280 αὐτὸς
2809 4215 2908 4286 μὲν
2967 4214 3143 4285 ἑαυτῷ
3202 4213 3602 4278 κατασκευάζει
3664 4212 3834 4283 θυμὸν

2257 4305 2428 4379 ὀργῆς
2447 4323 2459 4336 ο
2499 4307 2559 4359 τό
2591 4324 2655 4375 γε
2686 4307 2793 4378 μὴν
2827 4306 3038 4378 θέλημα
3067 4306 3159 4361 τοῦ
3193 4305 3328 4359 Θεοῦ
3350 4346 3365 4368 ,
3409 4308 3618 4378 μήποτε
3652 4305 3835 4376 βούλε-

2257 4399 2376 4453 σθαι
2421 4399 2647 4453 θάνατον
2693 4399 2984 4470 ἀνθρώπῳ,
3031 4397 3166 4451 ἀλλὰ
3211 4398 3376 4469 ζωήν.
3422 4398 3512 4450 Διὸ
3541 4400 3598 4452 ἐν
3630 4398 3835 4469 ἑτέροις

582 4491 702 4539 nus,
738 4475 858 4528 nolo
885 4484 1103 4528 mortem
1133 4473 1447 4542 peccatoris,
1479 4469 1568 4524 sed
1595 4471 1769 4539 potius
1792 4469 2152 4538 panitentiam

2260 4493 2470 4561 λέγεται
2489 4509 2501 4521 ·
2538 4491 2628 4545 Ζῶ
2658 4469 2805 4560 ἐγὼ,
2825 4491 2984 4560 λέγει
3018 4491 3231 4558 Κύριος
3251 4505 3264 4518 ⁸
3299 4491 3370 4542 οὑ
3397 4489 3700 4558 ,βούλομαι
3728 4487 3837 4542 τὸν

579 4565 693 4635 ejus
717 4565 783 4620 “.
814 4565 1014 4621 Eodem
1049 4581 1267 4636 quoque
1312 4564 1474 4618 modo
1505 4564 1594 4618 hic
1640 4564 1849 4618 dictum
1886 4571 1989 4629 est,
2033 4562 2152 4616 Vita

580 4658 636 4712 in
661 4658 928 4712 uoluntate
955 4659 1105 4728 ejus;
1140 4675 1248 4712 non
1278 4659 1422 4713 enim
1469 4659 1553 4710 ira
1597 4658 1652 4710 in
1702 4658 1972 4710 voluntate
2015 4657 2150 4725 ejus.

582 4749 726 4804 Sane
761 4759 959 4820 przeter
990 4750 1082 4805 Dei
1115 4751 1458 4822 propositum
1491 4765 1554 4804 ac
1589 4759 1786 4820 praeter
1816 4751 2150 4805 voluntatem

579 4843 700 4910 ejus
753 4843 1106 4913 peccantibus
1155 4841 1459 4911 indignatio
1506 4852 1560 4897 et
1597 4844 1678 4895 ira
1721 4850 2146 4912 praeparantur:

579 4935 723 5007 quod
762 4938 832 4989 ita
865 4936 1106 4990 declarat
1151 4936 1448 5004 Apostolus
1487 4952 1498 4987 :
1539 4935 1618 4987 An
1649 4934 1861 4988 divitias
1897 4935 2148 4989 bonitatis

576 5029 714 5097 ejus,
747 5039 795 5082 et
824 5029 1092 5096 patientia:
1113 5039 1160 5082 et
1192 5027 1614 5097 longanimitatis
1643 5028 1969 5082 contemnis?
1999 5028 2149 5098 igno-

577 5137 703 5175 rans
737 5122 984 5190 quoniam
1015 5121 1308 5190 benignitas
1342 5119 1436 5173 Dei
1472 5120 1541 5171 ad
1566 5120 1926 5188 paenitentiam
1975 5128 2023 5171 te
2053 5118 2149 5170 ad-

575 5213 744 5268 ducit.
777 5212 1074 5267 Secundum
1097 5223 1272 5266 autem
1295 5213 1553 5266 duritiam
1583 5222 1728 5265 tuam
1749 5222 1798 5265 et
1821 5213 2146 5276 impaenitens

576 5321 688 5366 cor,
706 5304 1039 5358 tltesaurizas
1054 5303 1148 5356 tibi
1163 5304 1299 5356 iram
1314 5304 1366 5356 in
1385 5303 1468 5357 die
1486 5305 1582 5357 ira:
1599 5313 1646 5356 et
1669 5303 2146 5371 reuelationisjusti

575 5396 763 5460 iudicii
775 5395 891 5457 Dei,
906 5395 993 5463 qui
1007 5394 1184 5448 reddet
1201 5396 1478 5462 unicuique
1489 5394 1768 5448 secundum
1783 5409 1942 5462 opera
1959 5393 2144 5463 ejus”.

2262 4583 2520 4638 θάνατον
2559 4583 2664 4638 τοῦ
2697 4581 3049 4652 ἀμαρτωλοῦ
3094 4582 3176 4646 ὡς
3221 4579 3336 4648 τὴν
3370 4579 3695 4649 μετάνοιαν
3730 4580 3836 4633 αὑ-

2261 4673 2386 4729 τοῦ.
2441 4674 2596 4728 υῦτω
2623 4675 2753 4744 γοῦν
2787 4675 2880 4727 καὶ
2914 4673 3147 4728 ἐνταῦθα
3179 4673 3448 4725 λέλεκταιο
3495 4671 3625 4739 Ζωὴ
3656 4671 3728 4724 ἐν
3753 4668 3835 4735 τῷ

2259 4765 2540 4836 θελήματι
2589 4765 2802 4819 αὑτοῦ⁸
2858 4767 2918 4818 οὐ
2966 4765 3075 4837 γὰρ
3131 4764 3276 4835 ὀργὴ
3321 4765 3390 4817 ἐν
3428 4763 3509 4830 τῷ
3550 4761 3833 4832 θελήματι

2257 4857 2460 4910 αὑτοῦ.
2533 4856 2688 4927 Παρά
2751 4858 3069 4928 προαίρεσιν
3124 4856 3182 4909 δὲ
3234 4855 3368 4908 Θεοῦ
3425 4855 3520 4909 καὶ
3568 4854 3719 4926 παρὰ
3772 4856 3833 4907 τὸ

2259 4949 2506 5020 βούλημα
2555 4950 2722 5003 αὑτοῦ
2777 4952 2890 5012 τοῖς
2939 4949 3311 5020 ἁμαρτάνουσι
3370 4947 3831 5012 κατασκευάζεται

2257 5039 2429 5108 θυμὸς
2479 5039 2573 5091 καὶ
2630 5039 2794 5111 ὀργή·
2857 5039 2885 5091 ὃ
2932 5040 2996 5110 δὴ
3047 5041 3377 5112 παρίστησιν
3428 5040 3458 5093 ὁ
3515 5038 3834 5102 ’Δπόστολος

2259 5132 2434 5198 φήσας
2455 5147 2468 5158 ’
2507 5131 2575 5182 Ἢ
2602 5131 2706 5183 τοῦ
2741 5132 3008 5186 πλούτου
3042 5131 3152 5200 τῆς
3176 5133 3588 5201 χρηστότητος
3621 5129 3830 5193 αὑτοῦ,

2258 5219 2354 5270 καὶ
2395 5217 2503 5285 τῆς
2533 5219 2764 5288 ἀνοχῆς
2809 5221 2906 5273 καὶ
2947 5219 3054 5289 τῆς
3085 5222 3498 5291 μακροθυμίας
3538 5236 3833 5290 καταφρο-

2254 5306 2415 5374 νεῖς;
2476 5307 2730 5378 ἀγνοῶν,
2784 5310 2873 5364 ὅτι
2928 5310 2994 5364 τὸ
3048 5311 3317 5380 χρηστὸν
3372 5311 3477 5366 τοῦ
3539 5311 3686 5365 Θεοῦ
3747 5313 3836 5376 εὶς

2244 5395 2571 5465 μετάνοιάν
2600 5414 2674 5452 σε
2699 5398 2844 5467 ἄγει.
2875 5401 3037 5454 Κατὰ
3065 5401 3135 5454 δὲ
3163 5401 3277 5470 τὴν
3305 5399 3690 5470 σκληρότητά
3715 5414 3836 5456 σου

577 5491 674 5549 καὶ
724 5491 1129 5562 ἀμετανόητον
1175 5489 1456 5557 καρδίαν,
1520 5488 1899 5557 θησαυρίζεις
1948 5487 2184 5554 σεαυτῷ
2234 5491 2423 5559 ὀργὴν
2473 5492 2544 5545 ἐν
2593 5493 2784 5562 ᾑμέρᾳ
2836 5495 3018 5565 ὀργῆς
3076 5497 3175 5550 και
3234 5497 3672 5567 ἀποκαλύψεως
3733 5491 3837 5552 τοι

575 5583 1009 5653 δικαιοκρισίας
1054 5581 1160 5635 τοῦ
1215 5583 1362 5636 Θεοῦ
1382 5622 1397 5648 ,
1445 5583 1513 5647 ὃς
1560 5583 1857 5637 ἀποδώσει
1915 5583 2147 5645 ἑκάστω
2183 5584 2333 5638 κατὰ
2370 5585 2441 5638 τὰ
2471 5585 2616 5654 ἔργα
2635 5587 2843 5642 αὐτοῦ,

643 5765 693 5798 ⁸⁸
732 5764 926 5819 Ezech.
969 5778 1132 5828 una,
1165 5761 1252 5815 93.
1332 5760 1375 5793 “
1419 5758 1572 5813 Rom.
1612 5776 1686 5825 It,
1726 5759 1842 5816 1-6.
