4122 6454
327 319 432 376 26!

1449 316 1948 374 COMMENTARIA
1985 317 2052 376 IN
2091 317 2436 374 PSALMOS.

3461 319 3566 380 16$

409 435 550 506 Ἐγὼ
585 435 654 488 δὲ
685 437 824 490 cura
863 437 934 490 ἐν
973 437 1049 504 τῇ
1085 439 1330 504 εὐθηνίᾳ
1369 455 1506 506 μου·
1549 441 1630 492 Οὐ
1659 437 1746 508 μὴ
1785 455 1892 492 σα·

2065 437 2230 494 Vsns.
2267 439 2322 504 7,
2349 439 2402 492 8.
2449 435 2558 508 Ego
2595 447 2772 492 autem
2807 437 2924 490 dixi
2953 439 3006 492 in
3041 437 3370 492 abundantia
3413 453 3550 490 mea.

323 527 518 588 ,πενθῶ
547 529 636 594 εις
663 529 768 580 τὸν
795 527 994 582 αἰῶνα.
1022 531 1226 582 Δικαιοῖ
1251 528 1348 600 τὴν
1371 531 1548 602 κρίσιν
1577 529 1668 582 τοῦ
1691 529 1894 602 Κυρίου

323 617 600 686 ὁμολογῶν
647 617 808 670 πόθεν
853 617 1002 688 αὐτῷ
1037 617 1378 690 συμϐέϐηκεν
1421 621 1454 690 ἡ
1495 619 1728 682 πτῶσις·
1775 619 1894 672 δέον

325 709 436 780 γὰρ
475 708 682 762 ἑστῶτα
714 710 772 760 ὲν
811 711 876 778 τῇ
915 707 1062 779 παρά
1099 707 1176 778 τῷ
1203 693 1322 780 Θεῷ
1355 711 1540 762 στάσει
1583 709 1894 782 μεμνῆσθαι

323 799 416 852 τοῦ
453 799 751 866 φάσκοντος
791 798 949 866 λόγου
969 815 982 828 ·
1019 799 1070 850 Ὀ
1092 797 1284 852 δοκῶν
1317 799 1584 864 ἑστάναι,
1613 799 1892 864 ,βλεπέτω

321 889 408 958 μή
457 887 654 958 πέσῃ,
705 891 986 960 ὁμολογεῖν
1032 907 1092 944 τε
1115 889 1190 960 τῷ
1229 891 1348 961 Θεῷ
1393 891 1550 962 χάριν
1603 891 1744 964 ὑπὲρ
1795 893 1896 962 τῆς

327 981 592 1044 στάσεως.
641 981 698 1034 '0
723 981 800 1046 δὲ,
853 983 952 1036 οὐκ
997 983 1170 1056 ὀρθῶς
1223 983 1596 1056 λογισάμενος,
1621 985 1770 1058 παρά
1797 987 1896 1058 τὴν

325 1073 492 1126 αὐτοῦ
527 1075 726 1146 ἀρετὴν
767 1076 824 1128 ἐν
859 1077 970 1138 τοῖς
1003 1075 1306 1140 καλλίστοις
1353 1077 1572 1130 ἑστάναι
1615 1077 1890 1150 ἐνόμιζεν·

327 1165 594 1232 ἀπέφαινέ
625 1183 684 1218 τε
719 1166 908 1220 ἑαυτὸν
939 1167 1032 1220 καὶ
1071 1168 1336 1240 ἄτρεπτον
1369 1171 1462 1222 καὶ
1503 1169 1892 1242 ἀμετάϐλητον.

325 1257 610 1324 Humatis"
651 1254 732 1320 τῷ
765 1253 1050 1322 θελήματι
1087 1273 1202 1310 σου
1235 1257 1542 1326 παρέσχου
1577 1257 1656 1324 τῷ
1687 1259 1896 1314 κάλλει

321 1367 442 1420 μου
493 1349 766 1418 δύναμιν.
831 1349 980 1402 Ἐπεὶ
1031 1347 1202 1402 ταῦτα
1251 1349 1322 1402 τὰ
1377 1353 1750 1422 προειρημένα
1797 1353 1896 1404 οὐκ

325 1433 506 1508 ὀρθῶς
551 1435 852 1504 ἐλογίζετο,
895 1435 1066 1504 ἔγνω,
1099 1437 1180 1490 ὅτι
1213 1439 1244 1508 ή
1283 1439 1468 1502 στάσις
1499 1439 1660 1494 αὑτοῦ
1691 1442 1894 1510 ἐκείνη,

329 1529 426 1580 καὶ
463 1529 498 1598 ἡ
531 1525 752 1596 εὐθηνία
789 1527 882 1580 καὶ
911 1527 970 1580 τδ
1007 1529 1206 1600 προσὸν
1231 1529 1378 1600 αὐτῷ
1409 1531 1530 1584 τότε
1577 1531 1768 1596 κάλλος
1799 1533 1898 1586 οὐκ

327 1613 398 1692 ἦν
437 1619 496 1686 ἐξ
533 1619 718 1684 αὑτοῦ,
750 1619 868 1674 οὐδὲ
907 1619 1058 1692 ποιρά
1083 1621 1180 1692 τὴν
1213 1623 1402 1676 ἑαυτοῦ
1447 1623 1624 1678 αἰτίαν
1655 1625 1896 1696 ὑπῆρχεν

327 1711 498 1780 αὐτῷ.
543 1711 636 1764 Διὸ
667 1713 1150 1784 ἐξομολογούμενος
1197 1715 1370 1768 ταῦτά
1421 1733 1583 1788 φησιν
1627 1717 1770 1790 ἔργῳ
1799 1719 1896 1790 τὴν

1997 528 2120 582 Non
2155 529 2396 584 movebar
2427 529 2482 582 in
2513 537 2792 582 tur-ternum.
2819 525 3094 582 Judicium
3125 525 3330 582 Domini
3351 529 3564 598 justum

1995 634 2118 676 esse
2149 619 2492 690 comprobat,
2519 617 2648 672 dum
2685 617 2980 674 conﬁtetur
3023 617 3164 672 unde
3219 617 3327 674 sibi
3377 619 3568 690 lapsus

1995 711 2222 764 venerit.
2259 707 2410 780 Opus
2441 711 2588 762 enim
2615 719 2698 764 est
2719 725 2865 768 curn.
2903 709 2996 780 qui
3026 723 3212 762 coram
3267 708 3376 764 Deo
3405 723 3546 762 con-

1995 803 2162 866 sistit,
2199 801 2518 856 meminisse
2551 801 2716 870 hujus
2739 801 2892 866 dicti,
2923 801 3028 868 Qui
3057 800 3262 854 videtur
3285 811 3452 864 stare,
3487 801 3568 856 ui-

1993 893 2114 950 deat
2141 911 2204 948 ne
2232 893 2390 947 cadat
2436 893 2506 958 ",
2561 907 2626 946 ac
2673 893 2902 948 Domino
2937 893 3166 962 gratiam
3199 893 3266 946 de
3303 901 3446 946 statu
3473 893 3568 946 ill.)

1995 983 2258 1054 profiteri.
2293 985 2362 1038 At
2387 983 2478 1038 ille
2519 997 2626 1036 non
2655 983 2790 1038 bene
2827 999 3010 1038 secum
3041 995 3322 1052 reputans,
3359 999 3424 1038 ex
3461 995 3562 1038 sua

1995 1081 2196 1134 virtute
2227 1095 2286 1134 se
2313 1081 2368 1132 in
2403 1077 2682 1148 praeclaris
2705 1083 2850 1132 stare
2873 1077 3174 1132 arbitratus
3197 1083 3280 1132 est
3296 1115 3310 1140 ,
3337 1089 3570 1146 seseque

1995 1171 2412 1234 immutabilem,
2445 1167 2886 1238 immobilemque
2909 1167 3222 1222 declaravit.
3255 1167 3494 1228 Domine,
3511 1167 3568 1220 in

1995 1265 2262 1318 uoluntate
2297 1273 2388 1316 tua
2417 1261 2716 1330 priestitisti
2765 1259 2944 1314 decori
2973 1277 3084 1314 meo
3125 1261 3392 1314 virtutem.
3427 1259 3566 1324 Quia

1997 1355 2252 1426 superius
2305 1361 2602 1408 memorata
2653 1365 2760 1404 non
2817 1357 2968 1404 recte
2997 1349 3386 1412 mstimaverat,
3421 1349 3572 1402 novit

1997 1447 2212 1500 tandem
2243 1451 2444 1500 statum
2491 1443 2666 1506 illum,
2695 1441 3032 1504 felicitatem,
3079 1457 3142 1496 ac
3167 1441 3420 1494 decorem
3455 1453 3572 1510 quo

1997 1545 2128 1590 tunc
2163 1533 2428 1604 fulgebat,
2467 1547 2576 1586 non
2605 1547 2668 1586 ex
2699 1547 2780 1592 se,
2805 1545 2980 1600 neque.
3001 1546 3060 1584 se
3091 1539 3314 1584 auctore
3343 1529 3448 1584 sibi
3469 1527 3574 1584 ad-

2001 1625 2190 1678 fuisse.
2221 1623 2566 1692 Quapropter
2597 1637 2722 1674 cum
2747 1637 2810 1674 ex
2843 1635 2904 1674 re
2933 1621 3050 1688 ipsa
3095 1620 3428 1675 infirmitatis
3459 1633 3574 1674 sua}

1999 1715 2430 1787 experimentum
2483 1714 2746 1782 cepisset,
2801 1711 2918 1766 haec
2957 1711 3274 1772 confitetur.
3337 1711 3572 1768 dicens:

331 1807 528 1874 πεῖραν
589 1805 916 1876 παραλαϐὼν
977 1807 1076 1876 τῆς
1123 1807 1318 1860 ἑαυτοῦ
1369 1809 1686 1872 ἀσθενείας·
1741 1789 1895 1864 Ἀπέ-

2007 1807 2256 1860 Arertisti
2287 1805 2474 1874 {aciem
2507 1814 2654 1858 tuam
2697 1821 2730 1858 a
2779 1819 2880 1866 me,
2913 1811 2964 1858 et
2999 1803 3174 1872 factus
3215 1817 3332 1856 sum
3359 1811 3574 1856 contur-

325 1895 598 1962 στρεψας
625 1893 692 1948 δέ
721 1911 834 1948 σοι·
869 1893 934 1948 τὸ
965 1899 1304 1964 πρόσωπον,
1349 1899 1448 1950 καὶ
1487 1899 1778 1968 ἐγενήθην
1813 1917 1894 1954 ιε·

327 1983 712 2056 ταραγμένος.
751 1987 820 2040 Σὺ
855 1987 952 2058 μὲν
973 1987 1080 2060 γὰρ
1107 1987 1258 2040 οὐδὲν
1299 1989 1454 2042 πλέον
1483 1989 1742 2062 ἔπραξας,
1775 1991 1900 2044 οὔτε

325 2071 506 2142 ὦσας,
539 2077 662 2130 οὔτε
691 2080 984 2144 κατέϐαλες
1003 2097 1016 2108 ·
1059 2081 1188 2134 αὐτὸ
1219 2081 1274 2134 δὲ
1303 2081 1458 2136 τοῦτο
1513 2083 1602 2136 διὰ
1631 2083 1730 2156 τὴν
1759 2085 1898 2156 ἐμὴν

329 2169 698 2240 μεγαλαυχίαν
733 2173 1108 2242 μεμονωμένον
1139 2191 1204 2244 με
1243 2175 1450 2238 εἴασας,
1489 2177 1582 2230 καὶ
1617 2177 1712 2246 τῆς
1745 2179 1898 2248 παρὰ

325 2261 422 2316 eo:
461 2261 714 2334 βοηθείας
755 2265 974 2334 ἔρημον.
1035 2265 1434 2334 Ἀπέστρεψιις
1473 2267 1538 2320 τὸ
1579 2269 1900 2336 πρόσωπόν

323 2369 444 2408 σου
465 2371 478 2384 ·
515 2353 622 2422 ἐγὼ
657 2355 712 2408 δὲ
749 2358 1084 2426 παραχρῆμα
1131 2359 1458 2430 ὴλεγχόμην.
1503 2359 1598 2412 καὶ
1623 2361 1900 2430 ἐγινόμην

327 2445 790 2514 τεταραγμένος,
813 2447 1128 2502 ὑποπίπτων
1177 2453 1286 2512 τοῖς
1335 2451 1486 2520 ἐμοῖς
1519 2451 1896 2522 ἁμαρτήμασι,

327 2537 424 2590 καὶ
451 2541 562 2602 τοῖς
595 2541 744 2609 ἐμοῖς
771 2539 1002 2612 ἐχθροῖς.

401 2629 560 2698 Πρὸς
613 2631 722 2694 σὲ,
775 2633 968 2700 Κύριε,
1005 2633 1390 2702 κεκράξομαι,
1443 2635 1542 2688 καὶ
1597 2635 1746 2702 πρὸς
1791 2635 1898 2688 τὸν

331 2723 480 2776 Θεόν
507 2711 624 2792 μού
651 2723 1034 2792 δεηθήσομαι.
1089 2725 1180 2790 Τίς
1207 2725 1458 2794 ὠφέλεια
1485 2727 1556 2780 ἐν
1583 2726 1662 2792 τῷ
1695 2727 1898 2796 αἵματι

323 2833 468 2884 μου,
503 2817 576 2868 ἐν
611 2815 690 2882 τῷ
729 2815 1054 2882 καταϐῶ-αἰ
1093 2835 1168 2886 με
1211 2821 1296 2884 εἰς
1339 2817 1698 2888 διαφθαρείη
1739 2821 1894 2874 Κατά

327 2905 386 2960 δὲ
421 2907 512 2960 τὸν
537 2907 844 2978 Σύμμαχον·
861 2909 964 2963 Ἐν
983 2909 1104 2976 τοτς
1117 2911 1318 2974 κακοῖς
1333 2915 1650 2981 γενόμενος
1659 2909 1890 2982 ἕλες-ον·

329 2999 488 3068 Πρὸς
525 2999 618 3062 σὲ,
649 3001 842 3068 Κύριε,
887 2999 1118 3064 βοήσει),
1173 3001 1274 3054 καί
1319 3017 1392 3054 σε
1439 3001 1546 3054 τὸν
1587 3003 1894 3070 δεσπότην

323 3109 444 3158 μου
495 3091 780 3144 ἱκετεύσω
805 3107 818 3122 ·
875 3091 932 3144 τί
983 3089 1190 3158 κέρδος
1245 3093 1314 3144 ἐν
1368 3091 1448 3156 τῷ
1495 3093 1696 3160 αἵματί
1739 3111 1888 3162 μου,

327 3177 788 3250 κατενεχθέντος
831 3199 948 3248 μου
1001 3183 1088 3246 εἰς
1127 3181 1490 3248 €1agpﬂopcir;
1545 3181 1640 3250 Μὴ
1693 3183 1894 3252 ἐξημο-

325 3273 656 3344 .Ξογήσεταί
687 3287 786 3326 σοι
819 3275 1004 3338 κόνις.
1045 3273 1084 3342 ἣ
1117 3275 1444 3344 ἀπαγγελεῖ
1471 3275 1582 3344 τὴν
1609 3275 1896 3344 ἀλήθειάν

325 3379 486 3428 σου;
523 3363 708 3418 Ταῦτα
752 3367 844 3418 καὶ
883 3363 952 3416 τά
991 3363 1198 3428 τούτοις
1245 3365 1594 3438 παραπλήσια
1649 3365 1894 3430 ἱκετεύω,

329 3451 576 3508 κάτωθεν
605 3455 850 3524 κραυγὰς
877 3453 1056 3524 ἀφιεὶς
1085 3455 1192 3508 ἀπὸ
1221 3455 1314 3508 τοῦ
1345 3455 1644 3526 βαθυτάτου
1671 3455 1894 3518 λάκκου,

329 3545 636 3616 πυθόμενος
677 3546 752 3608 ὡς
803 3545 952 3618 παρά
997 3545 1316 3600 διδασκάλου
1367 3547 1552 3618 μαθεῖν
1605 3549 1754 3620 παρὰ
1803 3549 1894 3602 σοῦ

325 3637 424 3690 τοῦ
451 3637 608 3690 Θεοῦ.
657 3637 752 3702 Τίς
795 3637 1028 3706 ὠφέλεια
1055 3637 1260 3708 γίνεται
1293 3637 1474 3710 ἢέμοὶ
1513 3641 1544 3710 ἢ
1583 3641 1788 3710 ἑτέροις
1833 3641 1898 3692 ἐκ

327 3721 422 3782 τοῦ
459 3729 592 3800 ἐμοῦ
625 3731 886 3800 αἵματος
931 3731 1000 3782 Ἢ
1043 3729 1094 3782 τί
1133 3731 1292 3784 πλέον
1323 3729 1626 3800 ἀνθρώποις
1667 3731 1896 3802 ὑπάρξει

327 3821 394 3872 ὲκ
421 3819 516 3872 τοῦ
545 3821 642 3890 ἐμὲ
665 3821 836 3874 ἐλθεῖν
859 3824 938 3884 εἰς
963 3821 1288 3894 διαφθοράν;
1325 3823 1536 3894 Ἐτέρου
1579 3823 1676 3892 μὲν
1703 3823 1810 3894 γὰρ
1839 3827 1896 3876 ἐν

325 3911 408 3982 τῷ
451 3911 644 3982 αἵματι
689 3913 916 3984 ὑπάρξει
959 3913 1122 3984 πολλή
1165 3931 1248 3978 τις
1285 3913 1376 3968 καὶ
1423 3913 1630 3984 μεγάλη
1665 3912 1896 3982 ὠφέλεια

325 4003 408 4076 τῷ
437 4005 602 4058 παντὶ
639 4005 860 4076 κὸσμῳ’
897 4005 1112 4062 ἐπειδὰν
1157 4009 1186 4060 ὁ
1213 4007 1304 4070 σὸς
1335 4007 1504 4078 ἀμνὸς
1543 4009 1572 4058 ὁ
1599 4007 1768 4078 αἴρων
1799 4007 1898 4076 τὴν

323 4097 606 4168 ἁμαρτίαν
657 4095 750 4152 τοῦ
801 4097 1004 4168 κόσμου
1029 4137 1044 4160 ,
1093 4097 1168 4160 ὡς
1221 4097 1488 4168 πρόϐατον
1545 4097 1636 4150 ἐπὶ
1687 4095 1898 4166 σταγὴν

325 4189 498 4252 ἔλθοι,
523 4191 620 4244 καὶ
663 4189 738 4254 ὡς
765 4189 932 4260 ἀμνὸς
957 4191 1196 4244 ἐναντίον
1225 4189 1318 4244 τοῦ
1347 4191 1626 4260 κείραντος
1665 4191 1894 4256 ᾶιξωνος.

325 4279 534 4332 Τούτου
585 4279 692 4350 γᾶρ
753 4279 830 4350 τῷ
881 4281 1068 4350 αἵματι
1137 4281 1510 4350 ἀπολύτρωσις
1573 4281 1664 4332 καὶ
1713 4279 1898 4332 κακῶν

325 4371 614 4444 ἐλευθερία
631 4373 762 4428 πᾶσι
781 4375 892 4434 τοῖς
907 4373 972 4424 δι’
989 4369 1152 4424 αὑτοῦ
1175 4371 1568 4440 σωθησομένοις
1589 4373 1894 4442 γενήσεται.

2007 1899 2182 1954 batus.
2219 1897 2298 1951 Tu
2331 1897 2550 1968 quidem
2581 1895 2718 1950 nihil
2759 1895 2992 1950 ulterius
3033 1892 3286 1956 effecisti,
3319 1907 3426 1946 non
3475 1895 3576 1946 im-

2005 1992 2194 2062 pulisti
2241 2005 2416 2060 neque
2449 1989 2698 2058 deiecisti
2731 2003 2854 2054 me;
2903 1988 2956 2042 id
3009 1995 3216 2040 tantum
3249 1987 3572 2056 praestitisti,

2006 2091 2066 2136 ut
2095 2097 2182 2136 me
2213 2087 2434 2152 propter
2483 2075 2856 2146 arrogantiam
2903 2091 3080 2130 meam
3131 2076 3332 2140 solum,
3367 2083 3574 2144 tuaque

1973 2167 2108 2244 ὀρθ
2139 2189 2372 2228 vacuum
2425 2167 2710 2226 desereres
2749 2187 2762 2222 :
2813 2167 3064 2222 Auertiin
3099 2167 3290 2236 facient
3321 2177 3490 2232 tuam,
3519 2177 3576 2222 οἱ

2003 2281 2104 2336 ego
2127 2265 2422 2320 confestim
2445 2263 2754 2326 convictus,
2781 2261 2956 2330 [actus
2983 2277 3102 2314 sum
3127 2259 3494 2326 conturbatus,
3517 2261 3574 2314 in

2003 2365 2224 2428 peccata
2255 2371 2374 2412 mea
2405 2357 2616 2428 lapsus,
2653 2363 2708 2410 et
2739 2351 2980 2408 inimicis
3007 2353 3144 2410 meis
3181 2351 3432 2408 traditus.

2071 2639 2238 2694 Vens.
2265 2639 2318 2704 9,
2345 2637 2432 2692 10.
2473 2635 2554 2690 Ad
2599 2645 2666 2698 te,
2689 2633 2928 2700 Domine,
2959 2635 3222 2700 clamabo,
3245 2641 3294 2688 et
3321 2633 3390 2686 ad
3411 2631 3578 2686 Deum

2001 2747 2170 2784 meum
2215 2728 2546 2798 deprecabor.
2591 2727 2722 2792 Quae
2773 2725 2976 2780 utilitas
3033 2727 3086 2780 in
3139 2725 3388 2794 sanguine
3437 2737 3572 2786 meo,

1999 2825 2124 2872 dum
2165 2819 2418 2874 descendo
2445 2819 2498 2872 in
2529 2819 2950 2888 corruptionem?
2979 2815 3290 2872 Secundum
3325 2813 3558 2886 Symma-

1999 2911 2158 2966 chum
2205 2923 2382 2966 autem
2409 2929 2422 2964 :
2455 2909 2588 2966 Cum
2629 2911 2682 2964 in
2731 2909 2888 2962 malis
2931 2925 3096 2962 essem
3123 2949 3138 2970 ,
3185 2907 3300 2960 dixi
3331 2921 3352 2960 :
3385 2905 3466 2958 Ad
3497 2915 3568 2966 te.

2001 3005 2238 3066 Domine,
2269 3001 2530 3064 clamabo,
2557 3009 2606 3054 et
2633 3009 2680 3054 te
2709 2999 2992 3052 Dominum
3029 3013 3198 3050 meum
3227 2995 3568 3064 deprecabor.

1999 3095 2154 3164 Quod
2185 3097 2388 3148 lucrum
2417 3095 2468 3146 in
2499 3091 2750 3162 sanguine
2785 3107 2920 3148 meo.
2965 3105 3046 3144 me
3087 3088 3262 3142 delato
3299 3089 3352 3142 in
3389 3101 3576 3140 corr..-

1993 3185 2258 3252 ptionem?
2307 3179 2558 3252 Nunquid
2601 3177 2934 3248 conﬁtebitur
2977 3177 3072 3230 tibi
3117 3175 3308 3244 pulvis,
3339 3183 3432 3228 aut
3477 3189 3578 3226 an-

1997 3275 2258 3330 nuntiabit
2297 3275 2562 3328 raritatem
2593 3273 2777 3324 tuam?
2807 3267 2930 3322 llmc
2955 3275 3009 3322 et
3043 3267 3130 3322 his
3152 3265 3350 3320 similia
3381 3265 3576 3334 depre-

1997 3385 2114 3430 cor.
2141 3383 2208 3422 ex
2235 3365 2438 3422 inlimis
2479 3380 2544 3420 ac
2581 3379 2648 3420 es
2697 3361 3128 3434 profundissimo
3159 3359 3282 3414 lacu
3309 3359 3576 3414 clamores

1997 3459 2272 3524 emittens,
2295 3457 2676 3526 sciscitorque,
2707 3463 2766 3508 ut
2799 3469 2830 3508 a
2861 3461 2914 3506 te
2935 3451 3068 3516 Deo,
3099 3467 3196 3506 ceu
3227 3465 3258 3504 a
3291 3449 3572 3520 magistro,

1997 3551 2250 3604 edocear.
2277 3545 2406 3612 Qua:
2431 3545 2634 3600 utilitas
2657 3553 2750 3598 aut
2777 3541 2912 3598 mihi
2941 3549 3036 3596 aut
3059 3541 3182 3596 aliis
3203 3555 3268 3594 ex
3303 3539 3574 3610 sanguine

1999 3659 2120 3698 meo
2149 3641 2464 3696 confertur?
2507 3639 2616 3694 Aut
2647 3635 2778 3708 quid
2811 3637 3044 3708 amplius
3091 3635 3402 3690 hominibus
3431 3633 3578 3688 acci-

1999 3735 2090 3788 det
2123 3731 2322 3806 [boni],
2353 3749 2398 3788 ει
2429 3729 2764 3786 descendere
2789 3731 2844 3782 in
2869 3725 3310 3798 corruptionem?
3335 3727 3402 3778 At
3427 3725 3574 3782 enim

2001 3826 2056 3880 in
2087 3825 2312 3880 alterius
2347 3823 2610 3892 sanguine
2657 3821 2824 3874 multa
2867 3833 3168 3888 magnaque
3213 3815 3422 3870 utilitas
3453 3829 3576 3868 um-

1997 3931 2158 3972 verso
2187 3915 2388 3968 mundo
2411 3913 2666 3976 accedet;
2699 3909 2918 3980 quando
2939 3909 3126 3978 Agnus
3149 3915 3276 3960 tuus
3307 3905 3400 3978 qui
3433 3903 3576 3960 tollit

2001 4017 2280 4078 peccatum
2317 4003 2504 4058 mundi
2529 4003 2596 4066 ⁸⁷,
2627 4003 2782 4072 quasi
2819 4001 2938 4056 ovis
2969 3999 3036 4054 ad
3067 3991 3458 4068 jugulationem
3485 4011 3574 4048 ve-

1997 4097 2132 4158 niet,
2157 4103 2210 4148 et
2241 4103 2498 4164 tanquam
2529 4107 2700 4162 agnus
2725 4105 2906 4144 coram
2929 4087 3186 4142 tondente
3215 4102 3274 4140 se
3299 4085 3418 4140 sine
3437 4099 3570 4138 voce

1997 4187 2102 4242 erit
2123 4185 2192 4239 ⁸⁸.
2225 4183 2358 4238 Nam
2391 4199 2460 4238 ex
2483 4183 2646 4250 hujus
2677 4179 2940 4248 sanguine
2971 4177 3268 4248 redemptio
3287 4183 3342 4232 et
3361 4175 3568 4244 ereptio

1999 4295 2032 4332 ει
2065 4279 2222 4332 malis
2251 4277 2318 4332 iis
2345 4275 2470 4340 erit,
2501 4274 2594 4344 qui
2643 4287 2738 4344 per
2783 4287 2904 4326 eum
2945 4273 3172 4326 salutem
3221 4267 3566 4324 consecuturi

1999 4381 2148 4428 sunt.
2197 4369 2500 4436 Quinetiam
2555 4367 2850 4422 descensus
2891 4363 3014 4432 ejus
3051 4363 3118 4416 ad
3155 4377 3250 4416 eos
3277 4375 3449 4430 usque
3477 4359 3572 4428 qui

341 4463 506 4516 Ἀλλά
557 4463 650 4516 καὶ
693 4465 726 4534 ἡ
781 4463 1080 4526 κατάϐασις
1123 4463 1330 4515 ἐκείνου
1367 4463 1398 4532 ἡ
1431 4463 1594 4534 μέχρι
1633 4461 1740 4514 τῶν
1767 4461 1885 4514 δια-

1997 4467 2046 4520 in
2075 4469 2426 4534 corruptione
2455 4467 2510 4514 et
2555 4459 2610 4512 in
2643 4465 2818 4510 morte
2847 4461 3156 4514 versantur,
3189 4453 3374 4506 multis
3405 4463 3574 4506 causa

325 4557 668 4628 φθαρέντων,
703 4557 798 4610 καὶ
825 4559 882 4610 ὲν
913 4557 1124 4624 θανάτῳ
1151 4555 1474 4626 γενομένων,
1505 4555 1714 4620 πολλοῖς
1745 4555 1898 4608 αἰτία

325 4647 608 4720 σωτηρίας
651 4647 822 4700 ἔσται.
857 4645 1054 4710 Πολλὸς
1081 4645 1188 4718 γὰρ
1227 4645 1354 4716 χοῦς
1395 4647 1488 4700 καὶ
1527 4645 1694 4716 πολλὴ
1745 4645 1894 4708 κόνις

323 4741 438 4796 τῶν
465 4739 634 4792 πάλαι
671 4739 762 4790 καὶ
793 4737 1060 4809 σαρκίνων
1101 4739 1192 4792 καὶ
1215 4737 1412 4808 χοῖκῶν
1469 4735 1766 4808 ἀνθρώπων
1811 4735 1896 4802 ἐξ·

323 4831 720 4902 ομολογήσεταί
757 4847 864 4884 σοι·
893 4829 942 4884 οἳ
981 4831 1074 4884 καὶ
1101 4831 1192 4882 ἐπὶ
1235 4829 1296 4882 τὸ
1335 4831 1580 4900 κρεῖττον
1627 4827 1896 4900 μεταϐλη-

325 4923 532 4986 θέντες,
583 4919 952 4990 ἀπαγγελοῦσι
999 4921 1098 4990 τὴν
1143 4917 1396 4990 ἀλήθειάν
1451 4935 1562 4974 σου.
1609 4921 1756 4990 Μήτι
1799 4913 1892 4972 οὖν

323 5017 422 5070 καὶ
455 5017 514 5066 ἐν
545 5013 622 5084 τῷ
663 5013 780 5084 ἐμῷ
819 5013 1010 5084 αἵματι
1045 5013 1198 5066 ἔσται
1229 5029 1280 5064 τι
1315 5011 1552 5064 τοιοῦτον
1589 5011 1790 5080 ἀγαθὸν
1817 5009 1896 5082 τῷ

321 5109 552 5178 κύσμῳς
621 5107 654 5178 ἧ
711 5103 1120 5174 ὡφεληθὴσεταί
1175 5121 1258 5168 τις
1307 5103 1442 5174 ἐμοῦ
1495 5104 1894 5176 κατασυρέντος

319 5199 432 5252 ὑπὸ
461 5195 558 5252 τοῦ
587 5196 854 5262 (lauaret);
887 5195 920 5266 ἢ
953 5195 1078 5266 χοῦς
1107 5195 1200 5248 καὶ
1231 5195 1260 5246 ὁ
1285 5195 1391 5248 ἀπὸ
1419 5193 1514 5248 τοῦ
1547 5193 1640 5264 χοῦ
1671 5193 1896 5262 ληφθεὶς

321 5293 418 5344 καὶ
453 5288 692 5358 γεγονὼς
725 5287 1026 5358 ἅνθρωπος,
1063 5285 1418 5356 μεταϐληθεὶς
1445 5285 1552 5338 ἀπὸ
1583 5285 1674 5338 τοῦ
1709 5283 1892 5356 χοϊκοῦ

319 5383 416 5436 καὶ
441 5381 732 5452 γενόμενος
777 5379 1156 5450 πνευματικος,
1185 5378 1484 5448 ἀπαγγελεῖ
1513 5377 1612 5450 τὴν
1637 5375 1892 5450 ἀλήθειάν

323 5491 460 5538 σοο;
519 5473 678 5526 Ἀλλά
719 5473 828 5542 γάρ
867 5471 1020 5524 οὐδὲν
1061 5469 1210 5526 ἔσται
1251 5471 1310 5534 ἐξ
1343 5469 1474 5540 ἐμοῦ
1503 5467 1770 5522 τοιοῦτονσ
1811 5469 1892 5522 διὸ

323 5563 558 5618 ἱκετεύω
623 5565 698 5635 μὴ
753 5563 1086 5636 ὁμοιωθῆναι
1155 5567 1264 5626 τοῖς
1337 5561 1746 5618 καταϐαίνουσιν
1807 5567 1890 5628 εἰς

327 5673 528 5710 λακκον
535 5695 548 5708 .

395 5775 446 5808 ⁸³⁵
487 5775 508 5828 1
545 5775 670 5830 Cor.
707 5789 776 5838 ι,
817 5773 902 5828 li.
973 5771 1018 5804 ⁸⁷
1057 5769 1214 5828 Joan.
1253 5789 1302 5836 ι,
1335 5773 1422 5828 29.
1501 5773 1546 5806 ⁸⁸
1571 5771 1676 5828 lsa.
1705 5787 1820 5836 LIII,
1851 5771 1906 5824 Ἰ.

1997 4557 2192 4614 salutis
2235 4555 2360 4610 erit.
2423 4551 2604 4606 Pulvis
2645 4549 2790 4604 enim
2843 4547 3046 4600 multus
3093 4545 3368 4612 multaque
3403 4549 3570 4606 terra,

1999 4651 2280 4704 hominum
2321 4629 2530 4702 scilicet
2567 4643 2698 4696 olim
2745 4637 3044 4692 carnalium
3097 4651 3162 4690 ac
3211 4643 3570 4696 terrenarum,

1997 4741 2344 4798 confitebitur
2365 4737 2460 4792 tibi
2485 4755 2498 4790 :
2521 4733 2616 4804 qui
2639 4733 2694 4786 in
2719 4731 2994 4786 meliorem
3017 4727 3158 4780 versi
3181 4725 3570 4784 conditionem,

1999 4833 2400 4888 annuntiabunt
2455 4829 2734 4882 veritatem
2787 4829 2956 4876 tuam.
3009 4815 3264 4888 Nunquid
3307 4816 3472 4886 igitur
3519 4815 3566 4868 ir

2001 4915 2264 4996 sanguine
2311 4937 2430 4976 meo
2479 4921 2584 4974 tale
2629 4915 2906 4986 quidpiam
2951 4913 3154 4966 bonum
3195 4907 3398 4962 mundo
3435 4905 3576 4960 erit?

1997 5017 2080 5070 An
2107 5015 2232 5084 quis
2267 5011 2554 5066 utilitatem
2603 5009 2732 5060 hinc
2781 5003 3080 5076 percipiet.
3125 5001 3172 5054 si
3205 5013 3306 5066 ego
3335 5011 3366 5050 a
3399 5007 3574 5050 morte

1997 5105 2288 5162 detrahar?
2325 5103 2408 5156 An
2453 5101 2630 5172 pulvis
2657 5109 2712 5154 et
2743 5097 2838 5168 qui
2863 5113 2932 5152 ex
2965 5095 3184 5166 pulvere
3215 5099 3466 5158 sumptus
3497 5087 3574 5140 fa—

1997 5209 2122 5254 ctus
2147 5205 2232 5254 est
2259 5197 2442 5258 homo,
2471 5207 2538 5248 ex
2577 5199 2796 5244 terreno
2837 5189 3204 5240 commutatus
3233 5181 3288 5234 in
3315 5177 3574 5248 spiritua-

1999 5293 2126 5352 lem,
2159 5283 2502 5342 annuntiabit
2531 5283 2808 5336 veritatem
2839 5277 3022 5332 tuam?
3049 5273 3192 5328 Nihil
3221 5285 3354 5326 sane
3381 5269 3572 5336 hujus-

1999 5383 2146 5438 modi
2173 5397 2240 5436 ex
2275 5395 2360 5436 me
2385 5377 2642 5448 prodihit.
2677 5373 3046 5442 Quamobrem
3081 5379 3216 5440 rogo
3263 5377 3334 5418 ne
3377 5359 3572 5418 similis

2003 5475 2126 5528 [iam
2153 5469 2614 5528 descendentibus
2641 5467 2696 5522 iu
2725 5469 2926 5520 lacum.
