4122 6454
535 335 682 417 263'

1237 354 1508 412 EUSEBH
1543 352 2025 410 CASSARIENSIS
2060 351 2211 410 OPP.
2252 349 2434 406 PARS
2468 351 2557 408 lli.
2598 382 2666 392 —
2699 350 3109 411 EXEGETICA.

3688 356 3791 413 τοι

603 466 769 524 Vens.
833 467 1019 524 "-13.
1052 467 1267 524 Audiuit
1310 470 1585 535 Dominus,
1644 477 1695 524 et
1755 470 1999 525 misertus
2041 486 2109 525 est

2296 470 2552 524 Ἤκουσε
2583 471 2839 539 Κύριος,
2870 468 2967 523 καί
2992 465 3221 536 nasque
3252 482 3330 536 με
3349 480 3363 496 ·
3422 468 3633 538 Κύριος
3660 468 3792 542 ἐτε-

531 561 654 626 mei,
700 559 954 614 Dominus
999 559 1173 630 factus
1227 570 1304 615 est
1347 561 1563 631 adjutor
1603 577 1769 618 meus.
1839 560 2109 617 Converti-

529 653 602 706 αἱ
657 651 926 721 planctum
993 668 1164 706 meum
1224 652 1276 705 in
1320 651 1572 722 gaudium
1606 652 1734 706 mihi
1761 668 1781 706 :
1806 650 2112 708 conscidisti

531 760 743 799 saccum
772 761 965 808 meum,
995 753 1046 800 et
1077 744 1471 799 circumdedisti
1497 761 1578 799 me
1603 746 1812 801 latitia.
1840 745 1976 801 Cum
2007 746 2108 808 sic.

531 835 731 907 inquit,
770 835 1114 907 deprecarer,
1147 835 1239 906 qui
1285 851 1395 889 non
1450 835 1637 904 procul
1682 840 1768 891 est
1809 835 1878 889 ab
1919 835 1987 891 iis
2017 835 2112 906 qui

533 944 670 1002 pure
709 944 773 985 ac
818 928 1051 985 ﬁdeliter
1077 928 1332 983 invocant
1363 929 1562 999 ipsum,
1594 926 1854 983 Dominus
1886 927 2107 993 audivit,

533 1019 602 1075 de
629 1034 739 1091 quo
772 1008 976 1073 dictum
1006 1027 1088 1072 est
1113 1035 1127 1072 :
1161 1016 1332 1085 Prope
1357 1026 1435 1070 est
1470 1015 1727 1069 Dominus
1756 1012 1998 1068 omnibus
2026 1014 2111 1067 in-

531 1109 835 1163 vocantibus
859 1124 975 1163 eum
1020 1109 1077 1163 in
1115 1109 1333 1163 veritate
1358 1107 1444 1164 "1
1475 1116 1530 1163 et
1561 1116 1845 1178 postquam
1880 1105 2109 1170 audivit,

2209 559 2363 629 νήθη
2404 561 2632 630 ,βοηθός
2667 579 2806 631 μου.
2853 561 3190 629 "Harpen-ac
3234 558 3342 615 τὸν
3382 562 3639 615 κοπετόν
3674 579 3796 634 μου

2208 658 2298 723 εις
2334 658 2531 724 χαρὰν
2559 653 2711 724 ἐμοὶ,
2758 649 3073 721 διέρῤηξας
3112 650 3219 706 τὸν
3261 650 3496 706 σάκκον
3522 668 3662 720 μου,
3694 654 3793 708 uti

2209 746 2566 817 nsptéC'wO'dc
2585 764 2663 817 με
2682 747 3087 816 εὐφροσύνην.
3106 744 3314 809 Ταῦτα,
3333 744 3491 815 φησὶ,
3514 742 3796 815 δεηθέντας

2214 858 2337 912 μου,
2365 843 2394 895 ὁ
2418 839 2497 913 μὴ
2528 839 2742 912 μακρὰν
2769 838 3020 909 ἀφεστὼς
3045 837 3153 892 τῶν
3184 836 3439 908 καθαρῶς
3466 837 3561 891 καὶ
3588 836 3796 902 πιστῶς

2209 930 2656 1001 ἐπικαλουμένων
2692 928 2858 983 αὐτὸν
2882 927 3087 1001 Κύριος
3106 925 3362 996 ἤκουσε,
3393 925 3522 998 περὶ
3552 921 3615 980 οὗ
3643 926 3796 999 εῐρη-

2209 1039 2299 1078 ται
2319 1039 2332 1053 ο
2395 1022 2605 1093 Ἐττὺς
2653 1023 2870 1090 Κύριος
2913 1019 3065 1077 πᾶσι
3108 1020 3236 1087 τοῖς
3295 1019 3796 1089 ἐπικαλουμένοις

2210 1114 2398 1169 αὑτὸν
2439 1113 2511 1168 ἐν
2550 1113 2824 1182 ἀληθείᾳο
2872 1111 2968 1166 καὶ
3013 1111 3252 1175 ἀκούσας
3293 1110 3525 1179 ἠλέησέ
3562 1128 3661 1181 με.
3704 1114 3796 1167 καὶ

531 1202 774 1255 misertus
806 1210 884 1254 est
913 1199 1035 1261 mei,
1071 1214 1135 1254 ac
1181 1214 1338 1255 suam
1381 1214 1507 1267 erga
1551 1213 1638 1253 me
1678 1197 2109 1252 misericordiam

2210 1205 2371 1278 ἔργον
2414 1205 2722 1273 ἐπεδείξατο
2769 1202 2863 1257 τοῦ
2915 1205 2996 1268 είς
3022 1204 3121 1276 ἐμὲ
3154 1204 3359 1258 οἴκτου·
3382 1203 3636 1275 ἐγενήθη
3682 1204 3790 1275 γὰρ

531 1306 695 1363 opere
721 1290 1096 1362 comprobavit
1124 1308 1137 1345 :
1170 1290 1347 1359 [actus
1378 1296 1457 1344 est
1495 1284 1640 1341 enim
1676 1287 1894 1357 adjutor
1940 1304 2106 1343 meus.

2207 1298 2434 1365 ,ϐοηθός
2451 1315 2591 1367 μου.
2617 1298 2802 1352 Ταῦτα
2832 1298 2908 1361 ὡς
2935 1295 3072 1368 πρὸς
3100 1297 3249 1369 ἡμᾶς
3267 1295 3587 1369 διαλεχθεὶς,
3610 1295 3705 1349 καὶ
3725 1294 3795 1350 τὰ

529 1384 824 1455 Postquam
881 1398 981 1438 nos
1035 1382 1187 1438 hisce
1240 1382 1508 1437 alloentts
1548 1392 1631 1436 est
1660 1381 1864 1443 verbis,
1903 1388 1958 1436 et
1988 1395 2109 1451 quae

2213 1366 2599 1460 συμϐεϐηκότα
2638 1388 2787 1460 αύτῷ
2824 1366 3043 1453 διδάξας
3066 1366 3235 1460 ἡμᾶς,
3266 1366 3599 1460 ἀποστρέφει
3633 1386 3796 1441 πάλιν

531 1477 635 1532 sibi
670 1474 984 1531 acciderant
1024 1473 1319 1530 enarravit.
1354 1487 1550 1527 rursus
1598 1473 1895 1543 gratiarum
1939 1472 2109 1526 actio-

2208 1479 2308 1551 τὴν
2333 1479 2682 1552 εὐχαριστίαν
2717 1480 2807 1534 ἐπ’
2836 1479 2996 1533 αὑτὸν
3029 1480 3181 1546 Θεὸν,
3209 1479 3309 1544 τὰς
3337 1479 3417 1543 είς
3444 1478 3605 1532 αὑτὸν
3643 1479 3797 1551 εὐερ-

529 1584 653 1626 nem
680 1568 747 1623 ad
782 1568 957 1638 ipsum
992 1565 1160 1621 Deum
1204 1566 1493 1630 convertit,
1527 1564 1789 1620 benelicia
1842 1565 1946 1621 sibi
1989 1565 2105 1619 col-

2209 1572 2399 1640 γεσίας
2427 1571 2658 1637 διεξιών.
2700 1572 2968 1645 Ἦλέησας
3001 1572 3113 1645 γάρ
3146 1590 3213 1644 με
3253 1573 3340 1637 σὺ,
3371 1571 3528 1642 φησὶ,
3572 1573 3668 1626 καὶ
3699 1573 3793 1642 γέ-

531 1660 640 1714 lata
669 1672 1018 1715 enumerans.
1056 1655 1215 1720 Nam,
1248 1656 1444 1727 inquit,
1471 1665 1528 1709 tu
1572 1655 1679 1710 mei
1724 1655 1984 1711 misertus
2021 1670 2105 1719 es,

2208 1676 2374 1729 γονας
2420 1645 2614 1732 βοηθός
2657 1676 2794 1733 μου·
2838 1660 2980 1716 οὕτω
3028 1678 3091 1715 τε
3140 1660 3436 1732 μετέϐαλες
3484 1661 3555 1715 τὰ
3592 1661 3796 1715 παλαια

529 1760 583 1805 et
612 1749 788 1805 factus
827 1763 887 1804 es
908 1747 1125 1817 adiutor
1153 1762 1339 1815 meus;
1375 1756 1539 1818 atque
1581 1747 1661 1803 sic
1687 1756 1896 1803 veteres
1931 1747 2108 1818 lacry-

2214 1769 2317 1824 μου
2355 1753 2585 1826 δάκρυα,
2620 1753 2719 1807 καὶ
2746 1755 2874 1818 τοὺς
2913 1752 3146 1827 θρήνους
3183 1753 3281 1807 καὶ
3321 1756 3412 1807 τδν
3453 1752 3682 1808 κοπετὸν
3714 1755 3796 1819 εἰς

531 1855 671 1908 mas,
702 1838 1140 1903 lamentationes,
1190 1838 1466 1908 planctum
1517 1837 1572 1892 in
1622 1837 1816 1904 risum,
1849 1835 2109 1907 gaudium

2209 1846 2421 1916 γέλωτα
2443 1847 2537 1901 καὶ
2565 1847 2762 1919 χαρὰν,
2796 1847 2891 1901 καὶ
2925 1847 3263 1916 ἀγαλλίασιν,
3298 1845 3676 1918 ἐπαληθεύσας
3703 1846 3795 1901 τὸν

528 1939 585 1986 et
632 1930 1049 1986 exsultationem
1088 1930 1460 1985 commutasti.
1507 1927 1586 1983 lta
1633 1943 1817 1985 veram
1855 1941 2109 1997 compro-

2209 1932 2437 2006 ὕστερόν
2468 1951 2601 1988 ποτε
2622 1933 2884 2006 λεχθέντα
2916 1935 3263 2008 μακαρισμὸν
3297 1935 3557 2008 περὶτῶν
3582 1934 3797 1990 κλαιόν-

529 2023 669 2079 basti
718 2023 865 2078 illam
918 2022 1330 2086 beatitudinem,
1365 2036 1486 2093 qua:
1524 2021 1617 2078 diu
1668 2028 1857 2091 postea
1886 2020 1954 2075 de
1976 2018 2110 2075 ﬁen-

527 2117 674 2172 tibus
702 2130 765 2171 ac
790 2116 1102 2187 lugentibus
1129 2114 1326 2169 tradita
1355 2123 1438 2170 est
1470 2133 1482 2169 :
1512 2112 1666 2169 Beati
1690 2114 1779 2180 qui
1801 2113 1948 2183 ﬂent,
1978 2128 2110 2183 quo-

529 2212 675 2265 niam
706 2209 943 2265 ridebunt
966 2210 1042 2271 '°:
1073 2208 1213 2264 beati
1238 2210 1326 2281 qui
1356 2208 1548 2279 lugent,
1580 2208 1827 2278 quoniam
1855 2207 1953 2276 ipsi
1981 2223 2108 2261 cou-

530 2302 843 2358 sotabuntur
872 2302 941 2356 ".
978 2301 1061 2357 Me
1104 2290 1265 2356 sat-co
1290 2299 1513 2367 exuisti,
1547 2299 1639 2370 qui
1667 2300 1849 2354 luctus
1891 2299 2105 2369 signum

528 2401 666 2457 erat,
703 2393 758 2446 in
788 2408 897 2464 quo
928 2407 1016 2447 me
1063 2390 1382 2462 aﬁligebam,
1415 2399 1469 2445 et
1511 2391 1729 2462 cingulo
1763 2390 1961 2445 lzetitia:
2003 2390 2106 2444 cir-

529 2484 879 2539 cumcinxisti
919 2498 1024 2538 me.
1056 2481 1181 2537 Haec
1211 2496 1373 2551 porro
1395 2482 1574 2534 omnia
1628 2481 1760 2536 mihi
1803 2481 2101 2552 pnebuisti,

528 2583 590 2632 ut
623 2575 791 2640 ne,.si
821 2576 920 2630 tibi
967 2589 1076 2630 non
1107 2573 1392 2629 confessus
1426 2588 1627 2636 essem,
1659 2584 1800 2629 terra
1838 2582 1890 2629 et
1929 2574 2105 2645 pulvis

527 2683 888 2733 remanerem,
917 2676 975 2721 ut
1022 2676 1197 2722 cantet
1233 2664 1327 2720 tibi
1371 2666 1543 2738 gloria
1592 2681 1726 2720 mea.
1764 2663 1899 2719 Nam
1938 2666 1983 2721 si
2014 2666 2108 2720 de.

528 2759 862 2818 scendissem
921 2760 978 2814 in
1032 2759 1475 2829 corruptionem,
1523 2758 1671 2813 nulla
1716 2757 1844 2812 hinc
1899 2757 2107 2813 utilitas

527 2853 615 2911 vel
645 2853 779 2908 mibi
808 2853 891 2909 vel
917 2852 1040 2908 aliis
1090 2859 1351 2907 eventura
1397 2858 1533 2907 erat.
1576 2849 1688 2921 Ego
1729 2865 1965 2920 namque
1998 2851 2106 2904 vita

528 2947 619 3004 illa
658 2963 780 3019 qua:
821 2961 889 3002 ex
936 2956 987 3002 te
1022 2945 1266 3017 procedit
1313 2943 1612 3016 privandus
1654 2959 1826 3013 eram,
1857 2945 1949 2999 alii
1978 2958 2107 3000 vero

529 3055 627 3112 per
652 3056 736 3096 me
761 3040 989 3095 salutem
1018 3037 1243 3093 minime
1270 3037 1417 3093 nacti
1445 3044 1648 3092 essent.

596 3130 668 3185 At
696 3130 916 3203 quando
952 3138 1009 3185 tu
1042 3128 1344 3185 convenisti
1380 3126 1648 3198 planctum
1678 3143 1848 3182 meum
1881 3128 1935 3181 in
1973 3144 2107 3199 gau-

2207 2040 2315 2077 των
2339 2023 2432 2077 καὶ
2459 2023 2818 2089 πενθούντων,
2849 2024 2993 2079 κατὰ
3013 2025 3104 2078 τό·
3146 2024 3437 2095 Μακάριοι
3475 2028 3531 2079 οἱ
3556 2026 3796 2080 κλαίον-

2206 2132 2326 2183 τες,
2356 2114 2446 2169 ὅτι
2477 2114 2842 2187 γελάσονται
2860 2134 2875 2149 ο
2899 2116 2996 2171 καὶ
3020 2116 3299 2187 μακάριοι
3328 2121 3383 2173 οἱ
3412 2118 3792 2188 πενθοῦντες,

2205 2207 2296 2261 ὅτι
2331 2207 2927 2277 παρακληθήσονται.
2978 2208 3061 2262 Τὰ
3092 2208 3337 2281 σύμϐολα
3375 2209 3507 2278 γοῦν
3543 2210 3639 2264 τοῦ
3667 2210 3796 2265 πέν-

2206 2297 2335 2362 θους
2381 2298 2657 2363 ἀπέδυσας
2691 2316 2791 2371 με,
2840 2299 2936 2355 τὸν
2984 2300 3219 2365 σάκκον,
3270 2303 3331 2356 ἐν
3377 2295 3423 2370 ᾧ
3464 2302 3795 2357 κακοπαθῶν

2208 2392 2442 2464 ἐμαυτὸν
2467 2394 2872 2467 ἐτιμωρούμην,
2908 2396 3001 2449 καὶ
3033 2393 3282 2468 ζώσματι
3326 2396 3664 2470 εὐφροσύνης
3698 2416 3795 2452 πε·-

2211 2485 2474 2557 ριέζωσάς
2520 2505 2607 2559 με.
2659 2487 2970 2542 καὶταῦτα
2996 2488 3173 2543 πάντα
3220 2506 3311 2560 μοι
3355 2489 3657 2562 παρέσχου,
3706 2490 3794 2544 ἵνα

2210 2578 2286 2651 μὴ
2325 2579 2607 2650 ἁπομείνω
2651 2580 2798 2645 κόνις
2832 2581 2926 2634 καὶ
2957 2575 3087 2653 χούς
3131 2583 3161 2637 ὁ
3201 2582 3276 2655 μὴ
3307 2582 3825 2656 ἐξομολογούμενος-

2209 2686 2313 2737 σοι,
2353 2671 2466 2725 ἀλλ’
2495 2672 2597 2726 ἵνα
2626 2672 2841 2741 ψάλλῃ
2880 2689 2978 2728 σοι
3007 2675 3045 2743 ἡ
3076 2673 3225 2738 δόξα
3245 2693 3385 2746 μου.
3431 2675 3521 2728 Ἐν
3557 2675 3656 2748 μὲν
3685 2674 3795 2748 γὰρ

2205 2761 2284 2832 τῷ
2317 2762 2622 2835 καταϐῆναί
2658 2781 2725 2835 με
2758 2765 2838 2829 είς
2865 2763 3162 2837 διαφθορὰν
3198 2766 3425 2840 οὐδεμία
3452 2786 3535 2833 τις
3557 2762 3627 2839 ἢν
3650 2766 3795 2838 ὠφέ-

2206 2852 2327 2908 λεια
2350 2852 2460 2907 οὔτ’
2489 2854 2615 2926 ἐμοὶ
2640 2854 2765 2909 οὔτε
2786 2856 3012 2928 ἑτέροις.
3059 2855 3203 2926 Ἐγώ
3231 2869 3303 2911 τε·
3325 2858 3436 2932 γὰρ
3459 2857 3796 2932 ἀπεστερού·

2210 2962 2317 3016 μην
2341 2946 2440 3017 τῆς
2464 2946 2616 3019 παρὰ
2648 2946 2743 3000 σοῦ
2766 2945 2933 3019 ζωῆς,
2963 2947 3112 3003 ἄλλοι
3138 2967 3197 3004 τε
3224 2949 3475 3023 οὐδαμῶς
3500 2951 3793 3025 ἐτύγχανον

2205 3035 2308 3107 τῆς
2336 3036 2404 3089 δι’
2433 3037 2567 3109 ἐμοῦ
2601 3041 2892 3113 σωτηρίας.

2290 3127 2378 3180 Ἐν
2406 3127 2464 3182 δὲ
2490 3128 2569 3201 τῷ
2585 3130 2987 3200 μεταϐάλλειν
3017 3148 3093 3189 σε
3120 3133 3230 3188 τὸν
3256 3136 3515 3190 κοπετόν
3535 3153 3657 3207 μου
3704 3139 3807 3204 εις-

526 3220 673 3276 dium
721 3220 870 3285 mihi,
901 3228 957 3277 et
983 3219 1202 3292 quando
1247 3216 1556 3273 conscidisti
1601 3232 1810 3270 saccum
1843 3231 2013 3269 meum
2058 3224 2107 3268 et

2208 3219 2402 3289 χαρὰν
2434 3219 2585 3289 ἐμοὶ,
2621 3222 2717 3275 καὶ
2758 3223 2816 3277 ἐν
2847 3223 2925 3296 τῷ
2963 3223 3281 3295 διαρῤἦξαι
3310 3242 3387 3281 σε
3424 3226 3532 3281 τὸν
3561 3224 3796 3284 σάκκον

439 3326 445 3332 ’
527 3312 922 3368 circumdedisti
970 3328 1049 3365 me
1092 3310 1302 3373 latitia,
1327 3324 1438 3363 non
1485 3307 1699 3362 modica
1724 3305 1872 3361 .inde
1902 3306 2107 3362 utilitas

527 3404 763 3460 accessit
792 3423 806 3459 :
841 3419 966 3459 nam
997 3403 1227 3475 pristina
1261 3408 1482 3471 recepta
1512 3400 1707 3471 gloria,
1733 3413 1829 3470 per
1856 3414 1976 3454 eam
2008 3398 2106 3453 tibi

528 3496 763 3552 cantabo
786 3507 839 3551 et
863 3496 1089 3567 psallam
1110 3536 1125 3560 ,
1153 3510 1261 3550 non
1299 3509 1463 3564 prava
1492 3494 1709 3564 quidem
1747 3492 2104 3556 conscientia,

529 3589 625 3644 sed
658 3587 840 3643 ﬁdenti
882 3603 944 3642 ac
984 3601 1118 3658 pura
1170 3594 1369 3644 mente.
1418 3586 1542 3641 Ideo
1571 3587 1667 3649 ait,
1703 3584 1771 3639 Ut
1811 3580 1983 3639 cantét
2015 3584 2110 3638 tibi

525 3680 700 3752 gloria
729 3696 865 3744 mea,
905 3688 954 3733 et
999 3694 1103 3733 non
1149 3690 1486 3750 compungar.
1532 3677 1612 3732 Ita
1664 3692 1827 3748 porro
1859 3691 2109 3747 perseve-

528 3773 664 3829 rabo
697 3787 795 3843 per
820 3786 981 3826 omne
1031 3770 1312 3838 saeculum,
1341 3769 1642 3827 conﬁtebor
1693 3768 1818 3833 tibi,
1868 3776 1925 3822 et
1974 3782 2007 3821 a
2057 3774 2109 3822 te

530 3862 663 3918 mihi
696 3876 912 3933 semper
952 3862 1149 3917 collata
1182 3861 1445 3917 beneﬁcia
1491 3860 1951 3917 commemorabo.
1999 3856 2108 3912 Do-

526 3956 701 4010 minus
729 3955 903 4026 factus
931 3963 1009 4010 est
1044 3952 1259 4025 adjutor
1284 3970 1448 4009 meus.
1491 3951 1797 4007 Notandum
1833 3965 1996 4021 porro
2025 3957 2110 4006 est

528 4046 683 4111 illud,
706 4045 883 4117 {actus
904 4053 1003 4110 est,
1032 4059 1144 4099 non
1183 4058 1398 4115 semper
1430 4050 1708 4113 acceptam
1743 4040 2106 4096 substantiam

527 4138 877 4212 signiﬁcare;
925 4138 1018 4194 sed
1055 4136 1381 4209 quandoque
1420 4136 1586 4191 etiam
1641 4133 1885 4188 habitum
1914 4146 2107 4204 quem-

528 4234 676 4288 dam.
707 4229 896 4287 Sicubi
932 4230 1099 4301 igitur
1140 4229 1194 4284 id
1229 4229 1299 4284 de
1347 4225 1629 4283 Salvatore
1669 4224 1906 4291 dicatur,
1950 4224 2102 4279 habi-

528 4331 644 4378 tum
674 4321 742 4379 ad
770 4336 885 4377 rem
915 4321 1178 4391 aliquam,
1210 4335 1318 4374 non
1355 4317 1717 4375 substantiam
1764 4315 1984 4383 factam,
2029 4315 2107 4370 si-

527 4412 766 4486 gniﬁcat.
823 4411 1139 4469 Convertisti
1199 4411 1469 4480 planctum
1526 4426 1698 4464 meum
1746 4408 1801 4462 in
1852 4410 2106 4479 gaudium

528 4506 677 4561 mihi.
707 4504 822 4560 Vox
854 4506 966 4571 illa,
999 4505 1241 4576 planctus
1277 4502 1415 4577 [sive
1458 4505 1633 4558 tunsio
1678 4500 1948 4575 pectoris],
1977 4516 2104 4557 sen-

529 4616 650 4656 sum
684 4599 953 4670 signiﬁcat
985 4618 998 4654 :
1026 4599 1172 4669 quod
1195 4599 1278 4653 vel
1301 4599 1419 4668 ipsa
1448 4611 1507 4653 re
1538 4596 1871 4657 declaratur,
1910 4608 2106 4650 manus

529 4691 730 4762 quippe
773 4697 962 4762 pectus
1007 4689 1265 4744 tundunt.
1311 4687 1414 4755 Qui
1460 4688 1624 4759 igitur
1660 4688 1715 4741 in
1762 4686 2107 4758 propriorum

531 4790 880 4855 peccatorum
911 4798 1077 4861 sensu
1108 4788 1381 4846 versatur,
1417 4794 1483 4835 ac
1516 4794 1611 4850 per
1655 4779 1965 4849 spirituales
1998 4792 2110 4831 ma-

532 4890 637 4932 nus
666 4890 791 4931 cum
837 4874 1076 4931 efﬁcacia
1123 4870 1353 4949 sensum
1386 4873 1588 4929 excitat
1626 4886 1817 4935 suum,
1851 4870 1897 4927 is
1928 4879 2107 4926 trans-

531 4968 672 5024 latus
721 4983 754 5023 a
803 4968 975 5030 luctu.
1006 4965 1288 5038 gaudium,
1344 4964 1582 5036 Spiritus
1627 4964 1802 5020 sancti
1840 4962 2103 5028 fructum,

528 5060 775 5132 accipiet.
811 5058 946 5115 Illud
986 5073 1173 5130 porro.
1211 5057 1535 5121 convcrtisti,
1566 5057 1921 5111 mutationem
1953 5055 2100 5110 illam

529 5169 593 5210 ex
623 5153 844 5224 planctu
869 5159 922 5207 et
949 5151 1096 5205 luctu
1129 5149 1186 5205 in
1228 5149 1467 5204 ltetitiam
1499 5149 1740 5204 declarat
1767 5167 1783 5217 ;
1828 5146 1962 5204 illud
2006 5148 2104 5203 de~

529 5259 700 5308 mum,
733 5260 835 5298 non
864 5258 1201 5314 compungar,
1234 5241 1286 5296 id
1314 5248 1418 5308 est,
1460 5256 1568 5296 non
1602 5241 1822 5297 mutabo
1856 5240 2107 5311 propoSi-

530 5343 668 5392 tum.
696 5334 879 5391 Gloria
921 5334 1015 5389 illa
1044 5332 1319 5389 cantatrix
1351 5333 1472 5404 ejus
1499 5332 1594 5402 qui
1636 5332 1718 5389 sic
1758 5330 1927 5388 Deum
1973 5330 2105 5387 aﬁ'a-

528 5436 641 5495 tur,
679 5435 890 5483 rectum
920 5425 1045 5481 vitae
1092 5424 1402 5481 institutum
1442 5432 1526 5479 est
1573 5429 1628 5479 et
1668 5422 1907 5494 cognitio
1943 5438 2100 5493 pura.

530 5514 753 5572 Domine
792 5515 933 5570 Deus
982 5530 1148 5581 meus,
1188 5515 1246 5569 in
1291 5523 1544 5569 aeternum
1584 5512 1872 5583 conﬁtebor
1899 5513 2010 5568 tibi.
2042 5512 2102 5568 ld

529 5616 634 5674 est,
657 5622 758 5678 pro
783 5605 1040 5662 omnibus
1068 5619 1190 5676 qua:
1209 5603 1558 5677 contigerint,
1582 5618 1691 5661 non
1720 5604 1882 5660 modo
1907 5604 2102 5676 jucun-

2201 3328 2322 3380 μου
2355 3312 2454 3365 καὶ
2484 3312 2796 3381 περιζῖῦσαι
2820 3318 3227 3387 εὐφροσύνην,
3263 3320 3363 3392 οὐχ
3392 3322 3426 3391 ἡ
3451 3321 3689 3393 τυχοῦσα
3712 3339 3796 3394 γε·

2206 3402 2430 3474 γένηται
2449 3404 2686 3476 ὠφέλεια
2702 3425 2716 3439 θ
2744 3409 3035 3465 ἀπολαϐὼν
3061 3411 3170 3484 γὰρ
3195 3412 3294 3485 τὴν
3325 3413 3596 3486 προτέραν
3623 3415 3795 3487 ἐμαν-

2205 3495 2299 3549 τοῦ
2324 3495 2501 3564 δόξαν,
2533 3496 2622 3552 διὰ
2638 3498 2846 3572 ταύτης
2874 3518 2956 3556 σοι
2980 3502 3156 3573 ψαλῶ,
3172 3505 3268 3558 καὶ
3293 3504 3447 3575 ψαλῶ
3476 3524 3557 3562 σοι
3572 3508 3633 3561 ού
3658 3508 3798 3581 μετά

2206 3603 2350 3652 τινος
2378 3587 2591 3661 φαύλης
2624 3592 3004 3666 συνειδήσεως,
3035 3594 3172 3650 ἀλλὰ
3228 3598 3369 3670 μετὰ
3413 3601 3796 3673 πεπαρρησια-

2208 3677 2414 3750 σμένης
2444 3680 2539 3733 καὶ
2570 3681 2820 3755 καθαρᾶς
2865 3683 3123 3751 διανοίας.
3154 3689 3246 3741 Διό
3271 3706 3464 3760 φησιν·
3499 3691 3689 3758 Ὅπως
3717 3690 3796 3745 ἂν

2205 3770 2419 3841 milsz
2471 3789 2571 3828 σοι
2615 3775 2654 3843 ἡ
2696 3773 2849 3840 δόξα
2896 3793 3039 3845 μου,
3083 3777 3183 3832 καὶ
3223 3781 3296 3833 οὐ
3333 3779 3421 3850 μὴ
3459 3782 3793 3852 κατιέναι-ὦ.

2206 3860 2364 3916 Οὕτω
2389 3880 2448 3918 τε
2472 3864 2767 3920 διατελὲσω
2798 3868 2880 3931 εἰς
2905 3867 3000 3922 τὸν
3033 3866 3328 3940 σύμπαντα
3361 3872 3564 3936 αἰῶνα,
3601 3870 3794 3943 ἐξομο-

2205 3950 2527 4025 λογούμενος
2558 3972 2673 4020 σοι,
2715 3954 2811 4010 καὶ
2846 3957 2946 4020 τὰς
2980 3957 3079 4022 σὰς
3116 3957 3206 4012 διὰ
3240 3960 3441 4025 παντὸς
3474 3961 3794 4032 εὐεργεσίας

2205 4045 2306 4110 τὰς
2335 4047 2415 4107 είς
2443 4044 2543 4116 ἐμὲ
2570 4045 2800 4111 διεξιών.
2835 4049 3053 4117 Κύριος
3095 4049 3349 4120 ἐγενήθη
3384 4051 3617 4120 ,ϐοηθός
3646 4071 3792 4122 μου.

2207 4137 2571 4208 Σημειωτέον,
2629 4138 2713 4191 ὅτι
2760 4137 2841 4203 τὸ,
2897 4138 3173 4209 ἐγενήθη,
3226 4141 3329 4194 οὐκ
3387 4140 3475 4195 ἀεὶ
3538 4142 3793 4197 οὐσίωσιν

2209 4226 2482 4297 σημαίνει’
2501 4226 2617 4279 ἀλλ’
2645 4225 2757 4280 ἐσθ’
2785 4228 2872 4282 ὅτε
2903 4229 2998 4282 καὶ
3023 4229 3160 4300 πρός
3185 4246 3305 4283 τινα
3336 4231 3541 4302 σχέσιν.
3570 4231 3642 4285 Et
3660 4250 3791 4286 ποτε

2205 4313 2299 4371 οὖν
2354 4318 2449 4372 καὶ
2494 4318 2588 4372 ἐπὶ
2632 4316 2726 4372 τοῦ
2767 4320 3021 4393 Σωτῆρος
3076 4321 3297 4395 τοιαύτη
3353 4323 3565 4392 γένοιτο
3614 4325 3788 4396 φωνὴ,

2210 4409 2394 4479 σχέσιν
2418 4411 2555 4483 πρός
2585 4428 2637 4464 τι
2675 4412 2770 4464 καὶ
2800 4411 2921 4484 οὐχὶ
2954 4414 3208 4468 ούσίωσιν
3243 4414 3516 4486 σημαίνει.
3553 4414 3793 4484 Ἔστρε-

2207 4505 2332 4571 gbac
2364 4500 2470 4555 τὸν
2506 4507 2765 4556 master
2797 4520 2918 4572 μου
2949 4506 3037 4571 εἰς
3078 4504 3272 4574 χαρὰν
3308 4506 3459 4576 ἔμοι.
3497 4506 3585 4574 'H,
3615 4521 3792 4564 κοπε-

2209 4595 2341 4661 τὸς,
2369 4594 2554 4666 φωνὴ,
2583 4595 2684 4667 τὴν
2718 4595 3068 4669 συναίσθησιν
3116 4598 3392 4669 σημαίνει,
3423 4600 3501 4664 ὡς
3527 4599 3624 4653 καὶ
3649 4599 3789 4672 αὐτὴ

2210 4688 2245 4756 ὴ
2281 4685 2479 4760 πρᾶξις
2507 4686 2836 4759 παρίστησι,
2863 4687 2970 4742 τῶν
3003 4689 3200 4761 χειρῶν
3232 4689 3296 4743 τὸ
3327 4689 3523 4762 στῆθος
3560 4704 3789 4745 κοπτουο

2211 4778 2340 4832 σῶν.
2418 4779 2477 4833 Ὀ
2533 4774 2626 4833 οὖν
2675 4779 2734 4832 ἐν
2785 4780 3133 4853 συναισθήσει
3185 4781 3329 4836 ἰδίων
3376 4782 3789 4855 ἁμαρτημάτων

2209 4868 2469 4938 γεγονὼς,
2512 4870 2609 4925 καὶ
2640 4871 3009 4944 ἐνεργητικῶς
3052 4871 3141 4927 διὰ
3168 4872 3368 4946 χειρῶν
3402 4875 3789 4946 πνευματικῶν

2208 4960 2306 5033 τὴν
2340 4960 2591 5033 αἴσθησιν
2639 4962 2805 5016 αὐτοῦ
2837 4962 3144 5037 διεγείρας,
3190 4964 3509 5037 μεταϐαλὼν
3550 4966 3658 5020 ἀπὸ
3692 4964 3786 5020 τού

2202 5049 2588 5122 ὀλοφύρεσθαι,
2626 5051 2799 5123 χαρὰν
2822 5052 2914 5107 τὸν
2940 5054 3151 5127 καρπὸν
3186 5055 3281 5110 τοῦ
3310 5057 3625 5128 Πνεύματος
3656 5058 3788 5112 ἀνα-

2201 5142 2449 5215 λήψεται.
2483 5141 2576 5207 Τὸ,
2612 5141 2945 5212 ἕστρεψας,
3000 5145 3152 5217 δηλοῖ
3182 5147 3282 5220 τὴν
3314 5150 3379 5202 ἐκ
3440 5147 3534 5203 τοῦ
3581 5149 3786 5203 κόπτε-

2210 5237 2334 5290 σθαι
2381 5237 2476 5291 καὶ
2522 5236 2806 5292 λυπεῖσθαι
2836 5239 2915 5302 εἰς
2970 5240 3146 5312 χαρὰν
3196 5240 3531 5314 μεταϐολήνο
3586 5243 3655 5297 τὸ
3703 5241 3785 5305 δὲ,

2205 5332 2278 5385 οὐ
2297 5330 2383 5401 μὴ
2415 5330 2759 5403 κατανυγῶ,
2794 5333 2854 5386 ού
2898 5333 2974 5406 μὴ
3030 5333 3311 5406 μεταγνῶ,
3351 5335 3504 5407 φησί.
3555 5334 3692 5401 Δόξα
3730 5334 3788 5388 δὲ

2207 5422 2485 5493 ψάλλουσα
2506 5421 2601 5476 τοῦ
2632 5422 2806 5478 ταῦτα
2832 5423 3084 5495 λέγοντος
3108 5426 3189 5498 τῷ
3213 5426 3354 5500 Θεῷ,
3369 5427 3502 5501 ὀρθὴ
3542 5426 3786 5482 πολιτεία

2208 5515 2302 5568 καὶ
2325 5513 2524 5585 γνῶσίς
2554 5516 2702 5568 ἐστιν
2733 5515 3047 5591 εἰλικρινής.
3075 5519 3254 5587 Κύριε
3298 5521 3332 5572 ό
3363 5519 3506 5585 Θεός
3525 5536 3666 5588 μου,
3696 5518 3785 5585 εἰς

2209 5606 2314 5662 τὸν
2339 5604 2522 5663 αιῶνα
2545 5607 3067 5681 ἐξομολογησομαί
3088 5625 3188 5666 σοι
3207 5628 3220 5643 ·
3251 5610 3374 5665 ἀντὶ
3392 5609 3507 5677 τοῦ,
3528 5609 3622 5665 ἐπὶ
3647 5608 3782 5667 πᾶσι

607 5784 654 5821 ⁸³
691 5783 836 5843 Psal.
869 5801 1049 5856 cxmv,
1086 5787 1176 5846 18.
1249 5788 1298 5822 ⁸ο
1335 5786 1468 5846 Luc.
1507 5803 1581 5857 νι,
1613 5787 1705 5845 ει.
1780 5788 1827 5824 ἰ
1866 5786 2058 5844 Matth.
2103 5803 2165 5855 ν,
2196 5788 2247 5844 5.
