4122 6454
307 406 417 463 9πὸ

1442 391 1944 463 COMMENTARIA
1980 390 2046 464 is
2086 401 2425 469 PSALMOS.

3449 407 3557 470 266

304 527 420 588 τοῖς
448 523 851 596 συμϐαίνουσιν,
881 524 942 580 οὐ
970 507 1265 600 προσηνέσι
1298 525 1476 596 μόνον,
1506 526 1641 581 ἀλλὰ
1665 527 1759 582 καὶ
1792 528 1884 582 ἐπὶ

1990 529 2071 584 dis
2096 531 2280 599 rebus,
2310 531 2405 587 sed
2435 531 2597 586 etiam
2627 546 2728 602 pro
2750 529 3051 599 laboribus,
3079 529 3283 604 gratias
3302 532 3402 588 tibi
3433 549 3556 605 ago,

303 617 508 680 τούνοις,
543 616 845 688 εὐχαριστῶ
875 635 973 680 σοι,
1004 617 1264 671 Δέσποτα.

303 731 416 787 ΕΙΣ
464 731 554 784 ΤΟ
603 731 825 785 ΤΕΛΟΣ
872 731 1306 855 ΨΑέἓΒΟῩΣΛΣΓΩ
1363 729 1580 800 ΔΑΥΙΔ,
1634 733 1888 789 ΕΚΣΤΑ-

373 891 514 946 οὔτε
552 895 608 946 ὲν
635 895 700 964 τῇ
741 893 1008 964 Ἐϐραίων
1041 894 1251 966 Γραφῇ,
1281 892 1404 949 οὔτε
1447 896 1597 968 παρὰ
1628 899 1740 960 τοῖς
1771 896 1884 951 λοι-

299 987 427 1049 ποζς
453 986 814 1056 ἑρμηνευταῖς
841 987 873 1056 ἡ
906 985 1199 1058 προγραφὴ
1233 985 1494 1057 περιέχει,
1518 985 1880 1055 ἐκστάσεως.

300 1074 529 1146 Μήποτε
565 1075 621 1146 δὲ
661 1076 748 1129 διὰ.
781 1076 840 1129 τὸ
879 1076 1202 1148 ἐκφέρεσθαι
1253 1075 1331 1147 τῷ
1377 1075 1604 1148 ψαλμῷ·
1651 1080 1792 1147 Ἐγὼ
1815 1077 1884 1132 δὲ

299 1164 442 1224 εἶπα
466 1169 536 1223 ἐν
561 1167 637 1238 τῇ
667 1169 952 1224 ἐκστάσει
968 1188 1087 1240 μου
1104 1187 1116 1199 ·
1155 1171 1522 1241 Ἆπέρῤιμμαι
1551 1171 1668 1226 ἀπὸ
1696 1187 1882 1240 προσ-

298 1260 466 1316 ώπου
487 1259 605 1316 τῶν
629 1262 952 1334 ὀφθαλμῶν
969 1280 1106 1328 σου,
1128 1263 1224 1336 τὴν
1249 1264 1565 1337 προσθήκην
1593 1284 1678 1332 τις
1697 1267 1884 1339 ὲποιή-

303 1371 437 1408 σατο
482 1357 540 1410 ὲν
585 1360 652 1428 τῇ
697 1353 988 1429 προγραφῇ
1029 1358 1107 1421 είς
1139 1355 1232 1440 τὸν
1256 1341 1442 1430 καιρὸν
1473 1359 1596 1414 καθ’
1619 1360 1677 1414 ὃν
1711 1362 1768 1414 ὲν
1792 1362 1883 1414 ὲκ-

303 1446 491 1500 στάσει
521 1446 807 1514 γενόμενος
821 1443 971 1501 εἷπεν
986 1465 999 1478 °
1031 1447 1399 1518 Ὰπέρῤιμμαι
1423 1449 1538 1504 ἀπὸ
1557 1451 1882 1520 προσώπου

302 1555 423 1590 των
463 1538 786 1609 ὀφθαλμῶν
817 1554 954 1602 σου,
982 1540 1312 1618 ἀναπέμψας
1337 1541 1406 1596 τά
1429 1529 1775 1616 ὲμφερόμενα
1802 1545 1881 1618 τῷ

303 1629 478 1699 λόγως
515 1632 660 1704 Πλὴν
686 1631 800 1686 ἀλλ’
824 1633 902 1696 εἰς
925 1620 1158 1698 τὸτέλος
1185 1635 1312 1698 τοὺς
1341 1636 1764 1706 ἐντυγχάνοντας
1784 1656 1884 1692 πα-

305 1722 587 1794 ραπέμπει
611 1724 705 1777 καὶ
736 1725 770 1796 ἡ
795 1723 1044 1796 παροῦσα
1088 1725 1400 1798 προγραφὴ,
1429 1728 1546 1798 ήτοι
1577 1727 1667 1782 διὰ
1692 1728 1762 1782 τὰ
1789 1747 1882 1784 τε-

303 1812 545 1876 λευταῖα,
580 1813 638 1868 έν
664 1808 746 1878 οἷς
772 1815 1091 1886 παραίνεσιν
1124 1817 1558 1890 ἀναγκαιοτάτην
1584 1806 1878 1895 περιέχειή

1915 641 1918 644 ’
1993 621 2238 679 Domine.

1994 731 2047 792 1.
2104 735 2168 789 ΙΝ
2229 733 2440 792 FINEM
2459 734 3048 862 ΡδΑιΜὲΙξῖῡΑνιι),
3086 735 3226 793 PRO
3261 735 3557 792 EXSTASI

2059 900 2244 972 Neque
2291 902 2344 956 in
2377 900 2643 956 ilehraica
2681 899 2987 970 Scriptura,
3018 915 3197 970 neque
3233 900 3289 953 in
3331 897 3560 967 reliquis

1989 990 2402 1062 interpretibus,
2449 989 2734 1059 inscriptio
2764 989 2892 1043 illud
2926 987 3164 1059 praefert,
3201 1001 3296 1053 pro
3333 985 3557 1040 exstasi.

1988 1083 2129 1139 Num
2177 1084 2314 1140 forte
2354 1085 2481 1156 quia
2535 1084 2668 1138 illud
2717 1083 2771 1136 in
2813 1082 3020 1152 psalmo
3057 1083 3103 1114 ⁹²
3139 1081 3400 1136 eil'ertur:
3447 1077 3559 1149 Ego

1989 1188 2162 1234 autem
2193 1179 2307 1232 dixi
2349 1180 2404 1233 in
2445 1177 2644 1233 exstasi
2679 1178 2867 1230 mentis
2911 1192 3038 1230 mea:
3067 1193 3086 1230 :
3127 1165 3403 1244 Projectus
3439 1189 3552 1228 sum

1990 1288 2023 1324 a
2048 1258 2182 1341 [ἄεξε
2212 1262 2482 1324 oculorum
2514 1277 2749 1332 tuorum,
2783 1269 3015 1336 idipsum
3043 1268 3313 1338 quispiam
3361 1267 3552 1322 inscri-

1988 1363 2157 1436 ptioni
2181 1362 2470 1424 addiderit,
2505 1362 2571 1416 ad
2603 1373 2817 1430 tempus
2839 1360 2971 1415 illud
3006 1361 3056 1414 id
3081 1359 3343 1421 referens,
3366 1373 3475 1428 quo
3502 1357 3554 1412 in

1989 1453 2195 1508 exstasi
2227 1452 2438 1523 positus
2464 1452 2603 1506 dixit
2634 1470 2646 1504 :
2677 1450 2950 1520 Projectus
2981 1463 3099 1504 sum
3141 1467 3173 1502 a
3203 1449 3338 1510 [acie
3368 1447 3548 1503 oculo-

1989 1563 2107 1600 rum
2137 1555 2344 1600 tuorum
2365 1548 2389 1601 ?
2409 1543 2675 1600 Caeterum
2706 1559 2947 1614 praesens
2983 1543 3266 1612 inscriptio
3298 1543 3555 1598 lectorem

1990 1636 2057 1690 ad
2091 1635 2249 1691 tinem
2282 1637 2530 1699 remittit,
2562 1636 2675 1692 sive
2705 1643 2925 1707 propter
2953 1651 3016 1691 ea
3043 1650 3163 1705 qua:
3185 1649 3375 1690 versus
3397 1634 3555 1688 tinem

1989 1729 2269 1790 dicuntur,
2299 1726 2390 1782 ubi
2423 1744 2517 1797 per
2551 1728 2917 1783 necessariam
2948 1727 3373 1781 admonitionem
3403 1724 3557 1780 aﬂerl

1989 1820 2076 1875 bis
2107 1819 2306 1875 verbis:
2324 1819 2538 1890 Diligite
2555 1819 2861 1883 Dominum,
2880 1836 3057 1874 omnes
3083 1819 3255 1873 sancti
3272 1817 3407 1886 ejus,
3425 1833 3556 1886 quo-

302 1909 566 1979 λέγουσαο
608 1908 972 1980 Ἀγαπήσατε
1001 1909 1109 1964 τὸν
1140 1912 1360 1980 Κύριον
1384 1911 1606 1980 πάντες
1633 1917 1688 1968 oi
1729 1915 1886 1971 ὅσιοι

1990 1913 2130 1966 niam
2151 1913 2393 1967 veritates
2424 1913 2638 1982 requirit
2666 1911 2941 1974 Dominus,
2967 1921 3021 1966 et
3041 1917 3235 1965 caetera
3257 1927 3272 1976 ξ
3297 1910 3411 1965 sive
3432 1907 3557 1978 quia

302 2004 491 2060 αὑτοῦ
517 2045 532 2068 ,
589 2003 678 2058 ὅτι
726 2004 1010 2072 ἀληθείας
1053 2003 1371 2082 ἐκζητεῒται
1410 2007 1642 2076 Κύριος,
1685 2007 1780 2063 καὶ
1822 2011 1893 2066 τά

305 2096 465 2168 ἑξῆς·
497 2095 531 2168 ἢ
571 2095 658 2150 διὰ
703 2094 766 2149 τὸ
797 2094 1160 2168 προφητεύειν
1188 2095 1310 2151 τινὰ
1338 2099 1464 2169 περὶ
1496 2098 1606 2153 τῶν
1652 2099 1796 2155 κατὰ
1831 2089 1892 2157 τδ

304 2185 479 2250 πάθος
519 2185 614 2239 τοῦ
661 2186 912 2258 Σωτῆρος
956 2185 1357 2258 πεπραγμένων
1377 2205 1390 2220 ο
1435 2189 1472 2244 ἃ
1517 2187 1580 2261 δὴ
1608 2189 1890 2260 γίγνεσθαι

303 2278 538 2350 ῆμελλεν
561 2278 655 2331 ἐπὶ
686 2277 966 2351 συντελείᾳ
991 2277 1086 2332 τοῦ
1122 2279 1333 2344 αἰῶνος,
1351 2280 1488 2335 Ἀλλ’
1520 2282 1642 2336 ἐπεὶ
1675 2284 1890 2340 καὶτοῦ

300 2369 465 2424 Δαυῒδ
507 2365 726 2432 ἐλπίδας
770 2368 1073 2440 ὑπογράφει
1127 2367 1338 2438 ἀγαθὰς
1376 2371 1406 2424 δ
1448 2368 1625 2439 λόγος,
1687 2371 1887 2438 αἵτινες

301 2461 538 2534 ἡμελλον
563 2459 711 2531 αὐτῷ
752 2460 832 2523 είς
877 2457 967 2513 τὸν
1020 2457 1279 2531 μέλλοντα
1308 2459 1498 2532 χρόνον
1521 2445 1883 2527 ἀποδίδοσθαι,

300 2553 529 2616 εἰκότως
559 2553 640 2617 είς
669 2550 728 2605 τὸ
756 2549 908 2615 τέλος
938 2549 1252 2622 ἀναπέμπει
1278 2550 1376 2622 τὴν
1409 2554 1749 2625 προγραφὴν.
1782 2554 1887 2608 Πε-

304 2642 474 2714 ριέχει
521 2642 578 2697 δὲ
629 2645 658 2698 ό
706 2644 815 2706 πᾶς
857 2642 1137 2714 ἱκετηρίαν
1180 2640 1273 2695 τοῦ
1315 2642 1495 2706 Δαυῒδ,
1530 2643 1648 2697 ὅλον
1696 2629 1886 2699 ἑαυτὸν

1987 2005 2249 2059 nonnulla
2278 2004 2608 2059 vaticinatur
2631 2020 2752 2075 qua:
2787 2011 3029 2073 tempore
3059 2002 3333 2072 passionis
3369 1999 3558 2056 Salva-

1989 2094 2124 2151 toris
2149 2093 2324 2149 nostri
2353 2102 2504 2165 gesta
2542 2100 2691 2155 sunt,
2719 2107 2949 2163 qumque
2995 2093 3051 2146 in
3087 2091 3558 2146 consummatione

1987 2187 2173 2243 saeculi
2204 2193 2432 2241 ventura
2454 2195 2630 2242 erant.
2660 2184 2764 2241 Sed
2795 2185 3054 2256 quoniam
3085 2183 3228 2238 bona
3255 2183 3345 2238 hic
3369 2180 3557 2237 Davidi

1987 2290 2114 2350 spes
2145 2278 2547 2342 subindicatur,
2579 2292 2700 2348 quae
2726 2278 2833 2348 ipsi
2865 2277 2923 2331 in
2952 2275 3138 2331 futuro
3167 2279 3413 2346 tempore
3451 2274 3557 2328 im-

1989 2372 2185 2444 plenda
2217 2379 2374 2438 erat,
2410 2371 2535 2442 jure
2575 2370 2984 2440 inscriptionem
3019 2369 3076 2424 in
3115 2366 3273 2423 linem
3309 2367 3558 2424 remittit.

1992 2462 2161 2520 Totus
2186 2473 2319 2521 Vero
2361 2463 2606 2534 psalmus
2639 2461 2862 2516 Davidis
2902 2459 3358 2531 supplicationem
3403 2470 3560 2512 com-

1993 2556 2251 2626 plectitur
2273 2555 2368 2628 qui
2401 2570 2523 2611 sese
2549 2562 2720 2610 totum
2751 2552 2864 2609 Deo
2898 2549 3262 2616 concredidit,
3296 2558 3561 2621 rogatque

1994 2655 2054 2702 ut
2084 2665 2154 2704 ne
2185 2650 2282 2720 spe
2307 2649 2540 2704 labatur.

301 2736 705 2808 ἀναρτήσαντος
728 2733 821 2788 τοῦ
849 2733 1007 2795 Θεοῦ,
1039 2732 1134 2786 καὶ
1169 2734 1478 2806 παρακαλεῖ
1517 2735 1591 2808 μὴ
1624 2736 1877 2790 ἐκπεσεῖν
1903 2737 2004 2809 τῆς
2029 2739 2261 2806 ὲλπίδοςι

388 2828 514 2884 Ἐπί
561 2827 682 2892 σοὶ,
723 2827 920 2896 Κύριε,
952 2823 1210 2894 ἤλπισα,
1252 2825 1338 2896 μὴ
1382 2829 1887 2896 καταισχυνθείην

302 2923 392 2989 εις
422 2921 530 2976 τὸν
565 2919 781 2975 αἰῶνα·
827 2921 897 2974 ἐν
925 2919 1001 2990 τῇ
1039 2921 1395 2988 δικαιοσύνῃ
1428 2933 1545 2976 σου
1579 2919 1770 2988 ῥῦσαί
1807 2936 1887 2991 με

303 3011 404 3068 καί
429 3011 645 3077 ἐξελοῦ
668 3027 764 3080 με.
804 3009 1029 3066 κλῖνον
1058 3009 1212 3080 πρὸς
1238 3008 1318 3079 μὲ
1345 3008 1412 3063 τὸ
1451 3004 1562 3076 οὖς
1604 3024 1744 3073 σου,
1783 3007 1886 3063 τά·

305 3119 500 3175 κυνον
528 3103 636 3158 τοῦ
663 3102 978 3168 ἐξελέσθαι
1006 3119 1103 3173 με.
1134 3101 1322 3174 Πολλῷ
1352 3119 1413 3155 τε
1457 3101 1670 3173 πλούτῳ
1698 3102 1890 3175 περιρ-

310 3199 584 3273 ρεόμενος,
620 3199 670 3250 εί
698 3197 790 3252 καὶ
820 3195 995 3260 νίκαις
1019 3197 1138 3260 ταῖς
1164 3197 1284 3249 κατ’
1308 3195 1517 3268 ἐχθρῶν
1545 3195 1738 3266 ἐκόμα,
1755 3195 1890 3250 ἀλλά
1915 3233 1958 3292 C

305 3290 512 3346 τούτων
533 3289 686 3344 οὐδὲν
711 3289 846 3362 πρὸς
872 3287 1169 3358 ἀσφάλειαν
1189 3286 1582 3360 συμϐαλεῖσθαι
1601 3285 1748 3358 αὐτῷ
1770 3286 1891 3340 ἐπέ·

308 3399 521 3448 πειστο,
549 3382 717 3455 μόνην
740 3382 797 3435 δὲ
827 3380 927 3453 τὴν
956 3381 1049 3434 ἐπὶ
1075 3380 1280 3453 Κύριον
1306 3377 1496 3435 ἐλπίδα
1516 3396 1530 3410 ο
1564 3379 1662 3433 διδ.
1680 3361 1889 3434 ἱκέτευε

306 3475 513 3546 ταύτης
539 3476 750 3547 μήποτε
780 3477 1034 3529 ἐκπεσεῖν
1053 3490 1066 3505 ο
1099 3472 1235 3529 ἀλλά
1259 3473 1355 3529 καὶ
1380 3460 1529 3546 μᾶς
1558 3472 1802 3527 ἐδίδασκε
1820 3472 1891 3528 τὰ

309 3569 472 3640 ὃμοια
505 3567 654 3638 αὐτῷ
687 3565 981 3639 ζηλοῦντας
1028 3564 1124 3620 καὶ
1158 3568 1372 3638 φρονεῖν
1405 3565 1498 3619 καὶ
1529 3551 1726 3634 λέγειν.
1745 3565 1892 3620 Ἀντὶ

306 3660 386 3725 δὲ,
415 3659 487 3714 ὲν
507 3658 582 3728 τῇ
610 3650 962 3728 δικαιοσύνῃ
991 3662 1129 3714 σου⁶
1157 3659 1227 3713 ἐν
1248 3657 1323 3728 τῇ
1351 3659 1732 3729 ἐλεημοσύνη
1749 3668 1890 3724 σου,

305 3754 337 3806 δ
363 3751 658 3824 Σύμμαχος
701 3751 952 3818 ἐξέδωκε.
982 3749 1176 3805 Γενοῦ
1203 3768 1304 3820 μοι
1349 3753 1436 3818 εὶς
1481 3751 1630 3806 Θεὸν
1669 3755 1890 3821 ὑπερα-

307 3844 602 3914 σπωτὴν,
632 3846 730 3900 καὶ
759 3848 847 3913 εις
877 3836 1046 3900 οἷκον
1077 3845 1430 3916 καταφυγῆς
1449 3847 1555 3901 τοῦ
1573 3845 1772 3902 σῶσαι
1789 3864 1887 3918 με.

310 3940 430 3992 ὀτι
456 3935 795 4008 κραταίωμά
822 3955 942 4008 μου
969 3937 1068 3992 καί
1093 3936 1404 4008 καταφυγή
1432 3945 1553 4007 μου
1580 3934 1640 3992 εἷ
1659 3938 1762 4003 σὺ,
1791 3938 1893 3994 καὶ

305 4027 518 4082 ἕνεκεν
543 4027 651 4082 τοῦ
685 4028 977 4098 ὀνόματός
1008 4042 1126 4082 σου
1156 4025 1480 4097 όδηγήσεις
1518 4045 1595 4098 με
1637 4028 1736 4083 καὶ
1764 4028 1892 4083 δια-

307 4119 552 4190 θρέψεις
587 4135 685 4190 με.
716 4119 902 4174 Ταῦτα
942 4119 1038 4174 καὶ
1086 4120 1146 4174 ὲν
1190 4117 1270 4190 τῷ
1295 4111 1743 4192 ἑπτακαιδεκάτῳ
1770 4115 1893 4176 εἷπε

307 4212 528 4287 Wet?»

395 4305 660 4374 Ἕξάξεις
697 4323 774 4376 με
815 4301 884 4360 ἐκ
929 4305 1183 4376 παγίδος
1222 4307 1464 4374 ταύτης,
1507 4300 1584 4377 ἧς
1615 4299 1894 4376 ἔκρυψαν

305 4414 428 4467 μοι,
468 4396 559 4450 ὅτι
600 4396 684 4451 σὺ
722 4396 778 4450 εί
815 4395 848 4449 ό
880 4394 1337 4464 ὑπερασπιστὴς
1372 4412 1512 4464 μου,
1554 4395 1749 4462 Κύριε.
1788 4398 1893 4462 Είς

309 4489 513 4562 χεῖράς
558 4505 676 4544 σου
715 4488 1137 4558 παραθήσομαι
1185 4489 1248 4542 τὸ
1288 4483 1524 4555 πνεῦμά
1562 4505 1682 4557 μου
1702 4497 1714 4510 ·
1749 4488 1892 4542 ἐλυ-

2059 2830 2226 2891 Vcas.
2254 2834 2378 2889 2-4.
2433 2819 2502 2889 In
2533 2843 2601 2895 te.
2637 2832 2878 2896 Domine,
2906 2827 3134 2900 sperati,
3187 2829 3312 2884 non‘
3338 2826 3562 2894 conma-

1986 2925 2088 2982 dar
2119 2927 2175 2982 in
2205 2936 2460 2983 (sternunt
2496 2941 2516 2980 :
2553 2926 2607 2980 in
2631 2924 2850 2995 justitia
2894 2932 2985 2976 tua
3025 2919 3191 2976 libera
3219 2935 3320 2974 me.
3351 2917 3562 2974 Inclina

1989 3019 2059 3075 ad
2087 3035 2168 3074 me
2199 3031 2380 3074 aurem
2413 3026 2561 3072 tuam
2583 3055 2600 3081 ,
2645 3013 2884 3069 accelera
2912 3020 2969 3065 ut
3002 3023 3159 3066 eruas
3192 3025 3293 3065 me.
3328 3007 3562 3064 Etiamsi

1991 3112 2177 3168 multis
2204 3111 2408 3168 divitiis
2438 3109 2703 3173 aﬂluerct,
2728 3114 2785 3163 et
2812 3103 3056 3159 victoriis
3072 3117 3210 3174 quas
3226 3103 3296 3158 de
3321 3099 3564 3157 inimicis

1991 3206 2386 3273 reportaverat,
2429 3209 2756 3263 ornaretur,
2805 3197 2941 3253 nibil
2967 3208 3156 3254 eorum
3184 3193 3252 3249 ad
3294 3193 3563 3250 securita-

1991 3304 2099 3352 tem
2130 3296 2236 3352 sibi
2274 3295 2548 3360 conferre,
2584 3305 2858 3364 unamque
2893 3290 2953 3346 in
3004 3288 3297 3344 Dominum
3327 3300 3478 3358 spem
3508 3285 3564 3342 id

1989 3393 2253 3460 praestare
2301 3399 2507 3458 posse,
2557 3383 2954 3440 arbitrabatur.
3001 3380 3182 3446 Quare
3214 3377 3564 3448 supplicabat

1991 3488 2052 3534 ut
2077 3493 2360 3550 nunquam
2389 3477 2459 3534 ab
2498 3491 2563 3533 ea
2595 3473 2872 3531 decideret
2914 3487 2930 3525 :
2972 3471 3067 3528 sed
3094 3485 3196 3526 nos
3225 3481 3444 3541 quoque
3476 3469 3564 3523 in‘

1991 3571 2254 3628 stituebat
2283 3577 2342 3626 ut
2366 3569 2518 3641 paria
2549 3573 2881 3640 quaerentes,
2911 3565 3103 3620 cadent
3137 3578 3260 3635 quae
3292 3563 3409 3635 ipse
3437 3577 3564 3618 senu-

1989 3664 2222 3720 tiremus
2259 3677 2324 3718 ac
2353 3663 2722 3732 loqueremur.
2768 3655 2914 3714 Loco
2954 3664 3136 3712 autem
3182 3655 3350 3717 illius.
3393 3655 3448 3710 in
3468 3652 3566 3723 ju-

1990 3743 2140 3812 stitia
2192 3764 2320 3818 tua,
2391 3752 2777 3826 Symmachus,
2805 3752 2862 3805 in
2903 3746 3268 3804 misericordia
3306 3756 3420 3811 tua,
3447 3746 3567 3803 edi.

1990 3848 2090 3903 dit.
2124 3843 2256 3902 Esto
2303 3847 2432 3901 mihi
2487 3847 2540 3900 in
2576 3844 2746 3900 Deum
2789 3853 3135 3914 pratectorem
3177 3849 3228 3896 et
3267 3839 3324 3894 in
3350 3838 3568 3893 domum

1991 3939 2200 4010 refugii,
2229 3947 2288 3992 ut
2309 3936 2514 3992 saluum
2538 3953 2619 3990 me
2645 3935 2836 4006 facias.
2869 3933 3136 4002 Quoniam
3163 3929 3422 4000 fortitudo
3451 3943 3569 3983 mea

1990 4042 2038 4086 et
2069 4032 2328 4102 refugium
2372 4045 2544 4084 meum
2585 4044 2640 4082 es
2683 4035 2774 4094 tu,
2824 4035 2874 4082 et
2921 4035 3130 4097 propter
3179 4039 3365 4078 nomen
3418 4032 3570 4074 tuum

1990 4124 2211 4178 deducas
2241 4139 2322 4177 me
2348 4131 2398 4177 et
2428 4121 2657 4177 enutries
2690 4137 2791 4176 me.
2825 4117 2952 4176 Haec
2994 4119 3052 4174 in
3088 4116 3322 4188 septimo
3353 4110 3568 4170 decimo

1990 4230 2210 4288 quoque
2241 4214 2454 4285 psalmo
2482 4213 2714 4267 dixerat.

2063 4306 2230 4362 Vsus.
2261 4308 2316 4367 5.
2343 4307 2396 4363 6.
2430 4305 2633 4360 Educes
2658 4321 2740 4358 me
2762 4301 2826 4357 de
2851 4303 3033 4375 laqueo
3057 4301 3152 4354 hoc
3171 4313 3322 4371 quem
3345 4297 3568 4354 abscon-

1991 4401 2182 4456 derunt
2215 4400 2364 4464 mihi,
2395 4400 2643 4471 quoniam
2685 4406 2739 4451 tu
2771 4413 2824 4451 es
2850 4397 3114 4464 protector
3140 4403 3307 4447 meus.
3341 4389 3407 4445 In
3453 4405 3571 4443 ma-

1994 4510 2091 4548 nus
2119 4502 2237 4546 tuas
2263 4490 2638 4546 commendabo
2662 4489 2911 4559 spiritum
2933 4499 3102 4541 meum
3129 4499 3147 4537 :
3172 4480 3440 4539 redemisti
3464 4496 3567 4545 me,

307 4582 516 4653 τρώσω
558 4598 656 4652 με,
688 4581 865 4648 Κύριε
914 4583 948 4634 ό
1001 4579 1146 4646 Θεὸς
1199 4577 1310 4646 τῆς
1355 4579 1660 4648 ἀληθείας.
1681 4577 1770 4644 Ἐξ
1816 4571 1890 4633 ὧν

1996 4585 2220 4639 Domine
2243 4583 2384 4639 Deus
2412 4583 2668 4638 ueritatis.
2703 4580 2781 4635 Ex
2813 4580 2880 4635 iis
2909 4594 3034 4650 qua
3065 4578 3179 4648 jam
3209 4576 3341 4632 olim
3371 4589 3570 4645 exper-

310 4674 610 4748 ὲπειράθην
654 4674 822 4728 πάλαι
865 4671 1148 4746 πρότερον,
1185 4663 1508 4743 πέπεισμαι,
1539 4672 1620 4725 ὅτι
1663 4673 1760 4725 καὶ
1796 4669 1892 4725 νῦν

308 4769 521 4836 δξάξεις
546 4785 614 4840 με
644 4770 706 4822 ὲκ
737 4764 918 4838 πάσης
940 4765 1164 4835 παγίδος
1185 4766 1282 4838 τῆς
1309 4762 1414 4820 ὑπὸ
1437 4764 1545 4818 τῶν
1567 4762 1775 4835 ἐχθρῶν
1803 4781 1892 4836 μοι

309 4857 1034 4930 κατασκευαζομένης.”Εως
1075 4858 1184 4931 γὰρ
1227 4859 1285 4911 ὲν
1327 4855 1404 4928 τῷ
1445 4855 1546 4926 βίῳ
1587 4855 1666 4926 τῷ
1713 4855 1892 4928 θνητῷ

308 4956 582 5028 τυγχάνω,
610 4950 728 5010 οἴδα
777 4953 1208 5026 πολεμούμενος·
1261 4953 1356 5007 καὶ
1415 4951 1607 5024 μέχρις
1657 4951 1893 5021 ἐσχάτης

310 5047 587 5118 ἀναπνοῆς
609 5047 665 5100 ὲν
688 5044 895 5116 ἀγωνίᾳ
919 5043 1187 5116 κατέστην
1207 5041 1301 5098 καὶ
1327 5042 1415 5097 διὰ
1432 5041 1530 5106 τὰς
1553 5040 1661 5095 τῶν
1684 5038 1892 5111 ἐχθρῶν

313 5135 804 5203 ὲπιὸουλάς.⁶Αλλά
825 5131 1149 5208 πέπεισμαι,
1177 5138 1258 5191 ὅτι
1307 5136 1401 5190 ἐπὶ
1449 5135 1532 5189 σοι
1580 5135 1892 5206 ἀναρτήσας

310 5229 409 5298 τὴν
459 5228 697 5301 ἐμαυτοῦ
745 5227 956 5291 ἐλπίδα,
1004 5227 1067 5280 ού
1120 5225 1662 5298 καταισχυνθήσομαι
1695 5226 1774 5288 είς
1802 5221 1893 5276 τὸν

311 5319 502 5373 αἰῶνα.
539 5319 670 5372 Θεὸν
702 5317 759 5371 δὲ
801 5315 1058 5387 ἀληθείας
1103 5316 1375 5386 εὐκαίρως
1419 5313 1514 5367 καὶ
1549 5310 1894 5380 καταλλήλως

311 5412 425 5472 τοῖς
454 5406 769 5479 λεγομένοις
797 5407 1078 5480 ὠνόμασεν
1097 5421 1110 5436 δ
1136 5407 1198 5460 οὐ
1225 5405 1331 5476 γὰρ
1362 5404 1476 5458 ἔστι
1508 5401 1892 5472 διαψευσθῆναι

312 5504 404 5558 τὸν
431 5503 526 5556 ἐπὶ
558 5501 618 5556 σὲ
648 5501 917 5573 ἠλπικότα
942 5537 956 5564 ,
984 5498 1106 5554 οὐδὲ
1125 5497 1218 5551 τὸν
1242 5495 1337 5554 ἐπὶ
1363 5497 1484 5561 ταῖς
1516 5496 1634 5558 σαῖς
1655 5495 1889 5561 ἐπαγγεο

313 5593 456 5659 λίαις
489 5595 916 5650 πεπιστευκότα.

399 5687 722 5756 Ἐμίσησας
755 5687 898 5754 τοὺς
931 5679 1466 5756 διαφυλάσσοι-τας
1499 5680 1892 5752 ματαιότητας

318 5775 618 5846 διακενῆς.
637 5779 786 5848 Ἐγὼ
823 5779 892 5834 δὲ
935 5779 1032 5833 ἐπὶ
1072 5775 1152 5842 τῷ
1186 5776 1379 5844 Κυρίῳ
1401 5773 1667 5840 ἤλπισα⁴
1705 5772 1889 5840 ἀγαλ-

392 5868 438 5901 ⁹¹
474 5867 615 5928 Psal.
649 5887 781 5929 xxx.
812 5870 904 5925 2'5.

638 5965 910 6025 ι’Δτιιοι..
959 5961 1077 6022 Ga.
1127 5957 1364 6021 XXIII.

1991 4686 2080 4733 tus
2109 4689 2266 4740 sum,
2309 4675 2528 4730 conﬁdo
2571 4679 2625 4730 te
2660 4689 2726 4730 es
2765 4671 2960 4743 quovis
3008 4671 3205 4742 laqueo
3241 4666 3570 4724 educturum

1992 4786 2103 4835 me,
2135 4770 2204 4825 ab
2234 4769 2474 4824 inimicis
2501 4767 2635 4823 milii
2667 4773 2880 4838 parato.
2909 4763 3161 4832 Quandiu
3189 4762 3337 4819 enim
3375 4760 3430 4815 in
3458 4759 3570 4814 vita

1991 4862 2210 4916 mortali
2259 4875 2472 4926 versor,
2520 4875 2609 4915 me
2653 4858 3029 4929 impugnatum
3080 4855 3149 4910 iri
3203 4853 3356 4918 scio;
3400 4858 3456 4908 et
3501 4849 3571 4905 ad

1993 4960 2297 5010 extremum
2328 4967 2504 5022 usque
2533 4951 2787 5016 halitum,
2824 4950 3172 5006 inimicorum
3217 4944 3436 5002 insidiis
3475 4959 3570 5014 ap-

1992 5049 2216 5120 petitus,
2263 5047 2321 5102 in
2370 5044 2672 5103 certamine
2711 5043 3044 5099 constitutus
3079 5053 3197 5096 ero.
3245 5037 3316 5093 At
3353 5037 3570 5094 conﬁdo

1992 5139 2110 5196 fore
2142 5148 2224 5203 ut,
2256 5151 2352 5210 spe
2381 5153 2500 5194 mea
2541 5138 2598 5192 in
2639 5144 2691 5192 te
2724 5136 2985 5207 reposita,
3015 5148 3125 5188 non
3161 5129 3469 5186 confundar
3512 5129 3570 5184 in

1991 5242 2279 5288 aeternum.
2320 5231 2489 5286 Deum
2524 5238 2703 5284 autem
2734 5227 2978 5284 veritatis
3013 5232 3318 5296 opportune
3347 5228 3402 5278 et
3436 5235 3572 5276 con-

1991 5332 2252 5395 gruenter
2285 5323 2351 5377 ad
2382 5337 2496 5377 rem
2527 5336 2648 5392 quae
2680 5321 2860 5392 agitur
2892 5319 3109 5374 vocavit
3145 5335 3158 5372 :
3202 5331 3380 5386 neque
3420 5314 3569 5369 enim

1994 5417 2312 5487 contingere
2345 5419 2540 5486 potest,
2574 5423 2633 5468 ut
2664 5414 2712 5468 is
2744 5413 2838 5483 qui
2886 5413 2941 5467 in
2985 5421 3038 5468 te
3085 5411 3355 5481 speravit,
3398 5405 3481 5461 vel
3516 5404 3566 5459 is

1993 5505 2085 5576 qui
2113 5505 2401 5576 promissis
2437 5505 2548 5562 tuis
2577 5504 2736 5562 (idem
2769 5503 2980 5568 habuit,
3017 5517 3112 5572 spe
3155 5500 3386 5555 labatur.

2064 5683 2228 5742 Vens.
2263 5685 2316 5750 7,
2347 5684 2402 5740 8.
2441 5683 2616 5741 Odisti
2645 5682 2974 5736 observantes
3006 5678 3286 5738 vanitates,
3317 5686 3566 5743 superum

1994 5793 2108 5831 csse.
2157 5777 2267 5848 Ego
2312 5786 2485 5830 autem
2536 5777 2590 5829 in
2627 5774 2848 5828 Domino
2897 5771 3100 5840 speravi
3134 5786 3152 5823 :
3195 5762 3470 5821 exsultatio
3515 5767 3567 5816 ct

3202 5947 3237 6002 0
