  <div class='ocr_page' id='page_1' title='image "/cluster/home/n/w/nwhite01/storage/ocr_20150623/23/hvd.32044073501124/141.png"; bbox 0 0 4122 6454; ppageno 0'>
   <div class='ocr_carea' id='block_1_1' title="bbox 1246 396 2100 461">
    <p class='ocr_par' dir='ltr' id='par_1_1' title="bbox 1246 396 2100 458">
     <span class='ocr_line' id='line_1_1' title="bbox 1246 396 2100 458; baseline -0.001 -2"><span class='ocrx_word' id='word_1_1' title='bbox 1246 400 1522 457; x_wconf 70' lang='grc' dir='ltr'><strong>ΕΙῘΒΕΒΙΙ</strong></span> <span class='ocrx_word' id='word_1_2' title='bbox 1564 396 2041 458; x_wconf 62' lang='lat' dir='ltr'><strong>CESARIENSIS</strong></span> <span class='ocrx_word' id='word_1_3' title='bbox 2079 399 2100 455; x_wconf 83' lang='lat'><strong>(</strong></span> 
     </span>
    </p>
   </div>
   <div class='ocr_carea' id='block_1_2' title="bbox 2207 396 3824 461">
    <p class='ocr_par' dir='ltr' id='par_1_2' title="bbox 2207 398 3824 461">
     <span class='ocr_line' id='line_1_2' title="bbox 2207 398 3824 461; baseline 0.002 -6"><span class='ocrx_word' id='word_1_4' title='bbox 2207 411 2230 455; x_wconf 86' lang='lat'><strong>‘.</strong></span> <span class='ocrx_word' id='word_1_5' title='bbox 2261 398 2442 456; x_wconf 82' lang='lat' dir='ltr'><strong>PARS</strong></span> <span class='ocrx_word' id='word_1_6' title='bbox 2498 400 2675 457; x_wconf 89' lang='lat' dir='ltr'><strong>lll.—</strong></span> <span class='ocrx_word' id='word_1_7' title='bbox 2713 401 3122 461; x_wconf 77' lang='lat' dir='ltr'><strong>EXEGETICA.</strong></span> <span class='ocrx_word' id='word_1_8' title='bbox 3233 433 3246 444; x_wconf 72' lang='grc' dir='ltr'><strong>ι</strong></span> <span class='ocrx_word' id='word_1_9' title='bbox 3713 408 3824 459; x_wconf 73' lang='lat'><strong>268</strong></span> 
     </span>
    </p>
   </div>
   <div class='ocr_carea' id='block_1_3' title="bbox 556 513 2100 590">
    <p class='ocr_par' dir='ltr' id='par_1_3' title="bbox 556 513 2100 576">
     <span class='ocr_line' id='line_1_3' title="bbox 556 513 2100 576; baseline -0.005 0"><span class='ocrx_word' id='word_1_10' title='bbox 556 519 777 576; x_wconf 65' lang='lat' dir='ltr'><strong>letabor</strong></span> <span class='ocrx_word' id='word_1_11' title='bbox 815 519 872 571; x_wconf 84' lang='lat' dir='ltr'><strong>in</strong></span> <span class='ocrx_word' id='word_1_12' title='bbox 907 513 1275 572; x_wconf 83' lang='lat' dir='ltr'><strong>misericordia</strong></span> <span class='ocrx_word' id='word_1_13' title='bbox 1321 525 1432 570; x_wconf 90' lang='lat' dir='ltr'><strong>tua.</strong></span> <span class='ocrx_word' id='word_1_14' title='bbox 1476 515 1670 569; x_wconf 77' lang='lat' dir='ltr'><strong>Merito</strong></span> <span class='ocrx_word' id='word_1_15' title='bbox 1719 515 1921 569; x_wconf 64' lang='lat' dir='ltr'><strong>laetaris</strong></span> <span class='ocrx_word' id='word_1_16' title='bbox 1948 515 2014 568; x_wconf 91' lang='lat' dir='ltr'><strong>de</strong></span> <span class='ocrx_word' id='word_1_17' title='bbox 2039 530 2100 568; x_wconf 85' lang='lat' dir='ltr'><strong>ve</strong></span> 
     </span>
    </p>
   </div>
   <div class='ocr_carea' id='block_1_4' title="bbox 2207 513 3817 590">
    <p class='ocr_par' dir='ltr' id='par_1_4' title="bbox 2207 516 3817 590">
     <span class='ocr_line' id='line_1_4' title="bbox 2207 516 3817 590; baseline -0.002 -14"><span class='ocrx_word' id='word_1_18' title='bbox 2207 521 2522 586; x_wconf 74' lang='grc' dir='ltr'><strong>,λιὰσομαι</strong></span> <span class='ocrx_word' id='word_1_19' title='bbox 2570 517 2670 571; x_wconf 78' lang='grc' dir='ltr'><strong>καὶ</strong></span> <span class='ocrx_word' id='word_1_20' title='bbox 2713 519 3202 590; x_wconf 72' lang='grc' dir='ltr'><strong>εὐφρανθήσομαι</strong></span> <span class='ocrx_word' id='word_1_21' title='bbox 3242 518 3339 572; x_wconf 76' lang='grc' dir='ltr'><strong>ἐπὶ</strong></span> <span class='ocrx_word' id='word_1_22' title='bbox 3375 517 3454 584; x_wconf 76' lang='grc' dir='ltr'><strong>τῷ</strong></span> <span class='ocrx_word' id='word_1_23' title='bbox 3490 516 3642 573; x_wconf 68' lang='grc' dir='ltr'><strong>ἐλέει</strong></span> <span class='ocrx_word' id='word_1_24' title='bbox 3680 534 3817 574; x_wconf 77' lang='grc' dir='ltr'><strong>σουο</strong></span> 
     </span>
    </p>
   </div>
   <div class='ocr_carea' id='block_1_5' title="bbox 553 604 2100 683">
    <p class='ocr_par' dir='ltr' id='par_1_5' title="bbox 553 604 2100 677">
     <span class='ocr_line' id='line_1_5' title="bbox 553 604 2100 677; baseline -0.008 -8"><span class='ocrx_word' id='word_1_25' title='bbox 553 612 733 670; x_wconf 69' lang='lat' dir='ltr'><strong>ritatis</strong></span> <span class='ocrx_word' id='word_1_26' title='bbox 781 609 1142 670; x_wconf 87' lang='lat' dir='ltr'><strong>amatoribus,</strong></span> <span class='ocrx_word' id='word_1_27' title='bbox 1176 607 1409 677; x_wconf 89' lang='lat' dir='ltr'><strong>illosque</strong></span> <span class='ocrx_word' id='word_1_28' title='bbox 1463 605 1739 673; x_wconf 74' lang='lat' dir='ltr'><strong>admittis;</strong></span> <span class='ocrx_word' id='word_1_29' title='bbox 1772 605 1894 659; x_wconf 92' lang='lat' dir='ltr'><strong>ideo</strong></span> <span class='ocrx_word' id='word_1_30' title='bbox 1924 604 2100 660; x_wconf 69' lang='lat' dir='ltr'><strong>dictum</strong></span> 
     </span>
    </p>
   </div>
   <div class='ocr_carea' id='block_1_6' title="bbox 2207 604 3820 683">
    <p class='ocr_par' dir='ltr' id='par_1_6' title="bbox 2235 611 3820 683">
     <span class='ocr_line' id='line_1_6' title="bbox 2235 611 3820 683; baseline -0.001 -18"><span class='ocrx_word' id='word_1_31' title='bbox 2235 611 2482 674; x_wconf 80' lang='grc' dir='ltr'><strong>Εἰκότως</strong></span> <span class='ocrx_word' id='word_1_32' title='bbox 2509 611 2720 682; x_wconf 79' lang='grc' dir='ltr'><strong>χαίρεις</strong></span> <span class='ocrx_word' id='word_1_33' title='bbox 2749 613 2845 683; x_wconf 81' lang='grc' dir='ltr'><strong>μὲν</strong></span> <span class='ocrx_word' id='word_1_34' title='bbox 2875 614 2988 675; x_wconf 83' lang='grc' dir='ltr'><strong>τοῖς</strong></span> <span class='ocrx_word' id='word_1_35' title='bbox 3015 613 3114 683; x_wconf 81' lang='grc' dir='ltr'><strong>τῆς</strong></span> <span class='ocrx_word' id='word_1_36' title='bbox 3142 611 3400 682; x_wconf 76' lang='grc' dir='ltr'><strong>ἀληθείας</strong></span> <span class='ocrx_word' id='word_1_37' title='bbox 3427 611 3701 681; x_wconf 74' lang='grc' dir='ltr'><strong>ἐρασταῖς,</strong></span> <span class='ocrx_word' id='word_1_38' title='bbox 3725 612 3820 665; x_wconf 87' lang='grc' dir='ltr'><strong>καὶ</strong></span> 
     </span>
    </p>
   </div>
   <div class='ocr_carea' id='block_1_7' title="bbox 551 699 2100 778">
    <p class='ocr_par' dir='ltr' id='par_1_7' title="bbox 551 699 2100 770">
     <span class='ocr_line' id='line_1_7' title="bbox 551 699 2100 770; baseline -0.006 -8"><span class='ocrx_word' id='word_1_39' title='bbox 551 715 656 770; x_wconf 83' lang='lat' dir='ltr'><strong>est,</strong></span> <span class='ocrx_word' id='word_1_40' title='bbox 701 704 959 758; x_wconf 83' lang='lat' dir='ltr'><strong>Veritates</strong></span> <span class='ocrx_word' id='word_1_41' title='bbox 991 701 1211 770; x_wconf 80' lang='lat' dir='ltr'><strong>requirit</strong></span> <span class='ocrx_word' id='word_1_42' title='bbox 1233 699 1537 764; x_wconf 74' lang='lat' dir='ltr'><strong>Dominus;</strong></span> <span class='ocrx_word' id='word_1_43' title='bbox 1582 699 1705 755; x_wconf 93' lang='lat' dir='ltr'><strong>illos</strong></span> <span class='ocrx_word' id='word_1_44' title='bbox 1745 715 1874 755; x_wconf 83' lang='lat' dir='ltr'><strong>vero</strong></span> <span class='ocrx_word' id='word_1_45' title='bbox 1903 699 1993 769; x_wconf 88' lang='lat' dir='ltr'><strong>qui</strong></span> <span class='ocrx_word' id='word_1_46' title='bbox 2039 715 2100 752; x_wconf 84' lang='lat' dir='ltr'><strong>va</strong></span> 
     </span>
    </p>
   </div>
   <div class='ocr_carea' id='block_1_8' title="bbox 2207 699 3826 778">
    <p class='ocr_par' dir='ltr' id='par_1_8' title="bbox 2237 702 3826 778">
     <span class='ocr_line' id='line_1_8' title="bbox 2237 702 3826 778; baseline 0 -21"><span class='ocrx_word' id='word_1_47' title='bbox 2237 704 2464 768; x_wconf 83' lang='grc' dir='ltr'><strong>τούτους</strong></span> <span class='ocrx_word' id='word_1_48' title='bbox 2497 704 2812 778; x_wconf 82' lang='grc' dir='ltr'><strong>προσίεσαι·</strong></span> <span class='ocrx_word' id='word_1_49' title='bbox 2844 705 2924 758; x_wconf 80' lang='grc' dir='ltr'><strong>διὸ</strong></span> <span class='ocrx_word' id='word_1_50' title='bbox 2947 704 3193 758; x_wconf 80' lang='grc' dir='ltr'><strong>λέλεκται</strong></span> <span class='ocrx_word' id='word_1_51' title='bbox 3216 723 3228 734; x_wconf 91' lang='grc'><strong>·</strong></span> <span class='ocrx_word' id='word_1_52' title='bbox 3271 705 3569 770; x_wconf 75' lang='grc' dir='ltr'><strong>Ἀληθείας</strong></span> <span class='ocrx_word' id='word_1_53' title='bbox 3595 702 3826 772; x_wconf 81' lang='grc' dir='ltr'><strong>ἐκζητεῖ</strong></span> 
     </span>
    </p>
   </div>
   <div class='ocr_carea' id='block_1_9' title="bbox 549 790 2100 869">
    <p class='ocr_par' dir='ltr' id='par_1_9' title="bbox 549 790 2100 864">
     <span class='ocr_line' id='line_1_9' title="bbox 549 790 2100 864; baseline -0.006 -9"><span class='ocrx_word' id='word_1_54' title='bbox 549 801 775 856; x_wconf 86' lang='lat' dir='ltr'><strong>nitatem</strong></span> <span class='ocrx_word' id='word_1_55' title='bbox 836 802 1136 858; x_wconf 92' lang='lat' dir='ltr'><strong>sectantur,</strong></span> <span class='ocrx_word' id='word_1_56' title='bbox 1186 799 1376 864; x_wconf 89' lang='lat' dir='ltr'><strong>utpote</strong></span> <span class='ocrx_word' id='word_1_57' title='bbox 1428 793 1521 862; x_wconf 87' lang='lat' dir='ltr'><strong>qui</strong></span> <span class='ocrx_word' id='word_1_58' title='bbox 1554 790 1900 846; x_wconf 85' lang='lat' dir='ltr'><strong>mendacium</strong></span> <span class='ocrx_word' id='word_1_59' title='bbox 1935 807 2100 846; x_wconf 91' lang='lat' dir='ltr'><strong>conse</strong></span> 
     </span>
    </p>
   </div>
   <div class='ocr_carea' id='block_1_10' title="bbox 2207 790 3822 869">
    <p class='ocr_par' dir='ltr' id='par_1_10' title="bbox 2234 796 3822 869">
     <span class='ocr_line' id='line_1_10' title="bbox 2234 796 3822 869; baseline -0.002 -19"><span class='ocrx_word' id='word_1_60' title='bbox 2234 798 2484 865; x_wconf 68' lang='lat' dir='ltr'><strong>Kt&#39;vptoc&#39;</strong></span> <span class='ocrx_word' id='word_1_61' title='bbox 2528 797 2654 859; x_wconf 76' lang='grc' dir='ltr'><strong>τοὺς</strong></span> <span class='ocrx_word' id='word_1_62' title='bbox 2689 797 2746 849; x_wconf 88' lang='grc' dir='ltr'><strong>δὲ</strong></span> <span class='ocrx_word' id='word_1_63' title='bbox 2779 799 2875 869; x_wconf 80' lang='grc' dir='ltr'><strong>τὴν</strong></span> <span class='ocrx_word' id='word_1_64' title='bbox 2912 797 3246 868; x_wconf 80' lang='grc' dir='ltr'><strong>ματαιότητα</strong></span> <span class='ocrx_word' id='word_1_65' title='bbox 3288 797 3646 868; x_wconf 79' lang='grc' dir='ltr'><strong>περιέποντας</strong></span> <span class='ocrx_word' id='word_1_66' title='bbox 3678 796 3822 848; x_wconf 72' lang='grc' dir='ltr'><strong>εικό-</strong></span> 
     </span>
    </p>
   </div>
   <div class='ocr_carea' id='block_1_11' title="bbox 548 881 2100 961">
    <p class='ocr_par' dir='ltr' id='par_1_11' title="bbox 548 881 2100 955">
     <span class='ocr_line' id='line_1_11' title="bbox 548 881 2100 955; baseline -0.003 -11"><span class='ocrx_word' id='word_1_67' title='bbox 548 897 784 952; x_wconf 88' lang='lat' dir='ltr'><strong>etentur,</strong></span> <span class='ocrx_word' id='word_1_68' title='bbox 825 886 1136 943; x_wconf 83' lang='lat' dir='ltr'><strong>adversaris</strong></span> <span class='ocrx_word' id='word_1_69' title='bbox 1180 892 1235 940; x_wconf 87' lang='lat' dir='ltr'><strong>et</strong></span> <span class='ocrx_word' id='word_1_70' title='bbox 1275 883 1466 939; x_wconf 89' lang='lat' dir='ltr'><strong>odisti.</strong></span> <span class='ocrx_word' id='word_1_71' title='bbox 1528 881 1754 938; x_wconf 78' lang='lat' dir='ltr'><strong>Vanita&#39;s</strong></span> <span class='ocrx_word' id='word_1_72' title='bbox 1793 884 1996 955; x_wconf 87' lang='lat' dir='ltr'><strong>quippe</strong></span> <span class='ocrx_word' id='word_1_73' title='bbox 2046 899 2100 940; x_wconf 87' lang='lat' dir='ltr'><strong>es</strong></span> 
     </span>
    </p>
   </div>
   <div class='ocr_carea' id='block_1_12' title="bbox 2207 881 3821 961">
    <p class='ocr_par' dir='ltr' id='par_1_12' title="bbox 2237 885 3821 961">
     <span class='ocr_line' id='line_1_12' title="bbox 2237 885 3821 961; baseline -0.002 -19"><span class='ocrx_word' id='word_1_74' title='bbox 2237 905 2346 952; x_wconf 91' lang='grc' dir='ltr'><strong>τως</strong></span> <span class='ocrx_word' id='word_1_75' title='bbox 2379 889 2665 961; x_wconf 75' lang='grc' dir='ltr'><strong>ἀποτρέπῃ</strong></span> <span class='ocrx_word' id='word_1_76' title='bbox 2697 889 2789 942; x_wconf 74' lang='grc' dir='ltr'><strong>καὶ</strong></span> <span class='ocrx_word' id='word_1_77' title='bbox 2818 892 3013 960; x_wconf 82' lang='grc' dir='ltr'><strong>μισεῖς,</strong></span> <span class='ocrx_word' id='word_1_78' title='bbox 3048 889 3123 952; x_wconf 86' lang='grc' dir='ltr'><strong>ὡς</strong></span> <span class='ocrx_word' id='word_1_79' title='bbox 3152 887 3217 941; x_wconf 84' lang='grc' dir='ltr'><strong>ἂν</strong></span> <span class='ocrx_word' id='word_1_80' title='bbox 3245 889 3305 941; x_wconf 81' lang='grc' dir='ltr'><strong>τὸ</strong></span> <span class='ocrx_word' id='word_1_81' title='bbox 3333 886 3526 956; x_wconf 64' lang='grc' dir='ltr'><strong>ψεῦδος</strong></span> <span class='ocrx_word' id='word_1_82' title='bbox 3557 885 3821 958; x_wconf 82' lang='grc' dir='ltr'><strong>μεταδιώ-</strong></span> 
     </span>
    </p>
   </div>
   <div class='ocr_carea' id='block_1_13' title="bbox 545 976 2100 1054">
    <p class='ocr_par' dir='ltr' id='par_1_13' title="bbox 545 976 2100 1054">
     <span class='ocr_line' id='line_1_13' title="bbox 545 976 2100 1054; baseline -0.006 -15"><span class='ocrx_word' id='word_1_83' title='bbox 545 983 690 1054; x_wconf 87' lang='lat' dir='ltr'><strong>quod</strong></span> <span class='ocrx_word' id='word_1_84' title='bbox 721 981 1004 1038; x_wconf 82' lang='lat' dir='ltr'><strong>mendacio</strong></span> <span class='ocrx_word' id='word_1_85' title='bbox 1035 980 1254 1049; x_wconf 89' lang='lat' dir='ltr'><strong>plenum</strong></span> <span class='ocrx_word' id='word_1_86' title='bbox 1283 993 1296 1030; x_wconf 73' lang='grc' dir='ltr'>ε</span> <span class='ocrx_word' id='word_1_87' title='bbox 1337 992 1510 1048; x_wconf 86' lang='lat' dir='ltr'><strong>quare</strong></span> <span class='ocrx_word' id='word_1_88' title='bbox 1551 977 1632 1034; x_wconf 92' lang='lat' dir='ltr'><strong>sic</strong></span> <span class='ocrx_word' id='word_1_89' title='bbox 1661 977 1923 1034; x_wconf 86' lang='lat' dir='ltr'><strong>admones</strong></span> <span class='ocrx_word' id='word_1_90' title='bbox 1954 997 1967 1031; x_wconf 94' lang='lat'>:</span> <span class='ocrx_word' id='word_1_91' title='bbox 2000 976 2100 1031; x_wconf 76' lang='lat' dir='ltr'><strong><em>Fili</em></strong></span> 
     </span>
    </p>
   </div>
   <div class='ocr_carea' id='block_1_14' title="bbox 2207 976 3820 1054">
    <p class='ocr_par' dir='ltr' id='par_1_14' title="bbox 2236 978 3820 1052">
     <span class='ocr_line' id='line_1_14' title="bbox 2236 978 3820 1052; baseline -0.002 -19"><span class='ocrx_word' id='word_1_92' title='bbox 2236 996 2454 1043; x_wconf 91' lang='grc' dir='ltr'><strong>κοντας,</strong></span> <span class='ocrx_word' id='word_1_93' title='bbox 2484 980 2799 1050; x_wconf 75' lang='grc' dir='ltr'><strong>Ματαιότης</strong></span> <span class='ocrx_word' id='word_1_94' title='bbox 2818 979 2926 1052; x_wconf 85' lang='grc' dir='ltr'><strong>γὰρ</strong></span> <span class='ocrx_word' id='word_1_95' title='bbox 2945 980 3008 1032; x_wconf 78' lang='grc' dir='ltr'><strong>τὸ</strong></span> <span class='ocrx_word' id='word_1_96' title='bbox 3035 979 3263 1048; x_wconf 81' lang='grc' dir='ltr'><strong>ψεύδους</strong></span> <span class='ocrx_word' id='word_1_97' title='bbox 3290 979 3458 1049; x_wconf 85' lang='grc' dir='ltr'><strong>γέμον</strong></span> <span class='ocrx_word' id='word_1_98' title='bbox 3476 996 3488 1008; x_wconf 89' lang='grc'><strong>·</strong></span> <span class='ocrx_word' id='word_1_99' title='bbox 3517 978 3598 1032; x_wconf 77' lang='grc' dir='ltr'><strong>διὸ</strong></span> <span class='ocrx_word' id='word_1_100' title='bbox 3627 993 3820 1048; x_wconf 76' lang='grc' dir='ltr'><strong>παραι-</strong></span> 
     </span>
    </p>
   </div>
   <div class='ocr_carea' id='block_1_15' title="bbox 544 1069 2100 1145">
    <p class='ocr_par' dir='ltr' id='par_1_15' title="bbox 544 1069 2100 1145">
     <span class='ocr_line' id='line_1_15' title="bbox 544 1069 2100 1145; baseline -0.006 -14"><span class='ocrx_word' id='word_1_101' title='bbox 544 1076 816 1130; x_wconf 84' lang='lat' dir='ltr'><strong>hominum</strong></span> <span class='ocrx_word' id='word_1_102' title='bbox 847 1089 1114 1145; x_wconf 84' lang='lat' dir='ltr'><strong>usquequo</strong></span> <span class='ocrx_word' id='word_1_103' title='bbox 1140 1072 1289 1142; x_wconf 82' lang='lat' dir='ltr'><strong><em>gravi</em></strong></span> <span class='ocrx_word' id='word_1_104' title='bbox 1323 1073 1498 1134; x_wconf 89' lang='lat' dir='ltr'><strong>corde,</strong></span> <span class='ocrx_word' id='word_1_105' title='bbox 1531 1082 1590 1124; x_wconf 90' lang='lat' dir='ltr'><strong>ut</strong></span> <span class='ocrx_word' id='word_1_106' title='bbox 1617 1069 1743 1142; x_wconf 83' lang='lat' dir='ltr'><strong>quid</strong></span> <span class='ocrx_word' id='word_1_107' title='bbox 1773 1069 1998 1140; x_wconf 79' lang='lat' dir='ltr'><strong><em>diligitis</em></strong></span> <span class='ocrx_word' id='word_1_108' title='bbox 2039 1086 2100 1123; x_wconf 80' lang='lat' dir='ltr'><strong>ua</strong></span> 
     </span>
    </p>
   </div>
   <div class='ocr_carea' id='block_1_16' title="bbox 2207 1069 3816 1145">
    <p class='ocr_par' dir='ltr' id='par_1_16' title="bbox 2234 1069 3816 1139">
     <span class='ocr_line' id='line_1_16' title="bbox 2234 1069 3816 1139; baseline -0.001 -15"><span class='ocrx_word' id='word_1_109' title='bbox 2234 1074 2346 1134; x_wconf 86' lang='grc' dir='ltr'><strong>νεῖς</strong></span> <span class='ocrx_word' id='word_1_110' title='bbox 2379 1070 2579 1139; x_wconf 84' lang='grc' dir='ltr'><strong>λέγων·</strong></span> <span class='ocrx_word' id='word_1_111' title='bbox 2622 1071 2739 1125; x_wconf 77' lang='grc' dir='ltr'><strong>Υἱοὶ</strong></span> <span class='ocrx_word' id='word_1_112' title='bbox 2778 1069 3124 1138; x_wconf 76' lang='grc' dir='ltr'><strong>ἀνθρώπων,</strong></span> <span class='ocrx_word' id='word_1_113' title='bbox 3168 1069 3280 1134; x_wconf 82' lang='grc' dir='ltr'><strong>ἕως</strong></span> <span class='ocrx_word' id='word_1_114' title='bbox 3328 1072 3473 1123; x_wconf 82' lang='grc' dir='ltr'><strong>πότε</strong></span> <span class='ocrx_word' id='word_1_115' title='bbox 3511 1069 3816 1138; x_wconf 63' lang='grc' dir='ltr'><strong>βαρυκιῲο</strong></span> 
     </span>
    </p>
   </div>
   <div class='ocr_carea' id='block_1_17' title="bbox 544 1160 2100 1238">
    <p class='ocr_par' dir='ltr' id='par_1_17' title="bbox 544 1164 2096 1238">
     <span class='ocr_line' id='line_1_17' title="bbox 544 1164 2096 1238; baseline -0.005 -12"><span class='ocrx_word' id='word_1_116' title='bbox 544 1173 766 1226; x_wconf 80' lang='lat' dir='ltr'><strong>nitatem</strong></span> <span class='ocrx_word' id='word_1_117' title='bbox 795 1179 844 1222; x_wconf 88' lang='lat' dir='ltr'><strong>et</strong></span> <span class='ocrx_word' id='word_1_118' title='bbox 870 1167 1112 1238; x_wconf 82' lang='lat' dir='ltr'><strong>quteritis</strong></span> <span class='ocrx_word' id='word_1_119' title='bbox 1138 1166 1467 1221; x_wconf 80' lang='lat' dir='ltr'><strong>mendacium</strong></span> <span class='ocrx_word' id='word_1_120' title='bbox 1486 1165 1574 1218; x_wconf 79' lang='lat' dir='ltr'><strong>&quot;‘l</strong></span> <span class='ocrx_word' id='word_1_121' title='bbox 1608 1164 1720 1236; x_wconf 86' lang='lat' dir='ltr'><strong>Ego</strong></span> <span class='ocrx_word' id='word_1_122' title='bbox 1742 1179 1875 1219; x_wconf 81' lang='lat' dir='ltr'><strong>vero</strong></span> <span class='ocrx_word' id='word_1_123' title='bbox 1913 1179 1942 1217; x_wconf 87' lang='lat' dir='ltr'><strong>a</strong></span> <span class='ocrx_word' id='word_1_124' title='bbox 1971 1165 2096 1218; x_wconf 83' lang='lat' dir='ltr'><strong>van&#39;i</strong></span> 
     </span>
    </p>
   </div>
   <div class='ocr_carea' id='block_1_18' title="bbox 2207 1160 3815 1238">
    <p class='ocr_par' dir='ltr' id='par_1_18' title="bbox 2230 1160 3815 1232">
     <span class='ocr_line' id='line_1_18' title="bbox 2230 1160 3815 1232; baseline 0.001 -16"><span class='ocrx_word' id='word_1_125' title='bbox 2230 1162 2382 1226; x_wconf 86' lang='grc' dir='ltr'><strong>διοι;</strong></span> <span class='ocrx_word' id='word_1_126' title='bbox 2423 1163 2524 1215; x_wconf 82' lang='grc' dir='ltr'><strong>ἵνα</strong></span> <span class='ocrx_word' id='word_1_127' title='bbox 2568 1164 2625 1215; x_wconf 84' lang='grc' dir='ltr'><strong>τί</strong></span> <span class='ocrx_word' id='word_1_128' title='bbox 2677 1161 2942 1232; x_wconf 75' lang='grc' dir='ltr'><strong>ἀγαπᾶτε</strong></span> <span class='ocrx_word' id='word_1_129' title='bbox 2976 1163 3362 1231; x_wconf 82' lang='grc' dir='ltr'><strong>ματαιότητα,</strong></span> <span class='ocrx_word' id='word_1_130' title='bbox 3405 1162 3501 1215; x_wconf 76' lang='grc' dir='ltr'><strong>καὶ</strong></span> <span class='ocrx_word' id='word_1_131' title='bbox 3549 1160 3815 1228; x_wconf 77' lang='grc' dir='ltr'><strong>ζητεῖσθε</strong></span> 
     </span>
    </p>
   </div>
   <div class='ocr_carea' id='block_1_19' title="bbox 543 1252 2100 1326">
    <p class='ocr_par' dir='ltr' id='par_1_19' title="bbox 543 1255 2099 1326">
     <span class='ocr_line' id='line_1_19' title="bbox 543 1255 2099 1326; baseline -0.004 -8"><span class='ocrx_word' id='word_1_132' title='bbox 543 1262 714 1318; x_wconf 80' lang='lat' dir='ltr'><strong>rebus</strong></span> <span class='ocrx_word' id='word_1_133' title='bbox 743 1275 992 1322; x_wconf 82' lang='lat' dir='ltr'><strong>aversus,</strong></span> <span class='ocrx_word' id='word_1_134' title='bbox 1035 1260 1090 1313; x_wconf 90' lang='lat' dir='ltr'><strong>in</strong></span> <span class='ocrx_word' id='word_1_135' title='bbox 1131 1265 1184 1313; x_wconf 91' lang='lat' dir='ltr'><strong>te</strong></span> <span class='ocrx_word' id='word_1_136' title='bbox 1223 1259 1343 1312; x_wconf 87' lang='lat' dir='ltr'><strong>solo</strong></span> <span class='ocrx_word' id='word_1_137' title='bbox 1366 1255 1597 1311; x_wconf 87' lang='lat' dir='ltr'><strong>Domino</strong></span> <span class='ocrx_word' id='word_1_138' title='bbox 1626 1271 1748 1312; x_wconf 91' lang='lat' dir='ltr'><strong>meo</strong></span> <span class='ocrx_word' id='word_1_139' title='bbox 1778 1272 1928 1326; x_wconf 88' lang='lat' dir='ltr'><strong>spem</strong></span> <span class='ocrx_word' id='word_1_140' title='bbox 1965 1269 2099 1326; x_wconf 74' lang='lat' dir='ltr'><strong>‘repo</strong></span> 
     </span>
    </p>
   </div>
   <div class='ocr_carea' id='block_1_20' title="bbox 2207 1252 3812 1326">
    <p class='ocr_par' dir='ltr' id='par_1_20' title="bbox 2232 1252 3812 1326">
     <span class='ocr_line' id='line_1_20' title="bbox 2232 1252 3812 1326; baseline 0 -18"><span class='ocrx_word' id='word_1_141' title='bbox 2232 1252 2496 1322; x_wconf 72' lang='grc' dir='ltr'><strong>ψεῦδοςς</strong></span> <span class='ocrx_word' id='word_1_142' title='bbox 2534 1254 2675 1324; x_wconf 85' lang='grc' dir='ltr'><strong>Ἐγὼ</strong></span> <span class='ocrx_word' id='word_1_143' title='bbox 2718 1254 2796 1318; x_wconf 81' lang='grc' dir='ltr'><strong>δὲ,</strong></span> <span class='ocrx_word' id='word_1_144' title='bbox 2827 1255 3194 1326; x_wconf 79' lang='grc' dir='ltr'><strong>ἀποστραφεὶς</strong></span> <span class='ocrx_word' id='word_1_145' title='bbox 3240 1253 3309 1307; x_wconf 81' lang='grc' dir='ltr'><strong>τὰ</strong></span> <span class='ocrx_word' id='word_1_146' title='bbox 3363 1253 3587 1325; x_wconf 88' lang='grc' dir='ltr'><strong>μάταια,</strong></span> <span class='ocrx_word' id='word_1_147' title='bbox 3620 1253 3713 1304; x_wconf 74' lang='grc' dir='ltr'><strong>ἐπὶ</strong></span> <span class='ocrx_word' id='word_1_148' title='bbox 3753 1254 3812 1308; x_wconf 68' lang='grc' dir='ltr'><strong>σι</strong></span> 
     </span>
    </p>
   </div>
   <div class='ocr_carea' id='block_1_21' title="bbox 545 1346 2100 1424">
    <p class='ocr_par' dir='ltr' id='par_1_21' title="bbox 545 1347 2092 1424">
     <span class='ocr_line' id='line_1_21' title="bbox 545 1347 2092 1424; baseline -0.006 -13"><span class='ocrx_word' id='word_1_149' title='bbox 545 1353 656 1418; x_wconf 87' lang='lat' dir='ltr'><strong>sui,</strong></span> <span class='ocrx_word' id='word_1_150' title='bbox 689 1368 860 1424; x_wconf 89' lang='lat' dir='ltr'><strong>quare</strong></span> <span class='ocrx_word' id='word_1_151' title='bbox 895 1350 1115 1407; x_wconf 83' lang='lat' dir='ltr'><strong>conﬁdo</strong></span> <span class='ocrx_word' id='word_1_152' title='bbox 1146 1366 1256 1406; x_wconf 89' lang='lat' dir='ltr'><strong>non</strong></span> <span class='ocrx_word' id='word_1_153' title='bbox 1307 1348 1513 1405; x_wconf 81' lang='lat' dir='ltr'><strong>frustra</strong></span> <span class='ocrx_word' id='word_1_154' title='bbox 1543 1347 1642 1402; x_wconf 89' lang='lat' dir='ltr'><strong>tibi</strong></span> <span class='ocrx_word' id='word_1_155' title='bbox 1678 1350 1946 1418; x_wconf 85' lang='lat' dir='ltr'><strong>meipsum</strong></span> <span class='ocrx_word' id='word_1_156' title='bbox 1973 1365 2092 1402; x_wconf 83' lang='lat' dir='ltr'><strong>com</strong></span> 
     </span>
    </p>
   </div>
   <div class='ocr_carea' id='block_1_22' title="bbox 2207 1346 3808 1424">
    <p class='ocr_par' dir='ltr' id='par_1_22' title="bbox 2238 1346 3808 1418">
     <span class='ocr_line' id='line_1_22' title="bbox 2238 1346 3808 1418; baseline 0 -20"><span class='ocrx_word' id='word_1_157' title='bbox 2238 1346 2399 1415; x_wconf 79' lang='grc' dir='ltr'><strong>μόνον</strong></span> <span class='ocrx_word' id='word_1_158' title='bbox 2449 1346 2542 1400; x_wconf 76' lang='grc' dir='ltr'><strong>τὸν</strong></span> <span class='ocrx_word' id='word_1_159' title='bbox 2587 1346 2822 1418; x_wconf 79' lang='grc' dir='ltr'><strong>ἐμαυτοῦ</strong></span> <span class='ocrx_word' id='word_1_160' title='bbox 2858 1347 3060 1418; x_wconf 84' lang='grc' dir='ltr'><strong>Κύριον</strong></span> <span class='ocrx_word' id='word_1_161' title='bbox 3092 1347 3294 1418; x_wconf 72' lang='grc' dir='ltr'><strong>ἧλπισα</strong></span> <span class='ocrx_word' id='word_1_162' title='bbox 3315 1363 3328 1376; x_wconf 74' lang='grc'><strong><em>⁸</em></strong></span> <span class='ocrx_word' id='word_1_163' title='bbox 3361 1346 3440 1399; x_wconf 87' lang='grc' dir='ltr'><strong>διὸ</strong></span> <span class='ocrx_word' id='word_1_164' title='bbox 3487 1347 3808 1417; x_wconf 71' lang='grc' dir='ltr'><strong>πέπεισμαι,</strong></span> 
     </span>
    </p>
   </div>
   <div class='ocr_carea' id='block_1_23' title="bbox 545 1436 2100 1514">
    <p class='ocr_par' dir='ltr' id='par_1_23' title="bbox 545 1440 2100 1514">
     <span class='ocr_line' id='line_1_23' title="bbox 545 1440 2100 1514; baseline -0.004 -13"><span class='ocrx_word' id='word_1_165' title='bbox 545 1447 786 1502; x_wconf 89' lang='lat' dir='ltr'><strong>misisse.</strong></span> <span class='ocrx_word' id='word_1_166' title='bbox 831 1443 967 1498; x_wconf 79' lang='lat' dir='ltr'><strong>Nam</strong></span> <span class='ocrx_word' id='word_1_167' title='bbox 1003 1443 1128 1499; x_wconf 80' lang='lat' dir='ltr'><strong>linis</strong></span> <span class='ocrx_word' id='word_1_168' title='bbox 1168 1441 1284 1514; x_wconf 83' lang='lat' dir='ltr'><strong>spei</strong></span> <span class='ocrx_word' id='word_1_169' title='bbox 1322 1443 1375 1496; x_wconf 88' lang='lat' dir='ltr'><strong>in</strong></span> <span class='ocrx_word' id='word_1_170' title='bbox 1417 1450 1470 1497; x_wconf 90' lang='lat' dir='ltr'><strong>te</strong></span> <span class='ocrx_word' id='word_1_171' title='bbox 1516 1441 1696 1512; x_wconf 87' lang='lat' dir='ltr'><strong>posita</strong></span> <span class='ocrx_word' id='word_1_172' title='bbox 1749 1451 1829 1497; x_wconf 89' lang='lat' dir='ltr'><strong>est</strong></span> <span class='ocrx_word' id='word_1_173' title='bbox 1869 1440 2100 1512; x_wconf 85' lang='lat' dir='ltr'><strong>gaudiun</strong></span> 
     </span>
    </p>
   </div>
   <div class='ocr_carea' id='block_1_24' title="bbox 2207 1436 3810 1514">
    <p class='ocr_par' dir='ltr' id='par_1_24' title="bbox 2228 1436 3810 1510">
     <span class='ocr_line' id='line_1_24' title="bbox 2228 1436 3810 1510; baseline 0.001 -21"><span class='ocrx_word' id='word_1_174' title='bbox 2228 1436 2328 1490; x_wconf 86' lang='grc' dir='ltr'><strong>οὐκ</strong></span> <span class='ocrx_word' id='word_1_175' title='bbox 2381 1439 2503 1508; x_wconf 79' lang='grc' dir='ltr'><strong>εἰκῇ</strong></span> <span class='ocrx_word' id='word_1_176' title='bbox 2547 1454 2628 1490; x_wconf 89' lang='grc' dir='ltr'><strong>σοι</strong></span> <span class='ocrx_word' id='word_1_177' title='bbox 2683 1438 2920 1509; x_wconf 75' lang='grc' dir='ltr'><strong>ἐμαυτὸν</strong></span> <span class='ocrx_word' id='word_1_178' title='bbox 2948 1437 3393 1510; x_wconf 86' lang='grc' dir='ltr'><strong>παρατεθεῖσθαι.</strong></span> <span class='ocrx_word' id='word_1_179' title='bbox 3429 1438 3503 1491; x_wconf 84' lang='grc' dir='ltr'>Τὸ</span> <span class='ocrx_word' id='word_1_180' title='bbox 3526 1437 3636 1510; x_wconf 80' lang='grc' dir='ltr'><strong>γὰρ</strong></span> <span class='ocrx_word' id='word_1_181' title='bbox 3657 1438 3810 1501; x_wconf 80' lang='grc' dir='ltr'><strong>τέλος</strong></span> 
     </span>
    </p>
   </div>
   <div class='ocr_carea' id='block_1_25' title="bbox 546 1534 848 1590">
    <p class='ocr_par' dir='ltr' id='par_1_25' title="bbox 546 1534 848 1590">
     <span class='ocr_line' id='line_1_25' title="bbox 546 1534 848 1590; baseline -0.007 0"><span class='ocrx_word' id='word_1_182' title='bbox 546 1543 600 1590; x_wconf 90' lang='lat' dir='ltr'><strong>et</strong></span> <span class='ocrx_word' id='word_1_183' title='bbox 642 1534 848 1588; x_wconf 74' lang='lat' dir='ltr'><strong>lzetitia.</strong></span> 
     </span>
    </p>
   </div>
   <div class='ocr_carea' id='block_1_26' title="bbox 619 1624 2123 1695">
    <p class='ocr_par' dir='ltr' id='par_1_26' title="bbox 619 1624 2123 1695">
     <span class='ocr_line' id='line_1_26' title="bbox 619 1624 2123 1695; baseline -0.001 -17"><span class='ocrx_word' id='word_1_184' title='bbox 619 1625 784 1680; x_wconf 62' lang='lat' dir='ltr'><strong>Veiis.</strong></span> <span class='ocrx_word' id='word_1_185' title='bbox 817 1625 871 1680; x_wconf 88' lang='lat'><strong>9.</strong></span> <span class='ocrx_word' id='word_1_186' title='bbox 907 1625 1176 1692; x_wconf 82' lang='lat' dir='ltr'><strong>Quoniam</strong></span> <span class='ocrx_word' id='word_1_187' title='bbox 1228 1625 1505 1695; x_wconf 73' lang='lat' dir='ltr'><strong>respexisti</strong></span> <span class='ocrx_word' id='word_1_188' title='bbox 1543 1624 1893 1680; x_wconf 79' lang='lat' dir='ltr'><strong>humilitatem</strong></span> <span class='ocrx_word' id='word_1_189' title='bbox 1931 1639 2123 1691; x_wconf 89' lang='lat' dir='ltr'><strong><em>meam,</em></strong></span> 
     </span>
    </p>
   </div>
   <div class='ocr_carea' id='block_1_27' title="bbox 539 1718 2127 1780">
    <p class='ocr_par' dir='ltr' id='par_1_27' title="bbox 539 1718 2127 1780">
     <span class='ocr_line' id='line_1_27' title="bbox 539 1718 2127 1780; baseline -0.002 -9"><span class='ocrx_word' id='word_1_190' title='bbox 539 1718 765 1771; x_wconf 83' lang='lat' dir='ltr'><strong>saluasti</strong></span> <span class='ocrx_word' id='word_1_191' title='bbox 807 1720 872 1772; x_wconf 89' lang='lat' dir='ltr'><strong>de</strong></span> <span class='ocrx_word' id='word_1_192' title='bbox 903 1718 1304 1772; x_wconf 75' lang='lat' dir='ltr'><strong>necessitatibus</strong></span> <span class='ocrx_word' id='word_1_193' title='bbox 1349 1719 1584 1771; x_wconf 88' lang='lat' dir='ltr'><strong>animam</strong></span> <span class='ocrx_word' id='word_1_194' title='bbox 1629 1733 1838 1780; x_wconf 88' lang='lat' dir='ltr'><strong><em>meam;</em></strong></span> <span class='ocrx_word' id='word_1_195' title='bbox 1873 1732 1964 1772; x_wconf 85' lang='lat' dir='ltr'><strong>nec</strong></span> <span class='ocrx_word' id='word_1_196' title='bbox 1995 1732 2127 1770; x_wconf 83' lang='lat' dir='ltr'><strong>con-</strong></span> 
     </span>
    </p>
   </div>
   <div class='ocr_carea' id='block_1_28' title="bbox 539 1810 2122 1873">
    <p class='ocr_par' dir='ltr' id='par_1_28' title="bbox 539 1810 2122 1873">
     <span class='ocr_line' id='line_1_28' title="bbox 539 1810 2122 1873; baseline -0.001 -10"><span class='ocrx_word' id='word_1_197' title='bbox 539 1811 750 1864; x_wconf 86' lang='lat' dir='ltr'><strong>clusisti</strong></span> <span class='ocrx_word' id='word_1_198' title='bbox 795 1827 875 1864; x_wconf 89' lang='lat' dir='ltr'><strong><em>me</em></strong></span> <span class='ocrx_word' id='word_1_199' title='bbox 921 1812 976 1863; x_wconf 84' lang='lat' dir='ltr'><strong>in</strong></span> <span class='ocrx_word' id='word_1_200' title='bbox 1021 1810 1267 1864; x_wconf 88' lang='lat' dir='ltr'><strong>manibus</strong></span> <span class='ocrx_word' id='word_1_201' title='bbox 1319 1811 1569 1873; x_wconf 84' lang='lat' dir='ltr'><strong>inimici;</strong></span> <span class='ocrx_word' id='word_1_202' title='bbox 1616 1810 1854 1865; x_wconf 84' lang='lat' dir='ltr'><strong>statuistt</strong></span> <span class='ocrx_word' id='word_1_203' title='bbox 1903 1810 1957 1861; x_wconf 86' lang='lat' dir='ltr'><strong>in</strong></span> <span class='ocrx_word' id='word_1_204' title='bbox 2009 1810 2122 1862; x_wconf 90' lang='lat' dir='ltr'><strong>loco</strong></span> 
     </span>
    </p>
   </div>
   <div class='ocr_carea' id='block_1_29' title="bbox 538 1900 2118 1972">
    <p class='ocr_par' dir='ltr' id='par_1_29' title="bbox 538 1900 2118 1972">
     <span class='ocr_line' id='line_1_29' title="bbox 538 1900 2118 1972; baseline 0 -18"><span class='ocrx_word' id='word_1_205' title='bbox 538 1903 772 1969; x_wconf 85' lang='lat' dir='ltr'><strong>spatioso</strong></span> <span class='ocrx_word' id='word_1_206' title='bbox 801 1901 954 1970; x_wconf 85' lang='lat' dir='ltr'><strong>pedes</strong></span> <span class='ocrx_word' id='word_1_207' title='bbox 1001 1919 1164 1957; x_wconf 89' lang='lat' dir='ltr'><strong>meos.</strong></span> <span class='ocrx_word' id='word_1_208' title='bbox 1223 1901 1342 1956; x_wconf 79' lang='lat' dir='ltr'><strong>Jam</strong></span> <span class='ocrx_word' id='word_1_209' title='bbox 1387 1903 1525 1957; x_wconf 89' lang='lat' dir='ltr'><strong>alias</strong></span> <span class='ocrx_word' id='word_1_210' title='bbox 1560 1901 1847 1972; x_wconf 80' lang='lat' dir='ltr'><strong>rcspexisti</strong></span> <span class='ocrx_word' id='word_1_211' title='bbox 1896 1900 2118 1954; x_wconf 84' lang='lat' dir='ltr'><strong>humili-</strong></span> 
     </span>
    </p>
   </div>
   <div class='ocr_carea' id='block_1_30' title="bbox 536 1992 2116 2063">
    <p class='ocr_par' dir='ltr' id='par_1_30' title="bbox 536 1992 2116 2063">
     <span class='ocr_line' id='line_1_30' title="bbox 536 1992 2116 2063; baseline -0.003 -15"><span class='ocrx_word' id='word_1_212' title='bbox 536 2002 707 2049; x_wconf 87' lang='lat' dir='ltr'><strong>tatem</strong></span> <span class='ocrx_word' id='word_1_213' title='bbox 751 2008 926 2048; x_wconf 90' lang='lat' dir='ltr'><strong>meam</strong></span> <span class='ocrx_word' id='word_1_214' title='bbox 959 2013 972 2048; x_wconf 86' lang='lat'><strong>:</strong></span> <span class='ocrx_word' id='word_1_215' title='bbox 1011 2008 1076 2047; x_wconf 91' lang='lat' dir='ltr'><strong>ac</strong></span> <span class='ocrx_word' id='word_1_216' title='bbox 1110 1994 1436 2063; x_wconf 90' lang='lat' dir='ltr'><strong>plerumque</strong></span> <span class='ocrx_word' id='word_1_217' title='bbox 1466 1993 1647 2047; x_wconf 90' lang='lat' dir='ltr'><strong>anima</strong></span> <span class='ocrx_word' id='word_1_218' title='bbox 1681 2006 1800 2047; x_wconf 90' lang='lat' dir='ltr'><strong>mea</strong></span> <span class='ocrx_word' id='word_1_219' title='bbox 1840 1992 1895 2045; x_wconf 92' lang='lat' dir='ltr'><strong>in</strong></span> <span class='ocrx_word' id='word_1_220' title='bbox 1927 2005 2116 2044; x_wconf 88' lang='lat' dir='ltr'><strong>neces-</strong></span> 
     </span>
    </p>
   </div>
   <div class='ocr_carea' id='block_1_31' title="bbox 536 2083 2116 2155">
    <p class='ocr_par' dir='ltr' id='par_1_31' title="bbox 536 2083 2116 2155">
     <span class='ocr_line' id='line_1_31' title="bbox 536 2083 2116 2155; baseline -0.003 -14"><span class='ocrx_word' id='word_1_221' title='bbox 536 2086 728 2141; x_wconf 86' lang='lat' dir='ltr'><strong>sitates</strong></span> <span class='ocrx_word' id='word_1_222' title='bbox 767 2085 834 2139; x_wconf 87' lang='lat' dir='ltr'><strong>ab</strong></span> <span class='ocrx_word' id='word_1_223' title='bbox 881 2085 1118 2140; x_wconf 84' lang='lat' dir='ltr'><strong>inimicis</strong></span> <span class='ocrx_word' id='word_1_224' title='bbox 1163 2084 1267 2140; x_wconf 82' lang='lat' dir='ltr'><strong>sibi</strong></span> <span class='ocrx_word' id='word_1_225' title='bbox 1321 2083 1573 2141; x_wconf 89' lang='lat' dir='ltr'><strong>inductas</strong></span> <span class='ocrx_word' id='word_1_226' title='bbox 1618 2084 1872 2155; x_wconf 87' lang='lat' dir='ltr'><strong>delapsa,</strong></span> <span class='ocrx_word' id='word_1_227' title='bbox 1921 2096 2116 2152; x_wconf 89' lang='lat' dir='ltr'><strong>meque</strong></span> 
     </span>
    </p>
   </div>
   <div class='ocr_carea' id='block_1_32' title="bbox 533 2176 2112 2248">
    <p class='ocr_par' dir='ltr' id='par_1_32' title="bbox 533 2176 2112 2248">
     <span class='ocr_line' id='line_1_32' title="bbox 533 2176 2112 2248; baseline -0.002 -15"><span class='ocrx_word' id='word_1_228' title='bbox 533 2177 670 2234; x_wconf 85' lang='lat' dir='ltr'><strong>nihil</strong></span> <span class='ocrx_word' id='word_1_229' title='bbox 697 2176 844 2232; x_wconf 84' lang='lat' dir='ltr'><strong>aliud</strong></span> <span class='ocrx_word' id='word_1_230' title='bbox 873 2177 1065 2248; x_wconf 79' lang='lat' dir='ltr'><strong>agente</strong></span> <span class='ocrx_word' id='word_1_231' title='bbox 1087 2192 1249 2247; x_wconf 91' lang='lat' dir='ltr'><strong>quam</strong></span> <span class='ocrx_word' id='word_1_232' title='bbox 1282 2188 1342 2232; x_wconf 91' lang='lat' dir='ltr'><strong>ut</strong></span> <span class='ocrx_word' id='word_1_233' title='bbox 1366 2178 1707 2233; x_wconf 86' lang='lat' dir='ltr'><strong>ltumiliarem</strong></span> <span class='ocrx_word' id='word_1_234' title='bbox 1740 2187 1794 2231; x_wconf 88' lang='lat' dir='ltr'><strong>et</strong></span> <span class='ocrx_word' id='word_1_235' title='bbox 1823 2176 2112 2247; x_wconf 78' lang='lat' dir='ltr'><strong>allligercm</strong></span> 
     </span>
    </p>
   </div>
   <div class='ocr_carea' id='block_1_33' title="bbox 533 2269 2112 2340">
    <p class='ocr_par' dir='ltr' id='par_1_33' title="bbox 533 2269 2112 2340">
     <span class='ocr_line' id='line_1_33' title="bbox 533 2269 2112 2340; baseline 0.001 -16"><span class='ocrx_word' id='word_1_236' title='bbox 533 2286 640 2334; x_wconf 89' lang='lat' dir='ltr'><strong>me,</strong></span> <span class='ocrx_word' id='word_1_237' title='bbox 671 2270 741 2325; x_wconf 90' lang='lat' dir='ltr'><strong>ob</strong></span> <span class='ocrx_word' id='word_1_238' title='bbox 769 2270 1002 2325; x_wconf 84' lang='lat' dir='ltr'><strong>emissas</strong></span> <span class='ocrx_word' id='word_1_239' title='bbox 1036 2270 1102 2324; x_wconf 88' lang='lat' dir='ltr'><strong>ad</strong></span> <span class='ocrx_word' id='word_1_240' title='bbox 1144 2275 1199 2325; x_wconf 90' lang='lat' dir='ltr'><strong>te</strong></span> <span class='ocrx_word' id='word_1_241' title='bbox 1223 2269 1389 2324; x_wconf 87' lang='lat' dir='ltr'><strong>Deum</strong></span> <span class='ocrx_word' id='word_1_242' title='bbox 1425 2286 1605 2325; x_wconf 91' lang='lat' dir='ltr'><strong>meum</strong></span> <span class='ocrx_word' id='word_1_243' title='bbox 1638 2285 1851 2340; x_wconf 88' lang='lat' dir='ltr'><strong>preces,</strong></span> <span class='ocrx_word' id='word_1_244' title='bbox 1897 2278 1954 2324; x_wconf 93' lang='lat' dir='ltr'><strong>tu</strong></span> <span class='ocrx_word' id='word_1_245' title='bbox 1996 2271 2112 2340; x_wconf 88' lang='lat' dir='ltr'><strong>ipse</strong></span> 
     </span>
    </p>
   </div>
   <div class='ocr_carea' id='block_1_34' title="bbox 531 2370 2108 2433">
    <p class='ocr_par' dir='ltr' id='par_1_34' title="bbox 531 2370 2108 2433">
     <span class='ocr_line' id='line_1_34' title="bbox 531 2370 2108 2433; baseline -0.002 -15"><span class='ocrx_word' id='word_1_246' title='bbox 531 2378 687 2418; x_wconf 88' lang='lat' dir='ltr'><strong>meus</strong></span> <span class='ocrx_word' id='word_1_247' title='bbox 738 2370 1112 2433; x_wconf 87' lang='lat' dir='ltr'><strong>propugnator</strong></span> <span class='ocrx_word' id='word_1_248' title='bbox 1164 2377 1228 2415; x_wconf 90' lang='lat' dir='ltr'><strong>ac</strong></span> <span class='ocrx_word' id='word_1_249' title='bbox 1278 2371 1574 2432; x_wconf 73' lang='grc' dir='ltr'><strong>ρτοιεοιοτ,</strong></span> <span class='ocrx_word' id='word_1_250' title='bbox 1627 2376 1713 2416; x_wconf 92' lang='lat' dir='ltr'><strong>me</strong></span> <span class='ocrx_word' id='word_1_251' title='bbox 1765 2377 2108 2432; x_wconf 74' lang='lat' dir='ltr'><strong>nequaquam</strong></span> 
     </span>
    </p>
   </div>
   <div class='ocr_carea' id='block_1_35' title="bbox 529 2455 2107 2528">
    <p class='ocr_par' dir='ltr' id='par_1_35' title="bbox 529 2455 2107 2528">
     <span class='ocr_line' id='line_1_35' title="bbox 529 2455 2107 2528; baseline 0.001 -18"><span class='ocrx_word' id='word_1_252' title='bbox 529 2455 859 2527; x_wconf 84' lang='lat' dir='ltr'><strong>despiciens,</strong></span> <span class='ocrx_word' id='word_1_253' title='bbox 891 2457 987 2511; x_wconf 86' lang='lat' dir='ltr'><strong>sed</strong></span> <span class='ocrx_word' id='word_1_254' title='bbox 1022 2455 1382 2510; x_wconf 81' lang='lat' dir='ltr'><strong>humilitatem</strong></span> <span class='ocrx_word' id='word_1_255' title='bbox 1407 2455 1721 2528; x_wconf 76' lang='lat' dir='ltr'><strong>approbatis</strong></span> <span class='ocrx_word' id='word_1_256' title='bbox 1759 2471 1957 2520; x_wconf 88' lang='lat' dir='ltr'><strong>meam,</strong></span> <span class='ocrx_word' id='word_1_257' title='bbox 1995 2456 2107 2511; x_wconf 79' lang='lat' dir='ltr'><strong>sal-</strong></span> 
     </span>
    </p>
   </div>
   <div class='ocr_carea' id='block_1_36' title="bbox 527 2545 2105 2612">
    <p class='ocr_par' dir='ltr' id='par_1_36' title="bbox 527 2545 2105 2612">
     <span class='ocr_line' id='line_1_36' title="bbox 527 2545 2105 2612; baseline 0.001 -12"><span class='ocrx_word' id='word_1_258' title='bbox 527 2548 666 2601; x_wconf 71' lang='lat' dir='ltr'><strong>uasti</strong></span> <span class='ocrx_word' id='word_1_259' title='bbox 696 2546 760 2600; x_wconf 90' lang='lat' dir='ltr'><strong>de</strong></span> <span class='ocrx_word' id='word_1_260' title='bbox 788 2545 1188 2600; x_wconf 82' lang='lat' dir='ltr'><strong>necessitatibus</strong></span> <span class='ocrx_word' id='word_1_261' title='bbox 1227 2547 1464 2600; x_wconf 89' lang='lat' dir='ltr'><strong><em>animam</em></strong></span> <span class='ocrx_word' id='word_1_262' title='bbox 1493 2563 1690 2612; x_wconf 88' lang='lat' dir='ltr'><strong><em>meam,</em></strong></span> <span class='ocrx_word' id='word_1_263' title='bbox 1724 2562 1816 2600; x_wconf 88' lang='lat' dir='ltr'><strong>nec</strong></span> <span class='ocrx_word' id='word_1_264' title='bbox 1841 2547 2105 2601; x_wconf 83' lang='lat' dir='ltr'><strong>conclusi-</strong></span> 
     </span>
    </p>
   </div>
   <div class='ocr_carea' id='block_1_37' title="bbox 525 2638 2108 2710">
    <p class='ocr_par' dir='ltr' id='par_1_37' title="bbox 525 2638 2108 2710">
     <span class='ocr_line' id='line_1_37' title="bbox 525 2638 2108 2710; baseline -0.001 -16"><span class='ocrx_word' id='word_1_265' title='bbox 525 2641 598 2694; x_wconf 85' lang='lat' dir='ltr'><strong>sti</strong></span> <span class='ocrx_word' id='word_1_266' title='bbox 624 2657 702 2693; x_wconf 88' lang='lat' dir='ltr'><strong>nte</strong></span> <span class='ocrx_word' id='word_1_267' title='bbox 732 2640 786 2692; x_wconf 88' lang='lat' dir='ltr'><strong>in</strong></span> <span class='ocrx_word' id='word_1_268' title='bbox 812 2638 1056 2692; x_wconf 89' lang='lat' dir='ltr'><strong>manibus</strong></span> <span class='ocrx_word' id='word_1_269' title='bbox 1111 2639 1349 2703; x_wconf 81' lang='lat' dir='ltr'><strong>inimici;</strong></span> <span class='ocrx_word' id='word_1_270' title='bbox 1393 2654 1457 2694; x_wconf 88' lang='lat' dir='ltr'><strong>ac</strong></span> <span class='ocrx_word' id='word_1_271' title='bbox 1503 2647 1702 2710; x_wconf 62' lang='lat' dir='ltr'><strong>praeter</strong></span> <span class='ocrx_word' id='word_1_272' title='bbox 1740 2640 2108 2710; x_wconf 83' lang='lat' dir='ltr'><strong>exspectatio-</strong></span> 
     </span>
    </p>
   </div>
   <div class='ocr_carea' id='block_1_38' title="bbox 523 2731 2104 2802">
    <p class='ocr_par' dir='ltr' id='par_1_38' title="bbox 523 2731 2104 2802">
     <span class='ocr_line' id='line_1_38' title="bbox 523 2731 2104 2802; baseline -0.003 -14"><span class='ocrx_word' id='word_1_273' title='bbox 523 2748 650 2790; x_wconf 91' lang='lat' dir='ltr'><strong>nem</strong></span> <span class='ocrx_word' id='word_1_274' title='bbox 682 2747 768 2788; x_wconf 91' lang='lat' dir='ltr'><strong>me</strong></span> <span class='ocrx_word' id='word_1_275' title='bbox 803 2733 857 2787; x_wconf 92' lang='lat' dir='ltr'><strong>in</strong></span> <span class='ocrx_word' id='word_1_276' title='bbox 891 2731 1100 2788; x_wconf 89' lang='lat' dir='ltr'><strong>retibus</strong></span> <span class='ocrx_word' id='word_1_277' title='bbox 1151 2732 1264 2802; x_wconf 81' lang='lat' dir='ltr'><strong>jam</strong></span> <span class='ocrx_word' id='word_1_278' title='bbox 1304 2732 1646 2797; x_wconf 85' lang='lat' dir='ltr'><strong>devolutum,</strong></span> <span class='ocrx_word' id='word_1_279' title='bbox 1677 2741 1731 2787; x_wconf 91' lang='lat' dir='ltr'><strong>et</strong></span> <span class='ocrx_word' id='word_1_280' title='bbox 1756 2731 2104 2786; x_wconf 90' lang='lat' dir='ltr'><strong>inimicorum</strong></span> 
     </span>
    </p>
   </div>
   <div class='ocr_carea' id='block_1_39' title="bbox 522 2822 2100 2893">
    <p class='ocr_par' dir='ltr' id='par_1_39' title="bbox 522 2822 2100 2893">
     <span class='ocr_line' id='line_1_39' title="bbox 522 2822 2100 2893; baseline -0.003 -15"><span class='ocrx_word' id='word_1_281' title='bbox 522 2823 783 2878; x_wconf 88' lang='lat' dir='ltr'><strong>manibus</strong></span> <span class='ocrx_word' id='word_1_282' title='bbox 824 2822 1112 2888; x_wconf 87' lang='lat' dir='ltr'><strong>traditum,</strong></span> <span class='ocrx_word' id='word_1_283' title='bbox 1148 2823 1399 2893; x_wconf 77' lang='lat' dir='ltr'><strong>eripuisti</strong></span> <span class='ocrx_word' id='word_1_284' title='bbox 1431 2823 1804 2892; x_wconf 80' lang='lat' dir='ltr'><strong>remisistique</strong></span> <span class='ocrx_word' id='word_1_285' title='bbox 1847 2822 2100 2886; x_wconf 88' lang='lat' dir='ltr'><strong>liberum,</strong></span> 
     </span>
    </p>
   </div>
   <div class='ocr_carea' id='block_1_40' title="bbox 523 2915 2105 2986">
    <p class='ocr_par' dir='ltr' id='par_1_40' title="bbox 523 2915 2105 2986">
     <span class='ocr_line' id='line_1_40' title="bbox 523 2915 2105 2986; baseline -0.003 -14"><span class='ocrx_word' id='word_1_286' title='bbox 523 2915 690 2986; x_wconf 81' lang='lat' dir='ltr'><strong>pedes</strong></span> <span class='ocrx_word' id='word_1_287' title='bbox 728 2930 882 2970; x_wconf 90' lang='lat' dir='ltr'><strong>meos</strong></span> <span class='ocrx_word' id='word_1_288' title='bbox 923 2916 978 2968; x_wconf 91' lang='lat' dir='ltr'><strong>in</strong></span> <span class='ocrx_word' id='word_1_289' title='bbox 1020 2915 1314 2970; x_wconf 87' lang='lat' dir='ltr'><strong>latitudine</strong></span> <span class='ocrx_word' id='word_1_290' title='bbox 1355 2929 1420 2969; x_wconf 89' lang='lat' dir='ltr'><strong>ac</strong></span> <span class='ocrx_word' id='word_1_291' title='bbox 1460 2915 1516 2969; x_wconf 93' lang='lat' dir='ltr'><strong>in</strong></span> <span class='ocrx_word' id='word_1_292' title='bbox 1545 2915 1667 2970; x_wconf 91' lang='lat' dir='ltr'><strong>loco</strong></span> <span class='ocrx_word' id='word_1_293' title='bbox 1697 2915 1938 2985; x_wconf 90' lang='lat' dir='ltr'><strong>spatioso</strong></span> <span class='ocrx_word' id='word_1_294' title='bbox 1970 2930 2105 2968; x_wconf 81' lang='lat' dir='ltr'><strong>con-</strong></span> 
     </span>
    </p>
   </div>
   <div class='ocr_carea' id='block_1_41' title="bbox 501 3005 2102 3078">
    <p class='ocr_par' dir='ltr' id='par_1_41' title="bbox 501 3005 2102 3078">
     <span class='ocr_line' id='line_1_41' title="bbox 501 3005 2102 3078; baseline 0 -16"><span class='ocrx_word' id='word_1_295' title='bbox 501 3008 792 3070; x_wconf 73' lang='lat' dir='ltr'><strong>stituisti,</strong></span> <span class='ocrx_word' id='word_1_296' title='bbox 848 3007 1139 3076; x_wconf 90' lang='lat' dir='ltr'><strong>solutoque</strong></span> <span class='ocrx_word' id='word_1_297' title='bbox 1193 3005 1324 3060; x_wconf 87' lang='lat' dir='ltr'><strong>mihi</strong></span> <span class='ocrx_word' id='word_1_298' title='bbox 1382 3007 1750 3070; x_wconf 80' lang='lat' dir='ltr'><strong>concessisti,</strong></span> <span class='ocrx_word' id='word_1_299' title='bbox 1787 3008 2102 3078; x_wconf 86' lang='lat' dir='ltr'><strong>ubicunque</strong></span> 
     </span>
    </p>
   </div>
   <div class='ocr_carea' id='block_1_42' title="bbox 518 3099 2099 3170">
    <p class='ocr_par' dir='ltr' id='par_1_42' title="bbox 518 3099 2099 3170">
     <span class='ocr_line' id='line_1_42' title="bbox 518 3099 2099 3170; baseline -0.001 -16"><span class='ocrx_word' id='word_1_300' title='bbox 518 3102 711 3156; x_wconf 80' lang='lat' dir='ltr'><strong>vellem</strong></span> <span class='ocrx_word' id='word_1_301' title='bbox 739 3100 1068 3157; x_wconf 89' lang='lat' dir='ltr'><strong>incederem.</strong></span> <span class='ocrx_word' id='word_1_302' title='bbox 1094 3099 1153 3154; x_wconf 93' lang='lat' dir='ltr'><strong>ln</strong></span> <span class='ocrx_word' id='word_1_303' title='bbox 1179 3099 1409 3155; x_wconf 85' lang='lat' dir='ltr'><strong>historia</strong></span> <span class='ocrx_word' id='word_1_304' title='bbox 1434 3115 1597 3170; x_wconf 90' lang='lat' dir='ltr'><strong>porro</strong></span> <span class='ocrx_word' id='word_1_305' title='bbox 1620 3111 1895 3163; x_wconf 80' lang='lat' dir='ltr'><strong>narratur,</strong></span> <span class='ocrx_word' id='word_1_306' title='bbox 1924 3100 2099 3170; x_wconf 88' lang='lat' dir='ltr'><strong>ipsum</strong></span> 
     </span>
    </p>
   </div>
   <div class='ocr_carea' id='block_1_43' title="bbox 2227 1529 3422 1603">
    <p class='ocr_par' dir='ltr' id='par_1_43' title="bbox 2227 1529 3422 1603">
     <span class='ocr_line' id='line_1_43' title="bbox 2227 1529 3422 1603; baseline 0.002 -21"><span class='ocrx_word' id='word_1_307' title='bbox 2227 1529 2330 1600; x_wconf 82' lang='grc' dir='ltr'><strong>τῆς</strong></span> <span class='ocrx_word' id='word_1_308' title='bbox 2355 1532 2436 1594; x_wconf 82' lang='grc' dir='ltr'><strong>εἰς</strong></span> <span class='ocrx_word' id='word_1_309' title='bbox 2463 1530 2522 1582; x_wconf 82' lang='grc' dir='ltr'><strong>σὲ</strong></span> <span class='ocrx_word' id='word_1_310' title='bbox 2550 1530 2765 1596; x_wconf 79' lang='grc' dir='ltr'><strong>ἐλπίδος</strong></span> <span class='ocrx_word' id='word_1_311' title='bbox 2795 1530 2937 1603; x_wconf 83' lang='grc' dir='ltr'><strong>χαρὰ</strong></span> <span class='ocrx_word' id='word_1_312' title='bbox 2965 1532 3060 1584; x_wconf 77' lang='grc' dir='ltr'><strong>καὶ</strong></span> <span class='ocrx_word' id='word_1_313' title='bbox 3097 1530 3422 1602; x_wconf 77' lang='grc' dir='ltr'><strong>εὐφροσύνη.</strong></span> 
     </span>
    </p>
   </div>
   <div class='ocr_carea' id='block_1_44' title="bbox 2300 1622 3806 1692">
    <p class='ocr_par' dir='ltr' id='par_1_44' title="bbox 2300 1622 3806 1692">
     <span class='ocr_line' id='line_1_44' title="bbox 2300 1622 3806 1692; baseline 0.001 -17"><span class='ocrx_word' id='word_1_314' title='bbox 2300 1623 2422 1676; x_wconf 79' lang='grc' dir='ltr'><strong>Ὀτι</strong></span> <span class='ocrx_word' id='word_1_315' title='bbox 2455 1623 2690 1690; x_wconf 79' lang='grc' dir='ltr'><strong>ἑπεῖδες</strong></span> <span class='ocrx_word' id='word_1_316' title='bbox 2729 1622 2846 1692; x_wconf 81' lang='grc' dir='ltr'><strong>τὴν</strong></span> <span class='ocrx_word' id='word_1_317' title='bbox 2885 1623 3252 1678; x_wconf 80' lang='grc' dir='ltr'><strong>ταπείνωσίν</strong></span> <span class='ocrx_word' id='word_1_318' title='bbox 3287 1640 3428 1692; x_wconf 81' lang='grc' dir='ltr'><strong>μου,</strong></span> <span class='ocrx_word' id='word_1_319' title='bbox 3458 1623 3696 1690; x_wconf 76' lang='grc' dir='ltr'><strong>ἔσωσας</strong></span> <span class='ocrx_word' id='word_1_320' title='bbox 3735 1624 3806 1678; x_wconf 82' lang='grc' dir='ltr'><strong>ἐκ</strong></span> 
     </span>
    </p>
   </div>
   <div class='ocr_carea' id='block_1_45' title="bbox 2225 1714 3808 1785">
    <p class='ocr_par' dir='ltr' id='par_1_45' title="bbox 2225 1714 3808 1785">
     <span class='ocr_line' id='line_1_45' title="bbox 2225 1714 3808 1785; baseline 0.001 -15"><span class='ocrx_word' id='word_1_321' title='bbox 2225 1715 2350 1771; x_wconf 80' lang='grc' dir='ltr'><strong>τῶν</strong></span> <span class='ocrx_word' id='word_1_322' title='bbox 2375 1714 2655 1785; x_wconf 76' lang='grc' dir='ltr'><strong>ἀναγκῶν</strong></span> <span class='ocrx_word' id='word_1_323' title='bbox 2681 1715 2796 1784; x_wconf 78' lang='grc' dir='ltr'><strong>τὴν</strong></span> <span class='ocrx_word' id='word_1_324' title='bbox 2821 1715 3034 1785; x_wconf 67' lang='grc' dir='ltr'><strong>ψυχήν</strong></span> <span class='ocrx_word' id='word_1_325' title='bbox 3055 1733 3199 1785; x_wconf 84' lang='grc' dir='ltr'><strong>μου.</strong></span> <span class='ocrx_word' id='word_1_326' title='bbox 3228 1716 3340 1769; x_wconf 85' lang='lat' dir='ltr'><strong>Kal</strong></span> <span class='ocrx_word' id='word_1_327' title='bbox 3384 1719 3457 1770; x_wconf 88' lang='grc' dir='ltr'><strong>οὐ</strong></span> <span class='ocrx_word' id='word_1_328' title='bbox 3499 1716 3808 1772; x_wconf 60' lang='lat' dir='ltr'><strong>avi-duet-</strong></span> 
     </span>
    </p>
   </div>
   <div class='ocr_carea' id='block_1_46' title="bbox 2225 1807 3803 1880">
    <p class='ocr_par' dir='ltr' id='par_1_46' title="bbox 2225 1807 3803 1880">
     <span class='ocr_line' id='line_1_46' title="bbox 2225 1807 3803 1880; baseline 0.001 -4"><span class='ocrx_word' id='word_1_329' title='bbox 2225 1808 2343 1876; x_wconf 82' lang='grc' dir='ltr'><strong>σάς</strong></span> <span class='ocrx_word' id='word_1_330' title='bbox 2365 1826 2443 1878; x_wconf 82' lang='grc' dir='ltr'><strong>με</strong></span> <span class='ocrx_word' id='word_1_331' title='bbox 2469 1811 2557 1875; x_wconf 77' lang='grc' dir='ltr'><strong>εὶς</strong></span> <span class='ocrx_word' id='word_1_332' title='bbox 2585 1808 2786 1880; x_wconf 68' lang='grc' dir='ltr'><strong>χεᾶπις</strong></span> <span class='ocrx_word' id='word_1_333' title='bbox 2808 1807 3064 1878; x_wconf 70' lang='grc' dir='ltr'><strong>ἐχθρῶν-</strong></span> <span class='ocrx_word' id='word_1_334' title='bbox 3099 1808 3368 1876; x_wconf 51' lang='lat' dir='ltr'><strong>corneae</strong></span> <span class='ocrx_word' id='word_1_335' title='bbox 3395 1808 3467 1863; x_wconf 77' lang='grc' dir='ltr'><strong>έν</strong></span> <span class='ocrx_word' id='word_1_336' title='bbox 3487 1807 3803 1878; x_wconf 71' lang='grc' dir='ltr'><strong>εὐρυχώρῳ</strong></span> 
     </span>
    </p>
   </div>
   <div class='ocr_carea' id='block_1_47' title="bbox 2222 1899 3804 1972">
    <p class='ocr_par' dir='ltr' id='par_1_47' title="bbox 2222 1899 3804 1972">
     <span class='ocr_line' id='line_1_47' title="bbox 2222 1899 3804 1972; baseline 0 -18"><span class='ocrx_word' id='word_1_337' title='bbox 2222 1901 2366 1969; x_wconf 82' lang='grc' dir='ltr'><strong>τοὺς</strong></span> <span class='ocrx_word' id='word_1_338' title='bbox 2396 1901 2586 1968; x_wconf 79' lang='grc' dir='ltr'><strong>πόδας</strong></span> <span class='ocrx_word' id='word_1_339' title='bbox 2608 1901 2898 1971; x_wconf 83' lang='grc' dir='ltr'><strong>μου.Ἥδη</strong></span> <span class='ocrx_word' id='word_1_340' title='bbox 2928 1901 3022 1955; x_wconf 75' lang='grc' dir='ltr'><strong>καὶ</strong></span> <span class='ocrx_word' id='word_1_341' title='bbox 3051 1899 3237 1953; x_wconf 81' lang='grc' dir='ltr'><strong>ἄλλοτε</strong></span> <span class='ocrx_word' id='word_1_342' title='bbox 3265 1901 3472 1964; x_wconf 81' lang='grc' dir='ltr'><strong>ἐπεῖδες</strong></span> <span class='ocrx_word' id='word_1_343' title='bbox 3495 1902 3592 1972; x_wconf 72' lang='grc' dir='ltr'><strong>τὴν</strong></span> <span class='ocrx_word' id='word_1_344' title='bbox 3612 1901 3804 1955; x_wconf 85' lang='grc' dir='ltr'><strong>ταπεί-</strong></span> 
     </span>
    </p>
   </div>
   <div class='ocr_carea' id='block_1_48' title="bbox 2221 1992 3800 2066">
    <p class='ocr_par' dir='ltr' id='par_1_48' title="bbox 2221 1992 3800 2066">
     <span class='ocr_line' id='line_1_48' title="bbox 2221 1992 3800 2066; baseline -0.003 -17"><span class='ocrx_word' id='word_1_345' title='bbox 2221 1994 2386 2049; x_wconf 87' lang='grc' dir='ltr'><strong>νωσίν</strong></span> <span class='ocrx_word' id='word_1_346' title='bbox 2422 2012 2522 2066; x_wconf 90' lang='grc' dir='ltr'><strong>μου</strong></span> <span class='ocrx_word' id='word_1_347' title='bbox 2543 2012 2554 2024; x_wconf 90' lang='grc'><strong>·</strong></span> <span class='ocrx_word' id='word_1_348' title='bbox 2593 1994 2852 2058; x_wconf 81' lang='grc' dir='ltr'><strong>πολλάκις</strong></span> <span class='ocrx_word' id='word_1_349' title='bbox 2883 2011 2942 2046; x_wconf 90' lang='grc' dir='ltr'><strong>τε</strong></span> <span class='ocrx_word' id='word_1_350' title='bbox 2976 1993 3375 2065; x_wconf 78' lang='grc' dir='ltr'><strong>περιπεσούσης</strong></span> <span class='ocrx_word' id='word_1_351' title='bbox 3401 1993 3502 2063; x_wconf 81' lang='grc' dir='ltr'><strong>τῆς</strong></span> <span class='ocrx_word' id='word_1_352' title='bbox 3531 1993 3669 2064; x_wconf 79' lang='grc' dir='ltr'><strong>ἐμῆς</strong></span> <span class='ocrx_word' id='word_1_353' title='bbox 3693 1992 3800 2062; x_wconf 79' lang='grc' dir='ltr'><strong>ψυ-</strong></span> 
     </span>
    </p>
   </div>
   <div class='ocr_carea' id='block_1_49' title="bbox 2221 2084 3797 2157">
    <p class='ocr_par' dir='ltr' id='par_1_49' title="bbox 2221 2084 3797 2157">
     <span class='ocr_line' id='line_1_49' title="bbox 2221 2084 3797 2157; baseline -0.015 1"><span class='ocrx_word' id='word_1_354' title='bbox 2221 2087 2320 2157; x_wconf 77' lang='grc' dir='ltr'><strong>χῆς</strong></span> <span class='ocrx_word' id='word_1_355' title='bbox 2354 2087 2620 2156; x_wconf 82' lang='grc' dir='ltr'><strong>ἀνάγκαις</strong></span> <span class='ocrx_word' id='word_1_356' title='bbox 2650 2090 2772 2150; x_wconf 83' lang='grc' dir='ltr'><strong>ταῖς</strong></span> <span class='ocrx_word' id='word_1_357' title='bbox 2802 2086 2907 2140; x_wconf 76' lang='grc' dir='ltr'><strong>ὑπὸ</strong></span> <span class='ocrx_word' id='word_1_358' title='bbox 2939 2084 3047 2138; x_wconf 84' lang='grc' dir='ltr'><strong>τῶν</strong></span> <span class='ocrx_word' id='word_1_359' title='bbox 3077 2084 3286 2156; x_wconf 80' lang='grc' dir='ltr'><strong>ἐχθρῶν</strong></span> <span class='ocrx_word' id='word_1_360' title='bbox 3316 2084 3676 2147; x_wconf 81' lang='grc' dir='ltr'><strong>ὲπιτεθείσαις</strong></span> <span class='ocrx_word' id='word_1_361' title='bbox 3696 2084 3797 2138; x_wconf 81' lang='grc' dir='ltr'><strong>αύ-</strong></span> 
     </span>
    </p>
   </div>
   <div class='ocr_carea' id='block_1_50' title="bbox 2218 2175 3798 2251">
    <p class='ocr_par' dir='ltr' id='par_1_50' title="bbox 2218 2175 3798 2251">
     <span class='ocr_line' id='line_1_50' title="bbox 2218 2175 3798 2251; baseline -0.004 -17"><span class='ocrx_word' id='word_1_362' title='bbox 2218 2183 2306 2251; x_wconf 81' lang='grc' dir='ltr'><strong>τῇ,</strong></span> <span class='ocrx_word' id='word_1_363' title='bbox 2333 2178 2466 2250; x_wconf 83' lang='grc' dir='ltr'><strong>ἐμοῦ</strong></span> <span class='ocrx_word' id='word_1_364' title='bbox 2508 2195 2568 2231; x_wconf 91' lang='grc' dir='ltr'><strong>τε</strong></span> <span class='ocrx_word' id='word_1_365' title='bbox 2606 2179 2772 2249; x_wconf 78' lang='grc' dir='ltr'><strong>μηδὲν</strong></span> <span class='ocrx_word' id='word_1_366' title='bbox 2799 2177 2960 2231; x_wconf 83' lang='grc' dir='ltr'><strong>πλέον</strong></span> <span class='ocrx_word' id='word_1_367' title='bbox 2995 2176 3324 2248; x_wconf 80' lang='grc' dir='ltr'><strong>πράττοντος</strong></span> <span class='ocrx_word' id='word_1_368' title='bbox 3352 2175 3385 2247; x_wconf 77' lang='grc' dir='ltr'>ἢ</span> <span class='ocrx_word' id='word_1_369' title='bbox 3413 2175 3798 2240; x_wconf 81' lang='grc' dir='ltr'><strong>ταπεινοῦντος</strong></span> 
     </span>
    </p>
   </div>
   <div class='ocr_carea' id='block_1_51' title="bbox 2218 2268 3800 2345">
    <p class='ocr_par' dir='ltr' id='par_1_51' title="bbox 2218 2268 3800 2345">
     <span class='ocr_line' id='line_1_51' title="bbox 2218 2268 3800 2345; baseline -0.001 -18"><span class='ocrx_word' id='word_1_370' title='bbox 2218 2272 2453 2345; x_wconf 75' lang='grc' dir='ltr'><strong>ἐμαυτὸν</strong></span> <span class='ocrx_word' id='word_1_371' title='bbox 2479 2272 2574 2325; x_wconf 73' lang='grc' dir='ltr'><strong>καὶ</strong></span> <span class='ocrx_word' id='word_1_372' title='bbox 2597 2270 2890 2334; x_wconf 86' lang='grc' dir='ltr'><strong>κακοῦντος</strong></span> <span class='ocrx_word' id='word_1_373' title='bbox 2912 2270 3000 2324; x_wconf 83' lang='grc' dir='ltr'><strong>διὰ</strong></span> <span class='ocrx_word' id='word_1_374' title='bbox 3031 2270 3140 2324; x_wconf 83' lang='grc' dir='ltr'><strong>τῶν</strong></span> <span class='ocrx_word' id='word_1_375' title='bbox 3173 2268 3309 2343; x_wconf 80' lang='grc' dir='ltr'><strong>πρὸς</strong></span> <span class='ocrx_word' id='word_1_376' title='bbox 3331 2268 3390 2322; x_wconf 75' lang='grc' dir='ltr'><strong>σὲ</strong></span> <span class='ocrx_word' id='word_1_377' title='bbox 3411 2268 3502 2322; x_wconf 86' lang='grc' dir='ltr'><strong>τὸν</strong></span> <span class='ocrx_word' id='word_1_378' title='bbox 3528 2268 3659 2322; x_wconf 83' lang='grc' dir='ltr'><strong>Θεὸν</strong></span> <span class='ocrx_word' id='word_1_379' title='bbox 3681 2270 3800 2326; x_wconf 68' lang='lat' dir='ltr'><strong>tu-</strong></span> 
     </span>
    </p>
   </div>
   <div class='ocr_carea' id='block_1_52' title="bbox 2215 2363 3794 2438">
    <p class='ocr_par' dir='ltr' id='par_1_52' title="bbox 2215 2363 3794 2438">
     <span class='ocr_line' id='line_1_52' title="bbox 2215 2363 3794 2438; baseline -0.001 -20"><span class='ocrx_word' id='word_1_380' title='bbox 2215 2365 2439 2438; x_wconf 83' lang='grc' dir='ltr'><strong>τηρῐων,</strong></span> <span class='ocrx_word' id='word_1_381' title='bbox 2473 2365 2535 2417; x_wconf 79' lang='grc' dir='ltr'><strong>σὺ</strong></span> <span class='ocrx_word' id='word_1_382' title='bbox 2569 2363 2730 2426; x_wconf 73' lang='grc' dir='ltr'><strong>αὐτὸς</strong></span> <span class='ocrx_word' id='word_1_383' title='bbox 2770 2365 2797 2416; x_wconf 90' lang='lat'><strong>6</strong></span> <span class='ocrx_word' id='word_1_384' title='bbox 2831 2363 2961 2432; x_wconf 82' lang='grc' dir='ltr'><strong>ὲμδς</strong></span> <span class='ocrx_word' id='word_1_385' title='bbox 2992 2364 3306 2434; x_wconf 81' lang='grc' dir='ltr'><strong>ὑπέρμαχος</strong></span> <span class='ocrx_word' id='word_1_386' title='bbox 3345 2363 3438 2416; x_wconf 77' lang='grc' dir='ltr'><strong>καὶ</strong></span> <span class='ocrx_word' id='word_1_387' title='bbox 3483 2363 3794 2434; x_wconf 77' lang='grc' dir='ltr'><strong>ὑπερασπι-</strong></span> 
     </span>
    </p>
   </div>
   <div class='ocr_carea' id='block_1_53' title="bbox 2217 2453 3796 2529">
    <p class='ocr_par' dir='ltr' id='par_1_53' title="bbox 2217 2453 3796 2529">
     <span class='ocr_line' id='line_1_53' title="bbox 2217 2453 3796 2529; baseline -0.003 -19"><span class='ocrx_word' id='word_1_388' title='bbox 2217 2457 2366 2529; x_wconf 82' lang='grc' dir='ltr'><strong>στὴς,</strong></span> <span class='ocrx_word' id='word_1_389' title='bbox 2392 2457 2466 2529; x_wconf 81' lang='grc' dir='ltr'><strong>μὴ</strong></span> <span class='ocrx_word' id='word_1_390' title='bbox 2489 2453 2896 2528; x_wconf 82' lang='grc' dir='ltr'><strong>ἁντιπαρελθών</strong></span> <span class='ocrx_word' id='word_1_391' title='bbox 2923 2473 3013 2527; x_wconf 91' lang='grc' dir='ltr'><strong>με,</strong></span> <span class='ocrx_word' id='word_1_392' title='bbox 3037 2454 3434 2526; x_wconf 80' lang='grc' dir='ltr'><strong>ἀποδεξάμενος</strong></span> <span class='ocrx_word' id='word_1_393' title='bbox 3453 2454 3510 2508; x_wconf 82' lang='grc' dir='ltr'><strong>δὲ</strong></span> <span class='ocrx_word' id='word_1_394' title='bbox 3537 2454 3632 2525; x_wconf 84' lang='grc' dir='ltr'><strong>τὴν</strong></span> <span class='ocrx_word' id='word_1_395' title='bbox 3654 2453 3796 2527; x_wconf 75' lang='grc' dir='ltr'><strong>ἐμὴν</strong></span> 
     </span>
    </p>
   </div>
   <div class='ocr_carea' id='block_1_54' title="bbox 2213 2545 3796 2618">
    <p class='ocr_par' dir='ltr' id='par_1_54' title="bbox 2213 2545 3796 2618">
     <span class='ocr_line' id='line_1_54' title="bbox 2213 2545 3796 2618; baseline -0.001 -15"><span class='ocrx_word' id='word_1_396' title='bbox 2213 2550 2560 2613; x_wconf 80' lang='grc' dir='ltr'><strong>ταπείνωσιν,</strong></span> <span class='ocrx_word' id='word_1_397' title='bbox 2591 2550 2829 2614; x_wconf 80' lang='grc' dir='ltr'><strong>ἔσωσας</strong></span> <span class='ocrx_word' id='word_1_398' title='bbox 2851 2549 2921 2602; x_wconf 86' lang='grc' dir='ltr'><strong>ἐκ</strong></span> <span class='ocrx_word' id='word_1_399' title='bbox 2950 2547 3072 2601; x_wconf 71' lang='grc' dir='ltr'><strong>τῶν</strong></span> <span class='ocrx_word' id='word_1_400' title='bbox 3099 2547 3378 2618; x_wconf 78' lang='grc' dir='ltr'><strong>ἀναγκῶν</strong></span> <span class='ocrx_word' id='word_1_401' title='bbox 3421 2547 3539 2616; x_wconf 70' lang='grc' dir='ltr'><strong>τὴν</strong></span> <span class='ocrx_word' id='word_1_402' title='bbox 3581 2545 3796 2617; x_wconf 68' lang='grc' dir='ltr'><strong>ψυχήν</strong></span> 
     </span>
    </p>
   </div>
   <div class='ocr_carea' id='block_1_55' title="bbox 2205 2637 3789 2712">
    <p class='ocr_par' dir='ltr' id='par_1_55' title="bbox 2205 2637 3789 2712">
     <span class='ocr_line' id='line_1_55' title="bbox 2205 2637 3789 2712; baseline -0.004 -15"><span class='ocrx_word' id='word_1_403' title='bbox 2205 2661 2345 2712; x_wconf 80' lang='grc' dir='ltr'><strong>μου,</strong></span> <span class='ocrx_word' id='word_1_404' title='bbox 2382 2642 2481 2696; x_wconf 76' lang='grc' dir='ltr'><strong>καὶ</strong></span> <span class='ocrx_word' id='word_1_405' title='bbox 2522 2644 2592 2696; x_wconf 84' lang='grc' dir='ltr'><strong>οὐ</strong></span> <span class='ocrx_word' id='word_1_406' title='bbox 2637 2639 3042 2708; x_wconf 73' lang='grc' dir='ltr'><strong>συνέκλεισάς</strong></span> <span class='ocrx_word' id='word_1_407' title='bbox 3068 2658 3146 2710; x_wconf 82' lang='grc' dir='ltr'><strong>με</strong></span> <span class='ocrx_word' id='word_1_408' title='bbox 3182 2644 3270 2707; x_wconf 78' lang='grc' dir='ltr'><strong>εἰς</strong></span> <span class='ocrx_word' id='word_1_409' title='bbox 3301 2639 3502 2708; x_wconf 65' lang='grc' dir='ltr'><strong>χεῖρας</strong></span> <span class='ocrx_word' id='word_1_410' title='bbox 3529 2637 3789 2707; x_wconf 71' lang='grc' dir='ltr'><strong>ἐχθρῶν·</strong></span> 
     </span>
    </p>
   </div>
   <div class='ocr_carea' id='block_1_56' title="bbox 2211 2730 3794 2806">
    <p class='ocr_par' dir='ltr' id='par_1_56' title="bbox 2211 2730 3794 2806">
     <span class='ocr_line' id='line_1_56' title="bbox 2211 2730 3794 2806; baseline -0.003 -19"><span class='ocrx_word' id='word_1_411' title='bbox 2211 2733 2530 2806; x_wconf 78' lang='grc' dir='ltr'>παραδόξως</span> <span class='ocrx_word' id='word_1_412' title='bbox 2577 2733 2634 2785; x_wconf 83' lang='grc' dir='ltr'><strong>δέ</strong></span> <span class='ocrx_word' id='word_1_413' title='bbox 2689 2749 2757 2803; x_wconf 87' lang='grc' dir='ltr'><strong>με</strong></span> <span class='ocrx_word' id='word_1_414' title='bbox 2802 2731 2934 2784; x_wconf 83' lang='grc' dir='ltr'><strong>εἴσω</strong></span> <span class='ocrx_word' id='word_1_415' title='bbox 2966 2730 3194 2784; x_wconf 80' lang='grc' dir='ltr'><strong>δικτύων</strong></span> <span class='ocrx_word' id='word_1_416' title='bbox 3225 2731 3323 2802; x_wconf 69' lang='grc' dir='ltr'><strong>ἤδη</strong></span> <span class='ocrx_word' id='word_1_417' title='bbox 3354 2731 3663 2800; x_wconf 85' lang='grc' dir='ltr'><strong>γενόμενον,</strong></span> <span class='ocrx_word' id='word_1_418' title='bbox 3699 2730 3794 2782; x_wconf 73' lang='grc' dir='ltr'><strong>καὶ</strong></span> 
     </span>
    </p>
   </div>
   <div class='ocr_carea' id='block_1_57' title="bbox 2208 2819 3793 2897">
    <p class='ocr_par' dir='ltr' id='par_1_57' title="bbox 2208 2819 3793 2897">
     <span class='ocr_line' id='line_1_57' title="bbox 2208 2819 3793 2897; baseline -0.004 -19"><span class='ocrx_word' id='word_1_419' title='bbox 2208 2828 2328 2889; x_wconf 86' lang='grc' dir='ltr'><strong>ταῖς</strong></span> <span class='ocrx_word' id='word_1_420' title='bbox 2356 2825 2513 2897; x_wconf 76' lang='grc' dir='ltr'><strong>χερσὶ</strong></span> <span class='ocrx_word' id='word_1_421' title='bbox 2539 2822 2647 2876; x_wconf 83' lang='grc' dir='ltr'><strong>τῶν</strong></span> <span class='ocrx_word' id='word_1_422' title='bbox 2674 2823 2883 2894; x_wconf 77' lang='grc' dir='ltr'><strong>ἐχθρῶν</strong></span> <span class='ocrx_word' id='word_1_423' title='bbox 2908 2822 3339 2894; x_wconf 81' lang='grc' dir='ltr'><strong>παραδεδομένον</strong></span> <span class='ocrx_word' id='word_1_424' title='bbox 3367 2821 3620 2893; x_wconf 84' lang='grc' dir='ltr'><strong>ἁρπάσας</strong></span> <span class='ocrx_word' id='word_1_425' title='bbox 3648 2819 3793 2872; x_wconf 77' lang='grc' dir='ltr'><strong>ἐλεύ-</strong></span> 
     </span>
    </p>
   </div>
   <div class='ocr_carea' id='block_1_58' title="bbox 2209 2914 3794 2991">
    <p class='ocr_par' dir='ltr' id='par_1_58' title="bbox 2209 2914 3794 2991">
     <span class='ocr_line' id='line_1_58' title="bbox 2209 2914 3794 2991; baseline -0.004 -18"><span class='ocrx_word' id='word_1_426' title='bbox 2209 2919 2365 2991; x_wconf 88' lang='grc' dir='ltr'><strong>θερον</strong></span> <span class='ocrx_word' id='word_1_427' title='bbox 2399 2919 2626 2989; x_wconf 77' lang='grc' dir='ltr'><strong>ἀνῆκας,</strong></span> <span class='ocrx_word' id='word_1_428' title='bbox 2660 2918 2755 2972; x_wconf 72' lang='grc' dir='ltr'><strong>καὶ</strong></span> <span class='ocrx_word' id='word_1_429' title='bbox 2784 2918 2908 2980; x_wconf 79' lang='grc' dir='ltr'><strong>τοὺς</strong></span> <span class='ocrx_word' id='word_1_430' title='bbox 2943 2916 3110 2980; x_wconf 86' lang='grc' dir='ltr'><strong>πόδας</strong></span> <span class='ocrx_word' id='word_1_431' title='bbox 3145 2933 3245 2987; x_wconf 89' lang='grc' dir='ltr'><strong>μου</strong></span> <span class='ocrx_word' id='word_1_432' title='bbox 3280 2916 3337 2967; x_wconf 88' lang='grc' dir='ltr'><strong>ὲν</strong></span> <span class='ocrx_word' id='word_1_433' title='bbox 3366 2914 3664 2986; x_wconf 77' lang='grc' dir='ltr'><strong>πλατύτητι</strong></span> <span class='ocrx_word' id='word_1_434' title='bbox 3696 2919 3794 2967; x_wconf 76' lang='grc' dir='ltr'><strong>καὶ</strong></span> 
     </span>
    </p>
   </div>
   <div class='ocr_carea' id='block_1_59' title="bbox 2209 3005 3791 3083">
    <p class='ocr_par' dir='ltr' id='par_1_59' title="bbox 2209 3005 3791 3083">
     <span class='ocr_line' id='line_1_59' title="bbox 2209 3005 3791 3083; baseline -0.004 -19"><span class='ocrx_word' id='word_1_435' title='bbox 2209 3010 2518 3083; x_wconf 71' lang='grc' dir='ltr'><strong>εὐρυχωρίᾳ</strong></span> <span class='ocrx_word' id='word_1_436' title='bbox 2548 3009 2907 3081; x_wconf 77' lang='grc' dir='ltr'><strong>κατέστησας,</strong></span> <span class='ocrx_word' id='word_1_437' title='bbox 2946 3009 3304 3080; x_wconf 80' lang='grc' dir='ltr'><strong>συγχωρήσας</strong></span> <span class='ocrx_word' id='word_1_438' title='bbox 3333 3007 3529 3076; x_wconf 80' lang='grc' dir='ltr'><strong>ἄφετόν</strong></span> <span class='ocrx_word' id='word_1_439' title='bbox 3578 3023 3645 3076; x_wconf 89' lang='grc' dir='ltr'><strong>με</strong></span> <span class='ocrx_word' id='word_1_440' title='bbox 3689 3005 3791 3076; x_wconf 84' lang='grc' dir='ltr'><strong>βα-</strong></span> 
     </span>
    </p>
   </div>
   <div class='ocr_carea' id='block_1_60' title="bbox 2207 3099 3788 3173">
    <p class='ocr_par' dir='ltr' id='par_1_60' title="bbox 2207 3099 3788 3173">
     <span class='ocr_line' id='line_1_60' title="bbox 2207 3099 3788 3173; baseline -0.003 -17"><span class='ocrx_word' id='word_1_441' title='bbox 2207 3104 2370 3169; x_wconf 76' lang='grc' dir='ltr'><strong>δίζειν</strong></span> <span class='ocrx_word' id='word_1_442' title='bbox 2404 3105 2528 3157; x_wconf 79' lang='grc' dir='ltr'><strong>ὅποι</strong></span> <span class='ocrx_word' id='word_1_443' title='bbox 2555 3105 2650 3156; x_wconf 78' lang='grc' dir='ltr'><strong>καὶ</strong></span> <span class='ocrx_word' id='word_1_444' title='bbox 2681 3102 2962 3173; x_wconf 65' lang='grc' dir='ltr'><strong>βούλομαιι</strong></span> <span class='ocrx_word' id='word_1_445' title='bbox 2993 3101 3245 3154; x_wconf 82' lang='grc' dir='ltr'><strong>Διδάσκει</strong></span> <span class='ocrx_word' id='word_1_446' title='bbox 3273 3099 3328 3152; x_wconf 79' lang='grc' dir='ltr'><strong>δὲ</strong></span> <span class='ocrx_word' id='word_1_447' title='bbox 3364 3101 3459 3152; x_wconf 79' lang='grc' dir='ltr'><strong>καὶ</strong></span> <span class='ocrx_word' id='word_1_448' title='bbox 3489 3101 3522 3170; x_wconf 82' lang='grc' dir='ltr'>ἡ</span> <span class='ocrx_word' id='word_1_449' title='bbox 3553 3099 3788 3171; x_wconf 68' lang='grc' dir='ltr'><strong>ἱστορία,</strong></span> 
     </span>
    </p>
   </div>
   <div class='ocr_carea' id='block_1_61' title="bbox 518 3191 2100 3290">
    <p class='ocr_par' dir='ltr' id='par_1_61' title="bbox 518 3193 2100 3266">
     <span class='ocr_line' id='line_1_61' title="bbox 518 3193 2100 3266; baseline -0.002 -15"><span class='ocrx_word' id='word_1_450' title='bbox 518 3212 661 3266; x_wconf 68' lang='lat' dir='ltr'><strong>saepe</strong></span> <span class='ocrx_word' id='word_1_451' title='bbox 687 3210 718 3250; x_wconf 90' lang='lat' dir='ltr'><strong>a</strong></span> <span class='ocrx_word' id='word_1_452' title='bbox 737 3194 901 3250; x_wconf 84' lang='lat' dir='ltr'><strong>Saule</strong></span> <span class='ocrx_word' id='word_1_453' title='bbox 922 3194 1346 3266; x_wconf 89' lang='lat' dir='ltr'><strong>deprehensum,</strong></span> <span class='ocrx_word' id='word_1_454' title='bbox 1369 3201 1421 3248; x_wconf 92' lang='lat' dir='ltr'><strong>et</strong></span> <span class='ocrx_word' id='word_1_455' title='bbox 1445 3193 1740 3264; x_wconf 87' lang='lat' dir='ltr'><strong>aliquando</strong></span> <span class='ocrx_word' id='word_1_456' title='bbox 1763 3193 1817 3246; x_wconf 91' lang='lat' dir='ltr'><strong>in</strong></span> <span class='ocrx_word' id='word_1_457' title='bbox 1840 3195 2100 3264; x_wconf 85' lang='lat' dir='ltr'><strong>spelunca</strong></span> 
     </span>
    </p>
   </div>
   <div class='ocr_carea' id='block_1_62' title="bbox 2207 3191 3792 3290">
    <p class='ocr_par' dir='ltr' id='par_1_62' title="bbox 2207 3191 3792 3265">
     <span class='ocr_line' id='line_1_62' title="bbox 2207 3191 3792 3265; baseline -0.004 -15"><span class='ocrx_word' id='word_1_458' title='bbox 2207 3197 2310 3261; x_wconf 82' lang='grc' dir='ltr'><strong>ὅτι,</strong></span> <span class='ocrx_word' id='word_1_459' title='bbox 2347 3197 2608 3259; x_wconf 75' lang='grc' dir='ltr'><strong>πολλάκις</strong></span> <span class='ocrx_word' id='word_1_460' title='bbox 2639 3194 3003 3265; x_wconf 68' lang='grc' dir='ltr'><strong>καταληφθεὶς</strong></span> <span class='ocrx_word' id='word_1_461' title='bbox 3032 3193 3137 3246; x_wconf 80' lang='grc' dir='ltr'><strong>ὑπὸ</strong></span> <span class='ocrx_word' id='word_1_462' title='bbox 3182 3192 3275 3246; x_wconf 86' lang='grc' dir='ltr'><strong>τοῦ</strong></span> <span class='ocrx_word' id='word_1_463' title='bbox 3318 3192 3510 3257; x_wconf 80' lang='grc' dir='ltr'><strong>Σαοὺλ,</strong></span> <span class='ocrx_word' id='word_1_464' title='bbox 3543 3192 3635 3245; x_wconf 82' lang='grc' dir='ltr'><strong>καὶ</strong></span> <span class='ocrx_word' id='word_1_465' title='bbox 3664 3191 3792 3262; x_wconf 77' lang='grc' dir='ltr'><strong>μένο</strong></span> 
     </span>
    </p>
   </div>
   <div class='ocr_carea' id='block_1_63' title="bbox 519 3283 2103 3353">
    <p class='ocr_par' dir='ltr' id='par_1_63' title="bbox 519 3283 2103 3353">
     <span class='ocr_line' id='line_1_63' title="bbox 519 3283 2103 3353; baseline 0.001 -15"><span class='ocrx_word' id='word_1_466' title='bbox 519 3285 818 3348; x_wconf 88' lang='lat' dir='ltr'><strong>inclusum,</strong></span> <span class='ocrx_word' id='word_1_467' title='bbox 869 3298 1066 3338; x_wconf 88' lang='lat' dir='ltr'><strong>manus</strong></span> <span class='ocrx_word' id='word_1_468' title='bbox 1107 3284 1228 3353; x_wconf 84' lang='lat' dir='ltr'><strong>ejus</strong></span> <span class='ocrx_word' id='word_1_469' title='bbox 1273 3283 1533 3353; x_wconf 73' lang='lat' dir='ltr'><strong>effugisse</strong></span> <span class='ocrx_word' id='word_1_470' title='bbox 1581 3302 1595 3339; x_wconf 90' lang='lat'><strong>:</strong></span> <span class='ocrx_word' id='word_1_471' title='bbox 1642 3293 1698 3339; x_wconf 89' lang='lat' dir='ltr'><strong>et</strong></span> <span class='ocrx_word' id='word_1_472' title='bbox 1732 3285 1870 3338; x_wconf 91' lang='lat' dir='ltr'><strong>alias</strong></span> <span class='ocrx_word' id='word_1_473' title='bbox 1918 3300 1947 3338; x_wconf 92' lang='lat' dir='ltr'><strong>a</strong></span> <span class='ocrx_word' id='word_1_474' title='bbox 1975 3283 2103 3340; x_wconf 85' lang='lat' dir='ltr'><strong>Get-</strong></span> 
     </span>
    </p>
   </div>
   <div class='ocr_carea' id='block_1_64' title="bbox 516 3375 2099 3446">
    <p class='ocr_par' dir='ltr' id='par_1_64' title="bbox 516 3375 2099 3446">
     <span class='ocr_line' id='line_1_64' title="bbox 516 3375 2099 3446; baseline 0.001 -14"><span class='ocrx_word' id='word_1_475' title='bbox 516 3379 676 3432; x_wconf 67' lang='lat' dir='ltr'><strong>thaeis</strong></span> <span class='ocrx_word' id='word_1_476' title='bbox 717 3391 775 3433; x_wconf 83' lang='lat' dir='ltr'><strong>se</strong></span> <span class='ocrx_word' id='word_1_477' title='bbox 812 3384 994 3433; x_wconf 86' lang='lat' dir='ltr'><strong>mente</strong></span> <span class='ocrx_word' id='word_1_478' title='bbox 1023 3384 1243 3446; x_wconf 88' lang='lat' dir='ltr'><strong>captum</strong></span> <span class='ocrx_word' id='word_1_479' title='bbox 1288 3375 1602 3432; x_wconf 89' lang='lat' dir='ltr'><strong>simulando</strong></span> <span class='ocrx_word' id='word_1_480' title='bbox 1650 3377 1896 3446; x_wconf 89' lang='lat' dir='ltr'><strong>elapsum</strong></span> <span class='ocrx_word' id='word_1_481' title='bbox 1955 3392 2099 3434; x_wconf 88' lang='lat' dir='ltr'><strong>esse.</strong></span> 
     </span>
    </p>
   </div>
   <div class='ocr_carea' id='block_1_65' title="bbox 589 3551 2104 3626">
    <p class='ocr_par' dir='ltr' id='par_1_65' title="bbox 589 3551 2104 3626">
     <span class='ocr_line' id='line_1_65' title="bbox 589 3551 2104 3626; baseline 0.003 -20"><span class='ocrx_word' id='word_1_482' title='bbox 589 3553 753 3610; x_wconf 72' lang='lat' dir='ltr'><strong>Vens.</strong></span> <span class='ocrx_word' id='word_1_483' title='bbox 801 3555 888 3609; x_wconf 79' lang='grc'><strong>10.</strong></span> <span class='ocrx_word' id='word_1_484' title='bbox 935 3551 1188 3610; x_wconf 70' lang='lat' dir='ltr'><strong>Miserere</strong></span> <span class='ocrx_word' id='word_1_485' title='bbox 1235 3556 1357 3618; x_wconf 89' lang='lat' dir='ltr'><strong>mei,</strong></span> <span class='ocrx_word' id='word_1_486' title='bbox 1409 3554 1650 3621; x_wconf 85' lang='lat' dir='ltr'><strong>Domine,</strong></span> <span class='ocrx_word' id='word_1_487' title='bbox 1705 3555 1954 3626; x_wconf 85' lang='lat' dir='ltr'><strong>quoniam</strong></span> <span class='ocrx_word' id='word_1_488' title='bbox 2005 3557 2104 3611; x_wconf 87' lang='lat' dir='ltr'><strong>tri-</strong></span> 
     </span>
    </p>
   </div>
   <div class='ocr_carea' id='block_1_66' title="bbox 2213 3279 3790 3358">
    <p class='ocr_par' dir='ltr' id='par_1_66' title="bbox 2213 3279 3790 3358">
     <span class='ocr_line' id='line_1_66' title="bbox 2213 3279 3790 3358; baseline -0.006 -17"><span class='ocrx_word' id='word_1_489' title='bbox 2213 3306 2294 3341; x_wconf 85' lang='grc' dir='ltr'><strong>τοι</strong></span> <span class='ocrx_word' id='word_1_490' title='bbox 2329 3288 2422 3341; x_wconf 69' lang='grc' dir='ltr'><strong>καὶ</strong></span> <span class='ocrx_word' id='word_1_491' title='bbox 2449 3289 2504 3340; x_wconf 82' lang='grc' dir='ltr'><strong>ὲν</strong></span> <span class='ocrx_word' id='word_1_492' title='bbox 2533 3286 2610 3358; x_wconf 79' lang='grc' dir='ltr'><strong>τῷ</strong></span> <span class='ocrx_word' id='word_1_493' title='bbox 2641 3285 2889 3356; x_wconf 76' lang='grc' dir='ltr'><strong>σπηλαίῳ</strong></span> <span class='ocrx_word' id='word_1_494' title='bbox 2920 3281 3280 3354; x_wconf 75' lang='grc' dir='ltr'><strong>καθειρχθεὶς,</strong></span> <span class='ocrx_word' id='word_1_495' title='bbox 3312 3282 3410 3344; x_wconf 84' lang='grc' dir='ltr'><strong>τὰς</strong></span> <span class='ocrx_word' id='word_1_496' title='bbox 3438 3279 3643 3334; x_wconf 79' lang='grc' dir='ltr'><strong>ἐκείνου</strong></span> <span class='ocrx_word' id='word_1_497' title='bbox 3674 3283 3790 3350; x_wconf 85' lang='grc' dir='ltr'><strong>χεῖ-</strong></span> 
     </span>
    </p>
   </div>
   <div class='ocr_carea' id='block_1_67' title="bbox 2217 3372 3790 3453">
    <p class='ocr_par' dir='ltr' id='par_1_67' title="bbox 2217 3372 3790 3453">
     <span class='ocr_line' id='line_1_67' title="bbox 2217 3372 3790 3453; baseline -0.006 -19"><span class='ocrx_word' id='word_1_498' title='bbox 2217 3393 2314 3453; x_wconf 85' lang='grc' dir='ltr'><strong>ρας</strong></span> <span class='ocrx_word' id='word_1_499' title='bbox 2343 3377 2587 3449; x_wconf 52' lang='grc' dir='ltr'><strong>διέξυγε,</strong></span> <span class='ocrx_word' id='word_1_500' title='bbox 2625 3380 2720 3433; x_wconf 70' lang='grc' dir='ltr'><strong>καὶ</strong></span> <span class='ocrx_word' id='word_1_501' title='bbox 2749 3377 2934 3433; x_wconf 77' lang='grc' dir='ltr'><strong>ἄλλοτε</strong></span> <span class='ocrx_word' id='word_1_502' title='bbox 2956 3378 3082 3439; x_wconf 74' lang='grc' dir='ltr'><strong>τοὺς</strong></span> <span class='ocrx_word' id='word_1_503' title='bbox 3101 3374 3386 3437; x_wconf 87' lang='grc' dir='ltr'><strong>Γετθαίους</strong></span> <span class='ocrx_word' id='word_1_504' title='bbox 3403 3372 3790 3445; x_wconf 79' lang='grc' dir='ltr'><strong>παραπληξίαν</strong></span> 
     </span>
    </p>
   </div>
   <div class='ocr_carea' id='block_1_68' title="bbox 2213 3473 2709 3546">
    <p class='ocr_par' dir='ltr' id='par_1_68' title="bbox 2213 3473 2709 3546">
     <span class='ocr_line' id='line_1_68' title="bbox 2213 3473 2709 3546; baseline -0.002 -20"><span class='ocrx_word' id='word_1_505' title='bbox 2213 3491 2314 3546; x_wconf 84' lang='grc' dir='ltr'><strong>σχη</strong></span> <span class='ocrx_word' id='word_1_506' title='bbox 2324 3473 2709 3544; x_wconf 84' lang='grc' dir='ltr'><strong>ματισάμενος.</strong></span> 
     </span>
    </p>
   </div>
   <div class='ocr_carea' id='block_1_69' title="bbox 2294 3559 3789 3634">
    <p class='ocr_par' dir='ltr' id='par_1_69' title="bbox 2294 3559 3789 3634">
     <span class='ocr_line' id='line_1_69' title="bbox 2294 3559 3789 3634; baseline -0.001 -18"><span class='ocrx_word' id='word_1_507' title='bbox 2294 3566 2580 3632; x_wconf 75' lang='grc' dir='ltr'><strong>Ἐλέησόν</strong></span> <span class='ocrx_word' id='word_1_508' title='bbox 2605 3583 2702 3634; x_wconf 82' lang='grc' dir='ltr'><strong>με,</strong></span> <span class='ocrx_word' id='word_1_509' title='bbox 2735 3565 2929 3634; x_wconf 81' lang='grc' dir='ltr'><strong>Κύριε,</strong></span> <span class='ocrx_word' id='word_1_510' title='bbox 2957 3564 3045 3618; x_wconf 75' lang='grc' dir='ltr'><strong>ὅτι</strong></span> <span class='ocrx_word' id='word_1_511' title='bbox 3071 3563 3362 3632; x_wconf 70' lang='grc' dir='ltr'><strong>θλίϐομαι*</strong></span> <span class='ocrx_word' id='word_1_512' title='bbox 3403 3559 3696 3630; x_wconf 82' lang='grc' dir='ltr'><strong>ἐταράχθη</strong></span> <span class='ocrx_word' id='word_1_513' title='bbox 3715 3559 3789 3614; x_wconf 79' lang='grc' dir='ltr'><strong>ἐν</strong></span> 
     </span>
    </p>
   </div>
   <div class='ocr_carea' id='block_1_70' title="bbox 517 3647 2100 3726">
    <p class='ocr_par' dir='ltr' id='par_1_70' title="bbox 517 3647 2100 3714">
     <span class='ocr_line' id='line_1_70' title="bbox 517 3647 2100 3714; baseline 0.001 -13"><span class='ocrx_word' id='word_1_514' title='bbox 517 3648 715 3703; x_wconf 85' lang='lat' dir='ltr'><strong>bulor:</strong></span> <span class='ocrx_word' id='word_1_515' title='bbox 758 3647 1101 3702; x_wconf 86' lang='lat' dir='ltr'><strong>conturbatus</strong></span> <span class='ocrx_word' id='word_1_516' title='bbox 1129 3659 1213 3704; x_wconf 85' lang='lat' dir='ltr'><strong>est</strong></span> <span class='ocrx_word' id='word_1_517' title='bbox 1249 3649 1306 3702; x_wconf 88' lang='lat' dir='ltr'><strong>in</strong></span> <span class='ocrx_word' id='word_1_518' title='bbox 1356 3652 1441 3702; x_wconf 87' lang='lat' dir='ltr'><strong>ira</strong></span> <span class='ocrx_word' id='word_1_519' title='bbox 1485 3649 1670 3703; x_wconf 85' lang='lat' dir='ltr'><strong>oculus</strong></span> <span class='ocrx_word' id='word_1_520' title='bbox 1716 3665 1885 3714; x_wconf 86' lang='lat' dir='ltr'><strong>meus,</strong></span> <span class='ocrx_word' id='word_1_521' title='bbox 1921 3650 2100 3702; x_wconf 86' lang='lat' dir='ltr'><strong>anima</strong></span> 
     </span>
    </p>
   </div>
   <div class='ocr_carea' id='block_1_71' title="bbox 2207 3647 3790 3726">
    <p class='ocr_par' dir='ltr' id='par_1_71' title="bbox 2209 3649 3790 3726">
     <span class='ocr_line' id='line_1_71' title="bbox 2209 3649 3790 3726; baseline -0.004 -15"><span class='ocrx_word' id='word_1_522' title='bbox 2209 3649 2373 3726; x_wconf 75' lang='grc' dir='ltr'><strong>θυμῷ</strong></span> <span class='ocrx_word' id='word_1_523' title='bbox 2399 3660 2430 3709; x_wconf 88' lang='grc' dir='ltr'><em>ό</em></span> <span class='ocrx_word' id='word_1_524' title='bbox 2458 3658 2764 3725; x_wconf 66' lang='grc' dir='ltr'><strong>ὀφθαλμός</strong></span> <span class='ocrx_word' id='word_1_525' title='bbox 2789 3673 2930 3724; x_wconf 78' lang='grc' dir='ltr'><strong>μου,</strong></span> <span class='ocrx_word' id='word_1_526' title='bbox 2955 3655 2994 3722; x_wconf 78' lang='grc' dir='ltr'><strong><em>ἠ</em></strong></span> <span class='ocrx_word' id='word_1_527' title='bbox 3024 3653 3193 3724; x_wconf 68' lang='grc' dir='ltr'><strong>ψυχή</strong></span> <span class='ocrx_word' id='word_1_528' title='bbox 3212 3671 3354 3722; x_wconf 84' lang='grc' dir='ltr'><strong>μου,</strong></span> <span class='ocrx_word' id='word_1_529' title='bbox 3375 3652 3470 3706; x_wconf 81' lang='grc' dir='ltr'><strong>καὶ</strong></span> <span class='ocrx_word' id='word_1_530' title='bbox 3498 3653 3535 3720; x_wconf 79' lang='grc' dir='ltr'><strong><em>ή</em></strong></span> <span class='ocrx_word' id='word_1_531' title='bbox 3556 3649 3790 3722; x_wconf 79' lang='grc' dir='ltr'><strong>γαστήρ</strong></span> 
     </span>
    </p>
   </div>
   <div class='ocr_carea' id='block_1_72' title="bbox 514 3739 2100 3822">
    <p class='ocr_par' dir='ltr' id='par_1_72' title="bbox 514 3739 2100 3812">
     <span class='ocr_line' id='line_1_72' title="bbox 514 3739 2100 3812; baseline 0.001 -18"><span class='ocrx_word' id='word_1_532' title='bbox 514 3757 632 3796; x_wconf 86' lang='lat' dir='ltr'><strong>mea</strong></span> <span class='ocrx_word' id='word_1_533' title='bbox 679 3750 730 3795; x_wconf 88' lang='lat' dir='ltr'><strong>et</strong></span> <span class='ocrx_word' id='word_1_534' title='bbox 774 3750 949 3796; x_wconf 84' lang='lat' dir='ltr'><strong>venter</strong></span> <span class='ocrx_word' id='word_1_535' title='bbox 992 3757 1156 3796; x_wconf 75' lang='lat' dir='ltr'><strong>meus.</strong></span> <span class='ocrx_word' id='word_1_536' title='bbox 1206 3739 1393 3812; x_wconf 81' lang='lat' dir='ltr'><strong>Rogo,</strong></span> <span class='ocrx_word' id='word_1_537' title='bbox 1432 3741 1646 3810; x_wconf 90' lang='lat' dir='ltr'><strong>inquit,</strong></span> <span class='ocrx_word' id='word_1_538' title='bbox 1712 3755 1776 3796; x_wconf 88' lang='lat' dir='ltr'><strong>ac</strong></span> <span class='ocrx_word' id='word_1_539' title='bbox 1835 3740 2100 3812; x_wconf 89' lang='lat' dir='ltr'><strong>deprecor</strong></span> 
     </span>
    </p>
   </div>
   <div class='ocr_carea' id='block_1_73' title="bbox 2207 3739 3790 3822">
    <p class='ocr_par' dir='ltr' id='par_1_73' title="bbox 2207 3744 3790 3822">
     <span class='ocr_line' id='line_1_73' title="bbox 2207 3744 3790 3822; baseline -0.004 -18"><span class='ocrx_word' id='word_1_540' title='bbox 2207 3768 2341 3822; x_wconf 86' lang='grc' dir='ltr'><strong>μου.</strong></span> <span class='ocrx_word' id='word_1_541' title='bbox 2360 3750 2633 3814; x_wconf 83' lang='grc' dir='ltr'><strong>Ἱκετεύω,</strong></span> <span class='ocrx_word' id='word_1_542' title='bbox 2666 3751 2819 3819; x_wconf 75' lang='grc' dir='ltr'><strong>φησὶ,</strong></span> <span class='ocrx_word' id='word_1_543' title='bbox 2851 3751 2946 3803; x_wconf 56' lang='grc' dir='ltr'><strong>καλ⁵</strong></span> <span class='ocrx_word' id='word_1_544' title='bbox 2969 3749 3159 3819; x_wconf 85' lang='grc' dir='ltr'><strong>δέομαι</strong></span> <span class='ocrx_word' id='word_1_545' title='bbox 3189 3747 3496 3818; x_wconf 78' lang='grc' dir='ltr'><strong>ἐλεηθῆναι,</strong></span> <span class='ocrx_word' id='word_1_546' title='bbox 3531 3744 3622 3798; x_wconf 81' lang='grc' dir='ltr'><strong>ὅτι</strong></span> <span class='ocrx_word' id='word_1_547' title='bbox 3658 3744 3790 3799; x_wconf 72' lang='grc' dir='ltr'><strong>θλί-</strong></span> 
     </span>
    </p>
   </div>
   <div class='ocr_carea' id='block_1_74' title="bbox 512 3834 2100 3914">
    <p class='ocr_par' dir='ltr' id='par_1_74' title="bbox 512 3834 2100 3906">
     <span class='ocr_line' id='line_1_74' title="bbox 512 3834 2100 3906; baseline 0.001 -18"><span class='ocrx_word' id='word_1_548' title='bbox 512 3836 621 3889; x_wconf 88' lang='lat' dir='ltr'><strong>mei</strong></span> <span class='ocrx_word' id='word_1_549' title='bbox 671 3842 731 3890; x_wconf 90' lang='lat' dir='ltr'><strong>ut</strong></span> <span class='ocrx_word' id='word_1_550' title='bbox 779 3834 1113 3897; x_wconf 78' lang='lat' dir='ltr'><strong>miserearis,</strong></span> <span class='ocrx_word' id='word_1_551' title='bbox 1169 3836 1419 3905; x_wconf 84' lang='lat' dir='ltr'><strong>quoniam</strong></span> <span class='ocrx_word' id='word_1_552' title='bbox 1465 3836 1724 3901; x_wconf 84' lang='lat' dir='ltr'><strong>tribulor;</strong></span> <span class='ocrx_word' id='word_1_553' title='bbox 1765 3836 1926 3906; x_wconf 87' lang='lat' dir='ltr'><strong>cujus</strong></span> <span class='ocrx_word' id='word_1_554' title='bbox 1978 3835 2100 3892; x_wconf 93' lang='lat' dir='ltr'><strong>loco</strong></span> 
     </span>
    </p>
   </div>
   <div class='ocr_carea' id='block_1_75' title="bbox 2207 3834 3784 3914">
    <p class='ocr_par' dir='ltr' id='par_1_75' title="bbox 2209 3837 3784 3914">
     <span class='ocr_line' id='line_1_75' title="bbox 2209 3837 3784 3914; baseline -0.007 -13"><span class='ocrx_word' id='word_1_555' title='bbox 2209 3848 2378 3914; x_wconf 78' lang='grc' dir='ltr'><strong>ὄομαι</strong></span> <span class='ocrx_word' id='word_1_556' title='bbox 2401 3858 2418 3874; x_wconf 87' lang='grc'>⁶</span> <span class='ocrx_word' id='word_1_557' title='bbox 2447 3843 2563 3898; x_wconf 78' lang='grc' dir='ltr'><strong>ἀνθ’</strong></span> <span class='ocrx_word' id='word_1_558' title='bbox 2594 3838 2654 3898; x_wconf 82' lang='grc' dir='ltr'><strong>οῦ</strong></span> <span class='ocrx_word' id='word_1_559' title='bbox 2677 3845 2705 3896; x_wconf 98' lang='lat'><strong>6</strong></span> <span class='ocrx_word' id='word_1_560' title='bbox 2751 3842 2981 3905; x_wconf 83' lang='grc' dir='ltr'><strong>Ἀκύλας</strong></span> <span class='ocrx_word' id='word_1_561' title='bbox 3009 3841 3172 3912; x_wconf 82' lang='grc' dir='ltr'><strong>φησίν</strong></span> <span class='ocrx_word' id='word_1_562' title='bbox 3193 3857 3206 3869; x_wconf 87' lang='grc'><strong>·</strong></span> <span class='ocrx_word' id='word_1_563' title='bbox 3233 3841 3350 3891; x_wconf 89' lang='grc' dir='ltr'><strong>Ὅτι</strong></span> <span class='ocrx_word' id='word_1_564' title='bbox 3383 3837 3605 3891; x_wconf 70' lang='grc' dir='ltr'><strong>στενὸν</strong></span> <span class='ocrx_word' id='word_1_565' title='bbox 3631 3837 3784 3906; x_wconf 78' lang='grc' dir='ltr'><strong>ἐμοί.</strong></span> 
     </span>
    </p>
   </div>
   <div class='ocr_carea' id='block_1_76' title="bbox 513 3925 2100 4011">
    <p class='ocr_par' dir='ltr' id='par_1_76' title="bbox 513 3925 2097 3998">
     <span class='ocr_line' id='line_1_76' title="bbox 513 3925 2097 3998; baseline 0.001 -19"><span class='ocrx_word' id='word_1_566' title='bbox 513 3925 734 3996; x_wconf 77' lang='lat' dir='ltr'><strong>Aquila,</strong></span> <span class='ocrx_word' id='word_1_567' title='bbox 780 3926 1047 3994; x_wconf 84' lang='lat' dir='ltr'><strong>Quoniam</strong></span> <span class='ocrx_word' id='word_1_568' title='bbox 1079 3937 1361 3997; x_wconf 83' lang='lat' dir='ltr'><strong>angustum</strong></span> <span class='ocrx_word' id='word_1_569' title='bbox 1395 3928 1543 3981; x_wconf 85' lang='lat' dir='ltr'><strong><em>mihi.</em></strong></span> <span class='ocrx_word' id='word_1_570' title='bbox 1583 3927 1683 3982; x_wconf 90' lang='lat' dir='ltr'><strong>Tui</strong></span> <span class='ocrx_word' id='word_1_571' title='bbox 1715 3930 1858 3984; x_wconf 88' lang='lat' dir='ltr'><strong>enim</strong></span> <span class='ocrx_word' id='word_1_572' title='bbox 1889 3937 1941 3983; x_wconf 90' lang='lat' dir='ltr'><strong>et</strong></span> <span class='ocrx_word' id='word_1_573' title='bbox 1969 3942 2097 3998; x_wconf 89' lang='lat' dir='ltr'><strong>pro-</strong></span> 
     </span>
    </p>
   </div>
   <div class='ocr_carea' id='block_1_77' title="bbox 2207 3925 3786 4011">
    <p class='ocr_par' dir='ltr' id='par_1_77' title="bbox 2207 3931 3786 4011">
     <span class='ocr_line' id='line_1_77' title="bbox 2207 3931 3786 4011; baseline -0.004 -21"><span class='ocrx_word' id='word_1_574' title='bbox 2207 3939 2315 4010; x_wconf 82' lang='grc' dir='ltr'><strong>Τὴν</strong></span> <span class='ocrx_word' id='word_1_575' title='bbox 2365 3940 2473 4010; x_wconf 77' lang='grc' dir='ltr'><strong>γὰρ</strong></span> <span class='ocrx_word' id='word_1_576' title='bbox 2522 3939 2713 4011; x_wconf 83' lang='grc' dir='ltr'><strong>στενὴν</strong></span> <span class='ocrx_word' id='word_1_577' title='bbox 2743 3939 2835 3992; x_wconf 71' lang='grc' dir='ltr'><strong>καὶ</strong></span> <span class='ocrx_word' id='word_1_578' title='bbox 2876 3937 3239 4009; x_wconf 83' lang='grc' dir='ltr'><strong>τεθλιμμένην</strong></span> <span class='ocrx_word' id='word_1_579' title='bbox 3267 3934 3435 3990; x_wconf 84' lang='grc' dir='ltr'><strong>ὀδεύω</strong></span> <span class='ocrx_word' id='word_1_580' title='bbox 3461 3933 3548 3986; x_wconf 80' lang='grc' dir='ltr'><strong>διὰ</strong></span> <span class='ocrx_word' id='word_1_581' title='bbox 3581 3931 3661 3995; x_wconf 85' lang='grc' dir='ltr'><strong>σὲ,</strong></span> <span class='ocrx_word' id='word_1_582' title='bbox 3691 3931 3786 3984; x_wconf 73' lang='grc' dir='ltr'><strong>καὶ</strong></span> 
     </span>
    </p>
   </div>
   <div class='ocr_carea' id='block_1_78' title="bbox 513 4021 2100 4102">
    <p class='ocr_par' dir='ltr' id='par_1_78' title="bbox 513 4021 2096 4092">
     <span class='ocr_line' id='line_1_78' title="bbox 513 4021 2096 4092; baseline 0.001 -20"><span class='ocrx_word' id='word_1_583' title='bbox 513 4021 810 4075; x_wconf 79' lang='lat' dir='ltr'><strong>missoruw</strong></span> <span class='ocrx_word' id='word_1_584' title='bbox 849 4028 1070 4075; x_wconf 90' lang='lat' dir='ltr'><strong>tuorum</strong></span> <span class='ocrx_word' id='word_1_585' title='bbox 1113 4035 1280 4075; x_wconf 88' lang='lat' dir='ltr'><strong>causa</strong></span> <span class='ocrx_word' id='word_1_586' title='bbox 1337 4021 1391 4074; x_wconf 91' lang='lat' dir='ltr'><strong>in</strong></span> <span class='ocrx_word' id='word_1_587' title='bbox 1437 4029 1668 4092; x_wconf 83' lang='lat' dir='ltr'><strong>angusta</strong></span> <span class='ocrx_word' id='word_1_588' title='bbox 1711 4029 1765 4076; x_wconf 89' lang='lat' dir='ltr'><strong>et</strong></span> <span class='ocrx_word' id='word_1_589' title='bbox 1814 4027 1965 4074; x_wconf 88' lang='lat' dir='ltr'><strong>arcta</strong></span> <span class='ocrx_word' id='word_1_590' title='bbox 2009 4021 2096 4074; x_wconf 92' lang='lat' dir='ltr'><strong>via</strong></span> 
     </span>
    </p>
   </div>
   <div class='ocr_carea' id='block_1_79' title="bbox 2207 4021 3784 4102">
    <p class='ocr_par' dir='ltr' id='par_1_79' title="bbox 2207 4024 3784 4102">
     <span class='ocr_line' id='line_1_79' title="bbox 2207 4024 3784 4102; baseline -0.006 -17"><span class='ocrx_word' id='word_1_591' title='bbox 2207 4031 2302 4095; x_wconf 85' lang='grc' dir='ltr'><strong>τὰς</strong></span> <span class='ocrx_word' id='word_1_592' title='bbox 2341 4032 2440 4095; x_wconf 85' lang='grc' dir='ltr'><strong>σὰς</strong></span> <span class='ocrx_word' id='word_1_593' title='bbox 2481 4031 2831 4102; x_wconf 78' lang='grc' dir='ltr'><strong>ἐπαγγελίας.</strong></span> <span class='ocrx_word' id='word_1_594' title='bbox 2851 4030 3010 4084; x_wconf 82' lang='grc' dir='ltr'><strong>Ἀλλὰ</strong></span> <span class='ocrx_word' id='word_1_595' title='bbox 3038 4029 3133 4083; x_wconf 74' lang='grc' dir='ltr'><strong>καὶ</strong></span> <span class='ocrx_word' id='word_1_596' title='bbox 3161 4030 3190 4081; x_wconf 92' lang='lat'><strong>6</strong></span> <span class='ocrx_word' id='word_1_597' title='bbox 3219 4029 3320 4099; x_wconf 82' lang='grc' dir='ltr'><strong>τῆς</strong></span> <span class='ocrx_word' id='word_1_598' title='bbox 3342 4026 3520 4097; x_wconf 73' lang='grc' dir='ltr'><strong>ψυχῆς</strong></span> <span class='ocrx_word' id='word_1_599' title='bbox 3553 4041 3653 4096; x_wconf 90' lang='grc' dir='ltr'><strong>μου</strong></span> <span class='ocrx_word' id='word_1_600' title='bbox 3683 4024 3784 4093; x_wconf 79' lang='grc' dir='ltr'><strong>ὀφ-</strong></span> 
     </span>
    </p>
   </div>
   <div class='ocr_carea' id='block_1_80' title="bbox 510 4111 2100 4196">
    <p class='ocr_par' dir='ltr' id='par_1_80' title="bbox 510 4111 2096 4185">
     <span class='ocr_line' id='line_1_80' title="bbox 510 4111 2096 4185; baseline 0.001 -18"><span class='ocrx_word' id='word_1_601' title='bbox 510 4111 730 4169; x_wconf 84' lang='lat' dir='ltr'><strong>incedo.</strong></span> <span class='ocrx_word' id='word_1_602' title='bbox 780 4113 850 4167; x_wconf 82' lang='lat' dir='ltr'><strong>At</strong></span> <span class='ocrx_word' id='word_1_603' title='bbox 891 4113 1088 4169; x_wconf 66' lang='lat' dir='ltr'><strong>animat</strong></span> <span class='ocrx_word' id='word_1_604' title='bbox 1131 4129 1266 4170; x_wconf 74' lang='lat' dir='ltr'><strong>meae</strong></span> <span class='ocrx_word' id='word_1_605' title='bbox 1304 4114 1519 4180; x_wconf 88' lang='lat' dir='ltr'><strong>oculus,</strong></span> <span class='ocrx_word' id='word_1_606' title='bbox 1565 4114 1793 4185; x_wconf 90' lang='lat' dir='ltr'><strong>ipsaque</strong></span> <span class='ocrx_word' id='word_1_607' title='bbox 1834 4130 1990 4170; x_wconf 85' lang='lat' dir='ltr'><strong>mens</strong></span> <span class='ocrx_word' id='word_1_608' title='bbox 2030 4129 2096 4169; x_wconf 91' lang='lat' dir='ltr'><strong>ac</strong></span> 
     </span>
    </p>
   </div>
   <div class='ocr_carea' id='block_1_81' title="bbox 2207 4111 3786 4196">
    <p class='ocr_par' dir='ltr' id='par_1_81' title="bbox 2207 4117 3786 4196">
     <span class='ocr_line' id='line_1_81' title="bbox 2207 4117 3786 4196; baseline -0.005 -20"><span class='ocrx_word' id='word_1_609' title='bbox 2207 4123 2429 4196; x_wconf 85' lang='grc' dir='ltr'><strong>θαλμὸς,</strong></span> <span class='ocrx_word' id='word_1_610' title='bbox 2458 4125 2619 4188; x_wconf 76' lang='grc' dir='ltr'><strong>αὐτὸς</strong></span> <span class='ocrx_word' id='word_1_611' title='bbox 2645 4127 2673 4178; x_wconf 91' lang='lat'><strong>6</strong></span> <span class='ocrx_word' id='word_1_612' title='bbox 2700 4123 2826 4188; x_wconf 88' lang='grc' dir='ltr'><strong>νοῦς</strong></span> <span class='ocrx_word' id='word_1_613' title='bbox 2855 4123 2950 4177; x_wconf 74' lang='grc' dir='ltr'><strong>καὶ</strong></span> <span class='ocrx_word' id='word_1_614' title='bbox 2973 4122 3035 4176; x_wconf 79' lang='grc' dir='ltr'><strong>τὸ</strong></span> <span class='ocrx_word' id='word_1_615' title='bbox 3062 4125 3120 4176; x_wconf 79' lang='grc' dir='ltr'><strong>ἐν</strong></span> <span class='ocrx_word' id='word_1_616' title='bbox 3154 4121 3278 4192; x_wconf 76' lang='grc' dir='ltr'><strong>ἐμοὶ</strong></span> <span class='ocrx_word' id='word_1_617' title='bbox 3305 4117 3628 4186; x_wconf 81' lang='grc' dir='ltr'><strong>λογιστικὸν,</strong></span> <span class='ocrx_word' id='word_1_618' title='bbox 3657 4117 3786 4169; x_wconf 83' lang='grc' dir='ltr'><strong>ἐτα-</strong></span> 
     </span>
    </p>
   </div>
   <div class='ocr_carea' id='block_1_82' title="bbox 513 4205 2100 4290">
    <p class='ocr_par' dir='ltr' id='par_1_82' title="bbox 513 4205 2095 4277">
     <span class='ocr_line' id='line_1_82' title="bbox 513 4205 2095 4277; baseline 0.001 -20"><span class='ocrx_word' id='word_1_619' title='bbox 513 4206 598 4261; x_wconf 84' lang='lat' dir='ltr'><strong>vis</strong></span> <span class='ocrx_word' id='word_1_620' title='bbox 629 4205 998 4260; x_wconf 87' lang='lat' dir='ltr'><strong>ratiocinandi</strong></span> <span class='ocrx_word' id='word_1_621' title='bbox 1039 4205 1259 4260; x_wconf 85' lang='lat' dir='ltr'><strong>turbata</strong></span> <span class='ocrx_word' id='word_1_622' title='bbox 1289 4213 1371 4261; x_wconf 89' lang='lat' dir='ltr'><strong>est</strong></span> <span class='ocrx_word' id='word_1_623' title='bbox 1402 4206 1456 4260; x_wconf 90' lang='lat' dir='ltr'><strong>in</strong></span> <span class='ocrx_word' id='word_1_624' title='bbox 1491 4206 1591 4260; x_wconf 91' lang='lat' dir='ltr'><strong>ira.</strong></span> <span class='ocrx_word' id='word_1_625' title='bbox 1626 4205 1734 4260; x_wconf 92' lang='lat' dir='ltr'><strong>Pro</strong></span> <span class='ocrx_word' id='word_1_626' title='bbox 1766 4221 1874 4277; x_wconf 93' lang='lat' dir='ltr'><strong>quo</strong></span> <span class='ocrx_word' id='word_1_627' title='bbox 1898 4205 2095 4277; x_wconf 82' lang='lat' dir='ltr'><strong>Aquila</strong></span> 
     </span>
    </p>
   </div>
   <div class='ocr_carea' id='block_1_83' title="bbox 2207 4205 3778 4290">
    <p class='ocr_par' dir='ltr' id='par_1_83' title="bbox 2207 4207 3778 4290">
     <span class='ocr_line' id='line_1_83' title="bbox 2207 4207 3778 4290; baseline -0.006 -19"><span class='ocrx_word' id='word_1_628' title='bbox 2207 4217 2384 4290; x_wconf 82' lang='grc' dir='ltr'><strong>ράχθη</strong></span> <span class='ocrx_word' id='word_1_629' title='bbox 2442 4218 2501 4270; x_wconf 80' lang='grc' dir='ltr'><strong>ὲν</strong></span> <span class='ocrx_word' id='word_1_630' title='bbox 2561 4216 2754 4288; x_wconf 85' lang='grc' dir='ltr'><strong>θυμῷ·</strong></span> <span class='ocrx_word' id='word_1_631' title='bbox 2811 4216 2927 4270; x_wconf 85' lang='grc' dir='ltr'><strong>ἀνθ’</strong></span> <span class='ocrx_word' id='word_1_632' title='bbox 2962 4207 3023 4268; x_wconf 79' lang='grc' dir='ltr'><strong>οὗ</strong></span> <span class='ocrx_word' id='word_1_633' title='bbox 3071 4216 3100 4268; x_wconf 92' lang='lat'><strong>6</strong></span> <span class='ocrx_word' id='word_1_634' title='bbox 3157 4213 3255 4285; x_wconf 83' lang='grc' dir='ltr'><strong>μὲν</strong></span> <span class='ocrx_word' id='word_1_635' title='bbox 3297 4210 3526 4274; x_wconf 84' lang='grc' dir='ltr'><strong>Ἀκύλας</strong></span> <span class='ocrx_word' id='word_1_636' title='bbox 3576 4208 3778 4280; x_wconf 81' lang='grc' dir='ltr'><strong>φησίν·</strong></span> 
     </span>
    </p>
   </div>
   <div class='ocr_carea' id='block_1_84' title="bbox 516 4297 2100 4379">
    <p class='ocr_par' dir='ltr' id='par_1_84' title="bbox 516 4297 2094 4370">
     <span class='ocr_line' id='line_1_84' title="bbox 516 4297 2094 4370; baseline -0.001 -18"><span class='ocrx_word' id='word_1_637' title='bbox 516 4297 950 4368; x_wconf 82' lang='lat' dir='ltr'><strong>dicit:Squaluit</strong></span> <span class='ocrx_word' id='word_1_638' title='bbox 983 4300 1040 4354; x_wconf 83' lang='lat' dir='ltr'><strong>in</strong></span> <span class='ocrx_word' id='word_1_639' title='bbox 1073 4299 1438 4370; x_wconf 81' lang='lat' dir='ltr'><strong>indignatione</strong></span> <span class='ocrx_word' id='word_1_640' title='bbox 1482 4298 1668 4353; x_wconf 87' lang='lat' dir='ltr'><strong>oculus</strong></span> <span class='ocrx_word' id='word_1_641' title='bbox 1715 4313 1896 4361; x_wconf 85' lang='lat' dir='ltr'><strong>meus;</strong></span> <span class='ocrx_word' id='word_1_642' title='bbox 1936 4297 2094 4370; x_wconf 89' lang='lat' dir='ltr'><strong>Sym-</strong></span> 
     </span>
    </p>
   </div>
   <div class='ocr_carea' id='block_1_85' title="bbox 2207 4297 3780 4379">
    <p class='ocr_par' dir='ltr' id='par_1_85' title="bbox 2207 4297 3780 4379">
     <span class='ocr_line' id='line_1_85' title="bbox 2207 4297 3780 4379; baseline -0.008 -16"><span class='ocrx_word' id='word_1_643' title='bbox 2207 4307 2490 4379; x_wconf 80' lang='grc' dir='ltr'><strong>Ηὺχμώθη</strong></span> <span class='ocrx_word' id='word_1_644' title='bbox 2518 4308 2606 4362; x_wconf 71' lang='grc' dir='ltr'><strong>’ἐν</strong></span> <span class='ocrx_word' id='word_1_645' title='bbox 2647 4305 3031 4376; x_wconf 69' lang='grc' dir='ltr'><strong>παροργισμῷ</strong></span> <span class='ocrx_word' id='word_1_646' title='bbox 3083 4307 3115 4358; x_wconf 86' lang='grc' dir='ltr'><em>ὀ</em></span> <span class='ocrx_word' id='word_1_647' title='bbox 3141 4301 3446 4373; x_wconf 68' lang='grc' dir='ltr'><strong>ὀφθαλμός</strong></span> <span class='ocrx_word' id='word_1_648' title='bbox 3471 4317 3589 4370; x_wconf 83' lang='grc' dir='ltr'><strong>μου</strong></span> <span class='ocrx_word' id='word_1_649' title='bbox 3614 4313 3626 4327; x_wconf 87' lang='grc'><strong>·</strong></span> <span class='ocrx_word' id='word_1_650' title='bbox 3668 4300 3696 4350; x_wconf 89' lang='lat'><strong>6</strong></span> <span class='ocrx_word' id='word_1_651' title='bbox 3724 4297 3780 4350; x_wconf 76' lang='grc' dir='ltr'><strong>δὲ</strong></span> 
     </span>
    </p>
   </div>
   <div class='ocr_carea' id='block_1_86' title="bbox 509 4390 2100 4472">
    <p class='ocr_par' dir='ltr' id='par_1_86' title="bbox 509 4390 2091 4461">
     <span class='ocr_line' id='line_1_86' title="bbox 509 4390 2091 4461; baseline -0.001 -16"><span class='ocrx_word' id='word_1_652' title='bbox 509 4391 741 4446; x_wconf 86' lang='lat' dir='ltr'><strong>machus</strong></span> <span class='ocrx_word' id='word_1_653' title='bbox 773 4405 924 4458; x_wconf 88' lang='lat' dir='ltr'><strong>vero,</strong></span> <span class='ocrx_word' id='word_1_654' title='bbox 959 4391 1226 4446; x_wconf 88' lang='lat' dir='ltr'><strong>Turbatus</strong></span> <span class='ocrx_word' id='word_1_655' title='bbox 1270 4402 1347 4448; x_wconf 88' lang='lat' dir='ltr'><strong>est</strong></span> <span class='ocrx_word' id='word_1_656' title='bbox 1380 4407 1491 4460; x_wconf 81' lang='lat' dir='ltr'><strong>prce</strong></span> <span class='ocrx_word' id='word_1_657' title='bbox 1517 4390 1877 4461; x_wconf 84' lang='lat' dir='ltr'><strong>indignatione</strong></span> <span class='ocrx_word' id='word_1_658' title='bbox 1909 4391 2091 4445; x_wconf 87' lang='lat' dir='ltr'><strong>oculus</strong></span> 
     </span>
    </p>
   </div>
   <div class='ocr_carea' id='block_1_87' title="bbox 2207 4390 3780 4472">
    <p class='ocr_par' dir='ltr' id='par_1_87' title="bbox 2207 4390 3780 4472">
     <span class='ocr_line' id='line_1_87' title="bbox 2207 4390 3780 4472; baseline -0.007 -18"><span class='ocrx_word' id='word_1_659' title='bbox 2207 4401 2494 4472; x_wconf 87' lang='grc' dir='ltr'><strong>Σύμμαχος</strong></span> <span class='ocrx_word' id='word_1_660' title='bbox 2513 4417 2528 4432; x_wconf 76' lang='grc'><strong><em>⁸</em></strong></span> <span class='ocrx_word' id='word_1_661' title='bbox 2576 4398 2865 4466; x_wconf 83' lang='grc' dir='ltr'><strong>Ἐθολώθη</strong></span> <span class='ocrx_word' id='word_1_662' title='bbox 2898 4397 2996 4452; x_wconf 83' lang='grc' dir='ltr'><strong>διὰ</strong></span> <span class='ocrx_word' id='word_1_663' title='bbox 3032 4393 3444 4466; x_wconf 74' lang='grc' dir='ltr'><strong>παροργισμὸν</strong></span> <span class='ocrx_word' id='word_1_664' title='bbox 3475 4390 3780 4461; x_wconf 69' lang='grc' dir='ltr'><strong>ὀφθαλμός</strong></span> 
     </span>
    </p>
   </div>
   <div class='ocr_carea' id='block_1_88' title="bbox 510 4479 2100 4566">
    <p class='ocr_par' dir='ltr' id='par_1_88' title="bbox 510 4482 2090 4556">
     <span class='ocr_line' id='line_1_88' title="bbox 510 4482 2090 4556; baseline 0.001 -20"><span class='ocrx_word' id='word_1_665' title='bbox 510 4499 676 4538; x_wconf 87' lang='lat' dir='ltr'><strong>meus.</strong></span> <span class='ocrx_word' id='word_1_666' title='bbox 716 4482 850 4538; x_wconf 87' lang='lat' dir='ltr'><strong>Nam</strong></span> <span class='ocrx_word' id='word_1_667' title='bbox 903 4498 1028 4539; x_wconf 89' lang='lat' dir='ltr'><strong>cum</strong></span> <span class='ocrx_word' id='word_1_668' title='bbox 1082 4483 1546 4556; x_wconf 83' lang='lat' dir='ltr'><strong>indignationem,</strong></span> <span class='ocrx_word' id='word_1_669' title='bbox 1598 4484 1810 4554; x_wconf 84' lang='lat' dir='ltr'><strong>inquit,</strong></span> <span class='ocrx_word' id='word_1_670' title='bbox 1859 4492 1914 4538; x_wconf 91' lang='lat' dir='ltr'><strong>et</strong></span> <span class='ocrx_word' id='word_1_671' title='bbox 1953 4484 2090 4538; x_wconf 89' lang='lat' dir='ltr'><strong>iram</strong></span> 
     </span>
    </p>
   </div>
   <div class='ocr_carea' id='block_1_89' title="bbox 2207 4479 3780 4566">
    <p class='ocr_par' dir='ltr' id='par_1_89' title="bbox 2207 4479 3780 4566">
     <span class='ocr_line' id='line_1_89' title="bbox 2207 4479 3780 4566; baseline -0.011 -18"><span class='ocrx_word' id='word_1_672' title='bbox 2207 4497 2470 4563; x_wconf 83' lang='grc' dir='ltr'><strong>μυυ.⁶’οτε</strong></span> <span class='ocrx_word' id='word_1_673' title='bbox 2515 4492 2622 4562; x_wconf 85' lang='grc' dir='ltr'><strong>γὰρ</strong></span> <span class='ocrx_word' id='word_1_674' title='bbox 2667 4490 3013 4566; x_wconf 80' lang='grc' dir='ltr'><strong>παρώργισα,</strong></span> <span class='ocrx_word' id='word_1_675' title='bbox 3047 4489 3200 4559; x_wconf 78' lang='grc' dir='ltr'><strong>φησὶ,</strong></span> <span class='ocrx_word' id='word_1_676' title='bbox 3230 4487 3322 4541; x_wconf 80' lang='grc' dir='ltr'><strong>καὶ</strong></span> <span class='ocrx_word' id='word_1_677' title='bbox 3363 4483 3533 4556; x_wconf 84' lang='grc' dir='ltr'><strong>θυμὸν</strong></span> <span class='ocrx_word' id='word_1_678' title='bbox 3559 4479 3780 4552; x_wconf 76' lang='grc' dir='ltr'><strong>ἐμαυτῷ</strong></span> 
     </span>
    </p>
   </div>
   <div class='ocr_carea' id='block_1_90' title="bbox 510 4572 2100 4660">
    <p class='ocr_par' dir='ltr' id='par_1_90' title="bbox 510 4572 2090 4647">
     <span class='ocr_line' id='line_1_90' title="bbox 510 4572 2090 4647; baseline 0.004 -24"><span class='ocrx_word' id='word_1_679' title='bbox 510 4572 642 4627; x_wconf 74' lang='lat' dir='ltr'><strong>mihi</strong></span> <span class='ocrx_word' id='word_1_680' title='bbox 699 4573 1032 4641; x_wconf 77' lang='lat' dir='ltr'><strong>coneitavi,</strong></span> <span class='ocrx_word' id='word_1_681' title='bbox 1061 4588 1232 4631; x_wconf 87' lang='lat' dir='ltr'><strong>ausus</strong></span> <span class='ocrx_word' id='word_1_682' title='bbox 1278 4589 1343 4631; x_wconf 88' lang='lat' dir='ltr'><strong>ea</strong></span> <span class='ocrx_word' id='word_1_683' title='bbox 1387 4585 1702 4647; x_wconf 86' lang='lat' dir='ltr'><strong>perpetrare</strong></span> <span class='ocrx_word' id='word_1_684' title='bbox 1735 4590 1856 4646; x_wconf 72' lang='lat' dir='ltr'><strong>qua:</strong></span> <span class='ocrx_word' id='word_1_685' title='bbox 1907 4574 2090 4630; x_wconf 83' lang='lat' dir='ltr'><strong>furore</strong></span> 
     </span>
    </p>
   </div>
   <div class='ocr_carea' id='block_1_91' title="bbox 2207 4572 3782 4660">
    <p class='ocr_par' dir='ltr' id='par_1_91' title="bbox 2207 4574 3782 4660">
     <span class='ocr_line' id='line_1_91' title="bbox 2207 4574 3782 4660; baseline -0.01 -19"><span class='ocrx_word' id='word_1_686' title='bbox 2207 4589 2489 4660; x_wconf 74' lang='grc' dir='ltr'><strong>ὲπήγειρα,</strong></span> <span class='ocrx_word' id='word_1_687' title='bbox 2522 4585 2800 4656; x_wconf 80' lang='grc' dir='ltr'><strong>τολμήσας</strong></span> <span class='ocrx_word' id='word_1_688' title='bbox 2823 4581 3224 4654; x_wconf 81' lang='grc' dir='ltr'><strong>διαπράξασθαι</strong></span> <span class='ocrx_word' id='word_1_689' title='bbox 3249 4578 3319 4633; x_wconf 85' lang='grc' dir='ltr'><strong>τὰ</strong></span> <span class='ocrx_word' id='word_1_690' title='bbox 3349 4574 3522 4648; x_wconf 87' lang='grc' dir='ltr'><strong>θυμοῦ</strong></span> <span class='ocrx_word' id='word_1_691' title='bbox 3565 4575 3660 4628; x_wconf 70' lang='grc' dir='ltr'><strong>καὶ</strong></span> <span class='ocrx_word' id='word_1_692' title='bbox 3688 4575 3782 4646; x_wconf 84' lang='grc' dir='ltr'><strong>ὀρ-</strong></span> 
     </span>
    </p>
   </div>
   <div class='ocr_carea' id='block_1_92' title="bbox 517 4664 2100 4750">
    <p class='ocr_par' dir='ltr' id='par_1_92' title="bbox 517 4665 2091 4738">
     <span class='ocr_line' id='line_1_92' title="bbox 517 4665 2091 4738; baseline 0.004 -22"><span class='ocrx_word' id='word_1_693' title='bbox 517 4677 556 4717; x_wconf 67' lang='grc' dir='ltr'><strong>-τι</strong></span> <span class='ocrx_word' id='word_1_694' title='bbox 606 4667 686 4719; x_wconf 89' lang='lat' dir='ltr'><strong>ira</strong></span> <span class='ocrx_word' id='word_1_695' title='bbox 729 4665 894 4738; x_wconf 81' lang='lat' dir='ltr'><strong>digna</strong></span> <span class='ocrx_word' id='word_1_696' title='bbox 940 4676 1100 4734; x_wconf 91' lang='lat' dir='ltr'><strong>sunt,</strong></span> <span class='ocrx_word' id='word_1_697' title='bbox 1149 4676 1284 4726; x_wconf 90' lang='lat' dir='ltr'><strong>tunc</strong></span> <span class='ocrx_word' id='word_1_698' title='bbox 1320 4669 1606 4734; x_wconf 83' lang='lat' dir='ltr'><strong>conlusio,</strong></span> <span class='ocrx_word' id='word_1_699' title='bbox 1651 4669 1998 4726; x_wconf 88' lang='lat' dir='ltr'><strong>conturbatio</strong></span> <span class='ocrx_word' id='word_1_700' title='bbox 2035 4677 2091 4724; x_wconf 89' lang='lat' dir='ltr'><strong>et</strong></span> 
     </span>
    </p>
   </div>
   <div class='ocr_carea' id='block_1_93' title="bbox 2207 4664 3782 4750">
    <p class='ocr_par' dir='ltr' id='par_1_93' title="bbox 2207 4664 3782 4750">
     <span class='ocr_line' id='line_1_93' title="bbox 2207 4664 3782 4750; baseline -0.011 -16"><span class='ocrx_word' id='word_1_701' title='bbox 2207 4680 2300 4750; x_wconf 74' lang='grc' dir='ltr'><strong>γῆς</strong></span> <span class='ocrx_word' id='word_1_702' title='bbox 2331 4675 2480 4742; x_wconf 81' lang='grc' dir='ltr'><strong>ἄξια,</strong></span> <span class='ocrx_word' id='word_1_703' title='bbox 2509 4677 2570 4730; x_wconf 81' lang='grc' dir='ltr'><strong>τὸ</strong></span> <span class='ocrx_word' id='word_1_704' title='bbox 2613 4675 2913 4746; x_wconf 87' lang='grc' dir='ltr'><strong>τηνικαῦτα</strong></span> <span class='ocrx_word' id='word_1_705' title='bbox 2960 4673 3222 4744; x_wconf 90' lang='grc' dir='ltr'><strong>σύγχυσις</strong></span> <span class='ocrx_word' id='word_1_706' title='bbox 3270 4670 3366 4724; x_wconf 74' lang='grc' dir='ltr'><strong>καὶ</strong></span> <span class='ocrx_word' id='word_1_707' title='bbox 3418 4667 3642 4731; x_wconf 86' lang='grc' dir='ltr'><strong>θὸλωσις</strong></span> <span class='ocrx_word' id='word_1_708' title='bbox 3688 4664 3782 4719; x_wconf 77' lang='grc' dir='ltr'><strong>καὶ</strong></span> 
     </span>
    </p>
   </div>
   <div class='ocr_carea' id='block_1_94' title="bbox 509 4759 2089 4836">
    <p class='ocr_par' dir='ltr' id='par_1_94' title="bbox 509 4759 2089 4836">
     <span class='ocr_line' id='line_1_94' title="bbox 509 4759 2089 4836; baseline 0.006 -26"><span class='ocrx_word' id='word_1_709' title='bbox 509 4759 732 4828; x_wconf 72' lang='lat' dir='ltr'><strong>squalor</strong></span> <span class='ocrx_word' id='word_1_710' title='bbox 787 4761 1173 4818; x_wconf 79' lang='lat' dir='ltr'><strong>rationabilem</strong></span> <span class='ocrx_word' id='word_1_711' title='bbox 1229 4764 1427 4820; x_wconf 72' lang='lat' dir='ltr'><strong>animae</strong></span> <span class='ocrx_word' id='word_1_712' title='bbox 1471 4765 1579 4820; x_wconf 86' lang='lat' dir='ltr'><strong>vim</strong></span> <span class='ocrx_word' id='word_1_713' title='bbox 1619 4766 1929 4836; x_wconf 79' lang='lat' dir='ltr'><strong>occupavit.</strong></span> <span class='ocrx_word' id='word_1_714' title='bbox 1981 4764 2089 4820; x_wconf 90' lang='lat' dir='ltr'><strong>Sed</strong></span> 
     </span>
    </p>
   </div>
   <div class='ocr_carea' id='block_1_95' title="bbox 507 4851 2088 4928">
    <p class='ocr_par' dir='ltr' id='par_1_95' title="bbox 507 4851 2088 4928">
     <span class='ocr_line' id='line_1_95' title="bbox 507 4851 2088 4928; baseline 0.008 -26"><span class='ocrx_word' id='word_1_715' title='bbox 507 4851 673 4905; x_wconf 47' lang='lat' dir='ltr'><strong>etiam</strong></span> <span class='ocrx_word' id='word_1_716' title='bbox 711 4851 890 4907; x_wconf 87' lang='lat' dir='ltr'><strong>anima</strong></span> <span class='ocrx_word' id='word_1_717' title='bbox 919 4869 1038 4910; x_wconf 90' lang='lat' dir='ltr'><strong>mea</strong></span> <span class='ocrx_word' id='word_1_718' title='bbox 1069 4862 1123 4911; x_wconf 88' lang='lat' dir='ltr'><strong>et</strong></span> <span class='ocrx_word' id='word_1_719' title='bbox 1151 4863 1342 4912; x_wconf 81' lang='lat' dir='ltr'><strong>venter</strong></span> <span class='ocrx_word' id='word_1_720' title='bbox 1375 4872 1532 4915; x_wconf 87' lang='lat' dir='ltr'><strong>meus</strong></span> <span class='ocrx_word' id='word_1_721' title='bbox 1569 4859 1686 4928; x_wconf 89' lang='lat' dir='ltr'><strong>ipse</strong></span> <span class='ocrx_word' id='word_1_722' title='bbox 1727 4857 2088 4914; x_wconf 90' lang='lat' dir='ltr'><strong>conturbatus</strong></span> 
     </span>
    </p>
   </div>
   <div class='ocr_carea' id='block_1_96' title="bbox 509 4947 2083 5025">
    <p class='ocr_par' dir='ltr' id='par_1_96' title="bbox 509 4947 2083 5025">
     <span class='ocr_line' id='line_1_96' title="bbox 509 4947 2083 5025; baseline 0.006 -25"><span class='ocrx_word' id='word_1_723' title='bbox 509 4961 570 5000; x_wconf 53' lang='lat' dir='ltr'><strong>ac</strong></span> <span class='ocrx_word' id='word_1_724' title='bbox 621 4947 887 5006; x_wconf 83' lang='lat' dir='ltr'><strong>confusus</strong></span> <span class='ocrx_word' id='word_1_725' title='bbox 939 4958 1026 5006; x_wconf 85' lang='lat' dir='ltr'><strong>est</strong></span> <span class='ocrx_word' id='word_1_726' title='bbox 1092 4951 1149 5006; x_wconf 91' lang='lat' dir='ltr'><strong>in</strong></span> <span class='ocrx_word' id='word_1_727' title='bbox 1191 4959 1438 5024; x_wconf 89' lang='lat' dir='ltr'><strong>tempore</strong></span> <span class='ocrx_word' id='word_1_728' title='bbox 1487 4953 1882 5025; x_wconf 88' lang='lat' dir='ltr'><strong>indignationis</strong></span> <span class='ocrx_word' id='word_1_729' title='bbox 1929 4969 2083 5010; x_wconf 71' lang='lat' dir='ltr'><strong>mete.</strong></span> 
     </span>
    </p>
   </div>
   <div class='ocr_carea' id='block_1_97' title="bbox 509 5041 2089 5118">
    <p class='ocr_par' dir='ltr' id='par_1_97' title="bbox 509 5041 2089 5118">
     <span class='ocr_line' id='line_1_97' title="bbox 509 5041 2089 5118; baseline 0.004 -27"><span class='ocrx_word' id='word_1_730' title='bbox 509 5041 977 5103; x_wconf 59' lang='lat' dir='ltr'><strong>Quemadmodum</strong></span> <span class='ocrx_word' id='word_1_731' title='bbox 1008 5059 1139 5099; x_wconf 87' lang='lat' dir='ltr'><strong>vero</strong></span> <span class='ocrx_word' id='word_1_732' title='bbox 1172 5045 1370 5101; x_wconf 58' lang='lat' dir='ltr'><strong>animat</strong></span> <span class='ocrx_word' id='word_1_733' title='bbox 1397 5045 1618 5101; x_wconf 90' lang='lat' dir='ltr'><strong>oculum</strong></span> <span class='ocrx_word' id='word_1_734' title='bbox 1650 5062 1748 5118; x_wconf 83' lang='lat' dir='ltr'><strong>per</strong></span> <span class='ocrx_word' id='word_1_735' title='bbox 1771 5047 2089 5102; x_wconf 78' lang='lat' dir='ltr'><strong>translatio.-</strong></span> 
     </span>
    </p>
   </div>
   <div class='ocr_carea' id='block_1_98' title="bbox 507 5134 2089 5211">
    <p class='ocr_par' dir='ltr' id='par_1_98' title="bbox 507 5134 2089 5211">
     <span class='ocr_line' id='line_1_98' title="bbox 507 5134 2089 5211; baseline 0.01 -31"><span class='ocrx_word' id='word_1_736' title='bbox 507 5148 629 5184; x_wconf 78' lang='lat' dir='ltr'><strong>.lcm</strong></span> <span class='ocrx_word' id='word_1_737' title='bbox 665 5147 696 5185; x_wconf 92' lang='lat' dir='ltr'><strong>a</strong></span> <span class='ocrx_word' id='word_1_738' title='bbox 720 5134 908 5190; x_wconf 90' lang='lat' dir='ltr'><strong>sensili</strong></span> <span class='ocrx_word' id='word_1_739' title='bbox 952 5137 1115 5192; x_wconf 92' lang='lat' dir='ltr'><strong>oculo</strong></span> <span class='ocrx_word' id='word_1_740' title='bbox 1147 5138 1502 5210; x_wconf 89' lang='lat' dir='ltr'><strong>intelligimus</strong></span> <span class='ocrx_word' id='word_1_741' title='bbox 1523 5177 1538 5204; x_wconf 96' lang='lat'><strong>,</strong></span> <span class='ocrx_word' id='word_1_742' title='bbox 1583 5139 1665 5195; x_wconf 84' lang='lat' dir='ltr'><strong>sic</strong></span> <span class='ocrx_word' id='word_1_743' title='bbox 1693 5146 1940 5196; x_wconf 77' lang='lat' dir='ltr'><strong>ventrem</strong></span> <span class='ocrx_word' id='word_1_744' title='bbox 1969 5141 2089 5211; x_wconf 87' lang='lat' dir='ltr'><strong>ejus</strong></span> 
     </span>
    </p>
   </div>
   <div class='ocr_carea' id='block_1_99' title="bbox 501 5229 2086 5305">
    <p class='ocr_par' dir='ltr' id='par_1_99' title="bbox 501 5229 2086 5305">
     <span class='ocr_line' id='line_1_99' title="bbox 501 5229 2086 5305; baseline 0.007 -25"><span class='ocrx_word' id='word_1_745' title='bbox 501 5241 853 5297; x_wconf 74' lang='lat' dir='ltr'><strong>nequaquam</strong></span> <span class='ocrx_word' id='word_1_746' title='bbox 899 5229 1086 5286; x_wconf 88' lang='lat' dir='ltr'><strong>labare</strong></span> <span class='ocrx_word' id='word_1_747' title='bbox 1143 5231 1188 5287; x_wconf 91' lang='lat' dir='ltr'><strong>si</strong></span> <span class='ocrx_word' id='word_1_748' title='bbox 1233 5233 1343 5288; x_wconf 89' lang='lat' dir='ltr'><strong>vim</strong></span> <span class='ocrx_word' id='word_1_749' title='bbox 1392 5233 1672 5289; x_wconf 70' lang='lat' dir='ltr'><strong>memoria:</strong></span> <span class='ocrx_word' id='word_1_750' title='bbox 1708 5235 1982 5305; x_wconf 89' lang='lat' dir='ltr'><strong>accipias;</strong></span> <span class='ocrx_word' id='word_1_751' title='bbox 2030 5237 2086 5291; x_wconf 93' lang='lat' dir='ltr'><strong>in</strong></span> 
     </span>
    </p>
   </div>
   <div class='ocr_carea' id='block_1_100' title="bbox 502 5317 2088 5397">
    <p class='ocr_par' dir='ltr' id='par_1_100' title="bbox 502 5317 2088 5397">
     <span class='ocr_line' id='line_1_100' title="bbox 502 5317 2088 5397; baseline 0.012 -33"><span class='ocrx_word' id='word_1_752' title='bbox 502 5330 608 5381; x_wconf 65' lang='lat' dir='ltr'><strong>qua</strong></span> <span class='ocrx_word' id='word_1_753' title='bbox 642 5332 740 5370; x_wconf 85' lang='lat' dir='ltr'><strong>ceu</strong></span> <span class='ocrx_word' id='word_1_754' title='bbox 777 5317 832 5372; x_wconf 92' lang='lat' dir='ltr'><strong>in</strong></span> <span class='ocrx_word' id='word_1_755' title='bbox 863 5327 1072 5388; x_wconf 87' lang='lat' dir='ltr'><strong>ventre,</strong></span> <span class='ocrx_word' id='word_1_756' title='bbox 1101 5321 1257 5380; x_wconf 90' lang='lat' dir='ltr'><strong>cibos</strong></span> <span class='ocrx_word' id='word_1_757' title='bbox 1291 5337 1484 5378; x_wconf 85' lang='lat' dir='ltr'><strong>omnes</strong></span> <span class='ocrx_word' id='word_1_758' title='bbox 1526 5339 1556 5378; x_wconf 91' lang='lat' dir='ltr'><strong>a</strong></span> <span class='ocrx_word' id='word_1_759' title='bbox 1587 5327 1940 5382; x_wconf 87' lang='lat' dir='ltr'><strong>sermonibus</strong></span> <span class='ocrx_word' id='word_1_760' title='bbox 1966 5343 2088 5397; x_wconf 85' lang='lat' dir='ltr'><strong>per-</strong></span> 
     </span>
    </p>
   </div>
   <div class='ocr_carea' id='block_1_101' title="bbox 507 5418 2085 5486">
    <p class='ocr_par' dir='ltr' id='par_1_101' title="bbox 507 5418 2085 5486">
     <span class='ocr_line' id='line_1_101' title="bbox 507 5418 2085 5486; baseline 0.012 -28"><span class='ocrx_word' id='word_1_761' title='bbox 507 5421 692 5478; x_wconf 60' lang='lat' dir='ltr'><strong>mptos</strong></span> <span class='ocrx_word' id='word_1_762' title='bbox 723 5426 989 5480; x_wconf 87' lang='lat' dir='ltr'><strong>reponere</strong></span> <span class='ocrx_word' id='word_1_763' title='bbox 1035 5418 1445 5476; x_wconf 85' lang='lat' dir='ltr'><strong>consuevimus.</strong></span> <span class='ocrx_word' id='word_1_764' title='bbox 1487 5419 1854 5486; x_wconf 87' lang='lat' dir='ltr'><strong>Quamobrem</strong></span> <span class='ocrx_word' id='word_1_765' title='bbox 1885 5423 2085 5478; x_wconf 88' lang='lat' dir='ltr'><strong>alicubi</strong></span> 
     </span>
    </p>
   </div>
   <div class='ocr_carea' id='block_1_102' title="bbox 502 5501 2088 5586">
    <p class='ocr_par' dir='ltr' id='par_1_102' title="bbox 502 5501 2088 5586">
     <span class='ocr_line' id='line_1_102' title="bbox 502 5501 2088 5586; baseline 0.011 -35"><span class='ocrx_word' id='word_1_766' title='bbox 566 5502 706 5558; x_wconf 65' lang='lat' dir='ltr'><strong>citur</strong></span> <span class='ocrx_word' id='word_1_767' title='bbox 732 5524 743 5557; x_wconf 93' lang='lat'>:</span> <span class='ocrx_word' id='word_1_768' title='bbox 775 5504 1019 5570; x_wconf 84' lang='lat' dir='ltr'><strong>Benedic,</strong></span> <span class='ocrx_word' id='word_1_769' title='bbox 1054 5509 1234 5562; x_wconf 88' lang='lat' dir='ltr'><strong><em>anima</em></strong></span> <span class='ocrx_word' id='word_1_770' title='bbox 1253 5526 1390 5576; x_wconf 91' lang='lat' dir='ltr'><strong><em>mea,</em></strong></span> <span class='ocrx_word' id='word_1_771' title='bbox 1419 5509 1662 5575; x_wconf 88' lang='lat' dir='ltr'><strong>Domino,</strong></span> <span class='ocrx_word' id='word_1_772' title='bbox 1693 5523 1742 5566; x_wconf 91' lang='lat' dir='ltr'><strong>et</strong></span> <span class='ocrx_word' id='word_1_773' title='bbox 1764 5515 1943 5568; x_wconf 89' lang='lat' dir='ltr'><strong>omnia</strong></span> <span class='ocrx_word' id='word_1_774' title='bbox 1970 5531 2088 5586; x_wconf 74' lang='lat' dir='ltr'><strong>qua:</strong></span> 
     </span>
    </p>
   </div>
   <div class='ocr_carea' id='block_1_103' title="bbox 505 5603 2088 5674">
    <p class='ocr_par' dir='ltr' id='par_1_103' title="bbox 505 5603 2088 5674">
     <span class='ocr_line' id='line_1_103' title="bbox 505 5603 2088 5674; baseline 0.008 -23"><span class='ocrx_word' id='word_1_775' title='bbox 505 5611 646 5653; x_wconf 58' lang='lat' dir='ltr'><strong>narra</strong></span> <span class='ocrx_word' id='word_1_776' title='bbox 697 5619 776 5656; x_wconf 86' lang='lat' dir='ltr'><strong>me</strong></span> <span class='ocrx_word' id='word_1_777' title='bbox 818 5612 960 5667; x_wconf 84' lang='lat' dir='ltr'><strong>sunt,</strong></span> <span class='ocrx_word' id='word_1_778' title='bbox 987 5603 1189 5656; x_wconf 88' lang='lat' dir='ltr'><strong>nomini</strong></span> <span class='ocrx_word' id='word_1_779' title='bbox 1241 5613 1428 5658; x_wconf 87' lang='lat' dir='ltr'><strong>sancto</strong></span> <span class='ocrx_word' id='word_1_780' title='bbox 1475 5605 1591 5674; x_wconf 87' lang='lat' dir='ltr'><strong>ejus</strong></span> <span class='ocrx_word' id='word_1_781' title='bbox 1614 5606 1702 5660; x_wconf 83' lang='lat'><strong>&quot;&#39;.</strong></span> <span class='ocrx_word' id='word_1_782' title='bbox 1749 5605 1814 5660; x_wconf 86' lang='lat' dir='ltr'><strong>Et</strong></span> <span class='ocrx_word' id='word_1_783' title='bbox 1837 5605 2088 5662; x_wconf 84' lang='lat' dir='ltr'><strong>Salvator</strong></span> 
     </span>
    </p>
   </div>
   <div class='ocr_carea' id='block_1_104' title="bbox 503 5694 2087 5770">
    <p class='ocr_par' dir='ltr' id='par_1_104' title="bbox 503 5694 2087 5770">
     <span class='ocr_line' id='line_1_104' title="bbox 503 5694 2087 5770; baseline 0.005 -24"><span class='ocrx_word' id='word_1_784' title='bbox 503 5715 577 5750; x_wconf 56' lang='lat' dir='ltr'><strong>tm.</strong></span> <span class='ocrx_word' id='word_1_785' title='bbox 607 5713 620 5750; x_wconf 90' lang='lat'><strong>:</strong></span> <span class='ocrx_word' id='word_1_786' title='bbox 655 5695 760 5763; x_wconf 85' lang='lat' dir='ltr'><strong>Qui</strong></span> <span class='ocrx_word' id='word_1_787' title='bbox 803 5694 987 5749; x_wconf 86' lang='lat' dir='ltr'><strong>biberit</strong></span> <span class='ocrx_word' id='word_1_788' title='bbox 1020 5710 1086 5749; x_wconf 77' lang='lat' dir='ltr'><strong>ea:</strong></span> <span class='ocrx_word' id='word_1_789' title='bbox 1117 5711 1256 5765; x_wconf 76' lang='lat' dir='ltr'><strong>aqua</strong></span> <span class='ocrx_word' id='word_1_790' title='bbox 1282 5712 1439 5766; x_wconf 85' lang='lat' dir='ltr'><strong>quam</strong></span> <span class='ocrx_word' id='word_1_791' title='bbox 1463 5713 1556 5768; x_wconf 87' lang='lat' dir='ltr'><strong>ego</strong></span> <span class='ocrx_word' id='word_1_792' title='bbox 1582 5696 1720 5754; x_wconf 86' lang='lat' dir='ltr'><strong>dabo</strong></span> <span class='ocrx_word' id='word_1_793' title='bbox 1765 5700 1834 5770; x_wconf 86' lang='lat' dir='ltr'><strong>ei,</strong></span> <span class='ocrx_word' id='word_1_794' title='bbox 1864 5699 2087 5769; x_wconf 74' lang='lat' dir='ltr'><strong>flumina</strong></span> 
     </span>
    </p>
   </div>
   <div class='ocr_carea' id='block_1_105' title="bbox 569 5870 1592 5950">
    <p class='ocr_par' dir='ltr' id='par_1_105' title="bbox 569 5870 1592 5950">
     <span class='ocr_line' id='line_1_105' title="bbox 569 5870 1592 5950; baseline 0.011 -25"><span class='ocrx_word' id='word_1_795' title='bbox 569 5873 615 5904; x_wconf 71' lang='grc' dir='ltr'><strong>θ’</strong></span> <span class='ocrx_word' id='word_1_796' title='bbox 657 5870 800 5929; x_wconf 83' lang='lat' dir='ltr'><strong>Psat.</strong></span> <span class='ocrx_word' id='word_1_797' title='bbox 839 5890 924 5948; x_wconf 84' lang='lat' dir='ltr'><strong>tv,</strong></span> <span class='ocrx_word' id='word_1_798' title='bbox 962 5875 1014 5930; x_wconf 77' lang='lat'><strong>3.</strong></span> <span class='ocrx_word' id='word_1_799' title='bbox 1096 5875 1167 5908; x_wconf 83' lang='grc'><strong>⁹⁸’</strong></span> <span class='ocrx_word' id='word_1_800' title='bbox 1198 5873 1348 5936; x_wconf 82' lang='lat' dir='ltr'><strong>Psal.</strong></span> <span class='ocrx_word' id='word_1_801' title='bbox 1389 5891 1504 5950; x_wconf 82' lang='lat' dir='ltr'><strong>cu,</strong></span> <span class='ocrx_word' id='word_1_802' title='bbox 1541 5879 1592 5936; x_wconf 85' lang='grc' dir='ltr'><strong>ι.</strong></span> 
     </span>
    </p>
   </div>
   <div class='ocr_carea' id='block_1_106' title="bbox 2194 4760 3776 4842">
    <p class='ocr_par' dir='ltr' id='par_1_106' title="bbox 2194 4760 3776 4842">
     <span class='ocr_line' id='line_1_106' title="bbox 2194 4760 3776 4842; baseline -0.009 -17"><span class='ocrx_word' id='word_1_803' title='bbox 2194 4772 2406 4842; x_wconf 79' lang='grc' dir='ltr'><strong>αὐχμὸς</strong></span> <span class='ocrx_word' id='word_1_804' title='bbox 2452 4771 2512 4824; x_wconf 75' lang='grc' dir='ltr'><strong>τὸ</strong></span> <span class='ocrx_word' id='word_1_805' title='bbox 2558 4768 2866 4838; x_wconf 80' lang='grc' dir='ltr'><strong>λογιστικὸν</strong></span> <span class='ocrx_word' id='word_1_806' title='bbox 2908 4767 3006 4837; x_wconf 85' lang='grc' dir='ltr'><strong>τῆς</strong></span> <span class='ocrx_word' id='word_1_807' title='bbox 3050 4765 3192 4836; x_wconf 78' lang='grc' dir='ltr'><strong>ἐμῆς</strong></span> <span class='ocrx_word' id='word_1_808' title='bbox 3223 4763 3402 4834; x_wconf 79' lang='grc' dir='ltr'><strong>ψυχῆς</strong></span> <span class='ocrx_word' id='word_1_809' title='bbox 3434 4760 3776 4828; x_wconf 77' lang='grc' dir='ltr'><strong>κατείληφεν.</strong></span> 
     </span>
    </p>
   </div>
   <div class='ocr_carea' id='block_1_107' title="bbox 2208 4852 3780 4934">
    <p class='ocr_par' dir='ltr' id='par_1_107' title="bbox 2208 4852 3780 4934">
     <span class='ocr_line' id='line_1_107' title="bbox 2208 4852 3780 4934; baseline -0.01 -16"><span class='ocrx_word' id='word_1_810' title='bbox 2208 4864 2370 4918; x_wconf 82' lang='grc' dir='ltr'><strong>Ἀλλὰ</strong></span> <span class='ocrx_word' id='word_1_811' title='bbox 2404 4863 2497 4917; x_wconf 73' lang='grc' dir='ltr'><strong>καὶ</strong></span> <span class='ocrx_word' id='word_1_812' title='bbox 2525 4865 2557 4934; x_wconf 81' lang='grc' dir='ltr'><strong>ή</strong></span> <span class='ocrx_word' id='word_1_813' title='bbox 2583 4863 2726 4933; x_wconf 67' lang='grc' dir='ltr'><strong>ψυχή</strong></span> <span class='ocrx_word' id='word_1_814' title='bbox 2769 4877 2889 4932; x_wconf 91' lang='grc' dir='ltr'><strong>μου,</strong></span> <span class='ocrx_word' id='word_1_815' title='bbox 2918 4860 3073 4931; x_wconf 77' lang='grc' dir='ltr'><strong>φησὶ,</strong></span> <span class='ocrx_word' id='word_1_816' title='bbox 3103 4859 3198 4911; x_wconf 74' lang='grc' dir='ltr'><strong>καὶ</strong></span> <span class='ocrx_word' id='word_1_817' title='bbox 3215 4858 3247 4927; x_wconf 82' lang='grc' dir='ltr'><strong>ἡ</strong></span> <span class='ocrx_word' id='word_1_818' title='bbox 3279 4856 3496 4926; x_wconf 82' lang='grc' dir='ltr'><strong>γαστὴρ</strong></span> <span class='ocrx_word' id='word_1_819' title='bbox 3529 4871 3651 4924; x_wconf 90' lang='grc' dir='ltr'><strong>μου,</strong></span> <span class='ocrx_word' id='word_1_820' title='bbox 3688 4852 3780 4904; x_wconf 77' lang='grc' dir='ltr'><strong>καὶ</strong></span> 
     </span>
    </p>
   </div>
   <div class='ocr_carea' id='block_1_108' title="bbox 2190 4945 3781 5030">
    <p class='ocr_par' dir='ltr' id='par_1_108' title="bbox 2190 4945 3781 5030">
     <span class='ocr_line' id='line_1_108' title="bbox 2190 4945 3781 5030; baseline -0.01 -17"><span class='ocrx_word' id='word_1_821' title='bbox 2190 4958 2328 5030; x_wconf 85' lang='grc' dir='ltr'><strong>αὐτὴ</strong></span> <span class='ocrx_word' id='word_1_822' title='bbox 2352 4955 2586 5026; x_wconf 80' lang='grc' dir='ltr'><strong>ὲθολώθη</strong></span> <span class='ocrx_word' id='word_1_823' title='bbox 2618 4957 2712 5010; x_wconf 74' lang='grc' dir='ltr'><strong>καὶ</strong></span> <span class='ocrx_word' id='word_1_824' title='bbox 2733 4952 3004 5026; x_wconf 76' lang='grc' dir='ltr'><strong>ἐταράχθη</strong></span> <span class='ocrx_word' id='word_1_825' title='bbox 3034 4950 3173 5006; x_wconf 87' lang='grc' dir='ltr'><strong>κατὰ</strong></span> <span class='ocrx_word' id='word_1_826' title='bbox 3188 4950 3278 5004; x_wconf 73' lang='grc' dir='ltr'><strong>τὸν</strong></span> <span class='ocrx_word' id='word_1_827' title='bbox 3306 4949 3494 5019; x_wconf 83' lang='grc' dir='ltr'><strong>καιρὸν</strong></span> <span class='ocrx_word' id='word_1_828' title='bbox 3518 4945 3610 5000; x_wconf 89' lang='grc' dir='ltr'><strong>τοῦ</strong></span> <span class='ocrx_word' id='word_1_829' title='bbox 3639 4961 3781 5016; x_wconf 84' lang='grc' dir='ltr'><strong>παρ-</strong></span> 
     </span>
    </p>
   </div>
   <div class='ocr_carea' id='block_1_109' title="bbox 2197 5037 3778 5125">
    <p class='ocr_par' dir='ltr' id='par_1_109' title="bbox 2197 5037 3778 5125">
     <span class='ocr_line' id='line_1_109' title="bbox 2197 5037 3778 5125; baseline -0.012 -18"><span class='ocrx_word' id='word_1_830' title='bbox 2197 5049 2466 5125; x_wconf 85' lang='grc' dir='ltr'><strong>οργισμοῦ</strong></span> <span class='ocrx_word' id='word_1_831' title='bbox 2525 5049 2874 5121; x_wconf 79' lang='grc' dir='ltr'><strong>μου.”Ωσπερ</strong></span> <span class='ocrx_word' id='word_1_832' title='bbox 2899 5046 2954 5098; x_wconf 82' lang='grc' dir='ltr'><strong>δὲ</strong></span> <span class='ocrx_word' id='word_1_833' title='bbox 2979 5043 3253 5114; x_wconf 79' lang='grc' dir='ltr'><strong>ὀφθαλμὸν</strong></span> <span class='ocrx_word' id='word_1_834' title='bbox 3285 5040 3462 5111; x_wconf 58' lang='grc' dir='ltr'><strong>ψυχῆς</strong></span> <span class='ocrx_word' id='word_1_835' title='bbox 3502 5037 3643 5092; x_wconf 76' lang='grc' dir='ltr'><strong>κατὰ</strong></span> <span class='ocrx_word' id='word_1_836' title='bbox 3684 5053 3778 5106; x_wconf 88' lang='grc' dir='ltr'><strong>με-</strong></span> 
     </span>
    </p>
   </div>
   <div class='ocr_carea' id='block_1_110' title="bbox 2196 5129 3777 5216">
    <p class='ocr_par' dir='ltr' id='par_1_110' title="bbox 2196 5129 3777 5216">
     <span class='ocr_line' id='line_1_110' title="bbox 2196 5129 3777 5216; baseline -0.012 -17"><span class='ocrx_word' id='word_1_837' title='bbox 2196 5144 2440 5216; x_wconf 71' lang='grc' dir='ltr'><strong>ταφορὰν</strong></span> <span class='ocrx_word' id='word_1_838' title='bbox 2491 5143 2587 5196; x_wconf 89' lang='grc' dir='ltr'><strong>τοῦ</strong></span> <span class='ocrx_word' id='word_1_839' title='bbox 2635 5140 2893 5210; x_wconf 80' lang='grc' dir='ltr'><strong>αἰσθητοῦ</strong></span> <span class='ocrx_word' id='word_1_840' title='bbox 2944 5135 3220 5206; x_wconf 77' lang='grc' dir='ltr'><strong>ὀφθαλμοῦ</strong></span> <span class='ocrx_word' id='word_1_841' title='bbox 3248 5135 3602 5203; x_wconf 78' lang='grc' dir='ltr'><strong>νενοήκαμεν,</strong></span> <span class='ocrx_word' id='word_1_842' title='bbox 3635 5129 3777 5182; x_wconf 72' lang='grc' dir='ltr'><strong>οὕτω</strong></span> 
     </span>
    </p>
   </div>
   <div class='ocr_carea' id='block_1_111' title="bbox 2196 5218 3777 5308">
    <p class='ocr_par' dir='ltr' id='par_1_111' title="bbox 2196 5218 3777 5308">
     <span class='ocr_line' id='line_1_111' title="bbox 2196 5218 3777 5308; baseline -0.013 -16"><span class='ocrx_word' id='word_1_843' title='bbox 2196 5238 2291 5291; x_wconf 75' lang='grc' dir='ltr'><strong>καὶ</strong></span> <span class='ocrx_word' id='word_1_844' title='bbox 2340 5236 2438 5308; x_wconf 81' lang='grc' dir='ltr'><strong>τὴν</strong></span> <span class='ocrx_word' id='word_1_845' title='bbox 2474 5233 2716 5307; x_wconf 79' lang='grc' dir='ltr'><strong>γαστέρα</strong></span> <span class='ocrx_word' id='word_1_846' title='bbox 2749 5231 2918 5301; x_wconf 79' lang='grc' dir='ltr'><strong>αὐτῆς</strong></span> <span class='ocrx_word' id='word_1_847' title='bbox 2945 5231 3046 5283; x_wconf 80' lang='grc' dir='ltr'><strong>οὐκ</strong></span> <span class='ocrx_word' id='word_1_848' title='bbox 3071 5228 3135 5282; x_wconf 83' lang='grc' dir='ltr'><strong>ἂν</strong></span> <span class='ocrx_word' id='word_1_849' title='bbox 3163 5228 3427 5298; x_wconf 81' lang='grc' dir='ltr'><strong>ἁμάρτοις</strong></span> <span class='ocrx_word' id='word_1_850' title='bbox 3465 5221 3635 5277; x_wconf 76' lang='grc' dir='ltr'><strong>εἰπὼν</strong></span> <span class='ocrx_word' id='word_1_851' title='bbox 3676 5218 3777 5291; x_wconf 80' lang='grc' dir='ltr'><strong>τὴν</strong></span> 
     </span>
    </p>
   </div>
   <div class='ocr_carea' id='block_1_112' title="bbox 2195 5311 3776 5402">
    <p class='ocr_par' dir='ltr' id='par_1_112' title="bbox 2195 5311 3776 5402">
     <span class='ocr_line' id='line_1_112' title="bbox 2195 5311 3776 5402; baseline -0.013 -18"><span class='ocrx_word' id='word_1_852' title='bbox 2195 5325 2424 5402; x_wconf 86' lang='grc' dir='ltr'><strong>δύναμιν</strong></span> <span class='ocrx_word' id='word_1_853' title='bbox 2463 5328 2560 5400; x_wconf 81' lang='grc' dir='ltr'><strong>τὴν</strong></span> <span class='ocrx_word' id='word_1_854' title='bbox 2609 5323 2967 5399; x_wconf 83' lang='grc' dir='ltr'><strong>μνημονικὴν,</strong></span> <span class='ocrx_word' id='word_1_855' title='bbox 2998 5323 3054 5376; x_wconf 79' lang='grc' dir='ltr'><strong>ἐν</strong></span> <span class='ocrx_word' id='word_1_856' title='bbox 3173 5319 3360 5390; x_wconf 83' lang='grc' dir='ltr'><strong>ὥσπερ</strong></span> <span class='ocrx_word' id='word_1_857' title='bbox 3395 5320 3451 5370; x_wconf 80' lang='grc' dir='ltr'><strong>ὲν</strong></span> <span class='ocrx_word' id='word_1_858' title='bbox 3476 5314 3652 5385; x_wconf 78' lang='grc' dir='ltr'><strong>κοιλία</strong></span> <span class='ocrx_word' id='word_1_859' title='bbox 3679 5311 3776 5366; x_wconf 77' lang='grc' dir='ltr'><strong>καὶ</strong></span> 
     </span>
    </p>
   </div>
   <div class='ocr_carea' id='block_1_113' title="bbox 2194 5405 3772 5494">
    <p class='ocr_par' dir='ltr' id='par_1_113' title="bbox 2194 5405 3772 5494">
     <span class='ocr_line' id='line_1_113' title="bbox 2194 5405 3772 5494; baseline -0.013 -16"><span class='ocrx_word' id='word_1_860' title='bbox 2194 5422 2394 5494; x_wconf 75' lang='grc' dir='ltr'><strong>γαστρὶ</strong></span> <span class='ocrx_word' id='word_1_861' title='bbox 2421 5421 2601 5484; x_wconf 87' lang='grc' dir='ltr'><strong>πάσας</strong></span> <span class='ocrx_word' id='word_1_862' title='bbox 2647 5421 2744 5482; x_wconf 87' lang='grc' dir='ltr'><strong>τὰς</strong></span> <span class='ocrx_word' id='word_1_863' title='bbox 2792 5417 2878 5472; x_wconf 84' lang='grc' dir='ltr'><strong>διὰ</strong></span> <span class='ocrx_word' id='word_1_864' title='bbox 2915 5415 3088 5484; x_wconf 78' lang='grc' dir='ltr'><strong>λόγων</strong></span> <span class='ocrx_word' id='word_1_865' title='bbox 3129 5412 3333 5485; x_wconf 80' lang='grc' dir='ltr'><strong>τροφὰς</strong></span> <span class='ocrx_word' id='word_1_866' title='bbox 3363 5405 3772 5464; x_wconf 84' lang='grc' dir='ltr'><strong>ὲναποτίθεσθαι</strong></span> 
     </span>
    </p>
   </div>
   <div class='ocr_carea' id='block_1_114' title="bbox 2195 5499 3768 5574">
    <p class='ocr_par' dir='ltr' id='par_1_114' title="bbox 2195 5499 3768 5574">
     <span class='ocr_line' id='line_1_114' title="bbox 2195 5499 3768 5574; baseline -0.004 -8"><span class='ocrx_word' id='word_1_867' title='bbox 2195 5513 2373 5568; x_wconf 75' lang='grc' dir='ltr'><strong>εἴωθε.</strong></span> <span class='ocrx_word' id='word_1_868' title='bbox 2409 5511 2500 5566; x_wconf 85' lang='grc' dir='ltr'><strong>Διὸ</strong></span> <span class='ocrx_word' id='word_1_869' title='bbox 2549 5510 2795 5565; x_wconf 80' lang='grc' dir='ltr'><strong>λέλεκταί</strong></span> <span class='ocrx_word' id='word_1_870' title='bbox 2849 5526 2983 5563; x_wconf 86' lang='grc' dir='ltr'><strong>που·</strong></span> <span class='ocrx_word' id='word_1_871' title='bbox 3025 5508 3296 5574; x_wconf 73' lang='grc' dir='ltr'><strong>Εὑλόγει,</strong></span> <span class='ocrx_word' id='word_1_872' title='bbox 3332 5505 3369 5570; x_wconf 80' lang='grc' dir='ltr'>ἡ</span> <span class='ocrx_word' id='word_1_873' title='bbox 3419 5499 3587 5570; x_wconf 67' lang='grc' dir='ltr'><strong>ψυχή</strong></span> <span class='ocrx_word' id='word_1_874' title='bbox 3625 5515 3768 5568; x_wconf 70' lang='grc' dir='ltr'><strong>μου.</strong></span> 
     </span>
    </p>
   </div>
   <div class='ocr_carea' id='block_1_115' title="bbox 2193 5593 3771 5676">
    <p class='ocr_par' dir='ltr' id='par_1_115' title="bbox 2193 5593 3771 5676">
     <span class='ocr_line' id='line_1_115' title="bbox 2193 5593 3771 5676; baseline -0.014 -13"><span class='ocrx_word' id='word_1_875' title='bbox 2193 5609 2302 5662; x_wconf 78' lang='grc' dir='ltr'><strong>τὸν</strong></span> <span class='ocrx_word' id='word_1_876' title='bbox 2330 5608 2566 5676; x_wconf 81' lang='grc' dir='ltr'><strong>Κύριον,</strong></span> <span class='ocrx_word' id='word_1_877' title='bbox 2598 5607 2694 5660; x_wconf 80' lang='grc' dir='ltr'><strong>καὶ</strong></span> <span class='ocrx_word' id='word_1_878' title='bbox 2721 5604 2919 5660; x_wconf 75' lang='grc' dir='ltr'><strong>πάντα</strong></span> <span class='ocrx_word' id='word_1_879' title='bbox 2947 5603 3016 5658; x_wconf 85' lang='grc' dir='ltr'><strong>τὰ</strong></span> <span class='ocrx_word' id='word_1_880' title='bbox 3037 5601 3209 5666; x_wconf 74' lang='grc' dir='ltr'><strong>ἐντός</strong></span> <span class='ocrx_word' id='word_1_881' title='bbox 3245 5615 3364 5669; x_wconf 78' lang='grc' dir='ltr'><strong>μου</strong></span> <span class='ocrx_word' id='word_1_882' title='bbox 3390 5596 3453 5649; x_wconf 82' lang='grc' dir='ltr'><strong>τὸ</strong></span> <span class='ocrx_word' id='word_1_883' title='bbox 3487 5594 3673 5662; x_wconf 81' lang='grc' dir='ltr'><strong>ὄνομα</strong></span> <span class='ocrx_word' id='word_1_884' title='bbox 3703 5593 3771 5642; x_wconf 86' lang='grc' dir='ltr'><strong>τὸ</strong></span> 
     </span>
    </p>
   </div>
   <div class='ocr_carea' id='block_1_116' title="bbox 2195 5683 3769 5772">
    <p class='ocr_par' dir='ltr' id='par_1_116' title="bbox 2195 5683 3769 5772">
     <span class='ocr_line' id='line_1_116' title="bbox 2195 5683 3769 5772; baseline -0.013 -15"><span class='ocrx_word' id='word_1_885' title='bbox 2195 5699 2368 5772; x_wconf 78' lang='grc' dir='ltr'><strong>ἅγιον</strong></span> <span class='ocrx_word' id='word_1_886' title='bbox 2390 5698 2595 5755; x_wconf 82' lang='grc' dir='ltr'><strong>αὐτοῦ.</strong></span> <span class='ocrx_word' id='word_1_887' title='bbox 2635 5699 2746 5753; x_wconf 68' lang='grc' dir='ltr'><strong>Καὶ</strong></span> <span class='ocrx_word' id='word_1_888' title='bbox 2771 5699 2800 5752; x_wconf 86' lang='lat'><strong>6</strong></span> <span class='ocrx_word' id='word_1_889' title='bbox 2826 5696 2978 5767; x_wconf 70' lang='grc' dir='ltr'><strong>Σωτὴ</strong></span> <span class='ocrx_word' id='word_1_890' title='bbox 2989 5713 3016 5770; x_wconf 91' lang='grc' dir='ltr'><strong>ρ</strong></span> <span class='ocrx_word' id='word_1_891' title='bbox 3041 5695 3126 5748; x_wconf 87' lang='grc' dir='ltr'><strong>δέ·</strong></span> <span class='ocrx_word' id='word_1_892' title='bbox 3169 5695 3264 5758; x_wconf 87' lang='grc' dir='ltr'><strong>Ὂς</strong></span> <span class='ocrx_word' id='word_1_893' title='bbox 3295 5689 3371 5742; x_wconf 79' lang='grc' dir='ltr'><strong>ἂν</strong></span> <span class='ocrx_word' id='word_1_894' title='bbox 3411 5687 3518 5756; x_wconf 80' lang='grc' dir='ltr'><strong>πίῃ</strong></span> <span class='ocrx_word' id='word_1_895' title='bbox 3553 5686 3622 5738; x_wconf 73' lang='grc' dir='ltr'><strong>ἐκ</strong></span> <span class='ocrx_word' id='word_1_896' title='bbox 3663 5683 3769 5738; x_wconf 80' lang='grc' dir='ltr'><strong>τοῦ</strong></span> 
     </span>
    </p>
   </div>
  </div>
