4122 6454
1450 412 1962 471 (ΞΟΜΜΕἈΤΔΒΙΑ
1996 413 2068 470 ΙΝ
2104 411 2443 470 ΡδΑωιοδ.

3462 412 3565 473 270

317 532 560 599 ὓδατος,
586 528 661 589 οὗ
686 533 805 605 ἐγὼ
832 534 1007 590 δώσω
1038 534 1219 601 αὐτῷ,
1246 536 1497 605 ποταμοί
1537 537 1607 590 ἐκ
1638 534 1752 603 τῆς
1778 553 1879 590 καις

2001 535 2067 589 de
2104 543 2283 589 uentre
2325 533 2441 602 ejus
2474 536 2637 599 [luent
2680 545 2831 601 aqua
2865 532 3011 593 vim,
3054 528 3294 585 salientis
3323 526 3379 584 in
3408 532 3565 584 citant

326 625 465 691 ηας
504 625 690 680 αὐτοῦ
727 628 1068 695 ῥεύσουσιν
1104 627 1324 694 ὕδατος
1360 625 1593 696 ζῶντος,
1643 628 1879 698 Mope

1998 635 2251 680 clericum
2286 622 2355 679 “.
2408 620 2511 675 Hic
2573 620 2758 691 itaque
2821 618 3205 676 reminiscendi
3255 619 3393 685 vim,
3450 620 3565 675 sive.

313 735 431 772 νου
462 720 546 784 είς
570 717 727 786 Mr
740 718 1001 774 αἰώνιον.
1032 718 1327 774 Κάνταῦθα
1358 720 1535 774 τοίνυν
1560 719 1660 790 τὴν
1689 737 1898 791 μνημο-ι-

311 810 473 883 νικὴν
498 810 749 875 δύναμιν,
782 812 817 884 ἢ
852 813 949 866 καὶ
976 813 1108 867 αὐτὸ
1133 813 1196 867 τὸ
1222 812 1547 884 ἡγεμονικὸν
1569 812 1671 882 τῆς
1694 812 1893 883 ψυχῆς,

310 903 520 959 κοιλίαν
544 904 825 975 ὠνόμασεν
855 908 886 960 ὁ
913 906 1122 977 Σωτήρ.
1156 904 1423 969 Θολωθεὶς
1459 906 1636 959 τοίνυν
1662 905 1753 959 τὸν
1792 907 1893 976 όφ-

309 996 518 1068 θαλμὸν
544 997 647 1068 τῆς
670 996 870 1068 ψυχῆς,
891 996 985 1051 καὶ
1012 996 1112 1068 τὴν
1139 980 1506 1067 γαστέραετὴν
1531 996 1896 1068 παραδεδομέ-

307 1107 431 1161 νην,
464 1089 676 1161 ἰατρείᾳ
702 1091 798 1144 καὶ
828 1088 1094 1161 θεραπείᾳ
1135 1088 1372 1159 ἐμαυτὸν
1412 1091 1690 1160 παρεῖχον,
1730 1088 1892 1161 ὀδύνῃ

303 1181 400 1237 καὶ
434 1182 878 1253 στεναγμοῖς,κα’ί
904 1180 1150 1252 πτωχεία
1175 1179 1501 1252 παραδιδοὺς
1528 1179 1619 1234 τὸν
1649 1180 1889 1250 ἐμαυτοῦ

304 1272 446 1344 βίον,
473 1274 663 1345 ὥσπερ
692 1273 783 1328 διά
807 1290 971 1327 τινων
998 1272 1212 1326 κύκλων
1242 1271 1642 1345 ἰατρευόμενος.
1661 1272 1806 1326 Ἀντὶ
1831 1271 1890 1325 δὲ

298 1364 536 1427 τοῦ,Ἔν
566 1367 825 1435 πτωχείᾳ
868 1365 907 1432 ἠ
953 1364 1133 1432 ἰσχύς
1169 1381 1310 1433 μου,
1347 1362 1446 1417 καὶ
1478 1363 1552 1417 τὰ
1582 1363 1733 1418 ὀστᾶ
1767 1381 1889 1433 μου

297 1458 761 1529 ἐταράχθησαν·
794 1458 1127 1529 σαφέστερον
1150 1459 1180 1510 ό
1211 1456 1505 1529 Σύμμαχος
1546 1458 1889 1529 ήρμήνευσεν

297 1550 474 1605 εἰπών
496 1568 511 1582 ο
542 1553 646 1605 Διὰ
673 1550 1085 1619 τῆν’κάκωσίν
1107 1566 1227 1619 μου
1250 1548 1290 1617 ἠ
1324 1551 1504 1619 ισχύς
1534 1567 1653 1619 μου
1687 1548 1787 1603 καὶ
1814 1547 1889 1603 τὰ

297 1640 454 1696 όστᾶ
479 1658 604 1711 μου
630 1642 1028 1711 ηὺρωτίασαν.
1063 1640 1220 1696 Οὑτω
1248 1640 1378 1713 γὰρ,
1432 1642 1616 1712 φησὶν,
1651 1640 1886 1712 ἐμαυτὸν

294 1731 556 1796 ἐκάκουν,
584 1732 662 1795 ὡς
684 1730 773 1785 διὰ
791 1733 891 1805 τὴν
919 1732 1228 1805 ὑπερϐολὴν
1251 1732 1353 1803 τῆς
1382 1731 1680 1796 κακώσεως
1701 1732 1887 1800 ἐξατο-

292 1822 462 1892 νῆσαί
518 1840 622 1894 μου
670 1825 765 1876 καὶ
807 1823 1164 1896 ὲξασθενῆσαι
1196 1823 1296 1895 τὴν
1326 1825 1498 1895 ίσχὺν,
1522 1825 1617 1877 καὶ
1640 1824 1792 1878 ἀὑτὲ
1816 1824 1884 1879 τὰ

1995 716 2159 770 etiam
2196 712 2495 783 principem
2530 709 2730 764 anima:
2767 718 2997 779 partem,
3030 716 3273 765 ventrem
3309 706 3565 764 Servator

1995 803 2357 873 nuncupavit.
2390 804 2528 856 Cum
2563 816 2694 871 ergo
2738 809 2794 855 et
2827 800 3033 856 mentis
3067 800 3243 856 oculis
3272 808 3329 857 et
3353 807 3562 865 ventre,

1995 897 2063 950 de
2092 910 2202 965 quo
2242 893 2353 963 jam
2387 890 2655 954 diximus,
2691 890 3052 946 conturbatus
3095 906 3306 959 essem,
3342 889 3565 947 medela:

1994 1005 2082 1044 me
2136 996 2299 1058 atque
2351 982 2631 1039 curationi
2686 981 2929 1050 tradidi;
2984 981 3194 1047 dolori,
3248 982 3564 1054 gemitibus.

1992 1078 2222 1149 egestati
2251 1078 2418 1131 vitam
2465 1074 2651 1129 addixi
2710 1088 2914 1138 meam,
2946 1088 3049 1129 ceu
3091 1074 3326 1145 quadam
3370 1073 3568 1130 circui-

1996 1174 2145 1227 tione
2181 1185 2316 1225 usus
2347 1168 2415 1223 ad
2450 1168 2683 1224 salutem
2720 1166 3170 1236 recuperandam.
3200 1166 3309 1222 Pro
3341 1167 3437 1222 illo
3466 1182 3565 1223 au-

1989 1273 2121 1325 tem,
2182 1260 2247 1315 In
2284 1268 2593 1330 paupertate
2634 1259 2799 1312 virtus
2844 1275 2983 1326 mea,
3023 1268 3074 1313 et
3124 1275 3247 1315 ossa
3282 1275 3397 1314 mea
3436 1274 3563 1312 cour-

1994 1354 2211 1409 turbata
2261 1362 2418 1415 sunt,
2465 1351 2709 1420 apertius
2760 1348 3121 1421 Symmachus
3174 1351 3563 1420 interpretatus

1988 1452 2075 1501 est
2114 1444 2200 1499 his
2248 1441 2469 1508 verbis,
2510 1439 2731 1508 Propter
2785 1439 3116 1509 aﬂiictionem
3157 1456 3359 1503 nteant,
3393 1440 3562 1495 uirtus

1990 1553 2106 1591 mea
2153 1543 2203 1589 et
2247 1550 2369 1587 ossa
2414 1549 2529 1586 mea
2574 1538 2911 1598 putruerunt.
2960 1527 3040 1584 lta
3076 1545 3161 1584 me
3194 1528 3562 1595 macerabant,

1989 1627 2189 1698 inquit,
2218 1633 2280 1681 ut
2306 1636 2529 1696 propter
2556 1622 2866 1678 aftlictionis
2890 1621 3001 1677 vim
3019 1660 3036 1685 ,
3064 1621 3242 1675 virtus
3273 1637 3393 1677 mea
3424 1620 3564 1677 deﬁ-

1987 1728 2135 1776 ceret
2167 1732 2233 1773 ac
2260 1716 2648 1776 iuiirmaretur,
2679 1723 2845 1785 atque
2865 1713 2983 1784 ipsa
3012 1717 3209 1767 animus
3250 1727 3398 1780 ossa,
3431 1714 3566 1784 ipsa

1988 1810 2298 1875 facultates,
2343 1808 2546 1879 quibus
2578 1807 2709 1861 olim
2758 1805 2990 1861 viriliter
3037 1805 3293 1875 agebam,
3336 1820 3566 1875 compu~

288 1914 391 1985 τῆς
413 1913 597 1985 ψυχῆς
631 1931 734 1985 μου
760 1915 942 1979 ὀστέα,
1086 1915 1188 1981 τὰς
1213 1894 1472 1987 δυνάμεις
1499 1916 1558 1969 ὲν
1590 1910 1679 1980 αἷς
1710 1916 1879 1970 πάλαι

1981 1908 2309 1967 trescerent;
2361 1900 2479 1955 sive
2506 1896 2810 1955 secundum
2858 1896 3136 1975 Aquilam,
3177 1894 3241 1949 Et
3289 1911 3413 1950 ossa
3446 1911 3563 1950 mea

287 1983 1039 2080 tuopthpqv‘nbpmrlaaaw
1080 2006 1115 2080 ἢ
1156 2008 1299 2062 κατὰ
1343 1983 1436 2062 τὸν
1472 2009 1730 2063 Ἀκύλανο
1769 2009 1879 2063 Καὶ

1985 1998 2332 2051 exaruerunt.
2374 1988 2502 2042 Haec
2538 2000 2706 2057 porro
2740 1995 2871 2041 sunt
2902 1985 2992 2050 iis,
3025 1985 3119 2055 qui
3154 1983 3422 2039 scelerum
3466 1999 3562 2039 su-

285 2096 363 2151 τὰ
387 2096 548 2152 ὀστᾶ
569 2115 690 2168 μου
720 2098 1024 2169 ηὐχμώθη.
1052 2099 1239 2155 Ταῦτα
1260 2101 1318 2154 δὲ
1348 2103 1617 2171 ἀναγκαῖα
1649 2102 1786 2173 πρὸς
1805 2100 1883 2154 δι-

285 2187 591 2245 δασκαλίαν
616 2191 713 2245 καὶ
737 2191 1100 2263 ὑπογραμμὸν
1126 2192 1236 2246 τῶν
1264 2194 1513 2264 ἀφέσεως
1543 2196 1725 2265 τυχεῖν
1760 2193 1884 2264 βου-

286 2278 541 2352 λομένων
568 2281 677 2336 τῶν
702 2281 919 2336 οἰκείων
948 2282 1457 2357 πλημμελημάτων.

354 2369 531 2438 Παρὰ
568 2368 799 2438 πάντας
823 2369 966 2437 τοὺς
997 2371 1250 2442 ἐχθρούς
1276 2392 1396 2443 μου
1418 2373 1716 2444 ἐγενήθην
1734 2375 1885 2428 ὄνειιι

284 2458 414 2528 δος,
440 2461 547 2516 καί
572 2462 699 2530 τοῖς
719 2463 949 2534 τείτοσί
975 2484 1095 2535 μου
1124 2466 1387 2536 σφόδρα,
1425 2466 1524 2520 καὶ
1555 2468 1739 2536 φόϐος
1760 2469 1884 2535 τοῖς

282 2553 588 2622 ¹Γιοωστοῖς
621 2573 757 2624 μου.
805 2560 871 2611 οι
899 2556 1259 2627 θεωροῦντές
1278 2575 1356 2629 με
1383 2559 1500 2625 ἔξω
1531 2560 1760 2630 ἔφυγον
1780 2561 1883 2615 ἀπ’

281 2642 433 2711 ἐμοῦ
452 2660 471 2675 ·
508 2646 863 2716 ἐπελήσθην
885 2648 1029 2703 ὡσεὶ
1058 2648 1274 2717 νεκρὸς
1302 2649 1420 2703 ἀπὸ
1460 2648 1708 2717 καρδίας
1727 2666 1741 2680 ο
1764 2650 1889 2719 ἑτε-

281 2735 491 2805 νήθην
507 2738 649 2793 ὡσεὶ
698 2741 922 2808 σκεῦος
948 2731 1287 2808 ἀπολωλός.
1319 2742 1505 2796 Ταῦτα
1536 2742 1883 2815 ἁναφέρομεν

284 2826 379 2880 ἐπὶ
420 2828 522 2881 τὸν
567 2829 759 2902 καιρὸν
785 2830 882 2884 τοῦ
914 2831 1119 2896 πάθους
1149 2831 1246 2885 τοῦ
1278 2832 1530 2904 Σωτῆρος
1571 2832 1749 2902 ἡμῶν,
1782 2834 1884 2906 ἁρ-

286 2919 445 2989 μόζοι
479 2918 545 2974 ἂν
574 2921 668 2974 ὑπ’
697 2921 862 2976 αὑτοῦ
886 2922 1161 2992 λέγεσθαι,
1189 2924 1277 2977 ὅτε
1322 2926 1370 2977 οί
1409 2924 1595 2995 ἐχθροὶ
1641 2925 1882 2996 ἀνηρτη-

285 3009 452 3082 μένον
498 3012 735 3084 ὁρῶντες
779 3013 940 3068 αὑτὸν
968 3012 1312 3078 ὲπετὼθαζον
1340 3013 1710 3078 ὀνειδίζοντες,
1738 3013 1884 3067 κατὰ

282 3099 353 3155 τὰ
380 3102 752 3174 γεγραμμένα
796 3105 854 3156 ὲν
897 3106 1010 3168 τοῖς
1040 3105 1423 3173 Εὑαγγελίοις’
1457 3104 1595 3158 οἵτε
1624 3103 1879 3173 γνωστοὶ,

283 3196 377 3251 καὶ
407 3196 468 3250 ol
507 3196 767 3267 μαθηταὶ,
786 3196 880 3251 καὶ
905 3196 1068 3268 φίλοι,
1092 3197 1243 3268 φόϐῳ
1271 3194 1656 3263 ὑποπεσόντες,
1684 3198 1882 3270 ἀνεχώ-

1984 2100 2144 2142 orum
2202 2081 2423 2137 veniam
2470 2077 2744 2147 consequi
2771 2082 3087 2149 peroptant,
3118 2075 3184 2131 ad
3214 2072 3563 2143 disciplinam

1982 2187 2037 2234 et
2065 2173 2369 2244 exemplum
2403 2169 2733 2227 necessaria.

2055 2372 2227 2432 Vsus.
2282 2373 2473 2429 12-”.
2508 2373 2683 2444 Super
2714 2389 2894 2428 omnes
2960 2366 3206 2427 inimicos
3268 2388 3412 2428 meo:
3474 2373 3559 2442 Ῑαο

1985 2474 2100 2520 ctus
2137 2481 2254 2519 sum
2296 2463 2632 2534 opprobrium
2661 2473 2710 2518 et
2738 2463 2921 2519 vicinis
2964 2463 3092 2517 meis
3127 2462 3294 2528 ualde,
3321 2472 3373 2517 et
3401 2463 3561 2518 timor

1986 2560 2124 2614 notis
2155 2558 2304 2611 meis.
2358 2556 2464 2623 Qui
2503 2555 2747 2611 uidebant
2778 2572 2877 2620 me,
2910 2555 3058 2626 foras
3090 2554 3338 2626 fugerunt
3382 2570 3414 2608 a
3440 2566 3558 2609 me:

1985 2652 2234 2706 oblivioni
2272 2651 2433 2704 datus
2463 2665 2581 2703 sunt
2615 2658 2867 2720 tanquam
2894 2657 3134 2702 mortuus
3177 2664 3209 2701 a
3237 2645 3411 2703 corde.
3442 2644 3558 2702 Fa-

1984 2754 2100 2800 ctus
2143 2759 2261 2798 sum
2305 2752 2557 2813 tanquam
2598 2758 2690 2796 vas
2734 2741 3019 2810 perditum.
3070 2738 3196 2795 llaec
3236 2737 3305 2794 ad
3341 2746 3557 2809 tempus

1984 2837 2258 2909 passionis
2292 2835 2597 2890 Salvatoris
2626 2834 2801 2890 nostri
2844 2833 3153 2895 referimus,
3188 2847 3308 2903 quae
3336 2832 3405 2887 ab
3436 2834 3558 2902 ipso

1985 2908 2353 2997 congruenter
2376 2924 2525 2979 dicta
2571 2922 2796 2987 fuerint,
2827 2908 3048 2992 quando
3078 2920 3283 2976 inimici
3324 2934 3558 2990 suspen-

1974 3034 2107 3076 sum
2137 3017 2386 3074 videntes
2418 3015 2722 3072 irridebant
2748 3028 2896 3078 eum,
2931 3011 3242 3084 opprobriis
3274 3012 3557 3067 incessen-

1984 3120 2098 3176 tes,
2146 3117 2206 3165 ut
2245 3111 2300 3164 in
2329 3108 2641 3179 Evangeliis
2687 3106 2950 3177 scriptum
2993 3112 3077 3160 est
3113 3122 3126 3157 :
3170 3119 3236 3159 ac
3265 3102 3378 3158 noti
3410 3101 3553 3173 ejus.

1985 3203 2239 3275 discipuli
2273 3213 2327 3259 et
2357 3201 2540 3268 amici,
2571 3206 2718 3255 metu
2766 3196 3005 3267 correpti
3052 3195 3400 3260 recedebant,
3433 3196 3558 3266 ipso

285 3304 412 3360 ρουν
467 3287 887 3352 καταλείποντες
923 3289 1083 3343 αὐτόν
1103 3306 1118 3321 ο
1154 3289 1244 3343 ὅτε
1275 3291 1370 3343 καὶ
1416 3291 1446 3343 ὀ
1486 3292 1875 3365 πρωτοστάτης

1981 3297 2206 3363 relicto;
2252 3293 2474 3365 quando
2533 3292 2583 3348 is
2635 3290 2730 3361 qui
2780 3287 3178 3358 discipulorum
3223 3285 3344 3356 ejus
3387 3285 3556 3341 choro

280 3380 375 3435 τοῦ
404 3380 580 3453 χοροῦ
618 3380 726 3435 τῶν
758 3381 923 3449 αὑτοῦ
949 3381 1205 3455 μαθητῶν
1228 3383 1459 3455 ἧρνηται
1484 3384 1646 3439 αὑτὸν
1671 3384 1871 3457 τρίτον.

282 3472 419 3527 Τότε
453 3473 512 3527 δὲ
534 3475 629 3529 καὶ
652 3474 934 3548 ἀπελήσθη
955 3475 1088 3529 ὡσεὶ
1115 3476 1307 3548 νεκρὸς
1326 3475 1435 3530 ἀπὺ
1456 3476 1685 3548 καρδίας
1699 3495 1713 3510 ·
1739 3477 1876 3532 ἀλλὰ

282 3564 377 3617 καὶ
430 3565 690 3638 ἐνομίσθη
735 3568 1018 3637 γεγονέναι
1046 3566 1124 3632 ὡς
1167 3567 1363 3633 σκεῦος
1395 3569 1693 3634 ἀπολωλός.
1726 3569 1874 3642 Πλὴν

285 3654 431 3710 ἀλλὰ
454 3657 554 3712 καὶ
586 3657 758 3712 ταῦτα
780 3659 874 3712 ἐπὶ
903 3658 996 3713 τὸν
1021 3661 1080 3713 ὲν
1105 3658 1185 3730 τῷ
1210 3658 1412 3732 ψαλμῷ
1442 3658 1873 3731 ἐξομολογούμε-

286 3764 377 3801 νον
403 3748 792 3822 ἀναφερόμενα
814 3751 1257 3824 ὑπερϐάλλουσαν
1277 3752 1442 3808 αὑτοῦ
1469 3753 1765 3825 παρίστησι
1785 3754 1876 3807 κά-

288 3855 479 3893 κωσιν.
511 3839 668 3893 Οὕτω
717 3839 827 3913 γὰρ
852 3842 1040 3896 ἑαυτὸν
1069 3841 1345 3914 ὲξέτηκεν,
1374 3842 1451 3907 ὡς
1474 3843 1743 3896 ἐκλείπειν
1776 3843 1875 3913 μὲν

287 3929 450 3985 αὑτοῦ
506 3932 565 3984 ἐν
610 3931 770 4004 ὀδύνῃ
802 3932 900 4004 τὴν
931 3930 1099 4005 ζωὴν,
1131 3934 1224 3988 καὶ
1273 3934 1367 4006 ἔτη
1416 3936 1476 3988 ὲν
1526 3938 1872 4006 στεναγμοῖς,

288 4020 585 4093 ἀσθενῆσαι
612 4021 670 4076 δὲ
701 4024 758 4076 ὲν
782 4016 1030 4098 πτωχεία
1050 4025 1149 4098 τὴν
1176 4026 1352 4097 ίσχὺν,
1373 4027 1468 4081 καὶ
1497 4026 1565 4081 τὸ
1586 4028 1748 4081 ὀστέα
1773 4027 1875 4098 τῆς

287 4110 467 4185 ψυχῆς
518 4112 682 4167 αὑτοῦ
728 4116 1096 4188 ταραχθῆναι·
1139 4117 1225 4188 ἐφ’
1254 4114 1337 4183 οἷς
1380 4118 1473 4172 καὶ
1520 4118 1744 4188 ἐγελᾶτο
1771 4117 1876 4172 ὑπὸ

289 4205 397 4259 τῶν
424 4204 656 4278 ἐχθρῶν,
686 4206 762 4271 ὼς
789 4209 909 4279 είκῆ
940 4210 1036 4263 καὶ
1063 4210 1241 4282 μάτην
1273 4208 1467 4265 ἑαυτὸν
1492 4212 1873 4265 κατακόπτων.

292 4295 367 4348 υὺ
399 4294 561 4367 μόνον
581 4294 639 4348 δὲ
673 4295 823 4367 παρὰ
848 4299 966 4360 τοῖς
1000 4297 1216 4370 ἐχθροῖς
1250 4300 1459 4368 ἐγίνετο
1489 4299 1710 4364 ὄνειδος,
1739 4299 1877 4354 ἀλλὰ

292 4388 388 4442 καὶ
420 4384 578 4459 παρὰ
598 4389 714 4450 τοῖς
738 4388 974 4456 γείτοσιν
1002 4388 1168 4443 αὑτοῦ
1202 4392 1317 4454 τοῖς
1349 4389 1582 4460 μάλιστα
1610 4390 1772 4444 αὑτὸν
1801 4391 1877 4443 εἰ⁶

288 4476 424 4544 δόσι,
456 4477 550 4532 διὰ
579 4478 638 4531 τὸ
669 4475 897 4546 ἔγγιστα
932 4479 1118 4533 οίκείν.
1168 4471 1326 4532 Οὗτοι
1354 4478 1484 4551 γὰρ,
1511 4478 1744 4551 ὁρῶντες
1774 4479 1877 4531 αὑ-

290 4567 381 4624 τὸν
411 4569 824 4641 κατατρύχοντα
849 4571 908 4625 ὲν
933 4573 999 4642 τῇ
1029 4569 1166 4642 πρὸς
1187 4570 1280 4624 τὸν
1307 4560 1441 4624 Θεὸν
1474 4570 1874 4643 ἐξομολογήσει,

1974 3395 2236 3459 praeerat,
2272 3394 2357 3440 ter
2388 3384 2568 3455 ipsum
2618 3380 2858 3452 negavit.
2903 3378 3060 3434 Tunc
3107 3392 3240 3434 sane
3285 3377 3553 3433 oblivioni

1974 3479 2137 3536 datus
2169 3488 2255 3534 est
2288 3488 2552 3548 tanquam
2606 3482 2860 3528 mortuus
2905 3486 2936 3525 a
2969 3468 3174 3534 corde;
3230 3469 3341 3525 imo
3385 3468 3555 3524 etiam

1972 3578 2237 3643 tanquam
2290 3583 2391 3624 vas
2444 3565 2720 3638 perditum
2783 3568 3069 3634 reputatus
3117 3567 3223 3615 est.
3282 3558 3553 3614 Caeterum

1973 3661 2090 3718 haec
2120 3662 2167 3718 si
2200 3660 2270 3715 ad
2300 3673 2427 3715 eum
2449 3657 2544 3729 qui
2579 3656 2633 3710 in
2659 3655 2871 3727 psalmo
2903 3653 3196 3708 confitetur
3225 3650 3553 3717 referantur,

1974 3763 2274 3810 extremam
2308 3752 2428 3822 ejus
2456 3749 2737 3806 miseriam
2774 3756 2829 3803 et
2854 3744 3202 3801 alllictionem
3247 3743 3552 3799 declarant.

1975 3846 2054 3901 ιω
2084 3847 2230 3900 enim
2265 3858 2390 3900 sese
2421 3840 2738 3905 maceravit,
2767 3850 2827 3894 ut
2854 3838 3115 3894 deficeret
3144 3837 3200 3892 in
3225 3834 3416 3891 dolore
3440 3834 3553 3888 vita

1975 3937 2130 4006 eius,
2171 3943 2228 3991 et
2273 3935 2401 3990 anni
2447 3935 2570 4004 ejus
2615 3934 2670 3988 in
2727 3931 3055 4003 gemitibus,
3103 3928 3280 3984 virtus
3323 3926 3445 3996 ejus
3492 3925 3551 3980 in

1977 4037 2293 4099 paupertate
2338 4025 2732 4089 intirmaretur,
2770 4031 2828 4079 et
2857 4034 2982 4079 Ossa
3030 4022 3227 4075 anima:
3265 4016 3387 4089 ejus
3417 4032 3553 4072 con-

1978 4121 2362 4185 turbarentur;
2402 4130 2511 4188 qua
2559 4117 2615 4171 in
2657 4132 2717 4171 re
2784 4115 2853 4171 ab
2882 4112 3118 4169 inimicis
3157 4125 3376 4182 quoque
3404 4109 3555 4164 deri-

1976 4214 2230 4275 debetur,
2258 4210 2419 4282 quasi
2461 4212 2515 4266 in
2537 4223 2738 4264 vanum
2769 4222 2834 4262 ac
2870 4206 3072 4261 frustra
3102 4219 3225 4261 sese
3266 4202 3549 4273 afﬂigeret.

1978 4304 2094 4360 Non
2125 4303 2287 4359 modo
2320 4312 2499 4357 autem
2529 4299 2770 4355 inimicis
2814 4298 2867 4352 in
2901 4296 3254 4368 opprobrium
3302 4292 3426 4356 fuit,
3454 4289 3549 4346 sed

1978 4397 2144 4453 etiam
2177 4395 2396 4461 vicinis,
2424 4394 2519 4466 qui
2547 4392 2694 4464 quod
2726 4390 2972 4462 proxime
3005 4389 3333 4451 habitarent,
3369 4386 3551 4457 ipsum

1978 4488 2148 4558 probe
2192 4493 2480 4543 noverant.
2542 4483 2651 4555 Ipsi
2695 4497 2931 4553 namque
2978 4479 3225 4535 videntes
3279 4478 3433 4533 illum
3493 4477 3548 4530 in

1979 4578 2327 4635 confessione
2376 4575 2443 4632 ad
2478 4575 2645 4632 Deum
2701 4575 2903 4629 emissa
2966 4586 3090 4626 sese
3150 4574 3541 4630 macerantem,

290 4660 600 4729 κατεγέλων
644 4661 811 4716 αὑτοῦ
860 4661 954 4716 καὶ
992 4661 1285 4728 ὠνείδιζον.
1316 4662 1378 4715 Οἱ
1409 4660 1468 4715 δὲ
1506 4662 1875 4733 προσήκοντες

1981 4668 2281 4724 irridebant
2325 4673 2527 4723 cumet
2574 4663 2885 4735 opprobriis
2934 4656 3255 4717 onerabant.
3317 4657 3547 4730 Cognati

291 4754 442 4827 αὐτῷ
483 4758 767 4825 συγγενεῖς
807 4754 904 4809 καὶ
943 4753 1087 4823 φίλοι
1118 4754 1213 4808 κα)⁸
1240 4752 1552 4824 ἐφοϐοῦντο,
1584 4754 1661 4818 ὡς
1690 4771 1871 4826 μεμη-

293 4845 419 4902 νότα
465 4849 561 4903 καὶ
607 4848 707 4912 τὰς
752 4847 954 4919 φρένας
1000 4845 1327 4921 ἐξεστηκότα
1351 4863 1365 4877 ο
1399 4846 1539 4901 ὥστε
1567 4847 1870 4918 ἀναχωρεῖν

294 4939 384 4994 καὶ
407 4941 630 5011 φεύγειν
658 4941 717 5009 ἐξ
742 4939 927 5006 αὑτοῦ,
949 4938 1426 5008 ἀπογινώσκοντας
1449 4939 1613 4993 αὑτοῦ
1636 4940 1735 5011 τὴν
1760 4956 1869 4993 σω·-

292 5032 507 5106 τηρεαν,
550 5032 722 5105 λήθην
752 5049 813 5086 τε
845 5031 1010 5086 αὑτοῦ
1044 5033 1316 5085 ποιεῖσθαι
1361 5029 1499 5087 ὡσεὶ
1538 5031 1631 5084 καὶ
1672 5028 1867 5102 νεκροῦ

1976 4776 2106 4814 vero
2137 4767 2191 4815 et
2219 4759 2412 4823 amici,
2447 4757 2541 4829 qui
2567 4758 2747 4828 ipsum
2773 4753 3067 4811 convenire
3104 4753 3373 4815 solebant,
3402 4759 3548 4806 metu

1978 4851 2253 4921 perterriti
2284 4857 2463 4912 erant,
2503 4861 2569 4902 ac
2601 4846 2648 4903 si
2677 4862 2803 4902 eum
2858 4843 3225 4899 insanientem
3273 4855 3337 4896 ac
3368 4848 3551 4896 mente

1975 4943 2271 4998 alienatum
2315 4938 2621 5003 vidissent;
2658 4940 2731 4992 ita
2767 4947 2825 4991 ut
2856 4935 2926 4991 de
2968 4934 3145 4991 salute
3185 4933 3308 5003 ejus
3350 4931 3551 5003 despc-

1976 5040 2164 5089 rantes
2195 5030 2518 5087 secederent
2558 5038 2614 5085 et
2643 5028 2967 5098 aufugerent
2986 5064 3002 5090 ,
3066 5025 3353 5096 ipsumque
3378 5022 3546 5079 veluti

293 5124 390 5198 ἤδη
421 5125 732 5197 γενομένου,
762 5110 859 5180 καὶ
886 5124 963 5189 ὡς
986 5124 1114 5196 περὶ
1146 5121 1372 5187 σκεύους
1396 5121 1737 5187 ἀπολωλότος
1756 5122 1870 5175 δια-

1981 5124 2080 5195 lam
2130 5131 2406 5180 mortuum
2448 5122 2711 5180 oblivioni
2758 5120 2978 5185 darent,
3033 5132 3097 5173 ac
3146 5126 3405 5188 tanquam
3450 5131 3547 5171 vas

296 5210 520 5266 κεῖσθαι.
553 5211 740 5266 Ταῦτα
791 5211 968 5266 πάντα
1018 5211 1340 5266 πεπονθέναι
1392 5210 1650 5281 ἔφασκεν,
1678 5211 1871 5266 ἑαυτὸν

296 5303 476 5357 κακῶν
499 5302 880 5375 ἐξομολογήσει
907 5304 1004 5357 καλ⁵
1035 5303 1308 5375 μετανοίᾳ.
1329 5303 1467 5357 Ἀλλ’
1488 5303 1595 5357 οἶδε
1628 5304 1746 5374 μὲν,
1764 5321 1870 5375 φη-

299 5391 370 5458 σὶ,
400 5394 631 5450 τοιοῦτοι
654 5397 907 5466 γεγόνασι
935 5396 1063 5469 περὶ
1091 5395 1211 5467 ὲμέ.
1229 5394 1371 5465 Ἐγὼ
1402 5396 1459 5450 δὲ
1491 5397 1591 5450 οὑκ
1626 5396 1753 5451 ἄνευ
1782 5395 1873 5449 λόο

296 5500 391 5554 γου
415 5487 585 5553 οὑτως
600 5488 835 5560 ἐμαυτὸν
856 5485 1012 5561 ἦγον,
1034 5488 1147 5543 ἀλλ’
1166 5488 1463 5562 ἐπειδήπερ
1485 5490 1682 5561 ηκουον
1707 5488 1874 5559 ψόγον

299 5577 501 5634 πολλῶν
530 5580 933 5653 παροικούντων
960 5581 1239 5645 κυκλόθεν,
1264 5582 1314 5635 oi
1335 5581 1455 5635 τότε
1491 5582 1868 5654 συναιρόμενοι

299 5664 388 5720 ἰπὶ
408 5669 468 5722 τὸ
490 5670 621 5723 αὑτὸ
641 5669 826 5724 λαϐεῖν
847 5670 945 5743 τὴν
964 5671 1141 5743 ψυχήν
1165 5688 1264 5743 μου
1286 5671 1642 5743 ἐνεθυμοὺντο
1661 5690 1674 5704 ⁸
1692 5674 1739 5726 οί
1760 5672 1868 5744 γὰρ

369 5849 417 5884 ’⁸
451 5850 612 5914 Joan.
648 5872 764 5923 vn,
791 5855 877 5911 38.

1971 5216 2244 5288 perditum
2270 5216 2556 5271 haberent.
2589 5213 2715 5269 Haec
2742 5211 2926 5268 omnia
2955 5223 3273 5282 perpessum
3303 5223 3363 5265 se
3393 5207 3547 5264 testi.

1974 5307 2170 5363 ﬁcatur
2192 5346 2207 5371 ,
2241 5308 2371 5362 dum
2405 5322 2464 5361 se
2500 5308 2555 5362 in
2589 5304 2936 5361 confessione
2967 5310 3022 5358 et
3049 5303 3366 5373 pmnitentia
3412 5300 3547 5357 allii-

1976 5406 2144 5469 geret.
2186 5396 2291 5453 Sed
2327 5396 2405 5451 illi
2436 5396 2679 5468 quidem,
2715 5395 2813 5459 ait,
2853 5393 2935 5450 sic
2974 5407 3103 5463 erga
3144 5407 3231 5446 me
3273 5406 3334 5446 sc
3361 5406 3547 5461 gesse‘

1976 5499 2124 5547 runt.
2162 5490 2276 5562 Ego
2303 5506 2435 5547 vero
2466 5505 2575 5546 non
2607 5490 2727 5545 sine
2756 5486 2990 5543 consilio
3021 5495 3075 5540 et
3104 5484 3313 5540 ratione
3347 5496 3434 5537 me
3464 5483 3547 5539 sic

1973 5596 2135 5655 agere
2156 5584 2414 5655 putabam
2445 5599 2457 5633 :
2490 5581 2587 5639 sed
2613 5581 2741 5651 quia
2773 5577 3057 5634 audiebam
3090 5573 3546 5644 vituperationem

1973 5675 2271 5732 multorum
2299 5673 2755 5732 commorantium
2792 5670 2847 5725 in
2876 5668 3134 5731 circuitu,
3158 5665 3250 5736 qui
3279 5673 3410 5720 tunc
3436 5676 3547 5719 una
