4122 6454
526 393 626 457 171

1215 396 1484 453 EUSEBll
1521 394 1999 454 cassammsns
2022 395 2184 461 .OPP.
2220 386 2409 453 PARS
2442 395 2533 453 ιιι.
2559 425 2632 437 --
2664 393 3061 453 exsomnes.

3664 405 3774 458 271

529 519 927 573 conveniebant
968 529 1037 571 eo
1063 514 1314 580 consilio,
1344 525 1408 571 ut
1432 515 1671 571 animam
1723 531 1901 573 meam
1954 518 2099 572 acci-

2204 516 2426 590 ἀφανεῖς
2473 514 2568 571 καὶ
2613 514 2835 587 ἀόρατοι
2878 513 3079 586 ἐχθροὶ,
3117 509 3505 584 περιπεσόντος
3549 527 3655 586 μου
3702 515 3773 585 τη

531 616 752 681 pereat;
800 623 927 664 nam
963 609 1169 665 occulti
1213 614 1268 665 et
1307 606 1611 664 invisibiles
1654 608 1884 673 inimici,
1925 625 2010 665 me
2039 608 2097 665 in

482 762 486 767 ,
531 710 815 774 peccatum
845 703 1019 774 lapso.
1038 703 1095 758 in
1134 714 1305 758 unum
1351 702 1668 774 congregati
1711 711 1841 760 sunt
1884 710 1945 759 ut
1976 703 2099 758 ani-

532 810 676 850 mam
719 809 895 850 meam
930 800 1225 864 raperent;
1274 792 1396 849 ideo
1445 808 1637 850 eorum
1685 794 1916 850 insidias
1967 795 2098 852 sub.

531 885 814 950 odoratus,
843 884 948 940 tale
980 885 1049 939 de
1078 898 1166 939 me
1197 884 1527 956 supplicium
1562 886 1811 955 sumpsi;
1849 884 2098 957 cogitans

532 991 667 1032 num
715 976 856 1032 forte
884 974 1046 1041 Deus,
1093 985 1387 1047 conspecta
1431 976 1749 1048 huiusmodi
1794 977 2100 1048 abjectione

530 1080 675 1134 mea,
702 1066 1077 1125 misericordia
1105 1074 1287 1123 motus
1314 1083 1402 1124 me
1429 1068 1765 1125 liberaturus
1790 1076 1955 1126 esset.

601 1157 771 1215 Vens.
801 1156 1004 1224 15,16.
1049 1155 1161 1228 Ego
1191 1167 1369 1213 autem
1410 1159 1469 1213 in
1510 1168 1558 1213 te
1589 1159 1814 1228 speravi,
1853 1158 2100 1225 Domine;

534 1247 648 1307 dixi
668 1270 687 1310 :
710 1251 850 1307 Deus
883 1266 1026 1306 meus
1058 1267 1114 1305 es
1146 1259 1222 1317 tu,
1258 1251 1313 1306 in
1341 1251 1584 1307 manibus
1625 1253 1730 1307 tuis
1761 1262 1926 1308 sortes
1950 1268 2097 1309 mete.

535 1342 662 1399 Haec
695 1342 951 1407 inimicis,
985 1341 1181 1412 inquit,
1214 1349 1405 1398 contra
1437 1358 1524 1399 me
1555 1343 1930 1409 molientibus,
1958 1345 2013 1401 in
2046 1352 2102 1400 te

532 1434 1042 1507 speravi,Domine;
1073 1434 1313 1506 dixique,
1342 1441 1398 1491 te
1429 1435 1607 1493 solum
1629 1436 1763 1492 mihi
1795 1436 2100 1508 adiutorem

533 1522 779 1581 sullicere
808 1544 823 1581 :
853 1540 1000 1589 nam,
1035 1524 1172 1580 Deus
1218 1538 1363 1580 meas
1396 1542 1451 1581 es
1498 1534 1578 1592 tu,
1616 1529 1671 1583 in
1702 1530 1953 1587 manibus
1997 1534 2101 1590 tuis

534 1628 702 1671 sortes
723 1631 871 1671 mete.
885 1614 992 1669 Pro
1018 1628 1128 1686 quo
1146 1622 1263 1670 tum
1280 1614 1544 1673 Hebraica
1566 1620 1749 1685 lectio,
1769 1630 1881 1677 tum
1906 1624 2103 1696 reliqui

534 1706 885 1776 interpretes,
915 1716 1150 1776 tempora
1195 1719 1330 1770 mea,
1349 1708 1659 1768 ediderunt.
1706 1710 1931 1770 Etiamsi
1956 1717 2102 1772 enim

533 1798 739 1855 inimici
772 1799 886 1870 jam
924 1798 1162 1855 maxime
1192 1799 1405 1858 viribus
1438 1803 1676 1871 valeant,
1722 1805 1881 1876 quasi
1911 1806 2105 1865 adrer-

2201 608 2466 683 ἁμαρτίᾳ,
2497 608 2884 663 συνετάσσοντο
2926 605 3062 677 πρὸς
3108 604 3390 677 ἀλλήλους,
3425 603 3573 668 ὅπως
3617 602 3775 676 διαρο

2202 701 2417 758 πάσωσι
2461 699 2561 772 τὴν
2610 698 2747 771 ἐμὴν
2798 698 2997 770 ψυχήν.
3048 697 3246 769 Διόπερ
3272 695 3404 766 ἐγὼ,
3434 696 3537 767 τῆς
3571 693 3775 751 τούτων

2202 790 2490 863 ἐπιϐουλῆς
2518 789 2954 860 συναισθόμενος,
2976 790 3042 860 τῇ
3070 786 3310 861 τοσαύτῃ
3332 786 3568 859 ἐμαυτὸν
3595 784 3777 841 ἐπεδί-

2201 881 2324 936 δουν
2360 879 2619 953 τιμωρίᾳ,
2649 878 2704 932 εί
2738 894 2855 942 πως
2882 877 2989 950 ἄρα
3024 878 3054 930 ό
3081 876 3213 940 Θεὸς
3243 875 3335 930 διὰ
3370 874 3470 946 τὴν
3509 872 3778 947 τοσαύτην

2207 989 2309 1045 μου
2350 971 2675 1027 ταπείνωσιν
2725 968 2964 1041 ἐλεήσειε
3011 984 3080 1040 με
3132 968 3228 1023 καὶ⁵
3273 966 3497 1039 ῥύσαιτο
3539 966 3638 1038 τῆς
3667 966 3779 1023 τῶν

2204 1062 2416 1138 ἐχθρῶν
2443 1061 2753 1135 ἐπιϐουλῆς.

2288 1155 2428 1226 Ἐ’τὼ
2458 1153 2527 1208 δὲ
2558 1153 2656 1208 ἐπὶ
2698 1155 2799 1209 σοὶ
2827 1152 3084 1222 ἤλπισα,
3108 1152 3285 1220 Κύριε
3303 1167 3319 1181 ·
3359 1151 3527 1207 ebur
3554 1152 3637 1207 Σὺ
3660 1145 3721 1206 εἷ
3742 1151 3777 1206 d

2207 1246 2354 1314 Θεός
2372 1263 2513 1317 μου,
2541 1246 2613 1301 ἐν
2638 1244 2766 1312 ταῖς
2790 1246 2966 1315 χερσί
2983 1258 3100 1300 σου
3124 1247 3180 1300 ot
3204 1243 3420 1315 κλῆροι
3435 1262 3576 1316 μου.
3593 1244 3777 1299 Ταῦτα

2203 1338 2312 1393 τῶν
2337 1337 2548 1412 ἐχθρῶν
2582 1355 2706 1409 μου,
2732 1338 2886 1410 φησὶ,
2918 1337 3317 1410 βουλευομένων
3345 1339 3465 1393 κατ’
3504 1338 3660 1410 ἐμοῦ,
3684 1337 3778 1395 ἐπὶ

2206 1426 2268 1483 σέ
2299 1427 2521 1502 ἤλπισα,
2553 1428 2757 1502 Κύριε·
2798 1426 2981 1496 ἔλεγόν
3023 1426 3085 1482 τό
3131 1444 3192 1481 σε
3244 1426 3403 1498 μόνον
3445 1426 3637 1499 βοηθόν
3686 1444 3777 1499 μοι

2206 1522 2474 1594 ἀπαρκεῖν
2491 1537 2506 1552 ’
2540 1522 2684 1588 Θεὸς
2715 1519 2830 1589 γάρ
2863 1536 2981 1590 μου
3004 1512 3065 1575 εἷ
3080 1519 3184 1583 σὺ,
3205 1518 3278 1574 ἐν
3300 1518 3428 1586 ταῖς
3454 1520 3631 1589 χερσί
3659 1536 3777 1575 σου

2206 1616 2262 1667 οι
2290 1611 2505 1682 κλῆροι
2522 1629 2643 1682 μου
2661 1627 2678 1643 ·
2718 1610 2836 1666 ἀνθ’
2861 1602 2946 1676 οὗ,
2976 1613 3029 1665 oi
3061 1609 3254 1679 καιροί
3279 1626 3421 1680 μου,
3446 1605 3481 1679 ἡ
3517 1608 3777 1681 Ἐσραϊκὴ

2206 1705 2511 1776 ἀνάγνωσις
2548 1704 2642 1759 καὶ
2668 1704 2719 1758 οι
2746 1704 2924 1760 λοιποὶ
2949 1700 3280 1776 ἑρμηνευταὶ
3303 1700 3680 1757 ἐκδεδὼκασιν.
3712 1701 3779 1755 Εί

2207 1797 2319 1872 γάρ
2365 1798 2460 1855 καὶ
2504 1796 2573 1851 τά
2627 1797 2863 1869 μάλιστα
2900 1795 2996 1850 νῦν
3043 1792 3093 1850 oi
3139 1796 3323 1868 ἐχθροὶ⁵
3373 1793 3775 1867 κατισχύουσιν.

533 1904 656 1944 sum
701 1905 790 1945 me
821 1891 966 1944 nacti
1001 1898 1365 1961 opportunum
1408 1900 1662 1965 tempus;
1706 1901 1764 1949 at
1800 1895 1933 1951 mibi
1965 1904 2102 1953 tem-

2204 1886 2393 1962 ὥσπερ
2417 1888 2607 1962 καιρὸν
2633 1888 2847 1961 ἔχοντες
2874 1889 2991 1943 κατ’
3020 1886 3176 1959 ἐμοῦ,
3209 1886 3324 1941 ἀλλ’
3358 1886 3408 1941 oi
3438 1878 3564 1958 spei.
3597 1885 3781 1958 καιροὶ

531 1994 666 2051 pora
713 1993 833 2036 mea
872 1981 940 2036 in
983 1982 1236 2039 manibus
1287 1983 1400 2041 tuis
1446 1992 1728 2042 reservata
1785 1993 1915 2044 sunt
1946 2004 1960 2041 :
1991 2003 2103 2060 quo

531 2078 778 2143 tempore
840 2078 1018 2130 sortes
1068 2088 1221 2130 meas
1278 2089 1447 2146 penes
1505 2083 1560 2133 te
1618 2077 1892 2149 repositas
1941 2079 2097 2136 novi.

531 2161 896 2230 Quamobrem
921 2164 1048 2236 jure
1078 2166 1335 2238 supplico
1364 2166 1713 2240 postuloque,
1748 2185 1835 2227 me
1876 2169 1932 2226 in
1963 2176 2104 2242 prim

532 2255 677 2310 senti
734 2255 805 2313 ab
858 2256 1100 2313 inimicis
1151 2266 1205 2315 et
1259 2271 1291 2312 a
1334 2259 1787 2330 persequentibus
1831 2272 1921 2318 me
1967 2261 2104 2319 libe‘

532 2359 667 2401 τινι.
1411 2362 1420 2371 ⁵

621 2434 784 2492 Vens.
865 2433 1056 2492 17-19.
1131 2435 1359 2493 [flustra
1433 2437 1624 2508 faciem
1705 2448 1850 2494 tuam
1941 2446 2102 2510 super

532 2544 737 2584 servum
769 2536 936 2597 tuum,
966 2529 1171 2585 salvum
1205 2546 1287 2586 me
1327 2529 1416 2601 fac
1460 2529 1515 2584 in
1557 2530 1925 2588 misericordia
1971 2542 2101 2587 tua:

533 2619 797 2685 Domine,
858 2637 965 2676 non
1010 2621 1307 2693 confundor
1335 2662 1351 2688 ,
1423 2624 1679 2697 quoniam
1735 2625 1971 2681 invocavi
2028 2634 2096 2681 te.

532 2713 1005 2782 Quemadmodum
1038 2716 1255 2773 oriente
1293 2716 1409 2773 sole
1442 2717 1685 2774 tenebrae
1720 2716 2100 2790 dissipantur,

532 2806 639 2863 sub
671 2815 819 2863 terra
866 2806 1157 2872 absconso,
1204 2808 1390 2863 omnia
1421 2797 1533 2866 nox
1567 2816 1831 2879 occupat,
1861 2816 2103 2880 tuncque

530 2912 600 2951 ex
628 2895 869 2951 latibulis
909 2896 1026 2952 suis
1066 2896 1343 2967 prodeunt
1387 2897 1517 2955 fera
1553 2906 1833 2970 agrestes,
1886 2899 2103 2971 virique

530 2987 767 3059 operarii
817 2987 1160 3058 iniquitatis;
1215 2989 1324 3056 ita,
1374 2988 1486 3047 Deo
1534 3005 1749 3056 averso,
1811 2991 2102 3063 insurgunt

532 3077 728 3133 animae
753 3076 972 3144 hostes,
1004 3078 1288 3150 ipsamque
1331 3080 1738 3138 incursionibus
1778 3081 2103 3147 molestam;

532 3167 654 3240 ipso
702 3176 882 3225 autem
919 3167 1149 3225 Deitatis
1189 3184 1304 3227 sua:
1353 3170 1537 3228 lumen
1586 3172 1900 3237 emittente,
1955 3171 2102 3243 quod

2202 1981 2607 2053 πεφυλαγμένοι
2650 1980 2786 2036 είσὶν
2808 1982 2867 2034 ἐν
2900 1982 3020 2045 ταῖς
3056 1981 3177 2044 σαῖς
3205 1978 3392 2051 χερσίν
3412 1995 3427 2010 ·
3458 1980 3517 2033 ἐν
3543 1974 3626 2043 οἷς
3652 1992 3779 2032 και-

2204 2077 2319 2148 ροῖς
2345 2072 2441 2128 καὶ
2466 2072 2591 2137 τοὺς
2616 2071 2852 2144 ἐμαυτοῦ
2882 2071 3121 2144 κλήρους
3147 2066 3265 2125 οῖδα
3293 2068 3443 2144 παρά
3474 2070 3558 2124 σοὶ
3578 2069 3784 2139 φυλάτ-

2201 2165 2408 2221 τεσθαι.
2439 2164 2530 2219 Διὸ
2553 2163 2777 2230 εἰκότως
2814 2154 3040 2219 ἱκετεύω
3085 2161 3180 2217 καὶ
3211 2161 3399 2233 δέομαι
3427 2161 3522 2215 ἐπὶ
3550 2159 3644 2215 τοῦ
3674 2178 3781 2215 παο

2204 2252 2387 2330 ρόντος
2405 2255 2663 2329 ρυσθῆναι
2678 2256 2743 2309 ἐκ
2764 2254 2873 2309 τῶν
2894 2252 3103 2326 ἐχθρῶν
3130 2269 3232 2325 μου
3263 2251 3360 2307 καὶ
3386 2252 3451 2307 ἐκ
3474 2251 3581 2307 τῶν
3610 2268 3780 2307 καταρ

2200 2348 2507 2404 διωκόντων
2535 2364 2621 2420 με.

2286 2438 2608 2509 Ἐπίςοανον
2640 2436 2709 2492 τὸ
2752 2438 3078 2506 πρόσωπόν
3109 2452 3224 2492 σου
3268 2437 3368 2492 ἐπὶ
3413 2438 3522 2492 τὸν
3553 2435 3782 2492 δοῦλόν

2201 2544 2317 2585 σου
2383 2527 2591 2585 σῶσόν
2630 2544 2709 2598 με
2743 2528 2815 2581 ἐν
2853 2527 3007 2583 ἐλέει
3042 2544 3159 2583 σου
3179 2544 3195 2559 ’
3227 2531 3427 2598 Κύριε,
3452 2527 3539 2600 μὴ
3581 2544 3781 2585 καται-

2200 2620 2565 2692 σχυνθείην,
2615 2621 2704 2674 ὅτι
2746 2617 3206 2690 ἐπεκωεσὰμην
3250 2637 3343 2675 σε.
3371 2620 3580 2693 “nemp
3627 2618 3782 2692 ἡλίου

2201 2713 2581 2778 ἀνατείλαντος
2612 2712 2798 2766 λύεται
2847 2706 2908 2766 τὸ
2954 2713 3143 2777 σκότος
3161 2728 3176 2744 ·
3206 2704 3313 2767 ύπὸ
3338 2713 3441 2784 γῆν
3467 2712 3526 2767 δέ
3552 2709 3781 2784 γενομέ-

2200 2818 2316 2873 νου,
2348 2809 2446 2876 νὺξ
2480 2807 2838 2880 διαλαμϐάνει
2866 2807 2929 2862 τὸ
2960 2809 3101 2862 πᾶνο
3133 2806 3353 2879 προῖασί
3383 2823 3444 2861 τε
3470 2807 3535 2859 ἐκ
3557 2805 3666 2861 τῶν
3696 2806 3779 2860 oi-

2202 2900 2367 2955 κείων
2395 2899 2745 2957 καταδύσεων
2781 2899 2948 2973 θῆρες
2981 2899 3165 2971 ἀγριοι
3196 2898 3289 2953 καὶ
3319 2898 3511 2969 ἀνδρες
3540 2912 3782 2971 κακουρ-

2201 2991 2326 3061 γίας
2356 2991 2584 3064 ἐργάται
2602 3006 2619 3023 '
2644 2991 2837 3057 οὕτως,
2868 2989 3339 3061 ἀποστρεφομένου
3372 2989 3474 3061 μέν
3504 2988 3597 3044 τοῦ
3621 2986 3778 3053 Θεοῦ,

2201 3083 2251 3137 ot
2277 3082 2376 3154 τῆς
2401 3081 2582 3154 ψυχῆς
2607 3081 2791 3155 ἐχθροὶ
2824 3080 3209 3137 ἐπανίστανται
3238 3080 3331 3134 καὶ
3358 3080 3785 3152 κατατρέχουσιν

2203 3173 2402 3245 αὐτῆς·
2427 3174 2832 3246 ἐπιλάμψαντος
2856 3172 2913 3228 δέ
2935 3171 3099 3227 αὐτοῦ
3119 3170 3181 3226 τὸ
3200 3171 3315 3242 φῶς
3342 3171 3443 3244 τῆς
3468 3171 3635 3226 αὐτοῦ
3661 3169 3783 3229 θεό-

531 3237 745 3315 ruttum
767 3258 861 3316 Dei
883 3256 1169 3331 Scriptura
1196 3275 1394 3319 vocare
1433 3264 1740 3331 consuevit,
1775 3272 1910 3319 tunc
1942 3279 2102 3321 avere

2204 3237 2384 3337 τητος,
2412 3267 2551 3338 ὅπερ
2575 3237 2865 3339 πρόσωπον
2879 3263 3013 3319 Θεοῦ
3042 3237 3328 3335 ὀνομάζειν
3352 3237 3541 3317 εῐωθεν
3567 3265 3602 3335 ἠ
3633 3263 3778 3336 Γραο

532 3359 727 3407 tuutur
747 3359 803 3407 et
831 3349 1013 3424 fugam
1061 3351 1273 3411 faciunt
1298 3369 1492 3411 omnes
1523 3356 1619 3425 qui
1649 3357 1828 3411 amica
1860 3357 2105 3414 tenebris

534 3455 701 3512 opera
730 3448 1069 3515 perpetrant,
1103 3457 1170 3498 ac
1196 3443 1461 3514 quidquid
1488 3442 1601 3501 Deo
1645 3447 1985 3503 contrarium
2017 3456 2107 3505 est

534 3532 860 3603 dissipatur.
909 3531 1092 3600 Quare
1127 3550 1220 3605 qui
1264 3536 1445 3606 primo
1476 3536 1842 3594 conﬁtebatur
1878 3539 2102 3598 dicens:

542 3620 771 3678 Illustra
823 3622 1015 3692 faciem
1066 3633 1215 3679 tuam
1269 3642 1429 3697 super
1480 3645 1687 3683 seruum
1751 3638 1903 3684 tuum
1928 3671 1945 3698 ,
1990 3629 2106 3701 iam

540 3726 788 3778 rursum,
820 3713 939 3771 Non
963 3723 1187 3787 propter
1229 3730 1394 3789 opera
1439 3734 1582 3783 mea,
1621 3720 1822 3792 inquit,
1846 3721 1942 3778 sed
1978 3737 2106 3794 pro-

537 3813 660 3874 pter
703 3804 1136 3862 misericordiam
1181 3818 1329 3863 tuam
1362 3810 1593 3868 salutem
1649 3811 1899 3871 nancisci
1948 3827 2105 3885 rogo;

538 3903 702 3967 atque
752 3896 947 3959 iterum
981 3915 997 3953 :
1028 3897 1298 3965 Quoniam
1354 3908 1408 3955 te
1458 3901 1739 3967 invocavi,
1789 3903 1987 3974 inquit,
2035 3919 2106 3960 ne

540 3986 848 4044 confundar
874 3988 1004 4059 quia
1035 3990 1251 4060 speravi
1285 3989 1338 4044 in
1368 3997 1440 4047 te.
1469 3989 1684 4047 Etenim
1712 3993 1899 4064 impiis
1926 3995 2020 4065 qui
2053 4004 2107 4051 te

539 4077 709 4137 Deum
742 4093 850 4135 non
883 4089 1091 4136 norunt'
1107 4081 1459 4152 opprobrium
1485 4083 1736 4140 debetur.
1767 4084 2109 4157 Quapropter

537 4171 634 4235 ait,
656 4170 983 4228 Ernbescant
1012 4174 1163 4243 impii
1193 4184 1241 4228 et
1269 4173 1599 4230 deducantur
1621 4176 1675 4230 in
1697 4176 1992 4247 infernum;
2022 4180 2108 4236 vel

536 4262 838 4321 secundum
875 4265 1125 4335 Aquilam
1174 4273 1231 4321 et
1269 4264 1675 4338 Symmachum,
1708 4268 1913 4324 Sileant
1941 4270 1994 4323 in
2024 4270 2109 4324 in-

538 4355 707 4423 ferno.
744 4352 811 4408 Et
838 4354 951 4425 jam
972 4355 1193 4426 quidem
1223 4357 1303 4412 illi
1335 4358 1634 4430 loquuntur
1665 4361 1834 4415 multa
1866 4361 2017 4429 ausi;
2051 4369 2108 4417 at

535 4458 661 4498 cum
704 4443 760 4498 in
789 4454 1179 4515 congruentem
1230 4446 1337 4504 sibi
1383 4448 1565 4505 locum
1611 4451 1828 4508 deducti
1880 4452 2104 4520 fuerint,

2204 3357 2302 3429 φὴ,
2333 3357 2734 3430 ἀποτρέπονται
2762 3357 2860 3429 μὲν
2883 3354 2979 3410 καὶ
3003 3355 3376 3426 ἀποφεύγουσι
3408 3354 3609 3419 πάντες
3630 3355 3681 3409 oi
3710 3353 3787 3413 τὰ

2205 3449 2339 3519 φίλα
2362 3446 2456 3502 τοῦ
2486 3446 2710 3511 σκότους
2744 3442 2883 3520 ἔργα
2925 3438 3399 3520 διαπραττόμενοι,
3420 3444 3696 3500 διαλύεται
3719 3443 3779 3501 δὲ

2204 3542 2315 3598 πᾶν
2343 3540 2404 3595 τὸ
2430 3539 2674 3595 ἐναντίον
2702 3539 2781 3612 τῷ
2810 3537 2949 3612 Θεῷ.
2980 3539 3070 3594 Διὸ
3103 3539 3410 3611 παρακαλεῖ
3432 3541 3463 3594 ό
3488 3538 3558 3594 τὰ
3586 3538 3785 3610 πρῶτα

2205 3630 2738 3703 ἐξομολογησάμενος
2770 3631 2997 3700 φάσκων
3011 3645 3029 3661 ο
3075 3631 3407 3700 Ἐπίφανον
3446 3628 3515 3683 τὸ
3588 3630 3779 3698 πρόσι-

2204 3722 2372 3777 ωπόν
2391 3734 2507 3777 σου
2538 3723 2625 3788 είς
2651 3723 2760 3776 τὸν
2783 3720 3007 3777 δοῦλόν
3048 3735 3191 3776 σου·
3241 3721 3334 3776 καὶ
3366 3721 3553 3777 πᾶλιψ
3590 3721 3666 3777 θύ
3691 3720 3783 3779 διὰ

2203 3822 2304 3880 τας
2332 3813 2473 3884 ἐμὰς
2504 3813 2752 3887 πράξεις,
2784 3816 2941 3887 φησὶ,
2965 3813 3055 3869 διὰ
3095 3814 3155 3870 δὲ
3184 3814 3245 3869 τὸ
3279 3815 3371 3869 σὺν
3407 3814 3553 3880 ἐλεος
3600 3813 3783 3886 σωθῆ-

2205 3922 2294 3960 ναι
2327 3905 2499 3972 ἀξιῶσ
2552 3907 2647 3961 καὶ
2693 3902 2883 3971 αὖθις
2926 3907 3076 3961 Ἐπεὶ
3119 3906 3179 3960 δέ
3230 3923 3291 3960 σε
3341 3905 3779 3977 ἐπεκαλοσάμην,

2206 3998 2363 4069 φησὶ,
2394 3996 2469 4069 μὴ
2515 3997 2986 4071 καταισχυνθείην,
3018 3999 3100 4052 ὃτι
3137 3998 3233 4053 ἐπὶ
3277 4000 3360 4054 σοὶ
3402 3998 3622 4070 ἤλπισα.
3654 3995 3783 4061 Τοῖς

2208 4086 2308 4157 μὲν
2336 4086 2445 4159 γάρ
2477 4086 2719 4155 ἀπὸἐσι,
2744 4089 2859 4151 τοῖς
2883 4088 2943 4142 σέ
2971 4087 3064 4143 τὸν
3091 4087 3224 4144 Θεὸν
3245 4088 3346 4144 οὐκ
3371 4086 3783 4159 ἐπισταμένοις,

2207 4176 2436 4249 αἰσχύνη
2483 4177 2719 4248 πρέπει·
2767 4176 2847 4231 διό
2894 4195 3058 4250 φησιν
3083 4195 3096 4209 ·
3124 4179 3611 4249 Αίσχυνθείησαν
3635 4179 3781 4235 ἀσε-

2206 4266 2330 4334 ϐεῖς
2356 4267 2452 4321 καὶ
2480 4267 2924 4338 καταχθείησαν
2948 4270 3034 4335 είς
3059 4267 3206 4337 ᾅδου
3224 4286 3239 4302 ο
3271 4268 3309 4341 ἢ
3338 4268 3478 4322 κατά
3499 4270 3591 4324 τὸν
3618 4268 3781 4323 Ἀκέ-

2207 4356 2307 4412 λαν
2327 4359 2422 4412 καὶ
2448 4359 2537 4412 τὸν
2566 4359 2858 4430 Σύμμαχον
2877 4377 2891 4390 ·
2925 4360 3328 4416 Σιωπὰτωσαν
3355 4365 3443 4429 εὶς
3471 4361 3645 4430 ᾅδην.
3664 4362 3781 4419 Νῦν

2216 4447 2319 4518 μὲν
2344 4448 2454 4521 γάρ
2482 4447 2702 4501 λαλοῦσι
2741 4446 2913 4501 πολλά
2943 4447 3280 4519 τολμῶντεςο
3313 4449 3532 4504 ἐπειδάν
3576 4450 3633 4504 δὲ
3676 4466 3779 4504 κα-

536 4542 667 4591 tunc
716 4534 1040 4607 arrogantiae
1099 4538 1260 4595 linem
1318 4538 1554 4610 facient,
1598 4550 1730 4600 tunc
1785 4545 1930 4600 labia
1979 4547 2102 4614 illa,

2212 4539 2481 4611 ταχθῶσιν
2522 4541 2601 4604 είς
2643 4539 2703 4594 τὸ
2740 4539 3067 4611 κατάλληλον
3091 4539 3274 4605 αὐτοῖς
3300 4539 3515 4612 χωρίον,
3541 4540 3603 4594 τὸ
3631 4557 3779 4612 τηνι-

533 4641 657 4697 quae
682 4628 737 4683 in
768 4629 1022 4699 presenti
1051 4644 1175 4684 cum
1202 4632 1457 4701 superbia
1482 4642 1672 4690 contra
1695 4634 1906 4706 justum
1931 4638 2102 4694 virum

2212 4631 2389 4687 καῦτα
2411 4631 2707 4687 παύσονται
2727 4633 2827 4704 τῆς
2849 4632 3213 4704 μεγαλαυχίας
3230 4651 3246 4666 ·
3267 4632 3391 4687 τότε
3416 4632 3472 4687 δὲ
3498 4634 3592 4687 καὶ
3608 4633 3785 4689 ἄλαλα

536 4721 708 4775 multa
752 4721 1060 4790 proferunt,
1116 4729 1269 4777 muta
1312 4732 1508 4792 erunt;
1563 4734 1693 4782 tunc
1733 4727 1802 4784 de
1827 4729 2109 4800 justorum

535 4810 817 4868 hominum
849 4813 1107 4885 despectu
1140 4814 1276 4869 ultio
1308 4825 1574 4872 sumetur.

606 5071 772 5134 Vsus.
802 5074 894 5141 20,
925 5076 1016 5132 2L
1044 5076 1216 5143 Quam
1250 5095 1442 5150 magna
1473 5080 1759 5136 multitudo
1804 5081 2101 5138 dulcedinis

2207 4723 2499 4794 γενήσεται
2534 4721 2606 4777 τὰ
2636 4723 2730 4778 ἐπὶ
2766 4724 2860 4778 τοῦ
2886 4724 3150 4796 παρόντος
3183 4723 3353 4778 πολλά
3393 4722 3534 4778 κατά
3572 4723 3668 4778 τοῦ
3694 4724 3777 4778 δι-

2207 4812 2363 4867 καίου
2409 4812 2751 4884 φθεγγόμενα
2784 4813 2936 4886 χείλη
2971 4813 3088 4884 μεθ’
3115 4814 3518 4886 ὑπερηφανίας·
3555 4813 3677 4868 τότε
3719 4812 3781 4869 δέ

2209 4906 2306 4961 καὶ
2332 4905 2749 4977 ἐκδικηθήσεται
2778 4908 2926 4960 πᾶσα
2954 4907 2986 4976 ἡ
3018 4905 3159 4960 κατά
3193 4905 3301 4959 τῶν
3323 4904 3541 4961 δικαίων
3570 4905 3780 4973 ἐξουδέ-

2204 5014 2385 5051 νωσιε.

2288 5015 2336 5051 σι
2371 5036 2385 5051 .

2288 5015 2380 5153 '0:
2403 5086 2562 5141 πολὺ
2596 5085 2661 5140 τὸ
2687 5085 2922 5155 πλῆθος
2945 5085 3053 5155 τῆς
3079 5088 3491 5157 χρηστότητός
3511 5102 3646 5157 σου,
3661 5090 3778 5147 Κύ-

534 5175 660 5234 ιιιιε,
693 5165 933 5232 Domine,
965 5184 1124 5240 quam
1152 5172 1476 5227 abscondisti
1507 5175 1808 5229 timentibus
1839 5187 1886 5231 te
1903 5177 1924 5229 .'
1974 5176 2102 5231 Per-

2204 5195 2313 5246 ριε,
2332 5174 2408 5249 ἧς
2437 5179 2706 5248 ἔκρυψας
2728 5178 2852 5246 τοῖς
2874 5180 3267 5249 φοϐουμένοις
3289 5180 3399 5236 σεί
3424 5180 3779 5253 Ὲξειρτάσω

534 5258 706 5327 fecisti
730 5258 805 5313 eis
838 5259 929 5329 qui
960 5270 1174 5329 sperant
1199 5263 1256 5316 in
1277 5270 1325 5316 te
1355 5263 1407 5316 in
1435 5276 1714 5334 conspectu
1738 5267 1974 5336 ﬁliorum
2004 5268 2099 5323 Ιιο-

534 5355 754 5409 minum.
789 5353 1090 5408 Abscondes
1135 5371 1223 5410 eos
1273 5356 1329 5410 in
1379 5355 1686 5414 abscondito
1718 5358 1876 5429 [aciei
1918 5369 2024 5416 tua:
2064 5379 2099 5418 α

538 5443 938 5499 conturbatioue
969 5445 1259 5501 hominum.
1316 5446 1566 5520 Proteges
1605 5467 1693 5505 eos
1745 5451 1801 5504 in
1850 5451 2099 5508 taberna-

531 5535 709 5589 euloa
744 5536 1161 5592 contradictione
1209 5537 1537 5609 linguarum.
1597 5538 1812 5606 lsthaec,
1860 5542 1956 5609 ait,
1998 5542 2096 5599 de-

536 5635 789 5696 precatus
821 5643 964 5691 sum,
1007 5637 1064 5683 ut
1092 5629 1335 5688 illustres
1372 5629 1565 5687 faciem
1595 5641 1743 5687 tuam
1776 5650 1942 5705 super
1975 5651 2095 5693 ser-

535 5733 664 5772 vum
716 5728 893 5784 tuum,
946 5729 998 5775 et
1045 5729 1107 5774 ut
1154 5722 1386 5778 salutem
1423 5724 1797 5780 misericordia
1828 5734 1923 5781 tua
1965 5743 2100 5782 nan-

538 5809 734 5872 ciscar,
760 5820 814 5867 et
844 5827 911 5867 ne
939 5814 1247 5872 confundar
1270 5816 1532 5885 quoniam
1566 5818 1813 5874 invocari
1860 5829 1931 5884 te,
1957 5834 2093 5874 con-

2204 5270 2328 5337 τοῖς
2359 5269 2707 5331 ἐλπίζουσιν
2743 5270 2841 5323 ἐπὶ
2887 5269 2962 5324 σὲ
2987 5270 3266 5326 ἐναντίον
3310 5270 3429 5327 τῶν
3458 5273 3605 5328 υἱῶν
3655 5273 3775 5329 τῶν

2205 5361 2547 5431 ἀνθρώπων.
2608 5360 3032 5430 Κατακρύψεις
3076 5363 3298 5430 αὐτοὺς
3336 5364 3407 5417 έν
3449 5363 3777 5434 ἀποκρύφῳ

2203 5453 2310 5509 τοῦ
2366 5451 2687 5522 προσώπου
2750 5468 2866 5509 σου
2925 5453 3045 5508 ἀπὸ
3107 5455 3369 5527 ταραχῆς
3422 5456 3771 5526 ἀνθρώπων.

2203 5543 2535 5611 Σιεπάσεις
2587 5543 2808 5612 αὐτοὺς
2865 5545 2938 5600 ἐν
2989 5545 3206 5616 σκηνῇ.
3256 5546 3372 5603 ἀπὸ
3428 5549 3772 5618 ἀντιλογίας

2201 5634 2719 5705 γλωσσῶν-παύω,
2738 5636 2921 5707 φησὶν,
2943 5637 3210 5702 ἱκέτευσα,
3235 5638 3495 5707 ἐπιφᾶναι
3513 5639 3574 5693 τὸ
3599 5639 3773 5715 πρόσ-

2207 5729 2353 5784 ωπόν
2384 5745 2475 5782 σου
2531 5730 2622 5782 ἐπὶ
2651 5728 2741 5784 τὸν
2775 5727 2959 5783 δοῦλόν
2989 5747 3103 5794 σου,
3137 5732 3230 5783 καὶ
3263 5729 3498 5803 σωθῆναι
3523 5729 3599 5801 τῷ
3632 5729 3772 5784 ἐλέει

2210 5838 2302 5875 σου
2327 5819 2401 5894 μὴ
2428 5819 2800 5891 καταισχῦναι,
2825 5822 2908 5877 ὅτι
2934 5821 3346 5895 ἐπεκώεσάμην
3369 5838 3449 5889 σε,
3472 5820 3771 5894 πεπεισμέ-
