  <div class='ocr_page' id='page_1' title='image "/cluster/home/n/w/nwhite01/storage/ocr_20150623/23/hvd.32044073501124/144.png"; bbox 0 0 4122 6454; ppageno 0'>
   <div class='ocr_carea' id='block_1_1' title="bbox 351 411 455 468">
    <p class='ocr_par' dir='ltr' id='par_1_1' title="bbox 351 411 455 468">
     <span class='ocr_line' id='line_1_1' title="bbox 351 411 455 468; baseline 0.01 -1"><span class='ocrx_word' id='word_1_1' title='bbox 351 411 455 468; x_wconf 65' lang='lat'><strong>275</strong></span> 
     </span>
    </p>
   </div>
   <div class='ocr_carea' id='block_1_2' title="bbox 1469 405 2454 481">
    <p class='ocr_par' dir='ltr' id='par_1_2' title="bbox 1469 405 2454 481">
     <span class='ocr_line' id='line_1_2' title="bbox 1469 405 2454 481; baseline -0.005 -15"><span class='ocrx_word' id='word_1_2' title='bbox 1469 409 1979 481; x_wconf 42' lang='lat' dir='ltr'><strong>,COMMENTARIA</strong></span> <span class='ocrx_word' id='word_1_3' title='bbox 2015 409 2082 464; x_wconf 77' lang='lat' dir='ltr'><strong>IN</strong></span> <span class='ocrx_word' id='word_1_4' title='bbox 2111 405 2454 463; x_wconf 69' lang='lat' dir='ltr'><strong>PSAL‘MOS.</strong></span> 
     </span>
    </p>
   </div>
   <div class='ocr_carea' id='block_1_3' title="bbox 3471 407 3594 466">
    <p class='ocr_par' dir='ltr' id='par_1_3' title="bbox 3471 407 3594 466">
     <span class='ocr_line' id='line_1_3' title="bbox 3471 407 3594 466; baseline 0.049 -6"><span class='ocrx_word' id='word_1_5' title='bbox 3471 407 3594 466; x_wconf 68' lang='grc' dir='ltr'>επ..</span> 
     </span>
    </p>
   </div>
   <div class='ocr_carea' id='block_1_4' title="bbox 350 515 1901 600">
    <p class='ocr_par' dir='ltr' id='par_1_4' title="bbox 350 523 1901 600">
     <span class='ocr_line' id='line_1_4' title="bbox 350 523 1901 600; baseline -0.001 -21"><span class='ocrx_word' id='word_1_6' title='bbox 350 547 456 595; x_wconf 76' lang='grc' dir='ltr'>νος,</span> <span class='ocrx_word' id='word_1_7' title='bbox 479 525 555 592; x_wconf 81' lang='grc' dir='ltr'>ὣς</span> <span class='ocrx_word' id='word_1_8' title='bbox 582 530 613 600; x_wconf 72' lang='grc' dir='ltr'>ἡ</span> <span class='ocrx_word' id='word_1_9' title='bbox 644 525 710 597; x_wconf 77' lang='grc' dir='ltr'>σὴ</span> <span class='ocrx_word' id='word_1_10' title='bbox 736 525 1037 597; x_wconf 72' lang='grc' dir='ltr'>χρηστότης</span> <span class='ocrx_word' id='word_1_11' title='bbox 1063 523 1228 595; x_wconf 85' lang='grc' dir='ltr'>πολλή</span> <span class='ocrx_word' id='word_1_12' title='bbox 1258 541 1336 588; x_wconf 87' lang='grc' dir='ltr'><strong>τις</strong></span> <span class='ocrx_word' id='word_1_13' title='bbox 1362 526 1456 578; x_wconf 69' lang='grc' dir='ltr'><strong>καὶ</strong></span> <span class='ocrx_word' id='word_1_14' title='bbox 1485 527 1684 594; x_wconf 53' lang='lat' dir='ltr'><strong>agaso;</strong></span> <span class='ocrx_word' id='word_1_15' title='bbox 1710 523 1901 595; x_wconf 84' lang='grc' dir='ltr'>τυγχά-</span> 
     </span>
    </p>
   </div>
   <div class='ocr_carea' id='block_1_5' title="bbox 1998 515 3600 600">
    <p class='ocr_par' dir='ltr' id='par_1_5' title="bbox 2019 515 3600 589">
     <span class='ocr_line' id='line_1_5' title="bbox 2019 515 3600 589; baseline -0.001 -15"><span class='ocrx_word' id='word_1_16' title='bbox 2019 520 2153 575; x_wconf 82' lang='lat' dir='ltr'><strong>ﬁsus</strong></span> <span class='ocrx_word' id='word_1_17' title='bbox 2189 516 2663 574; x_wconf 74' lang='lat' dir='ltr'><strong>mansuetudinem</strong></span> <span class='ocrx_word' id='word_1_18' title='bbox 2715 524 2864 576; x_wconf 86' lang='lat' dir='ltr'><strong>tuam</strong></span> <span class='ocrx_word' id='word_1_19' title='bbox 2895 533 3144 589; x_wconf 77' lang='lat' dir='ltr'><strong>magnam</strong></span> <span class='ocrx_word' id='word_1_20' title='bbox 3175 525 3232 573; x_wconf 87' lang='lat' dir='ltr'><strong>et</strong></span> <span class='ocrx_word' id='word_1_21' title='bbox 3256 515 3600 578; x_wconf 29' lang='lat' dir='ltr'><strong>ineﬁabilem,</strong></span> 
     </span>
    </p>
   </div>
   <div class='ocr_carea' id='block_1_6' title="bbox 350 615 1910 688">
    <p class='ocr_par' dir='ltr' id='par_1_6' title="bbox 350 615 1910 688">
     <span class='ocr_line' id='line_1_6' title="bbox 350 615 1910 688; baseline -0.006 -11"><span class='ocrx_word' id='word_1_22' title='bbox 350 640 449 684; x_wconf 80' lang='grc' dir='ltr'>νει,</span> <span class='ocrx_word' id='word_1_23' title='bbox 483 619 708 674; x_wconf 85' lang='grc' dir='ltr'>πλούτου</span> <span class='ocrx_word' id='word_1_24' title='bbox 729 619 786 671; x_wconf 79' lang='grc' dir='ltr'><strong>δὲ</strong></span> <span class='ocrx_word' id='word_1_25' title='bbox 811 617 969 686; x_wconf 87' lang='grc' dir='ltr'>γέμει</span> <span class='ocrx_word' id='word_1_26' title='bbox 999 615 1213 670; x_wconf 85' lang='grc' dir='ltr'>πολλοῦ.</span> <span class='ocrx_word' id='word_1_27' title='bbox 1238 617 1326 668; x_wconf 75' lang='grc' dir='ltr'><strong>Διὸ</strong></span> <span class='ocrx_word' id='word_1_28' title='bbox 1353 618 1445 670; x_wconf 74' lang='grc' dir='ltr'>καὶ</span> <span class='ocrx_word' id='word_1_29' title='bbox 1470 616 1618 688; x_wconf 78' lang='grc' dir='ltr'>παρὰ</span> <span class='ocrx_word' id='word_1_30' title='bbox 1648 617 1725 687; x_wconf 78' lang='grc' dir='ltr'>τῷ</span> <span class='ocrx_word' id='word_1_31' title='bbox 1753 618 1910 669; x_wconf 57' lang='lat' dir='ltr'><strong>‘Am.</strong></span> 
     </span>
    </p>
   </div>
   <div class='ocr_carea' id='block_1_7' title="bbox 351 706 1910 784">
    <p class='ocr_par' dir='ltr' id='par_1_7' title="bbox 351 706 1910 784">
     <span class='ocr_line' id='line_1_7' title="bbox 351 706 1910 784; baseline -0.005 -16"><span class='ocrx_word' id='word_1_32' title='bbox 351 713 520 784; x_wconf 85' lang='grc' dir='ltr'>στόλῳ</span> <span class='ocrx_word' id='word_1_33' title='bbox 550 711 761 782; x_wconf 79' lang='grc' dir='ltr'>εἴρηται</span> <span class='ocrx_word' id='word_1_34' title='bbox 780 727 793 740; x_wconf 78' lang='grc' dir='ltr'><strong><em>ο</em></strong></span> <span class='ocrx_word' id='word_1_35' title='bbox 833 710 901 763; x_wconf 90' lang='grc' dir='ltr'><strong>Ἢ</strong></span> <span class='ocrx_word' id='word_1_36' title='bbox 939 706 1043 762; x_wconf 79' lang='grc' dir='ltr'><strong>τοῦ</strong></span> <span class='ocrx_word' id='word_1_37' title='bbox 1075 709 1339 761; x_wconf 79' lang='grc' dir='ltr'>πλούτου</span> <span class='ocrx_word' id='word_1_38' title='bbox 1369 706 1479 775; x_wconf 82' lang='grc' dir='ltr'>τῆς</span> <span class='ocrx_word' id='word_1_39' title='bbox 1507 707 1910 777; x_wconf 72' lang='grc' dir='ltr'><strong>χρηστότητος</strong></span> 
     </span>
    </p>
   </div>
   <div class='ocr_carea' id='block_1_8' title="bbox 345 798 1912 869">
    <p class='ocr_par' dir='ltr' id='par_1_8' title="bbox 345 798 1912 869">
     <span class='ocr_line' id='line_1_8' title="bbox 345 798 1912 869; baseline -0.004 -9"><span class='ocrx_word' id='word_1_40' title='bbox 345 803 530 860; x_wconf 82' lang='grc' dir='ltr'>αὑτοῦ</span> <span class='ocrx_word' id='word_1_41' title='bbox 556 803 654 857; x_wconf 77' lang='grc' dir='ltr'>καὶ</span> <span class='ocrx_word' id='word_1_42' title='bbox 693 799 802 869; x_wconf 81' lang='grc' dir='ltr'>τῆς</span> <span class='ocrx_word' id='word_1_43' title='bbox 828 799 1055 868; x_wconf 80' lang='grc' dir='ltr'><strong>ἀνοχῆς</strong></span> <span class='ocrx_word' id='word_1_44' title='bbox 1085 799 1182 853; x_wconf 76' lang='grc' dir='ltr'>καὶ</span> <span class='ocrx_word' id='word_1_45' title='bbox 1223 798 1332 866; x_wconf 84' lang='grc' dir='ltr'>τῆς</span> <span class='ocrx_word' id='word_1_46' title='bbox 1355 800 1760 868; x_wconf 80' lang='grc' dir='ltr'><strong>μακροθυμίας</strong></span> <span class='ocrx_word' id='word_1_47' title='bbox 1808 816 1912 859; x_wconf 58' lang='grc' dir='ltr'>κατ-</span> 
     </span>
    </p>
   </div>
   <div class='ocr_carea' id='block_1_9' title="bbox 344 891 1908 966">
    <p class='ocr_par' dir='ltr' id='par_1_9' title="bbox 344 891 1908 966">
     <span class='ocr_line' id='line_1_9' title="bbox 344 891 1908 966; baseline -0.005 -15"><span class='ocrx_word' id='word_1_48' title='bbox 344 895 654 966; x_wconf 67' lang='grc' dir='ltr'>τιιερρονεῖς</span> <span class='ocrx_word' id='word_1_49' title='bbox 671 909 691 960; x_wconf 85' lang='grc'><em>;</em></span> <span class='ocrx_word' id='word_1_50' title='bbox 749 891 907 946; x_wconf 85' lang='grc' dir='ltr'>Ἀλλά</span> <span class='ocrx_word' id='word_1_51' title='bbox 959 891 1053 945; x_wconf 89' lang='grc' dir='ltr'><strong>νῦν</strong></span> <span class='ocrx_word' id='word_1_52' title='bbox 1099 893 1196 962; x_wconf 87' lang='grc' dir='ltr'><strong>μὲν</strong></span> <span class='ocrx_word' id='word_1_53' title='bbox 1233 893 1295 944; x_wconf 81' lang='grc' dir='ltr'>οὐ</span> <span class='ocrx_word' id='word_1_54' title='bbox 1341 893 1452 954; x_wconf 81' lang='grc' dir='ltr'>τοῖς</span> <span class='ocrx_word' id='word_1_55' title='bbox 1490 892 1621 958; x_wconf 68' lang='grc' dir='ltr'>πᾶσι</span> <span class='ocrx_word' id='word_1_56' title='bbox 1673 891 1908 962; x_wconf 70' lang='grc' dir='ltr'>φανεράν</span> 
     </span>
    </p>
   </div>
   <div class='ocr_carea' id='block_1_10' title="bbox 343 982 1907 1059">
    <p class='ocr_par' dir='ltr' id='par_1_10' title="bbox 343 982 1907 1059">
     <span class='ocr_line' id='line_1_10' title="bbox 343 982 1907 1059; baseline -0.005 -16"><span class='ocrx_word' id='word_1_57' title='bbox 343 991 516 1053; x_wconf 84' lang='grc' dir='ltr'>ποιεῖς</span> <span class='ocrx_word' id='word_1_58' title='bbox 529 987 624 1059; x_wconf 79' lang='grc' dir='ltr'>τὴν</span> <span class='ocrx_word' id='word_1_59' title='bbox 641 983 986 1058; x_wconf 75' lang='grc' dir='ltr'>χρηστότητα</span> <span class='ocrx_word' id='word_1_60' title='bbox 1001 1001 1093 1038; x_wconf 91' lang='grc' dir='ltr'><strong>σου</strong></span> <span class='ocrx_word' id='word_1_61' title='bbox 1110 1002 1122 1014; x_wconf 91' lang='grc'><strong>·</strong></span> <span class='ocrx_word' id='word_1_62' title='bbox 1147 983 1409 1056; x_wconf 82' lang='grc' dir='ltr'><strong>κρύπτεις</strong></span> <span class='ocrx_word' id='word_1_63' title='bbox 1421 983 1476 1036; x_wconf 82' lang='grc' dir='ltr'><strong>δὲ</strong></span> <span class='ocrx_word' id='word_1_64' title='bbox 1507 983 1676 1054; x_wconf 81' lang='grc' dir='ltr'>αὐτὴν</span> <span class='ocrx_word' id='word_1_65' title='bbox 1705 982 1799 1037; x_wconf 72' lang='grc' dir='ltr'><strong>καὶ</strong></span> <span class='ocrx_word' id='word_1_66' title='bbox 1814 1000 1907 1035; x_wconf 84' lang='grc' dir='ltr'>τα-</span> 
     </span>
    </p>
   </div>
   <div class='ocr_carea' id='block_1_11' title="bbox 345 1072 1909 1154">
    <p class='ocr_par' dir='ltr' id='par_1_11' title="bbox 345 1072 1909 1154">
     <span class='ocr_line' id='line_1_11' title="bbox 345 1072 1909 1154; baseline -0.006 -19"><span class='ocrx_word' id='word_1_67' title='bbox 345 1079 506 1154; x_wconf 79' lang='grc' dir='ltr'>μιεύῃ</span> <span class='ocrx_word' id='word_1_68' title='bbox 526 1077 808 1148; x_wconf 81' lang='grc' dir='ltr'><strong>φυλάττων</strong></span> <span class='ocrx_word' id='word_1_69' title='bbox 827 1079 943 1140; x_wconf 88' lang='grc' dir='ltr'>τοῖς</span> <span class='ocrx_word' id='word_1_70' title='bbox 963 1075 1314 1147; x_wconf 84' lang='grc' dir='ltr'>φοϐουμένοις</span> <span class='ocrx_word' id='word_1_71' title='bbox 1344 1092 1424 1128; x_wconf 90' lang='grc' dir='ltr'>σε.</span> <span class='ocrx_word' id='word_1_72' title='bbox 1443 1075 1592 1128; x_wconf 71' lang='grc' dir='ltr'>Ἐπεὶ</span> <span class='ocrx_word' id='word_1_73' title='bbox 1611 1075 1704 1128; x_wconf 77' lang='grc' dir='ltr'><strong>καὶ</strong></span> <span class='ocrx_word' id='word_1_74' title='bbox 1733 1072 1909 1145; x_wconf 81' lang='grc' dir='ltr'>ἐξειρ-</span> 
     </span>
    </p>
   </div>
   <div class='ocr_carea' id='block_1_12' title="bbox 340 1165 1904 1241">
    <p class='ocr_par' dir='ltr' id='par_1_12' title="bbox 340 1165 1904 1241">
     <span class='ocr_line' id='line_1_12' title="bbox 340 1165 1904 1241; baseline -0.004 -16"><span class='ocrx_word' id='word_1_75' title='bbox 340 1171 497 1240; x_wconf 82' lang='grc' dir='ltr'>γάσω</span> <span class='ocrx_word' id='word_1_76' title='bbox 522 1169 691 1241; x_wconf 83' lang='grc' dir='ltr'>αὐτὴν</span> <span class='ocrx_word' id='word_1_77' title='bbox 716 1171 796 1233; x_wconf 87' lang='grc' dir='ltr'><strong>είς</strong></span> <span class='ocrx_word' id='word_1_78' title='bbox 826 1169 956 1222; x_wconf 77' lang='grc' dir='ltr'>αὐτὸ</span> <span class='ocrx_word' id='word_1_79' title='bbox 974 1166 1131 1222; x_wconf 87' lang='grc' dir='ltr'>τοῦτο</span> <span class='ocrx_word' id='word_1_80' title='bbox 1150 1185 1162 1197; x_wconf 77' lang='grc' dir='ltr'><strong>ο</strong></span> <span class='ocrx_word' id='word_1_81' title='bbox 1183 1167 1326 1236; x_wconf 87' lang='grc' dir='ltr'>λέγω</span> <span class='ocrx_word' id='word_1_82' title='bbox 1351 1165 1410 1219; x_wconf 77' lang='grc' dir='ltr'><strong>δέ</strong></span> <span class='ocrx_word' id='word_1_83' title='bbox 1423 1169 1502 1230; x_wconf 86' lang='grc' dir='ltr'><strong>είς</strong></span> <span class='ocrx_word' id='word_1_84' title='bbox 1532 1167 1594 1219; x_wconf 82' lang='grc' dir='ltr'><strong>τὸ</strong></span> <span class='ocrx_word' id='word_1_85' title='bbox 1613 1169 1726 1230; x_wconf 86' lang='grc' dir='ltr'>τοῖς</span> <span class='ocrx_word' id='word_1_86' title='bbox 1751 1165 1904 1219; x_wconf 81' lang='grc' dir='ltr'>ἐλπί-</span> 
     </span>
    </p>
   </div>
   <div class='ocr_carea' id='block_1_13' title="bbox 340 1258 1905 1333">
    <p class='ocr_par' dir='ltr' id='par_1_13' title="bbox 340 1258 1905 1333">
     <span class='ocr_line' id='line_1_13' title="bbox 340 1258 1905 1333; baseline -0.004 -15"><span class='ocrx_word' id='word_1_87' title='bbox 340 1262 524 1328; x_wconf 75' lang='grc' dir='ltr'>ζουσιν</span> <span class='ocrx_word' id='word_1_88' title='bbox 557 1264 650 1318; x_wconf 74' lang='grc' dir='ltr'><strong>ἐπὶ</strong></span> <span class='ocrx_word' id='word_1_89' title='bbox 687 1263 746 1315; x_wconf 75' lang='grc' dir='ltr'>σὲ</span> <span class='ocrx_word' id='word_1_90' title='bbox 787 1264 1086 1333; x_wconf 77' lang='grc' dir='ltr'><strong>παρασχεῖν</strong></span> <span class='ocrx_word' id='word_1_91' title='bbox 1132 1259 1334 1331; x_wconf 77' lang='grc' dir='ltr'>αὐτὴν,</span> <span class='ocrx_word' id='word_1_92' title='bbox 1399 1259 1492 1313; x_wconf 71' lang='grc' dir='ltr'><strong>καὶ</strong></span> <span class='ocrx_word' id='word_1_93' title='bbox 1546 1258 1800 1333; x_wconf 77' lang='grc' dir='ltr'><strong>παρέξεις</strong></span> <span class='ocrx_word' id='word_1_94' title='bbox 1842 1275 1905 1327; x_wconf 81' lang='grc' dir='ltr'><strong>γε</strong></span> 
     </span>
    </p>
   </div>
   <div class='ocr_carea' id='block_1_14' title="bbox 339 1350 1906 1428">
    <p class='ocr_par' dir='ltr' id='par_1_14' title="bbox 339 1350 1906 1428">
     <span class='ocr_line' id='line_1_14' title="bbox 339 1350 1906 1428; baseline -0.004 -18"><span class='ocrx_word' id='word_1_95' title='bbox 339 1356 511 1428; x_wconf 70' lang='grc' dir='ltr'>αὐτὴν</span> <span class='ocrx_word' id='word_1_96' title='bbox 556 1353 696 1410; x_wconf 81' lang='grc' dir='ltr'>κατὰ</span> <span class='ocrx_word' id='word_1_97' title='bbox 747 1353 936 1425; x_wconf 80' lang='grc' dir='ltr'>καιρὸν</span> <span class='ocrx_word' id='word_1_98' title='bbox 979 1352 1085 1424; x_wconf 83' lang='grc' dir='ltr'><strong>πρὸ</strong></span> <span class='ocrx_word' id='word_1_99' title='bbox 1117 1351 1225 1405; x_wconf 90' lang='grc' dir='ltr'><strong>τῶν</strong></span> <span class='ocrx_word' id='word_1_100' title='bbox 1269 1350 1563 1423; x_wconf 83' lang='grc' dir='ltr'><strong>ὀφθαλμῶν</strong></span> <span class='ocrx_word' id='word_1_101' title='bbox 1615 1351 1722 1412; x_wconf 81' lang='grc' dir='ltr'><strong>τῶν</strong></span> <span class='ocrx_word' id='word_1_102' title='bbox 1777 1351 1906 1404; x_wconf 84' lang='grc' dir='ltr'><strong>υἱῶν</strong></span> 
     </span>
    </p>
   </div>
   <div class='ocr_carea' id='block_1_15' title="bbox 336 1441 1906 1518">
    <p class='ocr_par' dir='ltr' id='par_1_15' title="bbox 336 1441 1906 1518">
     <span class='ocr_line' id='line_1_15' title="bbox 336 1441 1906 1518; baseline -0.004 -18"><span class='ocrx_word' id='word_1_103' title='bbox 336 1447 447 1500; x_wconf 83' lang='grc' dir='ltr'><strong>τῶν</strong></span> <span class='ocrx_word' id='word_1_104' title='bbox 479 1444 802 1518; x_wconf 83' lang='grc' dir='ltr'>ἀνθρώπων,</span> <span class='ocrx_word' id='word_1_105' title='bbox 827 1444 966 1507; x_wconf 78' lang='grc' dir='ltr'>ὥστε</span> <span class='ocrx_word' id='word_1_106' title='bbox 1008 1444 1214 1507; x_wconf 79' lang='grc' dir='ltr'><strong>πάντας</strong></span> <span class='ocrx_word' id='word_1_107' title='bbox 1245 1441 1370 1502; x_wconf 79' lang='grc' dir='ltr'>ίδεῑν</span> <span class='ocrx_word' id='word_1_108' title='bbox 1402 1443 1498 1514; x_wconf 85' lang='grc' dir='ltr'>τὴν</span> <span class='ocrx_word' id='word_1_109' title='bbox 1542 1441 1641 1511; x_wconf 83' lang='grc' dir='ltr'>σὴν</span> <span class='ocrx_word' id='word_1_110' title='bbox 1677 1441 1906 1513; x_wconf 81' lang='grc' dir='ltr'>χρηστό-</span> 
     </span>
    </p>
   </div>
   <div class='ocr_carea' id='block_1_16' title="bbox 337 1531 1904 1607">
    <p class='ocr_par' dir='ltr' id='par_1_16' title="bbox 337 1531 1904 1607">
     <span class='ocr_line' id='line_1_16' title="bbox 337 1531 1904 1607; baseline -0.003 -19"><span class='ocrx_word' id='word_1_111' title='bbox 337 1553 498 1606; x_wconf 82' lang='grc' dir='ltr'>τητα,</span> <span class='ocrx_word' id='word_1_112' title='bbox 524 1534 700 1607; x_wconf 77' lang='grc' dir='ltr'>καιρῷ</span> <span class='ocrx_word' id='word_1_113' title='bbox 729 1535 828 1605; x_wconf 85' lang='grc' dir='ltr'>τῆς</span> <span class='ocrx_word' id='word_1_114' title='bbox 845 1533 952 1588; x_wconf 79' lang='grc' dir='ltr'><strong>τῶν</strong></span> <span class='ocrx_word' id='word_1_115' title='bbox 984 1532 1202 1602; x_wconf 79' lang='grc' dir='ltr'>ἀγαθῶν</span> <span class='ocrx_word' id='word_1_116' title='bbox 1231 1531 1463 1603; x_wconf 81' lang='grc' dir='ltr'>ἀμοιϐῆς</span> <span class='ocrx_word' id='word_1_117' title='bbox 1491 1531 1772 1603; x_wconf 70' lang='grc' dir='ltr'><strong>διδομένην</strong></span> <span class='ocrx_word' id='word_1_118' title='bbox 1793 1535 1904 1598; x_wconf 78' lang='grc' dir='ltr'>τοῖς</span> 
     </span>
    </p>
   </div>
   <div class='ocr_carea' id='block_1_17' title="bbox 341 1623 1905 1698">
    <p class='ocr_par' dir='ltr' id='par_1_17' title="bbox 341 1623 1905 1698">
     <span class='ocr_line' id='line_1_17' title="bbox 341 1623 1905 1698; baseline -0.003 -18"><span class='ocrx_word' id='word_1_119' title='bbox 341 1628 511 1693; x_wconf 77' lang='grc' dir='ltr'>ἀξίοις</span> <span class='ocrx_word' id='word_1_120' title='bbox 531 1644 554 1669; x_wconf 74' lang='grc' dir='ltr'><strong>ο-</strong></span> <span class='ocrx_word' id='word_1_121' title='bbox 589 1626 776 1698; x_wconf 82' lang='grc' dir='ltr'><strong>διόπερ</strong></span> <span class='ocrx_word' id='word_1_122' title='bbox 805 1625 898 1679; x_wconf 72' lang='grc' dir='ltr'><strong>καὶ</strong></span> <span class='ocrx_word' id='word_1_123' title='bbox 940 1627 998 1678; x_wconf 81' lang='grc' dir='ltr'><strong>ἐν</strong></span> <span class='ocrx_word' id='word_1_124' title='bbox 1038 1624 1114 1695; x_wconf 84' lang='grc' dir='ltr'>τῷ</span> <span class='ocrx_word' id='word_1_125' title='bbox 1147 1623 1248 1696; x_wconf 86' lang='grc' dir='ltr'><strong>βίῳ</strong></span> <span class='ocrx_word' id='word_1_126' title='bbox 1285 1624 1384 1688; x_wconf 82' lang='grc' dir='ltr'><strong>τάς</strong></span> <span class='ocrx_word' id='word_1_127' title='bbox 1418 1640 1498 1678; x_wconf 85' lang='grc' dir='ltr'><strong>σοι</strong></span> <span class='ocrx_word' id='word_1_128' title='bbox 1545 1623 1905 1694; x_wconf 78' lang='grc' dir='ltr'>ἀνακειμένας</span> 
     </span>
    </p>
   </div>
   <div class='ocr_carea' id='block_1_18' title="bbox 332 1716 1904 1789">
    <p class='ocr_par' dir='ltr' id='par_1_18' title="bbox 332 1716 1904 1789">
     <span class='ocr_line' id='line_1_18' title="bbox 332 1716 1904 1789; baseline 0.001 -19"><span class='ocrx_word' id='word_1_129' title='bbox 332 1717 515 1788; x_wconf 72' lang='grc' dir='ltr'>ψυχὰς</span> <span class='ocrx_word' id='word_1_130' title='bbox 542 1716 683 1772; x_wconf 85' lang='grc' dir='ltr'><strong>κατά</strong></span> <span class='ocrx_word' id='word_1_131' title='bbox 703 1718 831 1782; x_wconf 82' lang='grc' dir='ltr'>τοὺς</span> <span class='ocrx_word' id='word_1_132' title='bbox 849 1716 958 1774; x_wconf 82' lang='grc' dir='ltr'><strong>τῶν</strong></span> <span class='ocrx_word' id='word_1_133' title='bbox 983 1717 1352 1788; x_wconf 78' lang='grc' dir='ltr'><strong>πειρατηρίων</strong></span> <span class='ocrx_word' id='word_1_134' title='bbox 1379 1718 1601 1789; x_wconf 81' lang='grc' dir='ltr'>καιροὺς</span> <span class='ocrx_word' id='word_1_135' title='bbox 1628 1717 1725 1788; x_wconf 85' lang='grc' dir='ltr'>τῆς</span> <span class='ocrx_word' id='word_1_136' title='bbox 1753 1716 1904 1788; x_wconf 78' lang='grc' dir='ltr'>παρὰ</span> 
     </span>
    </p>
   </div>
   <div class='ocr_carea' id='block_1_19' title="bbox 338 1807 1931 1882">
    <p class='ocr_par' dir='ltr' id='par_1_19' title="bbox 338 1807 1931 1882">
     <span class='ocr_line' id='line_1_19' title="bbox 338 1807 1931 1882; baseline 0 -20"><span class='ocrx_word' id='word_1_137' title='bbox 338 1809 537 1863; x_wconf 80' lang='grc' dir='ltr'>σαυτοῦ</span> <span class='ocrx_word' id='word_1_138' title='bbox 570 1809 775 1880; x_wconf 77' lang='grc' dir='ltr'>σκέπης</span> <span class='ocrx_word' id='word_1_139' title='bbox 798 1807 1066 1876; x_wconf 77' lang='grc' dir='ltr'>καταξιῶν</span> <span class='ocrx_word' id='word_1_140' title='bbox 1094 1808 1485 1882; x_wconf 76' lang='grc' dir='ltr'><strong>ἀποκρύπτεις,</strong></span> <span class='ocrx_word' id='word_1_141' title='bbox 1519 1810 1778 1880; x_wconf 74' lang='grc' dir='ltr'><strong>ῥυόμενος</strong></span> <span class='ocrx_word' id='word_1_142' title='bbox 1801 1810 1900 1873; x_wconf 78' lang='grc' dir='ltr'>αὑ·</span> <span class='ocrx_word' id='word_1_143' title='bbox 1927 1837 1931 1841; x_wconf 93' lang='lat'><strong><em>-</em></strong></span> 
     </span>
    </p>
   </div>
   <div class='ocr_carea' id='block_1_20' title="bbox 332 1874 1976 1977">
    <p class='ocr_par' dir='ltr' id='par_1_20' title="bbox 332 1874 1976 1977">
     <span class='ocr_line' id='line_1_20' title="bbox 332 1874 1976 1977; baseline 0.003 -23"><span class='ocrx_word' id='word_1_144' title='bbox 332 1901 463 1966; x_wconf 76' lang='grc' dir='ltr'>τοὺς</span> <span class='ocrx_word' id='word_1_145' title='bbox 501 1901 610 1956; x_wconf 80' lang='grc' dir='ltr'><strong>ἀπὸ</strong></span> <span class='ocrx_word' id='word_1_146' title='bbox 638 1874 882 1973; x_wconf 77' lang='grc' dir='ltr'>ταραχῆς</span> <span class='ocrx_word' id='word_1_147' title='bbox 916 1874 1361 1973; x_wconf 42' lang='grc' dir='ltr'>ἀνθρώπωνίκαὶ</span> <span class='ocrx_word' id='word_1_148' title='bbox 1389 1874 1578 1974; x_wconf 68' lang='grc' dir='ltr'>ὥσπερ</span> <span class='ocrx_word' id='word_1_149' title='bbox 1618 1874 1684 1955; x_wconf 33' lang='grc' dir='ltr'>*ἐν</span> <span class='ocrx_word' id='word_1_150' title='bbox 1728 1901 1907 1977; x_wconf 77' lang='grc' dir='ltr'>σκέπη</span> <span class='ocrx_word' id='word_1_151' title='bbox 1935 1874 1976 1929; x_wconf 78' lang='grc' dir='ltr'>Β</span> 
     </span>
    </p>
   </div>
   <div class='ocr_carea' id='block_1_21' title="bbox 337 1991 1908 2065">
    <p class='ocr_par' dir='ltr' id='par_1_21' title="bbox 337 1991 1908 2065">
     <span class='ocr_line' id='line_1_21' title="bbox 337 1991 1908 2065; baseline 0.001 -20"><span class='ocrx_word' id='word_1_152' title='bbox 337 1993 445 2046; x_wconf 73' lang='grc' dir='ltr'><strong>ὑπὸ</strong></span> <span class='ocrx_word' id='word_1_153' title='bbox 477 1992 574 2065; x_wconf 83' lang='grc' dir='ltr'><strong>τὴν</strong></span> <span class='ocrx_word' id='word_1_154' title='bbox 624 1993 821 2048; x_wconf 81' lang='grc' dir='ltr'>σαυτοῦ</span> <span class='ocrx_word' id='word_1_155' title='bbox 853 1995 1010 2065; x_wconf 84' lang='grc' dir='ltr'>χεῖρα</span> <span class='ocrx_word' id='word_1_156' title='bbox 1046 1991 1332 2056; x_wconf 77' lang='grc' dir='ltr'>σκεπάζων</span> <span class='ocrx_word' id='word_1_157' title='bbox 1363 1994 1560 2057; x_wconf 80' lang='grc' dir='ltr'>αὐτοὺς</span> <span class='ocrx_word' id='word_1_158' title='bbox 1607 1993 1715 2047; x_wconf 78' lang='grc' dir='ltr'>ἀπὸ</span> <span class='ocrx_word' id='word_1_159' title='bbox 1761 1994 1908 2047; x_wconf 87' lang='grc' dir='ltr'>ἀντι-</span> 
     </span>
    </p>
   </div>
   <div class='ocr_carea' id='block_1_22' title="bbox 334 2081 1903 2156">
    <p class='ocr_par' dir='ltr' id='par_1_22' title="bbox 334 2081 1903 2156">
     <span class='ocr_line' id='line_1_22' title="bbox 334 2081 1903 2156; baseline 0.001 -21"><span class='ocrx_word' id='word_1_160' title='bbox 334 2081 521 2150; x_wconf 81' lang='grc' dir='ltr'>λογίας</span> <span class='ocrx_word' id='word_1_161' title='bbox 549 2082 826 2151; x_wconf 84' lang='grc' dir='ltr'><strong>γλωσσῶν,</strong></span> <span class='ocrx_word' id='word_1_162' title='bbox 847 2083 982 2154; x_wconf 78' lang='grc' dir='ltr'>πρὸς</span> <span class='ocrx_word' id='word_1_163' title='bbox 1004 2082 1063 2135; x_wconf 65' lang='grc' dir='ltr'>τὸ</span> <span class='ocrx_word' id='word_1_164' title='bbox 1092 2081 1255 2156; x_wconf 83' lang='grc' dir='ltr'>μηδὲν</span> <span class='ocrx_word' id='word_1_165' title='bbox 1273 2081 1744 2138; x_wconf 85' lang='grc' dir='ltr'>καταϐλάπτεσθαι</span> <span class='ocrx_word' id='word_1_166' title='bbox 1769 2086 1903 2156; x_wconf 80' lang='grc' dir='ltr'>μήτε</span> 
     </span>
    </p>
   </div>
   <div class='ocr_carea' id='block_1_23' title="bbox 338 2160 1906 2248">
    <p class='ocr_par' dir='ltr' id='par_1_23' title="bbox 338 2160 1906 2248">
     <span class='ocr_line' id='line_1_23' title="bbox 338 2160 1906 2248; baseline 0.001 -20"><span class='ocrx_word' id='word_1_167' title='bbox 338 2175 446 2228; x_wconf 77' lang='grc' dir='ltr'>ὑπὸ</span> <span class='ocrx_word' id='word_1_168' title='bbox 475 2175 582 2227; x_wconf 86' lang='grc' dir='ltr'><strong>τῶν</strong></span> <span class='ocrx_word' id='word_1_169' title='bbox 621 2173 800 2243; x_wconf 88' lang='grc' dir='ltr'>λόγοις</span> <span class='ocrx_word' id='word_1_170' title='bbox 825 2175 1022 2237; x_wconf 82' lang='grc' dir='ltr'>αὐτοὺς</span> <span class='ocrx_word' id='word_1_171' title='bbox 1050 2174 1592 2247; x_wconf 83' lang='grc' dir='ltr'>καταπολεμούντων,</span> <span class='ocrx_word' id='word_1_172' title='bbox 1631 2177 1767 2248; x_wconf 78' lang='grc' dir='ltr'>μήτε</span> <span class='ocrx_word' id='word_1_173' title='bbox 1793 2160 1906 2230; x_wconf 73' lang='grc' dir='ltr'><strong>ὑπὸ</strong></span> 
     </span>
    </p>
   </div>
   <div class='ocr_carea' id='block_1_24' title="bbox 334 2265 1910 2341">
    <p class='ocr_par' dir='ltr' id='par_1_24' title="bbox 334 2265 1910 2341">
     <span class='ocr_line' id='line_1_24' title="bbox 334 2265 1910 2341; baseline 0.001 -21"><span class='ocrx_word' id='word_1_174' title='bbox 334 2265 445 2320; x_wconf 74' lang='grc' dir='ltr'><strong>τῶν</strong></span> <span class='ocrx_word' id='word_1_175' title='bbox 471 2265 538 2320; x_wconf 84' lang='grc' dir='ltr'><strong>δι’</strong></span> <span class='ocrx_word' id='word_1_176' title='bbox 570 2266 746 2340; x_wconf 76' lang='grc' dir='ltr'>ἔργων</span> <span class='ocrx_word' id='word_1_177' title='bbox 787 2265 887 2330; x_wconf 81' lang='grc' dir='ltr'>τὰς</span> <span class='ocrx_word' id='word_1_178' title='bbox 925 2267 1042 2327; x_wconf 84' lang='grc' dir='ltr'>κατ’</span> <span class='ocrx_word' id='word_1_179' title='bbox 1075 2267 1251 2322; x_wconf 82' lang='grc' dir='ltr'>αὐτῶν</span> <span class='ocrx_word' id='word_1_180' title='bbox 1296 2267 1544 2341; x_wconf 76' lang='grc' dir='ltr'>μηχανὰς</span> <span class='ocrx_word' id='word_1_181' title='bbox 1578 2269 1910 2334; x_wconf 68' lang='grc' dir='ltr'>συσκευαζοτ.</span> 
     </span>
    </p>
   </div>
   <div class='ocr_carea' id='block_1_25' title="bbox 339 2359 910 2431">
    <p class='ocr_par' dir='ltr' id='par_1_25' title="bbox 339 2359 910 2431">
     <span class='ocr_line' id='line_1_25' title="bbox 339 2359 910 2431; baseline -0.004 -18"><span class='ocrx_word' id='word_1_182' title='bbox 339 2359 536 2431; x_wconf 79' lang='grc' dir='ltr'>μένων.</span> <span class='ocrx_word' id='word_1_183' title='bbox 902 2393 910 2400; x_wconf 81' lang='grc'>‹</span> 
     </span>
    </p>
   </div>
   <div class='ocr_carea' id='block_1_26' title="bbox 403 2450 1901 2526">
    <p class='ocr_par' dir='ltr' id='par_1_26' title="bbox 403 2450 1901 2526">
     <span class='ocr_line' id='line_1_26' title="bbox 403 2450 1901 2526; baseline 0.001 -20"><span class='ocrx_word' id='word_1_184' title='bbox 403 2450 746 2526; x_wconf 72' lang='grc' dir='ltr'>Εὐλογητὸς</span> <span class='ocrx_word' id='word_1_185' title='bbox 772 2453 1006 2521; x_wconf 82' lang='grc' dir='ltr'>Κύριος,</span> <span class='ocrx_word' id='word_1_186' title='bbox 1029 2451 1119 2525; x_wconf 64' lang='grc' dir='ltr'><strong>ότι</strong></span> <span class='ocrx_word' id='word_1_187' title='bbox 1157 2451 1582 2522; x_wconf 77' lang='grc' dir='ltr'>ἐθαυμάστωσε</span> <span class='ocrx_word' id='word_1_188' title='bbox 1619 2453 1685 2508; x_wconf 84' lang='grc' dir='ltr'>τὸ</span> <span class='ocrx_word' id='word_1_189' title='bbox 1731 2455 1901 2520; x_wconf 70' lang='grc' dir='ltr'>ἕλεος</span> 
     </span>
    </p>
   </div>
   <div class='ocr_carea' id='block_1_27' title="bbox 335 2541 1902 2618">
    <p class='ocr_par' dir='ltr' id='par_1_27' title="bbox 335 2541 1902 2618">
     <span class='ocr_line' id='line_1_27' title="bbox 335 2541 1902 2618; baseline -0.002 -18"><span class='ocrx_word' id='word_1_190' title='bbox 335 2541 523 2600; x_wconf 78' lang='grc' dir='ltr'>αὑτοῦ</span> <span class='ocrx_word' id='word_1_191' title='bbox 550 2544 619 2597; x_wconf 81' lang='grc' dir='ltr'><strong>ἐν</strong></span> <span class='ocrx_word' id='word_1_192' title='bbox 654 2544 827 2598; x_wconf 78' lang='grc' dir='ltr'>πόλει</span> <span class='ocrx_word' id='word_1_193' title='bbox 865 2543 1167 2612; x_wconf 76' lang='grc' dir='ltr'>περιοχῆς.</span> <span class='ocrx_word' id='word_1_194' title='bbox 1199 2544 1300 2597; x_wconf 86' lang='grc' dir='ltr'><strong>Διὰ</strong></span> <span class='ocrx_word' id='word_1_195' title='bbox 1331 2544 1596 2600; x_wconf 81' lang='grc' dir='ltr'>τοσούτων</span> <span class='ocrx_word' id='word_1_196' title='bbox 1635 2546 1733 2618; x_wconf 82' lang='grc' dir='ltr'><strong>τὴν</strong></span> <span class='ocrx_word' id='word_1_197' title='bbox 1765 2546 1902 2617; x_wconf 81' lang='grc' dir='ltr'>πρὸς</span> 
     </span>
    </p>
   </div>
   <div class='ocr_carea' id='block_1_28' title="bbox 336 2632 1896 2708">
    <p class='ocr_par' dir='ltr' id='par_1_28' title="bbox 336 2632 1896 2708">
     <span class='ocr_line' id='line_1_28' title="bbox 336 2632 1896 2708; baseline 0.003 -21"><span class='ocrx_word' id='word_1_198' title='bbox 336 2632 428 2688; x_wconf 84' lang='grc' dir='ltr'>τδν</span> <span class='ocrx_word' id='word_1_199' title='bbox 457 2635 588 2688; x_wconf 82' lang='grc' dir='ltr'>Θεὸν</span> <span class='ocrx_word' id='word_1_200' title='bbox 626 2634 862 2700; x_wconf 67' lang='grc' dir='ltr'>ἔντευξιν</span> <span class='ocrx_word' id='word_1_201' title='bbox 912 2636 1277 2706; x_wconf 79' lang='grc' dir='ltr'>πεποιημένος</span> <span class='ocrx_word' id='word_1_202' title='bbox 1320 2639 1348 2691; x_wconf 91' lang='grc' dir='ltr'><strong>ὀ</strong></span> <span class='ocrx_word' id='word_1_203' title='bbox 1389 2636 1896 2708; x_wconf 81' lang='grc' dir='ltr'>ἐξομολογούμενος,</span> 
     </span>
    </p>
   </div>
   <div class='ocr_carea' id='block_1_29' title="bbox 335 2726 1900 2798">
    <p class='ocr_par' dir='ltr' id='par_1_29' title="bbox 335 2726 1900 2798">
     <span class='ocr_line' id='line_1_29' title="bbox 335 2726 1900 2798; baseline 0.004 -20"><span class='ocrx_word' id='word_1_204' title='bbox 335 2727 429 2778; x_wconf 78' lang='grc' dir='ltr'><strong>ἐπὶ</strong></span> <span class='ocrx_word' id='word_1_205' title='bbox 455 2726 688 2797; x_wconf 80' lang='grc' dir='ltr'>χρηστὸν</span> <span class='ocrx_word' id='word_1_206' title='bbox 736 2726 1065 2798; x_wconf 75' lang='grc' dir='ltr'>περιγράφει</span> <span class='ocrx_word' id='word_1_207' title='bbox 1097 2727 1248 2792; x_wconf 87' lang='grc' dir='ltr'>τέλος</span> <span class='ocrx_word' id='word_1_208' title='bbox 1291 2729 1382 2782; x_wconf 84' lang='grc' dir='ltr'><strong>τὸν</strong></span> <span class='ocrx_word' id='word_1_209' title='bbox 1435 2728 1625 2798; x_wconf 86' lang='grc' dir='ltr'>λόγον,</span> <span class='ocrx_word' id='word_1_210' title='bbox 1665 2728 1900 2798; x_wconf 78' lang='grc' dir='ltr'>εὐλογῶν</span> 
     </span>
    </p>
   </div>
   <div class='ocr_carea' id='block_1_30' title="bbox 332 2814 1900 2888">
    <p class='ocr_par' dir='ltr' id='par_1_30' title="bbox 332 2814 1900 2888">
     <span class='ocr_line' id='line_1_30' title="bbox 332 2814 1900 2888; baseline 0.006 -20"><span class='ocrx_word' id='word_1_211' title='bbox 332 2814 424 2868; x_wconf 84' lang='grc' dir='ltr'>τδν</span> <span class='ocrx_word' id='word_1_212' title='bbox 457 2816 590 2870; x_wconf 74' lang='grc' dir='ltr'>Θεὸν</span> <span class='ocrx_word' id='word_1_213' title='bbox 607 2857 622 2882; x_wconf 96' lang='grc'><strong>,</strong></span> <span class='ocrx_word' id='word_1_214' title='bbox 659 2817 750 2871; x_wconf 77' lang='grc' dir='ltr'>ὅτι</span> <span class='ocrx_word' id='word_1_215' title='bbox 789 2817 1217 2888; x_wconf 79' lang='grc' dir='ltr'>ἐθαυμάστωσε</span> <span class='ocrx_word' id='word_1_216' title='bbox 1273 2819 1342 2874; x_wconf 84' lang='grc' dir='ltr'>τὸ</span> <span class='ocrx_word' id='word_1_217' title='bbox 1383 2821 1556 2888; x_wconf 77' lang='grc' dir='ltr'>ἕλεος</span> <span class='ocrx_word' id='word_1_218' title='bbox 1606 2823 1792 2877; x_wconf 83' lang='grc' dir='ltr'>αὐτοῦ</span> <span class='ocrx_word' id='word_1_219' title='bbox 1831 2824 1900 2878; x_wconf 81' lang='grc' dir='ltr'><strong>ἐν</strong></span> 
     </span>
    </p>
   </div>
   <div class='ocr_carea' id='block_1_31' title="bbox 329 2908 1907 2986">
    <p class='ocr_par' dir='ltr' id='par_1_31' title="bbox 329 2908 1907 2986">
     <span class='ocr_line' id='line_1_31' title="bbox 329 2908 1907 2986; baseline 0.004 -25"><span class='ocrx_word' id='word_1_220' title='bbox 329 2908 503 2962; x_wconf 66' lang='grc' dir='ltr'>πόλει</span> <span class='ocrx_word' id='word_1_221' title='bbox 519 2909 824 2978; x_wconf 75' lang='grc' dir='ltr'>περιοχῆςο</span> <span class='ocrx_word' id='word_1_222' title='bbox 849 2910 946 2964; x_wconf 86' lang='grc' dir='ltr'>ὃπε</span> <span class='ocrx_word' id='word_1_223' title='bbox 955 2927 984 2982; x_wconf 94' lang='grc' dir='ltr'>ρ</span> <span class='ocrx_word' id='word_1_224' title='bbox 999 2911 1027 2962; x_wconf 85' lang='grc' dir='ltr'><strong>ὀ</strong></span> <span class='ocrx_word' id='word_1_225' title='bbox 1039 2909 1110 2972; x_wconf 82' lang='grc' dir='ltr'>Σύ</span> <span class='ocrx_word' id='word_1_226' title='bbox 1119 2929 1331 2984; x_wconf 86' lang='grc' dir='ltr'>μμαχος</span> <span class='ocrx_word' id='word_1_227' title='bbox 1343 2913 1689 2986; x_wconf 77' lang='grc' dir='ltr'>ὴρμήνευσεν</span> <span class='ocrx_word' id='word_1_228' title='bbox 1703 2914 1907 2978; x_wconf 64' lang='grc' dir='ltr'>οὕτως’.</span> 
     </span>
    </p>
   </div>
   <div class='ocr_carea' id='block_1_32' title="bbox 332 2999 1897 3072">
    <p class='ocr_par' dir='ltr' id='par_1_32' title="bbox 332 2999 1897 3072">
     <span class='ocr_line' id='line_1_32' title="bbox 332 2999 1897 3072; baseline 0.004 -20"><span class='ocrx_word' id='word_1_229' title='bbox 332 2999 674 3068; x_wconf 70' lang='grc' dir='ltr'><strong>Εὐλογητὸς</strong></span> <span class='ocrx_word' id='word_1_230' title='bbox 705 3002 916 3069; x_wconf 83' lang='grc' dir='ltr'>Κύριος</span> <span class='ocrx_word' id='word_1_231' title='bbox 939 3006 972 3056; x_wconf 84' lang='lat' dir='ltr'><strong>d</strong></span> <span class='ocrx_word' id='word_1_232' title='bbox 1006 3003 1368 3072; x_wconf 80' lang='grc' dir='ltr'>παραδείξας</span> <span class='ocrx_word' id='word_1_233' title='bbox 1409 3004 1475 3058; x_wconf 85' lang='grc' dir='ltr'>τὸ</span> <span class='ocrx_word' id='word_1_234' title='bbox 1511 3004 1683 3072; x_wconf 75' lang='grc' dir='ltr'>ἕλεος</span> <span class='ocrx_word' id='word_1_235' title='bbox 1711 3006 1897 3060; x_wconf 83' lang='grc' dir='ltr'>αὐτοῦ</span> 
     </span>
    </p>
   </div>
   <div class='ocr_carea' id='block_1_33' title="bbox 329 3090 1894 3170">
    <p class='ocr_par' dir='ltr' id='par_1_33' title="bbox 329 3090 1894 3170">
     <span class='ocr_line' id='line_1_33' title="bbox 329 3090 1894 3170; baseline 0.004 -26"><span class='ocrx_word' id='word_1_236' title='bbox 329 3090 481 3159; x_wconf 70' lang='grc' dir='ltr'>ἐμοὶ,</span> <span class='ocrx_word' id='word_1_237' title='bbox 511 3091 592 3157; x_wconf 86' lang='grc' dir='ltr'>ὠς</span> <span class='ocrx_word' id='word_1_238' title='bbox 621 3092 690 3146; x_wconf 81' lang='grc' dir='ltr'><strong>ἐν</strong></span> <span class='ocrx_word' id='word_1_239' title='bbox 719 3094 888 3146; x_wconf 76' lang='grc' dir='ltr'>πόλει</span> <span class='ocrx_word' id='word_1_240' title='bbox 932 3095 1474 3170; x_wconf 62' lang='grc' dir='ltr'>περιπεφραγμένῃ,</span> <span class='ocrx_word' id='word_1_241' title='bbox 1502 3098 1578 3149; x_wconf 82' lang='grc' dir='ltr'><strong>Δι’</strong></span> <span class='ocrx_word' id='word_1_242' title='bbox 1606 3097 1740 3167; x_wconf 87' lang='grc' dir='ltr'>ἐμοῦ</span> <span class='ocrx_word' id='word_1_243' title='bbox 1765 3096 1894 3169; x_wconf 90' lang='grc' dir='ltr'><strong>γάρ,</strong></span> 
     </span>
    </p>
   </div>
   <div class='ocr_carea' id='block_1_34' title="bbox 333 3183 1966 3278">
    <p class='ocr_par' dir='ltr' id='par_1_34' title="bbox 333 3183 1966 3278">
     <span class='ocr_line' id='line_1_34' title="bbox 333 3183 1966 3278; baseline 0.006 -44"><span class='ocrx_word' id='word_1_244' title='bbox 333 3184 516 3278; x_wconf 70' lang='grc' dir='ltr'>φησιν,</span> <span class='ocrx_word' id='word_1_245' title='bbox 549 3186 579 3238; x_wconf 89' lang='grc' dir='ltr'><strong>ὀ</strong></span> <span class='ocrx_word' id='word_1_246' title='bbox 616 3183 747 3278; x_wconf 74' lang='grc' dir='ltr'>Θεὸς</span> <span class='ocrx_word' id='word_1_247' title='bbox 792 3185 1069 3257; x_wconf 77' lang='grc' dir='ltr'>ἐδοξάσθη,</span> <span class='ocrx_word' id='word_1_248' title='bbox 1097 3188 1200 3251; x_wconf 83' lang='grc' dir='ltr'>ὅτι,</span> <span class='ocrx_word' id='word_1_249' title='bbox 1227 3187 1433 3260; x_wconf 82' lang='grc' dir='ltr'>μυρίων</span> <span class='ocrx_word' id='word_1_250' title='bbox 1471 3189 1556 3243; x_wconf 79' lang='grc' dir='ltr'>ἐπ’</span> <span class='ocrx_word' id='word_1_251' title='bbox 1595 3189 1694 3261; x_wconf 80' lang='grc' dir='ltr'><strong>ἐμὲ</strong></span> <span class='ocrx_word' id='word_1_252' title='bbox 1739 3189 1897 3243; x_wconf 78' lang='grc' dir='ltr'>πολε-</span> <span class='ocrx_word' id='word_1_253' title='bbox 1923 3219 1966 3278; x_wconf 74' lang='lat' dir='ltr'><strong><em>C</em></strong></span> 
     </span>
    </p>
   </div>
   <div class='ocr_carea' id='block_1_35' title="bbox 333 3275 1905 3356">
    <p class='ocr_par' dir='ltr' id='par_1_35' title="bbox 333 3275 1905 3356">
     <span class='ocr_line' id='line_1_35' title="bbox 333 3275 1905 3356; baseline 0.005 -27"><span class='ocrx_word' id='word_1_254' title='bbox 333 3275 471 3345; x_wconf 78' lang='grc' dir='ltr'>μίων</span> <span class='ocrx_word' id='word_1_255' title='bbox 515 3276 822 3334; x_wconf 79' lang='grc' dir='ltr'>συστάντων</span> <span class='ocrx_word' id='word_1_256' title='bbox 846 3317 862 3342; x_wconf 93' lang='grc'><strong>,</strong></span> <span class='ocrx_word' id='word_1_257' title='bbox 915 3281 1009 3338; x_wconf 73' lang='grc' dir='ltr'><strong>καὶ</strong></span> <span class='ocrx_word' id='word_1_258' title='bbox 1052 3279 1206 3352; x_wconf 84' lang='grc' dir='ltr'>δίκην</span> <span class='ocrx_word' id='word_1_259' title='bbox 1263 3280 1503 3353; x_wconf 81' lang='grc' dir='ltr'>μεγάλης</span> <span class='ocrx_word' id='word_1_260' title='bbox 1548 3282 1752 3346; x_wconf 87' lang='grc' dir='ltr'>πόλεως</span> <span class='ocrx_word' id='word_1_261' title='bbox 1793 3283 1905 3356; x_wconf 85' lang='grc' dir='ltr'>τὴν.</span> 
     </span>
    </p>
   </div>
   <div class='ocr_carea' id='block_1_36' title="bbox 330 3365 1895 3450">
    <p class='ocr_par' dir='ltr' id='par_1_36' title="bbox 330 3365 1895 3450">
     <span class='ocr_line' id='line_1_36' title="bbox 330 3365 1895 3450; baseline -0.001 -24"><span class='ocrx_word' id='word_1_262' title='bbox 330 3365 472 3437; x_wconf 65' lang='grc' dir='ltr'>ἐμὴν</span> <span class='ocrx_word' id='word_1_263' title='bbox 497 3365 675 3439; x_wconf 76' lang='grc' dir='ltr'>ψυχὴν</span> <span class='ocrx_word' id='word_1_264' title='bbox 706 3368 1012 3442; x_wconf 81' lang='grc' dir='ltr'>πολιορκεῖν</span> <span class='ocrx_word' id='word_1_265' title='bbox 1037 3371 1472 3442; x_wconf 82' lang='grc' dir='ltr'>πεπειραμένων,</span> <span class='ocrx_word' id='word_1_266' title='bbox 1494 3374 1522 3426; x_wconf 92' lang='grc' dir='ltr'><strong>ὀ</strong></span> <span class='ocrx_word' id='word_1_267' title='bbox 1547 3373 1678 3450; x_wconf 84' lang='grc' dir='ltr'>ἐμὸς</span> <span class='ocrx_word' id='word_1_268' title='bbox 1701 3372 1895 3444; x_wconf 71' lang='grc' dir='ltr'>φύλαξ,</span> 
     </span>
    </p>
   </div>
   <div class='ocr_carea' id='block_1_37' title="bbox 329 3459 1895 3537">
    <p class='ocr_par' dir='ltr' id='par_1_37' title="bbox 329 3459 1895 3537">
     <span class='ocr_line' id='line_1_37' title="bbox 329 3459 1895 3537; baseline 0.005 -26"><span class='ocrx_word' id='word_1_269' title='bbox 329 3459 579 3529; x_wconf 74' lang='grc' dir='ltr'>φραγμόν</span> <span class='ocrx_word' id='word_1_270' title='bbox 612 3477 700 3532; x_wconf 86' lang='grc' dir='ltr'><strong>μοι</strong></span> <span class='ocrx_word' id='word_1_271' title='bbox 730 3461 1058 3534; x_wconf 85' lang='grc' dir='ltr'>περιϐαλὼν,</span> <span class='ocrx_word' id='word_1_272' title='bbox 1089 3464 1151 3518; x_wconf 82' lang='grc' dir='ltr'>τὸ</span> <span class='ocrx_word' id='word_1_273' title='bbox 1195 3463 1341 3528; x_wconf 84' lang='grc' dir='ltr'>ἐλεος</span> <span class='ocrx_word' id='word_1_274' title='bbox 1382 3463 1546 3519; x_wconf 84' lang='grc' dir='ltr'>αὐτοῦ</span> <span class='ocrx_word' id='word_1_275' title='bbox 1587 3465 1895 3537; x_wconf 83' lang='grc' dir='ltr'>θαυμαστὸν</span> 
     </span>
    </p>
   </div>
   <div class='ocr_carea' id='block_1_38' title="bbox 328 3547 1896 3630">
    <p class='ocr_par' dir='ltr' id='par_1_38' title="bbox 328 3547 1896 3630">
     <span class='ocr_line' id='line_1_38' title="bbox 328 3547 1896 3630; baseline 0.008 -31"><span class='ocrx_word' id='word_1_276' title='bbox 328 3547 548 3614; x_wconf 71' lang='grc' dir='ltr'>ἔδειξεν,</span> <span class='ocrx_word' id='word_1_277' title='bbox 582 3551 724 3605; x_wconf 81' lang='grc' dir='ltr'>οὓτω</span> <span class='ocrx_word' id='word_1_278' title='bbox 757 3569 825 3623; x_wconf 89' lang='grc' dir='ltr'><strong>με</strong></span> <span class='ocrx_word' id='word_1_279' title='bbox 862 3551 1039 3618; x_wconf 79' lang='grc' dir='ltr'>σώσας</span> <span class='ocrx_word' id='word_1_280' title='bbox 1071 3554 1202 3609; x_wconf 75' lang='grc' dir='ltr'>ὡσεὶ</span> <span class='ocrx_word' id='word_1_281' title='bbox 1239 3556 1332 3610; x_wconf 75' lang='grc' dir='ltr'><strong>καὶ</strong></span> <span class='ocrx_word' id='word_1_282' title='bbox 1365 3557 1515 3611; x_wconf 86' lang='grc' dir='ltr'>πόλιν</span> <span class='ocrx_word' id='word_1_283' title='bbox 1542 3557 1711 3629; x_wconf 84' lang='grc' dir='ltr'>τείχει</span> <span class='ocrx_word' id='word_1_284' title='bbox 1743 3576 1896 3630; x_wconf 79' lang='grc' dir='ltr'>περιο</span> 
     </span>
    </p>
   </div>
   <div class='ocr_carea' id='block_1_39' title="bbox 328 3634 1894 3719">
    <p class='ocr_par' dir='ltr' id='par_1_39' title="bbox 328 3634 1894 3719">
     <span class='ocr_line' id='line_1_39' title="bbox 328 3634 1894 3719; baseline 0.011 -31"><span class='ocrx_word' id='word_1_285' title='bbox 328 3634 667 3709; x_wconf 77' lang='grc' dir='ltr'>ϐεϐλημένην</span> <span class='ocrx_word' id='word_1_286' title='bbox 731 3640 936 3712; x_wconf 61' lang='grc' dir='ltr'>ὀχυρῷ,</span> <span class='ocrx_word' id='word_1_287' title='bbox 983 3643 1232 3708; x_wconf 89' lang='grc' dir='ltr'>Τοιοῦτος</span> <span class='ocrx_word' id='word_1_288' title='bbox 1280 3645 1335 3698; x_wconf 86' lang='grc' dir='ltr'><strong>δέ</strong></span> <span class='ocrx_word' id='word_1_289' title='bbox 1383 3665 1471 3718; x_wconf 90' lang='grc' dir='ltr'>μοι</span> <span class='ocrx_word' id='word_1_290' title='bbox 1525 3648 1753 3719; x_wconf 86' lang='grc' dir='ltr'>γέγονας</span> <span class='ocrx_word' id='word_1_291' title='bbox 1773 3652 1836 3705; x_wconf 79' lang='grc' dir='ltr'><strong>σὺ</strong></span> <span class='ocrx_word' id='word_1_292' title='bbox 1865 3653 1894 3706; x_wconf 93' lang='grc' dir='ltr'><strong>ὀ</strong></span> 
     </span>
    </p>
   </div>
   <div class='ocr_carea' id='block_1_40' title="bbox 327 3727 1891 3815">
    <p class='ocr_par' dir='ltr' id='par_1_40' title="bbox 327 3727 1891 3815">
     <span class='ocr_line' id='line_1_40' title="bbox 327 3727 1891 3815; baseline 0.01 -35"><span class='ocrx_word' id='word_1_293' title='bbox 327 3727 458 3798; x_wconf 81' lang='grc' dir='ltr'>ἐμὸς</span> <span class='ocrx_word' id='word_1_294' title='bbox 489 3729 710 3801; x_wconf 84' lang='grc' dir='ltr'>Κύριος,</span> <span class='ocrx_word' id='word_1_295' title='bbox 737 3733 972 3802; x_wconf 78' lang='grc' dir='ltr'>ὁπηνίκα</span> <span class='ocrx_word' id='word_1_296' title='bbox 997 3735 1158 3799; x_wconf 78' lang='grc' dir='ltr'>αὐτὸς</span> <span class='ocrx_word' id='word_1_297' title='bbox 1185 3737 1416 3807; x_wconf 80' lang='grc' dir='ltr'>ἐμαυτὸν</span> <span class='ocrx_word' id='word_1_298' title='bbox 1441 3741 1712 3794; x_wconf 85' lang='grc' dir='ltr'>ταπεινῶν</span> <span class='ocrx_word' id='word_1_299' title='bbox 1743 3743 1802 3795; x_wconf 86' lang='grc' dir='ltr'><strong>ἐν</strong></span> <span class='ocrx_word' id='word_1_300' title='bbox 1825 3745 1891 3815; x_wconf 77' lang='grc' dir='ltr'>τῇ</span> 
     </span>
    </p>
   </div>
   <div class='ocr_carea' id='block_1_41' title="bbox 325 3819 1900 3901">
    <p class='ocr_par' dir='ltr' id='par_1_41' title="bbox 325 3819 1900 3901">
     <span class='ocr_line' id='line_1_41' title="bbox 325 3819 1900 3901; baseline 0.011 -30"><span class='ocrx_word' id='word_1_301' title='bbox 325 3819 592 3894; x_wconf 83' lang='grc' dir='ltr'>γενομένῃ</span> <span class='ocrx_word' id='word_1_302' title='bbox 627 3839 718 3892; x_wconf 89' lang='grc' dir='ltr'><strong>μοι</strong></span> <span class='ocrx_word' id='word_1_303' title='bbox 744 3823 1017 3888; x_wconf 77' lang='grc' dir='ltr'>ἐκστάσει,</span> <span class='ocrx_word' id='word_1_304' title='bbox 1059 3827 1118 3887; x_wconf 85' lang='grc' dir='ltr'>ὲν</span> <span class='ocrx_word' id='word_1_305' title='bbox 1241 3827 1536 3897; x_wconf 80' lang='grc' dir='ltr'>ἐταράχθη</span> <span class='ocrx_word' id='word_1_306' title='bbox 1561 3830 1631 3884; x_wconf 75' lang='grc' dir='ltr'><strong>ἐν</strong></span> <span class='ocrx_word' id='word_1_307' title='bbox 1667 3831 1829 3901; x_wconf 83' lang='grc' dir='ltr'>θυμῷ</span> <span class='ocrx_word' id='word_1_308' title='bbox 1861 3835 1900 3890; x_wconf 83' lang='grc' dir='ltr'>ό·</span> 
     </span>
    </p>
   </div>
   <div class='ocr_carea' id='block_1_42' title="bbox 327 3910 1890 3995">
    <p class='ocr_par' dir='ltr' id='par_1_42' title="bbox 327 3910 1890 3995">
     <span class='ocr_line' id='line_1_42' title="bbox 327 3910 1890 3995; baseline 0.012 -32"><span class='ocrx_word' id='word_1_309' title='bbox 327 3910 629 3981; x_wconf 70' lang='grc' dir='ltr'>ὀφθαλμός</span> <span class='ocrx_word' id='word_1_310' title='bbox 641 3932 760 3983; x_wconf 87' lang='grc' dir='ltr'>μου</span> <span class='ocrx_word' id='word_1_311' title='bbox 777 3915 876 3969; x_wconf 72' lang='grc' dir='ltr'>καὶ</span> <span class='ocrx_word' id='word_1_312' title='bbox 897 3918 935 3984; x_wconf 75' lang='grc' dir='ltr'><em>ἠ</em></span> <span class='ocrx_word' id='word_1_313' title='bbox 963 3917 1131 3987; x_wconf 67' lang='grc' dir='ltr'><strong>ψυχή</strong></span> <span class='ocrx_word' id='word_1_314' title='bbox 1159 3936 1298 3987; x_wconf 86' lang='grc' dir='ltr'>μου,</span> <span class='ocrx_word' id='word_1_315' title='bbox 1321 3920 1420 3974; x_wconf 75' lang='grc' dir='ltr'>καὶ</span> <span class='ocrx_word' id='word_1_316' title='bbox 1444 3923 1481 3990; x_wconf 73' lang='grc' dir='ltr'>ἡ</span> <span class='ocrx_word' id='word_1_317' title='bbox 1509 3924 1735 3994; x_wconf 75' lang='grc' dir='ltr'>γαστήρ</span> <span class='ocrx_word' id='word_1_318' title='bbox 1751 3945 1890 3995; x_wconf 84' lang='grc' dir='ltr'>μου.</span> 
     </span>
    </p>
   </div>
   <div class='ocr_carea' id='block_1_43' title="bbox 325 4001 1899 4089">
    <p class='ocr_par' dir='ltr' id='par_1_43' title="bbox 325 4001 1899 4089">
     <span class='ocr_line' id='line_1_43' title="bbox 325 4001 1899 4089; baseline 0.008 -33"><span class='ocrx_word' id='word_1_319' title='bbox 325 4001 439 4056; x_wconf 72' lang='grc' dir='ltr'><strong>οὐκ</strong></span> <span class='ocrx_word' id='word_1_320' title='bbox 479 4003 791 4076; x_wconf 81' lang='grc' dir='ltr'>ἐπετρίϐην,</span> <span class='ocrx_word' id='word_1_321' title='bbox 828 4007 939 4061; x_wconf 85' lang='grc' dir='ltr'>ἀλλ’</span> <span class='ocrx_word' id='word_1_322' title='bbox 973 4010 1284 4064; x_wconf 82' lang='grc' dir='ltr'>ὲταπείνουν</span> <span class='ocrx_word' id='word_1_323' title='bbox 1328 4013 1580 4083; x_wconf 80' lang='grc' dir='ltr'>ἐμαυτὸν,</span> <span class='ocrx_word' id='word_1_324' title='bbox 1614 4015 1687 4079; x_wconf 84' lang='grc' dir='ltr'>ὡς</span> <span class='ocrx_word' id='word_1_325' title='bbox 1726 4019 1899 4089; x_wconf 69' lang='grc' dir='ltr'>ἀπορε</span> 
     </span>
    </p>
   </div>
   <div class='ocr_carea' id='block_1_44' title="bbox 329 4092 1891 4182">
    <p class='ocr_par' dir='ltr' id='par_1_44' title="bbox 329 4092 1891 4182">
     <span class='ocr_line' id='line_1_44' title="bbox 329 4092 1891 4182; baseline 0.013 -39"><span class='ocrx_word' id='word_1_326' title='bbox 329 4092 510 4182; x_wconf 75' lang='grc' dir='ltr'>ῥιφεὶς</span> <span class='ocrx_word' id='word_1_327' title='bbox 537 4095 643 4147; x_wconf 83' lang='grc' dir='ltr'><strong>ἀπὸ</strong></span> <span class='ocrx_word' id='word_1_328' title='bbox 675 4096 783 4149; x_wconf 92' lang='grc' dir='ltr'><strong>τῶν</strong></span> <span class='ocrx_word' id='word_1_329' title='bbox 828 4099 934 4152; x_wconf 89' lang='grc' dir='ltr'><strong>σῶν</strong></span> <span class='ocrx_word' id='word_1_330' title='bbox 961 4100 1253 4172; x_wconf 81' lang='grc' dir='ltr'>ὀφθαλμῶν</span> <span class='ocrx_word' id='word_1_331' title='bbox 1286 4102 1372 4158; x_wconf 74' lang='grc' dir='ltr'><strong>διὰ</strong></span> <span class='ocrx_word' id='word_1_332' title='bbox 1415 4105 1513 4177; x_wconf 79' lang='grc' dir='ltr'>τὴν</span> <span class='ocrx_word' id='word_1_333' title='bbox 1543 4107 1680 4179; x_wconf 79' lang='grc' dir='ltr'>ἐμὴν</span> <span class='ocrx_word' id='word_1_334' title='bbox 1711 4111 1891 4182; x_wconf 85' lang='grc' dir='ltr'>ἁμαρ-</span> 
     </span>
    </p>
   </div>
   <div class='ocr_carea' id='block_1_45' title="bbox 327 4181 1887 4269">
    <p class='ocr_par' dir='ltr' id='par_1_45' title="bbox 327 4181 1887 4269">
     <span class='ocr_line' id='line_1_45' title="bbox 327 4181 1887 4269; baseline 0.013 -36"><span class='ocrx_word' id='word_1_335' title='bbox 327 4181 466 4235; x_wconf 82' lang='grc' dir='ltr'>τίαν.</span> <span class='ocrx_word' id='word_1_336' title='bbox 509 4183 668 4238; x_wconf 81' lang='grc' dir='ltr'>Ἀλλὰ</span> <span class='ocrx_word' id='word_1_337' title='bbox 690 4185 859 4246; x_wconf 77' lang='grc' dir='ltr'>ταῦτα</span> <span class='ocrx_word' id='word_1_338' title='bbox 884 4187 993 4256; x_wconf 75' lang='grc' dir='ltr'><strong>ἐγὼ</strong></span> <span class='ocrx_word' id='word_1_339' title='bbox 1029 4191 1124 4261; x_wconf 82' lang='grc' dir='ltr'><strong>μὲν</strong></span> <span class='ocrx_word' id='word_1_340' title='bbox 1160 4191 1340 4260; x_wconf 81' lang='grc' dir='ltr'>ἔλεγον</span> <span class='ocrx_word' id='word_1_341' title='bbox 1374 4181 1887 4269; x_wconf 79' lang='grc' dir='ltr'>ἐξομολογούμενοςο</span> 
     </span>
    </p>
   </div>
   <div class='ocr_carea' id='block_1_46' title="bbox 329 4273 1891 4360">
    <p class='ocr_par' dir='ltr' id='par_1_46' title="bbox 329 4273 1891 4360">
     <span class='ocr_line' id='line_1_46' title="bbox 329 4273 1891 4360; baseline 0.013 -35"><span class='ocrx_word' id='word_1_342' title='bbox 329 4273 394 4326; x_wconf 74' lang='grc' dir='ltr'><strong>σὺ</strong></span> <span class='ocrx_word' id='word_1_343' title='bbox 425 4273 480 4328; x_wconf 82' lang='grc' dir='ltr'>δὲ</span> <span class='ocrx_word' id='word_1_344' title='bbox 511 4276 889 4348; x_wconf 80' lang='grc' dir='ltr'>φιλάνθρωπος</span> <span class='ocrx_word' id='word_1_345' title='bbox 919 4297 1011 4333; x_wconf 82' lang='grc' dir='ltr'><strong>και</strong></span> <span class='ocrx_word' id='word_1_346' title='bbox 1049 4283 1249 4352; x_wconf 79' lang='grc' dir='ltr'>ἀγαθὸς</span> <span class='ocrx_word' id='word_1_347' title='bbox 1280 4286 1432 4351; x_wconf 79' lang='grc' dir='ltr'>Θεὸς,</span> <span class='ocrx_word' id='word_1_348' title='bbox 1457 4289 1558 4342; x_wconf 74' lang='grc' dir='ltr'><strong>οὐκ</strong></span> <span class='ocrx_word' id='word_1_349' title='bbox 1584 4291 1891 4360; x_wconf 66' lang='grc' dir='ltr'>ἀπέρριψας</span> 
     </span>
    </p>
   </div>
   <div class='ocr_carea' id='block_1_47' title="bbox 322 4362 1889 4452">
    <p class='ocr_par' dir='ltr' id='par_1_47' title="bbox 322 4362 1889 4452">
     <span class='ocr_line' id='line_1_47' title="bbox 322 4362 1889 4452; baseline 0.013 -36"><span class='ocrx_word' id='word_1_350' title='bbox 322 4362 414 4416; x_wconf 74' lang='grc' dir='ltr'><strong>τδν</strong></span> <span class='ocrx_word' id='word_1_351' title='bbox 445 4364 535 4417; x_wconf 85' lang='grc' dir='ltr'><strong>σὺν</strong></span> <span class='ocrx_word' id='word_1_352' title='bbox 564 4366 799 4438; x_wconf 73' lang='grc' dir='ltr'>οἰκέτην,</span> <span class='ocrx_word' id='word_1_353' title='bbox 831 4369 965 4423; x_wconf 85' lang='grc' dir='ltr'>ἀλλὰ</span> <span class='ocrx_word' id='word_1_354' title='bbox 993 4373 1131 4428; x_wconf 77' lang='grc' dir='ltr'>κατὰ</span> <span class='ocrx_word' id='word_1_355' title='bbox 1169 4375 1268 4446; x_wconf 84' lang='grc' dir='ltr'>τὴν</span> <span class='ocrx_word' id='word_1_356' title='bbox 1300 4377 1625 4446; x_wconf 79' lang='grc' dir='ltr'>ἐπαγγελίαν</span> <span class='ocrx_word' id='word_1_357' title='bbox 1661 4382 1756 4452; x_wconf 82' lang='grc' dir='ltr'><strong>τὴν</strong></span> <span class='ocrx_word' id='word_1_358' title='bbox 1784 4382 1889 4450; x_wconf 83' lang='grc' dir='ltr'><strong>φά-</strong></span> 
     </span>
    </p>
   </div>
   <div class='ocr_carea' id='block_1_48' title="bbox 327 4456 1891 4534">
    <p class='ocr_par' dir='ltr' id='par_1_48' title="bbox 327 4456 1891 4534">
     <span class='ocr_line' id='line_1_48' title="bbox 327 4456 1891 4534; baseline 0.013 -31"><span class='ocrx_word' id='word_1_359' title='bbox 327 4467 590 4508; x_wconf 81' lang='grc' dir='ltr'>σκουσαν·</span> <span class='ocrx_word' id='word_1_360' title='bbox 631 4456 807 4510; x_wconf 78' lang='grc' dir='ltr'>Ὅταν</span> <span class='ocrx_word' id='word_1_361' title='bbox 833 4459 1243 4530; x_wconf 65' lang='grc' dir='ltr'>ἀποστραφεὶς</span> <span class='ocrx_word' id='word_1_362' title='bbox 1258 4466 1575 4534; x_wconf 76' lang='grc' dir='ltr'>στενάξῃς,</span> <span class='ocrx_word' id='word_1_363' title='bbox 1606 4471 1738 4522; x_wconf 77' lang='grc' dir='ltr'>τότε</span> <span class='ocrx_word' id='word_1_364' title='bbox 1775 4485 1891 4524; x_wconf 72' lang='grc' dir='ltr'>ονω-</span> 
     </span>
    </p>
   </div>
   <div class='ocr_carea' id='block_1_49' title="bbox 2013 608 3598 676">
    <p class='ocr_par' dir='ltr' id='par_1_49' title="bbox 2013 608 3598 676">
     <span class='ocr_line' id='line_1_49' title="bbox 2013 608 3598 676; baseline -0.003 -11"><span class='ocrx_word' id='word_1_365' title='bbox 2013 626 2160 674; x_wconf 79' lang='lat' dir='ltr'><strong>esse,</strong></span> <span class='ocrx_word' id='word_1_366' title='bbox 2201 626 2265 665; x_wconf 91' lang='lat' dir='ltr'><strong>ac</strong></span> <span class='ocrx_word' id='word_1_367' title='bbox 2311 610 2518 666; x_wconf 77' lang='lat' dir='ltr'><strong>divitiis</strong></span> <span class='ocrx_word' id='word_1_368' title='bbox 2565 609 2754 665; x_wconf 90' lang='lat' dir='ltr'><strong>multis</strong></span> <span class='ocrx_word' id='word_1_369' title='bbox 2810 608 3096 665; x_wconf 80' lang='lat' dir='ltr'><strong>refertam.</strong></span> <span class='ocrx_word' id='word_1_370' title='bbox 3147 609 3326 676; x_wconf 84' lang='lat' dir='ltr'><strong>Quare</strong></span> <span class='ocrx_word' id='word_1_371' title='bbox 3369 608 3598 672; x_wconf 55' lang='lat' dir='ltr'><strong>dictum,</strong></span> 
     </span>
    </p>
   </div>
   <div class='ocr_carea' id='block_1_50' title="bbox 1996 700 3592 772">
    <p class='ocr_par' dir='ltr' id='par_1_50' title="bbox 1996 700 3592 772">
     <span class='ocr_line' id='line_1_50' title="bbox 1996 700 3592 772; baseline -0.003 -16"><span class='ocrx_word' id='word_1_372' title='bbox 1996 701 2078 756; x_wconf 62' lang='lat' dir='ltr'><strong>&#39;ab</strong></span> <span class='ocrx_word' id='word_1_373' title='bbox 2108 701 2370 772; x_wconf 83' lang='lat' dir='ltr'><strong>Apostolo</strong></span> <span class='ocrx_word' id='word_1_374' title='bbox 2415 701 2518 756; x_wconf 82' lang='lat' dir='ltr'><strong>fuit</strong></span> <span class='ocrx_word' id='word_1_375' title='bbox 2559 720 2572 758; x_wconf 90' lang='lat'>:</span> <span class='ocrx_word' id='word_1_376' title='bbox 2606 704 2693 755; x_wconf 81' lang='lat' dir='ltr'><strong>An</strong></span> <span class='ocrx_word' id='word_1_377' title='bbox 2733 703 2944 757; x_wconf 84' lang='lat' dir='ltr'><strong>divitias</strong></span> <span class='ocrx_word' id='word_1_378' title='bbox 2985 701 3234 756; x_wconf 86' lang='lat' dir='ltr'><strong>bonitatis</strong></span> <span class='ocrx_word' id='word_1_379' title='bbox 3257 700 3370 764; x_wconf 78' lang='lat' dir='ltr'><strong>eius</strong></span> <span class='ocrx_word' id='word_1_380' title='bbox 3404 709 3452 754; x_wconf 77' lang='lat' dir='ltr'><strong>et</strong></span> <span class='ocrx_word' id='word_1_381' title='bbox 3479 714 3592 768; x_wconf 65' lang='grc' dir='ltr'>ρας.</span> 
     </span>
    </p>
   </div>
   <div class='ocr_carea' id='block_1_51' title="bbox 2011 792 3572 864">
    <p class='ocr_par' dir='ltr' id='par_1_51' title="bbox 2011 792 3572 864">
     <span class='ocr_line' id='line_1_51' title="bbox 2011 792 3572 864; baseline -0.003 -14"><span class='ocrx_word' id='word_1_382' title='bbox 2011 795 2207 850; x_wconf 61' lang='lat' dir='ltr'><strong>tientia;</strong></span> <span class='ocrx_word' id='word_1_383' title='bbox 2258 806 2309 850; x_wconf 80' lang='lat' dir='ltr'><strong>et</strong></span> <span class='ocrx_word' id='word_1_384' title='bbox 2375 793 2791 864; x_wconf 83' lang='lat' dir='ltr'><strong>longanimitatis</strong></span> <span class='ocrx_word' id='word_1_385' title='bbox 2840 794 3245 849; x_wconf 75' lang='lat' dir='ltr'><strong>contemnis“?</strong></span> <span class='ocrx_word' id='word_1_386' title='bbox 3296 792 3404 848; x_wconf 89' lang='lat' dir='ltr'><strong>Sed</strong></span> <span class='ocrx_word' id='word_1_387' title='bbox 3459 793 3572 862; x_wconf 85' lang='lat' dir='ltr'><strong>jam</strong></span> 
     </span>
    </p>
   </div>
   <div class='ocr_carea' id='block_1_52' title="bbox 2007 883 3574 957">
    <p class='ocr_par' dir='ltr' id='par_1_52' title="bbox 2007 883 3574 957">
     <span class='ocr_line' id='line_1_52' title="bbox 2007 883 3574 957; baseline -0.001 -17"><span class='ocrx_word' id='word_1_388' title='bbox 2007 886 2228 957; x_wconf 88' lang='lat' dir='ltr'><strong>quidem</strong></span> <span class='ocrx_word' id='word_1_389' title='bbox 2254 901 2366 941; x_wconf 92' lang='lat' dir='ltr'><strong>non</strong></span> <span class='ocrx_word' id='word_1_390' title='bbox 2403 886 2660 941; x_wconf 90' lang='lat' dir='ltr'><strong>omnibus</strong></span> <span class='ocrx_word' id='word_1_391' title='bbox 2699 885 3001 941; x_wconf 77' lang='lat' dir='ltr'><strong>bonitatem</strong></span> <span class='ocrx_word' id='word_1_392' title='bbox 3039 892 3186 940; x_wconf 88' lang='lat' dir='ltr'><strong>tuam</strong></span> <span class='ocrx_word' id='word_1_393' title='bbox 3227 883 3574 940; x_wconf 77' lang='lat' dir='ltr'><strong>manifestam</strong></span> 
     </span>
    </p>
   </div>
   <div class='ocr_carea' id='block_1_53' title="bbox 2007 975 3578 1044">
    <p class='ocr_par' dir='ltr' id='par_1_53' title="bbox 2007 975 3578 1044">
     <span class='ocr_line' id='line_1_53' title="bbox 2007 975 3578 1044; baseline -0.002 -11"><span class='ocrx_word' id='word_1_394' title='bbox 2007 977 2172 1043; x_wconf 85' lang='lat' dir='ltr'><strong>facis,</strong></span> <span class='ocrx_word' id='word_1_395' title='bbox 2214 978 2307 1034; x_wconf 90' lang='lat' dir='ltr'><strong>sed</strong></span> <span class='ocrx_word' id='word_1_396' title='bbox 2350 979 2595 1034; x_wconf 86' lang='lat' dir='ltr'><strong>occultas</strong></span> <span class='ocrx_word' id='word_1_397' title='bbox 2624 993 2741 1034; x_wconf 90' lang='lat' dir='ltr'><strong>eam</strong></span> <span class='ocrx_word' id='word_1_398' title='bbox 2791 985 2848 1033; x_wconf 79' lang='lat' dir='ltr'><strong>et</strong></span> <span class='ocrx_word' id='word_1_399' title='bbox 2901 977 3178 1042; x_wconf 85' lang='lat' dir='ltr'><strong>recondis,</strong></span> <span class='ocrx_word' id='word_1_400' title='bbox 3219 975 3578 1044; x_wconf 80' lang='lat' dir='ltr'><strong>custodisque</strong></span> 
     </span>
    </p>
   </div>
   <div class='ocr_carea' id='block_1_54' title="bbox 2007 1066 3577 1140">
    <p class='ocr_par' dir='ltr' id='par_1_54' title="bbox 2007 1066 3577 1140">
     <span class='ocr_line' id='line_1_54' title="bbox 2007 1066 3577 1140; baseline -0.001 -17"><span class='ocrx_word' id='word_1_401' title='bbox 2007 1068 2330 1124; x_wconf 89' lang='lat' dir='ltr'><strong>timentibus</strong></span> <span class='ocrx_word' id='word_1_402' title='bbox 2356 1077 2427 1126; x_wconf 91' lang='lat' dir='ltr'><strong>te.</strong></span> <span class='ocrx_word' id='word_1_403' title='bbox 2467 1068 2604 1135; x_wconf 86' lang='lat' dir='ltr'><strong>Quia</strong></span> <span class='ocrx_word' id='word_1_404' title='bbox 2633 1084 2764 1124; x_wconf 87' lang='lat' dir='ltr'><strong>vero</strong></span> <span class='ocrx_word' id='word_1_405' title='bbox 2795 1068 2863 1123; x_wconf 89' lang='lat' dir='ltr'><strong>ad</strong></span> <span class='ocrx_word' id='word_1_406' title='bbox 2895 1084 3015 1124; x_wconf 89' lang='lat' dir='ltr'><strong>eam</strong></span> <span class='ocrx_word' id='word_1_407' title='bbox 3049 1068 3223 1140; x_wconf 80' lang='lat' dir='ltr'><strong>ipsam</strong></span> <span class='ocrx_word' id='word_1_408' title='bbox 3255 1082 3370 1122; x_wconf 90' lang='lat' dir='ltr'><strong>rem</strong></span> <span class='ocrx_word' id='word_1_409' title='bbox 3398 1066 3577 1137; x_wconf 82' lang='lat' dir='ltr'><strong>perfe-</strong></span> 
     </span>
    </p>
   </div>
   <div class='ocr_carea' id='block_1_55' title="bbox 2007 1159 3574 1230">
    <p class='ocr_par' dir='ltr' id='par_1_55' title="bbox 2007 1159 3574 1230">
     <span class='ocr_line' id='line_1_55' title="bbox 2007 1159 3574 1230; baseline -0.001 -14"><span class='ocrx_word' id='word_1_410' title='bbox 2007 1161 2301 1224; x_wconf 84' lang='lat' dir='ltr'><strong>cistieam.</strong></span> <span class='ocrx_word' id='word_1_411' title='bbox 2339 1161 2391 1214; x_wconf 90' lang='lat' dir='ltr'><strong>id</strong></span> <span class='ocrx_word' id='word_1_412' title='bbox 2442 1168 2546 1222; x_wconf 90' lang='lat' dir='ltr'><strong>est,</strong></span> <span class='ocrx_word' id='word_1_413' title='bbox 2599 1168 2658 1214; x_wconf 93' lang='lat' dir='ltr'><strong>ut</strong></span> <span class='ocrx_word' id='word_1_414' title='bbox 2717 1161 3079 1230; x_wconf 84' lang='lat' dir='ltr'><strong>sperantibus</strong></span> <span class='ocrx_word' id='word_1_415' title='bbox 3108 1160 3162 1214; x_wconf 87' lang='lat' dir='ltr'><strong>in</strong></span> <span class='ocrx_word' id='word_1_416' title='bbox 3217 1169 3271 1216; x_wconf 89' lang='lat' dir='ltr'><strong>te</strong></span> <span class='ocrx_word' id='word_1_417' title='bbox 3320 1159 3574 1230; x_wconf 79' lang='lat' dir='ltr'><strong>largiare,</strong></span> 
     </span>
    </p>
   </div>
   <div class='ocr_carea' id='block_1_56' title="bbox 2006 1252 3586 1325">
    <p class='ocr_par' dir='ltr' id='par_1_56' title="bbox 2006 1252 3586 1325">
     <span class='ocr_line' id='line_1_56' title="bbox 2006 1252 3586 1325; baseline 0 -19"><span class='ocrx_word' id='word_1_418' title='bbox 2006 1253 2362 1325; x_wconf 70' lang='lat' dir='ltr'><strong>praebeasque</strong></span> <span class='ocrx_word' id='word_1_419' title='bbox 2390 1253 2564 1322; x_wconf 85' lang='lat' dir='ltr'><strong>ipsam</strong></span> <span class='ocrx_word' id='word_1_420' title='bbox 2614 1263 2928 1323; x_wconf 80' lang='lat' dir='ltr'><strong>Opportune</strong></span> <span class='ocrx_word' id='word_1_421' title='bbox 2974 1260 3220 1322; x_wconf 79' lang='lat' dir='ltr'><strong>tempore</strong></span> <span class='ocrx_word' id='word_1_422' title='bbox 3263 1267 3372 1322; x_wconf 65' lang='lat' dir='ltr'><strong>prae</strong></span> <span class='ocrx_word' id='word_1_423' title='bbox 3401 1252 3586 1315; x_wconf 81' lang='lat' dir='ltr'><strong>oculis</strong></span> 
     </span>
    </p>
   </div>
   <div class='ocr_carea' id='block_1_57' title="bbox 2006 1341 3576 1412">
    <p class='ocr_par' dir='ltr' id='par_1_57' title="bbox 2006 1341 3576 1412">
     <span class='ocr_line' id='line_1_57' title="bbox 2006 1341 3576 1412; baseline -0.004 -14"><span class='ocrx_word' id='word_1_424' title='bbox 2006 1343 2242 1398; x_wconf 75' lang='lat' dir='ltr'><strong>ﬁliorum</strong></span> <span class='ocrx_word' id='word_1_425' title='bbox 2285 1343 2589 1407; x_wconf 87' lang='lat' dir='ltr'><strong>hominum,</strong></span> <span class='ocrx_word' id='word_1_426' title='bbox 2634 1343 2710 1396; x_wconf 89' lang='lat' dir='ltr'><strong>ita</strong></span> <span class='ocrx_word' id='word_1_427' title='bbox 2743 1349 2804 1396; x_wconf 91' lang='lat' dir='ltr'><strong>ut</strong></span> <span class='ocrx_word' id='word_1_428' title='bbox 2834 1357 3023 1398; x_wconf 90' lang='lat' dir='ltr'><strong>omnes</strong></span> <span class='ocrx_word' id='word_1_429' title='bbox 3059 1341 3362 1397; x_wconf 88' lang='lat' dir='ltr'><strong>bonitatem</strong></span> <span class='ocrx_word' id='word_1_430' title='bbox 3395 1343 3576 1412; x_wconf 61' lang='lat' dir='ltr'><strong>suspi.</strong></span> 
     </span>
    </p>
   </div>
   <div class='ocr_carea' id='block_1_58' title="bbox 2006 1432 3592 1506">
    <p class='ocr_par' dir='ltr' id='par_1_58' title="bbox 2006 1432 3592 1506">
     <span class='ocr_line' id='line_1_58' title="bbox 2006 1432 3592 1506; baseline -0.004 -15"><span class='ocrx_word' id='word_1_431' title='bbox 2006 1437 2159 1492; x_wconf 85' lang='lat' dir='ltr'><strong>ciant</strong></span> <span class='ocrx_word' id='word_1_432' title='bbox 2197 1442 2368 1499; x_wconf 91' lang='lat' dir='ltr'><strong>tuam,</strong></span> <span class='ocrx_word' id='word_1_433' title='bbox 2404 1442 2649 1506; x_wconf 89' lang='lat' dir='ltr'><strong>tempore</strong></span> <span class='ocrx_word' id='word_1_434' title='bbox 2696 1433 3162 1490; x_wconf 83' lang='lat' dir='ltr'><strong>remunerationis</strong></span> <span class='ocrx_word' id='word_1_435' title='bbox 3190 1434 3461 1488; x_wconf 89' lang='lat' dir='ltr'><strong>bonorum</strong></span> <span class='ocrx_word' id='word_1_436' title='bbox 3491 1432 3592 1486; x_wconf 68' lang='lat' dir='ltr'><strong>dio-</strong></span> 
     </span>
    </p>
   </div>
   <div class='ocr_carea' id='block_1_59' title="bbox 2005 1523 3575 1598">
    <p class='ocr_par' dir='ltr' id='par_1_59' title="bbox 2005 1523 3575 1598">
     <span class='ocr_line' id='line_1_59' title="bbox 2005 1523 3575 1598; baseline -0.001 -19"><span class='ocrx_word' id='word_1_437' title='bbox 2005 1527 2127 1598; x_wconf 78' lang='lat' dir='ltr'><strong>guis</strong></span> <span class='ocrx_word' id='word_1_438' title='bbox 2170 1527 2522 1588; x_wconf 84' lang='lat' dir='ltr'><strong>attributam;</strong></span> <span class='ocrx_word' id='word_1_439' title='bbox 2575 1526 2698 1581; x_wconf 90' lang='lat' dir='ltr'><strong>ideo</strong></span> <span class='ocrx_word' id='word_1_440' title='bbox 2741 1526 2797 1580; x_wconf 88' lang='lat' dir='ltr'><strong>in</strong></span> <span class='ocrx_word' id='word_1_441' title='bbox 2828 1525 2930 1580; x_wconf 80' lang='lat' dir='ltr'><strong>hac</strong></span> <span class='ocrx_word' id='word_1_442' title='bbox 2971 1525 3078 1579; x_wconf 86' lang='lat' dir='ltr'><strong>vita</strong></span> <span class='ocrx_word' id='word_1_443' title='bbox 3125 1523 3346 1580; x_wconf 84' lang='lat' dir='ltr'><strong>animas.</strong></span> <span class='ocrx_word' id='word_1_444' title='bbox 3365 1523 3464 1578; x_wconf 80' lang='lat' dir='ltr'><strong>tibi</strong></span> <span class='ocrx_word' id='word_1_445' title='bbox 3485 1523 3575 1578; x_wconf 66' lang='lat' dir='ltr'><strong>ads</strong></span> 
     </span>
    </p>
   </div>
   <div class='ocr_carea' id='block_1_60' title="bbox 2005 1615 3576 1688">
    <p class='ocr_par' dir='ltr' id='par_1_60' title="bbox 2005 1615 3576 1688">
     <span class='ocr_line' id='line_1_60' title="bbox 2005 1615 3576 1688; baseline -0.001 -14"><span class='ocrx_word' id='word_1_446' title='bbox 2005 1619 2200 1686; x_wconf 84' lang='lat' dir='ltr'><strong>dictas,</strong></span> <span class='ocrx_word' id='word_1_447' title='bbox 2228 1619 2587 1674; x_wconf 86' lang='lat' dir='ltr'><strong>tentationum</strong></span> <span class='ocrx_word' id='word_1_448' title='bbox 2619 1626 2867 1686; x_wconf 87' lang='lat' dir='ltr'><strong>tempore</strong></span> <span class='ocrx_word' id='word_1_449' title='bbox 2892 1625 2984 1672; x_wconf 88' lang='lat' dir='ltr'><strong>tua</strong></span> <span class='ocrx_word' id='word_1_450' title='bbox 3015 1617 3353 1688; x_wconf 88' lang='lat' dir='ltr'><strong>protectione</strong></span> <span class='ocrx_word' id='word_1_451' title='bbox 3379 1615 3576 1687; x_wconf 75' lang='lat' dir='ltr'><strong>dignas</strong></span> 
     </span>
    </p>
   </div>
   <div class='ocr_carea' id='block_1_61' title="bbox 2004 1708 3574 1781">
    <p class='ocr_par' dir='ltr' id='par_1_61' title="bbox 2004 1708 3574 1781">
     <span class='ocr_line' id='line_1_61' title="bbox 2004 1708 3574 1781; baseline -0.002 -17"><span class='ocrx_word' id='word_1_452' title='bbox 2004 1711 2234 1774; x_wconf 78' lang='lat' dir='ltr'><strong>habens,</strong></span> <span class='ocrx_word' id='word_1_453' title='bbox 2267 1711 2586 1773; x_wconf 84' lang='lat' dir='ltr'><strong>abscondis,</strong></span> <span class='ocrx_word' id='word_1_454' title='bbox 2639 1710 2955 1781; x_wconf 89' lang='lat' dir='ltr'><strong>liberasque</strong></span> <span class='ocrx_word' id='word_1_455' title='bbox 3010 1709 3139 1764; x_wconf 83' lang='lat' dir='ltr'><strong>illas</strong></span> <span class='ocrx_word' id='word_1_456' title='bbox 3183 1723 3214 1762; x_wconf 92' lang='lat' dir='ltr'><strong>a</strong></span> <span class='ocrx_word' id='word_1_457' title='bbox 3271 1708 3574 1763; x_wconf 84' lang='lat' dir='ltr'><strong>conturba-</strong></span> 
     </span>
    </p>
   </div>
   <div class='ocr_carea' id='block_1_62' title="bbox 2007 1799 3574 1869">
    <p class='ocr_par' dir='ltr' id='par_1_62' title="bbox 2007 1799 3574 1869">
     <span class='ocr_line' id='line_1_62' title="bbox 2007 1799 3574 1869; baseline -0.003 -11"><span class='ocrx_word' id='word_1_458' title='bbox 2007 1803 2156 1858; x_wconf 87' lang='lat' dir='ltr'><strong>tione</strong></span> <span class='ocrx_word' id='word_1_459' title='bbox 2186 1803 2496 1869; x_wconf 88' lang='lat' dir='ltr'><strong>hominum,</strong></span> <span class='ocrx_word' id='word_1_460' title='bbox 2559 1818 2622 1859; x_wconf 87' lang='lat' dir='ltr'><strong>ac</strong></span> <span class='ocrx_word' id='word_1_461' title='bbox 2676 1803 2786 1858; x_wconf 87' lang='lat' dir='ltr'><strong>sub</strong></span> <span class='ocrx_word' id='word_1_462' title='bbox 2814 1817 2978 1858; x_wconf 88' lang='lat' dir='ltr'><strong>manu</strong></span> <span class='ocrx_word' id='word_1_463' title='bbox 3025 1809 3116 1854; x_wconf 92' lang='lat' dir='ltr'><strong>tua</strong></span> <span class='ocrx_word' id='word_1_464' title='bbox 3156 1800 3306 1855; x_wconf 86' lang='lat' dir='ltr'><strong>velut</strong></span> <span class='ocrx_word' id='word_1_465' title='bbox 3345 1799 3448 1854; x_wconf 88' lang='lat' dir='ltr'><strong>sub</strong></span> <span class='ocrx_word' id='word_1_466' title='bbox 3493 1809 3574 1854; x_wconf 50' lang='lat' dir='ltr'><strong>te.</strong></span> 
     </span>
    </p>
   </div>
   <div class='ocr_carea' id='block_1_63' title="bbox 2007 1890 3574 1966">
    <p class='ocr_par' dir='ltr' id='par_1_63' title="bbox 2007 1890 3574 1966">
     <span class='ocr_line' id='line_1_63' title="bbox 2007 1890 3574 1966; baseline 0 -20"><span class='ocrx_word' id='word_1_467' title='bbox 2007 1895 2187 1965; x_wconf 78' lang='lat' dir='ltr'><strong>gmine</strong></span> <span class='ocrx_word' id='word_1_468' title='bbox 2235 1895 2473 1965; x_wconf 91' lang='lat' dir='ltr'><strong>quodam</strong></span> <span class='ocrx_word' id='word_1_469' title='bbox 2509 1895 2749 1966; x_wconf 81' lang='lat' dir='ltr'><strong>protegis</strong></span> <span class='ocrx_word' id='word_1_470' title='bbox 2792 1909 2887 1950; x_wconf 90' lang='lat' dir='ltr'><strong>eas</strong></span> <span class='ocrx_word' id='word_1_471' title='bbox 2921 1908 2952 1946; x_wconf 88' lang='lat' dir='ltr'><strong>a</strong></span> <span class='ocrx_word' id='word_1_472' title='bbox 2983 1890 3421 1947; x_wconf 78' lang='lat' dir='ltr'><strong>contradictione</strong></span> <span class='ocrx_word' id='word_1_473' title='bbox 3467 1890 3574 1946; x_wconf 66' lang='lat' dir='ltr'><strong>linv</strong></span> 
     </span>
    </p>
   </div>
   <div class='ocr_carea' id='block_1_64' title="bbox 2005 1983 3574 2056">
    <p class='ocr_par' dir='ltr' id='par_1_64' title="bbox 2005 1983 3574 2056">
     <span class='ocr_line' id='line_1_64' title="bbox 2005 1983 3574 2056; baseline -0.002 -17"><span class='ocrx_word' id='word_1_474' title='bbox 2005 2001 2257 2056; x_wconf 76' lang='lat' dir='ltr'><strong>guarum,</strong></span> <span class='ocrx_word' id='word_1_475' title='bbox 2287 1992 2347 2040; x_wconf 91' lang='lat' dir='ltr'><strong>ut</strong></span> <span class='ocrx_word' id='word_1_476' title='bbox 2379 1986 2512 2041; x_wconf 88' lang='lat' dir='ltr'><strong>nihil</strong></span> <span class='ocrx_word' id='word_1_477' title='bbox 2545 1986 2814 2042; x_wconf 66' lang='lat' dir='ltr'><strong>laedantur</strong></span> <span class='ocrx_word' id='word_1_478' title='bbox 2842 1984 2924 2040; x_wconf 89' lang='lat' dir='ltr'><strong>vel</strong></span> <span class='ocrx_word' id='word_1_479' title='bbox 2950 1985 3018 2040; x_wconf 90' lang='lat' dir='ltr'><strong>ab</strong></span> <span class='ocrx_word' id='word_1_480' title='bbox 3041 1984 3107 2040; x_wconf 88' lang='lat' dir='ltr'><strong>iis</strong></span> <span class='ocrx_word' id='word_1_481' title='bbox 3139 1983 3233 2054; x_wconf 88' lang='lat' dir='ltr'><strong>qui</strong></span> <span class='ocrx_word' id='word_1_482' title='bbox 3260 1983 3409 2054; x_wconf 89' lang='lat' dir='ltr'><strong>ipsas</strong></span> <span class='ocrx_word' id='word_1_483' title='bbox 3450 1997 3574 2038; x_wconf 88' lang='lat' dir='ltr'><strong>ver-</strong></span> 
     </span>
    </p>
   </div>
   <div class='ocr_carea' id='block_1_65' title="bbox 2005 2071 3586 2158">
    <p class='ocr_par' dir='ltr' id='par_1_65' title="bbox 2005 2071 3586 2158">
     <span class='ocr_line' id='line_1_65' title="bbox 2005 2071 3586 2158; baseline -0.003 -26"><span class='ocrx_word' id='word_1_484' title='bbox 2005 2076 2092 2132; x_wconf 91' lang='lat' dir='ltr'><strong>bis</strong></span> <span class='ocrx_word' id='word_1_485' title='bbox 2117 2077 2458 2148; x_wconf 79' lang='lat' dir='ltr'><strong>impugnant,</strong></span> <span class='ocrx_word' id='word_1_486' title='bbox 2500 2079 2585 2133; x_wconf 91' lang='lat' dir='ltr'><strong>vel</strong></span> <span class='ocrx_word' id='word_1_487' title='bbox 2633 2077 2703 2133; x_wconf 91' lang='lat' dir='ltr'><strong>ab</strong></span> <span class='ocrx_word' id='word_1_488' title='bbox 2751 2078 2832 2142; x_wconf 24' lang='lat' dir='ltr'><strong>iis.</strong></span> <span class='ocrx_word' id='word_1_489' title='bbox 2868 2076 2962 2158; x_wconf 83' lang='lat' dir='ltr'><strong>qui</strong></span> <span class='ocrx_word' id='word_1_490' title='bbox 2995 2075 3278 2141; x_wconf 78' lang='lat' dir='ltr'><strong>machinas</strong></span> <span class='ocrx_word' id='word_1_491' title='bbox 3308 2089 3438 2138; x_wconf 80' lang='lat' dir='ltr'><strong>suas</strong></span> <span class='ocrx_word' id='word_1_492' title='bbox 3469 2071 3586 2130; x_wconf 59' lang='lat' dir='ltr'><strong>eda.</strong></span> 
     </span>
    </p>
   </div>
   <div class='ocr_carea' id='block_1_66' title="bbox 2004 2171 2684 2234">
    <p class='ocr_par' dir='ltr' id='par_1_66' title="bbox 2004 2171 2684 2234">
     <span class='ocr_line' id='line_1_66' title="bbox 2004 2171 2684 2234; baseline -0.007 -5"><span class='ocrx_word' id='word_1_493' title='bbox 2004 2185 2198 2230; x_wconf 68' lang='lat' dir='ltr'><strong>versus</strong></span> <span class='ocrx_word' id='word_1_494' title='bbox 2230 2171 2363 2230; x_wconf 84' lang='lat' dir='ltr'><strong>illas,</strong></span> <span class='ocrx_word' id='word_1_495' title='bbox 2381 2171 2684 2234; x_wconf 83' lang='lat' dir='ltr'><strong>instruunt.</strong></span> 
     </span>
    </p>
   </div>
   <div class='ocr_carea' id='block_1_67' title="bbox 2074 2455 3591 2530">
    <p class='ocr_par' dir='ltr' id='par_1_67' title="bbox 2074 2455 3591 2530">
     <span class='ocr_line' id='line_1_67' title="bbox 2074 2455 3591 2530; baseline -0.001 -20"><span class='ocrx_word' id='word_1_496' title='bbox 2074 2455 2240 2514; x_wconf 65' lang='lat' dir='ltr'><strong>Vens.</strong></span> <span class='ocrx_word' id='word_1_497' title='bbox 2270 2456 2698 2514; x_wconf 72' lang='lat' dir='ltr'><strong>22.8enedictus</strong></span> <span class='ocrx_word' id='word_1_498' title='bbox 2725 2458 3004 2525; x_wconf 77' lang='lat' dir='ltr'><strong>Dominus,</strong></span> <span class='ocrx_word' id='word_1_499' title='bbox 3023 2457 3272 2530; x_wconf 81' lang='lat' dir='ltr'><strong>quoniam</strong></span> <span class='ocrx_word' id='word_1_500' title='bbox 3301 2457 3591 2527; x_wconf 48' lang='lat' dir='ltr'><strong>miriﬁca-1.</strong></span> 
     </span>
    </p>
   </div>
   <div class='ocr_carea' id='block_1_68' title="bbox 2001 2546 3603 2610">
    <p class='ocr_par' dir='ltr' id='par_1_68' title="bbox 2001 2546 3603 2610">
     <span class='ocr_line' id='line_1_68' title="bbox 2001 2546 3603 2610; baseline 0.004 -7"><span class='ocrx_word' id='word_1_501' title='bbox 2001 2549 2072 2603; x_wconf 80' lang='lat' dir='ltr'><strong>vit</strong></span> <span class='ocrx_word' id='word_1_502' title='bbox 2095 2548 2510 2604; x_wconf 81' lang='lat' dir='ltr'><strong>misericordiam</strong></span> <span class='ocrx_word' id='word_1_503' title='bbox 2531 2567 2684 2604; x_wconf 88' lang='lat' dir='ltr'><strong>suam</strong></span> <span class='ocrx_word' id='word_1_504' title='bbox 2712 2551 2766 2605; x_wconf 87' lang='lat' dir='ltr'><strong>in</strong></span> <span class='ocrx_word' id='word_1_505' title='bbox 2792 2551 3002 2606; x_wconf 82' lang='lat' dir='ltr'><strong>civitate</strong></span> <span class='ocrx_word' id='word_1_506' title='bbox 3043 2551 3377 2606; x_wconf 76' lang='lat' dir='ltr'><strong>munitionis.</strong></span> <span class='ocrx_word' id='word_1_507' title='bbox 3419 2546 3603 2610; x_wconf 64' lang='lat' dir='ltr'><strong>Post-.-</strong></span> 
     </span>
    </p>
   </div>
   <div class='ocr_carea' id='block_1_69' title="bbox 2001 2639 3608 2712">
    <p class='ocr_par' dir='ltr' id='par_1_69' title="bbox 2001 2639 3608 2712">
     <span class='ocr_line' id='line_1_69' title="bbox 2001 2639 3608 2712; baseline 0.001 -18"><span class='ocrx_word' id='word_1_508' title='bbox 2001 2655 2164 2711; x_wconf 88' lang='lat' dir='ltr'><strong>quam</strong></span> <span class='ocrx_word' id='word_1_509' title='bbox 2196 2640 2510 2697; x_wconf 81' lang='lat' dir='ltr'><strong>conﬁtendo</strong></span> <span class='ocrx_word' id='word_1_510' title='bbox 2544 2647 2628 2698; x_wconf 89' lang='lat' dir='ltr'><strong>tot</strong></span> <span class='ocrx_word' id='word_1_511' title='bbox 2655 2642 2837 2698; x_wconf 86' lang='lat' dir='ltr'><strong>verbis</strong></span> <span class='ocrx_word' id='word_1_512' title='bbox 2857 2640 3027 2698; x_wconf 89' lang='lat' dir='ltr'><strong>Deum</strong></span> <span class='ocrx_word' id='word_1_513' title='bbox 3060 2639 3428 2712; x_wconf 80' lang='lat' dir='ltr'><strong>compellavit,</strong></span> <span class='ocrx_word' id='word_1_514' title='bbox 3458 2654 3608 2696; x_wconf 72' lang='lat' dir='ltr'><strong>ser--</strong></span> 
     </span>
    </p>
   </div>
   <div class='ocr_carea' id='block_1_70' title="bbox 2001 2732 3596 2804">
    <p class='ocr_par' dir='ltr' id='par_1_70' title="bbox 2001 2732 3596 2804">
     <span class='ocr_line' id='line_1_70' title="bbox 2001 2732 3596 2804; baseline -0.001 -18"><span class='ocrx_word' id='word_1_515' title='bbox 2001 2747 2218 2788; x_wconf 73' lang='lat' dir='ltr'><strong>nouem</strong></span> <span class='ocrx_word' id='word_1_516' title='bbox 2267 2748 2429 2790; x_wconf 88' lang='lat' dir='ltr'><strong>suum</strong></span> <span class='ocrx_word' id='word_1_517' title='bbox 2463 2741 2775 2804; x_wconf 83' lang='lat' dir='ltr'><strong>opportuno</strong></span> <span class='ocrx_word' id='word_1_518' title='bbox 2805 2744 2861 2790; x_wconf 89' lang='lat' dir='ltr'><strong>et</strong></span> <span class='ocrx_word' id='word_1_519' title='bbox 2904 2735 3048 2789; x_wconf 92' lang='lat' dir='ltr'><strong>bono</strong></span> <span class='ocrx_word' id='word_1_520' title='bbox 3074 2732 3308 2789; x_wconf 89' lang='lat' dir='ltr'><strong>termino</strong></span> <span class='ocrx_word' id='word_1_521' title='bbox 3333 2732 3596 2798; x_wconf 31' lang='lat' dir='ltr'><strong>claudit.-</strong></span> 
     </span>
    </p>
   </div>
   <div class='ocr_carea' id='block_1_71' title="bbox 2000 2821 3570 2895">
    <p class='ocr_par' dir='ltr' id='par_1_71' title="bbox 2000 2821 3570 2895">
     <span class='ocr_line' id='line_1_71' title="bbox 2000 2821 3570 2895; baseline -0.001 -18"><span class='ocrx_word' id='word_1_522' title='bbox 2000 2821 2377 2880; x_wconf 88' lang='lat' dir='ltr'><strong>benedicendo</strong></span> <span class='ocrx_word' id='word_1_523' title='bbox 2413 2823 2609 2888; x_wconf 89' lang='lat' dir='ltr'><strong>Deum,</strong></span> <span class='ocrx_word' id='word_1_524' title='bbox 2641 2826 2892 2895; x_wconf 72' lang='lat' dir='ltr'><strong>quoniam</strong></span> <span class='ocrx_word' id='word_1_525' title='bbox 2931 2824 3235 2893; x_wconf 80' lang='lat' dir='ltr'><strong>miriﬁcavit</strong></span> <span class='ocrx_word' id='word_1_526' title='bbox 3267 2823 3570 2877; x_wconf 59' lang='lat' dir='ltr'><strong>miserit-on</strong></span> 
     </span>
    </p>
   </div>
   <div class='ocr_carea' id='block_1_72' title="bbox 1998 2912 3596 2986">
    <p class='ocr_par' dir='ltr' id='par_1_72' title="bbox 1998 2912 3596 2986">
     <span class='ocr_line' id='line_1_72' title="bbox 1998 2912 3596 2986; baseline -0.002 -19"><span class='ocrx_word' id='word_1_527' title='bbox 1998 2914 2145 2968; x_wconf 73' lang='lat' dir='ltr'><strong>diam</strong></span> <span class='ocrx_word' id='word_1_528' title='bbox 2173 2932 2326 2976; x_wconf 85' lang='lat' dir='ltr'><strong>suam</strong></span> <span class='ocrx_word' id='word_1_529' title='bbox 2379 2916 2435 2973; x_wconf 85' lang='lat' dir='ltr'><strong>in</strong></span> <span class='ocrx_word' id='word_1_530' title='bbox 2485 2917 2694 2971; x_wconf 80' lang='lat' dir='ltr'><strong>civitate</strong></span> <span class='ocrx_word' id='word_1_531' title='bbox 2754 2917 3102 2975; x_wconf 79' lang='lat' dir='ltr'><strong>munitionis:</strong></span> <span class='ocrx_word' id='word_1_532' title='bbox 3129 2913 3273 2986; x_wconf 90' lang='lat' dir='ltr'><strong>quod</strong></span> <span class='ocrx_word' id='word_1_533' title='bbox 3327 2912 3596 2984; x_wconf 44' lang='lat' dir='ltr'><strong>Symmaa</strong></span> 
     </span>
    </p>
   </div>
   <div class='ocr_carea' id='block_1_73' title="bbox 1997 3005 3586 3080">
    <p class='ocr_par' dir='ltr' id='par_1_73' title="bbox 1997 3005 3586 3080">
     <span class='ocr_line' id='line_1_73' title="bbox 1997 3005 3586 3080; baseline -0.003 -19"><span class='ocrx_word' id='word_1_534' title='bbox 1997 3007 2136 3062; x_wconf 86' lang='lat' dir='ltr'><strong>chus</strong></span> <span class='ocrx_word' id='word_1_535' title='bbox 2167 3009 2247 3062; x_wconf 85' lang='lat' dir='ltr'><strong>sic</strong></span> <span class='ocrx_word' id='word_1_536' title='bbox 2269 3008 2662 3080; x_wconf 86' lang='lat' dir='ltr'><strong>interpretatus</strong></span> <span class='ocrx_word' id='word_1_537' title='bbox 2687 3017 2802 3064; x_wconf 90' lang='lat' dir='ltr'><strong>est:</strong></span> <span class='ocrx_word' id='word_1_538' title='bbox 2837 3007 3147 3064; x_wconf 75' lang='lat' dir='ltr'><strong>Benedictus</strong></span> <span class='ocrx_word' id='word_1_539' title='bbox 3172 3007 3454 3068; x_wconf 86' lang='lat' dir='ltr'><strong>Dominus,</strong></span> <span class='ocrx_word' id='word_1_540' title='bbox 3476 3005 3586 3075; x_wconf 79' lang='lat' dir='ltr'><strong>qui.</strong></span> 
     </span>
    </p>
   </div>
   <div class='ocr_carea' id='block_1_74' title="bbox 1998 3097 3600 3170">
    <p class='ocr_par' dir='ltr' id='par_1_74' title="bbox 1998 3097 3600 3170">
     <span class='ocr_line' id='line_1_74' title="bbox 1998 3097 3600 3170; baseline -0.001 -18"><span class='ocrx_word' id='word_1_541' title='bbox 1998 3097 2224 3153; x_wconf 76' lang='lat' dir='ltr'><strong>ostendit</strong></span> <span class='ocrx_word' id='word_1_542' title='bbox 2246 3100 2374 3155; x_wconf 74' lang='lat' dir='ltr'><strong>mihi</strong></span> <span class='ocrx_word' id='word_1_543' title='bbox 2393 3099 2809 3156; x_wconf 83' lang='lat' dir='ltr'><strong>misericordiam</strong></span> <span class='ocrx_word' id='word_1_544' title='bbox 2845 3116 3021 3166; x_wconf 88' lang='lat' dir='ltr'><strong>suam,</strong></span> <span class='ocrx_word' id='word_1_545' title='bbox 3051 3098 3207 3170; x_wconf 86' lang='lat' dir='ltr'><strong>quasi</strong></span> <span class='ocrx_word' id='word_1_546' title='bbox 3247 3098 3302 3152; x_wconf 86' lang='lat' dir='ltr'><strong>in</strong></span> <span class='ocrx_word' id='word_1_547' title='bbox 3350 3097 3600 3151; x_wconf 48' lang='lat' dir='ltr'><strong>ciuitate.-</strong></span> 
     </span>
    </p>
   </div>
   <div class='ocr_carea' id='block_1_75' title="bbox 1999 3187 3566 3263">
    <p class='ocr_par' dir='ltr' id='par_1_75' title="bbox 1999 3187 3566 3263">
     <span class='ocr_line' id='line_1_75' title="bbox 1999 3187 3566 3263; baseline -0.001 -22"><span class='ocrx_word' id='word_1_548' title='bbox 1999 3190 2223 3244; x_wconf 88' lang='lat' dir='ltr'><strong>munita.</strong></span> <span class='ocrx_word' id='word_1_549' title='bbox 2267 3190 2373 3252; x_wconf 73' lang='lat' dir='ltr'><strong>Per</strong></span> <span class='ocrx_word' id='word_1_550' title='bbox 2401 3207 2487 3248; x_wconf 90' lang='lat' dir='ltr'><strong>me</strong></span> <span class='ocrx_word' id='word_1_551' title='bbox 2516 3192 2735 3263; x_wconf 81' lang='lat' dir='ltr'><strong>quippe,</strong></span> <span class='ocrx_word' id='word_1_552' title='bbox 2777 3192 2876 3255; x_wconf 85' lang='lat' dir='ltr'><strong>ait,</strong></span> <span class='ocrx_word' id='word_1_553' title='bbox 2907 3189 3053 3246; x_wconf 90' lang='lat' dir='ltr'><strong>Deus</strong></span> <span class='ocrx_word' id='word_1_554' title='bbox 3080 3187 3436 3260; x_wconf 24' lang='lat' dir='ltr'><strong>gloriﬁcatus.</strong></span> <span class='ocrx_word' id='word_1_555' title='bbox 3459 3196 3566 3251; x_wconf 85' lang='lat' dir='ltr'><strong>est,</strong></span> 
     </span>
    </p>
   </div>
   <div class='ocr_carea' id='block_1_76' title="bbox 1998 3277 3598 3351">
    <p class='ocr_par' dir='ltr' id='par_1_76' title="bbox 1998 3277 3598 3351">
     <span class='ocr_line' id='line_1_76' title="bbox 1998 3277 3598 3351; baseline -0.002 -19"><span class='ocrx_word' id='word_1_556' title='bbox 1998 3277 2127 3348; x_wconf 88' lang='lat' dir='ltr'><strong>quia</strong></span> <span class='ocrx_word' id='word_1_557' title='bbox 2152 3281 2548 3351; x_wconf 88' lang='lat' dir='ltr'><strong>propemodum</strong></span> <span class='ocrx_word' id='word_1_558' title='bbox 2594 3281 2823 3339; x_wconf 81' lang='lat' dir='ltr'><strong>inﬁnitis</strong></span> <span class='ocrx_word' id='word_1_559' title='bbox 2859 3281 3107 3340; x_wconf 84' lang='lat' dir='ltr'><strong>collectis</strong></span> <span class='ocrx_word' id='word_1_560' title='bbox 3150 3279 3421 3342; x_wconf 88' lang='lat' dir='ltr'><strong>hostibus,</strong></span> <span class='ocrx_word' id='word_1_561' title='bbox 3447 3277 3598 3331; x_wconf 28' lang='lat' dir='ltr'><strong>anis</strong></span> 
     </span>
    </p>
   </div>
   <div class='ocr_carea' id='block_1_77' title="bbox 1998 3369 3598 3444">
    <p class='ocr_par' dir='ltr' id='par_1_77' title="bbox 1998 3369 3598 3444">
     <span class='ocr_line' id='line_1_77' title="bbox 1998 3369 3598 3444; baseline 0.001 -20"><span class='ocrx_word' id='word_1_562' title='bbox 1998 3385 2254 3442; x_wconf 85' lang='lat' dir='ltr'><strong>mamque</strong></span> <span class='ocrx_word' id='word_1_563' title='bbox 2309 3387 2484 3429; x_wconf 86' lang='lat' dir='ltr'><strong>meam</strong></span> <span class='ocrx_word' id='word_1_564' title='bbox 2537 3387 2637 3429; x_wconf 88' lang='lat' dir='ltr'><strong>ceu</strong></span> <span class='ocrx_word' id='word_1_565' title='bbox 2693 3387 2954 3444; x_wconf 78' lang='lat' dir='ltr'><strong>magnam.</strong></span> <span class='ocrx_word' id='word_1_566' title='bbox 2993 3371 3270 3433; x_wconf 87' lang='lat' dir='ltr'><strong>civitatem</strong></span> <span class='ocrx_word' id='word_1_567' title='bbox 3316 3369 3598 3426; x_wconf 65' lang='lat' dir='ltr'><strong>obsidere.</strong></span> 
     </span>
    </p>
   </div>
   <div class='ocr_carea' id='block_1_78' title="bbox 1997 3462 3578 3534">
    <p class='ocr_par' dir='ltr' id='par_1_78' title="bbox 1997 3462 3578 3534">
     <span class='ocr_line' id='line_1_78' title="bbox 1997 3462 3578 3534; baseline -0.003 -16"><span class='ocrx_word' id='word_1_568' title='bbox 1997 3463 2352 3529; x_wconf 87' lang='lat' dir='ltr'><strong>conantibus,</strong></span> <span class='ocrx_word' id='word_1_569' title='bbox 2385 3473 2571 3520; x_wconf 89' lang='lat' dir='ltr'><strong>custos</strong></span> <span class='ocrx_word' id='word_1_570' title='bbox 2599 3466 2690 3521; x_wconf 90' lang='lat' dir='ltr'><strong>ille</strong></span> <span class='ocrx_word' id='word_1_571' title='bbox 2735 3481 2894 3521; x_wconf 86' lang='lat' dir='ltr'><strong>meus</strong></span> <span class='ocrx_word' id='word_1_572' title='bbox 2920 3471 3075 3534; x_wconf 79' lang='lat' dir='ltr'><strong>septo</strong></span> <span class='ocrx_word' id='word_1_573' title='bbox 3112 3479 3200 3519; x_wconf 89' lang='lat' dir='ltr'><strong>me</strong></span> <span class='ocrx_word' id='word_1_574' title='bbox 3229 3462 3578 3518; x_wconf 79' lang='lat' dir='ltr'><strong>circummu—.</strong></span> 
     </span>
    </p>
   </div>
   <div class='ocr_carea' id='block_1_79' title="bbox 1995 3555 3586 3625">
    <p class='ocr_par' dir='ltr' id='par_1_79' title="bbox 1995 3555 3586 3625">
     <span class='ocr_line' id='line_1_79' title="bbox 1995 3555 3586 3625; baseline -0.002 -14"><span class='ocrx_word' id='word_1_575' title='bbox 1995 3557 2177 3624; x_wconf 89' lang='lat' dir='ltr'><strong>niens,</strong></span> <span class='ocrx_word' id='word_1_576' title='bbox 2231 3557 2665 3618; x_wconf 83' lang='lat' dir='ltr'><strong>misericordiam</strong></span> <span class='ocrx_word' id='word_1_577' title='bbox 2725 3573 2880 3614; x_wconf 86' lang='lat' dir='ltr'><strong>suam</strong></span> <span class='ocrx_word' id='word_1_578' title='bbox 2942 3556 3247 3612; x_wconf 87' lang='lat' dir='ltr'><strong>mirabilem</strong></span> <span class='ocrx_word' id='word_1_579' title='bbox 3295 3555 3586 3625; x_wconf 23' lang='lat' dir='ltr'><strong>exhibuit,“</strong></span> 
     </span>
    </p>
   </div>
   <div class='ocr_carea' id='block_1_80' title="bbox 1996 3646 3586 3724">
    <p class='ocr_par' dir='ltr' id='par_1_80' title="bbox 1996 3646 3586 3724">
     <span class='ocr_line' id='line_1_80' title="bbox 1996 3646 3586 3724; baseline -0.001 -22"><span class='ocrx_word' id='word_1_580' title='bbox 1996 3656 2160 3719; x_wconf 89' lang='lat' dir='ltr'><strong>atque</strong></span> <span class='ocrx_word' id='word_1_581' title='bbox 2191 3651 2266 3706; x_wconf 88' lang='lat' dir='ltr'><strong>ita</strong></span> <span class='ocrx_word' id='word_1_582' title='bbox 2297 3665 2384 3706; x_wconf 90' lang='lat' dir='ltr'><strong>me</strong></span> <span class='ocrx_word' id='word_1_583' title='bbox 2411 3651 2650 3708; x_wconf 81' lang='lat' dir='ltr'><strong>servavit</strong></span> <span class='ocrx_word' id='word_1_584' title='bbox 2684 3649 2908 3721; x_wconf 85' lang='lat' dir='ltr'><strong>perinde</strong></span> <span class='ocrx_word' id='word_1_585' title='bbox 2937 3657 3102 3724; x_wconf 82' lang='lat' dir='ltr'><strong>atque</strong></span> <span class='ocrx_word' id='word_1_586' title='bbox 3139 3649 3417 3704; x_wconf 89' lang='lat' dir='ltr'><strong>civitatem</strong></span> <span class='ocrx_word' id='word_1_587' title='bbox 3453 3646 3586 3701; x_wconf 64' lang='grc' dir='ltr'><strong>τον-ο.</strong></span> 
     </span>
    </p>
   </div>
   <div class='ocr_carea' id='block_1_81' title="bbox 1995 3738 3570 3810">
    <p class='ocr_par' dir='ltr' id='par_1_81' title="bbox 1995 3738 3570 3810">
     <span class='ocr_line' id='line_1_81' title="bbox 1995 3738 3570 3810; baseline -0.003 -10"><span class='ocrx_word' id='word_1_588' title='bbox 1995 3739 2210 3800; x_wconf 74' lang='lat' dir='ltr'><strong>tissime</strong></span> <span class='ocrx_word' id='word_1_589' title='bbox 2264 3756 2424 3796; x_wconf 89' lang='lat' dir='ltr'><strong>muro</strong></span> <span class='ocrx_word' id='word_1_590' title='bbox 2451 3742 2677 3809; x_wconf 64' lang='lat' dir='ltr'><strong>:circum</strong></span> <span class='ocrx_word' id='word_1_591' title='bbox 2727 3741 3069 3800; x_wconf 86' lang='lat' dir='ltr'><strong>instructam.</strong></span> <span class='ocrx_word' id='word_1_592' title='bbox 3107 3738 3258 3796; x_wconf 89' lang='lat' dir='ltr'><strong>Talis</strong></span> <span class='ocrx_word' id='word_1_593' title='bbox 3305 3754 3432 3810; x_wconf 82' lang='lat' dir='ltr'><strong>erga</strong></span> <span class='ocrx_word' id='word_1_594' title='bbox 3479 3754 3570 3795; x_wconf 82' lang='lat' dir='ltr'><strong>me</strong></span> 
     </span>
    </p>
   </div>
   <div class='ocr_carea' id='block_1_82' title="bbox 1995 3830 3564 3904">
    <p class='ocr_par' dir='ltr' id='par_1_82' title="bbox 1995 3830 3564 3904">
     <span class='ocr_line' id='line_1_82' title="bbox 1995 3830 3564 3904; baseline 0.001 -18"><span class='ocrx_word' id='word_1_595' title='bbox 1995 3830 2172 3897; x_wconf 81' lang='lat' dir='ltr'><strong>fuisti,</strong></span> <span class='ocrx_word' id='word_1_596' title='bbox 2203 3832 2434 3888; x_wconf 90' lang='lat' dir='ltr'><strong>Domine</strong></span> <span class='ocrx_word' id='word_1_597' title='bbox 2478 3834 2573 3898; x_wconf 89' lang='lat' dir='ltr'><strong>mi,</strong></span> <span class='ocrx_word' id='word_1_598' title='bbox 2615 3834 2836 3904; x_wconf 81' lang='lat' dir='ltr'><strong>quando</strong></span> <span class='ocrx_word' id='word_1_599' title='bbox 2870 3832 3250 3904; x_wconf 89' lang='lat' dir='ltr'><strong>memetipsum</strong></span> <span class='ocrx_word' id='word_1_600' title='bbox 3282 3831 3564 3887; x_wconf 59' lang='lat' dir='ltr'><strong>humiliari</strong></span> 
     </span>
    </p>
   </div>
   <div class='ocr_carea' id='block_1_83' title="bbox 1996 3923 3564 3995">
    <p class='ocr_par' dir='ltr' id='par_1_83' title="bbox 1996 3923 3564 3995">
     <span class='ocr_line' id='line_1_83' title="bbox 1996 3923 3564 3995; baseline -0.003 -15"><span class='ocrx_word' id='word_1_601' title='bbox 1996 3925 2051 3980; x_wconf 92' lang='lat' dir='ltr'><strong>in</strong></span> <span class='ocrx_word' id='word_1_602' title='bbox 2086 3939 2317 3980; x_wconf 82' lang='lat' dir='ltr'><strong>excessu</strong></span> <span class='ocrx_word' id='word_1_603' title='bbox 2359 3925 2562 3980; x_wconf 85' lang='lat' dir='ltr'><strong>mentis</strong></span> <span class='ocrx_word' id='word_1_604' title='bbox 2596 3941 2751 3989; x_wconf 67' lang='lat' dir='ltr'><strong>meae,</strong></span> <span class='ocrx_word' id='word_1_605' title='bbox 2789 3939 2899 3995; x_wconf 88' lang='lat' dir='ltr'><strong>quo</strong></span> <span class='ocrx_word' id='word_1_606' title='bbox 2935 3923 3280 3981; x_wconf 82' lang='lat' dir='ltr'><strong>conturbatus</strong></span> <span class='ocrx_word' id='word_1_607' title='bbox 3311 3933 3389 3978; x_wconf 85' lang='lat' dir='ltr'><strong>est</strong></span> <span class='ocrx_word' id='word_1_608' title='bbox 3414 3924 3564 3977; x_wconf 84' lang='lat' dir='ltr'><strong>inira</strong></span> 
     </span>
    </p>
   </div>
   <div class='ocr_carea' id='block_1_84' title="bbox 1995 4015 3576 4086">
    <p class='ocr_par' dir='ltr' id='par_1_84' title="bbox 1995 4015 3576 4086">
     <span class='ocr_line' id='line_1_84' title="bbox 1995 4015 3576 4086; baseline 0.001 -16"><span class='ocrx_word' id='word_1_609' title='bbox 1995 4017 2176 4071; x_wconf 85' lang='lat' dir='ltr'><strong>oculus</strong></span> <span class='ocrx_word' id='word_1_610' title='bbox 2230 4033 2396 4081; x_wconf 84' lang='lat' dir='ltr'><strong>meus,</strong></span> <span class='ocrx_word' id='word_1_611' title='bbox 2445 4017 2626 4071; x_wconf 88' lang='lat' dir='ltr'><strong>anima</strong></span> <span class='ocrx_word' id='word_1_612' title='bbox 2681 4034 2798 4071; x_wconf 88' lang='lat' dir='ltr'><strong>mea</strong></span> <span class='ocrx_word' id='word_1_613' title='bbox 2845 4025 2894 4074; x_wconf 87' lang='lat' dir='ltr'><strong>et</strong></span> <span class='ocrx_word' id='word_1_614' title='bbox 2945 4027 3120 4072; x_wconf 80' lang='lat' dir='ltr'><strong>venter</strong></span> <span class='ocrx_word' id='word_1_615' title='bbox 3161 4032 3328 4071; x_wconf 82' lang='lat' dir='ltr'><strong>meus.</strong></span> <span class='ocrx_word' id='word_1_616' title='bbox 3379 4015 3576 4086; x_wconf 75' lang='lat' dir='ltr'><strong>Neque.</strong></span> 
     </span>
    </p>
   </div>
   <div class='ocr_carea' id='block_1_85' title="bbox 1994 4105 3562 4179">
    <p class='ocr_par' dir='ltr' id='par_1_85' title="bbox 1994 4105 3562 4179">
     <span class='ocr_line' id='line_1_85' title="bbox 1994 4105 3562 4179; baseline -0.003 -15"><span class='ocrx_word' id='word_1_617' title='bbox 1994 4117 2126 4164; x_wconf 87' lang='lat' dir='ltr'><strong>tunc</strong></span> <span class='ocrx_word' id='word_1_618' title='bbox 2177 4108 2601 4179; x_wconf 89' lang='lat' dir='ltr'><strong>procrastinavi,</strong></span> <span class='ocrx_word' id='word_1_619' title='bbox 2658 4107 2755 4164; x_wconf 88' lang='lat' dir='ltr'><strong>sed</strong></span> <span class='ocrx_word' id='word_1_620' title='bbox 2811 4107 3194 4178; x_wconf 88' lang='lat' dir='ltr'><strong>memetipsum</strong></span> <span class='ocrx_word' id='word_1_621' title='bbox 3253 4105 3562 4166; x_wconf 70' lang='lat' dir='ltr'><strong>humilian’,</strong></span> 
     </span>
    </p>
   </div>
   <div class='ocr_carea' id='block_1_86' title="bbox 1992 4198 3556 4271">
    <p class='ocr_par' dir='ltr' id='par_1_86' title="bbox 1992 4198 3556 4271">
     <span class='ocr_line' id='line_1_86' title="bbox 1992 4198 3556 4271; baseline -0.002 -16"><span class='ocrx_word' id='word_1_622' title='bbox 1992 4199 2152 4271; x_wconf 88' lang='lat' dir='ltr'><strong>quasi</strong></span> <span class='ocrx_word' id='word_1_623' title='bbox 2194 4200 2405 4270; x_wconf 85' lang='lat' dir='ltr'><strong>peccati</strong></span> <span class='ocrx_word' id='word_1_624' title='bbox 2435 4201 2540 4255; x_wconf 87' lang='lat' dir='ltr'><strong>mei</strong></span> <span class='ocrx_word' id='word_1_625' title='bbox 2588 4215 2755 4255; x_wconf 87' lang='lat' dir='ltr'><strong>causa</strong></span> <span class='ocrx_word' id='word_1_626' title='bbox 2786 4199 3065 4270; x_wconf 88' lang='lat' dir='ltr'><strong>projectus</strong></span> <span class='ocrx_word' id='word_1_627' title='bbox 3099 4199 3171 4256; x_wconf 84' lang='lat' dir='ltr'><strong>ab</strong></span> <span class='ocrx_word' id='word_1_628' title='bbox 3196 4199 3373 4255; x_wconf 88' lang='lat' dir='ltr'><strong>oculis</strong></span> <span class='ocrx_word' id='word_1_629' title='bbox 3421 4198 3556 4254; x_wconf 77' lang='lat' dir='ltr'><strong>tuis.</strong></span> 
     </span>
    </p>
   </div>
   <div class='ocr_carea' id='block_1_87' title="bbox 1992 4288 3560 4363">
    <p class='ocr_par' dir='ltr' id='par_1_87' title="bbox 1992 4288 3560 4363">
     <span class='ocr_line' id='line_1_87' title="bbox 1992 4288 3560 4363; baseline -0.001 -17"><span class='ocrx_word' id='word_1_630' title='bbox 1992 4291 2060 4346; x_wconf 90' lang='lat' dir='ltr'><strong>Et</strong></span> <span class='ocrx_word' id='word_1_631' title='bbox 2097 4291 2211 4346; x_wconf 67' lang='lat' dir='ltr'><strong>hmc</strong></span> <span class='ocrx_word' id='word_1_632' title='bbox 2249 4291 2472 4363; x_wconf 87' lang='lat' dir='ltr'><strong>quidem</strong></span> <span class='ocrx_word' id='word_1_633' title='bbox 2501 4290 2812 4346; x_wconf 84' lang='lat' dir='ltr'><strong>conﬁtendo</strong></span> <span class='ocrx_word' id='word_1_634' title='bbox 2837 4289 2949 4344; x_wconf 79' lang='lat' dir='ltr'><strong>dixi</strong></span> <span class='ocrx_word' id='word_1_635' title='bbox 2977 4309 2990 4345; x_wconf 89' lang='lat'><strong>:</strong></span> <span class='ocrx_word' id='word_1_636' title='bbox 3019 4288 3100 4343; x_wconf 83' lang='lat' dir='ltr'><strong>Tu</strong></span> <span class='ocrx_word' id='word_1_637' title='bbox 3134 4304 3261 4344; x_wconf 87' lang='lat' dir='ltr'><strong>vero</strong></span> <span class='ocrx_word' id='word_1_638' title='bbox 3287 4289 3560 4344; x_wconf 80' lang='lat' dir='ltr'><strong>humanus</strong></span> 
     </span>
    </p>
   </div>
   <div class='ocr_carea' id='block_1_88' title="bbox 1991 4379 3558 4454">
    <p class='ocr_par' dir='ltr' id='par_1_88' title="bbox 1991 4379 3558 4454">
     <span class='ocr_line' id='line_1_88' title="bbox 1991 4379 3558 4454; baseline -0.004 -15"><span class='ocrx_word' id='word_1_639' title='bbox 1991 4384 2278 4454; x_wconf 86' lang='lat' dir='ltr'><strong>bonusque</strong></span> <span class='ocrx_word' id='word_1_640' title='bbox 2313 4387 2475 4447; x_wconf 86' lang='lat' dir='ltr'><strong>Deus,</strong></span> <span class='ocrx_word' id='word_1_641' title='bbox 2505 4399 2592 4439; x_wconf 89' lang='lat' dir='ltr'><strong>me</strong></span> <span class='ocrx_word' id='word_1_642' title='bbox 2623 4383 2985 4438; x_wconf 88' lang='lat' dir='ltr'><strong>domesticum</strong></span> <span class='ocrx_word' id='word_1_643' title='bbox 3016 4391 3170 4436; x_wconf 84' lang='lat' dir='ltr'><strong>tuum</strong></span> <span class='ocrx_word' id='word_1_644' title='bbox 3210 4395 3315 4434; x_wconf 92' lang='lat' dir='ltr'><strong>non</strong></span> <span class='ocrx_word' id='word_1_645' title='bbox 3349 4379 3558 4449; x_wconf 86' lang='lat' dir='ltr'><strong>abjeci-</strong></span> 
     </span>
    </p>
   </div>
   <div class='ocr_carea' id='block_1_89' title="bbox 1992 4472 3560 4546">
    <p class='ocr_par' dir='ltr' id='par_1_89' title="bbox 1992 4472 3560 4546">
     <span class='ocr_line' id='line_1_89' title="bbox 1992 4472 3560 4546; baseline -0.004 -14"><span class='ocrx_word' id='word_1_646' title='bbox 1992 4477 2062 4532; x_wconf 84' lang='lat' dir='ltr'><strong>sti</strong></span> <span class='ocrx_word' id='word_1_647' title='bbox 2084 4519 2099 4544; x_wconf 90' lang='lat'><strong>,</strong></span> <span class='ocrx_word' id='word_1_648' title='bbox 2135 4477 2230 4532; x_wconf 88' lang='lat' dir='ltr'><strong>sed</strong></span> <span class='ocrx_word' id='word_1_649' title='bbox 2259 4475 2561 4532; x_wconf 82' lang='lat' dir='ltr'><strong>secundum</strong></span> <span class='ocrx_word' id='word_1_650' title='bbox 2589 4476 3002 4546; x_wconf 87' lang='lat' dir='ltr'><strong>promissionem</strong></span> <span class='ocrx_word' id='word_1_651' title='bbox 3038 4476 3219 4538; x_wconf 87' lang='lat' dir='ltr'><strong>istam,</strong></span> <span class='ocrx_word' id='word_1_652' title='bbox 3254 4472 3388 4530; x_wconf 81' lang='lat' dir='ltr'><strong>Cum</strong></span> <span class='ocrx_word' id='word_1_653' title='bbox 3434 4489 3560 4527; x_wconf 74' lang='lat' dir='ltr'><strong>cou-</strong></span> 
     </span>
    </p>
   </div>
   <div class='ocr_carea' id='block_1_90' title="bbox 323 4542 1901 4638">
    <p class='ocr_par' dir='ltr' id='par_1_90' title="bbox 323 4542 1886 4628">
     <span class='ocr_line' id='line_1_90' title="bbox 323 4542 1886 4628; baseline 0.009 -28"><span class='ocrx_word' id='word_1_654' title='bbox 323 4542 509 4613; x_wconf 78' lang='grc' dir='ltr'><strong>θήσῃ⁹</strong></span> <span class='ocrx_word' id='word_1_655' title='bbox 545 4547 718 4601; x_wconf 87' lang='grc' dir='ltr'>ταῦτα</span> <span class='ocrx_word' id='word_1_656' title='bbox 767 4549 900 4620; x_wconf 81' lang='grc' dir='ltr'>ἐμοῦ</span> <span class='ocrx_word' id='word_1_657' title='bbox 954 4551 1202 4620; x_wconf 83' lang='grc' dir='ltr'>λέγοντος</span> <span class='ocrx_word' id='word_1_658' title='bbox 1251 4559 1611 4628; x_wconf 72' lang='grc' dir='ltr'>εἰσ-ἤκουσας,</span> <span class='ocrx_word' id='word_1_659' title='bbox 1654 4561 1747 4615; x_wconf 68' lang='grc' dir='ltr'>καὶ</span> <span class='ocrx_word' id='word_1_660' title='bbox 1799 4561 1886 4620; x_wconf 74' lang='grc' dir='ltr'>διὰ</span> 
     </span>
    </p>
   </div>
   <div class='ocr_carea' id='block_1_91' title="bbox 1998 4542 3574 4638">
    <p class='ocr_par' dir='ltr' id='par_1_91' title="bbox 1998 4562 3574 4638">
     <span class='ocr_line' id='line_1_91' title="bbox 1998 4562 3574 4638; baseline -0.003 -15"><span class='ocrx_word' id='word_1_661' title='bbox 1998 4584 2166 4623; x_wconf 77' lang='lat' dir='ltr'><strong>versus</strong></span> <span class='ocrx_word' id='word_1_662' title='bbox 2198 4568 2538 4638; x_wconf 77' lang='lat' dir='ltr'><strong>ingemueris,</strong></span> <span class='ocrx_word' id='word_1_663' title='bbox 2563 4577 2686 4620; x_wconf 83' lang='lat' dir='ltr'><strong>tunc</strong></span> <span class='ocrx_word' id='word_1_664' title='bbox 2711 4567 2935 4620; x_wconf 85' lang='lat' dir='ltr'><strong>salutem</strong></span> <span class='ocrx_word' id='word_1_665' title='bbox 2957 4565 3210 4620; x_wconf 78' lang='lat' dir='ltr'><strong>obtinebis</strong></span> <span class='ocrx_word' id='word_1_666' title='bbox 3229 4565 3297 4628; x_wconf 76' lang='grc'>⁸⁸,</span> <span class='ocrx_word' id='word_1_667' title='bbox 3328 4578 3414 4619; x_wconf 88' lang='lat' dir='ltr'><strong>me</strong></span> <span class='ocrx_word' id='word_1_668' title='bbox 3443 4562 3574 4618; x_wconf 64' lang='lat' dir='ltr'><strong>hacc-</strong></span> 
     </span>
    </p>
   </div>
   <div class='ocr_carea' id='block_1_92' title="bbox 322 4631 1888 4716">
    <p class='ocr_par' dir='ltr' id='par_1_92' title="bbox 322 4631 1888 4716">
     <span class='ocr_line' id='line_1_92' title="bbox 322 4631 1888 4716; baseline 0.01 -29"><span class='ocrx_word' id='word_1_669' title='bbox 322 4631 481 4688; x_wconf 88' lang='grc' dir='ltr'>τοῦτο</span> <span class='ocrx_word' id='word_1_670' title='bbox 509 4635 978 4708; x_wconf 82' lang='grc' dir='ltr'>ἐθαυμάστωσας</span> <span class='ocrx_word' id='word_1_671' title='bbox 1003 4641 1070 4696; x_wconf 83' lang='grc' dir='ltr'>τὸ</span> <span class='ocrx_word' id='word_1_672' title='bbox 1107 4644 1278 4710; x_wconf 78' lang='grc' dir='ltr'>ἔλεός</span> <span class='ocrx_word' id='word_1_673' title='bbox 1316 4662 1431 4700; x_wconf 89' lang='grc' dir='ltr'><strong>σου</strong></span> <span class='ocrx_word' id='word_1_674' title='bbox 1462 4647 1590 4716; x_wconf 79' lang='grc' dir='ltr'>ἐμοὶ</span> <span class='ocrx_word' id='word_1_675' title='bbox 1616 4648 1686 4702; x_wconf 82' lang='grc' dir='ltr'><strong>ἐν</strong></span> <span class='ocrx_word' id='word_1_676' title='bbox 1716 4651 1888 4704; x_wconf 78' lang='grc' dir='ltr'>πόλει</span> 
     </span>
    </p>
   </div>
   <div class='ocr_carea' id='block_1_93' title="bbox 321 4726 632 4798">
    <p class='ocr_par' dir='ltr' id='par_1_93' title="bbox 321 4726 632 4798">
     <span class='ocr_line' id='line_1_93' title="bbox 321 4726 632 4798; baseline -0.006 -4"><span class='ocrx_word' id='word_1_677' title='bbox 321 4726 632 4798; x_wconf 68' lang='grc' dir='ltr'><strong>περιοχῆς..</strong></span> 
     </span>
    </p>
   </div>
   <div class='ocr_carea' id='block_1_94' title="bbox 692 4842 1541 4904">
    <p class='ocr_par' dir='ltr' id='par_1_94' title="bbox 692 4842 1541 4904">
     <span class='ocr_line' id='line_1_94' title="bbox 692 4842 1541 4904; baseline 0.011 -11"><span class='ocrx_word' id='word_1_678' title='bbox 692 4842 778 4894; x_wconf 86' lang='grc' dir='ltr'><strong>ΤΩ</strong></span> <span class='ocrx_word' id='word_1_679' title='bbox 815 4843 1011 4898; x_wconf 74' lang='grc' dir='ltr'><strong>ΔᾹΥΙΔ</strong></span> <span class='ocrx_word' id='word_1_680' title='bbox 1037 4847 1385 4903; x_wconf 81' lang='grc' dir='ltr'><strong>ΣΥΝΕΣΕΩΣ</strong></span> <span class='ocrx_word' id='word_1_681' title='bbox 1419 4851 1541 4904; x_wconf 84' lang='lat' dir='ltr'><strong>AA&#39;.</strong></span> 
     </span>
    </p>
   </div>
   <div class='ocr_carea' id='block_1_95' title="bbox 392 4925 1885 5010">
    <p class='ocr_par' dir='ltr' id='par_1_95' title="bbox 392 4925 1885 5010">
     <span class='ocr_line' id='line_1_95' title="bbox 392 4925 1885 5010; baseline 0.013 -28"><span class='ocrx_word' id='word_1_682' title='bbox 392 4929 678 4999; x_wconf 81' lang='grc' dir='ltr'>Μακάριοι</span> <span class='ocrx_word' id='word_1_683' title='bbox 705 4925 792 4988; x_wconf 81' lang='grc' dir='ltr'><strong>ὧν</strong></span> <span class='ocrx_word' id='word_1_684' title='bbox 821 4936 1132 5005; x_wconf 62' lang='grc' dir='ltr'>ἀφέθησαν</span> <span class='ocrx_word' id='word_1_685' title='bbox 1156 4943 1213 4994; x_wconf 81' lang='grc' dir='ltr'>αὶ</span> <span class='ocrx_word' id='word_1_686' title='bbox 1238 4941 1492 5010; x_wconf 78' lang='grc' dir='ltr'>ἀνομίαι,</span> <span class='ocrx_word' id='word_1_687' title='bbox 1511 4946 1609 4999; x_wconf 79' lang='grc' dir='ltr'>καὶ</span> <span class='ocrx_word' id='word_1_688' title='bbox 1633 4940 1721 4999; x_wconf 82' lang='grc' dir='ltr'><strong>ὧν</strong></span> <span class='ocrx_word' id='word_1_689' title='bbox 1747 4948 1885 5002; x_wconf 65' lang='lat' dir='ltr'><strong>sats-</strong></span> 
     </span>
    </p>
   </div>
   <div class='ocr_carea' id='block_1_96' title="bbox 323 5021 1888 5098">
    <p class='ocr_par' dir='ltr' id='par_1_96' title="bbox 323 5021 1888 5098">
     <span class='ocr_line' id='line_1_96' title="bbox 323 5021 1888 5098; baseline 0.013 -29"><span class='ocrx_word' id='word_1_690' title='bbox 323 5021 723 5088; x_wconf 70' lang='grc' dir='ltr'>καλὺςρθησαν</span> <span class='ocrx_word' id='word_1_691' title='bbox 765 5028 822 5079; x_wconf 69' lang='grc' dir='ltr'>αἱ</span> <span class='ocrx_word' id='word_1_692' title='bbox 855 5027 1148 5095; x_wconf 79' lang='grc' dir='ltr'>ἁμαρτίαι.</span> <span class='ocrx_word' id='word_1_693' title='bbox 1182 5029 1356 5084; x_wconf 87' lang='grc' dir='ltr'>Πολλά</span> <span class='ocrx_word' id='word_1_694' title='bbox 1396 5032 1652 5098; x_wconf 82' lang='grc' dir='ltr'>κακώσας</span> <span class='ocrx_word' id='word_1_695' title='bbox 1698 5037 1888 5090; x_wconf 80' lang='grc' dir='ltr'>ἑαυτὸν</span> 
     </span>
    </p>
   </div>
   <div class='ocr_carea' id='block_1_97' title="bbox 323 5108 1887 5192">
    <p class='ocr_par' dir='ltr' id='par_1_97' title="bbox 323 5108 1887 5192">
     <span class='ocr_line' id='line_1_97' title="bbox 323 5108 1887 5192; baseline 0.014 -31"><span class='ocrx_word' id='word_1_696' title='bbox 323 5108 416 5161; x_wconf 78' lang='grc' dir='ltr'><strong>ἐπὶ</strong></span> <span class='ocrx_word' id='word_1_697' title='bbox 438 5109 515 5180; x_wconf 85' lang='grc' dir='ltr'>τῷ</span> <span class='ocrx_word' id='word_1_698' title='bbox 545 5112 908 5185; x_wconf 82' lang='grc' dir='ltr'>συμϐεϐηκότι</span> <span class='ocrx_word' id='word_1_699' title='bbox 939 5117 1364 5192; x_wconf 84' lang='grc' dir='ltr'>πλημμελήματι</span> <span class='ocrx_word' id='word_1_700' title='bbox 1393 5125 1422 5176; x_wconf 95' lang='grc' dir='ltr'><strong>ὀ</strong></span> <span class='ocrx_word' id='word_1_701' title='bbox 1457 5123 1636 5191; x_wconf 82' lang='grc' dir='ltr'>Δαυῒδ,</span> <span class='ocrx_word' id='word_1_702' title='bbox 1668 5126 1762 5180; x_wconf 75' lang='grc' dir='ltr'><strong>καὶ</strong></span> <span class='ocrx_word' id='word_1_703' title='bbox 1790 5127 1887 5192; x_wconf 64' lang='grc' dir='ltr'><strong>τὰς</strong></span> 
     </span>
    </p>
   </div>
   <div class='ocr_carea' id='block_1_98' title="bbox 321 5199 1887 5288">
    <p class='ocr_par' dir='ltr' id='par_1_98' title="bbox 321 5199 1887 5288">
     <span class='ocr_line' id='line_1_98' title="bbox 321 5199 1887 5288; baseline 0.013 -34"><span class='ocrx_word' id='word_1_704' title='bbox 321 5199 411 5256; x_wconf 74' lang='grc' dir='ltr'>διὰ</span> <span class='ocrx_word' id='word_1_705' title='bbox 439 5203 532 5256; x_wconf 80' lang='grc' dir='ltr'><strong>τοῦ</strong></span> <span class='ocrx_word' id='word_1_706' title='bbox 554 5207 877 5277; x_wconf 84' lang='grc' dir='ltr'>τριακοστοῦ</span> <span class='ocrx_word' id='word_1_707' title='bbox 913 5211 1093 5277; x_wconf 75' lang='grc' dir='ltr'>φωνὰς</span> <span class='ocrx_word' id='word_1_708' title='bbox 1127 5215 1442 5284; x_wconf 83' lang='grc' dir='ltr'>προέμενος,</span> <span class='ocrx_word' id='word_1_709' title='bbox 1473 5218 1769 5288; x_wconf 80' lang='grc' dir='ltr'>φροντίζων</span> <span class='ocrx_word' id='word_1_710' title='bbox 1795 5222 1887 5275; x_wconf 79' lang='grc' dir='ltr'><strong>καὶ</strong></span> 
     </span>
    </p>
   </div>
   <div class='ocr_carea' id='block_1_99' title="bbox 323 5293 1884 5382">
    <p class='ocr_par' dir='ltr' id='par_1_99' title="bbox 323 5293 1884 5382">
     <span class='ocr_line' id='line_1_99' title="bbox 323 5293 1884 5382; baseline 0.013 -36"><span class='ocrx_word' id='word_1_711' title='bbox 323 5293 567 5362; x_wconf 83' lang='grc' dir='ltr'>ἀγωνιῶν</span> <span class='ocrx_word' id='word_1_712' title='bbox 585 5297 682 5370; x_wconf 83' lang='grc' dir='ltr'>τὴν</span> <span class='ocrx_word' id='word_1_713' title='bbox 695 5299 787 5353; x_wconf 88' lang='grc' dir='ltr'><strong>τοῦ</strong></span> <span class='ocrx_word' id='word_1_714' title='bbox 803 5300 935 5354; x_wconf 84' lang='grc' dir='ltr'>Θεοῦ</span> <span class='ocrx_word' id='word_1_715' title='bbox 957 5303 1154 5374; x_wconf 87' lang='grc' dir='ltr'>κρίσιν,</span> <span class='ocrx_word' id='word_1_716' title='bbox 1174 5306 1257 5375; x_wconf 74' lang='grc' dir='ltr'><strong>ἐφ’</strong></span> <span class='ocrx_word' id='word_1_717' title='bbox 1273 5301 1353 5372; x_wconf 72' lang='grc' dir='ltr'>οἷς</span> <span class='ocrx_word' id='word_1_718' title='bbox 1375 5309 1536 5373; x_wconf 84' lang='grc' dir='ltr'>αὐτὸς</span> <span class='ocrx_word' id='word_1_719' title='bbox 1558 5312 1733 5382; x_wconf 81' lang='grc' dir='ltr'>ἐαυτῷ</span> <span class='ocrx_word' id='word_1_720' title='bbox 1759 5330 1884 5366; x_wconf 85' lang='grc' dir='ltr'>συν-</span> 
     </span>
    </p>
   </div>
   <div class='ocr_carea' id='block_1_100' title="bbox 323 5384 1882 5476">
    <p class='ocr_par' dir='ltr' id='par_1_100' title="bbox 323 5384 1882 5476">
     <span class='ocr_line' id='line_1_100' title="bbox 323 5384 1882 5476; baseline 0.014 -39"><span class='ocrx_word' id='word_1_721' title='bbox 323 5384 568 5452; x_wconf 69' lang='grc' dir='ltr'>ἐγνώκει·</span> <span class='ocrx_word' id='word_1_722' title='bbox 587 5385 702 5443; x_wconf 84' lang='grc' dir='ltr'>εἶτα</span> <span class='ocrx_word' id='word_1_723' title='bbox 721 5391 798 5462; x_wconf 83' lang='grc' dir='ltr'>τῷ</span> <span class='ocrx_word' id='word_1_724' title='bbox 811 5393 1084 5464; x_wconf 85' lang='grc' dir='ltr'>Πνεύματι</span> <span class='ocrx_word' id='word_1_725' title='bbox 1104 5397 1180 5467; x_wconf 80' lang='grc' dir='ltr'><strong>τῷ</strong></span> <span class='ocrx_word' id='word_1_726' title='bbox 1201 5399 1340 5469; x_wconf 82' lang='grc' dir='ltr'>ἁγίῳ</span> <span class='ocrx_word' id='word_1_727' title='bbox 1356 5400 1448 5452; x_wconf 70' lang='grc' dir='ltr'><strong>καὶ</strong></span> <span class='ocrx_word' id='word_1_728' title='bbox 1475 5405 1541 5472; x_wconf 85' lang='grc' dir='ltr'>τῇ</span> <span class='ocrx_word' id='word_1_729' title='bbox 1567 5403 1790 5475; x_wconf 83' lang='grc' dir='ltr'>δυνάμει</span> <span class='ocrx_word' id='word_1_730' title='bbox 1815 5409 1882 5476; x_wconf 81' lang='grc' dir='ltr'>τῇ</span> 
     </span>
    </p>
   </div>
   <div class='ocr_carea' id='block_1_101' title="bbox 325 5481 1885 5564">
    <p class='ocr_par' dir='ltr' id='par_1_101' title="bbox 325 5481 1885 5564">
     <span class='ocr_line' id='line_1_101' title="bbox 325 5481 1885 5564; baseline 0.015 -35"><span class='ocrx_word' id='word_1_731' title='bbox 325 5483 627 5552; x_wconf 78' lang='grc' dir='ltr'>προφητικῇ</span> <span class='ocrx_word' id='word_1_732' title='bbox 660 5481 756 5553; x_wconf 83' lang='grc' dir='ltr'>τὴν</span> <span class='ocrx_word' id='word_1_733' title='bbox 787 5483 874 5537; x_wconf 76' lang='grc' dir='ltr'><strong>διὰ</strong></span> <span class='ocrx_word' id='word_1_734' title='bbox 905 5483 1005 5555; x_wconf 82' lang='grc' dir='ltr'>τῆς</span> <span class='ocrx_word' id='word_1_735' title='bbox 1045 5490 1309 5560; x_wconf 82' lang='grc' dir='ltr'>σωτηρίου</span> <span class='ocrx_word' id='word_1_736' title='bbox 1342 5493 1560 5564; x_wconf 84' lang='grc' dir='ltr'>χάριτος</span> <span class='ocrx_word' id='word_1_737' title='bbox 1592 5495 1885 5564; x_wconf 85' lang='grc' dir='ltr'>μέλλουσαν</span> 
     </span>
    </p>
   </div>
   <div class='ocr_carea' id='block_1_102' title="bbox 322 5567 1885 5658">
    <p class='ocr_par' dir='ltr' id='par_1_102' title="bbox 322 5567 1885 5658">
     <span class='ocr_line' id='line_1_102' title="bbox 322 5567 1885 5658; baseline 0.017 -40"><span class='ocrx_word' id='word_1_738' title='bbox 322 5567 537 5624; x_wconf 74' lang='grc' dir='ltr'>ἔσεσθαι</span> <span class='ocrx_word' id='word_1_739' title='bbox 565 5575 732 5627; x_wconf 83' lang='grc' dir='ltr'>πᾶσιν</span> <span class='ocrx_word' id='word_1_740' title='bbox 774 5575 1080 5648; x_wconf 81' lang='grc' dir='ltr'>ἀνθρώποις</span> <span class='ocrx_word' id='word_1_741' title='bbox 1114 5579 1458 5655; x_wconf 82' lang='grc' dir='ltr'>συγχώρησιν</span> <span class='ocrx_word' id='word_1_742' title='bbox 1496 5584 1604 5639; x_wconf 87' lang='grc' dir='ltr'><strong>τῶν</strong></span> <span class='ocrx_word' id='word_1_743' title='bbox 1637 5587 1885 5658; x_wconf 76' lang='grc' dir='ltr'>ἁμαρτη-</span> 
     </span>
    </p>
   </div>
   <div class='ocr_carea' id='block_1_103' title="bbox 327 5660 1882 5752">
    <p class='ocr_par' dir='ltr' id='par_1_103' title="bbox 327 5660 1882 5752">
     <span class='ocr_line' id='line_1_103' title="bbox 327 5660 1882 5752; baseline 0.014 -40"><span class='ocrx_word' id='word_1_744' title='bbox 327 5660 512 5738; x_wconf 79' lang='grc' dir='ltr'>μάτων</span> <span class='ocrx_word' id='word_1_745' title='bbox 551 5664 824 5734; x_wconf 79' lang='grc' dir='ltr'>ἐπιγνοὺς,</span> <span class='ocrx_word' id='word_1_746' title='bbox 874 5667 966 5722; x_wconf 80' lang='grc' dir='ltr'><strong>καὶ</strong></span> <span class='ocrx_word' id='word_1_747' title='bbox 1005 5669 1080 5735; x_wconf 84' lang='grc' dir='ltr'>ὡς</span> <span class='ocrx_word' id='word_1_748' title='bbox 1109 5671 1159 5724; x_wconf 79' lang='lat' dir='ltr'><strong>oi</strong></span> <span class='ocrx_word' id='word_1_749' title='bbox 1205 5672 1263 5740; x_wconf 79' lang='grc' dir='ltr'><strong>ἐξ</strong></span> <span class='ocrx_word' id='word_1_750' title='bbox 1299 5673 1465 5728; x_wconf 84' lang='grc' dir='ltr'>ἐθνῶν</span> <span class='ocrx_word' id='word_1_751' title='bbox 1505 5677 1882 5752; x_wconf 85' lang='grc' dir='ltr'>εἰδωλολάτραι</span> 
     </span>
    </p>
   </div>
   <div class='ocr_carea' id='block_1_104' title="bbox 397 5839 1554 5919">
    <p class='ocr_par' dir='ltr' id='par_1_104' title="bbox 397 5839 1554 5919">
     <span class='ocr_line' id='line_1_104' title="bbox 397 5839 1554 5919; baseline 0.014 -25"><span class='ocrx_word' id='word_1_752' title='bbox 397 5840 443 5872; x_wconf 80' lang='grc'><strong>⁸³</strong></span> <span class='ocrx_word' id='word_1_753' title='bbox 478 5839 633 5898; x_wconf 76' lang='lat' dir='ltr'><strong>Rom.</strong></span> <span class='ocrx_word' id='word_1_754' title='bbox 672 5861 741 5912; x_wconf 86' lang='grc' dir='ltr'><strong>ιι,</strong></span> <span class='ocrx_word' id='word_1_755' title='bbox 777 5845 830 5908; x_wconf 74' lang='grc'><strong>4.</strong></span> <span class='ocrx_word' id='word_1_756' title='bbox 907 5848 953 5880; x_wconf 77' lang='grc'><em>³⁸</em></span> <span class='ocrx_word' id='word_1_757' title='bbox 990 5848 1187 5906; x_wconf 85' lang='lat' dir='ltr'><strong>Ezech.</strong></span> <span class='ocrx_word' id='word_1_758' title='bbox 1221 5866 1427 5919; x_wconf 72' lang='lat' dir='ltr'><strong>sunt,</strong></span> <span class='ocrx_word' id='word_1_759' title='bbox 1467 5854 1554 5916; x_wconf 68' lang='lat'><strong>19..</strong></span> 
     </span>
    </p>
   </div>
   <div class='ocr_carea' id='block_1_105' title="bbox 1993 4655 3559 4729">
    <p class='ocr_par' dir='ltr' id='par_1_105' title="bbox 1993 4655 3559 4729">
     <span class='ocr_line' id='line_1_105' title="bbox 1993 4655 3559 4729; baseline -0.003 -17"><span class='ocrx_word' id='word_1_760' title='bbox 1993 4657 2261 4714; x_wconf 89' lang='lat' dir='ltr'><strong>dicentem</strong></span> <span class='ocrx_word' id='word_1_761' title='bbox 2287 4659 2580 4722; x_wconf 76' lang='lat' dir='ltr'><strong>exaudisti,</strong></span> <span class='ocrx_word' id='word_1_762' title='bbox 2621 4666 2676 4712; x_wconf 93' lang='lat' dir='ltr'><strong>et</strong></span> <span class='ocrx_word' id='word_1_763' title='bbox 2703 4667 2990 4729; x_wconf 87' lang='lat' dir='ltr'><strong>propterea</strong></span> <span class='ocrx_word' id='word_1_764' title='bbox 3020 4657 3326 4726; x_wconf 78' lang='lat' dir='ltr'><strong>miriﬁcasti</strong></span> <span class='ocrx_word' id='word_1_765' title='bbox 3349 4655 3559 4712; x_wconf 84' lang='lat' dir='ltr'><strong>miseri-</strong></span> 
     </span>
    </p>
   </div>
   <div class='ocr_carea' id='block_1_106' title="bbox 1990 4748 3256 4808">
    <p class='ocr_par' dir='ltr' id='par_1_106' title="bbox 1990 4748 3256 4808">
     <span class='ocr_line' id='line_1_106' title="bbox 1990 4748 3256 4808; baseline -0.001 -3"><span class='ocrx_word' id='word_1_766' title='bbox 1990 4752 2228 4806; x_wconf 82' lang='lat' dir='ltr'><strong>cordiam</strong></span> <span class='ocrx_word' id='word_1_767' title='bbox 2265 4762 2410 4806; x_wconf 88' lang='lat' dir='ltr'><strong>tuam</strong></span> <span class='ocrx_word' id='word_1_768' title='bbox 2445 4751 2572 4806; x_wconf 87' lang='lat' dir='ltr'><strong>mihi</strong></span> <span class='ocrx_word' id='word_1_769' title='bbox 2599 4751 2652 4805; x_wconf 88' lang='lat' dir='ltr'><strong>in</strong></span> <span class='ocrx_word' id='word_1_770' title='bbox 2689 4752 2898 4805; x_wconf 80' lang='lat' dir='ltr'><strong>civitate</strong></span> <span class='ocrx_word' id='word_1_771' title='bbox 2923 4748 3256 4808; x_wconf 75' lang='lat' dir='ltr'><strong>munitionis.</strong></span> 
     </span>
    </p>
   </div>
   <div class='ocr_carea' id='block_1_107' title="bbox 2221 4855 3336 4917">
    <p class='ocr_par' dir='ltr' id='par_1_107' title="bbox 2221 4855 3336 4917">
     <span class='ocr_line' id='line_1_107' title="bbox 2221 4855 3336 4917; baseline -0.004 -1"><span class='ocrx_word' id='word_1_772' title='bbox 2221 4861 2350 4917; x_wconf 84' lang='lat' dir='ltr'><strong>lPSI</strong></span> <span class='ocrx_word' id='word_1_773' title='bbox 2388 4861 2595 4917; x_wconf 72' lang='lat' dir='ltr'><strong>DAVID</strong></span> <span class='ocrx_word' id='word_1_774' title='bbox 2633 4858 3107 4916; x_wconf 82' lang='lat' dir='ltr'><strong>[NTELLECTUS</strong></span> <span class='ocrx_word' id='word_1_775' title='bbox 3143 4855 3336 4912; x_wconf 76' lang='lat' dir='ltr'><strong>XXXI.</strong></span> 
     </span>
    </p>
   </div>
   <div class='ocr_carea' id='block_1_108' title="bbox 2063 4946 3572 5024">
    <p class='ocr_par' dir='ltr' id='par_1_108' title="bbox 2063 4946 3572 5024">
     <span class='ocr_line' id='line_1_108' title="bbox 2063 4946 3572 5024; baseline -0.006 -17"><span class='ocrx_word' id='word_1_776' title='bbox 2063 4954 2231 5009; x_wconf 70' lang='lat' dir='ltr'><strong>Vens.</strong></span> <span class='ocrx_word' id='word_1_777' title='bbox 2276 4955 2328 5009; x_wconf 80' lang='grc'><strong>1.</strong></span> <span class='ocrx_word' id='word_1_778' title='bbox 2360 4954 2514 5008; x_wconf 84' lang='lat' dir='ltr'><strong>Beati</strong></span> <span class='ocrx_word' id='word_1_779' title='bbox 2541 4970 2760 5024; x_wconf 89' lang='lat' dir='ltr'><strong>quorum</strong></span> <span class='ocrx_word' id='word_1_780' title='bbox 2806 4957 3039 5007; x_wconf 79' lang='lat' dir='ltr'><strong>remissa:</strong></span> <span class='ocrx_word' id='word_1_781' title='bbox 3065 4958 3188 5006; x_wconf 84' lang='lat' dir='ltr'><strong>sunt</strong></span> <span class='ocrx_word' id='word_1_782' title='bbox 3231 4946 3572 5017; x_wconf 43' lang='lat' dir='ltr'><strong>iniquitates,</strong></span> 
     </span>
    </p>
   </div>
   <div class='ocr_carea' id='block_1_109' title="bbox 1992 5038 3556 5116">
    <p class='ocr_par' dir='ltr' id='par_1_109' title="bbox 1992 5038 3556 5116">
     <span class='ocr_line' id='line_1_109' title="bbox 1992 5038 3556 5116; baseline -0.004 -16"><span class='ocrx_word' id='word_1_783' title='bbox 1992 5055 2042 5100; x_wconf 90' lang='lat' dir='ltr'><strong>et</strong></span> <span class='ocrx_word' id='word_1_784' title='bbox 2093 5062 2315 5116; x_wconf 85' lang='lat' dir='ltr'><strong>quorum</strong></span> <span class='ocrx_word' id='word_1_785' title='bbox 2351 5053 2485 5099; x_wconf 83' lang='lat' dir='ltr'><strong>tecta</strong></span> <span class='ocrx_word' id='word_1_786' title='bbox 2537 5053 2658 5100; x_wconf 85' lang='lat' dir='ltr'><strong>sunt</strong></span> <span class='ocrx_word' id='word_1_787' title='bbox 2701 5052 2938 5114; x_wconf 75' lang='lat' dir='ltr'><strong>peccata.</strong></span> <span class='ocrx_word' id='word_1_788' title='bbox 2991 5042 3285 5111; x_wconf 80' lang='lat' dir='ltr'><strong>Postquam</strong></span> <span class='ocrx_word' id='word_1_789' title='bbox 3327 5053 3424 5109; x_wconf 85' lang='lat' dir='ltr'><strong>pro</strong></span> <span class='ocrx_word' id='word_1_790' title='bbox 3457 5038 3556 5093; x_wconf 82' lang='lat' dir='ltr'><strong>ad-</strong></span> 
     </span>
    </p>
   </div>
   <div class='ocr_carea' id='block_1_110' title="bbox 1993 5134 3556 5196">
    <p class='ocr_par' dir='ltr' id='par_1_110' title="bbox 1993 5134 3556 5196">
     <span class='ocr_line' id='line_1_110' title="bbox 1993 5134 3556 5196; baseline -0.004 -4"><span class='ocrx_word' id='word_1_791' title='bbox 1993 5139 2164 5194; x_wconf 89' lang='lat' dir='ltr'><strong>misso</strong></span> <span class='ocrx_word' id='word_1_792' title='bbox 2196 5138 2402 5194; x_wconf 88' lang='lat' dir='ltr'><strong>scelere</strong></span> <span class='ocrx_word' id='word_1_793' title='bbox 2435 5154 2556 5195; x_wconf 88' lang='lat' dir='ltr'><strong>sese</strong></span> <span class='ocrx_word' id='word_1_794' title='bbox 2585 5137 2755 5195; x_wconf 91' lang='lat' dir='ltr'><strong>David</strong></span> <span class='ocrx_word' id='word_1_795' title='bbox 2794 5137 3022 5191; x_wconf 90' lang='lat' dir='ltr'><strong>multum</strong></span> <span class='ocrx_word' id='word_1_796' title='bbox 3050 5134 3335 5196; x_wconf 71' lang='lat' dir='ltr'><strong>amiserat,</strong></span> <span class='ocrx_word' id='word_1_797' title='bbox 3363 5144 3556 5186; x_wconf 80' lang='lat' dir='ltr'><strong>voces-</strong></span> 
     </span>
    </p>
   </div>
   <div class='ocr_carea' id='block_1_111' title="bbox 1991 5220 3558 5300">
    <p class='ocr_par' dir='ltr' id='par_1_111' title="bbox 1991 5220 3558 5300">
     <span class='ocr_line' id='line_1_111' title="bbox 1991 5220 3558 5300; baseline -0.003 -20"><span class='ocrx_word' id='word_1_798' title='bbox 1991 5244 2096 5298; x_wconf 88' lang='lat' dir='ltr'><strong>que</strong></span> <span class='ocrx_word' id='word_1_799' title='bbox 2141 5229 2195 5283; x_wconf 91' lang='lat' dir='ltr'><strong>in</strong></span> <span class='ocrx_word' id='word_1_800' title='bbox 2231 5229 2440 5300; x_wconf 89' lang='lat' dir='ltr'><strong>psalmo</strong></span> <span class='ocrx_word' id='word_1_801' title='bbox 2481 5229 2760 5284; x_wconf 89' lang='lat' dir='ltr'><strong>tricesimo</strong></span> <span class='ocrx_word' id='word_1_802' title='bbox 2805 5228 3014 5298; x_wconf 89' lang='lat' dir='ltr'><strong>positas</strong></span> <span class='ocrx_word' id='word_1_803' title='bbox 3064 5225 3344 5290; x_wconf 85' lang='lat' dir='ltr'><strong>emiserat,</strong></span> <span class='ocrx_word' id='word_1_804' title='bbox 3379 5223 3448 5278; x_wconf 88' lang='lat' dir='ltr'><strong>de</strong></span> <span class='ocrx_word' id='word_1_805' title='bbox 3471 5220 3558 5292; x_wconf 79' lang='lat' dir='ltr'><strong>ju-</strong></span> 
     </span>
    </p>
   </div>
   <div class='ocr_carea' id='block_1_112' title="bbox 1991 5311 3556 5390">
    <p class='ocr_par' dir='ltr' id='par_1_112' title="bbox 1991 5311 3556 5390">
     <span class='ocr_line' id='line_1_112' title="bbox 1991 5311 3556 5390; baseline -0.006 -16"><span class='ocrx_word' id='word_1_806' title='bbox 1991 5320 2136 5374; x_wconf 76' lang='lat' dir='ltr'><strong>dicio</strong></span> <span class='ocrx_word' id='word_1_807' title='bbox 2165 5319 2258 5375; x_wconf 92' lang='lat' dir='ltr'><strong>Dei</strong></span> <span class='ocrx_word' id='word_1_808' title='bbox 2296 5336 2392 5390; x_wconf 89' lang='lat' dir='ltr'><strong>pro</strong></span> <span class='ocrx_word' id='word_1_809' title='bbox 2427 5320 2494 5375; x_wconf 90' lang='lat' dir='ltr'><strong>iis</strong></span> <span class='ocrx_word' id='word_1_810' title='bbox 2523 5335 2760 5390; x_wconf 86' lang='lat' dir='ltr'><strong>quorum</strong></span> <span class='ocrx_word' id='word_1_811' title='bbox 2799 5319 2905 5374; x_wconf 88' lang='lat' dir='ltr'><strong>sibi</strong></span> <span class='ocrx_word' id='word_1_812' title='bbox 2938 5316 3194 5372; x_wconf 90' lang='lat' dir='ltr'><strong>conscius</strong></span> <span class='ocrx_word' id='word_1_813' title='bbox 3236 5320 3355 5369; x_wconf 89' lang='lat' dir='ltr'><strong>erat</strong></span> <span class='ocrx_word' id='word_1_814' title='bbox 3402 5311 3556 5368; x_wconf 64' lang='lat' dir='ltr'><strong>solli.</strong></span> 
     </span>
    </p>
   </div>
   <div class='ocr_carea' id='block_1_113' title="bbox 1991 5410 3553 5481">
    <p class='ocr_par' dir='ltr' id='par_1_113' title="bbox 1991 5410 3553 5481">
     <span class='ocr_line' id='line_1_113' title="bbox 1991 5410 3553 5481; baseline -0.008 -16"><span class='ocrx_word' id='word_1_815' title='bbox 1991 5411 2172 5476; x_wconf 88' lang='lat' dir='ltr'><strong>citus;</strong></span> <span class='ocrx_word' id='word_1_816' title='bbox 2200 5423 2406 5481; x_wconf 77' lang='lat' dir='ltr'><strong>gnarus</strong></span> <span class='ocrx_word' id='word_1_817' title='bbox 2427 5412 2556 5466; x_wconf 90' lang='lat' dir='ltr'><strong>item</strong></span> <span class='ocrx_word' id='word_1_818' title='bbox 2579 5427 2646 5466; x_wconf 82' lang='lat' dir='ltr'><strong>ex</strong></span> <span class='ocrx_word' id='word_1_819' title='bbox 2679 5410 2883 5481; x_wconf 90' lang='lat' dir='ltr'><strong>Spiritu</strong></span> <span class='ocrx_word' id='word_1_820' title='bbox 2905 5415 3098 5464; x_wconf 86' lang='lat' dir='ltr'><strong>sancto</strong></span> <span class='ocrx_word' id='word_1_821' title='bbox 3129 5413 3291 5476; x_wconf 89' lang='lat' dir='ltr'><strong>atquc</strong></span> <span class='ocrx_word' id='word_1_822' title='bbox 3328 5419 3392 5459; x_wconf 80' lang='lat' dir='ltr'><strong>ex</strong></span> <span class='ocrx_word' id='word_1_823' title='bbox 3423 5415 3553 5472; x_wconf 85' lang='lat' dir='ltr'><strong>pro-</strong></span> 
     </span>
    </p>
   </div>
   <div class='ocr_carea' id='block_1_114' title="bbox 1990 5502 3564 5572">
    <p class='ocr_par' dir='ltr' id='par_1_114' title="bbox 1990 5502 3564 5572">
     <span class='ocr_line' id='line_1_114' title="bbox 1990 5502 3564 5572; baseline -0.005 -14"><span class='ocrx_word' id='word_1_824' title='bbox 1990 5503 2204 5572; x_wconf 84' lang='lat' dir='ltr'><strong>phetica</strong></span> <span class='ocrx_word' id='word_1_825' title='bbox 2234 5503 2327 5556; x_wconf 89' lang='lat' dir='ltr'><strong>illa</strong></span> <span class='ocrx_word' id='word_1_826' title='bbox 2375 5504 2597 5569; x_wconf 89' lang='lat' dir='ltr'><strong>virtute,</strong></span> <span class='ocrx_word' id='word_1_827' title='bbox 2630 5502 2974 5559; x_wconf 86' lang='lat' dir='ltr'><strong>remissionis</strong></span> <span class='ocrx_word' id='word_1_828' title='bbox 3023 5506 3372 5572; x_wconf 85' lang='lat' dir='ltr'><strong>peccatorum</strong></span> <span class='ocrx_word' id='word_1_829' title='bbox 3423 5507 3564 5564; x_wconf 65' lang='lat' dir='ltr'><strong>qua:-</strong></span> 
     </span>
    </p>
   </div>
   <div class='ocr_carea' id='block_1_115' title="bbox 1989 5588 3546 5666">
    <p class='ocr_par' dir='ltr' id='par_1_115' title="bbox 1989 5588 3546 5666">
     <span class='ocr_line' id='line_1_115' title="bbox 1989 5588 3546 5666; baseline -0.008 -17"><span class='ocrx_word' id='word_1_830' title='bbox 1989 5610 2084 5665; x_wconf 91' lang='lat' dir='ltr'><strong>per</strong></span> <span class='ocrx_word' id='word_1_831' title='bbox 2111 5596 2402 5650; x_wconf 88' lang='lat' dir='ltr'><strong>salutarem</strong></span> <span class='ocrx_word' id='word_1_832' title='bbox 2429 5595 2658 5666; x_wconf 71' lang='lat' dir='ltr'><strong>gratiam</strong></span> <span class='ocrx_word' id='word_1_833' title='bbox 2682 5595 2996 5650; x_wconf 88' lang='lat' dir='ltr'><strong>hominibus</strong></span> <span class='ocrx_word' id='word_1_834' title='bbox 3016 5588 3362 5649; x_wconf 84' lang='lat' dir='ltr'><strong>concedenda</strong></span> <span class='ocrx_word' id='word_1_835' title='bbox 3395 5591 3546 5641; x_wconf 88' lang='lat' dir='ltr'><strong>erat:</strong></span> 
     </span>
    </p>
   </div>
   <div class='ocr_carea' id='block_1_116' title="bbox 1989 5673 3554 5755">
    <p class='ocr_par' dir='ltr' id='par_1_116' title="bbox 1989 5673 3554 5755">
     <span class='ocr_line' id='line_1_116' title="bbox 1989 5673 3554 5755; baseline -0.006 -15"><span class='ocrx_word' id='word_1_836' title='bbox 1989 5700 2191 5755; x_wconf 73' lang='lat' dir='ltr'><strong>gnarus</strong></span> <span class='ocrx_word' id='word_1_837' title='bbox 2224 5687 2353 5741; x_wconf 88' lang='lat' dir='ltr'><strong>item</strong></span> <span class='ocrx_word' id='word_1_838' title='bbox 2390 5686 2704 5742; x_wconf 88' lang='lat' dir='ltr'><strong>idololatras</strong></span> <span class='ocrx_word' id='word_1_839' title='bbox 2756 5695 2810 5743; x_wconf 91' lang='lat' dir='ltr'><strong>et</strong></span> <span class='ocrx_word' id='word_1_840' title='bbox 2844 5686 3033 5741; x_wconf 85' lang='lat' dir='ltr'><strong>atheos</strong></span> <span class='ocrx_word' id='word_1_841' title='bbox 3079 5677 3350 5738; x_wconf 79' lang='lat' dir='ltr'><strong>sexcentis</strong></span> <span class='ocrx_word' id='word_1_842' title='bbox 3392 5673 3554 5731; x_wconf 69' lang='lat' dir='ltr'><strong>malis</strong></span> 
     </span>
    </p>
   </div>
  </div>
