4122 6454
538 395 649 458 273
1256 393 1532 451 EUSEBII
1565 390 2041 450 CESARIENSIS
2076 389 2229 448 OPP.
2268 387 2449 446 PARS
2488 386 2578 446 111.
2615 420 2687 432 -
2717 389 3120 464 EXEGETICA.
3681 395 3790 452 276

533 514 915 587 complicatos,
946 514 1242 586 aliquando
1272 514 1486 572 veniam
1520 522 1871 587 peccatorum
1906 530 2004 586 per
2028 515 2073 569 la

2174 512 2307 575 Lusti.
2348 512 2521 576 ἀθεοι,
2576 511 2793 585 μυρίοις
2843 515 3033 577 κακοίς
3082 512 3497 586 ἐμπεπαρμένοι
3519 552 3535 578 ,
3582 513 3787 586 ἀθρόας

528 622 757 667 Vacrum
782 609 1215 680 regenerationis
1243 607 1537 685 confertim
1568 619 1986 676 consecuturos,
2015 608 2068 662 hi

2210 606 2341 662 ποτὲ
2374 605 2655 672 τεύξονται
2690 606 2941 677 ἀφέσεως
2984 606 3266 679 ἁμαρτιῶν
3303 606 3391 661 διὰ
3423 604 3646 679 λουτροῦ
3680 624 3785 663 πα-

526 697 690 756 dictis
725 700 949 756 eosdem
995 707 1079 756 ter
1108 699 1299 757 beatos
1328 699 1612 770 praedicat.
1661 698 1989 765 Gemitibus,
2018 702 2106 756 in-

523 792 664 862 quit,
697 798 753 847 et
780 791 1046 864 lacrymis
1088 790 1476 862 frequentibus
1506 793 1718 864 peccati
1750 808 1917 849 causa
1964 808 2102 849 con-

526 885 838 951 tabescens,
869 892 926 940 et
969 883 1118 939 illius
1147 898 1282 955 ergo
1321 885 1378 939 in
1430 883 1796 942 adversitates
1850 886 2103 942 innume-

526 989 618 1030 ras
664 975 946 1046 delapsus,
998 975 1352 1032 aemulatione
1401 975 1604 1047 dignos
1639 991 1736 1031 eos
1798 991 1863 1032 ac
1910 976 2102 1035 beatos

524 1066 787 1136 praedico,
816 1066 913 1137 qui
942 1066 1064 1122 sine
1110 1067 1354 1123 miseriis
1382 1067 1724 1138 huiusmodi,
1756 1084 1854 1139 per
1884 1068 1979 1124 Dei
2006 1070 2099 1125 be-

524 1158 871 1229 nignitatem,
914 1158 1297 1215 remissionem
1341 1167 1695 1230 peccatorum
1745 1170 2097 1231 acceperunt.

522 1249 702 1304 Tanto
735 1250 939 1322 quippe
968 1266 1097 1324 erga
1123 1251 1249 1309 illos
1270 1251 1454 1307 studio
1485 1262 1539 1308 et
1559 1253 1885 1309 liberalitate
1903 1254 2095 1317 utitur,

521 1347 581 1397 ut
605 1356 717 1397 non
752 1343 928 1399 solum
972 1328 1237 1413 remittat,
1267 1343 1366 1401 sed
1390 1345 1560 1399 etiam
1590 1351 1738 1415 tegat
1761 1360 1953 1400 eorum
1980 1362 2100 1417 pec-

518 1441 663 1500 cata,
700 1440 762 1488 ut
794 1449 865 1490 ne
892 1435 1183 1507 vestigium
1213 1434 1437 1506 quidem
1467 1450 1661 1492 eorum
1686 1434 1969 1492 residuum
1999 1439 2092 1498 sit.

593 1614 757 1675 Vsus.
786 1618 842 1676 2.
866 1618 1066 1675 Beatus
1099 1622 1179 1676 vir
1207 1622 1295 1676 cui
1329 1638 1435 1677 non
1466 1622 1807 1692 imputaverit
1831 1621 2094 1678 Dominus

513 1718 810 1777 peccatum,
858 1728 952 1782 nec
987 1723 1065 1768 est
1093 1714 1150 1767 in
1178 1731 1268 1768 ore
1312 1713 1427 1783 ejus
1459 1712 1638 1769 dolus.
1685 1713 1816 1781 Quae
1838 1714 2094 1785 superius

512 1801 662 1857 dicta
687 1810 839 1871 sunt,
876 1806 1177 1875 generatim
1203 1807 1524 1873 efferuntur,
1562 1815 1727 1879 atque
1754 1823 1947 1864 omnes
1973 1822 2093 1862 om-

2204 696 2564 768 λιγγενεσίας,
2580 697 3010 771 τρισμακαρίους
3027 697 3250 761 τούτους
3271 697 3561 767 ἀποφαίνει
3572 698 3659 753 διά
3678 699 3785 755 τῶν

2204 792 2602 864 προκειμένων.
2672 773 2987 865 Ὀδυρμοῖς,
3036 791 3200 865 φησὶν
3219 832 3233 855 ,
3269 790 3380 862 ἐγὼ
3421 793 3515 847 καὶ
3557 791 3784 866 δάκρυσι

2203 882 2450 955 θαμινοῖς
2485 884 2574 938 διὰ
2613 882 2713 956 τὴν
2744 883 3018 956 ἁμαρτίαν
3063 882 3480 956 προστετηκὼς,
3515 886 3610 938 καὶ
3646 902 3783 939 παν-

2200 974 2466 1039 τοδαπαῖς
2491 977 2802 1047 συμφοραῖς
2828 973 3031 1047 ταύτης
3060 974 3221 1046 χάριν
3251 972 3583 1046 περιπεσὼν,
3610 973 3784 1046 ζηλω-

2198 1068 2328 1132 τοὺς
2372 1069 2613 1134 ἐκείνους
2651 1069 2745 1123 καὶ
2790 1066 3096 1141 μακαρίους
3144 1065 3404 1122 ἀποκαλῶ
3424 1108 3439 1133 ,
3484 1070 3611 1132 τοὺς
3649 1068 3782 1123 ἀτα-

2200 1159 2496 1234 λαιπώρως
2521 1164 2587 1232 τῇ
2615 1159 2711 1214 τοῦ
2765 1159 2903 1214 Θεοῦ
2950 1160 3334 1234 φιλανθρωπίᾳ
3374 1161 3484 1219 τῶν
3524 1161 3780 1233 ἁμαρτη-

2203 1253 2388 1322 μάτων
2426 1252 2753 1323 δεξαμένους
2790 1252 2891 1323 τὴν
2938 1251 3154 1322 ἄφεσιν.
3197 1253 3444 1325 Τοσαύτη
3492 1251 3603 1325 γὰρ
3652 1253 3781 1325 περὶ

2198 1343 2397 1408 αὐτοὺς
2417 1345 2616 1417 χρῆται
2647 1343 2951 1415 φιλοτιμίᾳ,
2982 1344 3059 1409 ὡς
3090 1345 3166 1416 μὴ
3201 1344 3360 1416 μόνον
3388 1345 3623 1415 ἀφεῖναι,
3645 1343 3779 1400 ἀλλὰ

2197 1436 2294 1490 καὶ
2338 1437 2579 1508 καλύψαι
2624 1437 2722 1502 τὰς
2755 1437 3067 1509 ἁμαρτίας,
3107 1439 3201 1492 καὶ
3235 1438 3369 1510 μηδὲ
3414 1439 3533 1510 ῐχνη
3575 1438 3777 1495 τούτων

2197 1529 2571 1584 καταλείπειν.
3176 1547 3193 1565 ⁶

2270 1620 2574 1690 Μακάριος
2617 1620 2773 1690 ἀνὴρ
2812 1613 2862 1687 ᾧ
2924 1622 2996 1675 οὐ
3046 1618 3134 1691 μὴ
3200 1621 3515 1690 λογίσηται
3564 1622 3775 1689 Κύριος

2195 1713 2512 1783 ἁμαρτίαν,
2545 1711 2689 1767 οὐδέ
2713 1713 2887 1766 ἐστιν
2905 1712 2976 1767 ἐν
2998 1711 3079 1779 τῷ
3107 1712 3357 1783 στόματι
3376 1712 3562 1767 αὑτοῦ
3579 1712 3781 1778 δόλος.

2169 1805 2276 1859 ’Τά
2315 1804 2415 1876 μὲν
2443 1803 2856 1877 προλελεγμένα
2900 1803 3130 1873 γενικῶς
3161 1804 3400 1878 εἴρηται,
3427 1804 3520 1860 καὶ
3547 1803 3774 1859 καθόλου

511 1894 645 1949 nino
687 1895 993 1966 respiciunt
1045 1898 1141 1970 qui
1187 1914 1284 1970 per
1320 1900 1556 1971 gratiam
1590 1905 1944 1970 peccatorum
1985 1913 2073 1955 ve-

2191 1873 2325 1968 uspt
2357 1873 2576 1951 πάντων
2768 1896 3073 1966 μελλόντων
3106 1873 3352 1966 ἀφέσεως
3383 1896 3663 1969 ἁμαρτιῶν
3688 1895 3773 1951 διὰ

510 1984 657 2042 niam
685 1988 901 2043 nacturi
934 1997 1100 2058 sunt;
1155 2001 1210 2047 at
1250 2007 1372 2062 quae
1410 1991 1467 2048 in
1498 1991 1757 2063 praesenti
1796 1991 2080 2058 dicuntur,

508 2093 621 2147 quo
664 2080 773 2134 ritu
818 2081 1075 2139 remissio
1122 2084 1462 2140 concedatur
1521 2084 1766 2140 declarat
1826 2083 1914 2139 his
1961 2098 2085 2140 ver-

507 2168 625 2224 bis:
671 2168 773 2225 Cui
807 2187 913 2227 non
943 2174 1284 2244 imputaverit
1314 2176 1571 2230 Dominus
1604 2184 1896 2246 peccatum.
1943 2174 2084 2231 Nam

506 2270 791 2334 peccatum
823 2266 993 2322 semel
1025 2277 1426 2340 perpetratum,
1456 2270 1576 2327 ﬁeri
1599 2285 1710 2324 non
1752 2283 1915 2339 posse
1946 2269 2082 2339 quin

503 2353 808 2418 admissum
843 2354 1009 2413 fuerit
1056 2359 1369 2432 significat:
1427 2363 1523 2418 sed
1569 2376 1737 2433 penes
1787 2360 2079 2415 Dominum

503 2459 646 2511 esse,
679 2452 740 2500 ut
765 2446 822 2502 in
845 2448 1155 2507 rationibus
1197 2453 1315 2509 suis
1343 2454 1591 2524 peccanti
1623 2452 1838 2508 facinus
1866 2453 1951 2507 vel
1975 2452 2080 2506 im-

504 2544 661 2607 putet
690 2538 776 2593 vel
805 2555 915 2595 non
938 2541 1188 2614 imputet,
1227 2560 1292 2600 ac
1332 2546 1546 2600 veniam
1576 2552 1630 2601 et
1678 2544 2078 2616 indulgentiam

499 2628 789 2685 concedat.
832 2629 1036 2689 Verum
1083 2636 1214 2706 quia
1263 2644 1534 2708 quotquot
1565 2637 1948 2693 remissionem
1980 2636 2077 2691 de-

499 2718 775 2786 lictorum,
801 2739 924 2794 quae
969 2741 1067 2796 per
1110 2727 1442 2798 baptismum
1489 2730 1673 2795 datur,
1709 2729 1933 2792 adeunt,
1979 2743 2077 2798 per

497 2810 906 2870 confessionem
952 2817 1006 2871 in
1043 2816 1391 2874 Salvatorem
1440 2820 1725 2885 emissam,
1762 2835 1860 2891 per
1912 2819 2073 2875 ﬁdem

496 2900 557 2957 in
584 2904 966 2962 universorum
996 2908 1188 2975 Deum,
1220 2925 1285 2966 ac
1312 2926 1409 2983 per
1436 2911 1842 2969 confessionem
1893 2913 2074 2968 since-

496 3008 639 3060 ram,
696 2998 908 3053 veniam
957 3011 1406 3072 consequuntur;
1434 3010 1803 3074 congruenter
1825 3010 1880 3057 et
1912 3017 2073 3057 accu-

496 3094 615 3143 rate
635 3087 932 3147 admodum
967 3093 1248 3164 adjicitur,
1282 3094 1397 3151 Nec
1418 3107 1498 3151 est
1521 3097 1577 3151 in
1609 3112 1699 3151 ore
1719 3095 1833 3166 ejus
1875 3096 2031 3152 dolus
2051 3135 2067 3162 ,

494 3191 609 3248 aut,
636 3184 693 3238 in
731 3186 924 3256 spiritu
969 3188 1086 3258 ejus
1126 3187 1319 3244 dolus:
1365 3205 1492 3245 nam
1540 3199 1775 3262 utroque
1816 3191 1980 3247 modo
2011 3194 2068 3248 in
2097 3230 2146 3294 ο

493 3274 725 3333 lectione
748 3277 941 3335 fertur.
993 3279 1094 3335 Hic
1121 3282 1268 3336 enim
1298 3282 1516 3348 beatus,
1543 3285 1637 3355 qui
1685 3286 1882 3355 spiritu
1924 3300 2066 3356 puro

491 3382 560 3423 ac
588 3383 683 3424 ore
711 3370 898 3426 veraci
925 3371 1334 3430 confessionem
1365 3375 1500 3441 edit,
1540 3392 1813 3447 vocesque
1862 3377 2071 3450 profert

490 3458 549 3514 in
580 3460 802 3519 lavacro
848 3467 1285 3536 regenerationis
1335 3469 1551 3527 solitas.
1596 3471 1755 3538 Quod
1799 3474 1846 3528 si
1877 3473 1931 3528 in
1966 3489 2064 3531 ore

489 3552 633 3624 ejus,
655 3556 743 3611 vel
769 3555 824 3612 in
849 3558 1069 3629 spiritu,
1099 3561 1186 3617 vel
1219 3561 1276 3615 in
1317 3562 1500 3617 anima
1532 3562 1692 3620 dolus
1733 3564 2063 3635 inveniatur,

490 3654 681 3719 utpote
701 3649 797 3719 qui
821 3652 1063 3722 seipsum
1092 3651 1372 3724 deceperit
1398 3654 1477 3709 ita
1505 3663 1567 3709 ut
1592 3656 1807 3712 veniam
1831 3673 1942 3713 non
1968 3660 2067 3714 ob-

488 3737 690 3816 tineat;
718 3754 820 3796 sua
842 3741 1069 3811 insuper
1104 3743 1251 3798 mala
1281 3743 1598 3815 adaugebit,
1631 3761 1758 3801 cum
1799 3747 2064 3817 majorem

488 3828 594 3886 sibi
634 3830 773 3889 iram
799 3833 854 3888 in
886 3833 976 3911 die
1001 3834 1099 3891 ira:
1144 3838 1575 3893 coacervaverit.

556 4094 725 4155 Vsus.
764 4097 819 4163 5,
850 4099 905 4155 4.
948 4100 1212 4166 Quoniam
1247 4104 1425 4170 tacui,
1478 4104 1895 4162 inveteraverunt
1938 4127 2064 4169 ossa

482 4208 621 4257 mea,
648 4191 775 4246 dum
810 4192 1100 4249 clamarem
1130 4204 1240 4249 tota
1271 4195 1375 4265 die,
1404 4207 1509 4255 etc.
1556 4197 1634 4254 llli
1664 4201 1882 4271 quidem
1918 4202 2062 4262 beati

482 4291 633 4346 sunt,
656 4299 796 4355 quos
825 4284 879 4340 in
925 4286 1119 4356 spiritu
1147 4303 1483 4360 cognoscens
1511 4291 1702 4350 beatos
1747 4296 2059 4365 praedicavi.

485 4371 597 4445 Ego
628 4388 758 4429 vero
794 4386 1081 4446 postquam
1137 4379 1471 4438 clamoribus
1516 4390 1571 4436 et
1621 4386 2062 4446 confessionibus

478 4470 712 4522 multum
769 4458 1142 4525 laboraveram
1170 4510 1185 4535 ,
1233 4472 1559 4545 defatigatus
1592 4480 1758 4534 tacui.
1808 4478 1916 4535 Pro
1949 4498 2059 4553 quo

2188 1988 2290 2059 τῆς
2331 1988 2556 2060 χάριτος
2597 1989 2919 2060 τυγχάνειν·
2950 1989 3019 2043 τὰ
3061 1989 3118 2044 δὲ
3153 1990 3520 2062 προσκείμενα
3560 1990 3709 2054 ὅπως
3734 1991 3770 2060 ἡ

2186 2080 2379 2150 ἄφεσις
2410 2080 2612 2134 δίδοται
2634 2080 2933 2154 παρίστησι
2956 2080 3042 2137 διὰ
3072 2081 3195 2135 τοῦ·
3235 2078 3316 2139 οὗ
3339 2081 3425 2152 μὴ
3453 2082 3770 2153 λογίσηται

2182 2171 2403 2239 Κύριος
2445 2171 2757 2241 ἁμαρτίαν.
2791 2171 2975 2237 ’Ἃπαξ
3026 2171 3126 2244 μὲν
3175 2173 3285 2246 γὰρ
3338 2173 3634 2246 γενομένην
3672 2173 3770 2246 τὴν

2184 2261 2558 2334 παραχθεῖσαν
2618 2263 2891 2336 ἁμαρτίαν
2928 2264 3188 2335 ἀγένητον
3239 2264 3315 2336 μὴ
3351 2264 3607 2320 δύνασθαι
3628 2261 3767 2319 εἶναι

2181 2352 2365 2426 δηλοῖ·
2406 2355 2498 2408 τόν
2526 2372 2591 2424 γε
2621 2354 2720 2427 μὲν
2752 2355 2957 2428 Κύριον
2986 2356 3079 2409 τὸν
3111 2353 3356 2421 ἐξουσίαν
3384 2357 3573 2428 ἔχοντα
3604 2359 3662 2411 ὲν
3688 2358 3766 2429 τῷ

2181 2445 2477 2518 λογοθεσίῳ
2513 2446 2825 2516 λογίζεσθαι
2874 2447 2953 2519 τῷ
2999 2447 3377 2527 ἡμαρτηκότι,
3431 2449 3572 2522 ἡμὴ
3621 2449 3765 2519 λογί-

2180 2535 2372 2602 ζεσθαι
2402 2538 2465 2591 τὸ
2512 2540 2923 2611 πεπραγμένον,
2959 2538 3095 2594 ἀλλά
3147 2544 3450 2614 συγχωρεῖν
3498 2543 3763 2598 ποιεῖσθαι

2176 2625 2277 2699 τὴν
2311 2628 2525 2697 ἄφεσιν.
2556 2629 2667 2683 Καὶ
2700 2629 3000 2704 ἐπειδήπερ
3030 2630 3259 2696 ἕκαστος
3291 2634 3398 2688 τῶν
3430 2635 3762 2707 προσιόντων

2174 2718 2244 2788 τῇ
2301 2716 2391 2770 διὰ
2453 2719 2549 2773 τοῦ
2610 2719 2985 2791 βαπτίσματος
3032 2722 3349 2798 δωρουμένη
3410 2725 3757 2796 συγχωρήσει

2176 2808 2244 2861 δι’
2278 2810 2569 2881 ὁμολογίας
2600 2812 2701 2883 τῆς
2750 2814 2831 2876 είς
2875 2814 2964 2868 τὸν
2998 2816 3261 2889 Σωτῆρα,
3300 2816 3402 2887 τῆς
3432 2833 3497 2885 γε
3545 2819 3626 2882 είς
3664 2817 3757 2872 τὸν

2174 2900 2284 2955 τῶν
2317 2903 2456 2957 ὅλων
2487 2904 2618 2959 θεὸν
2654 2906 2909 2971 πίστεως,
2938 2909 3031 2963 καὶ
3054 2908 3121 2962 δι’
3154 2906 3595 2982 ὲξομολογήσεως
3627 2911 3764 2973 εἰλι-⁴

2174 2994 2426 3067 κρινοῦς,
2456 2998 2557 3069 τῆς
2590 2997 2838 3067 ἀφέσεως
2886 3000 3168 3067 τεύξεται·
3212 3001 3415 3074 σφόδρα
3456 3002 3699 3074 ἀκριϐῶς
3723 3004 3758 3075 ό

2172 3085 2330 3154 λόγος
2365 3088 2692 3161 προστίθησι
2745 3090 2843 3162 τὴν
2876 3091 3188 3161 φάσκουσαν
3226 3093 3573 3167 προσθήκην·
3613 3097 3755 3151 Οὐδ’

2173 3178 2350 3234 ἔστιν
2378 3180 2450 3235 ὲν
2481 3180 2562 3247 τῷ
2587 3182 2838 3253 στόματι
2866 3184 3053 3239 αὐτοῦ
3068 3184 3266 3252 δόλος,
3294 3186 3350 3257 ἢ,
3379 3187 3449 3241 ἐν
3474 3187 3554 3255 τῷ
3574 3187 3761 3252 πνεύτ

2167 3290 2309 3344 pata
2338 3275 2526 3329 αὐτοῦ
2567 3274 2781 3343 δόλος·
2824 3277 3098 3349 ἑκατέρως
3142 3277 3251 3351 γὰρ
3299 3279 3522 3352 φέρεται
3570 3281 3630 3334 ὲν
3674 3280 3761 3353 τῷ

2172 3365 2582 3439 ἀναγνώσματι.
2609 3363 2776 3433 Οὗτος
2806 3370 2915 3443 γὰρ
2950 3370 3239 3444 μακάριος,
3273 3374 3302 3425 ό
3333 3370 3559 3443 καθαρῷ
3590 3372 3755 3427 πνεύ-

2174 3477 2304 3531 ματι
2348 3460 2450 3533 τὴν
2489 3460 2875 3534 ἐξομολόγησιν
2927 3464 3280 3535 ποιούμενος,
3315 3466 3410 3519 καὶ
3450 3465 3550 3530 τὰς
3585 3467 3644 3521 ὲν
3672 3465 3753 3539 τῷ

2169 3548 2377 3623 λουτρῷ
2401 3550 2501 3619 τῆς
2531 3551 2953 3620 παλιγγενεσίας
2982 3552 3166 3622 φωνὰς
3198 3554 3656 3627 προσφερόμενος.
3686 3556 3750 3610 Εί

2168 3638 2213 3692 δῖ
2261 3638 2508 3711 εὑρεθείη
2543 3641 2600 3695 ὲν
2649 3639 2727 3710 τῷ
2778 3642 3002 3713 στόματι
3049 3642 3214 3697 αὑτοῦ
3247 3644 3427 3709 δόλος,
3473 3645 3505 3717 ἢ
3556 3646 3616 3699 ὲν
3667 3645 3746 3717 τῷ

2168 3728 2440 3801 πνεύματι
2473 3736 2568 3785 καὶ
2610 3734 2679 3803 τῇ
2726 3732 2871 3804 ψυχῇ
2894 3773 2909 3797 ,
2940 3733 3015 3797 ὡς
3058 3735 3341 3806 ἀπατήσας
3388 3737 3581 3791 ἑαυτὸν
3612 3736 3748 3809 πρὸς

2164 3820 2227 3873 τὸ
2249 3821 2322 3897 μὴ
2355 3825 2535 3893 τυχεῖν
2564 3822 2662 3894 τῆς
2685 3822 2953 3892 ἀφέσεως,
2977 3824 3059 3878 ἔτι
3092 3826 3187 3880 καὶ
3212 3825 3437 3898 αὐξήσει
3458 3828 3526 3883 τά
3552 3829 3744 3884 ἑαυτοῦ

2166 3914 2312 3966 κακὰ
2359 3914 2736 3985 ὲπισωρεύσας
2781 3915 2902 3968 καθ’
2955 3917 3148 3970 ἑαυτοῦ
3197 3917 3417 3972 πλείονα
3473 3919 3640 3992 ὀργὴν
3685 3921 3743 3975 ὲν

2165 4003 2350 4075 ἡμέρξι
2375 4005 2566 4076 ὀργῆςο

2238 4116 2356 4168 Ὅτι
2382 4116 3008 4187 ἑσίγησα,ἐπαλαιώθη
3039 4117 3112 4172 τὰ
3149 4119 3301 4176 ὀστᾶ
3320 4140 3462 4192 μου,
3494 4124 3611 4178 ἀπὸ
3632 4124 3743 4181 τοῦ

2164 4200 2396 4269 κράζειν
2417 4220 2493 4272 με
2519 4204 2670 4273 ὅλην
2694 4205 2811 4274 τὴν
2839 4208 3087 4277 ἡμέραν,
3117 4229 3171 4266 κ.
3202 4229 3252 4266 τ.
3285 4212 3336 4267 λ.
3374 4214 3598 4268 Ἐκεῖνοι
3632 4216 3730 4288 μέν

2164 4291 2272 4343 εἰσι
2322 4294 2598 4364 μακάριοι,
2634 4295 2728 4359 οὒς
2761 4295 2837 4367 τῷ
2876 4299 3144 4370 πνεύματι
3196 4304 3358 4370 γνοὺς
3398 4303 3730 4378 ὲμακάρισα·

2164 4379 2277 4449 ὲγὼ
2319 4380 2376 4434 δὲ
2416 4384 2585 4439 πολλὰ
2615 4390 2883 4453 κοπιάσας
2912 4391 2971 4443 ἐν
3000 4393 3123 4455 ταῖς
3149 4392 3285 4464 πρὸς
3305 4394 3396 4448 τὸν
3424 4395 3556 4449 Θεὸν
3581 4396 3734 4468 βοαῖς

2164 4470 2260 4527 καὶ
2288 4474 2750 4549 έξομολογήσεσιν,
2787 4481 3074 4554 ἀπέκαμον
3099 4485 3191 4551 καὶ
3233 4484 3491 4559 ἐσίγησα·
3517 4489 3632 4542 ἀνθ’
3671 4485 3731 4545 οὗ

479 4555 880 4630 Symmachus,
935 4561 1201 4628 Quoniam
1255 4565 1418 4631 silui;
1476 4567 1778 4626 Theodotio
1833 4584 2058 4645 autem,

2174 4563 2192 4617 5
2230 4564 2328 4636 μὲν
2366 4565 2677 4639 Σύμμαχος,
2710 4571 2828 4625 ’Ότι
2859 4574 3236 4645 ἀπεσίγησα·
3269 4578 3296 4630 ό
3339 4555 3394 4633 δέ
3419 4578 3729 4651 Θεοδοτίων,

475 4645 744 4713 Quoniam
773 4647 1030 4718 laboravi,
1056 4652 1393 4724 interpretati
1421 4667 1568 4714 sunt.
1601 4657 1709 4716 Pro
1730 4662 1824 4719 illo
1849 4672 2052 4735 autem,

473 4737 600 4792 dum
625 4738 935 4807 clamarem,
967 4739 1328 4814 Symmachus
1348 4789 1362 4815 ,
1388 4746 1529 4803 Dum
1567 4749 1893 4811 lamentarer
1942 4769 2055 4816 tota

472 4828 590 4893 die,
624 4827 814 4889 edidit.
864 4830 1310 4891 Inveteravcrunt
1341 4846 1522 4895 autem
1552 4841 1673 4912 ejus
1718 4859 1880 4911 ossa,
1917 4866 2052 4905 con-

472 4920 601 4975 trita
645 4922 855 4979 scilicet
898 4940 965 4980 ex
1003 4927 1265 4984 continua
1311 4928 1407 4986 illa
1434 4932 1726 4992 amictione
1768 4954 1876 5009 qua
1903 4955 1963 4996 se
1995 4943 2052 4998 in

469 5012 817 5072 confessione
870 5018 1170 5074 maceravit
1201 5039 1215 5076 :
1269 5020 1342 5077 ibi
1372 5037 1608 5096 namque
1641 5027 1787 5084 vires
1813 5031 2010 5088 animae
2031 5075 2047 5102 ,

469 5119 590 5175 qua:
608 5120 735 5163 ossa
761 5107 1038 5176 dicuntur,
1057 5110 1515 5185 defatigabantur.
1536 5117 1718 5185 Quare
1747 5125 2049 5180 secundum

469 5195 720 5267 Aquilam
753 5199 978 5266 dicitur,
1008 5201 1273 5268 Quoniam
1299 5207 1557 5276 obmutui,
1579 5215 1809 5269 contrita
1831 5215 2048 5286 fuerunt

467 5305 590 5344 ossa
619 5306 736 5346 mea
777 5291 834 5347 in
871 5296 1046 5366 rugitu
1079 5313 1229 5363 meo;
1286 5301 1584 5357 secundum
1617 5303 2000 5377 Symmachum
2025 5351 2041 5377 ,

467 5384 735 5452 Quoniam
756 5386 904 5451 silui,
936 5389 1356 5447 iuveteravenunl
1395 5410 1519 5449 ossa
1559 5412 1677 5450 mea
1707 5440 1721 5465 ,
1770 5399 1897 5455 dum
1927 5380 2044 5458 σία-ξ

466 5491 665 5531 marem
692 5485 803 5532 tota
829 5476 932 5534 die.
971 5477 1091 5534 Non
1120 5480 1189 5536 ad
1221 5497 1389 5536 unum
1428 5498 1692 5552 mensem,
1720 5490 1815 5546 sed
1864 5493 2043 5548 omni~

466 5564 568 5626 bus
605 5566 799 5625 diebus
826 5583 950 5625 sese
979 5573 1291 5628 macerabat
1319 5589 1382 5629 ac
1407 5574 1756 5649 defatigabat.

539 5745 704 5806 Vsus.
736 5751 792 5806 5.
812 5750 1073 5806 Deliclum
1098 5770 1266 5809 meum
1296 5757 1562 5827 cognitum
1591 5760 1713 5829 feci,
1740 5772 1792 5817 et
1825 5764 2039 5835 injusti-

465 5844 595 5917 tiqm
635 5861 805 5901 meum
836 5863 937 5902 non
977 5845 1248 5904 abscondi.
1291 5848 1453 5906 Dixi:
1497 5851 1800 5923 Conﬁtebor
1847 5855 2034 5913 adver-

2165 4653 2284 4708 ’Ότι
2309 4656 2604 4713 ἐκοπίασα
2623 4700 2637 4723 ,
2674 4663 3043 4735 ἡρμήνευσαν.
3083 4667 3227 4721 Ἀντί
3262 4668 3318 4722 δὲ
3356 4670 3449 4724 τοῦ
3480 4672 3597 4726 ἀπὸ
3626 4674 3730 4729 τοῦ

2162 4747 2396 4815 κράζειν
2425 4768 2522 4819 με,
2568 4753 2701 4806 Ἀπὸ
2738 4755 2845 4810 τοῦ
2883 4757 3204 4826 ὀδύρεσθαί
3240 4779 3317 4831 με
3347 4763 3554 4820 πᾶσαν
3586 4767 3729 4837 me.

2156 4854 2304 4906 ραν,
2345 4841 2640 4898 ἐκδέδωκεν
2685 4848 2715 4900 ό
2744 4847 3056 4921 Σύμμαχος.
3086 4851 3431 4927 Ἐπαλαιώθη
3463 4857 3519 4912 δὲ
3567 4859 3729 4913 αὐτοῦ

2161 4931 2229 4985 τὰ
2253 4932 2384 4987 ὀστᾶ
2425 4937 2816 5009 συντριϐόμενα
2846 4943 2910 4995 ὲκ
2941 4943 3044 5014 τῆς
3079 4944 3279 5017 πολλῆς
3313 4949 3606 5015 κακώσεως
3630 4953 3731 5024 τῆς

2162 5024 2303 5118 κατά
2330 5027 2428 5099 τὴν
2460 5028 2841 5103 ἐξομολόγησιν
2873 5036 3021 5106 αὐτῷ
3045 5040 3440 5114 γεγενημένης·
3483 5047 3540 5098 ἐν
3635 5047 3730 5099 καὶ

2158 5117 2257 5181 τὰς
2286 5117 2542 5191 δυνάμεις
2578 5123 2677 5193 τῆς
2705 5124 2884 5196 ψυχῆς
2926 5126 3090 5181 ὀστέα
3145 5130 3551 5205 ὀνομαζομένας
3578 5117 3728 5191 ἀκατ-

2158 5210 2361 5268 επόνει.
2391 5212 2482 5266 Διὸ
2509 5215 2649 5269 κατὰ
2677 5215 2767 5270 τὸν
2794 5216 3024 5272 Ἀκύλαν
3051 5222 3264 5294 εἴρηται
3280 5240 3295 5254 ·
3327 5224 3443 5278 Ὅτι
3470 5227 3730 5297 ἐκώξρευ-

2156 5315 2261 5368 σα,
2293 5307 2602 5375 κατετρίϐη
2633 5308 2708 5361 τὰ
2753 5309 2902 5365 ὀστᾶ
2941 5329 3061 5382 μου
3103 5313 3174 5367 ἐν
3207 5312 3554 5387 ,βρυχήματί
3573 5336 3725 5389 μου·

2157 5394 2300 5455 κατά
2344 5397 2402 5451 δὲ
2447 5398 2540 5454 τὸν
2586 5400 2879 5474 Σύμμαχον
2899 5442 2913 5468 ,
2948 5404 3069 5459 Ὅτι
3109 5406 3538 5479 ἀπεσιώπησα,
3583 5411 3730 5466 ἐπα-

2155 5486 2379 5558 λαιώθη
2414 5490 2488 5544 τὰ
2513 5491 2666 5547 ὀστᾶ
2695 5511 2836 5563 μου,
2876 5495 2996 5550 ἀπὸ
3029 5496 3139 5551 τοῦ
3170 5498 3486 5569 ὀδύρεσθαι
3520 5502 3727 5558 πᾶσαν

2157 5580 2403 5651 ἡμέραν.
2431 5585 2563 5638 υὺδὲ
2593 5586 2751 5659 μέχρι
2787 5588 2971 5671 μηνὸς,
3008 5592 3146 5647 ἀλλά
3178 5592 3358 5657 πάσας
3388 5593 3487 5658 τὰς
3514 5594 3723 5667 ἡμέρας

2156 5674 2485 5747 κατέτρυχεν
2517 5679 2709 5733 ἑαυτὸν
2734 5681 2827 5734 καὶ
2860 5685 3165 5739 κατεπόνει.

2221 5766 2342 5838 Τὴν
2371 5769 2663 5838 ἁμαρτίαν
2694 5788 2815 5842 μου
2837 5772 3146 5843 ἑτνᾶφισα,
3174 5775 3274 5829 καί
3308 5776 3423 5846 τὴν
3457 5779 3714 5849 ἀνομίαν

2137 5879 2253 5935 μου
2284 5863 2394 5917 οὐκ
2416 5862 2713 5933 ἐκάλυψα.
2747 5862 2930 5920 Εἷπα·
2979 5866 3371 5934 Ἐ’ξαγυρεύσω
3404 5874 3532 5927 κατ’
3560 5874 3705 5945 ἐμοῦ
