4122 6454
480 329 586 389 979
1143 327 1413 384 EUSEBll
1448 330 1929 388 CIESARIENSIS
1966 333 2118 391 OPP.
2157 333 2337 390 PARS
2371 337 2462 393 Ill.
2505 366 2573 378 --
2611 337 3020 398 EIEGETICA.
3629 349 3738 408 280

479 450 596 508 sive
629 443 697 501 ad
730 443 946 501 Patrem
992 442 1236 500 deducit.
1291 444 1441 501 Loco
1486 453 1666 500 autem
1710 447 1886 514 illius,
1934 446 2058 502 Fir-

2164 450 2312 516 τέλος
2341 453 2402 506 τὸ
2420 454 2840 526 τρισμακάριον,
2873 456 2966 510 τὸν
3010 456 3204 512 ἐαυτοῦ
3233 457 3470 531 Ila-ripa.
3507 459 3655 516 ’Δντὶ
3677 463 3738 520 δέ

480 539 634 594 mabo
663 554 820 609 super
849 546 894 591 te
923 537 1102 592 oculos
1127 554 1286 602 meos,
1315 536 1680 609 Symmachus
1705 539 1886 607 habet,
1918 540 2057 597 Con-

2164 545 2274 608 τοῦ,
2325 545 2676 616 Ἐπιστηριῶ
2721 548 2821 602 ἐπὶ
2862 549 2937 603 σὲ
2983 549 3125 618 τοὺς
3191 552 3536 622 ὀφθαλμούς
3593 573 3737 625 μου,

479 630 687 688 sultabo
709 631 773 683 de
803 641 851 684 te
873 630 1024 685 oculo
1057 647 1191 686 meo.
1219 629 1358 697 Quia
1387 631 1534 686 enim
1565 632 1706 687 oculi
1732 632 1944 688 Domini
1969 652 2058 692 su-

2164 639 2188 692 ΰ
2227 640 2556 710 Σύμμαχος,
2600 643 3049 713 Βουλεύσομαι,
3102 644 3266 715 φησι,
3318 645 3449 713 περὶ
3492 643 3610 700 σοῦ
3658 644 3740 713 τῷ

472 741 566 793 per
601 724 801 795 justas,
837 732 888 780 et
914 740 1069 778 aures
1103 728 1216 794 ejus
1260 723 1330 782 ad
1361 740 1538 793 preces
1606 742 1786 781 eorum
1811 727 1897 794 ”;
1941 745 2057 785 me-

2164 731 2448 801 ὀφθαλμῷ
2475 749 2616 802 μου.
2656 734 2874 806 Ἐπειδὴ
2916 735 3024 808 γὰρ
3057 736 3350 806 ὀφθαλμοί
3388 738 3607 806 Κυρίου
3641 739 3738 809 ἐπί

478 820 584 878 rite
623 834 748 876 eum
798 818 890 890 qui
935 817 1066 872 talia
1122 824 1375 888 precatus
1430 825 1556 882 est,
1608 819 1774 884 oculo
1804 821 2058 891 dignatur

2164 823 2458 891 δικαίους,
2487 826 2586 880 καί
2614 822 2734 880 ὦτα
2763 828 2948 882 αὑτοῦ
2980 831 3068 895 είς
3097 828 3309 896 δέησιν
3328 829 3525 885 αὐτῶν
3547 849 3560 864 ·
3598 831 3741 886 εἰκό-

479 926 612 978 suo,
665 918 728 979 ut
757 910 927 967 radiis
967 909 1075 966 illis
1120 924 1188 962 ex
1231 909 1420 965 divino
1451 910 1611 966 oculo
1659 911 1878 972 emissis
1931 914 2057 968 illu-«

2164 934 2272 981 τως
2296 918 2387 970 τὸν
2419 918 2655 974 τοσαῦτα
2678 921 2949 992 ηὐγμένον
2980 919 3224 980 καταειοῐ
3242 922 3337 982 τοῦ
3379 924 3508 978 ἰδίου
3540 922 3741 994 ὀφθαλρ

480 1008 682 1061 stratus
709 1007 922 1064 mente,
952 995 1094 1052 viam
1138 1005 1329 1058 cernat
1361 998 1464 1054 sibi
1497 1000 1844 1069 promissam.
1880 1001 2058 1069 Quare

2167 1008 2292 1079 μοῦ,
2324 1010 2492 1076 ὅπως,
2526 1013 2592 1070 ἐκ
2626 1013 2735 1066 τῶν
2788 1014 3131 1083 φωτιστικῶν
3167 1014 3345 1070 αὐτῶν
3392 1016 3500 1070 τῶν
3534 1018 3598 1070 ἐκ
3643 1014 3741 1072 τοῦ

480 1093 622 1160 oeuli
655 1091 870 1148 Domini
905 1106 1013 1145 non
1045 1106 1212 1162 super
1238 1106 1429 1150 omnes
1454 1131 1470 1157 ,
1529 1091 1624 1148 sed
1679 1109 1835 1163 super
1879 1094 2057 1165 justas

2164 1099 2311 1155 θείου
2336 1103 2616 1176 ὀφθαλμοῦ
2644 1108 3010 1178 πεμπομένων
3037 1107 3326 1177 φωτισθεὶς
3353 1109 3452 1180 τὴν
3481 1109 3741 1175 διάνοιαν,

479 1194 724 1258 tantum;
758 1198 885 1238 nam
913 1183 982 1238 ab
1010 1183 1195 1254 impiis
1223 1181 1416 1238 oculos
1457 1197 1589 1242 suos
1627 1184 1840 1240 avertit.

2164 1193 2260 1266 τὴν
2297 1195 2414 1250 ὁδὸν
2459 1196 2718 1271 θεάσηται
2760 1199 2860 1270 τὴν
2895 1200 3306 1272 ἐπηγγελμένην
3336 1200 3503 1272 αὐτῷ.
3544 1201 3741 1274 Διόπερ

480 1272 739 1349 ξφθαλμοι
780 1278 988 1350 Κυρίου
1036 1279 1136 1332 οὐκ
1178 1277 1271 1331 ἐπὶ
1307 1277 1537 1344 πάντας,
1587 1276 1702 1342 ἀλλ’
1737 1277 1836 1350 ἐπι
1874 1279 2069 1349 μόνους
2108 1287 2251 1356 τοὺς
2295 1288 2608 1359 δικαίους·
2645 1293 2754 1347 ἀπὸ
2802 1293 2912 1365 γὰρ
2973 1293 3084 1348 τῶν
3139 1292 3352 1348 ἀσεϐῶν
3407 1272 3740 1364 ἀποστρέφει

482 1370 600 1434 τοὺς
631 1368 827 1424 ἑαυτοῦ
861 1369 1195 1442 ὀφθαλμούς,

546 1463 714 1522 Vens.
749 1466 835 1522 Η.
862 1465 1144 1532 ιωιαιιιίηί
1172 1468 1226 1522 in
1254 1466 1478 1522 Domino
1506 1477 1555 1522 et
1595 1468 1876 1533 exsultate,
1901 1469 2058 1539 justi,

2240 1473 2631 1545 Εὐφράνθητε
2675 1475 2774 1530 ἐπὶ
2797 1476 3019 1546 Κύριον
3067 1475 3164 1532 καί
3219 1477 3612 1548 ἀγαλλιᾶσθε,
3655 1483 3742 1544 8ίῖ

480 1568 526 1614 st
554 1559 882 1630 gloriamini,
911 1577 1086 1624 ontnes
1115 1561 1245 1616 recti
1284 1560 1460 1616 corde.
1493 1559 1792 1631 Postquam
1820 1577 2058 1633 respon-

2171 1582 2348 1631 καιοι,
2375 1566 2474 1620 καί
2502 1567 2835 1638 καυχᾶσθε,
2864 1568 3086 1636 πάντες
3112 1572 3165 1623 οι
3192 1569 3386 1636 εὐθεῖς
3415 1569 3489 1640 τῇ
3507 1570 3739 1645 καρδίᾳ,

481 1649 689 1710 sionem
716 1650 783 1716 ad
819 1659 1128 1721 precantem
1171 1665 1354 1714 sermo
1383 1650 1681 1720 conclusit,
1723 1662 1848 1723 post
1894 1668 2058 1724 supra

2167 1656 2521 1728 Περιγράψας
2551 1658 2580 1710 ό
2621 1658 2778 1727 λόγος
2821 1659 2922 1730 τὴν
2949 1660 3087 1732 πρὸς
3136 1659 3228 1714 τὸν
3271 1659 3564 1731 εὐξάμενον
3603 1663 3736 1718 ἀπό·

480 1739 749 1800 dictorum
802 1742 1270 1813 promissionem,
1320 1741 1389 1796 ad
1440 1758 1734 1800 commune
1776 1744 2058 1800 hominum

2166 1763 2378 1818 κρισιν.
2417 1748 2883 1820 ἐπαγγειλάμενός
2923 1766 2982 1802 τε
3020 1747 3169 1820 αὐτῷ
3206 1749 3276 1803 τὰ
3314 1750 3740 1822 προλελεγμένα,

480 1848 652 1904 genus
678 1848 861 1888 sermo
897 1833 1230 1892 transfertur
1259 1854 1273 1890 :
1305 1835 1434 1904 quia
1466 1835 1536 1890 ob
1568 1836 1677 1890 vim
1709 1836 1915 1892 amoris
1940 1837 2057 1896 vult

2169 1835 2483 1908 μεταϐαίνει
2533 1837 2626 1891 ἐπὶ
2685 1837 2748 1892 τὸ
2806 1838 2985 1892 κοινὸν
3035 1837 3143 1892 τῶν
3200 1836 3502 1910 ἀνθρώπων

480 1937 671 1979 omnes
702 1924 933 1979 salutem
975 1924 1246 1980 obtinere.
1289 1923 1520 1996 Ipseque
1561 1924 1729 1983 David
1769 1934 2058 1997 postquam

479 2015 878 2080 confessionem
915 2032 1071 2072 suam
1115 2017 1375 2082 absolvit,
1410 2018 1554 2075 felici
1593 2020 1954 2091 responsione
1996 2037 2062 2078 ac

480 2108 872 2180 pollicitatione
902 2108 1163 2184 donatus,
1198 2125 1264 2167 ex
1306 2110 1355 2164 vi
1388 2109 1572 2181 gaudii
1623 2113 1850 2184 reliquis
1895 2113 2061 2170 etiam

480 2201 797 2270 hominibus
839 2202 1031 2264 istlunc
1073 2202 1441 2259 emolumenta
1493 2205 1790 2261 conciliare
1838 2205 2059 2277 satagit.

482 2291 763 2364 (lu-mmini
813 2295 866 2350 in
908 2293 1136 2351 Domino
1169 2303 1218 2351 et
1255 2295 1539 2368 exsultate,
1565 2296 1726 2367 justi,
1777 2306 1828 2352 et
1859 2298 2062 2369 gloria-1

479 2386 634 2450 mini,
671 2401 848 2440 omnes
898 2386 1028 2448 recti
1071 2386 1247 2449 corde.
1296 2384 1765 2453 Quemadmodum
1808 2395 2062 2457 peccato-

481 2491 601 2530 rum
644 2475 825 2530 ordini
859 2475 926 2531 ad
964 2477 1248 2533 sinistram
1296 2463 1495 2547 posito,
1530 2485 1925 2548 congruentem
1964 2478 2063 2542 de-

479 2567 559 2620 dit
589 2565 1038 2639 adtnonitiqnem,
1072 2568 1381 2640 exemplum
1413 2582 1536 2630 sese
1569 2568 1818 2639 pne-hens
1861 2569 1928 2624 iis
1966 2568 2060 2640 qui

479 2675 509 2729 ᾳ
545 2661 786 2731 peccatis
827 2669 1262 2738 convertuntur;
1310 2661 1392 2715 sic
1432 2661 1596 2726 etiam
1638 2661 1805 2730 justis
1839 2663 2062 2734 propria

479 2755 582 2816 sibi
617 2771 681 2812 ae
708 2756 1090 2814 convenientia
1131 2756 1422 2822 annuntiat
1452 2756 1506 2810 in
1535 2755 1788 2825 praesenti
1813 2795 1826 2822 ,
1859 2755 2058 2818 cohor-

479 2855 604 2912 tans
640 2848 764 2904 illos
807 2856 865 2902 ut
897 2849 964 2903 de
999 2849 1146 2907 nulla
1187 2856 1529 2904 terrenarum
1576 2863 1760 2912 rerum
1789 2848 2057 2920 laetentur,

478 2941 575 3010 sed
609 2941 676 2996 de
703 2940 930 2996 Domino
959 2942 1246 3012 magnifice
1279 2941 1542 3004 sentiant,
1575 2948 1629 3000 et
1654 2940 1721 2995 de
1744 2946 1896 2996 tanto
1918 2940 2061 2994 bono

479 3035 752 3108 gaudeant
785 3043 839 3091 et
882 3035 1176 3108 exsultent.
1214 3033 1324 3088 Sed
1367 3035 1556 3095 etiam,
1592 3033 1681 3102 qui
1707 3033 1977 3102 gloriatur
2006 3034 2062 3098 in

478 3129 706 3186 Domino
736 3130 1010 3201 glorietur,
1058 3127 1134 3182 ait
1165 3127 1461 3200 Apostolus
1487 3125 1525 3177 ⁸.
1554 3123 1686 3191 iure
1733 3125 1916 3195 itaque
1957 3125 2061 3180 hoc

2164 1931 2230 1985 δι’
2262 1931 2568 2005 ὑπερϐολὴν
2597 1931 3009 2005 φιλανθρωπίας
3042 1931 3250 1996 πάντας
3283 1930 3601 2004 βουλόμενος
3640 1949 3748 1997 σωτ

2166 2024 2345 2095 θῆναι.
2362 2025 2472 2079 Καὶ
2494 2025 2654 2090 αὐτὸς
2685 2025 2741 2079 δὲ
2771 2026 2800 2078 ὁ
2828 2024 3010 2088 Δαυῖδ,
3038 2023 3399 2097 προσδιελθὼν
3427 2024 3526 2096 τὴν
3553 2023 3745 2080 ἑαυτοῦ

2166 2116 2572 2188 ἐξομολόγησιν,
2610 2117 2794 2180 αίσίας
2827 2133 2887 2168 τε
2918 2115 3260 2187 ἀποκρίσεως
3290 2115 3383 2184 καὶ
3414 2115 3745 2190 ἐπαγγελίας

2166 2205 2540 2272 καταξιωθεὶς,
2560 2205 2619 2274 ἐξ
2637 2205 2872 2280 ὑπερϐα)
2882 2205 3079 2278 λούσης
3100 2208 3273 2279 χαρᾶς
3295 2207 3390 2260 καὶ
3411 2209 3522 2271 τοῖς
3541 2207 3745 2284 λοιποῖς

2166 2299 2476 2373 ἀνθρώποις
2510 2299 2760 2372 προξενεῖ
2795 2297 2864 2351 τὰ
2899 2297 3000 2368 τῆς
3036 2297 3324 2370 ὠφελείας.
3357 2299 3748 2369 Εὐφράνόητε

2165 2390 2264 2445 ἐπὶ
2301 2390 2521 2456 Κύριον
2549 2388 2650 2449 καί
2691 2385 3089 2458 ἀγαλλιᾶσθε,
3131 2387 3364 2451 δίκαιοι,
3396 2387 3495 2441 καὶ
3525 2385 3750 2455 καυχῶ

2165 2484 2276 2536 σθε
2309 2479 2532 2545 πάντες
2566 2481 2618 2533 oi
2651 2477 2846 2546 εὐθεῖς
2886 2477 2960 2548 τῇ
2995 2478 3228 2547 καρδίᾳ.
3277 2479 3488 2550 ’Ὠσπερ
3511 2477 3588 2548 τῷ
3626 2478 3750 2550 dph

2168 2571 2343 2646 στερῷ
2373 2573 2614 2642 τάγματι
2637 2571 2745 2625 τῶν
2778 2569 3119 2645 ἀμαρτωλιῖΝ
3138 2570 3208 2624 τὰ
3237 2569 3546 2641 κατάλληλα
3569 2568 3747 2641 παρῄ-

2165 2682 2340 2729 νεσεν,
2365 2665 2556 2718 ἑαυτὸν
2588 2665 2892 2734 ὑπόδειγμα
2915 2661 3210 2734 παρασχὼν
3241 2665 3353 2727 τοῖς
3373 2661 3432 2728 ἐξ
3463 2660 3747 2732 ἁμαρτιῶν

2165 2757 2585 2830 ἐπιστρέφουσιν
2603 2774 2617 2788 ο
2647 2757 2788 2811 οὕτω
2821 2757 2918 2811 καὶ
2952 2759 3066 2820 τοῖς
3093 2755 3324 2820 δικαίοις
3343 2756 3412 2809 τά
3446 2756 3624 2809 οίκεῖα

2166 2851 2348 2914 αὐτοῖς
2383 2850 2617 2920 ἁρμόδια
2637 2848 3046 2918 εὐαγγελίζεται
3079 2851 3166 2905 διὰ
3201 2849 3311 2904 τῶν
3345 2849 3743 2923 προκειμένων,

2166 2941 2447 3014 παραινῶν
2479 2942 2662 3010 αὐτοῖς
2711 2941 2802 2995 ἐπὶ
2839 2941 3025 3012 μηδενὶ
3061 2943 3159 3014 μὲν
3191 2943 3300 2996 τῶν
3332 2941 3612 3014 κοσμικῶν
3657 2940 3747 3002 εὐτ

2167 3034 2512 3106 φραίνεσθαι,
2557 3035 2650 3108 ἐπὶ
2689 3035 2745 3088 δὲ
2788 3034 2878 3088 τὸν
2912 3034 3113 3108 Κύριον
3174 3035 3315 3108 μέγα
3353 3037 3599 3107 φρονεῖν,

2168 3129 2252 3182 ἐπ’
2283 3125 2430 3198 αὐτῷ
2455 3127 2600 3198 μόνῳ
2622 3127 3028 3201 εὐφραίνεσθαι,
3050 3129 3260 3201 χαίρειν
3279 3145 3338 3181 τε
3362 3128 3458 3190 καὶ⁸
3483 3124 3748 3197 ἀγαλλιᾷν

479 3222 602 3278 loco
633 3222 802 3277 totius
827 3220 1099 3276 sermonis
1143 3219 1302 3273 (intem
1336 3216 1464 3274 facit
1500 3217 1586 3271 his
1619 3217 1822 3279 verbis,
1857 3215 1925 3269 Et
1945 3216 2058 3286 glo-

2164 3221 2255 3276 ἐπὶ
2302 3220 2382 3292 τῷ
2413 3219 2654 3292 τοσούτῳ
2695 3220 2905 3292 ἀγαθῷ.
2947 3219 3108 3274 Ἀλλὰ
3150 3221 3244 3275 καὶ
3296 3223 3328 3275 ό
3362 3219 3746 3289 καυχώμενος

478 3315 698 3370 riamini
725 3315 777 3367 in
813 3314 928 3380 illo,
973 3328 1149 3366 omnes
1199 3312 1328 3365 recti
1361 3307 1516 3364 corde
1541 3325 1560 3362 :
1590 3323 1766 3378 neque
1796 3307 1863 3364 de
1905 3309 2058 3370 vobis

2164 3313 2234 3366 ἐν
2257 3315 2450 3381 Κυρίῳ
2483 3312 2826 3383 καυχάσθω,
2845 3313 2985 3367 κατά
3012 3312 3103 3370 τὸν
3142 3311 3478 3378 Ἀπόστολον.
3508 3311 3747 3376 Εἰκότως

478 3407 614 3478 ipsis
645 3405 930 3475 magnilire
960 3403 1232 3462 sentiatis.
1268 3402 1363 3456 sed
1422 3400 1490 3456 de
1545 3399 1667 3471 ipso
1700 3397 1931 3459 Domino
1965 3401 2058 3470 qui

2165 3398 2257 3462 οὖν
2287 3405 2382 3457 καὶ
2420 3403 2652 3458 ἐνταῦθα
2691 3404 2750 3458 τὸ
2786 3404 3158 3476 συμπέρασμα
3203 3403 3298 3458 τοῦ
3347 3404 3543 3468 παντὸς
3583 3402 3746 3472 λόγου

478 3497 635 3555 vobis
663 3497 884 3554 virtutis
916 3497 1095 3550 omnis
1128 3502 1321 3549 auctor
1361 3492 1481 3552 fuit.

2167 3492 2619 3566 ἐπισφραγίζεται
2647 3495 2838 3563 λέγων·
2856 3495 2964 3549 Καὶ
2987 3493 3294 3565 καυχᾶσθε
3313 3495 3382 3549 ἐν
3399 3493 3576 3562 αὐτῷ,
3595 3491 3749 3548 πάγε-

477 3606 573 3658 τες
599 3591 654 3643 οί
680 3589 874 3656 εὐθεῖς
903 3586 976 3658 τῇ
1015 3587 1260 3657 καρδίςν
1303 3586 1378 3659 μὴ
1412 3586 1521 3666 γὰρ
1555 3587 1638 3656 ἐφ’
1676 3587 1886 3660 ἐαυτοῖς
1923 3586 2063 3658 μέγα
2101 3591 2339 3680 φρονεῖν,
2371 3587 2486 3654 ἀλλ’
2513 3589 2598 3660 ἐπ’
2629 3587 2778 3660 αὐτῴ
2804 3588 2882 3659 τῷ
2924 3589 3104 3660 πάσης
3135 3590 3262 3660 ὑμῖν
3324 3589 3526 3661 ἀρετῆς
3586 3585 3746 3661 αἰτίῳ

476 3680 754 3770 γενομένῳ
776 3681 856 3733 Κυ
867 3681 964 3752 ρίῳ
975 3723 987 3736 .

848 3795 1171 3852 PSALMUS
1209 3796 1419 3852 DAVID
1457 3795 1676 3852 XXXII.

552 3891 862 3947 Secundum
893 3890 1212 3945 llebraicam
1245 3891 1536 3945 lectionem
1559 3897 1611 3944 et
1644 3888 1941 3944 secundum
1970 3904 2056 3944 re-

478 3985 660 4056 liquos
705 3986 1028 4056 interpretes
1079 3984 1437 4055 inscriptione
1483 3991 1633 4038 caret
1665 3983 1753 4037 hic
1792 3982 2054 4052 psalmus,

479 4078 820 4146 multamque
861 4091 984 4138 cum
1023 4074 1349 4146 praecedenti
1407 4073 1821 4128 consonantiam
1875 4073 2055 4128 habet.

479 4166 616 4222 Cum
647 4169 792 4224 enim
839 4167 892 4220 in
927 4166 1031 4220 line
1084 4166 1229 4230 illius
1264 4167 1514 4230 dixisset,
1541 4164 1823 4221 La'tamiui
1858 4165 1912 4218 in
1956 4163 2061 4217 Do-

481 4262 644 4324 mino,
668 4269 717 4314 et
735 4258 1175 4329 exsultat¢.jttsti,
1203 4259 1270 4311 ab
1302 4259 1491 4316 iisdem
1520 4256 1689 4312 ferme
1715 4258 1896 4312 verbis
1923 4272 2060 4326 pra:-

482 4363 694 4412 sentem
736 4353 971 4416 orditur,
1004 4351 1168 4408 Vens.
1203 4353 1225 4406 l
1266 4372 1278 4405 :
1322 4350 1621 4414 Exsultate,
1646 4351 1806 4422 justi,
1849 4352 1906 4405 in
1953 4351 2060 4405 Do-

484 4447 649 4500 mino.
684 4444 1020 4514 Videturque
1048 4444 1180 4498 mihi
1211 4459 1272 4498 ea
1306 4460 1427 4513 quae
1459 4443 1511 4498 in
1539 4444 1791 4514 prtesenti
1825 4444 2059 4514 prophe-

2539 3792 2834 3848 ΨΛΛΜΟΣ
2872 3792 2962 3854 Te
3001 3792 3201 3858 AATIA
3239 3792 3362 3866 AB'.

2231 3886 2390 3941 Κατά
2447 3885 2544 3956 τὴν
2597 3884 2892 3956 Ἐϐραῖκὴν
2941 3885 3246 3952 ἀνάγνωσιν
3290 3883 3386 3937 καὶ
3424 3883 3566 3940 κατά
3615 3885 3746 3950 τοὺς

2163 3980 2384 4042 λοιποὺς
2417 3975 2760 4048 ἐρμηνευτάς
2813 3976 3184 4048 ἀνεπίγραφος
3233 3978 3379 4032 ἐστιν
3427 3979 3456 4031 ό
3496 3977 3740 4050 ψαλμόςε

2113 4117 2118 4121 .
2167 4072 2368 4144 πολλὴν
2425 4069 2481 4123 δὲ
2522 4067 2684 4133 σώζει
2750 4069 3070 4126 ἀκολουθίαν
3113 4069 3248 4141 πρὸς
3278 4069 3368 4123 τὸν
3411 4070 3518 4142 πρὸ
3549 4069 3740 4126 αὐτοῦ.

2165 4163 2452 4236 ΙΙροειπὼν
2483 4163 2592 4235 γὰρ
2620 4163 2760 4216 κατὰ
2795 4162 2856 4215 τὸ
2897 4162 3049 4226 τέλος
3078 4162 3284 4218 ἐκείνου
3309 4179 3323 4193 ⁸
3354 4165 3745 4232 Εὐφράνθητε

2164 4258 2264 4312 ἐπὶ
2305 4259 2523 4325 Κύριον
2569 4255 2669 4309 καί
2719 4254 3122 4324 ἀγαλλιᾶσθε,
3155 4253 3409 4311 δίκαιοι.
3461 4255 3742 4326 μονονουχὶ

2165 4350 2334 4420 αὐτῆς
2369 4348 2568 4421 ἤρξατο
2598 4348 2696 4418 τῆς
2734 4347 2929 4414 λέξεως
2974 4346 3066 4399 τοῦ
3117 4347 3497 4423 προκειμένου,
3525 4347 3736 4418 φήσαςο

2177 4441 2582 4512 Ἀγαλλιᾶσθε,
2634 4439 2868 4501 δίκαιοι,
2913 4439 2984 4492 ἐν
3034 4439 3247 4506 Κυρίῳ.
3294 4437 3403 4491 Καί
3457 4455 3546 4509 μοι
3595 4438 3746 4494 δοκεῖ

481 4536 588 4596 tice
620 4535 898 4598 dicuntur,
931 4535 995 4588 aal
1047 4549 1339 4604 personam
1386 4550 1576 4589 eorum
1627 4534 1721 4604 qui
1771 4550 1826 4588 tn
1858 4549 2058 4602 praece-

2167 4532 2518 4607 προφητικῶς
2563 4530 2632 4585 τά
2673 4530 2938 4600 λεγόμενα
2970 4529 3059 4584 διὰ
3088 4523 3209 4583 τῶν
3235 4530 3610 4602 προκειμένων
3661 4531 3740 4593 είς

481 4627 630 4682 denti
665 4628 874 4698 psalmo
922 4623 1238 4680 indicantur
1270 4626 1497 4688 referri,
1551 4627 1853 4682 secundum
1888 4625 2055 4681 illud:

479 4718 635 4778 Beati
675 4736 896 4790 quorum
932 4721 1166 4773 remissa:
1201 4729 1322 4774 sunt
1367 4719 1694 4790 iniquitates,
1741 4727 1789 4772 et
1837 4734 2058 4788 quorum

482 4819 616 4881 tecta
646 4821 767 4864 sunt
791 4821 1024 4881 peccata.
1062 4809 1199 4866 Nam
1242 4810 1306 4864 ad
1362 4826 1457 4863 eos
1490 4810 1581 4880 qui
1630 4824 1724 4880 per
1758 4809 2057 4870 salutarem

479 4905 714 4974 gratiam
759 4904 1138 4958 remissionem
1188 4909 1540 4972 peccatorum
1574 4902 1855 4957 consecuti
1905 4911 2054 4969 sunt,

478 4997 534 5052 id
571 4997 860 5051 vociferari
895 4994 1134 5060 videtur,
1177 4995 1476 5062 Exsultate,
1515 4995 1678 5065 justi,
1702 4996 1754 5049 in
1806 4995 2054 5052 Domino.

476 5084 601 5146 Non
649 5087 1084 5157 vobismetipsis,
1136 5101 1244 5140 non
1298 5088 1551 5157 cuiquam
1587 5089 1929 5143 saacularium
1968 5105 2059 5145 re-

481 5195 625 5245 rum,
668 5179 765 5236 sed
800 5179 1035 5236 Domino
1064 5178 1282 5240 conﬁsi,
1327 5179 1381 5232 in
1417 5180 1536 5249 ipso
1567 5179 1884 5251 dignitatem
1917 5196 2057 5252 pra:-

481 5273 739 5338 ferentes,
773 5274 827 5328 in
865 5274 986 5344 ipso
1016 5273 1338 5343 gloriantes,
1366 5273 1638 5328 exsultate
1669 5291 1786 5339 vos,
1827 5290 1860 5329 ο
1891 5275 2058 5342 beati,

2167 4630 2457 4700 πρόσωπον
2517 4625 2937 4696 ἀναπέμπεσθαι
2983 4625 3091 4679 τῶν
3140 4627 3198 4677 ἐν
3250 4624 3327 4696 τῷ
3390 4625 3496 4688 πρὸ
3551 4623 3740 4688 τούτου

2165 4718 2362 4790 ψαλμῷ
2389 4716 2756 4790 δηλωθέντων,
2794 4716 2934 4770 κατά
2964 4716 3042 4779 τὸ,
3081 4714 3366 4782 Μακάριοι
3405 4709 3491 4768 ὦν
3521 4713 3741 4782 ἀφέθημ

2165 4829 2285 4866 σαν
2314 4814 2372 4866 αἱ
2401 4810 2658 4879 ἀνομίαι,
2693 4808 2790 4862 καί
2818 4803 2905 4861 ὧν
2933 4807 3446 4875 ἐπεκαλύερθησαν
3472 4807 3530 4860 αἱ
3561 4805 3740 4874 ἀμαρ-

2165 4907 2302 4959 τίαι.
2343 4905 2431 4968 Ὠς
2468 4903 2576 4975 γὰρ
2609 4903 2743 4973 πρὸς
2786 4901 3024 4965 ἐκείνους
3057 4902 3178 4963 τοὺς
3230 4898 3594 4969 τετυχηκότας
3641 4898 3740 4968 τῆς

2165 4998 2410 5066 ἀφέσεως
2436 4995 2544 5048 τῶν
2585 4993 3000 5065 ἁμαρτημάτων
3035 4992 3120 5045 διὰ
3154 4990 3253 5060 τῆς
3285 4989 3550 5064 σωτηρίου
3583 4989 3740 5062 χάρι-

2164 5106 2254 5152 τος
2286 5090 2647 5157 άναφωνεῖται
2678 5085 2760 5148 τὸ,
2807 5081 3218 5153 Ἀγαλλιᾶσθε,
3252 5081 3492 5142 δίκαιοι,
3530 5081 3599 5134 ἐν
3623 5085 3740 5136 Κυ-

2157 5183 2288 5253 ρίῳ.
2325 5182 2415 5253 Μὴ
2445 5180 2554 5254 γὰρ
2593 5181 2676 5250 ἐφ’
2724 5175 2992 5247 ἑαυτοῖςῆ
3043 5175 3134 5229 ἐπί
3174 5193 3228 5228 τι
3271 5175 3377 5228 τῶν
3428 5172 3737 5244 κοσμικῶν,

2165 5276 2280 5330 ἀλλ’
2314 5275 2404 5327 ἐπὶ
2434 5272 2510 5344 τῷ
2544 5272 2730 5343 Κυρίῳ
2760 5268 3106 5332 πεποιθότες,
3135 5267 3226 5320 καὶ
3247 5266 3333 5320 ἐπ’
3367 5264 3512 5335 αὐτῷ
3542 5279 3738 5335 σεμνυ-

479 5379 714 5438 quorum
745 5365 988 5422 remissae
1021 5371 1148 5419 sunt
1183 5359 1612 5434 iniquitates,“
1651 5382 1880 5436 quorum
1913 5376 2054 5423 tecta

2164 5368 2373 5439 νόμενοι
2398 5367 2490 5420 καὶ
2514 5368 2570 5419 ὲν
2595 5362 2742 5434 αὐτῷ
2764 5359 3128 5432 καυχώμενοι,
3150 5355 3476 5427 ἀγαλλιᾶσθε
3501 5357 3658 5427 ὑμεῖς
3685 5352 3736 5420 οῖ

481 5467 612 5518 sunt
639 5469 880 5529 peccata.
933 5458 1118 5518 Rectos
1166 5465 1366 5531 quippe
1405 5477 1619 5526 omnes,
1670 5460 1868 5531 inquit,
1913 5461 2057 5515 decet

481 5549 579 5607 Dei
624 5550 982 5615 collaudatio;
1021 5553 1318 5608 secundum
1376 5553 1628 5625 Aquilam
1686 5569 1851 5617 vero,
1885 5553 2057 5609 Raetis

481 5643 700 5712 pulchra
729 5654 806 5698 est
834 5645 1090 5699 eantatio.
1117 5642 1256 5712 Quia
1282 5647 1426 5702 enim
1454 5661 1562 5702 non
1594 5646 1876 5718 speciosus
1907 5647 2062 5719 hym-

566 5799 603 5832 "
634 5798 778 5875 ζ’δτιι.
819 5817 1031 5877 ηιχιιι,
1073 5800 1150 5860 16.
1235 5800 1410 5859 ιιεοτ.
1451 5819 1501 5871 ι,
1537 5803 1624 5860 ⁵51.

2167 5460 2445 5533 μακάριοι,
2481 5451 2556 5512 ὧν
2593 5455 2871 5527 ἀφέθησαν
2921 5455 2976 5507 αἱ
3010 5453 3252 5524 ἀνομίαι,
3285 5452 3379 5505 καὶ
3417 5444 3492 5504 ὧν
3538 5451 3735 5502 ἐπεκα·

2163 5555 2440 5628 λύφθησαν
2475 5555 2531 5608 αἱ
2583 5553 2868 5624 ἁμαρτίαι.
2904 5549 3120 5620 Πρέπει
3163 5549 3302 5620 γὰρ,
3359 5545 3521 5616 φησὶ,
3571 5545 3735 5598 πᾶσιν

2168 5645 2289 5711 τοῖς
2309 5646 2599 5714 εὐθέσινή
2639 5647 2724 5711 είς
2751 5643 2859 5697 τὸν
2902 5642 3049 5698 Θεὸν
3074 5642 3324 5706 air-eme.
3362 5635 3519 5694 Κατὰ
3559 5634 3616 5692 δὲ
3642 5632 3734 5688 τὸν
