4122 6454
275 363 370 422 281

1395 365 1901 424 COMllENTARlA
1937 369 2012 427 ιιν
2046 369 2389 430 PSALMOS.

3412 377 3524 436 982

286 478 537 544 ⁹Ακύλαν,
570 480 692 548 Τοῖς
739 481 985 537 εὐθέσιν
1018 479 1330 550 ὼραιοῦται
1373 482 1654 553 ὕμνησις.
1697 486 1839 540 Ἐπεῖ

1950 505 2057 547 nus
2083 499 2169 547 est
2197 490 2254 546 in
2276 505 2372 546 ore
2398 489 2725 562 peccatoris,
2764 489 2891 560 jure
2920 505 3038 554 eos,
3065 489 3160 562 qui
3176 505 3312 560 pura
3341 504 3522 556 mente

274 573 380 643 γάρ
411 571 511 644 οὐχ
539 571 739 644 ὡραῖος
781 573 949 644 ὕμνος
977 574 1034 626 ὲν
1069 572 1297 644 στόματι
1329 574 1678 647 ἁμαρτωλοῦ,
1707 578 1854 632 εικό-

271 682 377 728 τως
407 668 520 736 τοῖς
542 664 789 738 καθαράς
821 665 1057 730 διανοίας
1082 667 1177 720 καὶ
1206 665 1424 739 καθαρὰ
1453 668 1608 741 χείλη
1653 687 1855 743 κεκτη»

275 757 454 830 μένοις
484 757 803 830 εὐπρέπειή
837 758 933 812 τοῦ
959 757 1096 812 Θεοῦ
1131 758 1355 832 αῖνεσις.

350 849 844 922 Ἓξομολογεῑσθε
875 852 956 919 τῷ
999 854 1196 923 Κυρίῳ
1232 855 1304 908 ἐν
1329 853 1558 924 κιθάρᾳ,
1586 855 1656 910 ἐν
1684 859 1847 930 ψαλ..

268 945 444 1018 τηρίφ
470 943 807 1015 δεκαχόρδῳ
832 945 1067 1015 gldium
1092 945 1272 1013 αὐτῷ.
1308 947 1466 1002 Κατὰ
1497 947 1720 1023 πρώτην
1750 952 1844 1006 τοῦ

269 1039 429 1108 νόμου
452 1039 751 1111 παράδοσιν
766 1039 1262 1112 γεγραμμένα.Καὶ
1283 1042 1311 1094 ὀ
1329 1041 1428 1104 τὰς
1442 1040 1549 1096 ἔσω
1563 1039 1618 1094 δὲ
1635 1041 1729 1099 καὶ
1749 1039 1847 1104 τὰς

269 1128 366 1196 ἐξω
381 1129 668 1200 αἰσθήσεις
685 1129 929 1203 καθαρὰς
945 1131 1038 1184 καὶ
1059 1131 1381 1202 ἀμέμπτους
1397 1129 1678 1199 φυλάττων
1693 1132 1750 1184 ἐν
1769 1130 1850 1183 δεε-

268 1219 516 1292 κακόρδῳ
534 1219 708 1293 ψαλτη
717 1221 814 1292 ρίῳ
825 1220 1014 1290 ψάλλει
1031 1221 1110 1292 τῷ
1120 1221 1257 1294 Θεῷ.
1267 1224 1488 1292 ’ᾼσατε
1507 1220 1667 1288 αὐτῷ
1681 1214 1848 1291 ᾆσμα

267 1313 491 1368 καινόν.
528 1312 603 1365 Τὸ
642 1313 738 1384 μὲν
784 1312 1010 1368 παλαιόν
1039 1309 1194 1385 ᾆσμα
1223 1313 1312 1367 διὰ
1343 1314 1577 1384 παλαιᾶς
1609 1313 1845 1390 κιθάρας

265 1404 354 1466 καὶ
371 1403 610 1476 παλαιοῦ
629 1405 952 1478 ψαλτηρίου,
978 1405 1084 1459 τῶν
1115 1405 1338 1477 ἀψύχων
1367 1407 1634 1480 ὀργάνων,
1655 1405 1845 1482 ὥσπερ

262 1494 345 1564 διὰ
368 1496 656 1567 συμϐόλων
683 1498 777 1551 καὶ
823 1498 1046 1552 εἰκόνων
1079 1497 1449 1562 ἐσπουδάζετο
1486 1498 1566 1570 τῷ
1590 1501 1844 1572 προτέρῳ

262 1586 403 1659 λαῷο
437 1588 504 1642 τὸ
544 1589 604 1643 δὲ
630 1590 817 1644 καινὸν
856 1586 1007 1663 ᾆσμα
1052 1591 1551 1663 μεγαλοφυέστερον
1589 1593 1687 1646 καὶ
1728 1592 1844 1646 θεο-

261 1680 634 1753 πρεπέα-τερον
665 1681 754 1736 διὰ
783 1681 1016 1754 κιθάρας
1049 1681 1250 1754 ζώσης,
1286 1683 1382 1747 καὶ
1401 1681 1489 1736 διά
1530 1683 1626 1740 τοῦ
1649 1684 1844 1738 ἀποδο-

261 1769 442 1836 θέντος
467 1771 796 1845 δεκαχόρδου
835 1772 1134 1846 ψαλτηρίου
1166 1775 1550 1846 ἀναπέμπεται
1593 1774 1674 1846 τῷ
1699 1774 1837 1847 Θεῷ.

1951 589 2008 645 et
2037 597 2177 654 puro
2201 582 2368 639 corde
2402 588 2554 648 sunt,
2589 582 2745 650 decet
2773 581 2879 639 Dei
2900 582 3251 640 collaudatio.

2017 841 2188 910 Vens.
2229 841 2287 909 2,
2335 843 2392 900 5.
2431 841 2767 914 Conﬁtemini
2811 842 3046 904 Domino.
3088 844 3145 897 in
3195 843 3426 915 cithara,
3461 843 3520 902 in

1944 935 2200 1005 psalterio
2223 934 2397 994 decem
2419 935 2735 991 chordarum
2758 937 2972 1006 psallite
2999 937 3100 1004 illi.
3127 934 3518 1008 [Instrumenta

1945 1027 2178 1103 scilicet]
2209 1029 2512 1088 secundum
2547 1031 2776 1100 primam
2824 1030 2959 1100 legis
2993 1017 3336 1086 traditionem
3372 1029 3518 1092 serio.

1945 1129 2056 1192 pta.
2089 1120 2350 1193 Quisquis
2391 1137 2516 1178 cum
2565 1123 2876 1189 interiores,
2908 1133 3021 1178 tum
3052 1123 3352 1191 exteriores
3384 1139 3514 1184 sen-

1945 1229 2062 1280 sus,
2097 1229 2264 1285 puros
2306 1215 2724 1285 inculpatosque
2775 1223 2980 1280 servat,
3029 1216 3084 1270 in
3120 1216 3380 1285 psalterio
3420 1216 3516 1276 dea-

1945 1318 2066 1361 cem
2113 1305 2438 1361 chordarum
2488 1307 2673 1377 psallit
2713 1305 2844 1363 Deo.
2891 1305 3118 1375 Cantate
3153 1309 3202 1372 ei
3249 1308 3514 1370 canticum

1942 1411 2154 1452 novum.
2185 1395 2473 1464 Canticum
2515 1403 2672 1452 vetus
2698 1397 2919 1469 antiqua
2951 1399 3162 1454 cithara
3202 1407 3256 1456 ct
3288 1400 3514 1472 antiquo

1941 1488 2204 1560 psalterio
2224 1496 2502 1557 cantatur,
2524 1489 2907 1546 instrumentis
2933 1491 3146 1547 scilicet
3171 1493 3510 1561 inanimatis,

1942 1582 2102 1654 quasi
2132 1581 2397 1653 Symbolis
2420 1590 2475 1642 et
2513 1582 2843 1653 imaginibus
2874 1584 3074 1654 quibus
3112 1585 3265 1654 prior
3293 1585 3382 1640 ille
3413 1600 3514 1656 po-

1941 1675 2104 1749 pulus
2129 1673 2402 1741 studebat.
2435 1673 2506 1728 At
2535 1689 2735 1736 novum
2763 1676 3037 1756 canticum
3072 1674 3512 1748 magniﬁcentius

1942 1781 2004 1827 ac
2035 1765 2143 1821 Deo
2176 1765 2416 1838 dignius,
2457 1767 2670 1821 cithara
2713 1768 2926 1824 vivente
2955 1783 3019 1825 ac
3069 1777 3376 1836 memorato
3416 1767 3514 1824 illo

259 1862 472 1932 Καλῶς
511 1863 740 1933 ψάλατε
767 1865 838 1918 ἐν
865 1865 1215 1935 ἀλαλαγμῷ.
1260 1861 1429 1931 Οὗτος
1470 1868 1500 1920 ὁ
1528 1866 1839 1938 ἀλαλαγμός

1940 1857 2281 1919 decacbordo
2312 1855 2597 1932 psalterio,
2647 1856 2758 1913 Deo
2795 1859 3079 1922 emittitur.
3118 1858 3258 1913 Bene
3299 1857 3515 1927 psallite

257 1957 368 2026 tm
401 1955 701 2026 μυστικάς·
731 1955 810 2010 διὸ
847 1956 1064 2030 εἴρηταί
1105 1963 1208 2011 που
1229 1974 1246 2008 ι
1277 1957 1580 2029 Μακάριος
1621 1961 1654 2013 ό
1690 1959 1841 2026 λαὸς

258 2048 290 2100 δ
311 2045 626 2115 γινώσκων
671 2049 1045 2120 ἀλαλαγμόν.
1086 2050 1246 2108 Ἀλλά
1277 2053 1372 2106 καὶ
1411 2035 1535 2114 ἀντὶ
1578 2053 1714 2123 βοῶν
1747 2053 1841 2111 καὶ

261 2137 497 2208 μόσχων,
541 2140 639 2193 καὶ
699 2139 806 2211 τῶν
855 2141 923 2194 δι’
956 2142 1187 2213 αἳματος
1219 2143 1441 2210 θυσιῶν,
1475 2145 1667 2209 θυσίας
1709 2144 1842 2200 ἀλα·

259 2227 468 2301 λαγμοῦ
511 2230 940 2286 κατατεθυκέναι
986 2233 1150 2304 φησὶν
1182 2236 1212 2288 ὁ
1245 2233 1447 2289 είπώνο
1488 2236 1840 2297 Ἐκύκλωσα

256 2321 350 2374 καί
388 2321 584 2387 ἔθυσα
630 2322 701 2377 ἐν
719 2321 794 2392 τῇ
837 2323 1041 2396 σκηνῇ
1082 2326 1271 2388 αὑτοῦ
1305 2327 1527 2381 θυσίαν
1575 2327 1840 2396 ἀλαλαγ-

249 2429 386 2484 μου.

327 2506 456 2560 Ὅτι
489 2505 676 2574 εὐθὺς
703 2509 738 2562 ὁ
767 2508 951 2578 λόγος
975 2507 1083 2563 τοῦ
1120 2509 1364 2578 Κυρίου,
1398 2509 1497 2564 καί
1528 2509 1724 2574 πάντα
1766 2509 1842 2564 τὰ

255 2597 392 2666 ἔργα
423 2598 616 2653 αὐτοῦ
651 2598 722 2652 ἐν
758 2599 982 2652 πίστει.
1033 2598 1252 2670 Ἀγαπᾷ
1281 2601 1705 2670 ἐλεημοσύνην
1736 2600 1835 2655 καί

1939 1949 1992 2019 in
2035 1949 2374 2018 jubilatione.
2435 1947 2561 2004 Hmc
2600 1949 2858 2019 jubilatio
2903 1951 3137 2023 mystica
3181 1957 3267 2007 est
3299 1969 3312 2006 :
3339 1965 3514 2022 quare

1938 2041 2143 2106 dictum
2176 2042 2376 2098 alicubi
2408 2043 2546 2106 fuit:
2581 2042 2777 2108 Beatus
2807 2044 3028 2113 populus
3062 2043 3152 2114 qui
3183 2044 3282 2097 scit
3313 2041 3514 2108 iubila-

1940 2133 2194 2191 tionem'.
2230 2131 2344 2189 lmo
2385 2149 2514 2193 vero
2551 2134 2740 2198 boum,
2783 2134 3102 2198 vitulorum,
3128 2140 3512 2199 cruentarum-

1937 2238 2044 2294 que
2080 2225 2477 2294 sacriﬁciorum
2506 2225 2648 2291 loco,
2675 2225 2912 2282 hostiam
2939 2224 3287 2295 jubilationis
3314 2223 3512 2278 immo-.

1937 2317 2082 2374 lasse
2117 2318 2194 2375 ait
2243 2318 2334 2374 ille
2359 2338 2373 2374 :
2398 2318 2628 2376 Circuivi
2668 2328 2719 2378 et
2766 2320 3036 2375 immolavi
3069 2320 3124 2380 in
3168 2318 3512 2388 tabernacula

1935 2405 2052 2477 eju's
2084 2406 2311 2466 hostiam
2332 2407 2671 2476 jubilationis
2688 2409 2730 2478 ⁸,

2008 2496 2176 2555 Vens.
2203 2499 2260 2563 4,
2301 2499 2354 2554 5.
2398 2497 2538 2564 Quia
2565 2510 2764 2558 rectum
2812 2510 2892 2556 est
2931 2500 3142 2560 verbum
3174 2499 3411 2567 Domini,
3455 2507 3511 2558 et

1937 2589 2117 2644 omnia
2157 2604 2316 2658 opera
2344 2587 2458 2658 ejus
2495 2589 2549 2642 in
2587 2588 2712 2659 ﬁde.
2762 2589 2952 2662 Diligit
2997 2591 3420 2654 misericordiam
3457 2600 3509 2647 et

255 2687 454 2753 κρίσιν
472 2703 486 2719 ο
517 2687 626 2742 τοῦ
648 2687 862 2756 ἐλέους
888 2689 1111 2758 Κυρίου
1144 2690 1385 2760 πλήρης
1414 2694 1453 2762 ἠ
1481 2690 1578 2763 γῆ.
1615 2694 1696 2749 Τὰ
1738 2694 1836 2766 μὲν

1938 2678 2192 2747 iudicium
2218 2694 2237 2733 :
2271 2677 2637 2738 misericordia
2659 2678 2874 2742 Domini
2898 2680 3055 2748 plena
3080 2689 3156 2735 est
3189 2691 3350 2748 terra.
3379 2682 3513 2750 Quae

253 2778 350 2848 τῆς
396 2778 510 2833 τῶν
545 2779 715 2846 ὅντων
757 2781 1118 2854 καταλήψεως
1161 2783 1248 2836 διὰ
1287 2783 1525 2849 πίστεως
1565 2787 1696 2857 ἡμῖν
1726 2805 1835 2857 χω-

257 2872 432 2944 ρείτω,
467 2872 541 2926 τά
579 2873 635 2928 δὲ
690 2873 782 2928 τοῦ
826 2875 1132 2948 πρακτικοῦ
1169 2875 1285 2948 βίου
1331 2876 1421 2931 διὰ
1471 2877 1836 2950 ὲλεημοσύνης

255 2966 345 3020 καὶ
376 2965 636 3038 κρίσεως.
665 2968 850 3023 Ταῦτα
877 2970 988 3042 γάρ
1017 2970 1212 3042 ἀγαπᾷ
1236 2971 1266 3023 ὁ
1303 2970 1466 3034 εὐθὺς
1498 2969 1593 3024 τοῦ
1628 2971 1834 3043 Κυρίου

254 3053 403 3126 λόγος
430 3073 446 3088 ·
481 3057 576 3112 ᾶτε
624 3062 905 3132 κριτικοὺς
941 3063 1094 3135 ἡμᾶς
1138 3061 1552 3130 κατασκευάσας
1579 3062 1674 3116 καὶ
1720 3063 1836 3117 δια-

255 3149 534 3217 κριτικοὺς
561 3149 656 3204 τοῦ
686 3167 746 3222 τε
772 3153 940 3206 καλοῦ
991 3153 1210 3222 καὶτοῦ
1257 3154 1524 3223 ἐναντίου.
1570 3153 1662 3207 Διὸ
1712 3153 1837 3225 pot.-

1935 2772 2326 2842 cogitationem
2353 2786 2419 2826 ac
2445 2773 2990 2844 comprehensionem
3016 2788 3202 2828 rerum
3235 2781 3508 2843 spectant,

1935 2879 2034 2944 per
2061 2863 2220 2919 [idem
2262 2864 2424 2928 nobis
2456 2865 2776 2933 tradantur;
2828 2880 2951 2932 qua:
2993 2873 3174 2930 autem
3209 2865 3510 2941 practicam

1934 2959 2125 3022 vitam,
2168 2972 2267 3040 per
2312 2957 2746 3021 misericordiam
2790 2964 2844 3013 et
2867 2957 3162 3027 judicium.
3194 2956 3323 3013 Hec
3363 2957 3511 3013 enim

1935 3047 2113 3118 diligit
2158 3055 2368 3103 rectum
2410 3047 2545 3102 illud
2578 3049 2805 3111 verbum
2827 3045 3076 3113 Domini,
3125 3055 3314 3120 utpote
3361 3047 3511 3120 quod

1934 3139 2095 3205 nobis
2144 3139 2553 3204 internoscendi
2583 3140 2694 3202 vim
2732 3139 3013 3206 indiderit,
3045 3155 3112 3196 ac
3161 3142 3512 3208 discernendi

254 3237 394 3294 λεται
425 3242 582 3313 ἡμᾶς
629 3220 794 3316 μηδὲν
829 3245 1072 3318 ἀκρίτως
1117 3220 1398 3319 πράττειν,
1443 3221 1578 3318 μηδὲ
1624 3220 1832 3316 άλάγως

1938 3229 2078 3286 inter
2099 3230 2305 3291 bonum
2334 3237 2390 3286 et
2418 3231 2728 3302 oppositum
2770 3232 2940 3287 illius.
2979 3230 3347 3298 Quamobrem
3395 3220 3513 3292 vult

255 3333 516 3405 φέρεσθαι
561 3338 680 3400 ταῖς
720 3335 778 3404 ἐξ
819 3337 1000 3391 αὐτῶν
1040 3341 1267 3411 ὁρμαῖς,
1317 3338 1658 3410 κεκριμένων
1705 3339 1835 3410 περὶ

255 3423 357 3477 τῶν
389 3427 682 3498 πρακτέων
735 3428 1126 3499 βουλεύεσθαι,
1181 3429 1277 3484 καὶ
1313 3431 1450 3502 πρός
1501 3446 1566 3498 γε
1615 3429 1836 3496 πάντων

255 3515 638 3588 ὲλεημονικοὺς
695 3515 832 3589 εἶναι
858 3561 873 3585 ,
928 3520 1369 3592 συγνωμονικοὺς
1419 3519 1474 3574 δὲ
1527 3519 1666 3591 πρὸς
1709 3521 1837 3584 τοὺς

257 3608 666 3681 ἁμαρτάνοντας
693 3613 1068 3688 γιγνομένους,
1097 3612 1402 3684 συμπαθεῖς
1438 3611 1494 3683 δὲ
1523 3610 1618 3666 καὶ
1649 3609 1836 3680 φιλαν·

258 3699 506 3772 θρώπους
540 3704 675 3776 πρὸς
702 3705 830 3768 τοὺς
855 3705 1004 3760 ἐλέου
1031 3707 1342 3778 δεομένους.

333 3793 413 3860 Τῷ
442 3797 603 3867 ,λόγῳ
625 3796 732 3855 τοῦ
762 3799 988 3867 Κυρίου
1013 3802 1066 3852 ol
1093 3796 1335 3867 οὐρανοί
1363 3796 1834 3866 ἐστερεώθησαν,

257 3890 349 3942 καί
373 3889 460 3956 τῷ
487 3892 778 3962 πνεύματι
803 3892 910 3946 τοῦ
933 3893 1234 3960 στόματος
1255 3888 1442 3943 αὐτοῦ
1468 3886 1636 3946 πᾶσα
1666 3889 1706 3957 ἠ
1728 3886 1834 3939 δύ-

257 3996 428 4050 ναμις
484 3981 702 4036 αὐτῶν.
751 3981 842 4054 Τῷ
896 3978 990 4036 οὖν
1047 3981 1224 4052 Πατρὶ
1264 3981 1416 4034 πᾶσα
1461 3977 1753 4050 ἡδύναμις
1798 3978 1833 4048 ή

258 4071 645 4145 ὕπερουράνιος
697 4071 1035 4146 ὲστερεὼθηε
1081 4071 1328 4128 τουτέστι
1373 4069 1436 4122 τὸ
1481 4067 1696 4122 εὔτονον
1741 4067 1837 4121 καὶ

261 4163 473 4238 βέϐαιον
505 4167 599 4220 καὶ
627 4157 821 4235 πάγιον
845 4167 905 4234 ,ὲν
933 4163 1212 4235 ἁγιασμῷ,
1246 4163 1340 4216 καὶ
1373 4162 1526 4236 πάσῃ
1551 4159 1836 4235 πρεπούσῃ

257 4268 369 4329 ταῖς
403 4263 575 4334 ἱεραῖς
613 4257 904 4329 δυνάμεσιν
932 4257 1124 4328 ἀρετῇ,
1169 4256 1234 4308 ὲκ
1266 4254 1367 4324 τῆς
1391 4252 1484 4307 τοῦ
1523 4251 1836 4324 Πνεύματος

261 4354 572 4426 ἐπικουρίας
601 4351 834 4422 ἔχουσιν.
889 4346 1108 4401 Ἐνθάδε
1151 4347 1248 4418 μὲν
1280 4343 1373 4400 οὖν
1417 4345 1654 4415 πνεῦμα
1705 4346 1838 4400 στό⁴

255 4465 434 4518 ματος
461 4444 650 4506 αὑτοῦ
676 4443 1110 4514 ἀναγέγραπται.
1144 4439 1466 4510 Εὑρήσομεν
1503 4437 1560 4494 δὲ
1601 4435 1834 4506 ἀλλαχοῦ

260 4541 345 4593 καὶ
383 4540 544 4610 λόγον
594 4538 858 4608 στόματος
892 4533 1056 4588 αὐτοῦ
1107 4529 1419 4601 εἰρημένον,
1477 4528 1563 4580 ἵνα
1603 4525 1769 4597 νοηθῇ
1806 4528 1834 4578 ὁ

261 4630 440 4703 Σωτὴρ
482 4632 575 4685 καὶ
607 4629 669 4682 τὸ
713 4629 868 4697 ἇγιον
903 4622 1068 4680 αὑτοῦ
1123 4621 1368 4691 Πνεῦμα.
1427 4617 1738 4688 Ἀμφὸτερα
1777 4617 1834 4688 δὲ

264 4728 595 4792 συνήργησεν
633 4719 690 4772 ἐν
737 4720 804 4789 τῇ
839 4714 1012 4772 κτίσει
1051 4711 1158 4764 τῶν
1197 4707 1444 4780 οὐρανῶν
1475 4707 1572 4770 καὶ
1617 4706 1726 4759 τῶν
1777 4707 1835 4758 ἐν

265 4813 437 4876 αὐτοῖς
463 4811 742 4881 δυνάμεων
763 4823 779 4840 ⁶
810 4805 900 4860 διὰ
932 4802 1089 4857 τοῦτο
1130 4803 1380 4874 εἴρηται·
1422 4797 1508 4864 Τῷ
1530 4800 1690 4868 λόγῳ
1724 4799 1838 4852 Κυ-

261 4903 386 4969 ρίου
427 4905 482 4955 οί
509 4899 751 4968 οὐρανοί
789 4894 1268 4964 ἐστερεώθησαν,
1302 4889 1403 4945 καὶ
1434 4889 1514 4956 τῷ
1545 4889 1838 4957 πνεύματι

266 4993 363 5046 τοῦ
409 4994 706 5062 στόματος
754 4988 942 5044 αὑτοῦ
1003 4986 1172 5041 πᾶσα
1227 4987 1266 5054 ἠ
1316 4983 1569 5054 δύναμις
1619 4977 1834 5034 αὐτῶν.

267 5086 418 5140 θῦδεν
446 5085 553 5157 γὰρ
579 5083 859 5152 ἁγιάζεται
898 5079 970 5152 μὴ
995 5080 1061 5150 τῇ
1091 5077 1362 5150 παρουσίᾳ
1383 5075 1474 5130 τοῦ
1496 5074 1829 5158 Πνεύματος.

278 5177 538 5246 ’Δγγέλων
564 5175 694 5245 γοῦν
737 5174 836 5246 τὴν
868 5172 966 5242 μὲν
1000 5171 1080 5234 είς
1105 5169 1167 5224 τὸ
1209 5165 1349 5222 εἶναι
1389 5167 1622 5238 πάροδον
1668 5165 1698 5218 ὁ
1736 5166 1832 5237 δη-

273 5269 520 5342 μιουργὸς
543 5268 732 5337 Λόγος,
758 5269 786 5320 ὁ
811 5263 1039 5336 ποιητὴς
1066 5261 1175 5317 τῶν
1197 5261 1357 5324 ὅλων,
1388 5259 1705 5331 παρείχετο’
1741 5258 1832 5312 τὸν
1857 5258 1864 5346 ς

271 5362 529 5433 ἁγιασμὸν
548 5362 605 5416 δὲ
624 5362 805 5424 αὐτοῖς
825 5359 883 5412 τὸ
913 5358 1136 5429 Πνεῦμα
1159 5356 1222 5409 τὸ
1254 5355 1407 5424 ἆγιον
1429 5352 1794 5422 συνεπέφερεν
1814 5368 1826 5380 ·
1859 5353 1862 5360 ’

271 5454 329 5506 ού
353 5453 457 5524 γὰρ
484 5453 666 5522 νήπιοι
701 5449 1008 5510 κτισθέντες
1036 5447 1086 5500 οἱ
1108 5444 1357 5514 άγγελοι.

337 5543 644 5612 Φοϐηθήτω
685 5541 792 5596 τὸν
837 5541 1055 5607 Κύριον
1071 5535 1241 5592 πᾶσα
1277 5538 1315 5605 η
1368 5534 1468 5606 γῆο
1501 5533 1602 5589 ἀπ’
1644 5531 1831 5588 αὑτοῦ

275 5633 336 5690 δέ
357 5634 825 5703 σαὶευθήτωσαν
883 5629 1108 5698 πάντες
1153 5631 1206 5684 ol
1262 5627 1684 5688 κατοικοῦντες
1716 5623 1832 5694 τὴν

221 5849 230 5854 ς
339 5817 359 5847 ¹
398 5814 540 5882 Psal.
577 5826 856 5880 LXXXVIII,
889 5809 977 5867 l6.
1054 5808 1073 5839 ³
1115 5805 1258 5864 Psal.
1294 5820 1421 5858 XXVI
1445 5842 1460 5870 ι
1494 5801 1547 5860 σο

1935 3339 2039 3392 nos
2071 3323 2209 3388 nihil
2241 3324 2360 3382 sine
2382 3323 2595 3394 judicio
2639 3339 2819 3395 agere,
2849 3339 3031 3394 neque
3062 3325 3512 3386 irrationabiliter

1934 3415 2256 3486 impetuque
2281 3415 2505 3489 proprio
2540 3415 2690 3479 ferri,
2723 3416 2791 3471 de
2812 3415 3038 3487 agendis
3064 3416 3364 3487 prudenter
3381 3431 3514 3486 con-

1937 3508 2138 3576 sulcre,
2181 3525 2247 3565 ac
2295 3525 2407 3580 prae
2438 3509 2716 3572 omnibus,
2764 3508 3153 3572 misericordes
3189 3525 3334 3574 esse.
3378 3525 3512 3582 peo-

1936 3611 2059 3668 cata
2092 3603 2146 3658 in
2175 3617 2278 3660 nos
2309 3601 2553 3660 admissa
2585 3601 2748 3668 facile
2778 3603 3110 3665 condonare,
3135 3601 3425 3658 condolere
3446 3616 3513 3658 ac

1935 3696 2099 3752 mites
2126 3711 2250 3758 esse
2274 3711 2400 3767 erga
2431 3709 2534 3752 eos
2560 3694 2656 3765 qui
2683 3693 3059 3755 misericordia
3099 3701 3280 3765 egent.

2005 3786 2173 3843 Vens.
2205 3787 2259 3842 6.
2310 3786 2477 3842 Verbo
2501 3785 2716 3844 Domini
2758 3785 2876 3840 caeli
2905 3785 3112 3855 ﬁrmati
3143 3795 3289 3847 sunt.
3320 3794 3369 3841 et
3399 3786 3512 3856 spi-

1935 3881 2045 3946 ritu
2074 3881 2180 3933 oris
2203 3880 2316 3949 eius
2339 3879 2508 3934 omnis
2533 3877 2698 3933 virtus
2719 3892 2924 3944 eorum.
2950 3876 2996 3930 Α
3021 3875 3184 3934 Patre
3208 3876 3376 3948 igitur
3395 3893 3509 3934 om-

1934 3974 2024 4031 nis
2051 3973 2228 4027 virtus
2252 3970 2496 4032 cmlcstis
2532 3967 2750 4024 ﬁrmata
2793 3977 2900 4032 est,
2933 3968 2988 4022 id
3015 3975 3101 4024 est
3127 3967 3378 4034 ﬁrmitas,
3410 3983 3506 4026 so-

1935 4066 2143 4130 liditas,
2171 4064 2552 4134 stabilitasque
2583 4061 2640 4116 in
2673 4060 3110 4126 sanctiﬁcatione
3142 4075 3208 4116 ac
3232 4062 3380 4116 omni
3413 4075 3506 4118 sa-

1935 4156 2049 4212 cris
2097 4153 2458 4226 potestatibus
2501 4152 2851 4208 convenienti
2903 4153 3106 4210 virtute
3159 4167 3226 4208 ex
3267 4151 3506 4223 Spiritus

1936 4246 2144 4312 auxilio
2176 4245 2303 4302 data
2345 4252 2450 4302 est.
2483 4243 2584 4299 llic
2617 4259 2782 4314 porro
2807 4243 3029 4312 spiritus
3075 4243 3182 4298 oris
3209 4245 3324 4313 ejus
3363 4243 3504 4300 scri-

1935 4345 2086 4408 ptum
2124 4344 2227 4392 est.
2269 4335 2414 4390 Alibi
2442 4349 2661 4407 quoque
2712 4335 2953 4403 reperire
3000 4341 3086 4388 est
3114 4333 3341 4388 verbum
3389 4331 3506 4389 oris

1935 4429 2075 4496 ejus,
2107 4434 2169 4481 ut
2213 4427 2300 4482 bis
2351 4426 2687 4497 intelligatur
2735 4424 2988 4479 Salvator
3030 4431 3084 4479 et
3132 4431 3358 4479 sanctus
3385 4423 3506 4493 ejus

1939 4518 2175 4588 Spiritus
2213 4525 2475 4587 :uterque
2515 4528 2680 4585 porro
2726 4514 2781 4568 in
2829 4512 3108 4567 creatione
3141 4511 3405 4567 cmlorum
3451 4518 3506 4565 et

1936 4617 2268 4680 potestatum
2297 4623 2488 4664 eorum
2513 4613 2841 4680 coaperatus
2867 4612 2970 4660 cst.
3005 4602 3132 4658 Ideo
3165 4602 3371 4657 dictum
3398 4607 3504 4666 est,

1949 4702 2113 4757 Verbo
2147 4702 2360 4757 Domini
2397 4700 2513 4756 caeli
2540 4698 2743 4770 ﬁrmati
2770 4706 2915 4760 sunt,
2953 4705 3003 4750 et
3039 4695 3233 4764 spiritu
3257 4694 3364 4748 oris
3391 4693 3505 4762 ejus

1937 4797 2106 4851 omnis
2136 4796 2302 4852 virtus
2333 4809 2536 4857 eorum.
2573 4790 2720 4846 Nihil
2753 4789 2900 4844 enim
2936 4787 3056 4843 sine
3091 4785 3328 4856 Spiritus
3365 4798 3509 4854 pra:-

1937 4891 2116 4945 sentia
2171 4887 2565 4944 sanctiﬁcatur.
2612 4883 2834 4954 Angelis
2874 4881 3042 4952 igitur
3091 4879 3382 4934 transitum
3434 4875 3504 4930 ad

1940 4982 2286 5040 existentiam
2325 4986 2543 5035 creator
2572 4975 2812 5032 Verbum
2839 4971 3089 5045 prmbuit,
3121 4969 3502 5024 universorum

1935 5076 2120 5147 opifex
2147 5094 2160 5130 :
2199 5070 2687 5129 sanctiﬁcationem
2717 5081 2846 5122 vero
2877 5063 3069 5121 eodem
3108 5069 3352 5132 tempore
3380 5055 3504 5130 Spi-

1936 5168 2078 5224 ritus
2105 5174 2330 5222 sanctus
2359 5161 2586 5230 indidit;
2615 5175 2726 5217 non
2755 5159 2900 5215 enim
2923 5155 3161 5214 infantes
3196 5151 3368 5210 creati
3403 5165 3504 5208 an-

1936 5261 2039 5336 geli
2075 5267 2221 5316 sunt.

2007 5526 2174 5583 Vens.
2210 5525 2264 5590 8,
2294 5524 2346 5580 9.
2391 5523 2594 5579 Timent
2616 5518 2899 5575 Dominum
2937 5512 3107 5568 omnis
3139 5521 3280 5562 terra
3305 5520 3326 5560 :
3353 5502 3418 5559 ab
3438 5515 3498 5556 eo

1939 5631 2115 5678 autem
2139 5626 2562 5677 commoveantur
2582 5629 2758 5667 omnes
2782 5606 3131 5665 inhabitantes
3161 5598 3359 5655 orbem.
3388 5593 3496 5652 Ad-
