4122 6454
269 391 382 452 285

1393 381 1892 442 COMMENTARIA
1933 381 2002 438 ΙΝ
2037 381 2378 442 PSALMOS.

259 523 414 580 ριος,
443 507 564 562 ετδε
593 503 824 574 πάντας
845 505 988 574 τοὺς
1015 505 1182 572 υἱοὺς
1211 505 1328 560 τῶν
1371 503 1712 574 ἀνθρώπων.
1751 502 1828 566 Ἐξ

1949 503 2080 558 vidit
2123 522 2300 560 omnes
2344 505 2488 574 ﬁlios
2519 503 2812 562 hominum.
2877 507 2956 562 De
2985 517 3284 578 pra-parato
3313 511 3520 568 habita-

267 599 510 670 ἑτοίμου
569 599 1026 668 κατοικητηρίου
1100 597 1284 654 αὐτοῦ
1353 597 1688 666 ἐπέϐλεψεν
1747 595 1844 648 ἐπὶ

267 691 502 758 πάντας
523 693 666 760 τοὺς
687 692 1118 758 κατοικοῦντας
1145 689 1262 760 τὴν
1313 689 1450 758 γῆν.
1485 689 1548 744 '0
1602 687 1846 754 πλάσας

265 787 608 858 καταμόνας
645 786 754 852 τὰς
795 785 1044 854 καρδίας
1105 783 1326 848 αὐτῶν,
1363 785 1396 838 ό
1451 781 1684 848 συνιείς
1745 781 1846 836 ἐπὶ

263 879 464 934 πάντα
493 879 564 932 τὰ
587 877 732 946 ἔργα
767 877 984 938 αὐτῶν.
1029 877 1144 930 Ἵνα
1195 875 1412 946 γνῶμεν
1467 873 1584 938 πῶς
1633 871 1842 944 ὑπέστη

259 969 322 1024 τὸ
345 967 784 1042 μακαριζόμενον
817 967 986 1032 ἔθνος,
1027 966 1122 1020 καὶ
1171 965 1336 1020 πόθεν
1391 963 1582 1036 εἴληφε
1615 963 1714 1034 τὴν
1745 961 1842 1014 σύ-

261 1077 452 1114 στασιν
485 1061 514 1113 6
539 1059 666 1122 λαὸς
691 1059 750 1112 ὃν
791 1057 1070 1126 ἐξελέξατο
1113 1059 1192 1121 εἰς
1235 1057 1598 1130 κληρονομίαν
1641 1061 1838 1134 ἐαυτῷ,

257 1149 570 1222 ἁκολοόθως
593 1151 850 1214 διδάσκει,
879 1151 954 1214 ὼς
981 1151 1090 1222 ἄρα
1121 1149 1284 1214 αὐτὸς
1331 1153 1360 1204 ό
1411 1151 1614 1224 Κύριος
1633 1155 1842 1220 πάντας

257 1243 386 1306 τοὺς
421 1243 572 1304 υἱοὺς
591 1241 696 1294 τῶν
723 1239 1024 1312 ἀνθρώπων
1045 1243 1172 1304 τοὺς
1197 1243 1584 1308 κατοικοῦντας
1611 1245 1708 1318 τὴν
1737 1247 1840 1318 γῆν

253 1333 718 1406 ἐπισκεψάμενος,
764 1331 822 1400 ἐξ
849 1333 1104 1388 ἁπάντων
1129 1333 1336 1388 τούτων
1383 1337 1750 1408 συνεστήσατο
1779 1341 1840 1394 τὸ

253 1427 554 1498 προλεχθὲν
603 1425 776 1490 ἔθνος,
835 1427 930 1480 καὶ
973 1425 1062 1478 τὸν
1109 1427 1506 1498 προειρημένον
1557 1429 1720 1496 λαὸν,
1774 1431 1834 1486 οὐ

249 1519 522 1584 διακόνοις
544 1519 748 1594 ἑτέροις
767 1519 1122 1592 κεχρημένος.
1161 1521 1303 1574 Ἀντὶ
1330 1521 1386 1574 δὲ
1409 1521 1522 1574 τοῦ·
1551 1523 1652 1588 Ἐξ
1683 1525 1834 1578 ἐτοίο

245 1629 370 1680 μου
423 1609 876 1678 κατοικητηριόυ
923 1607 1130 1678 αὐτοῦ,
1179 1609 1206 1660 ό
1261 1609 1358 1680 μὲν
1403 1607 1656 1674 ’Λκύλας,
1715 1609 1836 1664 ἀπὸ

249 1701 632 1770 ἑδράσματος
683 1699 974 1768 καθέδρας
1035 1699 1246 1764 αὑτοῦ,
1293 1703 1662 1772 ἡρμήνευσενσ
1709 1703 1738 1754 6
1777 1701 1836 1756 δὲ

251 1793 570 1864 Σύμμαχος,
601 1791 720 1848 ἀπὸ
745 1791 922 1860 ἕδρας
941 1795 1248 1860 κατοικίας
1267 1793 1456 1848 αὑτοῦ
1477 1793 1832 1864 ἐπέϐλεψεν.

263 1885 326 1936 ὐ
355 1883 414 1936 δὲ
435 1883 606 1952 Λόγος
631 1881 794 1936 αὐτοῦ
843 1881 940 1954 τὴν
975 1881 1246 1952 σωτηρίαν
1269 1881 1556 1936 διεκονεῖτο
1583 1885 1696 1946 τοῖς
1723 1900 1828 1936 σω-
1867 1859 1910 1914 Β

251 1974 520 2046 ζομένοις·
589 1973 934 2028 Ἀπέστειλε
981 1973 1090 2046 γὰρ
1117 1973 1226 2028 τὸν
1261 1975 1450 2044 λόγον
1491 1973 1680 2030 αὑτοῦ
1729 1975 1828 2030 καί

250 2065 464 2120 ίιὶσατο
495 2065 736 2134 αὐτοὺς,
767 2067 864 2120 καὶ
889 2067 1182 2134 ἐρῤὐσατο
1209 2067 1426 2134 αὐτοὺς
1449 2067 1518 2120 ἐκ
1545 2065 1662 2120 τῶν
1703 2065 1830 2120 δια-

249 2155 488 2224 ρθορῶν
511 2155 726 2210 αὐτῶν.
761 2155 858 2210 Διὰ
890 2155 942 2210 τί
968 2155 1024 2208 δὲ
1055 2155 1114 2220 ἐξ
1143 2155 1374 2228 οὐρανοῦ
1407 2155 1672 2226 ὲπέὸλεψε
1713 2155 1828 2210 Κύ-

249 2269 390 2322 ριος,
423 2251 515 2304 καὶ
542 2249 594 2302 τί
615 2249 678 2302 τὸ
697 2249 868 2302 αἴτιον
888 2247 982 2302 τοῦ
1009 2247 1344 2316 καταξιῶσαι
1373 2249 1472 2320 τῆς
1491 2247 1684 2304 ἑαυτοῦ
1707 2251 1830 2302 ἐπι-

245 2343 459 2414 σκοπῆς
489 2343 698 2406 πάντας
725 2341 852 2404 τοὺς
875 2341 1024 2406 υἱοὺς
1063 2341 1172 2396 τῶν
1205 2341 1526 2414 ἀνθρώπων,
1561 2343 1830 2416 παρίστη-

247 2447 334 2484 σιν
363 2431 492 2500 ἑξῆς
529 2429 720 2498 λέγων·
769 2429 832 2482 '0
881 2429 1128 2496 πλάσας
1175 2433 1516 2500 καταμόνας
1547 2433 1656 2498 τὰς
1685 2451 1828 2502 καρ-

243 2521 384 2588 δ;ἀς
403 2519 620 2576 αὐτῶν-⁸
653 2519 768 2574 ἀνθ’
795 2515 854 2576 οὗ
885 2521 912 2572 ό
968 2521 1264 2592 Σύμμαχός
1309 2539 1490 2594 φησιν·
1536 2523 1598 2576 '0
1627 2523 1826 2578 πλάσ-

243 2629 376 2668 σων
409 2613 748 2682 καταμόνας
768 2611 1036 2680 ἑκάστην
1071 2613 1320 2680 καρδίαν
1361 2611 1578 2668 αὐτῶν.
1623 2615 1686 2666 Ei
1727 2615 1826 2688 μὲν

243 2705 354 2776 γὰρ
375 2705 574 2776 ὁμοίως
597 2707 710 2768 τοῖς
768 2703 984 2774 ἀλόγοις
1041 2703 1200 2768 ζώοις
1231 2705 1324 2758 καὶ
1367 2705 1456 2758 τὸν
1485 2705 1824 2778 ἀνθρώπινον

243 2797 372 2850 νοῦν
399 2797 620 2868 ὑφίστη,
653 2795 804 2850 οὐδὲν
851 2793 922 2868 ἦν
973 2797 1268 2866 ἀναγκαῖον
1315 2797 1628 2850 ἐπιϐλέπειν
1661 2799 1824 2852 αὐτὸν

243 2889 336 2944 ἐπὶ
367 2907 492 2952 τους
511 2889 660 2954 υἱοὺς
707 2887 816 2942 τῶν
871 2887 1194 2960 ἀνθρώπωνδ
1251 2891 1492 2962 ἀπήρκει
1517 2891 1624 2963 γὰρ
1647 2893 1680 2962 ἡ
1701 2893 1822 2946 καθ’

239 2983 362 3038 ὅλου
393 2983 618 3056 πρόνοια
647 2983 864 3038 πάντων
893 2979 954 3048 ἐξ
1013 2981 1128 3036 ἴσου
1179 2983 1574 3056 προνοουμένη·
1603 2985 1722 3054 νυνὶ
1743 2985 1820 3050 δὲ,

239 3075 538 3148 ἐπειδήπερ
559 3073 837 3148 ἐξαίρετός
863 3091 946 3138 τις
975 3075 1132 3129 οὐσία
1173 3073 1462 3148 ἀνθρώπου
1491 3073 1658 3146 ψυχὴ,
1701 3077 1822 3130 ἐπεὶ

239 3169 368 3240 περὶ
451 3167 612 3238 μόνου
696 3165 984 3238 ἀνθρώπου
1063 3165 1476 3238 μεμαρτύρηται
1542 3165 1816 3238 εἰρηκώς·

237 3223 592 3332 Πόιήσῶμεν
627 3223 942 3328 ἄνθρῶπον
983 3223 1110 3312 κατζ
1135 3223 1343 3312 εἰκόνα
1373 3223 1684 3328 ’ἡμετέραις
1723 3223 1820 3312 καί
1851 3223 1898 3286 c

237 3355 370 3406 καθ’
423 3351 726 3422 ὁμοίωσιν·
779 3349 876 3404 καὶ
931 3349 1220 3416 ἐποίησεν
1263 3351 1294 3402 ό
1327 3349 1544 3416 Κύριος
1591 3347 1696 3400 τὸν
1723 3347 1824 3402 ἅνα-

237 3447 490 3514 θρωπον·
511 3441 638 3496 κατ’
659 3441 862 3494 εἰκόνα
879 3438 1024 3494 Θεοῦ
1039 3437 1330 3504 ἐποίησεν
1351 3439 1556 3492 αὐτόν·
1575 3439 1820 3504 εἰκότως,

235 3537 314 3600 ὡς
339 3536 406 3590 ἂν
431 3537 531 3606 τῆς
563 3533 754 3600 ἑαυτοῦ
787 3533 992 3596 εἰκόνος
1023 3531 1288 3604 προνοῶν,
1315 3531 1384 3594 ἐξ
1401 3531 1660 3600 οὐρανοῦ
1689 3531 1824 3584 ἐπέ-

239 3629 428 3696 ϐλεψε
459 3625 556 3680 καὶ
599 3621 720 3678 εἶδε
767 3621 1000 3690 πάντας
1039 3621 1182 3688 τοὺς
1229 3623 1400 3688 υἱοὺς
1431 3621 1552 3676 τῶν
1599 3623 1822 3690 ἀνθρώ-

237 3731 390 3772 πων.
433 3717 500 3768 ‘0
553 3715 618 3786 δὴ
665 3713 936 3784 παριστὰς
981 3715 1010 3766 ό
1063 3711 1254 3785 παρὼν
1295 3713 1454 3782 λόγος
1505 3713 1688 3784 φησίν
1759 3713 1822 3766 '0

239 3807 540 3863 πλάσσων
573 3807 912 3874 καταμόνας
939 3805 1046 3872 τὰς
1099 3803 1348 3874 καρδίας
1391 3803 1610 3858 αὐτῶνο
1655 3819 1822 3858 κατα-

245 3903 412 3974 μόνας
441 3901 498 3954 δὲ
539 3901 752 3972 εἴρηται
795 3899 916 3952 ἀντὶ
967 3897 1092 3964 τοῦ,
1147 3897 1546 3970 ἀφωρισμένως
1581 3897 1730 3968 παρὰ
1753 3899 1820 3952 τὰ

239 3993 406 4048 λοιπὰ
427 3993 560 4058 ζῶα.
581 3993 828 4063 Καρδίας
853 3991 907 4044 δὲ
931 3991 1104 4060 λέγων
1135 3993 1260 4054 τοὺς
1287 3989 1578 4064 λογισμοὺς
1605 3991 1816 4062 ἐδήλου,

239 4089 336 4144 καὶ
361 4089 444 4142 ὅτι
469 4085 864 4156 ἀφωρισμένως
888 4083 1118 4146 ἕκαστος
1167 4081 1452 4154 ἅνθρωπος
1493 4081 1680 4154 ὥσπερ
1721 4099 1820 4136 τα-

243 4183 414 4254 μιεῖον
443 4177 936 4250 ἀποκεκλεισμένον
967 4173 1197 4248 ἕχειζτὴν
1224 4173 1417 4228 ἑαυτοῦ
1449 4173 1706 4238 διάνοιαν,
1741 4173 1816 4238 ὡς

243 4277 448 4351 μηδένα
473 4275 728 4330 δύνασθαι
757 4273 976 4342 ἐτέρους
1027 4267 1464 4340 καταλαμϐάνειν
1501 4265 1812 4338 λογισμούς.

243 4369 454 4436 οὐδεὶς
483 4367 632 4440 γοῦν
681 4365 846 4420 οἶδεν
872 4363 1200 4432 ἀνθρώπων
1237 4361 1310 4414 τὰ
1337 4359 1444 4414 τοῦ
1479 4357 1814 4426 ἀνθρώπου,

243 4467 290 4520 εὶ
309 4463 396 4534 μὴ
417 4463 486 4516 τὸ
509 4461 746 4530 πνεῦμα
781 4457 886 4512 τοῦ
919 4455 1234 4524 ἀνθρώπου
1289 4453 1354 4508 τὸ
1393 4453 1464 4506 ἐν
1489 4451 1668 4518 αὐτῷ.
1723 4451 1814 4504 Διὸ

243 4559 368 4630 mp!
399 4557 560 4628 μόνου
589 4553 682 4608 τοῦ
717 4553 968 4622 Σωτῆρος
1005 4547 1163 4620 ἡμῶν
1205 4549 1284 4612 εἰς
1331 4545 1674 4618 παράστασιν
1715 4543 1816 4614 τῆς

243 4647 402 4704 αὐτοῦ
451 4645 702 4716 θεότητος
731 4641 966 4708 ὲλέγετσ
997 4637 1190 4706 Αὐτός
1227 4635 1340 4706 γὰρ
1391 4635 1522 4706 ᾔδει
1563 4637 1618 4688 τί
1649 4630 1726 4704 ἦν
1747 4634 1818 4688 ἐν

243 4737 318 4806 τῷ
353 4735 660 4804 ἀνθρώπῳο
713 4731 810 4788 καὶ
861 4729 1046 4784 πάλινο
1107 4725 1298 4794 Εἰδὼς
1321 4725 1390 4780 δὲ
1431 4725 1574 4792 τοὺς
1611 4725 1816 4778 διαλο-

245 4831 490 4906 γισμοὺς
521 4827 740 4884 αὐτῶν.
771 4825 942 4880 Τοῦτο
967 4824 1025 4878 δὲ
1055 4823 1152 4878 καὶ
1185 4823 1240 4874 ὲν
1266 4823 1378 4884 τοῖς
1431 4819 1818 4892 προκειμένοις

247 4925 588 4998 turpia-tatur
625 4921 767 4994 μετὰ
811 4919 918 4992 γὰρ
963 4917 1044 4971 τό·
1092 4915 1156 4968 '0
1199 4913 1444 4978 πλάσας
1479 4913 1818 4982 καταμόνας

243 5017 342 5084 τὰς
365 5015 614 5085 καρδίας
631 5011 850 5078 αὐτῶν,
879 5009 1150 5081 συνῆπται
1175 5007 1254 5060 τό·
1287 5007 1350 5058 '0
1377 5005 1609 5070 συνιεὶς
1623 5003 1817 5060 πάντα

1947 595 2067 647 culo
2107 611 2202 648 suo
2237 596 2462 664 respexit
2497 609 2652 664 super
2679 613 2856 652 omnes
2889 599 2980 668 qui
3015 597 3256 654 habitant
3299 609 3520 656 terram.

1949 683 2054 750 Qui
2101 686 2258 754 ﬁnxit
2301 687 2582 756 sigillatim
2639 689 2804 742 corda
2853 705 3082 758 eorum,
3135 691 3228 762 qui
3273 691 3522 764 intelligit

1947 772 2126 826 omnia
2167 789 2326 842 opera
2378 791 2582 830 eorum.
2631 773 2702 832 Ut
2751 777 2990 834 sciamus
3019 795 3130 850 quo
3159 789 3320 850 pacto
3363 797 3520 854 gens,

1945 877 2068 934 quae
2113 863 2272 920 beata
2319 867 2670 936 prtedicatur.
2707 871 3004 926 constituta
3045 871 3230 938 fuerit,
3279 881 3334 930 et
3379 875 3526 932 unde

1943 957 2208 1014 collectus
2239 957 2404 1014 fuerit
2429 960 2664 1030 populus
2699 961 2792 1016 ille
2819 977 2984 1034 quem
3019 963 3182 1034 elegit
3211 965 3266 1022 in
3287 963 3522 1030 haeredi-

1947 1055 2116 1103 tatem
2149 1049 2254 1104 sibi
2279 1067 2296 1116 ;
2327 1060 2734 1122 consequenter
2761 1053 2944 1120 docet,
2985 1055 3078 1124 qui
3107 1055 3222 1126 ipse
3259 1055 3524 1112 Dominus

1941 1153 2068 1194 cum
2119 1155 2312 1198 omnes
2363 1141 2508 1198 ﬁlios
2565 1143 2848 1200 hominum
2895 1145 2990 1216 qui
3035 1147 3286 1202 habitant
3317 1155 3522 1212 terram

1941 1233 2262 1304 respiceret,
2292 1250 2358 1290 ex
2405 1235 2476 1290 iis
2521 1237 2778 1292 omnibus
2821 1239 3137 1308 praedictam
3167 1249 3382 1312 gentem
3415 1239 3520 1296 sibi

1941 1322 2218 1394 selegerit,
2255 1339 2472 1378 necnon
2501 1337 2866 1382 memoratum
2905 1329 3200 1398 populum,
3237 1343 3350 1384 non
3397 1331 3522 1384 aliis
3607 1327 3614 1338 '

1939 1431 2104 1486 quam
2143 1417 2400 1488 superius
2423 1435 2558 1474 usus
2591 1421 2884 1476 ministris.
2931 1419 3038 1474 Pro
3073 1421 3168 1478 illo
3201 1431 3404 1488 autem,
3439 1423 3528 1478 De.

1935 1519 2238 1578 purpurato
2283 1510 2588 1566 habitacula
2639 1529 2774 1580 suo,
2819 1515 3038 1586 Aquila,
3085 1534 3120 1570 a
3161 1519 3528 1584 stabilimenta,

1937 1601 2076 1658 sedis
2111 1619 2244 1670 sum,
2273 1603 2664 1676 interpretatus
2693 1615 2778 1662 est
2805 1625 2822 1674 ;
2873 1607 3234 1679 Symmachus
3257 1621 3458 1682 autem,
3483 1633 3520 1670 ιι

1937 1691 2056 1746 sede
2085 1691 2432 1748 habitationis
2467 1713 2580 1750 sua?
2613 1697 2860 1766 respexit.
2897 1696 3136 1754 Verbum
3167 1711 3350 1756 autem
3397 1704 3522 1774 ejus

1939 1783 2172 1838 salutem
2197 1783 2266 1838 iis
2295 1785 2388 1854 qui
2417 1787 2696 1856 accepturi
2721 1795 2878 1842 erant
2909 1789 3360 1848 administrabat:
3389 1809 3518 1850 nam

1937 1871 2082 1924 misit
2107 1871 2316 1926 ret-bum
2349 1889 2506 1928 suum
2547 1885 2596 1930 et
2627 1879 2836 1931 sanavit
2865 1895 2976 1944 eos,
3021 1889 3072 1934 et
3099 1881 3292 1948 eripuit
3333 1899 3422 1936 eos
3453 1881 3520 1938 de

1937 1965 2328 2022 interition'ibus
2357 1983 2540 2022 eorum
2565 1967 2608 2022 ⁸.
2645 1967 2758 2024 Cur
2791 1979 2974 2026 autem
3007 1971 3074 2026 de
3107 1975 3250 2028 coelo
3275 1975 3518 2046 respexit

1937 2055 2224 2124 Dominus,
2257 2067 2314 2114 et
2343 2075 2466 2130 quae
2499 2075 2668 2120 causa
2747 2061 2914 2118 fuerit
2945 2065 3090 2134 quod
3137 2083 3328 2124 omnes
3375 2069 3520 2126 ﬁlios

1937 2149 2220 2204 hominum
2247 2151 2566 2208 visitatione
2595 2169 2694 2210 sua
2715 2155 3058 2226 dignaretur,
3085 2157 3328 2214 declarat
3359 2161 3520 2216 dein-

1935 2257 2066 2314 ceps
2100 2243 2186 2298 his
2229 2245 2446 2318 verbis;
2493 2245 2599 2310 Qui
2623 2247 2782 2316 ﬁnxit
2811 2249 3090 2320 sigillatim
3121 2251 3286 2306 corda
3307 2269 3514 2320 eorum;

1931 2351 2032 2406 pro
2043 2351 2152 2406 quo
2167 2335 2528 2408 Symmachus
2543 2339 2724 2404 habet,
2743 2341 2846 2408 Qui
2859 2345 3010 2414 ﬁngit
3027 2345 3302 2415 sigillatim
3325 2363 3516 2400 unum-

1931 2425 2167 2496 quodque
2195 2443 2286 2480 cor
2309 2443 2512 2486 eorum.
2539 2429 2594 2484 Si
2623 2431 2772 2486 enim
2795 2433 3094 2488 humanam
3123 2447 3360 2492 mentem
3387 2435 3511 2508 pari

1933 2527 2096 2590 atque
2127 2521 2382 2576 animalia
2413 2523 2576 2578 bruta
2603 2525 2814 2582 ratione
2845 2529 3246 2596 constituisset,
3285 2547 3516 2588 necesse

1933 2609 2178 2680 profecto
2199 2628 2310 2668 non
2329 2623 2448 2668 erat
2467 2615 2642 2686 ipsum
2677 2619 2950 2688 reSpicere
2977 2635 3142 2692 super
3171 2623 3312 2680 lilios
3333 2623 3516 2678 homi-

1931 2719 2100 2770 num;
2151 2703 2422 2760 suﬂiceret
2459 2707 2604 2762 enim
2651 2709 2980 2770 universalis
3009 2711 3098 2764 illa
3149 2713 3510 2782 providentia,

1931 2795 2186 2849 omnibus
2235 2795 2522 2864 aequaliter
2559 2799 2926 2870 prospiciens.
2965 2802 3124 2856 Nunc
3167 2813 3348 2860 autem
3383 2807 3514 2876 quia

1931 2885 2246 2954 praecellens
2269 2887 2520 2956 quaedam
2557 2888 2866 2946 substantia
2901 2899 2986 2946 est
3019 2893 3202 2948 anima
3249 2895 3512 2964 hominis,

1929 2977 2370 3048 quandoquidem
2389 2979 2456 3034 de
2479 2979 2596 3034 solo
2611 2981 2830 3044 homine
2847 2983 3184 3040 declaratum
3205 2987 3514 3052 est,Facia-

1929 3085 2046 3122 mus
2073 3069 2330 3126 hominem
2351 3073 2420 3126 ad
2443 3073 2725 3144 imaginem
2741 3083 2790 3128 et
2813 3077 3212 3132 similitudinem
3241 3089 3516 3136 nostram:

1929 3169 1978 3214 et
2009 3161 2134 3230 fecit
2165 3161 2305 3222 Deus
2331 3163 2588 3218 hominem
2607 3181 2626 3220 :
2653 3165 2722 3220 ad
2742 3167 3124 3238 imaginemDei
3147 3171 3516 3240 fecitillum';

1927 3253 2054 3324 jure
2105 3253 2361 3326 imaginis
2409 3257 2501 3312 ille
2569 3272 2682 3312 sum
2723 3259 3116 3330 providentiam
3167 3279 3404 3334 gerens,
3449 3263 3516 3322 de

1931 3349 2059 3401 caelo
2093 3349 2318 3416 respexit
2365 3357 2416 3404 et
2459 3347 2588 3404 vidit
2629 3365 2804 3408 omnes
2837 3351 2980 3420 ﬁlios
3029 3353 3322 3412 hominum.
3355 3357 3514 3424 Quod

1931 3437 2020 3494 his
2079 3439 2264 3496 verbis
2321 3439 2380 3494 in
2437 3443 2696 3512 praesenti
2741 3445 3150 3514 pronuntiatur,
3209 3445 3312 3512 Qui
3357 3449 3514 3520 ﬁngit

1929 3531 2210 3602 sigillatim
2255 3531 2418 3586 corda
2452 3549 2672 3600 eorum;
2719 3535 2992 3606 sigillatim
3017 3537 3222 3596 dictum
3251 3547 3334 3596 est
3355 3541 3512 3612 quasi

1931 3623 2224 3694 separatim
2267 3629 2322 3684 et
2361 3639 2610 3679 seorsum
2651 3639 2682 3678 a
2721 3625 2950 3696 reliquis
2979 3627 3328 3694 animalibus.
3371 3631 3512 3688 Dum

1929 3719 2110 3767 autem
2141 3711 2308 3766 corda
2345 3721 2692 3778 memoraret,
2737 3717 3096 3786 cogitationes
3145 3719 3508 3789 signiﬁcavit:

1929 3804 2056 3874 quia
2125 3803 2352 3876 quilibet
2399 3803 2562 3860 homo
2609 3821 2858 3868 seorsum
2905 3816 3142 3862 mentem
3201 3827 3356 3866 suam
3407 3829 3512 3870 ceu

1925 3895 2334 3972 receptaculum
2393 3895 2674 3956 occlusam
2731 3897 2928 3962 habet,
2977 3907 3036 3952 ut
3073 3917 3234 3956 nemo
3283 3903 3510 3960 alterius

1925 3989 2291 4058 cogitationes
2361 3987 2768 4060 deprehendere
2833 3991 3030 4046 valeat.
3093 3991 3290 4050 Nullus
3345 3999 3508 4066 igitur

1925 4077 2196 4134 hominum
2223 4079 2366 4134 novit
2394 4097 2510 4152 qute
2537 4091 2662 4136 sunt
2687 4081 2938 4146 hominis,
2959 4085 3066 4138 nisi
3097 4087 3314 4154 spiritus
3343 4087 3510 4144 Immi-

1925 4173 2009 4227 nis
2039 4173 2228 4244 quiest
2255 4175 2308 4228 in
2334 4175 2444 4242 ipso
2469 4177 2510 4228 °.
2529 4173 2708 4240 Quare
2733 4173 2801 4230 de
2833 4175 2950 4230 solo
2985 4175 3264 4234 Salvatore
3293 4189 3504 4248 nostro,

1925 4267 1994 4322 ad
2027 4267 2448 4322 declarationem
2471 4269 2590 4338 ejus
2607 4267 2856 4334 Deitatis,
2887 4271 3192 4336 dicebatur,
3217 4271 3340 4344 Ipse
3365 4277 3506 4332 enim

1925 4361 2124 4414 sciebat
2151 4359 2278 4432 quid
2317 4369 2448 4414 esset
2495 4361 2548 4414 in
2585 4363 2874 4428 homine';
2913 4377 2976 4418 ac
3003 4379 3224 4420 rursum
3259 4385 3272 4420 :
3319 4365 3504 4424 Sciens

1923 4454 2266 4524 cogitationes
2315 4453 2528 4520 illorum
2549 4453 2590 4506 ⁸.
2621 4451 2736 4508 Hoc
2769 4453 2896 4510 item
2929 4455 2984 4508 in
3011 4457 3264 4524 praesenti
3321 4459 3506 4516 decla-

1923 4553 2040 4600 rat:
2067 4553 2188 4616 post
2225 4545 2360 4598 illud
2393 4545 2562 4610 enim,
2589 4545 2694 4612 Qui
2715 4547 2874 4616 ﬁnxit
2903 4547 3182 4618 sigillatim
3215 4549 3378 4606 corda
3413 4567 3504 4608 eo-

1923 4651 2042 4690 rum
2061 4676 2076 4700 ,
2113 4633 2332 4688 additur
2353 4633 2478 4698 hoc,
2511 4633 2616 4700 Qui
2641 4635 3084 4706 intelligitomnia
3113 4653 3268 4708 opera
3297 4656 3498 4698 eorum.

1923 4727 2046 4796 Ipse
2073 4739 2308 4796 namque
2339 4723 2488 4780 solus
2519 4725 2772 4796 intelligit
2798 4743 2862 4782 ex
2897 4729 3204 4798 cujusmodi
3233 4731 3504 4790 electione

1883 4815 2228 4872 .voluntatis
2273 4817 2560 4870 hominum
2619 4831 2784 4886 opera
2841 4819 3097 4884 edantur.
3149 4833 3275 4874 cum
3317 4823 3502 4880 nullus

1923 4911 2064 4966 alius
2107 4909 2408 4980 intelligere
2445 4915 2609 4980 queat
2639 4925 2704 4964 ex
2739 4911 3046 4980 cujusmodi
3089 4915 3394 4984 proposito,
3434 4931 3500 4970 ex

1923 5021 2034 5076 quo
2059 5011 2208 5058 motu
2231 4999 2532 5054 voluntatis
2553 4999 2736 5070 quivis
2767 5001 3047 5057 hominum
3075 5013 3199 5074 agat
3217 5019 3338 5074 qua:
3365 5005 3494 5076 agit.

243 5109 312 5164 τὰ
327 5107 472 5178 ἔργα
495 5103 714 5160 αὐτῶν.
743 5103 920 5166 Μόνος
945 5099 1054 5172 γὰρ
1081 5097 1240 5162 αὐτὸς
1271 5095 1514 5168 συνίησιν
1545 5097 1606 5166 ἐξ
1633 5099 1824 5166 ὁποίας
1859 5093 2232 5172 προαιρέσεως
2261 5091 2330 5144 τὰ
2357 5091 2466 5144 τῶν
2489 5089 2794 5162 ἀνθρώπων
2821 5091 2958 5164 ἔργα
3001 5095 3352 5162 ἐπιτελεῖται,
3391 5113 3502 5170 μη-

241 5199 386 5262 δενδς
409 5197 568 5254 ἄλλου
593 5193 894 5266 δυναμένου
925 5191 1158 5244 συνιέναι
1191 5189 1318 5260 ποίᾳ
1343 5189 1598 5260 προθέσει
1623 5191 1716 5244 καὶ
1743 5193 1906 5266 ὁποίᾳ.
1933 5191 2078 5261 ὁρμῇ
2103 5185 2330 5248 ἕκαστος
2353 5181 2460 5236 τῶν
2489 5181 2790 5254 ἀνθρώπων
2819 5187 3044 5256 πράττει
3065 5187 3102 5242 ἃ
3137 5189 3386 5262 πράττει.

311 5297 396 5350 Οὐ
425 5291 668 5356 σώζεται
707 5287 1006 5356 ,ϐασιλεὺς
1029 5287 1128 5340 διὰ
1151 5285 1394 5354 πολλὴν
1413 5285 1688 5356 δύναμιν,
1711 5287 1812 5342 καὶ

243 5391 410 5462 γίγας
461 5389 534 5442 οὺ
575 5383 912 5452 σωθήσεται
965 5383 1036 5434 ἐν
1069 5379 1286 5449 πλήθει
1335 5380 1550 5448 ἰσχύος
1601 5379 1808 5436 αὐτοῦ.

249 5479 484 5550 Ψωδὴς
505 5481 694 5546 ἵππος
723 5479 810 5544 είς
839 5473 1158 5542 σωτηρίαν
1197 5473 1268 5526 ἐν
1301 5471 1368 5526 δὲ
1387 5471 1604 5540 πλήθει
1629 5473 1812 5528 δυνα-

239 5589 394 5644 μεως
433 5571 618 5626 αὑτοῦ
673 5571 746 5624 οὑ
803 5563 1160 5634 σωθήσεται.
1223 5563 1368 5618 Ἰδοὺ
1419 5567 1472 5619 oi
1523 5565 1816 5634 ὀφθαλμοί

241 5667 460 5736 Κυρίου
507 5665 606 5720 ἐπὶ
625 5661 768 5730 τοὺς
789 5659 1200 5734 φοϐουμένους
1232 5657 1438 5722 αὐτόν,
1473 5657 1612 5724 τοὺς
1645 5657 1816 5726 ἐλπί-

1986 5283 2156 5340 Vens.
2187 5277 2306 5336 16-
2339 5279 2426 5334 19.
2459 5277 2584 5334 Non
2629 5281 2924 5336 saluabitur
2965 5297 3060 5336 rea:
3119 5299 3214 5354 per
3271 5285 3498 5340 multam

1915 5383 2192 5440 uirtutem,
2243 5383 2294 5428 et
2323 5373 2470 5442 gigas
2547 5389 2652 5426 non
2699 5371 2996 5428 saluabitur
3045 5375 3098 5428 in
3159 5375 3496 5432 multitudine

1919 5473 2126 5530 uirtutis
2151 5483 2280 5524 suae.
2309 5465 2510 5522 Fallax
2533 5481 2694 5536 equus
2717 5463 2788 5518 ad
2807 5465 3034 5519 salutem
3051 5505 3066 5532 ,
3091 5467 3144 5520 in
3167 5465 3496 5526 abundantia

1921 5575 2096 5620 autem
2119 5559 2328 5616 virtutis
2351 5575 2462 5614 sua:
2485 5575 2588 5612 non
2610 5555 2926 5612 salvabitur.
2951 5553 3088 5614 Ecce
3111 5557 3252 5612 oculi
3277 5557 3494 5616 Domini

1923 5673 2076 5728 super
2109 5661 2390 5710 metuentes
2415 5669 2564 5722 eum,
2595 5659 2644 5706 et
2675 5651 2728 5706 in
2757 5651 2832 5706 eis
2861 5652 2950 5722 qui
2974 5661 3186 5722 sperant
3207 5667 3362 5724 super
3389 5655 3494 5712 mi-

331 5869 516 5932 ‘Psal.
547 5885 672 5944 cvi,
699 5871 790 5930 20.
865 5871 888 5904 ⁸
927 5867 1124 5926 Genes.
1161 5879 1204 5932 ι,
1237 5861 1330 5934 26,
1367 5863 1454 5918 27.
1534 5863 1556 5896 ⁶
1595 5859 1638 5916 ιι
1675 5859 1810 5917 Cor.

1961 5855 2050 5912 Il.
2125 5857 2147 5888 ⁷
2185 5853 2342 5914 Joan.
2379 5871 2458 5920 ιι,
2495 5855 2584 5912 25.
2665 5855 2688 5888 ⁸
2730 5853 2864 5913 Luc.
2893 5869 2986 5924 vt,
3021 5851 3078 5912 8.
