4122 6454
524 383 632 439 287

1148 377 1235 433 EU
1245 374 1415 432 SE8“
1453 368 1927 430 CESARIENSIS
1960 368 2089 426 ΟΡΡ

2201 368 2328 426 ARS
2389 367 2485 424 ιιι.
2528 379 2604 410 κ
2637 371 3044 434 ΕΧΕΕΕΤΙΟᾹ.

3651 379 3761 437 288

525 492 814 552 sericordia
845 507 984 562 ejus,
1027 499 1083 546 ut
1115 497 1274 544 eruat
1307 505 1340 542 a
1365 497 1533 541 morte
1567 487 1774 540 animas
1801 500 1979 538 eorum
1999 523 2014 548 ,
2043 494 2091 537 et

2201 481 2399 552 ζοντας
2419 475 2524 538 ἐπὶ
2551 483 2615 540 τὸ
2649 487 2820 555 ἕλεος
2847 488 3055 556 αὐτοῦ,
3081 493 3390 562 ῥύσασθαι
3409 493 3477 547 ἐκ
3517 495 3782 553 θανάτου

524 594 638 646 atat
673 605 761 644 eos
801 587 855 640 in
897 585 1060 655 fame.
1100 581 1293 638 lsthaec
1331 578 1777 650 su‘pradictorum
1817 576 2100 632 sententiae

522 681 817 737 cohaerent.
853 675 1046 731 Sermo
1073 687 1309 744 namque
1339 677 1628 743 postquam
1673 683 1864 724 omnes
1905 667 1999 737 qui
2042 667 2097 722 in

522 781 668 828 terra
698 778 826 827 sunt
859 768 1110 824 homines
1155 766 1224 821 ad
1271 765 1364 822 Dei
1396 765 1647 820 timorem
1682 763 1936 833 superius
1969 775 2101 816 evo-

522 866 667 922 cavit
695 864 783 920 his
812 861 1020 924 verbis,
1043 859 1250 914 Timent
1281 858 1562 913 Dominum
1591 856 1758 922 omnis
1791 865 1971 921 terra;
2006 852 2102 908 de-

521 958 650 1014 inde
693 964 756 1012 ut
805 955 1019 1010 animos
1070 951 1332 1014 adderet,
1377 965 1446 1005 ne
1487 949 1670 1003 animo
1710 946 2006 1002 deﬁcerent
2035 960 2100 1002 ac

521 1048 945 1105 reformidarent
971 1043 1386 1118 persecutiones
1412 1042 1743 1100 obventuras
1762 1081 1776 1107 ,
1805 1046 1929 1093 ante
1959 1038 2102 1108 adje-

522 1152 702 1208 cerat,
729 1142 988 1196 Dominus
1013 1141 1239 1208 dissipat
1262 1136 1486 1198 consilia
1509 1135 1740 1206 gentium
1759 1173 1774 1198 ,
1796 1140 1851 1188 et
1876 1141 2096 1195 cetera.

521 1235 709 1290 Eidem
745 1234 909 1305 igitur
939 1231 1225 1288 sententiae
1254 1228 1520 1285 insistens
1553 1227 1605 1281 in
1638 1226 1892 1296 superius
1923 1225 2101 1281 allatis

522 1330 598 1385 ait
627 1371 640 1384 .
672 1325 975 1394 Confidite,
1003 1339 1101 1380 vos
1134 1338 1327 1378 omnes
1365 1321 1432 1384 ad
1467 1335 1606 1392 quos
1639 1334 1821 1374 sermo
1845 1318 2098 1373 vertitur.

523 1422 582 1479 Si
631 1422 817 1493 itaque
859 1419 928 1474 ad
975 1419 1124 1473 hunc
1169 1417 1420 1471 timorem
1475 1411 1860 1474 accesseritis.
1911 1411 2102 1470 oculos

520 1515 642 1587 ejus
685 1513 908 1584 vimque
940 1511 1090 1570 illius
1123 1508 1501 1580 perspicacem
1532 1506 1689 1562 vobis
1719 1502 2102 1575 providentem

519 1604 841 1661 obtinebitis
863 1643 879 1669 ,
916 1617 1039 1673 qua:
1080 1615 1178 1657 vos
1207 1600 1277 1654 ab
1305 1598 1563 1654 omnibus
1597 1597 1840 1654 inimicis
1868 1611 1933 1654 ac
1966 1594 2103 1650 insi-

518 1699 827 1756 diatoribus
856 1697 1133 1754 liberabit.
1165 1693 1302 1750 Ecce
1333 1705 1572 1764 namque
1604 1689 1744 1744 oculi
1775 1687 1986 1742 Domini
2010 1702 2104 1741 su-

515 1808 609 1863 per
641 1800 929 1852 metuentes
960 1805 1080 1844 eum
1101 1828 1116 1853 ,
1149 1788 1240 1859 qui
1271 1793 1488 1856 sperant
1534 1798 1694 1852 super
1733 1778 2100 1835 misericordia

2198 576 2306 643 τὰς
2329 574 2538 646 ψυχὰς
2563 579 2780 644 αὐτῶν,
2807 582 2903 636 καί
2931 581 3244 652 διαθρέψαι
3269 585 3491 652 αὐτοὺς
3508 587 3578 640 ὲν
3600 589 3780 659 λιμῷ.

2204 669 2428 739 Ἐχεται
2463 671 2561 742 τῆς
2587 670 2693 724 τῶν
2720 673 3160 744 προλελεγμένων
3201 675 3440 742 διανοίας
3458 679 3527 732 τὰ
3558 680 3783 751 προκει-

2204 777 2360 832 μενα.
2389 763 2736 831 Συγκαλέσας
2757 765 2862 836 γὰρ
2881 767 2910 818 6
2941 766 3100 836 λόγος
3137 771 3343 835 πάντας
3371 774 3496 837 τοὺς
3556 774 3649 828 ἐπὶ
3678 778 3786 850 γῆς

2202 854 2523 927 ἀνθρώπους
2577 858 2670 912 ἐπὶ
2718 859 2806 914 τὸν
2836 861 2998 930 φόϐον
3035 861 3129 916 τοῦ
3163 863 3296 918 Θεοῦ
3322 866 3410 920 διὰ
3450 867 3544 927 τοῦ
3593 887 3785 940 προει-

2203 949 2344 1000 πεῖν⁹
2373 949 2687 1018 Φοϐηθήτω
2719 951 2827 1005 τὸν
2871 954 3090 1021 Κύριον
3115 954 3282 1010 πᾶσα
3306 960 3344 1026 ἡ
3385 959 3483 1028 γῆ·
3535 958 3653 1017 εἶτα
3681 980 3788 1018 πα-

2204 1040 2552 1113 ραθαρρύνας
2584 1043 2658 1114 μὴ
2691 1044 2928 1116 ἀγωνιᾷν
2963 1047 3097 1118 μηδὲ
3157 1049 3434 1118 φοϐεῖσθαι
3493 1054 3620 1118 τοὺς
3652 1055 3784 1126 μέλ-

2201 1132 2392 1199 λοντας
2428 1135 2819 1190 ἐπανίστασθαι
2882 1139 3064 1202 αὐτοῖς
3111 1140 3404 1212 διωγμοὺς,
3438 1147 3641 1219 συνῆψε
3695 1149 3786 1206 διὰ

2201 1228 2310 1281 τῶν
2350 1228 2658 1300 ἔμπροσθεν
2722 1229 2805 1282 τό·
2862 1232 3078 1299 Κύριος
3127 1233 3496 1299 διασκεδάζει
3541 1241 3785 1310 βουλὰς

2202 1318 2414 1383 ἐθνῶν,
2443 1319 2539 1376 καὶ
2568 1318 2633 1372 τὰ
2656 1316 2803 1390 ἑξῆς.
2838 1320 2951 1391 Τῆς
2981 1317 3074 1375 οὖν
3107 1324 3276 1395 αὐτῆς
3326 1326 3563 1394 διανοίας
3594 1331 3788 1402 ἐκόμα-

2203 1431 2292 1477 νος
2317 1415 2410 1467 καὶ
2442 1414 2529 1470 διὰ
2559 1415 2668 1468 τῶν
2698 1419 3072 1488 προκειμένων
3125 1420 3276 1490 φησί·
3311 1421 3596 1496 Θαρσεῖτε.
3646 1426 3786 1480 πάν·-

2203 1524 2293 1570 τες
2318 1508 2473 1578 ὑμεῖς
2501 1509 2637 1580 πρὸς
2669 1509 2762 1574 οὓς
2781 1513 2808 1564 6
2829 1511 3003 1581 λόγος.
3035 1514 3096 1567 Ei
3145 1513 3278 1583 γοῦν
3331 1518 3676 1588 προσέλθοιτε
3707 1520 3786 1592 τῷ

2203 1599 2368 1653 αὑτοῦ
2401 1601 2568 1672 φόϐῳ,
2593 1602 2742 1667 ἕξετε
2763 1604 2888 1668 τοὺς
2909 1605 3072 1659 αὑτοῦ
3102 1607 3412 1686 ὀφθαλμοὺς
3439 1610 3529 1664 καὶ
3549 1613 3650 1682 τὴν
3678 1613 3789 1669 διο-

2208 1688 2434 1761 ρατικὴν
2460 1690 2624 1744 αὑτοῦ
2643 1691 2870 1764 δύναμιν
2905 1697 3307 1752 ἐπισκοποῦσαν
3333 1699 3497 1764 ὑμᾶς,
3529 1703 3624 1756 καὶ
3652 1704 3791 1767 πάν-

2203 1798 2310 1846 των
2337 1781 2546 1854 ἐχθρῶν
2574 1785 2668 1838 καὶ
2722 1787 3020 1843 ἐπιϐούλων
3077 1790 3364 1862 ρυομένην.
3417 1792 3569 1848 Ἰδοὺ
3592 1794 3702 1867 γὰρ
3733 1799 3792 1852 οι

517 1882 670 1955 ejus,
717 1891 776 1944 ut
818 1891 969 1936 eruat
1019 1898 1054 1936 a
1096 1888 1270 1937 morte
1314 1877 1524 1932 animas
1563 1889 1768 1932 eorum.
1810 1870 1946 1926 Nam
1980 1871 2095 1926 sine

2206 1873 2501 1944 ὀφθαλμοί
2529 1877 2751 1944 Κυρίου
2799 1877 2901 1932 ἐπὶ
2953 1880 3095 1949 τοὺς
3141 1885 3552 1954 φοϐουμένους
3578 1887 3788 1955 αὐτὸν,

515 1973 694 2030 oculis
721 1971 816 2029 Dei
846 1972 996 2026 nulla
1029 1970 1224 2028 salutis
1265 1983 1396 2040 spes
1440 1974 1561 2036 est,
1604 1981 1672 2021 ne
1715 1963 1938 2036 quidem
1979 1961 2097 2033 regi

519 2065 576 2123 in
608 2066 832 2120 militari
862 2070 1134 2135 potestate
1169 2060 1355 2119 ﬁdenti
1385 2078 1401 2128 ;
1435 2075 1549 2114 non
1595 2056 1802 2129 giganti
1847 2057 1903 2111 in
1947 2055 2094 2111 mul-

516 2154 753 2214 titudine
805 2154 1024 2220 virtutis
1061 2161 1116 2212 et
1163 2150 1503 2216 fortitudinis
1551 2147 1935 2219 superbienti;
1983 2162 2092 2201 non

518 2263 663 2320 equo
718 2245 996 2303 velocitati
1055 2244 1258 2315 pedum
1315 2240 1638 2306 confidenti.
1713 2238 1841 2294 Haec
1895 2239 2099 2310 quippe

515 2337 702 2394 omnia
731 2335 983 2405 decipere
1014 2333 1229 2397 solent,
1265 2333 1457 2388 fallere
1490 2331 1620 2386 item
1667 2336 1723 2388 et
1763 2329 1818 2383 in
1851 2343 2095 2384 errorem

516 2427 777 2485 inducere
806 2441 902 2488 eos
929 2424 1023 2496 qui
1071 2425 1128 2479 in
1173 2423 1369 2483 iisdem
1409 2437 1562 2494 spem
1601 2421 1824 2476 habent.
1861 2418 1967 2474 Sed
1997 2434 2098 2481 vos

515 2519 774 2578 confidite
800 2518 894 2589 qui
923 2515 1214 2582 Dominum
1242 2514 1510 2580 invocatis
1532 2553 1549 2577 ,
1579 2512 1811 2584 ejusque
1845 2510 2095 2566 timorem

515 2608 915 2678 assumpsistis.
944 2607 1188 2672 Consilia
1215 2605 1460 2678 gentium
1487 2619 1556 2660 ne
1580 2602 1951 2662 reformidetis
1973 2617 2099 2674 quae

516 2700 784 2758 Dominus
845 2699 1121 2773 dissipat,
1179 2712 1283 2754 nec
1341 2695 1706 2768 cogitationes
1764 2696 2092 2774 populorum

513 2808 637 2865 quae
677 2808 710 2848 a
759 2794 871 2848 Deo
919 2791 1089 2846 irritae
1130 2787 1464 2854 ciliciuntur,
1513 2802 1617 2844 nec
1653 2776 1888 2846 consilia
1943 2787 2098 2858 prin-

513 2889 698 2954 cipum
755 2898 879 2954 qua:
941 2882 1059 2953 ipse
1119 2880 1430 2948 subvertit,
1489 2877 1602 2933 imo
1667 2893 1850 2951 neque
1910 2891 2098 2949 regem

514 2974 702 3032 manui
745 2972 972 3029 militari
1019 2971 1306 3036 innixum,
1349 2983 1528 3040 neque
1571 2969 1847 3040 gigantem
1880 2967 2098 3021 fortitu-

513 3067 642 3124 dine
671 3081 738 3123 ac
764 3066 976 3130 viribus
1006 3063 1290 3135 corporeis
1314 3069 1638 3118 tumentem.
1664 3060 1730 3116 Et
1752 3076 1877 3116 cum
1905 3063 2099 3130 ingens

515 3159 831 3233 praesidium
850 3199 866 3226 ,
897 3157 1152 3214 videlicet
1175 3155 1534 3228 providentia:
1565 3155 1739 3226 ipsius
1768 3153 1960 3216 oculos
1991 3153 2092 3207 ob-

2203 1963 2344 2030 τοὺς
2370 1965 2722 2034 ἐλπίζοντας
2773 1969 2870 2022 ἐπί
2929 1969 2995 2024 τὸ
3037 1971 3210 2040 ἕλεος
3240 1973 3448 2039 αὐτοῦ,
3481 1977 3792 2043 ῥύσασθαι

2202 2058 2270 2111 ἐκ
2303 2058 2562 2114 θανάτου
2596 2060 2704 2128 τὰς
2729 2062 2934 2132 ψυχὰς
2989 2063 3206 2120 αὐτῶν.
3259 2068 3392 2140 Λίχα
3450 2068 3559 2142 γὰρ
3610 2072 3792 2127 αὐτῶν

2203 2148 2312 2204 τῶν
2343 2149 2436 2204 τοῦ
2463 2151 2598 2206 Θεοῦ
2631 2153 2924 2225 ὀφθαλμῶν
2980 2157 3080 2210 οὐκ
3126 2157 3272 2211 ἐστιν
3325 2160 3456 2232 ἄλλη
3521 2165 3795 2238 σωτηρίας

2205 2244 2378 2309 ἐλπὶς,
2405 2243 2529 2299 οὔτε
2562 2246 2772 2318 βασιλεῖ
2808 2253 3170 2323 στρατιωτικῇ
3207 2251 3433 2324 δυνάμει
3480 2255 3791 2328 θαρροῦντι,

2204 2335 2327 2391 οὔτε
2361 2337 2580 2406 γίγαντι
2614 2340 2706 2392 ἐπὶ
2739 2339 2930 2412 πλήθει
2975 2341 3258 2412 δυνάμεως
3291 2346 3386 2399 καὶ
3449 2345 3632 2418 ἰσχύος
3658 2366 3793 2418 γαυ-

2209 2429 2476 2500 ρουμένῳ,
2505 2429 2629 2490 οὔτε
2665 2431 2815 2502 ἵππῳ
2850 2431 3025 2486 ποδῶν
3051 2434 3292 2506 ὠκύτητι
3319 2436 3631 2508 θαρῤοῦντι.
3657 2440 3795 2495 Πὰνο

2204 2537 2273 2574 τα
2303 2521 2411 2594 γὰρ
2437 2521 2614 2576 ταῦτα
2646 2521 3008 2592 διαψεύδεται,
3044 2525 3266 2595 σφάλλει
3320 2527 3414 2590 καὶ
3452 2528 3633 2602 πλανᾷ
3667 2532 3794 2597 τοὺς

2205 2613 2293 2665 ἐπ’
2324 2613 2507 2677 αὐτοῖς
2557 2612 2874 2684 ὴλπικότας.
2925 2615 3062 2667 Ἀλλ’
3111 2616 3269 2687 ὑμεῖς
3317 2617 3592 2691 θαρσεῖτε,
3625 2622 3678 2674 οἱ
3699 2621 3792 2674 τὸν

2204 2701 2408 2773 Κύριον
2430 2701 2836 2768 ἐπικαλοῦντες,
2867 2704 2959 2757 καὶ
2990 2703 3083 2757 τὸν
3121 2703 3286 2758 αὑτοῦ
3314 2706 3479 2776 φόϐον
3511 2705 3795 2780 ἀνειληφόαι

2203 2811 2314 2859 τες.
2346 2795 2457 2860 Καὶ
2481 2796 2618 2867 μήτε
2643 2794 2837 2866 βουλὰς
2870 2795 3040 2851 ἐθνῶν
3097 2797 3369 2868 φοὸεῖσθε,
3403 2799 3471 2864 ἃς
3524 2802 3552 2854 6
3585 2801 3791 2873 Κύριος

2203 2885 2640 2951 διασκεδάννυσι,
2689 2888 2829 2960 μήτε
2857 2887 3150 2959 λογισμοὺς
3189 2887 3353 2952 λαῶν,
3403 2889 3496 2953 οὒς
3527 2892 3554 2944 6
3585 2891 3791 2962 Κύριος

2205 2978 2406 3042 ἀθετεῖ,
2450 2980 2586 3050 μήτε
2618 2977 2812 3049 βουλὰς
2838 2979 3135 3061 ἀρχόντων,
3178 2980 3244 3046 ἃς
3269 2981 3431 3046 αὐτὸς
3470 2983 3787 3055 ἀνατρέπει.

2219 3067 2376 3130 Ἀλλὰ
2408 3068 2544 3140 μηδέ
2579 3069 2800 3140 βασιλέα
2831 3070 3022 3143 πλήθει
3070 3073 3466 3144 στρατιωτικῆς
3508 3072 3790 3143 δυνάμεως

2206 3158 2505 3213 πεποιθότα
2530 3159 3000 3232 καταπλήττεσθε,
3039 3161 3172 3234 μηδὲ
3226 3163 3458 3232 γίγαντα
3517 3163 3660 3233 ίσχύῖ
3695 3163 3790 3217 καὶ

513 3252 769 3316 tineatis,
804 3253 862 3307 in
888 3251 1008 3326 ipso
1034 3251 1154 3311 solo
1185 3257 1241 3306 et
1275 3249 1331 3303 in
1366 3247 1752 3310 misericordia
1781 3245 1902 3316 ejus
1939 3259 2092 3316 spem

2201 3250 2338 3323 ἀλκῇ
2389 3249 2640 3322 σώματος
2692 3252 3051 3328 τυφούμενον.
3107 3255 3363 3326 Ἔχοντες
3405 3254 3462 3310 δὲ
3515 3256 3657 3326 μέγα
3688 3274 3789 3326 φυ-

514 3346 762 3413 reponite
789 3352 1028 3402 vestram
1049 3383 1065 3409 ,
1099 3351 1158 3397 ut
1191 3350 1346 3402 eruat
1381 3357 1415 3396 a
1447 3349 1616 3394 morte
1646 3340 1852 3393 animus
1885 3353 2092 3394 eorum.

515 3436 664 3494 lors
693 3443 875 3492 autem
908 3435 1104 3498 anima:
1144 3431 1312 3489 fuerit
1350 3433 1447 3490 Dei
1488 3431 1811 3505 abnegatio,
1861 3428 2096 3486 defectio

514 3532 674 3604 plena
693 3569 710 3594 ,
737 3536 794 3586 et
819 3536 1046 3600 peccata
1073 3527 1142 3582 ad
1171 3534 1404 3582 mortem
1477 3525 1551 3588 ita
1583 3533 1643 3579 ut
1674 3523 1720 3579 si
1752 3521 1972 3594 quando
2002 3537 2097 3577 ac-

514 3623 694 3691 cidat,
729 3630 790 3677 ut
829 3623 1167 3694 sperantium
1215 3619 1273 3674 in
1322 3617 1490 3674 Deum
1536 3631 1768 3688 corpora
1814 3613 2095 3670 communi

513 3715 714 3779 morti,
758 3713 830 3769 ob
871 3713 992 3784 ejus
1037 3710 1416 3774 testimonium
1463 3709 1794 3774 tradantur,
1844 3716 1900 3764 at
1950 3707 2098 3766 oculi

513 3807 610 3863 Dei
639 3807 852 3865 animas
883 3821 1075 3867 eorum
1102 3812 1363 3861 curantes
1389 3820 1422 3860 a
1452 3810 1631 3859 morte
1676 3803 1828 3875 ipsos
1871 3801 2094 3872 eripue-

513 3907 664 3955 runt.
693 3897 880 3972 Neque
913 3899 969 3962 id
1001 3898 1348 3955 solummodo
1381 3905 1645 3972 praestant
1677 3913 1692 3962 ;
1727 3893 1825 3951 sed
1855 3904 1915 3950 ut
1943 3895 2095 3949 alant

511 4008 609 4048 eos
638 3992 694 4047 in
729 3992 872 4048 fame
895 4031 911 4058 ,
948 3989 1357 4064 providentiam
1393 3973 1616 4044 habent.
1655 3986 1938 4058 Siquidem
1971 4001 2097 4058 per-

514 4085 861 4142 secutionum
908 4091 1187 4156 tempore,
1232 4099 1341 4155 quo
1385 4083 1708 4154 plerumque
1747 4081 1996 4138 doctrina
2042 4089 2096 4135 et

512 4180 825 4236 divinarum
873 4177 1286 4249 Scripturarum
1337 4176 1605 4232 lectiones
1656 4175 2091 4248 praapediuntur,

512 4272 734 4342 rarique
767 4277 1067 4326 occurrunt
1106 4271 1200 4340 qui
1244 4269 1563 4342 spirituales
1605 4269 1758 4325 cibos
1802 4267 2092 4327 animabus

514 4363 799 4419 hominum
841 4361 1205 4440 impertiant;
1254 4371 1495 4418 attamen
1543 4360 1691 4416 oculi
1722 4359 1974 4425 Domini,
2007 4359 2093 4414 di-

511 4453 625 4510 vini
657 4452 898 4525 Spiritus
937 4453 1147 4508 influxu
1167 4495 1182 4519 ,
1231 4453 1480 4524 ipsorum
1514 4453 1727 4516 animas
1758 4451 1911 4506 alunt
1936 4458 1990 4505 ct
2021 4449 2091 4504 ab

2199 3342 2492 3415 λακτήριον
2539 3346 2666 3408 τοὺς
2720 3345 2821 3415 τῆς
2855 3345 3110 3417 προνοίας
3143 3346 3306 3400 αὐτοῦ
3337 3346 3668 3418 ὀφθαλμοὺς,
3700 3349 3787 3402 ἐπ’

2198 3429 2360 3482 αὑτὸν
2385 3430 2633 3494 ἐλπίζετε
2671 3432 2830 3502 μόνον
2860 3434 2954 3488 καὶ
2979 3434 3072 3487 ἐπὶ
3115 3434 3176 3487 τὸ
3205 3434 3353 3499 ἔλεος
3378 3437 3564 3500 αὐτοῦ,
3608 3441 3696 3506 εις
3719 3440 3788 3494 τὸ

2189 3521 2498 3589 ῥύσασθαι
2536 3520 2605 3576 ἐκ
2629 3521 2890 3577 θανάτου
2925 3523 3033 3590 τὰς
3061 3525 3266 3595 ψυχὰς
3299 3526 3515 3592 αὐτῶν.
3547 3529 3804 3596 Θάνατος-

2198 3613 2245 3667 δ’
2267 3614 2333 3667 ἂν
2371 3615 2456 3686 εἴη
2477 3613 2657 3692 ψυχῆς
2694 3616 2728 3686 ἡ
2779 3615 3008 3687 ἄρνησις
3040 3617 3134 3672 τοῦ
3161 3617 3295 3672 Θεοῦ
3328 3621 3422 3673 καὶ
3451 3622 3483 3692 ή
3519 3606 3791 3696 παντελὴς

2197 3707 2524 3772 ἀποστασία,
2542 3707 2634 3761 καὶ
2665 3709 2720 3761 αἱ
2775 3707 2912 3780 πρὸς
2938 3707 3166 3763 θάνατον
3183 3712 3467 3782 ἁμαρτίαι·
3486 3714 3648 3778 ὥστε,
3681 3715 3798 3772 κᾶνε

2201 3799 2378 3872 συμὸῇ
2411 3817 2538 3867 ποτε
2569 3800 2676 3854 τῶν
2709 3801 3035 3867 ἐλπιζόντων
3061 3804 3157 3857 ἐπὶ
3189 3805 3280 3856 τὸν
3314 3804 3517 3877 Κύριον
3567 3807 3634 3862 τὰ
3687 3808 3787 3863 σώ·

2201 3907 2345 3963 ματα
2366 3891 2579 3963 θανάτῳ
2605 3893 2994 3963 παραδίδοσθαι
3024 3894 3101 3967 τῷ
3139 3895 3304 3970 κοινῴ
3336 3896 3425 3950 διὰ
3454 3899 3552 3969 τὴν
3585 3902 3664 3965 είς
3684 3903 3784 3955 αύ-

2195 3984 2287 4050 τὸν
2324 3986 2648 4059 μαρτυρίαν,
2671 3985 2784 4040 ἀλλ’
2809 3989 2858 4053 oi
2887 3987 3155 4060 ὀφθαλμοὶ
3178 3973 3342 4043 αὑτοῦ
3367 3991 3458 4044 τοῦ
3477 3994 3783 4064 κρείττονος

2196 4079 2616 4150 ἐπιμεληθέντες
2648 4080 2746 4146 τὰς
2777 4082 2955 4154 ψυχὰς
2993 4083 3170 4137 αὐτῶν
3196 4083 3495 4156 ἐρρύσαντο
3529 4089 3590 4141 ἐκ
3622 4087 3784 4145 θανά-

2193 4188 2308 4224 του.
2341 4173 2416 4225 Οὐ
2455 4173 2613 4243 μόνον
2639 4172 2695 4240 δέ
2725 4174 2884 4238 τοῦτο
2917 4175 3181 4241 ποιοῦσιν,
3233 4177 3368 4232 ἀλλὰ
3399 4181 3493 4233 καὶ
3540 4181 3633 4235 τοῦ
3663 4183 3782 4237 δια-

2195 4261 2391 4338 θρέψαι
2417 4265 2613 4329 αὐτοὺς
2642 4266 2698 4318 ἐν
2721 4265 2865 4346 λιμῷ
2898 4267 3154 4338 πρόνοιαν
3207 4270 3504 4324 ποιοῦνται.
3547 4273 3636 4327 Ἐν
3671 4276 3780 4347 γὰρ

2191 4359 2304 4419 τοῖς
2335 4360 2544 4429 καιροῖς
2569 4357 2676 4410 τῶν
2733 4357 3008 4428 διωγμῶν,
3037 4358 3158 4422 καθ’
3179 4359 3272 4424 οὓς
3322 4363 3579 4430 πολλάκις
3606 4366 3780 4421 κεκῶη

2191 4447 2376 4502 λυνται
2411 4449 2507 4520 μὲν
2545 4452 2600 4504 αί
2658 4449 2998 4506 διδασκαλίαι
3033 4454 3218 4510 καὶτὰ
3249 4454 3358 4508 τῶν
3406 4456 3782 4514 θεοπνεύστων

511 4543 632 4617 ipso
662 4544 770 4600 Deo
798 4544 1081 4600 institutas
1110 4544 1356 4600 etliciunt
1381 4585 1397 4611 ,
1425 4545 1500 4598 ita
1533 4553 1592 4599 ut
1621 4543 1761 4599 citra
1791 4543 2089 4597 humanam

2201 4538 2426 4612 Γραφῶν
2457 4538 2880 4614 ἁναγνὼσματα,
2936 4541 3186 4607 σπανίζει
3214 4543 3272 4598 δὲ
3299 4546 3326 4597 6
3351 4543 3450 4610 τὰς
3479 4563 3780 4620 πνευματι-

511 4639 680 4693 ullam
723 4636 1106 4710 disciplinam,
1157 4652 1359 4693 arcana
1409 4638 1644 4711 quadam
1672 4637 1872 4694 virtute
1903 4633 2086 4690 nutri-

515 4741 696 4786 antur.

2197 4632 2296 4696 κάς
2325 4631 2532 4705 τροφὰς
2579 4637 2698 4697 ταῖς
2732 4634 2842 4689 τῶν
2878 4634 3181 4708 ἀνθρώπων
3239 4635 3507 4704 διαδιδοὺς
3557 4640 3788 4712 ψυχαῖςὶ

2193 4728 2342 4799 ὅμως
2372 4731 2420 4782 οἱ
2447 4727 2714 4800 ὀφθαλμοὶ
2740 4729 2832 4782 τοῦ
2858 4730 3065 4802 Κυρίου
3093 4733 3159 4802 τῇ
3187 4732 3279 4787 τοῦ
3303 4733 3447 4796 θείου
3465 4735 3781 4807 Πνεύματος

511 4821 760 4901 ἐπιρροῇ,
795 4827 1119 4884 καὶτούτων
1173 4828 1274 4894 τὰς
1318 4829 1494 4901 ψυχὰς
1558 4827 1902 4900 διατρέφουσι
1956 4825 2326 4889 θεοδιδὰκτους
2384 4826 2580 4889 αὐτοὺς
2613 4825 3064 4900 ἀπεργαζόμενοι,
3127 4827 3202 4892 ὡς
3233 4829 3327 4882 καὶ
3358 4831 3484 4886 ἄνευ
3529 4833 3629 4904 τῆς
3687 4834 3792 4888 ἀνο.

513 4921 744 4994 θρώπων
775 4921 1121 4988 διδασκαλίας
1147 4923 1448 4994 ἀπορρήτῳ
1477 4922 1702 4992 δυνάμει
1755 4919 2072 4992 τρέφεσθαι.

817 5097 878 5158 IN
916 5099 1248 5158 PSALMUM
1289 5069 1498 5164 DAYID
1535 5098 1772 5165 xxxnl.

515 5259 566 5318 1.
619 5258 846 5326 Quando
884 5258 1182 5316 immutauit
1221 5259 1423 5314 vultum
1461 5276 1616 5314 suum
1653 5276 1834 5315 coram
1871 5261 2089 5317 Abime—

840 5329 983 5396 lech,
1021 5339 1071 5383 et
1107 5331 1311 5384 dimisit
1348 5347 1466 5385 eum
1502 5340 1552 5385 et
1592 5331 1748 5387 abiit.

583 5486 816 5556 Quidam
862 5483 1123 5558 suspicati
1168 5493 1298 5542 sunt
1354 5485 1502 5540 illam
1549 5486 1838 5557 praesentis
1881 5485 2088 5557 psalmi

516 5581 927 5652 inscriptionem
950 5620 964 5644 ,
997 5579 1284 5634 historiam
1313 5577 1620 5648 respicere,
1649 5593 1756 5648 qua
1786 5577 1961 5633 fertur
1991 5576 2088 5632 Da-

513 5677 693 5731 videm
721 5691 752 5730 a
782 5673 920 5729 facie
945 5672 1128 5729 Saulis
1154 5673 1454 5744 fugientem
1477 5711 1492 5736 ,
1525 5669 1592 5724 ad
1618 5669 1867 5725 Anchum
1899 5685 2084 5742 regem

512 5768 652 5824 Geth
688 5769 988 5825 accessisse
1009 5807 1023 5833 ,
1053 5767 1276 5837 quando
1310 5764 1580 5820 insaniam
1617 5765 1888 5822 simulans
1927 5765 2085 5835 quasi

514 5870 770 5938 tympano
803 5861 1052 5934 pulsabat
1085 5860 1151 5917 ad
1185 5867 1372 5934 portas
1406 5859 1585 5926 urbis,
1621 5869 1674 5914 et
1705 5858 2079 5922 deferebatur.

2431 5097 2540 5152 ΕΙΣ
2571 5098 2709 5153 ΤΟΝ
2737 5099 3037 5154 ΨΑΛΜΟΝ
3068 5097 3153 5153 TD
3185 5101 3385 5156 ΔΑΥΙΔ
3413 5101 3531 5155 AI".

2210 5260 2418 5313 Ὁπότε
2461 5258 2764 5326 ήλλοίωσε
2800 5257 2867 5310 τό
2925 5259 3250 5325 πρόσωπον
3295 5259 3484 5318 αὐτοῦ
3519 5260 3790 5316 ἐνώπιον-

2246 5328 2571 5399 Ἀὄιμέλεχ,
2605 5329 2700 5383 καὶ
2731 5327 3043 5384 ἀπέλυσεν
3073 5330 3262 5384 αὑτὸν
3296 5332 3395 5384 καὶ
3443 5329 3736 5401 ἀπῆλθεν.

2278 5483 2572 5538 Ὺπέλαῦόν
2624 5502 2768 5548 τινες
2821 5484 2920 5557 τὴν
2994 5485 3089 5539 τοῦ
3142 5487 3500 5559 προκειμένου
3553 5487 3771 5560 ψαλμοῦ

2195 5575 2518 5648 προγραφὴν
2550 5577 2763 5646 ἐκείνην
2791 5577 3074 5648 σημαίνειν
3123 5579 3221 5650 τὴν
3279 5583 3538 5650 ἱστορίαν,
3585 5580 3767 5656 δι’ἦς,

2195 5665 2410 5736 φεύγων
2440 5665 2599 5718 Δαυῖδ
2629 5665 2737 5718 ἀπὸ
2770 5666 3058 5738 προσώπου
3071 5669 3261 5733 Σαοὺλ,
3287 5670 3602 5743 ἐληλυθέναι
3634 5673 3766 5743 πρρς

2207 5759 2429 5830 Ἄγχους
2455 5758 2674 5828 βασιλέα
2687 5758 2786 5812 Γὲθ
2804 5759 3231 5831 ἀναγέγραπται·
3260 5763 3346 5816 ὅτε
3375 5765 3571 5833 μανίαν
3601 5782 3767 5836 προσ-

2195 5853 2436 5928 ποιηθεὶς
2488 5850 2851 5926 ἐτυμπάνιξεν
2878 5853 2968 5906 ἐπὶ
3017 5856 3136 5918 ταῖς
3181 5855 3371 5928 θύραις
3405 5859 3504 5929 τῆς
3537 5857 3770 5932 πόλεως,
