4122 6454
235 415 355 471 289

1399 393 1902 468 communia
1940 390 2007 464 ut
2042 390 2384 466 psauios.

3413 413 3519 470 290

239 535 343 588 καὶ
375 531 750 604 παρεφέρετο,
786 533 880 586 καὶ
905 533 1120 597 ἔπιπτε,
1172 521 1266 588 καὶ
1296 535 1552 606 κατέρρει
1593 532 1661 588 τὰ
1691 533 1842 587 σίελα

1949 538 2002 586 et
2036 531 2356 599 decidebat,
2393 538 2447 587 et
2480 529 2796 588 deﬂuebant
2829 532 3015 588 saliva:
3046 531 3168 602 ejus
3200 516 3257 587 in
3289 531 3520 590 barbam

237 625 422 681 αὑτοῦ
456 624 546 677 ἐπὶ
575 625 667 678 τὸν
690 624 924 695 πώγωνα
942 625 1128 679 αὑτοῦ·
1149 625 1276 679 ὥστ’
1294 626 1466 679 εἰπεῖν
1493 625 1586 679 τὸν
1615 624 1842 696 Ἀγχοῦς

237 718 394 790 πρὸς
428 719 558 782 τοὺς
607 717 800 780 παῖδας
858 717 1044 772 αὑτοῦ·
1088 718 1290 790 ’Ἄνδρα
1343 719 1638 790 ἐπίληπτον
1673 719 1757 772 ῖνα
1789 717 1844 773 τί

238 813 585 884 εἰσηγάγετε
644 810 779 884 πρὸς
829 810 934 882 μέ;
989 810 1128 864 Ἀλλ’
1178 812 1260 864 ὅτι
1313 811 1412 884 μὲν
1465 811 1728 883 ὴλλοίωσε
1784 812 1845 865 τὸ

239 903 553 974 πρόσωπον
585 901 770 966 αὐτοῦ,
821 903 1060 974 ἥκουσαν
1089 904 1136 956 οἱ
1199 902 1446 956 τοιοῦτοι·
1499 904 1581 957 ὅτι
1643 903 1688 957 δ’
1717 903 1845 974 ἐξῆς

241 993 553 1062 συνῆπται,
584 993 864 1048 ἐναντίον
905 981 1231 1065 Ἀϐιμέλεχ,
1263 993 1478 1048 δοκοῦσί
1507 1011 1596 1066 μοι
1627 1013 1844 1069 παρεωά

242 1085 510 1158 ρακέναι.
560 1085 618 1139 Ὁ
652 1085 750 1156 μὲν
776 1081 868 1139 οὖν
913 1086 1140 1157 Ἀγχοῦς
1166 1086 1274 1141 τῶν
1303 1085 1614 1156 ἀλλοφύλων
1641 1083 1710 1159 ἦν
1742 1087 1843 1159 βα-

241 1173 443 1239 σιλεὺς
493 1175 604 1228 τῶν
652 1176 1046 1230 κατοικούντων
1078 1176 1176 1248 τὴν
1224 1176 1345 1231 Γέθ·
1377 1179 1406 1231 6
1457 1177 1514 1231 δὲ
1557 1178 1844 1251 Ἀἦιμέλεχ

244 1267 441 1338 ἱερεὺς
479 1265 576 1321 τοῦ
613 1266 750 1321 Θεοῦ
807 1268 1226 1340 μνημονεύεται·
1284 1257 1421 1341 πρὸς
1450 1269 1509 1323 ὃν
1558 1271 1650 1324 καὶ
1681 1258 1844 1327 αὑτὸν

239 1359 538 1431 ἐληλυθὼς
584 1362 614 1415 6
644 1361 807 1416 Δαυῖδ
854 1361 960 1434 πρὸ
987 1362 1088 1434 τῆς
1131 1364 1431 1436 παρουσίας
1459 1365 1557 1436 τῆς
1585 1363 1722 1438 πρὸς
1753 1365 1844 1420 τὸν

253 1450 503 1522 Ἀγχοῦς
537 1453 847 1523 ἱστορεῖται·
884 1453 1031 1523 λέγει
1057 1455 1166 1528 γὰρ
1195 1458 1229 1529 ἠ
1263 1457 1452 1528 Γραφή
1476 1475 1489 1488 ·
1523 1457 1635 1513 Καὶ
1676 1457 1844 1528 ἔρχε-

239 1557 341 1596 ται
379 1546 416 1596 ό
447 1544 629 1597 Δαυῒδ
658 1547 745 1611 είς
767 1545 924 1599 Νοϐὰ
951 1547 1102 1615 πρὸς
1159 1543 1472 1619 Ἀχιμέλεχ
1503 1549 1611 1604 τὸν
1664 1548 1842 1618 lapsa,

241 1632 349 1687 zeal
379 1632 610 1703 ἐξέστη
665 1635 975 1707 Ἀχιμέλεχ
1002 1636 1077 1708 τῇ
1099 1638 1436 1706 ἀπαντήσει
1474 1639 1680 1695 αὐτοῦ·
1744 1640 1846 1696 zeal

237 1727 427 1781 εἶπεν
457 1726 638 1793 αὐτῷ·
664 1729 724 1782 Τί
750 1729 839 1783 ὅτι
870 1730 951 1784 σὺ
977 1730 1167 1800 μόνος
1185 1730 1282 1785 zeal
1312 1731 1511 1799 οὐδεὶς
1530 1734 1682 1804 μετὰ
1703 1733 1844 1799 σοῦ;

241 1819 360 1874 Kal
417 1816 556 1875 εἶπε
575 1821 756 1876 Δαυῒδ
791 1821 870 1889 τῷ
904 1823 1062 1892 ἱερεῖ·
1137 1823 1201 1879 Ὅ
1234 1825 1538 1894 ,βασιλεὺς
1568 1827 1847 1884 ἐντέταλ-

1945 623 2122 694 ipsius
2151 641 2166 691 ;
2201 623 2275 677 ita
2315 631 2375 677 ut
2409 623 2618 678 diceret
2651 623 2879 680 Auchus
2914 625 3098 695 pueris
3133 624 3252 680 suis
3285 643 3300 680 :
3339 623 3521 690 Quare

1944 714 2121 769 virum
2151 715 2413 785 epilcpsia
2440 725 2753 787 correptum
2779 715 2844 771 ad
2866 732 2950 772 me
2969 716 3355 772 introduxistis
3377 717 3398 770 ?
3419 715 3524 772 Ve-

1942 821 2065 862 rum
2092 807 2171 860 illi
2199 806 2266 860 ad
2297 806 2353 861 id
2383 808 2561 864 solum
2591 808 2944 864 attenderunt
2972 809 3120 881 quod
3150 795 3523 864 immutaverit

1943 901 2152 955 vultum
2179 914 2337 954 suum
2365 918 2380 967 ;
2408 899 2502 955 sed
2530 899 2784 956 videnlur
2807 901 2937 955 mihi
2965 901 3020 956 id
3046 902 3353 974 neglexisse
3376 901 3522 972 quod

1943 1009 2072 1048 mox
2115 993 2387 1063 sequitur,
2435 1008 2618 1048 coram
2664 991 2988 1049 Abimelech.
3013 996 3081 1050 At
3105 993 3250 1048 enim
3296 993 3522 1049 Auchus

1943 1086 2379 1156 alienigenarum
2405 1084 2634 1140 Getham
2681 1085 3034 1140 incolentium
3087 1100 3184 1141 rex
3210 1093 3366 1153 erat;
3394 1085 3524 1141 Abi-

1943 1179 2152 1234 melech
2183 1193 2312 1234 vero
2343 1177 2604 1233 sacerdos
2625 1175 2719 1233 Dei
2755 1177 2922 1234 fuisse
2950 1185 3285 1232 memoratur
3314 1194 3330 1232 :
3359 1192 3522 1247 quem

1943 1269 2074 1326 item
2111 1269 2280 1326 David
2312 1268 2548 1333 adiisse,
2584 1279 2876 1338 antequam
2906 1269 3021 1341 regi
3064 1267 3290 1324 Auchus
3340 1283 3401 1324 se
3449 1267 3526 1322 si-

1943 1369 2113 1419 Steret
2134 1402 2149 1426 ,
2202 1369 2532 1430 enarratur;
2587 1362 2664 1416 ait
2693 1362 2894 1432 quippe
2926 1361 3255 1433 Scriptura:
3289 1359 3358 1414 Et
3387 1361 3527 1416 venit
3561 1413 3573 1432 γ

1943 1452 2116 1508 David
2150 1454 2206 1508 in
2238 1452 2448 1507 Nobam
2484 1453 2552 1507 ad
2579 1451 2912 1507 Achimelech
2950 1451 3314 1516 sacerdotem,
3347 1461 3398 1506 et
3432 1451 3552 1506 ob-,

1945 1545 2146 1615 stupuit
2194 1543 2523 1599 Achimelech
2569 1543 2634 1599 de
2686 1560 2909 1598 occursu
2953 1544 3112 1614 ejus;
3148 1554 3197 1600 et
3243 1543 3382 1598 dixit
3429 1545 3524 1599 ei:

1949 1640 2130 1709 Quare
2157 1648 2212 1694 tu
2237 1641 2384 1695 solus
2413 1649 2464 1694 et
2492 1640 2673 1695 nullus
2701 1651 2775 1695 est
2807 1649 2974 1694 tecum
3001 1643 3026 1697 ?
3056 1639 3124 1693 Et
3151 1642 3227 1694 ait
3252 1640 3424 1696 David
3452 1639 3522 1694 ad

1947 1734 2275 1790 sacerdotem
2301 1749 2320 1788 :
2353 1731 2465 1787 Rex
2503 1732 2750 1801 prwcepit
2786 1731 2916 1784 mihi
2952 1747 3246 1786 sermonem
3285 1729 3436 1785 hodie
3472 1739 3524 1784 et

1947 1827 2087 1882 dixit
2113 1827 2242 1881 mihi
2270 1843 2288 1881 :
2322 1825 2494 1881 Nemo
2522 1826 2658 1880 sciat
2688 1841 2796 1880 rem
2824 1834 3036 1894 propter
3060 1841 3219 1896 quam
3244 1839 3337 1894 ego
3370 1826 3523 1878 mitto

240 1912 345 1966 ταί
370 1929 486 1982 μοι
505 1913 672 1982 ῥῆμα
694 1913 960 1984 σήμερον
977 1916 1075 1971 καὶ
1101 1911 1233 1971 εἶπέ
1253 1934 1373 1987 μοι·
1391 1918 1618 1988 Μηδεὶς
1643 1918 1844 1989 γνώτω

1949 1931 1994 1978 te
2013 1963 2027 1987 ,
2053 1917 2191 1977 etde
2216 1937 2322 1993 qua
2349 1920 2571 1991 praecepi
2615 1918 2710 1972 tibi
2731 1934 2751 1984 ,'
2779 1927 2829 1973 et
2855 1917 3032 1987 pueris
3063 1917 3377 1986 testificatus
3406 1931 3522 1969 sum

239 2004 314 2058 τὸ
346 2002 525 2074 ῥῆμα
560 2005 695 2074 περὶ
743 2001 814 2062 οὗ
872 2005 988 2078 ἐγὼ
1043 2007 1403 2064 ἀποστέλλω
1427 2024 1521 2076 σε,
1557 2011 1655 2066 zeal
1687 2011 1842 2082 ὑπὲρ

241 2092 321 2154 οὗ
357 2096 727 2169 ἐντέταλμαί
783 2115 903 2164 σοι,
965 2101 1065 2156 zeal
1095 2100 1220 2168 τοῖς
1276 2101 1609 2172 παιδαρίοις
1645 2103 1844 2175 διαμε-

237 2193 635 2262 μαρτύρημαι
685 2194 757 2247 ἐν
801 2192 882 2260 τῷ
909 2194 1072 2261 τόπῳ
1102 2194 1184 2262 τῷ
1240 2195 1543 2268 λεγομένῳ
1572 2197 1720 2253 Θεοῦ
1749 2198 1846 2252 πί-

242 2301 412 2352 στις.
440 2287 554 2340 Kal
581 2285 701 2341 νῦν
723 2287 780 2341 ετ
801 2289 960 2342 είσιν
982 2287 1103 2342 ὑπὸ
1158 2287 1273 2359 τὴν
1325 2288 1494 2358 χεῖρά
1516 2305 1633 2345 σου
1657 2288 1842 2358 ἄρτοι,

244 2375 360 2444 δὸς
388 2379 482 2444 είς
505 2376 710 2448 χεῖράς
735 2397 855 2450 μου
897 2380 965 2435 τὸ
1005 2379 1270 2450 εὑρεθέν.
1311 2382 1421 2437 Kal
1461 2383 1756 2454 ἀπεκρίθη
1811 2385 1846 2440 ὀ

248 2467 456 2536 ίερεὺς
479 2468 563 2535 τῷ
602 2469 803 2539 Δαυῒδ,
831 2471 932 2526 zeal
963 2468 1154 2526 εἶπεν·
1191 2474 1312 2528 Οὐκ
1340 2474 1502 2528 είσίν
1527 2473 1693 2543 ἄρτοι
1734 2473 1846 2540 ,ϐέ-

247 2560 431 2626 ϐηλοι
454 2561 572 2616 ὑπὸ
606 2561 722 2631 τὴν
745 2561 916 2633 χεῖρά
931 2582 1074 2634 μου,
1107 2564 1196 2620 ὅτι
1225 2557 1364 2621 ἀλλ’
1399 2566 1439 2636 ἣ
1482 2567 1649 2636 ἄρτοι
1690 2567 1848 2639 ἅγιοι

248 2653 442 2706 εἰσιν·
485 2656 540 2708 εί
581 2655 1012 2728 πεφυλαγμένα
1068 2657 1142 2712 τὰ
1189 2656 1471 2728 παιδάρια
1513 2659 1686 2715 ἐστιν
1726 2661 1846 2716 ἀπὸ

249 2743 571 2814 ⁴γυναικὸς,
613 2745 712 2801 zeal
778 2745 1014 2818 φάγετε.
1050 2749 1160 2805 Kal
1214 2750 1502 2820 ἀπεκρίθη
1527 2751 1710 2808 Δαυῒδ
1767 2751 1849 2820 τῷ

249 2834 423 2905 ἱερεῖ,
449 2835 548 2891 zeal
567 2831 736 2892 εἶπεν
755 2837 934 2905 αὐτῷ·
965 2840 1117 2895 Ἀλλ’
1139 2841 1256 2896 ἀπὸ
1271 2843 1556 2912 γυναικὸς
1577 2844 1848 2917 ἀπεσκή-

245 2929 409 2995 μεθα
433 2926 611 2996 ἐχθὲς
635 2927 732 2982 zeal
759 2929 966 2998 τρίτην
991 2927 1238 3000 ἡμέραν·
1263 2931 1334 2986 ἐν
1378 2931 1458 2998 τῷ
1483 2932 1750 2999 ἐξελθεῖν
1771 2952 1850 3006 με

253 3021 345 3087 εὶς
366 3019 519 3074 ὁδὸν
536 3019 745 3090 γέγονε
774 3020 845 3075 τὰ
871 3021 1150 3091 παιδάρια
1177 3023 1530 3094 ἡγνισμένα·
1568 3026 1666 3081 zeal
1695 3027 1846 3096 αῦτη

254 3113 295 3180 ἡ
326 3111 476 3178 ὁδὸς
500 3109 785 3180 βέϐηλος·
822 3111 975 3167 διότι
1003 3112 1272 3183 σήμερον
1293 3114 1724 3185 ἁγιασθήσεται
1752 3115 1850 3170 διὰ

255 3199 329 3254 τὰ
351 3202 552 3270 σκεύη
597 3219 737 3273 μου.
786 3203 895 3258 Kal
963 3199 1186 3258 ἔδωκεν
1234 3202 1394 3270 αὐτῷ
1449 3203 1765 3275 Ἀχιμέλεχ
1816 3207 1850 3260 ὁ

1943 2015 1999 2069 in
2033 2014 2147 2070 loco
2177 2014 2268 2086 qui
2296 2013 2514 2079 dicitur,
2550 2011 2647 2065 Dei
2679 2008 2834 2080 ﬁdes.
2861 2007 3022 2062 Nunc
3045 2025 3168 2080 ergo
3203 2009 3251 2062 si
3283 2007 3390 2062 sint
3426 2007 3522 2061 sub

1943 2124 2105 2162 manu
2140 2115 2233 2160 tua
2259 2121 2420 2175 panes
2446 2146 2460 2168 ,
2490 2102 2561 2157 da
2591 2104 2647 2157 in
2681 2117 2871 2156 manus
2904 2116 3048 2156 meas
3083 2099 3222 2171 quod
3258 2111 3520 2169 repertum

1945 2200 2128 2266 fuerit.
2167 2197 2237 2252 Et
2271 2195 2585 2266 respondens
2616 2193 2867 2250 sacerdos
2897 2192 3093 2248 Dauidi
3123 2193 3199 2246 ait
3233 2192 3316 2246 illi
3342 2207 3362 2247 :
3395 2188 3521 2245 Non

1945 2298 2068 2344 sunt
2106 2303 2267 2358 panes
2308 2287 2436 2342 laici
2475 2285 2570 2341 sub
2608 2300 2771 2340 manu
2809 2301 2958 2353 mea,
2999 2283 3089 2338 sed
3123 2291 3330 2337 tantum
3360 2298 3520 2352 panes

1945 2382 2153 2449 sancti,
2193 2381 2242 2436 si
2281 2381 2648 2435 abstinuerunt
2694 2377 2846 2447 pueri
2894 2393 2929 2431 a
2970 2376 3318 2442 mulieribus,
3348 2390 3522 2429 come-

1945 2472 2074 2528 dite.
2104 2471 2170 2526 Et
2199 2471 2466 2542 respondit
2497 2468 2667 2525 David
2691 2469 2955 2532 sacerdoti
2973 2509 2988 2534 ,
3015 2477 3066 2524 et
3091 2468 3226 2522 dixit
3252 2468 3302 2522 ei
3321 2483 3340 2521 :
3371 2465 3524 2521 Certe

1947 2581 1982 2619 a
2012 2563 2318 2618 mulieribus
2353 2563 2708 2618 continuimus
2741 2578 2838 2617 nos
2873 2559 2938 2615 ab
2969 2561 3083 2616 lteri
3111 2568 3161 2615 et
3192 2558 3386 2614 nudius
3420 2567 3527 2612 ter-

1948 2656 2084 2720 tius,
2109 2655 2320 2726 quando
2344 2653 2540 2726 egressi
2565 2669 2748 2708 sumus
2777 2653 2832 2706 in
2857 2654 2996 2708 viam
3019 2687 3034 2719 ,
3062 2659 3110 2708 et
3139 2653 3351 2722 fuerunt
3374 2649 3528 2720 pueri

1947 2747 2271 2817 saneti/ieati
2294 2761 2310 2801 :
2340 2762 2498 2816 porro
2529 2746 2612 2801 via
2638 2745 2751 2801 hac
2779 2745 2984 2814 polluta
3013 2753 3092 2800 est
3117 2760 3135 2810 ,'
3163 2743 3254 2800 sed
3285 2745 3399 2815 ipsa
3427 2745 3523 2800 ho-

1947 2837 2033 2892 die
2046 2835 2684 2908 sanctiﬁcabiturpropter
2708 2853 2835 2890 vasa
2863 2851 2996 2890 mea.
3024 2833 3091 2890 Et
3119 2834 3263 2890 dedit
3289 2835 3337 2890 ei
3365 2833 3526 2888 Achi-

1949 2929 2145 2986 melech
2173 2929 2418 2985 sacerdos
2444 2947 2602 3001 panes
2628 2929 3003 3000 propositionis
3023 2969 3039 2994 ,
3064 2945 3226 3000 neque
3245 2928 3380 2983 enim
3410 2930 3528 2982 erat

1949 3023 2024 3078 ibi
2051 3025 2237 3094 panis,
2270 3024 2374 3078 nisi
2406 3032 2612 3077 tantum
2640 3035 2803 3092 panes
2833 3022 3023 3091 faciei,
3053 3021 3146 3092 qui
3181 3019 3376 3074 sublati
3411 3019 3532 3090 fato

1951 3123 2073 3166 rant
2099 3129 2131 3166 a
2163 3111 2298 3180 facie
2322 3112 2536 3167 Domini
2557 3151 2571 3176 ,
2598 3120 2655 3165 ut
2685 3119 2964 3180 poneretur
2985 3111 3140 3180 panis
3167 3108 3394 3174 calidus,
3423 3119 3530 3175 qua

1951 3205 2036 3260 die
2068 3206 2268 3276 accepit
2297 3221 2386 3260 eos
2417 3207 2460 3259 ⁸.

258 3293 459 3362 ιερεὺς
486 3292 630 3361 τοὺς
674 3294 896 3364 ἄρτους
931 3293 1044 3364 τῆς
1076 3297 1434 3364 προθέσεως·
1487 3296 1578 3350 ὅτι
1632 3298 1744 3352 οὐκ
1785 3293 1865 3368 ἦν
1901 3297 2101 3367 ἄρτος,
2133 3297 2272 3352 ἀλλ’
2296 3298 2334 3367 ἣ
2362 3297 2525 3366 ἄρτοι
2551 3297 2660 3353 τοῦ
2682 3299 3007 3368 προσώπου
3041 3298 3095 3351 ol
3160 3296 3530 3367 ἀφῃρημένοι

257 3389 328 3444 ἑκ
349 3391 682 3462 προσώπου
706 3392 926 3462 Κυρίου
952 3393 1060 3448 τοῦ
1100 3395 1502 3465 παρατεθῆναι
1533 3395 1716 3466 ἄρτον
1753 3397 1990 3467 θερμὸν,
2015 3391 2056 3470 ᾗ
2099 3396 2290 3469 ἡμέρᾳ
2313 3397 2530 3454 ἐλαϐεν
2549 3398 2790 3464 αὐτούς.

331 3483 528 3540 Ταῦτα
570 3485 668 3561 μὲν
713 3481 808 3538 οῦν
847 3485 880 3557 ἠ
919 3487 1049 3557 περὶ
1093 3486 1190 3540 τοῦ
1259 3487 1545 3560 Ἀχιμέλεχ
1595 3489 1847 3562 διήγησις

2022 3490 2149 3546 llaec
2186 3490 2350 3546 habet
2389 3489 2633 3544 narratio
2671 3489 2764 3542 illa
2801 3486 2868 3543 de
2906 3485 3280 3541 Achimelech.
3321 3483 3530 3544 Deinde

261 3577 534 3652 περιέχει·
588 3575 716 3648 ἑξῆς
765 3576 823 3631 δὲ
872 3579 1140 3649 συνῆπται
1187 3579 1262 3644 ὼς
1292 3581 1492 3651 ἀνέστη
1544 3582 1708 3636 Δαυῗδ
1753 3585 1848 3638 καὶ

263 3670 469 3740 ἔφυγεν
492 3673 550 3725 ὲν
577 3673 643 3742 τῇ
675 3670 859 3742 ἡμέρᾳ
893 3672 1094 3744 ἐκείνῃ·
1157 3671 1253 3726 τοῦ
1279 3690 1338 3726 τε
1381 3675 1667 3746 Ἀχιμέλεχ
1721 3676 1850 3732 ἀνα-

263 3765 542 3838 χωρήσας,
567 3758 698 3834 ἧλθε
744 3762 880 3834 πρὸς
917 3763 1145 3836 Ἀγχοῦς
1190 3763 1414 3836 βασιλέα
1475 3765 1598 3820 Γέθ.
1659 3767 1715 3822 '0
1752 3767 1850 3838 μὲν

266 3852 360 3909 οὖν
388 3874 472 3922 τις
503 3857 636 3928 ὲρεῐ,
667 3855 789 3910 ἐπεὶ
851 3855 926 3928 μὴ
995 3857 1291 3929 ἐμφέρεται
1325 3858 1384 3910 ὲν
1411 3860 1477 3929 τῇ
1541 3858 1751 3930 ἱστορίᾳ
1781 3861 1848 3930 τῇ

270 3947 413 4000 κατὰ
429 3946 522 4000 τὸν
578 3945 866 4017 Ἀχιμέλεχ
907 3963 926 3996 ι
959 3945 1258 4011 ἀλλοιώσας
1299 3944 1362 4001 τὸ
1411 3947 1702 4020 πρόσωπον
1756 3950 1852 4002 αύ-

267 4037 364 4092 τοῦ
395 4042 424 4093 6
455 4037 634 4106 Aau‘l6,
674 4059 693 4093 ι
732 4043 872 4094 κατὰ
905 4039 1127 4110 σφάλμα
1174 4040 1385 4096 κεῖσθαι
1431 4043 1492 4095 τὸ
1525 4043 1695 4113 ὄνομα
1753 4042 1850 4096 τοῦ

282 4127 570 4202 ’Δδιμέλεχ
603 4132 725 4185 ἀντὶ
770 4131 864 4186 τοῦ
915 4132 1176 4203 ὀνόματος
1222 4131 1468 4203 Ἀγχούς·
1526 4133 1712 4202 σαφῶς
1742 4133 1852 4206 γὰρ

271 4219 369 4276 ἐπὶ
391 4222 484 4276 τοῦ
510 4224 730 4296 Ἀγχοῦς
762 4224 992 4298 εἴρηται·
1013 4235 1033 4274 ι
1049 4223 1342 4290 ἀλλοιώσας
1361 4222 1422 4278 τὸ
1447 4234 1738 4296 πρόσωπον
1763 4226 1850 4280 αὖε

269 4315 392 4380 τοῦ,
423 4333 442 4366 s
465 4317 550 4370 ὅτε
579 4317 669 4370 καὶ
700 4315 771 4370 τὰ
803 4316 954 4370 σίελα
971 4316 1136 4370 αὑτοῦ
1161 4318 1416 4390 κατέρρει
1439 4318 1532 4372 καὶ
1559 4318 1855 4389 ἐτυμπάνι-

274 4406 385 4472 ξεν.
427 4409 626 4480 Ἔργον
646 4408 703 4462 δὲ
736 4408 964 4480 Θρασὺν,
992 4409 1088 4463 καὶ⁵
1126 4409 1393 4481 προπετὲς
1425 4404 1564 4464 εἶναι
1615 4411 1852 4483 ἠγοῦμαι

274 4495 337 4550 si:
361 4496 739 4567 ἀποφήνασθαι
795 4493 998 4566 τολμᾷν
1029 4495 1128 4567 τὴν
1163 4495 1310 4548 Θείαν
1353 4496 1393 4548 Γ
1400 4497 1574 4568 ραςςὴν
1606 4499 1854 4569 ἡμαρτῆ-

279 4591 420 4656 σθαι,
451 4588 544 4642 καὶ
568 4586 820 4641 τοσοῦτον
848 4587 1122 4659 περιέχειν
1151 4587 1396 4658 σφάλμα,
1441 4585 1517 4652 ὡς
1545 4588 1666 4642 ἀντὶ
1701 4589 1856 4644 ἀλλο-

278 4680 442 4748 φύλου
473 4679 664 4751 ἀνδρὸς
694 4678 842 4750 ἱερέα
907 4678 1042 4732 Θεοῦ
1076 4678 1442 4750 παρενθεῐναι·
1505 4679 1740 4750 μάλιστα
1765 4682 1855 4735 ὅτε

1951 3583 2213 3654 adjicitur
2264 3597 2376 3652 quo
2418 3590 2581 3653 pacto
2620 3580 2790 3636 David
2843 3580 3148 3636 surrexerit
3197 3587 3252 3634 et
3281 3578 3532 3652 eﬂ'ugerit

1950 3677 2046 3733 illa
2079 3676 2202 3741 die,
2249 3690 2487 3745 cumque
2531 3675 2600 3730 ab
2654 3672 3006 3730 Achimelech
3061 3671 3430 3739 discessisset,
3461 3673 3530 3729 ad

1949 3768 2174 3824 Auchus
2186 3782 2369 3837 regem
2392 3765 2531 3822 Geth
2555 3767 2871 3822 accesserit.
2893 3765 3044 3822 Dicet
3063 3765 3200 3821 forte
3217 3766 3528 3837 quispiam:

1954 3863 2090 3918 Cum
2121 3862 2177 3916 in
2205 3860 2434 3916 historia
2462 3861 2529 3915 de
2562 3859 2910 3916 Achimelech
2937 3873 3046 3913 non
3073 3857 3283 3913 feratur
3312 3877 3330 3910 ι
3361 3858 3523 3914 Davi-

1951 3955 2074 4012 dem
2102 3955 2420 4010 immutasse
2452 3952 2660 4006 vultum
2689 3967 2871 4014 suum,
2901 3971 2918 4003 ι
2942 3951 3098 4021 lapsu
3137 3950 3398 4021 graphico
3429 3965 3535 4006 no-

1951 4063 2078 4104 men
2108 4045 2459 4102 Achimelech
2490 4059 2592 4114 pro
2621 4045 2842 4099 nomine
2882 4042 3108 4098 Auchus
3137 4043 3374 4112 positum
3397 4052 3482 4100 est
3507 4059 3524 4100 :

1953 4140 2100 4198 clare
2130 4139 2277 4196 enim
2326 4137 2382 4192 in
2430 4136 2660 4192 historia
2697 4135 2922 4191 Auchus
2971 4136 3175 4191 dicitur
3211 4137 3532 4192 immutasse

1951 4233 2164 4288 vultum
2213 4245 2396 4298 suum,
2446 4229 2666 4300 quando
2707 4229 2892 4284 salivae
2941 4229 3061 4299 ejus
3111 4227 3446 4292 difﬂuebant,
3479 4236 3534 4285 et

1953 4322 2111 4394 quasi
2140 4331 2402 4394 tympano
2429 4321 2702 4393 pulsabat.-
2736 4321 2805 4374 At
2829 4335 2930 4391 ego
2951 4320 3130 4375 audax
3155 4321 3532 4377 temerarium-I-
3608 4325 3610 4328 ’

1953 4431 2062 4486 que
2095 4415 2305 4471 facinus
2333 4415 2574 4470 arbitror
2607 4429 2750 4478 esse,
2783 4415 3143 4484 pronuntiare
3194 4413 3538 4470 conﬁdenter

1953 4505 2194 4566 divinam
2223 4507 2562 4578 Scripturam
2586 4507 2794 4576 lapsam
2815 4521 2957 4570 esse,
2977 4513 3031 4561 et
3053 4506 3160 4562 tale
3180 4506 3369 4561 vitium
3395 4521 3533 4578 prie.

1957 4599 2118 4664 ferre,
2154 4606 2214 4654 ut
2249 4615 2349 4669 pro
2379 4601 2498 4655 viro
2543 4597 2848 4667 alienigena
2891 4599 3150 4654 sacerdos
3184 4598 3398 4654 Domini
3435 4615 3536 4670 poo

1956 4701 2158 4758 natur;
2197 4705 2322 4745 cum
2370 4689 2606 4744 maxime
2639 4687 2904 4744 chraica
2938 4689 3181 4745 lectio.et
3210 4690 3403 4762 reliqui
3449 4691 3536 4746 in-

277 4775 370 4826 ηαὶ
393 4775 428 4845 ἡ
470 4772 732 4844 Ἐϐραῖκὴ
763 4771 1067 4840 ἀνάγνωσις
1101 4773 1195 4824 καὶ
1225 4773 1272 4824 ol
1316 4771 1492 4825 λοιποὶ
1523 4773 1849 4844 ἑρμηνευταὶ

1957 4790 2228 4853 terpretes
2274 4798 2464 4838 omnes
2505 4781 2833 4837 Aehimelech
2893 4781 3305 4838 circumferant.
3346 4782 3536 4840 Restat

280 4866 479 4930 πάντες
500 4865 590 4918 τὸν
627 4862 912 4935 Ἀχιμέλεχ
932 4863 1290 4935 περιέχουσιν.
1327 4862 1535 4918 Οὐκοῦν
1561 4865 1849 4922 ἀκόλουθον

1958 4873 2148 4946 igitur,
2177 4875 2398 4946 quando
2451 4875 2740 4946 inscriptio
2767 4889 2894 4930 vera
2925 4874 3150 4944 profert,
3186 4884 3244 4930 ut
3278 4877 3536 4947 exquira-

283 4956 346 5011 ἂν
369 4960 477 5029 εῐη,
502 4955 868 5029 ἀληθευούσης
900 4955 1000 5026 τῆς
1031 4956 1375 5027 προγραφῆς,
1407 4955 1686 5028 ἐπιζητεῖν
1737 4956 1856 5022 πῶς

1953 4981 2083 5022 mus
2105 4967 2378 5038 quomodo
2405 4975 2459 5022 et
2489 4966 2709 5038 quando
2732 4966 2902 5023 David
2933 4967 3134 5021 vultum
3157 4983 3310 5022 suum
3337 4971 3534 5023 immu-

283 5051 374 5104 καὶ
404 5050 531 5103 πότε
574 5047 873 5116 ἠλλοίωσε
936 5047 1010 5118 τὸ,
1059 5050 1381 5117 πρόσωπον
1427 5050 1613 5104 αὐτοῦ
1677 5051 1849 5106 Δαυῒδ

1958 5059 2088 5113 tavit
2117 5030 2296 5114 coram
2343 5030 2666 5125 Abimelech,
2702 5069 2751 5114 et
2787 5060 2991 5114 dimisit
3019 5079 3157 5123 eum,
3183 5071 3232 5116 et
3256 5063 3407 5118 abiit.
3440 5061 3537 5118 Ἦ·
3571 5041 3575 5045 Ι

283 5139 556 5196 ἐναντίον
617 5142 944 5212 Ἀϐιμέλεχ,
993 5142 1091 5196 zeal
1152 5141 1464 5198 ἀπέλυσεν
1510 5144 1716 5210 αὐτὸν,
1757 5145 1864 5201 zeal

1961 5150 2121 5207 detur
2143 5167 2276 5206 sane
2309 5151 2442 5205 mihi
2481 5167 2550 5206 ex
2574 5159 2894 5208 cancrorum
2927 5153 3281 5223 interpretum
3313 5171 3537 5226 compa-
3647 5220 3653 5225 ﬁ

285 5233 534 5304 ἀπῆλθε.
563 5235 718 5290 Δοκεῖ
742 5235 804 5304 δή
829 5252 917 5306 μοι
946 5236 1009 5288 ἐκ
1033 5236 1132 5308 τῆς
1160 5235 1515 5308 παραθέσεως
1531 5237 1636 5292 τῶν
1658 5237 1849 5294 λοιπῶν

1961 5242 2172 5298 ratione
2228 5242 2443 5311 quaesiti
2476 5243 2776 5300 solutiones
2803 5243 3157 5314 suppeditari.
3175 5244 3310 5301 Nam
3339 5246 3534 5318 Aquila

289 5325 632 5398 ἑρμηνευτῶν
657 5325 840 5390 λύσεις
884 5326 1232 5398 εὑρίσκεσθαι
1257 5327 1352 5381 τοῦ
1397 5325 1754 5400 ζητουμένου.
1798 5329 1856 5382 ’0

293 5417 387 5486 μὲν
414 5417 524 5490 γὰρ
566 5417 796 5483 ’Δκύλας
831 5418 926 5472 καὶ
954 5419 988 5490 ἠ
1021 5419 1241 5490 πέμπτη
1273 5418 1482 5484 ἕκδοσις
1526 5420 1714 5474 τοῦτον
1750 5423 1869 5493 ὴρ-,γ

295 5483 560 5580 ᾑήύεέλσᾷν
582 5511 672 5564 τδν
699 5511 918 5583 τρόπον’
956 5483 1066 5566 Ῠοῦ
1095 5483 1286 5565 *Δαυίδ
1316 5511 1415 5565 ὅτε
1463 5483 1874 5582 ήλλοίωσεΠτὸξ

293 5603 475 5672 γεῦμα
509 5605 694 5660 αὑτοῦ
737 5606 824 5670 είς
871 5604 1196 5672 πρόσωπον
1233 5603 1560 5674 Ἀϐιμέλεχ,
1595 5605 1696 5658 zeal
1726 5596 1871 5670 ἐξέ-’

296 5695 472 5749 ϐαλεν
488 5695 692 5760 αὐτὸν,
757 5695 854 5750 zeal
899 5695 1153 5765 ἀπῆλθε.
1205 5695 1430 5768 Μήποτε
1456 5695 1566 5769 γὰρ
1609 5697 1699 5752 διὰ
1731 5699 1856 5762 τοὺς

367 5876 388 5906 ⁹
423 5873 440 5928 l
477 5875 608 5948 Reg.
649 5874 896 5944 xxt,l-6.

1961 5342 2014 5390 et
2044 5335 2234 5404 quinta
2263 5335 2431 5390 editio
2457 5334 2562 5390 hoc
2588 5345 2748 5406 pacto
2781 5337 3122 5408 interpretati
3165 5347 3293 5396 sunt
3323 5357 3336 5392 :
3374 5341 3537 5394 Davi-

1958 5423 2041 5478 dis
2071 5424 2281 5495 quando
2332 5425 2630 5480 immutavit
2657 5437 2868 5497 gustum
2911 5445 3064 5482 suum
3097 5430 3166 5484 ad
3193 5431 3380 5500 faciem
3400 5432 3534 5484 Abi-

1957 5514 2177 5579 meleclt,
2239 5523 2289 5569 et
2351 5515 2502 5585 ejecit
2544 5533 2685 5582 eum,
2745 5527 2792 5572 et
2870 5517 3022 5575 abiit.
3099 5519 3263 5577 Forte
3313 5533 3533 5592 propter

1959 5622 2131 5680 panes
2164 5607 2578 5678 propositionis,
2606 5625 2748 5681 quos
2797 5625 2923 5665 cum
2967 5613 3267 5683 accepisset
3299 5613 3368 5668 ab
3405 5614 3536 5668 Abi-

1959 5699 2192 5766 melech,
2225 5697 2462 5767 comedit
2499 5699 2615 5770 ipse
2667 5707 2721 5756 et
2763 5701 2919 5771 pueri
2952 5702 3045 5770 qui
3091 5717 3214 5756 cum
3246 5717 3313 5758 eo
3353 5711 3531 5770 erant,
