4122 6454
534 448 638 514 291
1226 457 1498 515 ECSEBII
1528 438 2002 514 CdZSARlENSlS
2036 448 2186 512 ονε.
2222 432 2408 507 rans
2468 416 2648 509 Ill...
2682 452 3080 511 massica.
3710 456 3833 512 292

535 571 865 628 immutasse
913 558 1116 629 dicitur
1150 583 1371 646 gustmn
1399 591 1559 630 suum
1596 576 1663 630 ad
1688 574 1881 631 faciem
1903 574 2163 637 Abim'e-l

2220 572 2418 645 ἄρτους
2435 563 2541 642 τῆς
2573 572 2897 643 προθέσεως,
2917 571 3015 636 οὓς
3041 572 3221 627 λαϐὼν
3250 573 3409 645 παρὰ
3436 572 3535 627 τοῦ
3584 574 3833 647 ’Δϐιμᾶο

540 663 688 720 lech.
720 664 861 720 Cum
886 666 1032 721 enim
1073 668 1471 722 sanctificatum
1505 668 1687 722 cibum
1715 666 2029 731 comederit,
2055 674 2120 722 ac

2216 663 2333 736 λεχ,
2362 661 2565 733 ἔφαγεν
2608 663 2767 726 αὐτὸς
2795 664 2890 717 καὶ
2925 663 2994 718 τὰ
3050 663 3315 735 παιδάρια
3360 664 3433 717 τά
3468 665 3594 737 μετ’
3621 666 3829 731 αὐτοῦ,

539 756 916 813 sacerdotales
948 774 1141 829 panes,
1167 760 1370 830 quibus
1391 759 1614 817 nonnisi
1658 760 1790 816 solis
1819 758 2118 815 sacerdoti-

2216 756 2571 829 ὴλλοιωκέναι
2597 755 2813 825 λέγεται
2866 758 2929 809 τὸ
2954 755 3135 825 γεῦμα
3178 756 3347 810 αὐτοῦ
3395 759 3481 820 εἱς
3511 757 3834 830 πρόσωπον

536 847 644 905 bus
673 850 750 904 uti
792 849 1011 916 licebat,
1054 851 1361 905 immutavit
1400 860 1617 923 gustum
1662 867 1845 908 suum.
1873 849 2122 922 Symma-

2232 849 2537 920 Ἀϐιμέλεχ.
2565 849 2930 921 Ἦγιασμένης
2955 848 3064 920 γάρ
3086 850 3293 920 τροφῆς
3309 849 3687 920 γευσάμενος,
3724 849 3833 903 καὶ

537 939 678 996 "chus
705 956 838 996 vero
872 956 997 996 cum
1021 941 1177 1005 dicit,
1216 942 1432 998 Davidis
1472 942 1683 1015 quando
1714 943 2120 1013 transformavit

2216 941 2326 994 τῶν
2353 942 2532 1014 ἄρτων
2552 942 2658 994 τῶν
2715 935 3139 1023 ἱερατικῶνηοῖς
3168 939 3270 993 οὐκ
3313 940 3445 1011 ἐξῆν
3490 940 3832 1012 χρήσασθαι

537 1030 740 1089 rnorem
770 1050 925 1088 suum
960 1048 1140 1088 coram
1172 1035 1488 1103 Abimeiech,
1523 1037 1688 1091 alium
1721 1053 1943 1093 sensum
1988 1039 2121 1094 sub-

2217 1035 2266 1086 εἱ
2297 1032 2371 1104 μὴ
2399 1034 2576 1103 μόνοις
2608 1036 2719 1098 τοῖς
2748 1032 3281 1104 ἱερεῦσιν,ὴλλοίωσε
3304 1033 3367 1086 τὸ
3396 1033 3589 1105 γεῦμα
3618 1034 3827 1090 αὑτοῦ.

533 1117 677 1197 iicit,
706 1127 838 1182 dum
881 1128 958 1182 alt
982 1142 1189 1184 morem
1236 1128 1459 1185 Davidis
1504 1129 1850 1186 immutatum
1884 1130 1939 1185 in
1981 1146 2116 1187 con-

2229 1126 2288 1179 'U
2310 1126 2367 1179 δὲ
2386 1126 2677 1197 Σύμμαχος
2704 1123 2892 1179 εἰπών·
2926 1125 3038 1179 Τοῦ
3070 1123 3255 1180 Δαυῒδ
3292 1126 3477 1180 ὁπότε
3514 1129 3828 1197 μετεμόρ-

536 1222 731 1291 specta
761 1219 1108 1275 Abimelech:
1154 1221 1282 1290 quia
1327 1220 1540 1277 scilicet
1578 1221 1948 1293 interrogatus
1997 1237 2118 1292 qua:

2215 1232 2380 1287 φωσε
2409 1216 2516 1270 τὸν
2541 1219 2763 1285 τρόπον
2803 1217 2912 1271 τὸν
2941 1216 3162 1270 ἑαυτοῦ
3202 1216 3553 1285 ἔμπροσθεν
3587 1219 3829 1290 Ἀϐιμέ-

536 1327 705 1369 causa
738 1319 1005 1383 suscepta:
1031 1312 1131 1367 vim
1171 1312 1275 1367 sibi
1303 1321 1473 1377 esset,
1512 1314 1777 1369 mentitus
1803 1321 1910 1377 est,
1937 1328 2001 1368 ac
2028 1329 2117 1369 sa-

2213 1314 2348 1379 λεχ,
2388 1310 2578 1380 ἑτέραν
2624 1310 2858 1364 διάνοιαν
2901 1307 3268 1378 ὑποϐέϐληκε,
3320 1306 3413 1360 τὸν
3459 1309 3675 1380 τρόπον
3717 1309 3827 1365 τοῦ

537 1404 815 1462 cerdotem
852 1405 1077 1460 fefellit:
1113 1407 1351 1461 alienum
1381 1404 1585 1476 quippe
1616 1404 1834 1462 Davidis
1872 1406 2116 1462 moribus

2214 1402 2378 1456 Δαυῖδ
2403 1401 2722 1472 ἠλλοιῶσθαι
2775 1402 2952 1472 φήσας
2985 1399 3299 1474 ἔμπροσθεν
3368 1399 3693 1473 ’Δϐιμέλεῃ
3726 1403 3826 1458 διὰ

534 1506 654 1554 erat
688 1497 906 1554 fallacia
936 1497 1038 1562 uti,
1095 1513 1204 1568 qua
1251 1505 1435 1552 tamen
1468 1514 1602 1553 usus
1635 1512 1702 1552 eo
1738 1504 1985 1567 tempore
2012 1497 2116 1550 im-

2213 1496 2294 1559 τὸ,
2321 1495 2653 1568 ἐρωτηθέντα
2682 1492 2767 1557 τίς
2792 1492 2878 1563 εἴη
2903 1491 3053 1563 αὑτῷ
3085 1493 3119 1562 ἡ
3176 1491 3326 1545 αίτία
3358 1490 3462 1561 τῆς
3488 1491 3640 1553 ὁδοῦ,
3675 1494 3824 1564 ψεύ-

534 1588 766 1643 mutavit
793 1604 995 1644 morem
1030 1604 1215 1654 suum,
1256 1588 1556 1645 secundum
1591 1588 1996 1661 Symmachum.
2034 1587 2115 1644 Ex

2215 1586 2409 1642 σασθαι
2437 1587 2531 1640 καὶ
2559 1581 3028 1658 παραλογίσασθαι
3054 1583 3147 1636 τὸν
3182 1582 3355 1654 ἱερέαο
3375 1581 3669 1655 ἀλλότριον
3701 1584 3820 1658 γὰρ

533 1679 696 1735 dictis
737 1692 904 1750 porro
939 1682 1112 1750 ipsam
1170 1694 1392 1751 quoque
1443 1680 1802 1750 Septuaginta
1853 1679 2114 1736 Virorum

2212 1673 2281 1749 ἢν
2310 1675 2402 1730 τοῦ
2443 1675 2646 1748 τρόπου
2691 1672 2786 1727 τοῦ
2828 1671 2991 1726 Δαυῖδ
3044 1672 3108 1725 τὸ
3149 1671 3341 1746 ἀπάτῃ
3399 1667 3741 1745 κεχρῆσθαι,

532 1770 1038 1842 interpretationem
1070 1772 1316 1828 historia:
1336 1771 1674 1828 Abimelechi
1698 1772 1956 1843 adaptare
1982 1772 2114 1828 lice-

2212 1771 2334 1826 κατ’
2354 1771 2557 1824 ἐκεῖνον
2603 1767 2694 1823 τὸν
2751 1768 2943 1839 καιρὸν
2988 1766 3359 1839 χρησάμενος,
3410 1765 3683 1835 ἠλλοίωσε
3713 1768 3816 1823 τὸν

530 1860 634 1928 bit,
661 1876 784 1932 qua:
812 1870 1003 1916 narrat
1046 1860 1306 1918 Davidem
1347 1862 1670 1918 immutasse
1695 1863 1905 1919 vultum
1951 1878 2110 1918 suum

2210 1864 2408 1937 τρόπον
2438 1861 2623 1926 αὐτοῦ,
2649 1860 2791 1916 κατά
2819 1855 2912 1914 τὸν
2941 1856 3259 1931 Σύμμαχον.
3306 1855 3478 1913 Ἐκδὲ
3504 1852 3619 1914 τῶν
3653 1863 3818 1934 είρη-

529 1962 718 2007 ‘coram
761 1951 1100 2018 Abimelech,
1135 1953 1267 2024 quia
1308 1967 1419 2008 non
1464 1951 1569 2023 ipsi
1599 1968 1785 2009 veram
1826 1946 1964 2025 fuga:
1995 1940 2157 2010 suae]

2215 1954 2390 2026 μένων
2413 1953 2509 2007 καὶ
2538 1952 2637 2024 τὴν
2657 1951 2768 2005 τῶν
2801 1948 3204 2021 Ἑϐδομήκοντα
3233 1946 3532 2020 ἑρμηνείαν
3554 1950 3816 2023 ἐφαρμό-

530 2058 757 2100 causam
808 2044 1208 2111 declaraverat,
1261 2043 1359 2101 sed
1397 2043 1666 2100 fefellerat
1710 2058 1835 2100 eum
1863 2045 1969 2100 alia
2008 2058 2109 2116 pro

2210 2063 2324 2110 σεις
2349 2047 2417 2117 τῇ
2467 2042 2611 2099 κατά
2654 2041 2747 2097 τὸν
2789 2038 3077 2114 ’Δϐιμέλεχ
3131 2041 3365 2113 ἱστορίᾳ,
3417 2043 3645 2117 φησάσῃ
3709 2045 3815 2116 ὴλ-

532 2139 657 2195 aliis
689 2141 943 2206 locutus;
978 2140 1054 2192 ita
1081 2145 1140 2193 ut
1189 2138 1355 2194 etiam
1394 2138 1633 2194 Goliathi
1658 2138 1916 2195 frameam
1947 2138 2018 2194 ab
2042 2153 2110 2193 eo

2206 2138 2488 2192 λοιωκέναι
2511 2136 2603 2191 τὸν
2652 2135 2814 2191 Δαυὶδ
2857 2136 2919 2190 τὸ
2974 2135 3268 2208 πρόσωπον
3322 2135 3519 2190 ἑαυτοῦ
3564 2137 3810 2193 ἐνώπιον

531 2228 824 2300 acceperit,
859 2227 1074 2299 ipsique
1116 2227 1382 2299 perniciei
1407 2242 1577 2284 causa
1624 2227 1807 2284 fuerit.
1852 2228 1968 2284 Sub
1993 2229 2109 2284 haec

2218 2228 2526 2300 ’Δϐιμέλεχ,
2552 2225 2642 2281 διὰ
2681 2227 2743 2280 τὸ
2778 2227 2852 2299 μὴ
2915 2227 3249 2296 ἀπαγγεῖλαι
3300 2227 3453 2299 αὐτῷ
3490 2228 3586 2283 τὸν
3619 2230 3809 2304 ἀληθῆ

531 2320 677 2375 enim
702 2318 832 2375 Saul
853 2324 977 2375 cum
1002 2334 1116 2376 rem
1150 2329 1358 2393 gestam
1387 2320 1687 2387 didicisset,
1717 2321 1869 2377 misit
1894 2322 1991 2393 qui
2009 2337 2107 2378 oc-

2204 2318 2362 2389 λόγον
2415 2319 2516 2390 τῆς
2566 2317 2761 2373 ἑαυτοῦ
2815 2318 3013 2390 φυγῆς,
3075 2318 3555 2389 παραλογίσασθαι
3592 2321 3653 2376 δὲ
3707 2325 3811 2378 καὶ

529 2411 777 2468 ciderent
800 2411 1117 2469 Abimelech
1140 2421 1196 2470 ‘et
1225 2427 1414 2470 omnes
1448 2413 1764 2471 sacerdotes
1792 2413 2029 2481 Domini,
2053 2422 2110 2471 et

2206 2409 2369 2482 ἔτερα
2396 2408 2512 2464 ἀνθ’
2543 2407 2747 2480 ἑτέρων
2781 2410 2976 2462 είπεῖν·
2996 2407 3073 2473 ὡς
3099 2410 3192 2463 καὶ
3234 2408 3336 2480 τὴν
3377 2411 3657 2482 ῥομφαίαν
3702 2413 3808 2468 τοῦ

528 2498 740 2560 Nobam
779 2505 1057 2561 civitatem
1100 2506 1447 2563 sacerdotum
1497 2508 1790 2577 percussit.
1833 2507 2109 2580 Gestaque

2206 2499 2400 2554 Γολιάθ
2427 2500 2554 2572 παρ’
2583 2499 2747 2555 αὐτοῦ
2794 2498 3074 2565 δέξασθαι,
3122 2500 3377 2569 γενέσθαι
3433 2519 3498 2556 τε
3528 2504 3686 2577 αὑτῷ
3715 2506 3808 2560 αἷ-

527 2596 645 2654 ιιιεο
694 2597 880 2654 omnia
929 2606 1078 2665 sunt,
1130 2598 1259 2671 quia
1309 2597 1482 2657 David
1530 2601 1839 2658 immutavit
1882 2602 2108 2658 modum

2203 2609 2318 2647 τιον
2341 2593 2635 2658 ἀπωλείας.
2658 2591 2861 2669 Μαθὼν
2892 2593 3002 2666 γὰρ
3030 2593 3169 2666 μετά
3192 2595 3365 2650 ταῦτα
3394 2597 3571 2654 Σαοὺλ
3596 2600 3670 2654 τὰ
3702 2618 3811 2655 πε-

527 2706 712 2760 suum,
758 2698 853 2745 aut
880 2680 1091 2747 vultum
1125 2708 1284 2748 suum
1342 2693 1398 2747 in
1442 2702 1739 2766 conspectu
1768 2694 2103 2750 Abimelech.

2205 2684 2515 2757 πραγμένα,
2545 2683 2768 2755 πέμψας
2801 2685 3009 2738 ἀνεῖλεν
3068 2684 3230 2738 αὐτόν
3268 2703 3329 2740 τε
3373 2686 3468 2743 τὸν
3506 2689 3806 2766 ’Δϐιμέλεχ

523 2776 839 2853 Regnorum
895 2780 1178 2854 Seriptura
1214 2783 1545 2839 Achimetech
1581 2784 1778 2853 habet;
1812 2801 1883 2842 ne
1914 2801 1982 2841 ex
2017 2787 2109 2841 lit-

2205 2780 2299 2832 καὶ
2337 2777 2545 2840 πάντας
2592 2779 2721 2841 τοὺς
2769 2778 2932 2851 ἱερεῖς
2961 2776 3055 2831 τοῦ
3089 2779 3298 2852 Κυρίου
3348 2781 3445 2835 καὶ¹
3468 2783 3570 2853 τὴν
3612 2784 3805 2842 Νοϐὰν

526 2878 658 2928 tem
703 2875 1133 2930 commutatione
1180 2875 1455 2945 quispiam
1500 2884 1832 2932 moveatur:
1881 2892 2008 2932 nam
2039 2893 2106 2933 ex

2203 2870 2305 2943 τὴν
2336 2869 2489 2924 πόλιν
2513 2868 2620 2923 τῶν
2667 2869 2857 2942 ἱερέων
2912 2870 3170 2938 ἐπάταξε.
3226 2872 3339 2927 Καὶ
3380 2873 3560 2930 ταῦτα
3614 2878 3804 2934 πάντα

524 2979 588 3021 ea
610 2980 732 3037 quae
757 2965 1046 3021 intercedit
1075 2968 1217 3040 inter
1241 2968 1450 3025 litteras
1479 2968 1610 3023 Beth
1641 2976 1695 3024 et
1720 2966 1889 3039 Caph,
1920 2976 1980 3024 ut
2000 2967 2108 3025 He-

2206 2964 2539 3036 πέπρακται,
2568 2963 2702 3017 διότι
2720 2962 2978 3035 ὴλλοίωσε
3005 2964 3168 3018 Δαυῒδ
3210 2966 3303 3020 τὸν
3327 2967 3533 3039 τρόπον
3564 2969 3735 3025 αὐτοῦ
3764 2971 3800 3045 ἢ

524 3056 655 3112 brari
701 3068 922 3121 vocant.
963 3058 1343 3127 similitudine,
1390 3061 1607 3116 diverse
1646 3075 1846 3115 nomen
1899 3059 2107 3115 editum

2204 3057 2267 3112 τὸ
2295 3057 2584 3131 πρόσωπον
2615 3056 2779 3110 αὐτοῦ
2829 3055 3059 3111 ἐνώπιον
3089 3058 3397 3131 Ἀϐιμέλεχ.
3437 3058 3502 3114 Ἠ
3522 3061 3637 3116 τῶν
3688 3063 3801 3118 Βα-

526 3147 629 3204 fuit
659 3166 673 3204 :
703 3147 974 3220 siquidem
1011 3161 1119 3204 una
1141 3149 1441 3221 eademque
1473 3150 1586 3206 fere
1610 3149 1844 3205 duorum
1870 3150 2108 3207 elemen-

2207 3147 2422 3204 σιλειῶν
2441 3149 2630 3221 Γραφὴ
2665 3148 2970 3219 Ἆχιμέλεχ
3014 3151 3282 3222 περιέχει·
3318 3152 3625 3227 ὲναλλαγῆς
3646 3174 3799 3211 στοι-

520 3246 705 3304 torum
740 3238 933 3311 ﬁgura.
959 3238 1287 3297 brevissimo
1313 3240 1469 3311 apice
1496 3240 1675 3296 solum
1706 3239 2099 3312 distinguente.
2129 3299 2148 3322 Ι

2207 3242 2351 3314 χείου
2373 3241 2689 3314 γενομένης,
2725 3240 2879 3294 οὐδὲν
2911 3241 2993 3296 δεῖ
3041 3241 3328 3296 κινεῖσθαι·
3376 3245 3529 3317 παρὰ
3557 3247 3670 3319 γάρ
3692 3248 3797 3322 τὴν

522 3328 583 3387 1η
638 3299 948 3402 Ενεηνεειίίε
1021 3345 1186 3401 porro
1242 3299 1475 3401 hujusce
1540 3331 1787 3387 historiae
1841 3299 2150 3388 Diuridem‘

2200 3299 2926 3406 apatdznraaoﬁvaxmxeiou
2948 3333 3042 3387 τοῦ
3074 3334 3203 3403 suo
3224 3336 3354 3409 παρ’
3384 3299 3659 3411 Ἑϐραίοις

520 3423 823 3495 spectantis
870 3421 1122 3478 Salvator
1167 3423 1417 3479 meminit
1465 3423 1551 3479 bis
1591 3424 1773 3480 verbis
1801 3444 1815 3481 :
1843 3423 1968 3480 Non
2019 3425 2098 3481 le-

2200 3425 2459 3498 λουμένου
2499 3427 2593 3480 καὶ
2635 3425 2730 3480 τοῦ
2770 3427 2896 3496 χὰφ
2948 3425 3222 3499 διαφόρως
3250 3427 3468 3503 ἐξεδόθη
3520 3429 3790 3504 τοῦνομα·

518 3515 674 3586 gistis
709 3512 836 3583 quid
858 3513 1042 3583 fecerit
1079 3512 1270 3579 David,
1300 3516 1513 3586 quando
1544 3517 1753 3581 esuriit,
1787 3526 1837 3572 et
1864 3520 1955 3589 qui
1979 3534 2099 3576 cum

2202 3519 2384 3589 σχεδὸν
2400 3520 2509 3593 γάρ
2534 3519 2592 3573 ἒν
2624 3520 2718 3574 καὶ
2752 3520 2949 3575 ταυτόν
2995 3521 3111 3574 ἐστι
3139 3521 3209 3575 τὰ
3236 3521 3329 3577 δύο
3352 3528 3616 3597 στοιχεῖα,
3652 3525 3792 3600 βρα-

517 3619 578 3660 eo
608 3613 762 3659 erant
784 3620 801 3659 :
825 3604 1083 3675 quomodo
1109 3606 1329 3661 intravit
1357 3607 1413 3662 in
1452 3608 1669 3663 domum
1702 3609 1820 3677 Dei,
1848 3619 1899 3665 et
1928 3618 2092 3683 panes

2198 3611 2435 3683 χυτάτης
2463 3613 2690 3687 κεραίας
2720 3614 2887 3687 μόνης
2910 3615 3358 3690 ὲναλλαττούσης.
3392 3619 3686 3692 Μέμνηται
3730 3623 3792 3680 δὲ

516 3697 893 3768 propositionis
913 3698 1159 3764 comedit,
1199 3716 1330 3771 quos
1374 3718 1479 3756 non
1509 3702 1698 3759 licebat
1726 3705 1776 3760 ei
1803 3704 1975 3772 edere,
2007 3723 2098 3762 ne-

2197 3702 2291 3755 καὶ
2327 3704 2356 3757 ό
2387 3703 2578 3776 Σωτὴρ
2605 3706 2664 3758 ὲν
2695 3707 2808 3769 τοῖς
2837 3705 3191 3776 Εὐαγγελὶοις
3246 3708 3350 3780 τῆς
3412 3714 3791 3786 προκειμένης

515 3802 618 3859 que
648 3788 714 3843 iis
742 3789 834 3859 qui
859 3805 980 3844 cum
1012 3806 1073 3844 eo
1104 3801 1276 3860 erant,
1307 3793 1413 3848 nisi
1454 3794 1587 3850 solis
1630 3796 1991 3853 sacerdotibus
2015 3798 2098 3853 ὀἳ

2196 3794 2338 3850 κατά
2370 3795 2463 3850 τοῦ
2496 3796 2657 3850 Δαυῒδ
2690 3798 2927 3870 ἱστορίας
2979 3799 3172 3868 λέγων’
3223 3804 3347 3857 Οὐκ
3384 3804 3685 3876 ἀνέγνωτε
3726 3810 3791 3863 τι

519 3876 636 3934 Hoc
660 3878 716 3934 in
738 3878 1032 3953 EVangelio
1077 3883 1379 3940 secundum
1406 3884 1720 3944 Matthzeum
1753 3889 1961 3945 dictum
1988 3897 2093 3948 est.

2194 3886 2446 3955 ἐποίησε
2474 3886 2675 3953 Δαυῒδ,
2703 3887 2802 3943 ὅτε
2842 3889 3130 3945 ἐπείνασε
3164 3891 3262 3946 καὶ
3293 3896 3347 3947 οὶ
3394 3897 3524 3964 μετ’
3568 3899 3783 3954 αὐτοῦ·

514 3969 654 4028 Cum
686 3979 868 4029 autem
915 3973 973 4028 in
1026 3972 1323 4047 Evangelio
1371 3978 1674 4034 secundum
1728 3978 1971 4036 Marcum
2019 3980 2095 4037 ila

2194 3977 2275 4043 ὡς
2300 3977 2587 4047 εἰσῆλθεν
2630 3980 2717 4045 εις
2770 3979 2879 4034 τὸν
2916 3977 3087 4035 οἷκον
3111 3983 3221 4038 τοῦ
3254 3983 3424 4051 Θεοῦ,
3478 3987 3579 4040 καὶ
3638 3989 3783 4057 τοὺς

515 4064 758 4120 locutum
791 4062 1130 4123 Salvatorem
1172 4082 1297 4124 esse
1330 4070 1648 4128 scribatur:
1687 4070 1976 4144 Nunquam
2024 4072 2097 4129 le-

2192 4068 2410 4138 ἆρτους
2437 4069 2547 4139 τῆς
2574 4069 2909 4140 προθέσεως
2930 4073 3174 4143 ἔφαγεν,
3202 4074 3312 4143 οὓς
3357 4078 3471 4132 οὐκ
3509 4079 3656 4144 ἐξὸν
3699 4078 3781 4154 ἦν

512 4158 666 4230 gistis
706 4159 834 4232 quid
873 4160 1055 4231 fecerit
1100 4159 1296 4228 David,
1341 4162 1553 4234 quando
1602 4167 1968 4222 necessitatem
2006 4166 2097 4222 ha-

2191 4160 2405 4232 φαγεῖν
2433 4162 2577 4217 οὐδὲ
2622 4162 2747 4232 τοῖς
2797 4165 2927 4235 μετ’
2960 4166 3173 4232 αὐτοῦ,
3200 4171 3255 4223 εἱ
3292 4168 3378 4239 μὴ
3400 4171 3615 4240 μόνοις
3650 4175 3778 4244 τοῖς

514 4250 648 4318 buit,
671 4260 722 4307 et
751 4253 939 4306 esuriit
994 4254 1103 4323 ipse
1137 4262 1189 4311 et
1227 4254 1318 4325 qui
1347 4270 1465 4309 cum
1507 4272 1568 4311 eo
1605 4261 1801 4315 erant?
1831 4259 2094 4331 quomodo

2192 4253 2451 4322 ἱερεῦσι;
2478 4254 2649 4309 Τοῦτο
2678 4256 2776 4327 μὲν
2803 4253 2895 4311 οὖν
2926 4259 2985 4315 ἒν
3015 4258 3092 4331 τῷ
3117 4263 3259 4314 κατά
3287 4262 3566 4318 Ματθαῖον
3587 4265 3774 4337 Εὐαγ-

514 4342 751 4397 iulroivit
782 4344 837 4397 in
867 4342 1082 4397 domum
1111 4342 1211 4399 Dei
1248 4344 1343 4400 sub
1374 4345 1634 4401 Abiatltar
1656 4350 1889 4420 principe
1918 4367 2094 4406 sacer-

2190 4345 2355 4420 γελίῳ
2385 4349 2620 4421 εἴρηται.
2650 4350 2803 4404 Ἐπεὶ
2838 4350 2896 4404 δὲ
2924 4350 2982 4404 ὲν
3024 4351 3104 4423 τῷ
3135 4353 3276 4409 κατά
3317 4354 3548 4427 Μάρκον
3588 4358 3767 4428 Εὐαγ-

513 4431 721 4499 dotum,
752 4442 804 4489 et
840 4451 1003 4505 panes
1055 4437 1433 4505 propositionis
1481 4443 1818 4496 manducavit
1847 4442 1926 4497 “?
1966 4443 2092 4514 quis

2191 4438 2358 4511 γελίῳ
2394 4440 2807 4515 ἀναγέγραπται
2849 4444 2878 4496 ὁ
2918 4442 3108 4517 Σωτὴρ
3149 4445 3419 4519 είρηκὼς⁶
3468 4448 3765 4505 Οὐδέποτε

512 4540 626 4582 non
654 4524 823 4579 animi
860 4525 1094 4596 pendeat
1124 4536 1421 4597 quaeratve,
1455 4542 1564 4600 qua
1600 4533 1812 4587 ratione
1841 4532 1931 4588 hic
1963 4530 2091 4590 Ser-

2192 4530 2488 4604 ἁνέγνωτε
2513 4533 2572 4587 τι
2597 4534 2846 4603 ἐποίησε
2877 4534 3077 4601 Δαυῖδ,
3113 4535 3211 4591 ὅτε
3235 4538 3448 4609 χρείαν
3469 4539 3639 4610 ἔσχε,
3663 4542 3764 4597 καὶ

510 4625 670 4673 vator
701 4631 807 4672 non
853 4617 1214 4685 Abimelechi,
1264 4618 1361 4676 sed
1409 4620 1720 4679 Abiatbaris
1754 4625 2086 4680 mentionem
2113 4646 2138 4707 ι

2135 4646 2166 4706 D
2192 4623 2514 4678 ἐπείνασεν
2534 4623 2717 4692 αὐτὸς
2736 4624 2834 4679 καί
2859 4628 2911 4680 οἱ
2929 4627 3057 4696 μετ’
3077 4627 3304 4693 aiam};
3331 4629 3457 4697 πῶς
3479 4630 3763 4701 εἱσῆλθεν

511 4707 749 4765 fecerit?
777 4708 861 4765 Ad
897 4724 1061 4781 quam
1097 4725 1211 4765 rem
1256 4710 1397 4768 forte
1425 4713 1551 4783 quis
1581 4714 1910 4784 respondeat
1930 4716 2089 4773 bino-

2193 4718 2281 4783 εἱς
2306 4715 2414 4771 τὸν
2442 4713 2608 4772 οἶκον
2650 4717 2757 4772 τοῦ
2800 4717 2944 4774 Θεοῦ
2982 4719 3081 4773 ἐπὶ
3109 4721 3381 4792 Ἀϐιάθαρ
3420 4723 3528 4778 τοῦ
3564 4725 3765 4795 ἀρχιε-

506 4799 714 4856 minem
760 4798 1175 4857 Abimelechum
1207 4800 1401 4870 fuisse,
1437 4804 1513 4857 ita
1556 4811 1617 4859 ut
1662 4805 1711 4860 is
1757 4805 1875 4876 ipse
1923 4805 2090 4862 fuerit

2190 4807 2363 4879 ρέως,
2391 4807 2489 4863 καὶ
2524 4809 2665 4876 τοὺς
2693 4809 2909 4881 ἄρτους
2940 4810 3049 4880 τῆς
3074 4814 3406 4883 προθέσεως
3431 4815 3651 4887 ignare;
3685 4818 3767 4884 τίς

507 4889 602 4961 qui
649 4888 932 4945 Abiathar.
985 4888 1053 4944 Et
1082 4905 1218 4945 sane
1264 4906 1391 4948 mox
1436 4894 1558 4964 ejus
1611 4893 1774 4960 filius,
1823 4894 2089 4951 Abiathar

2194 4899 2295 4954 οὐκ
2325 4899 2391 4955 ἂν
2420 4900 2733 4973 ἀπορήσειε,
2763 4901 2879 4965 πῶς
2902 4904 2931 4956 ὁ
2953 4903 3143 4976 Σωτὴρ
3164 4905 3397 4960 ἐνταῦθα
3421 4908 3481 4961 οὐ
3502 4908 3597 4963 τοῦ
3617 4906 3768 4962 Ἀϐι-

505 4979 690 5037 dictus
717 4979 774 5035 in
798 4980 938 5037 libro
964 4980 1277 5053 Regnorum
1310 4982 1483 5040 fertur
1509 4987 1639 5057 :qui
1661 4986 1814 5043 solus
1843 5002 1874 5042 a
1899 5000 2088 5044 sacer-

2202 4989 2390 5061 μέλεχ,
2422 4989 2558 5044 ἀλλά
2602 4989 2695 5044 τοῦ
2731 4990 2992 5064 Ἀϐιάθαρ
3040 4994 3342 5066 μέμνηται;
3389 4998 3532 5069 Πρὸς
3571 4997 3601 5052 ὃ
3626 4999 3770 5052 εἴποι

504 5074 697 5130 dolum
722 5074 870 5131 cwde
919 5076 1165 5148 elapsus,
1203 5092 1329 5133 cum
1369 5076 1574 5135 Davide
1615 5088 1756 5134 erat.
1794 5080 1950 5137 Alius
1977 5080 2087 5137 for-

2194 5098 2280 5147 τις
2304 5082 2371 5137 ἂν
2392 5081 2658 5154 διώνυμον
2679 5083 3001 5157 γεγενῆσθαι
3028 5086 3118 5140 τὸν
3141 5087 3448 5160 ’Δϐιμέλεχ,
3475 5089 3605 5143 ὥστ’
3628 5085 3769 5145 εἶναι

505 5176 655 5222 tasse
680 5166 899 5233 dixerit,
940 5168 997 5224 in
1032 5169 1261 5226 historia
1290 5168 1703 5227 Abimelechum
1745 5178 1804 5227 ut
1823 5172 2081 5230 sacerdo-

2196 5174 2288 5229 τὸν
2319 5173 2481 5228 αὐτὸν
2506 5173 2585 5242 τῷ
2614 5174 2894 5247 Ἀϐιάθαρ.
2925 5175 3131 5231 Αὐτίκα
3160 5178 3291 5247 γοῦν
3332 5179 3427 5234 καὶ
3467 5179 3583 5243 υἱὸς
3622 5179 3771 5248 αὐτῷ

505 5265 617 5315 tem
648 5260 968 5329 memorari;
1002 5268 1060 5317 at
1110 5261 1215 5319 hoc
1270 5263 1392 5320 loco
1447 5262 1787 5322 Salvatorem
1846 5265 2077 5334 dixisse,

2194 5264 2456 5337 Ἀϐιάθαρ
2506 5261 2840 5335 κεκλημένος
2868 5262 3165 5335 ἐμφέρεται
3203 5266 3268 5336 τῇ
3299 5262 3489 5338 Γραφῇ
3515 5262 3626 5317 τῶν
3653 5262 3762 5317 Βα-

504 5352 863 5407 Abiatharum
890 5368 957 5408 eo
995 5363 1240 5426 tempore
1270 5355 1440 5413 fuisse
1487 5358 1791 5431 principem
1823 5358 2083 5416 sacerdo-

2182 5356 2415 5413 σιλειῶν·
2448 5356 2527 5421 ὃς,
2553 5353 2829 5424 διαφυγὼν
2856 5353 2963 5407 ἀπὸ
2994 5352 3101 5408 τῶν
3124 5354 3518 5427 ἀναιρεθέντων
3570 5353 3762 5426 ἱερέων

507 5456 622 5499 tum
655 5462 669 5498 :
703 5442 973 5509 Introivit,
1003 5445 1099 5511 ait,
1133 5445 1308 5502 David
1337 5449 1394 5502 in
1419 5445 1634 5504 domum
1668 5450 1767 5506 Dei
1794 5452 1890 5506 sub
1915 5450 2081 5506 Abiu-

2184 5452 2363 5524 μόνος,
2391 5450 2471 5523 τῷ
2507 5449 2669 5504 Δαυῒδ
2718 5449 2908 5519 συνῆν.
2946 5448 3139 5515 ’Δλλος
3187 5449 3233 5503 δ’
3257 5449 3325 5505 ἂν
3351 5448 3495 5503 εἴποι
3521 5446 3616 5502 τοῦ
3661 5447 3762 5519 μὲν

503 5537 628 5592 tlmr
659 5538 893 5608 principe
930 5539 1283 5595 sacerdotum.
1321 5539 1464 5597 Sane
1494 5558 1624 5598 vero
1648 5544 1879 5601 historia
1907 5559 2080 5601 caesos

2196 5543 2482 5615 Ἀϐιμέλεχ
2502 5542 2599 5615 τὴν
2627 5541 2864 5615 ἱστορίαν
2903 5542 2980 5608 ὡς
3034 5541 3223 5615 ἱερέως
3265 5540 3641 5613 μνημονεύειν·
3672 5541 3761 5593 ὲν·

502 5631 851 5689 Achimelech
882 5638 937 5688 et
966 5633 1278 5688 sacerdotes
1306 5649 1336 5688 a
1369 5632 1533 5689 Saule
1576 5650 1912 5707 memorans,
1943 5637 2080 5693 nihil

2182 5635 2355 5691 ταῦθα
2385 5634 2442 5690 δὲ
2474 5634 2562 5690 τὸν
2588 5633 2817 5707 Σωτῆρα
2861 5635 2952 5688 τὸν
2997 5633 3260 5707 ’Δϐιάθαρ
3280 5633 3543 5707 ἀρχιερέα
3560 5631 3759 5704 τυγχάρ

573 5903 618 5987 ξ’
656 5902 844 5961 Matth.
880 5920 989 5974 xu,
1025 5904 1139 5973 3,4.
1180 5978 1193 5984 ὑ
1220 5906 1262 5939 ³⁸
1304 5903 1470 5962 Marc.
1510 5920 1579 5973 ιι,
1615 5902 1707 5972 25,
1734 5900 1826 5957 26.
