4122 6454
305 392 417 448 293
1429 380 1928 441 COMMENTARIA
1959 382 2025 438 IN
2064 383 2401 442 PSALMOS.
3447 391 3555 447 θοι

307 529 418 565 νειν
457 511 578 563 κατ’
611 509 787 562 ἐκεῖνο
805 505 1000 579 καιροῦ
1028 505 1215 576 φῆσαι.
1241 502 1500 571 Εἰσῆλθε
1531 501 1660 575 γὰρ,
1695 503 1876 572 φησὶν,

1982 503 2049 558 de
2087 507 2348 574 principis
2380 496 2721 559 sacerdotum
2743 519 2878 560 nece
2915 505 3173 559 narravit.
3198 503 3262 559 Et
3290 505 3404 562 haec
3431 498 3551 579 qui-

307 603 488 658 Δαυῒδ
519 604 610 669 εἰς.
637 601 744 656 τὸν
776 597 942 656 οἶκον
971 599 1077 652 τοῦ
1117 596 1263 651 Θεοῦ
1312 595 1413 650 ἐπὶ
1475 595 1735 664 Ἀϐιάθαρ
1771 595 1878 650 τοῦ

1985 595 2107 650 dem
2137 595 2296 650 nobis
2325 595 2391 650 de
2416 596 2613 666 psalmi
2645 596 2804 650 titulo
2848 597 2992 651 dicta
3027 598 3158 652 sint.

307 696 644 767 ἀρχιερέως.
683 696 792 750 Καὶ
830 694 1077 764 φαίνεται
1105 695 1138 763 ή
1168 691 1276 744 τῶν
1303 690 1552 763 ἱστοριῶν
1588 690 1793 762 γραφὴ,
1851 689 1944 744 τὸν
1994 691 2282 762 Ἀχιμέλεχ
2314 692 2407 744 καὶ
2441 693 2567 754 τοὺς
2606 692 2768 762 ἱερεῖς
2800 691 2892 744 τοῦ
2925 692 3057 745 Θεοῦ
3117 693 3418 765 ἀνῃρῆσθαι
3449 696 3552 766 φή-

309 806 449 843 σασα
481 789 588 842 ὑπὸ
619 788 713 842 τοῦ
780 785 971 852 Σαοὺλ,
1032 785 1296 858 ἀρχιερέα
1331 785 1673 859 ἀνῃρημένον
1706 786 1804 856 οὐχ
1866 786 2213 857 ἱστορήσασα.
2251 785 2436 838 Ταῦτα
2496 785 2591 856 μὲν
2642 782 2734 840 οὖν
2765 789 2895 858 ἡμῖν
2940 789 3018 850 είς
3068 787 3167 859 τὴν
3194 789 3286 842 τοῦ
3336 787 3551 860 ψαλμοῦ

304 887 631 959 προγραφὴν
663 885 916 958 εἰρήσθω.

370 980 706 1049 Εὐλογήσω
758 977 865 1032 τὸν
925 979 1143 1047 Κύριον
1188 977 1257 1032 ἐν
1323 977 1499 1031 παντὶ
1540 975 1741 1045 καιρῷ,
1787 975 1886 1029 διὰ

301 1073 533 1138 παντὸς
563 1074 600 1141 ἠ
625 1072 856 1137 αἴνεσις
905 1070 1089 1125 αὐτοῦ
1116 1070 1185 1124 ἐν
1205 1069 1284 1135 τῷ
1328 1069 1580 1138 στόματι
1605 1086 1742 1138 μου.
1779 1069 1885 1122 Εὑ-

302 1162 579 1233 χαριστῶν
605 1163 632 1214 ὁ
664 1157 826 1216 Δαυῖδ
859 1165 943 1231 ἐφ’
983 1157 1063 1225 οἷς
1089 1159 1292 1230 ἠξιώθη
1345 1160 1549 1231 τροφῆς
1579 1159 1884 1231 ἱερατικῆς,

301 1257 420 1310 Οὐκ
452 1257 544 1309 ἐπὶ
572 1255 667 1309 τοῦ
724 1256 1008 1328 παρόντος,
1067 1257 1219 1326 φησι,
1263 1253 1442 1325 μόνον,
1493 1254 1627 1308 ἀλλὰ
1677 1255 1773 1308 καὶ
1800 1253 1886 1308 διὰ

301 1349 488 1417 πάσης
519 1344 618 1417 τῆς
641 1348 785 1418 ζωῆς
809 1347 1038 1417 χάριτας
1066 1343 1342 1415 ὁμολογῶν
1389 1343 1483 1396 καὶ
1522 1343 1759 1413 εὐλογῶν
1787 1345 1884 1398 αὐ-

298 1436 394 1490 τὸν
427 1435 739 1489 διατελέσω·
775 1435 895 1488 οὐδὲ
928 1433 1384 1505 ἁπολειφθήσεταί
1410 1450 1539 1487 ποτε
1590 1433 1652 1488 τὸ
1709 1435 1883 1506 στόμα

303 1547 410 1600 μου
463 1533 564 1600 τῆς
593 1532 672 1592 είς
700 1529 860 1583 αὐτὸν
893 1527 1168 1590 αἰνέσεως.
1214 1525 1358 1578 Ἀντί
1407 1525 1514 1596 γὰρ
1561 1524 1750 1589 θυσίας
1790 1526 1884 1578 καὶ

298 1619 770 1691 ὁλοκαυτωμάτων
803 1617 1170 1689 πεπαίδευμαι
1191 1617 1288 1686 τὴν
1315 1617 1402 1670 διὰ
1436 1615 1656 1686 χειλέων
1687 1617 1882 1688 προσά-

299 1728 421 1779 γειν
449 1710 598 1781 αὐτῷ
631 1709 838 1764 Θυσίαν.

2052 969 2212 1024 Vens.
2247 968 2301 1022 2.
2345 969 2656 1025 Benedicam
2689 972 2972 1027 Dominum
3026 974 3077 1027 in
3106 977 3250 1030 omni
3299 987 3548 1048 tempore,

1981 1079 2184 1132 semper
2237 1061 2355 1116 laus
2407 1063 2522 1133 ejus
2560 1065 2613 1116 in
2655 1081 2743 1118 ore
2794 1083 2930 1120 meo.
2971 1065 3190 1122 Gratias
3240 1070 3350 1139 agit
3382 1071 3550 1130 David

1983 1156 2126 1225 quod
2159 1153 2482 1209 sacerdotali
2528 1155 2650 1210 cibo
2693 1155 2948 1225 dignatus
2977 1155 3085 1210 sit:
3112 1157 3222 1212 Nec
3261 1161 3436 1214 solum
3490 1163 3545 1216 in

1982 1247 2261 1318 przesenti,
2284 1247 2382 1310 ait,
2409 1245 2501 1301 sed
2528 1263 2622 1316 per
2650 1253 2821 1300 totum
2844 1248 2966 1302 vita:
2991 1250 3321 1304 curriculum
3346 1254 3550 1322 gratius

1984 1337 2276 1394 conﬁtendi
2303 1353 2366 1391 ac
2391 1338 2747 1392 benedicendi
2774 1337 2933 1393 ﬁnem
2962 1354 3069 1393 non
3101 1339 3296 1394 faciam
3329 1360 3343 1395 :
3373 1359 3551 1412 neque
3591 1400 3599 1411 ,

1981 1447 2044 1487 os
2091 1447 2272 1486 meum
2327 1430 2485 1484 laude
2519 1430 2638 1500 ejus
2699 1446 2933 1485 vacuum
2986 1449 3222 1502 unquam
3256 1436 3377 1488 erit.
3413 1435 3550 1502 Nam

1979 1523 2262 1578 institutus
2285 1523 2354 1575 ita
2387 1521 2485 1584 fui,
2511 1531 2570 1577 ut
2598 1523 2989 1577 sacriﬁciorum
3026 1535 3078 1579 et.
3107 1525 3550 1582 holocaustorum

1978 1616 2118 1682 vice,
2149 1616 2309 1672 labiis
2340 1615 2441 1686 ipsi
2475 1616 2710 1673 hostiam
2743 1617 2987 1675 oﬁ‘eram.

385 1799 603 1871 Ἐπειδὴ
633 1799 741 1870 γὰρ
772 1799 1026 1868 φεύγοντί
1059 1815 1150 1870 μοι
1175 1797 1347 1862 οὐδεὶς
1378 1796 1568 1870 βοηθὸς
1597 1797 1875 1867 πάρεστιν,

2051 1789 2498 1860 Quandoquidem
2550 1791 2776 1862 fugienti
2827 1793 2960 1846 mihi
3018 1794 3202 1849 nullus
3257 1796 3549 1866 opitulator

297 1891 423 1945 οὐδέ
449 1907 534 1954 τις
561 1891 883 1964 καταφυγὴ,
916 1891 1037 1945 οὐδὲ
1064 1891 1330 1961 ἀσφάλεια
1347 1904 1362 1922 ο
1393 1891 1550 1962 μόνον
1581 1889 1636 1943 δὲ
1658 1890 1747 1944 τὸν
1769 1888 1880 1942 Κύ-

303 2001 420 2054 ριον
452 1983 819 2054 φυλακτήριον
845 1983 1122 2052 ἐπάγομαι
1151 1983 1250 2053 τῆς
1282 1980 1518 2053 ἐμαυτοῦ
1551 1981 1749 2052 ψυχῆς,
1785 1979 1880 2034 καὶ

297 2076 390 2128 ἐπ’
425 2073 591 2144 αὐτῷ,
634 2073 746 2126 ἀλλ’
783 2073 881 2126 οὐκ
913 2075 1004 2127 ἐπὶ
1029 2076 1148 2136 ταῖς
1192 2073 1352 2144 ἐμαῖς
1379 2071 1816 2142 δικαιοπραγίαις
1845 2069 1878 2141 ή

295 2166 447 2236 ψυχή
473 2182 570 2236 μου
593 2163 800 2236 Θαρῥεί”
841 2165 1080 2227 εἰκότως,
1101 2162 1200 2216 ἐπὶ
1241 2163 1321 2230 τῷ
1335 2164 1528 2230 Κυρίῳ
1579 2161 1876 2230 καυχήσε-

299 2275 397 2312 ται
415 2261 453 2326 ἠ
477 2256 645 2327 ψυχή
660 2273 780 2326 μου
800 2273 813 2286 ·
840 2255 1274 2310 ἀκουσάτωσαν
1291 2253 1498 2322 πραεῖς
1519 2254 1614 2306 καὶ
1632 2255 1880 2321 εὐφραν-

302 2353 602 2420 θήτωσαν.
676 2351 806 2421 Ἐμὲ
852 2351 908 2402 δὲ
949 2348 1204 2411 λαϐόντες
1242 2348 1542 2418 ὑπόδειγμα
1587 2347 1784 2409 πάντες
1829 2345 1878 2398 οἱ

303 2446 470 2517 πρᾶοι
509 2445 600 2497 καὶ
631 2443 876 2496 ταπεινοὶ
910 2440 1004 2494 καὶ
1028 2441 1288 2502 ἐπιεικεῖς
1307 2438 1394 2492 διὰ
1414 2438 1511 2510 τὴν
1533 2439 1613 2501 είς
1636 2437 1726 2490 τὸν
1747 2437 1878 2490 Θεὸν

301 2536 589 2594 εὐλάϐειαν
609 2578 624 2602 ,
653 2535 1030 2608 Θαρρείτωσαν
1048 2533 1142 2586 καὶ
1167 2530 1592 2602 πληρούσθωσαν
1618 2527 1881 2600 εὐφροσύ-

299 2646 404 2700 νης
425 2668 439 2691 ,
473 2628 541 2680 τὰ
579 2628 670 2679 ἴσα
705 2643 792 2698 μοι
826 2625 1330 2698 προσδοκήσαντες,
1374 2623 1468 2675 καὶ
1495 2621 1654 2675 αὐτὸν
1690 2619 1879 2674 ἐλπίδα

301 2721 396 2774 τὸν
421 2719 621 2791 Κύριον
637 2717 872 2789 Θέμενοι.
916 2717 1066 2770 Ἐπεὶ
1083 2716 1139 2769 δὲ
1161 2717 1254 2769 καὶ
1278 2715 1375 2786 τὴν
1399 2713 1668 2786 ῥομφαίαν
1688 2712 1726 2764 Γ
1729 2711 1877 2766 ολιὰθ

300 2811 400 2865 τοῦ
422 2809 716 2879 ἀλλοφύλου
735 2808 883 2881 παρὰ
900 2807 978 2878 τῷ
1007 2807 1293 2878 Ἀὅιμέλεχ
1307 2805 1486 2860 λαϐὼν
1510 2805 1706 2876 ἀπῄει·
1742 2802 1878 2856 Ἀλλ’

299 2906 412 2958 οὐδ’
438 2904 731 2975 ἐπἰτούτῳ,
757 2902 908 2974 φησὶ,
941 2902 1304 2972 καυχήσομαι,
1331 2900 1446 2953 ἀλλ’
1467 2900 1558 2952 ἐπὶ
1570 2898 1648 2968 τῷ
1669 2898 1877 2968 Κυρίῳ,

301 2999 374 3051 δι’
406 2995 464 3050 ὃν
493 2996 698 3067 ταύτην
725 2995 1043 3065 ἐκτησάμην
1071 2993 1171 3064 τὴν
1211 2991 1484 3063 ῥομφαίαν
1504 3007 1516 3020 ·
1549 2990 1624 3053 ὡς
1659 2990 1752 3042 καὶ
1789 2987 1879 3042 τὸν

306 3093 459 3167 ἱερέα
481 3093 652 3145 εἰπεῖν
672 3089 821 3161 αὑτῷ
843 3107 856 3120 ·
891 3089 1036 3143 Ἰδοὺ
1060 3089 1098 3156 ἠ
1120 3087 1386 3156 ῥομφαία
1407 3084 1631 3140 Γολιὰθ
1656 3083 1762 3137 τοῦ
1785 3086 1881 3136 Qt-

1983 1880 2157 1944 adest,
2193 1879 2403 1933 nullum
2435 1879 2712 1949 eﬁ'ugium,
2753 1883 3021 1937 securitas
3056 1883 3238 1949 nulla;
3265 1885 3550 1955 solumque

1981 1967 2270 2023 Dominum
2295 1968 2488 2022 animae
2523 1985 2653 2023 mea:
2684 1970 2993 2039 praesidium
3021 1972 3228 2040 paravi,
3255 1983 3416 2043 atque
3445 1974 3550 2045 ipsi

1982 2061 2106 2128 soli,
2137 2076 2247 2115 non
2291 2067 2439 2115 recte
2475 2060 2634 2115 factis
2670 2062 2841 2126 meis,
2885 2062 3111 2116 conﬁdit
3157 2064 3339 2120 anima
3392 2081 3548 2133 mea;

1975 2151 2100 2221 jure
2140 2167 2272 2207 sane
2334 2152 2391 2204 in
2431 2151 2653 2205 Domino
2709 2151 3015 2205 laudabitur
3055 2154 3232 2207 anima
3267 2170 3417 2209 mea:
3449 2173 3548 2208 au-

1979 2242 2129 2297 diant
2153 2245 2412 2298 mansueti
2443 2255 2492 2298 et
2525 2245 2784 2300 la'tentur.
2808 2243 3002 2314 Meque
3031 2245 3084 2298 in
3109 2248 3415 2318 exemplum
3444 2248 3550 2304 sibi

1980 2343 2348 2405 praponentes
2392 2329 2661 2390 mansueti
2704 2351 2914 2400 omnes,
2952 2337 3183 2392 humiles
3213 2353 3276 2392 ac
3319 2339 3550 2395 modesti

1979 2427 2118 2490 viri,
2158 2428 2229 2482 ob
2275 2427 2529 2497 pietatem
2579 2443 2708 2499 erga
2748 2427 2917 2482 Deum
2949 2443 3104 2483 suam
3131 2471 3147 2496 ,
3191 2429 3467 2485 conﬁdant
3497 2438 3552 2488 et

1982 2519 2182 2590 gaudio
2228 2521 2614 2591 cumulentur,
2663 2522 2817 2588 paria
2869 2537 3084 2577 mecum
3145 2531 3547 2594 exspectantes,

1983 2610 2272 2682 ipsumque
2328 2610 2620 2665 Dominum
2678 2612 2782 2666 sibi
2846 2612 2898 2666 in
2963 2629 3112 2684 spem
3160 2623 3548 2684 pr0ponentes.

1983 2699 2252 2765 Quoniam
2301 2715 2432 2754 vero
2476 2708 2766 2770 postquam
2809 2701 3048 2770 gladium
3093 2704 3414 2775 alienigenae
3443 2703 3552 2760 Go-

1982 2791 2114 2844 liath
2159 2790 2228 2844 ab
2255 2790 2608 2845 Abimelecho
2667 2802 2983 2861 acceperat,
3027 2793 3282 2849 discessit
3322 2813 3334 2848 :
3367 2811 3545 2866 neque

1983 2880 2038 2935 in
2063 2881 2388 2951 hoc,inquit,
2411 2881 2704 2950 gloriabor,
2727 2881 2823 2936 sed
2851 2883 2905 2936 in
2922 2881 3169 2948 Domino,
3195 2885 3352 2954 cujus
3385 2887 3552 2941 bene-

1983 2971 2107 3026 ﬁcio
2146 2973 2294 3027 hunc
2343 2973 2582 3042 gladium
2624 2981 2820 3027 nactus
2873 2989 3035 3038 sum;
3072 2975 3144 3029 ita
3196 2983 3254 3029 ut.
3303 2977 3387 3032 vel
3435 2979 3552 3047 ipse

1983 3065 2240 3120 sacerdos
2290 3065 2372 3119 sic
2416 3079 2539 3120 eum
2574 3065 2967 3134 compellaret:
3021 3065 3155 3120 Ecce
3196 3067 3406 3135 gladius
3447 3067 3553 3124 Go-

303 3155 581 3240 λίσταίου
603 3225 619 3251 ,
659 3182 732 3237 ὃν
755 3155 1058 3247 ἐπάταξας
1089 3155 1160 3235 ἐν
1288 3175 1521 3231 κοιλάδι
1560 3176 1710 3242 Ἠλᾷ
1733 3215 1747 3240 ,
1781 3175 1877 3228 καὶ

1984 3156 2115 3210 lieth
2137 3155 2459 3220 Philistliwi,
2485 3173 2635 3226 quem
2678 3158 2987 3225 percussisti
3013 3159 3066 3211 in
3096 3161 3231 3215 valle
3252 3159 3374 3224 Ela,
3409 3163 3554 3217 inuo-

303 3277 456 3344 αὐτὴ
480 3274 873 3345 ἐνειλημμένη
903 3271 1127 3343 ἱματίῳ.
1161 3272 1230 3324 Et
1253 3269 1480 3334 ταύτην
1504 3264 1701 3334 λήψῃ,
1731 3281 1879 3319 σαυ-

303 3369 386 3435 τῷ
405 3367 550 3422 λάϐε
568 3401 582 3430 ,
613 3366 700 3420 ὅτι
728 3368 838 3419 οὐκ
867 3365 1038 3419 ἔστιν
1057 3361 1226 3429 ἑτέρα
1253 3358 1441 3428 παρὲξ
1466 3356 1674 3425 αὐτῆς.
1718 3355 1877 3409 Ὥστε

304 3459 508 3514 τούτων
537 3457 842 3513 ἀκούσαντα
867 3456 958 3509 τὸν
990 3453 1152 3508 Δαυῗδ
1183 3453 1386 3506 εἰπεῖν’
1443 3451 1546 3504 Ἐν
1573 3447 1653 3514 τῷ
1682 3447 1879 3515 Κυρίῳ

304 3552 758 3620 ἐπαινεθήσεται
787 3553 827 3620 ἡ
863 3548 1034 3619 ψυχή
1051 3565 1190 3618 μου.
1225 3543 1482 3615 Μεγάλην
1509 3541 1665 3608 δόξαν
1687 3541 1878 3613 ἔφερεν

307 3644 482 3702 ἐκεῖνο
507 3647 567 3701 τὸ
593 3646 719 3718 δόρυ
739 3645 818 3716 τῷ
838 3635 998 3697 Δαυῒδ
1016 3682 1031 3708 ,
1063 3639 1332 3712 παιδαρίῳ
1361 3638 1458 3710 μὲν
1481 3637 1592 3690 ὄντι
1613 3675 1628 3703 ,
1661 3635 1756 3688 καὶ
1784 3652 1881 3705 μη-

305 3740 363 3794 δὲ
395 3741 580 3812 φέρειν
623 3738 764 3792 ὅπλα
793 3735 1061 3808 πολεμικὰ
1089 3731 1433 3802 ἐπισταμένῳ
1453 3771 1468 3796 ,
1500 3729 1680 3782 πίστει
1725 3726 1782 3780 δὲ
1810 3727 1875 3797 τῇ

306 3833 389 3896 εἰς
415 3831 546 3885 Θεὸν
580 3829 1078 3900 καταγωνισαμένῳ
1103 3826 1194 3880 τὸν
1231 3821 1422 3876 roma
1448 3862 1462 3886 ,
1497 3820 1572 3882 ὡς
1602 3818 1690 3872 διὰ
1721 3817 1879 3870 τοῦτο

307 3924 427 3977 ἀντὶ
468 3923 811 3993 ἀναθήματος
847 3921 946 3992 τὴν
975 3915 1245 3990 ῥομφαίαν
1289 3914 1454 3986 μόνην
1497 3911 1714 3980 ἐκείνην
1744 3910 1878 3961 ἀνα-

308 4016 518 4069 κεῖσθαι
546 4016 602 4067 ἐν
627 4012 704 4084 τῷ
737 4011 868 4085 ἱερῷ
888 4027 902 4041 ⁸
953 4010 982 4062 ὃ
1005 4009 1069 4080 δὴ
1101 4008 1196 4062 καὶ
1228 4005 1610 4075 ἐπεσημήνατο
1636 4002 1813 4072 φήσας
1849 3999 1878 4051 ὁ

309 4105 518 4171 ἱερεύςο
553 4103 658 4158 Καὶ
697 4105 808 4156 οὐκ
839 4104 1010 4180 ἐσζιν
1037 4099 1215 4167 ἄλλη.
1279 4096 1414 4149 Οὐδὲ
1437 4096 1545 4167 γὰρ
1572 4094 1699 4164 ἐξῆν
1727 4094 1784 4145 ἐν
1809 4094 1875 4162 τῇ

309 4197 482 4267 σκηνῇ
532 4193 625 4247 τοῦ
670 4191 804 4246 Θεοῦ
838 4191 978 4246 ὅπλα
1010 4187 1278 4259 πολεμικὰ
1315 4185 1666 4240 ἀποτίθεσθαι
1688 4201 1702 4214 ο
1745 4183 1878 4254 μόνη

306 4288 364 4341 δὲ
392 4285 570 4358 ἐκείνη
603 4288 682 4349 εἰς
717 4286 934 4356 μνήμην
976 4280 1069 4335 τοῦ
1109 4278 1273 4334 Δαυῖδ
1299 4278 1398 4348 τῆς
1428 4276 1569 4331 κατὰ
1597 4275 1691 4329 τοῦ
1721 4274 1877 4328 ἀλλο-

308 4379 475 4450 φύλου
509 4378 662 4448 νίκης
689 4376 935 4430 ἀνέκειτο
954 4413 968 4438 ,
1000 4371 1202 4425 ὡσανεὶ⁵
1224 4370 1634 4442 εὐχαριστήριον
1659 4369 1880 4421 ἀποκει-

312 4473 448 4547 μένη
474 4471 549 4542 τῷ
575 4471 672 4542 την
699 4470 853 4540 νίκην
878 4466 1027 4537 αὐτῷ
1053 4463 1413 4537 δεδωρημένῳ
1441 4460 1520 4531 τῷ
1547 4459 1682 4530 Θεῷ.

377 4563 762 4632 Μεταλύνατε
787 4559 896 4614 τὸν
917 4559 1135 4626 Κύριον
1165 4556 1285 4610 σὺν
1307 4553 1434 4624 ἐμοὶ
1455 4593 1469 4617 ,
1501 4551 1599 4605 καὶ
1626 4550 1882 4620 eudam-

303 4675 422 4728 μεν
449 4655 514 4710 τὸ
546 4655 732 4724 ὄνομα
760 4652 945 4706 αὑτοῦ
977 4649 1075 4704 ἐπὶ
1100 4649 1166 4703 τὸ
1190 4649 1354 4702 αὐτό.
1393 4646 1456 4699 0i
1484 4646 1593 4716 γὰρ
1622 4644 1686 4697 δι’
1707 4643 1882 4714 ἔργων

311 4749 407 4802 καὶ
441 4747 554 4818 βίου
582 4746 676 4799 τοῦ
715 4746 833 4799 κατ’
866 4743 1065 4816 ἀρετὴν
1105 4741 1200 4813 τὴν
1234 4742 1290 4793 ἐν
1338 4741 1547 4802 ἑαυτοῖς
1579 4737 1762 4790 εἰκόνα
1787 4735 1881 4789 τοῦ

311 4839 446 4893 Θεοῦ
473 4827 819 4910 κοσμοῦντες,
850 4835 1012 4889 αὑτὸν
1038 4833 1318 4900 δοξάζουσι
1340 4832 1433 4884 καὶ
1461 4829 1702 4900 ὑψοῦσιν.
1734 4826 1887 4891 Ἐξε-

314 4931 537 4998 (timor:
565 4931 670 4984 τὸν
693 4931 908 4998 Κύριον
938 4927 1036 4982 καὶ
1062 4923 1368 4994 ἐπήκουσέ
1399 4940 1536 4993 μου.
1603 4919 1754 4974 Ἐπεὶ
1783 4917 1880 4989 τῷ,

313 5025 640 5092 ἐξεζιὶτησα
660 5065 675 5090 ,
708 5023 769 5076 τὸ
786 5061 800 5087 ,
840 5017 1147 5087 ἐπήκουσέ
1170 5035 1289 5088 μου
1309 5055 1324 5080 ,
1351 5011 1704 5083 ἀνταπεδόθη.

382 5197 569 5267 Οὗτος
599 5203 632 5256 ὀ
658 5196 892 5267 πτωχὸς
923 5193 1240 5262 ἐκέκραεε,
1278 5191 1374 5246 καί
1407 5194 1439 5245 ό
1475 5185 1688 5258 Κύριος
1713 5184 1881 5252 εισή-

318 5307 545 5348 κουσεν
566 5290 753 5346 αὐτοῦ
768 5329 782 5354 ,
810 5287 905 5342 καί
928 5287 997 5340 ἐκ
1019 5285 1231 5340 πασῶν
1250 5286 1368 5340 τῶν
1391 5283 1655 5350 θλίψεων
1700 5275 1885 5332 αὑτοῦ

320 5385 554 5439 ἔσωσεν
571 5381 774 5436 αὐτόν.
806 5377 972 5433 Πάλιν
992 5378 1181 5432 ἐαυτὸν
1198 5417 1214 5438 ,
1228 5377 1302 5440 ὠς
1321 5375 1414 5429 καὶ
1434 5375 1492 5426 ἐν
1512 5374 1624 5434 τοῖς
1645 5369 1886 5442 ἔμπροσ-

322 5476 414 5528 θεν
438 5515 452 5540 ,
494 5471 851 5544 ὑπογραμμὸν
891 5470 1117 5542 παρέχει
1152 5468 1248 5538 τῆς
1287 5465 1485 5535 ἐτέρων
1522 5459 1884 5544 διδασκαλίας,

321 5565 542 5636 Πτωχόν
569 5543 677 5637 γὰρ
704 5562 894 5618 ἑαυτὸν
927 5559 1094 5613 εἰπὼν
1131 5559 1218 5612 διὰ
1243 5558 1341 5628 τὴν
1365 5557 1465 5626 τῆς
1494 5553 1672 5624 ψυχῆς
1693 5543 1888 5604 ἐαυτοῦ

319 5658 643 5711 ταπείνωσιν
659 5657 752 5709 καὶ
775 5671 873 5725 μετ
881 5650 1127 5725 ριοσύνην
1146 5689 1161 5716 ,
1179 5649 1252 5714 ὡς
1273 5648 1397 5718 περὶ
1415 5645 1498 5699 ἑτέ
1508 5663 1600 5717 ρου
1621 5659 1689 5697 πε
1698 5642 1749 5714 pl.
1767 5641 1890 5694 ἐαυ-

404 5840 445 5872 ¹²
487 5837 502 5890 1
537 5839 669 5909 Reg.
707 5851 831 5900 us,
868 5833 923 5889 9.

1987 3248 2126 3302 lutus
2161 3257 2315 3302 ueste.
2346 3245 2407 3300 Si
2434 3247 2569 3300 hunc
2597 3248 2670 3301 vis
2704 3247 2907 3310 tollere,
2941 3249 3066 3303 tolle
3094 3249 3208 3319 tibi,
3235 3251 3358 3322 quia
3373 3254 3552 3308 nullus

1985 3339 2123 3392 alius
2147 3337 2230 3390 hic
2255 3345 2332 3390 est
2361 3344 2552 3401 ιιι-αἰει-
2569 3338 2738 3404 ipsum
2762 3337 2826 3392 ".
2861 3335 2956 3392 His
2983 3337 3166 3408 itaque
3193 3340 3416 3404 auditis,
3448 3341 3554 3394 Da-

1983 3429 2073 3486 vid
2103 3430 2209 3485 ait:
2239 3429 2304 3483 In
2337 3428 2562 3484 Domino
2591 3428 2898 3482 laudabitur
2931 3429 3112 3482 anima
3144 3447 3278 3486 mea.
3305 3431 3552 3503 Magnam

1984 3531 2134 3578 certe
2167 3521 2356 3575 Davidi
2403 3521 2630 3592 gloriam
2662 3521 2887 3590 parabat
2937 3521 3028 3576 ille
3070 3521 3314 3592 gladius;
3346 3525 3550 3594 quippe

1985 3614 2081 3685 qui
2120 3613 2384 3684 puerulus
2415 3627 2539 3667 cum
2574 3618 2742 3674 esset,
2789 3611 3220 3682 bellicorumque
3272 3629 3554 3668 armorum

1985 3705 2294 3776 imperitus,
2332 3704 2435 3758 ﬁde
2473 3703 2529 3756 in
2565 3695 2733 3756 Deum
2783 3702 3028 3756 munitus
3068 3701 3281 3757 Goliath
3316 3704 3550 3767 devicit;

1985 3800 2058 3852 ita
2083 3805 2142 3851 ut
2165 3813 2230 3852 ea
2256 3797 2322 3851 de
2353 3810 2521 3851 causa
2556 3793 2768 3847 donarii
2795 3793 2915 3847 loco
2946 3793 3097 3849 solus
3125 3795 3216 3850 ille
3246 3796 3456 3866 gladius
3495 3795 3552 3849 in

1985 3905 2144 3945 sacro
2183 3889 2459 3958 repositus
2507 3893 2701 3940 esset:
2747 3885 2893 3956 quod
2940 3885 3118 3956 ipsum
3168 3886 3424 3940 sacerdos
3467 3885 3553 3939 bis

1984 3981 2167 4036 verbis
2197 3979 2476 4041 indicavit,
2512 3991 2562 4030 et
2597 3977 2774 4032 nullus
2812 3977 2952 4031 alius
2979 3986 3078 4032 est.
3108 3975 3293 4046 Neque
3325 3978 3468 4031 enim
3497 3978 3552 4032 in

1985 4072 2338 4128 tabernaculo
2369 4070 2463 4125 Dei
2499 4071 2697 4125 licebat
2728 4085 2880 4124 arma
2907 4070 3102 4125 bellica
3135 4069 3420 4138 deponere.
3455 4067 3554 4124 llic

1985 4176 2168 4220 autem
2203 4166 2354 4220 solus
2395 4164 2450 4217 in
2489 4163 2808 4218 memoriam
2851 4169 3136 4232 reportatae
3169 4175 3196 4212 a
3240 4159 3440 4214 Davide
3486 4160 3554 4215 de

1986 4258 2292 4328 alienigena
2323 4257 2566 4312 victoria:
2602 4256 2876 4324 repositus
2909 4261 3048 4316 erat,
3079 4253 3236 4322 quasi
3277 4253 3329 4305 in
3353 4253 3554 4322 gratia~

1987 4367 2109 4406 rum
2143 4350 2412 4405 actionem
2447 4348 2559 4403 Deo
2588 4350 2680 4418 qui
2707 4347 2988 4402 victoriam
3017 4345 3118 4416 ipsi
3147 4337 3389 4403 dederat.

1913 4537 1958 4593 D
2058 4529 2224 4584 Vsus.
2258 4515 2311 4582 3.
2340 4526 2682 4597 Magniﬁcate
2713 4522 2997 4576 Dominum
3030 4536 3248 4586 mecum,
3275 4529 3323 4572 et
3359 4518 3555 4572 exalte-

1990 4641 2106 4679 mus
2128 4639 2315 4678 nomen
2347 4621 2461 4689 ejus
2495 4621 2548 4672 in
2594 4617 2844 4686 idipsum.
2889 4609 3022 4668 Nam
3053 4613 3145 4682 qui
3197 4605 3453 4680 operibus
3490 4625 3556 4666 ac

1990 4719 2099 4772 vita
2128 4731 2251 4770 cum
2288 4714 2484 4768 virtute
2529 4722 2649 4764 acta
2683 4707 2972 4777 imaginem
3027 4703 3122 4758 Dei
3150 4704 3204 4757 in
3236 4719 3293 4757 se
3317 4703 3552 4773 positam

1990 4816 2278 4872 exornant,
2301 4807 2339 4860 ii
2369 4820 2499 4860 sane
2530 4803 2707 4872 ipsum
2735 4799 2908 4870 gloria
2950 4793 3190 4852 alliciunt
3209 4801 3262 4849 et
3291 4793 3552 4849 exaltant.

1993 4901 2268 4974 Exquisiui
2301 4897 2578 4952 Dominum
2603 4903 2650 4948 et
2682 4889 2951 4946 exaudivit
2984 4905 3083 4942 me.
3117 4885 3392 4956 Siquidem
3427 4884 3555 4938 huic

1990 4993 2146 5056 voci,
2185 4988 2478 5060 exquisivi,
2543 4985 2634 5038 illa
2692 4982 2936 5037 vicissim
2986 4977 3231 5042 additur,
3287 4975 3555 5030 exaudivit

1990 5103 2089 5140 me.

2067 5172 2231 5228 Vsus.
2270 5159 2386 5224 6-8.
2441 5163 2550 5221 Iste
2595 5170 2794 5233 pauper
2851 5159 3133 5225 clamavit,
3189 5165 3239 5212 et
3299 5156 3554 5211 Dominus

1987 5244 2247 5322 exaudivit
2297 5278 2437 5322 eum,
2483 5268 2533 5312 et
2573 5255 2635 5310 de
2675 5253 2916 5308 omnibus
2970 5247 3398 5304 tribulationibus
3439 5248 3554 5315 ejus

1989 5357 2210 5412 saluauit
2240 5369 2375 5407 eum.
2410 5349 2508 5402 llic
2542 5361 2785 5409 rursum,
2827 5344 2904 5397 uti
2940 5342 3212 5411 superius,
3245 5338 3552 5406 exemplum

1991 5441 2293 5518 disciplinae
2322 5459 2442 5498 sese
2469 5440 2591 5494 aliis
2620 5436 2884 5508 perhibet.
2907 5433 3043 5488 Cum
3075 5447 3133 5486 se
3163 5445 3394 5500 namque
3422 5443 3553 5496 pau-

1991 5554 2174 5613 perem
2222 5537 2294 5592 ob
2337 5535 2532 5590 animae
2570 5545 2682 5587 sua:
2726 5526 3086 5582 humilitatem
3135 5537 3198 5576 ac
3232 5519 3551 5577 modestiam

1994 5611 2257 5696 declarat,
2293 5627 2362 5684 de
2397 5626 2596 5700 .seipso
2635 5621 2793 5694 quasi
2835 5620 2902 5675 de
2929 5617 3034 5672 alio
3064 5617 3202 5670 hanc
3246 5611 3554 5668 doctrinam
