4128 6434
620 393 734 453 295

1294 372 1565 448 ausam!
1599 373 2078 447 cmssmm‘srs
2115 369 2266 441 Opp.
2306 361 2487 438 PARS
2523 381 2612 438 ιιι.
2650 412 2722 424 -
2755 360 3166 440 EXECETICA.

3779 386 3881 442 $96

621 515 831 573 tradit:
872 511 983 566 Iste
1003 516 1202 582 pauper
1239 489 1512 572 clamavit,
1548 517 1598 562 et
1638 505 1897 561 Dominus
1933 502 2199 560 exaudivit

2305 501 2397 556 τοῦ
2435 500 2677 555 διδάσκει
2700 499 2874 569 λέγων
2893 516 2906 529 ·
2937 495 3126 565 Οὗτος
3152 501 3185 553 ὁ
3213 498 3447 570 πτωχός
3481 499 3765 570 ἐκέκραξε
3788 506 3880 560 καί

620 626 762 666 eum.
798 607 866 660 At
895 620 984 669 ne,
1036 603 1232 674 inquit,
1283 600 1669 664 arbitremini,
1711 615 1797 654 me
1842 597 2062 669 quidem
2108 595 2204 666 qui

621 717 722 774 pro
751 715 878 770 rege
921 713 985 753 ac
1018 696 1265 751 universi
1320 695 1504 766 populi
1544 694 1790 764 principe
1832 692 2071 754 habeor,
2108 687 2204 744 sed

623 797 806 851 animo
837 793 910 848 ob
973 791 1068 846 Dei
1125 799 1329 845 metum
1381 803 1590 860 pauper
1632 800 1792 848 sum,
1842 783 2020 840 solum
2077 781 2205 836 talia

621 894 1011 951 consecutum;
1037 884 1319 938 enimvero
1342 882 1511 952 probe
1533 885 1870 950 compertum
1893 886 1998 939 est,
2025 877 2204 946 ipsum

624 981 913 1035 Dominum
949 978 1042 1048 qui
1091 988 1335 1046 praesens
1393 973 1650 1027 erunibus
1695 978 1800 1034 est,
1847 968 2059 1023 similes
2096 967 2205 1023 mei

622 1073 922 1146 pauperes,
956 1069 1210 1124 videlicet
1245 1067 1499 1121 timentes
1546 1063 1740 1128 Deum,
1791 1061 2200 1116 exauditurum.

624 1163 846 1220 Gustata
902 1171 952 1217 et
1003 1160 1171 1215 ridete
1229 1158 1480 1230 quoniam
1532 1155 1709 1209 suavis
1769 1161 1847 1209 est
1903 1151 2202 1206 Dominus:

624 1260 806 1312 beatus
841 1256 918 1309 vir
951 1254 1040 1326 qui
1072 1259 1247 1322 sperat
1293 1252 1347 1304 in
1377 1267 1457 1304 eo.
1497 1247 1762 1318 Quisquis
1790 1245 1860 1300 ob
1905 1243 2202 1316 perfectam

623 1357 677 1406 et
707 1347 1105 1404 indelicientem
1138 1345 1192 1398 in
1246 1341 1415 1397 Deum
1451 1354 1600 1412 spem
1631 1340 1714 1396 vir
1735 1339 1974 1406 exsistit,
2010 1337 2203 1393 beatus

621 1448 727 1498 est.
764 1439 950 1511 Neque
992 1438 1092 1493 abs
1131 1449 1191 1492 re
1233 1434 1443 1505 Aquilae
1474 1428 1914 1502 interpretationi
1961 1438 2203 1498 praesens

621 1533 829 1589 dictum
864 1530 989 1602 quis
1035 1524 1324 1600 aptaveri't.
1361 1524 1421 1579 ln
1454 1523 1614 1578 titulo
1645 1522 1847 1594 quippe
1897 1519 2203 1577 secundum

619 1623 873 1694 Aquilam
905 1622 1111 1677 dictum
1163 1625 1290 1673 est:
1346 1614 1589 1678 Davidis,
1649 1612 1862 1684 quando
1903 1611 2204 1666 immutavit

620 1728 831 1790 gustum
861 1728 1017 1768 suum
1064 1720 1186 1764 ante
1230 1708 1420 1778 faciem
1478 1703 1797 1760 Abimelech.
1847 1701 1988 1771 Quia
2040 1703 2204 1774 igitur

621 1806 759 1876 ipse,
794 1820 916 1859 cum
965 1814 1135 1873 panes
1184 1796 1577 1869 propositionis
1617 1794 1968 1858 comedisset,
2006 1793 2204 1847 immu-

2307 597 2340 648 ὁ
2376 594 2592 661 Κύριος
2619 592 2988 659 είσήκουσεν
3017 591 3224 645 αὑτοῦ.
3272 593 3430 646 Ἀλλὰ
3466 594 3540 665 μὴ
3569 593 3689 665 ἐμὲ,
3730 596 3878 666 φησὶ,

2309 686 2467 758 μόνον
2489 685 2843 757 τετυχηκέναι
2866 683 3229 755 νομίζετε,τδν
3249 684 3604 756 νομιζόμενον
3630 686 3728 757 μὲν
3751 683 3881 742 εἶναι

2308 776 2530 848 βασιλέα
2561 777 2656 829 καὶ
2683 776 2920 846 ἄρχοντα
2945 773 3038 827 τοῦ
3073 773 3276 838 παντὸς
3306 774 3524 840 ἔθνους,
3551 778 3618 846 τῇ
3651 776 3707 830 δὲ
3739 778 3879 851 ψυχῇ

2306 866 2653 936 πτωχεύοντα
2689 866 2775 919 διὰ
2802 865 2892 918 τὸν
2913 864 3006 917 τοῦ
3043 863 3178 918 Θεοῦ
3217 865 3408 933 φόϐον·
3444 867 3686 938 ἀκριϐῶς
3715 868 3771 922 δὲ
3801 887 3882 938 γι-

2305 958 2574 1013 νὼσκεται
2597 998 2610 1019 ,
2637 959 2718 1011 ὃτι
2745 959 2774 1011 ό
2807 957 2969 1020 αὐτὸς
2990 956 3194 1028 Κύριος
3220 957 3314 1010 καὶ
3343 957 3532 1031 παρὼν
3556 960 3664 1014 τῶν
3686 961 3882 1033 ὁμοίως

2305 1047 2684 1122 ἐμοὶπτωχῶν
2709 1091 2724 1116 ,
2758 1050 2900 1119 λέγω
2927 1049 2984 1103 δὲ
3007 1049 3116 1103 τῶν
3143 1049 3490 1120 φοϐουμένων
3517 1049 3704 1116 αὐτὸν,
3736 1056 3880 1107 εἰσα-

2305 1142 2575 1197 κούσεται.
2605 1142 2921 1196 Γεύσιισθε
2945 1141 3044 1196 καὶ
3088 1139 3243 1194 ἴδετε
3291 1139 3380 1194 ὅτι
3409 1142 3677 1211 χρηστὸς
3706 1147 3740 1198 ό
3773 1146 3883 1199 Κύ-

2296 1252 2448 1305 ριος⁶
2475 1231 2766 1306 μακάριος
2789 1232 2945 1302 ἀνὴρ
2965 1233 3032 1300 ὃς
3051 1232 3272 1294 ἐλπίζει
3296 1233 3388 1287 ἐπ’
3408 1235 3612 1288 αὐτόν·
3649 1235 3705 1290 '0
3717 1235 3804 1290 διὰ
3824 1234 3884 1292 τὸ

2302 1329 2520 1394 τελείως
2543 1329 2636 1382 καὶ
2663 1327 2960 1389 ἀνελλιπῶς
2991 1325 3230 1390 ἐλπίζειν
3259 1328 3351 1381 ἐπὶ
3382 1307 3515 1382 Θεὸν
3547 1329 3689 1400 ἀνὴρ
3712 1331 3884 1404 ὑπάρ-

2304 1441 2414 1495 χων
2447 1423 2717 1495 μακάριός
2749 1423 2915 1476 ἐστιν.
2964 1421 3077 1474 Ούκ
3104 1420 3407 1484 ἀπεικότως
3433 1421 3498 1475 ἄν
3528 1438 3610 1485 τις
3642 1422 3881 1494 ἐφαρμό-

2305 1533 2448 1570 σειεν
2469 1519 2536 1587 τῇ
2561 1513 2704 1569 κατὰ
2727 1514 2819 1568 τὸν
2854 1513 3084 1567 Ἀκύλαν
3111 1512 3377 1585 ἑρμηνείᾳ
3397 1512 3494 1584 τὴν
3519 1514 3882 1587 προκειμένην

2303 1607 2447 1676 λέξιν
2462 1626 2475 1640 ο
2498 1607 2726 1679 ἐπείπερ
2751 1608 2808 1661 ὲν
2834 1608 2900 1677 τῇ
2924 1608 3214 1677 προγραφῇ
3237 1604 3378 1658 κατὰ
3399 1590 3489 1658 τὸν
3521 1604 3749 1659 Ἀκύλαν
3771 1606 3884 1660 ἐλέ-

2303 1717 2456 1770 γετο·
2495 1698 2607 1754 Τοῦ
2625 1698 2826 1764 Δαυῒδ,
2852 1697 2950 1752 ὅτε
2973 1697 3275 1766 ἠλλοιωσε
3293 1696 3357 1751 τὸ
3383 1696 3572 1770 γεῦμα
3590 1697 3778 1753 αὐτοῦ
3797 1701 3883 1769 είς

2304 1794 2628 1864 πρόσωπον
2668 1791 2995 1861 Ἀϐιμέλεχ.
3032 1789 3185 1843 Ἐπεὶ
3216 1789 3394 1845 τοίνυν
3427 1791 3608 1858 αὐτὸς,
3641 1790 3750 1845 τῶν
3781 1783 3881 1865 ἀρεῖ

621 1864 756 1952 tavit
794 1864 1016 1966 gustum
1068 1864 1254 1956 suum,
1286 1864 1353 1946 ac
1401 1904 1468 1946 ex
1517 1896 1682 1960 gustu
1713 1887 1910 1943 deinde
1961 1884 2199 1940 divinam

2306 1902 2413 1941 των
2443 1887 2541 1958 τῆς
2567 1885 2881 1958 προθέσεως
2922 1880 3240 1955 μεταλαϐὼν
3257 1924 3275 1950 ,
3326 1883 3590 1954 ὴλλοίωσε
3616 1885 3677 1940 τὸ
3704 1887 3884 1960 γεῦμα

621 1988 728 2047 sibi
771 1990 1032 2042 virtutem
1083 1985 1338 2039 collatam
1386 1980 1558 2037 fuisse
1585 1980 1794 2048 sensit;
1843 1978 2072 2042 ideirco,
2117 1992 2206 2033 se-

621 2079 862 2138 cundum
892 2076 1044 2142 illud,
1071 2076 1278 2148 Absque
1305 2074 1429 2131 doto
1469 2075 1665 2144 accepi,
1691 2074 1805 2128 sine
1835 2071 2034 2127 invidia
2059 2086 2205 2126 com-

619 2169 933 2238 munico“,
983 2168 1054 2224 ad
1101 2167 1447 2224 consimilem
1511 2174 1732 2238 gustum
1787 2162 2204 2238 percipiendum

621 2266 760 2320 alios
805 2263 1066 2320 festinare
1105 2261 1450 2325 cohortatur,
1485 2270 1650 2330 atque
1700 2258 1917 2330 precari
1946 2265 2008 2312 ut
2060 2270 2203 2329 pane

619 2357 744 2415 vita!
790 2357 1047 2410 alantur:
1111 2353 1274 2424 cujus
1325 2352 1636 2425 symbolum
1689 2365 1755 2405 ac
1820 2349 2000 2422 imago
2043 2355 2203 2404 erant

621 2464 793 2521 panes
825 2449 902 2504 illi
931 2445 1327 2519 propositionis
1379 2460 1478 2516 per
1525 2441 1731 2516 Moysis
1760 2443 1932 2515 legem
1986 2441 2199 2498 statuti.

623 2540 804 2608 Quare
834 2540 1007 2594 David
1056 2553 1183 2594 cum
1223 2537 1556 2608 intelligeret
1609 2533 1770 2606 cujus
1827 2534 2008 2604 imago
2055 2539 2204 2589 esset

623 2632 782 2703 panis
816 2630 906 2684 ille
954 2625 1369 2699 propositionis,
1404 2640 1513 2680 non
1538 2624 1606 2680 ad
1647 2637 1974 2694 corporeum
2005 2636 2200 2694 panem

621 2730 683 2778 ut
722 2721 1085 2786 accedamus;
1118 2716 1214 2774 sed
1263 2717 1329 2771 ad
1369 2731 1566 2787 panem
1619 2714 1713 2786 qui
1756 2728 2022 2784 corporeo
2071 2713 2201 2769 sub-

621 2813 920 2878 indicatur,
969 2826 1072 2868 nos
1129 2816 1414 2881 provocat.
1448 2807 1560 2863 Nos
1593 2808 1760 2879 igitur
1810 2807 1906 2878 qui
1937 2806 1993 2860 in
2040 2807 2201 2863 terris

620 2907 930 2970 Versamur,
965 2903 1124 2974 panis
1171 2910 1225 2956 et
1256 2899 1422 2956 Verbi
1457 2901 1552 2971 qui
1581 2899 1649 2955 de
1702 2899 1845 2954 cmlo
1893 2898 2198 2966 descendit,

619 3009 684 3049 ac
721 2994 1078 3064 semetipsum
1135 2989 1439 3049 exinanivit
1471 2999 1525 3046 et
1557 2989 1863 3061 depressit,
1904 2988 2200 3060 participes

621 3083 903 3141 elﬁcimur.
945 3085 1051 3152 Qui
1088 3099 1218 3140 vero
1247 3089 1377 3139 sunt
1409 3083 1467 3138 in
1494 3096 1665 3153 regno
1716 3081 2004 3145 caelorum,
2039 3081 2200 3151 pleno

621 3176 718 3231 illo
745 3191 809 3232 ac
838 3174 1081 3247 perfecto
1104 3183 1354 3239 utuntur,
1384 3172 1503 3243 ejus
1539 3171 1829 3227 divinitate
1869 3171 2114 3238 enutriti,
2145 3177 2200 3226 et

620 3266 905 3338 sapientia
955 3265 1517 3336 contemplationibus
1562 3262 1827 3318 fruentes.
1861 3261 1988 3318 Haec
2034 3263 2197 3318 etiam

621 3375 726 3416 nos
771 3359 1068 3430 aliquando
1119 3355 1404 3413 obtinendi
1450 3369 1603 3425 spem
1665 3354 1870 3410 habere
1920 3355 2196 3420 convenit,

618 3451 978 3524 quamobrem
1025 3449 1232 3504 dictum
1282 3455 1413 3503 est:
1478 3445 1670 3500 Beatus
1740 3446 1821 3500 air
1883 3446 1973 3519 qui
2023 3455 2200 3517 sperat

619 3545 675 3600 ἔοι
705 3559 786 3598 eo.

693 3634 860 3690 Vens.
897 3631 953 3688 9.
1005 3630 1203 3686 Timete
1249 3629 1557 3696 Dominum,
1601 3646 1778 3686 omnes
1827 3632 1999 3686 sancti
2050 3631 2195 3702 ejus,

619 3728 872 3800 quoniam
904 3742 1009 3780 non
1035 3733 1112 3780 est
1141 3724 1320 3793 inopia
1351 3725 1657 3779 timentibus
1686 3740 1824 3778 eum.
1853 3723 1978 3780 llaec
2014 3725 2199 3780 omnia

623 3821 790 3877 David
837 3821 906 3875 ad
956 3819 1190 3873 aliorum
1240 3817 1534 3873 utilitatem
1601 3819 1994 3874 sententiarum
2045 3832 2198 3874 more

623 3911 853 3985 profert,
888 3924 1124 3981 quorum
1182 3909 1334 3980 prior
1375 3909 1492 3980 ipse
1527 3909 1734 3978 potitus
1779 3917 1918 3974 erat,
1978 3907 2198 3978 quando

622 4003 919 4075 exquisivit
990 4001 1308 4064 Dominum,
1375 4015 1440 4054 ac
1485 4001 1782 4071 propitium
1842 4010 2038 4057 nactus
2090 4009 2193 4057 est.

619 4093 876 4166 Prmeipit
905 4093 1088 4163 itaque
1141 4091 1350 4147 sanctis
1382 4090 1500 4154 Dei,
1545 4099 1606 4146 ut
1652 4092 1902 4148 timorem
1935 4094 2054 4162 ejus
2085 4108 2198 4163 pra:

618 4188 797 4245 oculis
824 4186 1062 4242 habeant
1095 4205 1108 4240 :
1148 4185 1218 4240 ab
1273 4185 1367 4240 illo
1399 4186 1600 4256 quippe
1633 4187 1827 4239 timore
1865 4184 2040 4240 sancti
2081 4184 2196 4240 eili-

619 4279 878 4345 ciuntur;
910 4277 1033 4333 ideo
1063 4275 1172 4330 alio
1201 4275 1257 4330 in
1289 4275 1498 4347 psalmo
1521 4273 1748 4339 dictum,
1775 4274 1957 4328 Timor
1980 4274 2196 4329 Domini

619 4381 799 4427 castus
843 4371 916 4438 ⁸⁵,
964 4371 1244 4433 videlicet.
1296 4378 1479 4426 castos
1528 4369 1786 4425 elliciens.
1851 4368 2196 4438 Quapropter

619 4462 805 4518 divina
839 4463 927 4518 lex
960 4463 1077 4518 ait:
1119 4461 1304 4517 Sancti
1336 4463 1502 4528 eritis,
1531 4462 1780 4532 quoniam
1809 4477 1901 4532 ego
1941 4460 2192 4514 Dominus

2305 1980 2471 2036 αὐτοῦ
2494 2019 2508 2045 ,
2542 1975 2642 2033 εἶτ’
2675 1979 2782 2033 ἀπὸ
2802 1978 2903 2049 τῆς
2927 1976 3169 2048 γεύσεως
3195 1976 3392 2049 ᾔσθετο
3417 1978 3699 2051 δυνάμεως
3735 1980 3884 2046 θείας

2303 2071 2702 2146 χορηγηθείσης
2725 2069 2908 2142 αύτῷλ
2935 2069 3125 2125 τούτου
3153 2073 3312 2144 χάριν
3339 2071 3482 2127 κατὰ
3496 2071 3558 2125 τό
3576 2087 3591 2103 ο
3629 2071 3883 2142 Ἀδόλως

2303 2169 2543 2230 ἔλαϐον,
2569 2167 2844 2236 ἀφθόνως
2867 2165 3275 2238 μεταδίδομαι,
3307 2165 3618 2239 παρακαλεῖ
3647 2168 3742 2221 καὶ
3769 2167 3884 2221 ἑτέ-

2306 2274 2434 2330 ρους
2456 2256 2708 2312 σπεύδειν
2739 2257 2832 2311 ἐπὶ
2850 2258 2949 2330 τὴν
2976 2258 3168 2330 ὁμοίαν
3191 2257 3344 2329 αύτῷ
3370 2257 3558 2327 γεῦσιν
3578 2297 3593 2322 ,
3625 2257 3882 2324 εὔξασθαί

2301 2365 2362 2402 τε
2390 2349 2662 2422 τραφῆναι
2693 2347 2772 2420 τῷ
2797 2348 2947 2422 ἄρτῳ
2969 2350 3068 2421 τῆς
3094 2349 3243 2421 ζωῆς
3259 2350 3274 2381 ⁸
3304 2345 3366 2405 οὗ
3391 2333 3655 2421 σύμϐολον
3685 2351 3779 2404 καὶ
3805 2353 3882 2404 εί-

2303 2439 2414 2494 κὼν
2433 2440 2725 2524 ἐτύγχανον
2745 2443 2795 2496 οἱ
2817 2441 2906 2495 διὰ
2925 2443 3204 2506 Μωῦσέως
3224 2442 3550 2514 νενομοθετη
3557 2443 3708 2514 μένοι
3729 2443 3884 2515 ἄρτοι

2303 2535 2402 2606 τῆς
2433 2532 2760 2606 προθέσεως.
2795 2535 2996 2608 Διόπερ
3021 2537 3050 2588 ό
3075 2535 3238 2591 Δαυῖδ
3259 2574 3277 2601 ,
3307 2537 3508 2608 νοήσας
3540 2536 3686 2600 τίνος
3713 2531 3782 2608 ἦν
3807 2537 3884 2589 εί-

2302 2626 2415 2681 κὼν
2451 2629 2480 2680 ό
2509 2628 2608 2699 τῆς
2637 2628 2948 2700 προθέσεως
2973 2629 3136 2701 ἄρτος
3154 2671 3169 2696 ,
3200 2631 3300 2684 οὐκ
3325 2629 3418 2683 ἐπὶ
3447 2616 3538 2684 τὸν
3572 2628 3882 2701 σωματικὸν

2304 2719 2554 2773 σπεύδειν
2586 2720 2905 2793 προτρέπει,
2937 2719 3050 2773 ἀλλ’
3073 2721 3166 2774 ἐπὶ
3187 2720 3279 2775 τὸν
3303 2721 3368 2776 δι’
3385 2719 3550 2775 αὐτοῦ
3572 2721 3878 2792 νοούμενον.

2314 2811 2502 2884 Ἡμεῖς
2528 2805 2626 2884 μὲν
2652 2809 2746 2867 οὖν
2774 2815 2824 2867 οί
2847 2811 2942 2867 ἐπὶ
2973 2814 3076 2886 γῆς
3107 2815 3170 2869 ὲκ
3197 2813 3290 2868 τοῦ
3315 2813 3545 2886 ούρανοῦ
3574 2813 3883 2888 καταϐεϐη-

2301 2903 2457 2968 κότος
2502 2902 2597 2956 τοῦ
2641 2903 2806 2976 ἄρτου
2850 2904 2945 2958 καὶ
2987 2903 3082 2958 τοῦ
3119 2904 3294 2974 Λόγου
3331 2903 3666 2969 κενώσαντος
3692 2905 3882 2959 ἑαυτὸν

2301 2997 2396 3051 καὶ
2428 2996 2821 3070 σμικρύναντος
2849 2997 3364 3069 μεταλαμϐάνομεν·
3392 2999 3446 3050 οί
3475 2996 3531 3052 δὲ
3555 2999 3612 3050 ὲν
3633 3001 3698 3070 τῇ
3731 2997 3884 3068 βασι-

2299 3087 2420 3161 λείᾳ
2455 3089 2566 3143 τῶν
2596 3090 2838 3162 οὐρανῶν
2867 3090 3108 3163 πλήρους
3139 3090 3306 3147 αὑτοῦ
3338 3090 3433 3144 καὶ
3474 3090 3678 3145 τελείου
3715 3107 3882 3162 μετα-

2225 3206 2267 3266 C
2300 3180 2673 3254 λαμϐάνουσι,
2715 3184 3042 3255 τρεφόμενοι
3073 3182 3237 3238 αὑτοῦ
3267 3184 3333 3256 τῇ
3366 3183 3580 3256 θεότητι
3601 3223 3616 3248 ,
3648 3184 3743 3238 καὶ
3773 3184 3883 3238 τῶν

2298 3273 2402 3345 τῆς
2430 3274 2621 3342 σοφίας
2652 3273 3024 3346 θεωρημάτων
3055 3274 3455 3342 ἀπολαύοντες,
3503 3268 3579 3333 ὧν
3611 3278 3704 3332 καὶ
3730 3280 3881 3350 ἡμᾶς

2297 3364 2474 3437 καιρῷ
2491 3368 2619 3418 ποτε
2636 3369 2920 3437 μετασχεῖν
2942 3367 3182 3432 ἐλπίζειν
3204 3372 3492 3440 προσήκει,
3510 3368 3588 3423 διὸ
3602 3368 3853 3425 λέλεκται
3865 3386 3880 3402 ·

2294 3454 2598 3526 Μακάριος
2628 3457 2786 3526 ἀνὴρ
2809 3457 2880 3525 ὃς
2900 3457 3123 3520 ἐλπίζει
3147 3459 3243 3514 ἐπ’
3265 3463 3474 3516 αὐτόν.

2367 3634 2668 3704 Φοϐήθητε
2693 3634 2801 3690 τὸν
2826 3635 3048 3705 Κύριον
3065 3668 3082 3700 ,
3125 3633 3350 3704 πάντες
3391 3637 3447 3691 ot
3477 3634 3631 3706 ἅγιοι
3669 3625 3884 3707 αὐτοῦ,

2297 3715 2386 3783 ὅτι
2411 3731 2522 3783 οὐκ
2551 3727 2725 3781 ἐστιν
2750 3726 3058 3796 ὑστέρημα
3094 3726 3217 3794 τοῖς
3247 3727 3640 3798 φοϐουμένοις
3668 3731 3884 3788 αὐτόν.

2298 3820 2481 3874 Πάντα
2505 3819 2679 3874 ταῦτα
2706 3818 3000 3890 γνωμικῶς
3026 3821 3054 3874 ό
3080 3818 3240 3873 Δαυῒδ
3271 3822 3352 3884 είς
3380 3818 3478 3892 τὴν
3505 3820 3708 3892 ἑτέρων
3737 3821 3886 3891 ὠφέ-

2296 3912 2444 3967 λειαν
2477 3913 2832 3986 προφέρεται,
2867 3911 3026 3976 αὐτὸς
3055 3912 3318 3984 πρότερον
3342 3912 3654 3978 ἀπολαύσας
3677 3915 3881 3980 αὐτῶν,

2295 4007 2385 4060 ὅτε
2404 4047 2418 4072 ,
2460 4006 2767 4078 ἐκζητήσας
2792 4005 2882 4058 τὸν
2911 4000 3115 4077 Κύριον
3135 4043 3150 4069 ,
3191 4006 3427 4077 ἐπηκόου
3455 4007 3620 4061 αὑτοῦ
3644 4007 3882 4080 τετύχηέ

2297 4114 2380 4151 κεε
2405 4096 2846 4168 Παρακελεύεται
2877 4096 3055 4151 τοίνυν
3087 4097 3179 4152 τὸν
3209 4097 3373 4167 φόϐον
3403 4097 3498 4152 τοῦ
3527 4100 3734 4171 Κυρίου
3771 4099 3884 4172 πρὸ

2296 4188 2588 4261 ὀφθαλμῶν
2610 4187 2851 4242 τίθεσθαι
2873 4190 2998 4252 τοὺς
3023 4175 3214 4259 ἁγίους
3236 4189 3431 4242 αὑτοῦ·
3457 4191 3561 4243 ὑπὸ
3583 4191 3690 4262 γὰρ
3712 4190 3882 4245 αὑτοῦ

2295 4282 2391 4336 τοῦ
2422 4282 2586 4352 φόϐου
2614 4281 2760 4351 ἅγιοι
2788 4280 3203 4336 άνατελοῦνταν
3233 4279 3313 4336 διὸ
3335 4282 3586 4338 λέλεκται
3613 4285 3672 4339 ὲν
3705 4285 3882 4357 ἑτέρῳ

2295 4373 2512 4446 ψαλμῷ·
2546 4374 2608 4428 '0
2627 4375 2810 4444 φόϐος
2825 4374 3048 4441 Κυρίου
3067 4374 3270 4445 ἁγνὸς,
3291 4376 3411 4430 ἀντὶ
3430 4375 3545 4438 τοῦ,
3567 4378 3879 4446 άγνοποιός.

2295 4467 2386 4521 Διὺ
2412 4467 2504 4521 καὶ
2527 4469 2556 4519 ό
2582 4465 2724 4529 θεῖος
2748 4465 2910 4536 νόμος
2939 4465 3104 4538 φησίν
3121 4482 3134 4497 ·
3164 4459 3354 4536 ’Ἅγιοι
3384 4468 3620 4534 ἔσεσθε,
3651 4470 3740 4523 ὅτι
3761 4470 3882 4541 ἐγὼ

619 4554 760 4608 Deus
794 4563 960 4607 vester
985 4562 1198 4607 sanctus
1230 4570 1346 4608 sum
1373 4553 1437 4608 ³³.
1467 4554 1644 4622 Atque
1668 4553 1882 4623 signum
1909 4550 2042 4605 illud
2077 4551 2192 4606 evi-

2299 4560 2507 4628 Κύριος
2540 4560 2574 4613 ὀ
2613 4558 2758 4624 Θεὸς
2792 4555 2960 4628 ὑμῶν
2995 4559 3180 4629 ἅγιος.
3242 4560 3352 4613 Καὶ
3392 4565 3612 4632 σημεῖον
3645 4563 3739 4617 τοῦ
3781 4582 3884 4634 φοι

619 4647 756 4702 dens
789 4645 953 4701 fuerit
997 4647 1212 4700 timoris
1249 4643 1486 4710 Domini,
1530 4644 1577 4700 si
1620 4643 1744 4715 quis
1782 4657 1812 4697 a
1851 4643 2108 4698 sordibus
2142 4650 2197 4698 et

617 4739 803 4812 pravis
845 4736 1105 4809 operibus
1137 4753 1310 4808 purus
1362 4744 1417 4792 et
1453 4752 1656 4792 vacuus
1711 4735 1916 4802 fuerit,
1965 4749 2195 4804 seseque

620 4839 874 4888 sanctum
912 4844 1144 4900 corpore
1178 4844 1240 4884 ac
1273 4829 1470 4900 spiritu
1499 4828 1818 4883 servaverit.
1851 4825 2194 4882 Timentibus

619 4937 784 4994 porro
809 4921 1001 4988 Deum,
1036 4921 1130 4992 qui
1162 4937 1254 4990 per
1275 4922 1394 4990 ejus
1422 4928 1625 4975 metum
1663 4919 1836 4976 sancti
1865 4917 2191 4983 efﬁciuntur,

620 5014 757 5068 nihil
789 5027 1027 5084 unquam
1054 5011 1250 5076 deerit,
1273 5019 1460 5082 utpote
1488 5011 1580 5081 qui
1609 5011 1830 5065 divitias
1867 5024 2093 5081 magnas
2126 5023 2190 5063 ac

619 5107 938 5162 thesaurum
967 5105 1231 5177 optimum
1276 5104 1331 5158 in
1384 5105 1504 5174 ipso
1549 5103 1742 5160 timore
1782 5101 2002 5158 Domini
2035 5117 2186 5174 repe-

618 5199 809 5256 rerint.

1122 5307 1400 5364 DAVIDIS
1435 5307 1674 5366 XXXIV.

689 5400 854 5458 Vens.
901 5401 1018 5458 1-5.
1055 5399 1274 5468 Judica,
1306 5401 1542 5465 Domine,
1589 5409 1830 5455 nocentes
1879 5415 1979 5466 me,
2017 5414 2187 5470 expu-

618 5485 723 5571 gna
746 5500 1107 5570 impugnantes
1136 5513 1236 5551 me.
1268 5495 1601 5566 Apprehende
1627 5503 1801 5550 'arma
1839 5506 1889 5551 et
1929 5505 2136 5549 scutum
2163 5511 2182 5550 .'

2296 4645 2508 4699 ϐεῖσθαι
2540 4645 2632 4699 τὸν
2663 4645 2866 4717 Κύριον
2898 4645 3043 4699 τοῦτ’
3080 4647 3146 4700 ἂν
3175 4647 3384 4715 γένοιτο
3403 4689 3418 4713 ,
3457 4651 3518 4704 τὸ
3551 4651 3882 4725 καθαρεύειν

2299 4736 2396 4806 μὲν
2424 4735 2602 4808 πάσης
2624 4735 2893 4807 ῥυπαρίας
2914 4735 3007 4788 καὶ
3034 4737 3262 4808 αίσχρᾶς
3283 4737 3534 4808 πράξεως
3552 4781 3566 4806 ,
3586 4741 3882 4809 φυλάττειν

2294 4828 2350 4882 δὲ
2378 4829 2572 4891 αὐτοὺς
2603 4827 2792 4896 ἁγίους
2828 4828 2919 4880 καὶ
2957 4825 3170 4897 σώματι
3200 4829 3294 4882 καὶ
3325 4829 3613 4900 πνεύματι.
3665 4831 3792 4896 Τοῖς
3816 4831 3879 4886 δὲ

2293 4921 2384 4973 τὸν
2435 4918 2639 4991 Κύριον
2673 4918 3060 4989 φοϐουμένοις,
3113 4919 3205 4972 καὶ
3234 4919 3323 4973 διὰ
3371 4920 3460 4974 τὸν
3507 4921 3671 4976 αὑτοῦ
3708 4924 3880 4992 φόϐον

2296 5013 2648 5087 ἡγιασμένοις
2671 5055 2685 5080 ,
2741 5015 2892 5068 οὐδὲν
2932 5013 2998 5068 ἂν
3029 5013 3193 5085 δεήσῃ
3240 5013 3315 5079 ὼς
3343 5014 3410 5069 ἂν
3444 5016 3615 5086 μέγαν
3645 5016 3882 5071 πλοῦτον

2295 5108 2390 5160 καὶ
2422 5097 2690 5179 θησαυρὸν
2719 5105 2920 5176 ἀγαθὸν
2943 5106 3001 5160 ὲν
3025 5103 3172 5175 αὐτῷ
3200 5105 3276 5176 τῷ
3305 5103 3453 5177 φόϐῳ
3481 5107 3685 5178 Κυρίου
3707 5109 3882 5181 εὑρη-

2295 5199 2467 5253 κόσιν.

2807 5303 2945 5361 ΤΟΥ
2983 5304 3178 5360 ΔΑΥῙΔ
3213 5306 3330 5360 AA"

2361 5403 2650 5465 Δίκασον,
2684 5401 2881 5469 Κύριε,
2918 5398 3446 5468 τοὺςάδικοῦντάς
3473 5417 3580 5470 με,
3606 5401 3877 5471 πολέμη-

2290 5504 2404 5550 σον
2434 5494 2574 5560 τοὺς
2605 5492 3018 5562 πολεμοῦντάς
3045 5511 3140 5564 με.
3180 5494 3498 5548 Ἐπιλαϐοῦ
3538 5493 3731 5548 ὅπλου
3765 5493 3871 5550 καί

619 5602 669 5647 et
693 5608 915 5663 exsurge
941 5593 995 5645 in
1027 5590 1354 5659 adjutorium
1405 5589 1555 5643 mihi.
1587 5587 1812 5658 Eﬂ'unde
1843 5589 2102 5658 frameam
2130 5596 2182 5641 et

2299 5587 2499 5656 9υρεοῦ
2521 5605 2535 5617 ’
2573 5587 2671 5642 καί
2697 5585 2992 5655 ἀνάστηθι
3030 5589 3118 5653 εἰς
3148 5585 3436 5654 βοήθειάν
3453 5605 3576 5657 μοι.
3609 5589 3874 5656 Ἔκχεον

620 5684 869 5739 conclude
889 5682 1136 5738 adversus
1160 5699 1245 5737 eos
1268 5683 1356 5752 qui
1383 5690 1761 5751 persequuntur
1787 5697 1885 5735 me.
1907 5680 2176 5746 Quoniam

2299 5678 2603 5748 ὑομεοαίαν,
2627 5676 2725 5733 καί
2756 5679 3127 5749 σύγκλεισον
3153 5675 3504 5744 ἐξεναντίας
3534 5676 3652 5731 τῶν
3681 5693 3870 5731 καταμ-

699 5837 742 5869 ¹⁸
781 5837 908 5909 Sap.
948 5853 1054 5906 vn,
1096 5837 1184 5896 l5.
1259 5838 1302 5870 ¹¹⁵
1344 5835 1491 5896 Psal.
1525 5852 1696 5903 xvut,
1733 5835 1818 5892 l0.
1898 5834 1943 5866 ”
1983 5833 2160 5889 Levit.
2202 5847 2277 5901 ιιι,
2323 5831 2412 5890 43.
