4122 6454
348 371 458 431 297

1487 363 1988 430 COMMENTARIA
2033 363 2100 429 lN
2137 361 2472 428 PSALMOS.

3493 364 3601 428 298

345 476 680 543 διωκόντων
703 503 800 557 με.
841 485 995 541 Ἐπεὶ
1021 475 1116 541 καὶ
1135 487 1192 540 ἐν
1222 485 1301 558 τῷ
1332 486 1588 559 ἰεζεκιὴλ
1604 487 1774 540 πολλὰ
1802 502 1905 558 περ

2037 488 2092 543 in
2139 484 2423 542 Ezechiele
2475 482 2642 538 multa
2689 482 2753 538 de
2782 477 2988 538 framea
3025 479 3172 539 dicta
3222 486 3391 549 svnt;
3446 497 3600 548 nam,

344 576 616 650 ῥομφαίας
639 576 852 649 εἴρηται
870 594 884 607 ο
934 577 1222 646 Ῥομςραία
1243 577 1352 648 γὰρ
1371 617 1387 641 ,
1416 576 1549 649 φησὶ
1573 617 1588 641 ,
1631 577 1917 646 ῥομφαία,

339 661 705 740 ἑξεγέρθητι,
723 669 822 723 καὶ
838 668 991 739 φάγε
1003 665 1147 738 αἷμα
1172 666 1547 747 τραυματιῶν
1565 686 1579 700 ⁸
1607 668 1700 722 καὶ
1725 668 1884 722 πάλιν
1901 675 1914 697 δ

337 761 428 831 Γῆ
462 761 574 816 ἐὰν
604 759 836 832 ἁμάρτῃ
863 778 987 831 μοι,
1023 761 1123 814 καὶ
1151 757 1470 815 ἀποστελῶ
1491 760 1796 829 ῥομφαίαν
1823 759 1918 813 ἐπ’

335 854 556 922 αὐτήνδ
581 854 756 908 πάντα
778 853 836 907 δὲ
855 853 1028 909 ταῦτα
1041 853 1184 908 κατὰ
1199 853 1297 925 τῆς
1317 856 1376 907 ὲν
1397 853 1702 924 ἀνθρώποις
1720 851 1919 917 κακίας

332 947 629 1020 ἐπαφίησιν
648 987 663 1012 ,
689 945 766 1012 ὡς
784 943 988 1018 ἀγαθὸς
1007 987 1022 1013 ,
1053 947 1192 1020 πρὸς
1210 945 1478 1016 ὠφέλειαν
1505 944 1614 998 τῶν
1636 945 1726 998 ὑπ’
1747 944 1918 1017 αὐτῆς

331 1038 758 1112 κεκρατημένων
776 1055 791 1070 ·
821 1037 945 1092 ἐπεὶ
975 1039 1067 1092 καὶ
1095 1037 1350 1110 πολέμων
1385 1033 1545 1101 σώζει
1593 1037 1696 1108 (Ι),
1727 1033 1914 1108 ὥσπερ

331 1129 516 1204 ἰατρὸς
535 1171 550 1195 ,
578 1132 794 1203 τέμνων
828 1128 923 1187 καὶ
954 1131 1126 1186 καίων
1158 1131 1227 1186 τὰ
1241 1129 1543 1185 πεπονθότα
1557 1130 1648 1184 τοῦ
1663 1129 1916 1202 σώματος

327 1222 468 1295 πρὸς
485 1221 778 1296 θεραπείαν
807 1223 1035 1288 παντός’
1061 1223 1270 1288 τούτοις
1285 1222 1535 1295 ἐπιφέρει
1559 1222 1732 1292 λέγων
1755 1210 1880 1294 ἑξῆς
1895 1241 1910 1253 ο

325 1310 519 1369 Εἶπον
553 1314 630 1384 τῇ
657 1307 830 1385 ψυχῇ
853 1333 1003 1386 μου*
1047 1316 1314 1384 Σωτηρία
1341 1331 1458 1370 σου
1485 1313 1600 1385 ἐγώ
1628 1318 1774 1386 εἰμι·
1825 1334 1914 1369 πι-

327 1409 535 1462 στεύων
568 1407 662 1462 uati.
688 1409 933 1481 ἀκριϐῶς
961 1407 1326 1479 πεπεισμένος
1351 1446 1366 1471 ,
1401 1409 1484 1461 ὅτι
1530 1397 1592 1462 τὸ
1624 1405 1912 1480 λεγόμενον

324 1499 433 1554 ὑπὸ
461 1500 552 1554 τοῦ
577 1501 712 1554 Θεοῦ
740 1501 839 1555 οὐκ
865 1502 1049 1574 ἀργῶς
1077 1501 1324 1573 πρόεισιν
1341 1541 1357 1565 ,
1393 1500 1506 1556 ἀλλ’
1529 1503 1610 1566 εἰς
1635 1502 1796 1574 ἔργον
1822 1503 1914 1556 ὲκ-

323 1589 502 1644 6αίνει
531 1592 746 1657 πάντως
765 1591 826 1646 τὸ
847 1587 1158 1664 λεγόμενον.
1191 1577 1299 1646 Καὶ
1324 1595 1381 1646 ὲν
1409 1581 1584 1664 τούτῳ
1602 1593 1660 1647 δὲ
1687 1592 1784 1665 τὴν
1813 1593 1911 1664 μὲν

323 1681 523 1736 ἑαυτοῦ
556 1685 773 1755 ⁴ίνιρνείτο
807 1685 1078 1756 σωτηρίαν
1097 1722 1112 1747 ,
1137 1684 1230 1737 καὶ
1261 1685 1359 1756 τὴν
1392 1682 1586 1738 ἑαυτοῦ
1620 1687 1910 1757 παρῃτεῖτο

323 1773 505 1846 ζωὴν,
539 1775 638 1848 τὴν
675 1777 732 1830 δὲ
763 1777 858 1832 τοῦ
889 1778 1093 1848 Κυρίου
1127 1777 1400 1850 σωτηρίαν
1431 1771 1497 1848 τῇ
1531 1777 1726 1831 ἑαυτοῦ
1763 1777 1906 1848 ψυχῇ

2030 578 2285 642 Framea,
2319 576 2516 647 inquit,
2553 577 2759 646 framea
2809 575 3092 639 suscitare,
3139 584 3191 628 et
3223 573 3434 629 comede
3469 589 3600 629 sats-

2025 672 2233 742 guinem
2279 668 2674 723 vulneratorum
2708 667 2782 733 ¹⁶;
2837 681 2900 720 ac
2949 681 3204 722 rursum:
3266 665 3428 722 Terra
3479 681 3599 720 cum

2025 764 2313 833 peccaverit
2344 763 2495 826 mihi,
2523 762 2684 815 etiam
2713 761 2999 814 immittam
3034 760 3291 830 frameam
3322 768 3510 813 contra
3527 758 3598 812 il-

2025 856 2133 909 lam
2157 854 2231 920 ιτς
2266 855 2382 908 hinc
2413 861 2596 908 autem
2630 853 2809 908 omnia
2837 855 3101 909 adversus
3131 852 3394 907 malitiam
3421 851 3598 906 homi-

2022 963 2179 1012 num,
2212 954 2400 1018 utpote
2427 947 2628 1012 bonus,
2663 947 2728 1003 ad
2761 947 3051 1002 utilitatem
3091 961 3281 1000 eorum
3314 945 3461 1016 quia
3484 943 3597 1000 fra-

2023 1049 2142 1090 mea
2177 1035 2270 1089 illa
2292 1043 2652 1105 occupantur,
2688 1035 2888 1091 emittit
2922 1049 2936 1091 :
2973 1036 3230 1107 quoniam
3260 1036 3388 1090 item
3420 1050 3450 1089 a
3479 1035 3597 1090 bel-

2023 1126 2091 1182 lis
2119 1133 2300 1182 servat
2330 1135 2384 1182 et
2412 1136 2596 1182 tuetur
2632 1127 2792 1197 quasi
2844 1127 3112 1192 medicus,
3139 1126 3388 1198 corporis
3421 1142 3596 1182 mem-

2020 1215 2117 1270 bra
2153 1215 2295 1271 male
2325 1215 2539 1281 aﬂ'ecta,
2578 1216 2646 1270 ad
2671 1217 2842 1273 totius
2871 1217 3301 1272 incolumitatem
3333 1229 3594 1273 reseca"!

2019 1314 2074 1362 et
2101 1307 2376 1375 adurens;
2409 1308 2531 1364 ideo
2561 1308 2615 1362 iu
2652 1309 3011 1379 sequentibus
3043 1307 3207 1363 infert
3233 1306 3366 1362 :Dic
3397 1308 3593 1361 anima:

2019 1407 2148 1454 mete
2177 1416 2194 1454 :
2227 1399 2387 1455 Salus
2428 1411 2520 1455 tua
2560 1419 2652 1472 ego
2692 1417 2831 1466 sum,
2864 1403 3096 1457 credens
3127 1400 3338 1458 scilicet
3370 1416 3435 1456 ac
3468 1415 3594 1472 per-

2019 1507 2243 1549 suasum
2279 1493 2440 1564 plane
2470 1495 2698 1559 habens,
2729 1494 2950 1550 ctl'atum
2988 1495 3120 1550 illud
3169 1494 3264 1550 Dei
3301 1509 3411 1550 non
3472 1494 3591 1548 fru-

2018 1591 2133 1640 stra
2159 1584 2428 1652 prolatum
2464 1601 2606 1651 esse,
2637 1585 2730 1642 sed
2752 1601 2918 1656 opere
2945 1600 3010 1641 ac
3048 1602 3106 1642 re
3145 1594 3298 1658 gesta
3343 1603 3592 1659 compro-

2016 1675 2157 1731 bari.
2189 1676 2367 1747 Atque
2395 1692 2458 1733 ea
2492 1679 2712 1749 quidem
2755 1679 2810 1733 in
2856 1694 2917 1734 re
2966 1679 3198 1735 salutem
3237 1695 3398 1749 quam
3431 1696 3496 1735 ex
3529 1695 3592 1736 se

2018 1769 2181 1825 habet
2229 1770 2552 1842 abnegabat,
2595 1773 2876 1842 vitamque
2917 1773 3192 1844 propriam
3240 1772 3586 1842 repudiabat,

324 1866 652 1938 χαρισθῆναι
681 1859 878 1942 ηὔχετο
897 1903 912 1934 ,
945 1873 1096 1935 ὅπως
1126 1871 1218 1925 καὶ
1248 1867 1410 1934 αὐτὸς
1444 1869 1556 1942 ἔχοι
1583 1869 1792 1938 λέγειν’
1820 1867 1905 1922 Ζῶ

2016 1875 2081 1916 ac
2108 1860 2326 1916 Domini
2354 1863 2586 1918 salutem
2613 1864 2810 1919 animae
2829 1863 3067 1921 conferri
3090 1880 3204 1920 suae
3225 1866 3585 1935 precabatur;
3611 1915 3622 1926 ,

324 1955 395 2013 δὲ
419 1957 618 2016 οὐκέτι
645 1960 792 2033 ἐγὼ,
825 1959 894 2032 ζῇ
918 1962 986 2016 δὲ
1012 1963 1083 2016 ἐν
1111 1961 1243 2032 ἐμοὶ
1266 1962 1542 2040 Χριστόςι
1595 1959 1767 2040 Αὐτὸς
1797 1959 1922 2033 γάρ’

326 2047 473 2104 ἔστιν
496 2053 529 2123 ἡ
557 2054 801 2138 σωτηρία
832 2052 1020 2125 ἡμῶν·
1045 2053 1201 2107 τοῦτο
1224 2051 1352 2121 γοῦν
1379 2046 1510 2106 αὐτὸ
1535 2049 1786 2123 σημαίνει
1811 2051 1907 2106 καὶ

324 2141 358 2214 ἠ
384 2142 482 2197 τοῦ
518 2143 693 2216 Ἰησοῦ
727 2143 992 2216 ὀνόματος
1019 2143 1303 2218 ἑρμηνεία.

393 2317 914 2390 Αίσχυνθήτωσαν
929 2321 1027 2374 καὶ
1042 2318 1511 2388 ἐντραπήτωσαν
1524 2323 1578 2376 οί
1595 2311 1906 2388 ζητοῦντες

320 2406 441 2476 τὴν
483 2408 694 2478 ψυχήν
731 2429 870 2480 μου.
927 2409 1128 2464 Τούτου
1161 2410 1304 2483 γὰρ,
1343 2411 1510 2483 φησὶ,
1557 2395 1762 2482 Κύριε,
1799 2401 1906 2462 ὑπὸ

321 2499 419 2554 σοῦ
457 2491 750 2570 γενομένου
775 2542 790 2568 ,
842 2497 936 2554 καὶ
983 2491 1389 2566 ἐπακούσαντός
1429 2519 1532 2572 μου
1577 2502 1676 2572 τῆς
1714 2499 1902 2571 εὐχῆς,

319 2593 772 2664 αἰσχυνθήσονται
791 2589 884 2647 καὶ
904 2595 1334 2666 ἐντραπήσονται
1349 2595 1424 2658 ὼς
1444 2595 1618 2666 μάτην
1634 2593 1906 2664 ἐπιχειρή-

323 2701 518 2748 σαντες
538 2701 551 2714 ·
569 2684 652 2738 διὸ
680 2685 774 2738 καὶ
807 2685 1076 2757 ἀπέτυχον
1103 2685 1194 2739 τοῦ
1225 2683 1679 2757 σπουδαζομένου.
1731 2680 1900 2738 Ἀπο-

319 2772 858 2843 στραφήτωσανεὶς
879 2774 952 2828 τὰ
966 2775 1159 2829 ὀπίσω
1180 2773 1903 2844 καίκαταισχυνθήτωσαν

316 2869 378 2920 οἱ
403 2865 771 2937 λογιζόμενοί
793 2885 893 2937 μοι
917 2867 1092 2922 κακά.
1125 2866 1320 2921 Οὐκέτι
1343 2868 1452 2940 γὰρ
1483 2869 1770 2938 στήσονται
1794 2868 1902 2939 πρὸ

318 2951 612 3030 προσώπου
649 2970 785 3030 μουο
824 2958 969 3012 νῶτα
998 2957 1054 3012 δὲ
1091 2947 1272 3022 δόντες
1309 2958 1767 3032 παραχωρήσουσί
1804 2976 1897 3031 μοι

315 3051 388 3106 τὰ
417 3053 724 3124 νικητήρια.
761 3047 1064 3120 Φεύγοντας
1091 3045 1146 3104 δὲ
1177 3049 1372 3114 αὐτοὺς
1398 3053 1493 3105 καὶ
1523 3053 1602 3115 είς
1630 3050 1698 3104 τὰ
1727 3051 1900 3104 ὀπίσω

315 3144 629 3216 χωροῦντας
641 3142 1071 3216 διασκορπισμὸς
1087 3142 1776 3216 λήψετσιΓενηθήτωσαν
1791 3144 1899 3215 γὰρ

317 3236 462 3290 ὡσεί
505 3235 656 3306 χοῦς
693 3235 844 3290 κατὰ
889 3237 1215 3305 πρόσωπον
1245 3236 1470 3306 ἀνέμου
1502 3236 1600 3290 καὶ
1645 3235 1900 3307 ἅγγελος
1928 3269 1969 3326 C

317 3328 538 3395 Κυρίου
566 3329 857 3383 ἐκθλίόων
887 3328 1142 3396 αὐτοὺς,
1195 3330 1330 3401 μηδὲ
1364 3329 1691 3402 συναχθῆναι
1713 3370 1728 3394 ,
1765 3325 1898 3401 μηδὲ

317 3420 750 3493 παλινδρομήσαι
790 3423 1116 3494 συγχωρῶν,
1147 3425 1174 3478 ὁ
1211 3424 1256 3477 δ’
1290 3422 1451 3486 αὐτὸς
1475 3422 1781 3493 ἂπιμενέτω
1803 3424 1896 3475 ὲκ-

318 3511 516 3568 θλίὸων
539 3515 764 3580 αὐτοὺς,
794 3510 1040 3570 τουτέστι
1060 3515 1324 3582 κολάζων.
1359 3512 1677 3583 Γενηθήτω
1694 3515 1731 3584 ἡ
1759 3513 1898 3579 ὁδὸς

316 3604 517 3660 αὐτῶν
545 3610 766 3675 σκότος
791 3608 891 3662 καὶ
922 3609 1244 3678 ὀλίσθημα,
1272 3607 1371 3663 καί
1401 3605 1654 3679 ἄγγελος
1675 3605 1896 3674 Κυρίου

2015 1957 2076 2006 ut
2116 1951 2234 2021 ipse
2287 1967 2504 2022 quoque
2537 1953 2718 2009 dicere
2762 1964 2948 2024 posset
3003 1973 3017 2010 :
3084 1951 3211 2010 Vivo
3245 1964 3442 2017 autem,
3465 1955 3588 2024 jam

2013 2046 2117 2095 non
2146 2053 2275 2112 ego;
2335 2042 2455 2096 vivit
2491 2059 2608 2097 vero
2633 2043 2684 2096 in
2716 2054 2796 2098 me
2825 2042 3070 2099 Christus
3099 2045 3162 2098 ‘3.
3196 2046 3316 2115 ipse
3349 2061 3587 2115 namque

2011 2141 2095 2190 est
2131 2135 2282 2192 salus
2319 2143 2511 2190 nostra
2545 2154 2559 2190 :
2597 2135 2836 2206 idipsum
2880 2151 3045 2208 porro
3077 2137 3159 2193 vel
3192 2138 3311 2210 ipsa
3345 2138 3585 2194 nominis

2011 2223 2140 2279 Jesu
2164 2224 2565 2296 signiﬁcatione
2598 2224 2894 2281 indicatur.

2083 2313 2250 2371 Vens.
2303 2315 2422 2372 4-8.
2487 2315 2895 2386 Confundantur
2947 2328 2998 2374 et
3047 2330 3381 2375 revereantur
3434 2336 3582 2391 quie-

2010 2420 2179 2464 rentes
2220 2411 2454 2464 animam
2487 2422 2679 2466 meam.
2727 2409 2824 2467 His
2879 2412 3065 2478 rebus,
3113 2413 3360 2477 Domine,
3415 2413 3496 2468 sic
3548 2428 3582 2470 ε

2009 2509 2065 2555 te
2093 2502 2284 2572 gestis,
2326 2511 2612 2572 postquam
2646 2502 3084 2573 deprecationem
3119 2519 3291 2560 meam
3322 2505 3582 2560 exaudie-

2009 2593 2108 2659 ris,
2144 2593 2550 2650 confundentur
2580 2594 2657 2649 illi
2693 2610 2757 2649 ac
2786 2594 2995 2666 pudore
3023 2592 3347 2660 allicientur,
3383 2604 3442 2650 ut
3465 2598 3581 2653 fru-

2009 2690 2122 2738 stra
2158 2698 2272 2738 rem
2303 2684 2546 2756 aggressi
2579 2702 2593 2740 :
2629 2685 2982 2755 quamobrem
3012 2701 3043 2740 a
3073 2701 3240 2757 scopo
3268 2687 3402 2756 lapsi
3426 2696 3576 2744 sunt.

2008 2776 2330 2828 Avertantur
2361 2785 2651 2832 retrorsum
2679 2786 2730 2832 et
2764 2777 3074 2832 erubescant
3115 2779 3406 2848 cogitantes
3451 2777 3581 2835 milii

2007 2867 2173 2924 mala.
2204 2865 2322 2922 Non
2343 2869 2482 2923 ultra
2505 2868 2647 2923 enim
2673 2869 2978 2924 consistent
2995 2873 3120 2926 ante
3149 2869 3342 2928 faciem
3365 2888 3538 2927 meam
3561 2892 3575 2927 :

2008 2957 2101 3012 sed
2133 2964 2285 3028 terga
2315 2957 2532 3019 dantes,
2566 2959 2761 3014 cedent
2792 2959 2924 3013 mihi
2955 2960 3259 3016 victoriam.
3307 2960 3412 3032 Ipsi
3454 2977 3580 3017 vero

2007 3047 2278 3118 fugientes
2325 3064 2390 3104 ac
2433 3057 2581 3105 retro
2631 3047 2890 3105 cedentes
2922 3049 3362 3120 dissipabuntur.
3409 3049 3578 3105 Fiant

2008 3147 2261 3210 tanquam
2289 3140 2460 3210 pulvis
2512 3147 2630 3193 ante
2665 3139 2858 3208 faciem
2904 3141 3062 3204 venti,
3099 3151 3151 3195 et
3199 3141 3415 3212 angelus
3469 3141 3575 3198 Do-

2002 3233 2132 3285 mini
2161 3242 2439 3286 coarctans
2485 3248 2594 3296 eos,
2649 3248 2715 3288 ne
2756 3233 2901 3288 ultra
2955 3234 3078 3289 illos
3128 3235 3450 3306 congregari
3481 3244 3575 3290 aut

2005 3321 2202 3375 reverti
2238 3322 2401 3382 sinat,
2433 3322 2527 3376 sed
2566 3321 2731 3376 instet
2761 3321 2876 3392 ipse
2908 3334 3220 3388 coarctans,
3254 3323 3306 3378 id
3337 3334 3423 3380 est
3471 3341 3574 3395 pu-

2005 3413 2164 3469 niens
2186 3413 2328 3468 illos.
2362 3411 2489 3468 Fiat
2519 3417 2603 3468 via
2629 3413 2847 3469 illorum
2875 3414 3099 3470 tenebris
3126 3423 3176 3470 et
3209 3414 3492 3481 lubricum,
3523 3426 3573 3473 et

2004 3506 2221 3576 angelus
2259 3505 2478 3560 Domini
2497 3521 2808 3578 persequens
2840 3524 2948 3562 eos.
2985 3505 3140 3562 Viam
3170 3507 3464 3578 impiorum
3495 3510 3572 3564 vi-

2002 3605 2114 3652 tam
2149 3612 2371 3668 pravam
2398 3607 2702 3669 nuncupat,
2735 3613 2842 3670 qua
2873 3598 2952 3653 illi
2983 3599 3068 3653 via
3101 3599 3445 3656 incedebant.

314 3697 695 3755 καταδιώκων
711 3701 953 3768 αὐτούς.
986 3689 1134 3755 Ὀδδν
1149 3699 1358 3756 ἀσεϐῶν
1373 3693 1464 3755 τὸν
1483 3699 1754 3772 μοχθηρὸν
1778 3699 1893 3779 βίον
1924 3690 2212 3764 ὀνομάζει,
2244 3691 2366 3745 καθ’
2395 3691 2454 3744 ὃν
2484 3691 2582 3763 τὴν
2617 3691 2840 3764 πορείαν
2871 3692 3214 3763 ἐποιήσαντο.

388 3791 519 3844 ὀτι
566 3785 793 3859 δωρεὰν
839 3789 1118 3860 Expirde
1142 3809 1243 3860 μοι
1279 3790 1608 3860 διαφθορὰν
1645 3786 1896 3858 παγίδος

315 3882 532 3938 αὐτῶν.
592 3883 730 3937 Ἀνθ⁹
761 3877 822 3938 οὗ
848 3885 877 3937 ὁ
905 3882 1200 3955 Σύμμαχος
1230 3881 1490 3948 ἐξέδωκεν
1519 3879 1692 3944 οὕτως
1715 3895 1728 3911 ο
1765 3880 1896 3932 "Ott

315 3975 591 4043 ἀναιτίως
618 3971 1005 4046 κατέκρυψάν
1023 3993 1124 4046 μοι
1156 3975 1486 4046 διαφθορὰν
1508 3974 1765 4046 δικτύων
1790 3975 1896 4028 αὑ-

313 4066 452 4123 τῶν.
479 4069 660 4140 Μηδὲν
691 4068 800 4140 γὰρ
830 4069 922 4122 ὑπ’
947 4066 1081 4140 ἐμοῦ
1104 4067 1541 4140 προπεπονθότες
1569 4065 1776 4139 δωρεὰν
1801 4065 1897 4119 καὶ

313 4160 572 4225 ἀναιτίως
598 4157 952 4215 ἐπεϐούλευον
985 4178 1074 4232 μοι
1108 4159 1440 4233 κρύπτοντες
1471 4158 1708 4227 παγίδα,
1741 4153 1810 4211 δι’
1827 4149 1896 4230 ἧς

313 4253 440 4324 ἐμοὶ
459 4253 752 4325 διαφθορὰν
777 4251 1196 4318 κατεσκεύαζον.
1222 4246 1285 4305 El
1306 4251 1400 4306 καὶ
1425 4251 1493 4304 τὰ
1524 4250 1758 4322 μάλιστα
1784 4249 1892 4321 γὰρ

313 4345 531 4401 ἐδόκουν
551 4347 616 4401 δι’
636 4346 733 4400 ἀνθ
742 4345 937 4418 ρώπων
957 4361 1023 4417 με
1047 4344 1302 4417 πολεμεῖν
1321 4385 1337 4411 ,
1355 4343 1472 4416 ἦτοι
1491 4343 1578 4398 διὰ
1592 4342 1684 4398 τοῦ
1700 4341 1893 4407 Σαοὺλ,

312 4437 350 4512 ἢ
377 4439 471 4492 καὶ
494 4438 558 4491 δι’
581 4431 782 4509 ἐτέρων
801 4477 816 4502 ,
848 4435 962 4491 ἀλλ’
986 4431 1086 4490 οὐκ
1109 4435 1335 4506 ἠγνόουν
1356 4432 1468 4503 ἐγὼ
1487 4434 1586 4504 τῆς
1603 4432 1698 4487 τοῦ
1722 4432 1894 4487 Σαοὺλ

2075 3779 2340 3846 Quoniam
2386 3781 2553 3850 gratis
2594 3781 2980 3835 absconderant
3029 3781 3158 3834 mihi
3200 3780 3467 3835 interitum
3500 3780 3570 3836 la-

2001 3873 2121 3945 quei
2146 3874 2248 3928 sui.
2277 3871 2384 3926 Pro
2415 3888 2524 3942 quo
2577 3870 2940 3944 Symmachus
2969 3873 3051 3926 sic
3082 3871 3273 3935 edidit,
3305 3871 3573 3936 Quoniam

2000 3971 2114 4019 sine
2146 3981 2310 4018 causa
2345 3962 2730 4018 absconderunt
2763 3961 2889 4016 mihi
2915 3961 3188 4015 interitum
3224 3961 3412 4014 retium
3445 3978 3573 4016 suo-

2001 4071 2140 4110 rum.
2169 4053 2332 4109 Nullo
2372 4055 2574 4125 quippe
2607 4070 2637 4108 a
2681 4069 2767 4108 me
2815 4052 2993 4109 allecti
3039 4051 3262 4115 damno,
3313 4053 3484 4122 gratis
3516 4059 3571 4107 et

2001 4148 2122 4204 sine
2165 4162 2334 4204 causa
2387 4145 2792 4203 abscondentes
2838 4146 3116 4216 laqueum,
3166 4142 3572 4200 insidiabantur

2000 4239 2156 4304 mihi,
2198 4254 2308 4310 quo
2349 4239 2481 4294 mihi
2521 4238 2803 4293 interitum
2838 4243 3116 4307 pararent.
3161 4234 3388 4292 Etiamsi
3423 4238 3570 4293 enim

1999 4331 2350 4397 videbantur,
2403 4332 2519 4386 sive
2575 4329 2777 4390 Saulis,
2836 4329 2951 4384 sive
2997 4327 3228 4383 aliorum
3287 4327 3571 4384 hominum

2001 4437 2165 4493 opera
2197 4423 2518 4494 impugnare
2557 4436 2673 4487 me;
2736 4429 2784 4474 at
2833 4435 2941 4474 non
2999 4419 3316 4490 ignorabam
3346 4437 3446 4492 ego
3475 4419 3570 4492 qui

313 4528 644 4600 ζηλοτυπίας
668 4529 792 4594 τοὺς
818 4523 1022 4592 αἰτίους
1055 4527 1148 4582 καὶ
1176 4525 1283 4579 τῶν
1310 4524 1511 4579 λοιπῶν
1541 4521 1748 4596 ἐχθρῶν
1767 4520 1894 4585 τοὺς

2007 4512 2152 4568 Sauli
2187 4514 2406 4568 invidiae
2439 4521 2716 4578 auctores,
2744 4522 2799 4568 et
2827 4513 2920 4583 qui
2949 4514 3287 4584 reliquorum
3328 4513 3571 4569 hostium

315 4617 617 4684 ύποδολεῖς.
645 4610 661 4631 ⁸
680 4619 861 4673 Ἀλλοι
893 4617 1002 4690 γὰρ
1033 4613 1172 4690 ἦσαν
1203 4613 1252 4672 οί
1284 4616 1382 4680 τὰς
1416 4611 1621 4669 ἑαυτῶν
1661 4607 1894 4682 παγίδας

317 4710 649 4786 κρύπτοντες
686 4711 780 4766 καὶ
805 4711 903 4782 τὴν
939 4709 1117 4781 ψυχήν
1152 4726 1252 4780 μου
1280 4705 1589 4778 διαφθεῖραι
1622 4702 1895 4777 πειρώμε-

315 4819 431 4868 νοι,
452 4802 501 4856 οἳ
533 4802 626 4856 καὶ
647 4793 849 4872 μάτην
877 4800 1197 4855 ὠνείδισαν
1222 4794 1334 4867 τὴν
1357 4795 1570 4868 ψυχήν
1590 4811 1738 4866 μου·
1773 4793 1891 4850 ἀνθ’

313 4880 374 4950 οὗ
395 4893 424 4945 ὁ
446 4892 738 4964 Σύμμαχος
769 4891 1026 4958 ἐξέδωκεν
1046 4907 1058 4921 ·
1096 4889 1398 4955 Ἀναιτίως
1423 4885 1751 4954 ὑπώρυξαν
1776 4879 1893 4952 τὴν

311 4983 524 5054 ψυχήν
550 5001 688 5053 μου.
740 4983 922 5035 Πάντα
949 4982 1058 5053 γὰρ
1091 4980 1376 5052 ἔπραττον,
1403 4969 1674 5048 ἐκστῆσαι
1702 4973 1886 5046 βουλό-

317 5089 466 5146 μενοι
495 5069 659 5130 αὑτοῦ
681 5075 778 5148 τὴν
806 5074 982 5158 ψυχὴν
1007 5073 1106 5144 τῆς
1129 5073 1542 5142 ἐνυπαρχούσης
1565 5065 1703 5139 αὐτῇ
1721 5062 1891 5158 πραό-

311 5179 473 5236 τητος
504 5166 599 5218 καὶ
624 5155 1001 5231 ἀνεξικακίας,
1029 5164 1121 5217 καὶ
1150 5163 1300 5225 ὅπως
1319 5201 1334 5224 ,
1367 5158 1675 5230 πληρωθεὶς
1713 5155 1887 5228 θυμοῦ

313 5255 408 5310 καὶ
437 5256 638 5328 ὀργῆς,
670 5257 762 5310 ἐπὶ
787 5255 885 5328 τὴν
914 5257 1124 5328 ἄμυναν
1155 5253 1298 5308 έλθοι
1318 5294 1333 5312 ,
1369 5250 1462 5306 καὶ
1499 5250 1671 5322 δράσῃ
1705 5264 1756 5303 τι
1784 5265 1885 5302 καά

314 5347 412 5402 κδν
435 5349 527 5402 τὸν
555 5347 744 5406 Σαούλ.
797 5347 983 5402 Ταῦτα
1017 5349 1116 5418 μὲν
1139 5343 1230 5404 οὖν
1258 5347 1385 5418 περὶ
1416 5341 1524 5397 τῶν
1559 5341 1769 5397 πολλῶν
1800 5343 1890 5413 ex-

314 5441 495 5512 θρῶν’
555 5440 902 5512 περὶδὲητοῦ
949 5441 1007 5494 ὲν
1047 5440 1232 5504 αὐτοῖς
1270 5437 1570 5511 κορυφαίου
1611 5427 1884 5503 ὲπιλέγει⁴

327 5530 572 5586 Ἐλθέτω
595 5529 754 5596 αὺτῷ
785 5531 966 5600 παγίς
990 5528 1071 5598 ἡν
1097 5532 1168 5584 οὐ
1197 5529 1474 5599 γινώσκει
1494 5569 1508 5592 ,
1538 5525 1635 5580 καὶ
1669 5527 1707 5594 ἠ
1738 5523 1889 5592 θήρα

313 5620 396 5690 ἢν
414 5623 639 5691 ἔκρυψε
659 5621 1008 5678 συμαόἐτω
1027 5621 1232 5688 αὐτὸν,
1257 5623 1353 5676 καὶ
1375 5622 1446 5675 ἐν
1471 5617 1544 5689 τῇ
1567 5617 1768 5689 παγίδι
1789 5631 1890 5671 πει

1999 4606 2202 4660 occulti
2233 4605 2564 4676 impulsores
2595 4613 2805 4662 essent.
2840 4605 2948 4659 Alii
2994 4620 3231 4668 namque
3273 4615 3429 4662 erant
3475 4605 3569 4676 qui

1997 4696 2224 4766 laqueos
2267 4697 2690 4764 absconderem,
2747 4704 2804 4751 et
2851 4697 3088 4752 animam
3136 4700 3363 4770 perdere
3391 4709 3569 4750 meam

1995 4789 2340 4854 molirentur,
2387 4791 2483 4861 qui
2529 4788 2692 4846 etiam
2745 4804 3063 4858 supervacue
3119 4793 3568 4858 exprobraverunt

1996 4880 2227 4934 animam
2259 4897 2430 4936 meam
2458 4897 2477 4935 :
2512 4896 2610 4953 pro
2642 4897 2752 4952 quo
2795 4880 3160 4954 Symmachus
3209 4880 3402 4941 edidit.
3455 4879 3570 4934 sine

1995 4987 2157 5025 causa
2182 4972 2510 5041 su/foderunt
2555 4973 2791 5028 animam
2823 4988 3013 5027 meam.
3049 4971 3193 5038 Nihil
3222 4972 3424 5042 quippe
3458 4985 3568 5026 non

1993 5065 2247 5136 agebant,
2286 5074 2342 5119 ut
2390 5067 2626 5120 animam
2661 5065 2781 5134 ejus
2817 5067 2886 5121 ab
2919 5065 3084 5121 insita
3123 5063 3218 5118 illa
3249 5069 3570 5118 mansuetu-

1993 5155 2121 5211 dine
2159 5161 2214 5212 et
2267 5156 2593 5227 injuriarum
2629 5155 2905 5211 oblivione
2936 5155 3313 5218 deturbarent,
3342 5167 3451 5224 quo
3483 5153 3567 5208 ira

1990 5246 2282 5318 furoreque
2305 5251 2498 5318 plenus
2522 5249 2588 5304 ad
2623 5248 2919 5304 vindictam
2954 5263 3012 5302 se
3047 5253 3306 5308 verteret,
3329 5255 3382 5300 et
3408 5242 3562 5300 Sauli

1987 5343 2266 5414 quidpiam
2301 5343 2430 5397 mali
2453 5340 2700 5399 inferret.
2747 5341 2877 5398 Haec
2906 5342 2974 5398 de
2998 5341 3184 5396 multis
3215 5338 3450 5394 inimicis
3479 5335 3565 5390 tli-

1987 5440 2074 5487 cta
2111 5451 2124 5487 :
2161 5433 2228 5488 de
2263 5433 2480 5488 illorum
2525 5442 2708 5490 autem
2745 5433 2990 5505 principe
3037 5432 3153 5486 haec
3199 5427 3423 5499 adjicit:
3466 5426 3562 5480 γε·

1988 5525 2101 5578 niat
2130 5523 2211 5578 illi
2246 5523 2460 5595 laqueus
2493 5541 2645 5595 quem
2677 5525 2910 5594 ignorat,
2963 5532 3014 5576 et
3043 5521 3216 5590 captio
3245 5534 3399 5589 quam
3436 5515 3562 5570 abs-

1988 5617 2164 5672 condit
2197 5617 2552 5688 apprehendat
2588 5632 2728 5684 eum,
2758 5628 2808 5672 et
2839 5619 2894 5672 in
2928 5617 3172 5686 laqueum
3210 5621 3368 5668 cadat
3400 5611 3452 5666 in
3476 5615 3558 5683 ip-

385 5762 432 5795 "
467 5761 666 5818 Ezech.
697 5777 814 5826 nl,
846 5761 900 5818 9.
979 5763 1021 5793 ¹⁷
1061 5760 1225 5816 Zach.
1261 5776 1388 5824 xm,
1421 5760 1473 5815 7.
1549 5757 1592 5792 "
1630 5758 1750 5814 Gal.
1790 5772 1853 5822 ιι,
1885 5757 1977 5812 20.
2037 5785 2044 5794 -

383 5854 465 5926 (l)
490 5855 624 5924 Quis
651 5870 764 5910 non
786 5856 931 5924 videt
955 5855 1239 5928 legendum
1264 5869 1387 5911 esse
1416 5855 1684 5927 πολεμῶν,
1701 5853 1905 5910 Latinet

2027 5851 2369 5910 reddendum
2405 5869 2417 5906 :
2453 5851 2616 5906 etiam
2655 5851 2976 5920 impugnans
3007 5846 3224 5903 salvat?

641 5950 911 6014 PATROL.
958 5952 1074 6012 Gn.
1120 5949 1358 6030 XXIII.

3165 5942 3240 6003 10
