4122 6454
463 377 571 432 299

1147 371 1417 428 EUSEBll
1448 365 1929 425 C£SAR1ENSIS
1960 361 2109 419 OPP.
2141 359 2324 417 PARS
2357 349 2452 419 lli.
2485 399 2555 410 -
2593 369 2997 428 “nomen,

3613 370 3720 430 300

465 507 603 546 sunt.
638 488 763 546 llaec
815 491 973 563 quasi
1024 491 1300 563 precando
1331 505 1362 545 a
1391 490 1595 546 Davide
1624 489 1856 561 prolata,
1893 487 2040 542 futu-

2148 487 2335 542 σεῖται
2367 482 2438 541 ἐν
2461 490 2638 560 αὐτῇ.
2689 491 2873 544 Ταῦτα
2901 489 2957 544 δὲ
2985 489 3175 562 ὥσπερ
3203 488 3261 542 ἐν
3287 489 3418 560 εὐχῇ
3449 489 3528 561 τῷ
3559 488 3722 542 Δαυῖδ

467 599 652 638 rorum
704 584 1008 654 pramuntia
1061 591 1242 651 erant,
1300 591 1354 640 et
1409 599 1530 655 quae
1577 588 1838 639 eventura
1883 586 2040 635 erant

466 675 1185 748 prophetice'declarabant.
1217 675 1595 746 Similiterque
1627 675 1880 746 superius
1913 687 2042 744 pro-

466 769 681 840 phetice
713 769 921 824 dictum
953 779 1068 826 est:
1107 768 1436 824 Erubescant
1467 768 1961 839 et_confundantur,
1986 766 2040 821 id

463 866 569 926 est,
599 858 926 915 erubescent
957 868 1012 915 et
1043 859 1450 916 coniundentur
1469 864 1572 930 ;,'ac
1601 876 1820 916 rursum
1845 859 2040 915 :Aver-

465 959 647 1005 tantur
674 960 723 1005 et
753 949 1169 1019 confundantur,
1197 962 1246 1007 et
1280 953 1416 1023 ﬁant
1442 961 1693 1025 tanquam
1715 952 1907 1022 pulvis,
1938 952 2044 1009 hoc

465 1053 570 1108 est,
599 1051 914 1099 avet-tentur
947 1052 1001 1100 et
1045 1044 1472 1110 coniundentur,
1508 1055 1563 1102 et
1615 1045 1746 1101 iient
1779 1054 2043 1117 tanquam

464 1136 663 1206 pulvis.
690 1135 827 1191 Nam
857 1151 978 1208 quat
1003 1136 1242 1194 inimicis
1269 1149 1533 1196 eventura
1584 1147 1740 1194 erant
1786 1154 2044 1210 praenun-

461 1227 657 1288 tiabat.
695 1228 814 1282 Erit
865 1231 959 1300 qui
1005 1231 1327 1297 arbitretur,
1377 1231 1446 1288 de
1494 1229 1660 1288 Saule
1685 1232 1800 1287 haec
1831 1233 2043 1303 prolata

465 1337 610 1386 esse,
647 1320 775 1392 quia
806 1321 951 1377 haud
993 1322 1088 1378 diu
1123 1331 1314 1393 postea
1349 1324 1454 1380 hoc
1492 1325 1597 1395 ipsi
1629 1326 1758 1381 mali
1792 1327 2041 1398 contigit.

467 1417 537 1471 At
563 1432 664 1472 nos
689 1431 880 1472 eorum
911 1433 1032 1487 qua:
1065 1417 1229 1472 initio
1252 1417 1448 1488 psalmi
1480 1417 1626 1474 dicta
1657 1429 1785 1476 sunt
1836 1437 2045 1477 memo-

468 1528 580 1576 res,
608 1511 724 1566 haec
748 1511 864 1582 ipsa
889 1510 957 1564 de
985 1510 1223 1580 quodam
1257 1526 1326 1566 ex
1369 1510 1752 1582 spiritualibus
1777 1513 2043 1582 inimicis,

465 1605 560 1676 qui
593 1605 649 1659 in
683 1603 889 1659 malitia
919 1603 1382 1670 valentior‘esset,
1414 1605 1672 1661 nimirum
1705 1605 1774 1664 de
1801 1607 2041 1675 diabolo,

470 1697 526 1753 id
555 1697 763 1752 dictum
797 1697 1148 1767 accipiemus.

538 1879 706 1936 Vens.
739 1880 794 1941 9.
830 1881 920 1937 10.
963 1880 1155 1936 Omnia
1194 1898 1317 1936 ossa
1352 1899 1466 1937 mea
1523 1884 1698 1938 dicent
1730 1901 1749 1939 :
1795 1885 2040 1951 Domine,

467 1975 583 2044 quis
610 1975 802 2029 similis
834 1975 974 2030 tibi?
1010 1975 1253 2045 Eripiens
1302 1977 1508 2046 inopem
1545 1977 1609 2032 de
1651 1995 1811 2032 manu
1853 1979 2046 2048 [ortio-

469 2083 589 2120 rum
626 2083 709 2130 eo,
748 2083 966 2138 egenum
1011 2079 1062 2122 et
1112 2084 1396 2138 pauperem
1433 2088 1466 2124 a
1513 2070 1881 2139 diripientibus
1903 2088 2041 2128 eum.

469 2157 608 2215 Ossa
642 2159 837 2214 anima:
867 2167 996 2214 sunt
1028 2159 1266 2216 virtutes
1297 2161 1420 2232 ejus
1451 2162 1811 2234 intelligendi,
1843 2165 1922 2218 uti
1953 2178 2046 2219 su-

470 2252 656 2322 perius
688 2251 894 2307 dictum
921 2260 1024 2308 est.
1079 2251 1215 2324 ipsae
1245 2270 1374 2310 vero
1406 2259 1527 2326 ejus
1578 2257 1868 2326 praesentia
1921 2257 2048 2311 illu-

468 2351 673 2407 stratus,
707 2342 892 2398 dicent
925 2360 939 2399 :
967 2343 1209 2411 Domine,
1237 2348 1355 2418 quis
1379 2348 1570 2402 similis
1596 2349 1688 2403 tibi
1710 2353 1735 2406 .9
1755 2347 1868 2404 Nisi
1899 2349 2044 2405 enim

467 2443 526 2488 tu
557 2449 732 2504 egeno
763 2434 1057 2502 adfuisses,
1090 2438 1197 2493 nisi
1222 2439 1403 2509 ipsum
1432 2441 1639 2496 auxilio
1667 2441 1926 2512 dignatus
1947 2453 2044 2498 es-

468 2541 558 2580 ses
628 2533 743 2588 tuo,
793 2526 954 2596 quis,
1011 2543 1238 2598 quaeso,
1286 2537 1636 2601 quantusque
1691 2531 1782 2586 ille
1843 2530 2046 2598 homo,

466 2617 560 2686 qui
600 2617 750 2672 solus
795 2627 874 2673 tot
919 2618 1199 2690 tantisque
1245 2621 1487 2677 inimicis
1529 2622 1771 2677 conferri
1819 2626 2049 2694 posset?

465 2709 512 2762 A
543 2709 688 2764 nuda
718 2718 773 2766 et
805 2711 1042 2781 simplici
1070 2729 1252 2768 rerum
1286 2714 1516 2770 historia
1550 2716 1683 2771 dicti
1717 2720 2045 2772 sententiam

467 2801 758 2874 percipies,
791 2806 838 2858 si
888 2806 1153 2860 memoria
1202 2814 1440 2877 repetas,
1503 2823 1614 2879 quo
1665 2818 1827 2879 pacto
1876 2808 2048 2864 David

466 2893 597 2948 dum
634 2895 862 2966 fugeret,
912 2896 984 2951 ad
1019 2905 1229 2952 tantam
1284 2899 1523 2970 inopiam
1556 2901 1816 2957 redactus
1850 2909 1956 2966 est,
1988 2912 2048 2958 ut

466 3003 608 3058 pane
642 3003 706 3042 ac
735 2990 1068 3048 necessariis
1103 2993 1382 3048 alimentis
1413 3002 1664 3060 careret;
1707 3009 1772 3049 ac
1802 2995 2049 3051 necessi-

467 3089 582 3138 tate
609 3090 835 3138 coactus
873 3098 1047 3154 panes
1093 3085 1488 3156 propositionis
1537 3086 1826 3142 comedere
1878 3088 2047 3142 aude-

2142 583 2408 656 εἰρημένα
2434 584 2734 656 μελλόντων
2751 580 2819 656 ἦν
2840 581 3274 655 προαγορευτικὰ
3294 623 3308 647 ,
3333 584 3426 636 καὶ
3447 597 3510 635 συ
3517 581 3722 654 μϐησο-

2147 678 2323 748 μένων
2356 678 2689 750 προφητιχά.
2725 675 2880 730 Οὕτω
2908 675 3037 746 γοῦν
3065 676 3158 730 καὶ
3183 676 3436 747 ἀνωτέρω
3462 691 3727 746 προφητιρ

2145 771 2256 835 κῶς
2281 771 2500 841 ἐλέγετο
2519 789 2532 801 ·
2563 768 3081 840 Αἰσχυνθήτωσαν
3101 768 3198 822 καὶ
3232 766 3724 838 ἐντραπήτωσσν,

2144 865 2266 918 ἀντὶ
2295 862 2384 916 τοῦ
2403 904 2417 927 ,
2446 862 2873 934 Αίχυνθήσονται
2896 861 2990 916 καὶ
3016 861 3474 932 ἐντραπήσονται-⁸
3499 861 3594 914 καὶ
3619 859 3725 914 πά-

2143 955 2244 1009 λιν·
2265 957 2322 1010 Ἀ
2330 955 2852 1025 ποστραφήτωσαν
2861 954 2960 1009 καί
2974 953 3606 1022 καταισχυνθήτωσαν,
3623 951 3725 1006 καὶ

2145 1049 2575 1120 τενηθήτωσαν
2598 1049 2679 1115 ὡς
2703 1048 2870 1120 χοῦς,
2906 1048 3029 1102 ἀντὶ
3065 1045 3159 1102 τοῦ
3178 1063 3191 1076 ο
3261 1046 3728 1118 Ἀτεοστραφήσον-

2143 1161 2236 1198 ται
2269 1143 2364 1197 καὶ
2393 1141 2842 1214 αἱσχυνθὴσονται
2894 1144 2988 1197 καὶ
3017 1143 3337 1215 γενήσονται
3363 1139 3440 1203 ὡς
3461 1139 3607 1210 χοῦς.
3641 1139 3724 1194 Τὰ

2146 1232 2254 1303 γὰρ
2284 1232 2566 1304 μέλλονται
2597 1250 2660 1285 συ
2669 1231 2967 1304 μϐήσεσθαι
2991 1235 3101 1296 τοῖς
3127 1231 3339 1302 ἐχθροῖς
3362 1227 3524 1284 αὐτοῦ
3548 1245 3723 1300 7:901;—

2145 1327 2389 1398 γόρευεν.
2477 1326 2588 1379 Καὶ
2625 1327 2653 1379 ὁ
2696 1326 2792 1396 μὲν
2825 1324 2934 1397 γὰρ
2967 1326 3230 1396 ἡγήσεται
3269 1324 3396 1395 περὶ
3427 1322 3519 1376 τοῦ
3554 1322 3725 1376 Σαοὺλ

2146 1420 2397 1493 εἰρῆσθαι
2425 1419 2522 1492 τὴν
2551 1419 2916 1492 προκειμένην
2952 1420 3108 1492 ῥῆσιν
3127 1435 3140 1449 ’
3189 1419 3312 1472 ἐπεὶ
3341 1418 3434 1472 καὶ
3459 1415 3726 1470 πέπονθεν

2146 1514 2244 1567 ούκ
2262 1516 2339 1577 εἰς
2363 1512 2580 1586 μακρὰν
2598 1511 2771 1566 ταῦτα
2790 1528 2802 1540 ·
2827 1514 2988 1582 ἡμεῖς
3007 1511 3084 1571 δέ,
3113 1528 3178 1581 με
3187 1527 3289 1581 μνη
3299 1509 3448 1580 μένοι
3471 1509 3578 1562 τῶν
3602 1525 3728 1580 προ-

2146 1607 2486 1678 λελεγμένων
2512 1608 2591 1670 είς
2617 1606 2716 1677 τὴν
2740 1604 2912 1677 ἀρχὴν
2936 1603 3028 1658 τοῦ
3058 1603 3272 1675 ψαλμοῦ
3293 1643 3307 1668 ,
3337 1603 3432 1657 καὶ
3455 1602 3625 1656 ταῦτα
3644 1602 3726 1664 si;

2147 1701 2243 1754 ἕνα
2272 1699 2392 1754 τινὰ
2424 1699 2534 1754 τῶν
2561 1697 2766 1770 νοητῶν
2801 1697 3011 1769 ἐχθρῶν
3043 1697 3134 1750 τὸν
3173 1697 3248 1760 ώς
3281 1699 3339 1750 ἐν
3368 1696 3536 1768 κακίᾳ
3565 1695 3726 1750 δυναο

2074 1829 2124 1890 Β
2150 1794 2414 1867 τώτερον,
2444 1791 2642 1865 δηλαδὴ
2671 1792 2762 1845 τὸν
2785 1789 3030 1844 διάϐολον
3051 1827 3067 1853 ,
3097 1788 3464 1890 ἐκληψόμεθα.

2223 1887 2428 1942 Πάντα
2456 1885 2529 1940 τὰ
2557 1885 2709 1941 ὀστᾶ
2733 1903 2851 1956 μου
2880 1884 3086 1953 ἐροῦσι
3105 1899 3117 1914 °
3153 1884 3328 1951 Κύριε
3345 1922 3361 1947 ,
3390 1882 3482 1948 τίς
3527 1880 3728 1950 ὅμοιός

2148 1996 2284 2044 σοι;
2345 1980 2665 2048 Ῥυόμενος
2709 1974 2949 2045 πτωχὸν
2988 1975 3056 2027 ἐκ
3092 1973 3288 2043 χειρὸς
3323 1971 3728 2040 στερεωτέρων

2149 2071 2370 2136 αὑτοῦ,
2421 2071 2515 2124 καὶ
2547 2067 2787 2138 πτωχὸν
2815 2068 2910 2122 καὶ
2943 2066 3172 2135 πένητα
3194 2065 3312 2122 ἀπὸ
3339 2064 3454 2119 τῶν
3478 2065 3730 2133 διαρπα-

2150 2163 2366 2224 (Umor
2399 2163 2604 2217 αὐτόν.
2674 2162 2837 2214 Ὀστᾶ
2883 2160 3058 2230 ψυχῆς
3097 2162 3152 2214 αἱ
3181 2157 3518 2229 διανοητικαὶ
3555 2155 3730 2225 αὐτῆς

2148 2257 2402 2328 δυνάμεις
2418 2256 2493 2318 ώς
2515 2253 2822 2326 ἔμπροσθεν
2839 2253 3078 2324 εἴρηται·
3104 2250 3467 2322 φωτιζόμεναι
3487 2249 3543 2303 δὲ
3566 2243 3726 2302 αὗται

2150 2353 2213 2403 ἐκ
2240 2351 2338 2421 τῆς
2361 2347 2524 2402 αὑτοῦ
2546 2347 2866 2419 παρουσίας,
2897 2346 3128 2416 φήσουσι
3148 2361 3162 2374 °
3187 2345 3384 2412 Κύριε,
3413 2343 3506 2408 τίς
3527 2341 3729 2410 ὅμοιός

2148 2456 2280 2504 om;
2307 2441 2368 2494 Ei
2399 2440 2472 2512 μὴ
2492 2440 2601 2512 γὰρ
2624 2441 2687 2492 σὺ
2710 2441 2890 2510 παρῇς
2913 2437 2991 2508 τῷ
3007 2436 3206 2507 πτωχῷ
3223 2479 3237 2503 ,
3265 2436 3360 2490 καὶ
3386 2433 3730 2506 κατηξίωσας

2148 2534 2307 2588 αὑτὸν
2332 2534 2430 2604 τῆς
2452 2532 2603 2602 παρὰ
2631 2529 2726 2584 σοῦ
2751 2529 3027 2601 βοηθείας,
3057 2529 3139 2592 τίς
3165 2529 3229 2582 ἂν
3251 2529 3344 2581 καὶΙ
3372 2528 3533 2591 πόσος
3565 2526 3726 2598 μόνος

2148 2625 2311 2689 αὐτὸς
2353 2624 2774 2696 συγκρινόμενος
2812 2626 2924 2686 τοῖς
2965 2620 3237 2684 τοσούτοις
3268 2621 3361 2674 καὶ
3393 2619 3728 2690 τηλικούτοις

2149 2717 2312 2773 αύτοῦ
2348 2717 2592 2790 ἐχθροίς;
2650 2717 2881 2786 Νοήσεις
2911 2716 2967 2769 δὲ
3004 2717 3098 2768 καὶ
3137 2715 3244 2768 ἀπὸ
3270 2713 3431 2783 ψιλῆς
3457 2713 3558 2784 τῆς
3587 2714 3728 2766 icto-

2151 2811 2272 2881 ρίας
2303 2809 2393 2862 τὸν
2419 2809 2574 2878 λόγον
2592 2849 2606 2872 ,
2635 2810 2690 2863 ἐν
2723 2809 2800 2879 νῷ
2825 2807 3004 2862 λαϐὼν
3022 2848 3036 2871 ,
3069 2808 3142 2870 ὡς
3169 2806 3384 2876 φεύγων
3407 2807 3435 2858 ὁ
3461 2804 3626 2858 Δαυῖδ
3647 2807 3728 2869 εἰς

2147 2904 2417 2975 τοσαύτην
2459 2904 2656 2975 ἤλαυνε
2707 2897 3017 2972 πτωχείαν,
3066 2901 3206 2953 ὥστε
3261 2900 3439 2971 ἄρτων
3488 2899 3584 2952 καὶ
3626 2899 3726 2970 τῆς

2148 2997 2449 3065 ἀναγκαίας
2479 2995 2688 3068 τροφῆς
2718 2996 3004 3066 δεηθῆναι,
3069 2997 3147 3059 είς
3179 2996 3424 3066 ἀνάγκην
3460 3011 3520 3047 τε
3555 2993 3721 3047 exesa

2148 3087 2243 3142 τοῦ
2268 3087 2534 3159 τολμῆσαι
2563 3086 2671 3140 τῶν
2699 3086 2876 3159 ἄρτων
2905 3085 3004 3156 τῆς
3038 3086 3346 3156 προθέσεως
3383 3084 3725 3157 μεταλαϐεῖν.

470 3183 575 3230 ret.
607 3174 725 3230 Non
742 3176 888 3230 enim
915 3175 1236 3232 deliciarum
1264 3191 1457 3246 causa,
1487 3194 1596 3234 non
1615 3179 1684 3234 de
1707 3178 1924 3248 justitia
1946 3195 2045 3234 sua

2151 3183 2226 3236 Ού
2267 3181 2377 3254 γάρ
2407 3180 2624 3252 τρυφῶν
2659 3181 2750 3234 ἐπὶ
2781 3179 2921 3233 τοῦτ’
2952 3181 3176 3252 ἤρχετο,
3226 3180 3335 3234 οὐδ’
3368 3179 3731 3251 ἐπαιρόμενος

467 3269 667 3337 elatus,
713 3285 822 3325 non
851 3269 1113 3340 despectu
1152 3271 1332 3341 legum
1367 3271 1421 3326 id
1475 3286 1769 3342 aggressus
1795 3280 1913 3339 est;
1951 3270 2043 3326 sed

469 3377 537 3416 ex
568 3377 764 3430 magna
814 3363 1062 3417 ciborum
1097 3364 1352 3434 penuria.
1385 3362 1752 3430 Quamobrem
1798 3363 2050 3419 Salvator
2093 3362 2106 3436 έ

469 3453 545 3506 ait
577 3469 591 3504 :
633 3451 752 3506 Non
783 3454 983 3524 legistis
1033 3454 1161 3524 quid
1194 3453 1376 3522 fecerit
1427 3454 1623 3519 David,
1676 3453 1890 3525 quando
1922 3471 2044 3510 esu-

467 3548 561 3600 riit
594 3547 673 3600 "?
701 3546 821 3616 Ipse
855 3545 1077 3615 quidem
1107 3559 1314 3617 egenus
1351 3555 1472 3602 erat
1526 3563 1652 3602 cum
1703 3547 1896 3618 paucis
1957 3547 2044 3602 fu-
2068 3579 2086 3592 ε

469 3641 626 3709 giens
662 3653 678 3694 ι
712 3641 805 3710 qui
832 3654 962 3696 vero
993 3640 1428 3712 insequebantur
1457 3657 1581 3697 eum
1621 3643 1923 3714 praevalidi.
1967 3644 2050 3716 ip-

467 3745 638 3802 seque
671 3727 804 3784 Saul
835 3739 954 3786 erat
1011 3746 1102 3786 rex
1160 3731 1326 3786 totius
1377 3733 1578 3802 gentis,
1633 3747 1698 3788 ac
1746 3733 2046 3804 principes,

469 3821 590 3892 ejus
619 3824 853 3880 comites
881 3841 894 3878 :
923 3839 1138 3880 necnon
1165 3824 1595 3895 alienigenarum
1621 3827 1852 3882 militum
1879 3828 2050 3884 duces

471 3913 680 3970 Davide
707 3917 1068 3986 potentiores.
1102 3933 1338 3988 quorum
1383 3935 1584 3976 manus
1611 3934 1738 3975 cum
1765 3919 2048 3990 eli‘ugeret,

469 4020 578 4060 non
610 4007 898 4077 ignorabat
928 4008 1053 4078 quis
1103 4009 1209 4064 sibi
1264 4011 1560 4065 auxiliator
1604 4019 1772 4069 esset.
1823 4011 1890 4066 Et
1936 4013 2050 4067 haec

469 4101 691 4171 quidem
731 4098 799 4155 de
836 4099 1069 4156 historia
1117 4101 1267 4157 dicta
1322 4102 1454 4157 sint.
1500 4101 1653 4169 Quod
1717 4102 1764 4159 si
1801 4105 2050 4158 occultos

470 4199 635 4265 atque
663 4193 971 4250 invisibiles
1003 4194 1201 4250 anima:
1248 4195 1383 4266 justi
1439 4195 1692 4253 inimicos
1739 4198 2047 4270 intelligas;

472 4301 606 4342 sane
637 4286 1064 4352 animadvertes,
1096 4303 1198 4345 nes
1247 4289 1301 4343 in
1339 4291 1456 4346 acie
1489 4291 1752 4347 adversus
1797 4292 2050 4350 inimicos

469 4381 629 4444 istos,
665 4381 758 4450 qui
783 4381 1022 4435 animam
1055 4397 1272 4454 semper
1299 4393 1549 4440 nostram
1578 4385 1896 4456 depraedare
1933 4393 2052 4443 ten-

2150 3274 2466 3348 δικαιοσύνῃ
2484 3314 2500 3336 ,
2531 3273 2640 3327 οὐδ’
2665 3274 2840 3339 ἄλλως
2878 3273 3230 3345 καταφρονῶν
3263 3273 3357 3327 τοῦ
3383 3272 3546 3344 νόμου
3564 3313 3579 3337 ,
3613 3269 3729 3358 αλλ’

2151 3365 2216 3416 ὲκ
2251 3363 2451 3435 πολλῆς
2485 3365 2716 3428 ἀσιτίας.
2770 3364 2861 3418 Διό
2893 3381 3058 3434 φησιν
3089 3367 3118 3417 ὁ
3151 3365 3374 3436 Σωτήρ·
3434 3366 3556 3418 οὐκ
3589 3363 3729 3419 ἀνέ-

2151 3473 2338 3526 γνωτε
2367 3457 2424 3510 τί
2447 3456 2697 3526 ἐποίησε
2718 3455 2898 3510 Δαυῖὃ
2914 3496 2929 3519 ,
2963 3456 3060 3511 ὅτε
3086 3457 3406 3520 castram;
3433 3456 3543 3510 Καὶ
3569 3455 3731 3520 αὐτὸς

2155 3549 2254 3620 μὲν
2285 3544 2353 3620 ἦν
2388 3548 2604 3620 πτωχὸς
2640 3549 2739 3602 σὺν
2769 3548 2969 3617 ὀλίγοις
2991 3547 3233 3619 φεύγων·
3265 3551 3313 3602 οἱ
3343 3549 3386 3602 δ’
3416 3547 3731 3612 ἐλαύνοντες

2152 3638 2313 3693 αὑτὸν
2344 3637 2588 3691 δυνατοίο
2649 3636 2900 3708 βασιλεὺς
2936 3639 3043 3710 γὰρ
3079 3633 3147 3710 ἦν
3183 3637 3278 3691 τοῦ
3313 3637 3512 3701 παντὸς
3545 3636 3732 3700 ἔθνους

2152 3728 2323 3782 Σαοὺλ
2343 3769 2358 3794 ,
2389 3731 2488 3784 παὶ
2519 3731 2568 3783 οἱ
2601 3731 2717 3801 μετ’
2749 3729 2914 3783 αὑτοῦ
2945 3729 3234 3802 ἄρχὸντες’
3269 3729 3324 3782 οἵ
3350 3745 3408 3782 τε
3437 3727 3546 3782 τῶν
3575 3727 3733 3782 ἀλλο-

2152 3822 2334 3891 φύλων
2364 3823 2637 3894 πολεμίων
2671 3823 3046 3894 καθηγεμόνες
3074 3821 3427 3894 στερεώτεροι
3459 3821 3610 3885 ὄντες
3636 3819 3729 3874 τοῦ

2151 3915 2345 3983 Δαυῒδ,
2379 3909 2454 3969 ὧν
2483 3917 2582 3980 τὰς
2610 3919 2798 3988 χεῖρας
2824 3916 3242 3988 διαδιδράσκων,
3292 3916 3390 3968 οὐκ
3422 3915 3607 3985 ἠγνόει
3638 3915 3731 3968 τὸν

2152 4009 2316 4064 αὑτοῦ
2345 4009 2560 4080 βοηθόν.
2611 4011 2720 4063 Καὶ
2742 4009 2914 4064 ταῦτα
2951 4010 3049 4080 μὲν
3081 4001 3216 4080 πρὸς
3244 4007 3342 4079 τὴν
3378 4007 3636 4078 ἱστορίαν
3683 4007 3730 4060 ei

2151 4103 2210 4156 δέ
2229 4103 2356 4166 τοὺς
2382 4104 2609 4173 ἀφανεῖς
2630 4102 2724 4157 καὶ
2748 4103 3013 4175 ἀοράτους
3035 4101 3263 4173 ἐχθροὺς
3286 4101 3383 4172 τῆς
3404 4099 3496 4154 τοῦ
3521 4100 3730 4154 δικαίου

2151 4196 2328 4269 ψυχῆς
2361 4197 2642 4267 νοήσειας,
2675 4195 2825 4265 ὄψει,
2859 4194 2935 4258 ώς
2959 4194 3064 4248 οὐδ’
3091 4193 3250 4248 ἄλλου
3279 4191 3472 4264 βοηθοῦ
3499 4191 3732 4264 δεόμεθα

2153 4295 2249 4346 καὶ
2285 4292 2535 4363 Σωτῆρος
2567 4292 2600 4362 ἢ
2639 4289 2734 4343 τοῦ
2766 4287 3002 4360 Χριστοῦ
3031 4286 3193 4342 αὐτοῦ
3233 4289 3291 4340 ἐν
3323 4290 3389 4359 τῇ
3430 4285 3731 4358 παρατάξει

2153 4388 2218 4457 τῇ
2242 4385 2378 4458 πρὸς
2400 4384 2524 4448 τοὺς
2540 4384 2762 4456 νοητοὺς
2781 4382 3090 4454 πολεμίους,
3110 4382 3237 4444 τοὺς
3255 4379 3350 4451 τὴν
3371 4379 3546 4450 ψυχὴν
3565 4376 3730 4430 αύτοῦ

469 4479 610 4536 tant,
659 4475 812 4528 nullo
857 4475 965 4529 alio
1019 4476 1270 4546 adjutore
1301 4493 1366 4533 ac
1400 4487 1680 4535 servatore
1730 4495 1889 4552 egere
1943 4481 2047 4536 nisi

2155 4470 2476 4549 διαρπάζειν
2504 4470 2589 4529 ἀεὶ
2605 4475 2994 4546 πειρωμένους.
3025 4473 3366 4544 Ἐπιστήσεις
3394 4471 3449 4524 δὲ
3478 4472 3526 4524 εί
3547 4471 3732 4542 ἕτερός

472 4567 593 4634 ipso
616 4563 858 4622 Christo.
886 4567 1142 4624 Animum
1175 4583 1306 4627 vero
1339 4571 1597 4628 intendas
1627 4541 1939 4630 numvalius
1971 4576 2044 4630 sit

2157 4541 2304 4620 ἐστιν
2343 4541 2381 4620 όν
2416 4564 2632 4637 πτωχὸς
2665 4541 2815 4636 παρά
2846 4563 2936 4618 τὸν
2974 4562 3208 4633 πένητα,
3238 4541 3364 4615 ’καὶ
3402 4541 3729 4632 πότερονίτῇ

469 4674 675 4729 egenus
711 4675 740 4712 a
771 4672 1031 4732 paupere,
1080 4677 1144 4720 ac
1186 4673 1369 4720 utrum
1401 4683 1460 4722 re
1492 4667 1608 4738 ipsa
1642 4667 1918 4731 diﬂ‘erant.
1951 4679 2044 4724 aut

469 4752 648 4806 solum
679 4754 955 4825 cogitandi
992 4755 1156 4812 modo
1211 4775 1224 4814 :
1273 4758 1401 4827 quia
1434 4757 1551 4815 fieri
1597 4770 1776 4830 potest
1807 4770 1866 4813 nt
1902 4761 2046 4816 idem

469 4841 542 4896 sit
566 4857 770 4911 egenus
819 4853 874 4902 et
916 4841 1258 4913 mendicans,
1292 4850 1436 4918 quod
1467 4865 1497 4904 a
1529 4851 1734 4907 divitiis
1759 4868 1896 4925 quas
1928 4856 2037 4926 pri-

467 4935 590 4989 dem
628 4936 894 4994 habuerat
931 4940 1228 5008 exciderit;
1288 4943 1453 5012 atque
1501 4959 1608 5000 una
1637 4962 1864 5018 pauper,
1899 4947 2044 5019 quod

396 5076 426 5096 ,τ
467 5027 655 5084 labore
683 5030 886 5085 victum
916 5031 1019 5086 sibi
1050 5041 1223 5103 paret.

539 5115 704 5175 Vsus.
739 5119 826 5176 Η.
853 5119 1136 5193 Surgentes
1196 5132 1350 5180 testes
1389 5121 1560 5199 iniqui
1585 5136 1701 5201 qua:
1737 5125 2046 5201 ignorabam

467 5211 863 5284 interrogabant
899 5233 1000 5270 me.
1028 5215 1132 5284 Qui
1163 5234 1273 5273 non
1303 5220 1554 5288 juStitiat,
1613 5222 1708 5279 sed
1744 5226 2048 5296 iniquitatis

467 5312 639 5361 testes
678 5314 830 5370 sunt,
884 5316 1174 5380 surgentes
1205 5319 1372 5382 atque
1425 5329 1486 5368 se
1529 5317 1834 5373 excitantes
1857 5317 2048 5376 dolose

467 5414 589 5469 qua:
614 5400 806 5471 ignoro
835 5400 1194 5474 interrogant.
1222 5402 1371 5460 Nihil
1392 5408 1594 5479 quippe
1622 5412 1748 5466 mali
1784 5413 1870 5466 vir
1901 5409 2045 5484 frugi

468 5490 664 5558 novit,
713 5493 917 5549 nemini
982 5496 1194 5551 scilicet
1249 5498 1622 5570 improborum
1684 5502 2040 5562 admiscetur.

468 5583 865 5640 Testimonium
919 5599 1098 5642 autem
1146 5590 1294 5648 illius
1320 5599 1406 5648 est
1445 5594 1595 5662 :Qui
1642 5607 1814 5653 servat
1848 5617 2044 5670 prace-

467 5686 637 5747 ptum,
667 5694 770 5733 non
794 5689 967 5734 noscat
993 5697 1098 5735 rem
1129 5684 1327 5738 malam
1356 5685 1424 5741 ’⁸.
1458 5685 1593 5742 Nam
1616 5689 1702 5746 hic
1717 5707 1820 5747 non
1845 5704 2041 5760 noscct,

544 5860 588 5891 ⁸⁸
630 5856 818 5914 Matth.
858 5876 966 5927 ιιι,
1002 5861 1057 5918 5.
1135 5864 1178 5895 "
1219 5862 1400 5922 Ecclc.
1435 5882 1564 5932 vm,
1599 5867 1653 5922 ὅ.

2155 4661 2480 4723 ὑποστάσει,
2520 4654 2554 4730 ἢ
2587 4661 2652 4730 τῇ
2693 4655 2907 4729 ἐπινοίᾳ
2936 4657 3012 4728 τῷ
3043 4657 3305 4727 ἐγχωρεῖν
3330 4651 3419 4707 τὸν
3445 4654 3605 4707 αὐτὸν
3638 4653 3732 4707 καὶ

2153 4756 2369 4826 πτωχὸν
2387 4749 2527 4809 εἶναι
2552 4751 2939 4824 πτωχεύσαντα
2958 4751 3036 4823 τῷ
3055 4749 3509 4804 ἀποπεπτωκέναι
3530 4742 3590 4802 οὗ
3618 4742 3733 4818 εἶχε

2155 4851 2385 4904 πλούτου
2406 4890 2422 4914 ,
2462 4850 2556 4903 καὶ
2594 4845 2802 4919 πένητα
2840 4845 2916 4917 τῷ
2957 4843 3094 4917 μετὰ
3131 4843 3294 4898 πόνον
3328 4844 3630 4915 περιποιεῖν
3661 4839 3730 4893 τὰ

2153 4945 2292 5017 πρὸς
2318 4943 2378 4998 τὸ
2405 4944 2612 5014 διαζῇν.

2240 5128 2635 5194 Ἀναστάντες
2653 5125 2951 5198 μάρτυρες
2978 5123 3168 5178 ἄδικοι
3191 5121 3228 5174 d
3258 5119 3364 5174 οὐκ
3397 5117 3732 5188 ἐγίνωσκον

2153 5213 2394 5295 ἠρώτων
2421 5241 2515 5295 με.
2571 5223 2633 5276 0i
2664 5221 2737 5293 μὴ
2766 5217 3145 5286 δικαιοσύνης,
3180 5205 3298 5269 ἀλλ’
3331 5211 3544 5275 ἀδικίας
3594 5209 3733 5280 μάρ-

2153 5325 2315 5390 τυρες
2341 5357 2356 5380 ,
2391 5304 2772 5376 διαναστάντες
2803 5312 2896 5366 καὶ
2922 5301 3286 5382 διεγείραντες
3311 5296 3506 5368 αὐτοὺς
3531 5344 3546 5367 ,
3582 5318 3735 5369 coept-

2157 5409 2357 5473 στικῶς
2387 5403 2735 5479 ἐπερωτῶσιν
2763 5404 2795 5458 ἃ
2849 5405 2910 5457 οὐ
2939 5392 3213 5472 γινώσκω.
3286 5393 3452 5451 Οὐδὲν
3485 5396 3594 5468 γὰρ
3623 5393 3733 5449 τῶν

2153 5503 2371 5574 φαύλων
2396 5497 2651 5571 γινώσκει
2685 5499 2714 5551 ό
2751 5497 3035 5560 σπουδαῖος
3056 5535 3071 5560 ,
3113 5493 3386 5548 τουτέστιν
3416 5485 3590 5544 οὐδενὶ
3623 5487 3734 5542 τῶν

2153 5598 2404 5671 πονηρῶν
2429 5594 2818 5668 ὰνακέκραται.
2844 5591 3160 5665 Μαρτύριον
3185 5589 3242 5643 δέ
3259 5606 3272 5619 °
3313 5589 3376 5640 '0
3395 5583 3735 5656 φυλάσσων

2151 5695 2411 5762 ἐντολὴν
2439 5696 2512 5748 οὐ
2542 5692 2828 5763 γνώσεται
2854 5685 3020 5757 ῥῆμα
3047 5685 3331 5752 πονηριθν.
3365 5680 3472 5735 Καὶ
3497 5675 3732 5732 ἐνταῦθα
