4122 6454
283 398 387 467 3θί

1413 409 1917 479 COMMENTARIA
1948 411 2015 479 ΙΝ
2047 411 2386 478 PSALMOS.

3441 411 3549 477 30!

283 522 396 592 γὰρ
425 522 492 576 τδ
519 524 587 578 οὗ
624 521 914 594 γνώσεται
937 572 952 596 ,
983 521 1043 583 οὗ
1076 529 1369 606 πεποίήται
1397 537 1520 592 οὐδὲ
1557 540 1849 613 ἀνακέκραι

1971 539 2150 603 idest,
2181 555 2289 594 non
2319 536 2670 610 perpetravit,
2701 548 2878 608 neque
2902 545 3074 608 pravo
3096 534 3246 606 operi
3277 533 3546 594 admistus

282 629 373 668 ται
402 615 548 669 κατά
577 615 732 688 ῥῆμα
761 620 996 692 πονηρόν
1018 625 1032 652 '-
1065 623 1260 693 ψεῦδος
1287 625 1397 699 γάρ
1433 629 1493 682 τδ
1518 631 1760 702 νομίζειν
1792 631 1867 704 μὴ

282 704 608 762 ιπίστασθαι
647 709 799 781 ῥῆμα
832 714 1066 786 πονηρὸν
1103 716 1193 770 τὸν
1222 718 1555 788 φυλάττοντα
1590 723 1691 794 τὴν
1719 724 1866 778 Θείαν

281 798 530 871 ἑντολήν.
599 802 880 875 Διάκρισιν
907 806 1017 880 γὰρ
1054 807 1193 880 ἔχων
1232 813 1469 884 πονηροῦ
1500 813 1595 867 καὶ
1625 815 1863 883 ἀγαθοῦ,

279 890 446 944 τᾶλλα
471 892 653 980 πάντα
681 895 1051 970 ἀποστραφεὶς
1079 903 1325 974 ῥήματα,
1353 906 1629 980 ἐπιτηρεῖν
1653 908 1751 980 τὴν
1779 912 1866 964 ὲν-

278 982 442 1053 τολὴν
463 979 649 1056 ἦλθεν.
684 988 750 1041 '0
771 984 865 1043 οὖν
886 989 1037 1060 λέγει
1064 991 1302 1048 τοιοῦτόν
1327 997 1476 1051 ἐστιν
1499 979 1740 1072 ’Πείραν
1765 1001 1864 1055 οὒκ

277 1075 474 1146 ἔχοντα
501 1079 620 1133 οὐδὲ
649 1080 905 1156 γνῶσινῆ
929 1083 1139 1140 ἔννοιαν
1165 1087 1274 1142 τῶν
1302 1089 1518 1156 κακῶν,
1548 1091 1865 1165 διερεθίζον-

275 1168 365 1232 uc
391 1186 463 1239 με
497 1171 787 1245 ὲπερὼτων
821 1193 890 1246 με
925 1179 1049 1250 περὶ
1075 1180 1252 1234 αὐτῶν
1270 1221 1285 1244 ,
1315 1181 1503 1254 ὥσπερ
1529 1187 1562 1256 ἡ
1589 1185 1864 1255 Αἰγυπτία

273 1259 365 1314 τὸν
401 1263 604 1336 Ἰωσὴφ
625 1309 638 1330 ,
672 1267 766 1320 καὶ
791 1271 839 1322 ot
871 1271 1230 1345 πρεσϐύτεροι
1256 1275 1354 1346 τὴν
1383 1277 1707 1334 Σουσάνναν.

356 1353 879 1414 Ἀνταπεδίδοσάν
922 1365 1031 1432 μοὶ
1065 1367 1300 1435 πονηρὰ
1334 1369 1469 1423 ἀντι
1513 1355 1717 1426 καλῶν
1761 1374 1860 1428 και

271 1447 565 1504 ἀτεκνίαν
588 1451 666 1521 τῇ
701 1453 876 1524 ψυχῇ
907 1474 1034 1525 μου.
1119 1458 1282 1530 Ἐμοῦ
1314 1462 1761 1536 φιλοτιμουμένου
1793 1465 1862 1521 τά

272 1539 411 1611 πρὸς
467 1541 677 1608 πάντας
732 1545 1041 1628 καθήκοντα
1094 1550 1399 1622 ἀμέμπτως
1437 1554 1702 1610 ἐπιτελεῖν
1736 1555 1861 1627 βού-

269 1629 484 1698 λεσθαι,
509 1637 557 1689 εί
580 1633 802 1691 δυνατόν
825 1638 962 1710 μετά
982 1641 1197 1697 πάντων
1218 1643 1519 1716 ἀνθρώπων
1536 1645 1858 1720 εἰρηνεύειν,

268 1727 422 1781 αὐτοὶ
473 1729 599 1783 ἀντὶ
641 1731 844 1785 τούτων
875 1732 982 1786 τῶν
1016 1733 1196 1788 καλῶν
1229 1737 1441 1809 πονηρά
1473 1740 1860 1795 ἀνταπεδίδουν

270 1834 359 1889 μοι
374 1857 390 1882 ,
422 1819 615 1894 ἐχθροὶ
640 1823 734 1876 καὶ
754 1822 1038 1895 δυσμενεῖς
1055 1825 1142 1880 διὰ
1166 1827 1384 1882 πάντων
1403 1825 1821 1903 ἀναφαινόμενοι
1840 1851 1854 1864 °

1967 641 2098 706 est:
2135 632 2492 688 hallucinatio
2522 631 2725 702 quippe
2745 637 2831 686 est
2859 629 3140 692 arbitrari,
3186 644 3312 684 eum
3338 630 3432 700 qui
3462 630 3548 684 di~

1965 726 2154 780 vinum
2178 733 2360 781 servat
2388 724 2728 790 mandatum,
2777 723 2975 778 malam
3011 739 3124 778 non
3150 723 3375 779 novisse
3405 739 3543 778 rem.

1964 812 2102 870 Nam
2157 815 2550 871 discretiOnem
2578 814 2705 870 boni
2748 821 2804 870 et
2837 812 2967 868 mali
3016 822 3240 879 nactus,
3271 829 3302 869 ιι
3329 814 3545 869 caeteris

1965 923 2212 972 aversus,
2241 905 2308 961 ad
2338 911 2668 978 praeceptum
2714 905 3046 963 Servandum
3076 905 3307 961 accedit.
3339 904 3546 974 Hujus-

1964 999 2111 1054 modi
2137 999 2302 1070 igitur
2346 1006 2431 1055 est
2479 997 2625 1069 quod
2664 997 2757 1053 hic
2791 998 2990 1054 eli‘atur
3014 1017 3028 1052 :
3053 997 3135 1052 Me
3155 998 3363 1052 nttllnm
3387 996 3545 1051 mala:

1963 1089 2042 1143 rei
2065 1089 2496 1159 experimentum
2531 1095 2621 1141 aut
2637 1087 2884 1142 notitiam
2902 1086 3017 1143 sive
3044 1085 3427 1157 cogitationem
3448 1084 3544 1138 ha-

1965 1179 2181 1235 bentem
2210 1182 2574 1244 concitantes,
2613 1180 2681 1234 de
2702 1179 2770 1235 iis
2813 1179 3247 1252 interrogabant,
3278 1176 3545 1249 quemad-

1962 1273 2184 1327 modum
2230 1273 2485 1345 Egyptia
2523 1271 2846 1342 Jo‘sepbum,
2877 1281 2932 1326 et
2956 1288 3115 1328 senes
3137 1270 3466 1326 Susannam.

2033 1364 2205 1420 Vens.
2242 1365 2328 1420 12.
2360 1363 2736 1420 Retribuebant
2767 1364 2895 1419 mihi
2924 1364 3069 1417 mala
3083 1379 3178 1428 pro
3191 1363 3341 1417 bonis
3361 1372 3410 1417 et
3434 1371 3516 1417 ste

1961 1459 2216 1513 rilitatem
2245 1458 2438 1513 aninue
2470 1472 2618 1512 meae.
2642 1456 2778 1511 Cttm
2817 1457 2922 1511 hoc
2951 1467 3119 1510 unum
3153 1454 3453 1516 studerem.
3481 1460 3544 1508 ut

1961 1552 2321 1625 congruentia
2343 1551 2603 1607 omnibus
2631 1550 2752 1608 sine
2770 1550 3196 1621 reprehensione
3225 1563 3543 1620 peragerem

1962 1643 2252 1715 siquidem
2285 1643 2458 1712 possit
2509 1658 2634 1698 cum
2669 1641 2928 1698 omnibus
2980 1639 3296 1696 hominibus
3349 1646 3543 1710 pacate

1962 1738 2082 1808 agi;
2120 1752 2220 1807 pro
2275 1736 2343 1792 iis
2393 1737 2472 1791 illi
2505 1736 2666 1791 bonis
2714 1736 2858 1790 mala
2891 1733 3266 1805 rependebant
3301 1732 3456 1796 mihi,
3485 1733 3543 1788 in

1960 1828 2217 1885 omnibus
2255 1843 2378 1884 sese
2411 1827 2662 1883 inimicos
2710 1836 2874 1898 atque
2914 1826 3144 1883 infestos
3170 1826 3492 1882 exhibentes
3523 1840 3538 1878 :

265 1911 327 1964 τὸ
377 1913 511 1966 ὅσον
558 1909 615 1968 δὲ
665 1902 752 1968 ἐπ’
784 1911 968 1981 αὐτοῖς
1003 1919 1100 1990 τὴν
1133 1919 1190 1974 ὲν
1225 1921 1408 1987 καλοῖς
1451 1902 1731 1980 εὐτεκνίαν
1758 1927 1849 1998 τῆς

1959 1936 2025 1976 ac
2051 1927 2317 1992 quantum
2356 1919 2411 1973 ln
2439 1919 2731 1990 ipsiserat,
2768 1919 2964 1974 animae
3011 1932 3146 1974 meae
3193 1913 3248 1974 in
3278 1917 3437 1973 bonis
3465 1916 3544 1974 fe-

261 2005 446 2080 ψυχῆς
491 2027 589 2082 μου
619 2012 860 2083 ἀναιρεῖν
889 2010 1220 2086 ἐπεχείρουν.
1299 2017 1361 2070 Et
1402 2017 1563 2086 γοῦν,
1615 2020 1859 2084 πεισθεὶς

261 2100 450 2154 αὐτῶν
481 2105 601 2166 ταῖς
625 2103 926 2174 ἐρωτήσεσι
952 2104 1191 2171 τοιοῦτος
1219 2099 1492 2178 ἐγεγόνειν
1529 2105 1640 2164 οἷον
1668 2112 1857 2183 ἧθελόν

265 2210 330 2265 με
362 2195 598 2266 ποιῆσαι
620 2235 635 2260 ,
665 2197 1039 2277 ﬁnxi/(1)0qu
1064 2194 1097 2271 ἦ
1122 2185 1266 2271 ψυχή
1303 2219 1404 2273 μου
1432 2245 1445 2269 ,
1483 2204 1677 2275 μηκέτι
1699 2198 1855 2277 δεχο-

262 2283 403 2356 μένη
435 2286 544 2351 τὰς
571 2286 721 2352 θείας
747 2287 843 2342 τοῦ
876 2276 1111 2361 νυμφίου
1145 2292 1326 2361 γονάς.
1401 2295 1465 2348 El
1494 2295 1551 2349 δὲ
1577 2297 1742 2350 τέκνα
1765 2276 1857 2351 λέ-

257 2387 452 2448 γοιντο
473 2381 524 2433 οἱ
548 2381 787 2454 μαθηταὶ
807 2383 901 2437 τοῦ
921 2382 1228 2452 διδάξαντος
1244 2427 1258 2451 ,
1291 2383 1384 2441 καὶ
1405 2388 1574 2454 ὄντως
1601 2391 1856 2445 ἀτεκνοῦ-

256 2485 346 2526 ται
375 2473 410 2543 ἡ
453 2472 598 2544 ψυχὴ
632 2473 726 2528 τοῦ
757 2474 1074 2530 διδασκάλου
1095 2519 1110 2543 ,
1166 2473 1444 2550 σφάλμασι
1479 2481 1854 2552 περιπεσοῦσα

256 2562 337 2634 τῷ
365 2565 574 2637 ἑαυτῆς
601 2565 880 2639 σκανδάλῳ
898 2607 913 2631 ,
942 2570 1242 2640 ἀναιροῦσα
1270 2572 1398 2635 τοὺς
1424 2566 1481 2639 ἐξ
1507 2572 1676 2645 αὐτῆς
1701 2591 1854 2642 γενο-

261 2657 473 2728 μένους
500 2659 588 2713 διὰ
642 2649 960 2732 μαθητείας.
1023 2664 1167 2717 Ἀντὶ
1195 2664 1252 2717 δὲ
1281 2664 1374 2718 τοῦ
1395 2706 1410 2729 ,
1463 2665 1746 2722 ἀτεκνίαν
1777 2657 1852 2738 τῆ

255 2752 446 2821 ψυχῇ
471 2769 591 2822 μου
612 2793 627 2818 ,
670 2755 1150 2826 Ἀνεστραμμένα
1179 2757 1331 2811 κατὰ
1360 2756 1469 2827 τῆς
1488 2753 1692 2830 ψυχῆς
1707 2773 1847 2830 μου,

256 2843 286 2896 ό
319 2843 627 2917 Σύμμαχος
641 2846 922 2913 ἐξέδωκεν.

345 3018 568 3091 Ἐπειδὴ
598 3021 666 3076 τὰ
697 3022 1031 3095 προκείμενα
1063 3018 1330 3097 συνῆπται
1359 3021 1471 3090 τοῖς
1501 3021 1560 3080 ἐν
1587 3026 1667 3098 τῷ
1693 3045 1849 3100 τρια-

260 3111 445 3184 κοστῷ
479 3114 647 3186 τρίτῳ
682 3113 881 3187 ψαλμῷ
913 3115 1399 3188 προλελεγμένοις⁶
1451 3117 1636 3172 ἐκεῖνα
1662 3118 1718 3173 δὲ
1749 3119 1850 3190 τῆς

261 3202 511 3276 ἱστορίας
541 3204 880 3278 ὲμνημόνευε
906 3208 1003 3280 τῆς
1033 3207 1174 3263 κατά
1204 3205 1294 3263 τὸν
1332 3203 1618 3282 Ἃῦιμέλεχ
1636 3252 1651 3274 ,
1677 3211 1759 3280 ἐφ’
1785 3205 1847 3265 οὗ

1961 2012 2296 2069 cunditatem
2342 2011 2411 2067 de
2460 2011 2641 2066 medio
2698 2011 2894 2065 tollere
2953 2011 3243 2066 curabant.
3284 2008 3431 2066 Sane
3491 2010 3542 2066 si

1959 2115 2149 2162 eorum
2169 2103 2560 2176 quaestionibus
2583 2103 3076 2173 obtemperassent,
3114 2103 3239 2158 talis
3291 2100 3542 2172 profecto

1957 2197 2174 2267 qualem
2204 2197 2308 2267 ipsi
2332 2195 2589 2251 volebant
2618 2193 2847 2250 effectus
2887 2211 3089 2262 essem,
3123 2195 3368 2266 orbaque
3385 2193 3542 2263 prole

1957 2288 2151 2345 fuisset
2175 2288 2356 2343 anima
2385 2302 2526 2352 mea,
2551 2287 2738 2343 divina
2780 2289 2967 2356 sponsi
3011 2287 3223 2344 semina
3257 2301 3368 2341 non
3396 2286 3541 2340 ulte-

1954 2381 2072 2436 rius
2100 2380 2399 2450 excipiens.
2425 2378 2580 2447 Quod
2627 2379 2673 2434 si
2725 2378 2981 2450 discipuli
3011 2378 3256 2434 doctoris
3305 2377 3390 2432 sui
3441 2377 3540 2430 lilii

1954 2487 2077 2526 esse
2127 2471 2412 2535 dicantur:
2461 2485 2526 2523 ea
2582 2486 2803 2540 quoque
2855 2469 3070 2523 ratione
3109 2469 3260 2538 prole
3312 2468 3540 2522 orbatur

1954 2565 2134 2619 anima
2153 2563 2414 2626 doctoris,
2436 2561 2681 2632 ejusdem
2702 2562 2902 2618 erratis
2932 2562 2987 2616 in
3016 2559 3406 2616 ollendiculum
3437 2559 3538 2616 abs

1954 2671 2014 2712 se
2055 2665 2302 2726 paratum
2355 2653 2600 2724 delapsa,
2641 2654 2770 2708 dum
2815 2661 2916 2724 per
2965 2653 3272 2708 doctrinam
3304 2668 3402 2708 eos
3439 2652 3533 2722 qui

1952 2746 2050 2801 abs
2079 2761 2138 2802 se
2159 2746 2272 2800 nati
2302 2755 2432 2802 sunt
2464 2743 2752 2800 interimit.
2775 2742 2881 2799 Pro
2909 2743 3002 2798 illo
3037 2753 3241 2806 autem,
3274 2743 3535 2796 sterilita-

1952 2849 2054 2894 tem
2080 2840 2456 2906 animtemeaz,
2509 2853 2754 2907 perversa
2806 2845 2997 2892 contra
3057 2838 3294 2891 animam
3341 2853 3534 2904 meam,

1951 2933 2115 2988 vertit
2147 2930 2530 3003 Symmachus.

2019 3024 2286 3092 Quoniam
2322 3023 2438 3079 hazc
2468 3037 2590 3095 qua:
2643 3023 2756 3095 jam
2793 3027 3098 3078 tractamus
3141 3033 3267 3078 cum
3311 3021 3380 3079 iis
3413 3035 3536 3092 qua:

1949 3117 2006 3173 in
2048 3117 2327 3173 tricesimo
2360 3116 2524 3172 tertio
2567 3115 2782 3186 psalmo
2817 3113 3101 3185 praemissa
3157 3119 3290 3168 sunt
3323 3125 3536 3168 conne--
3641 3153 3646 3156 -

1950 3217 2209 3277 ctuntur;
2245 3210 2338 3265 illa
2365 3220 2498 3265 vero
2517 3209 2585 3265 de
2607 3208 2838 3264 historia
2855 3205 3172 3262 Abimelecb
3199 3205 3534 3261 mentionem

261 3295 529 3365 ἡλλοίωσε
559 3298 618 3352 τὸ
650 3299 939 3372 πρόσωπον
963 3293 1125 3356 αὑτοῦ
1144 3342 1159 3365 ,
1193 3303 1332 3357 κατά
1357 3301 1426 3356 τά
1451 3303 1844 3374 ἀποδεδομένα·

1955 3303 2153 3366 iecere,
2181 3302 2328 3374 apud
2352 3313 2538 3373 quem,
2577 3301 2657 3355 uti
2698 3299 2956 3370 superius
2991 3297 3255 3354 traditum
3285 3305 3390 3362 est,
3430 3297 3535 3352 im-

260 3387 402 3460 τάχα
430 3393 538 3443 που
568 3381 790 3446 δῦναται
816 3393 909 3446 καὶ
930 3393 1000 3447 τὰ
1027 3393 1162 3465 μετά
1191 3397 1378 3467 χεῖρας
1411 3395 1498 3449 ἐπ’
1525 3397 1707 3451 ἐκεῖνα
1727 3398 1851 3452 ἀνα-

261 3479 549 3552 φέρεσθαι.
569 3481 769 3538 Μαθὼν
790 3485 898 3558 γὰρ
918 3487 946 3538 ό
965 3478 1138 3540 Σαοὺλ
1154 3487 1304 3557 παρά
1325 3488 1484 3560 Δωὴκ
1500 3529 1515 3554 ,
1532 3489 1608 3553 ὡς
1623 3490 1849 3559 ἀφῖκται

261 3573 429 3628 Δαυῖδ
460 3575 596 3647 πρὸς
634 3569 922 3649 ’Δὸιμέλεχ
946 3618 961 3640 .
1000 3579 1197 3652 ἄρτους
1227 3598 1285 3634 τε
1324 3580 1561 3653 εἰληφὼς
1586 3582 1850 3636 διασέσω-

264 3675 387 3718 atat
405 3706 422 3730 ,
457 3666 663 3731 πάντας
695 3667 871 3724 ἀνεῖλε
897 3671 1020 3735 τοὺς
1047 3673 1209 3743 ίερεῖς
1233 3671 1328 3726 τοῦ
1357 3673 1584 3743 Κυρίου,
1602 3674 1764 3729 αὐτόν
1787 3690 1849 3728 τε

260 3757 353 3811 τὸν
402 3749 692 3831 ’Δειμέλεχ
727 3762 1006 3830 παγγενεί.
1046 3763 1277 3818 Δύναται
1303 3761 1396 3819 οῦν
1425 3765 1599 3820 ταῦτα
1630 3767 1658 3822 ό
1685 3768 1849 3822 Δαυτδ

265 3849 342 3913 είς
370 3851 668 3922 πρόσωπον
693 3851 786 3906 τοῦ
814 3853 986 3906 Σαοὺλ
1012 3857 1310 3928 εἰρηκέναι,
1339 3858 1414 3922 ὡς
1442 3859 1537 3911 καὶ
1561 3859 1736 3913 πάντα
1756 3855 1849 3915 τὸν

259 3932 477 4016 Ψαλμδν
509 3946 590 4008 είς
622 3946 827 4000 ἐκεῖνον
853 3947 1218 4020 ἀναφέρεσθαι
1252 3949 1344 4002 τὸν
1381 3950 1602 4023 καιρὸν,
1631 3950 1755 4004 καθ’
1787 3952 1847 4006 ὃν

262 4033 426 4107 Δωὴκ
480 4035 992 4111 ὲψυδομαρτύρησε
1049 4039 1143 4094 τοῦ
1204 4039 1490 4114 Ἀϐιμέλεχ
1549 4035 1700 4114 παρὰ
1749 4035 1844 4098 τοῦ

262 4122 471 4181 Σαούλ·
510 4127 602 4181 καὶ
637 4128 778 4200 τάχα
810 4129 869 4182 τὸ
897 4129 1122 4202 Πνεῦμα
1149 4130 1210 4184 τὺ
1244 4131 1428 4200 ἅγιον,
1457 4131 1526 4186 τά
1557 4127 1704 4205 πάθη
1735 4135 1845 4188 τῶν

264 4218 457 4292 ίερέων
485 4219 798 4292 ὐπογράφον
824 4260 838 4285 ,
871 4220 942 4275 τὰ
975 4219 1310 4294 προκείμενα
1343 4223 1606 4294 ἀνεφώνει
1635 4213 1808 4292 λέγων
1827 4243 1842 4258 ⁸

261 4313 546 4378 Δίκασον,
572 4316 766 4383 Κύριε,
800 4314 941 4383 τοὺς
978 4314 1335 4384 ἀδικοῦντάς
1353 4335 1450 4388 με,
1481 4317 1574 4372 καὶ
1595 4320 1663 4374 τά
1693 4313 1844 4391 ἑξῆς.

260 4403 340 4459 Τὰ
375 4405 433 4458 δὲ
469 4406 815 4478 μονοτρόπως
846 4407 1110 4481 εἰρημένα
1141 4405 1269 4482 περὶ
1301 4402 1420 4476 ἑνός
1457 4424 1600 4477 τινος
1638 4414 1697 4466 ὲν
1728 4413 1806 4484 τῷ
1825 4455 1840 4480 ,

272 4496 527 4554 Ἐλθέτω
550 4499 710 4566 αὐτῷ
737 4501 917 4571 παγίς
939 4499 1020 4570 ἣν
1049 4497 1123 4555 οὐ
1150 4502 1427 4572 γινώσκει
1445 4546 1460 4569 ,
1493 4505 1591 4559 καὶ
1621 4507 1660 4574 ἡ
1692 4505 1844 4575 θήρα

261 4586 340 4658 ἦν
362 4589 592 4661 ἔκρυψε
611 4590 966 4648 συλλαϐέτω
985 4593 1190 4658 αὐτὸν,
1215 4595 1312 4648 καὶ
1337 4596 1408 4649 ὲν
1427 4593 1502 4666 τῇ
1523 4594 1725 4668 παῖ-[δι
1747 4613 1843 4652 πε-

1949 3395 2180 3451 mutavit
2209 3395 2414 3450 vultum
2429 3395 2626 3461 suum;
2664 3392 2898 3472 fortasse
2927 3393 3140 3463 possint
3170 3390 3290 3447 haec
3317 3404 3441 3462 quae
3476 3392 3532 3446 in

1950 3489 2216 3561 praesenti
2255 3483 2493 3559 aguntur
2521 3485 2587 3540 ad
2638 3485 2728 3540 illa
2754 3483 3129 3542 relerri.'Nam
3161 3492 3286 3540 cum
3323 3481 3452 3537 Saul
3501 3497 3534 3538 ιι

1951 3581 2094 3638 Doec
2117 3581 2437 3639 edidicisset
2477 3579 2739 3636 Davidem
2764 3578 2830 3633 ad
2855 3577 3173 3634 Abimelech
3202 3575 3530 3639 accessisse,

1949 3683 2132 3747 atque,
2159 3676 2398 3747 acceptis
2418 3674 2676 3746 panibus,
2720 3674 2950 3730 salutem
2997 3680 3220 3728 nactum
3255 3687 3377 3728 esse
3427 3670 3531 3744 [ne

1952 3766 2092 3824 fame
2120 3761 2369 3840 periret],
2402 3777 2594 3822 omnes
2651 3763 2966 3822 sacerdOtes
2989 3757 3207 3818 Domini
3239 3762 3531 3834 ipsumque

1946 3857 2259 3918 Abimelech
2290 3875 2413 3914 cum
2437 3863 2635 3929 genere
2674 3866 2775 3914 su'o
2807 3855 3172 3912 internecioni
3217 3855 3388 3912 dedit.
3424 3853 3532 3910 Po-
3591 3921 3608 3940 ο

1948 3951 2196 4024 tuitergo
2215 3950 2384 4007 David
2420 3949 2536 4006 hate
2552 3950 2619 4007 de
2645 3959 2878 4022 persona
2909 3948 3091 4004 Saulis
3115 3947 3319 4010 dicere.
3359 3947 3433 4002 ita
3470 3955 3531 4003 ut

1946 4049 2096 4100 totus
2124 4044 2369 4114 psalmus
2421 4044 2489 4100 ad
2535 4043 2591 4099 id
2613 4043 2879 4114 temporis
2923 4041 3220 4104 referatur,
3246 4052 3356 4111 quo
3384 4037 3530 4094 Doec

1947 4146 2139 4194 contra
2197 4137 2512 4194 Abimelech
2557 4138 2700 4208 apud
2756 4137 2974 4192 Sauletn
3039 4135 3235 4189 falsum
3281 4133 3530 4188 testimo-

1944 4231 2097 4286 nium
2128 4230 2301 4286 dlxit:
2330 4240 2384 4287 et
2403 4227 2637 4288 fortasse
2662 4230 2905 4301 Spiritus
2921 4235 3150 4283 sanctus
3181 4224 3528 4281 sacerdotum

1944 4324 2156 4381 cladem
2212 4325 2531 4380 deseribens
2563 4325 2679 4380 haec
2720 4324 2922 4378 dixerit
2953 4331 2966 4376 ε
3024 4313 3245 4382 Judica,
3281 4317 3527 4378 Domine.

1945 4425 2184 4471 nocentes
2215 4433 2314 4479 me,
2341 4424 2397 4472 et
2434 4425 2650 4472 cetera.
2684 4415 2816 4482 Qua:
2862 4423 3026 4485 porro
3056 4411 3122 4466 de
3153 4424 3264 4464 uno
3292 4409 3410 4466 solo
3453 4407 3531 4463 di-

1944 4516 2164 4572 cuntur,
2202 4518 2262 4563 ut
2299 4509 2431 4563 illud
2463 4517 2548 4565 est
2580 4529 2593 4564 2
2635 4508 2818 4562 Veniat
2845 4506 2929 4561 illi
2948 4505 3168 4576 laqueus
3195 4516 3345 4582 quem
3373 4503 3529 4572 igno-

1947 4610 2055 4665 rat,
2081 4609 2130 4656 et
2157 4601 2332 4671 captio
2348 4617 2506 4670 quam
2530 4598 2804 4654 abscondit
2832 4589 3185 4667 apprehendat
3229 4611 3370 4660 eum.
3393 4602 3442 4647 et
3471 4593 3529 4646 in

260 4682 451 4737 σεῖται
480 4683 550 4738 ἐν
575 4677 1018 4766 αῠτῇηδόναται
1045 4677 1124 4757 τῷ
1153 4683 1311 4758 Δωὴκ
1339 4683 1690 4759 ἐφαρμόζειν.
1728 4691 1838 4744 Καὶ

1951 4695 2188 4766 laqueum
2227 4694 2383 4749 eadat
2412 4696 2467 4748 in
2496 4695 2688 4763 ipsum,
2712 4691 2852 4747 Doec
2878 4689 3079 4747 ascribi
3115 4694 3366 4759 possunt.
3392 4684 3530 4739 lllud

260 4769 318 4826 τὺ
332 4813 350 4838 ,
378 4764 1083 4848 Ἀναστάντεξμάρτυρεζ-
1097 4780 1310 4844 ἄδικοι,
1326 4779 1365 4834 ἁ
1381 4783 1491 4834 οὐκ
1506 4781 1838 4850 ἐγίνωσκον

260 4863 500 4934 ἠρώτων
512 4885 590 4936 με
609 4884 623 4898 ο
656 4867 1140 4925 ἀνταπεδίδοσάν
1162 4890 1265 4941 μοι
1297 4871 1530 4940 πονηρὰ
1547 4871 1681 4926 ἀντὶ
1700 4872 1838 4942 dra-

261 4954 380 5014 θῶν
406 4999 422 5026 ,
457 4959 556 5014 καὶ
593 4956 876 5016 ἀτεκνίαν
900 4954 976 5032 τῇ
1000 4963 1174 5034 ψυχῇ
1209 4983 1329 5034 μου
1350 5005 1366 5029 ,
1429 4967 1493 5019 ἐκ
1546 4966 1835 5038 προσώπου

262 5051 475 5123 λεχθείη
502 5047 568 5106 ἀν
599 5053 693 5108 τοῦ
734 5053 1037 5128 Ἀϐιμέλεχ.
1073 5051 1181 5110 Καὶ
1209 5056 1382 5111 ταῦτα
1411 5051 1469 5112 δὲ
1501 5049 1648 5122 είκδς
1679 5061 1833 5130 εἰρη-

263 5141 411 5197 κέναι
436 5145 526 5198 τὸν
558 5143 719 5200 Δαυῖδ
741 5163 754 5176 ·
785 5139 949 5201 αὐτοῦ
980 5149 1088 5222 γὰρ
1116 5149 1518 5222 ἐπιγέγραπται
1550 5153 1578 5204 ό
1598 5150 1834 5221 ψαλμὺς,

263 5227 585 5309 ἂποστολικῇ
619 5237 854 5293 διαθέσει
885 5240 1126 5308 λέξοντος
1154 5240 1250 5296 ἄν·
1310 5243 1406 5310 Τίς
1430 5241 1702 5310 ἀσθενεῖ,
1737 5235 1836 5300 καὶ

265 5327 370 5379 οὐκ
399 5325 634 5382 ἀσθενῶ
649 5343 669 5392 ;
696 5328 786 5395 τίς
809 5326 1263 5392 σκανδαλίζεται
1281 5372 1296 5394 ,
1326 5330 1424 5384 καὶ
1455 5331 1567 5386 οὐκ
1588 5327 1702 5403 ἐγὼ
1723 5347 1835 5388 πυ-

265 5417 505 5487 ροῦμαι;
543 5414 638 5473 καὶ
658 5458 675 5484 ,
707 5421 1009 5486 Παθόντος
1037 5422 1175 5490 ἐνὸς
1196 5419 1453 5492 μέλους,
1483 5422 1834 5493 συμπάσχει

267 5507 457 5564 πάντα
486 5511 558 5564 τὰ
580 5507 758 5580 μέλη.
794 5509 904 5566 Καὶ
929 5507 1084 5576 ἀλλος
1100 5507 1157 5568 δὲ
1183 5515 1334 5588 παρά
1354 5510 1526 5568 ταῦτα
1551 5515 1835 5588 μάρτυρας

266 5600 359 5669 μὲν
387 5601 604 5667 ἀδίκους
636 5604 777 5658 είποι
803 5599 868 5658 ἄν
899 5623 982 5670 τις
1016 5606 1220 5671 πάντας
1245 5609 1370 5672 τοὺς
1393 5605 1834 5674 ἐνδιαϐάλλοντας

270 5691 348 5747 τὸν
379 5692 538 5748 Δαυῖδ
570 5697 718 5768 παρὰ
747 5697 840 5752 τοῦ
872 5697 1042 5752 Σαούλ
1065 5716 1078 5729 ο
1111 5699 1231 5753 τότε
1266 5700 1364 5771 μὲν
1395 5702 1504 5773 γὰρ
1537 5703 1585 5756 οί
1619 5699 1831 5773 Ζιφαῖοι

326 5869 370 5903 ιι
405 5833 454 5925 it
485 5869 613 5929 Cor.
653 5889 740 5941 ιι,
773 5873 866 5934 29.
941 5873 984 5907 η
1024 5874 1046 5929 ι
1079 5873 1207 5932 Cor.
1241 5888 1360 5944 stt,
1387 5874 1481 5935 se.

1945 4795 2146 4851 autent,
2186 4783 2464 4852 Surgentes
2489 4793 2640 4838 testes
2663 4781 2854 4853 iniqui,
2883 4793 2999 4852 qua:
3031 4780 3342 4851 ignorabam
3365 4776 3560 4842 ἔπιεν-ι,

1945 4878 2204 4947 rogabant
2246 4877 2360 4930 me:
2394 4875 2752 4930 "tribuebant
2793 4871 2923 4927 mihi
2971 4871 3117 4925 mala
3149 4883 3243 4940 pro
3275 4867 3448 4932 bonis,
3476 4873 3529 4919 et

1943 4969 2279 5024 sterilitatem
2303 4969 2494 5022 animae
2520 4982 2668 5031 meat,
2694 4979 2758 5021 ex
2781 4963 3119 5020 Abitnelecbi
3144 4974 3376 5032 persona
3399 4973 3528 5029 pro-

1939 5062 2190 5116 nuntiata
2236 5059 2437 5116 fuerint
2473 5078 2486 5113 :
2521 5073 2642 5129 qua:
2687 5071 2788 5129 par
2837 5067 2923 5112 est
2975 5054 3182 5110 dixisse
3239 5051 3522 5113 Davidem,

1937 5145 2181 5224 pSalmus
2223 5153 2426 5223 quippe
2483 5151 2602 5219 ejus
2653 5165 2778 5206 esse
2822 5147 3191 5205 inscribitur:
3230 5146 3278 5200 is
3307 5153 3526 5214 aposto-

1937 5243 2043 5298 lico
2083 5255 2236 5298 more
2261 5243 2342 5298 sic
2373 5241 2569 5297 ellatus
2619 5239 2910 5296 credatur:
2945 5237 3078 5305 Quis
3111 5237 3440 5305 inﬁrmatur,
3467 5243 3521 5288 et

1935 5351 2027 5409 ego
2061 5349 2164 5391 nan
2197 5331 2621 5406 inﬁrmor?quis
2675 5332 3100 5396 scandalizatur,
3168 5338 3217 5384 et
3271 5345 3365 5400 ego
3413 5341 3521 5382 non

1941 5437 2067 5482 uror
2087 5429 2129 5460 “
2153 5423 2253 5481 ?Et
2283 5443 2296 5479 :
2335 5423 2395 5480 Si
2421 5424 2546 5497 quid
2575 5426 2815 5495 patiatur
2837 5441 3003 5478 unum
3031 5422 3342 5490 membrum,
3373 5434 3520 5472 com-

1939 5520 2218 5588 patiuntur
2246 5520 2423 5574 omnia
2456 5518 2689 5574 membra
2718 5518 2785 5570 ".
2838 5513 2904 5570 Et
2948 5513 3178 5570 forsitan
3209 5511 3350 5566 alius
3378 5523 3519 5580 pne-

1941 5621 2089 5666 terea
2120 5609 2289 5672 dicat,
2341 5611 2562 5681 iniquos
2611 5615 2779 5666 testes
2799 5622 2923 5664 esse
2963 5609 3233 5676 quotquot
3259 5599 3518 5654 Davidem

1939 5701 2083 5774 apud
2106 5701 2324 5764 Saulem
2351 5702 2670 5761 calumniati
2701 5710 2859 5771 sunt;
2893 5699 3055 5773 modo
3081 5695 3281 5768 quippe
3313 5688 3520 5762 Ziplnui
