4128 6434
597 398 704 453 505

1247 395 1517 453 EUSEBII
1552 396 2040 455 CZESARIENSIS
2077 399 2230 457 OPP.
2274 400 2453 457 PARS
2505 401 2593 457 Ill.
2630 435 2698 444 -—
2739 402 3147 459 EXEGETICA.

3742 399 3854 455 505

581 513 919 570 accedentes
929 512 1182 569 dicebant
1203 530 1216 566 :
1247 513 1378 570 Ecce
1394 514 1560 570 David
1583 515 1918 572 absconditus
1933 526 2008 572 est
2023 517 2166 588 apud

2270 517 2452 587 ἔλεγον
2473 517 2716 584 ἐλθόντες
2740 535 2753 549 ·
2797 518 2950 574 Ἰδοὺ
2975 516 3155 573 Δαυῒδ
3183 518 3504 584 κέκρυπται
3533 527 3653 581 παρ
3668 511 3852 588 ’ἡμῖν’

595 623 690 662 nos
717 607 761 638 ³³
791 623 804 657 :
837 615 890 660 et
919 606 1028 660 alio
1065 615 1310 677 tempore
1359 607 1474 672 alii,
1531 609 1786 679 gratiam,
1837 617 1896 665 ut
1939 610 2170 675 videtur,

597 697 739 770 apud
773 712 956 769 regem
1013 697 1228 761 inituri,
1282 700 1453 753 multa
1488 700 1625 755 falsa
1680 701 1994 757 testimonia
2026 703 2175 758 dice-

596 791 747 853 bant,
771 799 828 847 et
853 806 973 860 qua:
1006 791 1122 860 ipse
1150 806 1324 860 neque
1345 802 1569 848 noverat
1592 809 1766 862 neque
1789 795 2052 866 cogitarat
2071 794 2175 865 ipsi

599 882 973 937 ascribebant.
1021 879 1160 936 lllud
1223 889 1430 945 autem,
1473 883 1832 939 retribuebant
1869 885 1998 938 mihi
2030 885 2174 938 mata

592 989 690 1042 pro
707 973 879 1036 bonis,
911 971 978 1026 ad
1009 973 1190 1042 ipsum
1220 989 1440 1045 quoque
1465 973 1724 1031 Davidem
1754 976 1945 1032 referri
1969 982 2168 1048 potest.

593 1063 728 1118 Nam
758 1064 944 1120 multis
974 1079 1004 1118 a
1027 1064 1233 1120 Davide
1280 1065 1440 1122 bonis
1469 1065 1698 1122 affectus
1756 1065 1910 1132 Saul,
1948 1076 2173 1123 contra-

593 1157 730 1213 riam
765 1157 870 1228 ipsi
891 1158 1065 1215 vicem
1121 1161 1474 1230 rependebat,
1515 1161 1644 1216 dum
1682 1163 1934 1234 graviora
1983 1171 2174 1218 contra

594 1251 966 1322 animamejus
998 1253 1427 1320 machinaretur,
1491 1263 1545 1310 et
1599 1256 1945 1312 sterilitatem
1979 1257 2176 1311 animae

591 1343 714 1411 ejus
764 1343 1012 1400 inferret.
1047 1343 1202 1400 Tunc
1238 1361 1404 1416 porro
1457 1347 1716 1404 sterilitas
1753 1349 1946 1403 animae
1996 1349 2173 1414 adest,

591 1433 721 1489 dum
757 1435 964 1491 semina
985 1453 1105 1506 qua:
1137 1437 1193 1492 in
1235 1438 1469 1492 aliorum
1501 1439 1792 1494 utilitatem
1826 1440 2056 1510 spargit,
2081 1448 2174 1495 aut

591 1543 714 1599 quae
746 1544 842 1598 per
867 1529 1173 1584 doctrinam
1203 1531 1422 1596 emittit,
1443 1531 1682 1587 fructum
1713 1548 1821 1588 non
1850 1533 2051 1588 ferunt.
2083 1531 2175 1588 Sic

591 1637 721 1692 ergo
745 1636 870 1676 cum
905 1621 1073 1675 David
1111 1624 1283 1676 multa
1318 1623 1469 1678 Sauli
1515 1625 1654 1680 bona
1688 1627 1952 1697 gigneret,
1974 1625 2173 1682 sterili-

592 1722 757 1770 tatem
791 1713 895 1784 ipsi
923 1711 1053 1767 Saul
1074 1713 1361 1778 inferebat,
1383 1731 1491 1770 non
1515 1716 1711 1788 dignos
1738 1716 1995 1774 emittens
2017 1733 2174 1790 spar-

592 1821 781 1862 sorum
815 1805 1090 1862 seminum
1124 1805 1364 1862 fructus.

661 1896 832 1954 Vens.
867 1898 953 1952 l3.
991 1897 1102 1969 Ego
1158 1909 1356 1965 autem,
1399 1916 1518 1953 cum
1554 1901 1681 1955 mihi
1727 1902 1935 1956 molesti
1977 1910 2170 1970 essent,
2204 1884 2245 1939 Β

590 1988 849 2042 induebar
878 1989 1073 2045 cilicio.
1109 1987 1178 2042 Et
1203 1990 1552 2044 humiliabam
1600 1993 1655 2046 in
1698 1992 1904 2063 jejunio
1933 1995 2169 2048 animant

591 2098 784 2144 meam,
815 2091 863 2135 et
887 2084 1060 2135 oratio
1087 2098 1202 2136 mea
1217 2083 1272 2136 in
1299 2085 1418 2136 sinu
1464 2099 1576 2137 meo
1621 2095 1964 2140 conuertetur.
1993 2085 2078 2140 Ad
2107 2102 2170 2142 ea

589 2188 711 2243 qua
763 2173 914 2243 prius
967 2175 1168 2228 tradita
1197 2182 1348 2236 sunt,
1401 2176 1696 2245 perpende,
1734 2192 1927 2247 .quaeso
1960 2218 1974 2242 ,
2041 2193 2169 2232 num

587 2263 705 2321 hazc
745 2281 990 2334 persona:
1047 2263 1345 2321 Salvatoris
1395 2267 1569 2321 nostri
1603 2269 1896 2324 convenire
1946 2279 2166 2340 queant,

589 2359 1015 2430 prOpheticeque
1068 2359 1137 2414 de
1182 2359 1302 2429 ipso
1349 2358 1713 2429 prmuuntiata
1763 2360 1984 2418 fuerint.
2035 2359 2171 2420 Vide

587 2450 755 2519 igitur
809 2464 940 2504 num
967 2464 1033 2504 eo
1064 2456 1226 2520 pacto
1258 2449 1549 2513 sententia,
1582 2449 1732 2502 nullo
1783 2449 1973 2514 obice,
2009 2451 2170 2520 plana

587 2540 803 2594 evadat.
865 2537 1115 2593 Salvator
1163 2538 1308 2594 enim
1364 2546 1548 2593 noster
1610 2533 1757 2592 Patri
1807 2553 1908 2596 suo
1953 2538 2166 2594 initium

588 2631 783 2703 psalmi
865 2631 1163 2686 secundum
1239 2629 1633 2684 humanitatem
1688 2629 1930 2696 dixerit,
1994 2649 2169 2702 usque

589 2723 660 2777 ad
691 2723 845 2788 illud,
877 2732 926 2777 et
975 2721 1226 2776 conclude
1254 2722 1506 2777 adversus
1547 2737 1635 2776 eos
1666 2722 1756 2792 qui
1786 2734 2169 2792 persequuntur

589 2827 672 2867 me
701 2829 719 2866 :
756 2813 810 2866 in
842 2813 1105 2868 vicesimo
1137 2813 1315 2882 primo
1339 2815 1466 2867 item
1497 2813 1731 2882 psalmo,
1761 2813 1852 2882 qui
1879 2815 2168 2885 perspicue

589 2904 659 2960 ab
688 2905 806 2974 ipso
830 2903 1124 2974 profertur,
1161 2903 1364 2958 dictum
1394 2911 1509 2959 est:
1544 2900 1610 2956 In
1637 2904 1963 2974 adjutorium
1997 2923 2168 2961 meum

589 2997 830 3059 intende;
870 2997 981 3052 imo
1005 3005 1058 3052 et
1088 2998 1143 3050 in
1173 2995 1484 3066 Evangeliis
1513 2997 1747 3051 orationi
1781 3013 2006 3054 vacasse
2036 3014 2167 3053 nar-

588 3097 762 3144 ratur.
799 3088 864 3143 Et
887 3103 1019 3145 sane
1041 3104 1161 3159 quae
1204 3089 1292 3144 hic
1325 3089 1527 3158 scripta
1561 3095 1709 3152 sunt,
1743 3099 1866 3159 post
1899 3100 2166 3161 patratum

590 3197 620 3238 a
646 3181 850 3238 Judaais
884 3183 942 3237 in
965 3198 1089 3238 eum
1124 3181 1338 3238 facinus
1361 3196 1526 3252 opere
1554 3181 1667 3251 ipse
1695 3184 2007 3253 complevit.
2043 3183 2168 3239 Fra-

2275 613 2369 665 καὶ
2401 611 2587 666 ἄλλοτε
2620 611 2810 676 ἄλλους
2852 612 3032 676 εἰκὸς,
3092 608 3462 680 κεχαρισμένα
3514 606 3591 677 τῷ
3646 603 3856 676 βασιλεῖ

2275 702 2614 772 πράττοντας
2633 742 2648 764 ,
2685 701 2856 754 πολλὰ
2888 703 3006 755 κατ’
3035 701 3200 754 αὑτοῦ
3229 699 3690 770 ψευδομαρτυρεῖν
3713 737 3729 762 ,
3757 696 3856 750 καὶ

2275 792 2311 846 ἃ
2345 794 2418 865 μὴ
2444 794 2736 862 ἐγίνωσκεν
2768 794 2900 865 μηδὲ
2925 795 3196 856 διενοεῖτο,
3232 792 3405 845 ταῦτα
3433 791 3553 846 κατ’
3575 790 3738 844 αὑτοῦ
3765 790 3858 843 λέ-

2278 901 2413 953 γειν.
2445 885 2518 939 Τὸ
2544 886 2610 950 δ’,
2649 885 3156 940 Ἀνταπεδίδοσάν
3170 904 3271 954 μοι
3300 885 3533 952 πονηρὰ
3557 884 3689 939 ἀντὶ
3712 883 3857 952 dra-

2276 977 2416 1043 θῶν,
2448 977 2668 1032 δύναται
2693 981 2772 1042 εἰς
2802 979 2961 1033 αὐτὸν
2985 978 3369 1049 ἀναφέρεσθαι.
3416 976 3631 1047 Ἐπειδὴ
3652 973 3856 1028 πολλά-

2276 1087 2365 1134 κις
2403 1066 2460 1124 εὖ
2491 1071 2677 1125 παθὼν
2711 1073 2815 1125 ὑπὸ
2839 1071 2932 1124 τοῦ
2963 1071 3124 1124 Δαυῖδ
3156 1075 3184 1124 6
3208 1069 3380 1123 Σαοὺλ
3403 1109 3417 1132 ,
3452 1071 3562 1130 τοῖς
3589 1067 3856 1130 ἐναντίοις

2276 1163 2436 1217 αὑτὸν
2463 1163 2723 1235 ἠμείϐετο
2743 1205 2757 1228 ,
2793 1163 2938 1217 δεινά
2970 1162 3111 1217 κατὰ
3132 1163 3232 1232 τῆς
3269 1161 3448 1232 ψυχῆς
3470 1158 3634 1213 αὐτοῦ
3672 1175 3855 1230 μηχα-

2276 1256 2515 1328 νώμενος
2539 1297 2552 1321 ,
2602 1259 2696 1311 καὶ
2754 1257 3006 1312 ἀτεκνίαν
3057 1254 3299 1327 ἐμποιῶν
3350 1256 3415 1324 τῇ
3468 1253 3612 1323 ψυχῇ
3663 1249 3855 1305 αὑτοῦ.

2289 1348 2536 1402 Ἀτεκνία
2568 1349 2623 1402 δὲ
2649 1349 2827 1420 ψυχῆς
2853 1351 2997 1401 ἐστιν
3015 1388 3029 1410 ,
3059 1349 3186 1400 ὅταν
3212 1347 3277 1398 τὰ
3311 1345 3510 1415 ἑαυτῆς
3542 1343 3852 1414 σπέρματα,

2274 1439 2311 1496 ἃ
2343 1441 2735 1496 καταϐάλλεται
2765 1441 2829 1494 δι’
2861 1439 3113 1494 εὐποιιῶν
3144 1441 3224 1503 είς
3271 1439 3490 1508 ἑτέρους
3514 1480 3527 1503 ,
3565 1436 3597 1508 ἢ
3639 1435 3734 1490 καὶ
3764 1436 3854 1490 διά

2274 1531 2622 1595 διδασκαλίας
2671 1531 2744 1602 μὴ
2793 1531 2947 1603 φέρει
2982 1521 3242 1602 καρπόν(
3284 1528 3440 1582 Οὕτω
3471 1525 3634 1596 γοῦν,
3683 1525 3854 1578 πολλὰ

2274 1624 2570 1692 γεννῶντος
2598 1623 2777 1693 ἀγαθὰ
2795 1621 2887 1676 τοῦ
2920 1622 3080 1676 Δαυῒδ
3107 1623 3187 1686 είς
3223 1621 3312 1674 τὸν
3345 1619 3515 1674 Σαοὺλ
3535 1659 3549 1680 ,
3599 1617 3854 1672 ἀτεκνίαν

2276 1716 2424 1788 αὐτῷ
2453 1718 2481 1770 ὁ
2507 1711 2676 1770 Σαοὺλ
2709 1716 2992 1788 εἰργάζετο
3016 1756 3030 1780 ,
3075 1714 3149 1786 μὴ
3176 1713 3358 1778 ἀξίους
3397 1712 3682 1784 προφέρων
3715 1728 3854 1784 καρ-

2277 1808 2412 1870 ποὺς
2438 1806 2548 1859 τῶν
2573 1807 2650 1868 εἰς
2673 1806 2835 1859 αὑτὸν
2865 1804 3242 1876 ὲσπαρμένων.

2357 1897 2496 1967 Ἐγὼ
2533 1896 2619 1958 δὲ,
2664 1897 2734 1950 ὲν
2773 1895 2852 1962 τῷ
2892 1895 3110 1960 αὐτοὺς
3143 1891 3540 1962 παρενοχλεῖν
3564 1909 3687 1962 μοι,
3718 1891 3850 1945 ἑνε-

2272 1989 2504 2059 δυόμην
2535 1987 2785 2050 σάκκον,
2827 1987 2924 2041 καί
2970 1986 3324 2040 ὲταπείνουν
3352 1985 3422 2037 ἐν
3447 1983 3697 2052 νηστείᾳ
3737 1982 3853 2051 τὴν

2271 2082 2483 2152 ψυχήν
2504 2100 2645 2151 μου,
2671 2081 2769 2135 καὶ
2797 2079 2833 2148 ἡ
2868 2078 3175 2148 προσευχή
3213 2097 3332 2148 μου
3371 2080 3459 2144 είς
3485 2078 3716 2131 κόλπον
3732 2093 3852 2146 μου

2270 2174 2820 2244 ἀποστραφήσεται.
2853 2171 2996 2244 Πρὸς
3027 2176 3137 2236 τοῖς
3167 2170 3502 2226 ἁποδοθεῖσιν
3536 2169 3850 2238 ἐπίσκεψαι,

2274 2269 2480 2337 μήποτε
2507 2265 2574 2319 τά
2605 2265 2934 2338 προκείμενα
2968 2259 3297 2335 ἐφαρμόζειν
3331 2261 3549 2316 δύναται
3577 2261 3655 2332 τῶ
3682 2277 3853 2333 προσ-

2269 2358 2402 2429 ώπῳ
2430 2359 2523 2412 τοῦ
2548 2359 2796 2430 Σωτῆρος
2823 2356 2999 2428 ἡμῶν,
3034 2355 3387 2430 προφητικῶς
3415 2355 3475 2420 ἐξ
3503 2353 3666 2408 αὑτοῦ
3699 2353 3852 2407 τεθε-

2271 2450 2562 2521 σπισμένα.
2592 2451 2732 2521 Ὅρα
2757 2450 2801 2504 δ’
2823 2445 2914 2502 οῦν
2949 2449 2996 2501 εί
3031 2447 3106 2519 μὴ
3151 2447 3244 2500 καὶ
3267 2445 3439 2510 οὕτως
3474 2442 3850 2516 ἐξομαλίζεται

2269 2542 2302 2614 ἡ
2343 2543 2551 2598 διάνοια
2595 2542 2714 2596 κατ’
2751 2539 2941 2594 οὐδένα
2987 2538 3188 2610 τρόπον
3221 2535 3638 2608 ἐμποδιζομένη.
3667 2535 3850 2587 Ἔστω

2268 2633 2376 2706 γὰρ
2403 2637 2430 2687 6
2451 2635 2641 2707 Σωτὴρ
2679 2634 2834 2705 ἡμῶν
2873 2632 3046 2703 λέγων
3085 2632 3224 2686 κατὰ
3252 2631 3311 2683 τὸ
3338 2626 3674 2700 ἀνθρώπινον
3710 2624 3850 2696 πρὸς

2266 2726 2357 2780 τὸν
2387 2726 2579 2780 ἑαυτοῦ
2609 2725 2828 2798 Πατέρα
2858 2725 2956 2796 τὴν
3001 2724 3176 2796 ἀρχὴν
3213 2721 3304 2777 τοῦ
3332 2719 3544 2792 ψαλμοῦ
3577 2718 3701 2781 ἕως,
3735 2714 3845 2770 Kal

2267 2819 2635 2888 σύγκλεισον
2661 2818 2730 2883 ἐξ
2760 2817 3039 2882 ἐναντίας
3079 2815 3195 2869 τῶν
3236 2807 3567 2868 διωκόντων
3599 2825 3708 2880 με·
3751 2805 3847 2861 καὶ⁸

2267 2912 2326 2963 ὲν
2355 2909 2582 2981 εἰκοστῷ
2625 2909 2682 2963 δὲ
2728 2910 2823 2963 καὶ
2852 2905 3056 2980 πρώτῳ
3101 2905 3319 2977 ψαλμῷ,
3351 2903 3534 2973 σαφῶς
3560 2901 3652 2956 ὑπ’
3681 2897 3847 2954 αὑτοῦ

2267 3001 2565 3073 λεγομένῳ,
2586 3001 2818 3072 εἴρηται·
2847 3003 2951 3067 Εἰς
2974 2994 3089 3067 τὴν
3101 2997 3396 3065 ,ϐοήθειάν
3414 3013 3532 3065 μου
3558 2994 3842 3062 πρόσχες·

2267 3091 2404 3147 ἀλλά
2435 3095 2527 3146 καὶ
2555 3095 2614 3146 ὲν
2640 3095 2752 3156 τοῖς
2788 3091 3139 3161 Εὑαγγελίοις
3169 3094 3236 3163 τῇ
3268 3091 3543 3163 προσευχῇ
3573 3087 3852 3158 σχολάζων

2272 3185 2586 3257 ἱστορεῖται.
2615 3185 2722 3239 Ναὶ
2756 3185 2862 3256 μὴν
2894 3183 2989 3238 καὶ
3033 3183 3097 3236 δι’
3127 3183 3301 3255 ἔργων
3333 3181 3570 3254 ἐπλήρου
3607 3181 3678 3234 τὰ
3713 3181 3850 3235 ἀνα-

591 3290 710 3330 mea
752 3275 954 3345 quippe
1001 3274 1277 3338 militaris,
1311 3274 1626 3343 bellumque
1654 3271 2025 3330 Romanorum
2058 3292 2168 3332 non

2271 3255 2632 3349 γεγραμμένα
2660 3275 2795 3346 μετὰ
2826 3275 2924 3348 τὴν
2954 3270 3072 3328 κατ⁴
3096 3274 3257 3329 αὑτοῦ
3285 3274 3392 3328 τῶν
3432 3269 3695 3327 Ἰουδαίων
3726 3272 3854 3326 τόλ-

590 3366 685 3421 diu
719 3374 928 3437 postea,
959 3382 1059 3421 nec
1083 3367 1202 3420 sine
1233 3364 1326 3419 Dei
1355 3364 1585 3434 judicio,
1612 3366 1830 3421 Institit.
1862 3365 1996 3421 Nam
2023 3367 2167 3426 Deus

593 3457 710 3528 ipse
742 3465 882 3523 erat,
919 3457 1014 3527 qui
1048 3473 1144 3528 per
1183 3456 1438 3512 hostilem
1479 3456 1777 3512 exercitum
1810 3459 1960 3530 ipsos
1991 3460 2171 3532 impuv

591 3550 814 3621 gnabat.
851 3550 906 3604 Id
944 3564 1039 3621 per
1091 3550 1408 3620 parabolam
1467 3550 1720 3606 Salvator
1768 3552 1882 3620 ipse
1927 3553 2170 3609 declarat

522 3629 527 3634 ’
592 3643 664 3698 iis
692 3643 787 3714 qui
814 3644 1156 3698 vocationem
1187 3642 1254 3695 ad
1284 3641 1504 3711 nuptias
1533 3651 1876 3713 respuerant,
1914 3642 2167 3697 nuntios-

591 3750 700 3806 que
739 3733 1158 3799 lnterfecerant;
1190 3733 1320 3787 dum
1351 3732 1448 3794 ait,
1490 3749 1673 3805 regem
1704 3735 1922 3791 misisse
1957 3737 2170 3790 exerci-

591 3834 683 3884 tus
736 3843 867 3884 suos
899 3834 954 3881 et
1004 3826 1280 3881 civitatem
1337 3840 1526 3880 eorum
1575 3827 1930 3882 succendisse
1963 3827 2027 3879 ".
2077 3828 2168 3882 Sic

594 3919 779 3988 itaque
807 3934 871 3974 ea
923 3933 1046 3988 quzn
1087 3916 1200 3984 jam
1233 3925 1534 3973 tractamus
1577 3919 1798 3990 impleta
1847 3929 1994 3975 sunt.
2029 3920 2167 3988 Quia

591 4013 736 4067 enim
764 4012 838 4067 illi
861 4027 984 4068 cum
1008 4009 1146 4066 Filio
1166 4010 1258 4067 Dei
1285 4011 1471 4082 inique
1490 4021 1736 4083 egerunt,
1754 4015 1992 4070 damnati
2017 4024 2166 4081 sunt,

592 4107 835 4177 ultioque
866 4107 1150 4178 sanguinis
1178 4105 1299 4175 ejus
1331 4115 1546 4176 sumpta
1601 4117 1706 4162 est.
1761 4109 1824 4163 Et
1871 4112 1997 4180 quia
2046 4126 2168 4166 sese

590 4197 798 4251 Christi
829 4196 1080 4250 inimicos
1117 4194 1484 4265 praebuerunt,
1522 4208 1552 4247 a
1597 4194 1705 4249 Deo
1746 4195 1866 4265 ipso
1914 4194 2168 4252 debellati

592 4297 742 4350 sunt,
783 4304 906 4342 cum
938 4287 1084 4353 telis,
1115 4287 1306 4356 clypeo
1344 4294 1398 4340 et
1446 4286 1672 4351 framea,
1728 4287 1991 4344 irruente.
2048 4287 2166 4344 Non

591 4380 808 4435 occulte
841 4379 984 4434 enim
1020 4379 1170 4448 ipsos
1203 4378 1386 4432 divina
1418 4377 1574 4443 ultio,
1623 4377 1717 4433 sed
1755 4393 1852 4448 per
1885 4366 2166 4434 hominum

589 4471 867 4526 exercitus
908 4469 1098 4523 adorta
1137 4476 1243 4524 est.
1275 4468 1458 4522 Mirari
1492 4483 1624 4524 sane
1655 4469 1822 4532 subit,
1858 4484 1966 4539 quo
2009 4455 2168 4540 pacto

588 4564 796 4619 dictum
824 4563 1018 4618 fuerit:
1049 4560 1274 4632 Effunde
1299 4560 1573 4632 frameam.
1598 4560 1716 4616 Non
1737 4563 1903 4628 enim,
1928 4572 1986 4617 ut
2012 4563 2162 4629 olim,

589 4669 654 4709 ex
705 4663 861 4723 parte
913 4653 1090 4708 solum
1135 4653 1277 4707 bello
1328 4653 1766 4718 incessebantur,
1819 4654 1913 4709 sed
1947 4653 2162 4712 hostilis

589 4743 798 4797 framea
846 4752 1034 4797 contra
1066 4742 1192 4797 illos
1225 4741 1394 4796 effusa
1423 4751 1542 4809 est;
1594 4753 1922 4814 quapmpter
1954 4743 2162 4799 dictum

587 4844 702 4892 est:
741 4834 980 4889 Pervenit
1007 4844 1180 4890 autem
1202 4836 1270 4888 ad
1296 4835 1416 4889 illos
1440 4837 1521 4890 ira
1550 4837 1602 4890 in
1625 4837 1778 4905 ﬁnem
1805 4837 1849 4868 ”
1871 4851 1884 4905 ;
1908 4845 1960 4892 et
1987 4837 2115 4902 alibi
2144 4856 2158 4892 :

592 4927 822 4996 Eﬂ'unde
844 4944 1000 4996 super
1029 4945 1115 4982 eos
1146 4928 1284 4980 iram
1334 4937 1478 4981 tuam
1513 4929 1578 4982 ’³.
1612 4927 1746 4994 Quis
1783 4944 1946 5000 porro
1978 4929 2161 4986 Histo-

590 5019 702 5074 rias
736 5017 906 5073 Flavii
953 5018 1174 5091 Iosephi
1210 5034 1556 5091 percurrens,
1589 5036 1888 5092 earumque
1935 5029 2160 5076 narratu

497 5100 510 5109 ”
589 5112 958 5182 comperiens,
989 5129 1096 5182 qua
1142 5113 1355 5167 ratione
1401 5111 1687 5168 obsidione
1716 5113 1984 5177 conclusi,
2020 5115 2162 5172 fame

590 5211 644 5259 et
671 5203 1031 5259 seditionibus
1075 5204 1392 5268 interibant,
1420 5218 1527 5258 non
1557 5219 1799 5274 prarsens
1826 5205 2030 5260 dictum
2065 5207 2163 5261 ad-

591 5296 847 5351 miretur:
886 5295 951 5349 Et
983 5294 1234 5349 conclude
1263 5294 1511 5349 adversus
1543 5312 1628 5350 eos
1659 5297 1747 5366 qui
1785 5308 2162 5368 persequuntur

589 5405 670 5442 me
691 5389 716 5441 ?
748 5387 879 5454 Qua:
914 5401 1040 5441 vero
1070 5393 1253 5456 postea
1283 5387 1716 5457 subsequuntur.
1749 5391 1924 5444 solum
1959 5389 2158 5445 Serva-

585 5488 761 5534 torem
813 5478 958 5533 Patri
1022 5493 1124 5534 suo
1173 5477 1472 5533 secundum
1532 5477 1920 5534 humanitatem
1975 5480 2158 5537 dicere

585 5569 840 5628 convenit
873 5587 886 5621 :
919 5567 1019 5622 Dic
1049 5567 1238 5621 anima:
1280 5583 1406 5620 mea:
1429 5582 1448 5620 :
1483 5564 1642 5622 Salus
1683 5577 1775 5620 tua
1803 5584 1893 5637 ego
1935 5585 2071 5629 sum,
2103 5575 2158 5622 et

585 5669 778 5716 caetera
809 5676 982 5730 usque
1012 5659 1076 5713 ad
1108 5657 1240 5713 illud
1267 5677 1281 5715 :
1308 5657 1605 5730 Etangelua
1635 5659 1844 5713 Domini
1881 5666 2154 5715 coarctans

657 5841 702 5872 "
741 5840 761 5895 l
795 5840 924 5914 lleg.
966 5857 1132 5909 mu,
1166 5842 1234 5898 19
1328 5841 1374 5875 ’⁸
1414 5840 1600 5897 Matth.
1636 5839 1780 5909 :"ul,
1822 5841 1869 5894 7.
1948 5840 2048 5890 "-l
2078 5839 2270 5896 Thess.
2309 5857 2377 5905 ιι,
2418 5844 2498 5896 l6.

2274 3385 2400 3440 μαν.
2449 3367 2718 3438 Ῥομφαία
2747 3367 2854 3438 γὰρ
2895 3365 3259 3439 στρατιωτικὴ
3306 3366 3400 3420 καὶ
3438 3364 3671 3436 πόλεμος
3713 3363 3854 3416 Ῥω-

2274 3461 2467 3532 μαϊκὸς
2514 3461 2614 3514 οὐκ
2663 3462 2740 3524 είς
2780 3461 2995 3532 μακρὰν
3029 3459 3290 3532 μετῆλθεν
3331 3461 3545 3523 αὐτοὺς,
3577 3457 3676 3512 οὐκ
3717 3457 3850 3512 ἄνευ

2268 3554 2366 3625 τῆς
2403 3553 2498 3607 τοῦ
2539 3548 2672 3606 Θεοῦ
2720 3552 2970 3626 κρίσεως.
3007 3553 3138 3617 Θεὸς
3170 3554 3277 3626 γὰρ
3306 3550 3373 3626 ἦν
3405 3553 3434 3607 ὁ
3463 3551 3712 3624 πολεμῶν
3745 3553 3852 3604 αὺ-

2268 3647 2395 3711 τοῦς
2421 3647 2508 3700 διὰ
2532 3641 2626 3700 τοῦ
2655 3646 2762 3700 τῶν
2790 3647 3061 3718 πολεμίων
3090 3647 3338 3720 στρατοῦ.
3366 3647 3535 3700 Τοῦτο
3560 3648 3652 3700 καὶ
3685 3644 3851 3710 αὐτὸς

2269 3737 2298 3788 6
2328 3735 2516 3807 Σωτὴρ
2537 3735 2623 3789 διὰ
2649 3736 2954 3808 παραϐολῆς
2982 3737 3276 3808 παρίστησι
3305 3740 3414 3800 τοῖς
3441 3735 3852 3809 παρῃτημένοις

2267 3829 2367 3900 τὴν
2392 3829 2580 3900 κλῆσιν
2600 3827 2691 3881 τοῦ
2718 3827 2916 3898 γάμου,
2952 3824 3045 3880 καὶ
3071 3828 3195 3890 τοὺς
3224 3827 3489 3899 κλήτορας
3515 3825 3806 3895 φονεύσασι
3831 3840 3845 3854 ο

2269 3919 2480 3989 πέμψαι
2510 3920 2687 3990 φήσας
2718 3920 2808 3972 τὸν
2839 3915 3061 3990 βασιλέα
3076 3918 3146 3971 τὰ
3163 3917 3525 3990 στρατιωτικὰ
3558 3915 3720 3969 αὑτοῦ
3750 3915 3851 3969 καὶ

2266 4013 2366 4085 τὴν
2415 4011 2568 4065 πόλιν
2623 4012 2802 4066 αὐτῶν
2848 4012 3148 4083 ἐμπρῆσαι.
3202 4010 3356 4064 Οῦτω
3411 4009 3586 4063 τοίνυν
3638 4008 3729 4062 καὶ
3776 4007 3848 4061 τὰ

2271 4103 2408 4174 μετὰ
2451 4105 2638 4173 χεῖρας
2682 4103 2998 4175 ἐπληροῦτο.
3043 4101 3257 4173 Ἐπειδὴ
3301 4101 3410 4173 γὰρ
3442 4097 3593 4155 αὐτοὶ
3626 4100 3848 4171 ἠδίκουν

2266 4195 2358 4248 τὸν
2391 4195 2519 4248 Υίὸν
2559 4194 2652 4248 τοῦ
2697 4195 2829 4250 Θεοῦ
2854 4237 2868 4260 ,
2908 4191 3289 4267 ὲδικάσθησαν,
3337 4193 3713 4265 ὲκδικουμένου
3748 4192 3845 4246 τοῦ

2267 4286 2495 4356 αἵματος
2537 4285 2720 4340 αὐτοῦ.
2752 4286 2862 4340 Καὶ
2903 4285 3089 4358 ἐπειδὴ
3116 4285 3405 4357 πολεμίους
3445 4285 3640 4347 αὐτοὺς
3681 4284 3847 4336 κατέ-

2269 4395 2470 4449 στησαν
2516 4376 2608 4430 τοῦ
2653 4378 2924 4448 Χριστοῦ,
2961 4378 3376 4449 ἐπολεμήθησαν
3424 4376 3527 4430 ὑπὸ
3568 4377 3660 4430 τοῦ
3704 4377 3844 4430 Θεοῦ

2271 4466 2618 4538 μετελθόντος
2647 4466 2796 4536 ὅπλῳ
2844 4467 2937 4520 καὶ
2971 4465 3148 4538 θυρεῷ
3187 4467 3280 4519 καὶ
3337 4463 3593 4537 ῥομφαίᾳ.
3627 4464 3700 4518 Οὐ
3733 4464 3846 4536 γὰρ

2268 4558 2490 4628 ἀφανῶς
2520 4559 2715 4622 αὐτοὺς
2742 4560 2776 4629 ἡ
2808 4556 2924 4610 θεία
2961 4557 3145 4629 μετῄει
3187 4556 3330 4628 δίκη,
3363 4555 3496 4610 ἀλλὰ
3535 4554 3624 4608 διὰ
3649 4555 3757 4608 τῶν
3783 4554 3847 4610 ὲν

2268 4652 2365 4707 ἀνθ
2376 4649 2574 4724 ρώποις
2595 4650 2884 4721 πολεμίων.
2915 4649 3202 4721 Θαυμάσαι
3224 4649 3270 4703 δ’
3292 4649 3434 4703 ἐστιν
3455 4650 3602 4712 ὅπως
3629 4649 3844 4720 εἴρηται

2270 4745 2361 4798 τόο
2411 4747 2666 4815 Ἔκχεον
2694 4743 3028 4813 ῥομφαίαν
3069 4741 3250 4796 οὐκέτι
3291 4741 3400 4814 γὰρ
3453 4742 3593 4806 κατὰ
3629 4741 3690 4794 τὸ
3738 4757 3845 4795 πα-

2268 4833 2416 4888 λαιὸν
2444 4833 2683 4906 μερικῶς
2709 4832 2902 4897 αὐτοὺς
2923 4836 2950 4886 6
2971 4831 3202 4904 πόλεμος
3225 4827 3442 4903 μετῄει·
3473 4831 3586 4885 ἀλλ’
3613 4830 3842 4902 ἐξεχύθη

2269 4929 2388 4981 κατ’
2417 4926 2594 4982 αὐτῶν
2625 4925 2892 4997 πολεμικὴ
2925 4925 3164 4997 ῥομφαία
3185 4942 3199 4955 ο
3225 4924 3305 4978 διὸ
3332 4922 3604 4978 λέλεκται·
3636 4925 3846 4992 ’Έςρθαρ

2269 5035 2342 5072 σε
2365 5017 2414 5072 6"
2440 5019 2531 5072 ἐπ’
2553 5016 2775 5084 αὐτοὺς
2804 5019 2842 5087 ἠ
2873 5017 3017 5087 ὀργὴ
3061 5019 3147 5083 εὶς
3185 5013 3385 5083 τέλοςο
3432 5016 3526 5070 καὶ
3567 5015 3799 5087 ἀλλαχοῦ
3824 5033 3839 5048 ο

2269 5112 2518 5180 Ἕκχεον
2547 5111 2638 5163 ἐπ’
2675 5108 2894 5175 αὐτοὺς
2931 5105 3045 5175 τὴν
3082 5109 3266 5177 ὀργήν
3303 5125 3437 5162 σου.
3476 5107 3571 5172 Τίς
3597 5109 3672 5170 δὲ,
3699 5107 3838 5160 διελ-

2265 5203 2372 5259 θὼν
2399 5205 2496 5269 τὰς
2529 5204 2757 5257 Φλαυίου
2799 5202 3102 5272 Ἰωσήππου
3147 5197 3428 5270 Ἱστορίας,
3467 5198 3653 5270 μαθών
3687 5217 3745 5252 τε
3780 5197 3841 5264 ἐξ

2261 5297 2438 5351 αὐτῶν
2479 5298 2657 5358 ὅπως,
2707 5295 2765 5346 ἐν
2818 5291 3165 5363 συγκλεισμῷ
3211 5289 3642 5361 ἀποληφθέντες,
3696 5287 3840 5359 λιμῷ

2262 5390 2356 5442 καὶ
2397 5389 2584 5442 στάσει
2627 5384 3014 5457 διεφθάρησαν,
3049 5384 3113 5436 οῦ
3142 5375 3410 5453 θαυμάσει
3459 5381 3555 5453 τὴν
3605 5379 3839 5434 ἐνταῦθα

2262 5479 2523 5546 λέγουσαν
2578 5479 2788 5547 φωνήν·
2848 5476 2959 5531 Καὶ
3012 5479 3381 5545 σύγκλεισον
3433 5473 3502 5538 ἐξ
3559 5472 3838 5537 ἐναντίας

2263 5565 2381 5622 τῶν
2410 5566 2890 5622 καταδιωκόντων
2918 5583 3028 5636 με;
3066 5565 3220 5637 Ἑξῆς
3252 5563 3308 5618 δὲ
3339 5567 3545 5625 τούτοις
3582 5561 3727 5632 μόνῳ
3759 5557 3839 5631 τῷ

2266 5658 2477 5730 Σωτῆρι
2509 5658 2708 5732 πρέπει
2738 5659 2803 5713 ἂν
2819 5658 2999 5728 λέγειν
3035 5659 3113 5730 τῷ
3156 5655 3346 5712 ἑαυτοῦ
3387 5654 3560 5727 Ila.th
3593 5652 3735 5709 κατὰ
3774 5649 3840 5708 τὸ

2579 5843 2622 5873 ¹⁶
2662 5839 2800 5896 Psal.
2841 5855 3038 5904 vam,
3071 5838 3164 5894 9.5.
