4122 6454
244 422 353 482 $05

1361 418 1862 476 COMMENTABIA
1900 419 1968 475 IN
2007 417 2344 478 PSALMOS.

3405 419 3510 477 306

240 539 613 613 ἀνθρώπινον·
651 536 845 594 Εἶπον
881 535 954 606 τῇ
984 538 1158 609 ψυχῇ
1198 555 1350 609 μουσ
1408 537 1676 606 Σωτηρία
1720 554 1819 592 σοι

1935 553 2044 592 eos.
2081 536 2208 593 Haec
2233 551 2396 608 porro
2426 543 2539 590 tum
2576 535 2960 605 implebantur,
2998 550 3120 592 cum
3152 551 3181 590 a
3221 536 3508 608 metropoli

235 634 351 706 ειμι
376 633 519 704 ἐγὼ,
547 632 642 686 καὶ
682 632 753 686 τά
791 630 939 702 ἑξῆς.
968 631 1074 694 ἕως
1115 631 1232 695 τοῦ,
1266 630 1376 685 Καὶ
1423 629 1677 701 ἅγγελος
1706 631 1827 683 Κυ-

228 723 366 793 ρίου
404 723 702 778 ἐκθλίσων
744 723 984 790 αὐτούς.
1033 724 1143 777 Καὶ
1184 722 1362 778 ταῦτα
1401 723 1458 776 δὲ
1503 721 1824 795 ἐπληροῦτο,

232 816 320 871 ἔτι
365 814 474 882 τῆς
520 815 614 886 μὲν
657 814 867 868 ἑαυτῶν
911 815 1299 888 μητροπόλεως
1346 815 1673 885 ἠλαύνοντο,
1717 817 1826 870 διε-

233 907 594 980 σκορπίζοντο
633 908 691 961 δὲ
729 910 810 972 είς
851 908 1026 962 πάντα
1064 909 1132 963 τὰ
1172 907 1322 981 ἔθνη.
1370 905 1504 963 Εἶτα
1541 908 1789 962 λέλεκται
1808 926 1822 940 ο

231 997 556 1065 Γενηθήτω
594 999 633 1066 ἠ
673 999 815 1066 όδὸς
852 999 1050 1054 αὐτῶν
1091 1001 1311 1066 σκότος
1352 1000 1452 1054 καὶ
1503 1000 1821 1068 ὀλίσθημα.

241 1085 390 1150 Ὁδὸς
423 1086 486 1140 δὲ
519 1086 699 1141 αὐτῶν
727 1087 793 1157 ἢν
825 1086 1024 1143 ὥδευον
1057 1087 1225 1144 πάλαι
1265 1091 1298 1162 ή
1341 1089 1627 1162 σωματικὴ
1660 1091 1823 1160 ἐτύγ-

227 1192 356 1246 χανε
413 1174 677 1248 λατρεία,
731 1177 851 1247 ἥτις
899 1179 1082 1243 αὐτοῖς
1136 1179 1325 1250 γέγονε
1365 1179 1555 1244 σκότος
1585 1181 1681 1234 καὶ
1716 1180 1824 1235 ὀλί-

229 1267 414 1339 σθημα
435 1283 451 1297 ·
507 1266 643 1322 ἀλλὰ
692 1270 804 1332 καὶ,
839 1270 1120 1340 Ἀγγελος
1158 1271 1382 1338 Kvplov
1441 1270 1826 1328 καταδιώκων

225 1358 474 1422 αὐτούς.
520 1357 708 1412 Ταῦτα
751 1358 848 1429 μὲν
891 1354 984 1412 οὖν
1030 1358 1322 1431 τάπίχειρα
1367 1353 1443 1414 ὧν
1488 1362 1608 1414 κατ’
1655 1361 1821 1416 αὐτοῦ

224 1447 651 1520 τετολμήκασιν.
695 1450 924 1523 Ἀκούσῃ
970 1451 1028 1504 δὲ
1077 1452 1184 1505 τῶν
1229 1453 1561 1524 εἰρημένων,
1605 1456 1703 1526 οὺχ
1746 1456 1822 1520 ὠς

222 1541 314 1594 τοῦ
339 1542 604 1615 Σωτῆρος
632 1530 1032 1615 κατευχομένου
1075 1543 1184 1598 τῶν
1233 1545 1426 1599 ἑαυτοῦ
1472 1546 1684 1618 ἐχθρῶν
1724 1549 1819 1602 τοῦ

222 1636 331 1698 τοῖς
365 1634 576 1698 ἑαυτοῦ.
601 1635 868 1707 μαθηταῖς
901 1638 1366 1710 παρηγγελκότος,
1397 1641 1821 1710 Προσεύχεσθε

223 1726 371 1794 ὑπὲρ
403 1725 531 1779 τῶν
557 1727 999 1795 ἐπηρεαζὶἱντων
1031 1730 1127 1784 καὶ
1161 1729 1532 1785 ἀδικούντων
1554 1734 1779 1800 αὐτούς
1800 1751 1814 1766 ο

220 1816 354 1870 ἀλλὰ
385 1818 504 1890 γὰρ
533 1819 736 1874 τούτων
768 1821 932 1875 ἄκουε
986 1822 1062 1886 ὡς
1101 1823 1457 1896 προφητικῶς
1488 1826 1814 1898 εἰρημένων,

221 1909 310 1962 καὶ
335 1907 408 1963 τὰ
441 1909 708 1980 μέλλοντα
731 1911 915 1976 αὐτοῖς
949 1911 1326 1985 συμϐήσεσθαι
1361 1919 1820 1987 προαναφωνούν-
1849 1898 1892 1952 Β

1932 645 2038 685 sua
2064 630 2227 699 pulsi,
2261 630 2316 684 in
2346 644 2539 684 omnes
2573 636 2761 697 gentes
2791 627 3264 700 dispergebantur.
3297 628 3507 686 Deinde

1934 723 2144 779 dictum
2177 731 2262 780 est
2305 744 2318 778 :
2353 721 2515 776 Fiant
2545 722 2640 782 cia:
2674 722 2887 776 illorum
2917 720 3136 776 tenebrae
3153 731 3202 776 et
3225 719 3531 790 lubricum._

1939 815 2038 871 Via
2061 832 2169 888 qua
2205 815 2531 872 incedebant
2565 822 2683 869 erat
2721 816 3023 885 corporalis
3053 816 3142 870 ille
3166 817 3368 880 cultus,
3410 817 3530 887 qui.

1930 910 2072 980 ipsis
2104 908 2342 964 tenebrat
2371 916 2424 962 et
2457 908 2723 962 lubricum
2756 907 2889 973 fuit;
2915 907 3024 962 imo
3057 909 3241 972 etiam,
3274 909 3506 979 Angelus

1933 1002 2145 1060 Domini
2171 1016 2480 1071 persequens
2508 1015 2615 1054 eos.
2647 999 2771 1054 Haec
2801 1015 3025 1054 suorum
3059 999 3321 1054 adversus
3345 999 3506 1055 Chri-

1929 1103 2074 1150 stum
2117 1093 2424 1152 facinorum
2456 1094 2675 1164 praemia
2702 1093 2874 1150 fuere.
2910 1092 3176 1146 (laterum
3206 1107 3326 1162 quae
3360 1091 3504 1146 dit-la

1930 1197 2058 1245 sunt
2089 1203 2198 1244 non
2243 1189 2318 1243 ita
2346 1189 2586 1260 accipias
2616 1189 2797 1252 velim,
2827 1187 2984 1258 quasi
3017 1187 3269 1240 Salvator
3297 1186 3363 1240 de
3394 1186 3504 1240 ini-

1928 1282 2193 1335 micorum
2223 1278 2466 1348 pernicie
2491 1279 2774 1348 glorietur,
2800 1277 2892 1348 qui
2917 1276 3199 1347 discipulis
3222 1278 3337 1331 suis
3367 1293 3504 1347 pra:-

1927 1371 2093 1440 cepit,
2128 1369 2290 1425 Orate
2320 1385 2414 1439 pro
2442 1370 2509 1423 iis
2536 1369 2626 1438 qui
2657 1367 2948 1423 molestiam
2979 1379 3028 1421 et
3060 1368 3314 1437 injuriam
3353 1367 3502 1420 vobis

1929 1460 2165 1530 inferunt
2196 1462 2239 1493 ⁸⁷
2279 1479 2290 1514 :
2325 1460 2418 1516 sed
2449 1460 2567 1514 haec
2591 1467 2652 1515 ut
2682 1460 2996 1530 prophetice
3021 1460 3164 1514 dicta
3209 1468 3264 1514 et
3293 1459 3505 1513 futura-

1927 1570 2048 1607 rum
2101 1569 2289 1608 eorum
2357 1553 2727 1608 calamitatum
2781 1551 3086 1621 prmnuntia
3153 1551 3504 1622 intelligenda

1926 1653 2074 1700 sunit.
2120 1645 2253 1712 Qua:
2303 1661 2469 1700 causa
2519 1660 2683 1716 porro
2714 1644 2877 1698 fuerit
2915 1659 3015 1698 cur
3043 1659 3105 1698 ea
3155 1643 3502 1704 vaticinetur,

1925 1738 2190 1808 deinceps
2221 1739 2396 1809 aperit
2422 1738 2511 1793 bis
2539 1737 2721 1792 verbis
2755 1756 2767 1791 :
2799 1737 3064 1804 Quoniam
3094 1737 3261 1807 gratis
3286 1734 3504 1789 abscon-

1925 1830 2115 1884 derunt
2155 1830 2284 1883 mihi
2323 1830 2592 1883 interitum
2627 1829 2801 1899 laquei
2837 1828 2942 1893 sui,
2974 1843 3288 1897 supervacue
3311 1842 3502 1896 capre-

1922 1921 2206 1978 braverunt
2237 1923 2472 1976 animam
2505 1925 2718 1975 meam.‘

217 2022 350 2072 tow.
389 2005 584 2061 Ταῦτα
629 2007 687 2060 δὲ
737 2009 919 2073 αὐτοῖς
967 2009 1183 2065 ἔσεσθαι
1238 2011 1481 2077 θεσπίζει
1523 2014 1612 2068 διὰ
1652 2017 1813 2070 ποίαν
1851 2019 2050 2082 αἰτίαν,
2080 2019 2205 2090 ἑξῆς
2231 2019 2470 2073 διδάσκει
2511 2017 2718 2088 λέγων·
2785 2017 2913 2071 ’Ὀτι
2948 2015 3175 2084 δωρεὰν
3228 2013 3506 2082 ἕκρυψάν

218 2115 312 2153 uos
339 2099 681 2170 διαφθορὰν
713 2104 964 2176 παγίδος
996 2105 1216 2171 αὐτῶν,
1260 2107 1462 2178 μάτην
1495 2110 1816 2166 ώνείδισαν
1853 2116 1967 2185 τὴν
1993 2117 2206 2186 ψυχήν
2228 2135 2367 2186 μου.

286 2197 400 2250 Καὶ
445 2198 622 2252 ταῦτα
671 2201 771 2272 μὲν
805 2201 934 2273 περὶ
965 2201 1058 2255 τοῦ
1094 2203 1332 2276 πλήθους
1357 2205 1466 2260 τῶν
1497 2208 1619 2260 κατ’
1647 2208 1814 2262 αὑτοῦ

219 2288 627 2384 συνελθόντων·
665 2291 735 2345 τά
783 2293 839 2346 δὲ
879 2294 1007 2364 ἑξῆς
1035 2296 1217 2350 οὐκέτι
1254 2297 1383 2368 περὶ
1423 2298 1651 2364 πολλῶν,
1688 2300 1816 2373 περὶ

215 2380 257 2434 δ’
273 2380 413 2446 ’ἑνὸς
441 2381 766 2456 λελεγμένα,
793 2385 1015 2440 δύναται
1048 2389 1545 2462 προσαγορεύεσθαι
1563 2395 1690 2465 περὶ
1719 2393 1814 2446 τοῦ

227 2473 422 2541 Ἰούδα,
463 2476 543 2540 ὃς,
581 2477 838 2550 κρύπτων
883 2478 982 2551 τὴν
1027 2481 1148 2534 κατ’
1177 2481 1342 2536 αὐτοῦ
1396 2485 1687 2557 συσκευὴν,
1729 2505 1816 2557 ιρι-

216 2565 331 2620 λίαν
362 2585 434 2621 τε
475 2568 1040 2643 καθυποκρινόμενος,
1091 2573 1355 2644 φιλήματι
1397 2576 1682 2649 παρεδίδου
1724 2579 1816 2633 τὸν

215 2659 577 2716 Διδάσκαλον.
610 2663 701 2716 Διὸ
743 2663 871 2736 περὶ
913 2663 1077 2718 αὑτοῦ
1123 2665 1269 2735 λέγοι
1313 2667 1382 2721 ἂν
1429 2669 1524 2732 τὸ,
1564 2671 1816 2725 Ἐλθέτω

213 2753 372 2820 αὐτῴ
399 2753 702 2824 παγίς-,ἣν
727 2757 800 2811 οὐ
827 2756 1123 2828 γινώσκει,
1157 2758 1256 2813 καί
1290 2761 1328 2829 ἠ
1358 2761 1511 2829 θήρα
1539 2761 1618 2829 ἣν
1647 2762 1818 2830 ἔκρυ-

215 2845 294 2912 ψε
323 2844 690 2900 συμαόἐτω
719 2847 926 2912 αὐτὸν,
964 2848 1062 2902 καί
1094 2849 1165 2902 ἐν
1191 2847 1265 2918 τῇ
1303 2851 1506 2921 παγίδι
1546 2852 1815 2910 πεσεῖται

218 2936 285 2991 ἐν
307 2938 495 3007 αὐτῇ.
527 2940 638 3005 Καὶ
667 2939 840 2994 ταῦτα
875 2941 973 3012 μὲν
1003 2944 1132 3015 περὶ
1161 2944 1385 2997 τούτων.

285 3025 362 3084 Εὖ
405 3031 469 3085 δὲ
514 3030 669 3095 εἰδὼς
713 3034 793 3097 είς
829 3027 939 3086 οἷον
981 3034 1184 3104 ἀγαθὸν
1221 3036 1374 3101 τέλος
1414 3039 1447 3109 ἡ
1483 3038 1617 3092 κατ’
1648 3037 1814 3093 αὑτοῦ

223 3126 640 3196 παραστήσεται
681 3124 974 3198 ἐπιϐουλὴ,
1025 3129 1120 3182 καὶ
1168 3127 1326 3182 τοῦτο
1375 3129 1673 3202 παρίστησι
1723 3130 1812 3184 λέ-

221 3234 362 3284 γων·
413 3219 480 3273 Ἠ
511 3217 580 3272 δὲ
604 3218 776 3288 ψυχή
797 3237 917 3289 μου
959 3221 1390 3291 simulaverat
1433 3221 1532 3275 ἐπὶ
1571 3221 1653 3288 τῷ
1694 3226 1814 3277 Κυ-

216 3311 342 3386 ρίῳ,
381 3312 784 3382 τερφθήσεται
819 3312 899 3379 τῷ
937 3313 1208 3382 σωτηρίῳ
1247 3315 1454 3369 αὐτοῦ.
1503 3313 1708 3369 Πάντα
1741 3315 1816 3371 τὰ

224 3403 372 3460 ὀστᾶ
396 3421 524 3476 μου
556 3405 790 3474 ἐροῦσι·
827 3407 1024 3474 Κύριε,
1057 3407 1150 3472 τίς
1185 3405 1386 3475 ὅμοιός
1425 3421 1524 3461 σοι
1544 3422 1563 3469 ;
1598 3407 1816 3476 ῥυόμε-

1989 2211 2057 2268 Ει
2087 2214 2200 2268 hzec
2227 2212 2446 2283 quidem
2481 2212 2549 2266 de
2572 2210 2925 2265 multitudine
2954 2217 3145 2263 contra
3173 2223 3298 2262 cum
3333 2207 3503 2261 colle-

1919 2311 2040 2368 cta;
2071 2319 2191 2374 quae
2236 2311 2543 2373 sequuntur
2573 2311 2778 2364 autem,
2821 2317 2933 2356 non
2962 2300 3029 2356 dc
3064 2300 3272 2359 multis.
3305 2298 3400 2354 sed
3433 2298 3506 2354 de

1919 2407 2029 2450 uno
2069 2395 2245 2450 solum
2283 2393 2448 2456 dicta.
2481 2395 2548 2450 de
2579 2393 2719 2448 Juda
2765 2400 3133 2465 congruenter
3172 2393 3382 2462 prolata
3420 2391 3505 2445 in-

1919 2487 2256 2556 telligantur,
2326 2487 2417 2557 qui
2483 2486 2945 2558 conspirationem
3023 2484 3288 2541 adversus
3347 2484 3502 2540 illum

1919 2577 2210 2632 conﬂatam
2243 2579 2526 2634 occultans
2562 2579 2970 2649 amicitiamque
2998 2578 3286 2644 simulans,
3309 2576 3502 2631 osculo

1919 2668 2239 2740 Magistrum
2273 2670 2516 2726 tradidit.
2569 2671 2751 2738 Quare
2781 2671 2850 2726 dc
2901 2670 2994 2725 illo
3024 2670 3223 2725 dixerit
3257 2688 3271 2724 ι
3316 2667 3501 2723 Veniat

1919 2763 2002 2818 illi
2045 2762 2263 2833 laqueus
2291 2780 2440 2832 quem
2477 2764 2707 2836 ignorat,
2731 2773 2782 2818 et
2814 2762 2992 2832 captio
3029 2778 3188 2833 quam
3223 2760 3502 2815 abscondit

1919 2854 2274 2924 apprehendat
2329 2873 2470 2918 eum,
2533 2865 2582 2910 et
2632 2857 2687 2910 in
2737 2855 2984 2927 laqueum
3016 2856 3173 2911 cadat
3211 2857 3266 2910 in
3304 2857 3496 2926 ipsum.

1921 2946 2046 3009 Haec
2075 2948 2294 3018 quidem
2323 2948 2410 3004 bis
2440 2949 2507 3004 de
2539 2948 2706 3004 rebus
2740 2949 2887 3003 dicta
2925 2947 3148 3006 fuerint.

1987 3037 2124 3091 Cum
2150 3039 2316 3107 probe
2345 3045 2555 3100 nossct,
2585 3053 2748 3107 quam
2779 3039 2958 3093 bonus
3009 3039 3335 3093 insidiarum
3393 3039 3501 3102 sibi

1920 3138 2231 3200 paratarum
2276 3130 2456 3186 exitus
2501 3129 2720 3184 futurus
2755 3135 2924 3192 esset,
2971 3129 3026 3183 id
3061 3146 3282 3200 quoque
3317 3131 3502 3186 decla-

1919 3231 2007 3275 rat
2033 3221 2120 3279 bis
2144 3221 2326 3278 verbis
2359 3239 2373 3276 :
2407 3221 2601 3275 Anima
2639 3231 2815 3276 autem
2842 3239 2958 3277 mea
2977 3223 3277 3277 exsultabit
3307 3225 3362 3276 in
3392 3223 3502 3278 Do-

1919 3313 2083 3379 mino,
2124 3312 2474 3368 delectabitur
2512 3328 2667 3381 super
2695 3311 2928 3374 salutari
2971 3329 3089 3367 suo.
3144 3311 3340 3368 Omnia
3379 3331 3502 3367 ossa

1920 3424 2036 3462 mea
2068 3407 2239 3462 dicent
2297 3422 2316 3462 :
2362 3406 2606 3472 Domine,
2644 3407 2760 3480 quis
2814 3406 3008 3460 similis
3058 3405 3200 3463 tibi?
3253 3406 3495 3476 Eripiens

221 3513 326 3564 νος
365 3500 614 3568 πτωχὸν
651 3499 769 3554 ἀπὸ
814 3498 934 3554 τῶν
978 3498 1418 3568 διαρπαζόντων
1465 3502 1673 3555 αὐτόν.
1721 3501 1812 3554 Ἐν

1922 3515 2131 3571 egenum
2178 3517 2212 3554 a
2253 3496 2622 3568 diripientibus
2664 3497 2838 3552 illum.
2891 3496 2951 3552 In
2996 3500 3208 3568 psalmo
3250 3515 3362 3562 xxi,
3406 3501 3501 3571 qui

225 3587 323 3658 μὲν
349 3585 450 3644 οὖν
480 3589 558 3662 τῷ
586 3597 670 3644 κα¹
698 3590 918 3662 ψαλμῷ,
953 3590 1142 3661 σαφῶς
1174 3592 1238 3645 ὲκ
1263 3589 1554 3663 προσώπου
1582 3590 1678 3644 τοῦ
1709 3591 1814 3646 Σω-

221 3678 388 3751 τῆρος
437 3679 769 3753 λελεγμένῳ,
817 3680 1035 3752 εἴρητο·
1078 3680 1234 3734 Ὠσεί
1286 3680 1441 3748 ὕδωρ
1493 3680 1810 3750 ἐξεχύθην,

224 3772 318 3825 καί
351 3772 789 3843 διεσκορπίσθη
831 3772 1027 3828 πάντα
1075 3773 1147 3828 τὰ
1171 3770 1323 3828 ὀστᾶ
1344 3791 1464 3843 μου
1483 3791 1503 3813 ”-
1525 3773 1619 3828 τοῦ
1653 3773 1812 3843 λόγου

228 3863 582 3933 σημαίνοντος
625 3864 734 3918 τῶν
788 3865 1101 3919 ἀποστόλων
1149 3864 1313 3918 αὑτοῦ
1358 3865 1448 3918 τὸν
1497 3865 1815 3938 διασκορπι-

226 3955 358 4025 σμὸν
392 3956 493 4010 καὶ
519 3956 616 4029 τὴν
659 3957 856 4032 φυγὴν,
891 3958 958 4029 ἢν
990 3958 1288 4029 ὑπέμειναν
1326 3957 1466 4013 κατὰ
1503 3957 1594 4011 τὸν
1625 3959 1814 4028 καιρὸν

225 4046 316 4100 τοῦ
349 4048 562 4113 πάθους
598 4049 760 4104 αὑτοῦ
783 4089 797 4114 ,
842 4051 930 4105 δτε
969 4049 1272 4123 ἐπληροῦτο
1308 4051 1399 4104 τό·
1430 4048 1679 4115 Πατάξω
1708 4050 1815 4104 τὸν

226 4141 499 4210 ποιμένα,
532 4143 632 4196 καὶ
662 4142 1278 4213 διασκορπισθήσεται
1307 4141 1381 4198 τὰ
1413 4144 1674 4212 πρόϐατα
1703 4141 1816 4211 τῆς

227 4233 505 4302 ποίμνης.
545 4235 709 4288 Ὀστᾶ
756 4234 866 4306 γὰρ
908 4230 1048 4306 ἦσαν
1091 4234 1187 4288 τοῦ
1250 4232 1498 4306 σώματος
1553 4235 1718 4289 αὑτοῦ
1763 4237 1813 4289 οἱ

228 4324 435 4395 ¹ιερῶτοι
461 4326 626 4380 αὐτοῦ
663 4327 924 4400 μαθηταὶ,
959 4329 1008 4382 οἳ
1042 4329 1163 4382 τότε
1192 4330 1290 4400 μὲν
1319 4328 1816 4403 διεσκορπίσθησαν

229 4418 708 4484 σκανδαλισθέντες
734 4422 822 4474 ἐπ’
851 4420 1020 4492 αὐτῷ,
1044 4420 1232 4494 ὥσπερ
1259 4419 1354 4476 οὖν
1383 4422 1478 4484 καὶ
1506 4421 1669 4486 αὐτὸς
1695 4421 1817 4493 ἐδή-

227 4507 314 4564 λου
343 4510 524 4581 λέγων
542 4529 557 4542 ·
605 4511 838 4580 Πάντες
883 4512 1052 4582 ὑμεῖς
1102 4513 1710 4582 σκανδαλισθήσεσθε
1747 4515 1817 4568 ἐν

227 4602 352 4672 ἐμοὶ
381 4604 451 4658 ἐν
476 4603 553 4674 τῇ
580 4606 754 4660 νυκτὶ
794 4609 1005 4677 ταύτῃ.
1065 4606 1220 4662 Μετὰ
1263 4606 1322 4660 δὲ
1358 4608 1458 4679 τὴν
1499 4607 1814 4671 ἀνάστασιν,

231 4697 551 4771 θεασάμενοι
584 4701 765 4764 αὑτὸν,
795 4700 1192 4774 ἐπληρώθησαν
1231 4702 1406 4772 χαρᾶς
1432 4700 1525 4754 xal.
1555 4701 1816 4770 ἀγαλλιά-

233 4806 388 4855 σεως.
424 4792 535 4844 Καὶ
566 4794 625 4844 ὲν
654 4795 767 4856 τοῖς
807 4794 944 4865 μετὰ
988 4797 1177 4864 χεῖρας
1221 4792 1278 4846 δὲ
1323 4793 1451 4864 περὶ
1490 4792 1596 4846 τῶν
1635 4793 1817 4846 αὐτῶν

231 4879 495 4936 λέλεκταιο
532 4882 735 4937 Πάντα
769 4882 842 4938 τὰ
883 4884 1036 4939 ὀστᾶ
1075 4903 1195 4954 μου
1228 4885 1464 4954 ἐροῦσι’
1499 4885 1695 4952 Κύριε,
1729 4885 1820 4951 τίς

233 4975 430 5043 ὅμοιός
456 4991 588 5040 σοι;
623 4976 832 5048 Σφόδρα
862 4977 919 5030 δὲ
955 4976 1265 5048 κατάλληλα
1307 4976 1387 5048 τῷ
1423 4975 1516 5030 τοῦ
1567 4977 1820 5048 Σωτῆρος

234 5070 386 5141 ἡμῶν
415 5070 694 5144 προσώπῳ
727 5072 821 5125 καὶ
848 5071 916 5125 τὰ
955 5072 1165 5135 τούτοις
1193 5073 1513 5142 συνημμένα
1539 5070 1818 5140 τυγχάνει,

234 5161 298 5215 δι’
341 5157 416 5218 ὧν
467 5163 718 5236 εἴρηται·
763 5163 1162 5231 Ἀναστάντες
1203 5162 1501 5234 μάρτιιοες
1547 5163 1737 5218 ἄδικοι
1780 5163 1820 5217 ἃ

235 5255 341 5309 οὐκ
383 5256 717 5326 ἐγίνωσκον
755 5255 996 5325 ἠρώτων
1041 5274 1137 5327 με.
1177 5254 1688 5310 ’Λνταπεδίδοσάν
1716 5272 1820 5324 μοι

238 5349 463 5418 πονηρὰ
492 5349 624 5404 ἀντὶ
650 5348 908 5419 ἀγαθῶν,
931 5350 1028 5403 καὶ
1051 5351 1336 5404 ἀτεκνίαν
1367 5348 1444 5418 τῇ
1475 5345 1648 5418 ψυχῇ
1676 5366 1814 5418 μου.

239 5439 453 5508 Τούτοις
479 5444 642 5515 ὃμοια
681 5444 774 5496 καὶ
819 5445 877 5496 ὲν
915 5448 997 5515 ρη’
1033 5441 1230 5513 ψαλμῷ
1268 5443 1518 5514 εὑρήσεις
1543 5442 1602 5494 ὲν
1627 5435 1708 5505 οἷς
1737 5441 1818 5493 εἴ-

244 5546 424 5602 ρηται·
478 5535 588 5590 Καὶ
641 5532 1029 5604 ἐπολέμησαν
1079 5550 1155 5603 με
1205 5533 1463 5601 δωρεάν⁶
1525 5533 1658 5587 ἀντὶ
1710 5532 1819 5587 τοῦ

241 5622 471 5695 ἀγαπᾷν
503 5645 582 5697 με
611 5625 1002 5680 ἐνδιέϐαλλόν
1021 5643 1097 5695 με
1115 5643 1128 5656 ’
1160 5625 1260 5680 καί
1288 5627 1492 5690 ἔθεντο
1522 5626 1648 5678 κατ’
1670 5623 1818 5694 ἐμοῦ

243 5718 389 5772 κακὰ
432 5719 566 5774 ἀντὶ
615 5717 870 5789 ἀγαθῶν,
902 5718 999 5770 καὶ
1032 5715 1214 5786 μῖσος
1261 5717 1395 5770 ἀντὶ
1448 5714 1557 5782 τῆς
1587 5714 1818 5786 drmit}-

310 5898 351 5944 ‘~’
392 5898 522 5960 Luc.
560 5900 768 5966 vt,28.
853 5897 1054 5955 "l‘sal.
1093 5915 1205 5962 ut,
1249 5899 1332 5955 i5.

1918 3599 2106 3662 aperte
2133 3607 2202 3646 ex
2238 3605 2473 3662 persona
2507 3590 2810 3648 Salvatoris
2856 3592 3246 3662 pronuntiatus
3279 3601 3383 3656 est,
3422 3595 3503 3648 sic

1917 3681 2150 3735 habetur
2178 3699 2190 3736 :
2225 3680 2374 3736 Sicut
2416 3697 2557 3750 aqua
2589 3681 2788 3751 effusus
2837 3696 2977 3742 sum,
3024 3689 3073 3736 et
3105 3679 3346 3749 dispersa
3378 3690 3504 3735 sunt

1918 3773 2097 3829 omnia
2131 3789 2255 3828 ossa
2285 3791 2399 3828 mea
2436 3777 2501 3830 “.
2537 3775 2742 3844 Hisque
2792 3772 3067 3844 signiﬁcat
3126 3774 3525 3843 apostolorum.

1917 3865 2038 3934 ejus
2065 3863 2488 3934 dispersioncm,
2511 3874 2564 3922 et
2595 3865 2778 3936 fugam
2806 3880 2926 3935 qua:
2951 3873 3196 3935 tempore
3228 3867 3502 3935 passionis

1917 3957 2038 4027 ejus
2063 3957 2282 4021 accidit,
2309 3958 2529 4028 quando
2556 3958 2836 4029 impletum
2867 3955 2967 4010 fuit
2995 3956 3126 4010 illud
3155 3976 3169 4011 :
3199 3956 3502 4010 Percutiam

1920 4059 2210 4118 pastorem,
2239 4061 2289 4104 et
2315 4050 2685 4122 dispergentur
2715 4065 2831 4104 oves
2863 4049 3034 4118 gregis
3069 4049 3135 4104 ’³.
3167 4048 3301 4102 Nam
3340 4049 3502 4120 primi

1918 4142 2040 4211 ejus
2070 4141 2346 4212 discipuli,
2373 4158 2500 4198 ossa
2529 4143 2779 4212 corporis
2819 4141 2994 4210 ipsius
3019 4147 3197 4205 erant,
3249 4142 3340 4211 qui
3371 4148 3503 4197 tunc

1919 4235 2155 4305 dispersi
2182 4248 2312 4290 sunt
2348 4235 2669 4291 scandalum
2698 4233 2845 4304 passi
2875 4234 2929 4288 in
2961 4233 3114 4303 ipso;
3147 4231 3498 4303 quemadmo-

1923 4327 2053 4382 dum
2086 4327 2204 4398 ipse
2227 4326 2533 4383 declaravit
2561 4328 2665 4383 hoc
2693 4326 2856 4382 modo
2890 4346 2903 4382 :
2944 4325 3137 4381 Omnes
3169 4342 3256 4380 vos
3281 4323 3506 4379 scanda-

1925 4421 2035 4476 lum
2060 4422 2336 4492 patiemini
2367 4423 2420 4482 in
2446 4438 2526 4476 me
2565 4422 2671 4475 ista
2705 4430 2854 4475 nocte
2881 4421 2946 4475 ³ο.
2981 4418 3111 4475 Post
3139 4419 3501 4475 resurrectio-

1920 4530 2047 4571 nem
2092 4530 2249 4579 vero,
2294 4515 2386 4570 ubi
2437 4515 2616 4586 ipsum
2665 4521 3097 4584 conspexerunt,
3133 4509 3323 4582 repleti
3373 4522 3504 4567 sunt

1923 4607 2122 4677 gaudio
2155 4618 2206 4664 et
2227 4608 2612 4666 exsultatione.
2646 4605 2704 4660 ln
2733 4607 2819 4663 bis
2850 4607 2978 4661 item
3005 4621 3125 4676 qua:
3150 4607 3262 4674 jam
3298 4604 3505 4672 agitan-

1924 4709 2014 4754 tur
2039 4701 2107 4755 de
2133 4701 2474 4756 illisdictum
2500 4711 2584 4757 est
2614 4720 2626 4755 :
2658 4700 2851 4755 Omnia
2883 4717 3005 4755 ossa
3029 4715 3143 4754 mea
3171 4697 3368 4759 dicent,
3396 4695 3506 4749 Do-

1926 4793 2087 4854 mine,
2116 4793 2232 4862 quis
2266 4794 2456 4847 similis
2488 4792 2584 4847 tibi
2607 4794 2632 4848 ?
2660 4791 2792 4858 Quae
2824 4791 2892 4846 iis
2925 4805 3086 4860 porro
3109 4788 3502 4858 subjiciuntur,

1925 4898 2175 4954 persona:
2211 4881 2514 4939 Salvatoris
2573 4883 2750 4939 nostri
2796 4881 3087 4937 admodum
3146 4879 3506 4949 congruentia

1924 4984 2075 5042 sunt,
2101 4991 2222 5046 quae
2270 4975 2352 5031 sic
2385 4976 2586 5031 habent
2632 4996 2646 5031 :
2679 4977 2962 5046 Surgentes
2995 4983 3149 5030 testes
3185 4971 3354 5040 iniqui
3389 4985 3507 5040 qua:

1923 5065 2231 5137 ignorabam
2257 5066 2656 5136 interrogabant
2677 5082 2776 5120 me.
2804 5063 3173 5124 Retribuebant
3205 5061 3332 5115 mihi
3360 5062 3508 5114 mala

1893 5171 1898 5176 ‘
1924 5175 2021 5234 pro
2049 5159 2218 5224 bonis,
2258 5157 2593 5212 sterilitatem
2622 5159 2817 5212 anima:
2862 5172 3016 5218 mea.
3041 5152 3139 5211 His
3165 5151 3344 5207 allinia
3375 5159 3508 5208 sunt

1922 5265 2044 5320 quae
2074 5251 2132 5305 in
2165 5252 2377 5322 psalmo
2405 5267 2534 5305 cmi
2569 5251 2842 5306 habentur
2872 5251 2958 5305 liis
2987 5248 3168 5304 verbis
3195 5265 3208 5302 :
3245 5246 3313 5300 Et
3343 5260 3508 5313 expu-

1923 5355 2212 5412 gnaverunt
2244 5360 2324 5398 me
2353 5345 2548 5413 gratis.
2593 5344 2703 5398 Pro
2734 5360 2793 5398 eo
2826 5353 2883 5398 ut
2918 5358 2999 5396 me
3021 5341 3295 5412 diligerent
3326 5338 3508 5391 detra-

1921 5437 2112 5490 hebant
2152 5437 2298 5492 mihi.
2340 5436 2403 5489 Et
2444 5447 2731 5506 posuerunt
2772 5437 3053 5490 adversum
3107 5449 3186 5486 me
3230 5431 3375 5484 mala
3410 5445 3530 5498 pro.

1923 5527 2095 5591 bonis,
2137 5537 2187 5582 et
2228 5526 2408 5580 odium
2448 5544 2544 5596 pro
2581 5528 2864 5582 dilectione
2893 5541 3009 5579 mea
3039 5524 3107 5576 ".
3145 5521 3504 5576 Sterilitatem

1921 5636 2052 5676 vero
2107 5620 2374 5691 parabant
2415 5621 2518 5690 ipsi
2553 5621 2646 5686 qui
2701 5619 2836 5674 nibil
2884 5634 2994 5673 non
3039 5615 3232 5687 agebat
3278 5619 3338 5666 ut
3372 5625 3506 5664 con-

1921 5723 2174 5785 gregaret
2209 5714 2333 5769 illos
2377 5730 2440 5768 ac
2471 5713 2576 5768 sibi
2629 5718 3017 5784 regeneraret;
3076 5705 3220 5778 quod
3264 5706 3381 5776 ipsc
3423 5703 3506 5760 sic

1411 5895 1635 5954 "Zacb.
1674 5913 1807 5964 xm,
1843 5897 1894 5953 7.
1935 5897 2017 5956 .'°
2058 5895 2245 5952 Matth.
2282 5912 2430 5963 XXVI,
2464 5896 2552 5952 5|.
2631 5895 2673 5926 ³¹
2714 5892 2860 5950 Psal.
2896 5905 3061 5958 cvm,
3095 5889 3160 5954 5.,
