4122 6454
468 393 566 450 3H

1167 395 1452 453 'EUSEBH
1491 395 1970 454 CESARIENSIS
2006 397 2157 455 OPP.
2197 391 2380 456 PARS
2410 385 2506 455 ΙΙΙ.
2545 431 2616 443 -
2679 401 3093 459 EXEGETICA.

3613 408 3717 463 512

465 513 594 572 Haec
630 523 810 572 autem
839 517 1038 572 ibidem
1072 518 1211 573 dixit
1260 527 1384 590 post
1413 519 1578 575 illud:
1607 518 1752 574 Erue
1775 537 1808 574 a
1833 520 2037 590 framea

2153 522 2518 592 Ἐκκλησίας
2532 523 2782 594 ὑμνήσω
2797 541 2890 579 σε.
2913 524 3102 580 Ταῦτα
3127 524 3182 578 δὲ
3209 526 3325 579 ius!
3342 525 3556 595 ἐλέγετο
3578 530 3716 600 μετὰ

465 610 707 664 animam
731 625 922 674 meam,
953 620 1002 665 et
1030 610 1096 666 de
1117 627 1278 665 manu
1305 613 1452 666 canis
1483 614 1806 684 unigenitam
1843 631 2033 672 meam.

463 701 624 758 Salsa
657 719 738 757 me
769 718 835 758 ea:
873 720 963 758 ore
989 703 1155 760 leonis
1177 715 1227 760 et
1246 723 1280 759 a
1312 707 1558 768 cornibus
1581 707 1912 768 unicomium
1936 709 2037 764 hu-

461 795 742 849 militatem
796 811 988 851 meam.
1042 796 1140 851 His
1197 798 1364 869 igitur
1419 799 1665 854 additum
1723 799 1859 855 illud
1911 810 2032 858 est:

462 885 718 942 Narrabo
754 903 941 942 nonten
987 897 1136 942 tuum
1171 889 1431 958 fratribus
1476 891 1627 954 meis,
1658 890 1712 945 in
1755 892 1925 946 medio
1952 910 2037 949 eo-

460 977 639 1034 etesia:
687 978 920 1034 laudabo
970 990 1038 1036 te.
1081 980 1140 1036 In
1190 985 1448 1052 praesenti
1497 984 1753 1040 similiter
1800 985 2032 1055 psalmo,

472 1079 766 1140 postquam
803 1069 1052 1137 dixerat;
1079 1070 1316 1126 Restitue
1351 1075 1585 1128 animam
1618 1091 1788 1132 meam
1815 1092 1848 1134 a
1877 1075 2028 1130 mali-

459 1163 658 1233 gnitate
683 1179 886 1230 eorum,
920 1180 951 1217 a
977 1163 1210 1218 leonibus
1240 1165 1562 1236 unigenitum
1587 1183 1779 1230 meam,
1800 1166 2032 1237 adjecit:

460 1253 765 1325 Conﬁtebor
800 1255 899 1310 tibi
936 1257 992 1320 in
1041 1256 1262 1311 ecclesia
1314 1258 1505 1325 multa,
1545 1259 1600 1314 in
1649 1259 1840 1329 populo
1888 1260 2038 1330 gravi

460 1346 692 1404 laudabo
723 1357 772 1404 te
793 1348 859 1405 “.
895 1347 1003 1406 Pro
1051 1350 1145 1406 illo
1174 1359 1376 1419 autem,
1406 1352 1576 1422 gravi,
1612 1351 1831 1422 Aquila,
1859 1369 2032 1414 osseo.

459 1439 654 1504 edidit,
682 1440 738 1498 id
771 1450 878 1505 est,
924 1441 1089 1498 forti:
1123 1457 1249 1498 ossa
1297 1443 1500 1513 quippe
1537 1444 1782 1499 omnium
1816 1461 1938 1516 quae
1977 1445 2033 1500 in

459 1546 697 1602 corpore
735 1542 978 1598 exstant,
1014 1533 1316 1590 fortissima
1359 1544 1414 1590 et
1459 1535 1848 1592 robustissima
1879 1545 2031 1591 sunt.

457 1620 655 1680 Gravis
686 1621 857 1693 igitur
885 1631 992 1687 est,
1024 1624 1120 1693 qui
1146 1622 1410 1679 fundatus
1439 1624 1496 1679 in
1522 1631 1701 1694 petra,
1729 1624 2031 1680 immobilis

457 1719 513 1768 et
541 1713 810 1772 infractus
835 1723 1038 1771 manet.
1089 1714 1240 1770 Patri
1275 1716 1462 1786 itaque
1491 1717 1803 1782 confitetur,
1825 1718 2032 1790 gratias

457 1804 564 1874 ipsi
593 1819 762 1876 agens
801 1805 857 1860 in
880 1805 1116 1862 ecclesia
1147 1822 1245 1861 sua
1269 1807 1467 1863 multa.
1509 1805 1680 1864 Multa
1710 1807 1912 1878 quippe
1945 1823 2032 1863 re-

2140 617 2234 672 τόσ
2276 615 2478 675 Ῥῦσαι
2527 616 2645 681 ἀπὸ
2685 616 2986 686 ῥομφαίας
3031 616 3146 685 τὴν
3187 617 3399 688 ψυχήν
3443 637 3577 688 μου,
3621 622 3719 675 καὶ

2140 712 2210 766 ἐκ
2254 712 2454 781 χειρὸς
2491 710 2680 776 κυνὸς
2705 710 2822 778 τὴν
2832 707 3129 781 μονογενῆ
3151 729 3291 780 μου.
3317 711 3527 767 Σῶσόν
3544 730 3621 782 με
3649 714 3717 768 ἐκ

2143 804 2438 872 στόματος
2457 801 2727 868 λέοντος,
2751 801 2848 866 καὶ
2874 800 2991 856 ἀπὸ
3024 800 3286 870 κεράτων
3300 803 3722 872 μονοκερώτων

2140 893 2257 964 τὴν
2297 894 2662 948 ταπείνωσιν
2697 911 2837 964 μου.
2886 893 3134 964 Συνῆπτο
3180 893 3312 963 γοῦν
3355 892 3564 959 τούτοις
3621 896 3716 950 τό·

2141 972 2506 1055 Διηνήσομαι
2538 983 2605 1037 τὸ
2643 983 2830 1055 ὄνομα
2855 1000 2972 1040 σου
3008 983 3131 1052 τοῖς
3160 984 3444 1054 ἀδελφοῖς
3479 1004 3622 1056 μου,
3649 987 3723 1043 ὲν

2133 1076 2303 1147 μέσῳ
2334 1076 2702 1144 Ἐκκλησιας
2731 1075 2982 1147 ὑμνήσω
3016 1061 3252 1139 σε.’Καὶ
3275 1079 3333 1132 ὲν
3361 1080 3475 1143 τοῖς
3501 1096 3726 1153 προκει-

2143 1163 2327 1234 μένοις
2369 1163 2767 1236 παραπλησίως
2821 1164 3124 1237 προειπών·
3189 1166 3724 1237 Ἀποκατὰστησον

2141 1254 2256 1325 τὴν
2281 1254 2494 1326 ψυχήν
2523 1273 2644 1326 μου
2675 1254 2792 1310 ἀπὸ
2830 1254 2941 1324 τῆς
2969 1256 3326 1327 κακουργίας
3349 1256 3568 1323 αὐτῶν,
3599 1256 3723 1313 ἀπὸ

2137 1345 2404 1399 λεόντων
2429 1343 2544 1413 τὴν
2575 1343 2874 1416 μονογενῆ
2908 1362 3049 1414 μου,
3089 1345 3360 1416 ὲπιλέγειυ
3403 1347 3722 1418 Ἐξομολοη

2137 1433 2406 1506 γήσομαι
2453 1450 2555 1489 σοι
2593 1435 2664 1488 ὲν
2690 1435 2991 1506 ἐκκλησίᾳ
3025 1435 3248 1506 πολλῇ,
3295 1436 3510 1504 ὲνλαῷ
3545 1438 3723 1507 ,ϐαρεῖ

2136 1527 2355 1588 αἱνέσω
2382 1543 2476 1583 σε.
2515 1529 2660 1582 Ἀντὶ
2685 1527 2742 1582 δὲ
2769 1527 2883 1594 τοῦ,
2907 1529 3105 1598 βαρεῖ,
3137 1532 3166 1584 δ
3204 1529 3435 1594 Ἀκύλας
3461 1530 3723 1598 ἐξέδωκεν

2138 1619 2409 1686 όστετνῳ,
2445 1620 2740 1687 τουτέστιν,
2779 1619 3012 1693 ἰσχυρῷ,
3043 1621 3169 1675 ἐπεὶ
3205 1619 3300 1675 τοῦ
3357 1623 3558 1686 παντὸς
3616 1620 3723 1675 σώ-

2139 1729 2309 1782 ματος
2344 1711 2414 1766 τὰ
2440 1711 2790 1768 δυνατώτατα
2817 1713 2912 1767 καὶ
2939 1715 3263 1786 ἰσχυρότατα
3285 1714 3418 1769 ὀστᾶ
3443 1715 3719 1786 τυγχάνει.

2137 1805 2320 1879 Βαρὺς
2349 1803 2443 1864 οὖν
2472 1810 2500 1867 ό
2525 1808 2619 1862 ἐπὶ
2645 1808 2743 1881 τὴν
2764 1808 2971 1882 πέτραν
2995 1809 3475 1882 τεθεμελιωμένος,
3517 1811 3546 1862 ό
3587 1810 3708 1881 ἅσᾲ-

457 1908 588 1950 vera
635 1902 722 1950 est
765 1895 881 1952 haec
926 1896 1182 1961 ecclesia,
1217 1911 1382 1966 quam
1420 1896 1474 1950 in
1508 1895 1720 1966 psalmo
1759 1911 1854 1950 xxi
1917 1909 2035 1949 ma-

2143 1900 2320 1965 λευτος
2356 1900 2450 1956 καὶ
2491 1902 2760 1974 ἀρῥαγής.
2816 1902 2906 1973 Τῷ
2947 1902 3124 1956 τοίνυν
3175 1901 3348 1974 Πατρί
3384 1901 3724 1972 ἐξομολογεῖ-

458 2001 622 2059 gnam
657 1987 896 2052 vocavit,
931 1988 1156 2044 dicens:
1190 1987 1344 2056 Apud
1374 1996 1424 2041 te
1446 1988 1564 2052 laus
1595 2005 1712 2044 mea
1728 1989 1781 2042 in
1812 1989 2033 2043 ecclesia

2143 2008 2244 2055 ται,
2277 1989 2615 2063 εὐχαριστῶν
2647 1991 2739 2044 ἐπὶ
2758 1993 2826 2063 τῇ
2883 1989 3176 2060 Ἐκκλησία
3221 1986 3386 2043 αὑτοῦ
3421 1989 3487 2059 τῇ
3529 1985 3720 2058 πολλῇ.

459 2098 676 2152 magna.
724 2078 885 2137 Pater
917 2079 1084 2152 igitur
1107 2081 1336 2152 gloriam
1371 2079 1518 2136 Filio
1548 2081 1605 2135 in
1649 2080 1888 2137 ecclesia
1913 2095 2032 2134 ma-

459 2189 565 2244 gna
597 2174 888 2242 conciliat;
923 2173 1099 2230 Filius
1128 2181 1313 2229 autem
1341 2172 1490 2229 Patri
1523 2175 1820 2230 conﬁtetur
1854 2175 1909 2228 in
1943 2188 2035 2228 ec-

458 2269 628 2326 clesia
675 2269 874 2334 multa,
926 2285 1048 2340 quae
1109 2269 1327 2327 scilicet
1379 2269 1439 2324 in
1489 2269 1748 2325 universa
1791 2267 2035 2328 Ecclesia

455 2360 758 2416 stabilitur.

2135 2082 2311 2153 Πολλὴ
2333 2083 2442 2155 γὰρ
2470 2082 2546 2148 ὼς
2576 2082 2786 2154 ἀληθῶς
2835 2081 2974 2153 αὕτη
3005 2083 3039 2153 ἡ
3077 2079 3370 2152 Ἐκκλησία
3389 2096 3404 2111 ο
3455 2079 3522 2150 ἢν
3557 2078 3616 2131 ὲν
3644 2075 3728 2148 τῷ

2135 2173 2367 2246 εἰκοστῷ
2411 2173 2614 2246 πρώτῳ
2663 2174 2904 2246 μεγάλην
2951 2173 3235 2244 ὠνόμασεν
3293 2169 3462 2225 εἰπών
3483 2186 3497 2201 ·
3555 2167 3725 2237 Παρὰ

2135 2267 2253 2322 σοῦ
2298 2271 2334 2322 ὁ
2368 2268 2616 2334 ἔπαινός
2651 2285 2770 2338 μου
2812 2268 2882 2321 ἐν
2915 2266 3214 2334 ἐκκλησίᾳ
3241 2263 3494 2335 μεγάλῃ.
3533 2262 3593 2315 '0
3625 2260 3725 2332 μὲν

2135 2354 2227 2412 οὖν
2255 2357 2444 2430 Πατὴρ
2466 2359 2686 2414 ἔπαινον
2722 2358 2800 2430 τῷ
2827 2357 2958 2428 Υίῷλ
2979 2355 3376 2428 κατεργάζεται
3408 2355 3468 2407 ὲν
3498 2351 3727 2421 Ἐκκλη-

459 2456 552 2528 cla
584 2457 821 2532 μεγάλῃο
864 2458 894 2510 6
933 2458 991 2513 δὲ
1011 2458 1140 2523 Υἱὸς
1175 2457 1578 2530 ὲξομολογείται
1605 2455 1684 2529 τῷ
1725 2455 1900 2527 Πατρὶ
1941 2457 2002 2516 ἐν
2048 2455 2346 2528 Ἐκκλησία
2389 2455 2580 2530 πολλῇ,
2608 2457 2676 2526 τῇ
2716 2453 2848 2525 καθ’,
2869 2453 2999 2525 ὅλης
3025 2453 3124 2524 τῆς
3193 2449 3516 2523 Ἐκκλησίας
3577 2447 3727 2518 ἱδρυτ

461 2549 620 2623 μένῃ.

533 2639 698 2700 Vens.
732 2641 923 2696 19-21.
981 2641 1107 2697 Non
1152 2642 1578 2713 super-gaudeant
1624 2642 1756 2697 mihi
1804 2642 1895 2714 qui
1940 2639 2037 2695 ad-

457 2741 736 2788 versantur
763 2735 893 2789 mihi
925 2737 1122 2807 inique,
1149 2738 1239 2808 qui
1282 2735 1508 2792 oderunt
1554 2753 1635 2795 me
1662 2736 1830 2808 gratis
1867 2745 1915 2790 et
1940 2753 2038 2790 an-

458 2835 630 2882 nuunt
659 2826 847 2881 oculis.
878 2827 1144 2894 Quoniam
1188 2828 1316 2883 mihi
1355 2829 1565 2900 quidem
1595 2831 1817 2900 paci/ioc
1861 2828 2040 2900 loque-

459 2915 673 2982 bantur,
699 2927 747 2972 et
773 2919 827 2972 in
876 2919 1158 2973 iracundia
1195 2919 1346 2974 dolos
1373 2919 1699 2991 cogitabant.
1741 2918 1811 2974 Et
1839 2920 2040 2973 dilata—

457 3015 640 3060 uerunt
673 3022 828 3076 super
861 3023 940 3064 me
967 3026 1024 3064 os
1047 3027 1223 3075 suum,
1259 3009 1508 3064 dixerunt
1530 3025 1548 3062 :
1581 3007 1747 3081 Euge,
1778 3026 1928 3078 euge,
1972 3010 2043 3063 ui-

457 3093 648 3152 derunt
685 3097 826 3151 oculi
859 3099 1048 3156 nostri.
1103 3097 1162 3154 Si
1196 3107 1322 3171 post
1378 3101 1690 3170 passionem
1741 3097 2041 3154 Salvatoris

2213 2633 2312 2704 Μὴ
2340 2629 2777 2705 ἐπιχαρείησάν
2802 2648 2905 2702 μοι
2941 2633 2996 2686 οἰ
3035 2628 3454 2700 ἐχθραίνοντές
3472 2646 3574 2699 μοι
3597 2628 3728 2684 ἀδι-

2143 2746 2262 2795 κως
2280 2767 2296 2793 ,
2339 2728 2395 2780 ol
2437 2723 2765 2796 μισοῦντές
2803 2741 2882 2793 με
2930 2721 3158 2792 δωρεὰν
3199 2721 3300 2776 καὶ
3351 2721 3730 2790 διανεύοντες

2145 2816 2494 2888 ὀφθαλμοῖς.
2526 2817 2656 2870 ὀτι
2697 2814 2826 2886 ἐμοὶ
2865 2813 2982 2884 μὲν
3012 2811 3284 2882 εἰρηνικὰ
3317 2810 3602 2876 ἐλάλουν,
3632 2813 3731 2867 καί

2145 2910 2237 2974 ἐπ’
2292 2906 2440 2979 ὀργῆ
2486 2907 2708 2972 δόλους
2755 2901 3168 2975 διελογίζοντο.
3217 2901 3326 2957 Καὶ
3383 2900 3732 2956 ἐπλάτυναν

2145 3001 2238 3055 ἐπ’
2263 3001 2370 3071 ἐμὲ
2399 2999 2465 3054 τὸ
2501 2999 2695 3068 στόμα
2730 2996 2961 3052 αὐτῶν·
2992 2991 3196 3050 εἴποιμ
3238 2989 3415 3064 Εὖγε,
3455 2989 3616 3064 εὖγε,
3645 2990 3734 3067 εἶτΔ

2147 3092 2257 3148 δον
2281 3095 2337 3148 οὶ
2355 3090 2646 3162 ὀφθαλμοί
2675 3089 2862 3160 ἡμῶν.
2880 3089 2944 3143 Εἰ
2975 3087 3051 3160 μὴ
3071 3086 3140 3140 τὰ
3155 3086 3284 3159 τέλη
3318 3085 3468 3139 αίσια
3499 3085 3568 3140 τὰ
3595 3086 3732 3158 μετὰ

458 3187 640 3252 nostri
671 3202 784 3252 non
821 3186 1039 3246 faustus
1087 3207 1273 3248 rerum
1304 3190 1487 3246 exitus
1525 3192 1676 3248 visus
1737 3198 1919 3256 esset,
1949 3191 2040 3262 qui

2146 3183 2241 3239 τοῦ
2263 3153 2467 3248 πάθους
2483 3153 2579 3236 τού
2599 3153 2753 3251 Σωτῆ
2762 3199 2852 3253 ρος
2879 3153 3051 3252 ἡμων.
3069 3153 3297 3251 ἑωρᾶτο,
3323 3178 3462 3250 τάχα
3496 3153 3608 3231 που*
3626 3175 3734 3248 χώέ

458 3275 514 3330 in
539 3293 662 3334 eum
685 3281 1156 3350 conspiraret-ant,
1177 3282 1225 3337 ei
1252 3282 1670 3353 supergaudendi
1691 3297 1754 3336 ac
1787 3281 2045 3340 deriden-

458 3366 513 3425 di
549 3384 675 3423 cum
703 3368 842 3432 forte
860 3372 1040 3425 locum
1069 3371 1412 3436 habuissent,
1437 3378 1625 3442 utpote
1650 3372 1744 3442 qui
1767 3371 1836 3426 de
1863 3370 2044 3427 medio

460 3457 712 3528 sublatus
762 3459 900 3515 nihil
949 3462 1260 3522 valuisset:
1304 3471 1360 3516 at
1389 3462 1611 3533 quando
1647 3461 1892 3522 Ecclesia
1924 3461 2044 3531 ejus

459 3551 630 3604 multa
663 3557 718 3608 et
749 3567 943 3626 magna
987 3569 1086 3629 per
1107 3562 1282 3609 totum
1309 3555 1498 3610 orbem
1537 3552 1866 3624 resplendet,
1901 3553 2047 3624 ipse-

461 3658 571 3713 que
603 3643 870 3710 hactenus
925 3645 983 3699 in
1015 3643 1195 3700 medio
1233 3646 1566 3712 consistens,
1591 3645 1854 3717 populum
1885 3661 2044 3700 suum

461 3749 684 3810 gravem
718 3743 1108 3810 potentemque
1133 3744 1454 3810 congregat,
1480 3752 1544 3792 ac
1582 3752 1679 3808 per
1727 3751 1850 3792 eum
1896 3735 2047 3798 Patri

461 3815 566 3881 suo
594 3825 888 3898 conﬁtetur
911 3845 926 3892 ;
950 3843 1076 3882 nam
1111 3827 1204 3894 ubi
1235 3829 1340 3884 duo
1361 3829 1440 3884 vel
1469 3838 1573 3884 tres
1597 3829 1898 3900 congregati
1931 3829 2047 3898 fue-

462 3915 572 3970 rint
602 3916 657 3985 ἔῃ
683 3917 891 3987 nomine
903 3917 1042 3988 ejus,
1065 3918 1178 3974 illic
1203 3937 1320 3987 sum
1344 3921 1398 3976 in
1419 3920 1590 3974 medio
1608 3936 1790 3988 eorum
1813 3919 1857 3952 ⁸⁵⁵
1881 3939 1896 3988 ;
1921 3921 2047 3990 jure

465 4003 566 4072 illi,
601 4008 695 4080 qui
730 4011 926 4074 alienis
965 4013 1221 4071 laetantur
1259 4013 1443 4082 malis,
1475 4013 1684 4090 pudore
1710 4013 1924 4081 sutl‘usi,
1957 4031 2048 4070 re-

465 4106 559 4154 tro
615 4101 1022 4163 abscesserunt.
1076 4100 1222 4168 Quid
1275 4104 1421 4158 enim
1469 4104 1756 4171 inimicitia
1817 4105 2052 4176 dignum

462 4189 710 4262 perpessi
737 4197 949 4246 tantum
979 4191 1100 4260 ejus
1121 4195 1310 4252 odium
1341 4195 1642 4264 ceperunt?
1667 4193 1848 4267 Quare
1875 4195 2048 4267 Aqui-

461 4279 537 4344 la,
576 4281 690 4346 sine
719 4297 906 4352 causa,
941 4282 1335 4355 interpresatus
1369 4293 1474 4341 est.
1503 4286 1838 4342 Annuebant
1866 4297 2047 4342 autem

461 4374 640 4430 oculis
663 4391 748 4430 me
778 4375 1114 4447 deridentes,
1145 4378 1638 4450 institutionesque
1672 4394 1825 4434 meas
1852 4379 1920 4434 ad
1954 4393 2046 4434 sa-

461 4466 723 4538 pientiam
747 4467 908 4538 datas
939 4471 1309 4528 traducentes.
1331 4470 1619 4542 Deinceps,
1650 4470 1782 4524 Mihi
1811 4470 2043 4540 quidem,

462 4561 662 4633 inquit.
692 4565 909 4634 paciﬁca
941 4565 1308 4637 loquebantur,
1352 4564 1450 4632 sed
1498 4565 1553 4619 in
1587 4565 1754 4619 corde
1791 4579 1893 4620 suo
1944 4562 2044 4617 do-

462 4653 544 4710 los
575 4663 628 4709 et
659 4655 1000 4710 iracundiam
1045 4657 1474 4727 meditabantur.
1519 4656 1646 4713 Haec
1689 4665 1873 4712 autem
1910 4664 2042 4712 tunc

461 4747 682 4818 impleta
705 4757 854 4816 sunt,
879 4765 1004 4804 cum
1029 4751 1293 4806 Phariswi
1345 4752 1692 4816 occasionem
1754 4757 2048 4821 captantes

462 4837 720 4894 dicebant
753 4840 830 4911 illi
862 4860 876 4895 :
905 4838 1182 4911 Magister,
1214 4841 1411 4896 scimus
1433 4842 1560 4911 quia
1577 4856 1736 4896 veram
1763 4858 1838 4906 es,
1863 4850 1911 4894 et
1933 4856 2046 4894 ver-

466 4929 590 4983 bum
613 4928 714 4984 Dei
746 4932 798 5000 in
821 4933 1230 5002 veritatedoces,
1265 4943 1444 4998 etnon
1477 4943 1555 4989 est
1588 4934 1681 4988 tibi
1705 4950 1832 4988 cura
1855 4933 1916 4988 de
1949 4933 2051 4988 ali-

461 5040 564 5093 quo
586 5040 607 5090 ;
640 5041 744 5080 non
769 5027 907 5082 enim
945 5029 1161 5096 respicis
1182 5043 1460 5102 personam
1481 5045 1502 5103 ;_
1527 5028 1611 5082 dic
1629 5045 1749 5098 ergo
1774 5028 1943 5093 nobis,
1978 5029 2046 5094 li-

460 5127 541 5172 cet
591 5134 806 5174 censum
854 5119 984 5174 dare
1024 5119 1229 5175 ϐοιδατὶ
1259 5137 1328 5173 an
1382 5138 1484 5175 non
1507 5120 1602 5175 “3
1634 5120 1809 5177 Hasce
1842 5121 2046 5192 quippe

461 5225 627 5268 voces
658 5227 782 5266 cum
825 5212 952 5267 dolo
983 5213 1334 5283 proferebant
1373 5231 1386 5268 :
1419 5229 1591 5284 quare
1611 5215 1726 5268 haec
1761 5213 1915 5283 prius
1947 5211 2046 5282 ad-

464 5301 754 5358 umbrabat
791 5303 876 5362 his
909 5305 1130 5361 verbis:
1163 5304 1300 5361 Mihi
1354 5305 1565 5377 quidem
1613 5306 1834 5377 pari/ice
1865 5304 2047 5376 loque-

462 5395 674 5460 bantur,
699 5396 824 5450 etin
853 5396 1132 5451 iracundia
1153 5399 1303 5453 dolos
1335 5397 1665 5468 cogitabant,
1690 5395 1796 5453 Sed
1813 5397 1904 5452 hic
1929 5395 2051 5467 qui-

461 5484 586 5539 dem
611 5485 800 5541 dolose
833 5502 956 5542 cum
983 5502 1048 5542 eo
1077 5488 1350 5559 colloquia
1386 5489 1724 5556 miscebant;
1744 5496 1800 5544 at
1828 5489 1883 5543 in
1915 5487 2044 5554 ﬁne,

2152 3292 2250 3348 ραν
2277 3269 2424 3345 εἶχον
2465 3271 2843 3343 καταχαρῆναι
2879 3267 3044 3323 αὐτοῦ
3081 3269 3131 3322 οἱ
3158 3266 3256 3340 τὴν
3281 3269 3401 3322 κατ’
3436 3266 3600 3320 αὑτοῦ
3636 3283 3729 3319 συ-

2149 3352 2354 3438 σκευὴν
2387 3363 2856 3438 μεμηχανημένοι,
2887 3362 2964 3426 ὡς
3005 3359 3392 3430 ἀφανισθέντος
3428 3363 3522 3417 καὶ
3566 3361 3732 3435 μηδὲν

2147 3458 2505 3531 δεδυνημένου
2580 3457 2703 3511 ἐπεὶ
2723 3455 2778 3509 δὲ
2803 3457 2838 3528 ἡ
2876 3455 3173 3528 Ἐκκλησία
3197 3453 3360 3509 αὑτοῦ
3383 3455 3416 3527 ἡ
3446 3453 3612 3526 πολλὴ
3637 3456 3733 3509 καὶ

2153 3552 2362 3626 μεγάλη
2397 3550 2693 3624 διαλάμπει
2739 3549 2860 3603 καθ’
2897 3549 3024 3623 ὅλης
3063 3550 3160 3620 τῆς
3181 3548 3528 3620 οἰκουμένης·
3574 3547 3734 3612 αὐτός

2146 3662 2208 3698 τε
2234 3644 2402 3699 εἰσέτι
2425 3643 2519 3700 καὶ
2540 3642 2636 3697 νῦν
2665 3645 2723 3697 ὲν
2752 3640 2903 3714 μέσῳ
2929 3639 3099 3705 ἑστὼς
3124 3643 3415 3714 συγκροτεῖ
3445 3639 3537 3694 τὸν
3563 3639 3734 3710 βαρὺν

2147 3738 2244 3791 καὶ
2269 3736 2491 3791 δυνατὸν
2525 3735 2690 3790 αὑτοῦ
2731 3735 2878 3801 λαὸν,
2910 3735 3004 3789 καὶ
3032 3732 3432 3805 ὲξομολογεῖται
3466 3733 3531 3786 δι’
3555 3730 3732 3806 abstini

2148 3829 2227 3902 τῷ
2277 3827 2471 3886 ἑαυτοῦ
2519 3827 2722 3900 Πατρί·
2764 3827 2948 3881 Ὅπου
2998 3824 3107 3898 γὰρ
3149 3825 3259 3880 δύο
3303 3825 3340 3894 ἣ
3388 3823 3546 3893 τρεῖς
3587 3840 3735 3879 συν-

2148 3920 2396 3992 ηγμένοι
2423 3923 2512 3988 εἰς
2535 3919 2602 3974 τὸ
2618 3918 2803 3974 αὑτοῦ
2821 3918 3032 3989 ὄνομα,
3053 3918 3180 3972 ἐκεῖ
3193 3919 3309 3989 εὶμί
3338 3919 3409 3973 ἐν
3429 3919 3597 3989 μέσῳ
3626 3921 3734 3978 αὐτ

2148 4015 2296 4083 τῶνυ
2321 3997 2546 4088 εἰκότως
2574 4014 2624 4082 οἰ
2654 4011 3146 4085 ὲπιχαιρεσίκακοι,
3179 4013 3441 4084 αἰσχύνην
3464 4012 3734 4084 καταχεά-

2152 4125 2326 4179 μενοι,
2352 4104 2784 4178 ἀπεστράφησαν
2809 4103 2887 4166 εἰς
2913 4100 2982 4154 τὰ
3002 4101 3197 4158 ὀπίσω.
3230 4101 3297 4155 Τί
3326 4101 3435 4172 γὰρ
3459 4101 3555 4155 καὶ
3587 4101 3744 4166 ἄξιονΔ

2151 4190 2350 4272 ἔχθρας
2389 4187 2651 4260 παθόντες
2687 4196 2748 4249 τὸ
2780 4193 2916 4267 πρὸς
2959 4194 3118 4249 αὐτὸν
3150 4195 3348 4266 ἤραντο
3390 4196 3575 4265 μῖσος;
3625 4193 3737 4250 διό-ε

2151 4309 2258 4363 περ
2311 4291 2340 4342 ὁ
2374 4287 2626 4357 Ἀκύλας,
2676 4286 2974 4361 ἀναιτίως.
3003 4286 3337 4359 ἡρμήνευσε.
3387 4287 3634 4338 Διένευον
3679 4284 3738 4339 δὲ

2151 4381 2448 4454 ὀφθαλμοῖς
2497 4379 2848 4452 χλευάζοντες
2893 4373 3056 4434 αὐτὸν
3076 4418 3091 4444 ,
3139 4379 3233 4432 καὶ
3271 4377 3620 4451 διασύροντες
3670 4375 3738 4431 τὰ

2150 4475 2249 4548 τῆς
2288 4473 2480 4544 σοφίας
2516 4465 2615 4545 μου
2659 4471 3022 4544 παιδεύματα.
3068 4465 3223 4534 Εἷτα,
3268 4469 3424 4538 Ἐμοὶ
3464 4467 3603 4538 μὲν,
3635 4485 3739 4540 φη-

2078 4525 2124 4586 D
2151 4525 2256 4634 ξιξ,
2594 4525 2884 4634 ἐλάλουν,
2917 4563 2974 4616 ὲν
3006 4562 3063 4616 δὲ
3092 4564 3158 4636 τῇ
3191 4525 3391 4636 καρδίᾳ
3437 4525 3618 4632 atro;

2149 4660 2274 4723 λους
2331 4657 2427 4711 καὶ
2479 4656 2648 4730 ὀργῆν
2715 4635 3092 4730 διελογίζοντο.
3137 4635 3472 4725 Ἐπληροῦτο
3523 4652 3580 4706 δὲ
3647 4654 3740 4708 καί

2147 4751 2343 4822 ταῦτα,
2376 4750 2466 4823 ὅτε
2511 4747 2685 4820 λαϐὰς
2727 4745 3034 4818 θηρώμενοι
3091 4743 3274 4828 ἔλεγον
3309 4743 3446 4816 πρὸς
3488 4744 3647 4798 αὐτὸν
3690 4745 3739 4798 οἱ

2146 4842 2446 4914 Φαρισαῖον
2501 4837 2872 4900 Διδάσκαλε,
2935 4835 3196 4906 οἴδαμεν..
3245 4834 3334 4890 ὅτι
3377 4835 3610 4904 ἀληθὴς
3665 4831 3738 4901 εἶ,

2148 4933 2248 4999 καὶ
2287 4931 2396 4988 τὸν
2433 4934 2620 5001 λόγον
2647 4930 2753 4984 τοῦ
2789 4929 2937 4984 Θεοῦ
2966 4929 3058 4980 ἐπ’
3093 4928 3376 4997 ἀληθείας
3415 4927 3746 5007 διδάσκεις,

2149 5025 2246 5079 καὶ
2278 5027 2350 5079 οὐ
2398 5022 2571 5094 μέλει
2615 5040 2715 5081 σοι
2753 5023 2887 5094 περὶ
2921 5020 3202 5086 οὐδενός·
3239 5023 3311 5074 οὺ
3353 5021 3463 5089 γὰρ
3488 5019 3740 5087 ,βλέπεις

2148 5120 2236 5184 εἰς
2272 5117 2628 5185 πρόσωπον·
2682 5113 2813 5186 εἰπὲ
2865 5109 2979 5170 οὖν
3027 5112 3205 5184 ἡμῖν’
3238 5112 3482 5187 Ἔξεστι
3532 5103 3746 5166 δοῦναι,

2150 5207 2386 5275 κῆνσον
2428 5207 2682 5276 Καίσαρι
2727 5204 2766 5275 ἣ
2800 5205 2910 5282 οὕς
2958 5204 3174 5268 Ταύτας
3209 5202 3320 5276 γὰρ
3367 5203 3555 5266 δολίως
3610 5219 3742 5273 προ-⁸

2152 5299 2347 5374 έφερον
2379 5297 2478 5362 τὰς
2506 5297 2689 5368 φωνάς
2708 5313 2722 5328 ’
2761 5295 2842 5352 διὸ
2874 5294 3161 5369 προλαϐὼν
3193 5295 3345 5368 ταῦτ’
3372 5295 3616 5367 ᾐνίττετο
3642 5295 3736 5365 φά-

2155 5406 2333 5445 σκων·
2383 5389 2545 5458 Ἐμοί
2573 5387 2688 5459 μὲν
2716 5389 2986 5458 εἰρηνικὰ
3024 5385 3311 5452 ἐλάλουν,
3343 5388 3442 5443 καὶ
3477 5387 3571 5444 ἐπ’
3596 5385 3741 5457 ὀργῇ

2153 5483 2376 5552 δόλους
2402 5469 2817 5554 διελογίζοντο.
2845 5471 3000 5536 ”Αλλ’
3025 5480 3257 5548 ἐνταῦθα
3301 5480 3398 5552 μὲν
3427 5479 3613 5543 δολίως
3643 5479 3740 5544 τὰς

461 5583 711 5650 tempore
733 5579 1028 5650 passionis,
1053 5580 1214 5650 pleno
1237 5596 1332 5635 ore
1359 5581 1693 5648 clamabant,
1723 5581 2040 5653 sanguinem

2156 5579 2292 5645 πρὸς
2325 5551 2792 5632 αὑτὸν-ἐποιοῦντο
2824 5575 3072 5661 όμιλίαςι
3109 5576 3167 5628 ὲν
3191 5551 3335 5628 τέλει
3363 5590 3426 5642 γε
3464 5573 3570 5646 μὴν
3603 5551 3750 5634 κατᾷ

461 5667 583 5738 ejus
615 5677 932 5741 expetentes
962 5686 1126 5742 super
1157 5687 1216 5728 se
1243 5683 1298 5728 et
1325 5689 1492 5743 super
1521 5672 1663 5729 tilios
1695 5687 1828 5730 suos
1855 5696 1866 5730 :
1899 5672 2040 5745 quod

2155 5672 2246 5726 τὸν
2279 5670 2471 5742 καιρὸν
2489 5669 2583 5724 τοῦ
2616 5669 2820 5736 πάθους
2847 5669 2952 5742 ὅλῳ
2976 5669 3060 5742 τῷ¹
3086 5668 3315 5754 στόματι
3343 5667 3512 5724 ἐϐόων
3539 5665 3730 5735 αἰτςοῦν³

555 5852 1064 5925 “Psal.xx1,22,23.
1114 5854 1156 5888 ”
1199 5853 1386 5912 Matth.
1424 5872 1556 5912 xvm
1582 5897 1596 5924 ,
1627 5855 1718 5912 20.
1797 5856 1843 5890 “
1884 5855 2072 5912 Matth.
2110 5871 2260 5923 χχιι,
2299 5853 2498 5920 16,11.
