4122 6454
292 367 404 426 815

1402 371 1910 459 communitis
1949 374 2017 430 1N
2059 373 2402 431 PSALMOS.

3459 381 3570 438 3M

287 499 383 548 τες
409 481 575 536 αὑτοῦ
606 481 668 535 τὸ
691 477 830 555 αἷμα
856 482 978 538 καθ’
1000 482 1207 538 ἑαυτῶν
1235 483 1338 539 καὶ
1355 484 1497 538 κατά
1528 484 1638 540 τῶν
1678 486 1863 541 τέκνω·

1989 488 2168 557 ipsum
2195 486 2286 542 hic
2315 484 2579 554 declarat,
2607 495 2684 542 ita
2715 487 2946 559 loquens
2980 507 2995 544 :
3022 486 3391 543 Dilatauerunt
3412 503 3571 558 super

291 575 473 631 αὐτῶν
491 593 506 606 ·
536 575 566 630 δ
591 575 656 648 δὴ
676 577 771 631 καὶ
801 576 955 648 αὐτῷ
984 576 1282 649 παρίστησι
1323 577 1412 632 διά
1446 578 1555 632 τῶν
1580 579 1877 651 προκειμέ-

288 682 397 721 νων
423 664 596 734 λέγων
611 681 625 696 ·
658 666 1040 721 Ἔπλὰτυναν
1069 667 1162 720 ἐπ’
1181 665 1287 737 ἐμὲ
1317 666 1383 721 τὸ
1412 669 1608 738 στόμα
1638 669 1870 730 αὐτῶν.

287 753 402 810 Εἶτ’
437 755 627 824 ἐπειδὴ
671 755 942 827 παρεδόθη
975 757 1159 822 αὐτοῖς
1199 757 1276 822 ὡς
1307 756 1577 828 πρόϐατον
1609 761 1702 814 ὲπὶ
1734 778 1875 832 σφα-

285 848 413 922 γὴν,
455 849 554 904 καὶ
587 847 666 913 ὠς
704 849 877 921 ἀμνὸς
917 851 1122 914 ἄκακος
1162 850 1402 905 ἐναντίον
1453 852 1548 906 τοῦ
1592 854 1875 926 κείραντος

284 943 523 1012 ἄφωνος,
555 942 788 1016 ὁρῶντες
817 943 981 997 αὐτοῦ
1012 943 1074 998 τὸ
1109 943 1283 1009 πάθος
1319 943 1635 1016 ἐπεφώνουν
1650 963 1664 978 ·
1693 943 1872 1019 Εὖγε,

282 1031 447 1106 εὖτε,
479 1032 646 1092 εἶδον
672 1039 726 1091 οἰ
757 1037 1051 1108 ὀφθαλμοὶ
1080 1037 1270 1109 ἡμῶν.

349 1122 544 1194 Εἶδες,
581 1128 758 1196 Κύριε
776 1167 792 1192 ,
825 1127 914 1198 μὴ
960 1129 1458 1200 παρασιωπήσῃς.
1514 1129 1626 1184 Καὶ
1666 1127 1872 1186 ἀνωθεν

284 1215 438 1274 εἷπε·
489 1220 643 1275 Πότε
697 1221 934 1291 suam;
985 1222 1082 1278 καὶ
1141 1221 1232 1277 διὰ
1285 1222 1395 1286 τῶν
1447 1222 1824 1295 προκειμένων
1853 1241 1868 1256 ·

284 1311 482 1378 Εἶδες,
511 1312 705 1380 Κύριε.
731 1312 796 1365 Τί
825 1311 882 1367 δὲ
928 1310 1098 1379 εἷδεν;
1137 1313 1223 1379 Ὠς
1266 1313 1456 1379 δολίως
1507 1313 1656 1386 αὐτῷ
1700 1331 1871 1387 προσ-

269 1405 473 1477 ῄεσαν,
505 1405 600 1460 καὶ
638 1405 714 1470 ὡς
753 1405 1058 1476 ὲπλάτυναν
1105 1408 1226 1461 κατ’
1261 1407 1428 1462 αὑτοῦ
1465 1408 1527 1462 τὸ
1560 1407 1734 1478 στόμα
1776 1409 1872 1462 αὑ,

282 1497 414 1564 τῶν,
451 1499 547 1552 καὶ
572 1497 647 1562 ὡς
678 1498 797 1569 κατ’
829 1498 997 1570 εὐχὰς
1037 1499 1346 1571 πράξαντες
1389 1499 1660 1554 ἐπεϐόων·
1689 1495 1868 1570 Εὖγε,

281 1584 458 1659 εὖτε,
503 1584 669 1644 εἶδον
712 1592 768 1644 ol
820 1589 1114 1659 ὀφθαλμοί
1164 1588 1354 1659 ἡμῶν.
1408 1590 1480 1644 Σὺ
1529 1591 1621 1658 δὲ,
1673 1591 1868 1661 Κύριε,

279 1679 455 1734 ταῦτα
491 1679 842 1752 θεασάμενος,
889 1681 1259 1752 ἀνασχόμενός
1293 1699 1351 1736 τε
1384 1683 1479 1736 καὶ
1513 1682 1869 1756 μακροθυμή-

282 1790 404 1838 σας,
426 1771 513 1843 μὴ
536 1773 1016 1844 παρασιωπήσῃς
1033 1791 1046 1804 ·
1081 1773 1196 1828 ἀλλ’
1223 1774 1509 1832 ἀναλαϐὼν
1544 1776 1611 1845 ¹τὸ
1656 1777 1758 1847 τῆς
1792 1775 1869 1830 δι-

1978 595 2061 634 me
2105 596 2164 634 os
2214 597 2391 636 suum.
2422 578 2627 635 Deinde
2676 581 2806 652 quia
2842 581 2980 652 ipsis
3019 579 3259 638 traditus
3292 580 3398 636 fuit
3423 582 3570 636 sicut

1977 672 2099 726 ovis
2131 671 2200 727 ad
2235 672 2656 743 jugulationem,
2694 681 2749 729 et
2787 673 2932 728 sicut
2963 688 3140 745 agnus
3177 673 3300 729 sine
3331 673 3564 740 malitia,

1979 777 2164 820 coram
2199 763 2461 820 tondente
2489 764 2612 821 sine
2633 780 2792 830 voce,
2809 765 3062 821 videntes
3095 765 3219 836 ejus
3247 765 3566 838 passionem

1977 854 2062 910 sic
2106 854 2554 911 vociferabantur
2603 871 2619 914 :
2683 854 2855 926 Euge,
2911 855 3090 926 Euge!
3131 855 3377 912 viderunt
3423 857 3568 912 oculi

1976 947 2169 1002 nostri.

2048 1121 2430 1182 Vsus.23~26.
2497 1122 2709 1190 Vidisti,
2754 1124 3000 1191 Domine,
3051 1143 3116 1181 ne
3165 1125 3347 1182 sileas.
3387 1125 3564 1198 Supe-

1973 1217 2092 1272 rius
2124 1216 2263 1271 dixit
2315 1236 2328 1272 :
2371 1216 2598 1284 Quando
2645 1219 2930 1287 respicies?
2979 1219 3036 1273 in
3078 1217 3336 1288 praesenti
3381 1233 3562 1274 vero:

1985 1308 2198 1374 Vidisti,
2221 1309 2493 1367 Domine?
2520 1310 2727 1383 Ecquid
2747 1312 2920 1368 vidit?
2940 1312 3097 1379 Quod
3129 1297 3320 1369 dolose
3346 1328 3407 1368 se
3429 1328 3565 1370 con-

1973 1403 2247 1469 venerint,
2287 1411 2344 1458 et
2401 1403 2550 1474 quod
2605 1403 2961 1460 dilatavcrint
3019 1413 3216 1461 contra
3269 1406 3451 1477 ipsum
3499 1420 3564 1462 os

1973 1511 2158 1557 suum.
2188 1503 2244 1551 et
2287 1496 2458 1566 quod,
2503 1512 2561 1551 re
2615 1513 2716 1568 pro
2773 1505 2903 1553 voto
2958 1507 3132 1569 gesta,
3158 1498 3560 1554 clamaverint:

1973 1587 2143 1660 Euge,
2163 1586 2348 1658 Euge!
2379 1587 2618 1643 viderunt
2641 1590 2782 1643 oculi
2814 1590 3003 1644 nostri.
3026 1588 3108 1643 Tu
3139 1597 3346 1654 autem,
3377 1587 3564 1644 Domi-

1971 1695 2062 1748 ne,
2097 1681 2192 1751 qui
2229 1682 2346 1736 hmc
2368 1681 2583 1748 vidisti,
2620 1682 2719 1739 sed
2758 1682 3034 1754 patienter
3065 1697 3132 1738 ac
3159 1682 3439 1739 moderate
3472 1692 3564 1738 tu-

1971 1772 2108 1840 listi,
2143 1789 2208 1827 ne
2228 1773 2387 1830 sileas
2415 1790 2435 1829 :
2467 1774 2563 1830 sed
2593 1784 2878 1847 assumpto
2897 1776 3129 1847 iustitia:
3161 1785 3268 1831 tuae
3296 1774 3562 1831 tribunali

279 1865 576 1939 καιοσύνης
602 1883 694 1920 σου
723 1867 1005 1939 κριτήριον
1024 1867 1149 1938 λέγε
1167 1886 1182 1899 ·
1217 1869 1408 1924 Ταῦτα
1426 1869 1741 1938 ἐποίησας,
1768 1871 1863 1926 καὶ

1973 1864 2061 1919 dic
2100 1884 2113 1918 :
2147 1863 2277 1919 ch
2321 1867 2516 1935 fecisti,
2542 1875 2592 1921 et
2641 1867 2783 1921 tacui
2823 1868 2906 1935 ‘7;
2954 1882 3020 1922 ac
3048 1882 3271 1922 rursum
3305 1885 3320 1923 :
3366 1865 3558 1930 Tacui,

278 1957 573 2028 ἐσίγησα·
608 1960 703 2014 καὶ
731 1959 890 2015 πάλιν
913 1977 927 1991 ·
971 1960 1338 2030 Ἐσιώπησα,
1360 1961 1447 2032 μὴ
1477 1963 1578 2018 καὶ
1603 1962 1696 2018 ἀεὶ
1725 1980 1867 2018 σιω-

278 2046 582 2119 aviaeum;
628 2048 1011 2122 ’Δνθρωπίνῳς
1029 2043 1088 2100 δὲ
1137 2049 1370 2104 ἱκετεύει
1411 2049 1582 2118 λέγων
1610 2049 1750 2122 πρὸς
1775 2050 1866 2105 τὸν

276 2139 474 2196 ἑαυτοῦ
513 2141 767 2213 Πατέρα·
808 2141 908 2211 Μὴ
939 2141 1217 2211 ἀποστῇς
1240 2142 1342 2208 ἀπ’
1371 2141 1517 2212 ἐμοῦ
1536 2159 1549 2172 ·
1581 2142 1696 2207 καὶ,
1734 2141 1865 2207 Ἐξ-

276 2232 550 2303 ετέρθητι
581 2235 681 2289 καί
720 2235 987 2304 πρόσχες
1013 2233 1088 2304 τῇ
1114 2235 1331 2304 κρίσει,
1363 2238 1397 2290 ὁ
1434 2235 1580 2302 Θεός
1600 2252 1720 2305 μου
1763 2235 1863 2294 καὶ

275 2326 311 2378 ό
334 2325 549 2392 Κυριός
587 2341 708 2395 μου
752 2327 841 2392 εἰς
888 2323 1004 2394 τὴν
1051 2325 1230 2394 δίκην
1261 2343 1402 2396 μου.
1439 2325 1598 2380 Κατὰ
1633 2325 1742 2398 γὰρ
1774 2326 1864 2380 τὸν

275 2415 469 2487 καιρὸν
499 2415 593 2470 τοῦ
623 2417 762 2490 ὑπὲρ
792 2416 948 2495 ἡμῶν
976 2416 1182 2482 πάθους
1205 2417 1458 2482 τοιαύτας
1478 2418 1628 2488 ἠφίει
1656 2417 1861 2487 φωνὰς,

276 2507 367 2562 ἵνα
415 2508 677 2581 πιστευθῇ
725 2508 1014 2584 ἄνθρωπος
1065 2509 1344 2581 ἀτρεκέως
1411 2509 1555 2564 κατὰ
1603 2509 1861 2582 ἀλήθειαν

277 2601 536 2672 γεγονὼς,
561 2603 656 2657 καὶ
681 2602 772 2657 τὸν
795 2603 936 2675 ὑπὲρ
969 2603 1125 2675 ἡμῶν
1154 2603 1383 2672 θάνατον
1404 2603 1665 2668 ἑκουσίως
1698 2620 1864 2658 κατα-

275 2693 582 2767 δεχόμενος.
633 2694 746 2750 Kal
786 2693 872 2764 μὴ
919 2694 1356 2764 ἐπιχαρήσειάν
1385 2712 1510 2765 μοι,
1543 2695 1631 2765 μὴ
1679 2695 1863 2749 εἴποι-

277 2802 397 2852 σαν
447 2785 517 2840 ἐν
565 2786 838 2856 καρδίαις
876 2785 1106 2841 αὐτῶν·
1158 2782 1336 2857 Εὖγε,
1384 2781 1546 2857 εὖγε,
1593 2788 1632 2856 ἡ
1687 2786 1859 2858 ψυχὴ

276 2878 478 2949 ἡμῶν]
517 2879 675 2950 μηδὲ
717 2880 1031 2934 εἵποισανε
1078 2881 1448 2951 Κατεπίομεν
1489 2881 1703 2935 αὐτόν.
1759 2879 1859 2934 Σοῦ

275 2973 407 3046 γὰρ,
422 2973 608 3044 φησιν.
628 2972 1006 3038 ἐπεξελθόντος
1028 2975 1141 3036 τοῖς
1157 2972 1602 3045 τετολμημένοις,
1631 2972 1722 3026 καὶ
1745 2971 1862 3045 κρί-

276 3082 464 3131 ναντος
497 3064 637 3120 κατά
664 3064 765 3136 τὴν
797 3063 1145 3134 δικαιοσύνην
1196 3080 1311 3128 σου,
1353 3063 1454 3116 οὐκ
1499 3064 1861 3136 ἐπιχειρήσον-

273 3173 396 3223 eat,
446 3155 555 3209 οὐδ’
602 3153 819 3227 ἐροῦσιν
866 3156 924 3208 ὲν
962 3159 1083 3220 ταῖς
1131 3155 1385 3227 καρδίαις
1416 3156 1628 3210 αὐτῶν·
1679 3151 1857 3228 Εὖγε,

1973 1976 2043 2013 an
2064 1976 2265 2029 semper
2288 1959 2466 2014 tacebo
2485 1961 2568 2014 ⁸θῖ
2599 1959 2850 2016 Humano
2880 1969 3063 2015 autem
3088 1975 3243 2016 more
3275 1958 3428 2014 Patri
3455 1972 3562 2014 suo

1973 2050 2250 2122 supplicat
2281 2051 2369 2106 his
2401 2051 2588 2108 verbis
2625 2067 2638 2108 2
2676 2051 2761 2108 Ne
2809 2051 3052 2108 discedas
3083 2070 3116 2107 a
3160 2069 3242 2106 me
3265 2067 3284 2117 ;
3310 2058 3364 2105 et
3399 2069 3414 2106 :
3447 2049 3561 2105 Ea:-

1969 2160 2126 2213 surge
2152 2153 2202 2198 et
2230 2144 2439 2199 intende
2473 2145 2684 2214 judicio
2707 2161 2843 2208 meo,
2873 2143 3016 2199 Deus
3039 2159 3182 2199 meus
3215 2153 3265 2197 et
3294 2141 3558 2196 Dominus

1970 2251 2119 2289 meus
2139 2235 2195 2289 in
2209 2252 2429 2291 causam
2463 2253 2652 2291 meam.
2683 2236 2953 2306 Tempore
2983 2250 3221 2306 namque
3257 2249 3358 2304 pro
3395 2232 3558 2288 nobis

1971 2333 2240 2398 suscepta:
2272 2327 2548 2396 passionis
2581 2328 2719 2382 tales
2740 2327 3022 2381 emittebat
3052 2340 3237 2390 voces,
3275 2333 3335 2378 ut
3361 2322 3554 2378 crede-

1969 2427 2123 2476 retur
2151 2420 2313 2476 homo
2332 2420 2509 2476 factus
2532 2421 2835 2476 secundum
2865 2420 2945 2476 rei
2978 2418 3364 2481 veritatem,ac
3391 2431 3557 2486 spon-

1968 2515 2024 2564 te
2046 2523 2147 2579 pro
2185 2509 2346 2564 nobis
2372 2517 2606 2565 mortem
2661 2510 2999 2581 suscepisse.
3034 2508 3102 2562 Et
3126 2524 3230 2562 non
3259 2523 3556 2576 supergau-

1967 2598 2126 2655 deant
2156 2600 2304 2666 mihi,
2330 2619 2394 2658 ne
2428 2601 2611 2655 dicant
2647 2603 2700 2654 in
2743 2599 2991 2656 cordibus
3034 2600 3146 2654 suis
3175 2615 3194 2653 :
3216 2597 3384 2669 Euge,
3410 2596 3558 2668 Euge

1968 2695 2164 2750 animle
2200 2696 2422 2750 nostrce.’
2452 2711 2544 2750 nec
2565 2694 2750 2749 dicant
2781 2710 2800 2748 :
2824 2693 3201 2749 Devoravimus
3234 2709 3375 2754 eum.
3416 2691 3474 2747 Si
3495 2699 3556 2748 ιυι

1966 2787 2137 2851 enim,
2163 2786 2366 2857 inquit,
2395 2788 2508 2842 haec
2540 2787 2786 2842 facinora
2810 2785 3122 2849 ulciscaris,
3154 2794 3208 2840 et
3230 2785 3446 2855 judices
3467 2797 3557 2839 se-

1966 2877 2499 2946 cundumjustitiam
2534 2887 3072 2948 tuam,nequaquam
3094 2876 3175 2930 illi
3205 2876 3552 2947 gaudebunt:

1967 2985 2146 3040 neque
2173 2969 2365 3025 dicent
2393 2969 2450 3023 in
2482 2969 2746 3025 cordibus
2780 2969 2899 3025 suis
2933 2987 2946 3022 :
2983 2968 3152 3039 Euge,
3197 2963 3382 3038 Euge!
3413 2981 3548 3036 βιω-

1966 3061 2139 3116 valuit
2165 3061 2348 3115 anima
2381 3069 2592 3116 nostra.
2619 3060 2848 3116 Etiamsi
2880 3061 3027 3116 enim
3055 3060 3109 3114 id
3134 3074 3230 3120 ore
3258 3057 3554 3130 aliquando

1967 3151 2332 3223 protulerint,
2377 3163 2432 3208 at
2462 3152 2629 3210 corde
2664 3168 2775 3208 non
2811 3152 2886 3207 ita
2915 3152 3230 3222 loquentur,
3259 3166 3438 3222 neque
3467 3150 3553 3205 di-

271 3242 435 3318 εὖγε,
455 3247 673 3320 ἴσχυσεν
702 3249 735 3320 ἡ
764 3247 910 3320 ψυχὴ
943 3247 1120 3320 ἡμῶν.
1161 3250 1223 3302 Εἰ
1252 3249 1363 3320 γὰρ
1401 3248 1496 3302 καὶ
1524 3247 1604 3319 τῷ
1637 3249 1863 3322 στόματι

1968 3254 2140 3301 cent:
2173 3243 2554 3300 Devoravimus
2608 3261 2750 3310 eum,
2799 3243 3023 3316 quando
3089 3244 3552 3300 resurrectionem

274 3341 454 3394 αὐτῶν
481 3355 614 3392 ποτε
641 3335 801 3394 τοῦτο
829 3341 1134 3413 εἰρήκασιν,
1164 3340 1280 3394 ἀλλ’
1321 3341 1382 3394 οὐ
1429 3341 1525 3398 καὶ
1569 3344 1689 3405 ταῖς
1723 3360 1863 3415 καρ-

271 3430 415 3496 δίαις
439 3431 616 3486 αὐτῶν
655 3431 870 3505 ὲροῆσιν
893 3449 907 3463 ·
940 3431 1060 3486 οὐδὲ
1090 3433 1322 3504 φήσουσι
1342 3449 1355 3462 ·
1380 3433 1748 3504 Κατεπίομεν
1766 3437 1866 3490 αὑ-

271 3524 404 3590 τὸν,
458 3523 556 3597 τὴν
605 3525 904 3600 ἀνάστασίν
965 3542 1066 3597 μου
1112 3525 1206 3582 καὶ
1256 3526 1356 3598 τῆς
1395 3527 1720 3599 Ἐκκλησίας
1764 3529 1864 3600 τῆς

272 3615 416 3686 ἐμῆς
437 3614 537 3687 τὴν
564 3614 684 3670 καθ’
709 3614 839 3688 ὅλης
862 3614 963 3686 τῆς
987 3614 1312 3687 οἰκουμένης
1336 3613 1544 3686 ἵδρυσιν
1575 3613 1868 3687 θεώμενοι.

270 3705 644 3762 Καταπίνεται
670 3707 768 3777 μὲν
789 3705 898 3780 γὰρ
923 3708 952 3760 ὁ
981 3704 1128 3786 ἅπαξ
1159 3706 1238 3770 εἰς
1281 3705 1438 3777 βυθὸν
1470 3707 1726 3778 χωρήσας
1769 3707 1863 3760 καὶ

277 3797 471 3870 μηκέτ’
501 3797 888 3870 ἀναϐεϐηκώς·
920 3797 1062 3853 οὕτω
1093 3799 1202 3870 γάρ
1235 3815 1363 3853 ποτε
1395 3798 1654 3852 κατέπιεν
1698 3801 1728 3853 ό
1767 3799 1863 3853 θά-

273 3907 432 3953 νατος
466 3891 711 3964 ἰσχύσας.
749 3890 907 3946 Ἀλλά
932 3893 1093 3946 κάκεῖ
1130 3893 1177 3946 οἱ
1222 3890 1617 3955 καταποθέντες
1642 3891 1861 3947 ἐπαλιν-

273 3982 578 4058 δρόμησαν,
609 3982 692 4037 διὸ
721 3983 994 4040 λέλεκται·
1027 3984 1135 4050 Καὶ
1172 3981 1357 4037 πάλιν
1382 3982 1631 4052 ἀφεῖλεν
1649 3986 1683 4038 ὁ
1717 3983 1861 4052 Θεὸς

274 4069 400 4134 πᾶν
429 4071 697 4140 δάκρυον
726 4072 843 4127 ἀπὸ
870 4071 1096 4138 παντὸς
1128 4069 1472 4140 προσώπου.

347 4165 456 4218 Καὶ
495 4164 730 4220 ἐνταῦθα
771 4164 970 4231 τοίνυν,
994 4167 1042 4219 εἰ
1081 4165 1176 4218 καὶ
1204 4167 1341 4237 πρὸς
1377 4167 1566 4240 καιρόν
1598 4183 1718 4219 τινα
1751 4165 1861 4219 ἔδο-

275 4255 374 4327 ξαν
414 4256 578 4311 αὑτὸν
622 4257 940 4311 καταπίνειν
963 4297 978 4322 ,
1043 4256 1157 4312 ἀλλ’
1184 4258 1284 4311 οὐκ
1321 4259 1400 4322 εἰς
1443 4258 1627 4322 τέλος,
1673 4258 1858 4329 φησὶν,

273 4346 491 4419 ἐροῦσι,
541 4347 893 4424 προφητικῶς
932 4347 1049 4401 κατ’
1093 4347 1233 4404 αὺτά
1267 4347 1570 4414 θεσπίζων·
1607 4351 1862 4416 Αἰσχυν-

273 4439 528 4508 θείησαν
567 4429 667 4494 καί
708 4439 1151 4508 ὲντραπειήσαν
1191 4438 1312 4509 ἅμα
1353 4441 1406 4492 οἰ
1449 4439 1548 4492 ἐπι
1551 4438 1860 4508 χαίρρντες

273 4534 399 4601 τοῖς
435 4533 643 4602 κακοῖς
685 4550 838 4604 μου·
888 4533 1366 4602 ἐνδυσᾴσθωσαν
1414 4532 1718 4602 αἰσχύνην
1760 4531 1860 4586 καί

271 4627 576 4696 ἐντροπὴν
625 4629 680 4681 ol
733 4625 1401 4698 μεγαλορῤτυιονοῦντες
1451 4625 1543 4678 ἐπ’
1587 4624 1709 4694 ἐμέ.
1749 4624 1860 4677 Καὶ

273 4720 450 4796 ταῦτα
472 4721 531 4796 δὲ
556 4721 704 4786 ὅπως
728 4720 917 4784 τέλους
935 4719 1125 4790 ἔτυχεν
1154 4719 1532 4790 ἀναφερόμενα
1556 4717 1650 4771 ἐπὶ
1676 4715 1738 4770 τὸ
1762 4713 1858 4769 τοῦ

548 4813 706 4887 ἡμῶν
753 4814 1062 4884 πρόσωπον,
1096 4812 1275 4888 ῥᾴδιον
1301 4811 1364 4883 δὴ
1401 4811 1548 4864 ἰδεῖν.
1592 4810 1680 4877 Ἐξ
1719 4809 1861 4863 ὲκεί-

272 4923 366 4961 van
390 4907 519 4979 γάρ,
550 4907 644 4961 καὶ
682 4909 761 4971 εἰς
981 4903 1079 4969 τοῦ
1109 4905 1299 4977 χρόνου
1333 4903 1733 4976 ἀπερριμμένοι
1763 4900 1860 4956 καὶ

272 4997 568 5073 ᾁπόόλητοι
597 4998 923 5070 τυγχάνουσι
974 4996 1143 5052 πάλαι
1192 4997 1469 5070 κομῶντες
1519 4998 1611 5051 ὲπί
1646 4995 1858 5059 πολλοῖς

271 5089 626 5162 χαρίσμασιν.
664 5091 725 5144 Ol
766 5089 811 5142 δ’
853 5089 912 5156 ἐξ
957 5087 1212 5144 ἁπάντων
1259 5089 1367 5142 τῶν
1418 5088 1586 5142 ἐθνῶν
1628 5088 1720 5142 τὸν
1764 5087 1855 5140 ὑπ’

271 5183 453 5238 αὐτῶν
478 5185 818 5259 ἀνῃρημένον
851 5183 1310 5258 παραδεδεγμένοι
1335 5183 1432 5255 τῆς
1469 5183 1568 5254 μὲν
1595 5180 1855 5235 πολυθέΟυ

273 5275 484 5352 πλάνης
508 5275 932 5348 ὴλευθέρωνται,
962 5275 1052 5329 τὸν
1091 5275 1135 5330 δ’
1169 5277 1262 5328 ἐπὶ
1293 5275 1510 5329 πάντων
1532 5273 1665 5327 Θεὸν
1703 5274 1858 5327 εὐσε-

273 5367 494 5436 ϐοῦντες
517 5368 870 5424 διατελοῦσιν.
901 5365 1014 5424 Εἶθ’
1047 5371 1095 5422 οἱ
1139 5370 1237 5440 μὲν
1275 5367 1540 5439 αἰσχύνην
1582 5367 1856 5438 καταχεά-

276 5481 426 5536 μενοι
457 5463 539 5533 ἐφ’
559 5458 641 5528 οἷς
670 5463 924 5538 ἔδρασαν,
957 5465 1351 5536 ἐνετράπησαν,
1395 5464 1442 5516 οἰ
1487 5461 1544 5514 δὲ
1579 5462 1721 5533 χαρᾷ
1764 5461 1860 5514 καὶ

272 5555 581 5630 παρρησίας
610 5557 879 5629 ὁσημέραι
929 5555 1288 5628 πληροῦνται·
1323 5554 1398 5618 ὡς
1429 5552 1766 5627 πληροῦσθαι
1798 5552 1859 5605 τὺ

272 5647 426 5720 παρὰ
447 5648 668 5703 Μωῦσεῖ
701 5647 879 5716 λόγιον
909 5646 1087 5718 φῆσαν
1119 5645 1252 5716 πρὸς
1279 5643 1369 5698 τὸν
1406 5641 1671 5697 Ἰουδαίων
1697 5639 1853 5694 λαόν·

342 5830 389 5882 Ψ
425 5829 727 5903 Psal.sux,
758 5830 849 5886 21.

924 5830 968 5863 tu
1008 5826 1113 5895 ηδε,
1151 5841 1295 5893 ml,
1339 5825 1426 5891 lt.
1497 5821 1541 5857 δ’
1582 5822 1685 5878 lsa.
1722 5838 1862 5888 xxv,
1899 5821 1952 5880 8.

1966 3353 2169 3404 meam,
2196 3346 2252 3394 et
2299 3337 2604 3396 Ecclesiam
2656 3339 2787 3395 item
2848 3353 3026 3394 meam
3067 3339 3176 3394 late
3210 3355 3306 3410 per
3359 3334 3552 3393 orbem

1966 3443 2322 3504 propagatam
2352 3431 2720 3502 conspicient.
2757 3428 2807 3493 Is
2836 3445 3074 3501 namque
3107 3431 3426 3497 devoratur,
3455 3432 3550 3503 qui

1966 3525 2136 3581 semel
2161 3525 2214 3579 in
2240 3524 2573 3596 profundum
2607 3523 2888 3595 delapsus,
2908 3522 3037 3578 inde
3072 3537 3353 3593 nunquam
3381 3539 3556 3580 emer-

1965 3617 2043 3688 git
2073 3638 2086 3674 :
2122 3618 2203 3673 sic
2227 3617 2373 3672 enim
2407 3631 2556 3672 mors
2586 3617 2738 3681 olim,
2769 3631 2896 3672 cum
2952 3615 3290 3686 praevaleret,
3320 3615 3549 3671 devorm

1964 3707 2079 3762 bat.
2132 3709 2330 3762 Verum
2377 3709 2471 3778 qui
2509 3706 2756 3763 devorati
2807 3713 2958 3771 sunt,
2999 3707 3111 3778 jam
3161 3713 3546 3770 revertuntur.

1963 3816 2135 3872 quare
2153 3800 2362 3868 dictum
2387 3807 2474 3856 est
2509 3818 2524 3856 ι
2561 3798 2628 3853 Ει
2656 3817 2868 3855 rursum
2891 3800 3112 3866 abstulit
3144 3799 3406 3856 Dominus
3435 3818 3550 3857 am-

1963 3909 2082 3962 nem
2117 3893 2407 3965 lacrymam
2434 3892 2500 3946 ab
2539 3890 2682 3947 omni
2704 3893 2853 3947 uultu
2883 3892 2954 3943 δ’.

2034 4157 2137 4213 llic
2185 4157 2352 4228 igitur
2383 4158 2601 4214 etiamsi
2654 4157 2722 4212 ad
2763 4165 2980 4227 tempus
3020 4155 3200 4226 ipsum
3255 4155 3548 4214 devorasse

1961 4251 2065 4308 visi
2097 4261 2261 4317 sunt;
2285 4260 2341 4305 at
2369 4267 2480 4306 non
2514 4252 2570 4306 in
2598 4250 2759 4304 linem
2784 4264 2979 4320 usque,
3014 4248 3211 4319 inquit,
3237 4247 3310 4303 ita
3337 4249 3545 4318 dicent,

1963 4346 2390 4418 propheticeque
2417 4347 2602 4402 statim
2628 4344 2962 4398 vaticinatur
2987 4361 3000 4397 :
3031 4340 3362 4396 Erubescant
3395 4352 3443 4396 et
3467 4360 3548 4398 re-

1964 4448 2240 4494 vereantur
2264 4437 2446 4501 simul,
2477 4437 2568 4507 qui
2588 4435 2935 4507 gratulantur
2963 4433 3122 4487 malis
3140 4433 3292 4488 meis.
3312 4431 3547 4489 Induan-

1965 4540 2052 4584 tur
2105 4527 2412 4597 confusione
2445 4537 2494 4582 et
2545 4526 2838 4582 reverentia
2887 4525 2978 4595 qui
3033 4539 3226 4596 magna
3261 4525 3547 4594 loquuntur

1964 4637 2120 4691 super
2153 4637 2251 4676 me.
2302 4618 2429 4674 Haec
2484 4633 2652 4689 porro
2683 4631 2846 4688 quem
2889 4616 3054 4670 linem
3095 4615 3291 4671 sortita
3336 4615 3447 4670 sint
3475 4614 3546 4669 ad

1965 4728 2260 4782 personam
2301 4710 2608 4766 Salvatoris
2640 4707 2819 4765 nostri
2854 4706 3104 4773 reducta,
3132 4705 3439 4776 intelligere
3464 4705 3548 4760 fa-

1965 4803 2070 4857 cile
2092 4811 2196 4857 est.
2231 4800 2310 4855 Ex
2331 4815 2396 4856 eo
2426 4799 2628 4870 quippe
2658 4798 2725 4853 ad
2759 4797 2864 4853 hoc
2898 4812 3075 4869 usque
3103 4805 3319 4867 tempus
3345 4795 3545 4867 abjecti

1965 4909 2031 4950 ac
2064 4893 2277 4964 depulsi
2307 4900 2460 4956 sunt,
2505 4891 2596 4963 qui
2632 4891 2764 4945 olim
2809 4890 2988 4961 gratia
3031 4889 3305 4960 donisque
3355 4888 3546 4945 multis

1965 4969 2326 5044 ornabantur.
2387 4985 2458 5039 At
2511 4992 2782 5056 quotquot
2840 4999 2908 5039 ex
2970 4982 3227 5055 gentibus
3273 4981 3546 5040 universis

1963 5093 2111 5144 eum,
2138 5077 2234 5148 qui
2281 5077 2352 5132 ab
2398 5077 2506 5133 illis
2557 5074 2885 5132 interfectus
2926 5082 3032 5140 est,
3062 5083 3407 5144 receperunt,
3442 5072 3485 5130 ii
3511 5089 3546 5131 a

1964 5172 2262 5238 multorum
2309 5171 2538 5226 deorum
2587 5184 2778 5225 errore
2815 5168 3031 5224 liberati
3067 5175 3218 5233 sunt,
3264 5165 3545 5239 Deumque

1963 5263 2350 5319 universorum
2410 5269 2730 5326 constanter
2789 5275 2854 5316 ac
2902 5261 2992 5331 pie
3058 5260 3270 5316 colunt.
3329 5257 3546 5314 Exhinc

1965 5371 2134 5428 porro
2160 5355 2238 5409 illi
2259 5354 2503 5427 quidem,
2527 5354 2599 5409 ob
2628 5353 2846 5408 facinus
2868 5359 3104 5418 tantum,
3131 5351 3343 5422 pudore
3364 5347 3544 5405 allecti

1968 5465 2033 5504 ac
2091 5448 2309 5506 confusi
2361 5455 2520 5514 sunt;
2552 5447 2632 5502 illi
2664 5453 2847 5502 autem
2889 5445 3090 5517 gaudio
3144 5442 3457 5513 fiduciaque
3485 5437 3546 5497 in

1966 5543 2085 5600 dies
2113 5543 2433 5614 replentur;
2465 5541 2539 5595 ita
2600 5547 2662 5596 ut
2710 5538 2846 5595 illud
2897 5538 3100 5610 Moysis
3136 5535 3420 5593 oraculum
3470 5530 3548 5598 ad

1966 5636 2278 5695 Jsudaeorum
2314 5635 2574 5708 populum
2619 5642 2876 5708 spectans
2914 5632 3206 5704 impleatur
3243 5650 3256 5689 :
3290 5625 3546 5699 Prosclys
