4122 6454
313 397 420 454 317

1426 400 1932 458 COMHENTARIA
1969 403 2035 460 IN
2069 403 2411 466 PSALMOS.

2994 330 3072 345 ...ς

3473 412 3580 470 318

308 509 524 578 ἐαιτῷ,
564 513 698 587 πρὸς
757 513 836 586 τῷ
883 514 1050 582 τέλει,
1094 515 1248 572 Ἐκεῖ
1281 517 1514 572 ἔπεσαν
1568 517 1792 585 πάντες
1843 535 1884 572 04

2002 519 2180 577 fuerat
2213 540 2228 578 :
2261 521 2412 576 Dixit
2433 521 2666 592 injustus
2710 529 2768 574 ut
2789 519 3062 595 delinquat
3097 525 3150 579 in
3181 525 3490 597 semetipso;
3523 530 3580 582 in

309 603 682 675 ἐργαζόμενοι
718 605 834 674 τὴν
865 608 1143 678 ἀνομίαν,
1171 607 1530 679 ἐξώσθησαν
1557 613 1654 666 καὶ
1683 615 1754 667 οὐ
1789 612 1892 667 δυ-

307 695 601 765 νήσονται
631 698 876 768 στῆναι.
903 701 1059 762 Κατὰ
1095 701 1152 754 δὲ
1185 702 1253 756 τὰ
1289 701 1429 773 μέσα
1477 703 1753 772 θεολογίαν
1793 721 1890 758 πε-

311 788 484 870 ριέχει
524 789 620 855 καὶ
659 786 768 843 τῶν
817 789 1081 861 θεοφιλῷν
1127 792 1336 865 ἀνδρῶν
1383 794 1593 864 ἀγαθὰς
1646 795 1887 860 ἐλπίδας.

305 878 573 945 Λέλεκται
599 879 657 932 δὲ
694 880 868 947 ταῦτα
888 879 967 951 τῷ
990 880 1163 952 δούλῳ
1189 881 1393 954 Κυρίου
1417 882 1497 954 τῷ
1512 887 1550 934 Δ
1565 883 1705 938 αυῒδ.
1721 883 1892 944 Τοῦτο

306 970 417 1044 γὰρ
444 972 479 1042 ἡ
525 972 820 1046 προγραφὴ
857 976 1139 1044 σημαίνει·
1167 973 1245 1038 δς,
1270 973 1537 1047 ἀφορίσας
1571 975 1764 1030 ἑαυτὸν
1789 976 1890 1047 τῆς

303 1061 416 1118 τῶν
447 1063 782 1136 παρανόμων
805 1063 1027 1136 τάξεως,
1043 1064 1245 1136 συνῆψε
1277 1068 1342 1135 τῇ
1376 1065 1471 1119 τοῦ
1497 1064 1638 1130 Θεοῦ⁴
1660 1066 1886 1139 ἱκετείᾳ,

302 1155 384 1227 τῷ
405 1156 556 1229 νόμῳ
589 1156 683 1224 καὶ
712 1158 832 1224 ταῖς
864 1156 960 1210 τοῦ
994 1155 1129 1211 Θεοῦ
1167 1156 1450 1227 διαταγατς
1476 1157 1668 1212 ἑαυτὸν
1714 1175 1888 1212 κατα-

301 1247 596 1312 δουλώσας.
639 1247 890 1302 Διδάσκει
935 1248 993 1302 δὲ
1032 1249 1282 1314 καὶτοὺς
1320 1248 1541 1312 λοιποὺς
1567 1248 1889 1321 ἀνθρώπους

298 1343 372 1396 τὰ
404 1342 565 1420 ὃμοια
598 1340 751 1414 αῦτῷ
786 1341 1069 1414 πράττειν,
1097 1343 1191 1396 καὶ
1229 1343 1303 1414 μὴ
1338 1341 1744 1412 συναπάγεσθαι
1775 1344 1889 1412 τοῖς

297 1435 662 1508 παρανόμοις.

374 1528 571 1596 Φησίν
593 1531 626 1583 ό
661 1527 1006 1598 ,παράνομος
1032 1527 1138 1583 τοῦ
1167 1527 1528 1598 ἁμαρτάνειν
1564 1527 1633 1582 ἐν
1661 1525 1854 1596 ἑαυτῷ
1871 1543 1884 1557 ·

294 1621 416 1675 οὐκ
463 1618 596 1674 ἔστι
635 1621 818 1690 φόϐος
867 1619 1016 1689 Θεοῦ
1056 1619 1343 1675 ἀπέναντι
1390 1619 1510 1673 τῶν
1564 1619 1888 1690 ὀφθαλμῶν

291 1708 506 1784 αὐτοῦ,
538 1711 657 1778 Ὅτι
687 1711 990 1780 ἑδόλωσεν
1019 1711 1276 1778 ἐνώπιον
1310 1710 1522 1775 αὐτοῦ,
1553 1710 1660 1765 τοῦ
1687 1710 1888 1780 εὑρεῖν

1993 613 2101 668 line
2135 616 2210 668 ait
2240 630 2255 666 :
2290 614 2374 668 Ibi
2400 613 2697 669 ceciderunt
2726 631 2904 670 omnes
2949 616 3040 686 qui
3070 628 3359 686 operantur
3389 619 3585 689 iniqui-

1994 714 2176 768 tatem,
2206 706 2411 774 expulsi
2443 715 2567 759 sunt
2600 722 2691 760 nec
2719 716 2962 775 poterunt
2987 719 3150 764 stare.
3179 711 3238 765 In
3269 711 3450 766 medio
3481 726 3582 766 au-

1992 803 2105 853 tem
2179 798 2505 869 theologiam
2535 812 2599 852 ac
2633 797 2830 853 bonam
2865 800 3081 870 piorum
3119 801 3403 858 hominum
3427 818 3580 874 spem

1991 891 2393 961 complectitur.
2418 890 2542 946 Haec
2571 906 2736 961 porro
2763 891 2952 948 Davidi
2977 911 3144 960 servo.
3169 895 3389 952 Domini
3424 896 3581 953 dicta

1991 989 2152 1048 sunt;
2191 983 2244 1037 id
2273 983 2418 1038 enim
2448 983 2736 1057 inscriptio
2767 987 3043 1058 signiﬁcat
3070 1003 3084 1040 :
3113 989 3210 1060 qui
3243 988 3416 1045 David
3448 1004 3578 1044 cum

1989 1087 2050 1129 se
2089 1074 2158 1138 ab
2182 1075 2553 1146 improborum
2584 1079 2777 1134 ordine
2815 1080 3160 1145 semovisset,
3193 1079 3308 1136 Deo
3343 1096 3404 1136 se
3438 1095 3576 1150 sup-

1991 1167 2190 1238 plicem
2216 1167 2487 1234 exhibuit,
2517 1184 2582 1224 ac
2630 1171 2735 1242 legi
2766 1170 3083 1243 divinisque
3113 1173 3338 1228 statutis
3387 1171 3578 1244 subje-

1991 1260 2067 1315 cit
2100 1279 2113 1314 :
2144 1261 2468 1333 exterisque
2500 1261 2818 1320 hominibus
2853 1278 3047 1320 auctor
3077 1273 3183 1328 est,
3220 1271 3282 1318 ut
3319 1263 3580 1338 sigliliter

1991 1361 2177 1425 agant,
2226 1367 2404 1425 neque
2460 1351 2529 1408 ad
2565 1352 2941 1424 improborum
2997 1353 3341 1410 consortium
3388 1351 3578 1409 detra-

1992 1441 2226 1504 bantur.

2060 1533 2226 1600 Vens.
2255 1534 2377 1592 2-5.
2416 1532 2567 1595 Dixit
2613 1537 2842 1608 injustus
2888 1545 2947 1592 ut
2987 1535 3259 1609 delinquat
3298 1539 3353 1593 in
3386 1545 3580 1594 semet-

1988 1627 2123 1697 ipso,
2159 1646 2264 1684 non
2293 1639 2372 1690 est
2405 1631 2563 1685 timor
2600 1629 2698 1685 Dei
2754 1641 2877 1686 ante
2916 1631 3093 1686 oculos
3137 1631 3274 1701 ejus.
3311 1631 3574 1701 Quoniam

1990 1720 2172 1776 dolose
2186 1723 2287 1792 egit
2302 1723 2360 1783 in.
2376 1733 2652 1792 conspectu
2665 1723 2714 1794 ej
2719 1741 2801 1788 us,
2815 1734 2872 1777 ut
2887 1724 3184 1778 inveniatur
3195 1724 3446 1794 iniquitas
3462 1724 3577 1794 ejus

293 1805 418 1874 τὴν
434 1805 691 1875 ἀνομίαν
714 1803 900 1866 αὐτοῦ
930 1803 1031 1865 καί
1056 1803 1339 1876 μισῆσαι.
1362 1803 1702 1876 Σαφέστερον
1728 1804 1786 1860 δὲ
1817 1805 1884 1860 τὰ

1993 1813 2062 1867 ad
2085 1812 2285 1868 odium.
2311 1813 2437 1876 Haec
2461 1817 2706 1886 apertius
2727 1815 3186 1888 Symmachushis
3203 1816 3382 1873 verbis
3406 1817 3576 1872 inter-

293 1899 640 1973 προκείμενα
666 1899 1009 1972 ἡρμήνευσεν
1035 1899 1064 1952 6
1103 1897 1416 1970 Σύμμαχος,
1439 1897 1625 1951 τοῦτον
1652 1898 1884 1961 ἀποδοὺς

1989 1909 2236 1972 pretatus
2276 1913 2404 1961 est:
2447 1879 2600 1968 Dixit
2651 1904 2715 1959 de
2763 1879 3052 1976 defectione
3099 1907 3248 1976 impii
3287 1906 3431 1961 intus
3483 1923 3575 1962 cor

290 1997 393 2050 τὸν
413 1995 640 2067 τρόπον·
665 1977 862 2062 Φυηᾶ-ίν
899 1993 1032 2066 περί
1068 1992 1442 2057 ὼυνθεσίας
1479 1991 1587 2046 τοῦ
1622 1990 1886 2058 ἀσεϐοῦς

293 2086 601 2154 ἐνδοθενή
614 2084 826 2155 καρδία
835 2102 955 2155 μου
973 2101 986 2114 ·
1015 2086 1099 2142 Οὐ
1127 2083 1428 2152 πρόκειται
1462 2085 1495 2136 ό
1522 2083 1706 2152 φόϐος
1735 2081 1886 2136 Θεοῦ

291 2179 581 2248 ἄντικρυς
612 2176 731 2233 τῶν
767 2177 1088 2248 ὀφθαλμῶν
1129 2174 1336 2233 αὑτοῦ.
1369 2177 1498 2230 Ὅτι
1543 2176 1885 2241 ἐξολισθαί-

291 2287 432 2326 retr
472 2269 544 2330 τὰ
580 2270 712 2340 περὶ
773 2269 959 2326 αὐτοῦ
1005 2268 1187 2333 δοκεῖ,
1235 2268 1343 2334 τοῦ
1395 2267 1708 2337 εὑρεθῆναι
1772 2266 1888 2336 τὴν

297 2364 542 2419 ἀδικίαν
563 2361 752 2418 αὐτοῦ
777 2365 866 2430 εὶς
891 2361 959 2417 τὸ
976 2359 1306 2432 μισηθῆναι
1337 2359 1548 2428 αὑτήν.
1563 2360 1662 2416 Διά
1683 2359 1888 2415 τούτων

294 2455 410 2527 γὰρ
453 2455 614 2528 αὐτὸς
645 2457 674 2509 δ
707 2454 890 2520 Δαυῒδ,
935 2452 1122 2525 Ἐμοῦ,
1168 2454 1354 2526 φησὶν,
1402 2454 1436 2524 ἡ
1477 2452 1674 2525 καρδία
1725 2453 1821 2507 καὶ
1858 2454 1888 2506 6

295 2546 430 2618 ἐμὸς
456 2545 715 2618 λογισμὸς
747 2544 919 2599 ταῦτα
951 2545 1079 2616 περὶ
1103 2543 1198 2602 τοῦ
1224 2542 1454 2608 ἀσεϐοῦς
1479 2543 1670 2616 ἀνδρὸς
1708 2543 1886 2597 ἐνενό-

295 2653 418 2710 ησε.
442 2636 552 2710 Τὴν
579 2635 686 2710 γὰρ
745 2633 1084 2708 Θεωρητικὴν
1115 2633 1278 2692 αὐτοῦ
1314 2633 1563 2706 δύναμιν,
1589 2635 1655 2688 δι’
1675 2629 1742 2708 ἧς
1768 2634 1886 2689 ἐδύ-

297 2745 429 2784 νατο
443 2728 644 2798 γνῶναι
657 2727 748 2781 τὸν
764 2725 927 2796 φόϐον
941 2725 1032 2779 τοῦ
1049 2723 1206 2790 Θεοῦ,
1229 2725 1486 2780 ὲδόλωσεν
1526 2725 1753 2799 αὐτοὺς(
1769 2737 1796 2779 s
1811 2727 1883 2800 ic)

297 2821 490 2878 ἑαυτὸν
513 2822 613 2894 τῆς
643 2819 879 2883 διανοίας
916 2819 1079 2874 αὐτοῦ
1117 2821 1244 2884 τοὺς
1281 2819 1592 2892 ὀφθαλμοὺς
1635 2818 1886 2892 διαστρέ-

294 2915 424 2987 ψας.
448 2916 538 2969 Διὸ
559 2914 701 2970 κατὰ
722 2913 822 2986 τὴν
850 2912 1144 2986 Ἑϐραῖκὴν
1169 2913 1474 2982 ἀνάγνωσιν
1493 2929 1507 2942 ο
1539 2913 1642 2966 Ἐν
1662 2914 1886 2982 ὀφθαλ-

293 3009 432 3079 μοῖς
471 3007 657 3064 αὐτοῦ
711 3008 928 3079 εἴρηται
965 3003 1380 3069 δεδολωκέναι,
1409 3002 1516 3057 τοῦ
1547 3002 1746 3072 εὑρεῖν
1771 3002 1886 3072 τὴν

295 3097 554 3166 ἀνομίαν
575 3096 785 3160 αὐτοῦ,
819 3096 916 3150 καί
937 3095 1233 3166 μισῆσαι·
1267 3093 1443 3158 Οὕτω,
1477 3095 1660 3167 φησὶν,
1693 3093 1883 3148 ἑαυτὸν

294 3189 600 3262 διέστρεψε,
627 3188 721 3242 καὶ
749 3187 840 3243 τὸν
870 3186 1033 3258 φόϐον
1058 3186 1153 3241 τοῦ
1183 3187 1320 3241 Θεοῦ
1352 3186 1460 3241 τῶν
1488 3185 1681 3240 ἑαυτοῦ
1716 3187 1884 3260 ἀπέρ-

1986 2009 2156 2047 meum
2175 2009 2193 2047 :
2210 1991 2332 2050 Non
2362 1995 2661 2063 propositus
2685 2004 2762 2052 est
2780 1995 2940 2049 timor
2965 1995 3060 2050 Dei
3087 2006 3208 2050 ante
3229 1995 3408 2050 oculos
3435 1995 3572 2064 ejus.

1987 2086 2129 2154 Quia
2164 2104 2317 2142 ruere
2336 2087 2575 2142 uidentur
2594 2104 2676 2141 res
2711 2090 2850 2157 ejus,
2881 2098 2939 2141 ut
2989 2089 3290 2142 inveniatur
3315 2088 3572 2159 iniquitas

1985 2176 2100 2247 ejus
2128 2177 2196 2232 ad
2229 2178 2510 2246 adiendum
2531 2195 2669 2236 eam.
2690 2176 2788 2234 His
2821 2179 3023 2250 quippe
3046 2177 3218 2234 David
3250 2179 3365 2234 haac
3395 2194 3576 2236 enun-

1987 2270 2088 2324 tiat
2119 2289 2131 2325 :
2157 2268 2268 2326 Cor
2293 2285 2474 2325 meum
2503 2278 2558 2330 et
2589 2270 2851 2342 cogitatio
2876 2285 2996 2326 mea
3027 2271 3144 2327 haec
3173 2271 3240 2327 de
3259 2271 3428 2343 impio
3456 2272 3575 2330 viro

1987 2361 2397 2419 intellexerunt.
2427 2361 2563 2424 Nam
2607 2379 2704 2434 per
2751 2363 3078 2434 speculandi
3127 2365 3260 2430 vim,
3316 2380 3427 2435 qua
3476 2363 3573 2422 Dei

1988 2454 2240 2509 timorem
2271 2469 2438 2511 nosse
2470 2461 2708 2526 poterat,
2741 2454 3008 2512 intellexit
3037 2471 3163 2511 eum
3187 2456 3306 2512 suis
3331 2471 3390 2512 se
3431 2455 3575 2513 dolis

1987 2543 2295 2616 decepisse,
2345 2550 2658 2618 mentisque
2686 2563 2800 2602 suae
2844 2548 3038 2606 oculos
3065 2547 3353 2602 evertisse.
3390 2546 3574 2613 Quare

1988 2638 2292 2694 secundum
2335 2639 2660 2698 Hebraicam
2702 2640 2994 2708 lectionem
3034 2639 3239 2694 dicitur
3266 2654 3280 2691 :
3308 2636 3375 2692 In
3403 2638 3573 2699 oculis

1986 2730 2101 2801 ejus
2132 2730 2314 2786 dolose
2357 2732 2546 2802 egisse,
2591 2741 2650 2785 ut
2698 2733 2930 2798 inueniat
2966 2731 3300 2802 iniquitatem
3349 2730 3484 2801 ejus,
3521 2740 3573 2787 et

1986 2823 2108 2878 odio
2138 2823 2350 2879 habeat.
2371 2822 2472 2891 Ita,
2505 2823 2704 2895 inquit,
2724 2839 2847 2880 sese
2877 2823 3169 2888 subvertit,
3202 2823 3570 2894 timoremque

1985 2912 2082 2970 Dei
2111 2915 2180 2969 ab
2216 2914 2394 2970 oculis
2426 2914 2546 2970 suis
2590 2913 2813 2984 abjecit,
2847 2921 2905 2969 ut
2956 2913 3221 2984 iniquitas
3250 2913 3372 2982 ejus
3397 2913 3572 2975 mani-

1987 3006 2125 3062 festa
2169 3005 2448 3074 evaderet,
2492 3006 2738 3077 ipsisque
2769 3005 2947 3061 oculis
2979 3012 3189 3076 pateret
3221 3019 3285 3060 ac
3317 3005 3566 3061 invenire-

1988 3109 2075 3155 tur
2100 3143 2116 3168 ,
2171 3115 2344 3172 eoque
2378 3098 2541 3155 modo
2589 3099 2751 3170 digna
2802 3098 2931 3155 odio
2958 3110 3126 3154 esset.
3158 3096 3346 3160 Palam
3385 3104 3569 3159 autem

1986 3190 2078 3246 ille
2107 3207 2166 3247 se
2206 3197 2430 3259 peccato
2462 3189 2689 3254 dedidit,
2739 3191 2812 3242 ita
2847 3196 2907 3243 ut
2944 3189 3109 3244 verba
3155 3187 3269 3244 oris
3299 3187 3420 3260 ejus
3462 3187 3572 3260 ini-

299 3258 459 3357 ριψεν
500 3258 817 3353 όφθαλμῶν,
856 3281 932 3345 ὡς
978 3280 1078 3352 τὴν
1131 3280 1358 3352 ἀνομίαν
1408 3280 1572 3334 αὑτοῦ
1628 3258 1880 3354 προφανῆ

1988 3287 2170 3354 quitas
2201 3258 2256 3339 et
2296 3281 2456 3338 dolus
2487 3290 2696 3338 essent.
2745 3280 2870 3336 llaec
2911 3288 3093 3336 autem
3126 3280 3243 3351 ipsa
3274 3258 3566 3336 admodum

295 3374 608 3444 τυγχάνειν,
647 3372 740 3426 καὶ
785 3372 947 3426 πάλιν
975 3371 1206 3441 ὁρᾶσθαι
1238 3373 1330 3426 καὶ
1349 3371 1763 3442 εὑρίσκεσθαιο
1787 3373 1882 3428 καὶ

301 3466 387 3521 διὰ
409 3465 565 3520 τοῦτο
590 3465 781 3543 μίσους
807 3465 966 3532 ἀξίαν
992 3461 1151 3518 εἶναι.
1189 3463 1540 3544 Ἀκαλύπτως
1571 3464 1626 3518 δὲ
1659 3467 1687 3519 6
1708 3465 1881 3520 τοιοῦ-

307 3575 388 3622 τος
426 3557 685 3624 ἐξέδωκεν
715 3557 904 3635 ἑαυτὸν
930 3559 996 3628 τῇ
1027 3555 1292 3633 ἁμαρτία,
1324 3556 1399 3621 ὼς
1426 3557 1520 3611 καὶ
1553 3556 1621 3610 τά
1658 3557 1878 3629 ῥήματα

300 3650 394 3728 τοῦ
419 3650 686 3728 στόματος
713 3649 877 3704 αὑτοῦ
910 3648 1142 3720 ἀνομίαν
1175 3644 1314 3703 εἶναι
1343 3639 1438 3726 καὶ
1461 3649 1626 3704 δόλον.
1649 3650 1796 3704 Πάνυ
1825 3650 1881 3704 δὲ

301 3745 471 3798 ταῦτα
499 3744 638 3799 ἑκὼν
666 3744 857 3809 είλετο,
884 3744 979 3797 ἆτε
1009 3743 1072 3815 δὴ
1099 3741 1446 3812 αῦτεξούσιος
1483 3741 1578 3808 ὢν,
1609 3744 1701 3796 καὶ
1725 3743 1882 3798 δυνά-

304 3856 463 3910 μενος
505 3839 604 3909 μὲν
635 3838 732 3911 τὴν
763 3836 972 3909 ἀγαθὴν
1012 3835 1289 3908 μετελθεῖν
1310 3835 1450 3900 ὁδὸν,
1489 3835 1567 3907 μὴ
1604 3836 1882 3909 βουληθεὶς

301 3930 391 3984 δέ·
445 3929 524 3983 διὸ
565 3925 843 3984 λέλεκταιο
905 3932 1026 3996 Οὐκ
1085 3927 1386 3997 ἐϐουλήθη
1443 3928 1716 3983 συνιέναι
1775 3929 1882 3985 τοῦ

300 4021 619 4092 ἀγαθῦναι·
658 4022 915 4091 ἀνομίαν
1057 4020 1438 4092 διελογίσατο
1479 4020 1578 4074 ἐπὶ
1613 4019 1724 4088 τῆς
1753 4022 1874 4075 κοί-

300 4131 408 4181 της
439 4114 643 4169 αὑτοῦ.
671 4113 806 4185 Οὐδὲ
834 4115 962 4192 γάρ,
988 4115 1130 4169 κατά
1171 4113 1262 4167 τὸν
1299 4113 1488 4186 καιρὸν
1523 4114 1623 4185 τῆς
1649 4113 1879 4187 ἡσυχίας

1987 3374 2158 3431 libere
2197 3373 2383 3445 elegit,
2440 3380 2629 3444 utpote
2679 3373 2838 3428 liberi
2901 3372 3136 3437 arbitrii,
3190 3388 3356 3444 penes
3405 3389 3568 3445 quem

1985 3475 2104 3524 erat
2128 3466 2272 3521 viam
2322 3465 2474 3522 adire
2503 3466 2726 3529 bonam,
2757 3465 2902 3537 quod
2936 3466 3024 3520 ille
3057 3465 3262 3534 noluit;
3300 3467 3571 3537 quamob-

1993 3575 2108 3614 rem
2172 3557 2381 3612 dictum
2416 3564 2540 3613 est:
2575 3555 2762 3610 Noluit
2803 3556 3092 3627 intelligere
3122 3567 3180 3610 ut
3211 3556 3334 3613 bene
3372 3569 3571 3630 ageret;

1985 3650 2103 3715 sed,
2135 3651 2467 3723 iniquitatem
2491 3648 2772 3704 meditatus
2795 3659 2872 3705 est
2899 3651 2951 3704 in
2971 3649 3212 3704 cubiculo
3242 3668 3360 3709 suo.
3385 3651 3573 3724 Neque

1984 3745 2130 3803 enim
2162 3745 2365 3817 quietis
2415 3752 2680 3815 tempore,
2722 3759 2830 3814 quo
2875 3753 2998 3814 post
3029 3742 3228 3798 diurna
3278 3759 3443 3815 opera
3473 3745 3574 3799 ho-

1985 3838 2163 3914 mines
2187 3838 2322 3903 otio,
2373 3837 2764 3909 tranquillitati
2801 3843 2856 3892 et
2906 3851 3101 3892 somno
3142 3852 3204 3892 se
3246 3837 3448 3892 dedere
3488 3851 3575 3894 so-

1984 3930 2119 4002 lent,
2154 3930 2280 4003 talis
2318 3930 2482 3986 homo
2532 3929 2586 3985 in
2627 3929 2924 4000 tranquillo
2973 3936 3120 3985 statu
3166 3928 3437 4000 degebat;
3472 3925 3572 3985 sed

1985 4039 2054 4081 eo
2083 4039 2303 4096 quoque
2333 4031 2578 4095 tempore
2607 4023 2940 4095 iniquitatem
2978 4021 3266 4077 meditatus
3291 4028 3370 4075 est
3389 4021 3443 4074 ir.
3476 4033 3569 4074 su-

1987 4115 2081 4172 bili
2111 4133 2227 4173 suo.

301 4206 360 4260 ἑν
461 4205 600 4279 μετά
630 4208 727 4271 τὰς
763 4205 1132 4279 μεθημερινὰς
1176 4203 1405 4277 πράξεις
1439 4205 1666 4270 ἑαυτοὺς
1702 4205 2034 4262 ἐπιδιδόασιν
2095 4206 2369 4278 ἄνθρωποι
2403 4205 2610 4278 ἠρεμίᾳ
2670 4203 2764 4258 καὶ
2805 4201 3096 4274 εὐσταθείᾳ
3125 4201 3220 4256 καὶ
3282 4200 3454 4274 ὕπνῳ,
3508 4202 3569 4256 ἐν

301 4298 631 4354 καταστάσει
664 4297 873 4374 γαλήνῃ
911 4295 1132 4366 γέγονεν
1189 4296 1217 4348 6
1253 4296 1520 4361 τοιοῦτος·
1563 4295 1698 4352 ἀλλά
1730 4298 1823 4353 καὶ
1858 4298 1916 4374 ἐν
1953 4295 2128 4376 τοῦτῳ
2153 4299 2232 4372 τῷ
2290 4285 2467 4371 καιρῷ
2498 4297 2756 4368 ἀνομίαν
2771 4295 3152 4367 διελογίσατο
3179 4295 3278 4350 ἐπὶ
3306 4294 3416 4364 τῆς
3443 4296 3567 4351 κοί-

300 4407 409 4462 της
447 4391 654 4468 αὑτοῦτ
852 4385 857 4391 ’

370 4485 568 4555 Κύριε,
595 4485 666 4539 ἐν
694 4484 773 4560 τῷ
805 4484 1038 4554 οὐρανῷ
1067 4485 1132 4540 τὸ
1153 4487 1326 4554 ἔλεός
1352 4503 1490 4542 σου.
1515 4486 1727 4560 Σφόδρα
1753 4487 1881 4542 ἀκο-

2057 4483 2223 4558 νειιε.
2253 4485 2307 4551 6,
2343 4485 2393 4539 7.
2414 4483 2658 4555 Domine,
2679 4482 2735 4536 in
2755 4480 2882 4540 caelo
2906 4480 3270 4552 misericordia
3293 4491 3404 4538 tua.
3438 4481 3572 4541 Post

299 4576 505 4640 λοὺθως
534 4575 672 4648 μετά
703 4558 804 4648 τὴν
842 4575 1161 4648 ὑπογραφὴν
1185 4579 1284 4649 τῆς
1307 4578 1402 4632 τοῦ
1436 4558 1752 4652 παρανόμου
1783 4597 1880 4636 κα-

1988 4578 2318 4649 descriptam
2334 4575 2570 4648 improbi
2592 4572 2834 4638 hominis
2855 4571 3176 4642 nequitiam,
3195 4573 3569 4642 praecellentes

301 4670 428 4732 κίας
453 4669 544 4723 τδν
577 4668 981 4747 ὑπερϐάλλοντα
1014 4669 1239 4723 πλοῦτον
1266 4670 1364 4741 τῆς
1395 4670 1488 4724 τοῦ
1513 4669 1645 4747 Θεοῦ
1677 4689 1884 4743 μακρο-

1989 4673 2113 4728 illas
2160 4671 2359 4738 divinae
2408 4666 2712 4732 tolerantia:
2768 4664 2988 4722 divitias
3033 4664 3324 4720 admodum
3376 4679 3572 4725 conse-

305 4761 503 4834 Θυμίας
543 4763 892 4838 παρίστησιν,
930 4761 998 4814 δι’
1034 4757 1104 4836 ἦς
1138 4762 1232 4816 καὶ
1277 4762 1385 4815 τῶν
1427 4763 1759 4841 παρανόμων
1786 4763 1882 4838 καί

303 4854 514 4909 ἀσεϐῶν
547 4853 755 4926 ἀνδρῶν
804 4851 1086 4924 ἀνέχεται·
1121 4853 1407 4918 διδάσκων,
1436 4854 1518 4907 ὃτι
1545 4857 1577 4908 ὀ
1615 4853 1878 4920 πλοῦτος

304 4946 417 5016 τῆς
439 4947 846 5016 χρηστότητος
878 4945 1064 5001 αὐτοῦ
1106 4945 1205 5000 καί
1247 4943 1354 5013 τῆς
1385 4945 1614 5019 ἀνοχῆς
1641 4946 1740 5001 καί
1769 4945 1882 5015 τῆς

300 5042 709 5109 μακροθυμίας
741 5038 890 5092 ἐλέου
925 5039 1278 5110 πεπλήρωται
1307 5025 1563 5110 μεγάλου.
1589 5039 1699 5092 Καὶ
1720 5039 1884 5115 τοῦτο

305 5133 368 5187 τὺ
397 5133 542 5198 ἔλεος
576 5133 668 5187 τοῦ
695 5130 829 5186 Θεοῦ
873 5132 1044 5186 αίτιον
1071 5131 1325 5202 τυγχάνει
1356 5133 1452 5206 τῆς
1478 5131 1584 5185 τῶν
1617 5133 1882 5206 ἀμαρτωτ

304 5223 414 5280 λῶν
462 5225 556 5279 καὶ
588 5224 798 5279 ἀσεϐῶν
829 5224 1036 5299 ἀνδρῶν
1068 5224 1212 5297 ζωῆς
1243 5241 1301 5279 τε
1345 5217 1438 5278 καὶ
1467 5221 1748 5295 εὐθυμίας.
1780 5223 1884 5277 Τὸν

310 5319 409 5392 μὲν
449 5314 540 5373 οῦν
581 5318 851 5392 θησαυρὸν
903 5316 998 5372 τοῦ
1047 5317 1229 5386 ἐλέους
1261 5315 1446 5390 ,αὑτοῦ
1495 5313 1884 5388 τεταμιεῦσθαί

308 5428 472 5487 φησιν
518 5412 575 5464 ἐν
626 5409 703 5482 τῷ
741 5409 953 5483 οὐρανῷ
998 5409 1135 5464 άλλά
1169 5410 1263 5473 καὶι
1299 5407 1396 5481 τὴν
1433 5407 1690 5480 ἀλήθειαν
1719 5407 1883 5462 αὐτοῦ

309 5499 448 5564 εἶναι
477 5504 606 5572 παρ’
635 5502 802 5573 αὐτῷ,
830 5502 1159 5576 πληροῦντες
1179 5507 1196 5524 ⁶
1215 5501 1390 5556 πάντα
1409 5499 1479 5555 τά
1495 5502 1596 5555 ὑπε
1605 5502 1881 5574 ρουράνια·

306 5596 455 5681 ὅμως
491 5595 546 5648 δὲ
597 5593 898 5664 καὶμέχρι
948 5593 1065 5648 τῶν
1115 5593 1496 5665 νεφελῶννῆ,
1540 5593 1718 5664 μέχρι
1770 5593 1887 5649 τῶν

307 5686 572 5768 αίθέρων,
597 5685 734 5740 κατά
762 5687 854 5741 τὸν
877 5686 1190 5758 Σύμμαχον,
1211 5687 1440 5758 διήκειν.
1457 5686 1612 5740 Οὕτω
1635 5685 1765 5757 γοῦν
1790 5688 1880 5764 καὶ

381 5869 427 5910 ⁵⁸
464 5867 623 5933 Rom.
657 5885 729 5934 ll,
762 5869 814 5929 ι.
892 5871 936 5903 ³³
976 5869 1122 5926 Psal.
1157 5885 1436 5926 Lxxxvm.
1473 5869 1528 5926 θ.

1988 4773 2221 4841 quenter
2257 4770 2502 4826 enarrat,
2547 4774 2656 4830 qua
2699 4759 2917 4828 iniquos
2970 4755 3276 4826 impiosque
3317 4755 3570 4812 homines

1985 4857 2129 4914 ferre
2154 4853 2531 4923 solet,docens
2547 4850 2763 4924 divitias
2797 4848 3047 4903 bonitatis
3075 4848 3189 4918 ejus
3219 4856 3266 4902 et
3299 4847 3569 4917 patientiae

1987 4961 2036 5006 et
2064 4947 2489 5020 longanimitatis
2509 4946 2590 5012 “,
2641 4939 3025 5000 misericordia
3080 4953 3276 5010 magna
3330 4939 3567 5008 repletas

1989 5058 2132 5099 esse.
2165 5043 2344 5113 Atque
2383 5042 2574 5104 isthmc
2620 5036 3002 5097 misericordia
3035 5034 3132 5091 Dei
3170 5035 3228 5089 in
3259 5046 3428 5087 causa
3456 5039 3564 5098 est,

1988 5133 2136 5210 quod
2167 5141 2483 5205 peccatores
2509 5138 2564 5196 et
2595 5130 2746 5208 impii
2779 5129 2965 5185 vivant
3003 5134 3058 5184 et
3094 5125 3350 5182 alacriter
3379 5133 3562 5196 agant.

1989 5225 2331 5284 Thesaurum
2388 5225 2570 5295 itaque
2624 5219 3022 5278 misericordiae
3069 5218 3190 5290 ejus
3233 5218 3291 5274 in
3313 5217 3453 5273 casio
3479 5231 3566 5272 re-

1990 5317 2273 5374 conditum
2301 5317 2402 5382 ait,
2440 5313 2536 5377 sed
2569 5313 2855 5372 veritatem
2893 5327 3112 5383 quoque
3139 5309 3258 5380 ejus
3285 5324 3453 5380 penes
3483 5307 3566 5378 ip-

1990 5424 2114 5466 sum
2143 5423 2294 5478 esse;
2324 5407 2440 5480 haec
2487 5413 2672 5462 autem
2717 5403 2966 5460 coelestia
3013 5416 3201 5456 omnia
3250 5399 3562 5470 complent;

1993 5511 2232 5558 attamen
2265 5517 2427 5573 usque
2454 5500 2523 5564 ad
2561 5498 2744 5566 nubes,
2769 5498 2876 5560 vel,
2909 5503 2969 5551 ut
2994 5493 3354 5568 Symmachus
3378 5490 3562 5555 habet,

1992 5611 2153 5665 usque
2184 5592 2252 5668 ad
2276 5594 2472 5648 (ethera
2503 5597 2812 5664 penetrant.
2850 5588 2941 5645 Sic
2967 5589 3022 5644 in
3043 5587 3151 5643 alio
3180 5598 3396 5656 quoque
3423 5580 3565 5652 psal-

1987 5702 2078 5745 mo
2108 5687 2314 5744 dictum
2335 5694 2419 5744 est
2445 5702 2459 5739 :
2497 5684 2560 5741 In
2587 5683 2713 5742 caelo
2739 5682 3126 5754 prwparabitur
3156 5678 3350 5736 veritas
3378 5683 3471 5731 tua
3491 5675 3561 5733 ".
