4122 6454
513 385 617 441 519
873 415 876 422 -
1212 381 1480 440 EUSEBII
1517 380 1992 440 CJESARIE‘NSIS
2028 379 2177 438 OPP.
2217 350 2398 432 PARS
2443 373 2532 438 Ill.
2556 414 2626 425 —
2662 379 3070 439 EXEGETICA.
3664 377 3778 438 520

512 501 730 561 Veritas
760 502 943 573 itaque
975 501 1072 558 Dei
1105 502 1160 558 in
1193 503 1335 558 caelo
1357 511 1443 560 est
1473 521 1489 557 :
1516 504 1643 560 inde
1666 519 1795 560 vero
1828 519 1928 560 ceu
1962 503 2049 575 plu

2177 504 2240 558 ὲν
2270 493 2446 572 ἑτέρῳ
2470 502 2747 557 λέλεκταιο
2791 504 2894 558 Ἐν
2915 501 2995 568 τῷ
3013 497 3248 570 οὐρανῷ
3277 498 3774 570 ἐτοιμασθήσεται

501 597 588 651 via
619 597 672 652 in
709 596 950 652 nubibus
979 595 1092 650 lata
1125 595 1294 651 stillat
1324 595 1381 649 in
1415 602 1638 650 terram.
1693 594 1817 650 loco
1851 596 2072 660 dicitur,

499 687 572 742 Et
604 688 795 743 ueritas
820 695 913 741 tua
935 703 1096 758 usque
1125 687 1194 740 ad
1217 686 1400 742 nubes.
1437 685 1514 742 Ex
1543 688 1782 744 nubibus
1815 698 1992 743 autem
2019 689 2075 743 in

499 781 752 837 homines
791 781 1000 837 veritas
1049 779 1143 836 Dei
1191 778 1489 842 eli‘unditur
1519 797 1534 846 ;
1567 779 1740 835 nubes
1789 795 1920 835 vero
1952 795 2078 851 pro-

498 873 694 944 phetas
737 879 792 929 et
845 873 1121 944 angelicas
1151 872 1400 934 virtutes,
1436 887 1468 927 a
1499 871 1712 942 'quibus
1740 872 1944 927 veritas
1979 871 2075 926 Dei

498 963 815 1018 hominibus
845 962 1009 1016 allata
1038 971 1142 1028 est,
1174 959 1460 1031 Scriptura
1486 961 1626 1017 solet
1645 952 1937 1032 appellare.
1982 959 2074 1015 Sic

498 1056 555 1111 in
616 1053 757 1111 Isaia
801 1055 1004 1110 dictum
1029 1061 1114 1108 est
1138 1070 1152 1106 :
1175 1052 1246 1108 Et
1270 1053 1495 1110 nubibus
1517 1052 1779 1108 mandabo
1801 1069 1864 1108 ne
1887 1053 2078 1122 pluunt

495 1163 652 1216 super
668 1163 782 1202 eam
800 1146 1020 1200 imbrem
1039 1147 1108 1212 ⁸⁸,
1131 1146 1342 1203 scilicet
1370 1161 1535 1218 super
1556 1144 1868 1208 Iudaeorum
1903 1162 2078 1218 popu-

495 1237 747 1312 lum..qu.'
781 1238 990 1310 tropice
1023 1239 1183 1294 vinea
1226 1247 1476 1295 vocatur.

2185 596 2227 664 ἡ
2257 589 2511 659 ἀλήθειά
2549 613 2683 650 σου.
2721 597 2876 649 Ἔστι
2909 595 3006 666 μὲν
3031 589 3126 648 οὖν
3156 595 3189 666 ἡ
3225 593 3450 666 ἀλήθεια
3492 594 3587 648 τοῦ
3631 594 3772 650 Θεοῦ

2185 688 2247 740 ἐν
2279 685 2360 758 τῷ
2391 687 2626 760 οὐρανῷ,
2659 687 2814 760 δίκην
2865 687 2922 741 δὲ
2954 687 3110 741 ὑετοῦ
3147 687 3446 758 φερομένου
3473 687 3563 740 διά
3591 689 3774 759 νεφῶν

2155 781 2282 835 -καὶ
2340 782 2502 853 μέχρι
2545 781 2643 852 τῆς
2697 782 2799 851 γῆς
2856 779 3158 844 ὲπιστάζει.
3189 780 3280 832 Διὸ
3309 779 3558 852 εἴρηται·
3591 782 3700 834 Καὶ
3727 783 3772 851 ἡ

2183 871 2441 940 ἁλήθειά
2467 889 2584 926 σου
2605 872 2718 939 ἕως
2739 870 2860 926 τῶν
2879 870 3170 941 νεφελῶν.
3207 871 3301 923 Ἐκ
3327 871 3384 924 δὲ
3414 870 3523 923 τῶν
3547 870 3774 942 λεγομέ-

2185 965 2294 1019 νῶν
2313 965 2550 1035 νεφελῶν
2571 965 2666 1018 καὶ
2691 967 2771 1028 είς
2797 963 3116 1036 ἀνθρώπους
3135 963 3425 1035 προχὲεται
3450 965 3484 1034 ή
3509 962 3607 1016 τοῦ
3631 961 3772 1018 Θεοῦ

2185 1057 2416 1130 ἀλήθεια
2435 1075 2449 1088 ·
2482 1057 2711 1127 νεφέλας
2748 1057 2806 1111 δὲ
2829 1058 2955 1121 τοὺς
2980 1057 3266 1129 προφήτας
3291 1056 3324 1128 ἦ
3347 1056 3445 1120 τὰς
3469 1055 3772 1125 summa;

2183 1145 2468 1220 δυνάμεις,
2493 1148 2560 1202 δι’
2587 1141 2662 1202 ὧν
2688 1149 2721 1220 ἠ
2748 1145 2974 1218 ἀλήθεια
3005 1147 3100 1200 τοῦ
3129 1146 3265 1200 Θεοῦ
3299 1149 3393 1201 καὶ
3431 1149 3512 1211 είς
3555 1145 3770 1218 ἀνθρὼ-

2186 1258 2324 1303 πους
2361 1241 2747 1312 κατελήλυθεν,
2777 1240 2965 1300 εῐωθεν
3005 1242 3034 1294 ὁ
3075 1239 3232 1310 λόγος
3269 1241 3575 1312 ὀνομάζειν.
3605 1240 3766 1294 Οὕτω

493 1330 754 1388 λέλεκταν
771 1335 829 1386 ὲν
868 1334 1095 1406 Ἡσαΐᾳ·
1118 1332 1230 1388 Καὶ
1261 1332 1390 1400 ταῖς
1443 1333 1728 1404 νεφέλαις
1762 1333 2116 1404 ἐντελοῦμαι
2155 1333 2263 1390 τοῦ
2305 1335 2393 1406 μὴ
2432 1334 2648 1404 βρέξαι
2690 1337 2779 1402 είς
2822 1333 3013 1390 αὑτὸν
3058 1334 3257 1400 ὑετὸν,
3299 1332 3499 1405 δηλαδὴ
3543 1335 3626 1399 είς
3667 1333 3766 1387 τὸν

505 1425 774 1480 Ἰουδαίων
830 1425 978 1492 λαὸν,
1024 1425 1324 1497 ἀμπελῶνα
1365 1427 1643 1498 τροπικῶς
1667 1427 2074 1499 ὠνομασμένον.

560 1520 642 1576 Ad
665 1522 780 1576 haec
811 1527 1016 1586 autem,
1043 1520 1258 1591 justitia
1285 1527 1400 1585 tua,
1432 1521 1628 1593 inquit,
1661 1521 1910 1588 Domine,
1945 1538 2064 1576 ma-

490 1628 596 1686 gna
628 1615 976 1686 excelsaque,
1011 1615 1314 1682 montibus,
1345 1615 1456 1672 imo
1489 1617 1768 1672 montibus
1792 1615 1885 1672 Dei
1915 1631 2066 1671 com-

2253 1521 2376 1574 Ἔτι
2429 1520 2566 1592 πρὸς
2607 1519 2816 1584 τούτοις
2864 1522 2897 1592 ἡ
2949 1519 3262 1590 δικαιοσύνη
3309 1537 3423 1584 σου,
3477 1521 3672 1591 φησὶν,
3713 1513 3764 1573 ὦ

2178 1612 2372 1682 Κύριε,
2391 1609 2599 1681 μεγάλη
2626 1611 2882 1682 τυγχάνει
2904 1611 2997 1664 καὶ
3026 1609 3224 1681 ὑψηλὴ,
3242 1609 3388 1681 ὄρεσι
3418 1609 3766 1680 παραϐαλλο-

492 1715 738 1778 paratur,
775 1722 840 1762 ac
869 1708 1094 1777 insuper
1115 1708 1321 1779 judicia
1356 1716 1449 1762 tua
1473 1709 2045 1780 incomprehensibilia

2180 1704 2336 1776 μένη,
2370 1705 2462 1758 καὶ
2489 1703 2637 1776 ὄρεσι
2672 1703 2826 1767 Θεοῦ,
2860 1705 2954 1758 καὶ
3001 1704 3136 1775 πρὸς
3175 1703 3385 1768 τούτοις
3416 1702 3484 1757 τὰ
3517 1704 3766 1776 κρίματά

491 1795 959 1863 Quemadmodum
984 1799 1128 1854 enim
1165 1800 1421 1872 abyssus,
1454 1808 1514 1856 ut
1543 1808 1761 1864 vocant,
1801 1801 2049 1856 immens:

2175 1813 2270 1850 σου
2318 1797 2701 1867 ἀκατάληπτα.
2769 1796 2858 1859 Ὠς
2911 1796 3020 1868 γάρ
3064 1797 3096 1867 ἡ
3154 1797 3464 1868 καλουμένη
3523 1797 3764 1862 ἄϐυσσος

489 1895 546 1941 et
565 1887 884 1944 hominibus
911 1889 1486 1962 incomprehensibilis
1509 1901 1624 1960 est;
1653 1893 1796 1962 quod
1832 1909 1964 1950 sane
1984 1895 2068 1951 his

491 1979 849 2052 signiﬁcatur,
876 1998 1070 2052 ponens
1099 1991 1152 2036 in
1177 1983 1436 2040 thesauris
1458 1985 1712 2055 abyssos:
1738 1986 1819 2041 sic
1835 1986 2066 2056 judicia,

493 2073 738 2136 Domine,
769 2087 890 2145 quae
918 2091 979 2130 ex
1009 2075 1226 2144 justitia
1271 2077 1540 2148 prodeunt
1571 2085 1684 2142 tua,
1711 2094 1810 2134 ceu
1840 2081 2062 2152 abyssus

491 2167 657 2222 multa
675 2168 719 2199 "
741 2175 890 2223 sunt.
919 2167 1026 2223 Pro
1055 2168 1150 2223 illo
1179 2176 1382 2234 autem,
1401 2169 1618 2239 justitia
1646 2181 1736 2226 tua
1757 2173 1892 2226 sicut
1913 2191 2061 2230 mon-

489 2267 566 2313 tes
604 2257 734 2322 Dei;
777 2259 996 2329 Aquila,
1035 2259 1256 2329 justitia
1305 2269 1399 2314 tua
1443 2263 1580 2316 sicut
1605 2274 1804 2320 montes
1835 2267 2060 2334 robusti,

488 2347 879 2418 interpretatus
918 2356 1020 2406 est.
1056 2349 1182 2406 Haec
1208 2366 1375 2422 porro
1403 2352 1585 2407 omnia
1612 2363 1920 2425 Opportune
1954 2373 2062 2414 me-

485 2445 817 2492 morantur:
850 2439 1293 2511 declaraturque,
1349 2457 1447 2513 per
1495 2444 1925 2502 misericordiam
1965 2448 2057 2505 Dci

483 2545 610 2600 quae
643 2531 699 2586 in
729 2533 874 2588 caelo
915 2543 1022 2598 est,
1066 2550 1164 2605 per
1194 2534 1480 2591 veritatem
1509 2543 1564 2590 et
1604 2537 1874 2607 justitiam
1913 2542 2058 2612 ejus,

490 2635 553 2676 ac
577 2637 674 2692 per
703 2623 856 2688 illud,
895 2623 1118 2680 Iudicia
1154 2627 1268 2696 ejus
1291 2636 1350 2682 ut
1397 2626 1618 2697 abyssus
1647 2629 1814 2686 multa
1857 2635 2057 2688 incom-

479 2713 854 2781 prehensibilia
906 2725 1065 2780 sunt,
1117 2717 1336 2790 impios,
1405 2721 1594 2780 atheos
1643 2732 1698 2779 et
1747 2737 2058 2795 peccatores

483 2820 592 2860 non
622 2806 733 2861 vita
762 2809 962 2872 solum,
995 2810 1089 2865 sed
1125 2812 1353 2882 reliquis
1385 2813 1550 2868 etiam
1581 2813 1689 2871 l‘rui
1713 2818 1871 2876 bonis
1902 2835 1930 2874 a
1954 2821 2056 2876 1)οε

481 2896 656 2953 nitate
684 2899 858 2970 ipsius
881 2900 1338 2961 subministratis.

2170 1890 2397 1961 ἄπειρός
2444 1893 2592 1944 ἐστιν
2648 1887 2956 1961 ἀνθρώποις
3003 1888 3098 1941 καὶ
3139 1886 3568 1957 ἀκατάληπτοςο
3616 1886 3645 1939 ὂ
3692 1886 3758 1957 δὴ

2171 1983 2428 2054 σημαίνει
2453 1985 2481 2036 ὁ
2503 1983 2680 2054 φήσας
2703 1981 2878 2049 λόγος·
2905 1978 3088 2044 Τιθεὶς
3122 1977 3193 2031 ἐν
3223 1977 3545 2047 θησαυροῖς
3572 1979 3758 2033 ἀσύσ-

2169 2088 2322 2139 σους
2343 2091 2356 2104 ’
2382 2073 2554 2136 οὕτως
2583 2072 2676 2126 καὶ
2703 2071 2770 2124 τά
2801 2070 2870 2124 σὰ
2898 2068 3162 2142 κρίματα,
3187 2061 3233 2120 ὦ
3268 2067 3458 2140 Κύριε,
3476 2068 3544 2122 τὰ
3569 2069 3633 2120 ἐκ
3655 2067 3755 2137 τῆς

2171 2167 2270 2238 σῆς
2346 2167 2690 2238 δικαιοσύνης
2771 2163 3065 2235 φερόμενα,
3113 2160 3188 2226 ὡς
3260 2163 3298 2230 ἠ
3329 2161 3604 2226 ἀϐυσσός
3637 2161 3753 2213 ἐστι

2169 2259 2390 2325 πολλή.
2435 2260 2581 2314 ’Λντὶ
2613 2260 2669 2313 δὲ
2701 2257 2818 2321 τοῦ,
2862 2258 2934 2311 Ἠ
2958 2255 3311 2322 δικαιοσύνη
3356 2269 3473 2308 σου
3521 2254 3602 2319 ὡς
3644 2253 3752 2321 ὄρη

2170 2350 2339 2416 Θεοῦ,
2371 2353 2399 2405 6
2439 2350 2688 2415 Ἀκύλας,
2717 2349 3077 2416 Δικαιοσύνη
3111 2363 3228 2401 σου
3251 2347 3333 2412 ὡς
3368 2345 3476 2415 ὄρη
3510 2344 3749 2415 ὶσχιφὰ,

2167 2442 2500 2514 ἡρμήνευσε.
2542 2441 2759 2494 Τούτων
2785 2440 2842 2494 δὲ
2869 2440 3086 2494 πάντων
3112 2437 3384 2508 εὐκαίρως
3411 2437 3748 2508 ἐμνημόνευ-

2168 2549 2256 2585 σεν
2284 2533 2313 2584 ὁ
2352 2531 2536 2600 λόγος·
2573 2531 2810 2595 δεικνὺς,
2839 2531 2920 2584 ὅτι
2959 2528 3048 2583 διά
3089 2529 3150 2583 τὸ
3176 2527 3323 2592 ἔλεός
3357 2544 3450 2581 σου
3485 2527 3579 2580 τοῦ
3613 2526 3746 2582 Θεοῦ

2165 2619 2228 2676 τδ
2266 2622 2324 2675 ὲν
2355 2619 2434 2691 τῷ
2467 2621 2700 2692 οὐρανῷ,
2734 2621 2828 2674 καὶ
2861 2619 2950 2674 διὰ
2992 2620 3092 2691 τὴν
3143 2618 3400 2690 ἀλήθειαν
3445 2616 3610 2673 αὐτοῦ
3653 2618 3749 2671 καὶ

2164 2709 2255 2762 διὰ
2295 2711 2395 2782 τὴν
2419 2711 2765 2784 δικαιοσύνην
2795 2711 2982 2775 αὐτοῦ,
3012 2712 3107 2765 καὶ
3131 2710 3220 2764 διὰ
3253 2711 3347 2764 τόο
3387 2711 3477 2774 Ὠς
3513 2708 3747 2773 ἄϐυσσος

2161 2802 2330 2873 πολλὴ
2373 2803 2738 2876 ἀκατάληπτα
2773 2803 2843 2860 τὰ
2883 2803 3126 2878 κρίματα
3159 2801 3346 2869 αὐτοῦ,
3393 2802 3489 2858 καὶ
3529 2800 3744 2866 ἀσεϐεῖς

2165 2895 2260 2960 καὶ
2285 2894 2434 2950 ἄθεοι
2454 2885 2550 2950 καὶ
2582 2897 2894 2968 ἁμαρτωλοὶ
2924 2887 2999 2951 οὐ
3013 2896 3170 2969 μόνον
3193 2895 3338 2972 ζωῆς
3359 2894 3742 2959 ἀπολαύουσιν,

479 2988 616 3044 ἀλλά
651 2993 748 3046 καὶ
793 2994 904 3048 τῶν
945 2995 1150 3053 λοιπῶν
1209 3000 1317 3054 τῶν
1371 3001 1480 3066 ἀπὸ
1517 3004 1618 3077 τῆς
1658 3005 2064 3079 φιλανθρωπίας
2101 3011 2264 3066 αὐτοῦ
2288 3015 2726 3086 χορηγουμένων.

549 3103 717 3162 Vsus.
751 3108 804 3164 8.
837 3109 1203 3183 Quamobrem
1258 3117 1518 3188 adjicitur
1549 3140 1564 3176 :
1602 3121 1855 3182 Homines
1879 3135 1930 3182 et
1959 3128 2052 3199 ju-

2233 3131 2324 3188 Διὸ
2355 3132 2664 3202 ὲπιλέγεται
2689 3151 2702 3164 ⁸
2752 3135 3114 3208 Ἀνθρώπους
3150 3134 3249 3189 καὶ
3276 3135 3464 3202 κτήνη
3495 3134 3736 3203 σώσεις,

479 3206 653 3296 menta
678 3199 933 3296 saluabis,
953 3202 1209 3270 Domine;
1231 3211 1669 3278 quemadmodum
1683 3216 2049 3288 multiplicasti

2155 3223 2346 3292 Κύριε,
2377 3224 2458 3291 ὡς
2488 3199 2838 3296 ἐπλήθυνας
2869 3199 2936 3282 τὸ
2970 3199 3144 3294 ἕλεος
3187 3199 3385 3294 σου,ϐ
3431 3199 3594 3295 Dede.

477 3285 902 3343 misericordiam
935 3300 1102 3358 tuam,
1135 3294 1301 3353 Deus.
1331 3295 1466 3354 Nam
1495 3285 1934 3376 propterjudicia
1962 3316 2053 3364 tua

447 3391 598 3455 iqute
631 3385 691 3432 ut
743 3379 982 3452 abyssus
1025 3387 1196 3440 multa
1245 3397 1396 3454 sunt,
1448 3401 1672 3463 propter
1696 3395 1966 3466 justitiam
1998 3409 2054 3456 et

471 3467 760 3525 veritatem
784 3479 933 3528 luam
959 3491 1078 3548 quae
1102 3477 1156 3532 in
1183 3480 1324 3535 cmlo
1339 3488 1444 3548 est,
1472 3482 1720 3542 homines
1739 3489 2052 3558 etjumenta

473 3559 639 3616 simul
676 3564 908 3620 salutem
943 3568 1209 3626 obtinent.
1239 3571 1330 3627 Sic
1356 3575 1723 3646 multiplicasti
1753 3581 2051 3638 misericor—

473 3649 620 3704 diam
653 3659 822 3717 tuam,
847 3654 1080 3720 Deus,ut
1110 3675 1219 3714 non
1244 3663 1406 3719 modo
1438 3667 1530 3736 qui
1564 3666 1734 3737 digni,
1767 3671 1862 3726 sed
1885 3673 2049 3728 etiam

475 3741 569 3812 qui
627 3745 808 3801 brutis
845 3749 1092 3806 moribus
1137 3760 1192 3808 et
1239 3753 1560 3826 insipientes
1605 3770 1730 3815 sunt
1772 3763 2043 3830 homines,

472 3835 581 3890 vita
632 3837 731 3893 abs
781 3845 836 3894 te
886 3840 1012 3898 data
1068 3843 1338 3902 fruantur.
1399 3848 1848 3924 Quandoquidem
1899 3857 2044 3912 enim

470 3927 630 3983 multi
661 3943 1078 4002 conqueruntur
1096 3946 1150 3993 et
1181 3945 1526 4012 expostulent
1547 3960 1669 3999 cum
1699 3947 1790 4002 illo
1816 3948 1902 4004 his
1933 3965 2049 4005 ver-

469 4021 588 4078 bis:
615 4021 796 4089 Quare
820 4024 973 4096 impii
993 4042 1254 4100 prospere
1274 4042 1462 4103 agunt,
1479 4051 1542 4090 ac
1565 4035 1654 4091 Dei
1675 4037 1833 4096 bonis
1859 4039 2043 4096 l‘ruuu-

468 4114 597 4169 tur'!
623 4116 944 4174 necessario
983 4118 1144 4177 docet
1179 4123 1403 4180 multam
1439 4127 1561 4198 ejus
1603 4129 2039 4188 misericordiam

468 4219 610 4260 esse.
635 4205 706 4260 At
734 4207 782 4262 si
808 4209 1186 4274 misericordia
1218 4221 1430 4271 tantum
1462 4233 1526 4274 ac
1546 4220 1832 4278 clementia
1860 4225 2040 4282 exsis-

465 4301 625 4360 teret,
659 4295 796 4350 nihil
824 4312 854 4352 a
883 4308 1235 4370 peccatorum
1271 4306 1382 4362 vita
1413 4307 1652 4366 ineunda
1673 4324 1901 4372 arceret.
1926 4315 2036 4376 Ye-

466 4399 591 4438 rum
637 4384 832 4443 edocet
861 4388 951 4445 ille
978 4394 1263 4451 veritatem
1293 4407 1349 4453 et
1403 4399 1674 4469 justitiam
1713 4421 1837 4460 cum
1870 4410 2036 4465 mise-

463 4473 700 4528 ricordia
733 4476 976 4544 misceri,
1003 4481 1079 4536 ita
1114 4491 1172 4538 ut
1205 4494 1331 4558 post
1367 4488 1798 4548 misericordiam
1820 4495 2033 4566 justitia

2157 3313 2266 3386 γὰρ
2321 3314 2390 3368 τὰ
2434 3317 2678 3388 κρίματά
2713 3335 2806 3371 σου
2841 3319 2908 3372 τά
2937 3320 3012 3384 ὡς
3040 3319 3272 3385 ἄϐυσσος
3316 3319 3507 3392 πολλὴ,
3531 3320 3625 3374 καὶ
3650 3319 3740 3375 διὰ

2152 3403 2250 3475 τὴν
2279 3404 2623 3480 δικαιοσύνην
2649 3425 2740 3461 σου
2774 3409 2866 3464 καὶ
2901 3410 2997 3482 τὴν
3031 3409 3285 3481 ἀλήθειάν
3319 3427 3412 3466 σου
3443 3411 3541 3483 τὴν
3569 3412 3627 3464 ὲν
3658 3409 3739 3482 τῷ

2151 3495 2384 3568 οὐρανῷ,
2406 3497 2682 3570 ἀνθρωττοι
2713 3502 2806 3555 καὶ
2844 3503 3013 3573 κτήνη
3043 3502 3184 3556 κατά
3200 3503 3259 3556 τὸ
3281 3503 3411 3565 αὐτὸ
3437 3500 3734 3566 σώζονται·

2149 3587 2320 3652 οὕτως
2342 3589 2691 3660 ἐπλήθυνας
2709 3591 2776 3646 τὸ
2797 3591 2972 3659 ἔλεός
3001 3608 3142 3661 σου,
3165 3594 3330 3660 Θεὸς,
3364 3595 3440 3658 ὡς
3467 3593 3542 3666 μὴ
3575 3594 3734 3665 μόνον

2146 3681 2272 3744 τοὺς
2303 3681 2486 3748 ἀξίους
2515 3683 2613 3754 τῆς
2645 3687 2710 3737 ὲκ
2761 3685 2854 3739 σοῦ
2892 3687 3037 3758 ζωῆς
3088 3686 3542 3758 μεταλαμϐάνειν,
3591 3686 3732 3740 ἀλλά

2148 3773 2240 3835 καὶ
2284 3775 2408 3838 τοὺς
2454 3775 2745 3847 κτηνὼδεις
2793 3779 2887 3832 καὶ
2939 3779 3196 3850 ἀνοήτους
3249 3779 3357 3832 τῶν
3402 3779 3724 3852 ἀνθρώπων.

2158 3863 2371 3937 Ἐπειδὴ
2424 3865 2531 3938 γάρ
2580 3867 2763 3922 πολλοὶ
2815 3868 3118 3939 μέμφονται
3160 3872 3255 3924 καὶ
3307 3869 3724 3924 καταιτιῶνταν

2147 3953 2264 4006 Ἵνα.
2291 3954 2344 4006 τί
2375 3955 2591 4020 ἀσεϐεῖς
2614 3957 2920 4028 εὐθηνοῦσι,
2958 3958 3052 4011 καὶ
3079 3958 3186 4018 τῶν
3217 3957 3312 4012 τοῦ
3339 3958 3472 4012 Θεοῦ
3507 3957 3738 4027 ἀγαθῶν,

2143 4045 2542 4116 ἀπολαύουσιν;
2604 4036 2918 4119 ἀναγκαίως
2975 4049 3234 4116 διδάσκει,
3292 4051 3374 4104 ὅτι
3434 4051 3726 4116 πολυέλεός

2143 4140 2310 4192 ἐστιν.
2350 4141 2486 4194 Ἀλλ’
2512 4142 2562 4194 εί
2600 4142 2697 4213 μὲν
2725 4138 2792 4215 ἦν
2831 4143 2974 4208 ἔλεος
3003 4143 3160 4215 μόνον
3195 4143 3289 4197 καὶ
3319 4143 3718 4216 φιλανθρωπία,

2138 4226 2293 4288 οὐδὲν
2316 4229 2550 4284 ἐκώλυεν
2578 4232 2670 4286 τὸν
2697 4232 2802 4288 τῶν
2827 4235 3162 4307 ἁμαρτωλῶν
3191 4235 3545 4308 μετέρχεσθαι
3568 4237 3679 4307 βίον
3701 4254 3717 4270 ο

2135 4317 2375 4382 διδάσκει
2423 4321 2500 4384 δὲ,
2540 4323 2621 4377 ὅτι
2674 4326 2771 4380 σὺν
2801 4325 2877 4398 τῷ
2913 4325 3047 4398 ἐλέῳ
3089 4327 3458 4400 ἀνακέκραται
3491 4326 3718 4398 ἀλήθεια

2135 4410 2231 4462 καὶ
2255 4409 2591 4485 δικαιοσύνη,
2619 4414 2694 4478 ὡς
2715 4416 2812 4487 τῆς
2828 4417 3177 4489 δικαιοσύνης
3200 4418 3296 4471 καὶ
3331 4419 3431 4489 τῆς
3459 4418 3717 4491 ἀληθείας

2133 4499 2528 4572 διαληψομένης
2556 4505 2681 4568 τοὺς
2701 4505 3055 4578 ἁμαρτωλοὺς
3084 4509 3220 4580 μετά
3253 4511 3313 4564 τὸ
3337 4510 3500 4574 ἕλεος.
3523 4511 3586 4564 Εἰ
3608 4510 3716 4582 γὰρ

460 4569 517 4619 et
560 4564 764 4622 veritas
803 4579 1122 4638 peccatores
1163 4584 1473 4648 exceptura;
1516 4591 1664 4638 sunt.
1696 4564 1838 4640 Nam
1883 4589 1929 4644 si
1962 4605 2028 4650 ex

2155 4595 2212 4667 ιὴ
2243 4564 2532 4667 ῶφελοῖντο
2554 4599 2631 4670 τῷ
2821 4564 2915 4656 καὶ
2943 4605 3008 4674 τῇ
3035 4564 3397 4674 ⁷μακροθυμίᾳ
3429 4564 3522 4655 τοῦ
3553 4564 3709 4666 Θειοῦι,

459 4656 841 4714 misericordia
887 4671 943 4718 et
983 4665 1248 4733 patientia
1281 4667 1374 4726 Dei
1408 4671 1540 4728 nihil
1569 4677 1818 4734 utilitatis
1849 4683 2016 4752 perci-

458 4747 632 4819 piant,
659 4749 873 4819 justitia
904 4762 958 4808 et
989 4755 1194 4814 veritas
1218 4759 1338 4829 eju's
1369 4762 1590 4822 invadet
1623 4767 1744 4825 illos
1781 4747 2028 4842 :judicio

455 4839 654 4912 quippe
670 4845 824 4914 justo
849 4845 1230 4916 subjicientur.
1265 4850 1403 4908 Sunt
1439 4857 1582 4912 enim
1621 4839 1830 4928 revera,
1871 4873 2022 4935 sunt,

455 4930 699 5002 inquam,
745 4934 948 5004 judicia
1000 4937 1094 4996 Dei
1135 4945 1385 5013 occulta;
1427 4950 1598 5004 multa
1655 4930 2025 5028 immensaque

453 5025 822 5097 profunditas,
858 5031 963 5095 vel,
996 5041 1056 5086 ut
1088 5036 1164 5088 ait
1191 5035 1494 5108 Scriptura,
1520 5042 1740 5114 abyssus
1767 5025 1951 5104 ιηυιια
1967 5052 2022 5106 in

449 5117 779 5190 judiciorum
815 5123 934 5193 ejus
968 5127 1181 5184 ratione
1213 5134 1712 5203 comprehenditur.
1747 5138 1872 5196 Haec
1915 5143 2021 5216 igi-

446 5215 541 5270 tur
571 5214 766 5283 impios
793 5227 1036 5273 manent.

521 5295 689 5356 Vsus.
715 5300 770 5366 9,
797 5303 882 5359 il).
912 5303 1045 5360 Filii
1069 5317 1244 5364 autem
1275 5311 1542 5370 hominum
1570 5318 1622 5372 in
1654 5323 1873 5392 tegmine
1895 5324 2013 5380 ala-

2131 4691 2164 4760 ἡ
2200 4689 2513 4763 δικαιοσύνη
2555 4694 2718 4748 αὐτοῦ
2751 4696 2902 4766 καὶὴ
2935 4694 3160 4765 ἀλήθεια
3209 4693 3585 4766 μετελεύσεται
3613 4695 3710 4748 αύ-

2133 4780 2286 4846 τούς’
2325 4785 2788 4858 ὑποϐληθήσονται
2816 4787 2923 4860 γάρ
2953 4788 3130 4859 κρίσει
3157 4789 3374 4860 δικαίᾳ.¹
3397 4790 3548 4842 Ἐστι
3577 4788 3705 4860 γὰρ,

2137 4873 2286 4927 ἔστιν
2313 4876 2601 4950 ἀπόρρητα
2642 4879 2708 4933 τά
2740 4879 2987 4951 κρίματα
3011 4879 3105 4932 τοῦ
3135 4880 3268 4932 Θεοῦ
3287 4898 3301 4912 ο
3336 4880 3498 4946 πολύς
3522 4899 3580 4934 τε
3611 4883 3708 4936 καὶ

2130 4965 2354 5039 ἄπειρος
2397 4969 2575 5039 βυθὸς,
2607 4970 2673 5041 ἦ,
2709 4971 2891 5037 καθὼς
2931 4976 2964 5045 ἡ
2997 4973 3036 5025 Γ
3041 4977 3185 5048 ραφή
3223 4990 3404 5044 φησιν,
3437 4977 3705 5040 ἄϐυσσος

2129 5060 2331 5130 πολλὴ
2361 5063 2418 5115 ἐν
2442 5063 2519 5134 τῷ
2543 5064 2684 5135 λόγῳ
2715 5065 2823 5120 τῶν
2859 5069 3140 5138 χριμάτων
3173 5071 3334 5125 αὐτοῦ
3371 5069 3698 5142 περιέχεται,

2130 5149 2311 5204 Ταῦτα
2345 5153 2523 5206 τοίνυν
2556 5154 2705 5224 μένει
2731 5157 2856 5221 τοὺς
2889 5156 3121 5222 ἀσεϐεῖς.

2195 5329 2260 5382 Οἱ
2283 5328 2351 5383 δὲ
2372 5331 2489 5385 υἱοί
2515 5331 2632 5386 τῶν
2658 5333 2981 5403 ἀνθρώπων
3013 5337 3082 5390 ἐν
3115 5337 3310 5408 σκέπῃ
3338 5336 3455 5392 τῶν
3483 5339 3696 5407 πτερύ-

446 5404 564 5445 rum
609 5404 820 5448 tuarum
870 5399 1172 5465 sperabunt.
1218 5403 1630 5464 Inebriabuntur
1660 5411 1726 5465 ab
1778 5413 2013 5472 ubertate

2155 5438 2241 5474 ’ων
2266 5435 2382 5476 σου
2411 5423 2710 5479 ἐλπιοῦσι.
2735 5399 3236 5493 Μεθυσθήσοντιιι
3264 5399 3380 5484 ἀπὸ
3412 5399 3697 5497 πιότητος

443 5484 630 5540 domus
659 5497 782 5553 tum,
817 5501 866 5545 et
901 5501 1130 5550 torrente
1186 5499 1464 5566 voluptatis
1489 5511 1595 5557 tua:
1643 5507 1848 5573 potabis
1899 5527 2006 5565 eos.

443 5575 706 5641 Quoniam
742 5583 882 5650 apud
901 5595 950 5640 te
973 5597 1051 5642 est
1079 5587 1197 5657 fons
1224 5591 1359 5657 uiue,
1388 5593 1443 5647 in
1475 5594 1673 5652 lumine
1711 5608 1800 5656 tuo
1825 5602 2012 5658 videbi-

443 5687 556 5728 mus
584 5673 778 5730 lumen.
821 5677 1089 5744 Quoniam
1125 5680 1332 5749 judicia
1387 5692 1479 5740 tua
1531 5690 1762 5761 abyssus
1813 5697 2002 5763 multa,

513 5823 557 5868 1³
596 5824 699 5889 lsa.
735 5847 800 5898 v,
833 5833 882 5889 6.
963 5838 1002 5869 ⁸⁷
1046 5836 1190 5894 Psal.
1233 5854 1397 5908 XXXI.
1438 5841 1490 5908 7..

2117 5514 2287 5569 οἴκου
2318 5505 2455 5584 σου,
2496 5517 2595 5572 καὶ
2625 5519 2733 5573 τὸν
2759 5520 3118 5590 χειμάρῤουν
3162 5521 3270 5590 τῆς
3312 5521 3540 5592 τρυφῆς
3577 5539 3695 5578 σου

2115 5607 2338 5674 ποτιεῖς
2375 5611 2616 5678 αὐτούς.
2653 5613 2781 5665 "Ott
2807 5615 2965 5682 παρὰ
3001 5614 3102 5667 σοὶ
3128 5613 3289 5683 πηγὴ
3321 5612 3489 5682 ζωῆς,
3513 5615 3583 5668 ἐν
3612 5612 3701 5681 τῷ,

2113 5699 2261 5767 φωτί
2298 5714 2414 5756 σου
2460 5701 2726 5772 ὀψόμεθα
2771 5703 2912 5774 φῶς.
2951 5704 3165 5776 Ἐπειδὴ
3200 5703 3267 5758 τὰ
3303 5704 3546 5776 κρίματά
3595 5720 3692 5760 σου
