4122 6454
329 403 430 458 5‘2!

1411 385 1920 456 COMMENTARIA
1953 399 2022 457 IN
2061 399 2405 459 PSALMOS.

3469 405 3578 462 312

325 515 561 578 ἄϐυσσος
597 510 780 584 πολλὴ,
806 509 1030 574 εἰκότως
1082 509 1143 563 ού
1196 508 1354 582 μόνον
1407 510 1732 583 ἀνθρώπων,
1763 511 1900 566 ἀλλὰ

1999 511 2124 583 jure
2152 530 2260 570 non
2285 514 2601 570 hominibus
2623 515 2808 581 modo,
2837 516 2933 573 sed
2965 517 3132 574 etiam
3159 518 3424 590 jumentis
3459 539 3584 595 pro-

324 611 421 664 καὶ
467 605 676 678 κτηνῶν
724 607 970 679 προνοεῖς
986 621 1000 634 ·
1034 601 1206 668 οὕτως
1243 602 1595 674 ἐπλήθυνας
1623 605 1692 660 τὸ
1723 604 1900 674 ἔλεός

319 717 462 764 σου,
499 701 533 753 ὀ
577 699 738 764 Θεός.
788 697 943 750 Ἔστι
985 695 1029 748 δ’
1061 695 1142 750 ἔτι
1199 695 1352 768 παρὰ
1403 696 1578 751 ταῦτα
1624 695 1901 770 ἐξαίρετον

314 793 506 863 τάγμα
535 790 644 844 τῶν
673 788 810 861 μετὰ
840 787 908 842 τὰ
945 786 1305 861 προλεχθέντα
1329 787 1744 860 ὀνομαζομένων
1767 789 1900 844 υἱῶν

317 884 652 957 ἀνθρώπων·
685 882 896 945 οἵτινες,
935 880 1093 934 πλέον
1121 897 1172 934 τι
1201 879 1416 951 ἔχοντες
1446 880 1557 934 τῶν
1596 880 1899 954 ἀνθρώπων

317 977 541 1032 καὶτῶν
563 973 772 1047 κτηνῶν
798 973 904 1027 τῶν
929 973 1032 1026 ὑπὸ
1060 973 1152 1027 σοῦ
1174 973 1514 1045 σωζομένων,
1534 973 1898 1045 κατηξίωνται

320 1073 380 1123 ἐν
416 1069 595 1142 σκέπῃ
635 1067 744 1120 τῶν
790 1065 1072 1138 πτερύγων
1103 1081 1195 1118 σου
1227 1064 1504 1130 ἐλπίζειν·
1552 1065 1586 1137 ἢ
1637 1067 1775 1121 κατὰ
1805 1069 1898 1122 τὸν

315 1161 634 1232 Σύμμαχον,
683 1157 816 1211 Ὑπὸ
855 1157 1038 1212 σκιὰν
1078 1156 1196 1210 τῶν
1223 1156 1530 1226 πτερύγων
1559 1173 1676 1212 σου
1703 1159 1899 1229 ἀμερι-

307 1250 552 1322 μνοῦσι.
585 1251 722 1313 Τοὺς
750 1249 858 1322 γὰρ
891 1249 984 1302 ἐπὶ
1011 1248 1072 1302 σὲ
1113 1247 1433 1320 ἠλπικότας,
1458 1249 1552 1304 καὶ
1578 1249 1897 1323 ἀφωρισμέ-

315 1363 438 1409 νους
480 1343 574 1398 τοῦ
625 1344 903 1416 τάγματος
933 1343 1041 1398 τῶν
1075 1343 1536 1416 διαϐεϐλημένων,
1573 1345 1637 1400 σὺ
1677 1344 1838 1411 αὐτὸς
1869 1349 1898 1401 6

313 1437 447 1501 Θεὸς
474 1439 594 1501 ταῖς
619 1435 811 1490 ἑαυτοῦ
839 1436 1063 1509 πτέρυξι
1098 1437 1380 1509 περιέπεις
1401 1437 1496 1491 καὶ
1522 1437 1761 1502 σκέπεις.
1786 1439 1898 1493 Καὶ

315 1529 435 1582 ἐπεὶ
463 1529 698 1601 ἤλπισαν
738 1521 883 1583 οὗτοι
920 1529 1130 1602 ἀγαθὴν
1164 1529 1377 1596 ἐλπίδα,
1422 1528 1490 1582 'H
1521 1528 1590 1582 δὲ
1616 1529 1796 1596 ἐλπὶς
1823 1533 1896 1585 οὐ

313 1622 731 1691 καταισχύνει·
757 1621 1246 1691 μεθυσθήσονται
1270 1622 1388 1676 ἀπὸ
1419 1623 1699 1690 πιότητος
1726 1623 1896 1677 οἴκου

312 1729 450 1777 σου,
485 1713 583 1767 καὶ
609 1714 715 1767 τὸν
742 1711 1100 1784 χειμάρρουν
1124 1713 1232 1782 τῆς
1268 1711 1500 1783 τρυφῆς
1532 1731 1648 1768 σου
1674 1714 1896 1782 ποτιεῖς

311 1808 553 1873 αὐτούς.
585 1803 743 1871 Οἶκος
769 1808 866 1878 μὲν
888 1805 982 1860 τοῦ
1004 1805 1137 1860 Θεοῦ
1164 1809 1311 1861 ἐστιν
1337 1807 1680 1881 ήἚκκλησία
1704 1808 1890 1863 αὐτοῦ’

2005 605 2193 676 spicis,
2234 609 2316 664 sic
2352 607 2724 677 multiplicasti
2756 611 3178 667 misericordiam
3212 623 3382 682 tuam,
3410 615 3577 673 Deus.

2003 693 2208 752 Praeter
2257 697 2371 752 haec
2405 705 2585 753 autem
2622 699 2764 755 alius
2802 703 3037 759 eximius
3064 710 3149 760 est
3193 706 3329 760 ordo
3366 721 3579 775 eorum,

2003 789 2096 858 qui
2127 796 2252 858 post
2287 789 2545 860 praedicta
2578 790 2672 846 lilii
2716 793 3000 849 hominum
3030 804 3318 852 vocantur.
3362 796 3430 852 Hi
3460 799 3584 869 plu-

2002 880 2081 934 ris
2109 879 2314 952 aliquid
2349 881 2613 939 habentes
2646 898 2807 954 quam
2843 885 3094 942 homines
3114 895 3170 943 et
3190 888 3436 958 jumenta
3459 889 3585 961 qui-

2002 971 2106 1026 bus
2135 973 2366 1028 salutem
2391 989 2576 1044 paras,
2601 974 2752 1047 digni
2783 977 2956 1033 habiti
2987 988 3116 1035 sunt
3146 983 3238 1052 qui
3267 983 3323 1035 in
3344 983 3584 1051 tegmine

2002 1065 2210 1120 alarum
2242 1073 2457 1121 tuarum
2495 1083 2645 1139 spem
2692 1069 2958 1139 habeant;
2989 1079 3082 1126 aut
3106 1080 3167 1126 ut
3197 1071 3581 1144 Symmachus,

2002 1156 2111 1213 Sub
2145 1158 2333 1213 umbra
2360 1159 2573 1215 alarum
2606 1171 2819 1217 tuarum
2847 1167 3015 1219 securi
3041 1176 3183 1222 sunt.
3203 1166 3310 1222 Eos
3325 1168 3469 1223 enim
3487 1170 3584 1240 qui

2000 1249 2056 1306 in
2091 1258 2146 1307 te
2171 1266 2322 1322 spem
2353 1252 2575 1319 habent,
2600 1256 2804 1326 quique
2832 1257 2902 1311 ab
2923 1256 3116 1313 ordine
3141 1257 3430 1314 infamium
3461 1260 3580 1316 illo-

1998 1360 2122 1400 rum
2173 1354 2554 1418 segregantur,
2592 1356 2650 1403 tu
2684 1349 2821 1419 ipse,
2861 1348 3028 1414 Deus,
3057 1351 3160 1406 alis
3195 1350 3346 1408 foves
3395 1352 3508 1408 tuis
3528 1363 3586 1409 et

1999 1439 2266 1510 contegis.
2297 1439 2506 1512 thuia
2543 1457 2694 1511 spem
2727 1457 2919 1513 cepere
2943 1458 3218 1515 magnam,
3250 1443 3378 1513 Spes
3407 1455 3584 1501 autem
3619 1421 3628 1438 ⁸

1999 1547 2104 1585 non
2146 1531 2419 1600 confundit
2438 1534 2506 1589 ⁵⁸.
2529 1532 2969 1596 ‘Inebriabuntur
3015 1535 3080 1589 ab
3110 1536 3348 1592 ubertate
3393 1537 3584 1596 domus

2000 1632 2127 1689 tuae,
2155 1634 2206 1679 et
2247 1634 2478 1681 torrente
2507 1627 2789 1696 voluptatis
2834 1636 2940 1682 tute
2974 1629 3183 1697 potabis
3231 1646 3338 1684 eos.
3375 1628 3583 1688 Domus

1997 1714 2092 1770 Dei
2117 1723 2202 1773 est
2234 1715 2476 1774 Ecclesia
2505 1719 2625 1789 ejus
2652 1736 2664 1771 :
2699 1720 2924 1776 ubertas
2946 1720 3165 1788 domus,
3201 1721 3464 1779 divinitus
3497 1723 3582 1777 in-

1998 1807 2221 1878 spiratae
2249 1809 2516 1866 lectiones
2541 1829 2554 1866 :
2588 1811 2825 1868 ebrietas
2852 1813 2942 1868 illa
2975 1819 3276 1884 temperata
3298 1820 3352 1868 et
3373 1812 3580 1881 sobria,

309 1902 506 1973 πιότης
545 1901 602 1954 δὲ
633 1900 727 1954 τοῦ
777 1899 924 1954 οἴκου
977 1899 1045 1954 τὰ
1095 1900 1426 1955 Θεόπνευστα
1463 1901 1888 1974 ἅναγνώσματα·

1995 1899 2202 1955 utilitas
2221 1914 2289 1954 ex
2319 1900 2652 1957 lectionibus
2686 1905 3017 1973 proveniens
3048 1919 3060 1955 :
3095 1912 3311 1960 torrens
3340 1903 3584 1975 volupta-

311 1993 452 2066 μέθη
495 1993 552 2048 δὲ
598 1993 828 2066 σώφρων
864 1994 958 2048 κα)⁵
992 1993 1252 2065 νηφάλιος
1291 1997 1324 2068 ἡ
1371 1993 1479 2048 ἀπὸ
1505 1994 1614 2048 τῶν
1643 1995 1892 2064 ἀναγνω-

307 2087 532 2158 σμάτων
558 2086 796 2156 ὠφέλεια
819 2103 833 2116 ·
870 2085 1172 2159 χείμαρῤος
1197 2087 1253 2140 δὲ
1285 2087 1523 2160 τρυφῆς.
1551 2087 1610 2152 ἐξ
1639 2083 1700 2140 οῦ
1740 2087 1892 2142 ποτί-

306 2179 492 2246 ζονται
525 2181 574 2233 oi
600 2181 692 2234 ἐπὶ
726 2181 901 2252 σκέπη
947 2179 1054 2234 τῶν
1088 2181 1375 2254 πτερύγων
1397 2181 1560 2234 αὐτοῦ
1577 2181 1888 2253 ἠλπικότες,

302 2275 335 2327 6
367 2274 422 2326 ὲν
461 2271 752 2345 Ἐκκλησία
781 2272 872 2326 τοῦ
899 2273 1034 2328 Θεοῦ
1066 2273 1330 2345 ποταμὸς,
1361 2273 1489 2345 περὶ
1513 2268 1574 2328 οὗ
1604 2273 1885 2329 λέλεκται·

309 2365 423 2421 Τοῦ
459 2363 726 2434 ποταμοῦ
766 2363 837 2418 τὰ
869 2363 1179 2436 όρμήματα
1209 2366 1602 2436 εὐφραίνουσι
1631 2365 1745 2435 τὴν
1777 2367 1888 2421 πό-

301 2460 409 2511 λιν
438 2456 543 2511 τοῦ
567 2456 715 2511 Θεοῦ
733 2475 746 2488 υ
783 2458 896 2522 καὶ,
938 2458 990 2510 '0
1027 2459 1294 2530 ποταμὸς
1315 2457 1423 2513 τοῦ
1451 2457 1598 2512 Θεοῦ
1624 2457 1890 2526 ἐπληρώ-

304 2550 380 2615 θη
411 2547 664 2602 ὑδάτων.
695 2549 1010 2622 Χείμαῤῥος
1049 2550 1107 2604 δὲ
1147 2551 1362 2624 τρυφῆς
1396 2552 1425 2604 6
1456 2549 1688 2622 Χριστὸς
1712 2547 1800 2604 διὰ
1828 2549 1890 2604 τὸ

301 2641 639 2715 πρόσκαιρον
667 2641 766 2713 τῆς
793 2643 851 2696 ὲν
875 2638 1182 2715 ἀνθρώποις
1211 2643 1534 2713 ἐπιφανείας
1555 2640 1740 2697 αὑτοῦ.
1760 2643 1889 2696 Ὅτι

302 2732 463 2800 παρὰ
509 2733 608 2786 σοὶ
657 2730 818 2802 πηγὴ
866 2730 1037 2801 ζωῆς.
1071 2732 1224 2804 Ζωὴν
1250 2733 1308 2787 δὲ
1337 2732 1463 2786 ὅντα
1495 2732 1742 2804 ἔγνωμεν
1794 2732 1887 2786 τὸν

301 2824 535 2895 Χριστὸν
596 2825 660 2878 ὲκ
719 2824 820 2897 τῆς
873 2825 1232 2896 εὐαγγελικῆς
1276 2824 1645 2890 διδασκαλίας,
1702 2824 1770 2877 δι’
1817 2819 1888 2897 ἦς

1993 1991 2086 2058 tis,
2122 2007 2232 2062 quo
2271 2000 2528 2064 potantur
2563 1995 2600 2049 ii
2645 1997 2736 2066 qui
2773 1996 2876 2052 sub
2917 1997 3154 2068 tegmine
3202 1997 3410 2052 alarum
3458 1997 3582 2068 ejus

1993 2093 2239 2162 sperant,
2287 2086 2487 2145 ﬂuvius
2537 2089 2591 2144 in
2643 2089 2890 2146 Ecclesia
2932 2089 3028 2146 Dei
3066 2104 3322 2157 manans,
3359 2089 3428 2146 de
3472 2105 3584 2162 quo

1991 2159 2200 2230 dictum
2257 2186 2382 2234 est:
2415 2177 2682 2235 Fluminis
2738 2180 2964 2248 impetus
3017 2179 3262 2251 laetiﬁcat
3316 2159 3583 2236 ciuitatem

1991 2267 2092 2323 Dei
2103 2269 2187 2334 ";
2214 2277 2300 2325 et:
2326 2269 2552 2327 Flumen
2573 2272 2936 2344 Dei-repletum
2964 2282 3046 2328 est
3073 2275 3227 2344 aquis
3253 2274 3320 2329 ‘°.
3339 2275 3583 2332 Torrens

1989 2358 2300 2432 voluptatis
2341 2362 2598 2420 Christus
2643 2373 2750 2431 est,
2793 2366 2865 2420 ob
2901 2374 3311 2437 temporaneam
3352 2365 3474 2436 ejus
3525 2367 3583 2422 in

1989 2450 2308 2508 hominibus
2350 2456 2722 2524 praesentiam.
2758 2455 3028 2524 Quoniam
3067 2456 3208 2527 apud
3258 2465 3306 2510 te
3351 2465 3430 2511 est
3461 2457 3580 2524 fons

1989 2541 2128 2595 vita.
2180 2541 2258 2595 Ex
2293 2544 2608 2614 evangelica
2635 2545 2888 2600 doctrina
2935 2546 3215 2602 Christum
3247 2561 3370 2601 esse
3409 2547 3579 2603 vitam

1988 2632 2308 2698 ediscimus,
2356 2641 2417 2689 ut
2473 2633 2728 2692 Salvator
2760 2637 2877 2708 ipse
2914 2639 3076 2695 docet
3114 2638 3204 2695 his
3231 2638 3434 2702 verbis,
3466 2637 3581 2710 Ego

1987 2741 2108 2780 sum
2149 2726 2265 2791 lux,
2299 2729 2494 2783 ueritas
2526 2738 2577 2782 et
2607 2729 2797 2784 vita".
2827 2728 2934 2784 Sed
2969 2731 3156 2793 etiam,
3190 2727 3328 2800 quod
3376 2729 3582 2800 factum

1987 2828 2066 2873 est
2106 2820 2162 2872 in
2203 2819 2317 2889 ipso
2363 2822 2471 2876 uita
2506 2830 2644 2888 erat,
2686 2831 2738 2876 et
2773 2823 2880 2876 vita
2923 2830 3040 2876 erat
3088 2822 3182 2875 lux
3223 2821 3577 2878 hominum“.

301 2915 465 2980 αὐτὸς
506 2915 534 2968 6
589 2916 780 2988 Σωτὴρ
823 2917 1064 2971 διδάσκει
1095 2917 1270 2986 λέγων
1294 2934 1306 2946 ·
1349 2915 1490 2986 Ἐγώ
1515 2919 1632 2986 ειμι
1660 2915 1726 2970 τὸ
1760 2915 1886 2986 φῶς

1989 2910 2170 2977 Quare
2195 2912 2286 2968 hic
2313 2914 2545 2984 pariter,
2578 2922 2638 2969 ut
2663 2916 2720 2970 in
2746 2913 3061 2984 Evangelio,
3089 2915 3214 2968 vitae
3268 2914 3358 2970 lux
3390 2911 3580 2968 subdi-

302 2968 400 3062 καί
416 2968 478 3076 ’ἐξ
512 2968 762 3076 ἁλιέεέὲ
790 2968 896 3063 si
911 2968 962 3078 ἦ
981 2968 1322 3078 etiam
1345 2968 1791 3078 καὶιῖέγέέοεῑ

1989 2968 2120 3058 titr:
2157 3020 2282 3059 nam
2316 2968 2611 3077 postquam
2646 2968 3190 3073 dixerat,quoniam
3233 3005 3373 3076 apud
3415 3016 3463 3060 te
3496 3014 3576 3060 est
3620 2981 3824 3056 ικίεκῶᾇ
3889 2968 4020 3058 (fc,

301 3100 461 3167 αὐτῷ
496 3099 606 3169 ᾅυὴ
642 3101 742 3170 ἦν,
778 3101 878 3155 καὶ
929 3103 967 3170 ἡ
1007 3097 1118 3170 ζ’ωὴ
1144 3097 1224 3171 ἦν
1257 3099 1324 3154 τὸ
1350 3099 1477 3170 φῶς
1511 3097 1630 3152 τῶν
1665 3095 1885 3166 ἀνθρώ·

1989 3095 2107 3165 fons
2132 3098 2272 3164 vitta,
2305 3099 2585 3170 adjicitur,
2612 3098 2678 3153 In
2713 3099 2907 3153 lumine
2939 3111 3028 3154 tuo
3057 3099 3347 3154 videbimus
3375 3099 3574 3154 lumen.
3615 3091 3996 3158 emta.ch
4023 3136 4056 3145 -

300 3205 448 3248 πων.
482 3193 572 3248 Διὸ
601 3195 694 3247 καὶ
717 3193 948 3248 ἐνταῦθα
977 3197 1044 3267 τῇ
1071 3193 1182 3266 ζωῇ
1209 3194 1475 3264 συνῆπται
1501 3193 1561 3246 τὸ
1593 3191 1708 3264 φώς
1747 3208 1883 3262 συμ-
1913 3251 1915 3276 1

1991 3185 2116 3242 Haec
2148 3190 2350 3261 quippe
2388 3192 2498 3246 vita
2540 3191 2922 3247 rationabilem
2957 3191 3135 3246 lucem
3169 3189 3571 3246 subministrat.
3617 3178 3808 3251 diu,

300 3285 494 3357 φώνως
539 3285 619 3357 τῷ
665 3286 1001 3357 Εὑαγγελίῳ·
1034 3285 1174 3358 μετὰ
1216 3284 1326 3358 γὰρ
1358 3285 1542 3354 φάναιυ
1576 3285 1694 3336 Ὅτι
1727 3280 1885 3349 παρὰ

1995 3279 2363 3346 Quamobrem
2413 3283 2638 3348 dicitur,
2693 3282 2762 3337 Et
2804 3283 2911 3338 vita
2960 3295 3073 3338 erat
3123 3285 3218 3339 lux
3271 3285 3572 3339 hominum.

297 3380 396 3433 σοὶ
456 3377 617 3449 πηγὴ
687 3375 852 3448 ζωῆς,
917 3379 1262 3450 ὲπιλέγεται·
1307 3380 1402 3432 Ἐν
1443 3377 1523 3444 τῷ
1588 3375 1735 3447 φωτί
1767 3391 1884 3428 σου

1993 3371 2097 3439 Qui
2134 3391 2300 3445 porro
2334 3377 2449 3432 haec
2498 3377 2831 3449 acceperint,
2861 3393 2960 3448 pro
2997 3377 3120 3443 line,
3159 3378 3300 3434 lucis
3328 3383 3578 3432 contem-

297 3470 565 3540 ὀψόμεθα
585 3468 728 3539 φῶς.
767 3472 949 3536 Φωτδς
986 3471 1095 3544 γὰρ
1129 3470 1348 3541 λογικοῦ
1379 3467 1717 3542 χορηγητικὴ
1750 3480 1884 3534 τυγ-

1993 3466 2289 3536 plationem
2317 3471 2664 3527 obtinebunt.

296 3563 451 3636 χάνει
479 3561 614 3635 αῦτη
643 3565 676 3637 ἡ
716 3562 828 3635 ζωή
847 3580 860 3594 ο
892 3563 973 3617 διὸ
1010 3562 1257 3632 λέγεται·
1316 3562 1418 3616 Kal
1462 3562 1500 3630 ’ἡ
1548 3558 1660 3630 ζωὴ
1701 3557 1783 3633 ἦν
1809 3558 1877 3616 τό
1900 3559 2026 3629 φῶς
2051 3561 2168 3616 τῶν
2203 3563 2546 3633 ἀνθρώπων,
2578 3567 2640 3620 Οἱ
2668 3565 2726 3620 δὲ
2756 3564 2961 3620 τούτων
2995 3561 3391 3635 μεταλαϐόντες
3418 3563 3574 3628 τέλος

294 3657 478 3722 ἓξουσι
511 3653 605 3710 τοῦ
641 3657 818 3727 φωτὸς
844 3657 942 3730 τὴν
968 3656 1119 3714 θέαν.

369 3749 739 3818 Παράτεινον
776 3749 840 3803 τὸ
870 3751 1044 3817 ἔλεός
1083 3764 1199 3804 σου
1228 3748 1354 3816 τοῖς
1387 3746 1753 3820 γινώσκουσί
1782 3763 1876 3811 σε,

296 3842 397 3895 καὶ
425 3841 539 3910 τὴν
565 3841 961 3909 δικαιοσύνην
1001 3857 1117 3896 σου
1150 3841 1274 3907 τοῖς
1311 3841 1514 3896 εὺθέσι
1543 3839 1619 3908 τῇ
1642 3838 1876 3908 καρδίᾳ.

296 3935 424 3997 Τοῖς
443 3934 516 4005 μὴ
532 3933 890 4002 γινώσκουσιν
910 3933 1073 3986 αὑτὸν
1097 3933 1432 4005 πρόσκαιρον
1450 3933 1600 3986 ἔσται
1620 3931 1680 3986 τὸ
1700 3932 1846 3995 έλεος
1859 3947 1874 3961 ·

293 4031 410 4091 τοῖς
445 4027 502 4080 δὲ
531 4025 860 4096 γινώσκουσί
897 4043 976 4092 σε,
1013 4024 1217 4097 Σῶτερ,
1258 4026 1584 4098 παράτεινον
1628 4025 1690 4078 τὸ
1729 4023 1880 4088 ἔλεός

295 4135 391 4172 σου
421 4119 514 4172 καὶ
535 4120 634 4191 τὴν
661 4119 1008 4191 δικαιοσύνην
1026 4127 1129 4172 ’σου
1150 4135 1161 4146 ·
1190 4120 1246 4172 ὲν
1335 4119 1453 4174 κατ’
1481 4118 1638 4186 ἀξίαν
1672 4117 1874 4189 κρίνων

293 4215 406 4276 τοῖς
435 4210 534 4282 μὲν
565 4209 864 4274 ἀποδώσεις
890 4209 1033 4264 κατὰ
1065 4210 1132 4264 τὰ
1165 4210 1301 4282 ἔργα
1325 4210 1524 4274 αὐτῶν,
1557 4213 1669 4274 τοῖς
1697 4209 1752 4262 δὲ
1784 4227 1875 4262 πι-

294 4299 524 4364 στώσεις
550 4300 648 4364 τὰς
677 4300 778 4364 σὰς
811 4299 1166 4369 ἐπαγγελίας.
1211 4301 1356 4354 ’Λντὶ
1390 4301 1446 4355 δὲ
1480 4299 1595 4366 τοῦ,
1623 4300 1732 4354 Kal
1762 4298 1877 4368 τὴν

290 4391 686 4462 δικαιοσύνην
703 4409 820 4448 σου
854 4393 979 4459 τοῖς
1009 4391 1213 4447 εὐθέσι
1247 4392 1320 4462 τῇ
1346 4393 1574 4462 καρδίᾳ,
1597 4396 1624 4447 6
1650 4389 1720 4446 Σύ
1729 4411 1876 4465 μμα-

2062 3741 2226 3799 V'ens.
2300 3743 2532 3799 11-15.
2604 3741 2882 3799 Prwtende
2940 3742 3361 3798 misericordiam
3423 3751 3570 3808 tuam

1987 3837 2270 3892 scientibus
2321 3845 2388 3902 te,
2419 3845 2470 3891 et
2511 3836 2782 3907 justitiam
2837 3844 2981 3889 tuam
3031 3835 3097 3890 iis
3143 3837 3234 3906 qui
3276 3843 3417 3890 recto
3444 3844 3571 3890 sunt

1987 3930 2160 3984 corde.
2193 3927 2578 3985 Nescientibus
2602 3929 2770 3985 Deum
2801 3937 3151 3999 temporanea
3189 3929 3569 3984 misericordia

1986 4024 2123 4090 erit;
2155 4032 2207 4078 at
2241 4023 2525 4078 scientibus
2557 4033 2626 4088 te,
2667 4008 2937 4087 Salvatoi‘,
2972 4021 3238 4092 praetende
3265 4023 3568 4076 misericor-

1985 4113 2130 4168 diam
2163 4124 2308 4167 tuam
2337 4123 2387 4168 et
2411 4113 2682 4184 justitiam
2716 4123 2884 4178 tuam,
2917 4127 3023 4184 qua
3047 4127 3148 4182 pro
3179 4127 3361 4168 rerum
3393 4113 3570 4184 digni-

1979 4213 2093 4261 tate
2111 4204 2387 4276 judicans,
2407 4206 2528 4262 aliis
2551 4205 2850 4262 secundum
2872 4219 3035 4275 opera
3061 4218 3248 4259 eorum
3273 4204 3564 4270 retrihues,

1981 4300 2105 4356 aliis
2136 4300 2403 4370 promissa
2431 4309 2526 4354 tua
2551 4298 2924 4354 conﬁrmabis.
2969 4295 3076 4352 Pro
3103 4296 3196 4351 illo
3229 4302 3410 4351 autem
3443 4314 3458 4351 :
3494 4295 3566 4352 Et

1973 4393 2246 4463 justitiam
2298 4401 2444 4446 tuam
2486 4393 2554 4446 iis
2605 4392 2694 4462 qui
2743 4399 2883 4446 recto
2933 4399 3055 4444 sunt
3086 4388 3275 4450 corde;
3311 4386 3565 4459 Symma-

290 4503 404 4556 χος,
436 4485 545 4539 Kal
598 4485 714 4554 τὴν
781 4486 1204 4555 ἐλεημοσύνην
1227 4502 1342 4540 σου
1370 4485 1492 4552 τοῖς
1519 4485 1735 4552 ἁπλοῖς
1760 4485 1876 4554 thr

1989 4488 2120 4542 chus
2153 4505 2165 4541 :
2200 4485 2270 4540 Et
2310 4485 2734 4540 misericordiam
2782 4481 3111 4552 simplicibus
3163 4480 3340 4543 corde,
3371 4479 3562 4538 edidit.

290 4577 572 4647 καρδίαν,
626 4579 878 4646 ἐξέδωκε.
933 4579 1032 4647 Μὴ
1074 4573 1296 4636 ἐλθέτω
1337 4597 1439 4649 μοι
1488 4579 1639 4646 ποῦς
1691 4559 1915 4648 ὑπερ-1

1989 4577 2108 4634 Non
2142 4581 2314 4634 ueniat
2345 4579 2476 4633 mihi
2497 4594 2586 4647 pes
2626 4575 2907 4645 superbiae,
2942 4585 2991 4630 et
3039 4591 3230 4629 manus
3272 4582 3564 4643 peccatoris

288 4672 570 4739 ηρανίας,
614 4671 712 4725 καὶ
751 4671 880 4741 χεὶρ
914 4671 1275 4742 ἁμαρτωλῶν
1304 4669 1392 4741 μὴ
1437 4672 1734 4724 σαλεύσαι
1775 4688 1871 4741 με.

302 4763 465 4818 Ἐκεῖ
491 4763 720 4818 ἔπεσον
750 4767 802 4818 οὶ
835 4763 1209 4834 ἐργαζόμενοι
1237 4763 1351 4832 τὴν
1379 4765 1652 4834 ἀνομίαν.
1703 4763 1874 4830 Ἑξώ-

288 4859 536 4924 σθησαν
592 4857 690 4911 καὶ
744 4859 817 4911 οὐ
864 4857 950 4927 μὴ
1002 4853 1373 4925 δυνήσονται
1428 4855 1668 4926 στῆναι.
1722 4856 1874 4929 Μηδὲ

288 4945 488 5020 κτησαί
495 4968 602 5021 μην
626 4953 783 5023 χεῖρα
805 4951 900 5004 καὶ
921 4949 1148 5022 πράξεις
1170 4948 1509 5023 ἁμαρτωλῶν
1529 4967 1542 4981 ο
1577 4949 1747 5004 ταῦτα
1766 4950 1874 5023 γὰρ

290 5041 536 5095 σαλεύειν
604 5042 762 5095 εἴωθε
802 5044 896 5096 καὶ
951 5045 1260 5114 μετακινεῖν
1305 5043 1406 5114 τῆς
1462 5042 1614 5118 παρα
1659 5045 1743 5097 σοὶ
1794 5042 1874 5115 τῷ

285 5137 407 5209 Θεῷ
452 5137 698 5202 στάσεως
747 5138 872 5201 τοὺς
917 5138 998 5200 είς
1043 5135 1104 5189 τὸ
1136 5135 1324 5200 σκότος
1358 5135 1418 5188 τὸ
1449 5133 1712 5208 ἐξώτερον
1744 5134 1874 5200 ἐξω-

287 5232 673 5304 σθησομένους.
703 5231 850 5284 Ἀντὶ
886 5229 943 5283 δὲ
977 5229 1099 5282 τοῦ·
1143 5227 1302 5282 Ἐκεῖ
1319 5229 1565 5292 ἔπεσον,
1592 5231 1620 5282 6
1652 5228 1880 5300 Σύμμαί

284 5341 400 5396 χος,
447 5324 600 5378 ὅπου
630 5324 957 5377 πίπτουσιν
980 5323 1032 5376 οἱ
1060 5320 1430 5392 ἐργαζόμενοι
1465 5321 1580 5391 τὴν
1617 5321 1876 5385 ἀδικίαν,

284 5415 536 5480 ἐξέδωκε.
564 5415 655 5486 Μὴ
684 5413 792 5488 γὰρ
819 5407 1099 5483 γενοίμην,
1133 5411 1318 5485 φησὶν,
1348 5413 1482 5475 ἐκεῖ,
1515 5411 1642 5466 ἔνθα
1685 5411 1734 5464 oi
1778 5428 1874 5464 σα-

281 5507 568 5572 λευθέντες
611 5507 891 5568 πίπτουσι,
941 5499 1034 5560 καὶ
1086 5504 1343 5569 πεσόντες
1381 5503 1727 5570 ἐξωθοῦνται,
1777 5503 1871 5557 καὶ

283 5597 610 5665 ιξωσθέντες
631 5599 812 5654 οὐκέτι
839 5596 1150 5650 ἐπανελθεῖν
1176 5595 1508 5668 δυνήσονται.
1540 5593 1871 5658 Ἀκολούθως

355 5869 401 5902 ⁵⁸
440 5866 596 5927 Rom.
633 5881 695 5931 v,
731 5864 782 5920 5.
860 5865 906 5896 "
945 5856 1089 5918 Psal.
1128 5876 1268 5928 xcv,
1305 5861 1363 5917 5.

1983 4689 2086 4727 non
2117 4680 2320 4726 moveat
2349 4689 2448 4727 me.
2483 4669 2566 4724 Ibi
2597 4669 2896 4725 ceciderunt
2925 4667 3015 4738 qui
3038 4675 3326 4737 operantur
3370 4665 3565 4735 iniqui-

1984 4775 2165 4831 tatem,
2199 4765 2408 4837 expulsi
2452 4773 2596 4830 sunt,
2625 4780 2717 4818 nec
2763 4767 3011 4832 poterunt
3060 4769 3223 4814 stare.
3253 4757 3332 4814 Ne
3368 4772 3564 4813 manus

1980 4867 2033 4914 et
2083 4865 2233 4930 gesta
2285 4865 2635 4928 peccatorum
2664 4853 2942 4911 obtineam
2975 4870 2988 4907 :
3023 4851 3140 4906 haec
3167 4849 3370 4921 quippe
3395 4863 3562 4904 excu-

1981 4958 2096 5006 tere
2130 4951 2306 5005 solent
2333 4957 2387 5004 et
2421 4962 2702 5003 removere
2753 4947 2852 5001 abs
2878 4955 2930 5000 te
2960 4959 3056 5000 eos
3085 4941 3176 5014 qui
3215 4941 3271 4995 in
3306 4938 3565 4994 tenebras

1978 5045 2282 5101 exteriores
2324 5042 2694 5113 depelluntur.
2725 5038 2834 5094 Pro
2863 5039 2957 5094 illo
2988 5043 3169 5091 autem
3199 5051 3212 5088 :
3248 5031 3333 5086 Ibi
3365 5029 3562 5086 cecide-
3593 5040 3598 5046 ‘

1979 5147 2121 5201 runt,
2161 5135 2522 5209 Symmachus
2545 5134 2735 5198 edidit,
2780 5133 2873 5187 ubi
2922 5129 3121 5185 cadunt
3160 5126 3250 5200 qui
3276 5135 3564 5196 operantur

1979 5231 2333 5301 iniquitatem.
2360 5227 2458 5290 Ne,
2488 5227 2686 5298 inquit,
2718 5241 2784 5280 eo
2830 5225 2887 5280 in
2935 5226 3060 5278 loco
3111 5221 3237 5284 sim,
3269 5234 3378 5290 quo
3407 5233 3560 5273 com-

1980 5319 2114 5374 moti
2143 5319 2370 5382 cadunt,
2398 5319 2538 5390 lapsi
2572 5315 2944 5387 expelluntur,
2971 5311 3186 5382 expulsi
3217 5307 3426 5380 regredi
3451 5322 3558 5362 non

1980 5418 2257 5482 poterunt.
2291 5409 2418 5464 Haec
2463 5419 2643 5464 autem
2695 5411 3097 5475 consequenter
3151 5400 3367 5463 effatur,
3405 5405 3556 5470 post-

1977 5519 2142 5575 quam
2175 5503 2270 5575 qui
2302 5503 2426 5558 llnis
2453 5501 2558 5557 erit
2587 5513 2799 5562 eorum,
2831 5497 2926 5568 qui
2957 5495 3010 5550 in
3047 5495 3270 5566 tegmine
3302 5491 3394 5547 Det
3430 5503 3554 5561 spe-

1978 5594 2244 5660 raverint,
2281 5592 2595 5664 descripsit,
2625 5596 2911 5662 resumpta
2940 5586 3116 5658 impii,
3150 5583 3244 5657 qui
3277 5582 3436 5640 initio
3467 5578 3557 5638 di-

1440 5861 1484 5894 “
1523 5859 1668 5917 Psal.
1704 5875 1861 5927 utv,
1897 5857 1983 5916 10.
2065 5859 2107 5892 ⁶¹
2148 5857 2307 5915 Joan.
2361 5871 2485 5925 xxv,
2520 5860 2578 5915 6.
2659 5857 2704 5890 “
2741 5852 2900 5910 Joan.
2938 5868 2990 5919 ι,
3031 5849 3146 5916 ’5,4.
