4122 6454
576 399 682 460 523

1282 400 1549 459 ausas“
1587 397 2064 459 cmsammsrs
2099 397 2247 457 ore.
2284 377 2466 454 PARS
2503 381 2598 458 lu.
2637 410 2706 444 έ-
2744 403 3155 462 EXEGETICA.

3730 410 3827 468 323

572 523 730 578 cebat
758 519 812 576 in
836 519 1110 590 semetipso
1145 530 1200 574 ut
1232 519 1575 593 delinqueret,
1607 521 2004 592 hominumque
2045 519 2139 592 ipsi

2252 505 2310 574 at
2356 517 2496 573 αύτά
2541 520 2666 593 ἔφη,
2729 518 2867 594 μετά
2913 523 2974 576 τὸ
3006 515 3319 594 ὑπογράψαι
3365 518 3549 575 ὁποῖον
3597 521 3742 576 ἔσται
3771 532 3829 584 τὸ

571 614 855 679 similium,
889 614 1173 669 memoria.

2252 612 2404 676 τέλος
2456 612 2564 667 τῶν
2618 615 2675 666 ὲν
2694 616 2760 685 τῇ
2803 615 2980 686 σκέπῃ
3015 613 3108 669 τοῦ
3142 613 3275 668 Θεοῦ
3303 613 3615 684 ἠλπικότων
3642 613 3827 671 ἐπαναο

568 709 860 782 λαμϐάνων
890 709 987 780 τὴν
1024 710 1243 781 μνήμην
1276 705 1369 762 τοῦ
1402 709 1520 762 κατ’
1549 708 1723 780 ἀρχὰς
1751 710 2100 780 παρανόμου,
2124 707 2183 774 ὃς
2219 708 2456 780 ἔφασκεν
2482 709 2554 764 ἐν
2587 708 2778 776 ἐαυτῷ
2805 709 2910 764 τοῦ
2945 709 3322 779 ἁμαρτάνειν,
3364 710 3463 763 καὶ
3497 708 3607 762 τῶν
3652 709 3829 785 ἐκείνῳ

571 803 986 877 παραπλησίων.

1061 923 1114 977 ι.
1145 898 1418 977 DAVIDIS
1453 913 1691 978 XXXVI.

585 1101 588 1104 γ
646 1032 777 1105 Noli
823 1032 1070 1088 cemulari
1110 1033 1164 1086 in
1217 1034 1656 1106 malignantibus,
1689 1051 1850 1107 neque
1897 1036 2148 1093 zelaveris

565 1123 817 1186 facientes
866 1124 1216 1195 iniquitatem.
1259 1124 1397 1191 Quia
1449 1125 1503 1179 in
1559 1127 1885 1197 praecedenti
1941 1129 2149 1198 psalmo

561 1223 908 1287 peccatorem
935 1203 1225 1272 induxerat
1258 1234 1378 1274 sese
1410 1218 1476 1272 ad
1510 1229 1729 1290 peccata
1756 1221 2146 1287 concitantem,

564 1311 842 1380 vitamque
890 1310 1032 1381 ejus,
1069 1326 1284 1366 necnon
1317 1310 1477 1367 linem
1509 1313 1849 1383 exitiumque
1876 1314 2024 1368 illius
2051 1315 2146 1368 de-

565 1399 882 1470 scripserat,
915 1407 1314 1470 consequenter
1343 1401 1398 1455 in
1425 1401 1525 1456 hoc
1558 1398 1765 1473 psalmo
1808 1395 2054 1458 hortatur
2077 1404 2145 1458 ad

564 1493 922 1548 declinandos
965 1493 1336 1564 improborum
1381 1487 1586 1562 mores,
1616 1505 1669 1550 et
1702 1511 1810 1551 non
1840 1498 2146 1554 aemulanda

563 1599 753 1640 eorum
800 1600 986 1655 opera.
1044 1584 1492 1661 Quoniam‘vero
1542 1588 1689 1642 aliud
1743 1596 1826 1644 est
1873 1590 2140 1656 aemulari,

560 1673 710 1730 aliud
753 1677 960 1743 zelare;
993 1677 1145 1731 dicas
1194 1678 1473 1732 concitare
1503 1688 1559 1734 et
1585 1678 1652 1734 ad
1691 1680 2015 1752 zelotypiam
2063 1682 2148 1736 in-
2189 1705 2192 1708 η

561 1768 819 1832 cendere.
856 1768 909 1823 id
951 1785 1073 1826 esse
1115 1770 1382 1846 aemulari.
1414 1769 1597 1837 Quare
1635 1771 1832 1843 Aquila
1862 1774 1943 1830 sic
1971 1763 2142 1830 inter-

561 1867 810 1928 pretatur
835 1877 847 1912 :
877 1858 960 1934 Ne
1002 1859 1201 1913 dimica
1247 1877 1366 1913 cum
1411 1861 1860 1933 malignantibus;
1897 1861 2143 1935 Symma-

561 1951 700 2027 cbus
729 1967 898 2008 vero:
931 1951 1013 2007 Ne
1046 1953 1306 2007 altercare
1350 1970 1468 2007 cum
1510 1956 1788 2025 male/icis.
1824 1955 1938 2011 Hoc
1981 1972 2146 2027 porro

560 2024 768 2118 dictum
814 2041 878 2098 ex
932 2044 1018 2099 his
1061 2045 1333 2116 intelligas
1361 2065 1372 2100 :
1403 2045 1516 2115 Ipsi
1548 2064 1626 2100 me
1651 2024 2062 2124 prouocauerunt
2091 2050 2145 2102 in

557 2147 620 2190 eo
651 2137 741 2207 qui
774 2155 877 2192 non
904 2147 1019 2192 erat
1057 2138 1220 2205 Deus,
1249 2150 1301 2193 et
1328 2135 1674 2195 irritaverant
1705 2142 1759 2195 in
1791 2141 1946 2196 idolis
1977 2137 2088 2197 suis
2125 2157 2145 2196 :

556 2235 610 2284 et
634 2245 726 2299 ego
745 2231 1042 2300 provocabo
1071 2249 1158 2286 eos
1189 2233 1243 2286 in
1271 2250 1331 2287 eo
1357 2235 1448 2304 qui
1475 2251 1577 2287 non
1609 2243 1686 2288 est
1729 2237 1976 2304 populus,
2011 2246 2060 2290 et
2090 2236 2145 2289 in

557 2333 707 2394 gente
734 2325 1011 2394 insipiente
1041 2325 1270 2380 irritabo
1331 2328 1456 2381 illos
1475 2329 1539 2380 “.
1567 2327 1862 2398 Apostolus
1882 2333 2009 2386 item
2039 2329 2146 2386 Co-

559 2414 780 2470 rinthiis
815 2417 1062 2472 scribens
1090 2418 1162 2471 ita
1192 2419 1470 2494 loquitur:
1500 2421 1583 2473 An
1613 2421 1931 2476 ccmulamur
1963 2423 2145 2478 Domi-

556 2522 682 2560 num
715 2505 739 2558 ?
758 2507 1011 2579 Nunquid
1041 2510 1287 2578 fortiores
1330 2512 1424 2566 illo
1455 2530 1638 2566 sumus
1663 2514 1743 2566 “‘l
1771 2513 1932 2569 Zelus
1963 2523 2143 2570 autem

557 2614 655 2657 seu
711 2602 967 2656 voluntas
1029 2603 1338 2674 cujuspiam
1390 2606 1733 2676 adipiscendi
1783 2607 1834 2662 id
1885 2609 2030 2678 quod
2087 2609 2144 2664 in

556 2693 810 2762 proximo
834 2709 958 2751 esse
985 2696 1307 2760 arbitratur,
1335 2696 1479 2752 bona
1507 2707 1614 2754 est.
1646 2698 1740 2754 Est
1765 2700 1906 2755 alius
1932 2701 2144 2757 medius

557 2786 732 2850 zelus,
771 2787 1099 2858 plerumque
1133 2789 1260 2845 talis
1286 2791 1503 2860 qualem
1531 2791 1799 2846 describit
1830 2793 1972 2849 idem
2008 2809 2142 2864 apo-

555 2879 733 2935 stolus
789 2879 876 2935 his
911 2881 1092 2956 verbis
1127 2900 1140 2936 :
1174 2880 1530 2936 zEmulantur
1585 2902 1673 2939 vos
1724 2902 1827 2940 non
1876 2886 2020 2951 bene,
2052 2887 2143 2942 sed

555 2970 831 3026 excludere
859 2989 946 3027 vos
983 2973 1245 3028 volunt".
1285 2973 1492 3030 Invidia
1525 2993 1657 3032 sane
1687 2993 1965 3049 nunquam
2000 2981 2141 3036 bona

555 3078 682 3119 esse
709 3074 907 3134 queat;
938 3079 1063 3118 nam
1097 3065 1254 3121 dolor
1271 3074 1356 3121 est
1383 3067 1450 3122 de
1478 3070 1757 3139 prosperis
1791 3071 2023 3140 proximi
2055 3088 2142 3129 re-

557 3155 880 3230 bus:zelus
929 3173 1062 3212 vero
1109 3159 1386 3213 interdum
1440 3161 1640 3228 bonus,
1677 3163 1754 3216 uti
1793 3164 2137 3222 tradidimus.

2758 915 2896 972 Tor
2940 919 3140 972 um
3183 916 3320 988 Aq‘.

2315 1011 2410 1102 Μὴ
2450 1011 2793 1101 παραζήλου
2825 1031 2896 1084 ἐν
2927 1013 3456 1106 πονηρευομένοις,
3484 1033 3642 1103 μηδὲ
3662 1034 3832 1103 ζήλου

2251 1127 2392 1193 τοὺς
2451 1124 2774 1192 ποιοῦντας
2826 1123 2942 1192 τὴν
2992 1117 3269 1193 ἀνομίαν.
3339 1125 3566 1198 Ἐπειδὴ
3620 1128 3726 1201 γάρ
3779 1131 3833 1186 ιν

2249 1213 2446 1291 ἐκείνῳ
2488 1221 2677 1291 είσῆγε
2717 1219 2808 1298 τὸν
2856 1220 3173 1294 παράνομον
3226 1219 3606 1293 παρορμῶντα
3656 1222 3832 1280 ἑαυτδν

2252 1315 2331 1376 είς
2365 1306 2659 1384 ἁμαρτίας,
2693 1311 2785 1365 τόν
2811 1329 2871 1364 τε
2902 1311 3014 1386 βίον
3044 1311 3328 1384 ὑπέγραφε
3355 1307 3454 1366 τοῦ
3488 1312 3726 1367 τοιούτου
3749 1316 3833 1372 καὶ

2251 1405 2312 1458 τὸ
2347 1403 2501 1467 τέλος
2529 1403 2628 1474 τῆς
2653 1397 3036 1476 καταστροφῆς
3064 1394 3249 1456 αύτοῦί
3291 1389 3608 1468 ἀκολούθως
3640 1406 3729 1460 ἐπὶ
3748 1406 3832 1463 τοῦ

2254 1489 2521 1569 παρόντος
2574 1489 2830 1570 παραινεῖ
2896 1493 3117 1564 φεύγειν
3166 1495 3293 1578 τοὺς
3351 1494 3466 1548 τῶν
3515 1498 3834 1568 παρανόμων

2252 1589 2507 1663 τρόπους,
2547 1589 2681 1660 μηδὲ
2723 1587 2820 1651 τὰς
2851 1587 3070 1658 ὁμοίους
3120 1586 3299 1664 αύτῷν
3343 1581 3578 1657 πράξεις
3627 1589 3830 1661 ζηλοῦν.

2267 1681 2419 1735 Ἐπεὶ
2443 1681 2487 1735 δ’
2514 1680 2700 1752 ἔτερόν
2723 1681 2837 1732 ἐστι
2861 1678 2954 1732 τοῦ
2990 1677 3185 1748 ζηλοῦν
3202 1679 3263 1732 τὸ
3283 1676 3655 1750 παραζηλοῦν,
3678 1682 3831 1752 ἐρεῖς,

2246 1774 2328 1827 ὅτι
2365 1772 2427 1826 τὸ
2468 1768 2730 1844 ἐρεθίζειν
2769 1770 2863 1822 καὶ
2893 1771 2972 1832 είς
3006 1769 3334 1840 ζηλοτυπίαν
3381 1769 3643 1843 ἐγείρειν,
3687 1771 3833 1827 τοῦτό

2251 1868 2366 1919 ἐστι
2390 1863 2452 1918 τδ
2483 1860 3017 1934 παραζηλοῦν.“Οθεν
3043 1863 3072 1914 ὁ
3100 1847 3828 1935 μὲνἋκύλαςᾚήρμήνευσενθ

2179 1920 2219 1976 Β
2247 1957 2344 2036 Μὴ
2377 1920 2665 2027 ιἰαμάχού
2687 1920 2764 2009 εν
2794 1920 3332 2022 πονηρευομένοιςδ
3361 1955 3392 2007 ὁ

2246 2049 2344 2118 Μὴ
2379 2049 2707 2118 φιλονείκει
2755 2047 3134 2114 κακούργοις.
3179 2045 3416 2117 Νοήσεις
3446 2041 3504 2098 δὲ
3532 2046 3595 2099 τὸ
3621 2045 3832 2119 εἰρημέ-

2246 2157 2335 2195 νον
2385 2140 2480 2193 καὶ
2519 2139 2626 2192 ἀπὸ
2665 2140 2790 2212 τοῦθ
2819 2138 2994 2192 Αὐτοὶ
3045 2129 3484 2206 παρεζήλωσάν
3508 2156 3587 2208 με
3636 2141 3726 2193 ἐπ’
3765 2142 3832 2196 οὐ

2249 2217 2399 2298 Θεῷ,
2430 2225 2814 2301 παρὼργισάν
2858 2248 2935 2300 με
2987 2231 3057 2283 ἐν
3110 2229 3234 2296 τοῖς
3285 2217 3566 2298 εἰδώλοις
3611 2233 3827 2288 αὐτῶν·

2247 2326 2410 2396 κάγὼ
2451 2317 2856 2393 παριιζὴλὼσω
2901 2317 3124 2390 αὐτοὺς
3183 2323 3275 2376 ἐπ’
3327 2326 3446 2378 οὐκ
3502 2325 3695 2380 ἔθνει·
3745 2329 3830 2382 ἐπ’

2245 2420 2401 2473 ἔθνει
2435 2416 2708 2482 ἀσυνέτῳ
2731 2414 3027 2486 παροργιῶ
3055 2411 3297 2483 αὐτούς,
3323 2416 3485 2470 Οὕτω
3519 2419 3613 2473 καὶ
3639 2419 3667 2472 ὁ
3683 2419 3832 2474 Ἀπό-

2249 2508 2430 2570 στολος
2474 2508 2699 2579 γράφων
2745 2506 3051 2577 Κορινθίοις
3095 2501 3313 2576 ἓλεγενλ
3365 2509 3444 2563 Ἠ
3470 2509 3832 2580 παραζηλοῦ-

2239 2621 2356 2673 μεν
2391 2603 2497 2657 τὸν
2549 2605 2802 2672 Κύριον;
2855 2601 2952 2671 Μὴ
2986 2606 3354 2673 ισχιφότεροι
3388 2604 3582 2660 αὐτοῦ
3618 2605 3830 2676 tower;

2245 2679 2319 2749 Τὸ
2362 2679 2419 2748 δὲ
2461 2679 2657 2776 ζηλοῦν
2710 2695 2804 2748 τοῦ
2862 2689 3144 2766 βούλεσθαι
3177 2698 3270 2750 καὶ
3302 2684 3484 2769 ἑαυτῷ
3513 2699 3772 2770 ὑπάρχειν
3800 2694 3830 2752 ὃ

2245 2787 2454 2858 νομίζει
2486 2787 2562 2858 τῷ
2595 2787 2764 2852 πέλας
2799 2791 3077 2860 παρεῖναι,
3106 2779 3328 2857 ἀγαθόν.
3365 2785 3477 2844 Καὶ
3505 2791 3621 2844 ἔστι
3654 2790 3712 2843 τὸ
3735 2789 3829 2863 ζη-

2243 2879 2366 2933 λοῦν
2396 2880 2583 2951 μέσονο
2618 2879 2876 2944 πολλάκις
2918 2881 3027 2953 γὰρ
3078 2878 3106 2934 ὁ
3153 2871 3313 2951 ζῆλος
3351 2884 3486 2953 περὶ
3521 2875 3584 2936 οὗ
3620 2885 3648 2936 ὁ
3673 2882 3830 2947 αὑτός

2245 2988 2438 3042 φησιν·
2473 2967 2784 3039 Ζηλοῦονιν
2812 2970 2969 3041 ὑμᾶς
2999 2959 3072 3027 οὖ
3105 2972 3324 3040 καλῶς,
3355 2975 3496 3028 ἀλλ’
3531 2973 3825 3030 ἐκκλεῖσαι

2244 3061 2397 3135 ὑμᾶς
2430 3055 2948 3128 θέλουσιν.Φθόνος
2989 3048 3088 3135 μὲν
3119 3059 3211 3118 οὖν
3239 3064 3339 3118 οὐκ
3373 3064 3443 3118 ἂν
3467 3065 3679 3134 γένοιτό
3703 3081 3825 3118 ποτε

2242 3154 2476 3223 ἀγαθός⁹
2512 3154 2654 3227 λύπη
2683 3154 2791 3226 γάρ
2821 3151 2970 3232 ἐστίν
3025 3155 3118 3210 ἐπὶ
3169 3158 3235 3228 τῇ
3288 3156 3382 3209 τοῦ
3423 3157 3595 3223 πέλας
3626 3157 3823 3228 εὐπραι

555 3244 659 3301 Hic
709 3262 895 3318 porro,
927 3249 1228 3304 secundum
1281 3249 1559 3320 Aquilam,
1605 3268 1715 3306 non
1765 3253 2138 3310 dimicandum

2242 3239 2368 3328 γίᾳς
2400 3241 2557 3314 ζῆλος
2598 3236 2656 3295 δέ
2692 3245 2840 3298 ἐστιν
2873 3233 2963 3297 ὅτε
2994 3245 3205 3314 γίνεται
3241 3246 3448 3316 ἀγαθὸς
3481 3245 3664 3311 καθὼς
3694 3249 3824 3300 ἀπο-

553 3350 678 3393 esse
701 3352 826 3406 cum
860 3339 1283 3410 malignantibus
1306 3350 1522 3411 monet;
1551 3344 1852 3400 secundum
1885 3344 2136 3418 Symma-

553 3427 742 3493 chum,
777 3445 885 3484 non
922 3431 1301 3487 altercandum
1354 3449 1477 3488 cum
1511 3437 1809 3505 malelicis;
1835 3439 2135 3495 secundum

553 3520 803 3588 quintam
838 3519 1158 3586 editionem,
1188 3538 1299 3578 non
1348 3525 1550 3602 irritari
1582 3534 1838 3597 oportere
1867 3544 1990 3584 cum
2020 3546 2138 3586 ma-

553 3611 888 3682 lignantibus
907 3631 921 3679 ;
941 3615 1239 3669 secundum
1261 3632 1392 3671 vero
1416 3617 1560 3671 LXX
1584 3639 1597 3672 :
1624 3618 1745 3674 Noli
1772 3623 2015 3677 aemulari
2041 3639 2137 3679 ne-

551 3717 662 3773 que
709 3703 1001 3769 concitari,
1034 3705 1080 3761 si
1124 3707 1261 3762 alios
1295 3710 1437 3764 male
1468 3719 1689 3781 agentes
1717 3712 1928 3780 videas,
1959 3731 2137 3786 neque

551 3803 607 3851 te
632 3796 912 3851 concitent
944 3797 1179 3868 improbi
1215 3815 1476 3870 prospere
1505 3811 1750 3873 agentes,
1789 3813 1848 3860 ut
1894 3814 1954 3860 tu
1996 3822 2138 3878 quo-

550 3903 660 3959 que
716 3887 850 3943 velis
904 3904 1019 3944 rem
1070 3890 1211 3946 bene
1256 3908 1466 3963 gerere.
1511 3894 1810 3967 linamque
1837 3897 1891 3951 in
1923 3914 1982 3952 re
2010 3913 2137 3969 pro-

2243 3323 2574 3403 δεδώκαμεν.
2621 3329 2881 3388 Ἐνταῦθα
2910 3335 2967 3389 δὲ
2994 3338 3022 3389 ὁ
3049 3335 3205 3406 λόγος
3234 3338 3375 3392 κατά
3419 3339 3518 3410 μὲν
3544 3339 3636 3393 τὸν
3671 3338 3823 3393 Ἀκύ-

2242 3425 2340 3479 λαν
2391 3425 2464 3497 μὴ
2529 3427 2892 3500 διαμάχεσθαι
2949 3430 3008 3482 ὲν
3062 3431 3526 3502 πονηρευομένοις
3560 3432 3823 3504 παραινεῖ,

2242 3517 2380 3571 κατά
2427 3519 2485 3572 δὲ
2534 3515 2848 3592 Σύμμαχον,
2888 3521 2962 3594 μὴ
2994 3523 3319 3592 φιλονεικεῖν
3367 3525 3428 3577 ἐν
3485 3524 3826 3594 κακούργοις,

2242 3611 2384 3666 κατά
2424 3611 2480 3666 δὲ
2527 3612 2624 3684 τὴν
2668 3613 2926 3686 πέμπτην
2976 3615 3207 3677 ἔκδοσιν,
3264 3616 3338 3686 μὴ
3386 3616 3730 3688 ἐρεθίζεσθαι
3773 3617 3828 3669 ὲν

2241 3702 2723 3779 πονηρειυομένοις
2778 3703 2918 3757 κατά
2973 3704 3030 3757 δὲ
3080 3706 3206 3768 τοὺς
3267 3705 3694 3779 Ἑϐδομήκονταο
3737 3704 3824 3774 Μὴ

2242 3772 2568 3866 παροξύνου,
2603 3795 2761 3865 φησὶ,
2794 3794 2928 3866 μηδὲ
2976 3795 3220 3867 ὲρεθίζου
3248 3796 3390 3868 ὁρῶν
3419 3772 3645 3869 ἑτέρους
3671 3772 3825 3867 πονηέ

2245 3886 2565 3958 ρευομένους
2583 3904 2597 3918 ·
2627 3886 2764 3959 μηδέ
2792 3905 2850 3941 σε
2880 3888 3240 3960 ὲγειρέτωσαν
3265 3884 3650 3962 εύθηνούμενοι
3672 3887 3823 3943 κακοὶ

2241 3975 2332 4032 ἐπὶ
2357 3978 2418 4032 τὸ
2450 3979 2544 4033 καὶ
2569 3978 2775 4033 ὲθέλειν
2807 3979 3008 4050 ὁμοίως
3037 3981 3223 4043 αὐτοῖς
3243 3979 3566 4052 εὐπραγεῖν.
3602 3982 3820 4035 Ἐκεῖνοι

2244 4069 2340 4139 μὲν
2379 4067 2488 4141 γὰρ
2519 4067 2902 4141 εύθηνούμενοι
2952 4069 3408 4144 καὶ,τρυφῶντες
3455 4067 3820 4144 παραζηλοῦσί

550 3994 713 4049 spera
764 3985 818 4033 et
861 3978 918 4033 in
968 3979 1186 4036 deliciis
1234 3992 1459 4052 agentes
1490 3991 1542 4040 te
1569 3985 1868 4056 instigant;
1894 3996 1948 4042 at
1977 4000 2034 4042 tu
2067 4003 2134 4044 ne

548 4069 826 4124 mmuleris
862 4085 1039 4140 neque
1070 4071 1385 4138 conciteris,
1418 4075 1514 4130 sed
1548 4090 1726 4146 neque
1750 4077 2013 4134 zelaveris
2051 4077 2134 4133 la-

548 4163 759 4218 cientes
803 4162 1182 4234 iniquitatem;
1223 4181 1293 4221 ne
1330 4165 1520 4223 beatos
1551 4169 1816 4240 praedices
1849 4171 1994 4236 illos,
2027 4188 2133 4228 neu

2243 4176 2333 4212 σε’
2372 4161 2435 4212 σὺ
2465 4159 2522 4212 δὲ
2556 4161 2629 4232 μὴ
2663 4159 2981 4231 παραζήλου
3012 4157 3147 4231 μηδὲ
3172 4155 3511 4232 παροξύνουσ
3534 4160 3668 4215 ἀλλά
3692 4158 3820 4232 μηδὲ

550 4265 710 4327 putes
738 4256 792 4309 in
822 4255 983 4312 bonis
1010 4257 1219 4313 versari
1247 4277 1259 4312 :
1286 4274 1388 4315 nec
1428 4261 1546 4330 pari
1591 4261 1753 4317 modo
1791 4278 1905 4318 rem
1943 4263 2134 4336 gerere

2242 4249 2402 4323 ζήλου
2420 4252 2544 4314 τοὺς
2561 4251 2845 4315 ποιοῦντας
2872 4250 3120 4322 ἀνομίαν,
3148 4251 3282 4323 μηδὲ
3309 4252 3584 4324 μακάριζε
3609 4250 3816 4316 αὐτοὺς,

546 4355 800 4418 exoptes.
2240 4344 2332 4397 καὶ
2358 4345 2414 4397 ὲν
2440 4343 2664 4414 ἀγαθοῖς
2708 4339 2847 4398 εἶναι
2891 4342 3109 4416 νόμιζε⁶
3153 4341 3277 4416 μηδ’
3307 4341 3467 4416 εὔχου
3504 4345 3598 4400 καί
3632 4341 3816 4397 σαυτὸν

2238 4436 2438 4508 ὁμοίως
2469 4437 2652 4501 αὐτοῖς
2683 4437 2959 4509 πράττειν.

622 4522 787 4579 Vens.
821 4524 983 4580 2-9.
1038 4521 1301 4592 Quoniam
1358 4529 1612 4600 tanquam
1658 4519 1836 4599 fenum
1891 4530 2134 4588 velociter

2314 4531 2442 4584 Ὅτι
2489 4529 2630 4584 ὡσεί
2701 4527 2906 4599 χόρτος
2989 4521 3138 4598 ταχῦ
3196 4521 3810 4599 ἀποξηρανθήσονται.

546 4626 808 4673 arescent.
882 4616 1086 4674 Deinde
1157 4636 1380 4676 causam
1443 4609 1654 4694 aperit,
1733 4624 1954 4691 dicens,
2010 4628 2139 4697 quia

2242 4618 2375 4676 Εἶτα
2401 4622 2500 4692 τὴν
2534 4619 2712 4674 αἰτίαν
2739 4612 2998 4684 διδάσκει,
3023 4617 3217 4688 λέγων,
3246 4621 3328 4673 ὃτι
3359 4612 3420 4673 τὸ
3445 4621 3600 4684 τέλος
3640 4615 3812 4673 αὐτῶν

545 4708 673 4764 ﬁnis
721 4711 938 4765 illorum
985 4713 1131 4778 talis,
1187 4715 1366 4784 qualis
1421 4715 1530 4771 feni
1587 4716 1767 4772 exitus
1805 4725 1924 4784 est;
1983 4719 2131 4788 quod

2242 4714 2474 4769 τοιοῦτόν
2500 4715 2669 4778 ἐστιν,
2695 4707 2878 4768 ὁποῖον
2905 4701 2966 4766 τδ
3002 4713 3094 4766 τοῦ
3123 4711 3347 4785 χόρτον
3385 4714 3444 4778 ὃς
3473 4709 3611 4788 πρὸς
3643 4711 3813 4780 ὀλίγον

545 4814 672 4854 cum
721 4799 1117 4871 aliquantisper
1157 4803 1422 4867 ﬂoruerit,
1453 4803 1713 4858 velociter
1739 4805 1955 4860 arescit.
1990 4802 2128 4859 Nam

2242 4808 2495 4880 ἀνθήσας,
2542 4809 2680 4879 ταχὺ
2742 4806 3186 4878 ἀποξηραίνεται.
3249 4805 3425 4861 Πᾶσα
3493 4809 3602 4880 γὰρ
3661 4804 3811 4873 σὰρξ

545 4893 718 4946 omnis
747 4909 876 4947 caro
900 4894 1100 4962 fenum.
1133 4905 1180 4949 et
1208 4897 1378 4950 omnis
1404 4896 1580 4967 gloria
1609 4897 1722 4968 ejus
1745 4898 1896 4968 quasi
1925 4897 2024 4966 flos
2051 4897 2128 4967 {e-

545 4985 620 5039 at.
661 4984 1007 5042 Exsiccata»:
1056 5000 1133 5042 est
1189 4989 1388 5054 fenum,
1436 4999 1485 5044 et
1536 4990 1635 5058 ﬂos
1690 4990 1963 5048 decidit“.
2019 4990 2125 5047 Sed

542 5077 734 5141 etiam,
767 5069 1210 5148 quemadmodum
1244 5064 1391 5134 olera
1420 5079 1700 5134 herbarum
1730 5081 1836 5136 cito
1865 5081 2124 5140 deciderit.

546 5167 625 5225 Ne
675 5170 896 5240 quidem
941 5159 1090 5241 digni
1135 5180 1265 5226 sunt
1312 5173 1404 5243 qui
1445 5173 1687 5227 oleribus
1716 5174 1768 5227 in
1803 5189 1935 5244 agro
1963 5176 2128 5231 cultis

545 5270 952 5332 comparentur.
983 5263 1114 5330 Quae
1145 5279 1310 5320 causa
1340 5262 1507 5336 igitur
1543 5272 1628 5320 est
1659 5281 1758 5320 cur
1780 5283 1874 5320 eos
1902 5267 2128 5322 aemule-

543 5371 691 5422 mur,
725 5356 818 5427 qui
851 5371 974 5410 cum
1009 5357 1158 5413 brevi
1185 5367 1428 5429 tempore
1454 5349 1759 5418 ﬂoruerint,
1791 5374 1914 5413 cras
1945 5361 1997 5414 in
2022 5359 2124 5414 cli-

544 5445 747 5500 banum
799 5446 1104 5511 mittentur,
1138 5454 1196 5501 ut
1245 5448 1404 5502 docet
1452 5437 1804 5502 Salvator“?
1858 5446 2021 5519 Spera
2068 5451 2124 5504 in

549 5538 793 5604 Domino,
826 5549 874 5594 et
905 5540 992 5608 fac
1015 5539 1322 5603 bonitatem,
1350 5551 1397 5595 ct
1428 5533 1667 5594 inhabita
1697 5551 1913 5606 terram,
1943 5552 1991 5597 et
2025 5561 2124 5612 pa-

539 5633 702 5687 sceris
730 5633 784 5687 in
812 5633 1010 5688 divitiis
1039 5633 1174 5703 ejus.
1213 5633 1486 5688 Delectare
1512 5633 1565 5687 in
1603 5629 1848 5701 Domino,
1878 5647 1927 5690 et
1971 5627 2122 5691 dabit

2232 4901 2466 4971 χόρτος,
2499 4900 2597 4952 καὶ
2637 4895 2804 4953 πᾶσα
2831 4897 2982 4963 δόξα
3024 4889 3215 4966 αὐτῆς
3247 4891 3328 4966 ὡς
3352 4898 3538 4966 ἄνθος
3579 4892 3806 4966 χόρτου.

2246 4985 2574 5060 Ἐξηράνθη
2592 4994 2624 5044 ό
2645 4985 2879 5060 χόρτος,
2895 4991 2992 5044 καὶ
3020 4989 3086 5044 τὸ
3115 4990 3298 5053 ἄνθος
3313 4980 3625 5055 ἐξέπεσεν.
3655 4984 3808 5040 Ἀλλά

2234 5083 2346 5147 καὶ,
2369 5082 2513 5136 ὡσεὶ
2531 5069 2771 5152 λάχανα
2791 5083 2981 5153 χλόης
3009 5082 3162 5153 ταχὺ
3190 5077 3638 5138 ἀποπεσοῦνται
3657 5098 3672 5112 ο
3694 5077 3807 5133 οὐδὲ

2233 5173 2666 5246 γεωργουμένοις
2710 5173 2960 5245 λαχάνοις
3000 5172 3140 5241 ἄξιοί
3189 5175 3295 5228 εισι
3347 5169 3804 5247 παραὸάλλεσθαι.

2235 5263 2298 5319 Τί
2319 5263 2411 5320 οὖν
2442 5265 2590 5333 ἀξιον
2615 5265 2809 5338 ζηλοῦν
2835 5260 3076 5332 τούτους,
3101 5266 3151 5320 οἳ
3177 5263 3314 5340 πρὸς
3343 5267 3520 5337 ὀλίγον
3547 5265 3806 5335 ἀνθήσαν-

2230 5375 2340 5422 τες,
2395 5355 2581 5431 αύριον
2637 5360 2716 5424 εἰς
2773 5355 3023 5416 κλίϐανον
3075 5360 3474 5431 βάλλονται.ὡς
3522 5354 3804 5424 ἐδίδαξενὸ

2232 5447 2452 5523 Σωτήρ;
2487 5453 2782 5507 Ἔλπισον
2809 5443 2909 5507 ἐπὶ
2954 5455 3195 5522 Κύριον,
3237 5454 3334 5507 καὶ
3370 5454 3524 5507 ποίει
3555 5445 3804 5522 χρηστό-

2228 5559 2395 5611 τητα.
2439 5545 2536 5597 καὶ
2581 5546 2966 5615 κατασκήνου
3003 5543 3118 5616 τὴν
3150 5545 3286 5617 γῆν,
3305 5545 3404 5600 καὶ
3429 5539 3798 5615 ποιμανθήσῃ

2227 5637 2324 5692 ἐπὶ
2370 5633 2451 5704 τῷ
2500 5639 2740 5707 πλούτῳ
2782 5635 2989 5710 αὐτῆς.
3036 5641 3511 5710 Κατατρύερησον
3547 5633 3655 5695 τοῦ
3698 5635 3814 5689 Κυα

611 5811 661 5844 ⁸⁸
697 5813 851 5870 Deut.
886 5831 1070 5882 xvxxu,
1101 5815 1193 5870 2|.
1273 5817 1318 5849 εδ
1358 5813 1376 5868 l
1407 5815 1533 5871 Cor.
1569 5833 1597 5871 x
1621 5858 1636 5886 ,
1671 5816 1761 5870 22.
1841 5816 1884 5847 ⁶⁵
1905 5815 2080 5874 Galat.
2117 5835 2139 5874 ι

2242 5817 2327 5872 l7.
2407 5818 2451 5849 “
2489 5814 2594 5873 lsa.
2630 5829 2732 5884 XL,
2768 5819 2821 5874 6.
2901 5817 2944 5850 ⁸⁷
2983 5816 3172 5874 Matth.
3207 5833 3291 5881 νι,
3321 5818 3410 5872 50.
