4122 6454
203 401 324 458 325

1335 391 1843 452 COMMENTA‘RJA
1881 393 1952 452 IN
1991 387 2350 458 PSALMOS.‘

3363 415 3478 474 3‘26

195 515 478 594 ptatum!
505 513 624 582 δῴη
645 528 744 568 σοι
767 511 962 566 πάντα
993 509 1066 566 τὰ
1093 509 1386 581 αἰτήματα
1409 511 1522 582 τῆς
1550 511 1787 582 καρδίας

1903 513 1998 569 tibi
2037 531 2214 570 omnes
2239 517 2522 586 petitiones
2553 519 2732 574 cordis
2767 521 2868 578 tui.
2901 523 3194 596 Postquam
3225 531 3478 601 superio-

201 627 352 668 σου.
391 605 760 678 Ἀποστρέψας
791 603 886 658 τοῦ
915 601 1082 676 ζήλου
1123 601 1232 656 τῶν
1273 603 1530 676 πονηρῶν
1561 603 1650 658 διά
1683 604 1794 660 τῶν

201 702 460 776 πρώτων,
493 697 654 762 εὐθὺς
683 701 748 752 ὲκ
777 695 1124 770 παραλλήλου
1169 695 1270 768 τὴν
1315 695 1482 768 ὀρθὴν
1513 697 1608 750 καὶ
1643 697 1796 768 βασι-

199 793 366 866 λικὴν
389 791 508 845 ὁδὸν
545 787 748 860 τίθησι,
781 787 996 850 δεικνὺς
1027 785 1220 840 ὁποίαν
1255 785 1360 858 χρὴ
1403 787 1668 858 βαδίζειν.
1705 791 1798 844 Διά

201 901 400 956 φησιν·
437 883 584 934 "Avo:
622 878 810 950 βλέπε,
857 871 902 932 ὧ
945 871 1120 942 οὗτος
1155 877 1376 948 ἀφορῶν
1417 880 1496 942 είς
1549 879 1640 932 τὸν
1687 879 1796 934 τῶν

197 977 342 1032 ὅλων
371 975 732 1048 κυϐερνήτην,
779 971 874 1024 καὶ
923 971 1088 1024 αὑτὸν
1121 971 1348 1024 σεαυτοῦ
1403 971 1590 1026 ἐλπίδα
1633 973 1796 1045 θέμε-

199 1081 312 1130 νος·
333 1065 522 1138 θάρσει
543 1063 618 1128 ὡς
645 1063 736 1116 ἐπὶ
771 1061 1014 1134 μεγάλην
1041 1062 1288 1134 ἄγκυραν
1311 1062 1666 1136 ἡδρασμένος.
1685 1065 1796 1118 Ka‘t

197 1159 270 1212 τά
307 1159 408 1230 μὲν
435 1157 536 1230 τῆς
563 1155 804 1218 διανοίας
860 1171 954 1208 σου
1001 1153 1204 1226 ταύτην
1233 1154 1404 1226 ἐχέτω
1443 1153 1544 1226 τὴν
1571 1155 1790 1210 ἐλπίδα·

197 1255 320 1316 ταῖς
365 1250 422 1304 δὲ
475 1248 738 1322 πράξεσιν
775 1245 1009 1320 ἐργάζου
1059 1245 1158 1300 καὶ
1201 1247 1358 1302 ποίει
1389 1251 1792 1318 χρηστότητα,

195 1343 404 1398 ὡσανεὶ
453 1341 688 1412 σπόρους
719 1339 902 1410 σαυτῷ
935 1337 1266 1410 βαλλόμενος
1293 1338 1382 1392 ἐπ’
1423 1339 1602 1410 ἀγαθῇ
1657 1357 1794 1412 καρ-

195 1431 318 1486 ταῖιν
351 1429 674 1502 συγκομιδῇ.
713 1429 898 1484 Ταῦτα
943 1428 1002 1482 δὲ
1043 1427 1114 1482 τά
1145 1427 1238 1480 δύο
1281 1429 1642 1500 κτησάμενος,
1681 1448 1793 1502 μη-

195 1523 316 1578 κέτι
345 1523 474 1596 περί
489 1541 632 1586 τινος
653 1520 884 1592 ἀγωνία.
905 1517 1308 1588 Κατασκήνου
1333 1519 1448 1588 τὴν
1471 1517 1588 1588 γῆν
1601 1521 1632 1574 ἀ
1639 1537 1706 1592 με
1715 1521 1794 1594 ρί-

195 1635 374 1690 μνως,
403 1618 498 1672 καὶ¹
535 1617 634 1690 τὴν
668 1615 1004 1690 πρόσκαιρον
1043 1613 1271 1684 ταυτηνί¹
1316 1611 1480 1684 ζωὴν,
1511 1611 1701 1687 ὥσπερ
1733 1616 1792 1669 ἐν

193 1715 400 1784 σκηνῇ,
433 1711 570 1784 πρὸς
609 1709 788 1778 ὀλίγον
845 1707 1019 1772 ἑστὼς
1073 1707 1248 1776 δίαγε.
1287 1705 1646 1780 Ποιμανθήσῃ
1681 1707 1790 1780 γὰρ

187 1805 356 1876 δίκην
387 1805 702 1878 θρέμματος
745 1799 950 1870 ἀγαθοῦ
987 1797 1092 1852 ὑπὸ
1137 1797 1358 1870 ποιμένι
1391 1795 1538 1867 καλῷ
1569 1813 1790 1870 ποιμαι-

1897 605 2052 662 ribus
2097 605 2260 662 dictis
2296 609 2366 664 ab
2407 609 2758 668 aemulatione
2791 613 3164 684 improborum
3213 633 3480 678 avocave-

1897 699 2204 762 ratgstatim
2233 715 2302 756 ex
2333 701 2588 772 Opposito
2619 711 2824 758 rectam
2849 705 3164 782 regiamque
3179 711 3322 766 viam
3347 729 3480 784 pro-

1898 788 2070 858 ponit,
2127 787 2382 846 indicans
2431 807 2540 861 qua
2583 792 2656 846 sit
2697 793 3082 868 incedendum.
3131 799 3478 875 Quapropter

1895 879 1970 952 ait
1997 897 2012 934 :
2037 877 2182 936 Heus
2213 887 2294 946 tu,
2317 895 2536 937 sursum
2587 879 2791 953 aspice,
2823 885 2888 942 a'c
2939 889 3324 948 universorum
3357 911 3480 952 mo-

1895 969 2203 1026 deratorem
2250 970 2488 1036 intuere,
2547 967 2712 1044 atque
2759 975 2939 1046 ipsum
2995 993 3150 1049 spem
3203 986 3480 1044 constitue

1895 1071 2046 1116 tuam
2074 1077 2088 1114 :
2115 1059 2262 1116 bono
2293 1061 2482 1116 animo
2509 1069 2652 1128 esto,
2685 1073 2746 1120 ut
2777 1083 2974 1139 magna
3003 1073 3246 1128 anchora
3293 1076 3480 1134 ﬁrma-

1891 1161 2004 1208 tus.
2037 1151 2104 1206 Et
2135 1161 2316 1210 mente
2345 1152 2564 1224 quidem
2593 1169 2744 1224 spem
2773 1157 2936 1214 talem
2968 1161 3190 1232 capias;
3215 1167 3478 1236 operibus

1892 1251 2074 1300 autem
2098 1259 2398 1316 exsequere
2435 1255 2486 1300 et
2515 1246 2602 1314 {ac
2631 1246 2916 1324 bonitatem
2933 1267 2952 1316 ;
2981 1261 3042 1307 ut
3079 1255 3150 1312 iis
3181 1271 3284 1312 ceu
3309 1257 3478 1328 jactis

1891 1337 1992 1392 tibi
2019 1337 2344 1404 seminibus,
2372 1341 2612 1410 opimam
2643 1341 2918 1398 fructuum
2943 1347 3154 1416 copiam
3177 1351 3474 1422 percipias.
3513 1413 3525 1430 .

1893 1429 2168 1486 llorumce
2199 1445 2364 1502 porro
2391 1430 2626 1488 duorum
2675 1435 2906 1504 potitus,
2941 1453 3009 1492 ne
3059 1439 3198 1494 ultra
3231 1439 3298 1496 de
3337 1459 3478 1514 quo-

1889 1525 2036 1595 piam
2063 1523 2262 1580 anxius
2283 1533 2426 1590 esto,
2449 1525 2692 1580 inhabita
2715 1535 2908 1582 terram
2933 1529 3052 1586 sine
3079 1531 3470 1602 sollicitudine,

1891 1631 1956 1672 ac
1987 1625 2394 1688 temporaneam
2423 1617 2632 1674 hancce
2657 1619 2846 1684 vitam,
2871 1621 3030 1692 quasi
3059 1623 3116 1678 in
3153 1624 3475 1682 tabernacu-

1889 1709 1964 1776 lo,
1993 1709 2148 1766 brevi
2179 1709 2372 1782 exigas
2407 1728 2420 1762 ι
2449 1710 2652 1766 etenim
2703 1711 2878 1790 instar
2927 1713 3083 1768 bonae
3123 1715 3349 1784 pecudis
3375 1733 3474 1774 cu-

1889 1809 2046 1858 rante
2077 1803 2222 1858 bono
2249 1803 2472 1874 pastOre
2502 1801 2766 1874 pasceris.
2789 1791 2924 1860 Nam
2957 1807 3002 1864 si
3027 1823 3148 1878 quae
3169 1809 3354 1864 insunt
3373 1809 3474 1866 ho-

189 1897 446 1970 νόμενος.
477 1897 540 1950 Ei
581 1893 690 1966 γάρ
737 1893 820 1958 τίς
873 1893 1020 1944 ἐστιν
1069 1893 1126 1944 ἐν
1169 1887 1478 1960 ἀνθρώποις
1531 1887 1782 1960 ἀληθινὸς

1889 1895 2124 1962 minibus
2153 1911 2296 1952 verae
2324 1895 2490 1950 animi
2517 1896 2741 1966 divitiae,
2769 1913 2892 1969 quis
2925 1899 2982 1954 in
3013 1899 3214 1956 divinis
3246 1901 3474 1974 dogma-

185 1989 376 2062 ψυχῆς
430 1987 676 2050 πλοῦτος,
723 1986 750 2038 ὁ
794 1985 852 2038 ἐν
893 1981 1057 2046 θείοις
1111 1981 1346 2052 δόγμασι
1389 1979 1484 2032 καὶ
1521 1982 1632 2044 τοῖς
1675 1979 1784 2034 τῶν

187 2083 364 2136 θείων
392 2078 836 2150 ἀναγνωσμάτων
873 2075 1186 2148 μαθήμασι,
1205 2071 1410 2126 τούτων
1437 2071 1784 2136 ἀπολαύσεις,

193 2168 348 2220 ὥστε
395 2167 600 2236 λέγειν·
635 2167 852 2234 Κύριος
879 2163 1178 2234 ποιμαίνει
1211 2177 1310 2232 με,
1345 2161 1444 2214 καὶ
1491 2159 1674 2214 οὐδέν
1711 2179 1788 2231 με

193 2257 548 2330 ὑστερήσει.
573 2257 736 2312 ούδὲν
769 2255 876 2330 γάρ
901 2273 960 2310 σε
985 2255 1273 2328 ὑστερήσει
1293 2255 1714 2326 ποιμαινόμενον
1729 2255 1787 2310 ἐν

191 2352 272 2424 τῷ
285 2351 512 2424 πλούτῳ
537 2349 632 2404 τοῦ
661 2349 826 2404 καλοῦ
875 2348 1152 2420 ποιμένος,
1179 2345 1258 2418 τῷ
1288 2333 1646 2424 δεδωρημένῳ
1673 2349 1787 2412 τοῖς

189 2423 270 2498 ἔτι
309 2445 404 2498 ἐπὶ
433 2423 536 2516 γῆς
571 2442 1012 2516 ποιμαινομένοις
1037 2441 1366 2516 ἀνθρώποις.
1407 2435 1552 2496 Ἀντί
1587 2423 1644 2494 δὲ
1667 2441 1784 2504 τοῦ,

187 2537 312 2594 Καὶ
333 2535 712 2607 ποιμανθήσῃ
729 2535 828 2590 ἐπὶ
843 2535 922 2602 τῷ
933 2535 1176 2600 πλούτῳ
1199 2533 1352 2604 αὑτῆ
1357 2555 1408 2600 ς,
1425 2535 1454 2586 ὁ
1469 2535 1539 2586 Σύ
1549 2551 1783 2604 μμαχος,

187 2631 312 2686 Καὶ
355 2629 674 2699 «amatr-0v
701 2627 1014 2698 διηνεκῶς,
1047 2627 1337 2694 ἐξέδωκεν·
1371 2627 1400 2678 ὁ
1438 2625 1496 2680 δὲ
1531 2625 1784 2692 Ἀκύλας,

187 2723 314 2780 Καὶ
343 2721 526 2794 νέμου
557 2721 784 2776 πίστιν.
817 2716 932 2774 Εἶθ’
967 2719 1156 2792 ὥσπερ
1195 2719 1302 2775 τῶν
1337 2719 1786 2792 πονηρευομένων

185 2819 298 2872 καὶ
313 2817 424 2870 τῶν
437 2815 732 2870 ποιούντων
751 2813 850 2886 τὴν
873 2813 1100 2886 ἀνομίαν
1121 2811 1404 2886 ὑπέγραψε
1425 2813 1482 2866 τὸ
1501 2811 1674 2880 τέλος,
1689 2811 1784 2866 οὖ-

183 2927 308 2972 τως
327 2908 422 2962 καὶ
453 2907 536 2962 σοὶ
547 2907 628 2978 τῷ
647 2905 920 2971 ἐλπίζοντι
949 2905 1042 2958 ἐπὶ
1069 2903 1158 2958 τὸν
1193 2903 1395 2976 Κύριον
1427 2903 1520 2958 καὶ¹
1543 2903 1786 2958 ποιοῦντι

183 3001 542 3074 χρηστότητα
555 2999 728 3054 ὁπόσα
749 2997 978 3070 ὑπάρξει
995 2996 1174 3066 ἀγαθά
1183 2995 1618 3068 καταριθμεῖται.
1635 2995 1788 3068 Πρῶ-

185 3113 286 3150 τον
319 3097 424 3167 μέν
457 3095 566 3166 γὰρ
593 3093 940 3166 ποιμανθήσῃ
971 3093 1064 3147 ἐπὶ
1095 3090 1174 3162 τῷ
1207 3089 1420 3162 πλούτῳ
1445 3090 1524 3162 τῷ
1549 3089 1786 3162 ἀληθινῷ

183 3188 286 3244 τοῦ
343 3187 512 3242 καλοῦ
567 3187 854 3258 ποιμένος·
879 3185 1170 3258 δεύτερον,
1201 3185 1638 3256 κατατρυφήσεις
1687 3183 1784 3236 τοῦ

1885 1987 2036 2042 tibus
2087 1994 2141 2042 et
2187 1987 2392 2044 divinis
2423 1987 2754 2044 lectionibus
2789 1997 3130 2058 spectantur,
3159 1991 3225 2046 iis
3271 1991 3472 2050 frueris

1887 2081 1962 2134 ita
1989 2085 2050 2134 ut
2079 2079 2234 2136 dicas
2259 2099 2274 2136 :
2299 2081 2560 2137 Dominus
2591 2081 2762 2150 pascit
2793 2099 2876 2136 me
2913 2091 2963 2136 et
2993 2081 3128 2138 nihil
3169 2085 3298 2140 mihi
3349 2084 3472 2142 dee-

1887 2173 1958 2226 rit
1981 2173 2046 2228 ⁶⁸.
2073 2171 2218 2226 Nihil
2261 2173 2466 2246 quippe
2515 2172 2690 2228 deerit
2723 2173 2844 2240 tibi,
2877 2176 2924 2229 si
2959 2177 3012 2230 in
3047 2175 3178 2232 boni
3231 2181 3470 2248 pastoris

1887 2265 2092 2321 divitiis
2121 2267 2390 2336 pascaris,
2423 2282 2548 2338 quae
2569 2274 2868 2338 erogantur
2895 2269 3204 2326 hominibus
3235 2271 3290 2326 in
3321 2279 3468 2328 terra

1885 2359 2262 2430 pascentibus.
2293 2356 2402 2414 Pro
2439 2359 2534 2414 illo
2563 2367 2742 2416 autem
2779 2378 2792 2414 :
2823 2358 2892 2414 Et
2921 2362 3156 2431 pasceris
3185 2363 3242 2417 in
3269 2363 3467 2419 divitiis

1885 2449 2022 2519 ejus,
2057 2450 2420 2522 Symmachus
2457 2471 2470 2506 :
2503 2449 2574 2505 Et
2599 2467 2814 2521 pascere
2859 2453 3100 2520 assidue;
3131 2455 3326 2526 Aquila
3355 2475 3368 2510 :
3399 2455 3470 2510 Et

1883 2557 2098 2612 pascere
2135 2543 2260 2614 ﬁde,
2293 2545 2604 2602 ediderunt.
2641 2545 2756 2602 Sub
2807 2546 2922 2603 haec
2970 2557 3174 2612 autem,
3205 2549 3470 2620 quemad-

1885 2637 2108 2692 modum
2137 2637 2510 2708 improborum
2557 2645 2612 2696 et
2654 2641 3000 2712 operantium
3033 2641 3377 2713 iniquitatem
3407 2643 3470 2698 li-

1886 2747 2010 2788 nem
2061 2729 2388 2802 descripsit;
2439 2733 2522 2788 sic
2569 2741 2772 2804 quanta
2803 2733 2901 2788 tibi
2937 2735 2989 2788 in
3023 2733 3313 2790 Dominum
3347 2751 3470 2806 spe-

1885 2821 2054 2886 ranti,
2095 2837 2160 2877 ac
2207 2821 2510 2878 bonitatem
2555 2821 2780 2878 facienti
2827 2833 3094 2880 eventura
3145 2825 3288 2880 bona
3333 2825 3466 2892 sint,

1887 2923 2192 2972 enumerat.
2217 2915 2354 2970 Nam
2386 2905 2566 2986 primo
2595 2916 2650 2972 in
2673 2917 2820 2972 veris
2845 2917 2974 2972 boni
3005 2919 3244 2987 pastoris
3265 2917 3470 2976 divitiis

1890 3009 2168 3080 pasceris;
2208 3008 2474 3072 secundo,
2509 3008 2870 3064 delectaberis
2893 3009 2948 3062 in
2979 3009 3244 3076 Domino;
3285 3009 3468 3074 tertio,

1887 3102 2038 3156 dabit
2085 3101 2182 3156 tibi
2227 3101 2518 3171 petitiones
2552 3099 2738 3156 cordis
2767 3099 2865 3156 tui.
2899 3099 3166 3156 Delectari
3199 3107 3380 3156 autem
3411 3101 3470 3162 ir:

1889 3191 2122 3248 Domino
2173 3193 2396 3256 valebit,
2449 3189 2701 3262 quisquis
2761 3191 2956 3246 animae
3011 3189 3266 3246 sensibus
3315 3193 3470 3262 puris

189 3281 427 3354 Κυρίου·
461 3279 554 3334 καὶ
585 3279 789 3350 τρίτον,
810 3279 971 3332 δώσει
1001 3295 1082 3331 σοι
1111 3275 1180 3330 τὰ
1213 3277 1492 3348 αίτήματα
1523 3277 1620 3347 τῆς
1645 3293 1782 3348 καρ-

1889 3283 2242 3354 purgatisque
2275 3281 2460 3347 fuerit,
2489 3281 2564 3336 ita
2591 3291 2648 3336 ut
2679 3297 2874 3354 panem
2917 3279 3101 3337 vivum
3133 3295 3198 3336 ac
3224 3279 3470 3338 viviﬁcas

185 3373 314 3438 δίας
347 3390 464 3428 σου.
493 3373 860 3444 Κατατρυφᾷν
881 3371 940 3424 δὲ
967 3369 1062 3422 τοῦ
1087 3369 1292 3440 Κυρίου
1321 3367 1606 3440 δυνήσεται
1629 3367 1658 3418 ὁ
1681 3367 1784 3440 τῆς

185 3467 380 3538 ψυχῆς
435 3465 498 3518 ea
553 3463 884 3536 αἰσθητήρια
947 3459 1436 3533 κεκαθαρισμένος,
1487 3458 1562 3524 ὡς
1624 3458 1784 3512 δύνα-

187 3559 326 3612 σθαι
349 3557 544 3610 ἐσθίειν
571 3557 660 3610 τὸν
681 3554 858 3620 ζῶντα
875 3553 1042 3626 ἄρτον
1067 3553 1160 3608 καὶ
1185 3551 1282 3616 τὰς
1307 3551 1598 3618 ζωοποιοῦς
1617 3547 1780 3604 αὐτοῦ

191 3653 436 3724 σάρκας,
465 3649 638 3704 πίνειν
675 3665 736 3702 τε
777 3647 837 3702 τὸ
881 3647 1148 3718 σωτήριον
1173 3643 1338 3698 αὐτοῦ
1371 3639 1530 3716 αἷμα.
1559 3643 1782 3706 Τούτοις

185 3743 534 3818 τρεφόμενος
571 3741 666 3796 καὶ
707 3737 1072 3810 πιαινόμενος,
1097 3739 1196 3810 τῆς
1232 3737 1414 3790 ἐνθέου
1453 3735 1621 3808 μέθης
1647 3735 1782 3789 ἀπο-

189 3833 398 3888 λαύων·
417 3831 891 3900 Κατατρύφησον
905 3827 1010 3882 τοῦ
1023 3827 1266 3896 Kvpiov,
1293 3826 1390 3880 καὶ
1403 3825 1580 3880 δώσει
1595 3841 1692 3878 σοι
1709 3827 1782 3882 τὰ

189 3925 490 3994 αἰτήματα
517 3923 628 3992 τῆς
653 3921 900 3991 καρδίας
927 3935 1066 3976 σουι
1102 3920 1242 3992 Ἤδη
1271 3919 1370 3990 μὲν
1397 3918 1506 3990 γὰρ
1529 3917 1782 3972 ἐντεῦθεν

191 4017 628 4088 κατατρυφήσει,
663 4013 924 4084 ἐθελήσας
971 4029 1030 4066 σε
1078 4011 1240 4066 αύτδν
1292 4009 1568 4064 ἐπιδοῦναι
1609 4009 1776 4080 αὐτῷ.

189 4109 349 4164 Δῐτει
401 4105 458 4160 δὲ
509 4105 672 4158 αὐτὸν
711 4103 900 4158 καὶτὰ
933 4103 1216 4176 μέλλοντα,
1249 4095 1324 4158 ὧν
1353 4089 1657 4175 προσδοκᾷς
1681 4103 1780 4172 τὴν

1885 3391 2084 3432 carnes
2113 3376 2234 3446 ejus
2267 3375 2430 3432 edere
2459 3375 2656 3444 possit,
2687 3391 2752 3430 ac
2795 3375 3094 3430 salutarem
3133 3373 3254 3444 ejus
3283 3373 3472 3430 bibere

1887 3465 2229 3536 sanguinem.
2263 3465 2360 3522 llis
2405 3465 2682 3522 enutritus
2729 3472 2784 3522 et
2837 3463 3234 3536 impinguatus,
3285 3465 3472 3520 divina

1887 3557 2076 3612 fruens
2103 3557 2368 3612 ebrietate
2401 3577 2414 3612 :
2449 3556 2722 3612 Delectare
2751 3557 2805 3610 iu
2839 3555 3088 3620 Domino,
3119 3566 3170 3610 et
3195 3555 3346 3610 dabit
3375 3553 3472 3610 tibi

1885 3649 2160 3718 petitiones
2185 3647 2362 3702 cordis
2399 3647 2498 3704 tui.
2529 3645 2650 3702 Jam
2677 3647 2823 3702 enim
2867 3647 2958 3702 ille
2993 3661 3211 3718 quoque
3237 3645 3472 3702 delecta-

1885 3740 2054 3805 bitur,
2080 3739 2228 3812 quod
2251 3739 2536 3810 percupiat
2569 3747 2629 3794 ut
2655 3739 2758 3810 ipsi
2785 3745 2840 3794 te
2863 3739 3052 3794 dedas.
3083 3737 3306 3794 Postula
3339 3737 3470 3792 item

1887 3831 1958 3886 ab
2001 3847 2068 3888 eo
2123 3839 2182 3886 ut
2229 3847 2292 3888 ea
2337 3847 2460 3902 qua:
2489 3831 2674 3886 futura
2709 3823 2999 3901 exspectas
3028 3829 3170 3886 dona
3207 3829 3466 3900 ‘ccipias.

1885 3921 2020 3978 Nam
2059 3923 2152 3996 qui
2183 3925 2472 3996 praesentia
2507 3921 2709 3978 aﬂatim
2735 3922 2998 3992 elargitus
3029 3927 3133 3986 est,
3165 3936 3228 3976 ea
3251 3921 3472 3976 obtine-

1885 4015 1964 4070 bit
2005 4031 2126 4086 quaa
2171 4031 2264 4070 nec
2311 4015 2496 4070 oculus
2525 4015 2678 4078 vidit,
2711 4031 2802 4070 nec
2852 4015 3000 4068 auris
3033 4013 3258 4078 audivit,
3291 4027 3384 4066 nec
3411 4012 3470 4066 in

1887 4125 1979 4164 cor
2005 4109 2304 4162 hominibus
2337 4107 2658 4162 ascendit".

191 4203 380 4274 λῆψιν.
425 4203 486 4256 Ὀ
532 4199 642 4272 γὰρ
679 4199 748 4254 τὰ
773 4199 1015 4270 παρόντα
1047 4197 1290 4260 δεδωκὼς
1323 4197 1570 4266 ἀφθόνως
1632 4197 1934 4270 δωρήσεται
2003 4203 2098 4257 καὶ
2137 4201 2174 4258 ἃ.
2216 4201 2522 4272 ὀφθαλμὸς
2557 4201 2668 4254 οὐκ
2731 4195 2910 4264 εἶδεν,
2938 4197 3080 4254 οὐδὲ
3113 4193 3222 4264 οὖς
3283 4196 3468 4266 ἢκου-

191 4311 332 4362 σεν,
361 4292 598 4348 οὐδ’ἐπὶ
625 4289 876 4360 καρδίαν
901 4289 1216 4358 ἀνθρώπου
1249 4289 1448 4359 ἀνέϐη.

285 4385 430 4440 Ἀντὶ
448 4383 504 4438 δὲ
531 4382 649 4448 τοῦ,
687 4379 1032 4450 Ὑποτὰγηθι
1063 4381 1142 4447 τῷ
1181 4385 1394 4450 Κυρίῳ.
1427 4385 1528 4438 καὶ
1557 4381 1782 4436 ίκέτευ-

191 4495 318 4536 σον
347 4477 556 4540 αὐτὸν,
603 4477 634 4528 ό
677 4473 906 4538 Ἀκύλας
939 4472 1102 4546 φησί·
1139 4473 1404 4544 Σίγησω·
1443 4475 1524 4538 τῷ
1569 4475 1780 4541 Κιιρίῳ,

1959 4381 2066 4438 Pro
2095 4399 2162 4438 eo
2193 4393 2398 4448 autem,
2427 4383 2683 4438 Subditus
2714 4390 2826 4438 esto
2855 4381 3106 4448 Domino,
3129 4393 3176 4436 et
3209 4399 3304 4436 ora
3323 4397 3464 4446 eum,

1891 4475 2086 4550 Aquila
2111 4475 2208 4540 uit,
2233 4473 2345 4530 Sile
2383 4475 2632 4537 Domino,
2665 4485 2714 4528 et
2747 4483 2990 4544 exspecta
3027 4489 3182 4538 eum;
3214 4471 3468 4546 Symma-

197 4571 302 4624 καὶ
335 4563 774 4634 ἀποκαραδόκει
803 4563 1020 4618 αὐτόν·
1075 4565 1104 4618 ὁ
1137 4563 1194 4616 δὲ
1233 4563 1528 4634 Σύμμαχος
1548 4581 1566 4594 δ
1615 4563 1784 4618 Ἡσύά

1889 4569 2026 4622 chus
2057 4583 2206 4634 vero,
2241 4567 2461 4634 Quiesce
2483 4565 2734 4628 Domino,
2763 4575 2812 4620 ει
2841 4565 3078 4634 supplice
3101 4565 3222 4634 ipsi.
3283 4562 3472 4618 Enim-

195 4661 340 4734 χαζε
371 4659 454 4726 τῷ
481 4659 696 4726 Κυρίῳ,
725 4655 822 4712 καὶ
857 4657 1082 4712 ἱκέτευε
1107 4655 1286 4722 αὐτῷι
1329 4655 1410 4710 Τά
1443 4655 1552 4728 γὰρ
1589 4657 1786 4726 προλε-

193 4755 400 4828 χθέντα
427 4753 758 4824 πράττοντα,
781 4751 876 4804 καὶ
895 4752 987 4804 ἐπὶ
1009 4753 1119 4814 τοῖς
1139 4749 1450 4821 εἰρημένοις
1477 4749 1784 4816 ἐλπίζοντα,

193 4845 496 4920 ἡσυχάζειν
529 4847 796 4918 προσήκει
829 4843 968 4907 τέως
1013 4845 1070 4896 ἐν
1111 4841 1188 4914 τῷ
1237 4843 1484 4916 παρόντι,
1521 4843 1614 4896 καὶ
1652 4843 1789 4914 μετά

199 4938 416 5010 σιωπῆς
441 4937 746 5009 προσδοκᾷν
771 4933 842 4988 τὰ
881 4935 1282 5006 ἐπηγγελμένα.
1315 4933 1414 5002 Μὴ
1443 4923 1786 5002 παραζὲἱλου

193 5031 274 5088 ἐν
311 5029 394 5096 τῷ
437 5029 922 5098 κατευοδουμένῳ
953 5029 1022 5082 ἐν
1051 5027 1126 5098 τῇ
1175 5027 1290 5094 ὀδῷ
1324 5027 1534 5090 αὐτοῦ,
1567 5027 1636 5080 ἐν
1681 5029 1786 5082 ἁν-

199 5123 416 5194 θρώπῳ
443 5121 714 5176 ποιοῦντι
759 5119 1148 5188 παρανομίαςε
1195 5117 1432 5172 Παῦσαι
1455 5117 1574 5172 ἀπὸ
1609 5117 1789 5188 ὁρτῆς

201 5213 304 5272 καί
323 5213 714 5287 eratadlatae
737 5213 946 5284 θυμὸν,
967 5211 1052 5282 ,μὴ
1075 5209 1414 5281 παραζίνξλου
1433 5209 1590 5266 ὥστε
1605 5227 1790 5278 πονη-

201 5313 502 5382 ρεύεσθαι.
549 5311 672 5364 ὀτι
728 5311 782 5364 oi
845 5309 1310 5377 πονηρουόμενοι
1357 5305 1788 5376 ἐξολοθρευθήε

205 5423 441 5470 amat,
499 5407 554 5459 οι
597 5403 668 5460 δὲ
719 5403 1126 5474 ὑπομένοντες
1177 5403 1284 5456 τὸν
1325 5403 1564 5470 Κύριον,
1617 5399 1787 5455 αὐτοὶ

207 5497 736 5568 κληρονομήσουσι
785 5495 920 5567 γῆν.
971 5494 1446 5566 Ἐπαναλαμϐἀνει
1492 5494 1584 5548 τὸν
1627 5493 1786 5562 λόγον

207 5591 542 5660 ἀναγκαίως.
575 5589 730 5644 Ἐπεὶ
749 5589 858 5661 γὰρ
881 5587 1074 5656 ἔγνως,
1107 5587 1290 5659 φησὶν,
1317 5585 1496 5650 ὁποῖός
1523 5603 1606 5638 σοι
1631 5583 1788 5638 πλοῦ-

205 5699 298 5749 τος
327 5683 702 5754 τεταμίευται,
737 5683 812 5752 μὴ
863 5677 1176 5752 παραζήλου
1219 5679 1277 5732 ἐν
1322 5677 1400 5750 τῷ
1445 5677 1786 5750 νομιζομένῳ

277 5867 324 5898 ⁸³
363 5865 508 5924 Psal.
551 5881 664 5920 χχιι
691 5905 704 5930 ,
745 5867 790 5920 Ι.
871 5865 914 5894 θ’
957 5861 974 5916 ί
1009 5861 1138 5918 Cor.
1183 5875 1256 5932 It,
1289 5859 1346 5920 9.

1893 4673 2024 4712 vero
2053 4674 2151 4730 par
2177 4667 2264 4714 est
2292 4673 2416 4716 eum
2455 4657 2550 4728 qui
2601 4656 2858 4726 superius
2905 4663 3204 4710 memorata
3237 4653 3466 4724 peragit,

1891 4757 1946 4804 et
1973 4751 2026 4806 in
2061 4751 2336 4822 prmdictis
2369 4765 2520 4822 spem
2567 4747 2754 4812 habet,
2793 4745 3080 4816 quiescere
3120 4745 3248 4800 dum
3279 4743 3334 4798 in
3364 4743 3470 4798 hac

1891 4841 2004 4894 vita
2041 4849 2314 4908 versatur,
2337 4847 2392 4896 et
2418 4853 2544 4894 cum
2579 4839 2800 4894 silentio
2825 4837 3096 4908 promissa
3123 4843 3466 4906 exspectare.
3503 4857 3518 4924 3-

1897 4931 2028 4986 Noli
2060 4933 2304 4988 azmulari
2331 4935 2386 4986 in
2427 4949 2486 4988 eo
2521 4933 2614 5004 qui
2647 4937 2990 5000 prosperatur
3023 4929 3078 4982 in
3126 4927 3212 4981 ria
3259 4943 3380 4991 sua,
3411 4927 3470 4980 in

1895 5025 2100 5080 honzine
2133 5026 2358 5086 faciente
2393 5023 2711 5094 injustitias.
2767 5021 2958 5076 Desine
2999 5018 3064 5074 ab
3105 5019 3188 5072 ira
3223 5029 3272 5074 et
3317 5017 3508 5074 ἀξια-⁸

1892 5117 2066 5188 linque
2105 5117 2372 5184 furorem,
2403 5115 2514 5170 noli
2557 5115 2802 5170 azmulari
2851 5121 2912 5166 ut
2965 5111 3296 5182 malignerts.
3323 5109 3470 5180 Quo-

1893 5213 2036 5266 niam
2065 5212 2154 5282 qui
2185 5211 2553 5282 malignantur
2593 5205 3085 5262 extet-minabantur
3111 5219 3130 5258 :
3152 5212 3468 5258 sustinentes

1893 5313 2068 5358 autem
2095 5301 2406 5366 Dominum,
2435 5301 2538 5370 ipsi
2573 5297 2956 5354 haereditabunt
2989 5304 3206 5350 terram.
3241 5291 3468 5350 Sermo-

1893 5413 2016 5454 nem
2045 5395 2364 5452 necessario
2407 5393 2626 5464 repetit.
2667 5391 2828 5458 Quia,
2877 5389 3078 5460 inquit,
3113 5385 3260 5442 nosti
3289 5386 3468 5456 qualis

1893 5491 1992 5544 tibi
2027 5489 2320 5546 thesaurus
2350 5487 2668 5543 reconditus
2719 5483 2812 5548 sit,
2845 5481 2960 5538 noli
3003 5479 3248 5536 aemulari
3292 5477 3470 5532 homi-

1865 5599 2018 5638 σηοω
2069 5579 2342 5652 iniquitati
2370 5579 2644 5644 deditum,
2683 5577 2778 5648 qui
2823 5577 2880 5632 in
2908 5571 3164 5646 prmscnti
3207 5571 3316 5626 vita
3351 5583 3468 5624 rem

1895 5691 2158 5748 prospere
2196 5689 2358 5748 agerc
2387 5679 2646 5746 putatur;
2684 5687 2756 5728 ne
2793 5669 3098 5734 stimulere,
3135 5679 3242 5722 neu
3271 5661 3470 5734 hujus-
