4122 6454
578 400 686 458 3‘27

1252 393 1521 452 EUSEBII
1558 387 2033 449 C/ESARIENSIS
2057 379 2210 446 OPP.
2242 373 2419 441 PARS
2454 375 2550 444 lli.
2586 419 2655 431 -
2694 389 3108 449 EXEGETICA.

578 518 721 575 modi
751 516 1024 573 hominem
1045 513 1264 569 beatum
1295 512 1641 582 pronunties,
1663 524 1785 564 cum
1805 508 1976 579 probe
2002 508 2144 565 noris

2259 502 2402 564 κατά
2465 507 2559 562 τὸν
2613 509 2860 580 παρόντα
2917 509 3031 580 βίον
3090 509 3505 567 κατευοδοῦσθαι
3561 511 3837 584 ἀνθρώπῳ

579 609 684 680 ipsi
719 608 1017 678 repositam
1049 603 1185 657 iram
1211 603 1266 656 in
1294 599 1382 655 die
1417 599 1513 653 irae
1544 605 1598 652 et
1620 597 1752 666 justi
1789 595 1984 666 judicii
2030 594 2144 650 Dei.

577 701 942 770 Quamobrem
971 695 1084 752 noli
1118 693 1323 749 irritari
1348 698 1442 745 aut
1472 689 1658 745 furore
1689 687 1910 744 incendi
1959 687 2151 743 contra

576 794 825 865 impium,
849 790 943 861 qui
979 787 1207 843 feliciter
1235 799 1349 840 rem
1380 798 1539 854 agere
1567 782 1937 844 existimatur,
1972 795 2152 850 neque

573 885 849 942 aemuleris
879 884 1059 954 ipsum
1113 885 1176 933 ut
1217 877 1371 949 paria
1422 876 1628 931 scelera
1673 875 1836 930 edere
1883 882 2148 944 exoptes;

574 979 713 1034 bene
748 973 1018 1046 siquidem
1065 971 1210 1027 nosti
1246 984 1309 1024 ac
1359 982 1684 1039 persuasum
1733 967 1893 1037 plane
1939 966 2146 1031 habes,

574 1068 948 1138 improborum
986 1061 1146 1118 ﬁnem
1177 1060 1470 1117 exitiosum
1502 1073 1646 1114 esse.
1676 1054 1819 1111 Nam
1857 1057 1948 1127 qui
1991 1057 2151 1110 mati-

573 1168 804 1230 gnantur
835 1153 1349 1215 exterminabuntur,
1371 1166 1436 1206 ac
1475 1151 1576 1207 soli
1604 1151 1875 1221 patientes
1905 1158 1960 1206 et
1986 1150 2151 1204 susti-

573 1261 750 1304 nentes
776 1247 1078 1310 Dominum,
1119 1245 1225 1314 ipsi
1262 1242 1646 1299 hwreditabunt
1681 1247 1900 1298 terram.
1935 1241 1992 1297 Si
2039 1257 2148 1312 qua

569 1341 716 1395 enim
739 1346 888 1394 terra
920 1345 1004 1394 est
1038 1337 1248 1393 sanctis
1276 1335 1412 1391 viris
1458 1333 1752 1406 promissa,
1795 1333 1939 1388 hanc
1971 1334 2146 1388 haere-

571 1431 825 1486 ditabunt
874 1429 968 1501 qui
1017 1429 1293 1485 sustinent
1347 1425 1674 1489 Dominum,
1716 1423 1809 1494 qui
1857 1439 1982 1478 cum
2025 1425 2148 1479 aliis

569 1523 900 1580 enumeratis
943 1522 1100 1577 bonis
1132 1521 1188 1575 in
1226 1517 1598 1574 haereditatem
1642 1516 1752 1572 illis
1783 1515 2002 1570 dandus
2030 1526 2134 1572 est.

569 1616 723 1683 Quod
751 1616 796 1672 si
839 1615 893 1668 in
926 1614 1082 1686 cquis
1104 1611 1404 1668 Jerusalem
1435 1616 1489 1665 et
1519 1607 1653 1663 Sion
1689 1618 1868 1664 mons‘
1893 1606 1989 1662 Dei
2021 1622 2136 1662 ca:-

569 1711 722 1767 lestis
743 1710 907 1771 adsit,
929 1717 1130 1762 terram
1155 1707 1284 1762 item
1304 1703 1583 1760 caelestem
1605 1700 1788 1774 dignis
1811 1699 2147 1772 promissam

569 1800 870 1873 putandum
894 1807 997 1854 est.

2255 599 2494 655 ποιοῦντι
2529 600 2901 672 παρανομίας·
2938 602 3012 674 μὴ
3045 602 3154 674 γάρ
3184 601 3508 675 παροξύνου,
3547 603 3682 674 μηδὲ
3730 621 3838 675 μα-

2253 677 2444 766 κὰριζε
2471 693 2562 747 τὸν
2594 691 2852 758 τοιοῦτον,
2894 694 3136 766 ἀγριὸῶς
3164 694 3340 759 εἰδὼς,
3374 696 3456 748 ὅτι
3491 695 3642 766 μένει
3671 695 3837 749 αὐτὸν

2251 783 2388 855 ὀργὴ
2425 786 2482 837 ὲν
2531 783 2714 856 ἡμέρα
2754 784 2927 855 ὀργῆς
2959 785 3054 838 καὶ
3105 785 3502 858 διςιαιοκρισίας
3532 781 3627 838 τοῦ
3669 784 3832 839 Θεοῦ.

2252 877 2342 929 Διὸ
2376 878 2439 930 σὺ
2473 875 2547 946 μὴ
2581 874 2820 945 ὀργίζου,
2858 875 2992 948 μηδὲ
3027 875 3201 948 θυμοῦ
3251 877 3392 931 κατά
3416 874 3513 929 τοῦ
3545 875 3839 949 νομιζομέ-

2250 985 2342 1020 νου
2370 966 2614 1036 εὐθηνεῖν
2656 965 2907 1030 ἀσεϐοῦς,
2941 967 3074 1038 μηδὲ
3105 967 3264 1040 ζήλου
3299 968 3461 1022 αὐτὸν
3505 967 3582 1032 ὡς
3621 967 3716 1023 καὶ
3743 969 3840 1023 θέ-

2250 1058 2363 1112 λειν
2392 1059 2460 1111 τά
2489 1059 2650 1129 ὅμοια
2689 1059 2842 1129 αύτῷ
2879 1059 3301 1132 πονηρεύεσθαι⁶
3337 1056 3397 1114 εὖ
3439 1059 3549 1132 γὰρ
3583 1059 3692 1115 ῐσθι
3737 1063 3839 1115 καὶ

2251 1148 2484 1201 πέπεισο
2518 1147 2782 1220 ἀκριϐῶς,
2811 1150 2893 1202 ὃτι
2927 1149 2988 1202 τὸ
3033 1149 3187 1214 τέλος
3229 1151 3336 1208 τῶν
3383 1154 3840 1224 πονηρευομένων

2249 1239 2491 1311 ὀλέθριον
2535 1240 2815 1312 τυγχάνει.
2849 1244 2914 1296 οι
2957 1242 3068 1311 γὰρ
3116 1245 3585 1314 ποντιρευόμενοι
3629 1244 3844 1310 ἐξολο-

2249 1331 2706 1399 θρευθήσονται,
2743 1332 2892 1404 μόνοι
2924 1333 2982 1386 δὲ
3014 1335 3063 1387 οί
3108 1335 3448 1407 μακροθυμοι
3487 1336 3582 1390 καὶ
3611 1334 3844 1406 ὑπομέ-

2247 1433 2460 1493 νοντες
2507 1426 2613 1480 τὸν
2651 1427 2888 1494 Κύριον,
2933 1427 3103 1481 αὐτοὶ
3147 1427 3672 1498 κληρονομήσουσι
3716 1428 3841 1498 τὴν

2249 1517 2386 1588 7'57-
2420 1518 2489 1571 Ετ
2515 1536 2598 1583 τις
2623 1520 2732 1592 γάρ
2765 1521 2879 1573 ἐστι
2910 1518 2982 1589 γῆ
3008 1518 3186 1592 ἀγαθὴ
3211 1523 3324 1584 τοῖς
3355 1520 3530 1589 ἁγίοις
3563 1521 3842 1592 ἐπηγγελ-

2253 1609 2413 1682 μένη,
2460 1610 2665 1683 ταύτην
2700 1611 3197 1683 κληρονομήσουσιν
3242 1611 3293 1664 oi
3339 1611 3701 1682 ὑπομένοντες
3739 1610 3839 1666 τὸν

2250 1701 2455 1773 Κύριον
2478 1719 2493 1733 ·
2533 1705 2671 1776 μετά
2709 1704 2813 1778 γὰρ
2839 1704 2948 1758 τῶν
2980 1704 3154 1759 ἀλλων
3185 1704 3295 1758 τῶν
3335 1704 3840 1777 κατηριθμημένων

2250 1795 2493 1863 ἀγαθῶν,
2529 1793 2625 1850 καὶ
2650 1793 2812 1860 αὐτὸς
2839 1797 3020 1861 αύτοίς
3058 1797 3341 1870 δοθήσεται
3366 1799 3396 1851 6
3430 1797 3647 1868 κλῆρος.
3682 1792 3745 1850 Ei
3783 1796 3840 1849 δ’

568 1896 714 1950 ἔστιν
764 1896 816 1947 ὲκ
865 1895 1112 1964 οὐρανοῖς
1155 1889 1506 1964 Ἰερουσαλὴμ.
1558 1891 1648 1944 καὶ
1692 1881 1830 1944 Σιὼν
1877 1885 2002 1960 ὅρος
2047 1886 2144 1941 τοῦ
2183 1887 2324 1944 Θεοῦ
2351 1885 2409 1946 τὸ
2434 1893 2780 1967 ἐπουράνιον,
2814 1893 3105 1948 ἀκόλουθόν
3165 1895 3281 1950 ἐστι
3341 1894 3434 1950 καὶ
3469 1895 3571 1967 γῆν
3597 1892 3841 1966 ἐπουρὰ-

567 2009 679 2050 νιον
710 1991 850 2045 νοεῖν
881 1989 978 2062 τὴν
1009 1989 1424 2060 ἐπηγγελμένην
1450 1989 1561 2050 τοῖς
1585 1986 1773 2051 ἀξίοις.

639 2083 803 2139 Vens.
831 2082 1020 2151 10,“.
1064 2080 1134 2134 Et
1171 2080 1340 2134 adhuc
1367 2079 1642 2150 pusillum,
1680 2087 1729 2132 et
1763 2093 1866 2132 non
1905 2077 2005 2131 erit
2035 2093 2144 2146 pec-

2329 2075 2440 2130 Καὶ
2463 2078 2550 2131 ἐτι
2579 2077 2808 2148 ὀλίγον,
2855 2077 2954 2132 καὶ
2983 2080 3054 2134 οὐ
3079 2077 3166 2148 μὴ
3197 2077 3436 2147 ὑπάρξῃ
3461 2079 3834 2151 ἁμαρτωλός.

567 2185 739 2241 cator,
775 2183 884 2231 etc.
933 2172 1033 2228 Hie
1081 2174 1337 2244 superius
1367 2171 1513 2226 dicta
1567 2172 1977 2241 interpretatur,
2016 2169 2149 2225 illud

568 2267 804 2330 scilicet,
832 2265 1098 2332 Quoniam
1131 2273 1380 2334 tanquam
1411 2263 1590 2332 fenum
1615 2263 1865 2317 velociter
1889 2270 2146 2326 arescent,

567 2371 617 2416 et
646 2359 1090 2432 quemadmodum
1124 2359 1270 2412 olera
1311 2355 1588 2411 herbarum
1621 2355 1725 2408 cito
1771 2352 2031 2418 decident,
2062 2353 2149 2410 his

568 2455 826 2525 explicat,
871 2453 1058 2508 Adhuc
1088 2452 1374 2522 pusillum,
1408 2460 1459 2505 et
1490 2468 1596 2506 non
1630 2454 1729 2504 erit
1775 2460 2055 2519 peccator;
2099 2457 2148 2504 et

567 2563 770 2618 qurere:
805 2546 979 2600 locum
1012 2545 1146 2614 ejus,
1180 2553 1229 2598 et
1265 2561 1368 2598 non
1399 2543 1659 2597 invenies:
1691 2541 1825 2596 illud
1857 2557 2010 2608 vero,
2043 2540 2150 2595 De-

568 2639 764 2693 lectare
788 2639 843 2692 in
873 2637 1121 2700 Domino,
1147 2646 1195 2690 et
1233 2634 1381 2689 dabit
1410 2635 1506 2689 tibi
1545 2634 1819 2705 petitiones
1848 2633 2022 2687 cordis
2047 2633 2146 2698 tui,

568 2729 656 2785 his
687 2731 930 2800 apertius
973 2736 1217 2791 enarrat,
1244 2726 1514 2782 Mansueti
1561 2736 1737 2780 autem
1765 2725 2149 2781 hareditabunt

569 2833 789 2885 terram,
816 2830 865 2875 et
910 2820 1312 2874 delectabantur
1345 2821 1397 2874 in
1442 2819 1786 2874 multitudine
1812 2821 1982 2888 pacis.
2031 2818 2149 2886 Quo

568 2922 730 2984 pacto
760 2922 939 2968 autem
974 2912 1028 2966 in
1063 2911 1294 2965 Domino
1323 2911 1448 2980 quis
1487 2911 1872 2975 delectabitur,
1907 2911 2152 2968 declarat

570 3005 688 3076 ipse
718 3004 848 3059 dum
881 3004 978 3068 ait,
1009 3019 1176 3074 penes
1210 3018 1334 3058 eum
1371 3004 1777 3058 multitudinem
1816 3002 1970 3074 pacis
2001 3020 2146 3070 esse,

567 3112 676 3169 qua
704 3097 875 3150 multa
902 3110 1037 3165 pace
1069 3095 1322 3150 fruentur
1351 3095 1388 3149 ii
1420 3096 1514 3165 qui
1544 3095 1599 3150 in
1633 3095 1864 3150 Domino
1894 3096 2147 3152 delectati

569 3188 791 3244 fuerint.
829 3186 926 3243 His
979 3201 1147 3258 porro
1188 3186 1455 3253 docetur,
1489 3187 1652 3242 aliam
1702 3187 1901 3242 bonam
1941 3195 2145 3244 terram

567 3295 710 3345 esse,
731 3280 1034 3336 mansuetis
1060 3279 1411 3342 destinatam,
1445 3295 1509 3334 ac
1533 3280 1975 3344 delectationem,
2007 3281 2149 3336 mul-

567 3371 966 3440 titudinemque
1005 3369 1160 3440 pacis
1186 3371 1240 3424 in
1275 3370 1514 3425 futuram
1545 3371 1712 3425 vitam
1744 3372 2002 3427 remittit.
2027 3372 2146 3428 Non

567 3463 855 3533 ignorabat
905 3463 1048 3516 enim
1079 3461 1246 3530 justis
1302 3462 1528 3532 perinde
1566 3470 1730 3534 atque
1763 3465 2146 3534 peccatoribus

567 3553 625 3610 in
654 3552 756 3608 hac
783 3554 891 3606 vita
924 3552 1268 3606 moriendum
1299 3569 1442 3617 esse,
1477 3555 1550 3608 ita
1587 3561 1646 3608 ut
1673 3553 1741 3610 de
1781 3556 1888 3611 illis
1931 3572 2148 3628 quoque

567 3641 676 3697 dici
708 3640 883 3710 possit
910 3658 922 3694 :
946 3641 1137 3695 Adhuc
1165 3642 1446 3712 pusillum,
1479 3650 1534 3698 et
1565 3658 1677 3698 non
1708 3645 1812 3699 erit
1839 3646 2059 3717 justus;
2091 3656 2146 3704 et

567 3747 779 3802 quaeres
809 3733 990 3787 locum
1023 3732 1168 3802 ejus,
1199 3741 1253 3790 et
1280 3749 1398 3800 ,non
1422 3734 1667 3791 invenies
1695 3754 1708 3790 :
1741 3753 1868 3792 nam
1897 3739 1974 3792 illi
2003 3755 2144 3810 quo-

567 3839 674 3894 que
705 3824 1020 3879 moriuntur
1065 3825 1526 3899 quemadmodum
1561 3834 1615 3882 et
1649 3837 1987 3899 peccatores.
2034 3831 2144 3887 Ne-

567 3927 674 3984 que
697 3911 768 3967 de
801 3912 904 3966 hac
930 3920 1077 3968 terra
1111 3915 1191 3969 sic
1235 3915 1450 3972 locutus
1481 3897 1586 3982 est,
1621 3897 1889 3974 blansueti
1921 3922 2146 3976 haeredi-

569 4004 755 4057 tabsnt
778 4013 1015 4066 terram;
1047 4018 1171 4058 cum
1208 4006 1377 4076 probe
1427 4007 1595 4062 sciret
1640 4007 1862 4082 Moysen
1897 4015 2142 4069 omnium

567 4094 942 4159 mitissimum,
980 4096 1111 4153 olim.
1140 4097 1208 4152 de
1246 4098 1427 4154 medio
1455 4100 1736 4157 hominum
1769 4105 2044 4161 sublatum
2077 4109 2146 4163 ab

569 4185 673 4242 hac
704 4194 850 4243 terra
870 4187 1228 4260 demigrasse.

647 4445 810 4503 Vens.
835 4449 923 4504 19..
961 4449 1271 4506 Observabit
1297 4464 1542 4523 peccator
1562 4457 1792 4526 justum,
1822 4469 1870 4513 et
1901 4459 2142 4526 stridebit

2251 2165 2604 2242 Διερμηνεύει
2655 2169 2722 2224 τά
2771 2170 3028 2242 ἀνωτέρω
3069 2171 3389 2242 λελεγμένα,
3435 2170 3494 2225 τὸ
3538 2173 3655 2243 μὲν,
3699 2175 3837 2230 Ὅτι

2249 2262 2393 2316 ὡσεὶ
2437 2253 2654 2332 χόρτος
2694 2264 2847 2334 ταχὺ
2893 2262 3520 2333 ἀποξηρανθήσονται,
3554 2267 3654 2320 καὶ
3685 2268 3833 2323 ὠσει

2249 2353 2489 2427 λάχανα
2517 2357 2707 2427 χλόης
2744 2357 2896 2426 ταχὺ
2927 2358 3397 2423 ἀποπεσοῦνται,
3431 2359 3518 2414 διά
3545 2356 3661 2427 τοῦ,
3707 2363 3835 2417 Ἕτι

2251 2449 2480 2520 ὀλίγον,
2509 2451 2606 2504 καὶ
2633 2451 2706 2504 οὐ
2730 2449 2817 2520 μὴ
2856 2449 3096 2519 ὑπάρξῃ
3131 2452 3165 2505 δ
3186 2451 3570 2521 ·άμαρτωλός·
3613 2454 3708 2507 καί
3741 2453 3838 2522 ζη-

2249 2539 2458 2608 τήσεις
2487 2540 2594 2594 τὸν
2623 2540 2808 2594 τόπον
2837 2542 3024 2596 αὑτοῦ
3055 2541 3153 2596 καὶ
3183 2543 3254 2596 οὐ
3278 2539 3366 2611 μὴ
3407 2541 3590 2611 εὕρῃς
3608 2559 3621 2573 ·
3655 2543 3718 2597 τδ
3746 2545 3832 2608 δὲ,

2249 2632 2728 2700 Κατατρύερησον
2763 2631 2869 2685 τοῦ
2896 2632 3137 2699 Κυρίου,
3171 2631 3268 2684 καὶ
3302 2630 3480 2685 δώσει
3518 2649 3616 2686 σοι
3649 2636 3722 2687 τὰ
3743 2637 3836 2688 ai-

2250 2721 2480 2791 τήματα
2528 2721 2636 2790 τῆς
2680 2722 2928 2791 καρδίας
2977 2737 3115 2786 σου,
3160 2722 3490 2796 σαφέστερον
3539 2725 3837 2780 ἀποδίδωσι

2248 2814 2337 2868 διὰ
2372 2814 2488 2880 τοῦ,
2522 2818 2586 2868 Ol
2625 2815 2694 2868 δὲ
2732 2815 2940 2884 πραεῖς
2975 2815 3502 2886 κληρονομήσουσι
3545 2817 3659 2886 τὴν
3687 2817 3829 2886 γῆν,

2249 2907 2347 2960 καὶ
2385 2907 2955 2976 κατατρυφήσουσιν
2993 2907 3093 2961 ἐπὶ
3135 2907 3349 2976 πλήθει
3387 2908 3652 2978 εἰρήνης.
3701 2911 3832 2976 Πῶς

2249 2999 2358 3070 γάρ
2390 3016 2474 3062 τις
2505 3001 2913 3072 κατατρυφήσει
2951 2999 3044 3054 τοῦ
3075 3000 3278 3073 Κυρίου
3324 3002 3642 3074 παρίστησι,
3692 3005 3832 3076 πλῆ-

2251 3088 2341 3152 θος
2374 3090 2596 3161 εἰρήνης
2628 3091 2756 3161 παρ’
2784 3089 2930 3160 αὐτῷ
2964 3085 3102 3144 εἶναι
3144 3090 3315 3160 λέγων
3336 3108 3350 3122 ·
3387 3088 3447 3146 οὗ
3477 3093 3714 3166 πλήθους
3744 3098 3827 3149 εί-

2254 3184 2422 3255 ρήνης
2464 3182 2861 3238 ἀπολαύσουσιν
2899 3186 2947 3237 oi
2989 3182 3082 3236 τοῦ
3118 3185 3320 3257 Κυρίου
3370 3190 3830 3259 κατατρυφήσαν-

2248 3292 2358 3338 τες.
2396 3277 2493 3331 Διά
2525 3276 2728 3330 τούτων
2759 3275 2815 3329 δὲ
2855 3279 2883 3330 ὁ
2929 3275 3083 3345 λόγος
3123 3279 3308 3347 σαφῶς
3345 3278 3539 3350 ἑτέραν
3569 3281 3689 3334 τινὰ
3721 3283 3829 3353 γῆν

2249 3368 2456 3439 ἀγαθὴν
2492 3367 2590 3439 τὴν
2631 3371 2743 3429 τοῖς
2785 3369 2985 3440 πραέσι
3031 3369 3398 3443 δοθησομένην
3428 3373 3688 3437 διδάσκει,
3731 3377 3831 3429 καὶ

2249 3459 2455 3532 τρυφὴν
2485 3459 2577 3513 καὶ
2606 3460 2809 3530 πλῆθος
2835 3461 3055 3532 εἰρήνης
3082 3464 3161 3526 είς
3191 3461 3486 3533 μέλλουσαν
3511 3464 3830 3535 ἀναπέμπει

2248 3549 2414 3621 ζωήν.
2463 3550 2537 3602 Ού
2571 3548 2681 3622 γάρ
2712 3550 2919 3620 ἠγνόει,
2967 3549 3048 3603 ὅτι
3093 3552 3295 3623 ὁμοίως
3331 3555 3444 3616 τοῖς
3484 3554 3830 3626 ἁμαρτωλοῖς

2247 3641 2391 3695 κατὰ
2430 3641 2521 3694 τὸν
2547 3641 2793 3713 παρόντα
2825 3642 2936 3712 βίον
2972 3644 3068 3698 καὶ
3094 3645 3141 3696 οἱ
3166 3644 3362 3699 δίκαιοι
3389 3646 3824 3719 τελευτήσουσιν,

2247 3731 2322 3796 ὡς
2359 3732 2619 3788 δύνασθαι
2651 3735 2747 3787 καὶ
2780 3735 2906 3806 περὶ
2944 3736 3122 3790 αὐτῶν
3151 3735 3402 3805 λέγεσθαι
3427 3739 3488 3792 τό
3513 3756 3526 3771 θ
3561 3741 3681 3794 Ἔτι
3711 3741 3827 3795 ὀλί-

2246 3843 2362 3895 γον,
2392 3826 2488 3880 nat
2510 3827 2571 3880 ού
2614 3826 2688 3897 μὴ
2738 3826 2954 3900 ὑπάρξῃ
3006 3830 3034 3881 6
3061 3827 3286 3892 δίκαιος,
3317 3830 3411 3883 καὶ
3445 3831 3698 3904 ζητήσεις
3733 3832 3828 3885 τὸν

2246 3917 2409 3970 τόπον
2431 3915 2616 3982 αὑτοῦ,
2643 3916 2736 3970 καὶ
2758 3918 2820 3969 ού
2843 3917 2915 3988 μὴ
2941 3916 3108 3990 εὕρῃς
3125 3935 3138 3948 ο
3158 3919 3446 3973 τελευτῶσι
3481 3921 3589 3992 γὰρ
3623 3921 3827 3992 ὁμοίως

2244 4011 2356 4071 τοῖς
2387 4008 2727 4080 ἁμαρτωλοῖς
2757 4010 2851 4062 καὶ
2883 4010 3055 4063 αὐτοί.
3089 4012 3202 4065 Οὐκ
3225 4011 3290 4066 ἀν
3321 4012 3377 4065 δὲ
3410 4010 3529 4066 εἷπε
3567 4015 3696 4086 περὶ
3722 4015 3826 4086 τῆς

2246 4100 2528 4173 παρούσης
2577 4101 2681 4171 γῆς
2715 4101 2832 4154 τόδε
2858 4118 2872 4132 ο
2929 4105 2991 4156 Ol
3045 4103 3248 4171 πραεῖς
3292 4104 3824 4174 κληρονομήσουσι

2244 4191 2360 4261 τὴν
2381 4191 2520 4261 γῆν,
2556 4193 2742 4262 σαφῶς
2773 4193 2913 4264 ὁρῶν
2942 4194 3052 4247 τῶν
3077 4195 3293 4250 πάντων
3325 4194 3627 4268 πραύτατον
3656 4198 3825 4250 Μωῡ-

2246 4283 2367 4348 σέα,
2401 4283 2568 4337 πὰλαι
2605 4284 2663 4351 ἐξ
2697 4284 2998 4358 ἀνθρώπων
3045 4288 3332 4359 γενόμενον
3365 4289 3460 4342 καὶ
3491 4287 3590 4360 τῆς
3619 4287 3824 4360 παρού-

2247 4387 2346 4446 σης
2374 4375 2477 4447 γῆς
2504 4374 2940 4447 ἀπηλλαγμένον.

2314 4467 2801 4536 Παρατηρήσεται
2851 4473 2885 4524 ό
2913 4471 3260 4540 ἁμαρτωλὸς
3298 4472 3405 4526 τὸν
3433 4471 3686 4537 δίκαιον,
3721 4471 3822 4526 καί

569 4555 724 4610 super
739 4557 860 4596 eum
879 4541 1120 4599 dentibus
1147 4547 1232 4600 sui
1239 4564 1285 4608 s.
1306 4556 1411 4604 etc.
1432 4547 1723 4620 lmpiorum
1750 4561 1939 4608 contra
1962 4554 2143 4622 iustos

2247 4562 2450 4631 βρύξει
2477 4561 2569 4615 ἐπ’
2588 4561 2777 4616 αὑτὸν
2797 4562 2938 4628 τοὺς
2956 4561 3206 4629 ὀδόντας
3231 4563 3438 4617 αὐτοῦ.
3461 4563 3582 4617 Τῶν
3606 4580 3666 4617 τε
3691 4565 3821 4618 ἀσε-

569 4633 808 4691 insultus
842 4636 1236 4710 amborumque
1272 4641 1432 4696 linem
1463 4643 1746 4701 describit.
1778 4647 1913 4701 Cum
1945 4663 2142 4718 pecea-

2244 4655 2354 4709 6ῶν
2393 4653 2490 4718 τάς
2535 4654 2678 4708 κατά
2717 4653 2825 4707 τῶν
2869 4653 3090 4707 δικαίων
3136 4655 3550 4720 ἐπαναστάσεις,
3585 4655 3680 4708 καὶ
3712 4657 3822 4727 ἀμ·
3854 4695 3868 4706 .

569 4735 677 4792 tor,
711 4727 914 4799 inquit,
952 4745 1062 4785 non
1100 4733 1236 4789 satis
1267 4749 1392 4790 esse
1439 4735 1542 4790 sibi
1575 4738 1782 4792 scelera
1827 4753 1927 4794 sua
1965 4748 2137 4810 putet,

2247 4748 2484 4820 φοτέρων
2513 4747 2623 4800 τῶν
2672 4747 2962 4816 ταγμάτων
2990 4746 3057 4800 τά
3096 4744 3244 4818 τέλη.
3279 4746 3364 4819 Μὴ
3395 4747 3503 4819 γὰρ
3541 4748 3819 4820 ἀρκούμε-

566 4819 775 4889 justum
801 4835 1030 4877 cernens
1061 4823 1317 4894 religiose
1340 4827 1634 4892 viventem.
1670 4829 1724 4883 id
1756 4829 1896 4886 ferre
1929 4831 2137 4902 nequit,

569 4913 698 4981 quia
732 4912 898 4967 vitam
941 4916 1060 4984 ejus
1110 4917 1477 4988 improbitatis
1521 4937 1633 4977 suae
1681 4923 2139 4994 vituperationem

568 5024 692 5064 esse
719 5009 1049 5077 arbitratur;
1090 5029 1260 5082 quare
1291 5016 1401 5070 ait:
1439 5014 1538 5072 Vel
1569 5018 1688 5072 visu
1723 5019 1840 5074 solo
1872 5033 2140 5075 onerosus

569 5100 731 5156 nobis
757 5107 864 5166 est,
892 5101 1122 5172 ideoque
1151 5105 1404 5162 observat
1427 5123 1552 5164 eum
1583 5116 1643 5163 ut
1668 5109 1908 5179 dejiciat.
1937 5109 2139 5166 Verum

567 5189 753 5261 justus
805 5193 942 5249 nihil
976 5196 1129 5264 pensi
1186 5196 1368 5263 habet,
1420 5215 1597 5271 neque
1646 5203 1797 5258 novit
1840 5219 1960 5273 qua:
1998 5205 2138 5260 clam

569 5293 759 5339 contra
795 5300 855 5340 se
885 5295 1178 5341 struuntur
1221 5290 1680 5347 machinamenta.
1716 5293 1981 5352 Dominus
2007 5312 2139 5353 vero

571 5375 815 5430 omnium
844 5377 1137 5446 inspector.
1168 5379 1288 5448 ejus
1314 5383 1404 5452 qui
1431 5383 1560 5437 talia
1594 5384 1891 5441 meditatur
1920 5387 2136 5443 ruinam

569 5470 930 5542 prospiciens,
964 5472 1191 5526 consilia
1225 5473 1346 5543 ejus
1371 5473 1599 5530 deridet.
1634 5475 1699 5530 Et
1721 5477 1986 5535 hactenus
2015 5481 2140 5550 qui-

565 5563 690 5618 dem
744 5564 880 5618 nihil
927 5564 1072 5619 aliud
1103 5565 1212 5637 agit
1261 5582 1422 5636 quam
1471 5569 1650 5624 ridere
1697 5571 1975 5627 hominem
2007 5574 2134 5627 talia

569 5654 771 5712 frustra
820 5657 1168 5729 cogitantem.
1217 5657 1351 5714 Cum
1382 5668 1560 5716 autem
1598 5670 1853 5732 peccator
1888 5665 1952 5719 ad
2001 5664 2135 5719 faci-

2244 4855 2354 4903 νος,
2391 4840 2544 4910 φησὶ,
2573 4841 2682 4902 τοῖς
2710 4837 2903 4892 ἑαυτοῦ
2934 4837 3226 4910 πλημμελή
3236 4857 3397 4910 μασιν
3423 4841 3452 4892 6
3475 4841 3818 4914 ἁμαρτωλὸς,

2245 4931 2304 4983 ού
2351 4931 2505 5001 φέρει
2549 4929 2760 5001 βλέπων
2803 4930 2894 4982 τὸν
2925 4929 3126 4982 δίκαιον
3168 4929 3520 4984 θεοσεϐοὗντα
3543 4949 3556 4962 ·
3602 4932 3821 5004 ἔλεγχον

2245 5016 2354 5087 γὰρ
2385 5015 2476 5069 τὸν
2508 5015 2716 5070 ἐκείνου
2748 5016 2860 5087 βίον
2888 5015 2990 5087 τῆς
3025 5017 3219 5070 ἑαυτοῦ
3247 5018 3547 5092 μοχθηρίας
3573 5023 3816 5093 ἡγεῖταιο

2244 5105 2324 5159 διὸ
2361 5106 2539 5175 λέγει·
2588 5107 2767 5179 Βαρὺς
2807 5109 2938 5178 ἡμῖν
2985 5108 3099 5160 ἐστι
3145 5109 3240 5162 καὶ
3291 5110 3656 5183 βλεπόμενος·
3696 5112 3820 5168 ὅθεν

2245 5199 2496 5270 ἐπιτηρεῖ
2527 5199 2674 5263 ὅπως
2704 5199 2866 5252 αὐτὸν
2896 5199 3199 5273 καταϐάλῃ.
3247 5203 3384 5256 Ἀλλ’
3419 5205 3448 5256 6
3490 5204 3585 5275 μὲν
3615 5203 3821 5270 δίκαιος

2244 5292 2303 5344 οὐ
2353 5295 2750 5363 προσποιεῖται,
2799 5292 2920 5346 οὐδὲ
2965 5292 3221 5362 γινώσκει
3268 5295 3338 5349 τά
3382 5295 3652 5368 λαθραίως
3697 5299 3820 5351 κατ’

2245 5382 2410 5434 αὑτοῦ
2441 5381 2834 5455 μηχανώμενα·
2874 5383 2903 5435 6
2933 5383 2990 5437 δὲ
3017 5387 3403 5458 παντεπόπτης
3427 5387 3652 5460 Κύριος,
3685 5405 3820 5460 προ-

2243 5474 2383 5545 ορῶν
2424 5475 2520 5548 τὴν
2551 5475 2644 5529 τοῦ
2665 5475 2836 5530 ταῦτα
2861 5477 3238 5550 διανοουμένου
3282 5481 3505 5543 πτῶσιν,
3532 5481 3642 5536 τῶν
3675 5481 3818 5550 λογι-

2246 5566 2398 5637 σμῶν
2423 5567 2588 5622 αὑτοῦ
2618 5571 2914 5644 καταγελᾷ.
2953 5574 3065 5626 Καὶ
3100 5573 3238 5638 τέως
3279 5575 3380 5644 μὲν
3405 5575 3566 5630 πλέον
3595 5575 3751 5629 οὐδὲν
3781 5574 3818 5648 ἢ

2242 5661 2374 5731 γελᾷ
2422 5664 2508 5716 ἐπ’
2536 5663 2684 5734 αὐτῷ
2725 5667 2902 5740 μάτην
2937 5666 3161 5721 τοιαῦτα
3193 5667 3557 5740 λογιζομένην
3597 5667 3819 5723 ἐπειδὰν

566 5759 701 5799 nora
757 5747 1135 5818 progreditur,
1189 5749 1443 5819 acuitque
1483 5751 1726 5822 gladios,
1783 5761 1840 5807 ut
1905 5754 2132 5810 insidias

2247 5753 2282 5805 δ’
2323 5755 2414 5808 ἐπὶ
2455 5755 2525 5809 τά
2558 5755 2690 5828 ἔργα
2720 5762 2894 5831 χωρῇ,
2929 5761 3201 5831 ἀκονήσας
3239 5757 3534 5813 ἑαυτοῦ⁶τά
3579 5759 3708 5826 ξίφη
3741 5759 3816 5824 ὡς

571 5846 723 5903 paret
747 5839 811 5892 ad
843 5853 1029 5894 necem
1059 5839 1129 5906 ei,
1162 5841 1252 5910 qui
1284 5850 1504 5910 propter
1539 5844 1704 5900 Deum
1733 5845 1966 5914 inopiam
1995 5862 2128 5913 pau-

2241 5846 2400 5914 μέχρι
2435 5847 2663 5907 θανάτου
2713 5849 3092 5905 ὲπιῦουλεῦσαι
3125 5850 3200 5922 τῷ
3233 5850 3330 5922 τὴν
3375 5850 3482 5912 διὰ,
3507 5851 3638 5906 Θεὸν
3671 5869 3813 5906 πτω-
