4122 6454
315 354 425 412 323

1448 361 1948 422 COMMENTARIA
1992 364 2058 420 IN
2095 362 2435 421 PSALMOS.

3449 359 3554 418 350

316 472 468 543 χείαν
494 474 590 528 καὶ
632 475 818 531 πενίαν
861 478 1194 550 ἀνειληφότι,
1230 479 1322 533 καὶ
1353 481 1451 551 τὴν
1487 482 1661 554 ἄκραν
1691 498 1888 554 κατορ-

1993 482 2304 554 periemque
2333 481 2617 552 amplexus
2662 497 2724 538 ac
2760 498 2987 540 summa:
3009 480 3363 554 philosophia
3403 479 3554 536 dedi-

316 563 495 618 θοῦντι
529 565 860 638 φιλοσοφίαν,
903 570 964 624 τὸ
990 569 1288 640 τηνικαῦτα
1326 572 1547 644 στρέφει
1573 573 1671 645 τὴν
1711 561 1889 626 αύτῶν

318 657 586 727 ῥομφαίαν
620 659 759 712 κατά
789 661 886 732 τῆς
927 661 1106 714 αὐτῶν
1137 660 1363 732 καρδίας
1399 664 1428 716 6
1456 663 1620 716 πάλαι
1661 679 1888 730 καταγε-

317 747 422 799 λῶν
447 749 626 802 αὐτῶν
659 751 880 822 Κύριος,
904 753 1084 806 καὶτὰ
1113 754 1248 808 κατά
1277 755 1370 808 τοῦ
1391 755 1597 808 δικαίου
1624 755 1754 820 τόξα
1781 753 1888 808 τῶν

318 840 529 893 ἀσεϐῶν
573 844 868 916 συντρίϐει.
907 844 1304 898 Μετελεύσεται
1351 847 1459 918 γὰρ
1503 847 1731 911 αὐτούς’
1767 846 1888 901 οὐδὲ

316 932 397 985 ἔτι
423 933 595 1002 γελῶν
619 935 703 1004 ἐφ’
733 931 814 999 οἷς
839 937 1171 992 διανοοῦνται
1191 979 1204 1002 ,
1233 940 1368 992 ἀλλά
1390 943 1454 1010 τῇ
1478 941 1601 1012 δίκῃ
1627 943 1693 1012 τῇ
1721 957 1888 1011 προσ-

311 1023 520 1094 ηκούσῃ
547 1027 663 1079 κατ’
689 1027 865 1093 αὐτῶν
894 1027 1190 1100 χρώμενος.
1221 1029 1403 1083 Ταῦτα
1431 1029 1506 1092 δὲ,
1536 1030 1616 1084 δτι
1643 1031 1716 1102 μὴ
1743 1031 1887 1100 λόγοι

314 1116 688 1186 τυγχάνουσιν,
720 1117 833 1170 ἀλλ’
862 1118 997 1190 ἔργα
1031 1120 1202 1191 ἀληθῆ
1235 1120 1650 1192 μαρτυρούμενα
1677 1123 1766 1174 ὑπ’
1801 1122 1890 1174 αύο

311 1205 413 1276 τῆς
444 1207 743 1279 ἐνεργείας,
772 1208 863 1262 καὶ
896 1211 1026 1280 ἡμῖν
1075 1209 1258 1273 αὐτοῖς
1297 1213 1410 1274 τοῖς
1443 1209 1616 1265 ταῦτα
1661 1211 1779 1264 νυνὶ
1813 1211 1889 1263 δι-

312 1299 456 1366 εξιοῦ
467 1319 546 1354 σιν
575 1304 608 1373 ή
636 1305 796 1374 πεῖρα
821 1303 929 1357 τῶν
957 1303 1132 1373 ἔργων
1161 1302 1519 1358 ἐπιστώσατο.
1564 1304 1889 1375 Ὀφθαλμοῖς

313 1392 444 1460 γοῦν
492 1392 926 1464 παρειλήφαμεν,
964 1393 1038 1459 ὡς
1075 1396 1124 1448 οί
1161 1395 1476 1466 ἁμαρτωλοὶ
1509 1397 1568 1448 ὲν
1609 1398 1722 1458 τοῖς
1768 1395 1886 1448 καθ’

311 1482 470 1553 ἡμῶν
507 1481 764 1552 διωγμοῖς
811 1484 1079 1553 ῥομφαίαν
1129 1485 1434 1538 ἐσπάσαντο
1480 1486 1620 1539 κατά
1661 1485 1771 1538 τῶν
1809 1485 1888 1538 διο

311 1573 505 1636 καίων,
541 1573 634 1626 καὶ
669 1571 745 1636 ῶς
789 1574 1054 1629 ἐνέτειναν
1100 1575 1169 1629 τὰ
1203 1577 1329 1641 τόξα
1373 1576 1551 1630 αὐτῶν
1582 1575 1675 1630 τοῦ
1720 1594 1889 1629 κατα-

312 1665 496 1718 ϐαλεῖν
527 1665 733 1736 πένητα
765 1663 858 1717 καὶ
891 1665 1122 1736 πτωχὸν,
1157 1668 1250 1720 καὶ
1288 1667 1382 1720 τοῦ
1415 1667 1612 1736 σφάξαι
1644 1667 1772 1730 τοὺς
1801 1667 1889 1720 εύ-

307 1756 426 1821 Osi;
453 1760 517 1828 τῇ
554 1758 768 1829 καρδίᾳ,
815 1757 908 1811 καὶ
947 1757 1022 1821 ὼς
1055 1757 1296 1829 ἔπραξαν
1326 1759 1420 1811 καὶ
1466 1759 1760 1813 κατέϐαλον
1795 1760 1886 1813 καὶ

1990 583 2078 630 tus
2104 582 2208 636 est.
2245 574 2616 640 inferendam;
2671 583 2784 630 tum
2810 574 3091 637 Dominus,
3127 573 3219 646 qui
3251 563 3380 628 olim
3411 573 3554 628 deri-

1989 661 2152 718 debat
2183 681 2308 730 eos,
2365 665 2603 737 gladium
2652 667 2813 724 vertit
2873 667 2925 720 in
2974 665 3140 721 corda
3176 667 3452 737 ipsorum,
3501 671 3554 719 et

1988 767 2150 808 arcus
2185 756 2473 826 impiorum
2524 765 2714 813 contra
2740 757 2951 827 justum
2981 765 3202 828 paratos
3235 755 3553 824 confringit.

1988 842 2105 899 Non
2138 845 2252 915 jam
2293 848 2654 918 cogitationes
2683 864 2872 903 eorum
2905 848 3164 902 deridens
3198 846 3411 901 invadet
3436 860 3553 908 eos,

1989 936 2083 992 sed
2116 939 2412 1008 promerita
2445 940 2550 994 illis
2583 941 2787 996 ultione
2819 947 3022 995 utetur.
3051 939 3203 1006 Quod
3239 947 3418 992 autem
3440 937 3553 991 [nec

1989 1044 2096 1081 non
2143 1044 2291 1082 mera
2322 1029 2485 1083 verba
2521 1030 2654 1096 sint,
2687 1031 2782 1086 sed
2831 1047 2918 1086 res
2947 1039 3112 1101 gestae
3141 1045 3203 1083 ac
3245 1029 3364 1100 ipso
3392 1043 3556 1098 opere

1987 1121 2390 1189 comprobatae,
2437 1123 2595 1177 nobis
2639 1123 2730 1192 qui
2785 1123 2898 1178 haec
2926 1136 3245 1176 enarramus
3293 1119 3376 1176 vel
3437 1119 3555 1189 ipsa

1987 1210 2323 1279 experientia
2357 1213 2828 1266 commoustravit.
2869 1211 3003 1282 Ipsis
3038 1213 3204 1283 igitur
3233 1209 3408 1264 oculis
3435 1225 3556 1278 per.

1988 1300 2256 1370 cepimus,
2285 1311 2599 1370 peceatores
2629 1303 2685 1358 in
2731 1303 3206 1374 persecutionibus
3245 1302 3299 1355 in
3333 1316 3434 1365 nos
3461 1317 3556 1354 ex~

1987 1393 2169 1448 citatis
2195 1393 2461 1448 adversus
2487 1393 2666 1462 justos
2698 1394 2932 1464 gladium
2966 1393 3221 1448 eduxisse
3244 1432 3259 1456 ,
3284 1403 3556 1461 arcusque

1989 1501 2120 1542 suos
2153 1488 2455 1544 intendisse
2483 1498 2541 1544 ut
2571 1488 2871 1558 dejicerent
2900 1504 3189 1560 pauperem
3215 1496 3271 1543 et
3313 1488 3553 1557 inopem,

1987 1584 2041 1631 et
2073 1585 2132 1631 ut
2166 1579 2508 1634 trucidarent
2563 1589 2742 1634 rectos
2791 1579 2984 1642 corde;
3037 1579 3383 1648 idipsumque
3415 1591 3554 1647 pra:-

1988 1668 2224 1723 stitlsse:
2259 1678 2479 1726 sanctos
2515 1677 2780 1740 martyres
2811 1685 2909 1740 pro
2940 1668 3051 1724 Deo
3083 1670 3294 1724 fortiter
3333 1676 3557 1740 agentes

1988 1757 2253 1826 dejeeisse
2314 1769 2367 1814 et
2419 1759 2706 1829 multiplici
2759 1760 2954 1816 mortis
2999 1776 3195 1831 genere
3245 1759 3554 1813 sustulisse.

312 1849 524 1901 ἀνεῖλον
560 1849 818 1913 ποικίλοις
856 1848 1078 1920 τρόποις
1124 1848 1366 1903 θανάτων
1410 1850 1535 1914 τοὺς
1576 1850 1713 1904 κατά
1754 1850 1886 1904 Θεὸν

1993 1847 2060 1900 Ut
2091 1858 2271 1903 autem
2306 1850 2422 1905 haec
2472 1850 2730 1918 vidimus,
2759 1851 2832 1904 ita
2878 1858 2932 1906 et
2963 1850 3222 1905 ultionem
3264 1849 3356 1905 Dei
3408 1849 3556 1918 ipsos

310 1939 736 2009 ἀνδρισαμίνους
782 1939 971 2008 ἁγίους
1016 1940 1315 2012 μάρτυρας.
1361 1940 1569 2012 Ὠσπερ
1621 1941 1676 1994 δὲ
1717 1943 1886 1996 ταῦτα

311 2029 752 2102 ίστορησάμενοι,
800 2029 941 2083 οὕτω
992 2030 1085 2084 καὶ
1135 2029 1235 2102 τὴν
1287 2029 1647 2101 μετελθοῦσαν
1692 2033 1888 2098 αὐτοὺς

309 2120 405 2172 τοῦ
445 2120 577 2173 Θεοῦ
623 2120 780 2191 δίκην
818 2119 1141 2192 τεθεάμεθα,
1170 2121 1424 2194 τοιαύτην
1454 2124 1770 2196 γενομένην,
1813 2124 1888 2190 ὡς

313 2211 392 2280 μὴ
424 2211 686 2280 ἁμαρτεῖν
718 2211 809 2263 τὸν
837 2211 1084 2282 φήσαντα
1112 2210 1346 2282 ἀληθῶς.
1373 2211 1470 2284 τὴν
1499 2212 1772 2284 ῥομφαίαν
1792 2214 1889 2266 αύ-

309 2299 420 2353 τῶν
449 2300 847 2372 εἰσεληλυθέναι
877 2303 955 2366 είς
981 2301 1080 2374 τὴν
1102 2302 1328 2377 καρδίαν
1355 2303 1532 2356 αὐτῶν
1555 2305 1650 2357 καὶ
1671 2304 1738 2357 τά
1758 2303 1888 2370 τόξα

309 2393 493 2448 αὐτῶν
519 2409 704 2446 συντετ
712 2393 914 2465 ρῖφθαι.

381 2484 679 2553 Κρεῖσσον
704 2487 912 2556 ὀλίγον
951 2485 1032 2553 τῷ
1055 2486 1278 2556 δικαίῳ.
1325 2488 1400 2544 Ού
1430 2488 1747 2560 προείρηται
1787 2484 1884 2560 p.6-

307 2591 423 2636 νον,
455 2574 587 2627 ἀλλὰ
628 2575 694 2628 δι’
733 2573 908 2647 ἔργων
950 2577 1438 2650 ἀποπεπλήρωται,
1478 2579 1571 2632 καὶ
1609 2579 1699 2632 τὸν
1731 2578 1887 2632 ἀλλον

309 2663 368 2716 δὲ
418 2663 627 2735 χρόνον.
673 2665 729 2718 '0
771 2665 868 2736 μὲν
910 2666 1116 2732 δίκαιος
1149 2669 1466 2739 πτωχεύων,
1510 2671 1759 2741 ἀρκεῖται
1811 2670 1888 2742 τῷ

310 2755 499 2825 ὀλίγῳ,
546 2756 922 2828 δεδιδαγμένος
961 2760 1018 2812 ὲν
1050 2765 1322 2832 προσευχῇ
1368 2761 1545 2830 λέγειν
1571 2778 1584 2793 ο
1635 2765 1744 2817 Τὸν
1782 2763 1884 2831 dp-

315 2863 426 2899 τον
447 2845 614 2916 ἡμῶν
648 2853 752 2900 τὸν
785 2849 1097 2904 ἐπιούσιον
1132 2850 1239 2917 δὸς
1268 2851 1410 2920 ἡμῖν
1443 2851 1732 2921 σήμερον-ο
1769 2857 1797 2907 6
1830 2855 1887 2909 δὲ

321 2939 657 3009 ἁμαρτωλὸς,
704 2940 917 3012 πλούτῳ
966 2942 1412 3014 περιρῤεόμενος,
1477 2943 1682 3012 ἀγαθοῦ
1742 2963 1886 3007 τινος

316 3029 613 3082 ἀπόλαυσιν
649 3033 875 3101 νομίζει.
919 3031 1057 3093 Ἀλλ’
1092 3031 1222 3103 ἐγὼ,
1256 3035 1439 3104 φησὶν,
1468 3029 1527 3087 εὖ
1570 3029 1705 3100 οἶδα,
1739 3035 1884 3090 διδά-

319 3132 434 3171 σκω
463 3119 518 3172 δὲ
555 3121 648 3173 καὶ
684 3120 930 3192 ἐτέρους·
978 3123 1058 3176 ὅτι
1120 3123 1294 3196 πολλῷ
1323 3124 1543 3195 βελτιων
1581 3126 1728 3179 ἐστὶν
1756 3128 1784 3180 6
1809 3125 1884 3180 δί-

315 3225 470 3272 καιος
499 3209 588 3262 τὸν
618 3211 891 3284 ἐφήμερον
928 3214 1088 3290 άρτον
1121 3216 1270 3288 παρά
1313 3215 1408 3270 τοῦ
1439 3216 1569 3272 Θεοῦ
1596 3217 1884 3290 λαμϐάνων

315 3298 408 3352 τοῦ
438 3300 543 3353 τῶν
592 3302 927 3373 ἁμαρτωλῶν
953 3288 1208 3360 πλούτου.
1241 3308 1302 3361 El
1329 3307 1371 3361 δ’
1412 3309 1640 3382 ἐρωτᾷς,
1807 3313 1889 3365 al-

311 3391 434 3444 τίαν
475 3393 711 3461 μάνθανε
733 3413 744 3425 ·
777 3397 858 3449 ὅτι
887 3396 915 3449 6
950 3397 1047 3468 μὲν
1088 3397 1253 3469 ὀλίγῳ
1287 3401 1626 3472 ἀρκούμενος
1666 3402 1888 3474 ἔχειτὸν

319 3481 524 3554 Κύριον
554 3485 982 3566 ὑποστηρίζοντα
1009 3489 1170 3543 αὑτοῦ
1193 3489 1289 3557 τὴν
1310 3491 1485 3563 ψυχὴν
1513 3493 1606 3548 καὶ
1626 3493 1724 3564 τὴν
1745 3493 1889 3566 ζωὴν

317 3572 533 3626 καὶτὸν
581 3573 716 3643 βίον,
765 3577 903 3649 ὑπὲρ
944 3578 1120 3632 πάντα
1159 3597 1219 3634 τε
1270 3581 1499 3636 πλοῦτον
1545 3583 1889 3656 ἐπαρκοῦντα

317 3662 500 3735 αὐτῷ*
531 3667 580 3717 οί
626 3666 681 3720 δὲ
721 3667 827 3720 τῶν
855 3669 1194 3740 ἁμαρτωλῶν
1221 3671 1500 3746 βραχίονες
1529 3675 1590 3727 ού
1616 3675 1891 3746 διαμένου-

319 3771 407 3807 σιν
441 3758 671 3829 ίσχυροὶ,
711 3759 831 3813 οὐδὲ
868 3763 896 3813 6
937 3761 1164 3825 πλοῦτος
1195 3764 1372 3816 αὐτῶν
1403 3765 1649 3835 βέϐαιος·
1685 3783 1890 3837 συντρι-

320 3846 577 3917 ϐησονται
628 3850 736 3921 γὰρ
781 3851 902 3905 ὅσον
938 3853 1148 3905 ούδέπω
1197 3854 1475 3925 γενόμενοι
1515 3856 1646 3910 ὡσεὶ
1683 3855 1890 3927 λάχανα

317 3935 482 4006 χλόης
509 3938 601 3991 καὶ
629 3939 759 3993 ὡσεὶ
791 3940 984 4013 χόρτος
1013 3943 1516 4014 ἀποξηραινόμενοι.

388 4028 680 4083 Γινώσκει
725 4033 939 4098 Κύριος
987 4033 1092 4099 τὰς
1124 4033 1302 4098 ὀδοὺς
1332 4035 1449 4087 τῶν
1491 4034 1762 4106 ἀμώμων,
1791 4038 1891 4092 καί

315 4121 356 4187 ἡ
387 4115 751 4190 κληρονομία
771 4123 971 4178 αὐτῶν
987 4129 1073 4193 είς
1099 4129 1204 4180 τὸν
1223 4125 1407 4180 αἰῶνα
1427 4126 1617 4181 ἔσται.
1647 4131 1727 4183 Οὐ
1752 4148 1874 4184 κατι

312 4213 828 4280 ιιισχυνθήσονται
875 4217 946 4269 ἐν
983 4218 1164 4286 καιρῷ
1207 4218 1467 4287 πονηρῷ,
1508 4220 1605 4273 καί
1638 4222 1707 4276 ἐν
1744 4222 1888 4293 ἠμέ-

307 4319 446 4369 patr;
487 4305 666 4372 λιμοῦ
722 4308 1259 4374 χορτασθήσονται,
1311 4310 1401 4364 ὅτι
1457 4315 1510 4364 οὶ
1557 4313 1888 4382 ἁμαρτωλοὶ

315 4395 705 4450 ἀπολοῦνται.
760 4399 880 4451 Ὀτι
924 4400 1020 4452 τοῦ
1066 4401 1240 4468 δεξιοῦ
1287 4403 1586 4474 τάγματος,
1643 4405 1786 4474 λέγω
1833 4406 1891 4459 δὲ

1991 1940 2337 1996 invadentem
2367 1943 2737 2012 suspeximus,
2775 1959 2894 2014 quae
2928 1944 3054 1998 talis
3093 1944 3280 2013 utique
3323 1941 3445 2007 fuit,
3497 1949 3556 1993 ut

1990 2035 2126 2089 nihil
2152 2035 2489 2090 aberraverit
2534 2035 2579 2090 is
2622 2037 2714 2104 Qui
2746 2036 2882 2090 dixit
2911 2037 3150 2108 gladium
3198 2049 3386 2091 eorum
3435 2031 3556 2088 inii-

1992 2142 2118 2180 xum
2149 2126 2204 2180 in
2236 2125 2401 2181 corda
2440 2125 2705 2197 ipsorum,
2737 2135 2792 2183 et
2819 2143 2980 2183 arcus
3009 2142 3196 2183 eorum
3242 2125 3556 2181 eonfractos

1988 2235 2130 2276 esse.

2058 2477 2228 2538 Vsus.
2280 2482 2367 2537 16.
2412 2478 2603 2538 Melius
2649 2492 2728 2538 est
2777 2480 3040 2538 modicum
3062 2481 3234 2554 justo,
3271 2488 3376 2539 etc.
3429 2479 3554 2541 Ilaec

1987 2589 2096 2628 non
2130 2574 2291 2630 modo
2323 2575 2682 2646 praenuntiata
2713 2573 2893 2640 fuere,
2923 2574 3017 2631 sed
3048 2583 3103 2629 et
3135 2576 3256 2630 aliis
3297 2579 3555 2647 tempori-

1988 2665 2092 2720 bus
2124 2680 2289 2736 opere
2313 2667 2600 2736 completa.
2623 2665 2814 2721 Justus
2834 2666 3052 2737 quidem
3077 2682 3364 2737 pauperem
3391 2682 3555 2738 agens

1987 2757 2154 2810 vitam
2206 2757 2396 2827 paucis
2444 2765 2734 2813 contentus
2784 2767 2888 2825 est,
2943 2757 3010 2812 ad
3066 2759 3180 2813 haec
3223 2760 3274 2813 in
3308 2764 3555 2818 oratione

1988 2839 2312 2910 proferenda
2348 2841 2650 2904 institutus,
2684 2841 2884 2896 Panem
2920 2854 3157 2898 nostrum
3189 2844 3552 2914 quotidianum

1985 2929 2057 2983 da
2086 2930 2236 2984 nobis
2264 2931 2420 2986 hodie
2445 2932 2514 2985 ".
2557 2929 2823 2988 Peccator
2858 2942 3036 2988 autem
3067 2933 3274 2988 divitiis
3305 2935 3549 3000 aﬂIuens.

1986 3034 2048 3075 se
2076 3021 2218 3076 bono
2250 3021 2352 3075 frui
2385 3023 2703 3077 arbitratur.
2738 3024 2805 3077 At
2831 3025 2998 3094 probe
3029 3025 3174 3090 novi,
3232 3027 3429 3098 inquit,
3474 3029 3554 3082 id.

1986 3125 2093 3181 que
2139 3118 2367 3168 caeteros
2413 3112 2604 3176 doceo.
2643 3115 2813 3169 multo
2853 3117 3282 3185 praestantiorem
3321 3119 3554 3188 justum,

1986 3207 2078 3278 qui
2109 3207 2490 3277 quotidianum
2521 3224 2552 3263 a
2595 3207 2703 3264 Deo
2733 3223 2926 3279 panem
2957 3213 3172 3282 accipit,
3204 3221 3554 3283 peccatorum

1987 3299 2196 3354 divitiis
2222 3314 2366 3354 esse.
2400 3299 2554 3366 Quod
2589 3301 2634 3356 si
2685 3315 2906 3357 causam
2935 3305 3295 3372 perconteris.
3340 3305 3554 3360 ediscas

1987 3389 2138 3454 licet,
2171 3391 2296 3460 quia
2334 3392 2422 3447 ille
2454 3392 2676 3462 quidem
2708 3396 2896 3464 paucis
2921 3403 3233 3456 contentus.
3267 3393 3552 3450 Dominum

1988 3481 2152 3538 habet
2193 3483 2286 3553 qui
2322 3484 2559 3538 animam
2607 3493 2661 3539 et
2691 3485 2857 3539 vitam
2905 3486 3025 3554 ejus
3079 3487 3285 3550 fulciat,
3342 3488 3554 3558 ipsique

1988 3574 2278 3645 plusquam
2329 3589 2520 3630 omnes
2558 3575 2762 3631 divitia
2795 3576 3026 3633 suﬂicial
3055 3597 3067 3632 :
3122 3587 3176 3633 at
3209 3587 3552 3649 peccatorum

1989 3667 2214 3722 brachia
2244 3682 2353 3722 non
2384 3667 2607 3723 robusta
2654 3677 2896 3735 manent,
2928 3686 3106 3741 neque
3138 3671 3339 3726 divitia:
3366 3685 3553 3727 eorum

1990 3758 2160 3813 ﬁrmae
2209 3767 2376 3824 sunt;
2436 3775 2604 3830 prope
2632 3759 2773 3815 diem
2800 3762 2943 3816 enim
2998 3770 3350 3816 conterentur
3396 3757 3552 3834 quasi

1988 3848 2137 3903 olera
2168 3849 2483 3914 herbarum,
2517 3859 2570 3904 ct
2597 3858 2854 3921 tanquam
2883 3849 3068 3906 fenum
3098 3859 3367 3908 arescent.

2061 4024 2227 4083 Vens.
2275 4025 2340 4080 18
2369 4055 2394 4067 ο
2423 4024 2512 4080 ‘20.
2565 4023 2727 4080 Novit
2782 4025 3036 4080 Dominus
3088 4027 3198 4080 vias
3249 4026 3553 4083 immacula-

1991 4124 2184 4180 torum,
2223 4128 2272 4171 et
2320 4117 2600 4171 hwredt'tas
2645 4133 2825 4171 eorum
2873 4117 2928 4169 in
2979 4125 3230 4170 wternum
3280 4116 3399 4170 erit.
3434 4115 3558 4171 Non

1989 4209 2377 4280 confundantur
2418 4209 2469 4262 in
2505 4219 2729 4276 tempore
2759 4209 2921 4272 malo,
2975 4216 3023 4261 ct
3069 4207 3125 4260 in
3170 4206 3350 4261 diebus
3395 4207 3556 4276 fama

1990 4303 2395 4364 saturabuntur,
2426 4300 2548 4369 quia
2579 4308 2876 4367 peccatores
2902 4297 3164 4368 peribunt.
3196 4297 3332 4364 Quia
3367 4311 3556 4352 eorum
3651 4319 3659 4326 ·

1991 4395 2083 4466 qui
2117 4394 2171 4447 in
2207 4393 2399 4447 dextro
2451 4392 2644 4445 ordine
2689 4399 2836 4457 sunt,
2868 4393 2920 4446 id
2971 4399 3056 4447 est
3100 4390 3393 4459 justorum,
3449 4405 3560 4445 non

313 4486 426 4539 τῶν
452 4487 692 4552 δικαίων,
727 4492 789 4544 ού
819 4492 977 4562 μόνον
1004 4493 1353 4565 ύποστηρίζει
1379 4499 1407 4549 6
1435 4495 1567 4560 Θεὸς
1597 4497 1693 4568 τὴν
1721 4497 1886 4568 ζωὴν,

1996 4486 2155 4540 modo
2203 4487 2369 4538 vitam
2405 4482 2561 4538 fulcit
2601 4481 2902 4550 Dominus;
2954 4483 3047 4537 sed
3081 4483 3244 4536 etiam
3279 4481 3418 4546 dies,
3463 4482 3556 4552 qui

317 4577 452 4629 ἀλλά
485 4581 581 4632 καὶ
617 4580 715 4644 τὰς
755 4584 1151 4653 περιμενούσας
1199 4587 1394 4650 αὐτοὺς
1431 4588 1488 4639 ὲν
1527 4587 1604 4658 τῷ
1647 4587 1890 4658 μέλλοντι

316 4669 472 4723 αἰῶνι
515 4673 726 4746 ἡμέρας
781 4676 1024 4747 ἀκριϐῶς
1063 4673 1190 4740 οἶδε,
1247 4681 1346 4750 τήν
1392 4697 1449 4731 τε
1490 4680 1893 4751 ἡτοιμασμένην

317 4763 499 4826 αὐτοῖς
545 4765 930 4838 κληρονομίαν,
978 4770 1105 4841 περὶ
1145 4766 1213 4842 ἧς
1256 4770 1512 4841 ἀνωτέρω
1547 4770 1759 4842 ἐλέχθη.
1802 4771 1894 4824 Διὸ

314 4856 466 4909 οὐδὲν
494 4858 688 4922 αὐτοὺς
718 4859 1050 4931 καταϐλάψει
1081 4862 1141 4914 τὸ
1168 4862 1366 4932 βραχὺ,
1402 4862 1495 4915 καὶ
1523 4862 1762 4934 λυπηρὸν
1797 4864 1890 4918 τοῦ

316 4948 584 5021 παρόντος
624 4951 762 5020 βίου,
805 4953 897 5006 καὶ
927 4953 989 5006 τὸ
1029 4953 1283 5006 πένεσθαι
1323 4956 1416 5007 καί
1462 4956 1760 5027 πτωχεύειν
1804 4957 1890 5010 διὰ

314 5040 406 5092 τὸν
433 5041 654 5113 Κύριον.
692 5044 996 5113 Γυμνάσιον
1025 5043 1132 5116 γάρ
1165 5046 1341 5099 αὐτῶν
1366 5049 1482 5100 ἐστι
1509 5049 1608 5118 τῆς
1635 5049 1892 5120 προαιρέ-

317 5147 455 5196 eam;
485 5135 518 5202 ἡ
545 5137 829 5206 καρτερία,
861 5136 929 5189 δι’
957 5131 1024 5207 ἦς
1052 5136 1150 5207 τὴν
1191 5139 1381 5210 στενὴν
1405 5140 1498 5191 καὶ
1528 5139 1889 5210 τεθλιμμένην

314 5221 611 5290 ὁδεύοντες,
657 5228 935 5294 τεύξονται
979 5229 1088 5281 τῶν
1137 5231 1580 5301 ἐπηγγελμένων.
1641 5233 1784 5284 Ἀντὶ
1832 5231 1888 5284 δὲ

312 5311 430 5372 τοῦ,
457 5312 750 5380 γινώσκει,
774 5317 802 5368 6
825 5316 1140 5387 Σύμμαχος,
1169 5320 1454 5388 Προοῖδεν
1478 5324 1510 5374 o'
1541 5322 1756 5389 Κύριος
1781 5323 1888 5388 τὰς

313 5405 540 5474 ἡμέρας
571 5405 690 5458 τῶν
719 5408 989 5478 ἀμώμων,
1023 5411 1303 5476 ἐξέδωκεν.
1338 5414 1447 5467 Καὶ
1488 5413 1615 5468 ἄλλο
1647 5414 1702 5467 δὲ
1748 5415 1886 5486 μέγα

315 5499 549 5569 ὑπάρξει
582 5499 827 5564 τούτοις·
877 5503 948 5555 ἐν
990 5503 1100 5574 γὰρ
1146 5505 1328 5573 καιρῷ
1378 5505 1616 5575 πονηρῷ
1654 5511 1727 5561 οὺ
1759 5524 1890 5561 κατ-

311 5591 849 5660 αισχυνθήσονται,
874 5595 971 5648 καί
993 5595 1074 5648 ἐν
1089 5596 1334 5666 ἡμέραις
1355 5599 1533 5670 λιμοῦ
1557 5599 1889 5671 χορτασθή-

382 5772 432 5804 ὀ
467 5771 602 5830 Luc.
639 5788 716 5838 si,
751 5776 801 5832 3.

641 5867 912 5931 Ριτιιοι.
957 5870 1074 5932 Gn.
1122 5867 1358 5931 XXIII.

1994 4578 2144 4648 ipsos
2178 4578 2231 4631 in
2268 4576 2452 4630 futuro
2482 4576 2683 4629 saeculo
2723 4582 3063 4644 exspectant.
3094 4583 3348 4628 accurate
3383 4576 3558 4637 novit,

1993 4677 2156 4740 atque
2207 4677 2454 4740 paratam
2490 4669 2599 4722 illis
2629 4665 3019 4728 hereditatem,
3055 4665 3123 4719 de
3165 4681 3271 4735 qua
3308 4663 3560 4734 superius

1992 4764 2199 4819 dictum
2249 4770 2354 4818 est.
2408 4759 2588 4827 Quare
2639 4758 2951 4814 nocumenti
3001 4758 3137 4812 nihil
3187 4755 3376 4812 aﬂ'eret
3429 4757 3563 4826 ipsis

1994 4854 2286 4926 praesentis
2318 4854 2442 4908 vita:
2489 4852 2730 4907 brevitas
2782 4865 2846 4902 ac
2889 4849 3144 4912 tristitia,
3174 4856 3228 4902 et
3273 4848 3562 4916 pauperies

1991 4947 2286 5016 inopiaque
2326 4959 2488 5016 quam
2541 4958 2640 5013 pro
2687 4941 2916 4996 Domino
2961 4941 3192 5010 amplexi
3243 4946 3389 4994 sunt.
3423 4937 3557 4992 Nam

1992 5055 2182 5094 eorum
2213 5035 2477 5109 propositi
2515 5043 2569 5090 et
2598 5033 2898 5088 voluntatis
2933 5029 3249 5085 exercitatio
3293 5028 3393 5083 fuit
3425 5029 3562 5082 tole-

1994 5131 2193 5194 rantia,
2229 5145 2336 5201 qua
2384 5130 2438 5183 in
2490 5134 2719 5196 angusta
2775 5131 3036 5194 arctaque
3082 5123 3166 5177 via
3222 5119 3561 5185 incedentes,

1992 5223 2262 5295 promissa
2289 5217 2713 5288 consequentur.
2737 5214 2845 5272 Pro
2868 5216 2961 5270 illo
2993 5226 3193 5279 autem,
3221 5215 3381 5279 novit,
3411 5213 3564 5284 Sym-

1991 5315 2242 5377 machus,
2267 5311 2510 5381 prwvidit
2535 5311 2792 5364 Dominus
2821 5308 2932 5363 dies
2963 5305 3449 5367 immaculatorum.
3482 5306 3562 5359 in-

1994 5414 2325 5478 terpretatus
2382 5413 2489 5459 est.
2549 5401 2819 5470 Aliudque
2876 5414 3131 5470 magnum
3182 5398 3382 5452 bonum
3429 5394 3564 5465 ipsis

1993 5499 2247 5555 obvcniet
2271 5515 2286 5564 ;
2315 5512 2436 5551 nam
2471 5498 2523 5550 in
2546 5508 2770 5564 tempore
2790 5494 2929 5546 malo
2952 5509 3055 5546 non
3084 5489 3492 5560 confundantur,
3514 5498 3564 5541 rt

1997 5591 2050 5650 in
2071 5591 2254 5649 diebus
2282 5591 2442 5662 [amis
2466 5588 2867 5646 saturabuntur.
2897 5583 3095 5642 Malum
3126 5593 3364 5653 tempus,
3396 5582 3449 5638 id
3482 5593 3566 5636 est

3208 5861 3273 5926 11
