4122 6454
501 393 597 442 331

1204 382 1472 440 ευεεωι
1503 375 1972 437 οβεεΑιιιεΝδιε
2008 363 2158 429 cev.
2201 337 2388 424 ριιιε
2431 360 2522 430 Ill.
2561 407 2629 414 -
2659 371 3063 430 exsomnes.
3097 341 3104 348 ’

3666 366 3771 426 35'!

499 520 718 580 tempus
741 507 836 565 ira:
856 506 1119 563 adversus
1141 502 1358 576 impios,
1384 518 1494 575 quo
1517 502 1594 557 illi
1623 501 1842 573 quidem
1861 500 2070 572 justum

2175 504 2408 550 σονται.
2462 496 2667 570 καιρὸς
2703 496 2759 551 δέ
2791 496 3031 568 πονηρός
3077 496 3226 550 ἐστιν
3270 494 3299 550 ὀ
3331 493 3430 564 τῆς
3475 491 3618 547 κατὰ
3660 492 3774 546 τῶν

503 601 888 674 Deijudicium
919 599 1312 671 experientur;
1359 598 1453 668 qui
1488 611 1618 652 vero
1657 596 1712 650 in
1761 594 1955 650 dextro
1994 607 2080 648 or-

501 695 630 750 dine
673 702 824 759 sunt,
878 693 1131 764 gloriam,
1187 691 1451 745 honorem
1501 698 1557 746 ct
1612 685 2079 758 incorruptionem

501 786 850 852 obtinebunt,
887 793 946 840 ut
974 783 1066 855 qui
1105 783 1275 838 vitam
1308 788 1565 837 aztemam
1596 779 1932 851 quaesierint.
1966 777 2082 834 lmo

503 893 632 931 vero
660 886 868 933 statuto
901 886 1148 949 tempore
1181 875 1341 947 justi,
1373 875 1561 930 divino
1608 874 1869 928 alimento
1900 871 2078 942 potiti,

501 969 941 1034 saturahuntur;
977 975 1293 1038 peceatores
1335 972 1518 1020 autem
1550 962 1692 1018 fame
1741 972 1794 1017 et
1839 969 2081 1033 egestate

501 1060 846 1114 rationabilis
877 1060 986 1114 cibi
1028 1059 1303 1129 peribunt.
1335 1055 1470 1122 Quis
1511 1063 1691 1110 autem
1721 1054 1891 1109 oculis
1942 1069 2080 1109 con-

504 1153 801 1222 temptatus
830 1153 1028 1222 impios
1059 1155 1151 1223 qui
1183 1164 1298 1206 aevo
1331 1156 1524 1204 nostro
1555 1163 1620 1203 ex
1651 1147 1882 1212 divitiis,
1910 1145 2080 1217 gloria

500 1254 554 1300 et
587 1245 944 1316 dignitatibus
979 1246 1033 1299 in
1067 1241 1432 1299 admiratione
1473 1239 1645 1302 fuere,
1683 1239 1737 1294 in
1772 1241 2080 1308 multasque

501 1341 690 1406 gentes
719 1333 1010 1404 imperium
1041 1334 1352 1396 obtinuere,
1382 1339 1608 1400 repente
1628 1329 1697 1384 ab
1727 1329 1828 1383 hac
1858 1329 2081 1384 celsitu-

499 1426 629 1481 dine
682 1425 888 1496 lapsos,
935 1441 1044 1480 non
1091 1423 1324 1479 fateatur
1376 1437 1564 1480 verum
1619 1435 1743 1476 esse
1794 1419 2077 1475 oraculum

501 1519 816 1588 lmjusmodi
853 1539 865 1574 :
899 1518 1112 1573 Inimici
1149 1533 1267 1573 vero
1297 1515 1535 1579 Domini,
1569 1530 1692 1568 mox
1724 1522 1781 1568 ut
1821 1513 2080 1582 honori/i-

499 1612 606 1664 eati
646 1614 858 1680 [uerunt
900 1621 950 1665 et
993 1610 1242 1675 exaltati,
1291 1609 1592 1679 deficientes
1637 1603 2078 1680 quemadmodum

499 1702 678 1771 fumus
719 1703 1064 1774 defecerunt?
1109 1701 1316 1756 Fumus
1364 1699 1621 1756 exstincti
1672 1699 1814 1771 ignis
1861 1697 2076 1769 signum

497 1804 583 1850 est
607 1814 618 1848 :
651 1810 822 1865 quare
843 1795 897 1850 hi
920 1794 1014 1866 qui
1037 1805 1278 1866 tempore
1299 1808 1401 1848 suo
1425 1793 1682 1848 ardentes
1707 1791 1849 1862 ignis
1875 1790 2072 1854 instar,

2181 583 2394 643 ἀσεϐῶν
2432 589 2624 663 ὀργῆς,
2666 591 2724 642 ἐν
2765 582 2810 657 ᾦ
2853 590 2902 642 o‘.
2949 589 3049 659 μὲν
3094 587 3195 658 τῆς
3239 585 3636 658 δικαιοκρισίας
3673 582 3771 638 τοῦ

2183 679 2318 735 Θεοῦ
2348 681 2832 754 πειρασθήσονται,
2857 680 2904 734 oi
2932 680 2989 733 δὲ
3013 679 3106 733 τοῦ
3130 677 3304 746 δεξιοῦ
3340 679 3620 750 τάγματος
3643 678 3774 731 ἀπο-

2183 773 2458 845 λείψονται
2484 774 2640 839 δόξαν
2680 773 2776 827 καὶ
2801 772 2968 844 τιμὴν
2999 773 3095 826 καὶ
3124 771 3450 845 ἀφθαρσίαν,
3479 769 3771 843 ζητοῦντες

2183 863 2328 938 ζωὴν
2379 866 2617 921 αἰώνιον.
2671 867 2747 919 Οὐ
2785 865 2889 938 μὴν
2922 864 3057 920 ἀλλά
3105 865 3198 919 καὶ
3242 865 3385 920 κατά
3425 865 3517 918 τὸν
3558 863 3770 918 ἑστῶτα

2185 957 2394 1030 καιρὸν,
2423 960 2470 1011 οί
2520 957 2619 1029 μὲν
2650 958 2849 1012 δίκαιοι
2880 959 2980 1030 τῆς
3008 958 3190 1012 ἐνθέου
3221 957 3430 1030 τροφῆς
3468 955 3768 1010 ἀπολαύον-

2181 1067 2273 1114 τες
2302 1049 2804 1123 χορτασθήσονται·
2845 1054 2894 1104 οἱ
2933 1051 2989 1105 δὲ
3019 1050 3334 1123 ἁμαρτωλοὶ
3368 1048 3510 1120 λιμῷ
3547 1049 3641 1102 καὶ
3680 1050 3768 1102 ἐν-

2180 1141 2298 1213 δείᾳ
2326 1141 2549 1213 λογικῆς
2587 1143 2794 1214 τροφῆς
2840 1141 3187 1197 ἀπολοῦνται.
3223 1143 3320 1206 Τίς
3359 1142 3417 1196 δέ
3465 1140 3768 1212 ὀφθαλμοῖς

2182 1232 2515 1304 παραλαϐὼν
2544 1236 2671 1298 τοὺς
2701 1233 2824 1288 καθ’
2853 1236 2998 1306 ἡμᾶς
3022 1235 3240 1299 ἀσεϐεῖς
3273 1233 3486 1304 πλούτῳ
3521 1235 3616 1288 καὶ
3640 1233 3768 1306 δόξῃ

2182 1326 2277 1380 καὶ
2308 1323 2584 1397 ἀξιώμασι
2616 1325 3052 1399 θαυμασθέντας,
3091 1328 3341 1400 μεγάλων
3370 1345 3427 1380 τε
3460 1326 3631 1381 ἐθνῶν
3664 1326 3768 1398 ἀρ-

2182 1419 2396 1486 ξαντας,
2429 1419 2642 1492 ἀθρόως
2686 1422 3018 1486 ἐκπεσόντας
3059 1421 3156 1475 τοῦ
3199 1419 3511 1493 ὑψώματος,
3555 1419 3656 1472 οὐκ
3697 1417 3768 1473 ἂν

2179 1512 2567 1584 ὁμολογήσειεν
2611 1513 2786 1587 ἀληθῆ
2824 1515 3116 1585 τυγχάνειν
3150 1513 3211 1567 τὸ
3241 1515 3422 1585 φῆσαν
3453 1513 3664 1581 λόγιοψ
3700 1513 3768 1566 οι

2179 1603 2232 1658 δ’
2273 1605 2474 1673 ἐχθροί
2515 1605 2624 1659 τοῦ
2663 1606 2810 1660 Θεοῦ
2850 1606 2969 1676 ἅμα
3013 1605 3094 1672 τῷ
3137 1602 3508 1674 δοξασθῆναι
3541 1604 3769 1671 αὐτοὺς

2179 1695 2278 1750 καὶ
2299 1694 2628 1765 ἐπαρθῆναι
2654 1699 3006 1764 ἐκλιπόντες
3035 1697 3177 1752 ὡσεί
3205 1697 3436 1763 καπνὸς
3458 1695 3764 1761 ἐξέλιπον.

2181 1790 2404 1854 Καπνὸς
2430 1790 2496 1844 δὲ.
2532 1791 2702 1863 πυρὸς
2732 1790 3054 1856 σϐεσθέντος
3082 1792 3307 1861 σημεῖον
3330 1805 3344 1819 ’
3387 1789 3468 1842 διὸ
3508 1788 3604 1843 καὶ
3647 1787 3771 1842 τού-

495 1861 697 1944 deinde
715 1861 969 1944 exstincti
994 1861 1423 1951 sunt,'similiter
1455 1887 1509 1940 in
1540 1861 1845 1956 exemplum
1870 1884 2074 1940 haben-

2179 1900 2304 1947 τους
2330 1883 2506 1958 καιρῷ
2534 1861 2834 1953 φλέξαντας
2864 1885 3035 1955 πυρὸς
3066 1883 3245 1956 δίκην,
3272 1881 3507 1938 κᾶπειτα
3538 1883 3772 1936 ἀποσϐε-

494 1985 606 2034 tur.

569 2069 734 2128 Vens.
769 2071 861 2137 21,
884 2071 975 2126 22.
1018 2071 1300 2126 Mutantur
1343 2079 1604 2140 peccator,
1639 2081 1687 2126 et
1730 2086 1835 2126 non
1861 2070 2023 2126 solvet
2053 2086 2073 2124 :

493 2173 670 2218 mstus
722 2174 899 2219 autem
951 2165 1230 2220 miseretur
1257 2174 1306 2220 et
1361 2165 1572 2220 tribuet.
1628 2163 1724 2219 llle
1762 2178 1888 2218 cum
1938 2163 2074 2218 nihil

494 2256 826 2324 possideret,
860 2257 1173 2327 multosque
1195 2271 1225 2310 a
1253 2257 1374 2310 viro
1397 2256 1550 2325 justo
1583 2255 1743 2310 utiles
1773 2255 2073 2311 salutares-

493 2363 602 2418 que
629 2363 913 2404 sermones
943 2357 1137 2403 mutuo
1167 2351 1460 2418 acciperet,
1494 2356 1586 2402 aut
1610 2363 1640 2402 a
1665 2345 1774 2402 Deo
1791 2346 2074 2402 beneﬁciis

492 2449 806 2504 ornaretur,
832 2439 1078 2495 debitum
1100 2456 1209 2495 non
1237 2440 1419 2496 solvit.
1451 2437 1586 2493 Nam
1613 2438 1883 2508 adjutum,
1909 2453 2074 2510 opor-

491 2531 598 2584 tuit
647 2545 814 2600 opera
854 2545 927 2585 ac
973 2538 1128 2601 gesta
1167 2530 1411 2600 acceptis
1457 2529 1623 2600 digna
1679 2528 1958 2584 exhibere.
2003 2528 2074 2582 At

492 2622 585 2678 ille
615 2637 724 2678 non
753 2623 939 2690 solvit,
976 2631 1270 2692 manetque
1292 2620 1521 2691 justitia:
1548 2621 1804 2692 operibus
1844 2635 2070 2676 vacuus.

491 2713 681 2770 Justus
713 2730 843 2770 vero
873 2714 1082 2770 divitiis
1108 2728 1229 2784 quae
1278 2712 1580 2768 secundum
1625 2711 1794 2766 Deum
1825 2720 1954 2766 sunt
1986 2711 2066 2766 af-

491 2807 692 2872 ﬂuens,
729 2807 1025 2864 miseretur
1061 2816 1116 2862 et
1166 2805 1358 2862 tribuit
1405 2805 1709 2875 egentibus.
1765 2802 1872 2860 Sed
1909 2805 2074 2860 etiam

491 2898 587 2968 qui
632 2897 784 2968 justo
814 2897 1166 2962 benedicunt,
1213 2895 1335 2964 ejus
1381 2893 1696 2948 coheredes
1725 2902 1905 2950 erunt.
1938 2891 2074 2948 Eam

489 2992 638 3044 enim
666 2989 839 3058 ipsam
869 3002 1165 3057 supernam
1198 2985 1589 3049 baeredilatem,
1626 2985 1916 3054 quaejusto
1943 2999 2073 3054 pro-

490 3080 665 3136 missa
690 3079 816 3144 fuit,
850 3078 1304 3142 benedicentihus
1325 3078 1536 3147 justum
1565 3076 1728 3132 etiam
1760 3077 2068 3146 pollicetur.

491 3175 625 3241 Quae
651 3179 962 3229 consonant
991 3173 1219 3226 oraculo
1261 3170 1534 3226 Abraham
1573 3170 1844 3240 spectanti
1893 3184 1958 3224 ac
1984 3169 2070 3224 di-
2099 3201 2141 3258 ο

491 3265 636 3322 centi
664 3283 677 3317 :
711 3262 780 3316 Et
811 3262 1114 3317 benedicam
1147 3261 1502 3316 benedicentes
1533 3268 1580 3314 te
1602 3260 1668 3314 “.
1697 3258 1832 3314 Illud
1865 3269 2071 3330 autem,

491 3355 871 3410 Maiedicentes
922 3363 1100 3408 autem
1149 3355 1198 3407 ei
1245 3352 1597 3422 disperibunt,
1640 3351 1796 3407 aliine
1833 3361 1918 3408 est
1946 3354 2075 3410 huic

491 3445 560 3498 ad
590 3445 966 3498 Abt‘ahamum
1016 3444 1184 3508 dicto,
1221 3453 1271 3497 et
1301 3441 1732 3496 maledicentibus
1762 3443 1856 3498 tibi
1901 3445 2072 3500 male-

489 3537 666 3591 dicam
684 3537 752 3590 ".
787 3534 1256 3602 Quemadmodum
1282 3534 1428 3590 enim
1458 3536 1551 3607 qui
1585 3536 1818 3608 lapidem
1849 3551 2069 3592 sursum

489 3629 643 3698 jacit,
689 3627 770 3683 sic
816 3627 910 3698 qui
959 3627 1265 3683 maledictis
1292 3627 1504 3698 justum
1539 3630 1768 3700 impetit,
1803 3630 1931 3701 quia
1961 3646 2072 3686 non

493 3727 674 3789 potest
723 3719 876 3788 justo
915 3718 1270 3774 maledictum
1319 3720 1548 3786 haerere,
1599 3729 1864 3776 retortum
1913 3721 1970 3776 in
2013 3736 2072 3776 se

491 3809 793 3866 maledicus
831 3811 1090 3882 excipiet.

557 4067 728 4126 Vens.
776 4069 868 4136 25,
905 4069 997 4125 24.
1035 4069 1184 4141 Apud
1251 4069 1538 4125 Dominum
1579 4088 1790 4143 gressus
1841 4072 2069 4128 hominis

487 4161 803 4234 dirigentur.
835 4162 1042 4217 Praeter
1071 4177 1239 4232 supra
1274 4171 1595 4228 memorata,
1630 4165 1744 4220 haec
1777 4167 1940 4222 etiam
1972 4167 2069 4220 ho-

489 4255 624 4308 mini
653 4253 749 4309 Dei
777 4254 988 4311 adsunt
1013 4273 1026 4310 :
1061 4256 1180 4310 vias
1209 4255 1328 4328 ejus
1359 4255 1502 4312 Deus
1536 4259 1867 4328 complanat,
1907 4260 1981 4316 ita
2010 4270 2071 4316 ut

486 4349 600 4405 vita
649 4350 770 4420 ejus
823 4349 1058 4422 feliciter
1098 4352 1348 4406 elabatur
1379 4371 1390 4406 :
1426 4366 1490 4406 ac
1538 4354 1656 4408 sine
1688 4355 1798 4409 ullo
1836 4355 1992 4410 obice
2023 4357 2068 4412 is

485 4441 744 4512 religiose
779 4444 911 4513 agit,
964 4458 994 4497 a
1025 4445 1356 4515 nemincque
1397 4446 1806 4516 supplantatur,
1841 4456 2066 4521 propter

2177 1974 2420 2040 σθέντας,
2447 1975 2646 2048 ὁμοίως
2674 1976 2731 2028 ἐν
2753 1975 2832 2048 τῷ
2861 1975 3263 2048 παραδείγματι
3288 1974 3387 2046 (1).

2245 2067 2572 2128 Δανείζεται
2599 2071 2632 2122 ό
2679 2068 3050 2138 ἁμαρτωλὸς,
3096 2068 3196 2122 καὶ
3241 2070 3355 2122 οὐκ
3391 2067 3693 2122 ἀποτίσει·
3730 2067 3768 2123 ὁ

2173 2156 2243 2212 δὲ
2273 2156 2503 2224 δίκαιος
2536 2158 2806 2225 οἱκτείρει
2842 2158 2941 2211 καὶ
2986 2156 3157 2211 διδοῖ.
3191 2156 3374 2228 Μηδὲν
3405 2157 3764 2229 κεκτημένος,

2175 2249 2323 2324 παρά
2355 2249 2450 2303 τοῦ
2483 2249 2689 2303 δικαίου
2720 2249 2979 2314 πολλάκις
3006 2248 3386 2322 δανειζόμενος
3408 2249 3603 2318 λόγους
3623 2249 3764 2320 ὠφε-

2173 2343 2364 2414 λίμους
2407 2341 2502 2396 καὶ
2545 2341 2868 2415 σωτηρίους,
2905 2343 2939 2414 ἢ
2975 2342 3126 2416 παρά
3155 2340 3252 2396 τοῦ
3279 2342 3414 2397 Θεοῦ
3444 2341 3766 2413 εὐεργεσίας

2173 2436 2478 2506 τυγχάνων,
2524 2436 2625 2488 οὐκ
2673 2435 2990 2490 ἀποτίννυσι
3029 2435 3128 2508 τὴν
3177 2435 3420 2508 ὀφειλὴν.
3467 2435 3593 2489 Δέον
3653 2435 3765 2508 γάρ

2173 2525 2549 2597 ὠφεληθέντα,
2571 2525 2709 2598 ἔργα
2749 2527 2844 2580 καὶ
2888 2526 3118 2599 πράξεις
3149 2529 3453 2600 παρασχεῖν
3493 2526 3649 2594 ἀξίας
3687 2519 3765 2580 ὧν

2173 2618 2418 2688 εἴληφεν.
2462 2619 2520 2671 Ὀ
2553 2617 2611 2672 δέ
2638 2619 2739 2672 οὐκ
2785 2619 3156 2682 ἀποτίννυσιν,
3204 2620 3358 2690 μένει
3400 2618 3458 2672 δὲ
3510 2619 3761 2690 ἄκαρπος

2170 2709 2282 2764 τῶν
2313 2710 2413 2783 τῆς
2441 2709 2790 2782 δικαιοσύνης
2829 2709 3024 2782 ἔργων.
3074 2711 3134 2765 Ὀ
3165 2711 3220 2764 δὲ
3257 2711 3484 2776 δίκαιος,
3516 2710 3762 2767 πλουτῶν

2173 2805 2231 2857 ἐν
2257 2801 2336 2874 τῷ
2374 2803 2515 2857 κατὰ
2543 2802 2676 2857 Θεὸν
2705 2803 2940 2875 πλούτῳ,
2974 2804 3236 2876 οίκτείρει
3270 2804 3365 2857 καὶ
3391 2803 3622 2876 παρέχει
3645 2805 3762 2867 τοῖς

2171 2894 2467 2966 δεομένοις.
2511 2895 2670 2948 Ἀλλά
2695 2897 2792 2950 καὶ
2825 2898 2875 2950 oi
2893 2896 2991 2949 τὸν
3022 2896 3229 2950 δίκαιον
3254 2894 3601 2965 εὐλογοῦντες
3631 2909 3762 2964 συγ·-

2173 2985 2500 3057 κληρονόμοι
2529 2985 2696 3039 αὐτοῦ
2739 2986 3079 3058 γενήσονται.
3117 2987 3220 3039 Ἢν
3250 2985 3360 3056 γὰρ
3396 2983 3762 3056 ἐπηγγείλατο

2172 3079 2453 3151 ἀνωτέραν
2483 3081 2595 3144 τοῖς
2623 3077 2853 3142 δικαίοις
2877 3077 3241 3150 κληρονομίαν
3283 3081 3310 3132 ὁ
3342 3077 3516 3147 λόγος,
3557 3077 3760 3151 ταύτην

2174 3169 2342 3241 αὐτὴν
2387 3169 2482 3223 καὶ
2529 3171 2643 3234 τοῖς
2687 3168 2970 3237 εὐλογοῦσι
3013 3169 3105 3223 τὸν
3149 3169 3358 3223 δίκαιον
3395 3171 3758 3241 ὑπισχνεῖται,

2176 3261 2487 3326 ἀκολούθως
2517 3261 2595 3334 τῷ
2635 3262 2772 3334 πρὸς
2802 3262 2895 3316 τὸν
2935 3261 3187 3334 Ἀϐραὰμ
3218 3263 3451 3336 χρησμῷ
3491 3265 3755 3336 φήσαντι·

2174 3355 2285 3410 Καὶ
2317 3353 2632 3425 εὐλογήσω
2665 3354 2809 3422 τοὺς
2848 3354 3258 3426 εὐλογοῦντάς
3303 3370 3396 3408 σε.
3431 3356 3502 3409 Τὸ
3535 3356 3612 3422 δέ,
3645 3357 3760 3412 Καὶ

2173 3448 2230 3500 οἱ
2267 3445 2668 3516 καταρώμενοι
2698 3445 2886 3500 αὑτὸν
2915 3447 3550 3514 ἐξολοθρευθήσονται,
3575 3448 3762 3519 ὅμοιον

2173 3535 2242 3591 ἂν
2275 3536 2362 3608 εἴη
2404 3534 2479 3606 τῷ
2507 3535 2822 3607 λελεγμένῳ
2852 3535 2990 3607 πρὸς
3020 3536 3109 3589 τὸν
3152 3535 3402 3608 Ἀϐραάμ
3421 3552 3436 3566 ’
3481 3535 3591 3592 Καὶ
3619 3536 3761 3604 τοὺς

2173 3625 2626 3696 καταρωμένους
2649 3641 2723 3681 σε
2747 3624 3176 3697 καταράσομαι.
3205 3628 3416 3700 Ὥσπερ
3442 3626 3551 3700 γάρ
3581 3630 3610 3681 ὀ
3639 3627 3760 3698 βάλ-

2172 3715 2280 3770 λων
2317 3715 2464 3769 λίθον
2503 3719 2582 3780 εἰς
2617 3716 2749 3787 ὕψος
2779 3717 2872 3770 ἐπὶ
2901 3719 3000 3790 τὴν
3039 3718 3280 3790 κεφαλὴν
3323 3719 3518 3773 ἐαυτοῦ
3551 3719 3756 3791 βάλλει,

2170 3807 2344 3872 οὕτως
2381 3811 2409 3863 ὀ
2439 3809 2710 3879 κατάραις
2740 3809 2949 3880 βάλλων
2974 3810 3065 3864 τὸν
3090 3809 3321 3875 δίκαιον,
3349 3810 3436 3865 διά
3462 3811 3523 3864 τὸ
3555 3811 3630 3884 μὴ
3661 3811 3756 3875 δύο

2172 3901 2369 3955 νασθαι
2398 3901 2642 3974 κατάραν
2671 3901 2921 3955 ἵστασθαι
2942 3903 3063 3956 κατ’
3089 3901 3278 3968 αὑτοῦ,
3299 3904 3759 3976 ἀντιστρέφουσαν

2170 3992 2340 4065 αὐτὴν
2369 3995 2450 4058 είς
2470 3994 2662 4047 ἐαυτὸν
2694 3992 2944 4064 λήψεται.

2239 4083 2407 4152 Παρὰ
2434 4084 2657 4152 Κυρίου
2701 4084 2774 4137 τὰ
2823 4083 3153 4155 διαϐήματα
3200 4085 3514 4154 ἀνθρώπου
3553 4103 3758 4141 κατευ-

2172 4178 2430 4232 θύνεται.
2470 4177 2616 4248 Πρὸς
2661 4180 2774 4242 τοῖς
2819 4179 3132 4251 εἰρημένοις
3174 4180 3268 4233 καὶ
3309 4179 3480 4233 ταῦτα
3523 4180 3756 4254 ὑπάρχει

2167 4268 2247 4340 τῷ
2271 4269 2367 4322 τοῦ
2400 4269 2534 4324 Θεοῦ
2578 4269 2851 4342 ἀνθρώπῳ
2872 4288 2884 4300 ·
2920 4271 3019 4334 τάς
3057 4272 3209 4336 ὁδοὺς
3236 4257 3402 4326 αὑτοῦ
3447 4273 3754 4344 ἐξομαλίζει

2168 4363 2196 4414 ὀ
2229 4360 2379 4426 Θεὸς,
2409 4360 2552 4416 ὥστε
2600 4362 2811 4434 εὐροεῖν
2845 4362 3010 4417 αὑτοῦ
3041 4363 3134 4416 τὸν
3163 4362 3298 4433 βίον,
3341 4364 3435 4418 καὶ
3466 4366 3756 4435 ἀπαραπο-

2167 4450 2363 4516 δίστως
2413 4451 2706 4520 θεοσεϐεῖν,
2753 4455 2984 4526 μηδενὸς
3039 4455 3484 4520 ὑποσκελίζοντος
3530 4455 3619 4510 διὰ
3663 4455 3756 4508 τὸν

484 4552 611 4591 (ωτι
636 4538 728 4607 qui
752 4553 977 4610 gressus
999 4539 1121 4608 ejus
1144 4539 1353 4612 dirigit,
1381 4550 1432 4595 et
1456 4543 1595 4596 uiam
1622 4545 1736 4612 ejus
1760 4544 1913 4613 uolet,
1937 4545 2066 4616 quia

2174 4543 2574 4598 κατευθύνοντα
2619 4545 2783 4599 αὑτοῦ
2833 4545 2902 4600 τά
2939 4546 3273 4619 διαδήματα,
3319 4548 3417 4601 καὶ
3459 4546 3574 4613 τὴν
3610 4545 3756 4601 ὀδόν

483 4630 635 4686 illam
666 4631 1063 4706 approbatione
1091 4631 1312 4704 dignam
1345 4643 1502 4704 parat
1527 4651 1542 4700 ;
1577 4636 1651 4688 ita
1679 4643 1738 4690 ut
1767 4635 1889 4692 ideo
1915 4637 2064 4692 dica-

481 4728 596 4788 tur,
623 4732 673 4776 et
703 4723 840 4776 tiam
867 4724 984 4794 ejus
1011 4725 1166 4780 uolet.
1192 4723 1327 4780 Cum
1354 4726 1598 4781 ceciderit
1621 4746 1725 4782 non
1763 4730 2063 4798 collidetur,

482 4815 610 4884 quia
662 4813 920 4870 Dominus
963 4820 1207 4888 supponit
1248 4837 1463 4874 manum
1507 4837 1683 4878 suam.
1733 4820 1795 4877 Si
1847 4825 2067 4895 quando

483 4906 769 4978 contingat
803 4923 927 4963 eum
958 4910 1066 4964 labi
1103 4921 1156 4965 et
1187 4912 1241 4966 in
1273 4913 1577 4969 tentatione
1601 4915 1820 4982 cadere,
1852 4931 1916 4972 ac
1965 4919 2068 4972 im-

482 4997 796 5068 pingentem
825 5000 881 5054 in
918 5011 1202 5072 peccatum
1228 5004 1526 5075 quodpiam
1555 5023 1734 5071 ruere,
1765 5025 1876 5064 non
1909 5011 2067 5065 colli-

484 5089 646 5144 detur
693 5098 915 5160 tamen;
949 5094 1044 5149 sed
1078 5103 1138 5149 ut
1176 5112 1480 5167 generosus
1519 5100 1743 5166 athleta,
1790 5117 1917 5156 cum
1953 5103 2064 5158 vim

484 5196 780 5252 perpessus
812 5184 1154 5257 aliquantum
1185 5191 1438 5256 cesserit,
1479 5192 1770 5250 confestim
1818 5210 1940 5252 sese
1977 5212 2066 5252 re-

483 5273 670 5347 cipiet.

553 5448 723 5507 Vsus.
753 5450 846 5516 25,
881 5450 976 5507 26.
1029 5451 1225 5508 limior
1266 5454 1366 5519 fui,
1414 5456 1605 5510 etenim
1653 5460 1822 5526 senui,
1873 5471 1920 5515 et
1959 5478 2062 5518 non

481 5545 587 5598 vidi
615 5546 828 5616 justum
855 5545 1184 5615 derelictum,
1217 5566 1309 5605 nec
1336 5566 1508 5606 semen
1541 5550 1658 5622 ejus
1687 5569 1928 5625 querens
1967 5572 2064 5626 pa-

552 5703 595 5734 “
635 5699 772 5760 Gen.
807 5720 908 5772 xu,
945 5705 998 5762 5.
1075 5707 1121 5738 ⁷²
1162 5707 1294 5764 ibid.

552 5848 628 5921 (ι)
667 5847 870 5913 Textu‘s
898 5851 1128 5910 deﬁcere
1158 5857 1388 5913 videtur.

2173 4633 2360 4690 αὐτοῦ
2390 4637 2638 4704 θελήσει
2657 4677 2672 4701 ,
2701 4637 2973 4709 ἀποδοχῆς
3001 4638 3158 4704 ἀξίαν
3190 4635 3474 4691 ποιοῦντα·
3509 4637 3648 4690 ὥστε
3669 4636 3756 4691 λέ·-

2173 4727 2388 4797 γεσθαι,
2419 4729 2529 4783 Καὶ
2562 4728 2678 4797 τὴν
2701 4729 2844 4783 όδὸν
2872 4727 3060 4784 αὑτοῦ
3097 4728 3360 4798 θελήσει.
3397 4731 3574 4803 Ὅταν
3594 4727 3754 4798 πέσῃ

2173 4823 2246 4874 οὐ
2299 4821 2889 4892 καταρῤαχθήσεται,
2951 4821 3036 4877 ὅτι
3068 4823 3287 4890 Κύριος
3361 4819 3756 4890 ἀντιστηρίζὲι

2175 4910 2344 4980 χεῖρα
2383 4913 2591 4966 αὑτοῦ.
2621 4913 2684 4966 Ei
2726 4912 2782 4966 δέ
2828 4912 2920 4966 καὶ
2971 4915 3159 4966 πεσεῖν
3187 4911 3347 4966 αὐτόν
3376 4928 3507 4966 ποτε
3536 4910 3754 4982 ὀλισθή-

2176 5017 2346 5054 σαντα
2391 5005 2595 5076 συμϐῇ,
2640 5005 2736 5058 καὶ
2770 5005 2829 5057 ἐν
2883 5003 3171 5076 πειρασμῷ
3219 5005 3510 5076 γενόμενος
3543 5002 3758 5075 ὀλισθή-

2162 5113 2337 5162 σειεν,
2383 5097 2620 5161 ὀκλάσας
2649 5115 2709 5151 τε
2762 5099 3028 5152 ὑποπέσοι
3065 5097 3171 5152 τινὶ
3223 5099 3598 5171 ἁμαρτήματι,
3639 5095 3755 5150 ἀλλ’

2171 5189 2232 5241 οὐ
2270 5189 2784 5260 καταρῤαχθήσεται
2808 5207 2821 5220 ·
2872 5185 2961 5244 οἷα
3005 5189 3061 5244 δὲ
3093 5192 3339 5260 γενναῖος
3385 5188 3625 5260 ἀθλητὴς
3659 5189 3754 5242 ἐκ-

2174 5279 2415 5344 ϐιασθεὶς
2455 5281 2550 5334 καὶ
2579 5281 2713 5353 πρὸς
2741 5280 2918 5351 ὀλίγον
2949 5279 3154 5346 ἐνδοὺς,
3189 5279 3532 5354 παραχρῆμα
3561 5278 3755 5332 ἐαυτὸν

2173 5373 2524 5446 ἀναλήψεται.

2243 5465 2538 5535 Νεὼτερος
2594 5466 2912 5538 ἐγενόμην,
2977 5466 3074 5520 καὶ
3131 5465 3241 5535 γὰρ
3293 5464 3592 5536 ἐγήρασα,
3652 5462 3751 5516 καὶ

2172 5560 2282 5614 οὐκ
2306 5554 2470 5615 εἶδον
2497 5557 2732 5614 δικαιον
2780 5556 3431 5631 ἐγκαταλελειμμένον,
3485 5554 3629 5614 οὐδὲ
3685 5557 3753 5609 τὸ
