4122 6454
288 391 386 445 553

1404 382 1906 442 (ΣΟΜΜΕΝΤΑΒΙΑ
1951 387 2016 443 ΙΝ
2057 381 2396 445 PSALMOS.

3440 385 3544 447 ’634

291 508 519 577 σπέρμα
547 503 970 574 αὐτουῖὴὶῖοῦν
1025 507 1264 576 ἄρτους.
1334 507 1472 560 Ἀλλ’
1537 513 1600 563 ὲκ
1655 509 1851 563 παίδων

1962 527 2073 566 πρε.
2115 513 2158 564 Α
2187 527 2396 582 puero,
2440 510 2650 581 inquit,
2704 511 2771 566 ad
2826 517 3162 569 senectutem
3192 526 3368 584 usque
3407 513 3546 582 justi

287 601 441 674 μέχρι
508 601 690 670 γήρως
755 599 849 652 τὸν
915 598 1013 653 τοῦ
1073 599 1280 654 δικαίου
1348 602 1854 674 περιεργασάμενος

290 692 414 764 βίον.
451 691 568 744 Ὀτι
594 689 714 744 οὐδὲ
741 684 821 754 εἷς
856 690 1045 760 γέγονε
1071 691 1260 764 καιρὸς
1293 691 1415 745 καθ’
1439 692 1497 746 ὃν
1529 693 1626 766 ἔρη
1637 711 1733 765 μος
1759 713 1856 748 κα-

288 783 621 839 ταλέλειπται
663 785 692 836 ό
740 781 966 846 δίκαιος,
997 783 1085 835 ἀεὶ
1132 783 1190 836 δὲ
1222 783 1491 855 πάρεδρον
1537 785 1627 840 καὶ
1662 785 1856 858 βοηθὸν

288 877 538 946 κέκτηται
581 874 674 927 τὸν
702 872 898 927 ἑαυτοῦ
937 873 1158 944 Κύριον.
1192 873 1281 926 Διό
1315 891 1508 944 φησιν⁸
1559 875 1856 944 Νεὼτερος

283 969 582 1039 ἐγενόμην,
615 966 649 1036 ἦ
696 966 835 1019 κατὰ
873 965 964 1019 τὸν
996 965 1312 1037 Σύμμαχον,
1361 967 1499 1033 νέος
1539 968 1851 1038 ἐγενόμην,

281 1061 427 1117 ἀλλὰ
476 1059 572 1114 καί
602 1057 891 1128 eruption,
927 1058 1024 1112 καί
1054 1061 1166 1114 οὐκ
1207 1055 1370 1113 εἶδον
1411 1058 1646 1114 δίκαιον
1682 1061 1856 1130 ἐγκα-

280 1152 756 1223 ταλελειμμένον,
804 1151 948 1206 οὐδὲ
999 1153 1064 1205 τό
1120 1153 1360 1222 σπέρμα
1406 1153 1593 1208 αὐτοῦ
1641 1153 1856 1222 ζητοῦν

278 1247 508 1315 ὰρτους.
541 1245 650 1298 Καὶ
680 1243 796 1307 πῶς
835 1242 945 1315 γὰρ
973 1239 1084 1297 οἷόν
1115 1263 1173 1299 τε
1205 1241 1274 1316 ἦν
1303 1244 1362 1299 τὸ
1408 1247 1630 1318 σπέρμα
1656 1247 1751 1300 τοῦ
1777 1247 1856 1301 δι-

278 1336 424 1391 καίου
473 1335 655 1400 ἐνδεὲς
697 1335 879 1404 ἄρτων
927 1334 1200 1402 γενέσθαι,
1235 1336 1397 1390 ὁπότε
1443 1336 1604 1398 αὐτὸς
1647 1335 1734 1391 διὰ
1763 1338 1854 1391 τὶν

277 1431 418 1501 παρὰ
465 1429 562 1483 τοῦ
611 1428 746 1482 Θεοῦ
795 1428 1200 1501 χορηγούμενον
1251 1429 1399 1500 αὐτῷ
1427 1429 1656 1484 πλοῦτον
1699 1430 1854 1498 ὅλην·

276 1524 381 1592 τὴν
421 1521 652 1593 ἡμέραν
690 1522 856 1577 ἐλεεῖ
884 1523 982 1576 καὶ
1015 1521 1304 1587 δανείζει;
1336 1525 1570 1596 Νοήσεις
1612 1523 1669 1577 δὲ
1695 1523 1855 1577 τοῦτο

276 1619 407 1671 κατὰ
454 1617 558 1687 μὲν
585 1615 683 1687 τὴν
713 1615 954 1670 διάνοιαν
1007 1615 1216 1688 μαθὼν,
1250 1616 1354 1679 ὅτι,
1396 1615 1634 1670 τάλαντα
1672 1615 1852 1670 λαϐὼν

275 1708 416 1779 παρά
446 1708 547 1763 τοῦ
581 1709 959 1763 οἰκοδεσπότου
998 1710 1093 1763 καὶ
1137 1709 1238 1780 τὴν
1272 1711 1409 1780 μνᾶν
1441 1709 1543 1781 τὴν
1576 1709 1724 1781 παρὰ
1757 1710 1850 1764 τοῦ

274 1803 491 1875 Κυρίου,
540 1806 605 1875 τῇ
651 1803 856 1858 τούτων
901 1803 1100 1876 χρῆται
1142 1804 1500 1876 πραγματείᾳ
1538 1803 1852 1877 πειθαρχῶν

271 1894 342 1966 τῷ
367 1896 603 1966 φήσαντι
622 1913 635 1926 ·
669 1895 826 1950 Ἔδει
857 1911 931 1950 σε
959 1895 1025 1950 τό
1057 1895 1342 1965 ἀργύριόν
1373 1915 1493 1966 μου
1514 1897 1736 1961 βαλεῖν
1766 1900 1853 1964 εις

271 1986 576 2055 τράπεζαν.
628 1987 707 2043 Τὰ
751 1989 926 2059 λόγια
967 1990 1188 2058 Κυρίου
1225 1991 1404 2059 λόγια
1447 1989 1621 2060 ἁγνὰ,
1670 1989 1854 2060 ἀργύ-

269 2095 391 2146 ριον
441 2080 900 2150 πεπυρωμένον,
949 2079 1224 2150 δοκίμιον
1265 2080 1341 2150 τῇ
1395 2080 1493 2151 τῇ.
1548 2083 1606 2134 '0
1673 2083 1853 2136 τοίνυν

269 2173 623 2245 ἀνακείμενος
654 2177 721 2245 τῇ
751 2174 861 2228 τῶν
888 2174 1048 2228 θείων
1080 2177 1312 2247 ἀσκήσει
1338 2176 1532 2244 λόγων,
1561 2177 1652 2230 καὶ
1683 2176 1854 2231 πολλὰ

267 2267 449 2336 λογικὰ
475 2269 742 2340 χρήματα
772 2251 1115 2338 συναγαγὼν,
1140 2268 1293 2323 οὐδὲν
1325 2268 1412 2322 ἓτε
1419 2287 1513 2342 ρον
1539 2265 1648 2324 οἶδε
1680 2272 1852 2343 πράτ-

265 2376 388 2421 τειν,
418 2359 451 2430 ἢ
479 2359 578 2413 διὰ
600 2360 780 2430 πάσης
810 2361 1023 2433 ἡμέρας
1065 2360 1234 2414 ἐλεεῖν
1262 2361 1356 2415 καὶ
1384 2361 1671 2426 δανείζειν.
1695 2362 1851 2416 Κατὰ

263 2454 316 2506 δὲ
357 2453 448 2518 τὸν
509 2452 762 2517 Ἀκύλαν,
797 2452 952 2521 ὅλην
997 2452 1112 2520 τὴν
1160 2449 1391 2523 ἡμέραν
1436 2454 1701 2523 δωρεῖται
1751 2454 1852 2509 καὶ

262 2544 542 2604 δανείζὲιο
583 2547 698 2610 τοῖς
745 2547 842 2618 μὲν
882 2545 1157 2618 δωρεῖται,
1201 2549 1314 2610 τοῖς
1359 2545 1416 2600 δὲ
1456 2543 1686 2613 δανείζει
1713 2564 1728 2578 ο
1782 2547 1850 2602 τά

264 2639 357 2708 μὲν
379 2637 635 2709 δόγματα
675 2637 1008 2710 θεωρήματα
1045 2639 1297 2708 δωρεῖται
1321 2641 1440 2703 ταῖς
1469 2635 1583 2692 τῶν
1611 2639 1851 2711 χωρούν-

261 2747 364 2783 των
389 2731 629 2802 ψυχαϊς·
664 2730 734 2784 τὰ
773 2731 814 2784 δ’
845 2733 904 2785 ὲν
947 2730 1166 2801 ἠθικαῖς
1195 2729 1438 2793 ἐντολαῖς
1479 2731 1732 2795 δανείζει,
1759 2732 1851 2786 ἐπὶ

263 2822 335 2894 τῷ
376 2824 511 2886 τοὺς
547 2823 838 2894 εἰληφότας
868 2822 935 2876 δι’
980 2822 1156 2897 ἔργων
1184 2823 1276 2876 τὸν
1306 2818 1518 2891 καρπὸν
1561 2823 1850 2878 ἀποδοῦναι

267 2914 353 2969 τοῦ
378 2915 598 2978 δάνους.
642 2913 831 2980 Οὕτως
858 2915 1062 2988 ἀκούσῃ
1088 2915 1183 2970 καὶ
1209 2916 1344 2970 Monii
1354 2916 1490 2980 σέως
1520 2917 1852 2986 ἐπαγγελλο-

269 3009 421 3079 μένου
465 3009 585 3072 τοῐς
621 3007 730 3062 τῶν
773 3007 931 3062 θείων
981 3008 1162 3079 νόμων
1205 3007 1460 3077 φύλαξιν·
1501 3007 1582 3071 τὸ,
1624 3009 1851 3074 dar-teis;

266 3099 460 3154 ἔθνεσι
509 3100 786 3168 πολλοῖς,
831 3101 913 3155 σὺ
945 3099 1014 3154 δὲ
1046 3103 1119 3154 οὐ
1153 3100 1360 3154 δανιεῖ.
1392 3101 1504 3154 Καὶ
1544 3100 1734 3154 τοῦτόν
1785 3119 1848 3168 γε

266 3194 350 3248 τὸν
387 3193 593 3268 τρόπον
626 3196 676 3248 oi
712 3194 845 3248 θεῖοι
881 3193 1170 3248 ἀπόστολοι
1207 3193 1478 3258 ὲδάνειξον
1507 3194 1685 3247 ἔθνεσι
1716 3194 1848 3248 πολ-
1876 3225 1920 3284 C

265 3288 388 3357 λοῖς,
419 3286 520 3343 καλ⁵
553 3287 789 3360 μάλιστά
812 3305 877 3357 γε
909 3289 938 3341 ό
967 3286 1204 3350 Παῦλοςο
1241 3287 1334 3340 καὶ
1363 3286 1451 3340 διὰ
1479 3286 1636 3340 τοῦτο
1670 3287 1722 3340 οἱ
1747 3305 1850 3358 μα-

267 3379 614 3453 θητευόμενοι
642 3381 844 3446 αὐτοῖς,
870 3380 1091 3453 σπέρμα
1109 3380 1261 3444 ὄντες
1281 3378 1482 3444 αὐτῶν,
1507 3379 1850 3434 οὐδεπώποτε

268 3471 458 3535 ἐνδεεῖς
487 3467 631 3542 ἦσαν
663 3472 843 3542 ἄρτων
866 3487 881 3502 ο
918 3471 1013 3525 ac:
1047 3469 1114 3541 δὴ
1153 3468 1367 3540 ἔχοντες
1395 3470 1524 3534 τοὺς
1551 3471 1851 3542 χορηγοῦν-

267 3580 360 3627 τας
397 3564 585 3627 αύτοϊς
629 3561 728 3634 τὴν
776 3561 1000 3633 λογικὴν
1039 3560 1264 3633 τροφὴν,
1298 3555 1367 3633 ἧς
1409 3561 1852 3632 μεταλαμῦάνον-

265 3672 370 3721 τες,
421 3655 702 3724 εὐλογίαις
747 3654 1101 3727 ἐπληροῦντο.
1156 3652 1246 3708 Διὸ
1293 3653 1576 3708 λέλεκται·
1622 3655 1733 3708 Καὶ
1782 3655 1850 3709 τὸ

266 3747 500 3818 σπέρμα
538 3748 725 3803 αὐτοῦ
753 3749 842 3815 είς
877 3747 1164 3818 εὐλογίαν
1205 3746 1398 3801 ἔσται.
1429 3746 1541 3802 Καὶ
1585 3747 1726 3801 κατὰ
1761 3748 1851 3817 ψι-

265 3840 356 3913 λὴν
385 3841 441 3895 δὲ
479 3841 582 3912 τὴν
609 3839 773 3905 λέξιν,
807 3839 973 3904 εἴτις
1011 3839 1290 3908 λογίσαιτο
1325 3841 1475 3904 ὅπως
1518 3839 1734 3912 εἴρηται
1772 3839 1850 3911 τῷ

266 3930 472 4006 Σωτῆρι
512 3931 594 3996 τὸ,
625 3934 733 3987 Kal
769 3931 840 3987 ἐν
866 3929 948 3998 τῷ
971 3929 1137 3986 αἰῶνι
1170 3933 1359 3999 τούτῳ
1405 3933 1850 3987 ἑκατονταπλα-

265 4025 436 4078 σίονα
461 4023 746 4094 λήψεται,
777 4024 959 4096 ἔργοις
1001 4041 1062 4078 τε
1106 4025 1292 4089 αὐτοῖς
1324 4025 1580 4080 θεάσαιτο
1611 4026 1848 4100 πληρού-

269 4134 420 4189 μενον
452 4116 552 4171 τὸν
592 4117 750 4186 λόγον
800 4117 890 4171 διὰ
937 4115 1046 4171 τῶν
1099 4117 1266 4172 αὑτοῦ
1334 4118 1612 4189 μαθητῶν,
1658 4119 1848 4189 ὄψεται

267 4207 378 4272 πῶς
398 4211 426 4262 ό
449 4207 664 4272 δίκαιος
686 4207 814 4279 ὃλην
847 4208 944 4281 τὴν
969 4208 1182 4281 ἡμέραν
1205 4208 1348 4262 ἐλεεῖ
1375 4211 1468 4263 καὶ
1494 4209 1748 4274 δανείζει.
1783 4211 1848 4264 El

265 4298 367 4370 γὰρ
395 4299 620 4354 πάντων
645 4299 758 4352 τῶν
786 4299 1152 4354 πιστευόντων
1177 4294 1245 4370 ἦν
1271 4300 1305 4369 ή
1349 4299 1498 4371 ψυχὴ
1531 4301 1625 4355 καὶ
1651 4303 1684 4372 ἡ
1713 4319 1850 4373 καρ-

264 4387 346 4443 δία
397 4390 521 4462 μία,
578 4391 671 4444 καὶ¹
713 4390 887 4454 οὐδεὶς
937 4389 1122 4460 ἔλεγεν
1169 4389 1299 4445 ἴδιόν
1336 4408 1389 4445 τι
1442 4391 1636 4446 ἑαυτοῦ
1684 4388 1845 4455 εἶναι,

264 4481 372 4536 ἀλλ’
406 4479 480 4554 ἦν
505 4483 682 4538 πάντα
722 4486 897 4546 κοινά,
923 4483 1037 4538 ὅσοι
1072 4501 1131 4538 τε
1163 4481 1305 4557 ἦσαν
1335 4485 1517 4558 κύριοι
1547 4487 1846 4557 κτημάτων

1957 603 2124 657 vitam
2153 603 2395 659 studiose
2421 603 2682 674 perpendi
2711 623 2724 660 :
2771 603 2921 658 nullo
2953 604 3158 675 quippe
3186 611 3430 675 tempore
3453 605 3547 675 juo

1958 701 2080 748 stus
2105 694 2394 756 deseritur,
2425 696 2520 750 sed
2553 694 2843 750 Dominum
2895 711 3056 750 suum
3099 711 3318 767 semper
3359 707 3548 752 astan-

1956 794 2065 841 tem
2094 788 2590 858 opitulatoremque
2618 787 2804 844 habet.
2837 787 3019 854 Quare
3061 789 3171 853 ait,
3205 789 3396 859 junior
3434 790 3545 860 fui,

1956 879 2073 934 sive
2101 879 2405 934 secundum
2439 878 2849 951 Symmachum,
2877 881 3087 951 juvenis
3109 882 3210 951 fui,
3239 883 3330 938 sed
3356 885 3507 938 senui
3529 919 3546 951 ,

1953 981 2005 1026 et
2026 989 2129 1026 non
2161 973 2267 1026 vidi
2289 971 2501 1042 justum
2529 971 2835 1026 derelictum
2857 1013 2872 1038 ,
2906 989 2998 1027 nec
3042 989 3216 1027 semen
3246 973 3365 1043 ejus
3401 991 3548 1045 qua!-

1955 1079 2073 1116 rens
2102 1078 2285 1128 panes.
2319 1061 2385 1115 Et
2411 1061 2528 1132 qui,
2561 1077 2770 1132 quaeso,
2795 1071 2978 1132 potest
3001 1062 3138 1132 justi
3169 1079 3356 1120 semen
3386 1079 3548 1136 egere

1954 1156 2212 1227 panibus,
2243 1155 2466 1226 quando
2505 1155 2642 1224 ipse,
2696 1155 2807 1211 Deo
2851 1156 3074 1210 divitias
3117 1157 3222 1212 sibi
3277 1158 3548 1213 submini~

1953 1257 2186 1314 strante,
2221 1257 2334 1304 tota
2357 1247 2443 1302 die
2468 1248 2748 1302 miseretur
2775 1257 2826 1302 et
2856 1250 3202 1305 commodat?
3233 1248 3359 1304 Haec
3382 1264 3548 1320 porro

1953 1343 2229 1414 intelligas
2278 1357 2341 1395 ac
2375 1349 2558 1396 mente
2606 1339 2899 1411 percipias,
2934 1341 2981 1398 si
3013 1341 3308 1398 edidiceris
3364 1343 3548 1412 ipsum

1952 1449 2077 1489 cum
2101 1434 2304 1490 talenta
2333 1449 2361 1486 a
2387 1431 2800 1503 patrel‘umilias,
2829 1440 2884 1488 et
2917 1449 3098 1488 mnam
3130 1449 3161 1489 a
3196 1433 3428 1490 Domino
3455 1449 3549 1490 ac-

1951 1526 2216 1595 cepisset,
2251 1525 2319 1580 iis
2348 1525 2416 1580 ad
2451 1524 2882 1596 negotiationem
2919 1541 3080 1581 usum
3113 1541 3236 1581 esse
3257 1567 3270 1587 ,
3316 1525 3548 1582 Domino

1951 1617 2420 1688 obtemperantem
2464 1617 2539 1671 ita
2569 1617 2857 1687 loquenti:
2897 1618 3146 1688 Oportuit
3181 1627 3228 1673 te
3267 1621 3547 1688 pecuniam

1953 1727 2123 1765 meam
2138 1709 2333 1780 jecisse
2361 1709 2431 1762 ad
2461 1725 2698 1763 mensam
2721 1709 2786 1763 ⁷³.
2823 1709 3050 1780 Eloquia
3073 1709 3310 1776 Domini,
3339 1711 3548 1783 eloquia

1952 1812 2126 1864 casta,
2145 1811 2420 1872 argentum
2442 1801 2561 1871 igne
2589 1802 2976 1866 examinatum,
3001 1802 3284 1872 probatum
3306 1813 3460 1859 terra:
3477 1805 3544 1860 "’.

1886 1874 1926 1932 Β
1955 1894 2220 1964 Quisquis
2251 1894 2419 1964 igitur
2439 1893 2611 1948 divini
2647 1895 2919 1951 sermonis
2943 1897 3209 1952 exercitio
3241 1897 3544 1962 incumbit,

1954 1989 2266 2056 multasque
2319 1983 2675 2040 rationabiles
2718 1983 2938 2041 divitias
2997 1987 3244 2060 colligit,
3301 1987 3350 2043 is
3403 1989 3542 2043 nihil

1954 2079 2102 2134 aliud
2135 2093 2298 2149 agere
2332 2078 2512 2141 novit,
2554 2094 2717 2149 quam
2749 2086 2810 2132 ut
2837 2086 2954 2134 tota
2980 2079 3070 2135 die
3118 2081 3448 2137 misereatur
3492 2092 3548 2138 et

1952 2170 2286 2226 commodet.
2315 2166 2629 2224 Secundum
2656 2169 2933 2240 Aquilam
2970 2187 3102 2227 vero
3127 2212 3143 2236 ,
3190 2182 3301 2227 tota
3333 2172 3418 2229 die
3449 2174 3546 2229 dat

1952 2273 2001 2318 et
2034 2261 2372 2317 commodat:
2400 2262 2524 2318 aliis
2561 2262 2783 2333 quidem
2838 2263 2932 2318 dat
2959 2305 2973 2328 ,
3023 2265 3146 2320 aliis
3179 2273 3361 2321 autem
3393 2282 3548 2320 como

1952 2355 2177 2422 modat;
2210 2355 2464 2426 dogmata
2494 2355 2560 2410 ad
2611 2357 3042 2426 speculationem
3089 2357 3183 2413 dat
3212 2357 3283 2415 iis
3309 2371 3545 2430 quorum

1951 2461 2186 2517 capaces
2217 2448 2412 2502 animae
2442 2456 2601 2513 sunt;
2639 2449 2866 2504 moralia
2906 2458 3176 2522 praecepta
3205 2451 3541 2513 commodat.

1953 2553 2014 2595 ut
2047 2541 2140 2612 qui
2175 2541 2529 2611 acceperint,
2593 2549 2785 2598 mutuo
2823 2543 3035 2612 accepti
3093 2545 3332 2599 fructum
3365 2546 3548 2616 operi-

1951 2634 2056 2691 bus
2083 2634 2334 2690 reddant.
2375 2635 2467 2690 Sic
2497 2635 2690 2690 audias
2723 2633 2965 2706 Moysem
3006 2635 3316 2691 divinarum
3364 2639 3544 2708 legum

1951 2728 2256 2784 cultoribus
2319 2729 2426 2782 hoc
2486 2729 2834 2798 pollicentem
2875 2748 2888 2784 :
2940 2727 3252 2783 Faenerabis
3300 2729 3544 2798 gentibus

1952 2823 2157 2885 multis,
2190 2830 2242 2876 et
2271 2832 2328 2875 tu
2378 2839 2481 2876 non
2536 2823 2687 2892 fenus
2737 2824 2961 2892 accipies
3001 2824 3070 2876 ⁷⁵.
3137 2821 3203 2876 Ει
3249 2837 3316 2877 eo
3354 2824 3545 2892 utiquo

1951 2914 2115 2970 modo
2150 2914 2322 2968 divini
2357 2916 2592 2984 apostoli
2626 2916 2982 2971 fmuerabant‘
3005 2917 3264 2988 gentibus
3308 2904 3498 2972 multis
3525 2958 3543 2982 ,

1951 3007 2298 3076 maximeque
2329 3004 2534 3062 Paulus
2573 3025 2588 3062 :
2635 3022 2808 3077 quare
2853 3008 3115 3079 discipuli
3161 3019 3354 3063 eorum
3381 3048 3397 3072 ,
3441 3011 3537 3077 qui

1953 3115 2142 3156 semen
2181 3101 2424 3170 ipsorum
2467 3109 2647 3163 crant,
2679 3101 2962 3171 nunquam
2997 3102 3229 3171 egebant
3263 3103 3500 3172 panibus
3525 3145 3541 3166 ,

1953 3200 2141 3264 utpote
2167 3193 2370 3263 quibus
2393 3193 2652 3250 adessent
2673 3195 2765 3265 qui
2790 3195 3167 3250 rationabilem
3199 3196 3382 3250 cibum
3406 3207 3543 3265 sup-

1952 3283 2300 3354 peditarent:
2339 3283 2499 3354 cujus
2535 3285 2834 3356 participes
2861 3299 2987 3340 cum
3042 3293 3262 3349 essent,
3320 3285 3544 3340 benedi-

1953 3377 2228 3433 ctionibus
2258 3378 2633 3448 rcplebantur.
2663 3376 3030 3444 Quamobrem
3061 3377 3269 3432 dictum
3303 3388 3387 3432 est
3406 3417 3422 3440 ,
3473 3373 3544 3432 Et

1941 3486 2126 3542 semen
2148 3469 2262 3539 ejus
2283 3471 2340 3524 in
2363 3469 2720 3525 benedictione
2755 3471 2879 3526 erit.
2930 3469 2988 3524 Si
3021 3471 3148 3541 quis
3181 3483 3312 3525 vero
3339 3479 3547 3525 secum

1951 3563 2080 3618 dum
2122 3565 2322 3618 nudam
2371 3564 2659 3619 lectionem
2709 3578 2894 3619 secum
2944 3564 3280 3633 reputaverit
3308 3579 3414 3632 qua
3448 3579 3541 3616 ra-

1953 3655 2101 3710 tione
2140 3671 2170 3708 a
2201 3653 2485 3710 Salvatore
2517 3656 2726 3710 dictum
2757 3658 2863 3721 sit,
2903 3649 2967 3709 In
3009 3655 3105 3710 hoc
3130 3656 3327 3711 atecqu
3361 3662 3543 3710 centu-

1950 3746 2098 3816 plum
2127 3748 2336 3816 recipiet
2365 3747 2433 3810 ",
2460 3763 2686 3818 remque
2735 3763 2901 3818 opere
2939 3763 3038 3819 per
3085 3747 3207 3817 ejus
3238 3748 3544 3818 discipulos

1951 3841 2360 3909 comprobatam
2414 3839 2654 3902 viderit.
2726 3840 2776 3895 is
2831 3855 2965 3895 sane
3014 3839 3385 3910 deprehendet
3432 3857 3543 3908 qun

1950 3940 2115 4001 pacto
2137 3930 2324 4000 justus
2351 3937 2465 3984 tota
2489 3931 2579 3984 die
2609 3931 2937 3985 misereatur
2967 3938 3022 3985 et
3050 3929 3382 3985 commodet.
3405 3929 3540 3984 Nam

1951 4022 1997 4077 si
2025 4022 2269 4077 omnium
2305 4021 2545 4077 ﬁdelium
2576 4036 2674 4077 cor
2699 4037 2869 4077 unum
2907 4029 2964 4077 et
3015 4023 3198 4076 anima
3233 4037 3340 4076 una
3376 4031 3497 4076 erat
3525 4061 3540 4086 ,

1949 4115 2247 4186 nullusque
2278 4115 2496 4170 dicebat
2525 4115 2628 4169 sibi
2661 4116 2793 4184 quid
2823 4115 3106 4184 pr0prium
3137 4129 3284 4178 esse,
3320 4114 3410 4168 sed
3435 4130 3542 4168 om-

1951 4203 2042 4255 nia
2068 4209 2222 4254 erant
2270 4202 2595 4264 communia,
2628 4207 2684 4255 et
2715 4208 2984 4271 quotquot
3013 4214 3366 4270 possessores
3397 4215 3542 4270 prm-

1950 4293 2167 4349 diorum
2197 4303 2376 4358 erant,
2406 4292 2708 4348 vendentes
2739 4294 3018 4363 ponebant
3061 4301 3188 4348 ante
3215 4293 3383 4364 pedes
3411 4308 3543 4364 ape-

1951 4393 2241 4456 stolorum,
2274 4390 2705 4461 dividebantque
2749 4389 2984 4461 singulis
3015 4398 3174 4459 prout
3200 4391 3386 4461 cuique
3411 4404 3540 4456 opus

1947 4494 2062 4538 erat
2091 4483 2171 4546 ";
2207 4481 2560 4537 manifestum
2589 4497 2722 4538 sane
2753 4490 2839 4536 est
2877 4483 3026 4554 ipsos
3061 4491 3176 4536 tota
3204 4483 3293 4537 die
3341 4484 3542 4538 miser-

265 4576 665 4646 πιπράσκοντες
697 4573 944 4630 ἐτίθεσαν
971 4577 1121 4647 παρὰ
1137 4579 1266 4642 τοὺς
1288 4577 1456 4641 πόδας
1485 4577 1592 4630 τῶν
1612 4578 1844 4631 ἀποστό-

1951 4585 2037 4631 ιοε
2068 4590 2193 4631 esse
2217 4582 2272 4630 et
2301 4576 2700 4629 commodasse.

263 4664 384 4729 λων,
415 4666 496 4720 διε
503 4666 723 4738 μέριζόν
740 4684 797 4720 τε
820 4667 1055 4740 ἑκάστῳ,
1089 4668 1277 4723 καθότι
1306 4669 1372 4724 άν
1391 4685 1476 4728 τις
1501 4669 1690 4741 χρείαν
1713 4666 1847 4740 εἶχε⁶
1866 4669 2024 4741 δῆλον
2051 4669 2204 4732 ὅπως
2227 4667 2355 4739 ὅλην
2375 4669 2475 4740 τὴν
2508 4670 2719 4740 ἡμέραν
2745 4661 2890 4721 οὗτοι
2919 4667 3112 4739 ἠλέουν
3131 4668 3226 4722 καὶ
3249 4667 3540 4732 ὲδάνειζον.

333 4785 658 4841 Ἐκκλινον
699 4784 818 4842 ἀπὸ
867 4788 1076 4854 κακοῦ,
1128 4789 1226 4842 καὶ
1279 4790 1541 4858 ποίησον
1591 4787 1837 4861 ἀγαθόν.

276 4873 675 4949 Ἑλευθερὼσας
722 4869 944 4932 σεαυτὸν
993 4880 1173 4952 πάσης
1218 4881 1436 4947 κακίας,
1465 4877 1557 4935 ἐπὶ
1605 4880 1686 4936 eoi
1734 4881 1842 4953 γάρ

265 4969 375 5024 ἔστι
403 4970 582 5035 τοῦτο,
617 4972 711 5025 καὶ
747 4970 1026 5044 βουληθεὶς
1069 4969 1310 5047 δυνήσῃο
1353 4973 1417 5026 οὐ
1463 4970 1569 5045 μὴν
1617 4971 1718 5046 ἤδη
1753 4975 1841 5028 τέ-

265 5060 402 5128 λειος
434 5063 532 5136 ἔσῃ
573 5059 733 5118 τοῦτο
761 5061 994 5137 πράξας,
1021 5067 1068 5119 εἰ
1121 5063 1196 5136 μὴ
1229 5064 1323 5119 καὶ
1366 5065 1426 5119 τὺ
1459 5062 1710 5139 δεύτερόν
1763 5085 1844 5123 σοι

272 5153 464 5226 παρείη
491 5173 503 5188 ο
535 5153 692 5209 τοῦτο
717 5153 759 5209 δ’
789 5155 906 5210 ἐστὶ
932 5153 993 5209 τὸ
1014 5155 1340 5229 ἐργάζεσθαι
1366 5153 1427 5210 τὸ
1453 5151 1674 5226 ἀγαθόν.
1701 5151 1844 5231 Πρὸς

267 5243 372 5316 γὰρ
400 5241 460 5299 τδ
497 5244 571 5316 μὴ
601 5244 852 5299 κλέπτειν
878 5249 1144 5319 προσήκει
1173 5265 1232 5301 σε
1271 5246 1366 5301 καὶ
1394 5243 1503 5301 τῶν
1537 5247 1642 5302 σῶν
1673 5244 1848 5322 ὓπαρ-

266 5337 465 5408 χόντων
511 5342 624 5405 τοῖς
671 5336 945 5412 δεομένοις
988 5345 1265 5396 κοινωνεῖν
1285 5360 1299 5372 ο
1345 5341 1440 5396 καὶ
1489 5339 1624 5416 πρὸς
1663 5341 1724 5398 τὸ
1769 5341 1844 5416 μὴ

267 5429 626 5496 πλεονεκτεῖν,
657 5433 864 5506 ἕτερον,
894 5432 956 5487 τὸ
997 5435 1091 5489 καὶ
1138 5436 1446 5507 εὐεργετεῖν
1488 5439 1613 5502 τοὺς
1647 5437 1840 5510 δεομέ-

265 5539 386 5588 νους
407 5542 422 5556 ο
451 5527 544 5580 καὶ
569 5523 705 5598 πρὸς
727 5525 790 5580 τὸ
817 5527 1016 5592 κακίας
1047 5527 1368 5600 ἀπέχεσθαι,
1397 5529 1457 5583 τὸ
1508 5531 1593 5585 καὶ
1622 5531 1842 5604 ἑτέρους

266 5615 372 5672 ἀπὺ
409 5619 602 5683 κακίας
639 5618 883 5692 ῥύεσθαι.
931 5619 1098 5675 Ἐπὰν
1136 5621 1193 5675 δὲ
1233 5621 1404 5676 ταῦτα
1452 5624 1700 5695 ποιήσῃς,
1736 5640 1839 5678 κα-

267 5706 592 5777 τασκήνου,
639 5710 825 5783 φησὶν,
864 5714 950 5780 εις
989 5712 1175 5768 αἰῶνα
1217 5713 1450 5782 αἰῶνος.
1513 5713 1654 5768 Ἀνθ⁹
1705 5707 1767 5768 οὗ
1815 5717 1844 5770 ὁ

2021 4788 2189 4844 Vsus.
2223 4787 2454 4846 27-29.
2511 4787 2733 4842 Declina
2785 4804 2817 4841 a
2862 4787 3034 4851 malo,
3073 4793 3122 4840 et
3177 4786 3266 4857 [ac
3326 4784 3539 4844 bonum.

1953 4883 2090 4940 Cum
2126 4890 2180 4940 te
2215 4883 2283 4939 ab
2308 4883 2459 4938 omni
2501 4882 2706 4937 malitia
2737 4880 3040 4945 exemeris,
3095 4877 3270 4952 penes
3308 4886 3362 4934 te
3396 4880 3541 4935 enim

1949 4976 2082 5033 illud
2115 4984 2233 5040 est,
2265 4984 2320 5033 et
2354 4973 2400 5032 si
2433 4976 2566 5032 velis
2594 4976 2840 5048 poteris;
2886 4989 2997 5029 non
3031 4973 3248 5038 statim,
3281 4973 3386 5028 hoc
3419 4989 3544 5044 per-

1953 5079 2096 5135 acto,
2135 5067 2412 5141 perfectus
2445 5069 2575 5135 eris,
2604 5067 2707 5123 nisi
2738 5067 2885 5122 aliud
2919 5063 3223 5123 secundum
3268 5055 3541 5130 adfuerit,

1956 5165 2011 5220 id
2037 5169 2149 5226 est,
2198 5171 2258 5218 ut
2293 5161 2465 5218 facias
2495 5163 2724 5218 bonum.
2777 5159 2912 5214 Nam
2975 5163 3350 5237 praeterquam
3395 5160 3543 5232 quod

1956 5253 2128 5310 furari
2186 5267 2296 5308 non
2346 5253 2504 5317 licet,
2551 5251 2806 5306 convenit
2845 5251 3008 5306 etiam
3059 5265 3185 5305 cum
3250 5253 3542 5330 egentibus

1954 5346 2094 5401 bona
2124 5357 2222 5400 sua
2251 5344 2696 5409 communicare;
2730 5357 2794 5397 ac
2825 5349 3192 5413 prtetcrquam
3225 5343 3374 5414 quod
3410 5357 3541 5397 ava—

1950 5453 2071 5492 rum
2106 5452 2230 5493 esse
2263 5451 2370 5490 non
2398 5439 2644 5506 oportet,
2685 5435 2834 5490 aliud
2886 5435 3220 5506 requiritur,
3266 5445 3325 5490 ut
3353 5436 3541 5506 egenis

1952 5528 2218 5586 beneﬁcia
2272 5535 2638 5600 praestentur;
2693 5540 2758 5582 ac
2819 5536 3017 5598 praeter
3069 5529 3456 5584 abstinentiam
3507 5543 3538 5582 a

1951 5623 2133 5687 malis,
2161 5638 2301 5693 opus
2323 5629 2409 5679 est
2436 5631 2488 5678 et
2521 5622 2658 5678 alios
2688 5635 2718 5674 a
2741 5620 2901 5676 malis
2929 5637 3146 5677 eruere.
3175 5620 3311 5676 Cum
3354 5626 3539 5675 autem

1951 5716 2067 5772 htec
2093 5715 2295 5788 egeris,
2328 5714 2600 5782 inhabita,
2657 5713 2867 5786 inquit,
2921 5715 2974 5768 in
3030 5715 3281 5771 iaculum
3333 5715 3537 5771 siccati.

362 5865 409 5897 "
445 5863 575 5924 Luc.
609 5885 738 5935 xu,
774 5869 865 5924 25.
945 5870 990 5904 ⁷⁵
1028 5870 1172 5928 Psal.
1207 5887 1294 5940 xl,
1332 5871 1381 5929 7.
1460 5873 1503 5906 τ’
1542 5869 1700 5930 Deut.
1737 5883 1840 5938 xv,
1871 5871 1924 5932 θ.
2003 5873 2050 5908 ⁷⁸
2080 5870 2271 5931 Matth.
2307 5889 2433 5946 ιιι,
2462 5871 2553 5932 29.
2631 5875 2674 5912 "
2715 5874 2836 5931 Act.
2874 5891 2950 5942 tv,
2984 5873 3174 5930 32-55.
