4122 6454
503 442 608 497 3'55

1171 427 1438 486 susse"
1489 419 1966 482 cassum-uss
1996 413 2146 475 ore.
2191 389 2378 469 PARS
2418 385 2521 469 lu.
2559 441 2630 456 .-
2666 405 3072 464 EXEGETICA.

3649 393 3758 448 336

503 559 612 612 Pro
650 570 758 627 quo
804 552 1165 626 Symmacuus
1197 548 1404 608 edidit,
1459 545 1524 600 Et
1554 517 1783 616 quiesce:
1818 545 1870 598 in
1921 557 2074 597 swcu-
2103 593 2109 604 ,

2212 537 2478 608 ιύμμαχος
2539 533 2787 600 ἐξέδωκε,
2855 527 2965 581 Καὶ
3027 523 3352 595 ήρεμήσεις
3411 521 3510 584 sic
3547 513 3755 568 αίῶνα·

505 647 635 704 lum.
668 608 865 700 hic'te
889 640 1100 698 scilicet
1140 645 1323 693 manet
1369 636 1494 691 ﬁnis
1527 608 1730 690 asterna
1769 635 1898 688 vita.
1947 632 2080 686 Nam

2212 631 2351 686 Τοῦτο
2381 629 2493 700 γὰρ
2521 626 2803 698 περιμένει
2838 639 2898 676 σε
2929 622 2990 675 τὸ
3020 619 3171 682 τέλος
3203 616 3304 686 τῆς
3335 610 3550 668 αἰωνίου

505 754 628 795 cum
662 735 927 790 Dominus
948 733 1115 802 judes
1142 732 1233 792 sit,
1269 737 1415 782 amat
1439 727 1703 798 judicium
1724 768 1739 791 ,
1777 736 1826 780 et
1852 742 1952 780 non
1990 725 2082 778 de-

503 832 761 901 relinquet
796 836 1007 882 sanctos
1036 839 1182 887 suos,
1213 823 1306 878 sed
1340 822 1394 875 in
1440 829 1703 875 aeternum
1736 819 2084 875 conservabit

496 935 623 976 eos.
660 917 856 986 Injusti
903 915 1188 986 punientur
1237 923 1287 968 et
1332 929 1505 968 semen
1540 912 1820 980 impiorum
1872 909 2081 980 peribit.

509 1009 656 1064 Justi
695 1021 871 1063 autem
917 1005 1304 1061 hareditabunt
1355 1013 1590 1068 terram,
1635 1013 1685 1057 et
1721 1001 2087 1056 inhabitubunt

511 1101 566 1154 in
611 1099 862 1154 stt-culum
920 1097 1105 1151 swculi
1155 1112 1310 1166 super
1358 1113 1474 1150 eam
1517 1111 1535 1149 :
1585 1102 1983 1164 consequenter
2021 1093 2086 1147 ad

511 1189 793 1260 praemissa
815 1187 993 1251 docet,
1024 1187 1238 1257 iniquos
1273 1187 1365 1257 qui
1401 1195 1726 1256 praceptqu
1765 1200 1872 1238 non
1903 1199 2089 1239 serra-

512 1282 626 1334 rint
660 1295 875 1350 pinnam
919 1279 1148 1333 daturos
1189 1288 1487 1333 aeternam:
1534 1291 1597 1331 ac
1631 1275 2088 1346 quemadmodum

510 1371 647 1444 justi
697 1387 883 1426 semen
915 1370 970 1425 in
1014 1370 1391 1426 benedictione
1438 1369 1683 1424 futurum
1728 1383 1851 1424 esse
1885 1368 2090 1424 dictum

515 1469 641 1530 est;
685 1461 759 1516 ita
789 1478 962 1517 semen
981 1463 1263 1533 impiorum
1295 1459 1504 1531 peribit.
1540 1458 1680 1515 Justi
1705 1475 1832 1516 vero
1859 1459 2092 1530 promis-

517 1570 635 1610 sam
658 1556 882 1610 mitibus
907 1565 1112 1611 terram
1139 1553 1458 1610 haereditate
1491 1554 1793 1623 accipient,
1831 1563 1886 1608 et
1933 1552 2090 1607 inha-

517 1647 770 1702 bitabuut
795 1648 849 1702 in
884 1663 948 1703 ea
979 1647 1032 1702 in
1068 1648 1327 1703 saeculum
1357 1645 1562 1702 saeculi.
1588 1645 1947 1701 Commodum
1979 1643 2096 1699 haec

519 1739 842 1809 plerumque
892 1754 1074 1794 sermo
1113 1739 1441 1809 pollicetur,
1493 1736 1928 1806 repetitioneque
1976 1751 2100 1807 pro-

525 1831 693 1886 missa
727 1829 1016 1886 conﬁrmat
1049 1851 1062 1886 :
1099 1831 1216 1886 vult
1249 1829 1398 1886 enim
1451 1845 1554 1886 nos
1587 1828 1808 1884 assidue
1836 1827 1904 1884 iis
1934 1827 1989 1882 in
2017 1827 2100 1882 di-

2183 721 2445 797 Κριτικὸς
2467 699 2596 790 γάρ
2628 717 2703 770 ὢν
2735 717 2763 768 6
2802 714 3006 785 Κύριος
3047 705 3248 780 ἀγαπᾷ
3276 705 3497 797 κρίσιν,
3522 699 3618 753 καὶ
3648 699 3762 797 οὐκ

2184 789 2603 887 ἐγκαταλείψει
2649 807 2790 874 τοὺς
2841 805 3050 869 ὁσίους
3095 797 3304 859 αὑτοῦ,
3363 794 3475 850 ἀλλ’
3537 794 3616 856 εἰς
3669 789 3763 844 τὸν

2186 883 2360 960 αἰῶνα
2387 903 2584 964 αὐτοὺς
2613 896 2946 968 διαφυλάξει.
2978 895 3213 961 Ἀνομοι
3241 883 3763 952 ἐκδικηθήσονταε,

2187 998 2284 1052 καὶ
2337 995 2573 1064 σπέρμα
2617 989 2851 1046 ἀσεϐῶν
2902 981 3487 1052 ἑξολοθρευθήσεται.
3544 975 3766 1028 Δίκαιοι

2187 1090 2257 1144 δὲ
2280 1085 2805 1156 κληρονομήσουσι
2837 1081 2952 1149 τὴν
2975 1076 3110 1146 γῆν,
3142 1075 3240 1128 καὶ
3272 1066 3769 1136 κατασκηνώσου·

2189 1195 2294 1236 σιν
2321 1181 2410 1246 είς
2445 1175 2625 1231 αίῶνα
2667 1173 2882 1238 αἰῶνος
2923 1169 3015 1223 ἐπ’
3055 1164 3246 1233 αὐτῆς
3266 1180 3280 1194 ·
3315 1158 3622 1221 ἀκολούθως
3651 1158 3769 1218 τοῖς

2192 1270 2609 1345 προειρημένοις
2651 1263 3044 1351 suamnam
3087 1260 3136 1314 οἰ
3181 1258 3255 1330 μὴ
3289 1255 3350 1318 τὸ
3399 1249 3768 1351 παράγγελμα

2191 1341 2525 1436 φυλάξαντες
2581 1359 2769 1430 ἄνομοι
2821 1341 2984 1425 ’δίκην
3039 1351 3301 1406 δώσουσιν
3359 1346 3576 1402 αἰώνιον
3598 1360 3610 1375 ·
3673 1341 3769 1396 καὶ

2192 1456 2380 1528 ῶσπερ
2411 1454 2506 1508 τοῦ
2546 1453 2756 1506 δικαίου
2789 1449 2848 1503 τὸ
2880 1447 3101 1517 σπέρμα
3143 1445 3222 1506 εἰς
3267 1438 3515 1508 εὐλογίαν
3547 1435 3768 1489 ἔσεσθαι

2193 1547 2432 1616 ἐλέγετο,
2462 1545 2632 1608 οὕτως
2659 1541 2774 1596 τῶν
2805 1537 3039 1594 ἀσεϐῶν
3064 1536 3132 1589 τὸ
3169 1533 3405 1601 σπέρμα
3423 1529 3772 1594 660100981;-

2195 1637 2460 1704 θήσεται.
2485 1637 2548 1688 Oi
2569 1635 2624 1688 δὲ
2653 1633 2850 1686 δίκαιοι
2871 1631 2970 1701 τὴν
2991 1624 3410 1700 ἐπηγγελμένην
3434 1623 3546 1685 τοῖς
3569 1618 3772 1691 πραέσι

2197 1727 2664 1799 κληρονομήσουσι
2693 1723 2816 1794 γῆν,
2852 1722 2946 1775 καὶ
2980 1714 3492 1787 κατασκηνώσουσιν
3525 1713 3582 1764 ἐν
3629 1711 3769 1780 αὐτῇ

2198 1819 2278 1882 εἰς
2305 1817 2474 1871 αἰῶνα
2499 1815 2712 1879 αἰῶνος.
2750 1811 3032 1882 Ἐπίτηδες
3051 1809 3108 1863 δὲ
3131 1806 3300 1862 ταῦτα
3323 1804 3579 1866 πολλάκις
3600 1803 3775 1869 ἐπαγ-

527 1923 631 1976 ctis
659 1923 888 1989 versari,
917 1937 1092 1994 eaque
1125 1922 1396 1987 meditari,
1427 1935 1492 1977 ac
1533 1920 1578 1978 si
1617 1920 1992 1976 rationabilem
2021 1919 2100 1973 ci-

2212 1910 2446 1979 γέλλεται
2477 1910 2506 1962 ό
2543 1907 2717 1976 λόγος,
2750 1903 2980 1976 βεϐαιῶν
3006 1900 3094 1955 διὰ
3127 1901 3227 1972 τῆς
3255 1895 3645 1967 ἐπαναλήψεως
3673 1890 3774 1955 τὰς

526 2014 656 2069 bum
688 2015 1090 2082 manderemus,
1115 2015 1183 2070 ad
1221 2014 1664 2070 distributionem
1698 2012 1867 2084 probe
1893 2025 2098 2067 conco-

521 2109 596 2163 cti
625 2109 682 2164 in
713 2109 894 2164 anima
920 2119 1107 2165 nostra
1139 2107 1266 2164 cibi.

598 2375 766 2433 Vsus.
836 2376 908 2433 30
939 2405 962 2418 ο
999 2377 1092 2432 55.
1159 2374 1233 2430 0s
1285 2374 1426 2445 justi
1495 2371 1836 2428 meditabitur
1891 2369 2103 2438 sapien-

528 2471 680 2532 tiam,
727 2479 777 2525 et
825 2471 1006 2540 lingua
1061 2469 1178 2538 ejus
1237 2469 1476 2538 loquetur
1516 2465 1804 2536 judicium.
1849 2461 1960 2517 Lex
2010 2461 2106 2515 Dei

525 2563 642 2634 ejus
675 2563 729 2616 in
763 2559 919 2616 eo'rde
951 2562 1140 2632 ipsius,
1169 2569 1220 2616 et
1253 2577 1356 2614 non
1386 2557 1868 2629 supplantabuntur
1896 2570 2104 2626 gressus

526 2656 662 2725 ejus.
696 2654 1008 2710 Considerat
1041 2663 1285 2723 peccator
1327 2653 1557 2723 justum,
1587 2659 1638 2704 et
1658 2651 1849 2722 qua’rit
1877 2647 2107 2717 mortiﬁ-

527 2765 651 2802 eare
684 2764 822 2802 eum.
881 2746 1136 2800 Dominus
1183 2753 1360 2799 autem
1401 2761 1505 2798 non
1544 2742 1867 2812 derelinquat
1907 2757 2024 2794 eum
2054 2739 2108 2793 in

527 2840 774 2895 manibus
807 2839 958 2908 ejus,
1019 2855 1108 2893 uec
1161 2837 1436 2892 damnabit
1472 2853 1591 2891 eum
1621 2851 1738 2889 cum
1775 2832 2109 2904 judicabitur

527 2931 631 2985 illi.
675 2929 732 2986 In
759 2930 1132 2987 admonitione
1170 2931 1489 3001 persistens,
1517 2928 1766 2982 hortatur
1794 2941 1892 2981 nos
1920 2933 1980 2980 ut
2023 2923 2111 2994 ju-

530 3023 600 3078 sti
630 3023 975 3078 aemulatores
1026 3024 1232 3084 simus,
1267 3021 1498 3090 ejusque
1531 3017 1756 3073 divitias
1805 3023 2110 3071 enumerat.

530 3114 613 3169 Ad
645 3129 709 3169 ea
737 3113 883 3169 enim
919 3130 1040 3184 qua:
1063 3129 1229 3183 supra
1251 3113 1398 3167 dicta
1437 3119 1588 3176 sunt,
1620 3109 1736 3165 hazc
1765 3109 1990 3178 insuper
2021 3123 2114 3178 pe-

531 3222 632 3263 nes
661 3222 788 3262 eum
837 3215 1005 3274 sunt;
1048 3222 1248 3278 magno
1281 3206 1433 3260 illum
1465 3203 1629 3268 Deus,
1657 3202 1933 3259 hominem
1964 3200 2110 3265 licet,

2203 1999 2543 2071 ὑποσχέσεις,
2589 1998 2736 2070 ἡμᾶς
2778 2012 2838 2048 τε
2889 1991 3211 2064 βουλόμενος
3259 1985 3612 2057 ἐνδιατρίϐειν
3659 1985 3774 2044 soi;

2200 2092 2382 2154 αὐτοῖς
2414 2088 2590 2157 λόγοις
2625 2086 2721 2140 καὶ
2761 2083 3135 2155 καταμελετᾷν
3175 2080 3391 2142 αὐτοὺς,
3419 2075 3619 2129 ὡσανεὶ
3648 2089 3777 2144 τρο-

2201 2180 2307 2252 φὴν
2335 2177 2558 2249 λογικὴν
2593 2174 2967 2248 μασωμένους,
2997 2173 3075 2236 εἰς
3098 2169 3348 2224 ἀνάδοσιν
3370 2167 3467 2238 τῆς
3496 2164 3637 2220 κατά
3676 2162 3776 2234 τὴν

2199 2273 2378 2344 ψυχὴν
2410 2270 2566 2343 ἡμῶν
2593 2267 2873 2338 εὐπεψίας.

2273 2363 2470 2431 Στόμα
2534 2359 2766 2413 δικαίου
2839 2351 3160 2425 μελετήσει
3229 2350 3454 2419 σοφίαν
3483 2386 3499 2412 ,
3569 2346 3666 2400 καί
3736 2345 3776 2413 ή

2205 2450 2454 2522 γλῶσσα
2508 2447 2696 2503 αὑτοῦ
2745 2445 3006 2512 λαλήσει
3052 2445 3275 2522 κρίσιν.
3336 2442 3388 2494 '0
3440 2441 3624 2510 νόμος
3671 2439 3778 2494 τοῦ

2207 2543 2354 2598 Θεοῦ
2394 2542 2581 2597 αὐτοῦ
2607 2543 2676 2595 ἐν
2707 2538 2920 2608 καρδίᾳ
2946 2535 3154 2600 αὐτοῦ,
3180 2519 3280 2589 3ιαί
3311 2535 3423 2604 οὐχ
3450 2534 3777 2588 ὑποσκελι-

2205 2633 2496 2700 σθήσεται
2527 2631 2598 2685 τὰ
2627 2630 2958 2700 διαϐήματα
2977 2627 3183 2682 αὑτοῦ.
3219 2624 3510 2680 Κατανοεῖ
3534 2627 3566 2678 ὀ
3593 2623 3776 2693 ἀμαρ-

2207 2727 2394 2793 τωλὸς
2426 2725 2533 2779 τὸν
2567 2723 2820 2787 δίκαιον,
2851 2722 2950 2775 καὶ
2981 2718 3140 2788 ζητεῖ
3160 2717 3264 2772 τοῦ
3299 2715 3635 2773 θανατῶσαι
3672 2717 3779 2770 αὺ-

2207 2819 2331 2872 τόν.
2389 2818 2440 2870 ’0
2475 2815 2542 2870 δὲ
2571 2817 2781 2884 Κύριος
2819 2815 2891 2868 οὐ
2927 2812 3012 2884 μὴ
3055 2809 3422 2882 ἐγκαταλίπῃ
3463 2807 3650 2862 αὐτὸν
3693 2809 3783 2873 εἰς

2208 2910 2315 2974 τὰς
2338 2906 2538 2976 χεᾷκας
2563 2904 2769 2968 αὑτοῦ,
2803 2901 2928 2956 οὐδ’
2962 2904 3034 2956 οὺ
3064 2901 3150 2971 μὴ
3185 2896 3651 2965 καταδικάσηται
3675 2898 3784 2949 αὑ-

2210 2999 2316 3054 τὸν
2350 2999 2495 3052 ὅταν
2530 2998 2798 3066 κρίνηται
2840 2993 3019 3062 αὐτῷ.
3063 2991 3366 3062 Ἐπιμένων
3394 2993 3458 3062 τῇ
3491 2989 3584 3043 τοῦ
3623 2988 3784 3057 λόγου

2213 3092 2518 3165 προτροπῇ,
2559 3088 2802 3161 ζηλωτὰς
2842 3087 2988 3158 ἡμᾶς
3009 3085 3250 3154 γίνεσθαι
3281 3081 3374 3135 τοῦ
3404 3081 3611 3136 δικαίου
3639 3097 3780 3152 παρ-

2213 3184 2392 3256 ορμᾷ,
2453 3183 2544 3235 τὸν
2587 3178 2813 3234 πλοῦτον
2855 3175 3018 3232 αὐτοῦ
3070 3174 3591 3247 καταριθμούμενος.
3641 3172 3788 3243 Πρὸς

532 3315 761 3356 munere
779 3299 1021 3364 donavit,
1044 3315 1171 3354 cum
1226 3315 1366 3354 verae
1405 3298 1688 3369 sapientia:
1742 3297 2108 3367 cognitionem

2213 3277 2319 3348 γὰρ
2353 3277 2464 3340 τοῖς
2495 3273 2804 3348 εἰρημένοις
2844 3271 2924 3325 ἔτι
2971 3268 3283 3326 καὶταῦτα
3315 3267 3462 3337 αὐτῴ
3489 3265 3787 3338 πρόσεστι·

536 3391 751 3450 indidit.
795 3390 1072 3462 Sapientia
1108 3391 1308 3462 quippe
1352 3397 1437 3446 est
1469 3389 1778 3444 divinorum
1815 3397 1870 3443 et
1920 3388 2114 3442 huma-

536 3499 732 3538 norum
767 3483 1020 3546 scientia,
1053 3499 1150 3552 per
1182 3498 1346 3554 quam
1371 3483 1554 3538 omnia
1589 3485 1729 3536 iacta
1769 3490 1898 3536 sunt
1931 3496 1945 3532 :
1996 3496 2115 3534 om-

536 3577 627 3628 nia
659 3577 860 3644 quippe
891 3575 947 3628 in
982 3574 1248 3644 sapientia
1276 3573 1405 3631 fecit
1433 3574 1498 3629 ⁷⁸.
1537 3573 1742 3644 Estque
1787 3575 1904 3644 ipsa
1929 3613 1944 3637 ,
1969 3571 2112 3644 quod

495 3656 499 3660 ’
538 3667 594 3720 in
629 3665 898 3735 principio
936 3665 1079 3735 apud
1125 3664 1292 3721 Deum
1328 3672 1446 3720 erat
1491 3663 1635 3722 Deus
1691 3663 1961 3729 Verbum,
2021 3679 2118 3734 per

538 3759 685 3831 quod
716 3759 900 3814 omnia
931 3759 1072 3814 facta
1103 3767 1232 3813 sunt
1278 3758 1344 3811 τ’.
1393 3756 1569 3827 Hujus
1605 3757 1788 3828 itaque
1837 3755 2118 3827 sapientia:

540 3864 725 3911 voces,
762 3864 1082 3912 sermones,
1133 3847 1454 3922 disciplinas
1492 3847 1636 3903 Deus
1693 3847 1747 3902 iu
1805 3845 2118 3901 hominibus

540 3941 944 4006 disseminavit,
975 3949 1036 3996 ut
1057 3941 1240 4011 justus
1267 3955 1375 4000 non
1407 3940 1642 4002 otiosus,
1673 3939 1822 3994 iners
1864 3953 1927 3992 ac
1960 3936 2118 3992 bonis

539 4047 750 4087 vacuus
779 4041 966 4100 esset;
998 4032 1094 4088 sed
1132 4048 1238 4088 una
1267 4047 1330 4088 os
1362 4038 1416 4086 et
1463 4031 1866 4086 meditationem
1903 4029 2120 4098 sapien-

541 4127 632 4181 tiae
665 4126 912 4189 haberet,
954 4134 1013 4180 ut
1045 4141 1108 4181 ea
1139 4127 1297 4196 quasi
1330 4126 1539 4182 cmleszi
1575 4139 1709 4180 usus
1730 4138 1893 4186 esca,
1941 4123 2119 4191 primo

541 4219 780 4273 animam
809 4217 1162 4273 conﬁrmaret
1184 4232 1364 4282 suam,
1403 4216 1706 4285 deindeque
1739 4215 1861 4269 aliis
1919 4215 2119 4282 imper-

542 4313 690 4367 tiret.
747 4310 1017 4376 Quocirca
1052 4308 1261 4364 dictum
1309 4316 1428 4374 est,
1470 4306 1543 4362 0s
1597 4305 1735 4376 justi
1779 4303 2121 4358 meditabitur

540 4400 892 4466 sapientiam,
927 4408 977 4453 et
1011 4398 1190 4467 lingua
1221 4398 1335 4467 ejus
1385 4397 1625 4468 loquetur
1653 4395 1938 4466 judicium.
1975 4391 2123 4448 Gna-

541 4507 640 4549 rus
668 4501 850 4548 autem
885 4493 1055 4564 legem
1092 4491 1185 4546 Dei
1218 4491 1556 4562 spiritualem
1583 4505 1728 4552 esse,
1767 4504 1890 4543 cum
1923 4503 2120 4544 secun-

543 4585 673 4640 dum
704 4585 1020 4641 interiorem
1050 4586 1325 4641 hominem
1371 4585 1425 4638 in
1457 4584 1574 4654 lege
1603 4581 1698 4638 Dei
1732 4581 2117 4645 delectaretur,

2216 3367 2542 3440 κεχάρισται
2575 3363 2720 3435 αὐτῷ
2753 3363 2898 3436 μέγα
2927 3361 3096 3432 δῶρον
3123 3363 3151 3414 6
3183 3358 3314 3423 Θεὸς
3351 3355 3620 3428 ἀνθρώπῳ
3650 3353 3791 3418 δντι,

2215 3461 2314 3532 τῆς
2347 3456 2580 3529 ἀληθοῦς
2615 3455 2804 3526 σοφίας
2837 3453 2932 3526 τὴν
2963 3452 3182 3522 γνῶσιν.
3204 3450 3372 3520 Σοφία
3400 3449 3498 3520 μὲν
3534 3446 3641 3518 γάρ
3673 3447 3792 3500 ἐστι

2219 3553 2378 3608 θείων
2425 3551 2520 3604 καὶ
2565 3548 2919 3619 ἀνθρωπείων
2954 3545 3253 3616 ἐπιστήμη,
3291 3542 3386 3597 καὶ
3410 3541 3475 3594 δι’
3516 3534 3583 3612 ἧς
3613 3538 3794 3592 πάντα

2221 3647 2412 3715 γέγονε
2439 3662 2451 3673 ·
2478 3643 2655 3696 πάντα
2682 3640 2791 3712 γάρ
2814 3641 2870 3693 ἐν
2896 3639 3056 3710 σοφίᾳ
3081 3637 3324 3708 ἐποίησε.
3354 3635 3462 3690 Καὶ
3485 3633 3621 3704 αὐτη
3647 3633 3794 3686 ἐστὶν

2218 3741 2247 3792 6
2274 3741 2331 3792 ἐν
2355 3737 2496 3808 ἀρχῇ
2525 3733 2661 3806 πρὸς
2687 3733 2780 3787 τὸν
2803 3731 2934 3785 Θεὸν
2965 3731 3097 3794 Θεὸς
3125 3729 3314 3798 Λόγος,
3339 3727 3406 3782 δι’
3433 3718 3494 3780 οὐ
3523 3727 3590 3779 τὰ
3619 3725 3794 3778 πάντα

2220 3829 2456 3900 ἐγένετο.
2494 3827 2709 3897 Ταύτης
2741 3821 2834 3879 οὖν
2880 3823 3062 3894 φωνὰς
3110 3824 3203 3876 καὶ
3248 3823 3438 3891 λόγους
3490 3822 3584 3876 καὶ
3619 3819 3796 3892 μαθή-

2224 3941 2369 3996 ματα
2397 3925 2440 3976 ιό
2485 3921 2616 3984 Θεὸς
2647 3921 2726 3983 εἰς
2763 3916 3079 3990 ἀνθρώπους
3124 3915 3472 3978 κατεϐάλετο,
3500 3913 3576 3978 ὡς
3606 3913 3672 3967 ἂν
3718 3913 3798 3983 μὴ

2221 4015 2390 4088 ἀργὸς
2422 4012 2508 4085 εἴη
2537 4015 2565 4066 6
2590 4012 2816 4076 δίκαιος,
2846 4009 2978 4081 μηδὲ
3015 4008 3294 4080 ἄπρακτος
3317 4007 3410 4060 καὶ
3437 4006 3641 4078 ἔρημος
3667 4005 3796 4088 ἀγαο

2395 4083 2508 4176 ἔχοι
2555 4103 2611 4157 δὲ
2642 4103 2758 4174 ἀμα
2805 4101 2982 4172 στόμα
3021 4099 3121 4170 τῆς
3167 4099 3420 4172 οὐρανίου
3472 4097 3660 4166 σοφίας
3697 4083 3800 4167 τήν

2225 4199 2484 4272 μελέτην
2524 4192 2592 4269 ἦς
2623 4193 3048 4266 μεταλαμϐάνων
3077 4191 3264 4262 ὥσπερ
3291 4189 3540 4262 οὐρανίου
3566 4188 3798 4260 τροφῆς.

2221 4293 2320 4366 τὴν
2357 4290 2534 4362 ψυχὴν
2576 4288 2789 4360 πρῶτος
2815 4285 2973 4349 αὐτὸς
3003 4283 3353 4354 δυναμοῦται,
3388 4279 3507 4336 εἶτα
3548 4283 3643 4335 καὶ
3675 4279 3800 4333 ἑτέ-

2225 4403 2343 4460 ροις
2389 4385 2633 4456 χορηγεῖ.
2678 4379 2768 4433 Διὸ
2796 4378 3043 4432 λέλεκται
3067 4394 3080 4408 ·
3114 4376 3312 4444 Στόμα
3351 4374 3583 4429 δικαίου
3619 4375 3808 4442 μελεο,

2225 4473 2398 4540 τήσει
2429 4472 2676 4541 σοφίαν,
2709 4466 2870 4549 καλὴ
2897 4465 3144 4536 γλῶσσα
3175 4463 3360 4517 αὐτοῦ
3389 4462 3646 4528 λαλήσει
3678 4463 3800 4530 xpl-

2226 4582 2348 4620 σιν.
2398 4563 2567 4628 Εἰδὼς
2598 4563 2676 4627 δὲ,
2716 4563 2781 4614 6'.
2832 4561 2861 4612 6
2909 4559 3070 4630 νόμος
3115 4556 3210 4610 τοῦ
3251 4555 3384 4610 Θεοῦ
3435 4554 3803 4626 πνευματικός

545 4678 600 4732 in
631 4679 800 4734 corde
822 4679 942 4748 ipso
972 4679 1106 4748 legis
1130 4643 1666 4748 contemplationem,
1694 4683 1748 4730 et
1767 4674 1886 4744 ejus
1911 4643 2109 4744 myste?

2225 4657 2363 4722 ἐστι,
2397 4654 2679 4726 συνήδεται
2710 4653 2768 4706 δὲ
2799 4650 2878 4722 τῷ
2908 4651 3056 4721 νόμῳ
3094 4646 3186 4701 τοῦ
3227 4645 3364 4700 Θεοῦ
3408 4644 3550 4700 κατά
3578 4644 3668 4697 τὸν
3696 4643 3805 4698 ἐσω

543 4772 750 4826 riorum
798 4770 1225 4843 profunditatem
1251 4771 1505 4842 excepit:
1539 4783 1604 4824 ac
1635 4775 1860 4839 propter
1913 4763 2124 4820 exercio

543 4863 807 4917 tationem
856 4861 1171 4933 hujusmodi
1221 4879 1326 4916 non
1373 4858 1855 4931 supplantabuntur
1912 4871 2123 4926 gressus

541 4957 680 5026 ejus,
701 4955 1142 5028 quandoquidem
1174 4970 1400 5026 gressus
1429 4953 1550 5024 ejus
1573 4968 1603 5007 a
1628 4953 1859 5007 Domino
1886 4949 2129 5021 dirigeuo

487 5100 494 5110 .
541 5047 644 5106 dos
677 5065 820 5117 esse,
855 5049 1110 5121 superius
1150 5049 1356 5104 dictum
1393 5055 1499 5104 est.
1541 5047 1697 5114 Quod
1747 5046 1793 5100 si
1832 5045 1970 5100 forte
1999 5059 2129 5116 pec-

541 5151 728 5207 cator,
777 5141 899 5212 ejus
946 5141 1213 5214 profectui
1261 5142 1532 5206 invidens,
1567 5139 1797 5195 insidias
1847 5139 1972 5193 vitae
2005 5137 2126 5207 ejus

544 5235 829 5300 struxerit,
864 5236 1066 5292 stultus
1098 5251 1230 5291 sane
1276 5233 1516 5298 dicetur,
1570 5245 1681 5286 nou
1708 5229 1985 5300 possibilia
2026 5243 2123 5298 ag-

545 5343 791 5399 gressus.
817 5326 954 5381 Nam
997 5343 1228 5399 magnus
1260 5326 1351 5382 ille
1383 5333 1648 5396 patronus
1683 5323 1805 5394 ejus
1842 5338 1945 5376 non
1984 5320 2128 5375 dere-

544 5423 743 5492 linquat
778 5437 896 5474 eum
919 5421 974 5474 in
995 5419 1236 5473 manibus
1259 5418 1373 5488 ejus
1393 5457 1410 5484 ,
1441 5433 1532 5471 nec
1559 5413 1834 5469 damnabit
1862 5429 1979 5467 eum
2008 5427 2126 5465 cum

537 5513 868 5586 iudicabitur
912 5512 1015 5569 illi.
1068 5512 1430 5584 Symmachus
1476 5525 1640 5574 vero,
1689 5505 1800 5562 Nec
1851 5502 2128 5562 damnabit

543 5624 664 5666 eum
703 5609 756 5663 in
777 5606 1007 5678 judicio.

620 5893 667 5927 "
706 5891 853 5950 Psal.
889 5907 1019 5960 cut,
1053 5890 1144 5948 24.
1223 5889 1270 5925 ⁷⁸
1308 5887 1468 5945 Joan.
1503 5905 1553 5953 ι,
1593 5883 1708 5944 ἰοδ.

2227 4748 2534 4821 ἄνθρωπον,
2567 4749 2625 4800 ἐν
2650 4746 2787 4816 αὐτῇ
2823 4746 2888 4814 τῇ
2923 4741 3119 4812 καρδίᾳ
3142 4739 3306 4794 αὐτοῦ
3329 4740 3426 4811 τὴν
3457 4739 3686 4810 θεωρίαν
3711 4736 3804 4790 τοῦ

2227 4842 2392 4912 νόμου
2435 4840 2531 4894 καὶ
2563 4840 2623 4892 τὸ
2649 4838 2809 4908 βάθος
2853 4835 2963 4889 τῶν
2991 4836 3048 4888 ἐν
3089 4831 3238 4903 αὐτῷ
3268 4831 3580 4904 μυστηρίων
3616 4827 3804 4882 ὐποδέ-

2229 4935 2412 4989 δεκται
2436 4949 2450 4964 ·
2481 4931 2569 4985 διὰ
2603 4930 2660 4984 δὲ
2700 4928 2904 5000 ταύτην
2937 4927 3035 4998 τὴν
3070 4926 3301 4996 ἄσκησιν
3329 4926 3440 4992 οὐχ
3478 4921 3805 4976 ὑποσκελι-

2233 5027 2525 5095 σθήσεται
2559 5023 2630 5077 τὰ
2667 5021 2996 5091 mammam
3023 5017 3207 5073 αὐτοῦ
3234 5035 3246 5048 ·
3283 5016 3468 5088 ἐπειδὴ
3502 5011 3652 5085 παρά
3694 5014 3806 5066 Κυ-

2237 5117 2352 5189 ρίου
2381 5114 2450 5170 τὰ
2475 5114 2789 5186 διαδήματα
2811 5111 2974 5166 αὐτοῦ
2998 5107 3437 5170 κατευθύνεσθαι,
3467 5105 3560 5158 καὶ
3589 5102 3676 5156 διὰ
3702 5099 3806 5155 τῶν

2234 5210 2492 5282 ἀνωτέρω
2535 5207 2800 5260 ἐλέλεκτο.
2849 5205 2912 5257 Εἰ
2955 5203 3010 5256 δὲ
3050 5202 3141 5255 καί
3181 5217 3307 5254 ποτε
3338 5195 3653 5271 ἁμαρτωλὸς
3690 5194 3805 5247 διας

2236 5301 2598 5373 φθονούμενος
2633 5302 2700 5370 τῇ
2735 5297 2896 5351 αὐτοῦ
2924 5297 3173 5370 προκοπῇ
3203 5289 3634 5345 ἐπιϐουλεύσειεν
3662 5284 3808 5356 αὐτῷ

2235 5397 2315 5460 εἰς
2349 5393 2598 5456 θάνατον,
2631 5392 2819 5464 ἄφρων
2851 5384 3004 5452 οὗτος
3031 5386 3350 5458 λεχθήσεται
3384 5381 3663 5443 ἀδυνάτοις
3692 5382 3807 5434 ἐπι-

2235 5486 2456 5559 χειρῶν.
2507 5485 2565 5536 ’0
2611 5482 2721 5554 γὰρ
2779 5481 2952 5553 μέγας
3007 5477 3172 5532 αὐτοῦ
3213 5474 3538 5548 ’προστάτης
3593 5472 3666 5555 οὐ
3730 5467 3808 5537 μὴ

2237 5552 2608 5651 ἐγκαταλίπῃ
2655 5552 2844 5628 αὐτὸν
2893 5575 2979 5636 είς
3031 5577 3136 5636 τὰς
3181 5568 3381 5637 χεῖρας
3431 5552 3660 5627 αὐτοῦ,
3685 5557 3809 5614 οὐδ’

2240 5675 2312 5728 οὐ
2331 5671 2417 5742 μὴ
2451 5667 2822 5735 καταδικάσῃ
2847 5667 3034 5720 αὑτὸν
3078 5663 3147 5716 ἐν
3185 5660 3263 5726 τῷ
3302 5659 3608 5729 κρίνεσθαι
3631 5651 3808 5718 αὐτῷ.

2247 5765 2311 5818 Ὅ
2338 5763 2394 5817 δὲ
2429 5760 2744 5833 Σύμμαχος,
2770 5756 2923 5812 Οὐδὲ
2951 5752 3332 5813 καταδικάσει
3367 5747 3739 5818 κρινόμενον.
