4122 6454
287 417 381 467 357
1401 410 1594 467 COMM
1603 409 1843 466 ENTAlll

1945 409 2007 464 IN
2048 409 2387 465 PSALMOS.

284 417 381 473 357

3420 411 3526 466 338

343 527 526 586 Εἶδον
548 529 650 582 τὸν
684 527 873 597 ἀσεσῆ
914 529 1438 599 ὑπερυψούμενον,
1483 528 1580 581 καὶ
1608 526 1843 594 ἐπαιρό-

2024 524 2188 582 νειιε.
2218 524 2406 581 '55-'57.
2457 522 2578 577 Vidi
2617 525 2834 591 impiam
2863 523 3313 594 superexaltalum
3342 534 3392 578 et
3423 525 3528 579 elc-

273 635 455 690 μενον
477 619 560 687 ὡς
589 619 695 684 τὰς
725 617 977 686 κέδρους
1005 617 1112 673 τοῦ
1129 619 1405 673 Λιϐάνου.
1428 618 1615 682 Οὑτως
1639 617 1734 669 ἐπὶ
1747 616 1844 670 τοῦ

279 697 539 780 παρόντος
560 705 648 761 διὰ
678 707 871 778 πείρας
904 707 1220 777 ἐληλυθέναι
1250 707 1346 762 τοῦ
1375 707 1559 770 τέλους
1580 705 1689 761 τῶν
1720 709 1846 762 ἀσε-

277 799 378 855 6ῶν
401 812 600 871 φησιν·
639 799 715 851 Οὐ
769 798 878 870 γὰρ
917 798 974 868 ἐξ
1002 800 1169 870 ἀκοῆς
1207 800 1373 854 πάλαι
1414 799 1546 852 ποτὲ
1578 800 1844 870 γενόμενα

275 891 468 962 ἑτέρων
501 889 766 958 λεγόντων
815 889 1030 960 ἀκήκοα
1053 905 1066 919 ⁸
1135 889 1250 942 ἀλλ’
1281 889 1441 953 αὑτὸς
1487 887 1646 951 εἶδον,
1687 888 1841 960 φησὶ,

275 981 620 1052 βλασφήμους
659 981 860 1052 ἄνδρας
905 982 1000 1034 καὶ
1033 980 1222 1044 ἀθέους
1265 981 1708 1053 θαυμαζομένους
1747 981 1843 1052 μὲν

278 1075 371 1129 ὑπὸ
402 1074 643 1137 πάντων,
683 1073 1082 1144 ἐπαιρομένους
1113 1073 1171 1127 δὲ
1208 1073 1302 1127 καὶ
1335 1073 1698 1144 γαυριῶντας,
1733 1075 1841 1126 oio-

276 1169 458 1237 μένους
504 1183 562 1219 τε
598 1165 924 1229 διαιωνίζειν
957 1167 1014 1218 ἐν
1049 1165 1127 1236 τῷ
1160 1166 1277 1237 βίῳ.
1322 1166 1459 1219 Ἀλλ’
1491 1166 1566 1230 ὡς
1599 1166 1680 1219 ἔτι
1712 1166 1842 1236 παρ’

275 1259 488 1332 ιμαυτῴ
516 1259 890 1331 διελογιζόμην
917 1258 1033 1323 πῶς
1062 1260 1189 1324 οἵδε,
1206 1260 1408 1331 καίπερ
1429 1259 1642 1323 ἀσεϐεῖς
1669 1259 1840 1325 ὄντες,

277 1353 535 1406 τοσούτων
581 1351 942 1423 τετυχήκασι,
997 1350 1246 1423 δεύτερον
1300 1352 1498 1415 αὑτοὺς
1547 1351 1841 1407 θεάσασθαι

272 1441 574 1513 βουκηθεὶς,
629 1443 810 1514 ὲπῇρα
853 1443 978 1506 τοὺς
1013 1442 1355 1514 ὁφθαλμούς’
1391 1443 1441 1496 oi.
1485 1443 1543 1496 δὲ
1574 1445 1676 1498 οὑκ
1702 1439 1844 1515 ἦσαν

269 1532 522 1603 οὐδαμοῦ,
558 1534 783 1603 ἀφανεῖς
805 1533 850 1586 δ’
888 1532 1102 1606 ἀθρόως
1139 1533 1406 1606 ὑπῆρχον.
1444 1530 1576 1588 Εἶτα
1611 1535 1668 1588 δὲ
1699 1534 1843 1606 ἴχνος

269 1625 441 1681 αὑτῶν
481 1627 580 1680 καὶ
616 1626 927 1697 ὑπόλειμμα
971 1625 1253 1697 βουληθεὶς
1303 1626 1624 1680 καταλασείν
1646 1667 1660 1690 ,
1721 1627 1843 1680 οὑδὲ

267 1720 352 1772 τὸν
387 1718 559 1772 τόπον
587 1719 647 1771 ὲν
680 1709 726 1785 ᾧ
768 1719 990 1772 ἑστάναι
1047 1718 1264 1772 ἐδόκουν
1307 1719 1488 1790 εὑρεῖν
1525 1718 1838 1791 δεδύνημαι.

266 1810 460 1881 Διόπερ
494 1809 684 1882 ἐπειδὴ
727 1807 935 1863 τοιοῦτο
990 1817 1056 1862 τὸ
1095 1808 1299 1864 τούτων
1347 1809 1518 1875 τέλος,
1569 1808 1739 1879 φεῦγε
1777 1811 1840 1862 σὺ

1951 627 2129 673 vatum
2186 618 2324 672 sicut
2358 615 2541 671 cedro:
2587 613 2802 681 Libani,
2851 626 2962 673 etc.
3011 616 3104 672 Sic
3157 617 3211 672 in
3270 618 3524 688 praesenti

1951 712 2112 765 finem
2149 724 2211 764 se
2250 709 2547 778 impiorum
2595 708 2935 778 experientia
2982 709 3276 765 edidicisse
3319 725 3526 765 memo-

1951 807 2055 855 rat.
2108 797 2294 870 Neque
2331 801 2475 854 enim
2506 801 2621 854 haec
2651 801 2784 855 olim
2828 812 2978 871 gesta
3019 817 3083 856 ex
3132 802 3362 856 aliorum
3397 817 3528 855 nar-

1950 903 2072 948 ratu
2121 891 2347 947 auribus
2394 893 2622 962 excepi:
2679 892 2775 948 sed
2817 893 2954 962 ipse,
2986 891 3184 963 inquit,
3221 892 3330 948 vidi
3377 892 3526 947 viros

1951 986 2266 1056 blasphema
2295 985 2634 1056 proferentes
2671 994 2724 1042 et
2760 985 2952 1040 atbeos
2979 986 3234 1040 omnibus
3265 986 3318 1039 in
3353 983 3528 1038 admi-

1951 1081 2161 1135 ratione
2204 1078 2456 1142 habitos,
2506 1079 2680 1134 elatos
2731 1086 2784 1133 et
2841 1078 3218 1140 exsultantes,
3271 1085 3528 1147 putantes

1949 1172 2054 1226 sibi
2105 1177 2425 1242 perpetuam
2482 1169 2597 1225 fore
2630 1171 2820 1224 vitam.
2869 1168 2975 1226 Sed
3008 1167 3138 1224 dmn
3187 1183 3400 1223 mecum
3435 1182 3526 1222 reo

1950 1271 2223 1334 putarem.
2269 1262 2546 1333 quomodo
2591 1261 2665 1315 illi
2711 1262 2964 1332 quamvis
3024 1261 3199 1331 impii,
3251 1267 3332 1314 tot
3379 1261 3524 1315 nacti

1950 1358 2091 1412 bona
2129 1365 2348 1421 essent,
2397 1357 2586 1411 oculos
2621 1356 2864 1412 secundo
2897 1355 3126 1420 sustuli,
3161 1364 3220 1408 ut
3275 1359 3526 1407 contem-

1950 1448 2130 1518 plarer
2169 1447 2356 1517 ipsos:
2394 1455 2448 1501 at
2481 1448 2558 1503 illi
2590 1462 2865 1517 nusquam
2899 1454 3077 1511 erant,
3107 1445 3204 1502 sed
3235 1444 3522 1500 confestim

1949 1547 2305 1594 evanuerant.
2364 1538 2570 1594 Deinde
2628 1539 2916 1610 vestigium
2973 1554 3037 1594 ac
3113 1547 3524 1592 monumentum

1948 1642 2138 1683 eorum
2167 1627 2576 1707 deprehendere
2609 1631 2820 1692 volens,
2861 1644 2931 1684 ne
2981 1629 3161 1684 locum
3205 1628 3420 1699 quidem
3469 1627 3524 1687 iu

1948 1735 2058 1791 quo
2079 1721 2300 1775 stetisse
2331 1721 2656 1776 videbantur
2699 1722 2939 1790 reperire
2969 1720 3140 1790 potui.
3188 1719 3528 1788 Quapropter

1948 1816 2076 1882 quia
2101 1811 2228 1868 talis
2253 1827 2442 1868 eorum
2477 1812 2602 1868 linis
2635 1824 2740 1877 est,
2789 1812 2914 1883 fuge
2947 1820 3027 1878 tu,
3058 1811 3348 1881 discipule,
3389 1810 3526 1864 tales

264 1904 291 1957 6
321 1900 768 1972 μαθητευόμενος
792 1901 981 1954 τοῦτον
1005 1900 1112 1954 τῶν
1141 1900 1354 1955 ἀσεϐῶν
1387 1902 1477 1956 τὸν
1498 1901 1720 1974 τρόπον,
1750 1902 1842 1955 καὶ

1949 1905 2239 1975 impiorum
2291 1921 2506 1968 mores,
2551 1905 2712 1962 ablue
2755 1921 2974 1962 onmem
3029 1905 3318 1966 malitiam,
3361 1902 3528 1972 dilige

264 1991 529 2062 ἀπόνιψον
577 1991 674 2063 μὲν
713 1991 908 2046 ἑαυτοῦ
969 1993 1151 2045 πᾶσαν
1193 1991 1414 2055 κακίαν,
1469 1993 1755 2063 ἀγάπησον
1789 1992 1846 2046 δὲ

262 2084 358 2156 τὴν
385 2083 608 2138 εὐθεῖαν
631 2085 769 2138 ὁδόν.
802 2084 970 2138 Μένει
995 2083 1104 2155 γὰρ
1129 2085 1544 2156 ἐγκατάλειμμα
1573 2085 1668 2138 καὶ
1691 2085 1844 2149 ὲλπὶς

263 2175 463 2249 ἀγαθὴ,
495 2177 575 2248 τῷ
609 2177 705 2250 τὴν
747 2178 970 2250 εἰρήνην
997 2178 1092 2231 καὶ
1119 2176 1216 2250 τὴν
1246 2177 1428 2248 φιλίαν
1467 2179 1566 2250 τὴν
1598 2179 1734 2250 πρὸς
1755 2177 1846 2231 τὸν

262 2270 391 2324 θεὸν
421 2271 838 2342 μεταδιώξαντι,
869 2272 962 2326 καὶ
985 2272 1074 2326 διὰ
1100 2271 1258 2325 τοῦτο
1284 2271 1545 2342 είρηνικῷ
1573 2271 1846 2342 ἀνθρώπῳ

262 2365 564 2435 γενομένῳ.
605 2365 762 2419 Κατά
779 2363 834 2418 δὲ
866 2364 958 2417 τὸν
988 2363 1306 2435 Σύμμαχον,
1333 2365 1641 2428 Φύλασσε,
1661 2364 1843 2435 φησὶν,

261 2455 607 2524 ἁπλότητα,
642 2457 741 2511 καί
775 2457 884 2526 ὅρα
910 2456 1076 2522 εὐθὺ,
1106 2456 1196 2510 ὅτι
1215 2457 1344 2511 ἐστι
1381 2457 1691 2527 μέλλοντα
1741 2457 1846 2511 dr-

261 2547 472 2615 θρώπῳ
522 2546 819 2616 είρηνικῷ.

653 2660 942 2715 ΨΑΛΜΟΣ
983 2662 1070 2715 ἸὪ
1109 2661 1306 2714 ΔᾹΥΙΔ
1336 2661 1457 2714 ΛΖ’.

798 2755 900 2819 Εἰς
947 2752 1311 2823 ἀνάμνησιν.

325 2842 532 2910 Κύριε,
570 2839 656 2911 μὴ
705 2840 784 2908 τῷ
819 2841 982 2911 θυμῷ
1019 2857 1138 2896 σου
1176 2841 1432 2912 ἐλέγξῃς
1462 2860 1560 2912 με,
1585 2841 1741 2912 μηδὲ
1769 2842 1844 2911 τῇ

261 2931 405 3003 ἐργσῇ
439 2949 560 2987 σου
601 2932 932 3002 παιδεύσῃς
950 2950 1046 3003 με.
1079 2933 1270 2997 Αὑτοῖς
1302 2935 1509 3004 ῥήμασι
1543 2933 1634 2987 καὶ
1653 2934 1844 2997 αὑταῖς

263 3025 559 3090 συλλαϐαῖς
596 3027 689 3080 καὶ
718 3028 746 3080 6
789 3033 842 3092 ς’
863 3026 1077 3098 ψαλμὺς
1105 3026 1278 3098 τούτῳ
1323 3025 1718 3098 παραπλησίως
1746 3025 1844 3098 ἀρ-

259 3135 430 3187 χεται,
466 3119 558 3172 καὶ
591 3119 661 3172 τὰ
697 3118 859 3172 λοιπά
887 3119 944 3172 δὲ
966 3119 1059 3172 τοῦ
1099 3120 1256 3172 ἕκτου
1285 3123 1397 3183 τοῖς
1431 3122 1488 3173 ὲν
1513 3119 1590 3191 τῷ
1617 3137 1842 3192 προκει-

264 3210 406 3282 μένῳ
441 3209 764 3281 φερομένοις
799 3211 1032 3280 συγγενῆ
1063 3211 1339 3283 τυγχάνει.
1382 3211 1518 3265 Ἀλλ’
1543 3215 1600 3266 ὲν
1635 3213 1732 3283 μὲν
1765 3212 1843 3284 τῷ
1870 3253 1910 3307 C

260 3303 398 3374 Ξκτῳ
415 3304 455 3374 ὴ
484 3303 776 3375 προγραφὴ
794 3306 1064 3376 περιεῖχεν
1083 3321 1096 3334 ·
1131 3307 1233 3371 Εἰς
1256 3304 1322 3358 τὸ
1346 3304 1519 3372 τέλος
1535 3306 1600 3358 ἐν
1631 3305 1842 3376 ὕμνοις

262 3395 411 3463 ὑπὲρ
462 3393 572 3464 τῆς
624 3395 838 3466 ὀγδόης
867 3395 1109 3466 ψαλμὸς
1160 3397 1241 3463 τῷ
1289 3399 1500 3453 Δαυΐὸ·
1567 3403 1624 3454 ὲν
1670 3400 1726 3454 δὲ
1764 3400 1845 3472 τῷ

265 3489 496 3560 παρόντι
524 3487 728 3542 τούτων
758 3489 855 3560 μὲν
876 3488 1049 3552 οὐδὲν,
1080 3489 1239 3560 μόνον
1265 3491 1321 3545 δὲ
1350 3491 1454 3545 τὸν
1475 3493 1726 3563 ψαλμὸν
1767 3494 1846 3560 τῷ

263 3566 449 3634 Aucta
489 3581 576 3647 είς
621 3577 964 3648 ἀνάμνησιν
1009 3579 1296 3636 δέδεικται.
1335 3583 1407 3635 ’Ἡ
1442 3600 1504 3652 γε
1543 3585 1648 3656 μὴν
1681 3602 1847 3656 προσ-

263 3671 403 3745 θήκη
445 3675 499 3744 ἡ,
557 3675 644 3739 εις
673 3672 1036 3743 ἀνάμνησιν,
1081 3673 1255 3727 ἔοικεν
1305 3676 1648 3747 ἀναπέμπειν
1697 3679 1845 3748 ἡμᾶς

263 3765 338 3828 εις
365 3765 470 3837 τὴν
498 3767 554 3817 ὲν
573 3764 650 3836 τῷ
671 3764 816 3836 ἕκτῳ
840 3767 1184 3838 πρργραφὴν,
1207 3765 1338 3820 ὥστ’
1361 3763 1498 3821 εἶναι
1524 3767 1590 3822 τὰ
1603 3769 1845 3840 παρόντα

263 3859 346 3922 είς
367 3858 441 3909 τὸ
468 3855 661 3923 τέλος,
685 3858 800 3920 καὶ,
818 3858 888 3911 ἐν
909 3859 1140 3928 ὕμνοις,
1162 3860 1256 3913 καὶ
1278 3859 1428 3926 ὑπὲρ
1462 3858 1570 3927 τῆς
1591 3861 1807 3930 ὀγδόης
1827 3879 1839 3892 ’

263 3949 484 4002 πάντων
505 3946 615 4018 γὰρ
633 3947 699 4000 ἂν
725 3947 808 4019 είη
827 3947 1027 4002 τούτων
1053 3950 1462 4020 παραστατικὸν
1479 3951 1559 4012 τὸ,
1594 3956 1682 4016 εἰς
1697 3952 1842 4005 ἀνά-

258 4054 513 4110 μνησιν.
567 4039 706 4093 Ἀλλ’
759 4040 883 4094 ἐπεὶ
933 4039 1221 4106 διεξιόντες
1278 4039 1346 4094 τὰ
1379 4043 1435 4094 ἐν
1475 4042 1554 4114 τῷ
1593 4043 1843 4114 summa

266 4129 612 4185 ὑποπεσόντα
640 4131 720 4194 είς
746 4130 846 4201 τὴν
889 4131 1213 4204 προγραφὴν
1251 4133 1570 4204 εἰρήκαμεν,
1611 4136 1698 4201 εὶς
1729 4133 1843 4202 τὴν

264 4221 487 4275 ἐκείνων
537 4219 880 4291 ἀνάμνησιν
939 4222 1034 4276 καὶ
1087 4223 1254 4294 ἡμεῖς
1299 4224 1691 4296 ἀναπέμψομεν
1751 4227 1842 4281 τὸν

264 4313 679 4384 ἐντυγχάνοντα.
703 4315 861 4368 Δοκεῖ
883 4313 938 4368 δέ
963 4332 1052 4385 μοι
1077 4318 1105 4368 ό
1126 4315 1306 4378 Δαυῒδ,
1331 4317 1603 4390 διαφόρως
1625 4321 1684 4371 ἐν
1715 4319 1843 4373 πο).-

263 4401 374 4470 λοῐς
409 4406 538 4476 περὶ
563 4405 657 4460 τοῦ
688 4406 1024 4478 πραχθέντος
1061 4408 1210 4479 αὑτῷ
1240 4409 1529 4482 πλημμελή
1541 4429 1708 4481 ματος
1752 4412 1840 4478 εξ-

261 4495 755 4566 ομολογησάμενος,
794 4497 938 4562 ἰδίως
973 4499 1064 4552 τὸν
1111 4500 1355 4572 παρόντα
1398 4501 1612 4570 ψαλμὸν
1641 4502 1844 4573 ἀφωρι-

1947 1997 2090 2052 viam
2122 2005 2354 2052 rectam.
2396 1997 2614 2052 Manent
2643 1996 2786 2052 enim
2831 1996 3076 2067 reliquiae
3107 2010 3341 2066 spesque
3385 1994 3526 2050 bona

1946 2106 2069 2144 erm
2097 2091 2190 2160 qui
2230 2105 2418 2160 pacem
2450 2089 2863 2160 amicitiamque
2912 2087 3008 2145 Dei
3055 2089 3427 2158 persequitur,
3471 2093 3525 2140 et

1947 2179 2070 2234 ideo
2109 2179 2273 2235 homo
2300 2181 2563 2251 pacilicus
2593 2179 2822 2235 effectus
2848 2186 2952 2234 est.
2998 2177 3315 2232 Secundum
3363 2175 3524 2247 Sym-

1946 2271 2200 2325 machum
2246 2279 2464 2336 autem,
2503 2268 2726 2326 Custodi
2762 2269 3192 2339 simplicitatem,
3243 2267 3439 2338 inquit,
3479 2278 3523 2322 at

1945 2363 2060 2417 uide
2106 2364 2438 2434 (equitatem,
2483 2364 2733 2434 quoniam
2782 2364 2968 2432 futura
3020 2372 3143 2417 sunt
3192 2362 3391 2416 homini
3429 2375 3525 2428 pu-

1944 2453 2117 2523 ciﬁco.

2228 2654 2281 2710 Ι.
2325 2652 2654 2709 PSALMUS
2705 2653 2935 2708 DAVIDI
2973 2651 3239 2708 XXXVII.

2254 2746 2316 2801 In
2348 2750 2838 2802 rememoratiouem
2868 2747 2932 2801 de
2958 2746 3215 2802 Sabbato.

2016 2839 2186 2896 Vsus.
2233 2841 2289 2896 2.
2333 2839 2591 2906 Domine,
2625 2858 2689 2895 ne
2742 2842 2796 2895 in
2827 2841 3010 2910 furore
3051 2848 3140 2893 tuo
3179 2855 3374 2910 arguas
3421 2855 3522 2903 me,

1943 2951 2106 3006 neque
2134 2936 2188 2988 in
2222 2935 2306 2989 ira
2331 2944 2421 2989 tua
2453 2936 2713 3004 corripias
2748 2950 2847 2988 me.
2881 2935 3019 3004 Ipsis
3050 2933 3237 2989 verbis
3282 2933 3527 3004 ipsisque

1944 3026 2174 3099 syllabis
2201 3037 2386 3082 sextus
2415 3043 2636 3098 quoque
2683 3028 2929 3096 psalmus
2965 3027 3173 3097 pariter
3213 3026 3522 3089 inchoatur,

1941 3125 1997 3172 at
2023 3118 2234 3188 reliqua
2267 3132 2389 3187 quae
2419 3117 2473 3171 in
2522 3125 2676 3172 sexto
2721 3123 3068 3187 comparent,
3116 3116 3282 3185 hujus
3329 3115 3520 3186 psalmi

1943 3209 2106 3264 dictis
2140 3207 2317 3262 aﬂlnia
2351 3217 2498 3264 sunt.
2529 3207 2595 3262 At
2633 3209 2687 3262 in
2727 3215 2884 3263 sexto
2916 3209 3129 3278 psalmo
3164 3208 3247 3263 sic
3288 3207 3523 3262 habebat

1945 3301 2233 3372 inscriptio
2267 3321 2279 3356 :
2321 3301 2383 3355 1η
2413 3303 2571 3371 finem
2605 3301 2659 3355 in
2688 3299 2896 3371 hymnis
2927 3309 3022 3370 pro
3064 3310 3250 3355 octava
3284 3301 3523 3370 psalmus

1946 3389 2156 3445 Davidi.
2203 3389 2260 3446 In
2310 3393 2564 3462 praesenti
2599 3403 2780 3447 autem
2835 3393 2975 3446 nihil
3019 3391 3216 3446 horum
3269 3391 3522 3456 habetur,

1945 3483 2038 3538 sed
2073 3482 2360 3548 duntaxat,
2394 3484 2630 3553 psalmus
2667 3482 2894 3548 Davidi,
2930 3484 2985 3537 in
3013 3485 3523 3540 rememorationem.

1947 3574 2059 3630 Hoc
2100 3591 2266 3647 porro
2296 3576 2730 3631 additamentum
2751 3615 2766 3639 ,
2803 3577 2856 3630 in
2888 3577 3377 3631 rememorationem
3399 3616 3413 3640 ,
3443 3575 3526 3630 vi-

1945 3669 2104 3723 detur
2131 3685 2231 3724 nos
2261 3669 2327 3722 ad
2367 3669 2562 3740 psalmi
2599 3670 2739 3725 sexti
2777 3670 3191 3742 inscriptionem
3225 3669 3521 3732 remittere,

1947 3761 2021 3814 ita
2058 3767 2116 3812 ut
2147 3774 2270 3830 quae
2297 3759 2410 3828 jam
2440 3759 2496 3814 in
2526 3759 2780 3815 manibus
2815 3768 2965 3824 sunt,
2997 3761 3050 3814 in
3085 3760 3264 3830 finem,
3297 3759 3352 3812 in
3380 3758 3528 3829 Itym-

1944 3853 2048 3917 m's,
2073 3864 2122 3906 et
2149 3868 2244 3920 pro
2277 3861 2460 3906 octava
2489 3850 2634 3906 dicta
2675 3852 2780 3908 sint
2805 3870 2820 3919 ;
2851 3868 2978 3908 nam
3019 3853 3134 3908 haec
3157 3851 3342 3906 omnia
3369 3867 3525 3922 repe-

1944 3955 2060 3999 tere
2093 3953 2146 4000 et
2173 3945 2461 4001 declarare
2486 3946 2702 4000 videtur
2734 3945 2890 4008 illud,
2931 3946 2984 3998 in
3013 3943 3520 3999 rememorationem.

1945 4035 2143 4094 Verum
2172 4038 2301 4108 quia
2335 4053 2459 4091 cum
2495 4045 2708 4093 sextum
2751 4037 3020 4108 psalmum
3078 4037 3520 4106 explanaremus.

1943 4144 2065 4198 qua:
2110 4129 2524 4200 inscriptionem
2565 4130 2888 4200 spectabant
2937 4127 3333 4198 explicavimus
3359 4168 3372 4191 ,
3423 4143 3524 4184 nos

1944 4236 2161 4291 quoque
2193 4221 2249 4274 in
2289 4223 2780 4276 rememorationem
2825 4235 3014 4276 eorum
3045 4220 3302 4274 lectorem
3339 4221 3524 4275 remit-

1943 4322 2144 4369 temus.
2167 4313 2400 4369 Videtur
2430 4329 2596 4386 porro
2631 4314 2764 4368 mihi
2790 4313 3071 4377 Davidem,
3098 4327 3224 4366 cum
3255 4313 3309 4367 in
3336 4313 3524 4368 multis

1943 4406 2042 4461 abs
2078 4423 2137 4462 se
2169 4414 2546 4477 perpetratum
2581 4405 2797 4461 facinus
2828 4406 2980 4460 varie
3031 4403 3322 4460 confessus
3354 4415 3522 4468 esset,

1943 4497 2090 4552 hunc
2145 4498 2250 4552 sibi
2315 4499 2586 4569 psalmum
2638 4497 2858 4569 proprie
2924 4497 2978 4551 iu
3035 4496 3524 4550 rememorationem

265 4587 420 4640 κέναι
451 4585 631 4659 ἑαυτῷ
675 4590 764 4656 εὶς
789 4589 1150 4660 ἀνάμνησιν,
1177 4591 1252 4654 ὼς
1284 4592 1371 4645 ἀεὶ
1395 4593 1490 4646 καὶ
1519 4592 1608 4647 διὰ
1641 4593 1840 4657 παντὸς

1945 4590 2280 4660 seposuisse,
2321 4592 2396 4645 ita
2438 4599 2499 4644 ut
2547 4606 2674 4645 eum
2729 4604 2950 4660 semper
2983 4589 3036 4643 in
3073 4603 3168 4644 ore
3227 4587 3414 4650 ferret,
3457 4602 3525 4642 eo

264 4678 450 4750 φέρειν
483 4677 614 4733 αὑτὸ
653 4679 758 4733 ἀνὰ
786 4681 983 4752 στόμα.
1040 4681 1356 4753 Κεχρῆσθαι
1417 4681 1474 4734 δὲ
1526 4682 1678 4754 αὑτῷ
1719 4685 1840 4738 ἀντὶ

264 4769 478 4842 ὲταρδῆς
504 4772 597 4824 ἐπὶ
626 4771 892 4845 θεραπείᾳ
938 4773 1036 4842 τῆς
1073 4772 1238 4826 αὑτοῦ
1282 4773 1482 4844 ψυχῆς.
1538 4775 1841 4848 ’ἱκετηρίαν

265 4862 392 4932 γοῦν
423 4864 734 4936 ἀναπέμπει
779 4865 856 4936 τῷ
889 4865 1026 4936 Θεῷ,
1053 4866 1120 4918 δι’
1154 4863 1222 4939 ἧς
1253 4866 1590 4938 ἀποστρέφει
1621 4869 1719 4939 μὲν
1744 4870 1842 4941 τὴν

265 4955 432 5028 ὀργὴν
454 4957 551 5028 τὴν
581 4959 713 5011 πᾶσι
734 4960 847 5022 τοῖς
873 4959 1276 5031 ἁμαρτάνουσιν
1298 4962 1703 5033 ἐπηρτημὲνην,
1730 4962 1843 5016 ίλά-

266 5061 453 5103 σκεται
483 5048 539 5102 δὲ
577 5049 670 5102 τὸν
701 5050 904 5118 ἀγαθὸν
939 5049 1140 5120 Κύριον
1169 5055 1287 5116 ταῖς
1319 5053 1435 5124 μεθ’
1470 5055 1839 5126 ὑπερϐαλλού-

268 5151 366 5209 σης
407 5140 843 5212 ἐξομολογήσεως
891 5145 1113 5212 φωναῖς.
1158 5145 1345 5212 Λέγων
1390 5144 1480 5198 δέ·
1515 5148 1714 5216 Κύριε,
1751 5146 1837 5217 μὴ

269 5229 345 5295 τῷ
380 5230 544 5300 θνμῷ
589 5247 707 5287 σου
747 5233 1003 5304 ἐλέγξῃς
1022 5253 1120 5303 με,
1153 5235 1214 5288 οὑ
1253 5237 1342 5290 τὸν
1371 5236 1591 5309 ἔλεγχον
1635 5258 1838 5312 παραι-

269 5325 456 5380 τεῖται.
515 5323 650 5378 ἀλλά
695 5326 786 5378 τὸν
821 5327 958 5396 μετὰ
997 5327 1165 5398 θυμοῦ
1191 5344 1205 5358 ο
1236 5329 1356 5382 οὑδὲ
1391 5329 1454 5382 τὸ
1485 5331 1838 5403 παιδευθῆναι

269 5414 475 5482 φεύγει,
515 5415 650 5469 ἀλλά
668 5417 729 5470 τὸ
763 5419 899 5488 μετά
926 5419 1094 5490 ὀργῆς
1116 5434 1130 5449 ·
1161 5418 1293 5472 ὡσεὶ
1324 5422 1418 5473 καὶ
1461 5423 1629 5494 ἰατρῷ
1654 5440 1738 5488 τις
1771 5425 1840 5480 τὰ

268 5503 351 5556 διὰ
400 5505 672 5579 καυτῆρος
727 5509 821 5562 καὶ
885 5509 1102 5580 σιδήρου
1153 5513 1249 5564 καὶ
1293 5515 1504 5585 πικρῶν
1550 5517 1839 5572 ἀντιδὸτων

271 5597 625 5668 προσφέροντι
656 5599 980 5672 βοηθήματα
998 5601 1090 5654 ἐπὶ
1115 5603 1384 5677 θεραπείᾳ
1407 5608 1608 5674 πάθους
1629 5610 1842 5664 ὑποκεί-

272 5699 425 5751 μενος
456 5685 634 5758 λέγοιο
666 5689 756 5761 Μὴ
783 5689 871 5743 διὰ
899 5691 1066 5761 πυρός
1095 5710 1159 5763 με
1190 5695 1554 5770 θεραπεύσῃς,
1589 5701 1724 5771 μηδὲ
1752 5701 1838 5754 διὰ

273 5773 482 5848 σιδήρου
512 5779 608 5833 καὶ
637 5781 841 5852 τομῶν,
899 5783 1034 5836 ἀλλά
1066 5784 1152 5839 διὰ
1178 5786 1355 5855 ἠπίων
1398 5790 1492 5843 καὶ
1521 5792 1837 5862 πραοτὲρων

274 5870 590 5939 φαρμάκων.
632 5874 688 5926 '0
717 5875 822 5944 γὰρ
855 5876 1095 5942 τοιοῦτος
1135 5879 1193 5932 οὑ
1257 5879 1354 5947 τὴν
1403 5881 1696 5950 θεραπείαν
1735 5885 1832 5952 ἀρ-

1947 4700 2080 4740 usus
2111 4684 2268 4754 quasi
2303 4683 2664 4738 delinimcnto
2714 4682 2783 4736 ad
2831 4680 3094 4737 medelam
3152 4681 3348 4735 anima:
3387 4697 3519 4736 suae.

1946 4773 2412 4846 Supplicationem
2447 4774 2631 4844 itaque
2673 4771 2784 4828 Deo
2817 4772 3039 4837 emittit,
3066 4787 3173 4841 qua
3218 4773 3354 4828 iram
3397 4774 3523 4842 qui—

1942 4865 2064 4922 dem
2111 4867 2470 4937 peccantibus
2523 4866 2784 4921 omnibus
2843 4866 3242 4936 impendentem
3289 4865 3523 4928 avertit,

1945 4959 2280 5029 vocibusque
2307 4960 2523 5015 eximia:
2562 4959 2932 5015 confessionis
2981 4960 3182 5013 bonum
3233 4957 3524 5012 Dominum

1941 5059 2240 5127 propitium
2273 5055 2378 5110 sibi
2421 5055 2574 5109 facit.
2614 5057 2752 5111 Cum
2789 5070 2920 5110 vero
2954 5053 3050 5116 ait,
3091 5053 3343 5119 Domine,
3378 5071 3442 5108 ne
3469 5055 3526 5108 in

1941 5149 2120 5218 furore
2159 5156 2248 5200 tuo
2297 5161 2496 5216 arguas
2551 5161 2665 5208 me,
2725 5162 2833 5199 non
2889 5145 3368 5215 reprehensionem
3429 5144 3527 5200 dc-

1940 5246 2173 5302 trectat,
2208 5238 2306 5294 sed
2355 5255 2480 5293 cum
2523 5238 2711 5292 furore
2754 5235 3142 5306 coniunctam;
3183 5253 3362 5308 neque
3399 5251 3526 5290 cor-

1940 5331 2247 5402 reptionem
2278 5329 2442 5400 fugit,
2478 5331 2734 5386 sed-cum
2785 5330 2867 5383 ira
2915 5328 3118 5385 editam
3146 5347 3162 5383 :
3195 5345 3260 5385 ac
3307 5329 3355 5384 si
3399 5342 3526 5398 quis

1942 5425 2158 5479 medico
2190 5438 2287 5493 per
2317 5421 2688 5486 adustiouem,
2726 5420 2933 5476 ferrum
2965 5431 3020 5476 et
3051 5421 3250 5476 acerba
3282 5419 3523 5474 remedia

1944 5512 2188 5567 levamen
2216 5511 2394 5566 morbi
2431 5511 2680 5567 offerenti
2730 5509 3018 5580 subjectus
3045 5511 3230 5567 dicat:
3282 5508 3361 5564 Ne
3391 5501 3522 5563 milii

1943 5604 2144 5674 ignem,
2175 5618 2244 5659 ne
2277 5602 2502 5667 ferrum,
2533 5619 2602 5660 ne
2626 5606 2912 5660 sectioucs
2932 5601 3003 5658 ad.
3038 5603 3305 5659 medelam
3332 5602 3525 5656 adum-

1941 5711 2092 5760 veas,
2137 5695 2234 5751 sed
2286 5695 2468 5750 dulcia
2523 5696 2852 5767 mitior-aque
2893 5696 3170 5754 remedia:
3219 5695 3346 5750 talis
3375 5695 3522 5750 enim

1941 5790 2107 5844 homo
2133 5803 2239 5844 non
2271 5791 2608 5846 curationem
2641 5793 2850 5855 abnuit,
2894 5791 2987 5848 sed
3025 5789 3299 5846 duriorem
3331 5791 3512 5860 opitu-

1942 5887 2089 5944 landi
2123 5887 2416 5947 rationem.
2467 5885 2801 5959 Plerumque
2848 5897 3026 5946 autem
3060 5888 3318 5954 diximus,
3382 5889 3518 5944 iram
