4122 6454
491 409 598 464 379
1147 404 1411 461 EUSEBII
1443 403 1916 461 CAESARIENSIS
1953 401 2102 459 OPP.
2144 393 2324 454 PARS
2359 377 2456 446 ιιι.
2503 431 2571 444 ..-
2597 403 3004 460 EXEGETICA.
3641 408 3747 458 5&0

490 533 544 578 et
571 523 811 577 iurarem
849 521 939 576 Dei
971 522 1023 576 in
1056 521 1319 577 divinitus
1347 523 1567 578 traditis
1599 501 1922 593 Scripturis,
1951 537 2060 576 non
2095 528 2118 582 Α

2115 534 2132 584 λ
2162 525 2351 582 νεῖται,
2375 513 2516 574 ἀλλὰ
2544 521 2636 574 τὸν
2665 522 2922 575 ἐπίπονον
2971 519 3170 591 τρόπον
3207 517 3315 570 τῶν
3367 517 3743 588 βοηθημάτων.

490 613 660 667 animi
692 621 876 669 motus
900 614 954 668 in
989 613 1098 669 Deo
1124 616 1458 686 signiﬁcare,
1487 629 1612 669 nam
1645 614 1713 669 ab
1737 614 1806 668 iis
1832 627 2065 667 vacuum

2169 611 2437 673 Πολλάκις
2469 611 2526 664 δὲ
2578 611 2810 683 εἴρηται,
2841 611 2917 674 ὼς
2955 610 3092 681 ὀργὴ
3123 608 3219 663 καὶ
3241 608 3411 678 θυμὸς
3433 607 3567 662 Θεοῦ
3595 608 3749 677 λεγό-

491 706 705 762 Numen
748 717 862 775 est;
895 709 990 762 sed
1022 725 1120 778 per
1168 711 1579 765 translationem
1626 709 1741 763 haec
1793 707 1967 762 solent
2010 707 2065 760 in

2171 721 2310 777 μενά
2363 707 2422 758 ὲν
2472 707 2592 768 ταῖς
2621 703 2994 766 θεοπνεύστοις
3050 703 3292 773 Γραφαίς
3321 702 3382 753 οὐ
3429 700 3577 773 πάθη
3620 701 3748 772 περὶ¹

493 797 784 870 Scriptura
827 801 1128 863 nominari,
1163 801 1622 870 quemadmodum
1679 800 1845 864 oculi,
1881 814 2066 865 aures,

2167 797 2257 848 τὸν
2289 796 2426 849 Θεὸν
2455 797 2730 876 σημαίνει,
2765 795 2967 858 παντὸς
2998 793 3106 866 γάρ
3143 794 3347 857 πάθους
3377 793 3655 864 ἀλλότριον
3686 795 3748 848 τὸ

494 907 713 953 manus,
747 892 923 962 digiti,
957 893 1123 963 pedes
1153 905 1203 949 et
1235 895 1444 965 reliqua
1480 895 1755 948 membra:
1798 909 1920 964 quae
1954 892 2069 960 ipse

2167 887 2324 941 Θεϊον
2343 905 2357 918 ο
2393 888 2534 941 κατά
2567 887 2875 958 μεταφορὰν
2907 887 2963 939 δὲ
2995 887 3063 940 τὰ
3082 885 3308 940 τοιαῦτα
3335 885 3523 940 εἴωθεν
3549 887 3749 957 ὀνομά-

494 983 813 1038 hominibus
862 985 1072 1040 utiliter
1119 985 1434 1054 dispensat,
1489 986 1800 1039 auditorum
1858 984 2070 1053 simpli-

2171 976 2286 1042 ζειν
2303 982 2331 1032 δ
2347 980 2446 1050 τῆς
2475 980 2698 1050 Γραφῆς
2726 978 2899 1046 λόγος,
2930 977 3005 1042 ὼς
3027 978 3122 1030 καὶ
3149 976 3460 1048 ὀφθαλμοὺς
3475 976 3634 1040 Θεοῦ,
3655 979 3748 1031 καὶ

491 1074 643 1128 citati
674 1089 733 1129 se
780 1083 1174 1145 attemperans.
1213 1076 1305 1131 Sic
1355 1077 1524 1148 igitur
1570 1077 1806 1130 inﬂictas
1860 1090 1926 1128 ex
1973 1075 2069 1128 Dei

2170 1064 2285 1124 ὦτα
2341 1071 2434 1124 καὶ
2493 1073 2682 1140 χεῖρας
2713 1069 2807 1123 καὶ
2858 1067 3176 1132 δακτύλους,
3214 1068 3310 1120 καὶ
3357 1067 3526 1130 πόδας
3552 1068 3646 1121 καὶ
3674 1066 3748 1120 τά

486 1162 698 1232 judicio
766 1167 1126 1234 peccantibus
1178 1183 1409 1237 poenas,
1465 1183 1587 1238 qua:
1640 1183 1772 1222 sane
1828 1167 2071 1221 molestae

2169 1163 2332 1218 λοιπά
2381 1162 2517 1232 μέλη
2536 1179 2549 1192 ο
2601 1161 2743 1232 άπερ
2793 1160 2870 1224 ὼς
2922 1159 3058 1232 πρὸς
3105 1159 3420 1231 ἀνθρώπους
3463 1159 3750 1231 χρησίμως

492 1251 811 1321 acerbzeqne
845 1255 1179 1324 patientibus
1209 1265 1360 1321 sunt,
1395 1257 1552 1328 quasi
1583 1273 1650 1312 ex
1683 1259 1763 1310 ira
1798 1267 1850 1310 et
1886 1257 2071 1312 furore

2169 1258 2552 1325 οἰκονομεῖται,
2580 1251 2889 1321 συγκατιὼν
2915 1255 2981 1323 τῇ
3011 1251 3119 1305 τῶν
3160 1252 3522 1324 ἀκροωμένων
3554 1254 3749 1322 νηπιό-

493 1337 736 1396 invectas
767 1342 1075 1399 adumbrat.
1123 1343 1238 1399 Hoc
1292 1350 1476 1416 itaque
1522 1346 1681 1401 docet
1736 1362 1897 1402 sacer
1925 1349 2072 1418 Apo-

2169 1363 2314 1416 τητι.
2351 1345 2536 1408 Οῦτως
2573 1341 2665 1398 οῦν
2705 1344 2799 1397 καὶ
2831 1342 2931 1407 τὰς
2971 1344 3314 1414 ἐπαγομένας
3349 1344 3618 1416 τιμωρίας
3637 1347 3749 1408 τοῖς

492 1433 669 1488 stolas
710 1433 936 1499 dicens,
991 1434 1291 1490 Secundum
1339 1449 1516 1494 autem
1578 1439 1835 1493 duritiam
1884 1450 2068 1506 tuam,

2171 1438 2546 1508 ἁμαρτάνουσι
2566 1436 2708 1490 κατά
2734 1435 2869 1490 Θεοῦ
2891 1436 3092 1507 κρίσιν,
3114 1435 3442 1505 σκυθρωπάς
3465 1434 3751 1500 obeas-xui.

489 1533 542 1578 et
570 1525 898 1592 impenitens
927 1543 1038 1590 cor,
1073 1528 1405 1584 thesaurizas
1456 1531 1549 1585 tibi
1585 1532 1724 1584 iram
1757 1532 1812 1584 in
1838 1532 1924 1586 die
1950 1533 2066 1596 έναι,

2171 1529 2428 1598 ἀλγεινὰς
2456 1531 2570 1592 τοῖς
2611 1529 2931 1598 πάσχουσιν,
2961 1528 3160 1582 ὡσανεὶ
3181 1526 3240 1591 ἐξ
3269 1528 3439 1598 ὀργῆς
3458 1526 3552 1581 καὶ
3574 1527 3749 1598 θυμοῦ

491 1625 542 1670 et
569 1617 901 1671 reuelationis
919 1619 1056 1687 justi
1077 1619 1275 1688 judicii
1309 1621 1428 1686 Dei,
1462 1623 1551 1692 qui
1585 1623 1764 1676 reddet
1793 1624 2072 1694 unicuique

2173 1621 2522 1691 ἐπαγομένας
2550 1620 2939 1674 ὑποτυποῦται.
2979 1615 3146 1674 Τοῦτο
3175 1619 3305 1688 γοῦν
3330 1619 3568 1673 διδάσκει
3594 1621 3689 1674 καὶ
3721 1624 3751 1674 ὁ

492 1715 780 1768 secundum
811 1732 968 1784 opera
1013 1717 1127 1786 ejus
1150 1719 1195 1749 ⁸⁸
1223 1738 1236 1772 :
1274 1733 1338 1772 ac
1369 1719 1415 1774 si
1449 1720 1575 1789 quis
1595 1719 1850 1775 inductas
1881 1735 1911 1773 a
1955 1720 2072 1790 lege

2176 1713 2321 1785 ἱερὸς
2349 1713 2670 1776 Ἀπόστολος
2693 1712 2897 1780 λέγων·
2931 1715 3090 1766 Κατὰ
3124 1711 3194 1764 δὲ
3223 1711 3338 1779 τὴν
3362 1711 3753 1780 σκληρότητά

491 1803 783 1860 homicidia
825 1821 1039 1876 poenas,
1078 1807 1215 1861 iram
1261 1823 1326 1864 ac
1367 1809 1605 1865 furorem
1645 1811 1915 1882 appellet;
1959 1827 2068 1867 non

2173 1819 2290 1856 σου
2307 1802 2406 1856 καὶ
2432 1803 2837 1872 ἀμετανόητον
2848 1803 3096 1871 καρδίαν
3111 1801 3482 1870 θησαυρίζεις
3515 1804 3752 1869 σεαυτῷ

491 1893 636 1962 quod
665 1911 853 1950 revera
887 1897 971 1952 lex
1005 1899 1082 1952 ira
1108 1910 1162 1953 et
1193 1898 1378 1954 furore
1418 1901 1770 1970 corripiatur,
1804 1900 1899 1956 sed
1921 1903 2066 1972 quod
2098 1890 2119 1944 Ῑ

2122 1891 2138 1944 ι
2168 1895 2356 1964 ὀργὴν
2367 1895 2437 1946 ἐν
2455 1894 2642 1964 ἡμέρᾳ
2655 1893 2837 1964 ὀργῆς
2849 1894 2946 1948 καὶ
2961 1895 3400 1962 ἀποκαλύψεως
3413 1895 3512 1948 καί
3526 1893 3750 1949 δικαιο-

494 1987 542 2041 is
565 1987 659 2056 qui
689 1989 1017 2059 supplicium
1044 1991 1168 2053 iuit,
1202 1991 1442 2048 inﬂictas
1467 2008 1654 2063 ptenas
1685 2010 1785 2064 pro
1815 1996 1894 2048 ira
1933 1995 2069 2065 legis

2169 1989 2407 2057 κρισίας
2418 1986 2524 2041 τοῦ
2543 1986 2710 2049 Θεοῦ,
2727 1987 2794 2052 ὃς
2805 1985 3099 2041 ἀποδώσει
3115 1985 3349 2053 ἑκάστῳ
3359 1987 3506 2040 κατὰ
3525 1985 3596 2040 τὰ
3605 1987 3752 2056 ἔργα

490 2074 710 2130 habeat.
743 2075 862 2131 Jam
898 2094 1030 2134 vero
1074 2079 1295 2148 maligni
1346 2096 1564 2150 quoque
1613 2080 1930 2145 daemones,
1975 2081 2068 2150 qui

2168 2079 2354 2134 αὐτοῦ
2376 2097 2392 2112 ο
2415 2079 2490 2142 ῶς
2520 2079 2574 2131 εί
2601 2096 2685 2140 τις
2719 2078 2930 2140 καὶτὰς
2950 2079 3013 2130 ἐκ
3052 2077 3144 2130 τοῦ
3162 2077 3325 2148 νόμου
3342 2078 3418 2148 τῷ
3443 2077 3753 2150 ἀνδροφόνῳ

492 2170 884 2238 suppliciorum
913 2171 1094 2241 impiis
1124 2172 1399 2225 illatorum
1424 2172 1660 2227 ministri
1687 2181 1835 2234 sunt,
1855 2187 2068 2228 necnon

2169 2172 2381 2240 ὲπηρτη
2390 2169 2556 2238 μένας
2577 2168 2821 2230 κολάσεις
2836 2167 3003 2239 ὀργὴν
3042 2169 3135 2221 καὶ
3152 2169 3320 2240 θυμὸν
3341 2168 3596 2240 ὀνομάζοι
3611 2185 3623 2198 ·
3649 2171 3749 2223 οὐκ

489 2262 723 2317 virtutes
761 2261 855 2316 Dei
913 2263 1294 2330 administris,
1345 2265 1426 2318 ira
1473 2275 1526 2320 et
1577 2267 1730 2320 furor
1779 2274 2065 2320 vocantur.

2169 2261 2383 2332 άληθῶς
2398 2259 2490 2314 τοῦ
2506 2260 2672 2328 νόμου
2687 2259 3027 2330 θυμουμένου
3058 2262 3152 2314 καὶ
3175 2261 3551 2332 ὀργιζομένου,
3578 2261 3671 2315 τοῦ
3691 2263 3751 2316 δὲ

490 2351 694 2408 Eodem
745 2355 908 2410 modo
959 2356 1027 2410 de
1079 2357 1266 2415 decem
1313 2358 1490 2428 plagis
1535 2367 1726 2412 contra
1781 2358 2068 2430 [Egyptios

2168 2353 2528 2424 κολαζομένου
2550 2353 2718 2425 ὀργὴν
2745 2354 2838 2408 τοῦ
2863 2355 3028 2424 νόμου
3047 2356 3146 2426 τὴν
3171 2357 3440 2427 τιμωρίαν
3460 2355 3726 2426 ύπειληᾳό
3740 2391 3753 2398 -

490 2443 756 2500 immissis
779 2447 988 2502 dictum
1023 2456 1127 2510 est,
1167 2447 1320 2503 Misit
1361 2451 1416 2504 in
1445 2467 1532 2504 eos
1565 2451 1798 2520 furorem
1827 2460 1876 2504 et
1906 2452 2065 2513 iram,

2167 2468 2278 2514 τος.
2289 2451 2425 2521 Ἤδη
2438 2450 2495 2503 δὲ
2509 2449 2604 2503 καὶ
2617 2449 2668 2502 oi
2687 2447 2783 2511 τὰς
2799 2447 3046 2512 κολάσεις
3065 2448 3468 2519 διακονούμενοι
3484 2448 3623 2502 κατά
3641 2449 3751 2502 τῶν

487 2533 868 2593 immissionem
907 2554 999 2607 per
1029 2542 1240 2609 angelos
1267 2541 1437 2596 malos
1460 2543 1528 2596 ⁸¹.
1571 2542 1666 2596 Sic
1715 2545 1938 2597 dextera
1974 2543 2067 2600 Dei

2169 2543 2379 2597 ἀσεϐῶν
2413 2545 2636 2615 πονηροὶ
2663 2543 2934 2613 δαίμονες,
2967 2543 3025 2594 αῖ
3055 2559 3114 2594 τε
3145 2542 3475 2612 ὑπηρετικαὶ
3489 2541 3751 2612 δυνάμεις

489 2621 751 2679 dicuntur
801 2627 940 2682 bona
991 2645 1087 2697 per
1127 2629 1384 2684 dexteras
1441 2631 1723 2702 bonasque
1769 2641 2069 2702 potestates

2167 2636 2262 2689 τοῦ
2279 2636 2413 2690 Θεοῦ
2428 2638 2483 2689 αἱ
2499 2635 2717 2699 τοιαίδε,
2729 2635 2866 2706 ὀργὴ
2878 2636 2972 2687 καὶ
2987 2633 3049 2686 θυ
3058 2634 3154 2704 μδς
3171 2632 3752 2704 ὼνομάσθησανΜῦτω

488 2710 669 2782 dignis
700 2714 1138 2772 subministrata.
1174 2716 1458 2788 Supplicat
1503 2721 1688 2790 itaque
1724 2721 1916 2786 David,
1944 2739 2012 2778 ne
2038 2738 2068 2776 a

2169 2726 2299 2795 γοῦν
2347 2727 2562 2798 εἴρηται
2611 2729 2667 2779 ὲν
2707 2725 2786 2796 τῷ
2826 2725 3085 2796 περὶτῆς
3113 2724 3457 2796 δεκαπλήγου
3481 2725 3581 2794 τῆς
3624 2727 3745 2776 κατ’

490 2803 760 2872 malignis.
773 2808 1140 2875 potestatibus
1160 2818 1515 2880 coarguatur,
1532 2828 1710 2882 neque
1727 2813 2071 2871 immissione

2169 2816 2481 2884 Αίγυπτίων
2527 2814 2859 2887 ἐπαχθείσης
2893 2816 3037 2886 λόγῳ
3081 2816 3175 2868 τό*
3225 2814 3613 2868 Ἀπέστειλεν
3654 2814 3746 2866 ἐπ’

487 2896 806 2964 angelorum
852 2899 1098 2954 tristium
1149 2903 1527 2971 corripiatur;
1583 2905 1679 2960 sed
1736 2907 2070 2966 salutaribus

2169 2906 2391 2972 αὐτοὺς
2421 2907 2612 2976 θυμόν
2637 2907 2737 2961 καὶ
2763 2905 2968 2976 ὀργὴν,
2985 2905 3343 2972 ἀποστολὴν
3367 2905 3442 2959 δι’
3477 2904 3749 2974 ἀγγέλων

488 2984 693 3049 verbis,
713 2987 1048 3057 utilibusque
1077 2987 1406 3061 disciplinis,
1427 3000 1481 3047 et
1511 2994 1620 3048 alio
1639 3009 1856 3064 quoque
1883 2995 2067 3062 modo,

2170 2997 2466 3066 πονηρῶν.
2517 2997 2671 3054 Οὕτω
2716 2995 2866 3069 δεξιά
2915 2996 3162 3050 λέλεκται
3220 2995 3354 3049 Θεοῦ
3407 2995 3477 3048 τά
3515 2995 3605 3048 διά
3639 2994 3748 3048 τῶν

489 3086 643 3146 rcgat
669 3093 738 3132 ne
768 3089 1018 3135 servetur
1048 3083 1115 3137 ad
1147 3083 1291 3139 diem
1337 3085 1432 3141 iraa
1455 3095 1509 3142 et
1539 3088 1889 3142 revelationis
1932 3089 2070 3158 justi

2168 3089 2357 3156 δεξιῶν
2412 3090 2508 3142 καὶ
2567 3089 2785 3158 ἀγαθῶν
2816 3088 3094 3158 δυνάμεων
3142 3092 3254 3152 τοῖς
3285 3087 3456 3153 ἀξίοις
3485 3087 3749 3160 χορηγού-

484 3165 682 3236 ittdicii
716 3169 836 3238 Dei,
863 3173 956 3228 sed
980 3174 1093 3242 jam
1134 3175 1186 3230 in
1223 3178 1481 3246 praesenti
1520 3179 1628 3233 vita
1655 3188 1710 3234 et
1757 3188 1885 3234 ante
1920 3196 2068 3236 mor-
2094 3232 2112 3252 ί

2121 3233 2134 3250 ,
2173 3197 2327 3249 μενα.
2387 3180 2638 3238 Ἰκετεύει
2700 3181 2874 3234 τοίνυν
2928 3184 2956 3236 ὁ
2997 3179 3158 3234 Δαυῒδ
3213 3180 3290 3252 μὴ
3343 3179 3436 3240 διά
3493 3179 3749 3250 πονηρῶν

491 3269 600 3321 tem
631 3271 853 3330 peccata
877 3264 1047 3330 elnat,
1083 3231 1246 3339 quod.
1267 3268 1456 3338 utique
1479 3277 1676 3324 nactus
1697 3277 1802 3324 est.
1840 3269 1906 3324 Et
1938 3286 2068 3326 vero
2092 3231 2119 3289 ί

2121 3233 2134 3287 ³
2168 3231 2835 3350 ὲυᾴάιᾎευᾷᾲίᾲέγέθῆᾲᾷέζ
2857 3231 3105 3346 mgis.
3157 3231 3458 3344 ἀτέοὲτολῆξ
3499 3231 3749 3340 ἀγγέλων

488 3351 704 3408 videtur
729 3369 947 3423 poenam
991 3355 1230 3427 dedisse,
1263 3373 1361 3428 per
1407 3360 1747 3415 calamitates
1775 3370 1900 3415 ante
1947 3361 2068 3416 obi-

2171 3364 2512 3442 σκυθρωπῶν
2561 3365 2947 3437 παιδευθῆναι·
2991 3366 3079 3419 διά
3115 3365 3289 3434 λόγων
3339 3365 3396 3417 δὲ
3441 3363 3746 3436 σωτηρίων,

489 3451 604 3498 tum
627 3445 731 3515 ipsi
761 3446 961 3510 illatas,
989 3456 1048 3504 ut
1073 3465 1138 3506 ex
1164 3447 1476 3520 Regnorum
1499 3450 1728 3506 historia
1751 3451 2065 3509 didicimus.

2169 3457 2261 3510 καὶ
2299 3457 2634 3527 μαθημάτων
2677 3459 2975 3534 ὠφελίμων
3015 3459 3108 3516 καὶ
3155 3457 3328 3521 ἄλλως
3372 3456 3432 3511 δὲ
3480 3456 3750 3510 ἀντιϐολεῖ

487 3533 608 3594 Alia
652 3550 872 3606 quoque
915 3538 1128 3598 ratione
1159 3539 1226 3598 de
1285 3557 1344 3597 se
1399 3542 1515 3613 ipse
1557 3557 1749 3611 poenas
1792 3546 2067 3620 sumpsit,

2173 3548 2248 3620 μὴ
2275 3549 2578 3620 τηρηθῆναι
2618 3551 2699 3613 είς
2749 3552 2962 3622 ἡμέραν
3009 3551 3179 3621 ὀργῆς
3212 3551 3306 3609 καὶ
3349 3548 3749 3618 ἀποκαλύψεως

487 3623 618 3678 dum
653 3641 712 3680 se
753 3627 808 3685 in
853 3629 1021 3682 variis
1062 3630 1431 3694 confessionis
1464 3634 1640 3692 modis
1680 3634 2068 3693 aiﬂicﬁonibus

2170 3641 2266 3694 καὶ
2312 3641 2708 3713 δικαιοκρισίας
2750 3643 2843 3695 τοῦ
2896 3641 3054 3704 Θεοῦ,
3095 3642 3194 3713 ἠδη
3236 3642 3292 3694 δὲ
3333 3639 3580 3694 ἐντεῦθεν
3606 3640 3748 3693 κατά

487 3714 718 3775 dedidit.
751 3714 865 3772 lloc
900 3727 1060 3789 pacto
1096 3721 1262 3782 etiam
1295 3723 1537 3793 loquitur
1567 3743 1578 3786 ς
1618 3722 1674 3777 Si
1701 3725 1833 3795 quid
1873 3742 2066 3798 perpe-

2169 3731 2259 3787 τὸν
2293 3733 2535 3802 παρόντα
2565 3734 2676 3805 βίον
2704 3735 2809 3810 πρὸ
2833 3735 2931 3805 τῆς
2962 3729 3220 3804 τελευτῆς
3248 3733 3652 3790 ἀπολούσασθαι
3679 3734 3749 3788 τά

488 3809 653 3872 travi,
677 3825 786 3880 quo
807 3811 1006 3880 dignus
1045 3812 1148 3868 sim
1182 3813 1274 3882 qui
1301 3830 1330 3866 a
1361 3815 1549 3870 furore
1573 3831 1811 3886 arguar;
1839 3826 1893 3871 at
1926 3820 2066 3875 resi-

2169 3821 2572 3892 άμαρτήματα·
2617 3825 2710 3883 καὶ
2755 3823 2910 3899 ἔτυχέ
2962 3841 3023 3892 γε
3068 3823 3162 3882 τοῦ
3213 3823 3436 3881 σκοποῦ.
3492 3823 3749 3876 Φαίνεται

488 3899 709 3969 piscens
739 3914 872 3972 rogo
904 3909 960 3954 ut
996 3917 1026 3960 a
1057 3903 1244 3967 verbo,
1274 3919 1384 3958 non
1427 3921 1457 3958 a
1505 3906 1690 3966 furore
1734 3923 1968 3979 arguar;
2007 3919 2060 3964 et

2164 3913 2295 3982 γοῦν
2326 3913 2481 3987 δίκην
2509 3915 2780 3980 δεδωκὼς,
2807 3915 2873 3968 δι’
2897 3909 2971 3971 ὧν
3001 3915 3167 3969 ἔπαθε
3200 3915 3304 3986 πρὸ
3343 3915 3441 3984 τῆς
3467 3913 3746 3983 τελευτῆς,

489 4004 521 4048 a
556 3989 826 4058 doctrina,
855 4009 965 4054 non
1000 3995 1068 4048 ab
1093 3995 1173 4049 ira
1201 3997 1488 4067 corripiar.

2163 4005 2238 4069 ὼς
2277 4009 2340 4060 ὲκ
2389 4008 2491 4078 τῆς
2547 4009 2781 4081 ἱστορίας
2828 4009 2934 4064 τῶν
2983 4009 3278 4064 Βασιλειῶν
3325 4007 3744 4079 μεμαθήκαμεν.

490 4081 600 4175 Καὶ
625 4081 799 4147 ἄλλως
859 4083 911 4136 δὲ
960 4087 1120 4151 αὐτὸς
1173 4087 1362 4142 ἑαυτὸν
1416 4093 1737 4162 ἐτιμωρεῖτο
1801 4094 2080 4158 παντοίαις
2139 4099 2454 4154 ὑποϐάλλων
2505 4101 2810 4162 κακώσεσιν
2863 4103 2920 4160 ὲν
2967 4105 3077 4164 τοῖς
3143 4102 3240 4171 τῆς
3299 4100 3738 4175 ἐξομολογήσεως

488 4172 728 4244 τρόποις.
775 4176 883 4268 Καὶ
942 4177 1115 4242 ἄλλως
1163 4180 1221 4240 δέ
1261 4197 1456 4252 φησιν·
1486 4185 1536 4236 εί
1593 4183 1903 4254 πέπρακταί
1970 4205 2056 4260 μοι
2093 4193 2331 4246 τοιοῦτον
2393 4196 2479 4264 ἐφ’
2507 4191 2588 4259 οἷς
2636 4196 2784 4262 ἀξιον
2847 4195 2953 4252 ὑπὸ
3015 4193 3188 4265 θυμοῦ
3228 4172 3572 4268 ἐλεγχθῆναι,
3611 4189 3750 4244 ἀλλά

487 4278 550 4406 ἔε
595 4267 948 4416 μετανοέσοές
988 4270 1290 4346 παρακαλῶ
1331 4273 1436 4325 ὑπὸ
1477 4273 1654 4342 λόγου,
1702 4276 1795 4330 καὶ
1851 4277 1926 4352 μὴ
1980 4279 2084 4340 ὑπὸ
2122 4282 2294 4354 θυμοῦ
2338 4285 2679 4357 ἐλεγχθῆναι,
2714 4287 2808 4340 καὶ
2863 4286 2968 4340 ὑπὸ
2997 4267 3483 4349 διδασκαλίας,καὶ
3517 4284 3593 4354 μὴ
3642 4280 3746 4334 ὑπὸ

522 4373 658 4416 ργης
694 4377 790 4414 παι
825 4379 884 4414 ευ
921 4380 1062 4416 ηναι.
3745 4410 3746 4416 η

520 4373 658 4430 ργης
694 4373 1062 4433 παιδευυηναι.

560 4475 728 4533 Vsus.
759 4479 812 4533 5.
851 4478 1113 4544 Quoniam
1157 4485 1363 4554 sagitta:
1413 4495 1518 4540 tua:
1553 4487 1733 4555 inﬁmae
1755 4499 1876 4546 sunt
1915 4491 2062 4546 mihi.

2243 4494 2364 4546 Ὅτι
2383 4493 2454 4546 τὰ
2473 4492 2631 4559 ,ϐέλη
2670 4507 2786 4546 σου
2825 4488 3208 4559 ἐνεσεάγησάν
3243 4507 3363 4558 μοι.
3413 4490 3470 4541 '0
3502 4489 3601 4559 μὲν
3636 4487 3745 4560 γὰρ

490 4568 772 4642 Siquidem
819 4575 1022 4630 athleta
1065 4575 1189 4640 Job,
1221 4579 1406 4632 omnia
1456 4583 1821 4637 tentationum
1861 4599 2063 4654 genera
2097 4571 2118 4624 ί

2118 4571 2141 4624 )
2167 4584 2405 4655 ἀθλητὴς
2447 4583 2584 4648 Ἰὼϐ,
2620 4584 2902 4646 παντοίους
2929 4581 3226 4653 ὑπομείνας
3261 4581 3619 4651 πειρασμοὺς,
3645 4580 3746 4633 οὐκ

489 4678 802 4732 perpessus,
838 4681 948 4719 non
980 4667 1262 4737 ignorabat
1300 4669 1568 4725 undenam
1603 4672 1717 4727 haec
1750 4674 1853 4728 sibi
1881 4674 2066 4728 eveni~

2171 4677 2356 4748 ἠγνόει
2393 4677 2553 4731 πόθεν
2581 4676 2729 4748 αὐτῷ
2761 4677 2908 4730 ταῦτ’
2945 4677 3152 4744 ἐγίνετο
3173 4693 3186 4706 ·
3217 4674 3296 4727 διὸ
3335 4673 3547 4742 ἔλεγενο
3585 4671 3743 4740 Βέλη

487 4760 631 4819 rent,
679 4768 849 4823 quare
875 4753 1094 4809 dicebat
1127 4775 1140 4810 :
1186 4755 1412 4827 Sagittae
1450 4760 1590 4813 enim
1646 4760 1861 4815 Domini
1897 4764 1950 4816 in
1978 4780 2066 4818 ore

2173 4772 2281 4840 γὰρ
2317 4770 2538 4838 Κυρίου
2569 4769 2639 4822 ἐν
2667 4768 2744 4835 τῷ
2772 4769 3022 4838 στόματί
3039 4767 3156 4837 μοῦ
3182 4770 3358 4830 εἰσιν,
3387 4759 3475 4819 ὦν
3497 4769 3530 4820 ό
3559 4767 3746 4834 θυμὸς

484 4861 598 4902 meo
623 4857 766 4911 sunt,
805 4865 1030 4918 quorum
1063 4849 1146 4910 ira
1165 4866 1334 4903 meum
1363 4852 1520 4906 ebibit
1542 4857 1849 4925 sanguinem
1877 4857 1940 4910 3'.
1965 4855 2066 4913 Da:-

2171 4859 2369 4914 αὐτῶν
2425 4860 2653 4912 ἐκπίνει
2694 4877 2812 4927 μου
2853 4857 2918 4911 τὸ
2985 4853 3145 4926 αἷμα.
3194 4858 3250 4913 ’0
3295 4857 3351 4910 δὲ
3392 4855 3656 4918 Δαυῖδ,οὑ
3682 4855 3745 4908 τὸ

481 4939 573 4992 vid
605 4948 785 4994 autem
819 4956 927 4995 non
956 4942 1010 4995 in
1033 4957 1264 5012 corpore
1293 4945 1456 4998 νυιυιὶ
1485 4945 1586 5002 Job
1619 4949 1791 5018 plagis
1815 4947 2063 5013 affectus,

2172 4950 2330 5021 σῶμα
2357 4949 2582 5021 πληγεὶς
2608 4951 2806 5020 ὁμοίως
2837 4949 2914 5019 τῷ
2953 4949 3091 5013 Ἰὼϐ,
3119 4949 3289 5018 αὐτὴν
3331 4947 3386 5001 δὲ
3432 4947 3531 5020 τὴν
3567 4947 3744 5020 ψυχὴν

484 5031 582 5086 ιιεά
610 5032 661 5088 in
695 5033 811 5102 ipsa
844 5034 1026 5088 anima
1064 5035 1212 5089 letali
1235 5039 1463 5093 vulnere
1492 5040 1806 5105 confossus,
1848 5057 1957 5097 non
1989 5043 2066 5097 ait

2171 5041 2389 5112 καιρίαν
2409 5039 2658 5112 τρωθεὶς,
2685 5040 2782 5108 οὐχ
2808 5037 3006 5108 ὁμοίως
3033 5037 3110 5108 τῷ
3149 5035 3267 5095 Ἰὼϐ
3312 5037 3509 5104 φάσκει
3537 5051 3551 5065 ⁸
3586 5035 3742 5103 Beli;
3789 5080 3793 5084 .

484 5124 946 5192 quemadmodum
1002 5125 1143 5182 Job:
1179 5127 1402 5200 Sagitta:
1448 5131 1663 5187 Domini
1717 5136 1771 5187 in
1817 5151 1906 5188 ore
1947 5151 2059 5188 meo

2168 5137 2276 5202 γὰρ
2300 5133 2519 5199 Κυρίου
2548 5132 2617 5186 ἐν
2651 5132 2730 5196 τῷ
2763 5131 3014 5198 στόματί
3052 5146 3170 5198 μου
3198 5128 3400 5182 ἐστίν·
3437 5125 3574 5190 ἀλλ’,
3617 5128 3744 5180 Ὀτι

483 5223 642 5277 sunt;
668 5213 766 5270 scd
797 5235 810 5270 :
848 5216 1115 5282 Quoniam
1151 5221 1364 5290 sagittas
1397 5231 1500 5276 tua:
1529 5224 1709 5293 inﬁxa:
1757 5235 1880 5278 sunt
1909 5226 2058 5290 mihi,

2167 5223 2238 5276 τὰ
2265 5223 2421 5290 ,βέλη
2454 5237 2570 5275 σου
2613 5221 2996 5291 ἐνεπάγησάν
3031 5239 3153 5290 μοι,
3204 5221 3299 5274 καί
3343 5219 3745 5290 ἐπεστήριεας

481 5316 533 5361 et
563 5309 895 5378 conﬁrmasti
915 5327 1072 5380 super
1105 5330 1186 5368 me
1224 5332 1438 5369 manum
1468 5327 1633 5370 (uani.
1664 5317 1758 5372 Ille
1780 5334 1910 5374 vero
1945 5335 2060 5372 ma-

2167 5317 2258 5369 ἐπ’
2287 5315 2392 5383 ἐμὲ
2426 5315 2540 5382 τὴν
2559 5315 2726 5384 χεῖρά
2747 5332 2882 5370 σου.
2919 5315 2976 5367 Ὀ
3003 5315 3060 5367 δὲ
3089 5312 3415 5385 μνημονεύει
3442 5313 3538 5384 τῆς
3564 5316 3743 5383 χειρδς

482 5413 615 5452 num
647 5398 742 5453 Dei
775 5413 1042 5457 memorat
1074 5404 1160 5459 his
1192 5407 1376 5462 verbis
1409 5427 1422 5462 :
1465 5407 1658 5463 Manus
1683 5411 1822 5464 enim
1846 5411 2062 5465 Domini

2169 5408 2373 5480 Κυρίου
2402 5409 2574 5476 λέγων
2594 5425 2607 5437 ·
2634 5407 2770 5474 Χεὶρ
2791 5407 2898 5476 γὰρ
2922 5408 3142 5476 ΚιῬίου
3180 5405 3352 5462 ἐστὶν
3385 5407 3423 5472 ἠ
3461 5404 3740 5472 ἁψαμένη

481 5497 558 5542 est
587 5507 706 5560 qua:
729 5493 896 5562 tetigit
939 5495 1096 5549 me”.
1127 5496 1387 5554 Diabolus
1419 5511 1600 5554 autem
1631 5499 1863 5556 Domino
1877 5503 2016 5557 dixit
2045 5523 2058 5558 :

2163 5517 2300 5568 μου.
2358 5501 2467 5552 Καὶ
2518 5501 2546 5552 ὁ
2591 5498 2831 5561 διάϐολος
2860 5498 2938 5569 τῷ
2961 5498 3170 5569 Κυρίῳ,
3207 5497 3589 5553 Ἀπόστειλον
3627 5492 3743 5561 τὴν

483 5579 638 5636 Mitte
671 5600 885 5638 manum
919 5595 1085 5650 tuam,
1111 5597 1161 5642 et
1187 5599 1339 5660 tange
1365 5593 1541 5645 omnia
1563 5607 1682 5660 qua:
1704 5593 1856 5648 habet
1879 5595 1926 5627 ⁸⁵
1961 5614 1974 5649 :
2006 5603 2062 5650 et

2167 5593 2333 5664 χεζρὰ
2358 5611 2474 5648 σου
2496 5593 2592 5647 καί
2621 5593 2771 5661 ἅψαι
2799 5590 3040 5646 πάντων
3076 5585 3163 5645 ὧν
3189 5590 3333 5659 ἔχει,
3365 5590 3570 5658 ἔφασκε
3589 5605 3602 5618 ·
3647 5587 3740 5642 καὶ

483 5687 704 5740 rursum
737 5698 752 5732 ·,
785 5677 936 5743 Mitte
969 5697 1185 5736 manum
1233 5693 1380 5737 tuam
1440 5694 1489 5738 et
1518 5695 1670 5756 tange
1699 5703 1908 5742 carnem
1945 5688 2059 5756 ejus

2169 5686 2328 5740 πάλιν
2347 5701 2362 5716 ⁸
2407 5687 2784 5741 Ἀπόστειλον
2807 5683 2918 5752 τὴν
2940 5680 3107 5752 χεᾷλά
3143 5699 3282 5746 σου,
3329 5681 3424 5736 καὶ
3454 5679 3602 5749 ἅψαι
3620 5675 3740 5736 ait?

554 5831 598 5865 '°
637 5831 793 5897 Rom.
836 5852 902 5902 ιι,
939 5836 991 5902 5,
1023 5840 1073 5894 6.
1153 5841 1195 5873 "
1240 5838 1384 5896 Psal.
1421 5858 1637 5908 Lxxvn,
1673 5843 1760 5899 i9.
1909 5846 1952 5876 ⁸⁸
1991 5841 2092 5901 Job
2123 5858 2173 5900 vt

1715 5843 1760 5899 9.
1909 5846 1952 5876 ⁸⁸
1991 5841 2092 5901 Job
2123 5858 2173 5900 vt
2202 5882 2216 5910 ,
2249 5842 2302 5904 4..
2380 5843 2423 5876 ⁸³
2460 5842 2560 5900 Job
2597 5857 2727 5906 xix,
2764 5841 2851 5896 21.
2951 5841 2999 5875 ⁸⁸
3037 5837 3137 5896 Job
3170 5855 3219 5904 ι,
3259 5838 3343 5894 li.
