4122 6454
291 367 388 422 5δί

1423 371 1927 448 COMMENTARIA
1961 375 2026 432 IN
2066 375 2408 434 PSALMOS.

3457 383 3563 438 51‘]

289 489 540 562 σαρκῶν
551 491 736 548 αὐτοῦ
754 493 850 546 καί
870 491 988 546 τῶν
1007 493 1234 549 ὀστέων
1248 497 1457 552 αὐτοῦ.
1475 496 1613 550 Ἀλλ’
1627 498 1791 570 ἑτέρα
1802 515 1885 562 τις

1988 511 2036 556 et
2067 519 2190 556 ossa
2215 501 2329 571 ejus
2359 498 2636 555 ".Verum
2663 500 2771 554 alia
2805 513 3002 555 manus
3029 507 3171 564 erat,
3187 505 3240 554 et
3261 499 3381 555 aliae
3394 502 3563 570 sagit-

287 581 356 658 ἧν
371 586 498 658 χεὶρ
514 585 608 639 καὶ
619 585 706 639 ἒτε
714 602 780 658 ρα
793 585 918 656 βέλη
937 587 1044 640 τῶν
1060 588 1276 658 σαρκῶν
1288 588 1451 642 αὑτοῦ
1468 589 1534 642 τὰ
1548 589 1650 644 καθ
1658 591 1883 662 ικόμενα

291 679 380 732 καὶ
391 677 501 731 τῶν
519 677 846 750 σωματικῶν
875 678 1250 750 ὑπαρχόντων·
1267 680 1499 735 ἐνταῦθα
1514 683 1558 735 δ’
1581 682 1882 754 ἐπειδήπερ

288 769 384 840 τὴν
405 768 592 840 ψυχὴν
607 768 775 840 αὐτὴν
791 770 1079 842 νενόσηκεν
1095 774 1123 826 ό
1138 772 1322 839 Δαυῒδ,
1337 773 1497 847 ἕτερα
1513 775 1644 850 βέλη
1661 775 1884 831 καθικέ-

288 861 410 914 σθαι
435 861 607 915 αὐτοῦ
627 863 905 934 σημαίνει,
935 864 1031 918 καὶ
1047 865 1242 938 ἑτέραν
1261 869 1420 939 χεῖρα
1440 868 1533 922 τοῦ
1559 867 1693 923 Θεοῦ
1714 865 1884 941 ἧφθαι

283 951 476 1018 αὑτοῦ,
523 954 667 1008 καθά
722 953 968 1026 ἔφθημεν
1024 957 1294 1023 εἰπόντες,
1355 958 1423 1012 τὰ
1477 958 1671 1028 λογικά
1719 960 1881 1034 βέλη,

286 1045 491 1118 μᾶλλον
515 1046 572 1100 δὲ
599 1047 798 1112 αὐτοὺς
830 1047 926 1101 τοῦ
976 1047 1113 1101 Θεοῦ
1163 1048 1354 1119 λόγους
1397 1050 1688 1116 νύττοντας
1720 1052 1883 1107 αὐτοῦ

282 1140 382 1211 τὴν
412 1139 624 1211 ψυχὴν,
676 1141 770 1194 καὶ
817 1139 916 1211 τὴν
977 1141 1283 1212 συνείδησιν
1317 1143 1489 1216 αὐτὴν
1537 1145 1885 1217 τιμωρουμέ-

283 1250 428 1297 νους.
461 1235 697 1305 Μήποτε
724 1233 782 1288 δὲ
837 1233 932 1286 καὶ
964 1235 1126 1288 αὑτὸν
1155 1235 1245 1290 τὸν
1277 1235 1520 1292 διάϐολον
1553 1239 1648 1292 καὶ
1679 1237 1748 1293 τὰ
1789 1238 1884 1292 τοῦ

279 1325 539 1380 διαϐόλου
569 1326 942 1398 πεπυρωμένα
969 1327 1098 1400 βέλη
1130 1328 1200 1382 τὰ
1217 1328 1496 1399 παθητικά
1518 1330 1615 1384 καλ⁵
1647 1331 1888 1402 ἐρωτικὰ

279 1419 348 1474 τὰ
403 1421 490 1484 είς
543 1419 840 1491 ἐπιθυμίαν
875 1421 1038 1474 αὐτὸν
1077 1419 1357 1492 ἐξάψαντα
1401 1423 1502 1494 τῆς
1547 1423 1642 1477 τοῦ
1690 1424 1887 1495 Ούρίου

281 1512 549 1581 γυναικὸς
610 1513 900 1584 σημαίνει;
933 1506 1009 1567 ὧν
1043 1514 1138 1567 καὶ
1185 1517 1214 1568 ό
1273 1514 1594 1579 Ἀπόστολος
1647 1514 1886 1568 διδάσκει

279 1603 457 1674 λέγων
478 1621 492 1634 ’
529 1601 891 1658 Ἀναλάϐετε
922 1603 1038 1673 τὴν
1053 1606 1402 1660 πανοπλίαν
1424 1605 1532 1660 τοῦ
1550 1605 1722 1671 Θεοῦ,
1740 1606 1889 1674 πρὸς

279 1695 342 1750 τό
393 1694 703 1750 δύνασθαι
748 1695 948 1750 πάντα
1010 1696 1084 1750 τὰ
1125 1696 1524 1766 πεπυρωμένα
1569 1695 1730 1765 ,βέλη
1782 1697 1886 1752 τοῦ

277 1788 561 1858 πονηροῦ
611 1788 847 1844 σϐέσαι.
905 1788 1115 1862 Ὠσπερ
1161 1788 1218 1842 δὲ
1259 1788 1378 1844 ἰὼὸ
1412 1789 1482 1845 τὰ
1508 1789 1596 1844 τοῦ
1636 1788 1885 1844 διαϐόλου

1989 603 2056 648 ta:
2085 611 2206 666 qua:
2241 609 2466 651 carnem
2503 602 2560 650 et
2587 610 2854 665 corporea
2883 593 3004 664 ejus
3049 593 3394 665 attingebant
3427 613 3440 648 :
3475 593 3565 648 hic

1986 694 2168 742 autem
2214 687 2342 757 quia
2401 685 2573 740 David
2628 686 2810 740 anima
2838 684 3160 757 aegrotabat.
3192 701 3253 741 se
3285 685 3409 741 aliis
3435 699 3567 741 con-

1985 779 2194 836 fossum
2257 779 2405 847 telis,
2465 780 2742 850 aliamque
2795 795 3017 834 manum
3078 779 3173 835 Dei
3219 796 3279 836 se
3320 779 3567 850 tetigisse

1984 871 2277 944 signiﬁcat,
2301 874 2380 928 uti
2412 873 2667 944 superius
2686 872 2948 938 diximus,
2981 872 3241 926 nimirum
3274 870 3568 926 rationabi—

1983 964 2065 1019 les
2100 962 2351 1033 sagittas,
2381 963 2490 1017 imo
2513 977 2641 1018 vero
2673 963 2790 1032 ipsa
2829 961 2924 1017 Dei
2961 963 3147 1026 verba,
3171 978 3294 1032 qua:
3327 960 3565 1016 animam

1987 1052 2318 1124 pungebant,
2347 1058 2402 1106 et
2434 1051 2503 1107 de
2542 1053 2883 1108 conscientia
2922 1053 3043 1123 ejus
3094 1055 3427 1125 supplicium
3473 1069 3568 1108 su-

1985 1144 2225 1200 mebant.
2255 1142 2396 1198 Num
2425 1143 2566 1199 forte
2597 1145 2774 1214 ipsum
2807 1145 3088 1201 diabolqu
3109 1154 3160 1201 et
3187 1147 3354 1216 ignita
3378 1145 3569 1202 diabo—

1986 1235 2023 1290 li
2065 1236 2172 1292 tela
2203 1233 2458 1290 affectum
2484 1236 2783 1291 excitantia
2813 1245 2868 1291 et
2910 1237 3198 1303 amatoria,
3231 1252 3353 1307 quae
3386 1236 3568 1307 ipsum

1986 1326 2056 1380 ad
2088 1325 2590 1395 concupiscentiam
2636 1325 2824 1381 uxoris
2864 1325 3008 1380 Uria:
3053 1325 3450 1390 accendebant,
3483 1326 3570 1382 his

1987 1418 2196 1472 indicat
2220 1417 2242 1469 ’Ξ
2275 1417 2343 1471 de
2373 1417 2574 1488 quibus
2601 1419 2716 1473 base
2744 1419 2950 1472 monita
2976 1419 3070 1474 dat
3097 1418 3396 1489 Apostolus
3423 1437 3438 1474 :
3463 1419 3571 1474 Aor-

1986 1509 2141 1580 cipite
2167 1518 2504 1564 armaturam
2530 1507 2647 1576 Dei,
2665 1519 2721 1563 ut
2740 1511 2955 1578 possitis
2979 1513 3157 1566 omnia
3184 1511 3292 1566 tela
3313 1512 3592 1583 nequissi--

1988 1603 2059 1657 mi
2083 1604 2414 1674 exstinguere
2443 1602 2510 1657 3‘.
2537 1601 3010 1668 Quemadmodum
3039 1610 3220 1656 autem
3251 1599 3570 1674 Jobdiabou-

1987 1694 2025 1750 li
2061 1695 2294 1767 sagittas
2323 1704 2376 1752 et
2405 1693 2654 1750 immissa
2683 1696 2902 1764 corpori
2932 1708 3034 1748 suo
3072 1695 3282 1757 ulcera,
3317 1693 3447 1764 quia
3476 1693 3585 1748 Dei.

1989 1787 2260 1860 permissu
2300 1787 2642 1850 acciderant,
2673 1787 2904 1856 sagittas
2959 1785 3175 1840 Domini
3239 1785 3452 1841 vocavit
3496 1787 3574 1841 di-

280 1881 411 1952 βέλη
444 1883 548 1936 καὶ
572 1881 640 1936 τὰ
683 1881 815 1954 ἕλκη
845 1882 912 1937 τὰ
933 1881 1254 1937 ἐπιτεθέντα
1293 1882 1444 1955 αὐτῷ
1489 1883 1633 1939 κατὰ
1661 1883 1756 1938 τοῦ
1785 1883 1886 1938 σώ-

1989 1889 2120 1936 c’ens
2155 1899 2168 1934 :
2216 1875 2358 1932 Nam
2395 1879 2608 1949 sagith
2649 1876 2866 1932 Domini
2910 1879 2966 1930 in
3013 1891 3230 1944 corpore
3265 1891 3376 1930 meo
3427 1887 3572 1940 sunt,

279 1989 454 2044 ματος
479 2013 496 2037 ,
552 1973 740 2044 ἐπειδὴ
770 1971 915 2027 κατὰ
947 1971 1300 2046 συγχώρησιν
1336 1975 1548 2044 ὲγίνετο
1593 1975 1688 2029 τοῦ
1725 1974 1884 2039 Θεοῦ,

278 2064 410 2136 βέλη
441 2064 658 2136 Κυρίου
687 2064 971 2136 ὠνόμασεν
993 2063 1163 2119 εἰπών
1181 2081 1197 2096 ⁸
1233 2066 1390 2134 Βέλη
1426 2066 1538 2138 γὰρ
1568 2067 1789 2136 Kvplov
1817 2067 1888 2120 έν

276 2153 358 2222 τῷ
386 2156 656 2226 στόματι
663 2172 783 2226 μου
816 2155 1009 2220 ἐστίν,
1036 2149 1115 2210 ὧν
1145 2161 1178 2212 ό
1205 2158 1392 2228 θυμὸς
1421 2157 1623 2214 αὐτῶν
1656 2159 1886 2214 ἐκπίνει

273 2267 392 2320 μου
456 2251 529 2304 τὸ
574 2244 748 2320 αἷμα’
805 2249 982 2315 οὕτως
1016 2250 1164 2316 εἰκὸς
1208 2252 1302 2305 καὶ
1334 2251 1425 2306 τὸν
1461 2251 1625 2306 Δαυῒδ
1651 2253 1885 2308 ἐνταῦθα

277 2341 413 2413 βέλη
450 2343 664 2416 Κυρίου
717 2342 1020 2415 εἰρηκέναι,
1057 2344 1178 2397 ἐπεὶ
1218 2343 1362 2398 κατά
1396 2343 1744 2417 συγχώρησιν
1789 2345 1884 2400 τοῦ

279 2436 498 2508 Κυρίου
525 2436 1028 2508 κατεστρατεύσατο
1044 2435 1209 2490 αὑτοῦ
1233 2437 1261 2489 ό
1287 2437 1603 2501 ἀντίπαλος,
1628 2439 1715 2491 ἵνα
1741 2438 1886 2512 μάθῃ

278 2526 358 2599 μὴ
382 2528 604 2598 λέγειν’
627 2531 709 2583 Οὐ
743 2529 830 2598 μὴ
869 2527 1148 2584 σαλευθῶ
1189 2531 1277 2596 είς
1325 2529 1434 2583 τὸν
1468 2529 1673 2585 αἰῶνα.
1736 2531 1886 2583 Ἐπεὶ

278 2620 392 2691 γὰρ
450 2623 523 2692 τῇ
567 2621 752 2692 χάριτι
796 2620 892 2674 τοῦ
939 2619 1075 2674 Θεοῦ
1133 2620 1542 2693 δυναμούμενος
1609 2621 1753 2694 μέγα
1799 2619 1884 2690 ἐφ’

280 2711 466 2784 ἑαυτῷ
499 2713 767 2786 ἑφρόνησέ
785 2713 1030 2780 ποτε,ὠς
1061 2714 1530 2769 ἀπαυθαδίσασθαι
1556 2715 1651 2769 καὶ
1671 2716 1849 2771 εἰπεῖν
1866 2729 1882 2745 ⁶

293 2803 438 2874 Ἐγὼ
471 2804 545 2858 δὲ
574 2801 714 2859 εἶπα
741 2805 812 2860 έν
833 2803 907 2873 τῇ
929 2805 1174 2872 εὐθηνίᾳ
1199 2823 1350 2874 μουο
1380 2808 1462 2860 Οὐ
1488 2805 1576 2876 μὴ
1608 2804 1888 2861 σαλευθῶ

1984 1989 2211 2046 quorum
2228 1973 2382 2042 furor
2409 1971 2568 2026 ebibit
2595 1988 2766 2026 meum
2803 1971 3113 2039 sanguinem
3141 1971 3221 2036 ⁸⁷;
3252 1971 3326 2025 ita
3377 1970 3574 2027 verisi-

1985 2067 2112 2120 mile
2150 2074 2236 2120 est
2266 2065 2390 2120 ideo
2428 2063 2687 2120 Davidem
2717 2064 2808 2118 hic
2833 2065 3068 2134 sagittas
3099 2063 3317 2119 Domini
3344 2062 3572 2126 dixisse,

1985 2160 2113 2231 quia
2156 2175 2226 2214 ex
2263 2158 2358 2215 Dei
2394 2174 2666 2215 concessu
2717 2158 2977 2214 inimicus
3013 2173 3138 2214 eum
3201 2157 3574 2228 Oppugnahat,

1985 2261 2047 2308 ut
2069 2251 2340 2308 edisceret
2370 2269 2482 2308 non
2511 2252 2586 2307 ita
2611 2251 2946 2322 loquendum
2979 2267 3102 2307 esse
3133 2270 3146 2306 :
3187 2249 3314 2304 Non
3331 2239 3576 2305 movebar

1984 2345 2039 2398 in
2062 2353 2319 2400 a’ternum
2348 2345 2418 2399 ⁸⁸.
2443 2344 2584 2412 Quia
2613 2345 2761 2401 enim
2791 2344 3092 2414 aliquando
3123 2341 3220 2398 Dei
3258 2341 3433 2414 gratia
3465 2341 3579 2396 ful-

1987 2444 2078 2492 tus
2104 2451 2303 2507 magna
2330 2437 2399 2493 de
2427 2453 2488 2494 se
2518 2445 2792 2499 senserat,
2833 2437 2908 2490 ita
2957 2443 3018 2490 ut
3069 2442 3392 2507 arroganter
3421 2433 3578 2489 dice-

1986 2539 2068 2586 ret
2098 2547 2111 2584 :
2152 2527 2266 2600 Ego
2303 2542 2477 2584 autem
2511 2529 2627 2584 dixi
2661 2531 2717 2584 in
2741 2529 3078 2584 abundantia
3116 2545 3235 2583 mea
3263 2543 3282 2582 :
3314 2526 3439 2583 Non
3463 2544 3580 2583 mo-

1985 2620 2138 2676 t'ebor
2194 2626 2249 2676 in
2289 2632 2547 2677 wternum
2594 2623 2672 2688 3°;
2710 2623 2834 2677 ideo
2876 2623 3006 2692 jure
3047 2621 3306 2677 tentatori
3340 2620 3577 2675 traditus

1985 2724 2090 2773 est.
2121 2714 2216 2785 qui
2275 2715 2517 2770 animam
2566 2715 2690 2785 ejus
2736 2714 2996 2779 adortus,
3037 2713 3216 2785 majus
3265 2712 3372 2782 ipsi
3409 2727 3574 2783 quam

1983 2807 2122 2864 Jobo
2141 2809 2400 2863 damnum
2428 2809 2631 2864 intulit.
2666 2808 2822 2876 Quod
2850 2812 2896 2864 si
2919 2823 3208 2865 sermones
3231 2805 3350 2869 Dei,
3381 2806 3478 2877 qui
3508 2804 3578 2860 de

279 2896 369 2961 είς
417 2895 534 2950 τὸν
579 2895 764 2950 αἰῶνα
783 2913 796 2926 ·
831 2895 1024 2949 τούτου
1053 2896 1212 2967 χάριν
1235 2897 1464 2961 εἰκότως
1494 2897 1767 2970 παρεδόθη
1807 2897 1886 2970 τῷ

1988 2901 2134 2972 justo
2160 2900 2280 2971 ejus
2301 2901 2516 2973 judicio
2541 2903 2866 2968 admonent,
2890 2909 2945 2956 et
2988 2899 3396 2970 imprudentem
3447 2910 3579 2966 pce-

284 2988 630 3061 πειράξοντι,
653 2989 733 3053 ὃς,
756 2989 856 3059 τῆς
902 2987 1082 3059 ψυχῆς
1119 2989 1284 3044 αὑτοῦ
1319 2989 1726 3062 καθαψάμενος,
1765 3007 1887 3062 μει-

283 3079 458 3146 ζόνως
512 3082 674 3136 αὑτὸν
707 3083 739 3154 ἢ
770 3083 862 3136 τὸν
902 3079 1023 3135 Ἰὼϐ
1077 3081 1409 3154 ἐζημίωσεν.
1450 3083 1513 3136 Εἰ
1547 3083 1604 3137 δὲ
1647 3084 1697 3138 οἱ
1737 3084 1885 3154 λόγοι

283 3173 376 3227 τοῦ
403 3173 572 3238 Θεοῦ,
605 3175 656 3228 oi
703 3175 802 3247 τῆς
838 3174 1238 3246 δικαιοκρισίας
1270 3174 1434 3228 αὑτοῦ
1490 3176 1886 3248 ὑπομνηστικοὶ

285 3266 380 3320 καὶ
412 3265 516 3336 τῆς
575 3267 745 3340 ὀργῆς
771 3267 872 3339 τῆς
909 3271 1022 3333 τοῖς
1048 3269 1461 3341 ἁμαρτάνουσιν
1493 3267 1884 3340 ὲπηρτημένης

284 3358 682 3423 διδασκαλικοὶ,
730 3359 901 3431 βελῶν
939 3363 1078 3414 εἰσιν
1125 3359 1395 3433 ὀξύτεροι,
1437 3359 1539 3431 τὴν
1578 3360 1882 3432 συνείδησιν

285 3451 576 3516 νύττοντες
599 3469 612 3482 ·
637 3453 732 3507 καὶ
751 3451 928 3518 οὕτως
950 3454 1126 3518 εἴποις
1151 3453 1218 3507 ἂν
1249 3453 1339 3507 τὸν
1367 3451 1552 3516 Δαυῒδ,
1575 3457 1689 3519 τοῖς
1717 3454 1886 3526 ἱεροῖς

285 3544 503 3609 τούτοις
516 3545 613 3598 καὶ⁵
632 3545 799 3609 θείοις
815 3545 992 3616 βέλεσι
1018 3546 1206 3601 κεντού
1215 3563 1400 3618 μενον,
1427 3545 1666 3614 εὐλόγως
1685 3561 1883 3616 παραι-

287 3638 503 3693 τεῖσθαι
531 3639 622 3694 τὸν
643 3637 735 3693 διὰ
755 3637 849 3693 τοῦ
874 3639 1046 3712 θυμοῦ
1073 3638 1312 3710 ἔλεγχον.
1345 3637 1729 3710 Προσλαὸόντα
1753 3637 1883 3708 γὰρ,

287 3732 451 3802 φησὶ,
484 3731 586 3802 τὴν
613 3730 785 3804 ὀργὴν
809 3731 902 3785 καὶ
927 3731 1018 3784 τὸν
1050 3730 1221 3802 θυμὸν
1255 3729 1324 3783 τά
1360 3728 1512 3801 παρὰ
1535 3727 1630 3783 σοῦ
1662 3727 1886 3783 καθικό-

291 3826 437 3898 μενά
465 3843 556 3895 μοι
591 3825 742 3897 βέλη,
801 3827 999 3891 ίκανῶς
1035 3843 1103 3896 με
1139 3828 1486 3899 τιμωρεῖται,
1537 3826 1630 3879 καὶ
1671 3827 1962 3898 αὐτάρκως

289 3919 616 3992 ἐπαλλήλων
645 3920 957 3992 συμφορῶν.

361 4035 491 4090 οὐκ
537 4035 710 4089 ἐστιν
751 4035 914 4101 ἴασις
967 4034 1037 4088 ἐν
1070 4033 1143 4103 τῇ
1176 4035 1363 4102 σαρκί
1387 4052 1505 4104 μου
1541 4035 1661 4090 ἀπὸ
1706 4049 1887 4104 προσα

287 4132 457 4186 ὠπου
494 4131 604 4200 τῆς
650 4130 834 4202 ὀργῆς
882 4147 1020 4196 σου,
1067 4132 1179 4184 οὐκ
1214 4130 1387 4184 ἔστιν
1423 4128 1631 4199 εἰρήνη
1659 4131 1728 4185 έν
1759 4130 1884 4198 τοῖς

292 4223 532 4289 ὀστέοις
558 4242 678 4293 μου
721 4224 839 4279 ἀπὸ
878 4211 1202 4292 προσώπου
1256 4221 1377 4276 τῶν
1414 4221 1714 4292 ἁμαρτιῶν
1738 4240 1880 4294 μου.

292 4316 407 4389 Τὴν
437 4315 547 4389 γάρ
580 4316 756 4390 σάρκα
782 4334 905 4387 μου,
937 4315 1002 4369 δι’
1027 4311 1096 4388 ἧς
1121 4315 1436 4387 πέπρακταί
1463 4333 1553 4387 μοι
1589 4316 1651 4369 τὸ
1698 4316 1883 4387 ἁμάρ-

293 4426 468 4481 τημα,
510 4411 764 4464 κολάσεσι
819 4408 1114 4478 παρέδωκα
1157 4409 1572 4481 τιμωρούμενος
1625 4412 1881 4482 ἐμαυτόν.

293 4501 471 4557 Τοῦτο
491 4502 599 4574 γὰρ
624 4501 719 4555 καὶ
749 4501 936 4572 ἐδήλου
963 4501 1028 4554 δι’
1053 4502 1255 4574 ἑτέρων
1277 4502 1450 4570 λέγων
1467 4519 1479 4532 ’
1517 4504 1627 4556 Καὶ
1656 4503 1887 4557 ἐταπεί-

1985 2995 2242 3051 cantibus
2274 2995 2410 3050 iram
2442 2995 2562 3065 ejus
2595 2995 2848 3056 edocent,
2875 2992 3094 3064 sagittis
3120 2989 3402 3046 acutiores
3423 2995 3575 3052 sunt,

1989 3097 2348 3160 punguntque
2396 3086 2826 3152 conscientiam;
2871 3101 3006 3142 sane
3059 3084 3268 3140 dixeris
3317 3081 3577 3137 Davidem

1989 3180 2167 3236 sacris
2205 3180 2358 3236 hisce
2390 3194 2456 3234 ac
2497 3179 2704 3234 divinis
2749 3178 2969 3250 sagittis
3013 3179 3356 3245 confossum,
3387 3191 3576 3248 repre-

1990 3273 2311 3330 hensionem
2333 3287 2458 3327 cum
2490 3271 2678 3326 furore
2709 3271 2914 3326 illatam
2942 3272 3408 3342 jure-recusasse.
3438 3268 3576 3326 Nam

1989 3367 2098 3422 tela
2121 3365 2218 3421 abs
2250 3371 2304 3420 te
2333 3363 2465 3419 mihi
2507 3364 2778 3428 immissa,
2801 3367 2898 3430 ait,
2918 3380 3041 3436 quae
3064 3364 3202 3419 iram
3238 3373 3292 3420 et
3334 3363 3576 3419 furorem

1987 3464 2144 3511 tuum
2189 3463 2609 3526 praevenerunt,
2643 3453 2979 3512 suilicienter
3023 3454 3093 3509 de
3126 3469 3214 3509 me
3248 3453 3580 3525 supplicium

1991 3554 2241 3613 sumunt,
2275 3562 2339 3601 ac
2367 3547 2505 3604 satis
2554 3564 2643 3604 me
2671 3547 2945 3620 castigant
2981 3567 2994 3603 :
3029 3547 3125 3602 sed
3155 3548 3327 3602 etiam
3380 3557 3580 3600 manus

1992 3647 2088 3695 tua
2141 3655 2238 3712 per
2279 3639 2463 3696 illatas
2504 3639 2821 3712 frequenter
2873 3639 3218 3696 calamitates
3267 3652 3357 3692 me
3395 3636 3579 3692 conti-

1993 3733 2089 3803 git.

1999 3846 2067 3900 με
2103 3829 2320 3897 κολάζει
2344 3847 2358 3862 ·
2395 3829 2530 3884 ἀλλά
2553 3830 2648 3885 καὶ
2681 3832 2714 3902 ἠ
2744 3830 2866 3901 χείρ
2907 3847 2998 3884 σου
3033 3827 3317 3901 καθήψατο
3346 3824 3436 3880 διὰ
3471 3823 3580 3879 τῶν

2064 4033 2235 4090 Vens.
2276 4033 2331 4090 4.
2373 4033 2494 4087 Νοη
2536 4042 2614 4087 est
2667 4030 2876 4084 curatio
2918 4029 2973 4083 in
3013 4045 3173 4082 carne
3218 4045 3335 4082 mea
3375 4045 3410 4084 a
3444 4028 3582 4100 facie

1968 4114 2088 4184 ira:
2130 4137 2254 4192 tute,
2284 4137 2334 4182 et
2378 4144 2482 4182 non
2509 4135 2587 4181 est
2623 4139 2730 4193 pax
2757 4121 2969 4177 ossibus
3007 4123 3137 4176 meis
3168 4139 3199 4176 a
3230 4121 3368 4190 facie
3396 4138 3583 4191 pecca-

1991 4231 2168 4276 torum
2212 4235 2469 4274 meorum.
2511 4218 2747 4272 Carnem
2785 4215 2989 4286 quippe
3028 4229 3227 4280 meam,
3252 4229 3358 4284 qua
3386 4229 3584 4286 pecca-

1991 4321 2105 4368 tum
2139 4311 2362 4376 admisi,
2391 4306 2676 4378 suppliciis
2711 4305 2934 4372 tradidi,
2968 4305 3230 4359 ultionem
3271 4304 3340 4357 de
3368 4319 3456 4359 me
3488 4320 3583 4359 su-

1993 4421 2168 4461 mens.
2202 4403 2319 4460 Hoc
2349 4403 2494 4458 enim
2549 4403 2604 4457 in
2655 4401 2780 4456 aliis
2827 4413 3048 4471 quoque
3079 4397 3218 4452 locis
3253 4395 3582 4468 signiﬁcavit

1992 4497 2185 4550 dicens
2220 4515 2234 4549 :
2267 4494 2337 4548 Et
2365 4492 2714 4547 humiliabam
2745 4493 2799 4545 in
2823 4489 3031 4562 jejunio
3067 4491 3490 4542 animammeam
3508 4487 3578 4553 ”;

294 4613 450 4651 νουν
468 4595 537 4648 έν
554 4593 804 4660 νηστείᾳ
829 4591 946 4660 τὴν
967 4593 1177 4661 ψυχήν
1191 4611 1331 4661 μουο
1363 4593 1478 4658 καὶ,
1495 4597 1566 4649 Ἠ
1587 4594 1747 4664 σάρξ
1767 4614 1886 4665 μου

1994 4595 2049 4641 et
2083 4607 2094 4640 :
2141 4586 2281 4642 Caro
2339 4601 2456 4638 mea
2489 4585 2775 4638 immutata
2814 4592 2895 4637 est
2935 4589 3146 4651 propter
3176 4579 3346 4634 oleum
3382 4580 3577 4644 ”;et:

296 4686 594 4757 ἠλλοιώθη
611 4686 683 4740 δι’
705 4685 932 4740 ἐλαιονο
962 4687 1076 4749 καὶ,
1097 4677 1506 4756 Ἐπελαθόμην
1538 4688 1644 4741 τοῦ
1676 4688 1886 4758 φαγεῖν

1996 4677 2208 4733 Oblitus
2237 4693 2354 4730 sum
2399 4674 2668 4730 conradere
2700 4689 2888 4744 panem
2922 4688 3091 4726 meum
3120 4688 3153 4723 a
3181 4670 3318 4739 facie
3355 4669 3582 4740 gemitus

298 4777 594 4849 τόνᾶρτον
609 4797 728 4848 μου
753 4778 870 4834 ἀπὸ
898 4776 1225 4846 προσώπου
1254 4778 1362 4833 τοῦ
1391 4779 1730 4850 στεναγμοῦ
1745 4799 1888 4850 μου,

299 4871 393 4924 καὶ
439 4871 540 4924 ὅσα
591 4867 836 4924 τοιαῦτα.
892 4868 1036 4921 Ἀντὶ
1079 4867 1136 4922 δὲ
1188 4869 1298 4937 τῆς
1335 4868 1536 4941 ὀργῆς,
1585 4871 1891 4942 συμφώνως

311 4962 540 5026 Ἀκύλας
591 4961 686 5015 καὶ
735 4963 764 5014 ὁ
820 4959 1136 5032 Σύμμαχος,
1217 4962 1350 5017 Ἀπὸ
1401 4963 1730 5031 προσώπου
1777 4965 1890 5034 τῆς

298 5053 702 5124 ἐμϐριμήσεώς
751 5069 888 5120 σου,
936 5055 1314 5127 ἡρμήνευσαν.
1357 5056 1622 5129 Ἀπήρκει
1650 5057 1762 5128 γάρ
1797 5074 1888 5128 μοι

300 5147 334 5218 ἡ
363 5146 473 5200 ἀπὸ
493 5146 599 5200 τῶν
630 5145 739 5199 σῶν
773 5146 929 5200 θείων
961 5147 1196 5219 Γραφῶν
1228 5147 1583 5218 ἐμϐριμησις,
1613 5151 1707 5204 καὶ
1736 5151 1770 5220 ἡ
1797 5149 1887 5203 διά

299 5238 395 5292 τοῦ
435 5237 727 5309 προσώπου
783 5237 970 5292 Ναθάν
1019 5239 1243 5311 ἀπειλή.
1289 5239 1435 5292 Ἀντὶ
1461 5239 1519 5292 δὲ
1545 5239 1641 5294 τοῦ
1671 5258 1685 5272 ·
1751 5239 1886 5296 Ἀπὸ

301 5327 623 5396 προσώπου
655 5327 772 5382 τῶν
805 5329 1106 5398 ἁμαρτιῶν
1142 5349 1284 5400 μου,
1315 5333 1343 5385 ό
1369 5331 1663 5403 Σύμμαχος
1700 5334 1884 5405 ἡρμήο

301 5433 475 5484 νευσε,
525 5409 641 5474 ’Διὰ
669 5419 776 5486 τὰς
829 5419 1115 5491 ἁμαρτίας
1167 5439 1300 5490 μου.
1363 5423 1596 5477 ’Ἄτοπον
1642 5423 1698 5477 δὲ
1733 5423 1889 5477 οὐδὲν

302 5512 435 5566 ὀστᾶ
453 5511 580 5576 τοὺς
604 5513 838 5577 οἰκείους
861 5514 1176 5568 ἀποκαλεῖν.
1210 5517 1272 5569 Εἰ
1301 5515 1411 5589 γάρ
1437 5496 1606 5589 ἐσμεν
1641 5517 1887 5591 ἀλλήλων

307 5603 464 5676 μιλη,
489 5605 583 5658 καὶ
615 5605 692 5669 ώς
723 5606 803 5659 ἐνὶ
846 5605 1049 5671 πάντες
1085 5607 1547 5681 κατελογίσθημεν
1591 5608 1802 5680 σώματι
1825 5608 1886 5660 τὸ

375 5788 423 5820 ⁸³
459 5787 562 5844 Job
596 5806 666 5853 tt,
703 5791 754 5843 εἰ.

312 5854 354 5888 ⁸⁸
393 5857 538 5916 Psal.
574 5877 740 5922 criti.
778 5862 866 5919 2i.
943 5854 1000 5897 ⁹²’
1030 5862 1174 5920 Psal.
1207 5878 1292 5927 cr,
1333 5863 1382 5919 ὅ.

1995 4771 2095 4825 mei
2121 4772 2189 4836 ”,
2217 4778 2272 4825 et
2303 4770 2524 4826 similia.
2556 4768 2661 4822 Pro
2702 4775 2885 4823 autem
2937 4766 3057 4828 ine,
3086 4763 3283 4834 Aquila
3333 4770 3388 4818 et
3418 4759 3582 4834 Sym-

1993 4864 2244 4929 machus,
2281 4881 2314 4917 a
2353 4863 2490 4933 [acie
2519 4862 2761 4932 fremitus
2819 4859 2918 4923 tui,
2951 4857 3210 4914 similiter
3237 4854 3582 4924 interpretati

1993 4967 2143 5013 sunt.
2179 4956 2328 5011 Satis
2355 4956 2557 5026 quippe
2583 4953 2721 5008 mihi
2755 4957 2876 5007 erat
2912 4948 3170 5004 fremitus
3205 4946 3295 5000 ille
3321 4946 3415 5016 qui
3437 4945 3580 4999 divi-

1992 5048 2081 5103 nis
2113 5047 2418 5116 Scripturis
2443 5047 2554 5099 tuis
2600 5042 2941 5103 enuntiatur,
2969 5046 3026 5094 et
3077 5037 3456 5093 interminatio
3485 5051 3584 5106 per

1991 5139 2207 5195 Nathan
2241 5141 2566 5211 prophetam
2628 5137 2794 5191 facta.
2846 5134 2956 5189 Pro
2996 5132 3091 5186 illo
3143 5138 3350 5195 autem,
3383 5147 3417 5183 a
3446 5128 3582 5198 facit:

1991 5241 2326 5303 peccatorum
2370 5246 2640 5294 meorum,
2693 5226 3081 5300 Symmachus,
3118 5234 3332 5294 propter
3367 5229 3581 5291 peccatu

1992 5343 2129 5391 mea,
2167 5326 2558 5395 interpretatus
2617 5329 2720 5378 est.
2775 5319 2923 5374 Nihil
2956 5332 3124 5390 porro
3172 5313 3471 5372 absurdum
3499 5321 3582 5368 est

1989 5435 2121 5476 ossa
2141 5417 2478 5473 domesticos
2499 5430 2719 5471 vocare.
2748 5413 2884 5469 Nam
2909 5413 2956 5470 si
2989 5413 3127 5468 alter
3147 5410 3374 5466 alterius
3406 5420 3585 5462 mem-

1991 5513 2092 5568 bra
2118 5527 2336 5576 sumus,
2371 5520 2428 5566 et
2455 5509 2616 5581 quasi
2651 5509 2708 5563 in
2752 5522 2923 5562 unum
2962 5520 3170 5576 corpus
3199 5517 3390 5559 omnes
3430 5515 3584 5556 com-

1995 5608 2302 5679 pingimur,
2331 5613 2483 5662 certe
2515 5619 2645 5661 ossa
2679 5602 2930 5675 singulos
2962 5601 3122 5656 nobis
3173 5597 3456 5669 proximos
3486 5609 3584 5664 ap-

854 5792 899 5823 "
941 5791 1151 5874 Ephesq
1199 5806 1245 5845 rt
1271 5832 1283 5852 .
1475 5849 1481 5856 ,
1515 5796 1556 5825 ⁸⁷
1597 5793 1698 5850 Job
1733 5810 1816 5860 vr,
1877 5825 1886 5851 η

2004 5796 2049 5828 ⁸⁸
2088 5793 2233 5852 Psal.
2295 5807 2460 5860 χιιι,
2518 5789 2574 5846 ’1.
2652 5787 2697 5818 ⁸⁹
2738 5785 2867 5842 ibid.
2967 5782 3011 5813 ’°
3048 5779 3196 5836 Psal.
3240 5792 3431 5842 xxxn',
3497 5775 3582 5831 t5.
