4122 6454
526 385 635 440 343

1215 386 1485 445 EL'SEBII
1525 385 2006 446 CESARIENSIS
2038 384 2187 443 ore.
2230 367 2408 436 PARS
2439 353 2547 438 ιιι.
2581 419 2643 430 -
2683 387 3089 446 εχιοετιω.
3709 391 3807 442 ιιι

530 502 734 571 pellere
761 502 1037 558 convenit.
1064 504 1330 560 Caeterum
1358 505 1475 562 haec
1511 522 1622 560 non
1657 505 1750 561 uni
1787 513 1980 562 sancto
2002 503 2107 558 Da-

2219 502 2491 573 ὶπεῖργον,
2525 505 2617 558 καὶ
2636 505 2770 560 ὀστᾶ
2799 505 2927 568 τοὺς
2951 504 3090 559 κατὰ
3126 502 3292 576 μέρος
3327 502 3429 556 καὶ
3459 500 3804 572 χρειωδεστάσ

529 593 642 648 vidi
675 593 972 663 contigisse
999 595 1257 658 dicimus.
1289 597 1385 652 sed
1416 599 1581 653 etiam
1607 598 1793 654 multis
1819 598 1980 665 aliis;
2004 598 2113 652 imo

528 698 661 739 vero
690 683 961 755 hodieque
989 685 1199 742 sanctis
1233 687 1368 743 viris
1425 687 1663 758 idipsum
1716 687 1770 742 in
1811 688 2114 743 tentatione

527 775 752 831 accidit.
782 775 917 832 Nam
968 777 1356 848 inexspectata:
1410 780 1734 849 plerumque
1765 779 2113 835 calamitates

526 867 874 933 oboriuntur,
907 877 965 924 ut
999 869 1338 926 tolerabilius
1389 872 1462 927 sit
1504 872 1703 927 bellum
1763 873 1842 926 ab
1875 872 2116 928 inimicis

527 958 739 1013 illatum
769 960 1200 1030 propinquorum
1253 961 1481 1032 impetu,
1507 978 1647 1032 quos
1708 961 1950 1017 diximus
1990 977 2116 1018 ossa

527 1051 738 1122 tropice
785 1061 1005 1109 vocatos
1042 1069 1187 1110 esse.
1218 1052 1376 1120 Quod
1430 1055 1476 1110 si
1515 1055 1630 1111 haec
1676 1056 1937 1110 omnibus
1967 1069 2117 1108 com-

526 1143 738 1207 munia,
772 1145 1084 1198 communis
1132 1145 1392 1201 omnibus
1453 1162 1587 1201 sane
1647 1145 1814 1200 fuerit
1844 1144 2118 1200 orationis

525 1235 748 1291 modus.
785 1237 1026 1292 Cuilibet
1049 1253 1288 1308 namque
1318 1239 1717 1293 tentationibus
1750 1237 2019 1308 impetito,
2053 1251 2117 1291 ac

523 1327 767 1393 defesso,
800 1330 1155 1400 cupientique
1198 1330 1654 1402 tranquillitatem
1688 1344 1718 1382 a
1767 1329 1877 1384 Deo
1901 1329 2118 1384 obtine~

526 1434 607 1482 re,
644 1419 760 1474 bare
798 1422 1044 1489 precatio
1068 1421 1351 1483 convenit.

596 1511 762 1569 Vsus.
814 1513 849 1566 5
881 1543 909 1555 ο
959 1515 1049 1568 ιε.
1103 1515 1370 1581 Quoniam
1412 1514 1718 1584 iniquitates
1764 1529 1891 1567 metu
1933 1527 2118 1581 super-

521 1623 718 1677 gressa:
771 1615 892 1661 sunt
931 1617 1084 1675 caput
1129 1624 1320 1672 meum,
1358 1608 1494 1662 sicut
1550 1625 1682 1662 onus
1727 1623 1882 1678 grave
1915 1623 2110 1678 grava-

2212 608 2338 654 τους
2376 585 2612 662 μάλιστα
2641 593 2842 662 λέγειν.
2892 593 3039 665 Πλὴν
3060 593 3182 663 οὐχὶ
3213 593 3365 664 μόνῳ
3397 589 3578 644 ταῦτα
3602 589 3809 663 συμϐῆ-

2215 685 2305 739 ναί
2339 702 2520 754 φαμεν
2558 684 2638 756 τῷ
2671 685 2948 754 θεσπεσίῳ
2980 683 3162 747 Δαυῗδ,
3203 684 3341 738 ἀλλὰ
3381 682 3498 754 γὰρ
3533 683 3629 736 καὶ
3663 682 3808 736 πλεί-

2217 794 2361 842 στοις
2387 779 2621 851 ἑτέροιςο
2647 778 2847 850 μᾶλλον
2868 778 2923 832 δὲ
2947 779 3042 832 καὶ
3069 779 3148 842 εἰς
3167 776 3327 849 δεῦρο
3356 775 3665 848 πράττεται
3692 791 3810 828 πει-

2221 870 2534 942 ραζομένων
2563 865 2751 939 ἁγὲων.
2811 869 3089 940 Ἀδόκητοι
3136 869 3245 941 γὰρ
3285 866 3647 941 περιστάσεις
3686 868 3812 922 ἀνα-

2218 962 2441 1034 φύονται
2489 963 2771 1027 πολλάκις,
2827 963 2966 1018 ῶστε
3014 962 3485 1034 δυσφορητότερον
3533 955 3675 1013 εἶναι
3717 959 3811 1013 τοῦ

2217 1055 2348 1125 παρ’
2374 1053 2586 1128 ἐχθρῶν
2615 1054 2852 1126 πολέμου
2875 1054 2975 1118 τὰς
2998 1054 3106 1109 τῶν
3137 1053 3358 1106 οἰκείων
3384 1051 3810 1114 ἐπαναστάσεις,

2216 1145 2310 1210 οὓς
2335 1147 2430 1199 καὶ
2453 1147 2588 1198 ὀστᾶ
2603 1163 2785 1217 φαμεν
2805 1145 3120 1216 ὠνομάσθαι
3141 1142 3446 1218 τροπικῶς.
3468 1143 3534 1194 Εἰ
3555 1141 3613 1194 δὲ
3643 1141 3810 1194 ἆπασι

2215 1238 2388 1292 ταῦτα
2421 1238 2595 1302 κοινὰ,
2623 1239 2799 1302 κοινὸς
2829 1237 2896 1293 ἂν
2930 1239 3017 1309 εἴη
3051 1237 3268 1292 πάντων
3300 1236 3404 1306 τῆς
3439 1233 3755 1305 προσευχῆς
3783 1235 3811 1286 6

2215 1331 2434 1400 τρόπος.
2449 1331 2618 1385 Παντὶ
2631 1331 2740 1404 γὰρ
2757 1330 2985 1403 ἁρμόζει
3005 1347 3070 1384 πε
3079 1328 3386 1402 ιραςομένῳ
3412 1328 3512 1380 καὶ
3527 1327 3808 1396 κάμνοντι,

2215 1423 2521 1494 γλιχομένῳ
2547 1439 2606 1476 τε
2639 1425 2821 1493 τυχεῖν
2855 1423 3192 1494 ἡμερότητος
3219 1421 3318 1492 τῆς
3342 1419 3504 1490 παρά
3529 1416 3690 1471 Θεοῦ.

2290 1517 2418 1568 Ὅτι
2468 1519 2528 1568 al
2579 1516 2818 1584 ἀνομίαι
2860 1533 2979 1584 μου
3017 1513 3326 1584 ὑπερῆραν
3375 1513 3498 1576 τὴν
3537 1511 3810 1580 κεφαλήν

2209 1627 2367 1679 μου,
2423 1607 2569 1663 ὡσεὶ
2624 1609 2873 1678 φορτίον
2895 1607 3058 1676 ,βαρὺ
3095 1607 3528 1676 ἐϐαρύνθησαν
3550 1605 3646 1658 ἐπ’
3686 1602 3805 1674 ἐμέ.

523 1709 593 1753 ta:
649 1709 773 1754 sunt
827 1715 985 1769 super
1042 1716 1143 1755 me.
1207 1699 1534 1754 Putruerunt
1597 1713 1646 1754 et
1698 1707 1958 1768 corrupta
1996 1707 2115 1752 sunt

2219 1701 2612 1771 Προσώζεσαν
2639 1703 2738 1756 καὶ
2775 1700 3098 1768 ἐσάπησαν
3142 1703 3193 1754 οι
3213 1697 3514 1769 μώλωπές
3541 1714 3685 1766 μου.
3715 1696 3811 1750 Διά

523 1792 797 1846 cicatrices
843 1807 992 1847 mete.
1033 1791 1131 1848 llis
1162 1792 1446 1852 docemur.
1479 1808 1547 1847 ne
1587 1792 1728 1846 mala
1769 1792 2113 1847 occultemus

2219 1794 2426 1850 τούτων
2486 1795 2727 1850 διδάσκει
2782 1797 2930 1866 ἡμᾶς
2984 1797 3013 1848 ὁ
3054 1793 3232 1861 λόγος,
3279 1791 3355 1862 μὴ
3420 1790 3694 1863 κρύπτειν
3741 1789 3807 1843 τὰ

523 1892 856 1946 nustra.neu
884 1892 1104 1954 peccata
1122 1899 1220 1939 ceu
1238 1885 1528 1954 quemdam
1551 1885 1823 1954 nigrorem
1852 1894 1904 1938 et
1927 1880 2114 1938 corru-

2221 1890 2430 1944 ἑαυτῶν
2462 1888 2628 1954 κακὰ,
2677 1888 2798 1960 μηδ’
2835 1887 3025 1959 ὥσπερ
3065 1886 3185 1940 τινὰ
3236 1885 3501 1958 μελανίαν
3527 1885 3624 1937 καὶ
3651 1883 3810 1953 σῆψιν

523 1981 763 2052 ptionem
787 1978 1050 2034 iuiutimo
1067 1979 1264 2033 anima:
1292 1975 1706 2032 concludamus.
1733 1977 1866 2032 Tota
1884 1977 1969 2032 die
1989 1994 2117 2031 con-

525 2077 769 2129 tristatus
805 2073 1159 2145 ingrediebar,
1189 2075 1440 2144 quoniam
1457 2075 1636 2128 anima
1663 2091 1778 2128 mea
1807 2076 2024 2143 impleta
2037 2085 2115 2130 est

524 2165 866 2240 illttsionibus
892 2163 1249 2218 illudentinn'.
1285 2163 1377 2219 Sic
1401 2180 1565 2235 porro
1595 2164 1894 2235 intelligas:
1914 2181 2036 2220 cum
2060 2166 2114 2220 in

523 2257 683 2313 titulo
711 2255 1074 2328 signiﬁcasset
1091 2257 1360 2326 psalmum
1381 2257 1434 2310 in
1452 2259 1942 2312 rememorationem
1969 2274 2112 2324 esse,

520 2345 645 2416 jure
674 2347 802 2401 illuc
833 2347 1154 2409 remittitur,
1193 2354 1248 2401 et
1278 2361 1401 2417 quae
1432 2347 1538 2402 sibi
1562 2348 1674 2417 jam
1705 2348 1833 2402 olim
1865 2349 2105 2418 contige-

525 2447 650 2492 rant
680 2437 896 2509 repetit.
926 2437 1092 2493 Docet
1119 2439 1247 2494 item
1271 2439 1489 2509 qualem
1520 2439 1573 2494 in
1596 2440 1965 2497 conditionem
1991 2450 2116 2513 post

527 2528 740 2598 lapsum
771 2527 1292 2597 peccati'deveuerit
1320 2547 1333 2582 :
1357 2545 1466 2600 qua
1491 2530 1557 2584 de
1579 2545 1748 2586 causa
1773 2540 1941 2587 totam
1969 2532 2114 2588 hanc

523 2618 930 2675 confessionem
977 2619 1111 2674 edit.
1153 2618 1211 2674 In
1249 2621 1366 2676 haec
1413 2623 1619 2686 omnia,
1665 2624 1864 2694 inquit,
1919 2625 2111 2689 incidi,

524 2708 656 2778 quia
686 2707 924 2778 quodam
954 2715 1223 2780 tempore,
1256 2709 1363 2765 Cor
1395 2728 1567 2766 meum
1595 2713 1970 2768 conturbatum
2008 2724 2110 2780 est,

523 2810 573 2854 at
625 2797 904 2870 dereliquit
953 2816 1034 2855 me
1080 2803 1247 2855 virtus
1299 2819 1450 2867 mea,
1507 2813 1558 2858 et
1610 2805 1787 2860 lumen
1835 2806 2109 2861 oculorum

525 2907 760 2947 nieorum
806 2900 856 2945 et
897 2893 1072 2962 ipsum
1115 2910 1217 2947 non
1258 2905 1374 2949 erat
1436 2912 1657 2952 mecum.
1721 2896 1856 2952 Nam
1902 2901 2112 2970 peccati

527 2995 771 3056 tempore
800 2983 884 3038 vis
923 3001 1041 3039 mea
1075 2985 1412 3052 intelligendi
1456 3003 1562 3042 non
1598 3005 1819 3059 parvam
1855 3005 2114 3062 perpessa

526 3085 616 3134 est
643 3075 1052 3140 confusionem,
1084 3078 1344 3149 perplexa
1388 3087 1442 3134 ct
1474 3081 1771 3136 obscurata
1815 3084 1886 3138 ab
1915 3099 1981 3140 eo
2019 3087 2114 3156 qui

528 3171 740 3242 peccati
780 3170 912 3225 mihi
966 3179 1161 3225 auctor
1209 3171 1406 3227 fuerat.
1466 3173 1620 3229 Tunc
1675 3176 1877 3249 quippe
1912 3179 2112 3235 dereli-

526 3262 648 3333 quit
677 3278 803 3318 eum
835 3263 1012 3318 virtus
1050 3263 1213 3333 ejus:
1241 3281 1352 3320 non
1387 3265 1530 3319 ultra
1556 3267 1702 3320 enim
1738 3268 1922 3325 dicere
1959 3280 2113 3342 pote-

527 3362 634 3417 rat,
671 3353 866 3410 Omnia
899 3369 1112 3423 possum
1146 3356 1200 3410 in
1239 3373 1298 3412 eo
1319 3358 1408 3428 qui
1443 3374 1523 3411 me
1552 3359 1908 3429 confortat”,
1938 3362 2116 3420 victus

527 3447 740 3502 scilicet
788 3463 818 3500 a
872 3456 1024 3504 motu
1068 3448 1258 3512 animi,
1315 3465 1379 3504 ac
1424 3450 1636 3507 vii-ibus
1683 3451 2002 3509 destitutus.
2050 3453 2118 3509 Et

527 3551 660 3592 vero
689 3535 836 3590 aliud
885 3537 1167 3607 quidpiam
1221 3537 1353 3593 mihi
1382 3555 1645 3610 pergrave
1695 3541 1938 3598 oblatum
1984 3553 2112 3600 est:

526 3644 655 3686 nam
687 3629 862 3686 lumen
903 3631 1179 3686 oculorum
1219 3648 1473 3696 meorum,
1503 3631 1580 3704 (id
1608 3641 1728 3688 erat
1764 3634 2119 3705 propheticus

526 3723 776 3796 spiritus,
795 3724 889 3794 qui
920 3724 1116 3781 animae
1135 3723 1256 3793 ejus
1283 3724 1458 3779 visum
1491 3725 1846 3790 illustrabat),
1869 3737 1919 3780 et
1947 3727 2118 3795 ipsum

527 3831 635 3871 non
681 3824 796 3868 erat
841 3831 1087 3869 mecum:
1119 3831 1208 3870 me
1233 3815 1434 3889 quippe
1477 3817 1797 3888 reliquerat,
1843 3833 1906 3873 ac
1935 3835 2118 3876 reces-

529 3917 708 3977 serat;
739 3909 867 3979 quia
910 3910 965 3963 in
1000 3909 1314 3964 malevolam
1349 3911 1584 3963 animam
1617 3927 1721 3965 non
1751 3912 1995 3967 introibit
2028 3931 2120 3968 sa-

525 4003 746 4072 pientia,
807 4018 900 4056 nec
935 4001 1195 4057 habitabit
1238 4003 1288 4056 in
1344 4018 1561 4072 corpore
1616 4003 1827 4059 subdito
1864 4007 2115 4074 peccatis.

528 4096 764 4166 Spiritus
809 4096 946 4150 enim
991 4105 1209 4150 sanctus
1248 4093 1544 4164 disciplina:
1588 4096 1802 4166 e/I'ugiet
1831 4096 2035 4161 dolum,
2069 4105 2120 4153 et

528 4190 734 4261 auferet
761 4207 814 4245 se
844 4208 875 4243 a
902 4189 1312 4260 cogitationibus
1340 4206 1457 4260 qute
1478 4199 1602 4245 sunt
1627 4191 1740 4244 sine
1762 4191 2032 4246 intellectu
2050 4193 2118 4246 ".

530 4286 646 4340 lmo
673 4284 840 4341 etiam
879 4284 972 4354 qui
1006 4293 1168 4339 antea
1207 4283 1372 4337 amici
1401 4291 1456 4338 et
1500 4286 1735 4354 proximi
1782 4285 1902 4355 ejus
1935 4295 2115 4348 erant,

529 4378 626 4450 qui
655 4391 781 4430 cum
809 4375 929 4445 ipso
952 4375 1103 4430 omni
1132 4383 1381 4445 tempore
1413 4375 1706 4446 degebant,
1739 4392 1806 4431 eo
1835 4377 2028 4432 relicto
2055 4381 2120 4432 de

527 4468 684 4541 longe
725 4476 1009 4534 steterunt,
1060 4483 1182 4524 cum
1218 4468 1510 4536 nequirent
1557 4469 1700 4522 ultra
1750 4469 1853 4538 ipsi
1887 4451 2114 4536 adesse;

2219 1981 2360 2035 κατὰ
2405 1979 2601 2051 βάθους
2639 1980 2741 2050 τῆς
2790 1979 2969 2051 ψυχῆς
3010 1978 3254 2050 συνέχειν
3311 1977 3381 2032 τὰ
3407 1976 3806 2048 ἁμαρτήματα.

2220 2075 2417 2142 Ὅλην
2464 2073 2580 2142 τὴν
2624 2072 2854 2142 ἡμέραν
2904 2069 3340 2138 σκυθρωπάζων
3393 2068 3806 2136 ἐπορευόμην,

2217 2165 2307 2220 ὅτι
2333 2167 2371 2234 ἠ
2400 2164 2570 2234 ψυχή
2599 2181 2719 2234 μου
2751 2161 3099 2229 ἐνεπλήσθη
3131 2157 3484 2230 ἐμπαιγμῶν
3501 2155 3810 2227 ἐμπαιζόν·

2215 2274 2354 2312 των.
2387 2257 2622 2329 Νοήσεις
2649 2255 2707 2309 δὲ
2753 2255 2848 2309 καὶ
2879 2253 3074 2317 οὕτως,
3111 2250 3711 2324 προεπισημηνάμενος
3751 2248 3806 2299 ὲν

2215 2349 2284 2418 τῇ
2317 2349 2632 2419 προγραφῇ,
2663 2344 2737 2410 ὡς
2788 2344 2897 2416 ἄρα
2937 2345 3022 2415 εἴη
3055 2345 3143 2410 εις
3171 2341 3542 2412 ἀνάμνησιν,
3586 2338 3809 2402 εἰκότως

2215 2435 2696 2506 ἀναπεμπάζεται,
2759 2435 2854 2488 καὶ¹
2895 2434 2964 2487 τὰ
2991 2433 3160 2486 πάλαι
3205 2429 3356 2500 αὐτῷ
3416 2427 3805 2500 συμϐεϐηκότα

2215 2525 2681 2597 ὲπαναλαμὸάνει.
2740 2525 2988 2578 Διδάσκει
3025 2539 3085 2576 τε
3129 2524 3186 2574 ὲν
3232 2516 3314 2585 οἷς
3340 2521 3561 2590 γέγονε,
3604 2517 3683 2588 τῷ
3710 2515 3808 2586 τῆς

2215 2619 2488 2692 ἁμαρτίας
2513 2619 2709 2690 ὀλίσθῳ
2740 2609 3147 2690 περιπεσὼν,οὗ
3181 2615 3340 2687 χάριν
3374 2613 3474 2668 καὶ
3499 2613 3601 2683 τὴν
3631 2613 3806 2664 πᾶσαν

2215 2713 2450 2764 ποιεῖται
2470 2709 2877 2781 ἐξομολόγησιν.
2901 2710 2994 2772 Εἰς
3020 2707 3194 2762 ταῦτα
3215 2706 3323 2779 γὰρ
3338 2706 3526 2762 πάντα
3555 2702 3807 2776 ἐλήλυθα.

2216 2803 2402 2873 φησιν,
2439 2803 2744 2876 ἐπειδήπερ
2788 2801 2964 2872 καιρῴ
3010 2818 3116 2856 τινι
3172 2801 3233 2855 Ἠ
3265 2799 3489 2868 καρδία
3522 2813 3644 2868 μου
3683 2796 3811 2848 ἐτα-

2207 2895 2427 2964 ράχθη,
2466 2896 2563 2949 καὶ
2609 2891 2992 2966 ἐγκατέλειπέ
3025 2910 3104 2963 με
3135 2893 3171 2960 ἡ
3209 2893 3387 2961 ἰσχύς
3422 2908 3575 2961 μου,
3612 2888 3707 2941 καὶ
3742 2886 3806 2940 τὸ

2215 2987 2341 3057 φῶς
2361 2988 2479 3042 τῶν
2493 2985 2820 3057 ὀφθαλμῶν
2832 3005 2973 3057 μου,
2999 2987 3094 3039 καὶ
3109 2985 3254 3040 αὐτὸ
3277 2987 3388 3038 οὐκ
3402 2981 3626 3055 ﬁat-[181’
3639 2979 3802 3050 ἐμοῦ.

2217 3082 2374 3136 Κατὰ
2412 3082 2521 3154 γὰρ
2552 3082 2642 3136 τὴν
2675 3082 2774 3153 τῆς
2809 3081 3083 3152 ἁμαρτίας
3137 3077 3326 3151 καιρὸν
3363 3079 3424 3132 οὐ
3459 3075 3668 3150 μικρὰν
3709 3075 3808 3127 ὑπ-

2217 3174 2431 3245 έμεινεν
2461 3172 2629 3227 αὑτοῦ
2655 3173 2898 3245 ταραχὴν
2919 3173 2979 3226 τὸ
3007 3171 3370 3242 διανοηταὸν,
3407 3168 3683 3243 συγχυθὲν
3716 3166 3806 3220 καὶ

2220 3267 2493 3322 σκοτωθὲν
2519 3267 2626 3320 ὑπὸ
2647 3265 2740 3320 τοῦ
2771 3266 2869 3338 τὴν
2900 3263 3175 3337 ἁμαρτίαν
3205 3261 3580 3334 ἐνεργοῦντος,
3615 3260 3691 3323 ὼς
3716 3267 3808 3312 καὶ

2219 3364 2298 3426 εἰς
2321 3360 2631 3433 ἀφροσύνην
2672 3361 2857 3412 πεσεῖν
2889 3359 2985 3413 καὶ
3023 3358 3283 3428 πράττειν
3300 3355 3619 3426 ἀφροσύνης
3652 3354 3801 3425 ἔργα.

2220 3453 2354 3507 Τότε
2383 3453 2439 3506 δὲ
2465 3452 2560 3506 καὶ
2585 3451 2973 3520 ἐγκατέλειπεν
3005 3450 3168 3503 αὐτὸν
3191 3450 3226 3522 ἡ
3259 3448 3412 3519 ἰσχὺς
3448 3447 3652 3502 αὐτοῦ·
3683 3446 3806 3498 οὐκ·

2219 3544 2298 3597 ἑτι
2321 3543 2430 3616 γὰρ
2465 3537 2577 3607 οἷός
2602 3560 2660 3596 τε
2677 3539 2743 3614 ἦν
2773 3541 2952 3610 λέγειν
2970 3558 2985 3572 ⁸
3010 3540 3213 3595 Πάντα
3234 3541 3424 3609 ἰσχύω
3441 3537 3612 3604 ἐντῷ
3639 3536 3806 3590 ἐνδυ-

2217 3635 2508 3706 ναμοῦντί
2527 3653 2625 3705 με,
2658 3635 2901 3706 νικηθεὶς
2931 3633 3036 3688 ὑπὸ
3063 3631 3156 3686 τοῦ
3185 3631 3390 3696 πάθους
3427 3633 3524 3685 καὶ
3555 3629 3806 3698 ὲξατονή-

2220 3743 2338 3790 σας.
2361 3727 2472 3782 Καὶ
2502 3725 2629 3780 ἄλλο
2655 3725 2711 3778 δέ
2745 3742 2822 3787 τι,
2846 3723 2997 3794 φησι,
3025 3723 3262 3794 χαλεπὸν
3291 3723 3416 3794 περὶ
3447 3722 3549 3792 ἐμὲ
3581 3719 3769 3789 γέγονε
3787 3733 3802 3748 ·

2225 3819 2296 3874 Τὸ
2349 3819 2458 3890 γὰρ
2516 3817 2640 3890 φῶς
2669 3816 2786 3871 τῶν
2819 3815 3145 3886 ὀφθαλμῶν
3168 3833 3289 3885 μου
3339 3812 3519 3883 (τοῦτο
3555 3812 3614 3866 δὲ
3651 3807 3718 3882 ἦν
3749 3807 3809 3861 τὸ

2221 3912 2558 3987 προφητικὸν
2581 3911 2818 3982 πνεῦμα,
2846 3910 2908 3965 τὸ
2929 3907 3162 3980 φωτίζον
3183 3907 3345 3961 αὑτοῦ
3371 3907 3472 3977 τῆς
3502 3905 3684 3977 ψυχῆς
3715 3903 3809 3973 τὴν

2217 4009 2426 4078 ὅρασιν)
2461 4007 2558 4062 καὶ
2601 4004 2745 4060 αὐτὸ
2796 4006 2906 4058 οὐκ
2945 4000 3024 4073 ἦν
3041 4004 3168 4073 μετ’
3193 4001 3360 4070 ἐμοῦ,
3386 3997 3721 4069 καταλεῖψάν
3743 4011 3806 4066 με

2220 4102 2314 4155 καὶ
2339 4099 2731 4170 ἁναχωρῆσανο
2761 4095 2881 4150 ἐπεὶ
2907 4099 2996 4163 είς
3024 4097 3399 4164 κακότεχνον
3437 4092 3656 4163 ψυχὴν
3700 4092 3806 4142 οὐκ

2218 4195 2629 4250 εἰσελεύσεται
2662 4192 2851 4261 σοφία
2870 4207 2884 4220 ·
2915 4187 3060 4244 οὐδὲ
3095 4187 3443 4254 κατοικήσει
3487 4188 3562 4241 ἐν
3584 4185 3806 4254 σώματι

2219 4285 2522 4355 κατὰῃπεῳ
2556 4284 2899 4354 ἁμαρτίαις·
2933 4281 3104 4352 ἅγιον
3132 4285 3239 4351 γὰρ
3265 4280 3506 4349 Πνεῦμα
3539 4277 3806 4340 παιδείας

2218 4380 2500 4450 φεύξεται
2532 4379 2739 4444 δόλον,
2781 4377 2881 4432 καὶ
2924 4373 3422 4442 ιιπαναστήσεται
3467 4375 3588 4428 ἀπὸ
3648 4375 3804 4439 λογι-

2219 4469 2391 4542 σμῶν
2423 4468 2756 4524 ἀσυνέτων.
2798 4466 2962 4524 Ἀλλὰ
2989 4466 3084 4520 καὶ
3109 4467 3158 4519 οἱ
3183 4465 3448 4537 πρότερον
3470 4462 3638 4517 αὐτοῦ
3667 4461 3804 4530 φίλοι

529 4562 626 4619 sed
668 4561 880 4633 procul,
920 4560 1067 4617 illam
1112 4559 1272 4616 amici
1327 4561 1412 4615 sui
1459 4560 1826 4617 calamitatem
1859 4561 2114 4632 deplora-

2220 4563 2314 4617 καὶ
2375 4561 2602 4632 πλησίον
2641 4559 2829 4621 αὐτοῦ,
2878 4561 2928 4612 οἱ
2973 4558 3064 4611 τὸν
3098 4556 3392 4628 σύμπαντα
3434 4556 3626 4629 χρόνον
3661 4549 3804 4621 αὑτῷ

527 4653 681 4710 baut.
709 4652 945 4719 Quinam
971 4651 1071 4714 illi,
1111 4651 1218 4706 nisi
1250 4653 1344 4722 qui
1382 4667 1557 4722 nuper
1582 4651 1652 4707 de
1684 4653 1846 4709 bonis
1878 4653 2000 4722 ejus
2025 4655 2114 4708 lai-

528 4745 814 4809 tabantur,
844 4743 1099 4800 videlicet
1133 4745 1310 4815 angeli
1335 4745 1462 4800 boni
1501 4759 1566 4798 ac
1597 4744 1834 4800 ministri
1877 4745 1994 4810 Dei,
2022 4748 2113 4817 qui

528 4839 599 4894 de
639 4837 923 4893 hominum
977 4839 1154 4894 salute
1193 4853 1302 4892 una
1347 4837 1584 4908 gaudere
1637 4838 1856 4893 solent?
1905 4840 2118 4904 Quibus

531 4931 725 5002 procul
773 4945 859 4987 me
907 4931 1128 5001 positis,
1185 4930 1278 4984 alii
1322 4930 1546 5001 quidam
1579 4932 1788 5001 peccati
1839 4941 2116 4999 auctores,

531 5038 706 5095 prope
745 5030 958 5080 stantes
998 5025 1107 5077 vim
1149 5022 1421 5079 faciebant
1464 5031 1520 5079 et
1573 5024 1770 5080 anima:
1819 5026 2120 5084 illudcbant

531 5131 685 5171 nit-te.
723 5113 787 5168 Hi
819 5131 1056 5186 namque
1084 5116 1216 5171 olim
1267 5116 1518 5172 sitientes
1553 5117 1875 5188 sanguinem
1913 5137 2118 5186 meum,

532 5218 697 5279 atque
742 5224 773 5262 a
817 5207 996 5278 longis
1044 5219 1195 5265 retro
1223 5211 1564 5280 temporibus
1604 5221 1960 5283 peroptantes
2009 5219 2123 5271 rul-

532 5316 660 5356 nam
681 5299 869 5355 videre
899 5315 1100 5362 meam.
1130 5302 1290 5370 quasi
1314 5301 1779 5371 opportunitatem
1805 5307 1973 5366 nacti,
1996 5321 2120 5360 cum

532 5395 784 5450 viderent
825 5393 1082 5449 virtutem
1129 5408 1306 5449 meam
1360 5410 1448 5450 me
1500 5395 1886 5466 dereliquisse,
1931 5406 1986 5454 et
2038 5399 2122 5454 lu-

531 5500 658 5540 men
707 5485 996 5539 oculorum
1045 5499 1292 5539 meorum
1335 5501 1366 5538 a
1416 5500 1502 5540 me
1540 5487 1859 5550 recessisse.
1905 5488 2115 5543 amicos

532 5592 754 5648 quoque
791 5584 848 5633 et
880 5579 1162 5648 proximos
1210 5578 1370 5647 longe
1419 5588 1681 5643 remotos,
1712 5579 2003 5636 confestim
2051 5581 2126 5635 ir-

535 5678 763 5728 ruentes
791 5671 903 5728 vim
939 5671 1213 5728 faciebant
1245 5671 1442 5727 anima:
1487 5688 1657 5740 mete;
1695 5687 1757 5729 ac
1789 5679 1978 5746 utpote
2020 5689 2128 5728 ma-

611 5855 657 5886 "
695 5851 930 5923 Philipp.
969 5871 1040 5920 Iv,
1080 5852 1165 5910 13.
1241 5853 1286 5887 ³³
1329 5850 1455 5925 Sap.
1495 5865 1550 5923 ι,
1584 5854 1636 5922 4,
1670 5853 1724 5910 5.

2225 4656 2496 4718 συνόντες,
2528 4653 2784 4715 ἐάσαντες
2808 4651 2969 4706 αὐτὸν
2991 4651 3294 4720 μακρόθεν
3314 4650 3608 4715 ἔστησαν,
3632 4640 3801 4699 οὐκέτ’

2225 4748 2374 4821 αὐτῷ
2407 4749 2643 4801 συνεῖναι
2668 4744 2976 4814 δυνάμενοι,
3020 4743 3299 4816 πόρρωθεν
3327 4742 3384 4797 δὲ
3411 4739 3802 4809 ἁποκλᾳόμενοι

2224 4841 2300 4905 ὡς
2323 4840 2524 4894 οἰκείου
2552 4837 2706 4908 φίλου
2736 4836 3045 4908 συμφοράν.
3082 4833 3238 4898 Τίνες
3259 4833 3303 4887 δ’
3329 4829 3467 4904 ἦσαν
3504 4827 3650 4886 οὗτοι
3694 4826 3802 4883 ἀλλ’

2225 4933 2259 5004 ἢ
2309 4933 2356 4986 οἱ
2398 4932 2491 4985 ἐπὶ
2540 4933 2653 4995 τοῖς
2709 4929 2992 5002 προτέροις
3021 4927 3247 4996 ἀγαθοῖς
3289 4925 3454 4980 αὑτοῦ
3504 4925 3802 4996 χαίροντες,

2227 5025 2447 5094 ἄγγελοι
2485 5024 2686 5096 δηλαδὴ
2715 5022 2912 5091 ἀγαθοὶ
2943 5021 3039 5076 καὶ
3071 5021 3374 5092 λειτουργώ⁸
3406 5019 3565 5084 Θεοῦ,
3601 5019 3666 5088 τῇ
3700 5013 3805 5068 τῶν

2229 5117 2532 5189 ἀνθρώπων
2585 5117 2902 5188 συγχαίρειν
2947 5114 3200 5177 εἰωθότες
3241 5113 3523 5184 σωτηρίῃ
3573 5105 3674 5162 Ὧν
3702 5123 3803 5177 μα-

2230 5209 2369 5284 κράν
2399 5228 2498 5282 μου
2529 5210 2856 5280 γενομένων,
2884 5207 3034 5263 ἄλλοι
3060 5207 3205 5272 τινὲς
3231 5208 3330 5277 τὴν
3367 5202 3640 5280 ἁμαρτίαν
3666 5201 3806 5269 ἐνερ-

2230 5302 2476 5373 γοῦντες,
2504 5301 2731 5374 πλησίον
2760 5317 2860 5371 μου
2891 5301 3194 5371 γενόμενοι,
3231 5296 3570 5363 ὲξεΰιάζοντο
3601 5289 3804 5359 καὶτῆς

2229 5396 2368 5466 ὲμῆς
2395 5395 2572 5468 ψυχῆς
2621 5391 2970 5456 κατέπαιζον.
3013 5390 3184 5445 Πάλαι
3211 5389 3320 5460 γὰρ
3359 5379 3502 5440 οὗτοι
3554 5381 3804 5454 διψῶντες

2228 5487 2322 5544 τοῦ
2345 5488 2478 5559 ἐμοῦ
2499 5488 2746 5558 αἵματος,
2788 5486 2881 5538 καὶ
2914 5487 2978 5536 ἐκ
3023 5481 3248 5555 μακρῶν
3290 5479 3497 5552 χρόνων
3532 5474 3804 5547 εὐχόμενοι

2233 5577 2530 5635 θεάσασθαί
2564 5595 2664 5649 μου
2689 5576 2788 5647 τὴν
2818 5574 3044 5639 πτῶσιν,
3061 5573 3259 5627 ὡσανεὶ
3285 5569 3479 5641 καιροῦ
3502 5566 3802 5637 λαϐόμενοι,

2236 5673 2324 5726 ὅτε
2367 5668 2506 5727 εἶδον
2562 5667 2996 5726 καταλείπουσαν
3037 5683 3102 5739 με
3133 5666 3234 5738 τὴν
3266 5665 3442 5737 ἰσχὺν,
3477 5663 3573 5718 καὶ
3611 5659 3672 5714 τὸ
3698 5650 3806 5724 φῶς
