4128 6434
303 383 412 440 355

1448 379 1950 438 COMMENTARIA
1992 381 2060 436 lN
2101 379 2442 436 PSALMOS.

3479 377 3584 432 316

301 503 456 556 τῶνό
469 501 726 575 βωμῶν
781 521 881 576 μοι»
909 503 1272 576 ἀναχωρῆσάν
1306 519 1431 574 μου,
1453 501 1581 566 τούς
1616 519 1676 555 τε
1709 501 1896 571 φίλους

2020 500 2178 564 evoli,
2217 499 2378 553 loculi
2408 505 2532 553 sunt
2561 496 2694 552 mihi
2727 496 3010 560 vanitates,
3041 493 3213 549 malas
3263 493 3400 548 mihi
3437 495 3585 548 intus

307 595 400 649 καὶ
443 595 572 658 τοὺς
607 595 839 666 πλησίον
888 594 1106 667 μακρὰν
1151 593 1512 665 γενομένους,
1554 591 1895 662 παραχρῆμα

303 687 744 760 ἐπιπηδήσαντες
770 687 1113 752 ἐξεδιάζοντο
1139 688 1240 760 τὴν
1272 687 1452 758 ψυχήν
1491 702 1592 756 μου
1623 700 1639 716 ο
1687 683 1782 737 καὶ
1821 682 1900 746 ὡς

301 780 368 834 ἃν
399 782 714 836 ἐϐελόκακοι
757 781 1076 850 ἐλάλησάν
1116 799 1219 851 μοι
1272 780 1697 850 ματαιότητας,
1753 775 1900 829 ένδον

2001 592 2358 663 cogitationes
2394 597 2786 662 suggerentes;
2818 589 2928 642 imo
2953 587 3122 642 etiam
3151 586 3342 642 dolose.
3375 585 3590 642 demul-

2005 693 2192 740 centes
2245 698 2309 738 ac
2347 683 2714 752 decipientes,
2766 681 2927 751 quasi
2976 678 3044 734 ad
3082 677 3224 734 bona
3268 679 3589 734 inescabant

2009 789 2118 839 me,
2148 773 2278 828 dum
2311 773 2367 827 in
2401 783 2683 842 peccatum
2719 771 3090 828 detraherent.

303 873 702 938 ὑποϐάλλοντές
735 891 836 946 μου
863 874 942 937 εἰς
957 873 1056 944 τὴν
1078 871 1258 944 ψυχὴν
1282 870 1550 944 ματαίους
1575 865 1896 938 λογισμούς·
1940 865 2076 920 ἀλλὰ
2105 867 2197 920 καὶ
2225 867 2322 919 σὺν
2350 864 2487 935 δόλῳ
2515 863 2791 933 θέλγοντες
2827 863 2921 918 καὶ
2961 863 3302 929 ἀπατῶντες,
3365 864 3440 927 ὡς
3497 862 3590 918 ἰπὶ

303 965 534 1033 ἀγαθοῖς
559 964 840 1030 ἐδελέαζον
871 965 1226 1032 καθέλκοντές
1270 982 1336 1038 με
1365 967 1444 1028 εἰς
1468 965 1567 1037 τὴν
1599 963 1894 1036 ἁμαρτίαν.

383 1061 536 1132 Ἐγὼ
576 1061 648 1116 δὲ
691 1061 837 1116 ὡσεὶ
899 1060 1100 1130 κωφὸς
1145 1063 1259 1114 οὐκ
1311 1059 1558 1130 ἢκουον,
1603 1049 1700 1112 acui
1749 1055 1894 1110 ὡσεὶ

301 1155 540 1222 Malae
591 1156 705 1209 οὐκ
750 1154 1011 1224 ἀνοίγων
1057 1154 1120 1206 τὸ
1153 1153 1348 1222 στόμα
1397 1151 1605 1206 αὑτοῦ.
1643 1151 1750 1204 Καὶ
1773 1151 1898 1218 ἐγε-

301 1249 505 1317 νόμην
533 1247 678 1300 ὡσεὶ
721 1245 1034 1315 ἄνθρωπος
1070 1247 1182 1298 οὐκ
1208 1245 1465 1306 ἀκούων,
1491 1243 1588 1296 καὶ
1611 1244 1722 1296 οὐκ
1742 1241 1902 1310 ἔχων

299 1341 370 1394 ἐν
427 1339 512 1406 τῷ
565 1341 817 1409 στόματι
873 1337 1060 1391 αὑτοῦ
1107 1336 1422 1406 ἐλετμούς.
1475 1333 1628 1386 Ἐπεὶ
1669 1332 1903 1396 τούτοις,

301 1432 496 1501 φησιν,
535 1429 688 1483 οὐδὲν
751 1427 894 1502 εἶχον
917 1431 1096 1500 λέγειν
1143 1427 1404 1498 αἰσχύνης
1437 1423 1864 1497 πεπληρωμένος
1884 1441 1896 1456 ι

299 1525 464 1578 οὐδὲν
497 1523 608 1594 γάρ
646 1540 737 1594 μοι
770 1523 926 1593 λόγος
976 1517 1042 1594 ἦν
1091 1521 1226 1592 πρὸς
1273 1517 1586 1586 ἀπολογίαν,
1615 1515 1724 1568 οὐδ’
1759 1511 1900 1584 εἶχόν

301 1628 430 1664 τινα
459 1613 572 1674 τοῖς
623 1609 836 1682 ἐχθροῖς
883 1607 1356 1683 προσφθέγγεσθαι
1389 1607 1539 1671 ἅπαξ
1580 1605 1673 1658 ὑπ’
1722 1604 1903 1658 αὐτῶν

301 1703 699 1772 νενικημένοςν
729 1703 828 1756 οὐκ
873 1701 1094 1773 ἐμαυτῷ
1141 1699 1381 1774 θαρρῶν,
1415 1699 1524 1761 οὐδῖ
1574 1697 1740 1769 ἀλλην
1781 1699 1902 1750 τινὰ

305 1795 422 1866 πρὸ
439 1792 738 1864 ὀφθαλμῶν
774 1793 999 1865 θέμενος
1043 1793 1232 1848 ἐλπίδα
1280 1793 1313 1864 ἢ
1373 1793 1452 1858 σὲ,
1481 1792 1552 1846 τὰ
1582 1792 1683 1863 τῆς
1709 1791 1905 1856 ἰάσεως

305 1881 634 1952 ὑπέγραφον
659 1881 901 1952 ἐμαυτῷ.
943 1883 1099 1937 Ἐπεὶ
1149 1879 1240 1937 οὖν
1264 1883 1360 1937 ἐπὶ
1396 1883 1471 1936 σὲ
1509 1881 1765 1950 ἤλπισα,
1792 1883 1907 1936 Κύ-

301 1989 434 2040 ριε,
465 1975 506 2042 ἠ
561 1973 618 2026 δὲ
653 1974 831 2040 ἐλπὶς
868 1977 941 2028 οὐ
988 1976 1412 2045 καταισχύνει·
1456 1975 1544 2028 διὰ
1598 1973 1755 2028 τοῦτο
1791 1975 1906 2026 εἰσ--

303 2061 548 2136 ακούσῃ,
565 2064 648 2116 ὃτι
675 2063 904 2136 θελητὴς
933 2065 1116 2129 ὲλέους
1142 2062 1211 2128 εἴ,
1235 2065 1330 2120 καὶ
1353 2065 1412 2118 ού
1445 2064 1618 2129 Θέλεις
1639 2063 1731 2117 τὸν
1753 2063 1910 2118 θάνα-

305 2174 409 2210 τον
447 2155 542 2210 τοῦ
595 2157 947 2226 ἁμαρτωλοῦ,
999 2157 1074 2222 ὡς
1113 2159 1211 2235 τὴν
1255 2157 1544 2229 μετάνοιαν
1576 2155 1760 2212 αὑτοῦ.
1795 2157 1908 2222 Διὸ,

307 2247 548 2310 ιλπὶσας
594 2249 690 2300 ἐπὶ
739 2246 821 2311 σὲ,
855 2248 1088 2303 ἱκετεύω
1136 2249 1234 2321 τῆς
1277 2248 1428 2322 παρὰ
1464 2247 1557 2302 σοῦ
1611 2247 1910 2320 θεραπείας

303 2341 538 2409 τυχεῖν·
583 2337 828 2405 Μήποτε
883 2339 1216 2409 ἑπιχαρῶσί
1263 2359 1364 2410 μοι
1405 2343 1458 2394 οἱ
1514 2341 1717 2409 ἐχθροί
1766 2359 1906 2411 μου,

307 2433 474 2487 οΰπω
519 2433 618 2504 μὲν
665 2433 776 2503 γὰρ
829 2433 1109 2495 παντελῶς
1151 2433 1451 2504 ἐχάρησαν.
1487 2431 1911 2504 Ἐπιχαροῦνται

309 2527 374 2580 δὲ
394 2567 410 2590 ,
437 2527 486 2578 εἰ
525 2525 600 2596 μὴ
627 2525 846 2597 τύχοιμι
870 2525 966 2578 τοῦ
995 2525 1089 2580 σοῦ
1141 2525 1343 2589 ἐλέους.
1391 2523 1532 2578 Ἀλλ’
1559 2525 1649 2578 ἵνα
1691 2523 1765 2596 μὴ
1793 2525 1912 2576 ὲπι-

309 2619 540 2692 χαρεῖέν
577 2636 666 2690 μοι
692 2619 742 2671 οἱ
769 2617 952 2691 ἐχθροί
989 2635 1112 2690 μου,
1138 2619 1188 2671 οἱ
1217 2618 1314 2690 ἢδη
1341 2619 1434 2672 καὶ
1459 2617 1726 2689 πρότερον
1753 2619 1810 2670 ὲν
1832 2613 1910 2686 τῷ

317 2707 652 2778 σαλευθῆναι
679 2707 846 2772 πόδας
878 2725 978 2780 μου
1024 2709 1696 2780 μεγαλορρημονήσαντες,
1723 2706 1816 2759 ἐπὶ
1853 2705 1912 2758 σὲ

317 2799 652 2870 κατέφυγον,
679 2801 769 2854 καί
793 2818 933 2872 φημι
957 2817 970 2832 ⁶
1009 2799 1106 2869 Μὴ
1139 2799 1646 2869 καταισχυνθείην
1681 2801 1769 2866 εις
1808 2798 1914 2853 τὸν

317 2893 531 2948 αἰῶνα.
551 2893 627 2946 Οὐ
644 2893 752 2964 γὰρ
771 2893 945 2963 πάντη
970 2892 1367 2964 περιετράπην,
1399 2891 1522 2946 οὐδὲ
1552 2889 1754 2962 πτῶμα
1785 2890 1912 2944 έπε-

321 3003 421 3041 σον
443 2985 704 3048 τοιοῦτον,
734 2980 844 3038 οἷον
868 2986 915 3037 οἱ
943 2985 1248 3040 ἀποστάται
1279 3000 1372 3038 σου
1404 2983 1708 3056 γενόμενοι.

323 3184 436 3238 ΕΙΣ
455 3185 546 3238 T0
579 3185 798 3238 ΤΕᾹΟΣ
827 3185 912 3236 ΤΩ
935 3182 1234 3250 ΙΔῙΘΟΥΜ,
1259 3184 1392 3236 mn
1429 3184 1514 3236 ΤΩ
1547 3183 1746 3237 ΔΑΥΙΔ
1777 3184 1909 3236 AH'.

399 3355 608 3427 Πολλὴν
639 3356 698 3410 δὲ
752 3353 1052 3427 ἐμφέρειαν
1097 3353 1317 3426 ἔχειτὰ
1365 3354 1424 3408 ἐν
1463 3357 1529 3426 τῇ
1579 3353 1918 3428 προκειμένῃ

325 3448 443 3520 ᾠδῇ
477 3449 746 3517 λεγόμενα
785 3454 899 3512 τοῖς
939 3450 998 3501 έν
1030 3447 1108 3520 τῷ
1152 3449 1258 3520 πρὸ
1286 3447 1476 3502 τούτου
1511 3446 1731 3519 ψαλμῷ.
1777 3446 1917 3500 Ἀλλ’

327 3543 540 3598 ἐκεῖνον
574 3541 674 3611 μὲν
698 3543 726 3594 ό
761 3538 924 3594 Δαυῖδ
953 3539 1194 3610 ψάλλων,
1239 3541 1324 3606 εὶς
1360 3538 1706 3609 ἀνάμνησιν
1740 3536 1919 3609 ἑαυτῷ

331 3632 688 3686 συνέταττε-ιο
755 3627 903 3696 οὗτος
929 3631 986 3684 δὲ
1033 3631 1131 3703 ἤδη
1178 3631 1272 3687 καὶ
1317 3631 1536 3704 ἑτέρους
1581 3629 1919 3702 παραδίδωσι

327 3723 460 3786 τοὺς
480 3721 548 3775 τὰ
579 3723 740 3793 ὃμοια
767 3719 1102 3783 πεπονθότας
1135 3721 1302 3792 αύτῷ,
1334 3722 1422 3775 διὰ
1457 3722 1556 3792 τῆς
1583 3721 1702 3792 ἴσης
1729 3719 1921 3791 ἐξομο-

329 3815 612 3886 λογήσεως
635 3813 830 3883 ζηλοῦν
851 3814 1012 3866 αὐτὸν
1063 3813 1157 3866 καὶ
1199 3813 1481 3884 μιμεῖσθαι
1523 3811 1794 3866 παιδεύων
1820 3829 1833 3842 ·
1871 3813 1922 3865 εἰ

335 3907 412 3978 μὴ
429 3906 540 3976 ἄρα
568 3907 630 3960 τὺ
659 3906 883 3978 Πνεῦμα
917 3907 977 3960 τὸ
1005 3907 1158 3977 ἅγιον
1187 3907 1276 3961 διὰ
1315 3906 1408 3958 τοῦ
1463 3904 1700 3976 Ἰδιθοὺμ
1748 3903 1923 3957 ταῦτα

331 3998 426 4054 τὸν
453 3997 614 4052 Δαυῒδ
637 3998 884 4066 ἐδίδασκε
911 3999 1110 4067 λέγειν.
1158 3997 1382 4064 Ἠξίωτο
1413 3997 1519 4070 γὰρ
1562 3999 1658 4050 καὶ
1703 3997 1866 4060 αὐτὸς
1897 3999 1925 4050 ό

347 4089 584 4160 Ίδιθοὺμ
613 4087 922 4158 πνεύματος
959 4089 1318 4162 προφτιτικοῦ.
1370 4087 1730 4158 Μανθάνομεν
1758 4087 1814 4140 δὲ
1838 4085 1927 4138 διὰ

332 4183 448 4236 τῶν
482 4183 881 4258 προκειμένων,
909 4184 985 4246 ὠς
1031 4183 1141 4254 ἄρα
1174 4183 1438 4253 προσήκει
1486 4181 1715 4234 ἕκαστον
1751 4178 1926 4249 ἐαυτῷ

333 4277 702 4346 διαλέγεσθαι,
751 4277 884 4348 μηδὲ
937 4276 1252 4348 περιμένειν
1291 4276 1415 4338 τοὺς
1443 4271 1640 4339 ἔξωθεν
1677 4270 1930 4325 διδασκά-

334 4371 484 4434 λους,
539 4371 702 4423 αὑτὸν
730 4370 798 4424 δι’
844 4369 1040 4422 ἑαυτοῦ
1099 4365 1534 4440 προσομιλοῦντα
1579 4363 1657 4434 τῷ
1683 4359 1930 4432 λογισμῷ

335 4464 434 4518 καὶ
462 4465 529 4532 τῇ
567 4463 794 4534 διανοίᾳ.

2075 1047 2241 1104 Vens.
2306 1047 2391 1103 l7.
2449 1045 2559 1116 Ego
2623 1055 2806 1100 autem
2889 1053 3140 1116 tanquam
3203 1045 3399 1102 surdus
3479 1065 3588 1104 non

2005 1139 2304 1202 audiebam,
2359 1147 2404 1193 et
2451 1138 2587 1191 sicut
2633 1146 2808 1189 mutus
2863 1152 2966 1188 non
3019 1136 3257 1204 aperiens
3305 1153 3362 1191 os
3410 1154 3584 1193 suum.

2009 1231 2076 1285 Et
2097 1232 2272 1300 factus
2303 1247 2420 1286 sum
2445 1231 2582 1284 sicut
2613 1229 2766 1281 homo
2798 1244 2902 1281 non
2927 1227 3167 1295 audiens,
3191 1239 3241 1282 et
3264 1245 3369 1282 non
3395 1228 3589 1286 habena

2007 1324 2062 1377 in
2085 1341 2172 1378 ore
2221 1340 2318 1377 suo
2361 1321 2782 1392 redargutiones.
2829 1318 3100 1386 Quoniam
3127 1359 3142 1383 ,
3195 1318 3414 1389 inquit,
3459 1321 3590 1378 mihi

2009 1415 2218 1486 pudore
2276 1413 2508 1476 suffuso,
2558 1412 2696 1466 nihil
2754 1411 3078 1480 suppetebat
3115 1411 3261 1479 quod
3307 1411 3590 1480 dicerem;

2009 1508 2196 1563 nullus
2225 1507 2428 1576 quippe
2473 1503 2540 1558 ad
2571 1503 2947 1558 defensionum
2985 1515 3168 1554 sermo
3208 1502 3590 1566 succurrebat,

2009 1616 2188 1672 neque
2236 1599 2512 1659 inimicos,
2550 1595 2716 1652 semel
2761 1593 2829 1648 ab
2859 1593 2928 1648 iis
2957 1593 3158 1652 victus,
3193 1593 3395 1663 alloqui
3445 1594 3592 1649 vale-

2009 1692 2155 1755 bam,
2185 1690 2318 1746 mihi
2355 1705 2461 1744 non
2501 1687 2694 1748 fidens,
2733 1701 2911 1758 neque
2937 1685 3098 1738 aliam
3130 1690 3328 1753 prmter
3357 1693 3408 1738 te
3441 1699 3591 1754 spem

2009 1799 2120 1856 pra:
2165 1783 2344 1840 oculis
2381 1781 2611 1846 habens,
2665 1779 2810 1832 hunc
2843 1775 2978 1830 mihi
3013 1775 3319 1830 curationis
3371 1776 3593 1830 modum

2009 1874 2344 1946 praescripsi.
2371 1865 2654 1940 'Quoniam
2691 1871 2858 1940 igitur
2901 1869 2955 1924 in
2990 1878 3038 1923 te
3070 1867 3297 1939 speravi,
3351 1867 3592 1934 Domine,

2007 1984 2124 2038 spes
2173 1974 2355 2021 autem
2396 1981 2499 2017 non
2545 1962 2822 2033 confundit
2849 1961 2933 2027 ⁹⁸;
2967 1961 3092 2016 ideo
3141 1959 3425 2022 exaudies,
3466 1962 3596 2030 quia

2011 2056 2452 2112 misericordiam
2501 2055 2606 2119 vis,
2655 2067 2834 2123 neque
2868 2051 2951 2106 vis
2983 2057 3214 2104 mortem
3251 2050 3582 2120 peccatoris,

2012 2150 2106 2208 sed
2145 2147 2520 2220 pmnitentiam
2559 2146 2696 2216 ejus.
2735 2143 2917 2210 Quare
2977 2157 3102 2196 cum
3161 2141 3216 2194 in
3251 2149 3303 2196 te
3342 2156 3596 2212 sperave—

2012 2241 2138 2305 rim,
2175 2240 2407 2296 obsecro
2459 2248 2610 2291 tuam
2663 2236 2797 2290 mihi
2850 2237 3189 2290 curationem
3240 2233 3488 2288 oblinere
3531 2233 3596 2284 Ii-

2010 2331 2498 2404 ceatzNequando
2552 2327 2978 2400 supergaudeant
3035 2325 3166 2380 mihi
3217 2326 3421 2380 inimici
3471 2327 3594 2388 mei,

2010 2429 2256 2484 nondum
2286 2427 2432 2482 enim
2466 2425 2684 2496 penitus
2718 2423 2894 2494 gavisi
2918 2427 3066 2478 sunt.
3107 2419 3598 2492 Supergaudebunt

2012 2529 2216 2586 autem,
2247 2519 2355 2573 nisi
2383 2514 2816 2572 misericordiam
2843 2527 3153 2582 consequar
3178 2519 3327 2564 tuam
3355 2529 3368 2565 :
3405 2509 3500 2564 sed
3529 2526 3599 2565 ne

2011 2611 2452 2685 supergaudeant
2508 2609 2640 2663 mihi
2694 2605 2902 2662 inimici
2957 2605 3084 2668 mei,
3138 2604 3231 2674 qui
3277 2603 3389 2674 jam
3438 2614 3600 2658 antea

2012 2721 2138 2761 cum
2181 2708 2662 2758 commoverentur
2696 2699 2860 2769 pedes
2905 2696 3010 2752 mei
3051 2709 3250 2763 magna
3299 2695 3600 2764 loqueban-

2014 2805 2124 2864 tur,
2149 2795 2218 2850 ad
2245 2803 2299 2852 te
2332 2793 2576 2864 confugi,
2615 2806 2678 2845 ac
2706 2791 2855 2852 dico,
2882 2787 3006 2842 Non
3036 2784 3337 2855 confundor
3367 2786 3420 2839 in
3448 2795 3604 2840 (etcr-

2015 2909 2163 2947 num.
2205 2888 2394 2959 Neque
2439 2887 2584 2942 enim
2627 2883 2846 2954 penitus
2883 2895 3111 2935 eversus
3141 2894 3286 2941 sum,
3331 2893 3506 2948 neque
3543 2878 3600 2932 in

2017 2982 2179 3036 talem
2207 2979 2424 3035 ruinam
2467 2975 2730 3046 delapsus
2769 2971 2986 3042 qualem
3019 2969 3055 3024 ii
3080 2969 3176 3039 qui
3209 2967 3306 3024 abs
3353 2975 3406 3022 te
3445 2983 3602 3038 pror-

1937 3085 1983 3147 c
2015 3089 2112 3130 sus
2149 3071 2490 3127 defecerunt.

2091 3184 2144 3238 1.
2179 3179 2246 3236 IN
2286 3177 2499 3234 FINEM
2541 3168 3254 3300 IDI{Q¥¥EIICANTICUBI
3295 3165 3528 3224 DAVI).

2089 3344 2222 3410 Quae
2251 3341 2307 3396 in
2341 3341 2447 3394 hoc
2491 3337 2708 3394 cantico
2756 3342 2974 3391 exstant
3015 3331 3241 3386 multam
3290 3328 3606 3385 afﬁnitatem

2020 3436 2222 3492 habent
2251 3449 2377 3489 cum
2425 3432 2494 3488 iis
2527 3445 2650 3501 qua:
2693 3429 2747 3484 in
2800 3425 3124 3498 praecedenti
3161 3424 3369 3494 psalmo
3417 3423 3606 3490 legun-

2023 3536 2132 3583 tur.
2169 3525 2276 3582 Sed
2323 3525 2474 3580 illum
2525 3521 2744 3592 quidem
2785 3519 3026 3590 psallens
3053 3515 3220 3570 David
3257 3515 3312 3568 in
3361 3529 3610 3567 rememo-

2024 3623 2285 3676 rationcm
2331 3616 2435 3672 sibi
2479 3611 2819 3684 composuit;
2854 3611 2942 3665 hic
2968 3625 3097 3664 vero
3137 3616 3325 3664 narrat
3354 3607 3493 3662 alios
3531 3607 3608 3660 si-

2023 3715 2176 3769 milia
2207 3725 2524 3784 perpessos,
2560 3722 2700 3778 quos
2723 3705 2789 3760 ad
2819 3704 2904 3759 sui
2933 3703 3293 3757 imitationem
3330 3715 3392 3754 ac
3424 3716 3609 3756 exem-

2024 3807 2174 3876 plum
2202 3803 2270 3860 de
2309 3818 2369 3858 se
2411 3799 2740 3856 sumendum
2769 3795 3033 3851 instituit.
3067 3793 3182 3849 Nisi
3215 3791 3448 3847 fortasse
3483 3790 3609 3862 Spi-

2026 3900 2165 3953 ritus
2205 3903 2433 3952 sanctus
2471 3890 2727 3947 ldithumi
2757 3888 3064 3944 ministerio
3102 3885 3359 3939 Davidem
3395 3883 3460 3936 ad
3494 3883 3608 3937 huic

2026 3990 2260 4046 dicenda
2293 3986 2583 4044 erudierit.
2635 3983 2770 4038 Nam
2823 3981 2940 4052 ipse
2975 3993 3195 4050 quoque
3223 3975 3456 4031 ldithum
3502 3976 3609 4045 sp:-

2027 4083 2134 4138 ritu
2166 4079 2488 4151 prophetico
2533 4075 2789 4144 dignatus
2824 4071 3020 4124 fuerat.
3062 4065 3158 4121 llis
3189 4079 3356 4136 porro
3402 4064 3604 4119 edisci-

2029 4191 2154 4230 mus
2195 4187 2294 4244 par
2325 4185 2449 4226 esse
2483 4167 2729 4236 singulos
2778 4175 2963 4218 secum
2993 4157 3256 4228 colloqui,
3289 4170 3467 4224 neque
3513 4169 3611 4209 ex-

2029 4268 2306 4322 trinsecus
2351 4260 2646 4332 magistros
2687 4261 3030 4326 exspectare,
3081 4249 3176 4306 sed
3223 4247 3516 4304 ratiocinio
3553 4257 3610 4302 et

2031 4357 2361 4432 cogitatione
2389 4367 2672 4411 sermones
2701 4361 2888 4404 secum
2911 4341 3183 4399 conferre.

413 4520 571 4610 Εἷέέα
589 4572 602 4586 ·
633 4520 887 4619 Φυλάξω
913 4553 1018 4621 τὰς
1051 4553 1230 4620 ὁδούς
1243 4571 1382 4622 μου.
1406 4552 1540 4605 Κατ’
1566 4549 1748 4612 αὑτὸν,
1769 4549 1917 4620 φησὶ,

2105 4539 2271 4594 Vens.
2302 4536 2418 4602 2,5.
2459 4533 2587 4587 Dixi
2615 4547 2633 4584 :
2667 4526 2975 4584 Custodiam
3001 4525 3112 4580 vias
3147 4539 3312 4577 meas.
3347 4521 3494 4592 lpso,
3527 4520 3614 4574 in-

335 4647 432 4702 τὸν
459 4647 654 4718 καιρὸν
711 4645 806 4699 τοῦ
851 4644 1184 4716 πειρασμοῦ,
1221 4641 1671 4704 ὲπαναϐαίνοντός
1715 4657 1804 4711 μοι
1836 4637 1930 4692 τοῦ

337 4741 442 4810 τὴν
495 4739 772 4809 ἁμαρτὼν
815 4735 1190 4808 ἐνεργοῦντος,
1219 4733 1334 4803 ἐγὼ
1376 4734 1624 4802 ἔλεγον·
1684 4729 1934 4794 Φυλάξω

339 4833 452 4898 τὰς
491 4831 670 4896 ὁδούς
701 4847 822 4898 μου
865 4827 969 4882 τοῦ
1000 4825 1086 4896 μὴ
1140 4823 1504 4896 ἁμαρτάνειν
1549 4823 1620 4875 ἐν
1679 4821 1931 4891 γλώσσῃ

335 4941 484 4997 μου.
525 4924 660 4978 Τότε
701 4923 761 4978 δὲ
803 4922 906 4976 καὶ
930 4920 1153 4990 ἐθέμην
1189 4917 1268 4983 τῷ
1300 4916 1552 4986 στόματί
1577 4933 1697 4986 μου
1742 4918 1936 4983 gavia"

341 5015 494 5085 κήνη
533 5015 634 5068 καὶ
690 5013 1014 5082 ἐκωφὼθην
1069 5010 1167 5064 καὶ
1210 5008 1632 5076 ἑταπεινώθην,
1667 5006 1764 5060 καὶ
1811 5005 1938 5059 ἐσί-

341 5125 510 5180 τησα
539 5107 610 5171 ἐξ
647 5103 904 5172 ἀγαθῶν.
944 5105 1002 5158 ’0
1023 5103 1080 5157 δὲ
1121 5103 1418 5174 Σύμμαχος
1455 5099 1630 5164 οὕτως
1669 5099 1942 5170 ἡρμήνευ-

347 5213 477 5252 σεν·
507 5195 732 5253 Εἶπον·
768 5195 1024 5261 Φυλὰξω
1052 5193 1156 5262 τὰς
1177 5193 1355 5260 ὁδούς
1369 5211 1511 5263 μου,
1537 5193 1624 5262 μὴ
1654 5187 1940 5262 ἁμαρτεῖν

345 5290 448 5345 διὰ
483 5289 598 5358 τῆς
633 5290 926 5362 γλώσσης
977 5306 1117 5358 μου.
1177 5285 1435 5350 Φυλὰξω
1473 5285 1539 5339 τὸ
1581 5283 1776 5354 στόμα
1817 5299 1938 5351 μου

347 5381 528 5455 φιμῷ,
557 5384 645 5438 ἔτι
676 5381 852 5450 ὄντος
879 5380 1141 5448 ἀσεϐοῦς
1176 5379 1246 5444 ἐξ
1283 5379 1566 5443 ἐναντίας
1591 5394 1730 5446 μου.
1764 5376 1938 5428 Ἀλα-

349 5483 462 5545 Jac
487 5476 784 5548 ἐγενόμην
820 5472 987 5544 σιγῇ,
1017 5471 1365 5540 ἐσιωπήθην
1390 5471 1476 5541 μὴ
1510 5467 1596 5524 ὢν
1623 5469 1694 5523 ὲν
1717 5465 1936 5538 ἀγαθῷ.

363 5573 528 5644 Ὁρᾷς
556 5571 680 5624 τίνα
701 5568 906 5642 τρόπον
938 5567 1034 5639 τὴν
1055 5566 1232 5620 αἰτίαν
1256 5565 1350 5619 τοῦ
1382 5563 1456 5636 μὴ
1480 5561 1685 5634 τολμᾷν
1713 5559 1942 5631 διαίρειν

352 5663 413 5717 τὸ
447 5661 626 5732 στόμα
658 5659 896 5724 ἐδίδαξεν
945 5658 1114 5712 εἰπών
1137 5677 1148 5688 ·
1175 5655 1287 5710 Καὶ
1335 5653 1651 5718 ἐσιώπησα
1696 5649 1764 5714 ἐξ
1799 5649 1943 5719 ἁγα-

2032 4633 2178 4704 quit,
2206 4627 2808 4692 tentationislempore,
2844 4618 3134 4674 invadente
3162 4630 3246 4670 me
3277 4613 3484 4684 peccati
3521 4627 3614 4664 au-

2033 4703 2208 4786 ctore,
2239 4735 2331 4790 ego
2360 4717 2474 4771 dixi
2508 4713 2860 4770 :Custodiam
2885 4711 2998 4764 vias
3029 4724 3195 4762 meas.
3223 4715 3281 4758 ut
3312 4720 3415 4759 non
3445 4703 3610 4757 delin-

2033 4829 2192 4885 quam
2227 4813 2283 4864 in
2312 4809 2491 4877 lingua
2527 4821 2661 4858 mea.
2697 4803 2856 4857 Tunc
2889 4815 3040 4862 vero,
3070 4797 3228 4866 posui
3266 4796 3347 4848 ori
3378 4810 3489 4847 meo
3522 4811 3614 4846 cu-

2035 4903 2267 4960 stodiam
2292 4917 2310 4956 .'
2339 4898 2576 4956 obmutui
2621 4905 2669 4950 et
2706 4894 3017 4948 humiliatus
3046 4907 3188 4954 sum,
3220 4899 3269 4943 et
3301 4887 3428 4943 silui
3459 4905 3490 4942 α
3522 4886 3615 4942 bo-

2035 4999 2140 5054 nis.
2171 4993 2534 5068 Symmachus
2567 4996 2747 5044 autem
2772 4989 2853 5043 sic
2887 4987 3280 5054 interpretatus
3310 4991 3413 5044 est,
3447 4979 3576 5034 Dixi
3595 4995 3614 5034 :

2037 5089 2350 5144 Custodiam
2405 5084 2514 5138 vias
2566 5097 2732 5144 meas,
2765 5087 2822 5131 ut
2875 5093 2979 5130 non
3027 5074 3332 5141 delinquam
3377 5087 3470 5140 per
3512 5071 3616 5124 lin-

2036 5197 2195 5252 guam
2225 5194 2417 5232 meam.
2459 5171 2772 5228 Custodiam
2805 5186 2862 5224 os
2893 5184 3064 5222 meum
3100 5165 3270 5236 freno,
3302 5179 3420 5218 cum
3446 5162 3617 5216 adhuc

2038 5275 2106 5330 sit
2131 5271 2326 5342 impius
2354 5267 2631 5322 adversum
2668 5280 2770 5317 me.
2811 5260 2994 5316 Mutus
3018 5259 3192 5328 factus
3235 5273 3349 5310 sum
3381 5255 3613 5314 silentio,

2043 5365 2186 5421 tacui
2216 5365 2270 5417 iu
2299 5361 2432 5416 bono
2465 5377 2567 5414 non
2608 5357 2862 5412 existens.
2905 5351 3096 5407 Videu‘
3139 5364 3249 5420 quo
3294 5353 3453 5417 pacto
3492 5359 3618 5399 cau-

2039 5475 2156 5515 sam
2190 5455 2400 5519 afl’erat,
2452 5470 2553 5509 cur
2595 5467 2702 5506 non
2751 5448 2950 5503 audeat
2976 5461 3039 5500 os
3089 5442 3301 5514 aperire
3351 5453 3476 5493 cum
3517 5437 3615 5499 ait,

2041 5561 2089 5606 et
2125 5549 2251 5604 silui
2279 5565 2312 5601 a
2347 5546 2532 5608 bonis;
2563 5544 2650 5600 vel
2678 5537 2980 5598 secundum
3014 5531 3420 5608 Symmachum,
3452 5529 3617 5590 tacui,

2045 5645 2100 5697 in
2143 5642 2275 5696 bona
2321 5655 2426 5694 non
2463 5637 2736 5693 existens?
2761 5633 2900 5688 Cum
2930 5630 3076 5686 enim
3105 5627 3159 5682 in
3195 5623 3355 5680 bonis
3385 5635 3496 5677 non
3527 5634 3622 5674 ex—

655 5713 1002 5817 ἐσιωπήθην
1031 5745 1118 5817 μὴ
1165 5745 1249 5801 ὢν
1295 5745 1364 5800 ἐν
1413 5713 1633 5815 ἀγαθῷ,
1678 5713 1818 5796 κατᾶ
1847 5713 1917 5813 ab

2047 5737 2296 5802 isterem,
2341 5744 2522 5802 neque
2559 5726 2816 5792 tlduciam
2852 5722 3127 5786 haberem,
3150 5713 3469 5772 recordatus
3499 5725 3620 5772 sum

433 5912 475 5944 ³⁸
517 5907 675 5966 nom.
711 5925 764 5976 τ’,
