4122 6454
519 358 626 416 357

1231 355 1501 412 EL‘SEBII
1538 352 2019 411 CESARlENSlS
2062 350 2193 408 OPP
2240 336 2418 406 PARS
2445 328 2542 406 Ill.
2587 385 2652 396 —
2693 355 3104 414 EXEGETICA.
3163 381 3172 392 ε

3671 367 3778 422 343

515 472 640 543 ejus
681 472 773 544 qui
807 474 882 528 ait
915 493 928 528 :
958 473 1219 536 Peccasti,
1265 475 1467 544 quiesce
1493 473 1538 504 "
1567 491 1580 526 :
1628 487 1801 542 quam
1835 473 1978 526 tacui
2033 473 2065 524 it

2191 467 2518 541 Σύμμαχον;
2553 470 2643 542 Μὴ
2673 488 2780 544 γαρ
2803 471 2879 526 ὢν
2934 476 2992 528 ἐν
3032 475 3276 545 ἀγαθοῖς,
3301 477 3435 549 μηδὲ
3471 483 3782 554 παρρησίαν

519 563 660 620 bono
691 581 792 618 non
826 566 1075 619 existens.
1138 563 1322 636 Neque
1356 564 1532 618 solum
1573 560 1808 615 obmutui
1835 570 1886 616 et
1917 561 2093 616 nunti-

519 658 683 713 liatus
722 674 840 712 sum
867 666 915 712 et
963 656 1088 710 silui
1115 673 1148 710 a
1193 654 1365 718 bonis,
1412 654 1506 710 sed
1542 654 1728 716 etiam,
1755 653 1907 706 dolor
1949 669 2092 706 meus

513 757 793 804 renovatus
837 757 936 804 est.
971 746 1106 802 Nam
1146 747 1302 802 dolor
1351 747 1548 801 animae
1595 761 1747 809 meae,
1785 752 1839 800 et
1873 745 2030 800 ulcus
2061 760 2093 798 a

515 847 741 911 peccato
787 841 918 894 mihi
952 841 1186 904 illatum,
1219 854 1344 894 cum
1386 839 1443 892 in
1487 839 1655 892 imum
1701 846 1892 908 pectus
1939 836 2094 892 deve-

511 933 706 993 nisset.
733 942 787 987 et
821 931 876 986 in
919 931 1038 998 ipsa
1083 931 1423 986 conscientia
1460 929 1690 986 inﬁxum
1733 937 1901 995 esset,
1939 943 2095 984 reno-

511 1025 762 1090 vabatur,
819 1025 1060 1081 instante
1109 1033 1274 1096 atque
1323 1023 1691 1094 exprobrante
1732 1023 1945 1094 peccati
1992 1037 2092 1076 au-

506 1119 684 1171 ctore.

573 1375 744 1434 Vsus.
777 1377 812 1432 ό
841 1407 868 1421 -
899 1378 955 1434 6.
997 1378 1275 1433 Concaluit
1308 1393 1398 1432 cor
1424 1369 1598 1432 meum
1640 1378 1785 1431 intra
1827 1391 1928 1431 me.
1979 1374 2089 1430 Me-

502 1483 646 1530 mor.
683 1469 886 1538 inquit,
919 1468 1153 1539 peccati,
1187 1468 1356 1522 animi
1388 1467 1632 1537 deliquio
1663 1483 1764 1522 ceu
1794 1467 1918 1537 igne
1939 1481 2088 1520 com-

501 1558 775 1613 hurcbat‘:
806 1560 874 1613 ab
918 1557 1145 1628 ipsaque
1181 1557 1520 1613 conscientia
1560 1557 1844 1620 incensus,
1877 1557 2084 1610 locutus

498 1665 619 1703 sum
645 1650 700 1704 in
728 1649 909 1721 lingua
941 1667 1054 1704 mea
1081 1667 1098 1704 :
1128 1649 1328 1704 Notum
1354 1650 1441 1719 [ac
1470 1651 1620 1716 mihi,
1655 1649 1901 1713 Domine,
1925 1651 2084 1719 ﬁnem

499 1756 695 1796 meum.
732 1741 908 1796 Etiam
937 1751 1062 1814 post
1084 1741 1519 1806 confessionem,
1551 1743 1644 1812 qui
1671 1741 1804 1796 mihi
1831 1741 1956 1796 linis
1998 1740 2076 1794 l'u-

499 1833 659 1880 turus
687 1825 760 1881 sit
792 1827 1038 1881 ediscere
1064 1827 1306 1897 postulo.
1341 1826 1467 1882 Haec
1499 1844 1666 1898 porro
1700 1828 1918 1882 dicebat
1949 1841 2072 1881 cum

496 1917 736 1987 graviter
755 1925 1114 1988 premeretur,
1151 1925 1306 1973 ratus
1326 1925 1734 1987 temporaneam
1765 1919 1907 1973 hanc
1928 1932 2074 1971 mor—
2106 1893 2149 1947 Β

494 2008 767 2078 talemque
798 2007 964 2062 vitam
999 2008 1070 2062 ob
1102 2009 1320 2062 taedium
1356 2009 1772 2079 molestiamque
1804 2008 1924 2079 ejus
1947 2007 2071 2060 diu-

494 2101 871 2155 lurnissimam
903 2115 1046 2155 esse.
1080 2099 1262 2166 Quare
1305 2101 1491 2155 obitus
1521 2101 1624 2155 sibi
1669 2110 1884 2172 tempus
1931 2099 2073 2154 indi-

493 2191 608 2244 cari
639 2191 981 2262 peroptabat,
1031 2198 1091 2245 ut
1143 2200 1372 2261 accepto
1405 2191 1674 2246 libertatis
1706 2206 1770 2245 ac
1813 2193 2072 2245 tentatio-

492 2299 622 2338 num
659 2284 839 2338 exitus
873 2283 1056 2337 fausto
1104 2284 1322 2347 nuntio,
1361 2282 1619 2336 alacriter
1656 2292 1859 2353 ageret.
1895 2283 1950 2336 In
1991 2299 2070 2338 se-

491 2373 792 2442 quentibus
820 2387 950 2428 vero
980 2373 1062 2427 sic
1093 2372 1170 2425 ait
1197 2391 1210 2426 :
1235 2371 1452 2426 Advena
1493 2388 1586 2442 ego
1617 2388 1733 2426 sum
1767 2373 1908 2441 apud
1941 2384 1988 2426 te
2017 2378 2069 2426 et

488 2463 813 2531 peregrinus,
846 2465 980 2517 sicut
1008 2478 1186 2516 omnes
1212 2471 1390 2530 patres
1423 2463 1542 2515 mei.
1580 2460 1714 2514 Ecce
1740 2463 2070 2516 mensurabi-

488 2552 562 2606 les
592 2553 818 2620 posuisti
849 2553 962 2606 dies
1015 2570 1178 2618 meos,
1227 2563 1277 2608 et
1326 2555 1627 2608 substantia
1663 2572 1778 2609 mea
1815 2564 2067 2624 tanquam

488 2643 712 2698 nihilum
746 2653 870 2698 ante
916 2653 983 2698 te.
1032 2643 1140 2699 Pro
1185 2661 1295 2715 quo
1329 2645 1712 2717 Symmachus,
1753 2645 1886 2700 Ecce
1915 2647 2070 2716 quasi

483 2735 752 2804 palmares
798 2735 996 2790 dedisti
1038 2735 1151 2791 dies
1203 2753 1366 2802 meos,
1416 2737 1607 2792 edidit.
1635 2737 1792 2792 Alius
1832 2737 2067 2792 fortasse

484 2827 710 2890 dixerit,
758 2827 1085 2892 παλαιστάς,
1120 2829 1238 2884 sive
1283 2829 1637 2904 adversarios
1667 2828 1786 2885 dies
1824 2829 2066 2885 hominis

486 2927 732 2982 vocatos,
767 2921 896 2990 quia
925 2920 1247 2984 certamine,
1279 2921 1480 2992 πάλης,
1504 2923 1619 2977 sive
1656 2937 1836 2993 pugna
1864 2930 1918 2978 et
1939 2930 2063 2976 ten-

483 3010 786 3084 tationibus
818 3000 1008 3081 r'epleti
1027 3020 1174 3066 sunt.
1200 3011 1573 3084 Deincepsque
1605 3014 1681 3067 ait
1707 3033 1719 3069 :
1747 3013 2065 3069 Substantia

483 3119 601 3156 mea
635 3083 883 3173 tanquam
926 3103 1149 3158 nihilum
1197 3115 1318 3158 ante
1352 3114 1438 3168 te;
1469 3083 1568 3176 pro
1609 3121 1718 3176 quo
1753 3108 1948 3177 Aquila
1980 3110 2066 3163 in-

483 3203 838 3265 terpretatur,
867 3206 917 3250 et
965 3195 1222 3252 demersio
1252 3216 1370 3254 mea
1414 3200 1568 3268 quasi
1596 3217 1700 3254 non
1731 3208 1808 3254 est
1843 3201 1896 3255 in
1937 3218 2054 3255 con-

480 3298 662 3359 spectu
697 3297 814 3353 tuo;
851 3287 1218 3360 Symmachus
1245 3306 1398 3355 vero,
1428 3300 1477 3344 et
1516 3291 1620 3344 vita
1655 3309 1769 3346 mea
1789 3295 1944 3365 quasi
1976 3295 2058 3348 ni-

479 3377 557 3434 hil
589 3397 767 3434 coram
799 3392 867 3434 te.
905 3379 1154 3452 Namque
1187 3387 1362 3436 totum
1403 3385 1529 3439 vita:
1567 3383 1806 3440 hominis
1843 3396 2061 3457 tempus

477 3486 604 3527 cum
657 3473 768 3527 vita
810 3471 904 3526 Dei
954 3481 1119 3543 atque
1175 3475 1393 3529 saeculis
1441 3475 1724 3531 immensis
1771 3479 2057 3546 collatum,

477 3563 638 3635 quasi
669 3564 899 3618 nihilum
935 3572 1021 3618 est
1065 3565 1119 3618 in
1165 3575 1464 3636 conspectu
1503 3566 1616 3621 Dei.
1645 3567 1827 3636 Quare
1857 3570 1965 3622 alio
2003 3571 2054 3624 in

478 3655 601 3710 loco
633 3656 842 3711 dictum
871 3677 883 3712 :
917 3656 1046 3711 Caeli
1087 3657 1349 3726 peribunt,
1384 3669 1437 3712 tu
1471 3667 1646 3713 autem
1675 3677 1971 3730 permanes,
2007 3672 2056 3716 et

476 3763 656 3803 omnes
711 3749 844 3803 sicut
870 3750 1230 3804 vestimentum
1261 3759 1578 3806 reterascent
1605 3769 1623 3806 :
1645 3762 1695 3806 et
1728 3754 1862 3808 sicut
1904 3745 2060 3825 oper?

478 3839 673 3894 torium
718 3841 946 3894 mutabis
975 3858 1061 3898 eos
1089 3850 1138 3895 et
1186 3843 1552 3899 mutabuntur.
1590 3845 1668 3900 Tu
1707 3855 1880 3900 autem
1915 3848 2054 3902 idem

475 3928 588 3998 ipse
614 3947 691 3994 es,
723 3938 772 3983 et
807 3931 934 3984 anni
965 3932 1042 3983 tui
1088 3947 1192 3984 non
1235 3931 1564 4000 deﬁcient".
1596 3932 1704 3988 Sed
1733 3935 1897 3989 etiam
1937 3950 2053 3988 om-

474 4020 566 4074 nia
613 4019 898 4076 bominum
942 4021 1146 4086 studia,
1181 4023 1396 4078 vanitas
1431 4027 1730 4079 vanitatum
1776 4034 1938 4094 sunt;
1975 4034 2049 4088 et,

473 4114 722 4168 universa
759 4116 993 4180 vanitas,
1064 4118 1233 4171 omnis
1279 4116 1431 4170 homo
1465 4118 1676 4181 vivens;
1713 4119 1848 4183 sive,
1882 4122 2050 4175 omnis

473 4203 628 4259 homo
655 4207 996 4271 constitutus,
1043 4207 1344 4262 secundum
1388 4209 1674 4280 Aquilam;
1705 4212 1838 4275 sive,
1882 4215 2049 4268 onmis

473 4297 630 4350 homo
655 4307 827 4358 stans,
856 4297 1157 4353 secundum
1193 4298 1603 4372 Symmachum.
1627 4302 1762 4357 Nam
1789 4306 1882 4374 qui
1906 4322 2052 4362 nunc

472 4398 604 4452 stat,
643 4405 705 4443 ac
737 4390 991 4459 praesenti
1038 4399 1282 4462 tempore
1316 4393 1481 4446 vitam
1524 4393 1790 4458 decurrit,
1833 4399 2048 4454 vanitas

472 4496 606 4536 sane
641 4481 829 4536 fuerit.
866 4481 925 4536 Si
961 4485 1144 4555 itaque
1177 4485 1327 4539 nulla
1353 4485 1665 4542 hominibus
1695 4489 1899 4545 inesset
1922 4508 2048 4562 spes

2196 560 2366 628 ἄγων,
2401 559 2727 632 ἐμεμνήμην
2759 563 2852 616 τοῦ
2878 563 3128 632 λέγοντος
3149 583 3161 594 ο
3199 567 3506 636 Ἦμαρτες,
3543 571 3779 640 ἡσύχα-

2195 670 2312 705 σον
2335 668 2348 681 ·
2374 650 2454 705 διὸ
2482 651 2796 721 ἐσιώπησα
2813 654 2898 725 μὴ
2927 657 3012 710 ὦν
3045 659 3114 711 ἐν
3133 658 3352 728 ἀγαθῷ.
3401 662 3475 714 Ού
3525 662 3684 732 μόνον
3723 663 3780 718 δὲ

2193 743 2514 812 ἐκωφώθην
2547 745 2646 798 καί
2671 747 2931 816 ἐσίγησα
2963 748 3032 812 ἐξ
3086 749 3344 821 ἀγαθῶν,
3371 751 3505 808 ἀλλά
3549 754 3643 807 καὶ
3671 755 3779 810 ἆλ-

2193 835 2350 905 τημά
2367 854 2487 904 μου
2515 836 2926 907 ἀνεκαινίσθη.
2954 840 3028 894 Τὸ
3053 840 3160 914 γὰρ
3194 841 3294 912 τῆς
3320 841 3495 914 ψυχῆς
3548 863 3648 917 μου
3686 846 3779 900 ἀλ-

2193 943 2288 995 γος
2332 927 2426 980 καὶ
2455 928 2516 980 τὸ
2550 928 2614 982 ἐκ
2641 928 2741 1000 τῆς
2781 931 3056 1003 ἁμαρτίας
3085 934 3444 1006 ἐγγενόμενόν
3472 954 3561 1008 μοι
3592 937 3775 1003 ἕλκος,

2192 1018 2334 1072 κατά
2364 1017 2559 1089 βάθους
2618 1020 2956 1092 ἐγκείμενον,
3000 1025 3093 1077 καὶ
3121 1026 3240 1079 κατ’
3265 1026 3434 1098 αὐτῆς
3468 1028 3567 1099 τῆς
3601 1045 3777 1082 συνει-

2190 1107 2396 1180 δήσεως
2449 1111 2913 1180 ἐμπεπηγμένον,
2961 1113 3274 1176 ἀνενεοῦτο,
3323 1115 3778 1182 ἐπαναδαίνοντὸς

2193 1217 2283 1270 μοι
2331 1201 2426 1253 καὶ
2485 1201 2904 1268 ἐπονειδίζοντος
2952 1203 3043 1257 τοῦ
3085 1204 3182 1277 τὴν
3222 1207 3495 1279 ἁμαρτίαν
3542 1209 3777 1281 ἐνηργηο

2190 1294 2364 1357 κότος.

2271 1385 2623 1456 Ἐθερμάνθη
2655 1388 2692 1455 ἡ
2717 1387 2928 1456 καρδία
2951 1407 3070 1458 μου
3089 1391 3262 1458 ἐντός
3274 1409 3415 1462 μου.
3435 1393 3777 1466 Ἀναμιμνη-

2189 1478 2472 1548 σχόμενος,
2505 1477 2662 1548 φησὶ,
2695 1477 2793 1549 τῆς
2816 1479 3110 1550 ἁμαρτίας,
3152 1481 3251 1552 τῆς
3274 1481 3512 1552 ἀθυμίας
3552 1484 3777 1556 ἐνεπιμ-

2187 1570 2412 1642 πράμην
2459 1570 2612 1642 πυρὶ,
2646 1570 2737 1624 ὑπ’
2772 1569 2942 1641 αὐτῆς
2989 1572 3328 1643 πυρούμενος
3370 1575 3472 1644 τῆς
3523 1575 3778 1646 συνειδή-

2187 1660 2673 1728 σεως,Ἐλάλησα
2704 1661 2774 1715 ἐν
2799 1661 3048 1733 γλώσσῃ
3091 1682 3242 1734 μου·
3293 1664 3604 1734 Γνώρισόν
3643 1687 3774 1738 μοι,

2185 1754 2382 1821 Κύριε,
2417 1751 2483 1805 τὸ
2517 1751 2705 1822 πέρας
2727 1771 2868 1822 μου.
2893 1755 3004 1809 Kal.
3053 1755 3190 1826 μετά
3236 1757 3335 1828 τὴν
3381 1758 3775 1830 ἐξομολόγησιν

2175 1845 2362 1897 όποίου
2396 1843 2585 1908 τέλους
2617 1845 2880 1917 τεύξομαι
2915 1847 3107 1918 μαθεῖν
3143 1849 3298 1914 ἀξιῶ.
3332 1851 3677 1924 Βαρούμενος
3713 1853 3776 1906 δὲ

2175 1936 2349 1990 ταῦτα
2377 1937 2553 2006 ἔλεγε,
2574 1937 2674 2010 τὴν
2707 1940 3039 2012 πρόσκαιρον
3073 1943 3169 1996 καὶ
3191 1941 3390 2015 θνητὴν
3419 1941 3565 2016 ζωὴν
3597 1946 3686 2000 διὰ
3707 1953 3773 1999 το

2175 2027 2407 2098 ἐπαχθὲς
2455 2031 2624 2100 αὐτῆς
2670 2031 3020 2103 μακροτάτην
3066 2033 3386 2105 ἡγούμενος.
3429 2036 3520 2090 Διὸ
3567 2053 3771 2109 γνωρι-

2176 2116 2368 2189 σθῆναι
2400 2119 2548 2190 αύτῷ
2574 2119 2664 2172 τὸν
2689 2120 2790 2190 τῆς
2830 2122 3150 2196 ἀπαλλαγῆς
3214 2126 3406 2198 χρόνον
3435 2128 3619 2181 ἐπόθει
3641 2146 3654 2158 ³
3694 2130 3765 2181 ἵν’

2173 2207 2407 2281 εὔθυμος
2455 2211 2684 2280 γένοιτο,
2716 2213 2816 2285 τὴν
2849 2213 2957 2267 ἀπὸ
3000 2215 3109 2268 τῶν
3155 2217 3282 2288 τῇδε
3330 2217 3642 2290 ἐλευθερίαν
3670 2221 3772 2274 καὶ

2170 2299 2278 2352 τῶν
2308 2302 2678 2375 πειρατηρίων
2706 2304 2804 2376 τὴν
2829 2306 3149 2378 ἀπαλλαγὴν
3183 2310 3615 2378 εὐαγγελισθείς.
3651 2313 3769 2364 Καὶ

2171 2393 2228 2446 ἐν
2261 2395 2372 2457 τοῖς
2408 2394 2452 2446 δ’
2485 2395 2610 2466 ἑξῆς
2653 2396 2858 2468 προῖὼν
2903 2397 3116 2468 ἔλεγεν·
3151 2399 3444 2470 Πάροικος
3488 2400 3604 2472 ἐγώ
3645 2404 3766 2472 ειμι

2171 2485 2328 2554 παρὰ
2352 2486 2452 2540 σοὶ
2487 2487 2586 2540 καί
2620 2489 3051 2560 παρεπίδημος,
3079 2492 3274 2560 καθὼς
3303 2493 3524 2561 πάντες
3564 2497 3618 2548 ol
3641 2510 3758 2548 πα-

2170 2571 2334 2640 τέρες
2357 2593 2498 2644 μου.
2521 2576 2664 2630 Ἰδοὺ
2694 2580 3034 2646 παλαιστὰς
3060 2582 3201 2636 ἔθου
3230 2582 3337 2649 τὰς
3367 2584 3591 2653 ὴμέρας
3615 2602 3764 2654 μου,

2171 2666 2269 2718 καὶ
2315 2667 2351 2734 -ὴ
2399 2668 2744 2736 ὑπόστασίς
2775 2689 2895 2739 μου
2941 2673 3083 2726 ὡσεί
3130 2674 3310 2728 οὐθὲν
3338 2675 3596 2728 ἐνώπιόν
3619 2691 3758 2732 σου.

2182 2757 2322 2812 Ἀνθ’
2352 2755 2411 2813 οὗ
2443 2763 2471 2814 6
2511 2761 2827 2834 Σύμμαχος,
2859 2763 3004 2818 Ἰδοὺ
3054 2767 3136 2832 ὠς
3181 2768 3479 2837 σπιθαμὰς
3534 2768 3769 2835 ἔδωκας

2169 2849 2274 2914 τὰς
2327 2849 2554 2918 ἡμέρας
2587 2871 2728 2922 μου,
2765 2856 3248 2922 ἐξέδωκεν.⁸Αλλος
3287 2859 3332 2911 δ’
3359 2859 3424 2913 ἂν
3470 2862 3614 2915 εἴποι
3645 2876 3760 2917 παι

2165 2943 2424 3011 λαιστὰς
2452 2947 2703 3018 εἰρῆσθαι
2727 2948 2825 3014 τάς
2855 2949 2965 3003 τῶν
2999 2951 3299 3024 ἀνθρώπων
3325 2953 3558 3025 ἡμέρας,
3587 2954 3677 3008 διά
3699 2957 3764 3009 τὺ

2169 3036 2566 3112 πεπληρῶσθαι
2620 3041 2789 3107 αὑτὰς
2833 3043 3044 3113 ἀγῶνος
3081 3047 3176 3099 καὶ
3206 3046 3383 3117 πάλης
3418 3049 3513 3101 καὶ
3561 3065 3757 3121 πειραο

2167 3127 2390 3199 τηρίων.
2411 3130 2569 3203 Ἑξῆς
2605 3133 2818 3198 τούτοις
2847 3136 3016 3206 φησί·
3055 3137 3165 3191 Kal
3195 3139 3233 3206 ἡ
3269 3140 3613 3206 ὑπόστασις
3634 3159 3759 3209 μου

2088 3249 2133 3309 c
2165 3224 2309 3278 ὡσεί
2336 3224 2516 3279 οὐθὲν
2538 3223 2796 3280 ἐνώπιόν
2835 3244 2950 3282 σου
2971 3245 2984 3258 ·
3015 3229 3132 3282 ἀνθ’
3151 3225 3212 3282 οἶ)
3245 3231 3273 3282 ό
3307 3231 3538 3296 ’Δκύλας
3567 3235 3720 3307 ήρμή

2163 3333 2348 3369 νευσε·
2381 3317 2490 3371 Καὶ
2531 3319 2568 3387 ἠ
2609 3317 2940 3386 κατάδυσίς
2965 3339 3085 3390 μου
3119 3323 3199 3390 ὡς
3233 3325 3344 3377 οὐκ
3372 3323 3546 3378 ἐστιν
3570 3326 3754 3380 ἐναν-

2159 3407 2292 3460 τίον
2323 3423 2473 3462 σουο
2519 3410 2546 3461 ό
2583 3408 2642 3462 δὲ
2689 3409 3013 3483 Σύμμαχοςο
3049 3412 3158 3466 Kal
3187 3414 3225 3480 ἡ
3255 3414 3476 3480 βίωσίς
3508 3434 3629 3485 μου
3671 3417 3754 3485 ὡς

2159 3495 2342 3549 οὐδὲν
2379 3498 2629 3566 ἀντικρύ
2663 3513 2801 3552 σου.
2823 3501 2879 3553 '0
2927 3502 3035 3574 γὰρ
3085 3505 3189 3567 πᾶς
3221 3505 3318 3575 τῆς
3351 3503 3495 3576 ζωῆς
3541 3505 3759 3578 ἀνθρώ-ι

2144 3603 2262 3639 -που
2291 3588 2501 3658 χρόνος,
2536 3589 3024 3662 παραϐαλλόμενος
3072 3595 3137 3664 τῇ
3181 3594 3274 3646 τοῦ
3325 3595 3458 3648 Θεοῦ
3489 3594 3622 3669 ζωῇ,
3655 3597 3752 3651 καὶ¹

2155 3683 2270 3743 τοῖς
2314 3681 2478 3737 αίῶσι
2519 3687 2634 3747 τοῖς
2667 3685 2940 3757 ἀπείροις,
2969 3684 3159 3757 ὥσπερ
3185 3687 3343 3740 οὐθέν
3370 3689 3485 3742 ἐστι
3515 3689 3751 3743 ἐνώπιον,

2155 3769 2250 3822 τοῦ
2307 3771 2464 3828 Θεοῦ.
2518 3773 2610 3827 Διὸ
2660 3775 2894 3848 ἀλλαχοῦ
2945 3778 3189 3850 εἴρηταιο
3239 3782 3304 3832 Ol
3349 3781 3594 3850 οὐρανοί
3635 3784 3750 3837 (ist--

2154 3863 2435 3916 ολοῦνται
2454 3881 2468 3896 ·
2495 3865 2576 3920 σὺ
2601 3866 2669 3920 δὲ
2693 3867 3012 3938 διαμένεις,
3032 3870 3127 3923 καί
3160 3870 3382 3938 πάντες
3405 3874 3486 3940 ὠς
3515 3874 3750 3943 ἱμάτιον

2157 3956 2680 4022 παλαιωθήσονται
2704 3976 2720 3991 ·
2750 3961 2847 4014 καὶ
2877 3961 3022 4015 ὡσεί
3051 3966 3355 4032 περιϐολαί
3384 3965 3606 4033 ἑλίξεις
3633 3969 3742 4021 αὐ-

2155 4046 2317 4113 τοὺς,
2355 4048 2451 4102 καὶ
2487 4049 2961 4122 ἀλλαγήσονται.
3005 4055 3088 4108 Σὺ
3129 4055 3196 4108 δὲ
3231 4060 3264 4110 ὁ
3307 4057 3492 4126 αὐτὸς
3527 4055 3600 4123 εἴ,
3643 4061 3743 4113 καὶ

2153 4135 2224 4189 τὰ
2266 4138 2369 4205 ἔτη
2414 4156 2531 4194 σου
2577 4143 2689 4195 οὐκ
2734 4143 3150 4213 ἐκλείψουσιν.
3189 4147 3350 4201 Ἀλλά
3397 4149 3493 4202 καὶ
3527 4151 3676 4203 πᾶσα
3707 4153 3741 4224 ἡ

2152 4227 2303 4299 παρά
2317 4229 2627 4302 ἀνθρώποις
2650 4235 2853 4308 σπουδὴ
2880 4239 3178 4308 ματαιότης
3206 4240 3580 4310 ματαιοτήτων
3600 4241 3743 4305 ἐστὶ,

2153 4319 2267 4381 καὶ,
2305 4318 2376 4372 τὰ
2403 4322 2728 4392 σύμπαντα
2753 4329 3099 4394 ματαιότης,
3131 4327 3249 4394 πᾶς
3273 4328 3581 4396 ἅνθρωπος
3605 4327 3746 4394 ζῶν,

2153 4409 2208 4477 ἢ,
2241 4408 2358 4476 πᾶς
2385 4411 2694 4480 ἅνθρωπος
2717 4415 3157 4486 ἐστηλωμένος,
3177 4420 3318 4473 κατά
3341 4419 3431 4472 τὸν
3473 4420 3701 4473 Ἀκύλαν
3719 4438 3732 4451 ο

2149 4499 2206 4568 ἢ,
2231 4497 2350 4566 πᾶς
2369 4499 2680 4569 ἅνθρωπος
2699 4504 2910 4571 ἑστὼς,
2935 4507 3073 4560 κατά
3100 4509 3190 4561 τὸν
3218 4508 3528 4580 Σύμμαχον.
3547 4511 3604 4564 '0
3626 4511 3736 4582 γὰρ

471 4572 924 4641 immortalitatis,
975 4577 1097 4631 vita:
1141 4588 1356 4632 aeterna:
1399 4594 1461 4632 ac
1503 4581 1657 4650 regni
1693 4584 1980 4648 ccelorum,
2018 4603 2048 4640 e

2165 4589 2244 4642 μῦν
2273 4591 2442 4656 ἑστὼς
2469 4594 2563 4646 καὶ
2587 4597 2616 4648 ό
2642 4596 2784 4650 κατά
2817 4598 2908 4651 τὸν
2932 4600 3172 4671 παρόντα
3201 4572 3389 4672 χρόνον
3535 4572 3734 4674 θνητὴν

469 4679 532 4720 re
555 4679 687 4720 sane
724 4673 1007 4736 putaretur
1037 4669 1251 4724 vanitas
1281 4687 1402 4725 esse
1432 4673 1611 4728 omnis
1639 4673 1800 4730 homo
1827 4677 2034 4734 vivens.

2145 4682 2224 4736 ἔτι
2260 4683 2404 4756 ζωὴν
2438 4685 2728 4752 διεξανύων
2779 4693 3079 4762 ματαιότης
3123 4693 3188 4746 ἂν
3232 4695 3336 4765 εἴη.
3376 4697 3438 4747 Εί
3482 4695 3612 4764 γοῦν
3659 4696 3733 4766 μὴ

469 4757 724 4864 ἀπέκειοτό
754 4761 1173 4864 τιςρνθρὼποις
1217 4764 1370 4827 ἐλπὶς
1417 4766 1736 4836 ἀθανασίας,
1788 4774 1882 4826 καὶ
1931 4774 2075 4848 ζωῆς
2112 4781 2330 4833 αἰωνίου
2366 4781 2642 4852 βασιλείας
2669 4803 2726 4838 τε
2753 4757 3315 4858 ούρανῶιέύλὸγωςΙ
3345 4790 3410 4844 ἂν
3473 4757 3729 4864 ἐνομίσθη

473 4852 700 4922 μάταιόν
732 4871 783 4906 τι
816 4849 953 4909 εἶναι
994 4858 1102 4920 πᾶς
1137 4857 1420 4928 ἄνθρωπος
1452 4860 1580 4923 ζῶν.

541 4945 707 5002 Vens.
746 4949 823 5003 8-
860 4950 948 5004 12.
990 4949 1055 5004 Et
1090 4968 1225 5005 nunc
1269 4971 1385 5023 qua:
1421 4966 1499 5009 est
1534 4962 1854 5027 exspectatio
1902 4981 2039 5029 mea,

468 5054 638 5095 nonne
693 5041 990 5099 Dominus?
1037 5051 1146 5099 etc.
1186 5045 1311 5100 Haac
1355 5062 1521 5115 porro
1571 5051 1650 5105 sic
1685 5055 1854 5108 edidit
1883 5056 2042 5129 Sym-

469 5129 735 5185 machus:
771 5130 930 5186 Nunc
959 5135 1123 5204 igitur
1168 5134 1291 5206 quid
1355 5151 1614 5208 exspecto,
1682 5142 1930 5204 Domine?
1963 5165 2042 5204 rc—

469 5221 679 5301 ntansio
735 5239 847 5277 mea
882 5225 937 5276 in
989 5234 1036 5279 te
1092 5236 1184 5282 est.
1228 5228 1304 5282 Ab
1369 5231 1608 5286 omnibus
1667 5242 2044 5307 transgressio-

470 5311 622 5368 nibus
672 5315 799 5369 meis
854 5315 1048 5371 redime
1113 5336 1221 5384 me,
1293 5323 1708 5390 eaprobrabilcm
1777 5330 2043 5399 insipienti

466 5419 533 5460 ne
574 5419 738 5474 ponas
772 5423 872 5461 me.
931 5407 1115 5464 Mutus
1161 5413 1336 5481 factus
1387 5431 1527 5480 sum,
1584 5435 1689 5471 non
1741 5423 1938 5489 aperies
1982 5441 2039 5480 os

469 5509 638 5548 meum
664 5512 683 5550 :
715 5507 769 5549 tu
799 5499 936 5551 enim
974 5500 1168 5568 fecisti.
1199 5500 1331 5558 Post
1363 5520 1426 5559 ea
1459 5522 1580 5576 qua:
1613 5511 1868 5580 superius
1895 5513 2040 5569 dicta

468 5592 620 5651 sunt,
652 5585 750 5651 ait,
785 5587 922 5641 nihi1
966 5590 1098 5644 mihi
1151 5593 1424 5662 relictum,
1462 5595 1709 5666 Domine,
1755 5601 1859 5656 nisi
1895 5611 1954 5656 ut
1989 5613 2038 5662 te

539 5764 585 5796 "
625 5764 758 5822 Gen.
798 5783 870 5836 tv,
909 5769 958 5836 7,
1007 5788 1116 5828 sec.
1153 5770 1314 5831 LXX.
1394 5777 1438 5815 ’⁷
1482 5775 1621 5834 Psal.
1660 5795 1746 5844 Cl,
1781 5780 1964 5850 27,28.

2220 4969 2327 5022 Kal
2353 4969 2469 5023 νῦν
2490 4973 2582 5039 τίς
2615 4975 2650 5041 ἡ
2682 4973 2954 5044 ὑπομονὴ
2979 4994 3118 5046 μου,
3143 4959 3278 5045 οὐχί
3304 4980 3551 5047 Κύριος;
3592 4982 3650 5034 '0
3673 4981 3729 5035 es

2153 5060 2444 5133 Σύμμαχος
2473 5064 2643 5129 οὕτως
2676 5066 2744 5119 τὰ
2775 5068 3109 5138 προκείμενα
3141 5069 3367 5132 ἐξέδωκε
3404 5073 3569 5144 ῥητὰ·
3599 5072 3728 5126 Νῦν

2147 5147 2260 5205 οὖν
2300 5155 2356 5206 τί
2395 5155 2728 5222 προσδοκῶ,
2774 5158 3081 5222 Δέσποτα;
3121 5163 3158 5228 ἡ
3193 5162 3461 5232 ἀναμονή
3489 5182 3609 5233 μου
3639 5170 3727 5232 εἰς

2149 5242 2222 5295 σέ
2265 5245 2607 5301 ὲστιν.Ἀπὸ
2649 5247 2861 5302 πασῶν
2911 5249 3029 5304 τῶν
3075 5252 3332 5307 ἀθεσιῶν
3357 5273 3476 5325 μου
3507 5255 3725 5321 ἐξέλοι)

2145 5353 2242 5403 με,
2284 5337 2699 5392 ἐπονείδιστον
2751 5339 2960 5410 ἄφρονι
3000 5344 3085 5413 μὴ
3137 5345 3322 5416 τάξῃς
3365 5351 3722 5418 με.”Α.ιαλι)ς

2146 5427 2458 5497 ἑγενιῄιιην,
2485 5433 2594 5484 οὐκ
2613 5432 2874 5499 ἀνοίξεις
2899 5435 3090 5505 στόμα
3114 5455 3254 5506 μου·
3283 5440 3364 5494 σὺ
3390 5441 3500 5510 γὰρ
3519 5443 3722 5509 ἐποίη-

2143 5535 2278 5586 σας.
2303 5521 2456 5575 Μετά
2483 5522 2550 5576 ea
2586 5523 2988 5599 προλελεγμένα
3012 5531 3208 5596 πάντα,
3234 5533 3419 5602 φησὶν,
3443 5533 3595 5587 οὐδέν
3628 5551 3720 5603 μοι

2141 5609 2405 5677 λείπεται,
2441 5608 2484 5668 ὦ
2519 5614 2713 5688 Κύριε,
2742 5617 2773 5689 ἢ
2827 5619 2883 5673 σέ
2926 5621 3226 5694 προσδοκᾷν
3279 5623 3370 5678 καὶ
3417 5626 3499 5690 είς
3532 5625 3590 5680 σὲ
3620 5624 3720 5692 τὰς
