4122 6454
336 385 448 443 3-ιῖ

1469 379 1980 440 (ΖΟΜΜΕΝΤΑΒΙΑ
2021 381 2092 437 IN
2131 381 2480 440 PSALMOS.

338 501 562 565 ἐλπίδας
590 499 763 572 ἔχειν’
789 494 944 574 παρὰ
967 497 1062 552 σοῦ
1092 497 1204 569 γάρ
1230 498 1328 570 τῆς
1355 497 1538 570 ψυχῆς
1562 501 1598 570 ἡ
1628 497 1906 559 ὐπόστασίς

2027 506 2340 568 exspectem
2383 507 2438 555 et
2487 498 2543 553 in
2591 506 2644 555 te
2688 515 2838 570 spem
2889 500 3121 557 habeam
3157 518 3172 557 :
3205 518 3332 558 nam
3379 507 3522 576 apud
3565 517 3619 564 to

338 597 475 648 ἐστι.
513 593 606 646 Διὸ
648 591 837 664 δέομαι
865 591 959 645 καὶ
990 590 1220 644 ἱκετεύω
1249 589 1683 662 ἐλευθερωθῆναί
1721 607 1788 662 με
1816 590 1925 644 τῶν

338 685 464 756 τῇδε
512 683 721 746 κακῶν,
748 685 843 738 καὶ
885 683 995 736 τῶν
1044 681 1281 753 ἀνομιῶν
1317 699 1417 754 μου
1451 681 1924 754 ρυσθῆναι.”Απαξ

335 777 446 847 γὰρ
473 777 871 848 περιπέπτωκα
902 777 1118 848 ἀφρονι,
1148 775 1277 847 περὶ
1305 767 1366 830 οὗ
1397 777 1492 830 καὶ
1523 776 1782 848 ἀνωτέρω
1811 775 1923 828 ἐλε-

335 884 431 935 γον
449 884 462 897 ·
504 868 607 922 Ἐν
655 866 737 934 τῷ
776 867 1081 936 συστῆναι
1125 866 1235 921 τὸν
1270 866 1622 937 ἁμαρτωλὸν
1668 866 1924 920 ἐνώπιόν

332 978 474 1030 μου,
512 959 854 1030 ἐκωφώθην,
882 961 983 1015 καὶ
1011 959 1415 1028 ἐταπεινώθην
1441 961 1540 1014 καὶ
1567 960 1827 1030 ἐσίγησα
1851 957 1921 1024 ἐξ

334 1051 592 1123 ἀγαθῶν.
635 1053 842 1108 Δύτίκα
870 1054 1000 1123 γοῦν
1043 1052 1322 1126 ἀφροσύνῃ
1353 1052 1679 1125 παραδοθεὶς
1721 1052 1920 1122 γέγονα

334 1145 695 1209 ἐπονείδιστος
711 1163 725 1177 ο
761 1146 984 1210 εἰκότως
1015 1142 1129 1210 οὖν,
1152 1147 1228 1212 ὡς
1253 1147 1319 1201 ἂν
1347 1144 1710 1216 γνωσιμαχῶν
1733 1145 1817 1215 ἐφ’
1839 1139 1920 1209 οἷς

332 1237 600 1308 ἥμαρτον,
630 1235 953 1307 ἐκωςοὼθην
973 1237 1070 1292 καὶ
1092 1239 1204 1292 οὐκ
1231 1236 1446 1306 ἦνοιξα
1466 1236 1533 1290 τὸ
1569 1237 1760 1305 στόμα
1775 1253 1916 1304 μου,

333 1328 424 1382 ὄτι
467 1329 548 1383 σὺ
592 1329 904 1396 ἐποίησας.
921 1329 978 1383 '0
1025 1329 1134 1400 γάρ
1185 1329 1276 1394 σὸς
1329 1328 1492 1397 φόὸος
1539 1327 1802 1398 κωφῶσαί
1847 1343 1914 1398 με

332 1423 580 1492 ἐποίησε,
609 1421 860 1493 πλήττων
899 1438 965 1492 με
1012 1422 1099 1491 ἐφ’
1131 1414 1214 1484 οἷς
1250 1420 1518 1492 ἥμαρτον,
1555 1420 1650 1474 καὶ
1688 1436 1916 1473 κατασι-

330 1511 514 1580 γάζων
544 1513 678 1585 πρὸς
713 1513 774 1566 τὺ
801 1513 876 1584 μὴ
911 1511 1267 1583 φθέγγεσθαι.
1287 1512 1432 1565 Ἀντὶ
1460 1511 1518 1565 δὲ
1541 1509 1656 1574 τοῦ,
1687 1509 1917 1575 ὄνειδος

330 1604 546 1674 ἄφρονι
578 1603 807 1671 ἔδωκάς
849 1621 946 1674 με,
975 1605 1004 1657 ὁ
1045 1605 1143 1676 μὲν
1188 1603 1439 1668 Ἀκύλας,
1469 1601 1699 1667 ὄνειδος
1733 1601 1916 1669 ἀπορ-

327 1697 548 1764 ῥέοντι,
567 1697 722 1769 φησὶ,
741 1696 826 1767 μὴ
853 1696 967 1766 θῇς
989 1714 1066 1767 με
1089 1714 1103 1727 ·
1138 1699 1167 1750 ὁ
1191 1697 1248 1751 δέ
1278 1697 1592 1768 Σύμμαχος,
1622 1691 1912 1748 ἐπονείδι-

329 1804 482 1842 στον
531 1787 746 1858 ἄφρονι
788 1788 874 1859 μὴ
922 1788 1041 1856 δῷς
1081 1806 1187 1859 με’
1232 1791 1266 1860 ἡ
1317 1789 1375 1842 δέ
1405 1788 1628 1858 πέμπτη
1673 1783 1910 1847 ἐκδοσιςο

2033 596 2118 644 est
2152 591 2468 646 substantia
2502 591 2721 647 animm.
2776 590 2958 657 Quare
3003 593 3255 663 supplico
3289 609 3354 648 ac
3387 608 3521 666 rogo
3552 599 3617 650 li-

2033 679 2216 734 berari
2248 696 2335 736 me
2366 681 2436 736 ab
2476 681 2627 737 hisce
2657 681 2839 748 malis,
2871 688 2928 736 et
2961 682 3031 736 ab
3059 683 3447 754 iniquitatibus
3479 689 3617 743 meis

2031 769 2190 840 eripi.
2236 767 2415 826 Semel
2444 772 2589 826 enim
2636 771 2982 842 insipientem
3025 772 3228 830 offendi
3259 779 3327 831 de
3368 793 3480 847 quo
3519 795 3615 834 su-

2031 861 2218 932 perius
2251 860 2498 917 dicebam
2529 882 2542 918 :
2573 861 2705 918 Cum
2733 864 3041 920 consisteret
3065 875 3307 935 peccator
3332 867 3614 924 adversum

2031 968 2135 1016 me,
2176 953 2415 1006 obmutui
2457 965 2505 1008 et
2538 955 2853 1009 humiliatus
2900 974 3040 1022 sum,
3076 968 3127 1012 et
3168 961 3295 1014 silui
3350 978 3380 1015 a
3436 963 3609 1018 bonis.

2032 1043 2338 1100 Confestim
2393 1046 2577 1118 itaque
2627 1048 2960 1118 insipientia:
3005 1051 3267 1116 traditus,
3310 1055 3612 1123 probrosus

2027 1138 2255 1196 eﬂectus
2290 1155 2410 1195 sum
2442 1159 2455 1194 :
2495 1140 2620 1210 jure
2663 1155 2794 1210 ergo
2831 1153 3113 1211 peccatum
3149 1153 3202 1200 et
3233 1145 3608 1201 infirmitatem

2027 1247 2334 1302 agnoscens
2364 1248 2564 1297 meam,
2605 1234 2841 1288 obmutui
2865 1246 2912 1291 et
2957 1253 3060 1290 non
3094 1239 3276 1305 aperui
3326 1255 3383 1292 os
3415 1255 3607 1305 meum,

2024 1326 2275 1395 quoniam
2311 1338 2366 1379 tu
2394 1326 2586 1392 fecisti.
2611 1325 2800 1381 Timor
2831 1331 2978 1384 enim
3008 1331 3084 1384 tui
3118 1345 3204 1384 me
3230 1331 3609 1387 obmutescere

2026 1415 2175 1482 fecit,
2213 1434 2408 1489 meque
2445 1419 2517 1474 ob
2573 1429 2800 1488 peccata
2851 1436 2972 1475 mea
3006 1422 3259 1492 perculit.
3316 1429 3370 1477 et
3420 1431 3608 1480 tacere

2025 1510 2175 1572 fecit,
2213 1519 2274 1565 ut
2304 1527 2412 1566 non
2444 1513 2586 1566 ultra
2619 1512 2892 1582 loquerer.
2921 1513 3026 1569 Pro
3056 1516 3149 1569 illo
3178 1522 3384 1578 autem,
3413 1531 3606 1586 oppro-

2024 1604 2197 1658 brium
2232 1605 2504 1674 insipienti
2531 1605 2726 1659 dedisti
2751 1623 2832 1660 me
2843 1623 2862 1671 ;
2894 1606 3112 1677 Aquila,
3145 1607 3483 1677 opprobrium
3511 1607 3606 1665 de-

2021 1695 2210 1762 ﬂuenti
2243 1711 2306 1748 ne
2335 1711 2500 1764 ponas
2556 1711 2674 1759 me;
2712 1695 3077 1769 Symmachus
3113 1715 3263 1764 vero,
3312 1702 3600 1770 exprobra-

2023 1787 2178 1840 bilem
2202 1787 2474 1856 insipienti
2506 1805 2570 1843 ne
2613 1805 2782 1858 ponas
2825 1805 2940 1853 me;
2970 1790 3162 1858 quinta
3189 1791 3380 1855 editio,
3415 1807 3606 1862 appro.

328 1879 559 1946 ὄνειδος
587 1880 799 1949 ἄφρονι
840 1879 927 1949 μὴ
969 1878 1088 1946 δῷς
1127 1881 1410 1951 με.”οπερ
1437 1877 1781 1950 παράκλησιν
1812 1877 1906 1947 ἐμ-

2018 1877 2185 1931 brium
2211 1879 2478 1948 insipienti
2505 1897 2568 1934 ne
2589 1880 2794 1934 dederis
2831 1897 2931 1936 me.
2957 1879 3112 1946 Quod
3139 1881 3258 1951 ejus
3286 1884 3378 1953 qui
3408 1900 3604 1955 pecca-

331 1971 508 2042 φαίνει
531 1971 622 2025 τοῦ
649 1972 1050 2044 ἡμαρτηκότος,
1077 1971 1413 2036 ἱκετεύοντος
1442 1970 1515 2042 μὴ
1545 1969 1910 2042 παραδοθῆναι

327 2072 408 2132 είς
452 2068 753 2138 ὀνειδισμὸν
780 2065 996 2138 ἄφρονι.
1027 2067 1092 2119 Et
1119 2065 1162 2118 δ’
1194 2064 1356 2128 αὐτὸς
1384 2065 1412 2117 ὁ
1449 2061 1652 2134 Κύριος
1683 2059 1911 2132 παραδί-

325 2157 488 2210 δωσιν
521 2157 714 2228 ἄφρονι
737 2156 827 2208 τδν
855 2153 1230 2226 ἡμαρτηκότα,
1265 2151 1618 2217 ὀνειδίζεσθαι
1647 2151 1783 2222 πρὸς
1813 2149 1910 2202 αύ-

326 2247 442 2311 τοῦ,
473 2249 566 2301 καὶ
606 2246 762 2302 τοῦτο
809 2245 874 2300 ἂν
917 2246 1092 2310 εἴποις
1137 2247 1224 2298 ἐπ’
1250 2244 1486 2316 ὠφελείᾳ
1534 2243 1777 2313 γίνεσθαι
1811 2239 1906 2295 τοῦ

325 2338 744 2410 ὀνειδιζομένου,
779 2337 857 2401 ὡς
883 2338 971 2399 ἀν,
1003 2336 1356 2408 κακούμενος,
1384 2334 1605 2406 μείζονα
1634 2334 1911 2402 ποιήσοιτο

324 2435 426 2504 τὴν
453 2434 547 2487 ἐπὶ
574 2433 688 2495 τοῖς
714 2427 1122 2502 ἡμαρτημένοις
1147 2428 1530 2500 ἐξομολόγησιν
1547 2443 1561 2457 ·
1592 2427 1730 2498 ὅπερ
1754 2423 1908 2495 ἠξίου

327 2528 406 2600 μὴ
449 2525 637 2580 παθεῖν
687 2526 716 2579 ὀ
765 2522 946 2587 Δαυτδ,
976 2523 1051 2587 ὡς
1084 2523 1261 2576 πάντα
1306 2522 1560 2594 πράττων
1591 2519 1660 2572 τά
1687 2517 1764 2588 τῷ
1791 2517 1909 2588 Θεῷ

324 2617 532 2690 ἀρεστά
554 2617 613 2683 ἐξ
645 2614 858 2670 ἐαυτοῦ.
877 2615 1249 2682 Ἀπόστησον
1269 2614 1370 2668 ἀπ’
1393 2611 1540 2681 ἐμοῦ
1570 2610 1677 2677 τὰς
1697 2607 1910 2678 μάστιε

320 2710 433 2784 τάξ
463 2716 607 2765 σουο
640 2709 760 2765 ἀπὸ
786 2706 896 2777 γὰρ
919 2705 1032 2774 τῆς
1056 2703 1254 2776 χειρὸς
1277 2704 1387 2771 τῆς
1409 2704 1624 2774 ἰσχύος
1655 2717 1772 2756 σου
1793 2699 1908 2771 ἐγὼ

320 2803 605 2870 ἐξέλιπον
624 2819 639 2833 ·
685 2803 754 2854 ἐν
785 2798 1059 2870 ἐλεγμοῖς
1082 2797 1232 2865 ὑπὲρ
1255 2797 1507 2866 ἀνομίας
1541 2793 1909 2859 ἐπαίδευσας

320 2897 654 2964 ἄνθρωπον,
685 2893 782 2947 καὶ
819 2891 1109 2958 ἐξέτηξας
1136 2890 1216 2955 ὡς
1251 2887 1527 2957 ἀράχνην
1551 2885 1667 2954 τὴν
1693 2884 1909 2955 ψυχὴν

317 2988 529 3052 αὐτοῦ,
553 2987 720 3056 πλὴν
735 2985 937 3056 μάτην
964 2984 1082 3050 πᾶς
1105 2982 1437 3050 ἄνθρωπος·
1461 2979 1793 3048 διάψαλμα.

402 3103 491 3156 Ἐν
546 3102 644 3172 μέν
683 3100 766 3172 τῷ
816 3101 922 3170 πρὸ
972 3098 1161 3152 τούτου
1192 3093 1395 3167 ψαλμῷ
1425 3095 1684 3165 παρεῖχεν
1715 3091 1907 3146 ἐαυτὸν

2013 1972 2092 2025 vit
2141 1970 2579 2042 deprecationem
2623 1973 2864 2036 exhibet,
2915 1974 3162 2044 rogantis
3196 1991 3265 2030 ne
3301 1976 3355 2030 in
3403 1992 3603 2048 oppro-

2013 2061 2191 2116 brium
2222 2062 2499 2131 insipienti
2527 2063 2794 2117 tradatur.
2829 2063 2985 2130 Quod
3018 2065 3062 2119 si
3092 2067 3312 2135 quando
3337 2066 3600 2125 Dominus

2011 2164 2325 2226 peccantem
2376 2155 2662 2224 insipienti
2694 2156 2894 2223 tradat,
2934 2165 2994 2210 ut
3043 2158 3357 2227 opprobriis
3407 2161 3477 2214 ab
3523 2176 3597 2215 eo

2011 2245 2311 2300 afﬁciatur:
2345 2245 2582 2316 idipsum
2609 2245 2666 2299 in
2694 2247 2983 2302 utilitatem
3013 2247 3134 2317 ejus
3157 2249 3250 2318 qui
3282 2251 3599 2320 opprobriis

2011 2346 2276 2392 oneratur
2298 2339 2485 2404 vertit,
2519 2345 2577 2393 ιιι
2607 2346 2834 2393 vexatus
2872 2339 3133 2408 majorem
3159 2340 3374 2395 emittat
3402 2342 3469 2397 de
3500 2342 3600 2397 ad-

2015 2431 2204 2486 missis
2248 2433 2488 2501 peccatis
2539 2431 2965 2488 confessionem.
3003 2432 3156 2499 Quod
3196 2449 3265 2489 ne
3319 2444 3600 2506 pateretur

2008 2520 2179 2576 David
2209 2524 2458 2594 rogabat,
2491 2532 2681 2594 utpote
2704 2526 2798 2595 qui
2830 2526 3014 2578 omnia
3049 2541 3149 2596 pro
3172 2526 3387 2583 viribus
3409 2535 3596 2600 ageret

2008 2627 2130 2682 quae
2159 2612 2270 2669 Deo
2299 2615 2498 2685 placita
2527 2624 2766 2686 putaret.
2804 2614 2999 2670 Amore
3022 2633 3055 2670 a
3089 2633 3170 2672 me
3207 2618 3396 2688 plagas
3448 2629 3591 2676 tuas.

2008 2703 2052 2758 Α
2080 2705 2394 2774 fortitudine
2423 2707 2561 2760 enim
2607 2724 2798 2762 manus
2832 2717 2938 2762 tua:
2968 2726 3061 2780 ego
3087 2710 3254 2779 defeci
3280 2728 3298 2765 :
3335 2713 3388 2766 in
3421 2713 3594 2768 incre-

2006 2797 2308 2866 pationibus
2343 2810 2558 2867 propter
2586 2801 2921 2871 iniquitatem
2953 2804 3258 2872 corripuisti
3287 2804 3549 2859 hominem
3571 2821 3591 2860 :

2006 2897 2058 2942 et
2089 2891 2355 2946 tabescere
2383 2891 2558 2960 fecisti
2599 2892 2738 2945 sicut
2769 2909 3024 2947 araneam
3058 2897 3292 2948 animant
3329 2895 3467 2966 ejus,
3503 2913 3590 2952 oe-

2007 2990 2308 3037 rumtamen
2337 3000 2465 3039 vane
2502 2987 2674 3041 omnis
2707 2989 2884 3039 homo.
2921 2985 3260 3056 Diapsalma.

2077 3093 2139 3148 in
2186 3095 2516 3164 praecedenti
2552 3097 2764 3167 psalmo
2807 3111 2929 3152 sese
2961 3097 3138 3168 plagis
3171 3097 3240 3152 ad
3283 3098 3591 3168 correptio-

317 3196 766 3263 ἐπιστρεπτικαϊς
798 3192 1051 3261 πληγαῖς,
1079 3183 1168 3243 οἷά
1208 3204 1292 3252 τις
1332 3185 1628 3256 εὐγνώμων
1657 3183 1905 3256 μαθητὴς

2010 3200 2156 3250 nem,
2196 3200 2297 3242 ceu
2333 3187 2604 3259 ingenuus
2632 3189 2942 3260 discipulus
2988 3189 3277 3260 magistro,
3322 3189 3586 3256 tradidit;

315 3285 621 3356 διδασκάλῳ
641 3302 654 3316 °
686 3285 766 3338 διὸ
790 3284 976 3352 ἐλεγεν
996 3301 1010 3314 ·
1053 3280 1202 3352 Ἐγὼ
1221 3283 1308 3346 εὶς
1330 3277 1626 3350 μάστιγας
1649 3276 1900 3345 ἕτοιμος.

326 3380 482 3434 Ἐπεὶ
505 3379 562 3432 δέ
590 3378 774 3432 λοιπὸν
802 3377 1092 3449 αὐτάρκως
1124 3374 1234 3429 τῶν
1263 3373 1542 3446 μαστίγων
1572 3370 1904 3441 ἐπεπειρᾶτο

314 3469 591 3541 ἐπιμόνως
636 3467 799 3522 αὐτὸν
844 3467 1243 3538 αἰκιζομένων,
1295 3462 1527 3518 ἱκετεύει
1570 3459 1664 3518 τοῦ
1712 3459 1901 3514 λοιποῦ

314 3558 647 3622 παύσασθαι,
681 3559 775 3612 καὶ
819 3559 980 3631 μέχρι
1023 3556 1212 3610 τούτου
1263 3555 1448 3625 στῆναι
1481 3552 1580 3615 τὰς
1613 3551 1900 3622 μάστιγας,

311 3653 568 3724 ὁμολογεῖ
609 3669 668 3705 τε
710 3651 836 3722 ἑξῆς
877 3650 1081 3718 λέγων·
1131 3646 1263 3702 Ἀπὸ
1303 3643 1411 3713 τῆς
1449 3643 1662 3711 ἰσχύος
1706 3641 1903 3712 χειρός

310 3763 430 3802 σου
477 3745 594 3816 ἐγὼ
639 3743 943 3809 ἐξέλιπον.
975 3741 1110 3813 Περὶ
1138 3741 1194 3794 δέ
1220 3739 1321 3809 τῆς
1359 3737 1541 3809 χειρὸς
1565 3735 1769 3806 ταύτης
1808 3735 1902 3788 καὶ

311 3835 568 3906 ἀνωτέρω
603 3835 820 3902 ἐλέγετο
845 3850 858 3864 ο
902 3827 1331 3897 Ἐπεστήριξας
1373 3827 1466 3880 ἐπ’
1497 3823 1603 3895 ἐμὲ
1632 3824 1746 3893 τὴν
1774 3824 1898 3894 χεῖ-

310 3927 387 3996 ρά
432 3943 572 3982 σου.
605 3922 740 3980 Εἶτα
786 3925 1047 3986 διδάσκει,
1089 3923 1170 3975 ὅτι
1207 3920 1278 3992 μὴ
1313 3919 1489 3990 μάτην
1515 3920 1549 3989 ἡ
1585 3917 1704 3988 χεὶρ
1736 3915 1894 3970 ἐπαί-

312 4019 454 4084 δευε,
483 4019 618 4091 μηδὲ
641 4020 720 4082 εις
752 4015 919 4088 ἀργὸν
944 4011 1266 4084 ἐμαστίγου,
1291 4009 1408 4064 ἀλλ’
1430 4010 1517 4061 ἐπ’
1537 4006 1776 4077 ὠφελείᾳ⁵
1801 4003 1896 4058 τοῦ

311 4110 716 4181 ἡμαρτηκότος·
751 4107 832 4161 διό
859 4121 1060 4176 φησιν·
1112 4103 1209 4156 Ἑν
1255 4099 1530 4169 ἐλετμοῒς
1574 4095 1726 4165 ὑπὲρ
1755 4097 1896 4151 ἀνο-

310 4202 450 4272 μίας
481 4199 844 4264 ἐπαίδευσας
897 4199 1232 4265 ἄνθρωπον.
1249 4193 1420 4264 ’Υπὲρ
1462 4190 1572 4262 γὰρ
1611 4189 1711 4260 τῆς
1764 4206 1900 4262 παρ-

312 4292 573 4364 αχθείσης
620 4290 849 4360 ἀνομίας
898 4288 993 4342 καὶ
1029 4286 1118 4340 διὰ
1164 4284 1226 4337 τὸ
1273 4280 1553 4355 παραχθέν
1592 4278 1896 4350 ἁμάρτημα

310 4384 548 4455 ἐλέγχων
579 4383 671 4435 τὸν
705 4379 1092 4450 παιδευόμενον
1133 4373 1352 4437 καὶτὰς
1387 4373 1657 4444 μάστιγας
1691 4369 1896 4440 ἐπῆγες

310 4475 406 4529 καὶ
449 4474 549 4546 τὴν
600 4472 760 4544 χεῖρά
793 4487 889 4524 σου
921 4465 1310 4540 προλεχθεῖσαν
1332 4481 1344 4497 ο
1376 4461 1586 4524 τούτοις
1621 4461 1677 4516 δὲ
1713 4460 1896 4524 αὐτοῖς

312 4567 406 4625 καὶ
433 4566 534 4636 τὴν
560 4564 738 4635 ψυχὴν
766 4561 859 4615 τοῦ
888 4556 1276 4628 παιδευομένου
1301 4553 1579 4624 ἐξέτηξας,
1610 4569 1896 4608 ταπεινου-
1923 4578 1971 4636 D

314 4657 486 4729 μένην
507 4657 603 4710 καὶ
631 4652 1035 4724 λεπτυνομένην
1067 4651 1152 4703 ἐπ’
1176 4645 1412 4717 ὠφελείᾳ
1437 4647 1504 4715 τῇ
1534 4644 1726 4714 αὐτῆς.
1753 4643 1892 4697 Καθ’

309 4751 368 4804 ὃν
400 4749 509 4820 γάρ
535 4745 744 4819 ἐτρύφα
769 4745 977 4816 χρόνον,
1017 4743 1096 4805 εἰς
1127 4736 1401 4811 ἁμαρτίας
1435 4734 1687 4800 ἐξώλισθε
1707 4774 1722 4799 ,
1754 4733 1894 4790 κατὰ

309 4843 402 4896 τό·
432 4843 657 4910 Ἔφαγε
698 4836 798 4890 καὶ
835 4837 1006 4891 ἔπιεν
1038 4832 1254 4894 Ἰακὼϐ,
1280 4830 1375 4884 καὶ
1419 4826 1825 4884 ἀπελάκτισεν
1862 4830 1894 4881 ό

308 4930 717 5004 ήγαπημένος,
749 4929 1090 4992 ἐπλατύνθη
1125 4924 1220 4978 καὶ
1264 4923 1572 4992 ἐπαχύνθη
1592 4960 1607 4983 ,
1647 4920 1744 4976 καὶ
1785 4919 1896 5004 ἀπε

308 5003 461 5088 ἐστη
497 5021 614 5076 ἀπὸ
650 5017 799 5074 Θεοῦ
827 5015 934 5070 τοῦ
974 5013 1292 5083 τρέφοντος
1315 5010 1518 5065 αὐτόν.
1558 5007 1667 5070 Διὸ,
1695 5007 1796 5060 ἵνα
1827 5003 1895 5058 τὸ

310 5111 548 5182 πνεῦμα
579 5108 744 5177 σωθῇ
788 5109 857 5164 ἐν
902 5104 978 5174 τῇ
1028 5101 1217 5173 ἡμέρᾳ
1244 5101 1349 5154 τοῦ
1381 5099 1621 5167 Κυρίου,
1654 5099 1692 5166 ἠ
1735 5095 1893 5166 σὰρξ

311 5201 706 5273 παραδέδοται
734 5203 820 5265 εις
850 5198 1129 5266 ὄλεθρονο
1184 5190 1252 5266 ἦς
1278 5190 1712 5263 τιμωρουμένης,
1734 5191 1894 5260 ἐκτή-

315 5313 469 5351 κεται
518 5291 1080 5366 ψυχὴιέξισχνουμένη
1115 5287 1269 5357 δίκην
1307 5284 1584 5357 ἀράχνης·
1615 5282 1694 5336 διό
1727 5298 1890 5353 φησι⁹

313 5391 420 5446 Καὶ
446 5387 737 5456 ἐξέτηξας
755 5386 835 5451 ὡς
864 5382 1138 5453 ἀράχνην
1167 5379 1281 5446 τὴν
1304 5377 1518 5448 ψυχὴν
1547 5375 1734 5430 αὐτοῦ
1751 5391 1764 5403 ο
1797 5373 1892 5428 καὶ

312 5484 556 5554 ἐπιλέγει
576 5499 590 5513 ·
611 5478 788 5548 Πλὴν
814 5478 1012 5548 μάτην
1033 5474 1150 5541 πᾶς
1170 5472 1502 5541 ἄνθρωπος,
1533 5467 1692 5522 πάλιν
1721 5465 1812 5520 τὸν
1834 5467 1894 5518 ἐν

312 5577 389 5650 τῷ
414 5577 513 5648 βίῳ
541 5574 720 5645 τούτῳ
749 5571 872 5640 εἱκῆ
908 5569 1002 5624 καὶ
1037 5568 1211 5640 μάτην
1260 5562 1560 5636 μοχθοῦντα
1608 5559 1700 5614 καὶ
1726 5573 1890 5612 κακο-

314 5670 584 5730 παθοῦντα
615 5662 932 5728 ταλανίζων.

419 5826 466 5860 ⁸⁸
512 5827 669 5881 Deut.
709 5837 900 5886 amt,
944 5817 1030 5872 15.
1103 5815 1148 5846 ⁸⁸
1190 5811 1364 5871 lCor.
1402 5811 1534 5877 v,5.

2005 3293 2178 3350 quare
2208 3279 2446 3346 dicebat,
2483 3297 2577 3350 ego
2599 3282 2652 3334 in
2680 3281 2895 3351 ﬂagella
2923 3291 3147 3350 paratus
3179 3297 3317 3334 sum.
3349 3280 3419 3334 At
3445 3297 3586 3352 quo.

2004 3367 2151 3421 niam
2175 3367 2435 3438 deinceps
2464 3369 2674 3439 ﬂagella
2709 3378 2795 3422 sat
2823 3379 3079 3439 expertus
3113 3376 3258 3432 erat,
3293 3384 3418 3424 cum
3463 3385 3587 3426 sese

2004 3459 2226 3514 assidue
2278 3459 2567 3526 laceraret,
2615 3468 2872 3530 precatur
2917 3459 3136 3514 demum
3179 3475 3370 3513 eorum
3423 3460 3586 3515 tinent

2003 3548 2122 3602 dari
2155 3549 2333 3604 ethic
2367 3550 2564 3604 sistere
2592 3548 2823 3620 ﬂagella,
2859 3564 2921 3603 ac
2971 3548 3232 3619 deinceps
3277 3549 3363 3604 his
3394 3549 3580 3604 verbis

2003 3644 2311 3705 confitetur,
2357 3658 2388 3694 a
2423 3641 2733 3710 fortitudine
2775 3657 2965 3694 manus
3012 3651 3117 3695 tua:
3153 3658 3245 3712 ego
3291 3641 3476 3711 defeci.
3509 3639 3585 3697 De

2003 3733 2105 3786 bac
2139 3747 2303 3804 porro
2333 3748 2498 3788 manu
2522 3735 2778 3804 superius
2805 3733 3037 3797 dictum,
3071 3734 3404 3802 conﬁrmasti
3426 3747 3585 3802 super

2001 3840 2082 3876 me
2101 3840 2315 3877 manum
2349 3834 2513 3878 tuam.
2542 3823 2656 3880 Sub
2689 3825 2804 3880 haec
2833 3826 3015 3891 docet,
3048 3840 3269 3879 manum
3301 3825 3450 3879 illam
3471 3841 3582 3880 non

2002 3914 2208 3970 frustra
2237 3919 2540 3989 corrigere.
2572 3934 2749 3990 neque
2797 3919 2852 3972 in
2894 3931 3112 3972 cassum
3146 3916 3439 3985 castigare,
3482 3916 3580 3971 sed

2000 4023 2098 4078 pro
2134 4010 2416 4078 peccantis
2442 4010 2676 4064 utilitate
2702 4053 2714 4064 .
2735 4024 2906 4079 quare
2927 4011 3024 4069 ait,
3054 4009 3107 4062 in
3136 4007 3580 4076 increpationibus

1996 4110 2210 4169 propter
2237 4102 2571 4172 iniquitatem
2623 4101 2928 4170 corripuisti
2966 4099 3246 4156 hominem.
3301 4098 3436 4153 Nam
3479 4114 3581 4169 pro

1999 4191 2242 4247 admissa
2286 4192 2596 4262 iniquitate,
2633 4199 2688 4246 et
2729 4206 2828 4261 pro
2871 4201 3095 4260 peccato
3143 4187 3288 4244 edito
3323 4203 3450 4243 eum
3483 4189 3586 4260 qu'.

1997 4283 2400 4354 corripiebatur
2428 4299 2686 4354 arguens,
2726 4282 2937 4352 ﬂagella
2963 4290 3018 4336 et
3058 4290 3413 4334 memoratam
3451 4295 3573 4335 ma-

1996 4390 2126 4429 num
2154 4374 2418 4429 inﬂixisti.
2456 4372 2618 4428 Hisce
2640 4385 2804 4442 porro
2837 4370 3076 4424 animam
3099 4370 3246 4424 illius
3270 4369 3366 4440 qui
3396 4372 3578 4424 corri-

1997 4463 2246 4532 piebatur
2273 4464 2557 4519 tabescere
2578 4461 2776 4525 fecisti,
2806 4460 3170 4531 pro,utilitate
3200 4461 3372 4531 ipsius
3395 4460 3579 4514 bumi-

1999 4553 2182 4606 liatam
2219 4561 2273 4608 et
2298 4560 2666 4608 extenuatam.
2703 4551 2836 4606 Nam
2861 4566 2972 4622 quo
3005 4561 3250 4621 tempore
3277 4549 3331 4605 in
3361 4549 3575 4605 deliciis

2000 4645 2214 4716 agebat,
2248 4655 2363 4700 tum
2397 4646 2450 4700 in
2482 4653 2703 4716 peccata
2735 4645 2885 4714 lapsa
2918 4652 3023 4708 est,
3059 4642 3358 4698 secundum
3395 4642 3529 4697 illud
3558 4659 3572 4694 ἡ

2002 4734 2240 4791 Comedit
2267 4746 2316 4792 et
2344 4736 2472 4790 bibit
2491 4735 2680 4800 Iacob,
2709 4747 2758 4789 et
2787 4733 3140 4790 recalcitravit
3173 4732 3398 4786 dilectus
3428 4742 3478 4786 et
3500 4733 3604 4786 its--

1999 4840 2269 4885 crassatus
2293 4839 2392 4894 est,
2411 4841 2462 4885 et
2487 4833 2699 4886 recessit
2725 4849 2757 4884 a
2783 4831 2885 4884 Deo
2907 4830 2997 4898 qui
3028 4828 3294 4881 nutriebat
3317 4827 3574 4893 ipsum“.

1999 4917 2387 4983 Quamobrem,
2433 4929 2490 4972 ut
2535 4920 2756 4989 spiritus
2795 4918 2973 4973 saluus
3015 4918 3084 4970 sit
3122 4918 3174 4969 in
3209 4915 3294 4968 die
3333 4915 3572 4980 Domini,

2000 5027 2126 5065 caro
2149 5009 2349 5064 tradita
2386 5021 2464 5064 est
2493 5013 2549 5065 in
2579 5012 2848 5067 interitum
2868 5011 2913 5042 ”
2943 5024 2958 5063 :
2986 5023 3094 5078 qua
3137 5006 3409 5078 supplicio
3439 5006 3574 5063 aﬂ‘e-

2000 5109 2112 5168 cta,
2163 5101 2346 5156 anima
2397 5102 2626 5157 tabescit
2661 5110 2716 5158 et
2761 5108 3092 5156 extenuatur
3145 5099 3288 5153 sicut
3328 5111 3570 5154 aranea:

1998 5195 2122 5251 ideo
2150 5197 2246 5261 ait,
2278 5195 2345 5251 Et
2387 5196 2646 5252 tabescere
2670 5195 2841 5264 fecisti
2873 5194 3010 5248 sicut
3042 5207 3295 5246 araneam
3338 5191 3572 5244 anintam

1998 5305 2169 5344 meam
2204 5304 2222 5342 :
2253 5287 2454 5359 quibus
2514 5286 2738 5356 adjicit,
2792 5285 3163 5340 Verumtamen
3224 5295 3355 5336 cane
3404 5279 3571 5333 omnis

1997 5382 2173 5447 homo,
2218 5380 2481 5437 miserum
2525 5379 2705 5435 denuo
2729 5376 3039 5448 praedicans
3069 5388 3218 5438 eum,
3259 5371 3353 5443 qui
3385 5370 3438 5423 in
3471 5369 3572 5423 hac

1996 5475 2107 5529 vita
2137 5473 2194 5530 in
2225 5459 2505 5529 laboribus
2532 5478 2584 5527 et
2612 5468 2872 5526 arumnis
2904 5467 3108 5524 frustra
3143 5469 3418 5522 versatur.
