4122 6454
480 380 581 439 35‘!

1185 374 1453 433 EUSEBII
1490 369 1973 431 CESARIENSIS
2009 366 2159 425 OPP.
2186 357 2368 424 PARS
2401 349 2599 423 m:--—'
2618 348 3041 423 EXEGETICA.

3633 367 3739 424 553

562 498 724 556 Vsus.
755 499 843 561 15,
879 497 967 553 Ν.
1005 496 1222 551 Exaudi
1254 498 1547 550 orationem
1590 509 1781 559 meam,
1816 489 2055 555 Domine,

2232 477 2622 542 Εῑσὰκουσον
2662 460 2775 554 τῆς
2817 480 3170 554 προσευχῆς
3210 500 3351 553 μου,
3390 482 3587 553 Κύριε,
3637 485 3739 541 καὶ

478 600 529 647 et
554 591 979 661 deprecationem
1025 606 1196 644 meant
1245 604 1262 642 :
1301 586 1520 643 auribus
1550 586 1758 657 percipe
1790 583 2056 655 laerymas

480 699 647 740 meas.
684 678 769 737 Ne
800 683 985 745 sileas,
1020 681 1272 753 quoniam
1301 677 1505 733 advena
1546 695 1641 750 ego
1675 693 1793 732 sunt
1822 673 1965 747 apud
2011 683 2060 729 te

477 781 530 828 et
551 756 881 847 peregrinus,
910 776 1049 829 sicut
1089 790 1265 828 omnes
1291 780 1470 842 patres
1504 770 1626 824 ntei.
1662 767 1765 824 Hie
1794 784 1855 824 se
1882 765 2059 821 conli-

482 873 627 921 tetur
666 866 931 922 advenam
973 874 1029 921 et
1077 865 1425 937 peregrinum
1456 882 1469 918 :
1507 860 1659 917 novit
1686 866 1868 915 autem
1896 857 2058 912 aliam

483 970 604 1012 esse
635 955 1067 1027 refrigerationis
1114 955 1306 1019 vitam,
1337 969 1503 1025 quam
1533 950 1752 1022 assequi
1786 955 2057 1021 peroptat,

484 1048 705 1104 dicens:
738 1045 964 1103 Remitte
993 1046 1123 1101 mihi
1151 1055 1211 1100 ut
1247 1044 1550 1116 refrigercr.
1581 1041 1700 1097 Non
1731 1041 1915 1111 itaque
1941 1053 2061 1094 om-

484 1153 607 1200 nem
629 1142 905 1198 hominem
938 1140 1208 1197 advenam
1233 1154 1357 1195 esse
1384 1144 1590 1192 temere
1615 1134 1771 1197 dicit,
1818 1147 1917 1188 nec
1945 1129 2062 1185 fru-

484 1244 598 1292 stra
637 1249 762 1290 cum
794 1232 923 1288 ﬂetu
976 1241 1032 1287 et
1064 1229 1327 1302 lacrymis
1366 1224 1807 1297 deprecationem
1837 1222 2059 1286 emittit,

483 1341 687 1399 gnarus
729 1325 943 1381 scilicet
974 1323 1144 1387 illius,
1181 1319 1337 1376 Beati
1366 1318 1458 1391 qui
1491 1318 1639 1387 flent,
1672 1317 1923 1387 quoniam
1960 1314 2062 1384 ipsi

484 1416 781 1478 ridebunt',
799 1421 874 1478 et,
894 1412 1046 1468 Beati
1073 1411 1162 1483 qui
1193 1409 1390 1480 lugent,
1423 1408 1674 1478 quoniam
1694 1405 1798 1474 ipsi
1816 1401 2059 1457 consola-

484 1509 681 1563 buntur
707 1510 751 1562 ⁸.
778 1507 856 1561 Ac
879 1512 1027 1560 recte
1067 1501 1210 1558 facta
1252 1516 1351 1557 sua
1385 1508 1511 1571 post
1531 1497 1646 1553 haec
1671 1497 1743 1551 ita
1776 1496 2059 1563 describit,

484 1601 570 1657 his
616 1611 924 1657 sermonem
971 1592 1307 1651 concludens
1356 1589 1673 1658 :Quoniam
1719 1587 1920 1643 advena
1968 1604 2062 1659 ego

484 1705 601 1745 sum
630 1698 678 1743 et
731 1686 1058 1758 peregrinus,
1101 1686 1237 1739 sicut
1282 1698 1460 1737 omnes
1508 1689 1685 1751 patres
1734 1680 1853 1736 mei.
1884 1675 2063 1735 Rarus

484 1797 618 1837 sane
650 1789 735 1836 est
767 1780 816 1835 is
840 1781 933 1850 qui
966 1777 1144 1849 possit
1184 1774 1253 1830 ad
1297 1773 1658 1829 imitationem
1683 1770 2059 1842 religiosorum

2160 577 2273 649 τῆς
2315 576 2581 646 δεήσεώς
2621 594 2740 649 μου
2757 594 2773 608 ·
2804 576 3082 630 ἐνώτισαι
3127 574 3247 629 τῶν
3290 574 3565 646 δακρύων
3595 595 3737 648 μου.

2159 670 2256 740 Μὴ
2287 668 2786 741 παρασιωπήσῃς,
2821 667 2911 722 ὅτι
2953 666 3239 738 πάροικος
3265 664 3382 739 ἐγῶ
3408 671 3524 739 ειμι
3563 669 3635 723 ἐν
3662 669 3743 740 τῇ

2146 762 2239 836 ’γῇ
2278 762 2378 819 καί
2419 761 2854 832 παρεπίδημος,
2893 761 3085 829 καθὼς
3119 758 3344 828 πάντες
3391 764 3446 816 οι
3490 761 3742 832 πατέρες

2153 871 2295 926 μου.
2313 851 2578 907 Ἐνταῦθα
2608 849 2860 922 ὁμολογεῖ
2904 850 3165 922 πάροικος
3208 844 3348 904 εἶναι
3378 850 3472 904 καὶ
3502 851 3740 925 παρεπί-

2158 946 2329 1018 δημος
2351 961 2365 974 ’
2404 939 2514 998 οἶδέ
2544 960 2604 996 τε
2634 941 2826 1015 ἑτέραν
2873 941 3018 1014 ζωὴν
3053 940 3432 1011 ἀναψύξεως,
3460 937 3530 1015 ἧς
3558 946 3741 1015 τυχεῖν

2159 1035 2401 1108 γλίχεται
2446 1034 2621 1104 λέγων
2641 1050 2656 1065 θ
2686 1035 2844 1091 Ἀνες
2886 1050 3012 1104 μοι,
3045 1034 3148 1088 ἵνα
3190 1033 3501 1103 orae-oet».
3531 1034 3741 1090 Οὔκουν

2163 1129 2342 1202 μάτην
2372 1127 2550 1182 πάντα
2583 1125 2866 1198 ἄνθρωπον
2895 1127 3160 1199 πάροικον
3190 1126 3364 1197 ἔλεγε,
3403 1127 3541 1199 μετά
3570 1128 3741 1183 κλαυ-

2161 1219 2299 1292 θμοῦ
2328 1219 2385 1274 δέ
2407 1219 2503 1273 καὶ
2529 1217 2779 1290 δακρύων
2805 1217 2903 1291 τὴν
2929 1218 3210 1290 ἱκετηρίαν
3231 1218 3563 1290 ἀναπέμπει,
3581 1220 3749 1292 ἀκρι-

2162 1309 2271 1375 6ῶς
2302 1307 2476 1373 εἰδὼς,
2523 1309 2604 1363 ὅτι
2636 1307 2925 1378 Μακάριοι
2973 1311 3028 1361 οι
3072 1308 3409 1375 κλαίοντες,
3441 1307 3529 1362 ὅτι
3575 1307 3743 1380 reddo

2161 1416 2395 1462 σονται.
2422 1401 2538 1464 καὶ,
2583 1400 2869 1470 Μακάριοι
2901 1403 2956 1456 οἱ
2986 1400 3368 1467 πενθοῦντες,
3417 1400 3508 1456 ὅτι
3552 1418 3743 1471 παρα-

2162 1492 2571 1560 κληθήσονται
2597 1509 2612 1523 ο
2646 1493 2737 1547 καὶ
2768 1491 2837 1546 τὰ
2880 1491 3277 1565 κατορθώματα
3315 1492 3371 1546 δὲ
3414 1492 3576 1548 αὑτοῦ
3610 1496 3744 1549 ύπο-

2161 1586 2362 1655 γράφει
2394 1584 2659 1653 ἐπιλέγων
2680 1602 2694 1616 ο
2726 1584 2847 1638 ’Ὁτι
2878 1582 3164 1653 πάροικος
3187 1583 3301 1655 ἐγώ
3320 1586 3435 1655 ειμι
3468 1585 3568 1639 καὶ
3595 1600 3747 1656 παρ-

2161 1679 2473 1748 επίδημος,
2507 1676 2700 1744 καθὼς
2724 1675 2948 1743 πάντες
2976 1678 3031 1731 oi
3059 1676 3310 1745 πατέρες
3332 1696 3472 1748 μου.
3503 1679 3741 1733 Σπανίου

2162 1760 2221 1825 δέ
2249 1773 2397 1824 ἐστιν
2428 1768 2622 1843 ἀνδρὸς
2644 1768 2707 1823 τὸ
2735 1768 2994 1825 δύνασθαι
3016 1769 3155 1823 κατά
3187 1768 3415 1843 μίμησιν
3433 1769 3542 1824 τῶν
3566 1770 3747 1842 θεοφι-

485 1883 702 1946 patrum
731 1878 785 1928 et
818 1835 1211 1944 prophetarum
1238 1864 1356 1932 Dei,
1399 1882 1510 1922 nou
1552 1875 1613 1920 ut
1641 1864 1844 1926 incola,
1879 1863 1974 1919 sed
2003 1871 2061 1916 ut

2164 1863 2272 1919 λῶν
2320 1835 2571 1934 πατέρων
2614 1861 2711 1917 κα)⁵
2756 1861 2865 1916 τῶν
2911 1835 3204 1935 προφητῶν
3245 1835 3339 1916 τοῦ
3387 1862 3523 1917 Θεοῦ
3560 1863 3634 1936 μὴ

484 1966 692 2021 advena
726 1973 1136 2034 temporaneam
1169 1959 1371 2016 ducere
1404 1960 1574 2013 vitam
1624 1975 1639 2013 :
1691 1971 1797 2026 qua
1831 1955 1886 2010 iu
1928 1972 1986 2011 re
2012 1954 2060 2011 is

484 2058 581 2129 qui
634 2056 879 2126 loquitur
923 2054 1286 2126 gloriabatur,
1336 2051 1679 2122 peregrinam
1729 2056 1784 2103 et
1830 2047 2062 2102 alienam

486 2148 781 2202 hunianam
806 2144 973 2198 vitam
1006 2142 1307 2199 aestimans.
1338 2140 1565 2195 Remitte
1607 2139 1738 2193 mihi
1764 2147 1821 2192 at
1852 2137 2065 2208 refrige-

487 2255 575 2296 rcr
603 2240 912 2309 priusquam
952 2235 1158 2299 abeant,
1192 2244 1241 2289 et
1280 2233 1510 2303 amplius
1533 2249 1637 2288 non
1669 2248 1780 2287 ero.
1812 2228 1921 2285 Pro
1954 2243 2065 2301 quo

489 2329 854 2404 Symmachus
879 2328 977 2391 ait,
1009 2325 1241 2381 Abscede
1261 2342 1296 2380 a
1322 2343 1402 2381 me
1435 2335 1492 2379 ut
1528 2324 1753 2390 rideam,
1782 2332 2064 2393 antequam

488 2420 675 2475 abeant
722 2427 771 2473 et
804 2434 908 2472 non
953 2417 1203 2473 emittam.
1244 2415 1362 2471 Nisi
1400 2414 1546 2470 enim
1594 2413 1684 2469 hic
1712 2412 1939 2467 mutatis
1969 2425 2067 2482 per

488 2512 720 2584 gratiam
747 2518 898 2565 tuam
934 2510 990 2564 in
1024 2510 1198 2565 risum
1220 2508 1481 2581 lacrymis
1508 2506 1739 2570 rideam,
1772 2520 1837 2562 ac
1871 2505 1975 2561 nisi
2006 2504 2064 2559 in

489 2606 742 2676 presenti
776 2604 889 2659 vita
919 2603 1169 2659 remittas
1200 2600 1334 2656 mihi
1365 2600 1624 2656 delictum
1669 2605 1724 2654 et
1759 2596 2064 2652 facinorum

487 2691 707 2747 veniam
756 2691 1022 2763 praebeas,
1051 2699 1111 2747 ut
1142 2691 1412 2761 meipsum
1446 2686 1707 2759 recipiam
1750 2693 1805 2742 et
1836 2684 2065 2756 refrige-

490 2798 638 2852 rem;
688 2793 812 2855 post
855 2785 1063 2838 exitum
1113 2797 1145 2837 a
1179 2782 1289 2838 vita
1336 2780 1550 2836 nullum
1593 2778 1701 2835 erit
1728 2776 2066 2850 poenitentia

489 2881 731 2947 tempus.
759 2873 840 2929 Ac
872 2872 920 2930 si
963 2875 1180 2928 veniam
1209 2886 1319 2926 non
1349 2882 1681 2939 consequar,
1719 2866 1774 2922 in
1804 2867 1914 2921 vita
1944 2879 2067 2936 quas

490 2966 636 3038 apud
669 2975 723 3022 te
742 2973 828 3023 est
857 2964 1092 3036 amplius
1122 2977 1233 3019 non
1251 2977 1386 3029 ero;
1415 2959 1513 3018 sed
1538 2961 1776 3033 reiectus
1801 2958 2066 3015 assimila-

492 3057 590 3112 ιον
621 3055 1056 3113 descendentibus
1098 3057 1156 3112 in
1202 3056 1398 3111 laeum.
1426 3056 1611 3122 Quare
1634 3053 1690 3108 in
1712 3053 1818 3108 hac
1842 3051 1953 3108 vita
1983 3050 2064 3107 sic

2167 1958 2392 2022 ἔνοικος,
2423 1956 2539 2011 ἀλλ’
2564 1956 2640 2020 ὡς
2689 1956 2951 2028 πάροικος
2993 1955 3094 2028 τὴν
3145 1955 3477 2029 πρόσκαιρον
3503 1956 3747 2013 διαὸιοῦν

2165 2050 2311 2123 ζωήν
2329 2066 2344 2081 ⁸
2370 2049 2455 2120 ἐφ’
2473 2040 2519 2118 ᾧ
2540 2049 2633 2102 καὶ
2656 2049 2684 2101 ὁ
2715 2046 2905 2119 παρὼν
2928 2047 3250 2119 ἐσεμνύνετο
3272 2047 3561 2120 παροικίαν
3578 2047 3746 2121 ἡγούο

2167 2156 2326 2213 μενος
2352 2139 2446 2194 καὶ
2471 2138 2734 2206 ξενιτείαν
2756 2137 2847 2191 τὸν
2878 2136 3218 2209 ἀνθρώπινον
3246 2136 3358 2208 βίον
3378 2155 3395 2170 ο
3420 2139 3597 2206 "Arat;
3617 2157 3743 2210 μοι,

2164 2231 2267 2284 ἵνα
2295 2227 2587 2299 dravi-65w
2607 2227 2724 2297 πρὸ
2754 2225 2864 2282 τοῦ
2887 2243 2965 2298 με
2996 2227 3299 2295 ἀπελθεῖν,
3318 2228 3414 2283 καὶ
3438 2229 3634 2285 οὐκέτι
3653 2230 3744 2301 μὴ

2164 2318 2430 2390 mopso.
2458 2318 2597 2375 ‘AvO‘
2614 2314 2674 2375 οὗ
2698 2320 2727 2373 ὁ
2752 2318 2824 2372 Σύ
2833 2320 3047 2392 μμαχός
3072 2335 3205 2393 φησι
3224 2337 3238 2351 ·
3271 2321 3573 2392 Ἀπόσχου
3597 2338 3742 2391 μου,

2163 2413 2265 2469 ἵνα
2288 2413 2576 2485 μειδιάσω
2601 2414 2746 2483 πρὶν
2764 2413 3051 2470 ἀπελθεῖν
3066 2430 3164 2485 με,
3193 2413 3294 2468 και
3312 2412 3400 2485 μὴ
3427 2414 3742 2486 ὑπάρχειν.

2177 2503 2302 2560 Ἐὰν
2329 2505 2441 2579 γὰρ
2472 2504 2741 2571 ἐντεῦθεν,
2769 2506 2922 2579 φησὶ,
2956 2504 3055 2579 μὴ,
3089 2504 3408 2578 μεταϐαλὼν
3432 2507 3503 2561 τά
3531 2491 3745 2581 δάκρυα

2164 2599 2246 2662 εἰς
2270 2596 2479 2668 γέλωτα
2498 2596 2588 2653 διά
2619 2598 2717 2671 τὴν
2750 2599 2849 2672 σὴν
2887 2599 3071 2671 χάριν,
3106 2597 3390 2671 μειδιάσω,
3418 2601 3513 2654 καὶ
3542 2599 3636 2655 ἐὰν
3667 2600 3745 2672 μὴ

2164 2692 2223 2745 ἐν
2264 2689 2343 2762 τῷ
2388 2691 2617 2763 παρόντι
2657 2690 2758 2763 βίῳ
2785 2691 2921 2764 ἀνῇς
2950 2709 3041 2764 μοι
3064 2693 3126 2747 τὸ
3148 2693 3455 2766 ἁμάρτημα
3487 2691 3581 2746 καὶ
3614 2707 3741 2758 συγ-

2164 2782 2420 2854 χωρήσῃς
2450 2781 2519 2837 τά
2548 2783 2934 2857 πεπραγμένα,
2969 2783 3058 2839 ἵνα
3082 2783 3336 2839 ἀναλάϐω
3379 2781 3618 2857 ἐμαυτὸν
3650 2782 3745 2837 καὶ

2164 2874 2422 2946 ἀναψύξω
2459 2875 2791 2946 ἀπαλλαγεὶς
2831 2874 2925 2930 τοῦ
2967 2876 3301 2952 προσκαίρου
3333 2876 3470 2950 βίου,
3501 2876 3603 2930 οὐκ
3630 2875 3744 2929 εστι

2166 2965 2360 3038 καιρὸς
2382 2966 2683 3038 μετανοίας.
2702 2966 2795 3039 Μὴ
2814 2965 2994 3038 τυχὼν
3016 2967 3074 3021 δὲ
3094 2967 3343 3038 ἀφέσεως
3368 2968 3553 3022 οὐκέτι
3579 2966 3744 3037 ὑπάρ-

2165 3055 2243 3124 ξω
2273 3058 2331 3112 ἐν
2372 3059 2441 3130 τῇ
2484 3058 2637 3131 παρὰ
2669 3059 2752 3112 σοὶ
2792 3058 2904 3131 ζωῇ
2925 3076 2939 3089 ο
2986 3058 3291 3131 ἀπόϐλητος
3334 3059 3395 3114 δὲ
3432 3060 3746 3131 γενόμενος,

490 3147 778 3221 deprecor,
814 3146 899 3204 Ne
924 3149 1086 3204 sileas
1120 3165 1154 3202 a
1181 3164 1282 3215 me,
1309 3146 1584 3220 nequando
1616 3154 1791 3201 taceas
1821 3160 1858 3199 ιι
1885 3160 1989 3212 me,
2012 3152 2062 3199 et

2166 3150 2603 3220 δμοιωθήσομαι
2633 3150 2758 3218 τοῖς
2781 3151 3250 3206 καταϐαίνουσιν
3272 3153 3360 3219 είς
3380 3150 3633 3208 λάκκον.
3655 3151 3747 3205 Διὸ

492 3239 835 3295 assimilabor
859 3238 1293 3294 descendentibus
1323 3239 1379 3293 in
1406 3238 1608 3294 lacum.

806 3498 861 3554 i.
893 3497 961 3553 ΙΝ
995 3496 1206 3552 FINEM
1246 3496 1481 3553 DAVlDl
1507 3497 1751 3556 XXXIX.

565 3589 732 3646 Vm.
767 3590 848 3644 2-
888 3591 943 3646 4.
997 3588 1324 3660 Exspectans
1385 3592 1679 3661 exspectavi
1746 3590 2064 3662 Dominum,

493 3690 544 3737 et
576 3681 807 3738 intendit
858 3682 1008 3739 mihi.
1036 3711 1103 3723 --
1131 3681 1396 3749 Quoniam
1439 3683 1713 3739 tribulatio
1755 3685 2067 3755 patientiam

492 3784 745 3845 operatur
773 3789 793 3829 :
843 3773 1105 3843 patientia
1153 3785 1331 3830 autem
1385 3773 1767 3845 probationem,
1823 3775 2066 3846 probatio

492 3886 611 3926 vero
653 3884 796 3940 spem
827 3885 846 3924 :
876 3885 992 3940 spes
1041 3880 1221 3924 autem
1268 3887 1374 3925 non
1409 3870 1686 3940 confundit
1712 3871 1753 3926 ³.
1791 3868 1925 3927 Jure
1950 3871 2069 3942 qui-

490 3963 615 4018 dem
643 3961 830 4032 justus
857 3976 968 4018 non
1004 3960 1208 4018 frustra
1231 3971 1534 4034 exspectat.
1570 3963 1666 4019 sed
1702 3978 1854 4034 spem
1882 3964 2066 4019 inten-

489 4052 627 4108 dens
655 4068 834 4117 suam,
872 4068 978 4109 nec
1008 4053 1310 4125 desperans
1353 4054 1422 4109 de
1453 4044 1518 4108 ea
1565 4070 1688 4126 qua:
1734 4071 1766 4110 a
1822 4054 1937 4112 Deo
1979 4064 2065 4112 est

491 4150 693 4215 salute,
730 4149 1072 4221 inpatientia
1104 4155 1439 4220 perseverat.
1487 4147 1750 4216 Quamvis
1796 4165 1904 4206 non
1953 4160 2066 4207 sta-

489 4240 590 4295 tim
636 4253 803 4311 atque
843 4248 1102 4312 precatus
1135 4249 1219 4296 est
1248 4240 1541 4296 exauditus
1592 4240 1776 4308 fuerit,
1823 4248 2063 4298 attamen

490 4334 768 4403 sperando
790 4341 1095 4402 permanet,
1147 4347 1213 4387 ac
1244 4340 1558 4403 perseverat
1589 4333 1646 4387 in
1673 4316 2067 4389 obsecrationi-

488 4426 595 4481 bus
623 4435 678 4481 et
709 4425 1075 4481 orationibus.
1107 4424 1264 4493 Quod
1293 4426 1339 4481 si
1368 4427 1698 4497 quandoque
1733 4427 1967 4492 labatur,
2004 4439 2063 4484 ut

2169 3243 2417 3299 ἐντεῦθεν
2466 3243 2693 3299 ἱκετεύω
2734 3244 2907 3316 λέγων
2926 3262 2941 3278 ⁸
2985 3245 3084 3316 Μὴ
3128 3247 3605 3315 παρασιωπήσῃς
3645 3246 3749 3301 ἀπ’

2167 3335 2335 3405 ἐμοῦ,
2354 3335 2589 3406 μήποτε
2605 3337 3087 3408 παρασιωπήσῃς
3100 3338 3203 3394 ἀπ’
3225 3336 3394 3409 ἐμοῦ,
3425 3337 3522 3393 καὶ
3542 3340 3750 3408 ὁμοιω-

2152 3425 2427 3499 .θήσομαι
2462 3428 2587 3497 τοῖς
2615 3429 3083 3485 καταϐαίνουσιν
3105 3432 3195 3497 είς
3220 3429 3474 3486 λάκκον.

2518 3520 2627 3574 ΕΙΣ
2663 3520 2751 3575 ΤΟ
2787 3521 3008 3574 ΤΕΛυΣ
3044 3520 3246 3574 ΔΑΥΙΔ
3281 3520 3407 3575 AO’.
3476 3542 3479 3547 ·

2248 3612 2581 3684 Ύπομένων
2602 3611 2894 3683 ὑπέμεινα
2917 3613 3024 3668 τὸν
3043 3615 3285 3683 Κύριον,
3309 3615 3408 3668 καὶ
3440 3615 3750 3685 προσέσχε

2160 3722 2282 3774 μοι.
2301 3704 2629 3773 -Ἐπειδὴ
2669 3707 2708 3774 ἡ
2745 3706 2953 3775 θλίψις
2975 3705 3292 3776 ὑπομονὴν
3318 3705 3747 3778 κατεργάζεται,

2167 3796 2206 3865 ἡ
2227 3795 2296 3850 δὲ
2316 3795 2592 3867 ὑπομονὴ
2619 3795 2893 3867 δοκιμὴν,
2918 3797 2957 3865 ἡ
2985 3795 3055 3851 δὲ
3076 3795 3290 3867 δοκιμὴ
3312 3798 3533 3853 ἐλπίδα
3548 3816 3565 3832 ’
3603 3800 3643 3868 ἠ
3679 3798 3751 3852 δὲ

2169 3888 2352 3955 ἐλπὶς
2396 3890 2470 3943 οὐ
2516 3888 2926 3959 καταισχύνει.
2962 3889 3203 3955 Εἰκότως
3247 3890 3348 3962 οὐχ
3396 3890 3581 3956 ἁπλῶς
3607 3891 3637 3944 ὁ
3665 3890 3749 3945 δί-

2165 3993 2319 4037 καιος
2360 3977 2641 4049 ὑπομένει,
2668 3976 2782 4031 ἀλλ’
2809 3977 3095 4032 ἐπιτείνων
3141 3977 3240 4050 τὴν
3293 3978 3486 4032 ἐλπίδα
3531 3979 3626 4034 καὶ
3670 3977 3749 4052 μὴ

2164 4067 2556 4149 ἀπογινώσκων
2582 4068 2682 4142 τὴν
2710 4070 2861 4141 παρά
2880 4068 3000 4142 Θεῷ
3025 4075 3318 4143 σωτηρίαν,
3350 4070 3658 4144 παραμένει
3677 4073 3746 4144 τῇ

2166 4162 2433 4232 ὑπομονῇ.
2468 4159 2587 4215 Κᾶν
2636 4160 2979 4233 παραχρῆμα
3021 4160 3233 4233 δεηθεὶς
3283 4161 3357 4233 μὴ
3402 4162 3744 4234 ύπακουσθῇ,

2162 4254 2312 4327 ὅμως
2355 4254 2590 4319 ἐλπίζων
2628 4253 2887 4325 ὑπομένει
2924 4256 3020 4309 καὶ
3053 4257 3457 4328 προσκαρτερεῐ
3480 4257 3600 4318 ταῖς
3623 4254 3749 4328 δεή-

2166 4360 2286 4397 σεσι
2311 4342 2404 4397 καὶ
2425 4346 2546 4407 ταῖς
2571 4347 2920 4416 προσευχαῖς.
2940 4347 3002 4400 Εἰ
3027 4346 3084 4401 δέ
3110 4347 3205 4401 καὶ
3234 4348 3291 4400 ἐν
3315 4345 3589 4417 σφάλματί
3615 4359 3747 4398 ποτε

2162 4435 2392 4505 γένοιτο,
2425 4434 2611 4506 ὥσπερ
2638 4436 2667 4488 ό
2694 4434 2877 4502 Aesis,
2910 4437 3163 4509 ὁμολογεῖ
3191 4438 3266 4510 μὴ
3294 4439 3506 4507 ἀγνοεῖν
3525 4432 3615 4492 οἷα
3644 4454 3747 4492 κα-

488 4514 683 4571 Davidi
717 4516 937 4581 accidit,
972 4515 1263 4571 conﬁtetur
1288 4532 1399 4572 non
1425 4518 1675 4588 ignorare
1696 4531 1755 4573 se
1777 4532 2062 4590 quousque

2165 4526 2275 4580 κῶν
2306 4525 2580 4598 ἐλήλυθεν.
2613 4527 2679 4580 Εἰ
2714 4526 2771 4581 δὲ
2806 4529 2902 4581 καὶ
2937 4530 3075 4601 μετά
3105 4527 3280 4583 ταῦτα
3323 4528 3581 4584 ἀναλάὁοι
3622 4530 3750 4583 ἐαυο

490 4609 765 4664 malorum
821 4608 1127 4664 devenerit.
1164 4606 1223 4663 Si
1266 4623 1398 4665 vero
1436 4616 1626 4679 postea
1662 4610 1999 4681 resipiscens
2029 4624 2061 4664 a

484 4699 645 4770 lapsu
675 4714 735 4755 se
773 4698 1046 4767 retrahat,
1093 4699 1299 4770 gratias
1341 4708 1483 4771 aget,
1545 4708 1846 4772 notumque
1897 4699 2060 4756 faciet

486 4792 749 4848 omnibus
775 4807 841 4847 es
870 4792 1019 4863 quali
1048 4792 1287 4849 miseria:
1314 4792 1531 4866 gurgite
1571 4810 1632 4851 se
1663 4792 1915 4849 eduxerit
1948 4809 2081 4849 me-.

486 4884 645 4941 diuus
700 4890 757 4939 et
811 4889 1067 4939 servator
1113 4884 1312 4938 animae
1359 4885 1569 4956 ipsius;
1631 4898 1804 4955 quare
1847 4884 1994 4941 dicet
2046 4903 2060 4940 :

489 4975 693 5032 Eduxit
721 4992 803 5031 me
821 4975 886 5031 de
916 4975 1037 5030 lacu
1069 4976 1296 5031 miserita
1323 4986 1372 5031 ct
1403 4978 1469 5032 de
1499 4978 1610 5032 luto
1630 4977 1798 5048 faecis.
1817 4975 1875 5033 ld
1901 4992 2064 5049 porro

486 5069 777 5135 obtinebit,
805 5069 936 5140 quia
968 5078 1296 5141 exspectans
1351 5074 1688 5141 exspectavit
1746 5070 2061 5127 Dominum.

490 5162 696 5219 Lacum
736 5162 997 5223 miseriae.
1038 5162 1370 5234 profundum
1410 5164 1641 5234 peccati,
1676 5163 1850 5219 lutum
1889 5162 2059 5229 faecis,

489 5256 656 5312 lutosi
691 5256 943 5326 corporis
973 5256 1305 5326 voluptates.
1353 5255 1408 5309 in
1459 5271 1595 5324 ιιιιιιε
1621 5255 1845 5326 delapsa
1876 5257 2061 5311 anima

488 5348 829 5420 demergitur
856 5356 912 5404 et
933 5348 1094 5418 quasi
1122 5348 1179 5426 in
1210 5346 1485 5419 profundo
1515 5348 1792 5411 obruitur,
1838 5364 1948 5404 non
1976 5349 2062 5403 in-

397 5429 407 5439 ’
480 5441 630 5512 juria
664 5441 1046 5513 appellaveris.
1095 5440 1200 5507 Qui
1238 5440 1405 5511 igitur
1445 5455 1514 5495 ex
1568 5440 1658 5497 his
1708 5443 1954 5506 emersit,
2005 5448 2060 5497 et

486 5530 789 5589 Salvatoris
822 5531 1049 5587 dextera
1066 5532 1299 5587 eductus
1325 5538 1433 5591 est.
1464 5545 1529 5586 ac
1550 5530 1747 5588 deinde
1768 5531 1835 5587 ad
1865 5548 2059 5605 puram

482 5631 539 5679 et
566 5631 773 5679 rectam
813 5622 1081 5680 rationem
1133 5622 1330 5679 anima:
1369 5639 1485 5679 sua:
1517 5623 1746 5695 vestigia
1800 5624 2059 5691 ﬁrmavit,

557 5781 571 5811 ¹
613 5777 749 5837 Luc.
780 5795 873 5847 vt,
904 5779 995 5836 2|.
1075 5784 1096 5815 ³
1133 5781 1328 5838 Matth.
1363 5797 1418 5849 ν,
1457 5781 1509 5839 5.
1587 5781 1609 5816 ³
1648 5783 1811 5840 Rom.
1843 5797 1900 5850 v,
1932 5781 1987 5840 3.

2165 4618 2259 4673 τὸν
2304 4618 2399 4673 τοῦ
2479 4618 2795 4691 σφάλματος
2849 4619 3260 4695 συνῃσθημένος
3286 4662 3302 4687 ,
3360 4621 3749 4693 εὐχαριστήσει

2176 4712 2447 4785 (νωρίζων
2495 4714 2587 4784 ἀφ’
2617 4714 2730 4767 οἵου
2784 4711 2981 4785 βάθους
3034 4713 3409 4787 ταλαιπωρίας
3446 4714 3749 4786 ἀνιμήσατο

2164 4802 2327 4857 αὐτὸν
2347 4804 2376 4856 ὁ
2397 4802 2497 4873 τῆς
2515 4803 2694 4875 ψυχῆς
2713 4802 2877 4857 αὐτοῦ
2896 4795 3187 4875 γενόμενος
3214 4803 3396 4875 ἰατρὸς
3424 4803 3516 4858 καὶ
3540 4804 3743 4875 σωτήρ⁹

2162 4889 2353 4963 διόπερ
2381 4894 2529 4963 ἐρεῖ⁶
2572 4891 2850 4964 Ἀνήγατέ
2881 4909 2961 4963 με
2985 4894 3055 4947 ἐκ
3088 4892 3319 4948 λάκκου
3346 4894 3749 4962 ταλαιπωρίας

2162 4981 2259 5036 καί
2292 4983 2412 5037 ἀπὸ
2443 4984 2644 5052 πηλοῦ
2668 4986 2855 5052 ἰλύος.
2894 4985 3098 5039 Τούτου
3141 4984 3198 5041 δέ
3225 4984 3496 5052 τεύξεται,
3526 4984 3745 5055 ἐπειδη-

2163 5089 2269 5146 περ
2309 5074 2600 5146 ὑπομένων
2649 5076 2915 5149 ὑπέμεινε
2953 5078 3046 5133 τὸν
3073 5077 3298 5150 Κύριον.
3327 5076 3543 5131 Λάκκον
3569 5076 3626 5130 δὲ
3653 5093 3774 5131 ταο.

2160 5164 2466 5239 λαιπωρίας
2496 5167 2559 5221 τὺ
2589 5166 2751 5238 βάθος
2788 5168 2890 5238 τῆς
2922 5168 3216 5240 ἁμαρτίας,
3246 5167 3342 5222 καὶ
3392 5166 3560 5238 πηλὸν
3602 5165 3747 5229 ἰλύος

2160 5255 2260 5320 τάς
2304 5255 2401 5311 τοῦ
2456 5256 2737 5330 πηλώδους
2768 5258 3018 5331 σώματος
3043 5257 3398 5330 ἡδυπαθείας,
3430 5259 3488 5311 ἐν
3512 5249 3600 5320 αἷς
3630 5255 3748 5309 ὀλι-

2164 5347 2411 5422 σθήσασα
2440 5349 2587 5424 ψυχὴ
2616 5350 2936 5423 βαπτίζεται
2966 5352 3059 5408 καὶ
3084 5352 3275 5424 ὥσπερ
3303 5354 3362 5407 ἐν
3391 5349 3538 5424 βυθῷ
3579 5366 3750 5405 κατα-

2161 5441 2470 5507 ποντοῦται,
2505 5444 2607 5497 οὐκ
2631 5442 2700 5497 ἀν
2726 5445 2994 5517 ἁμάρτοις
3023 5443 3215 5501 είπὼν.
3232 5446 3291 5500 '0
3312 5441 3378 5514 δὴ
3408 5438 3502 5496 οὖν
3529 5442 3597 5495 ἐκ
3618 5440 3747 5495 τού-

2162 5548 2269 5589 των
2293 5535 2596 5607 ἀνακύψας,
2630 5537 2727 5591 καὶ
2759 5538 2864 5593 ύπὺ
2894 5540 2995 5612 τῆς
3026 5538 3207 5606 δεξιᾶς
3233 5537 3329 5592 τοῦ
3366 5536 3618 5611 Σωτῆρος
3647 5537 3746 5591 ἀν-

2164 5626 2399 5701 ιμηθεὶς,
2414 5624 2533 5687 εἶτα
2551 5629 2734 5688 λοιπὸν
2754 5632 2812 5686 ἐν
2834 5630 3059 5706 καθαρῷ
3078 5630 3156 5703 τῷ
3175 5630 3319 5703 λόγῳ
3331 5629 3430 5696 τὰς
3449 5629 3552 5703 τῆς
3568 5626 3771 5701 ψυχῆς-
