4122 6454
363 319 474 374 δῖὶῦ

1494 316 1948 376 COMMENTARI
1961 322 2000 376 Α
2037 319 2104 377 IN
2144 319 2481 379 PSALMOS.

3530 327 3638 384 355

364 433 552 504 βάσεις
583 429 862 505 στηρίξας,
889 432 1125 503 εὐλόγως
1160 433 1309 504 ἐρεῖ’
1347 434 1456 487 Καὶ
1490 411 1754 503 ἀνήγειγέ
1779 451 1856 505 με
1879 434 1948 489 ἐκ

2055 437 2254 491 merito
2279 437 2428 491 dicat
2464 455 2477 490 :
2511 434 2578 490 Et
2623 436 2806 490 eduxit
2852 454 2934 491 me
2958 437 3025 493 de
3053 438 3176 493 lacu
3205 439 3433 494 miseria:
3483 451 3532 495 et
3570 441 3637 496 de

361 525 595 579 λάκκου
623 527 1023 595 ταλαιπωρίας
1067 525 1166 579 καὶ
1210 525 1329 580 ἀπὸ
1373 526 1574 593 πηλοῦ
1616 528 1816 595 ἰλύος·
1849 530 1947 583 καί

361 617 628 686 ἔστησεν
647 617 744 670 ἐπὶ
784 616 1009 686 πέτραν
1031 619 1173 686 τοὺς
1207 619 1398 684 πόδας
1424 636 1566 687 μου,
1593 619 1691 673 καί
1729 623 1950 690 κατηύ-

361 713 507 764 θυνε
541 708 612 763 τὰ
649 708 980 780 διαδήματά
1015 729 1155 780 μου.
1193 710 1404 782 Πέτραν
1445 710 1501 764 δὲ
1547 712 1685 783 πρὸς
1715 714 1950 768 ἀντιδια-

364 801 556 873 στολὴν
593 801 685 855 τοῦ
713 802 934 874 στερεοῦ
958 803 1116 873 λόγου
1142 803 1389 875 θεμέλιον
1419 804 1699 876 ὀνομάζει,
1730 807 1814 876 ἐφ’
1838 807 1897 862 ὃν
1919 809 1948 860 ὁ

363 880 612 964 βεϐηκὼς
634 893 796 964 φήσει
813 909 826 921 ο
852 894 946 958 Τίς
975 891 1132 962 ἡμᾶς
1160 894 1399 962 χωρίσει
1427 894 1546 948 ἀπὸ
1575 893 1685 963 τῆς
1709 894 1950 965 ἀγάπης

362 982 470 1037 τοῦ
499 983 788 1052 Χριστοῦ,
829 985 1060 1053 θλίψις,
1107 984 1146 1052 ἣ
1179 987 1568 1054 στενοχωρία,
1603 986 1641 1055 ἢ
1670 985 1946 1056 διωγμὸς,

363 1078 404 1146 ἦ
427 1079 603 1148 λιμός
625 1097 638 1140 ς
674 1079 768 1132 καὶ
792 1077 860 1131 τά
889 1077 1034 1150 ἑξῆς.
1058 1079 1131 1131 Ού
1169 1080 1328 1150 μόνον
1351 1080 1394 1134 δ’
1423 1080 1612 1152 ἔστησε
1635 1081 1762 1145 τοὺς
1787 1082 1951 1147 πόδας

365 1173 458 1226 ἐπὶ
484 1172 580 1244 τὴν
600 1172 826 1244 πέτραν,
853 1171 988 1226 ἀλλά
1012 1173 1106 1226 καὶ
1136 1172 1370 1244 βαδίζειν
1393 1175 1485 1228 καὶ
1508 1173 1724 1246 τρέχειν
1746 1176 1834 1229 ἐπ’
1852 1177 1951 1230 αύ-

361 1264 462 1334 τῆς
494 1263 583 1317 διὰ
611 1263 710 1334 τῆς
742 1262 847 1318 τῶν
883 1263 1060 1318 καλῶν
1095 1265 1500 1337 εὐδοκιμήσεως
1527 1268 1704 1318 ποιεῖ’
1727 1266 1810 1320 διὸ
1837 1269 1952 1321 ἐπι-

362 1355 510 1424 λέγει
530 1371 543 1384 ⁸
593 1356 701 1409 Καὶ
760 1357 1095 1425 κατηύθυνε
1143 1358 1215 1412 τὰ
1270 1356 1601 1427 διαόιὶματά
1645 1377 1786 1428 μου.
1818 1355 1952 1414 Εἶτα

365 1447 690 1514 ἀκολούθως,
725 1449 800 1514 ώς
827 1449 892 1504 ἂν
926 1450 1282 1522 μεταϐληθεὶς
1309 1451 1418 1504 ἀπὸ
1443 1451 1553 1504 τῶν
1578 1453 1836 1525 χειρόνων
1857 1454 1952 1508 ἐπὶ

364 1539 430 1592 τὰ
451 1540 706 1612 κρείττω,
727 1541 787 1594 τὸ
814 1542 912 1612 μὲν
938 1541 1164 1596 παλαιὸν
1191 1538 1363 1615 ᾆσμα,
1385 1542 1452 1596 δι’
1477 1540 1538 1600 οὗ
1567 1545 1950 1600 ἀ’πεκλαύσατο

363 1630 434 1683 τά
462 1632 519 1684 ἐν
552 1635 664 1695 τοῖς
697 1632 802 1703 πρὸ
829 1631 1020 1686 τούτου
1067 1631 1303 1704 ψαλμοῖς
1341 1633 1664 1706 λελέγμένα,
1701 1637 1952 1692 ἀποτίθε-

363 1740 454 1776 ται
474 1740 488 1754 ο
519 1722 884 1794 ἀναλαμϐάνει
914 1724 971 1778 δὲ
999 1720 1152 1796 ᾆσμα
1182 1725 1368 1780 καινὸν
1411 1727 1506 1781 τοῦ
1546 1726 1819 1793 σώσαντος
1847 1731 1953 1784 αὑ-

2055 527 2169 590 luta
2201 527 2370 596 fa'eis.
2437 525 2506 581 Et
2539 527 2729 581 statuit
2765 545 2923 599 super
2958 540 3163 599 petram
3203 532 3360 600 pedes
3389 548 3556 598 meos,
3583 544 3635 588 et

2050 617 2249 672 direxit
2300 634 2510 687 gressus
2562 635 2726 674 meas.
2780 618 2994 675 Petram
3032 629 3213 675 autem
3249 621 3317 675 ad
3349 635 3638 692 compara-

2053 711 2259 766 tionem
2293 710 2435 765 firmi
2467 712 2763 776 sermonis,
2801 712 3220 768 fundamentum
3244 714 3500 778 vocat,in
3523 730 3635 786 quo

2053 803 2308 874 quisquis
2339 805 2679 872 processerit
2713 805 2860 859 dicet
2903 825 2915 860 :
2959 805 3092 872 Quis
3140 823 3235 860 nos
3281 806 3554 875 separabit
3603 825 3636 860 α

2052 894 2313 949 charitate
2346 893 2592 949 Christi?
2629 894 2930 959 tribulatio,
2962 914 3030 950 an
3061 898 3334 967 angustia,
3387 914 3456 952 an
3510 913 3632 967 per-

2053 987 2274 1050 secutio,
2305 1003 2373 1040 an
2406 985 2577 1056 [ames
2602 985 2661 1040 ‘?
2689 995 2796 1044 etc.
2857 987 2978 1043 Non
3030 989 3196 1044 modo
3253 1001 3434 1045 autem
3467 990 3636 1061 pedes

2054 1078 2247 1133 statuit
2279 1093 2449 1149 super
2476 1087 2724 1148 petram;
2760 1079 2854 1135 sed
2887 1081 3054 1136 etiam
3085 1081 3137 1136 id
3170 1090 3415 1152 praestat,
3452 1091 3514 1137 ut
3537 1097 3639 1154 per

2052 1171 2324 1226 bonorum
2357 1171 2680 1242 dignitatem
2716 1171 2770 1226 in
2795 1187 2866 1225 ea
2896 1172 3153 1230 incedere
3199 1188 3266 1229 ac
3309 1174 3635 1243 currereli-

2053 1271 2210 1331 ceat;
2241 1278 2414 1334 quare
2447 1263 2658 1333 adjicit.
2686 1272 2734 1318 et
2767 1263 2960 1318 direxit
2993 1281 3206 1334 gressus
3235 1281 3398 1322 meos.
3429 1265 3636 1321 Dehinc

2054 1372 2188 1412 vero
2215 1364 2868 1428 consequenter,-utp0le
2899 1372 2930 1410 a
2975 1358 3256 1428 pejoribus
3289 1360 3358 1416 ad
3405 1360 3634 1418 meliora

2053 1449 2382 1514 translatus,
2416 1451 2635 1505 cantico
2671 1452 2867 1516 veteri,
2927 1468 3037 1522 quo
3087 1453 3142 1507 in
3199 1453 3636 1524 praecedentibus

2054 1542 2281 1613 psalmis
2307 1542 2548 1614 lugebat,
2578 1541 2850 1612 deposito,
2901 1559 3103 1598 novum
3157 1545 3434 1600 canticum
3485 1550 3639 1602 assu-

2054 1633 2174 1696 mit.
2208 1632 2329 1703 ejus
2360 1635 2571 1690 scilicet
2603 1635 2695 1704 qui
2750 1635 2990 1690 servavit
3045 1649 3194 1698 eum,
3251 1642 3306 1688 et
3359 1635 3638 1689 canticum

2055 1724 2430 1796 hymnumque
2477 1741 2678 1781 novum
2715 1726 2769 1780 in
2804 1741 2867 1782 os
2917 1726 3041 1795 ejus
3073 1726 3337 1793 immisit;
3379 1727 3640 1797 exuitque

363 1816 476 1878 τὸν,
499 1816 593 1869 καὶ
616 1816 975 1887 ἐμϐάλλοντος
997 1818 1077 1882 είς
1106 1819 1164 1872 τὺ
1190 1819 1364 1890 στόμα
1389 1820 1555 1874 αὐτοῦ
1586 1821 1771 1876 καινὸν
1797 1817 1951 1894 ᾆσμα

2055 1827 2289 1873 veterem
2316 1819 2592 1874 hominem
2623 1835 2748 1874 cum
2777 1820 3041 1890 operibus
3065 1819 3208 1889 ejus,
3243 1831 3299 1876 et
3327 1819 3505 1874 induit
3537 1836 3634 1876 no-

366 1908 460 1960 καὶ
476 1905 663 1979 ὕμνον,
681 1907 1089 1980 ἀποδυσαμένου
1124 1909 1215 1962 τὸν
1249 1909 1477 1964 παλαιὸν
1517 1910 1805 1981 ἄνθρωπον
1850 1913 1948 1966 σὺν

363 2004 484 2064 ταῖς
535 2001 795 2072 πράξεσιν
850 2001 1038 2068 αὑτοῦ,
1075 2002 1436 2074 ἐνδυσαμένου
1469 2003 1528 2058 δὲ
1568 2003 1660 2058 τὸν
1706 2004 1826 2058 νέον
1859 2003 1949 2058 τὸν

365 2094 826 2166 ἀνακαινούμενον
858 2098 978 2150 κατ’
1006 2095 1300 2166 ἐπίγνωσιν
1331 2096 1423 2149 τοῦ
1451 2093 1606 2150 Θεοῦ.
1641 2091 1776 2152 Εἶτα
1811 2097 1948 2170 μετὰ

365 2187 544 2242 πάντα
576 2188 752 2243 ταῦτα
783 2189 1086 2262 ὑπόδειγμα
1129 2189 1342 2253 πολλοῖς
1379 2189 1612 2258 γίνεται,
1649 2189 1726 2254 ώς
1757 2189 1822 2244 ἂν
1855 2191 1950 2244 καὶ

363 2278 562 2350 ἕτεροι,
591 2279 690 2351 τὴν
719 2278 1018 2350 μεταϐολὴν
1046 2279 1210 2334 αὐτοῦ
1244 2279 1531 2351 θεώμενοι,
1559 2280 1784 2346 ἐλπίδας
1810 2282 1950 2350 ἀγα-

364 2373 464 2437 θάς
495 2372 832 2436 ἀναλάϐοιεν,
867 2372 962 2426 καὶ
1006 2371 1108 2443 τὴν
1149 2371 1258 2426 ἀπὸ
1300 2370 1409 2425 τῶν
1457 2371 1717 2443 χειρόνων
1749 2372 1840 2426 ἐπὶ
1880 2373 1950 2426 τὰ

364 2464 600 2539 κρείττω
632 2466 947 2535 ποιήσαιντο
970 2463 1271 2536 μεταϐολήν
1292 2482 1304 2496 ο
1331 2463 1410 2516 διό
1439 2480 1603 2535 φησιν
1621 2480 1636 2495 ο
1668 2466 1949 2533 Ὄψονται

361 2557 582 2611 πολλοὶ
616 2556 716 2610 καὶ
745 2557 1210 2625 φοϐηθήσονται,
1237 2555 1335 2609 καὶ
1365 2554 1688 2609 ἐλπιοῦσιν
1709 2555 1808 2608 ἐπὶ
1833 2557 1948 2610 Κύ-

357 2668 512 2720 ριον.
541 2650 606 2702 Τί
639 2649 696 2703 δὲ
728 2649 986 2719 Mutat;
1019 2648 1162 2702 Αὐτὸ
1208 2647 1384 2712 τοῦτο,
1413 2648 1599 2720 φησὶν,
1631 2647 1708 2712 ὼς
1736 2650 1817 2713 είς
1850 2647 1947 2718 βά-

365 2743 458 2806 θος
483 2742 714 2815 ἐλήλυθα
738 2741 941 2807 κακῶν,
969 2742 1063 2796 καὶ
1091 2743 1171 2805 εἰς
1200 2741 1291 2795 τὸν
1313 2740 1515 2794 λάκκον
1544 2741 1638 2794 καὶ
1663 2740 1755 2795 τὸν
1779 2740 1950 2811 πηλὸν

363 2837 464 2906 τῆς
490 2837 633 2900 ίλύος
652 2854 665 2867 ο
688 2834 938 2890 κάκεῖθεν
963 2833 1098 2888 Θεοῦ
1130 2833 1312 2906 χάριτι
1341 2831 1712 2897 ἀνελκυσθεὶς,
1737 2834 1830 2888 ἐπὶ
1851 2833 1951 2905 τὴν

368 2929 574 3001 πέτραν
623 2929 783 3001 ἔστην
829 2929 923 2982 καὶ
973 2925 1319 2998 κατηυθύνθη
1363 2925 1433 2980 τά
1478 2924 1794 2997 διαϐήματά
1829 2943 1952 2997 μου,

368 3023 460 3075 καὶ
487 3022 731 3093 ᾄσματος
760 3017 1106 3090 κατηξιώθην
1139 3015 1351 3072 καινοῦ.
1387 3014 1576 3071 Ταῦτα
1615 3014 1723 3088 γάρ
1747 3017 1797 3069 οἱ
1827 3016 1956 3072 πολ-

2056 1926 2205 1974 vum,
2235 1911 2352 1965 sive
2375 1919 2696 1965 renovatum
2741 1925 2838 1981 per
2885 1911 3175 1965 scientiam
3225 1909 3344 1965 Dei.
3380 1911 3494 1965 Sub
3524 1911 3639 1965 haec

2055 2013 2236 2057 autem
2267 2001 2474 2068 omnia,
2505 2003 2558 2056 in
2594 2004 2902 2074 exemplum
2937 2002 3126 2058 multis
3159 2004 3402 2072 ponitur,
3457 2005 3529 2059 ita
3581 2012 3641 2059 ut

2056 2095 2149 2148 alii
2185 2109 2430 2165 quoque,
2465 2103 2760 2167 conspecta
2793 2095 2916 2165 ejus
2947 2095 3274 2160 mutatione,
3330 2111 3482 2166 spem
3537 2111 3638 2152 su-

2055 2195 2208 2242 mant
2238 2189 2458 2252 bonam,
2489 2195 2542 2242 et
2572 2203 2601 2240 a
2634 2187 2914 2258 pejoribus
2954 2189 3022 2244 ad
3051 2188 3279 2243 meliora
3311 2203 3431 2244 sese
3453 2188 3640 2244 tradu-

2055 2286 2223 2333 cant:
2257 2296 2428 2350 quare
2461 2281 2558 2343 ait,
2584 2281 2829 2335 uidebunt
2857 2281 3011 2335 multi
3045 2292 3096 2336 et
3134 2281 3411 2347 timebunt,
3445 2290 3494 2334 et
3526 2294 3641 2350 spe-

2058 2369 2252 2427 rabunt
2308 2374 2364 2426 in
2411 2372 2666 2428 Domino.
2711 2372 2984 2439 Quidnam
3019 2372 3322 2428 videbunt?
3372 2371 3634 2444 ldipsum,

2055 2463 2255 2534 inquit,
2279 2481 2388 2536 quo
2409 2475 2573 2536 pacto
2595 2467 2648 2520 in
2675 2465 3006 2538 profundum
3043 2467 3336 2531 malorum,
3363 2466 3417 2520 in
3456 2467 3632 2520 lacum

2053 2556 2286 2614 miserim
2316 2567 2371 2613 et
2397 2559 2454 2613 in
2489 2559 2664 2614 lutum
2708 2557 2857 2614 faecis
2901 2559 3190 2615 demersus
3232 2574 3356 2614 cum
3398 2557 3638 2622 fuerim,

2055 2647 2184 2704 inde
2214 2648 2309 2704 Dei
2339 2650 2514 2721 gratia
2536 2650 2792 2715 eductus,
2838 2667 3002 2722 super
3035 2660 3241 2722 petram
3271 2650 3516 2706 steterim
3534 2689 3550 2714 ,
3580 2657 3636 2704 et

2057 2757 2283 2812 gressus
2312 2743 2418 2797 mei
2446 2743 2641 2798 directi
2681 2743 2906 2808 iuerint,
2941 2759 3005 2800 ac
3041 2759 3184 2799 novo
3213 2744 3432 2798 cantico
3463 2742 3638 2798 dona-

2059 2842 2150 2891 tus
2179 2836 2306 2891 sim.
2334 2833 2432 2890 His
2461 2837 2796 2907 conspectis.
2828 2837 3028 2907 inquit.
3059 2836 3214 2890 mulli
3245 2835 3497 2890 timorem
3523 2832 3640 2896 Dei.

2059 2927 2129 2982 de
2151 2943 2261 2998 quo
2289 2927 2498 2982 dictum
2529 2926 2868 2994 est,Initium
2892 2929 3170 2997 sapientia:
3196 2929 3358 2980 timor
3378 2925 3642 2990 Domini,ll

2062 3020 2355 3090 accipient,
2387 3021 2735 3093 similemque
2773 3022 2877 3077 sibi
2913 3037 3063 3092 spem
3095 3019 3394 3076 ascribent.

368 3113 448 3166 λοὶ
479 3113 802 3185 θεασάμενοι
857 3111 1021 3181 φόϐον
1051 3109 1209 3175 Θεοῦ,
1254 3109 1384 3180 περὶ
1415 3103 1476 3163 οὗ
1513 3107 1782 3174 λέλεκται,
1833 3109 2008 3181 Ἀρχὴ
2045 3114 2269 3184 σοφίας
2313 3117 2500 3186 φόϐος
2545 3115 2716 3180 Θεοῦ,
2760 3114 3142 3187 άναλήψονται,
3177 3113 3272 3167 καὶ
3319 3109 3418 3164 τὴν
3450 3107 3644 3181 ὁμοίαν

369 3206 580 3271 ἑαυτοῖς
607 3204 1013 3278 ὑπογράφουσιν
1039 3203 1254 3258 ἐλπίδα.

437 3297 743 3367 Μακάριος
767 3298 946 3368 ἀνὴρ,
975 3293 1047 3354 οὗ
1076 3298 1207 3352 ἐστι
1235 3297 1300 3351 τὸ
1324 3295 1512 3368 ὄνομα
1534 3296 1756 3364 Κυρίου
1783 3297 1952 3364 ἐλπὶς

2134 3291 2301 3349 Vens.
2335 3292 2388 3348 5.
2421 3293 2619 3347 Beatus
2658 3292 2738 3346 uir
2772 3291 2924 3361 cujus
2953 3299 3031 3344 est
3059 3306 3245 3346 nomen
3278 3290 3494 3348 Domini
3525 3311 3644 3362 spes

368 3391 576 3455 αὐτοῦ,
613 3392 709 3445 καὶ
765 3394 877 3445 οὐκ
919 3389 1255 3458 ἐπέϐλεψεν
1295 3393 1383 3456 είς
1415 3390 1816 3459 ματαιότητας
1852 3389 1951 3444 καί

368 3487 587 3556 μανίας
621 3484 884 3554 ψευδεῖς.
903 3485 961 3538 '0
987 3483 1076 3538 διὰ
1116 3484 1313 3556 πείρας
1359 3481 1530 3536 ἐλθὼν
1556 3483 1656 3554 τῆς
1686 3481 1781 3535 τοῦ
1816 3481 1954 3536 Θεοῦ

376 3579 594 3651 χάριτος
627 3580 739 3643 τοῖς
779 3579 916 3631 πᾶσι
939 3575 1201 3648 κηρύττει
1232 3576 1332 3640 τὰς
1362 3577 1442 3640 είς
1469 3575 1632 3629 αὑτὸν
1657 3575 1955 3646 γενομένας

374 3671 710 3741 εὐεργεσίας,
744 3671 1007 3742 προφέρει
1036 3687 1096 3723 τε
1129 3669 1421 3740 καθολικὴν
1452 3669 1724 3737 ἀπόφασιν
1755 3669 1820 3721 ἐκ
1845 3668 1954 3721 τῶν

373 3765 504 3836 περὶ
553 3763 717 3817 αὑτὸν
751 3763 1093 3836 συμϐάντων,
1123 3763 1410 3825 διδάσκων,
1439 3762 1522 3815 ὃτι
1565 3762 1698 3814 πᾶσι
1727 3759 1955 3814 δυνατὸν

373 3855 677 3928 ἀνθρώποις
710 3854 819 3908 τῶν
866 3853 1068 3926 ὁμοίων
1118 3853 1266 3924 αὐτῷ
1311 3853 1514 3923 τυχεῖν.
1548 3852 1622 3904 Οὐ
1664 3849 1775 3923 γὰρ
1819 3849 1952 3919 ἐγὼ,

375 3949 531 4020 φησὶ,
557 3949 738 4014 μόνος,
761 3945 1017 4000 τοιούτων
1063 3944 1335 4011 ἀξιωθεὶς,
1369 3943 1489 4014 εῖην
1535 3942 1602 3996 ἂν
1649 3942 1914 4013 μακάριος
1936 3958 1950 3971 ο

376 4041 618 4095 ἔκκειται
642 4041 700 4094 δὲ
726 4043 840 4104 τοῖς
865 4041 1029 4094 πᾶσιν
1057 4041 1090 4110 ἡ
1114 4037 1252 4110 αὑτὴ
1283 4036 1422 4101 ὁδὸς,
1457 4035 1550 4090 καὶ
1585 4035 1645 4089 οὐ
1685 4035 1796 4088 τισὶ
1835 4034 1952 4104 μὲν,

374 4133 567 4187 τισὶ³δὲ
597 4131 678 4186 οὗ.
706 4133 820 4196 Πᾶς
857 4128 950 4185 οῦν
979 4133 1008 4185 ὁ
1037 4129 1135 4201 τὴν
1173 4128 1362 4182 ἐλπίδα
1387 4125 1550 4181 αὐτοῦ
1577 4125 1670 4179 ἐπὶ
1696 4125 1787 4178 τὸν
1824 4123 1955 4177 Θεὸν

377 4227 654 4298 άναθήσας
683 4225 784 4278 οὑκ
812 4224 1166 4277 ἀποπεσεῖται
1211 4219 1306 4273 τοῦ
1351 4215 1723 4290 μακαρισμοῦ,
1754 4211 1815 4270 οὗ
1863 4216 1958 4268 καὶ

377 4319 537 4384 αὐτὸς
566 4316 926 4389 κατηξιώθην.
959 4315 1274 4385 Ματαιότης
1307 4311 1361 4365 δὲ
1393 4311 1487 4366 καὶ
1516 4309 1703 4382 μανίαι
1743 4309 1958 4380 ψευδεῖς

377 4415 550 4467 πᾶσαι
577 4413 631 4466 αῖ
665 4411 887 4482 περὶτὰ
915 4409 1229 4480 πρόσκαιρα
1267 4407 1361 4459 καὶ
1397 4405 1599 4477 μάταια
1630 4403 1956 4473 τυγχάνουσι

378 4505 626 4560 σπουδαί·
650 4505 881 4578 ἐπείπερ
897 4503 1235 4568 Ματαιότης
1258 4498 1691 4570 ματαιοτήτων,
1723 4495 1795 4548 τὰ
1811 4493 1959 4547 πάν-

377 4616 450 4654 τα
496 4600 856 4669 ματαιότηςο
905 4597 1002 4651 καὶ
1045 4593 1134 4648 διὰ
1180 4594 1288 4646 τῶν
1341 4589 1652 4663 ἔμπροσθεν
1699 4587 1953 4656 ἐλέγετο·

2056 3387 2193 3457 ejus,
2225 3397 2274 3441 et
2302 3404 2406 3441 non
2447 3386 2674 3455 respexit
2707 3385 2764 3438 in
2807 3385 3069 3438 vanitates
3099 3396 3149 3438 et
3178 3385 3422 3440 insanias
3447 3387 3641 3456 falsas.

2055 3476 2162 3543 Qui
2201 3477 2400 3532 divinae
2435 3478 2628 3548 gratia:
2654 3475 3090 3545 experimentum
3131 3477 3342 3543 habuit,
3384 3479 3490 3534 sibi
3529 3481 3645 3534 col-

2057 3571 2165 3625 lata
2198 3569 2461 3626 beneﬁcia
2506 3568 2764 3623 omnibus
2807 3566 3088 3638 praedicat.
3120 3577 3284 3639 atque
3311 3584 3375 3624 ex
3418 3569 3486 3626 iis
3521 3587 3644 3643 quae

2057 3664 2161 3719 sibi
2209 3663 2562 3734 contigerunt
2612 3659 2979 3715 universalem
3030 3660 3241 3730 profert
3290 3664 3641 3733 sententiam,

2045 3753 2261 3807 docens
2288 3766 2480 3805 omnes
2506 3749 2756 3805 homines
2789 3750 2939 3820 paria
2963 3765 3148 3805 secum
3180 3752 3426 3810 obtinuere
3456 3769 3640 3826 posse.

2051 3845 2244 3916 Neque
2266 3843 2411 3899 enim
2435 3857 2537 3912 ego
2563 3843 2736 3906 solus,
2757 3843 2853 3907 ait,
2887 3844 3016 3898 talia
3047 3852 3265 3906 nactus.
3297 3847 3492 3904 beatus
3522 3850 3642 3906 fue-

2051 3937 2203 4001 rim;
2258 3935 2356 3992 sed
2389 3935 2648 3992 omnibus
2693 3952 2757 3991 ea
2795 3937 2911 4007 ipsa
2949 3936 3038 3989 via
3071 3945 3240 4006 patet,
3272 3954 3372 3995 nec
3413 3941 3645 4010 quibuso

2051 4027 2183 4083 dam
2219 4036 2406 4100 aperta
2436 4037 2543 4094 est,
2587 4027 2711 4084 aliis
2752 4042 2884 4082 vero
2913 4028 3162 4084 minime.
3205 4030 3474 4102 Quisquis
3511 4047 3642 4104 ergo

2057 4138 2210 4194 spem
2239 4122 2296 4176 in
2333 4121 2442 4177 Deo
2479 4122 2750 4192 reposuit,
2799 4136 2828 4174 a
2861 4121 3202 4176 beatitudine
3243 4124 3356 4187 illa,
3391 4139 3497 4194 qua
3539 4140 3643 4195 ego

2058 4219 2318 4288 dignatus
2353 4231 2499 4280 sum,
2535 4231 2644 4269 non
2682 4215 2917 4270 labetur.
2949 4214 3176 4270 Vanitas
3205 4225 3386 4270 autem
3411 4225 3466 4272 et
3495 4217 3642 4274 insa-

2057 4310 2164 4365 niae
2190 4308 2340 4364 falsa:
2370 4315 2519 4371 sunt,
2557 4322 2750 4362 omnes
2790 4312 3274 4376 temporanearum
3305 4315 3359 4362 et
3407 4306 3641 4362 futilium

2059 4418 2242 4459 rerum
2297 4417 2462 4457 curae.
2526 4398 2979 4469 Quandoquidem
3043 4400 3250 4454 uanitas
3314 4400 3640 4464 vanitatum,

2060 4497 2240 4550 omnia
2271 4496 2478 4550 uanitas
2514 4494 2534 4526 ⁸
2567 4511 2582 4558 ;
2618 4507 2682 4546 ac
2713 4493 2968 4562 superius
3017 4491 3226 4546 dictum
3255 4503 3340 4547 est
3372 4508 3386 4543 :
3429 4492 3646 4548 Verum-

2063 4600 2237 4644 tamen
2276 4588 2520 4641 universa
2552 4586 2782 4648 uanitas,
2814 4584 2984 4638 omnis
3016 4583 3169 4636 homo
3205 4584 3410 4648 uirens;
3441 4592 3497 4639 et
3538 4585 3642 4639 ite-

379 4653 554 4759 Πλην
595 4693 668 4745 τὰ
715 4653 910 4743 πάντα
946 4687 1291 4758 ματαιότης,
1323 4653 1439 4750 «in;
1461 4653 1774 4750 ιῖνθρωπος
1938 4694 1952 4708 ·

2063 4698 2182 4737 rum
2216 4697 2227 4733 :
2262 4680 2633 4735 Verumtamen
2665 4694 2794 4732 uane
2834 4675 3238 4731 conturbantur.
3294 4674 3644 4731 Thesaurizat

380 4785 476 4839 καὶ
506 4783 666 4837 πάλιν
685 4800 699 4814 ’
722 4782 894 4850 Πλὴν
913 4779 1114 4850 μάτην
1140 4776 1565 4846 ταράσσονται.
1589 4771 1956 4842 Θησαυρίζει,

383 4879 483 4933 καὶ
536 4881 609 4932 οὐ
661 4874 936 4948 γινώσκει
981 4875 1098 4926 τίνι
1145 4870 1398 4933 συνάξει
1431 4867 1636 4922 ταῦτα.
1673 4866 1872 4922 Μανίαι
1904 4866 1959 4918 δὲ

382 4972 598 5044 ψευδεῖς
627 4971 683 5024 αῖ
709 4970 788 5032 είς
819 4965 975 5020 κενὸν
1004 4966 1101 5019 καὶ
1131 4964 1360 5035 μάταιον
1391 4960 1818 5031 σπουδαζόμεναι
1848 4960 1960 5020 τοῖς

385 5065 599 5128 πολλοῖς
627 5059 1143 5136 φροντίδες.⁶ἀσπερ
1193 5051 1286 5109 οῦν
1338 5053 1503 5124 μανία
1538 5049 1769 5123 σώφρων
1801 5052 1835 5121 ἡ
1866 5049 1958 5102 τοῦ

387 5160 649 5232 παρόντος
685 5155 798 5227 βίου
831 5152 1309 5218 κατεξανάστασις,
1336 5149 1402 5202 δι’
1434 5149 1500 5218 ἣν
1525 5145 1621 5198 καὶ
1665 5143 1959 5232 gemam;

385 5231 692 5322 ἐνομίζοντο
739 5247 851 5312 τοῖς
896 5241 1109 5305 πολλοῖς
1137 5242 1188 5293 oi
1219 5238 1312 5292 τοῦ
1345 5235 1482 5290 Θεοῦ
1523 5232 1816 5306 προφῆται.
1861 5231 1958 5283 Σε-

390 5342 644 5415 μνύνεται
670 5339 714 5393 δ’
739 5337 832 5391 ἐπὶ
861 5339 929 5408 τῇ
956 5332 1184 5406 τοιαύτῃ
1205 5332 1461 5385 ἐκστάσει
1490 5326 1663 5395 λέγων
1685 5327 1712 5379 ὁ
1732 5324 1954 5387 δίκαιος·

399 5434 542 5505 Ἐγὼ
575 5431 644 5486 δὲ
673 5427 813 5485 εἶπα
854 5430 924 5483 ὲν
968 5425 1042 5495 τῇ
1070 5424 1353 5478 ἐκστάσει
1382 5437 1535 5492 μουσ
1573 5416 1699 5484 Πᾶς
1742 5417 1962 5484 ἄνθρω-

385 5543 497 5593 πος
524 5527 826 5594 ψεύστης·
858 5523 951 5576 καὶ
992 5521 1022 5572 ὁ
1064 5515 1382 5578 ’Λπόστολος
1406 5514 1462 5567 δὲ
1494 5510 1652 5566 τοῦτο
1681 5506 1960 5571 πεπονθὼς

381 5620 592 5689 ἐλεγεν·
627 5619 763 5673 Είτε
793 5615 902 5684 γὰρ
934 5609 1263 5680 ἐξέστημεν
1286 5605 1428 5672 Θεῷ,
1457 5604 1576 5658 εἶτε
1607 5597 1952 5670 σωφρονοῦ-

381 5731 491 5778 μεν
521 5730 681 5783 υμιν.

453 5834 474 5866 ⁸
515 5831 672 5886 Rom.
702 5845 822 5895 vm,
857 5823 944 5881 523.

2059 4788 2110 4831 et
2141 4777 2348 4846 ignorat
2380 4774 2466 4826 cui
2498 4769 2833 4842 congregabit
2861 4787 2942 4824 ea.
2989 4767 3272 4824 Vanitates
3307 4768 3476 4835 falsae,
3513 4779 3642 4824 sunt

2061 4869 2231 4922 irrita:
2265 4883 2328 4921 ac
2364 4867 2586 4920 inutiles
2624 4878 2654 4916 a
2690 4862 2877 4916 multis
2919 4868 3187 4930 suscepta:
3219 4859 3639 4915 sollicitudines.

2061 4958 2234 5027 igitur
2273 4955 2487 5010 vanitas
2536 4953 2780 5024 prudens
2809 4959 2894 5006 est
2923 4949 3082 5019 quasi
3123 4949 3466 5005 renuntiatio
3505 4965 3644 5021 pra:-

2063 5051 2237 5107 sentis
2265 5051 2409 5112 vitae,
2449 5049 2521 5103 ob
2558 5062 2724 5118 quam
2769 5045 3052 5116 propheta;
3085 5043 3178 5098 Dei
3221 5043 3408 5097 multis
3447 5056 3642 5096 exces-

2063 5145 2208 5199 sisse
2234 5149 2414 5198 mente
2436 5139 2780 5194 videbantur.
2814 5137 2889 5192 De
2918 5137 3023 5192 hoc
3055 5142 3235 5190 autem
3265 5149 3494 5189 excessu
3523 5133 3640 5203 glo-

2063 5237 2240 5292 riatur
2291 5236 2476 5305 justus
2517 5232 2708 5288 dicens
2751 5249 2762 5285 :
2817 5229 2930 5300 Ego
2961 5239 3137 5283 autem
3177 5226 3292 5280 dixi
3337 5226 3394 5279 in
3425 5239 3640 5280 excessu

2057 5345 2198 5391 meo,
2229 5326 2402 5382 omnis
2431 5325 2588 5380 homo
2619 5322 2850 5378 mendax
2877 5323 2919 5377 ⁷.
2954 5318 3360 5391 Apostolusque
3401 5317 3640 5388 idipsum

2063 5437 2262 5492 passus
2293 5419 2511 5474 dicebat
2551 5437 2564 5473 :
2601 5417 2721 5472 Sive
2751 5417 2892 5470 enim
2935 5422 3104 5468 mente
3145 5410 3473 5474 excedimus,
3504 5407 3640 5474 Deo,

2064 5514 2172 5567 sive
2200 5511 2364 5568 sobrii
2407 5527 2612 5575 sumus,
2646 5509 2789 5564 uobis
2820 5509 2863 5562 ⁸.

1023 5824 1044 5856 ³
1081 5821 1228 5880 Psal.
1264 5833 1364 5886 cx,
1399 5817 1486 5874 10.
1564 5815 1584 5847 ⁸
1624 5812 1807 5871 Ecele.
1849 5807 1952 5882 ηε

2064 5808 2085 5842 '
2122 5805 2270 5876 Psal.
2307 5820 2442 5871 ειν,
2487 5801 2571 5857 ll.
2652 5798 2672 5830 ⁸
2711 5797 2753 5852 II
2786 5794 2912 5852 Cor.
2949 5791 3138 5862 v,15.
