4122 6454
501 331 606 386 sas
1183 329 1450 388 EUSEBll
1491 328 1966 387 CIESARIENSIS
1999 325 2152 388 ore.
2189 319 2376 388 PARS
2409 328 2498 394 ιιι.
2531 368 2601 379 -
2637 334 3045 397 EXEGE'I‘ICA.

3655 340 3762 398 556

573 445 742 501 Vens.
785 444 904 500 6-9.
936 443 1110 500 Multa
1146 445 1316 516 fecisti
1359 457 1438 509 tu,
1485 444 1708 499 Domine
1748 443 1884 500 Deus
1908 461 2074 512 meus,

2249 447 2459 505 Πολλὰ
2485 453 2777 522 ἐποίησας
2805 455 2908 520 σὺ,
2933 456 3110 523 Κύριε
3134 458 3167 510 ό
3195 457 3340 522 Θεός
3361 473 3500 524 μου,
3525 457 3598 511 τὰ
3621 460 3764 512 θαι-ο

499 538 772 594 mirabilia
831 547 942 591 tua.
1003 538 1109 605 Qui
1162 538 1368 592 variam
1422 538 1567 592 illam
1609 535 1704 592 Dei
1760 537 2080 608 sapientiam

499 633 616 688 sive
669 633 724 686 in
780 632 1052 688 universis
1114 631 1366 702 opiﬁciis,
1427 629 1543 684 sive
1587 629 1642 684 in
1706 630 1978 700 singulis,
2026 631 2080 684 in

500 724 816 786 sensilibus.
853 733 908 778 et
937 726 992 779 in
1051 723 1118 778 iis
1147 739 1268 794 quae
1323 731 1503 778 mente
1547 723 1928 794 percipiuntur
1963 723 2083 776 ani-

501 819 882 880 madverterit,
913 818 966 872 in
995 825 1275 885 stuporem
1317 816 1547 872 veniens
1575 817 1649 870 ob
1681 817 1953 886 ingentem
1987 815 2082 871 Dei

503 914 882 967 universorum
921 919 1268 982 potestatem,
1298 925 1434 965 sane
1469 909 1668 964 dixerit
1698 929 1710 964 :
1746 908 1917 963 Multa
1949 909 2080 978 feci-

497 1005 570 1059 sli
597 1013 674 1068 tu,
710 1004 931 1058 Domine
967 1002 1106 1057 Deus
1138 1019 1305 1062 meus.
1342 1001 1612 1056 mirabilia
1646 1011 1756 1056 tua.
1783 1001 1890 1056 Sed
1918 1003 2081 1057 etiam

498 1097 817 1166 ponderatis
869 1097 1200 1154 universalis
1254 1097 1402 1152 illius
1445 1097 1802 1168 providentiae
1855 1095 2085 1150 rationi-

499 1188 626 1252 bus,
661 1189 818 1258 queis
839 1189 1022 1243 omnia
1070 1188 1441 1253 administrat,
1493 1187 1616 1243 cum
1661 1187 2083 1259 deprehenderit

501 1283 1084 1353 incomprehensibiles
1118 1296 1216 1339 eas
1249 1299 1392 1341 esse.
1442 1283 1559 1338 haec
1599 1283 1820 1352 adjiciet
1855 1300 1867 1337 :
1897 1281 1964 1336 Et
1993 1299 2083 1336 co-

500 1373 844 1444 gitationibus
877 1376 980 1429 tuis
1017 1393 1121 1430 non
1162 1385 1240 1430 est
1279 1376 1370 1446 qui
1410 1374 1600 1429 similis
1636 1375 1704 1428 sit
1745 1373 1860 1428 tibi.
1892 1373 2082 1441 Qualis

499 1473 620 1519 erat
647 1466 696 1522 is
720 1466 812 1537 qui
843 1465 1061 1522 dicebat
1090 1487 1104 1521 :
1136 1466 1181 1523 0
1215 1466 1444 1521 altitudo
1468 1467 1779 1521 divitiarum
1809 1467 2083 1536 sapientiae

499 1567 549 1612 et
576 1557 810 1612 scientia:
840 1557 970 1612 Dei!
1009 1575 1168 1630 quam
1198 1558 1744 1628 incomprehensibilia
1776 1566 1898 1611 sunt
1931 1556 2084 1627 judi-

498 1651 583 1706 cia
611 1651 749 1721 ejus,
774 1660 824 1706 et
847 1651 1229 1723 investigabiles
1261 1653 1358 1706 vite
1391 1651 1504 1721 ejus
1526 1652 1579 1705 ’l
1614 1649 1674 1705 In
1708 1650 1963 1720 praesenti
1993 1665 2087 1704 au-

496 1750 608 1798 tem
651 1742 822 1798 David
872 1759 971 1814 pro
1017 1744 1424 1814 opportunitate
1472 1743 1572 1799 has
1619 1743 1845 1815 protulit
1882 1757 2081 1808 voces,

495 1848 622 1888 cum
645 1849 676 1889 e
707 1849 768 1888 re
801 1842 953 1905 gesta
975 1834 1312 1897 edidicisset,
1341 1849 1484 1890 novo
1503 1835 1742 1906 quodam
1770 1833 1954 1896 modo.
1981 1833 2083 1888 sci-

497 1925 625 1983 licet
664 1943 761 1998 per
801 1928 1213 1997 obsequentium
1246 1928 1449 1984 divinis
1498 1927 1709 1999 legibus
1754 1927 2080 1991 exhibitam,

497 2031 774 2076 servatum
803 2035 862 2075 se
891 2019 1085 2074 fuisse.
1111 2020 1325 2074 Atenim
1359 2035 1455 2090 per
1487 2017 1727 2091 Moysem
1758 2019 1886 2074 olim
1912 2017 2084 2074 sacri-

497 2112 622 2167 ﬁcia
653 2120 706 2167 et
733 2111 1051 2166 holocausta
1086 2125 1186 2181 pro
1224 2111 1466 2180 peccatis
1495 2110 1681 2165 oll‘erri
1709 2110 1926 2180 iussum
1969 2108 2086 2164 fue-

498 2211 621 2268 rat;
656 2217 804 2256 nunc
851 2217 982 2256 vero
1021 2217 1194 2256 novus
1225 2201 1464 2256 traditur
1495 2201 1691 2257 salutis
1733 2200 1931 2256 modus
1962 2201 2084 2256 sine

501 2292 789 2348 sacriﬁciis
812 2300 866 2347 et
891 2291 1251 2346 holocaustis.
1279 2289 1446 2345 Docet
1487 2304 1653 2361 porro
1678 2297 1935 2345 sexcenta
1961 2304 2084 2346 esse

501 2385 570 2439 ad
593 2383 825 2439 salutem
851 2381 1112 2450 remedia,
1144 2397 1266 2452 qua:
1283 2380 1374 2436 Dei
1392 2381 1566 2452 gratia
1601 2379 1915 2434 hominibus
1940 2379 2085 2435 elar-

494 2475 607 2547 gita
639 2481 742 2530 est.
777 2472 964 2544 Neque
1015 2489 1116 2544 pro
1140 2473 1404 2544 dignitate
1436 2472 1511 2527 rei
1543 2471 1675 2538 dici,
1704 2487 1880 2543 neque
1903 2479 2085 2527 mente

495 2568 711 2639 concipi
737 2576 917 2638 potest
940 2567 1234 2621 multitudo
1263 2565 1656 2636 cogitationum
1687 2563 1801 2619 Dei.
1831 2562 2084 2636 Symma-

495 2661 636 2716 chus
691 2675 871 2716 vero:
914 2658 1218 2726 Permulta,
1272 2658 1473 2729 inquit,
1525 2657 1695 2727 fecisti
1749 2667 1826 2722 tu,
1864 2656 2102 2710 Domine.

499 2751 641 2806 Deus
681 2767 849 2816 meus,
883 2747 1128 2820 prodigia
1179 2763 1294 2812 tua,
1339 2758 1388 2802 et
1436 2747 1946 2819 cogitationes'tuas
1987 2759 2084 2813 pro

496 2843 652 2898 nobis
683 2860 787 2897 non
821 2842 1069 2912 possibile
1097 2850 1174 2894 est
1195 2855 1451 2910 exponere
1476 2854 1632 2908 super
1657 2849 1724 2894 te.
1757 2836 1960 2892 Deinde
1984 2853 2085 2907 pro

495 2938 614 3002 illo,
645 2936 975 2990 Annuntiavi
1002 2943 1051 2989 et
1079 2934 1286 2988 locutus
1310 2949 1453 2997 sum,
1479 2931 1820 3000 multiplicati
1846 2939 1970 2985 sunt
1990 2947 2086 2984 su-

496 3044 590 3098 per
618 3045 872 3092 arenam;
901 3043 1123 3085 rursum
1155 3026 1516 3098 Symmachus
1540 3025 1644 3080 hac
1673 3025 1885 3081 ratione
1917 3026 2085 3081 inter-

503 3127 748 3192 pretatus
779 3127 886 3184 est,
922 3117 982 3174 Si
1022 3119 1345 3172 annuntians
1388 3117 1718 3182 annuntiem,
1751 3114 1925 3185 plures
1959 3124 2084 3168 sunt

498 3228 659 3285 quam
690 3220 747 3263 ut
769 3208 1016 3264 enarrari
1042 3208 1264 3277 possint.
1298 3206 1454 3270 Nam,
1479 3221 1544 3260 ea:
1571 3215 1742 3276 parte,
1775 3206 1974 3276 inquit,
1997 3223 2086 3259 co-

499 3294 826 3367 gnoscimus,
855 3301 904 3346 et
932 3307 998 3346 ea:
1033 3301 1184 3361 parte
1209 3290 1584 3358 prophetamus
1622 3291 1688 3344 ¹⁰.
1721 3289 1917 3346 Omnia
1953 3306 2087 3346 sane

502 3389 776 3444 mirabilia
806 3393 900 3440 tua
932 3385 1357 3440 innumerabilia
1403 3393 1456 3439 et
1499 3383 2085 3455 incomprehensibilia

502 3490 634 3538 sunt
666 3499 680 3536 :
707 3487 949 3533 attamen
994 3477 1050 3531 in
1105 3477 1174 3531 iis
1207 3491 1328 3546 qua:
1371 3490 1568 3546 capere
1608 3475 1767 3530 licuit
1804 3477 1858 3530 id
1888 3476 2086 3544 depre-

501 3572 694 3636 hendi,
725 3581 776 3627 te
798 3571 1008 3626 scilicet
1039 3569 1093 3624 in
1126 3568 1382 3638 praesenti
1413 3577 1658 3638 tempore
1694 3582 1724 3622 a
1761 3566 1947 3639 Moyse
1973 3576 2088 3621 tra-

503 3667 619 3723 dita
659 3663 932 3722 sacriﬁcia
978 3670 1034 3718 et
1083 3662 1389 3717 oblationes
1436 3663 1713 3726 noluisse,
1761 3662 1856 3718 sed
1895 3676 2087 3717 eorum

505 3759 628 3812 loco
656 3771 818 3811 aures
849 3769 1000 3810 meas
1033 3760 1086 3808 et
1114 3752 1529 3824 obsequentiam
1559 3752 1794 3823 eloquiis
1827 3751 1938 3807 tuis
1967 3765 2086 3821 per-

429 3863 442 3876 '
501 3849 745 3914 fecisse;
773 3863 837 3902 ac
883 3863 983 3919 pro
1017 3845 1378 3910 holocaustis,
1411 3853 1466 3901 et
1504 3843 1792 3901 sacriﬁciis
1826 3858 1924 3913 pro
1954 3858 2084 3913 pec-

505 3951 654 4010 cato,
684 3939 1067 4009 memetipsum
1094 3936 1269 3991 obtuli
1311 3937 1429 3992 tibi.
1462 3935 1644 4002 Quare
1677 3933 1753 3988 ait
1788 3953 1802 3989 :
1837 3932 1973 3988 Ecce
2001 3949 2086 3988 ve-

507 4035 596 4090 nio
637 4048 669 4088 a
703 4041 756 4088 te
785 4039 1048 4094 vocatus,
1096 4037 1262 4099 atque
1320 4027 1731 4100 promptissime
1761 4025 2081 4082 obsecutus.

505 4125 680 4182 Venio
748 4131 931 4178 autem
992 4121 1300 4178 festinando
1374 4128 1435 4175 ut
1503 4119 1701 4174 faciam
1748 4119 2082 4173 voluntatem

505 4229 694 4274 tuam:
727 4216 830 4271 hoc
860 4215 1006 4270 enim
1053 4229 1156 4286 pro
1195 4213 1344 4268 omni
1388 4214 1610 4268 victima
1647 4212 1954 4269 holocausti
1989 4227 2084 4266 ac-

501 4319 792 4381 cepturum
826 4316 879 4363 te
899 4322 1222 4378 persuasum
1251 4306 1444 4361 habeo.
1477 4305 1592 4361 Hoc
1627 4319 1814 4376 porro,
1838 4305 1892 4358 in
1915 4304 2086 4374 capite

503 4401 628 4458 libri
660 4403 914 4468 scriptum
945 4410 1024 4454 est
1078 4405 1142 4452 de
1185 4413 1288 4460 me.
1319 4398 1474 4469 quid,
1521 4399 1738 4461 amabo,
1773 4397 1924 4452 aliud
1975 4403 2080 4461 est,

2177 541 2369 612 μάσιά
2397 562 2533 601 σου.
2553 546 2610 600 '0
2631 547 2728 620 τὴν
2763 548 3139 603 πολυποίκιλον
3163 549 3257 606 τοῦ
3291 550 3424 604 Θεοῦ
3454 553 3646 622 σοφίαι
3667 570 3770 606 καθ

2182 635 2522 708 τανενοηκὼς
2551 637 2606 690 ἓν
2639 656 2698 692 τε
2730 642 2842 703 τοῖς
2861 638 3088 696 καθόλου
3110 641 3372 713 κτίσμασι
3406 646 3500 697 καὶ
3533 647 3642 708 τοῖς
3660 663 3763 699 κα-

2181 728 2250 781 τὰ
2281 727 2463 799 μέρος,
2493 730 2606 792 τοῖς
2654 745 2714 781 τε
2763 729 3038 800 αἰσθητοῖς
3087 732 3181 785 καὶ
3212 735 3323 796 τοῖς
3363 733 3501 787 κατὰ
3526 735 3773 790 διάνοιαν

2183 816 2595 889 θεωρουμένοις,
2632 820 2711 885 εἰς
2745 819 3003 892 ἔκπληξιν
3033 821 3202 877 ἐλθὼν
3231 826 3329 895 τῆς
3352 827 3772 898 ὑπερμεγέθους

2181 904 2459 979 δυνάμεως
2514 910 2608 964 τοῦ
2659 909 2768 963 τῶν
2820 911 2956 965 ὅλων
3002 912 3159 976 Θεοῦ,
3207 915 3349 968 εἴποι
3401 917 3498 970 ἄν·
3554 919 3771 972 Πολλὰ

2181 1001 2476 1069 ἐποίησας
2525 1003 2627 1068 σὺ,
2659 1004 2838 1072 Κύριε
2881 1008 2913 1059 ὀ
2965 1007 3108 1072 Θεός
3149 1025 3290 1076 μου,
3339 1007 3412 1062 τὰ
3461 1008 3773 1079 θαυμάσιοί

2183 1109 2321 1148 σου.
2340 1093 2500 1150 Ἀλλά
2551 1098 2646 1152 καὶ
2699 1103 2823 1164 τοὺς
2871 1099 3063 1170 λόγους
3112 1099 3372 1165 ἐξετάσας
3403 1101 3502 1172 τῆς
3533 1101 3770 1155 καθόλου

2185 1188 2460 1260 προνοίας,
2489 1189 2610 1243 καθ’
2635 1187 2727 1255 οὓς
2758 1193 2824 1246 τά
2856 1192 3144 1264 σύμπαντα
3169 1193 3379 1256 διοικεῖ,
3401 1192 3638 1248 κᾶπειτα
3673 1194 3774 1248 sit--

2188 1281 2294 1355 ρὼν
2330 1281 2526 1346 αὐτοὺς
2570 1283 3008 1356 άκαταλήπτους,
3056 1286 3352 1356 προσθήσει
3403 1285 3608 1354 λέγων’
3651 1285 3768 1342 Kal

2181 1373 2307 1440 τοῖς
2343 1374 2754 1444 διαλογισμοῖς
2778 1391 2894 1430 σου
2926 1378 3037 1431 οὐκ
3063 1378 3194 1431 ἐστι
3217 1379 3307 1443 τίς
3334 1373 3775 1446 ὁμοιωθήσεταί

2183 1479 2300 1522 σοι.
2337 1463 2462 1530 Οῗος
2485 1462 2553 1538 ἦν
2583 1469 2612 1520 ὁ
2643 1467 2820 1537 λέγων
2838 1485 2851 1499 ο
2880 1469 2942 1522 Ὢ
2970 1464 3203 1536 ,βάθους
3237 1472 3506 1525 πλούτου
3531 1471 3629 1526 καὶ
3657 1487 3770 1526 σοε

2183 1560 2345 1628 φίας,
2385 1560 2482 1612 καί
2519 1559 2796 1628 γνώσεως
2842 1557 3029 1614 Θεοῦ]
3075 1561 3156 1626 ὡς
3203 1559 3642 1628 ἀνεξερεύνητα
3691 1561 3768 1614 τὰ

2183 1651 2437 1720 κρίματα
2464 1651 2670 1715 αὑτοῦ,
2697 1651 2794 1704 καὶ
2826 1645 3274 1720 ἀνεξιχνίαστοι
3305 1655 3363 1707 αἱ
3387 1653 3511 1708 ὁδοὶ
3537 1652 3727 1708 αὑτοῦ
3745 1651 3772 1706 !

2197 1739 2284 1794 Ἐν
2315 1741 2371 1796 δὲ
2398 1743 2510 1806 τοῖς
2538 1738 2918 1814 προκειμένοις
2943 1744 2971 1796 ὁ
3000 1740 3160 1796 Δαυῖδ
3189 1743 3329 1797 κατὰ
3351 1743 3538 1815 καιρὸν
3561 1743 3770 1808 ταύτας

2185 1834 2562 1908 προηνέγκατο
2593 1835 2691 1900 τὰς
2721 1836 2923 1906 φωνὰς,
2956 1835 3102 1908 ἔργῳ
3127 1835 3332 1908 μαθὼν,
3360 1837 3436 1901 ὡς
3470 1835 3641 1908 καινῷ
3659 1855 3768 1891 τινι

2180 1929 2368 2001 τρόπῳ
2400 1928 2668 1982 σέσωσται
2699 1927 2778 1999 τῷ
2809 1927 2874 1982 δι’
2900 1929 3147 1999 ὑπακοῆς
3193 1928 3302 1982 τῶν
3350 1929 3509 1989 θείων
3541 1929 3763 1998 λογίων.

2182 2021 2353 2076 Πάλαι
2402 2022 2500 2093 μὲν
2545 2021 2653 2095 γάρ
2693 2022 2780 2076 διὰ
2819 2024 3100 2088 Μωῦσέως
3131 2024 3311 2079 θυσίαι
3340 2025 3436 2078 καὶ
3481 2024 3768 2078 ύλὸκαυτοι

2179 2115 2452 2188 ἀναφοραὶ
2479 2111 2903 2187 προσετάττοντο
2947 2114 3088 2188 ὑπὲρ
3141 2115 3423 2187 ἁμαρτιῶν
3457 2115 3768 2188 προσφέρε-

2185 2205 2338 2260 σθαι·
2372 2207 2490 2260 νυνὶ
2516 2207 2573 2260 δὲ
2594 2206 2778 2272 καινὸς
2811 2207 3161 2278 παραδίδοται
3193 2207 3394 2279 τρόπος
3426 2207 3719 2280 σωτηρίας,
3738 2210 3769 2261 ό

2181 2298 2304 2370 δίχα
2327 2298 2524 2352 θυσιῶν
2556 2299 2650 2352 καὶ
2682 2298 3171 2370 ὁλοκαυτωμάτων.
3199 2297 3448 2353 Διδάσκει
3469 2299 3526 2352 δὲ
3560 2299 3654 2352 καὶ
3685 2298 3768 2364 ὡς

2183 2386 2298 2444 ἔστι
2326 2387 2494 2462 μυρία
2519 2389 2792 2461 σωτηρίας
2815 2383 3105 2461 φάρμακα,
3137 2389 3281 2461 ἅπερ
3309 2391 3343 2461 ἡ
3371 2388 3464 2442 τοῦ
3495 2387 3630 2442 Θεοῦ
3660 2387 3764 2458 χά-

2190 2493 2272 2551 ρις
2292 2483 2403 2543 τοῖς
2421 2477 2729 2550 ἀνθρώποις
2755 2477 3084 2551 ἐδωρήσατο.
3104 2478 3217 2533 Οὐκ
3242 2477 3357 2530 ἔστι
3383 2493 3443 2529 τε
3464 2475 3582 2529 κατ’
3606 2474 3770 2539 ἀξίαν

2187 2574 2383 2636 εἰπεῖν,
2413 2571 2534 2625 οὐδὲ
2579 2569 2785 2642 διανοίᾳ
2827 2569 3138 2642 περιλαϐεῖν
3162 2567 3270 2622 τῶν
3297 2566 3390 2621 τοῦ
3424 2565 3560 2620 Θεοῦ
3591 2564 3771 2618 διαλοα

2185 2661 2401 2736 γισμῶν
2425 2659 2487 2718 τὸ
2513 2663 2734 2734 πλῆθος.
2755 2663 2812 2717 Ὁ
2847 2662 2904 2716 δὲ
2935 2661 3251 2733 Σύμμαχος,
3285 2659 3638 2730 Πάμπολλα,
3657 2675 3765 2729 φηο

2186 2751 2292 2820 σ⁴ιν,
2321 2755 2616 2822 ἐποίησας
2645 2753 2749 2818 σὺ,
2775 2754 2950 2821 Κύριε
2980 2754 3012 2806 ὁ
3045 2749 3191 2817 Θεός
3207 2769 3349 2820 μου,
3384 2749 3455 2803 τὰ
3483 2745 3772 2818 τεράστιό

2184 2863 2324 2912 σου,
2354 2847 2452 2901 καί
2483 2847 2625 2913 τοὺς
2652 2844 3082 2914 διαλογισμούς
3105 2858 3223 2898 σου
3251 2842 3393 2908 τοὺς
3416 2840 3570 2910 ὑπὲρ
3595 2838 3769 2908 ἡμῶν

2185 2941 2296 2994 οὐκ
2314 2938 2486 2994 ἐστιν
2511 2937 2788 2993 ἐκθέσθαι
2813 2937 2912 2990 ἐπὶ
2937 2935 3072 2991 σοῦ.
3097 2931 3231 2989 Εἶτα
3253 2934 3374 2988 ἀντὶ
3397 2931 3490 2986 τοῦ
3512 2949 3525 2961 ·
3560 2930 3760 3000 Ἀπήτυ

2184 3032 2356 3101 recta
2391 3027 2488 3084 καὶ
2518 3026 2815 3096 ἐλάλησα,
2845 3027 3322 3093 ἐπληθύνθησαν
3359 3021 3514 3088 ὑπὲρ
3545 3020 3767 3089 ἄμμον,

2189 3121 2351 3175 πάλιν
2390 3123 2420 3174 ὁ
2471 3119 2764 3191 Σύμμαχος
2815 3117 3004 3172 τοῦτον
3045 3117 3356 3189 ἡρμήνευσε
3402 3115 3492 3168 τὸν
3531 3113 3764 3185 τρόπον·

2203 3215 2335 3268 Ἐὰν
2349 3211 2746 3284 ἀπαγγέλλων
2771 3208 3171 3281 καταγγέλλω,
3189 3207 3373 3261 πλείω
3407 3206 3540 3260 ἐστι
3558 3204 3665 3258 τοῦ
3680 3203 3771 3257 δια

2186 3303 2503 3374 ηγηθῆναιο
2545 3304 2638 3355 Ἐκ
2659 3300 2882 3372 μέρους
2923 3298 3041 3369 μὲν
3080 3299 3211 3368 γὰρ,
3262 3297 3416 3369 φησὶν
3477 3293 3768 3365 γινώσκοι

2181 3412 2318 3465 μεν,
2371 3394 2470 3448 καὶ
2514 3394 2583 3448 ἐκ
2622 3391 2846 3463 μέρους
2883 3391 3352 3459 προφητεύομεν.
3409 3387 3491 3441 Τά
3536 3403 3601 3454 γε
3658 3385 3769 3456 μὴν

2187 3489 2366 3543 πάντα
2387 3486 2733 3559 ἀναρίθμητα
2759 3485 2850 3538 καὶ
2883 3483 3243 3554 ἀκατάληπτα
3274 3479 3532 3551 τυγχάνει
3553 3477 3622 3530 τὰ
3644 3475 3772 3530 θαυ-

2191 3581 2363 3653 μάσιά
2390 3597 2482 3633 σου
2505 3596 2520 3610 ο
2556 3579 2694 3651 πλὴν
2741 3579 2800 3632 ἐν
2848 3573 2928 3641 οἷς
2957 3573 3252 3630 κατέλαϐον
3284 3574 3378 3626 καὶ
3406 3569 3552 3625 τοῦθ’
3585 3563 3768 3641 εὗρον.

2186 3672 2268 3726 ὃτι
2319 3671 2460 3726 κατά
2485 3670 2578 3724 τὸν
2628 3670 2869 3742 παρόντα
2897 3667 3086 3738 καιρὸν
3113 3667 3212 3730 τὰς
3242 3665 3392 3737 παρὰ
3419 3665 3646 3720 Μωῦσεῖ
3673 3661 3772 3716 θυ-

2188 3765 2311 3828 σίας
2343 3765 2438 3818 καὶ
2469 3762 2787 3834 προσφορὰς
2826 3763 2926 3816 οὐκ
2969 3759 3238 3831 ἠθέλησας
3257 3775 3270 3788 ο
3305 3758 3426 3812 ἀντὶ
3467 3756 3512 3810 δ’
3539 3755 3766 3809 ἐκείνων

2186 3857 2256 3911 τὰ
2275 3852 2390 3912 ὦτά
2415 3872 2517 3928 μου
2542 3857 2636 3910 καὶ
2662 3854 2760 3926 τὴν
2790 3854 3035 3925 ὑπακοὴν
3059 3851 3166 3905 τῶν
3197 3850 3304 3904 σῶν
3333 3849 3529 3917 λογίων
3557 3864 3769 3918 κατηρ-

2184 3951 2321 4004 τίσω
2340 3967 2352 3980 ·
2390 3950 2484 4002 καὶ
2511 3949 2633 4003 ἀντὶ
2656 3945 3121 4016 ὁλοκαυτωμάτων
3160 3943 3253 3998 καὶ
3284 3941 3393 3995 τῶν
3421 3939 3550 4013 περὶ
3583 3941 3768 4010 ἁμαρ-ε

2185 4043 2306 4108 τίας
2340 4041 2540 4096 θυσιῶν
2571 4041 2732 4104 αὐτὸς
2765 4039 3003 4111 ἐμαυτὸν
3033 4034 3380 4109 προσήγαγόν
3411 4050 3513 4086 σοι.
3543 4033 3635 4085 Διό
3659 4049 3767 4103 φη·-

2188 4151 2304 4188 σιν·
2350 4133 2494 4188 Ἰδοὺ
2542 4133 2666 4198 ἥκω
2710 4130 2930 4203 κληθεὶς
2959 4130 3063 4182 ὑπὸ
3097 4127 3211 4192 σοῦ,
3243 4127 3337 4180 καὶ
3379 4125 3768 4199 προθυμότατα
3801 4177 3806 4180 .

2187 4221 2688 4285 ὑπακούσας.”Ηκω
2719 4220 2776 4274 δὲ
2807 4219 3047 4284 σπεύσας
3080 4217 3174 4272 τοῦ
3208 4218 3431 4288 ποιῆσαι
3459 4217 3522 4270 τὺ
3554 4215 3772 4287 θέλημά

2189 4328 2315 4366 σου·
2347 4310 2502 4366 τοῦτο
2553 4310 2663 4382 γάρ
2706 4310 2826 4363 ἀντὶ
2875 4309 3057 4380 πάσης
3097 4306 3391 4360 ὁλοκαύτου
3437 4305 3627 4368 θυσίας
3663 4305 3768 4358 πέ·

2187 4405 2418 4475 πεισμαι
2462 4419 2523 4456 σε
2560 4400 2937 4473 ἀποδέχεσθαι.
2973 4401 3081 4454 Καὶ
3114 4399 3270 4454 τοῦτο
3307 4397 3364 4451 δὲ
3397 4398 3466 4452 ἐν
3490 4396 3767 4466 κεφαλίδι

501 4509 668 4568 quam
695 4492 1092 4565 praeferendam
1122 4507 1246 4547 esse
1274 4491 1619 4546 voluntatem
1678 4497 1828 4544 tuam
1870 4487 2082 4544 sacriﬁ-

2186 4497 2427 4562 βιϐλίου
2457 4494 2776 4566 renouarat
2805 4493 2940 4562 περὶ
2971 4491 3118 4562 ἐμοῦ
3138 4509 3150 4522 ·
3193 4490 3354 4544 τοῦτο
3376 4490 3432 4543 δὲ
3463 4489 3672 4560 ποῖονῆ
3705 4488 3771 4541 τὸ

503 4590 607 4643 ciis
639 4595 693 4642 et
727 4585 1107 4640 holocaustis?
1152 4591 1207 4640 et
1254 4585 1425 4654 legem
1472 4592 1623 4638 tuam
1675 4581 2078 4653 exsequendam

499 4695 624 4735 esse
665 4693 776 4732 non
815 4678 1114 4732 secundum
1154 4676 1374 4732 obviam
1413 4676 1723 4736 lectionem,
1757 4689 1934 4744 neque
1967 4673 2085 4743 pari

502 4772 717 4828 ratione
745 4780 908 4840 atque
939 4770 1246 4838 complures
1277 4768 1410 4838 legis
1437 4767 1636 4839 Moysis
1663 4766 2084 4832 observatores;

505 4866 603 4924 sed
636 4867 692 4920 in
719 4866 888 4920 medio
919 4864 1111 4919 ventris
1135 4864 1270 4925 mei;
1301 4871 1396 4916 aut
1430 4873 1488 4918 ut
1527 4861 1912 4933 Symmachus,
1948 4877 2077 4914 con-

506 4960 676 5028 cupiui
709 4958 871 5029 legem
898 4967 1048 5011 luam
1075 4958 1129 5010 in
1163 4954 1334 5010 medio
1359 4955 1615 5008 viscerum
1648 4969 1906 5009 meorum.
1942 4951 2079 5006 Nam

507 5049 555 5104 si
589 5051 684 5120 qui
734 5051 934 5104 animae
963 5057 1153 5103 venter
1195 5055 1304 5113 est,
1339 5048 1548 5116 tr0pice
1599 5045 1682 5101 sic
1728 5056 1976 5108 vocatus,
2015 5044 2083 5098 de

505 5159 618 5216 quo
652 5144 708 5198 in
735 5141 1045 5214 Evangeliis
1085 5141 1292 5196 dictum
1340 5147 1426 5194 est
1452 5159 1484 5194 .:
1523 5135 1780 5192 Flumina
1814 5137 1878 5191 de
1911 5145 2086 5192 ventre

503 5237 620 5308 ejus
653 5236 817 5306 ﬂuent
841 5250 994 5305 aqum
1020 5235 1166 5298 sive,
1191 5233 1430 5287 salientis
1453 5233 1507 5285 in
1531 5221 1704 5286 uitam
1730 5239 1983 5284 aeternam
2008 5230 2086 5293 “,-

508 5331 565 5385 in
597 5331 702 5385 hoc
739 5327 1045 5391 recondito,
1079 5327 1278 5396 inquit.
1310 5341 1375 5379 ac
1411 5331 1625 5380 secreto
1663 5325 1861 5379 anima:
1895 5338 2085 5394 prom-

506 5422 726 5494 ptuario
749 5421 921 5492 legem
959 5427 1109 5473 tuam
1149 5419 1449 5474 observare
1478 5417 1646 5483 volui,
1686 5425 1848 5487 atque
1885 5430 2089 5485 praece-

507 5521 598 5586 pta
627 5513 697 5568 de
726 5511 1014 5567 sacriﬁciis
1041 5520 1094 5565 et
1137 5509 1479 5564 holocaustis
1522 5508 1796 5578 spirituali
1829 5521 1982 5562 more
2021 5521 2086 5560 ac

509 5605 811 5661 secundum
867 5609 1106 5658 mentem
1157 5602 1490 5672 persolvere.
1539 5599 1666 5654 llaec
1721 5599 1924 5671 quippe
1980 5597 2081 5653 tibi

576 5762 598 5795 ⁹
636 5759 796 5816 Rom.
831 5775 909 5827 ιι,
943 5759 1033 5815 55.
1114 5759 1156 5791 ¹⁰
1199 5758 1215 5814 l
1253 5758 1379 5815 Cor.
1415 5773 1532 5823 xm,
1569 5757 1623 5813 9.

2191 4588 2526 4660 προτιμῆσαι
2560 4587 2622 4640 τὸ
2653 4585 2864 4656 θέλημά
2907 4602 3002 4638 σου
3034 4583 3235 4636 θυσιῶν
3259 4583 3351 4636 καὶ
3385 4582 3771 4651 ὁλοκαυτωμάτ-

2190 4698 2296 4733 των
2321 4697 2334 4743 ;
2368 4681 2460 4733 καὶ
2487 4679 2547 4731 τὸ
2575 4678 2798 4749 ποιῆσαι
2832 4676 2924 4731 τὸν
2953 4677 3114 4746 νόμον
3144 4691 3237 4728 σου
3267 4675 3326 4727 ού
3353 4672 3495 4728 κατὰ
3517 4671 3612 4742 τὴν
3635 4671 3768 4742 πρό-

2191 4789 2370 4844 χειρον
2402 4771 2566 4838 λέξιν,
2593 4770 2711 4824 οὐδὲ
2730 4768 2931 4841 ὁμοίως
2958 4769 3070 4831 τοῖς
3097 4765 3310 4830 πολλοῖς
3337 4765 3404 4819 τὰ
3432 4763 3580 4836 παρὰ
3600 4764 3772 4817 Μωῡσ

2191 4869 2276 4919 σεῖ
2321 4864 2747 4937 παρηγγελμένα
2775 4862 3140 4932 φυλάττοντας
3162 4878 3176 4891 ·
3228 4860 3298 4913 έν
3339 4858 3508 4928 μέσῳ
3547 4857 3616 4910 δὲ
3658 4853 3770 4924 τῆς

2190 4956 2422 5022 κοιλίας
2454 4973 2572 5025 μου
2590 4972 2603 4986 ο
2634 4954 2666 5026 ἦ
2703 4953 2842 5006 κατὰ
2868 4954 2957 5005 τὸν
2989 4951 3060 5005 Σύ
3069 4967 3313 5022 μμαχονο
3341 4946 3774 5018 Προεθυμήθην

2193 5046 2300 5100 τὸν
2326 5047 2513 5116 νόμον
2542 5060 2658 5099 σου
2685 5043 2932 5098 ἔνδοθεν
2959 5041 3076 5096 τῶν
3109 5039 3375 5112 ἐγκάτων
3395 5057 3533 5110 μου.
3564 5039 3626 5091 Εἰ
3661 5039 3772 5108 γάρ

2194 5140 2276 5203 τίς
2306 5141 2423 5192 ἐστι
2448 5137 2626 5193 κοιλία
2646 5137 2844 5209 ψυχῆς,
2873 5135 3148 5209 τροπικῶς
3175 5134 3345 5197 οὓτως
3370 5131 3770 5206 ὀνομαζομένη,

2196 5231 2323 5302 περὶ
2358 5226 2426 5303 ἦς
2466 5233 2523 5284 ἐν
2562 5227 2912 5298 Εὑαγγελίοις
2957 5226 3232 5280 λέλεκται·
3262 5225 3520 5294 Ποταμοὶ
3553 5223 3624 5277 ἐκ
3658 5219 3773 5289 τῆς

2195 5323 2430 5388 κοιλίας
2469 5319 2656 5375 αὐτοῦ
2689 5321 3025 5389 ῥεύσουσιν
3055 5317 3273 5384 ὕδατος
3310 5315 3543 5382 ζῶντος,
3587 5313 3772 5368 ἀλλο-

2189 5413 2379 5484 μένου
2421 5415 2507 5480 είς
2546 5411 2698 5480 ζωὴν
2738 5411 3008 5466 αἰώνιον·
3041 5413 3099 5466 ὲν
3128 5407 3301 5480 τούτῳ
3347 5407 3426 5480 τῷ
3473 5406 3771 5479 ἀπορρήτῳ

2194 5506 2292 5560 καὶ
2316 5505 2620 5578 ἀποκρύφῳ
2652 5504 2751 5576 τῆς
2777 5503 2953 5576 ψυχῆς
2976 5503 3188 5574 ταμείῳ
3215 5502 3308 5556 τὸν
3336 5501 3497 5572 νόμον
3528 5514 3643 5562 σου,
3667 5513 3771 5567 φη·-

2195 5597 2298 5661 div,
2335 5595 2630 5667 ἐϐουλήθην
2665 5596 2907 5667 ποιῆσαι,
2934 5595 3027 5650 καὶ
3078 5595 3205 5667 περὶ
3253 5591 3454 5648 θυσιῶν
3505 5590 3598 5646 καὶ
3647 5587 3773 5644 ὁλο-

1707 5757 1744 5786 ”
1786 5755 1945 5812 toan.
1980 5768 2076 5818 vn,
2096 5752 2186 5807 '58.
