4122 6454
323 344 432 403 35Ί

1461 335 1965 394 COMMENTARIA
2003 340 2068 395 IN
2121 341 2462 399 PSALMOS.

3489 346 3597 407 558

322 458 701 532 καυτωμάτων
720 455 942 523 suam;
966 455 1350 528 πνευματικῶς
1379 457 1473 510 καὶ
1499 456 1643 510 κατά
1665 457 1904 512 διάνοιαν

2016 461 2274 531 perehara
2309 477 2433 518 esse
2470 461 2619 524 novi,
2653 476 2716 517 ac
2739 453 2913 517 multo
2944 462 3325 533 praestantiora
3360 463 3452 530 iis,
3479 480 3603 536 qua

320 550 654 605 ἐπιτελέσαι.
690 548 876 604 Ταῦτα
917 547 1026 620 γὰρ
1067 547 1238 618 έγνων
1295 564 1378 600 σοι
1427 547 1577 617 φίλα,
1607 549 1700 602 καὶ
1735 548 1918 621 πολλῷ

319 643 731 717 κρείττονατῶν
767 639 1094 714 σωματικῶς
1137 640 1410 704 Ἰουδαίοις
1440 641 1914 713 παραδεδομένων.

381 733 892 805 Εὑηγγελισάμην
919 732 1316 800 δικαιοσύνην
1351 731 1422 785 ἐν
1463 733 1791 800 Ἐκκλησίᾳ
1809 749 1917 802 με·

321 827 502 900 rdiu,
535 828 666 882 ιδοὺ
698 829 770 881 τὰ
795 827 970 896 χείλη
997 843 1117 896 μου
1150 827 1222 879 οὐ
1258 825 1346 895 μὴ
1384 827 1672 880 κωλύσω·
1716 827 1914 894 Κύριε,

319 922 404 976 σὺ
435 921 644 990 ἔγνως.
684 918 804 988 Τὴν
841 918 1238 984 δικαιοσύνην
1267 935 1388 986 μου
1433 919 1544 971 οὐκ
1579 918 1819 986 ἔκρυψα
1846 919 1918 972 ἐν

321 1011 399 1082 τῇ
425 1011 640 1081 καρδίᾳ
666 1029 818 1080 μουο
863 1009 986 1079 τὴν
1015 1008 1308 1077 ἀλήθειάν
1329 1027 1447 1063 σου
1491 1009 1588 1064 καὶ
1625 1010 1693 1064 τὸ
1723 1012 1916 1079 σωτή-

311 1106 452 1174 ριόν
481 1121 598 1158 σου
622 1099 780 1158 εἶπα.
801 1101 1083 1175 Ἀλήθειαν
1109 1102 1166 1156 δὲ
1209 1102 1308 1172 τὴν
1339 1103 1914 1175 ἀντιδιαστελλομένην

319 1202 387 1270 τῇ
423 1199 570 1270 σκιᾷ.
596 1197 831 1268 Νοησεις
856 1195 912 1249 δὲ
936 1195 1031 1248 καὶ
1053 1193 1228 1256 οὕτως
1247 1210 1260 1222 ·
1301 1193 1388 1258 Ὠς
1409 1196 1438 1247 ὀ
1465 1196 1734 1267 μακάριος
1754 1196 1916 1250 Δαυῖδ

319 1289 662 1360 ὑπισχνεῖται
688 1289 746 1340 ἐν
791 1285 1087 1358 Ἐκκλησία
1112 1285 1324 1358 μεγάλῃ
1349 1288 1416 1357 τῇ
1443 1285 1586 1340 κατά
1615 1289 1796 1340 πᾶσαν
1814 1287 1914 1358 τὴν

319 1380 646 1452 οἰκουμένην
674 1379 780 1432 ὑπὸ
800 1379 898 1450 τῆς
924 1377 1075 1442 θείας
1102 1377 1323 1450 χάριτος
1358 1377 1678 1452 συλλεγείσῃ
1697 1379 1796 1449 τὴν
1818 1378 1912 1432 τοῦ

317 1473 456 1528 Θεοῦ
488 1471 832 1544 δικαιοσύνην
859 1473 1171 1543 κηρύττειν,
1197 1471 1291 1524 καὶ
1318 1470 1416 1542 τὴν
1445 1471 1546 1542 τῆς
1575 1472 1913 1544 προφητείας

318 1565 598 1639 ἀλήθειαν,
627 1565 720 1621 καὶ
741 1565 840 1638 τὴν
859 1564 1186 1633 ἀξιάγαστον
1221 1563 1516 1636 σωτηρίαν,
1540 1566 1634 1618 καὶ⁸
1659 1564 1750 1618 τὸν
1772 1564 1913 1635 ἀμέ-

316 1675 516 1732 τρητον
549 1657 696 1712 ἔλεον
741 1657 835 1711 καὶ
881 1656 1061 1710 αὐτῶν
1102 1656 1161 1710 δὲ
1191 1655 1315 1726 ξτῶν
1360 1655 1568 1710 πιστῶν
1600 1657 1628 1708 ὁ
1657 1655 1913 1727 σύλλογος

319 1750 465 1804 είποι
512 1750 579 1805 ἂν
623 1748 794 1804 ταῦτα
841 1747 1270 1820 ὑπισχνούμενος
1295 1749 1396 1822 τὴν
1429 1749 1570 1822 ὑπὲρ
1595 1749 1696 1820 τῆς
1729 1766 1910 1823 σωτη-

2022 565 2291 621 corporeo
2318 568 2472 608 more
2501 551 2706 608 Judteis
2742 551 2940 607 tradita
2982 561 3111 609 sunt

2094 729 2261 786 Vens.
2319 732 2502 788 10-16.
2565 733 2889 789 Annuntiavi
2934 734 3206 804 justitiam
3270 735 3327 790 in
3376 735 3600 790 ecclesia

2019 839 2233 894 magna,
2291 840 2406 878 ecce
2439 824 2583 877 tabia
2629 842 2744 879 mea
2783 844 2885 882 non
2942 825 3222 896 prohibebo
3280 841 3300 880 .'
3361 827 3600 897 Domine,

2021 927 2078 971 tu
2130 917 2298 971 scisti.
2328 915 2611 972 Justitiam
2654 936 2822 974 meam
2878 937 2982 973 non
3033 919 3284 975 abscondi
3336 921 3391 974 in
3447 923 3604 976 corde

2018 1026 2133 1064 meo
2170 1027 2188 1063 :
2219 1012 2490 1064 veritatem
2540 1019 2687 1064 tuam
2730 1021 2779 1064 et
2827 1012 3064 1066 salutare
3126 1023 3272 1067 tuum
3307 1013 3442 1068 dixi.
3495 1013 3604 1070 Ve-

2017 1100 2234 1154 ritatem
2287 1100 2496 1155 scilicet
2551 1101 2758 1156 umbra:
2804 1103 3132 1173 Oppositam.
3164 1102 3279 1159 Hoc
3323 1105 3451 1160 item
3483 1121 3603 1161 mo-

2017 1192 2088 1246 do
2146 1192 2440 1263 intelligas,
2494 1201 2552 1248 ut
2622 1194 2815 1251 beatus
2865 1195 3034 1250 David
3090 1198 3377 1268 pollicetur
3433 1215 3492 1254 se
3543 1201 3599 1254 in

2015 1283 2261 1340 Ecclesia
2293 1301 2510 1357 magna,
2543 1303 2640 1357 per
2665 1295 2835 1342 totum
2893 1291 3080 1345 orbem
3123 1306 3152 1344 a
3191 1292 3373 1346 divina
3425 1293 3600 1364 gratia

2016 1388 2347 1449 congregata
2387 1419 2400 1440 ,
2465 1377 2560 1434 Dei
2604 1380 2873 1450 justitiam
2929 1391 2982 1436 et
3040 1383 3338 1453 prophetia:
3397 1386 3600 1440 verita-

2017 1477 2124 1524 tem
2157 1471 2601 1541 praadicaturum,
2639 1488 2739 1527 nec
2792 1489 2901 1528 non
2943 1474 3174 1530 salutem
3234 1475 3600 1534 admiratione

2015 1563 2238 1634 dignam
2275 1572 2332 1619 et
2363 1563 2686 1620 immensam
2719 1565 3152 1621 misericordiam
3181 1585 3196 1634 ;
3244 1568 3499 1624 similiter
3531 1569 3596 1624 ti-

2015 1653 2218 1708 delium
2255 1661 2454 1717 eteius,
2499 1670 2599 1709 ceu
2631 1655 2698 1710 ad
2733 1656 2930 1710 oblatae
2959 1657 3156 1712 salutis
3195 1661 3601 1730 compensatio-

2017 1761 2143 1799 nem
2181 1746 2458 1816 pollicitus
2480 1745 2703 1808 dixerit.
2748 1762 2810 1803 se
2839 1748 3081 1804 vicissim
3116 1749 3168 1804 id
3201 1751 3598 1821 praestiturum,

322 1843 443 1916 ρίας
467 1841 733 1896 ἀντίδοσιν
761 1840 974 1908 δώσειν,
1004 1841 1082 1914 τῷ
1110 1841 1423 1914 συντρέχειν
1455 1843 1536 1905 είς
1584 1841 1912 1914 Ἐκκλησίαν

2016 1846 2077 1894 ιιι
2107 1839 2401 1894 conveniat
2431 1841 2485 1894 in
2514 1841 2828 1905 ecclesiam,
2858 1841 3002 1897 labia
3029 1843 3241 1913 aperiat
3270 1845 3336 1899 ad
3365 1844 3599 1916 hymnos

320 1937 415 1992 καὶ
455 1936 524 1990 τά
569 1935 720 2008 χείλη
754 1936 922 1989 κινεῖν
956 1936 1038 1998 είς
1066 1933 1366 2007 ὑμνῳδίαν,
1400 1933 1494 1987 καὶ
1528 1933 1623 1987 τοῦ
1651 1933 1788 1988 Θεοῦ
1813 1932 1913 2006 τὴν

317 2028 534 2085 δικαίαν
566 2029 745 2102 κρίσιν
772 2028 1190 2100 ἀνακηρύττειν,
1212 2029 1308 2083 καὶ
1338 2028 1437 2099 τὴν
1463 2029 1702 2100 ἄρρητον
1725 2026 1916 2094 διεξιέ-

318 2141 405 2177 ναι
449 2121 799 2196 κηδεμονίαν,
850 2120 946 2176 καὶ
992 2121 1103 2176 τῶν
1153 2118 1513 2193 προφητικῶν
1564 2118 1914 2190 ὑποσχέσεων

321 2214 701 2270 ὑποδεικνύναι
739 2214 802 2268 τὸ
843 2213 1061 2286 ἀληθές.
1099 2213 1182 2268 Σὺ
1208 2213 1296 2277 δὲ,
1325 2213 1525 2281 Κύριε,
1553 2211 1641 2282 μὴ
1686 2213 1917 2282 μακρύ-

318 2327 435 2377 sane
462 2308 605 2376 τοὺς
623 2308 968 2377 οίκτιρμοὺς
998 2322 1115 2360 σου
1145 2307 1246 2360 ἀπ’
1271 2305 1420 2376 ἐμοῦ
1445 2322 1460 2337 ⁶
1498 2305 1565 2360 τὸ
1594 2305 1768 2372 ἔλεός
1797 2321 1914 2360 σου

320 2402 418 2456 καὶ
447 2403 486 2470 ἡ
514 2398 767 2466 ἀλήθειά
795 2415 913 2453 σου
952 2396 1050 2453 διὰ
1082 2397 1310 2465 παντὸς
1341 2396 1748 2459 ἀντελάόοντό
1775 2416 1910 2459 ιιου.

319 2492 428 2548 Καὶ
469 2487 708 2561 τυχοῦσα
757 2488 856 2560 τῆς
903 2487 1181 2559 σωτηρίας
1209 2487 1242 2557 ἡ
1270 2484 1364 2539 τοῦ
1396 2486 1536 2538 Θεοῦ
1588 2484 1910 2557 Ἐκκλησία,

317 2583 490 2637 δεῖται
521 2582 682 2637 πάλιν
707 2581 808 2652 τῆς
834 2579 1008 2650 αὐτῆς
1040 2577 1386 2651 προμηθείας
1404 2578 1494 2632 διὰ
1523 2577 1624 2642 τάς
1648 2581 1915 2632 παντοδα-

319 2675 429 2740 πὰς
454 2673 565 2728 τῶν
591 2670 898 2746 ἀνθρώπων
934 2670 1030 2725 καὶ
1077 2669 1352 2741 δαιμόνων
1384 2669 1804 2734 ἐπαναστάσεις,
1836 2662 1914 2724 ὧν

319 2771 380 2823 ιν
414 2769 528 2830 τοῖς
573 2765 699 2836 ἑξῆς
727 2763 828 2836 τὴν
867 2765 1091 2835 μνήμην
1114 2763 1560 2835 πεποίηται.”οτι
1587 2761 1914 2833 περιέσχον

314 2878 392 2930 με
421 2859 578 2914 κακὰ
609 2852 700 2912 ὧν
726 2859 838 2912 οὐκ
864 2857 1039 2911 ἐστιν
1065 2856 1312 2925 ἀριθμός
1337 2872 1350 2886 ·
1383 2855 1718 2910 κατέλαϐείν
1746 2871 1824 2924 με
1853 2857 1913 2910 αἱ

317 2949 561 3021 ἀνομίαι
600 2967 723 3020 μου
746 2988 762 3013 ,
813 2946 912 3002 καί
954 2948 1068 3002 οὐκ
1114 2945 1428 3015 ἠδυνήθην
1476 2945 1583 3000 τοῦ
1631 2944 1910 3011 βλέπειν.

331 3043 834 3112 Ἐπληθύνθησαν
879 3039 1035 3108 ὑπὲρ
1082 3039 1190 3105 τὰς
1241 3039 1450 3109 τρίχας
1490 3037 1599 3108 τῆς
1642 3037 1914 3107 κεφαλῆς

314 3155 455 3208 μου,
489 3135 590 3190 καὶ
638 3135 678 3202 ἡ
730 3132 944 3202 καρδία
966 3150 1084 3202 μου
1114 3130 1468 3202 ἐγκατέλιπέ
1487 3148 1585 3201 με.
1619 3131 1826 3203 Μηδεὶς
1855 3129 1912 3184 δὲ

2015 1929 2296 1985 canendos
2325 1939 2380 1984 et
2410 1931 2476 1985 ad
2503 1931 2714 2001 justum
2748 1931 2841 1988 Dei
2865 1932 3134 2003 judicium
3167 1935 3595 2006 praedicandum,

2015 2023 2081 2078 ad
2119 2023 2451 2080 ineﬂ‘abilem
2493 2025 2861 2080 enarrandam
2913 2028 3034 2097 ejus
3074 2029 3496 2098 providentiam,
3529 2030 3597 2086 ad

2015 2115 2458 2185 propheticarum
2507 2117 2935 2186 promissionum
2984 2120 3266 2174 veritatem
3311 2120 3600 2176 declaran-

2015 2207 2162 2261 dam.
2195 2207 2274 2261 Tu
2312 2218 2512 2272 autem,
2547 2209 2793 2275 Domine,
2819 2227 2882 2264 ne
2911 2211 3063 2282 longe
3098 2211 3269 2281 facias
3301 2214 3598 2268 miseratio-

2014 2317 2104 2355 nes
2136 2311 2257 2356 tuas
2283 2319 2316 2356 a
2353 2319 2434 2356 me
2459 2316 2478 2355 .'
2509 2303 2875 2358 misericordia
2903 2313 2996 2358 tua
3029 2313 3076 2359 et
3107 2306 3300 2360 veritas
3336 2315 3428 2360 tua
3461 2324 3598 2362 sein-

2014 2408 2107 2462 per
2134 2402 2475 2462 susceperunt
2500 2410 2602 2450 me.
2630 2394 2810 2464 Atque
2837 2395 3068 2452 salutem
3101 2405 3259 2452 nacta
3291 2396 3384 2453 Dei
3411 2397 3598 2454 Eccle-

2015 2484 2119 2548 sia,
2159 2485 2356 2539 iterum
2386 2487 2576 2542 eadem
2607 2502 2710 2556 ope
2739 2486 2966 2558 indiget,
2996 2489 3163 2543 variis
3193 2487 3600 2560 frequentibus-

2014 2589 2123 2644 que
2169 2576 2453 2631 hominum
2493 2577 2917 2650 daemonumque
2963 2580 3258 2635 insultibus
3311 2581 3592 2652 impetita,

2013 2682 2249 2740 quorum
2279 2669 2335 2724 in
2371 2670 2730 2740 sequentibus
2765 2672 3098 2726 mentionem
3133 2670 3284 2726 facit.
3331 2672 3596 2739 Quoniam

2014 2761 2474 2817 circumdederunt
2506 2779 2588 2817 me
2625 2764 2770 2817 mala
2800 2780 3023 2834 quorum
3063 2782 3165 2820 non
3193 2773 3274 2820 est
3301 2782 3550 2822 numerus
3577 2785 3592 2822 :

2013 2851 2514 2921 comprehenderunt
2548 2870 2628 2907 me
2668 2853 2975 2924 iniquitates
3019 2871 3168 2918 mea',
3219 2865 3269 2910 et
3313 2872 3418 2910 non
3449 2857 3598 2925 potui

2014 2955 2073 2999 ut
2103 2945 2348 3001 viderem.
2395 2945 2769 3015 Multiplicata:
2807 2958 2930 3002 sunt
2964 2963 3118 3017 super
3147 2949 3369 3019 capillos
3405 2951 3596 3020 capitis

2015 3037 2135 3101 mei,
2167 3047 2217 3091 et
2261 3054 2353 3092 cor
2400 3055 2572 3093 meum
2623 3039 2904 3110 dereliquit
2948 3057 3051 3094 me.
3085 3038 3256 3096 Nemo
3300 3041 3598 3098 arbitretur

2015 3128 2163 3183 diota
2201 3129 2520 3199 huiusmodi
2567 3147 2674 3186 non
2715 3131 3031 3188 consentire
3064 3131 3134 3189 iis
3162 3149 3284 3204 quae
3326 3135 3596 3205 explicata

318 3224 635 3296 ἀνάρμοστα
662 3219 904 3292 ἡγείσθω
927 3220 998 3275 τὰ
1024 3219 1294 3292 εἰρημένα
1316 3223 1428 3284 τοῖς
1448 3220 1906 3294 ἡρμηνευμένοις.

2016 3231 2167 3276 sunt.
2207 3220 2422 3278 Etenim
2468 3233 2581 3279 tres
2633 3221 2812 3295 pueri,
2852 3239 3069 3280 summa
3121 3227 3324 3282 virtute
3356 3227 3595 3297 praditi,

318 3317 430 3372 Καὶ
458 3314 566 3388 γὰρ
593 3315 643 3369 οἱ
670 3316 822 3385 τρεῖς
849 3314 1058 3378 παῖδες,
1085 3314 1184 3385 τῆς
1206 3314 1383 3386 ἄκρας
1410 3313 1615 3385 ἀρετῆς
1644 3312 1908 3384 ἐπειλημ-

322 3406 494 3478 μένοι,
529 3405 625 3458 καὶ
655 3403 748 3457 τὸν
779 3402 1077 3475 νικηφόρον
1107 3403 1508 3476 ἀναδησάμενοι
1534 3402 1816 3471 στέφανον,
1850 3403 1910 3455 ὲν

317 3502 386 3571 τῇ
405 3497 620 3571 καμίνῳ
644 3497 1070 3568 προσευχόμενοι
1097 3495 1284 3564 ἔλεγον
1302 3513 1316 3526 ”
1355 3493 1733 3565 Ἠμὰρτομεν,
1764 3494 1909 3562 ἠνο-

313 3589 616 3662 μήσαμεν,
642 3587 1039 3658 ἠδικήσαμεν,
1074 3588 1173 3642 καὶ
1237 3586 1586 3656 ἀπέστημεν
1643 3584 1762 3640 ἀπὸ
1792 3584 1912 3640 τῶν

318 3681 586 3737 ἐντολῶν
613 3695 753 3745 σου,
783 3680 883 3734 καὶ
913 3683 1025 3736 οὐκ
1047 3679 1436 3751 ἐφυλάξαμεν
1458 3681 1532 3735 τὰ
1551 3677 1912 3750 δικαιιὶιματά

319 3791 458 3832 σου.
482 3773 670 3838 Οὕτως
711 3775 740 3826 ό
774 3773 1080 3846 θαυμάσιος
1111 3772 1331 3844 Δανιὴλ,
1366 3771 1540 3837 οὔτως
1564 3775 1594 3826 ό
1624 3771 1912 3836 θεσπέσιος

328 3868 619 3940 Ἱερεμίας,
649 3865 824 3932 οὕτως
866 3869 896 3921 ό
937 3865 1080 3930 θεῖος
1124 3866 1374 3929 Ἡσαΐας,
1401 3865 1574 3928 οὕτως
1605 3865 1634 3918 ό
1668 3863 1914 3934 σοφώται-

319 3976 409 4024 τος
440 3959 652 4024 Παῦλος
671 3976 685 3990 ο
717 3959 973 4028 Χριστὸς
1001 3965 1132 4028 γὰρ,
1163 3960 1348 4031 φησὶν,
1379 3956 1668 4026 είσῆλθεν
1701 3958 1789 4024 εις
1806 3956 1914 4011 τὸν

322 4051 552 4121 κόσμον
581 4051 975 4122 ἁμαρτωλοὺς
1001 4050 1221 4114 σῶσαι,
1251 4045 1340 4104 ὧν
1381 4048 1612 4118 πρῶτός
1631 4051 1756 4118 ειμι
1775 4046 1907 4120 ὲτιίι·

324 4146 415 4198 καὶ
441 4145 605 4200 πάλιν
625 4161 640 4176 °
690 4146 812 4199 οὐκ
850 4145 966 4214 εἰμὶ
997 4143 1167 4210 ἄξιος
1200 4143 1514 4198 καλεῖσθαι
1543 4143 1909 4209 ἀπόστολος.

323 4236 476 4290 οὕτω
513 4237 692 4292 τοίνυν
716 4235 997 4292 κάνταῦθα
1022 4238 1143 4300 ταῖς
1175 4235 1327 4307 παρὰ
1354 4235 1463 4288 τῶν
1487 4233 1765 4288 δυσσεσῶν
1797 4251 1914 4306 τρι-

324 4331 546 4403 κυμίαις
573 4330 876 4403 βαλλομένη
922 4331 957 4402 ἡ
1011 4328 1105 4383 τοῦ
1154 4327 1290 4381 Θεοῦ
1335 4326 1630 4398 Ἐκκλησία
1659 4326 1718 4378 οὺ
1767 4326 1914 4396 μέγα

325 4430 527 4500 φρονεῖ,
545 4426 622 4491 ῶς
657 4423 1053 4495 ἀγωνιζομένη,
1079 4422 1194 4476 ἀλλ’
1222 4421 1516 4492 ἁμαρτίαις
1547 4419 1640 4472 καὶ
1665 4417 1916 4489 πλημμε-

323 4520 490 4584 λείαις
523 4518 811 4588 ἀνατίθησι
846 4515 918 4570 τά
945 4515 1234 4585 γενόμενα,
1263 4512 1356 4566 καὶ
1385 4511 1486 4581 τῆς
1509 4509 1662 4581 παρά
1681 4508 1775 4562 τοῦ
1800 4510 1915 4562 Σω-

323 4611 487 4683 τῆρος
530 4608 852 4680 ἐπικουρίας
899 4604 1208 4660 ἀπολαῦσαι
1253 4602 1578 4674 παρακαλεῖ.
1591 4600 1798 4664 ’Ἄλλως
1825 4617 1910 4663 τε,

326 4704 429 4758 οὐδ’
457 4707 523 4757 ὲκ
571 4701 796 4756 τελείων
837 4700 1026 4755 ἅπασα
1061 4697 1391 4768 συνέστηκεν
1420 4695 1453 4766 ἡ
1483 4693 1578 4748 τοῦ
1613 4692 1750 4747 Θεοῦ
1792 4693 1913 4745 Ἐκ-

325 4791 540 4864 κλησία,
574 4790 691 4844 ἀλλ’
719 4789 833 4861 ἔχει
883 4789 978 4841 καὶ
1027 4788 1154 4850 τοὺς
1187 4783 1443 4858 ῥᾳστώνῃ
1483 4783 1783 4848 συζῶντας,
1818 4782 1912 4835 καὶ

325 4885 413 4938 τὸν
447 4884 729 4955 ἀνειμένον
775 4881 889 4952 βίον
928 4877 1364 4950 ἀσπαζομένους,
1406 4877 1501 4930 καὶ
1529 4877 1746 4948 ἡδοναῖς
1791 4874 1912 4927 δου-

326 4975 498 5032 λεύειν
527 4975 906 5048 αἱρουμένους.
949 4973 1060 5026 Καὶ
1090 4969 1278 5041 ἐπειδὴ
1308 4971 1366 5023 ’ἐν
1395 4970 1513 5023 ὲστι
1541 4968 1720 5040 σῶμα.
1754 4965 1830 5030 ῶς
1855 4964 1914 5031 ἐξ

326 5070 441 5135 ἐνὸς
471 5067 766 5142 προσώπου
804 5067 895 5121 καὶ
925 5064 1103 5120 ταῦτα
1133 5065 1363 5118 κάκεῖνα
1392 5063 1783 5135 προσφέρεται.

390 5184 623 5256 Νοήσεις
643 5182 738 5236 καὶ
773 5180 976 5246 οὕτως·
1033 5180 1189 5233 Ἐπεὶ
1239 5179 1300 5232 οὐ
1343 5179 1426 5232 δεῖ
1462 5175 1786 5250 μακαρίζειν
1819 5174 1915 5229 ἀν-

327 5276 539 5348 θρωπον
576 5275 684 5347 πρὸ
725 5274 984 5346 τελευτῆς
1022 5272 1213 5335 αὑτοῦ,
1240 5272 1465 5334 εἰκότως
1500 5271 1535 5342 ό,
1550 5269 1650 5340 μὲν
1679 5268 1912 5322 ἀπόστο-

325 5369 433 5432 λος,
456 5368 661 5440 καίπερ
706 5367 1004 5431 ἀπόστολος
1051 5366 1128 5419 ῶν
1168 5366 1264 5420 καὶ
1309 5363 1506 5436 κλητὸς
1538 5361 1632 5415 καὶ¹
1658 5359 1914 5423 ἐκλεκτὸς

326 5463 559 5535 Χριστοῦ
599 5460 796 5534 Ἰησοῦ,
833 5464 984 5534 ὅμως
1011 5461 1112 5514 οὐκ
1153 5460 1306 5512 ὀκνεῖ
1351 5458 1563 5526 λέγειν’
1605 5449 1914 5511 Ύποπιέζω

323 5577 436 5626 μου
465 5557 530 5612 τὸ
559 5555 754 5626 σῶμα,
785 5556 883 5610 καὶ
914 5550 1296 5622 δουλαγωγῶ,
1313 5548 1548 5619 μήπως,
1569 5546 1783 5610 ἄλλοις
1804 5560 1912 5609 κη-

320 5650 527 5720 ρύξας,
566 5647 752 5714 αὐτὸς
784 5645 1064 5715 ἀδόκιμος
1096 5643 1370 5712 γένωμαι.
1409 5637 1482 5690 Τὸ
1508 5634 1640 5692 αὐτὸ
1671 5634 1728 5687 δὲ
1759 5632 1854 5686 καὶ
1884 5634 1913 5686 ὁ

2016 3320 2183 3383 atque
2214 3313 2533 3385 triumphali
2575 3331 2780 3371 corona
2811 3320 3015 3382 ornati,
3048 3320 3105 3374 in
3136 3321 3354 3376 camino
3375 3329 3597 3378 orantes

2016 3403 2276 3461 dicebant
2311 3425 2325 3464 :
2361 3407 2726 3472 Peccavimus,
2767 3408 3106 3482 deliquimus,
3140 3412 3338 3482 injuste
3373 3414 3595 3483 egimus,

2014 3508 2065 3554 et
2101 3501 2411 3555 recessimus
2447 3518 2478 3554 a
2505 3503 2778 3571 praceptis
2819 3505 2947 3570 tuis,
2978 3513 3028 3558 et
3075 3521 3179 3559 non
3223 3505 3599 3559 custodirimus

2011 3594 2425 3669 iustiﬁcationes
2457 3603 2578 3650 tuas
2625 3595 2689 3650 “.
2730 3595 2820 3650 Sic
2865 3596 3208 3652 admirabilis
3260 3596 3472 3661 Daniel,
3518 3599 3600 3652 sie

2019 3704 2250 3760 magnus
2275 3688 2366 3743 ille
2391 3685 2681 3752 Jeremias,
2705 3688 2787 3742 sic
2811 3688 3032 3744 divinus
3057 3687 3245 3752 Isaias,
3272 3688 3354 3744 sic
3381 3690 3598 3760 sapient-

2016 3783 2267 3838 tissimus
2299 3779 2501 3835 Paulus
2536 3799 2548 3834 :
2582 3779 2826 3836 Christus
2860 3783 3029 3845 enim,
3060 3781 3256 3852 inquit,
3289 3782 3504 3835 intravit
3543 3783 3599 3836 in

2017 3872 2275 3927 mundum
2323 3882 2620 3943 peccatores
2671 3873 2845 3928 salvos
2897 3872 3092 3941 facere,
3140 3890 3364 3944 quorum
3397 3875 3600 3942 primus

2017 3981 2108 4036 ego
2137 3981 2253 4019 sum
2284 3964 2361 4030 ¹³;
2393 3980 2458 4019 ac
2491 3981 2735 4020 rursum:
2765 3963 2887 4018 Non
2909 3981 3026 4018 sum
3050 3965 3238 4034 dignus
3267 3967 3443 4019 vocari
3473 3981 3602 4034 apo-

2017 4057 2185 4110 stolus
2224 4058 2289 4110 ²⁶.
2319 4055 2412 4112 Sic
2459 4057 2627 4127 igitur
2673 4057 2777 4111 hoc
2826 4057 2881 4111 in
2915 4056 3036 4110 loco
3063 4054 3156 4110 Dei
3185 4054 3452 4122 Ecclesia,
3493 4057 3598 4111 im-

2018 4150 2234 4220 piorum
2271 4149 2688 4219 tempestatibus
2731 4149 2958 4220 agitata,
3006 4162 3114 4203 non
3151 4148 3439 4219 magniﬁce
3473 4165 3601 4205 sen-

2020 4243 2086 4298 tit
2120 4250 2178 4297 ut
2205 4243 2559 4312 impugnata;
2597 4241 2691 4296 sed
2723 4255 2785 4295 ea
2820 4255 2942 4310 quae
2975 4241 3323 4312 contingunt,
3357 4244 3598 4311 peccatis

2020 4349 2087 4389 ac
2114 4334 2415 4391 sceleribus
2448 4331 2716 4394 attribuit,
2751 4339 2806 4386 et
2838 4347 2868 4386 a
2911 4330 3194 4386 Salvatore
3221 4348 3378 4404 Opem
3405 4349 3602 4389 conse—

2022 4426 2116 4496 qui
2149 4433 2323 4496 rogat.
2357 4423 2424 4477 Et
2453 4423 2654 4493 alioqui
2686 4421 2778 4476 Dei
2814 4421 3058 4478 Ecclesia
3097 4439 3206 4478 non
3247 4440 3313 4480 ex
3345 4423 3603 4495 perfectis

2023 4527 2137 4573 tota
2171 4517 2548 4579 constituitur,
2583 4514 2680 4569 sed
2726 4513 2889 4568 habet
2932 4516 3096 4570 etiam
3133 4515 3225 4586 qui
3279 4515 3333 4570 in
3386 4516 3601 4586 ignavla

2019 4610 2238 4682 degant,
2267 4617 2321 4665 et
2350 4609 2582 4662 inertem
2624 4606 2793 4660 vitam
2833 4605 3066 4676 amplexi
3109 4607 3240 4670 sint,
3281 4615 3335 4660 et
3371 4606 3464 4677 qui
3507 4620 3606 4659 vo»

2020 4705 2322 4776 luptatibus
2358 4702 2565 4757 servire
2594 4707 2902 4769 peroptent.
2939 4699 3003 4752 Et
3035 4701 3292 4770 quoniam
3317 4713 3488 4754 unum
3516 4705 3602 4752 est

2020 4814 2243 4869 corpus,
2286 4806 2548 4866 tanquam
2592 4808 2660 4848 ex
2711 4807 2820 4848 una
2870 4808 3106 4864 persona
3153 4801 3208 4848 et
3261 4793 3377 4848 haec
3420 4798 3475 4846 et
3510 4791 3599 4844 illa

2021 4891 2395 4963 proferuntur.

2094 5159 2209 5215 Hoc
2239 5173 2458 5230 quoque
2488 5155 2655 5212 modo
2703 5154 2978 5226 intelligas
3017 5152 3198 5219 :Quia
3227 5165 3336 5206 non
3383 5154 3600 5218 Oportet

2021 5261 2148 5308 ante
2177 5253 2386 5307 obitum
2411 5250 2689 5306 hominem
2739 5249 2960 5304 beatum
3015 5244 3313 5317 praedicare
3355 5243 3446 5305 ⁸⁵⁸,
3475 5242 3600 5312 jure

2019 5346 2337 5418 Apostolus,
2373 5342 2502 5398 licet
2531 5341 2819 5412 apostolus
2857 5341 2925 5395 sit
2962 5355 3025 5394 ac
3053 5347 3282 5393 vocatus
3311 5343 3367 5391 et
3394 5335 3601 5389 electus

2021 5437 2228 5495 Christi
2251 5435 2408 5499 Jesu,
2442 5443 2685 5489 attamen
2713 5449 2826 5488 non
2873 5439 3097 5487 veretur
3127 5430 3310 5485 dicere
3344 5444 3358 5480 :
3386 5425 3601 5495 Castigo

2021 5549 2209 5604 corpus
2235 5548 2428 5595 meum,
2458 5541 2508 5585 ct
2535 5530 2591 5606 in
2618 5530 2921 5584 seruitutem
2941 5526 3140 5596 redigo,
3166 5540 3229 5578 ne
3251 5520 3376 5575 aliis
3406 5517 3604 5591 prwdi-

2021 5645 2148 5683 cans
2172 5624 2562 5696 ipse‘reprobus
2578 5623 2773 5694 emciar
2802 5623 2868 5675 ".
2906 5618 3149 5690 ldipsum
3179 5630 3399 5689 quoque
3431 5611 3602 5669 David

337 5777 340 5780 i
401 5808 443 5839 “
478 5808 611 5864 Dan.
651 5822 748 5870 Ill,
783 5805 873 5861 99.
954 5801 996 5835 ¹⁸
1038 5801 1053 5856 l
1092 5797 1232 5855 Tim.
1271 5813 1320 5864 ι,
1359 5795 1446 5851 l5.
1526 5793 1570 5826 “
1608 5789 1628 5846 l
1661 5790 1787 5846 Cor.
1825 5803 1913 5853 sv,

2086 5784 2149 5818 ¹⁸⁴
2172 5783 2338 5839 Eccli.
2380 5799 2464 5852 ιι,
2671 5783 2712 5814 ’⁸
2754 5777 2772 5834 Ι
2805 5778 2933 5835 Cor.
2968 5793 3054 5843 Ix,
3087 5773 3176 5830 27.

2511 5855 2562 5932 T

2487 5963 2518 6010 2
2531 5957 2572 6014 8"
