4122 6454
475 357 582 413 339

1148 349 1417 408 EL‘SEBll
1456 340 1940 405 cessamusrs
1972 327 2128 397 0w.
2175 317 2384 393 PARS.
2430 333 2609 396 ιιι-
2649 332 3058 390 EXEGETICA.

3629 330 3737 386 560

476 489 600 527 cum
633 470 824 526 multis
872 470 926 524 in
975 469 1111 524 locis
1142 468 1510 534 declarasset,
1544 468 1715 526 Deum
1756 463 2049 536 propitium

2162 455 2320 512 Δαυῗδ
2351 455 2401 511 εί
2435 457 2532 511 καὶ⁵
2576 457 2634 509 ἐν
2683 452 2898 515 πολλοῖς
2946 447 3345 518 ἐνδειξάμενος,
3396 445 3583 516 ἔτυχεν
3639 447 3746 500 ὑπ-

479 569 674 616 nactus
699 569 806 617 est.
834 568 1138 628 erutusquc
1170 557 1272 614 fuit
1296 560 1363 614 de
1385 561 1509 614 lacu
1542 557 1780 614 miseriae
1808 562 1863 610 et
1887 555 1955 610 de
1986 555 2064 608 lu-

479 662 536 706 to
567 653 714 707 fzecis
743 671 754 706 :
781 662 945 722 atque
978 651 1035 706 in
1068 652 1314 722 tulojam
1357 651 1577 706 demum
1611 650 1846 722 positus,
1873 657 2061 718 utpote

481 746 710 816 pedibus
736 744 790 799 in
814 751 966 814 petra
999 742 1268 806 ﬁrmatus,
1304 757 1367 797 ac
1392 743 1609 798 cantico
1641 755 1783 795 novo
1810 754 1903 796 seu
1933 752 2060 794 vera

479 834 548 889 de
568 833 857 890 sacriﬁciis
885 834 1135 888 doctrina
1160 834 1416 888 donatus.
1448 834 1501 888 id
1536 841 1620 888 est
1676 832 2061 904 prazdicatione

479 941 602 998 qua:
626 927 681 981 in
721 925 968 982 Ecclesia
1004 924 1097 980 Dei
1130 941 1324 995 magna
1352 926 1493 980 facta
1517 935 1637 990 est;
1668 941 1792 980 nam
1819 926 1951 981 illud
1976 941 2060 981 re-

481 1033 607 1074 vera
634 1020 909 1072 canticum
941 1033 1142 1072 novum
1173 1026 1314 1080 erat,
1334 1019 1494 1088 cujus
1517 1019 1594 1072 rei
1613 1033 1779 1073 causa
1806 1018 2060 1088 superius

479 1111 697 1166 dicebat
729 1126 747 1163 :
785 1109 851 1164 Et
891 1111 1110 1166 immisit
1143 1111 1198 1164 in
1241 1129 1299 1166 os
1326 1128 1492 1165 meum
1525 1111 1790 1165 canticum
1822 1126 2010 1164 novum
2039 1125 2057 1162 :

482 1204 596 1257 inec
627 1213 960 1259 consecutus
992 1215 1193 1269 tamen,
1213 1205 1283 1260 ob
1312 1205 1565 1259 humana:
1594 1204 1718 1258 vita:
1750 1203 2060 1274 corruptio-

482 1308 604 1347 nem
639 1293 1058 1364 supplicationis
1100 1295 1266 1348 verba
1301 1294 1548 1357 resumit,
1583 1307 1647 1346 ac
1691 1298 1848 1362 rogat
1894 1292 2057 1346 obse—

481 1391 712 1455 cratque
735 1395 794 1438 ut
829 1401 859 1439 a
885 1384 978 1441 Dei
1005 1386 1190 1456 gratia.
1207 1393 1259 1439 et
1291 1385 1668 1441 misericordia
1691 1383 2056 1440 custodiatur.

484 1474 581 1531 llis
609 1477 754 1532 enim
788 1477 972 1530 animo
1003 1477 1314 1531 revolvebat
1346 1477 1399 1530 in
1429 1476 1859 1547 memoriamque
1901 1490 2060 1530 revo-

483 1568 642 1623 cabat
667 1583 789 1638 qua:
817 1569 919 1622 sibi
953 1569 1107 1638 prius
1134 1568 1448 1621 acciderant
1483 1567 1644 1621 mala.
1670 1565 1928 1620 Memoria
1957 1567 2060 1620 ita-

483 1674 589 1729 que
623 1667 870 1714 veterum
913 1659 1210 1722 malorum,
1242 1659 1521 1713 cautiores
1559 1673 1662 1714 nos
1686 1656 1870 1722 eiﬁcit,
1904 1666 1965 1712 ut
1990 1673 2060 1714 ne

485 1765 679 1805 rursus
734 1749 790 1803 iu
831 1764 894 1802 ea
932 1748 1274 1816 incidamus;
1316 1748 1412 1803 sed
1461 1749 1630 1802 etiam
1681 1749 2057 1804 mutationisa

2164 553 2328 626 ηκόου
2362 549 2456 604 τοῦ
2490 546 2646 614 Θεοῦ,
2674 541 3014 616 ἡλευθέρωτό
3034 557 3092 594 τε
3135 541 3198 593 ἐκ
3228 537 3431 592 λάκκου
3473 537 3750 592 ταλαιπω-

2165 647 2287 720 ρίας
2317 645 2411 698 καὶ
2434 642 2542 696 ἀπὸ
2573 638 2747 712 πηλοῦ
2782 635 2922 700 ἰλύος
2942 653 2954 665 ·
2992 637 3050 686 ἐν
3084 631 3316 702 ἀσφαλεῖ
3338 647 3398 684 τε
3429 629 3530 703 ἤδη
3561 627 3748 685 λοιπῦν

2163 736 2407 807 ἑστήκει,
2443 733 2518 796 ὼς
2545 730 2609 785 ἂν
2633 730 2726 783 ἐπὶ⁹
2757 728 2961 799 πέτραν
2986 727 3110 789 τοὺς
3138 723 3306 786 πόδας
3332 722 3745 793 ἐρηρεισμένος,

2161 826 2256 879 καὶ
2289 824 2532 896 ᾄσματος
2566 816 2753 874 καινοῦ
2775 817 3077 888 ἠξιωμένος
3106 813 3201 868 τοῦ
3231 812 3358 883 περὶ
3391 812 3590 866 θυσιῶν
3615 811 3748 883 ἀλη-

2162 914 2288 978 θοῦς
2320 909 2766 982 λόγου,τουτέστι
2811 908 2906 961 τοῦ
2948 909 3013 977 τῇ
3058 904 3353 975 Ἐκκλησία
3387 900 3482 956 τοῦ
3516 900 3648 955 Θεοῦ
3678 905 3746 973 τῇ

2165 1006 2378 1079 μεγάλῃ
2425 1001 2885 1076 εύηγγελισμένου
2926 997 3312 1071 κηρύγματοςο
3356 993 3515 1048 τοῦτο
3545 989 3655 1065 γὰρ
3677 989 3749 1066 ἧν

2159 1098 2222 1154 τὸ
2256 1099 2441 1154 καινὸν
2476 1094 2650 1170 ᾆσμα,
2706 1091 2767 1150 οῦ
2802 1095 2961 1167 χάριν
2995 1091 3252 1163 ἀνωτέρω
3287 1090 3440 1159 ἔλεγε
3461 1106 3476 1121 ·
3504 1087 3613 1143 Καὶ
3644 1087 3746 1141 ἐνα-

2159 1193 2377 1247 έὸαλεγ
2401 1193 2488 1256 είς
2507 1189 2572 1244 τὸ
2599 1189 2793 1259 στόμα
2807 1205 2926 1258 μου
2948 1181 3113 1256 ᾆσμα
3138 1183 3364 1238 καινόν·
3388 1183 3536 1253 ὅμως
3559 1180 3605 1234 δ’
3629 1171 3745 1244 οῦῦ,

2159 1285 2429 1341 τοσούτων
2465 1281 2798 1355 τετυχηκὼς,
2826 1280 2916 1335 διά
2953 1280 3014 1335 τὸ
3070 1278 3268 1350 σαθρὸν
3315 1277 3415 1346 τῆς
3448 1277 3505 1328 ἐν
3535 1271 3750 1345 ἀνθρὼ-

2161 1395 2284 1443 ποις
2313 1379 2456 1449 ζωῆς
2485 1375 2926 1446 ἐπαναλαμϐάνει
2950 1375 3078 1437 τοὺς
3101 1371 3200 1442 τῆς
3223 1367 3502 1441 ἱκετηρίας
3531 1367 3744 1436 λόγους,

2159 1470 2430 1526 ἀντιϐολεῖ
2461 1487 2521 1522 τε
2548 1469 2642 1522 καὶ
2673 1466 2852 1521 δέεται
2878 1462 3238 1536 φυλάττεσθαι
3266 1461 3370 1516 ὑπὸ
3392 1461 3491 1532 τῆς
3524 1459 3748 1531 χάριτος

2160 1565 2254 1620 καὶ
2277 1563 2372 1618 τοῦ
2395 1563 2544 1617 ἐλέου
2570 1561 2662 1617 τοῦ
2679 1561 2838 1616 Θεοῦ.
2858 1561 3052 1613 Ἀνεπε
3061 1558 3306 1629 μπάζετο
3321 1554 3429 1628 γάρ
3442 1553 3529 1608 διὰ
3542 1552 3748 1607 τούτων

2159 1659 2255 1710 καὶ
2275 1655 2510 1712 ἀνεπόλα
2524 1656 2602 1727 (1)
2622 1654 2690 1708 τά
2705 1653 2970 1726 πρότερον
2992 1650 3140 1722 αὐτῷ
3169 1647 3551 1722 συμϐεϐηκότα
3577 1644 3746 1700 κακά.

2172 1749 2234 1801 Ἦ
2268 1748 2399 1818 γοῦν
2434 1749 2621 1820 μνήμη
2672 1747 2779 1800 τῶν
2823 1744 3070 1800 παλαιῶν
3101 1741 3310 1806 κακῶν,
3343 1736 3749 1810 φυλακτικωτέ-

485 1840 765 1912 pejoribus
789 1840 856 1895 ad
880 1841 1105 1896 meliora
1136 1839 1464 1900 recordatio.
1485 1847 1668 1910 gratos
1697 1839 1874 1894 reddit
1906 1849 2061 1912 atque

2175 1857 2299 1911 ρους
2347 1840 2496 1910 ἡμᾶς
2523 1836 2896 1910 ἀπεργάζεται
2927 1833 3064 1908 πρὸς
3091 1832 3154 1887 τὸ
3191 1834 3265 1906 μὴ
3299 1828 3452 1896 αὖθις
3496 1833 3608 1893 τοῖς
3653 1829 3752 1883 αὑ-

483 1932 552 1987 ad
573 1933 875 1988 cavendum
901 1933 1243 1988 intentiores.
1277 1931 1304 1986 J
1316 1947 1411 1986 ure
1442 1932 1625 2001 itaque
1653 1934 2058 2003 praeteritarum

483 2025 834 2097 iniquitatum
890 2027 1207 2081 memoriam
1246 2025 1492 2093 refrical,
1517 2026 1786 2096 docetque
1838 2026 2056 2082 easdem

485 2112 804 2183 iniquitates
825 2113 926 2169 sibi
959 2114 1087 2168 olim
1114 2113 1304 2167 oculos
1335 2113 1632 2179 obtexisse,
1666 2115 1838 2171 instar
1868 2115 2060 2188 caligi-

485 2205 574 2261 nis
604 2206 802 2260 mentis
829 2206 972 2259 visui
999 2204 1208 2260 otl‘usae.

2163 1935 2275 1996 τοῖς
2297 1934 2613 2003 περιπεσεῖν
2632 1948 2645 1961 ο
2673 1929 2809 1985 ἀλλά
2830 1930 2923 1983 καὶ
2944 1929 3041 2000 τῆς
3068 1925 3370 1998 μεταϐολῆς
3393 1924 3491 1996 τῆς
3511 1921 3618 1976 ἀπὸ
3638 1920 3750 1974 τῶν

2165 2026 2423 2097 χειρόνων
2462 2026 2554 2078 ἐπὶ
2600 2023 2670 2078 τά
2720 2024 2916 2096 βελτίω
2953 2025 2987 2095 ὴ
3039 2021 3344 2093 ἀνάμνησις
3393 2018 3751 2090 εὐχαρίστους

2164 2119 2312 2190 ἡμᾶς
2359 2118 2730 2191 ἀπεργάζεται
2794 2117 2888 2171 καὶ
2937 2113 3363 2186 συντεταμένους
3413 2112 3614 2185 μᾶλλον
3670 2111 3754 2174 είς

2164 2213 2456 2282 προσοχὴν.
2501 2209 2740 2272 Εἰκότως
2783 2208 2964 2262 τοίνυν
3006 2207 3452 2278 ἐπαναλαμϐάνει
3497 2204 3596 2276 τὴν
3642 2202 3752 2258 τῶν

487 2297 767 2370 προτέρων
811 2296 974 2350 αὐτοῦ
1016 2297 1254 2369 ἀνομιῶν
1298 2299 1538 2370 μνήμην,
1586 2299 1829 2355 διδάσκει
1881 2318 1963 2368 τε,
2023 2300 2100 2367 ὡς
2135 2304 2261 2367 τοὺς
2300 2303 2402 2373 τῆς
2441 2303 2621 2375 ψυχῆς
2650 2301 2962 2375 ὀφθαλμοὺς
2997 2299 3173 2372 καιρῷ
3208 2316 3313 2354 τινι
3378 2295 3754 2366 συνεκάλυψαν

485 2395 541 2446 al
570 2395 787 2465 ἀνομίαι
818 2393 1004 2459 αὑτοῦ,
1025 2394 1180 2466 δίκην
1212 2393 1407 2464 ἀχλύος
1437 2394 1515 2466 τῷ
1553 2395 1652 2467 τῆς
1678 2396 1916 2461 διανοίας
1946 2395 2218 2469 βλεπτικῷ
2242 2397 2600 2468 ἐπιχυθεῖσαι.

552 2509 786 2580 Reliqua
808 2525 938 2565 vero
958 2519 1363 2580 consequenter
1389 2511 1454 2565 ad
1487 2512 1744 2582 priedicta
1778 2511 2062 2568 feruntur:

487 2605 826 2673 Complaceat
861 2605 977 2668 tibi,
1011 2603 1252 2666 Domine,
1281 2615 1338 2656 ut
1367 2619 1524 2658 eruas
1554 2620 1635 2658 me
1672 2603 1956 2668 :Domine,
1995 2607 2064 2658 ad

486 2695 845 2766 adjuvandum
874 2712 954 2750 me
975 2698 1189 2765 respice.
1219 2694 1629 2765 Confundantur
1654 2705 1702 2748 et
1733 2705 2068 2750 revereantur

487 2791 648 2844 simul
673 2791 762 2860 qui
783 2800 1026 2860 quierunt
1064 2790 1300 2844 animum
1352 2805 1522 2842 meam
1551 2799 1607 2841 ut
1639 2789 1885 2858 auferant
1921 2804 2062 2844 eam.

487 2881 876 2936 Convertuntur
932 2892 1221 2935 retrorsum
1275 2889 1326 2934 et
1380 2891 1716 2934 rerereantur
1745 2881 1836 2950 qui
1887 2878 2065 2934 volunt

486 2974 615 3029 mihi
641 2976 806 3029 mata.
842 2972 1042 3028 Ferant
1072 2975 1347 3043 confestim
1388 2974 1754 3044 confusionem
1791 2989 1946 3028 suam
1976 2973 2067 3043 qui

484 3064 670 3118 dicunt
698 3065 826 3118 mihi
846 3081 864 3118 :
898 3065 1062 3135 Euge.
1090 3063 1255 3134 Euge.
1286 3062 1442 3117 Nunc
1464 3079 1686 3135 quoque
1716 3065 1887 3120 sentit
1926 3065 2063 3118 mul-

487 3167 576 3214 tos
605 3159 802 3214 anima:
845 3172 958 3213 suae
994 3157 1360 3214 adversarios.
1387 3173 1452 3212 ac
1497 3172 1560 3212 ea
1609 3156 1677 3212 de
1725 3172 1891 3213 causa
1929 3171 2069 3227 prte-

489 3257 698 3304 sentem
729 3247 1034 3303 orationem
1067 3247 1290 3302 emittit.
1329 3244 1515 3317 Neque
1547 3245 1695 3300 enim
1729 3253 1949 3300 cessant
1983 3245 2070 3298 in-

485 3339 672 3394 videre
695 3336 952 3408 perfectis
991 3344 1046 3391 et
1080 3338 1133 3390 in
1166 3345 1317 3407 petra
1346 3327 1744 3407 gradientibus.
1784 3335 1966 3402 Quare
1993 3335 2062 3391 ab

487 3429 559 3484 iis
585 3428 802 3483 liberari
831 3443 891 3483 se
931 3440 1106 3498 rogat,
1151 3429 1225 3482 ita
1270 3437 1330 3480 ut
1361 3427 1437 3480 illi
1466 3426 1685 3497 quidem
1718 3425 2064 3481 confundano

492 3530 581 3572 tur
621 3527 678 3573 et
735 3518 946 3588 pudore
1001 3518 1310 3572 ailiciantur
1363 3519 1458 3588 qui
1510 3527 1766 3588 quaerunt
1824 3517 2062 3572 animam

491 3613 690 3683 ipsius,
712 3619 773 3665 ut
799 3612 1050 3665 auferant
1077 3626 1233 3675 eam;
1265 3611 1380 3682 ipse
1411 3626 1539 3666 vero
1570 3611 1691 3680 ejus
1712 3609 1935 3664 dextera
1955 3609 2066 3662 cir-

489 3707 923 3761 eummuniatur.
965 3703 1178 3758 Pudore
1214 3703 1524 3758 aﬂiciuntur
1556 3713 1764 3768 autem,
1795 3716 1860 3757 ac
1889 3700 2066 3770 turpi-

489 3809 574 3855 ter
621 3805 808 3869 agunt,
841 3797 922 3853 sic
966 3798 1110 3852 enim
1157 3795 1328 3850 edidit
1361 3795 1747 3867 Symmachus,
1787 3794 1881 3865 qui
1915 3808 2065 3865 quae-

491 3899 622 3944 runt
666 3889 904 3942 animam
958 3887 1115 3956 justi,
1151 3895 1440 3956 postquam
1499 3887 1756 3941 onmibus
1803 3885 2065 3940 adhibitis

490 3980 762 4036 machinis
789 3994 848 4034 re
879 3978 1081 4034 infecta
1123 3987 1344 4032 manent
1379 3978 1726 4048 :deindeque
1765 3986 1824 4031 ut
1859 3978 1953 4048 qui
1979 3979 2067 4033 ni-

492 4075 566 4128 hil
604 4072 866 4145 perlicere
913 4073 1191 4143 potuerint
1229 4071 1607 4141 desperantes,
1639 4071 1845 4142 pudore
1871 4072 2065 4128 suﬂusi

490 4167 812 4220 abscedunt.
871 4165 1237 4232 Quamobrem
1312 4173 1605 4234 postquam
1661 4165 1787 4219 illos
1833 4164 2061 4235 pudore,

492 4258 830 4328 turpitudine
883 4268 936 4312 et
989 4257 1297 4312 reverentia
1359 4256 1588 4312 aﬂ'ectos
1639 4255 1797 4322 dixit,
1830 4256 2060 4327 adjicit:

489 4352 811 4404 Arertantur
841 4359 1128 4403 retrorsum
1158 4358 1208 4402 et
1243 4347 1554 4403 erubescant
1591 4349 1681 4419 qui
1715 4349 1892 4403 volunt
1923 4349 2066 4402 mala

491 4441 791 4495 milti.Cum
822 4443 967 4496 enim
996 4442 1128 4494 nihil
1165 4441 1462 4511 potuerint,
1482 4455 1606 4495 cum
1641 4441 1789 4494 nulla
1821 4441 1900 4494 rei
1931 4441 2066 4495 bene

491 4531 744 4602 gerendae
772 4546 900 4602 spes
946 4533 1575 4602 supersit,.avertuutur
1607 4547 1672 4586 ac
1706 4539 1854 4587 retro
1887 4531 2065 4586 disce-

2241 2513 2322 2567 Τά
2347 2512 2405 2566 δὲ
2433 2512 2596 2566 λοιπά
2620 2513 2733 2576 τοῖς
2755 2510 3172 2584 προειρημένοις
3202 2507 3508 2572 ἀκολούθως
3525 2525 3538 2538 ·
3569 2506 3757 2563 Εὐδό-

2167 2619 2386 2673 teneor,
2427 2605 2624 2672 Κύριε,
2664 2603 2790 2674 τοῦ,
2802 2603 3114 2672 ῥύσασθαί
3154 2617 3261 2671 με·
3315 2603 3514 2670 Κύριε,
3558 2603 3646 2666 εὶς
3688 2600 3756 2653 τὸ

2161 2695 2472 2765 ,ϐοηθῆσαί
2517 2714 2617 2766 μοι
2669 2699 2956 2766 πρόσχες.
3007 2696 3613 2766 Καταισχυνθείησαν
3655 2694 3756 2750 καὶ

2167 2791 2613 2859 ἐπραπείησαν
2643 2790 2762 2860 ἅμα
2795 2793 2847 2844 οι
2879 2790 3198 2859 ζητοῦντες
3240 2789 3353 2857 τὴν
3389 2789 3604 2860 ψυχήν
3635 2808 3756 2860 μου

2167 2883 2274 2938 τοῦ
2311 2882 2518 2951 ἐξᾶραι
2549 2883 2762 2950 αὑτήν.
2783 2885 3332 2953 Ἀποστραφείησαν
3357 2884 3444 2949 εὶς
3467 2883 3539 2937 τὰ
3561 2883 3755 2938 ὀπίσω

2165 2976 2264 3030 καὶ
2307 2979 2896 3047 καταισχυνθείησαν
2921 2981 2975 3030 oi
3004 2977 3283 3044 θέλοντές
3300 2994 3403 3046 μοι
3433 2974 3610 3031 κακά.
3637 2974 3752 3030 Ko-

2158 3068 2567 3138 μισάσ-θωσαν
2606 3070 2969 3141 παραχρῆμα
3011 3071 3316 3140 αἰσχύνην
3348 3067 3548 3124 αὐτῶν
3573 3067 3753 3124 01.15»-

2163 3161 2374 3232 γοντές
2390 3178 2522 3231 μοι’
2555 3157 2733 3233 Εὖγε,
2767 3157 3058 3232 δῦγε.Ἔτι
3091 3162 3184 3216 καὶ
3216 3161 3310 3216 νῦν
3339 3159 3584 3215 αῖσθεται
3618 3160 3752 3215 πολ-

2093 3288 2135 3348 C
2173 3253 2280 3308 λῶν
2297 3257 2426 3326 περὶ
2468 3255 2628 3309 αὐτὸν
2665 3256 2876 3328 ἐχθρῶν
2911 3245 3273 3326 ἐπικειμένων
3296 3257 3362 3326 τῇ
3387 3254 3550 3308 αὑτοῦ
3578 3254 3749 3326 ψυχῇ,

2167 3349 2262 3402 καὶ
2287 3348 2415 3420 περὶ
2439 3347 2645 3401 τούτων
2673 3349 2773 3420 τὴν
2804 3348 3170 3421 προκειμένην
3213 3347 3379 3420 εύχὴν
3409 3348 3747 3418 ἀναπέμπει.

2167 3441 2242 3494 Οὐ
2273 3440 2382 3511 γὰρ
2405 3440 2666 3495 παύονται
2687 3440 3127 3512 διαφθονούμενοι
3143 3440 3237 3494 καὶ
3258 3443 3370 3503 τοῖς
3397 3441 3501 3512 ήδη
3527 3437 3752 3504 τελείοις

2166 3533 2262 3586 καί
2290 3531 2578 3606 βεθηκόσιν
2609 3533 2702 3585 ἐπὶ
2726 3532 2822 3604 τὴν
2856 3534 3079 3604 πέτραν.
3111 3532 3201 3586 Διὸ
3227 3531 3490 3605 ρυσθῆναι
3517 3533 3624 3587 ἀπὸ
3639 3533 3750 3587 τῶν

2166 3621 2473 3693 εἰρημένων
2509 3622 2668 3689 ἀξιοῖ,
2698 3624 2985 3688 κάκείνους
3023 3624 3120 3696 μὲν
3161 3625 3620 3698 καταισχυνθῆναι
3657 3629 3753 3682 καὶ

2165 3714 2500 3785 ἐντραπῆναι
2531 3715 2657 3778 τοῦς
2700 3715 3062 3786 ἐκζητοῦντας
3088 3715 3254 3769 αὐτοῦ
3302 3717 3400 3789 τὴν
3448 3717 3626 3790 ψυχὴν
3653 3718 3749 3772 τοῦ

2165 3804 2356 3878 ἐξᾶραι
2387 3807 2559 3878 αὐτην
2581 3823 2595 3837 ·
2622 3805 2784 3862 αὐτὸν
2807 3808 2864 3862 δὲ
2897 3808 3365 3882 περιφράττεσθαι
3397 3809 3502 3864 ὑπὸ
3527 3812 3627 3882 τῆς
3652 3813 3752 3866 a6-

2165 3893 2487 3960 τοῦοδεξιᾶς.
2508 3896 2890 3968 Ἐντρέπονται
2909 3897 2965 3951 δὲ
2992 3897 3086 3952 καὶ
3119 3898 3517 3969 ἀσχημονοῦσιν
3557 3898 3752 3968 (οὕτως

2165 3985 2274 4056 γὰρ
2301 3970 2568 4050 ἐξέδωκεν
2610 3989 2639 4041 ὁ
2687 3987 3003 4061 Σύμμαχος)
3059 3992 3110 4044 οί
3139 3989 3426 4061 ζητοῦντες
3444 3990 3542 4062 τὴν
3575 3989 3752 4062 ψυχὴν

2165 4078 2260 4132 τοῦ
2291 4078 2521 4144 δικαίου,
2549 4081 2789 4146 ἐπειδὰν,
2819 4084 2998 4135 πᾶσαν
3027 4085 3147 4136 κατ’
3172 4082 3338 4137 αὐτοῦ
3363 4082 3608 4154 μηχανὴν
3635 4084 3751 4134 ἐπι-

2165 4175 2478 4244 νοήσαντες,
2509 4175 2785 4245 ἀπρακτοι
2818 4173 3084 4244 γένωνται
3103 4192 3116 4206 ο
3160 4173 3260 4230 εἷθ’
3289 4177 3365 4240 ὡς
3413 4177 3578 4249 μηδὲν
3608 4175 3752 4229 δεδυ-

2165 4267 2388 4338 νημένοι
2427 4269 2755 4336 ἀπογνόντες
2794 4268 3245 4332 ἀπαλλάττονται,
3273 4267 3552 4340 ἀἰσχύνην
3583 4285 3751 4323 κατα-

2166 4359 2440 4429 χεάμενοι.
2477 4360 2568 4414 Διὸ
2619 4361 2755 4432 μετά
2787 4361 2848 4414 τὸ
2880 4362 3257 4433 ἀσχημονῆσαι
3289 4363 3506 4427 αὐτοὺς,
3554 4378 3749 4416 καται-

2163 4451 2462 4522 ’σχυνθῆναί
2501 4469 2562 4505 τε
2605 4454 3060 4526 κα¹ι³ἐντραπῆναι
3107 4454 3381 4523 ἐπιλέγει·
3430 4455 3748 4522 Ἀποσηκι-

2166 4543 2429 4612 ερείησαν
2452 4546 2539 4611 εις
2559 4545 2633 4598 τὰ
2658 4545 2871 4608 ὀπίσω,
2891 4545 2988 4599 καὶ
3008 4545 3451 4614 ἐντραπειησαν
3473 4547 3528 4598 οι
3551 4544 3748 4600 θέλον-

489 4626 662 4690 dunt;
717 4624 914 4679 deinde
967 4623 1195 4694 profecti
1253 4639 1318 4679 ac
1347 4625 1538 4694 procul
1582 4625 1766 4695 positi,
1809 4626 2061 4695 nequitiae

2167 4653 2266 4702 τες
2297 4636 2369 4690 τὰ
2402 4635 2557 4690 κακά
2588 4654 2711 4707 μοι.
2757 4637 2942 4709 Μηδὲν
2991 4635 3100 4709 γὰρ
3149 4636 3513 4708 δεδυνημένοι,
3539 4637 3635 4690 καὶ
3672 4638 3747 4708 μὴ

491 4734 604 4773 sua:
637 4722 865 4788 pignora
916 4719 1187 4788 accipient
1226 4736 1241 4774 :
1275 4734 1446 4789 quare
1488 4727 1611 4789 post
1662 4719 1777 4773 haec
1807 4719 2010 4773 dicitur
2045 4739 2059 4776 :

492 4810 692 4866 Ferant
724 4811 999 4881 confestim
1020 4812 1378 4880 confusionem
1408 4829 1559 4866 suam
1580 4812 1670 4881 qui
1695 4813 1875 4865 dicunt
1902 4811 2063 4866 mihi:

493 4904 656 4974 Euge,
681 4903 843 4971 Euge.
870 4901 978 4956 Pro
998 4917 1107 4973 quo
1129 4903 1322 4972 Aquila
1350 4922 1362 4957 :
1394 4903 1508 4968 Aa,
1535 4920 1624 4968 aa,
1652 4904 1769 4974 ipsa
1795 4902 2062 4960 Hrbraica

490 5013 644 5061 voce,
683 4998 763 5051 sic
800 4991 1053 5060 habente,
1091 5006 1246 5048 usus.
1277 4993 1478 5066 Estque
1516 4997 1631 5066 ipsa
1671 5011 1770 5049 vox
1809 4997 2062 5066 planctus

489 5102 678 5142 eorum
706 5086 799 5156 qui
827 5085 942 5155 jam
987 5083 1229 5156 superati
1283 5094 1433 5151 sunt,
1467 5101 1532 5140 ac
1572 5095 1719 5140 retro
1773 5094 2062 5140 cesserunt

490 5176 981 5246 confusionemque
1003 5183 1124 5230 retu
1135 5177 1339 5232 lerunt.
1371 5173 1679 5231 Secundum
1704 5175 2060 5246 Septuaginta

489 5269 821 5341 lnterpretes
851 5279 906 5326 et
937 5268 1324 5342 Symmachum
1361 5272 1440 5327 sic
1468 5271 1671 5324 dicitur
1697 5289 1711 5326 :
1746 5272 1850 5337 Qui
1878 5271 2059 5325 dicunt

489 5364 552 5418 de
570 5381 696 5419 me:
736 5362 900 5434 Euge,
939 5362 1100 5434 Euge.
1146 5362 1211 5418 Et
1246 5362 1478 5418 fortasse
1518 5363 1651 5433 justi
1704 5363 1909 5419 inimici
1965 5365 2059 5434 qui

488 5453 690 5507 multas
712 5453 978 5509 adversus
1007 5469 1132 5507 eum
1159 5453 1389 5508 insidias
1412 5462 1748 5515 struxerant.
1777 5463 2060 5526 sperante-s

488 5560 548 5600 se
577 5553 956 5616 superaturos,
991 5545 1060 5599 ad
1086 5543 1330 5615 singulas
1355 5545 1611 5601 dicebant
1647 5564 1661 5600 :
1690 5544 1858 5617 Euge,
1895 5545 2057 5617 Euge.

488 5635 592 5692 Sed
619 5652 744 5691 cum
774 5637 889 5693 haec
916 5637 1238 5708 plerumque
1261 5635 1520 5701 dixerint,
1542 5652 1637 5708 per
1659 5647 1832 5703 tuam,
1861 5639 2058 5710 inquit,

487 5731 712 5800 gratiam
742 5731 854 5801 jam
879 5729 1183 5796 discedant,
1203 5744 1356 5786 suam
1373 5729 1609 5788 ferentes
1639 5732 2054 5804 turpitudinem.

557 5864 632 5936 (l)
679 5865 969 5919 Ἀνεπόλει.

2167 4728 2592 4792 κατελπίσαντες
2643 4727 3135 4800 περιγενήσεσθαι,
3182 4727 3612 4799 ἀποστρέφονται
3653 4729 3749 4782 καὶ

2166 4819 2596 4874 ἀπαλλάττονται
2629 4822 2708 4884 είς
2738 4820 2806 4873 τά
2838 4820 3012 4872 ὀπίσω
3031 4836 3045 4848 ο
3092 4815 3192 4872 εἶτ’
3224 4818 3627 4886 ἀπαλλαγέντες
3655 4818 3751 4872 καὶ

2168 4912 2384 4984 μακρὰν
2408 4912 2710 4982 γενόμενοι,
2744 4910 3034 4982 τάπίχειρα
3054 4910 3152 4980 τῆς
3179 4911 3357 4964 αὐτῶν
3377 4909 3748 4980 ἀπολήψονται

2163 5003 2393 5066 κακίας⁶
2427 5003 2508 5056 διὸ
2551 5003 2686 5073 μετά
2725 5002 2900 5056 ταῦτα
2941 5002 3222 5055 λέλεκταιο
3268 4999 3750 5070 Κομισὰσθωσαν

2166 5093 2529 5164 παραχρῆμα
2581 5095 2884 5162 αίσχύνην
2929 5093 3129 5148 αὐτῶν
3177 5099 3232 5149 οὶ
3277 5094 3560 5164 λέγοντές
3607 5111 3744 5164 μοι’

2166 5183 2343 5256 Εὖγε,
2393 5183 2553 5256 εὖτε.
2593 5187 2733 5239 ’Δνθ’
2761 5181 2822 5238 οῦ
2872 5189 2902 5241 ὁ
2935 5187 3164 5250 Ἀκύλας
3210 5189 3587 5260 ἡρμήνευσενο
3633 5187 3744 5250 Ἁὰ,

2164 5280 2262 5344 ἀὰ,
2289 5281 2425 5350 αὐτῇ
2461 5281 2911 5352 συγχρησάμενος
2939 5280 3111 5346 οὕτως
3145 5281 3343 5353 ἐχούσῃ
3373 5283 3439 5352 τῇ
3485 5280 3745 5352 Ἐϐραῖκῇ

2165 5373 2503 5444 φωνῇ.Ἐστι
2536 5373 2593 5426 δὲ
2619 5372 2760 5444 αῦτη
2795 5373 3172 5446 σχετλιαστικὴ
3199 5375 3306 5427 τῶν
3330 5373 3432 5445 ἢδη
3459 5373 3748 5444 νενικημέ-

2163 5482 2268 5518 νων
2302 5464 2396 5518 καὶ
2429 5467 2508 5528 εἰς
2537 5465 2605 5518 τὰ
2629 5466 2805 5519 ὀπίσω
2836 5467 3250 5539 κεχωρηκότων,
3286 5467 3381 5520 καὶ
3410 5467 3509 5538 τὴν
3540 5466 3748 5520 ἑαυτῶν

2163 5557 2424 5627 αἰσχύνην
2472 5555 2869 5628 ἀπειληφότων.
2909 5558 3065 5612 Κατὰ
3105 5558 3310 5622 δὲτοὺς
3346 5556 3749 5630 Ἐὄδομήκοντα

2166 5647 2370 5701 καὶτὸν
2389 5647 2684 5720 Σύμμαχον
2711 5650 2960 5720 φήσαντα
2975 5667 2988 5681 ·
3021 5653 3086 5704 Ui
3111 5649 3398 5720 λέγοντες
3421 5650 3555 5718 περὶ
3574 5649 3744 5720 ἐμοῦ·

2169 5733 2345 5810 Εὖγε,
2376 5736 2534 5813 εὖγε,
2565 5741 2705 5813 τάχα
2733 5743 2864 5797 ποτὲ
2891 5745 2940 5797 οἱ
2973 5741 3155 5814 ἐχθροὶ
3187 5742 3282 5797 τοῦ
3306 5740 3517 5798 δικαίου
3545 5741 3748 5807 πολλὰς
