4128 6434
285 340 383 400 561
1425 333 1842 392 COMMENTAF

1966 332 2034 403 tu
2072 328 2417 388 PSALMOS.
3442 328 3548 385 562

283 459 577 523 ἐπιϐουλὰς
602 456 944 521 ἐπινοοῦντες
978 457 1099 510 κατ’
1120 453 1312 523 αὑτοῦ,
1335 456 1418 526 ἐφ’
1450 455 1657 527 ἑκάστῃ
1678 451 2086 528 προσδοκῶντες
2120 448 2594 523 περιγενήσεσθαι,
2627 448 2831 519 ἔλεγον.
2850 443 3027 517 Εὖγε,
3052 443 3211 519 εὖγε.
3231 450 3390 504 Ἀλλὰ
3421 449 3550 503 πολιν

279 555 433 616 λάκις
450 554 640 617 τοῦτο,
661 552 841 623 φησὶν,
860 548 1255 623 εἰρηκότεςβιὰ
1271 549 1367 621 τὴν
1390 548 1486 621 σὴν
1516 550 1674 623 χάριν
1696 543 2222 603 ἀπαλλαττέσθωσαν
2242 542 2341 613 ἤδη
2361 542 2509 603 ποτὲ,
2531 540 2628 612 τὴν
2652 539 2857 595 ἑαυτῶν
2883 542 3239 612 κομισάμενοι
3265 542 3548 613 αἰσχύνην.

406 650 516 703 ΕΙΣ
558 648 655 700 Τυ
691 644 1235 709 ΤΕΛΟΣ,ΨΑΛΜΟΣ
1274 644 1359 696 “FQ
1397 642 1598 696 ΔΑΥΙΔ
1634 642 1724 697 Μ’.

2293 634 2345 687 1.
2384 629 2450 685 ΙΝ
2481 628 3059 698 FINEM,PSALMUS
3100 629 3211 685 XL.

341 740 657 810 Μακάριος
680 742 713 794 ὁ
734 739 965 793 συνιὼν
990 736 1090 791 ἐπὶ
1110 735 1349 807 πτωχὸν
1374 735 1473 790 καὶ
1502 733 1731 804 πένητα
1750 754 1761 764 ·
1792 736 1842 789 ἐν

2046 726 2214 783 Vens.
2235 726 2361 783 2-4.
2384 726 2582 781 Beatus
2612 728 2705 797 qui
2733 726 2981 797 intelligit
3032 743 3190 796 super
3245 743 3463 799 egenum
3499 741 3546 783 et

276 835 459 905 ᾑμέρᾳ
502 829 748 899 πονηρᾷ
784 831 1037 898 ῥύσεται
1072 828 1260 883 αὑτὸν
1286 830 1320 881 ὁ
1361 828 1591 896 Κύριος.
1645 830 1863 897 Κύριος

275 922 650 995 διαφυλάξαι
675 923 862 978 αὐτὸν
893 922 994 976 καὶ
1029 919 1251 983 ζωώσαι
1284 920 1495 984 αὐτὸν,
1538 920 1637 975 καὶ
1673 938 1862 990 μακα-

273 1020 427 1086 ρίσαι
452 1016 656 1070 αὐτὸν
680 1015 753 1069 ἐν
785 1014 857 1083 τῇ
886 1011 983 1084 τῇ,
1013 1012 1112 1067 καὶ
1139 1011 1227 1082 μὴ
1252 1009 1498 1080 παραδῷ
1542 1011 1734 1085 autor-
1774 1013 1862 1077 είς

274 1107 476 1179 ψυχὴν
493 1104 738 1175 ἐχθρῶν
758 1105 966 1160 αὐτοῦ.
989 1105 1202 1172 Κύριος
1215 1102 1522 1172 βοηθῆσαι
1565 1102 1727 1169 αὐτῷ
1760 1103 1860 1155 ἐπὶ

272 1202 479 1264 κλίνης
528 1197 764 1266 ὀδύνης
801 1196 1007 1261 αὐτοῦ,
1060 1196 1215 1263 ὅλην
1254 1194 1368 1264 τὴν
1410 1195 1621 1263 κοίτην
1671 1194 1858 1249 αὐτοῦ

269 1293 564 1360 ἔστρεψας
597 1290 673 1344 ἐν
701 1288 777 1359 τῇ
818 1288 1116 1358 ἀρρωστίᾳ
1154 1287 1363 1342 αὑτοῦ.
1408 1287 1623 1360 Προιὼν
1675 1287 1802 1359 ἑξῆς
1829 1289 1858 1341 6

270 1382 415 1452 λόγος
446 1382 712 1454 ἐπιφέρει
736 1398 749 1411 ·
784 1380 893 1436 Καὶ
918 1380 1028 1450 τὰρ
1054 1383 1087 1433 ό
1129 1378 1442 1448 ἄνθρωπος
1471 1377 1579 1448 τῆς
1612 1380 1858 1450 εἰρήνης

264 1489 392 1541 μου,
431 1470 529 1539 ἐφ’
563 1470 643 1524 ὃν
674 1469 927 1539 ἤλπισα,
964 1472 998 1522 ὁ
1029 1468 1250 1523 ἐσθίων
1283 1465 1504 1536 ἄρτους
1536 1487 1689 1538 μου,
1721 1469 1854 1538 ἐμε-

269 1563 525 1634 γάλυνεν
552 1563 657 1616 ἐπ’
689 1561 795 1633 ἐμὲ
820 1561 1203 1630 πτερνισμόν.
1236 1559 1423 1615 Ταῦτα
1451 1560 1507 1614 δὲ
1547 1561 1856 1635 ἀναγέγρα-

267 1673 387 1709 πται
418 1656 449 1708 ὁ
486 1654 693 1727 Σωτὴρ
742 1656 838 1709 καὶ
864 1653 1068 1726 Κύριος
1095 1653 1252 1725 ἡμῶν
1284 1655 1342 1707 ἐν
1369 1653 1447 1725 τῷ
1475 1657 1616 1710 κατὰ
1676 1656 1855 1710 Ἰωάν-

267 1767 354 1821 νην
379 1747 714 1819 Εὐαγγελίῳ
745 1749 821 1813 ὡς
852 1745 912 1813 ἐξ
933 1745 1131 1801 οἰκείου
1182 1745 1476 1818 προσώπου
1523 1747 1761 1821 εἰρηκὼς
1794 1751 1853 1803 ὲν

264 1844 324 1912 τῇ
365 1841 501 1913 πρὸς
557 1843 696 1905 τοὺς
752 1840 998 1912 μαθητὰς
1059 1842 1277 1914 ὁμιλίᾳ·
1333 1842 1398 1895 δι’
1451 1834 1525 1896 ὧν
1576 1842 1846 1912 ἔφασκενο

276 1932 463 2002 Ἀμὴν,
487 1932 687 2004 ἀμὴν,
709 1933 865 2004 λέγω
888 1934 1031 2003 ὑμῖν
1049 1952 1062 1964 ·
1101 1937 1223 1989 Οὐκ
1249 1935 1379 1990 ἐστι
1405 1934 1629 2001 δοῦλος
1637 1934 1851 2005 μείζων

1970 836 2253 891 pauperem
2289 836 2308 873 :
2330 821 2385 873 in
2415 817 2499 873 die
2522 819 2669 873 mala
2699 819 2945 875 liberabit
2977 836 3094 874 eum
3122 819 3405 877 Dominus.
3434 821 3548 877 Do-

1969 915 2146 968 minus
2178 924 2447 969 conservet
2476 930 2595 968 eum
2624 923 2675 968 et
2708 915 2931 985 viviﬁcet
2975 933 3116 982 eum,
3147 927 3195 970 et
3222 919 3431 971 beatum
3465 918 3550 986 fa-

1968 1005 2077 1059 ciat
2098 1020 2218 1058 eum
2251 1004 2305 1058 in
2325 1014 2485 1065 terra,
2518 1011 2567 1057 et
2599 1020 2704 1057 non
2744 1003 2923 1057 tradat
2947 1021 3066 1058 eum
3093 1006 3149 1058 in
3174 1006 3409 1059 animam
3441 1006 3548 1060 ini-

1967 1098 2226 1151 micorum
2265 1097 2401 1168 ejus.
2442 1095 2696 1152 Dominus
2727 1113 2875 1167 opem
2900 1096 3038 1166 ferat
3082 1096 3163 1151 illi
3183 1104 3338 1167 super
3358 1098 3550 1153 lectum

1966 1186 2165 1241 doloris
2196 1186 2327 1256 ejus,
2359 1190 2658 1242 universum
2678 1197 2906 1242 stratum
2938 1188 3052 1257 ejus
3079 1189 3301 1244 versasli
3318 1191 3371 1244 in
3396 1191 3551 1259 iu/ir-

1966 1280 2151 1334 mitale
2188 1296 2324 1348 ejus.
2359 1277 2473 1335 Sub
2501 1280 2617 1335 haec
2671 1287 2851 1335 autem
2904 1279 2978 1334 ita
3025 1295 3205 1336 sermo
3259 1274 3544 1352 procedit}

1966 1369 2177 1425 Etenim
2192 1369 2348 1425 homo
2370 1372 2519 1439 pacis
2544 1388 2698 1438 mem,
2732 1372 2787 1425 in
2839 1387 2939 1441 quo
2987 1372 3213 1439 sperari,
3240 1372 3329 1442 qui
3361 1371 3548 1428 edebat

1961 1479 2122 1530 panes
2145 1479 2309 1528 meos,
2336 1463 2696 1534 magniﬁcavit
2737 1479 2894 1533 super
2933 1480 3013 1517 me
3040 1463 3543 1534 supplantationem.

1964 1555 2090 1611 Haec
2127 1572 2290 1627 porro
2336 1556 2545 1612 dixisse
2592 1557 2855 1612 scribitur
2897 1554 3147 1611 Salvator
3178 1565 3233 1612 et
3282 1557 3546 1616 Dominus

1963 1657 2149 1704 noster
2185 1649 2240 1702 in
2276 1648 2574 1719 Evangelia
2632 1647 2937 1704 secundum
2968 1648 3257 1713 Joannem,
3292 1652 3449 1721 quasi
3476 1669 3543 1708 ex

1960 1744 2181 1815 propria
2238 1758 2472 1814 persona
2534 1744 2615 1799 sic
2677 1743 2979 1814 discipulos
3024 1744 3536 1809 allocutuszAmen,

1960 1853 2131 1900 amen,
2186 1834 2305 1891 dico
2345 1835 2489 1889 vobis
2517 1852 2535 1889 :
2574 1833 2699 1889 Non
2743 1844 2821 1889 est
2871 1852 3050 1891 servus
3107 1838 3285 1905 major
3327 1837 3541 1892 domino

1957 1945 2072 1993 suo,
2106 1945 2268 2001 neque
2292 1929 2562 1999 apostolus
2596 1928 2769 1998 major
2797 1939 2873 1982 est
2895 1945 2957 1983 eo
2975 1931 3067 2001 qui
3100 1930 3247 1984 misit
3274 1930 3447 1985 illum.
3482 1930 3545 1986 Si

264 2024 361 2078 τοῦ
400 2026 624 2094 κυρίου
668 2026 877 2090 αὑτοῦ,
917 2026 1061 2081 οὐδέ
1099 2028 1446 2094 ἀπόστολος
1481 2026 1696 2097 μείζων
1744 2026 1842 2081 τοῦ

1950 2021 2061 2076 hate
2087 2023 2255 2086 scitis,
2298 2022 2438 2076 beati
2475 2018 2625 2076 eritis
2677 2038 2794 2075 cum
2813 2022 3043 2091 feceritis
3067 2039 3149 2079 ea.
3185 2021 3311 2077 Non
3340 2022 3405 2077 de
3435 2040 3547 2076 om-

265 2114 607 2185 πέμψαντος
631 2118 840 2171 αὐτόν.
862 2120 933 2170 Εἰ
957 2118 1145 2172 ταῦτα
1168 2118 1390 2184 οἴδατε,
1408 2117 1692 2188 μακάριοί
1708 2120 1849 2175 ἐστε

264 2205 397 2260 ὅταν
418 2207 653 2261 ποιεῖτε
680 2208 755 2281 (1)
806 2208 978 2265 αὐτά.
1027 2212 1111 2265 Οὐ
1144 2210 1276 2279 περὶ
1315 2209 1558 2265 πάντων
1591 2210 1732 2282 ὑμῖν
1750 2212 1850 2268 λέ-

260 2317 359 2369 τωο
394 2299 508 2371 ἐγὼ
536 2298 685 2356 οῖδα
715 2302 823 2369 οὓς
843 2302 1216 2371 ἐξελεξάμην
1235 2320 1249 2334 ο
1279 2304 1418 2359 ἀλλ’
1448 2304 1549 2358 ἵνα
1573 2305 1613 2372 ἡ
1635 2304 1847 2374 Γραφὴ

261 2390 567 2459 πληρωθῇ·
608 2392 671 2445 '0
699 2391 935 2463 τρώγων
954 2411 1074 2463 μου
1107 2393 1215 2448 τὸν
1255 2393 1440 2463 ἄρτον
1489 2393 1715 2465 ἐπῆρεν
1754 2396 1848 2451 ἐπ’

261 2480 354 2550 ἐμὲ
374 2480 655 2550 πτέρναν
696 2482 901 2538 αὑτοῦ.
942 2484 1110 2557 ’Ἄλλη
1137 2484 1194 2537 δὲ
1216 2485 1407 2557 Γραφὴ
1436 2485 1595 2540 τοῦτο
1625 2487 1848 2559 φήσασα

260 2574 348 2645 οὐχ
382 2577 733 2649 εὑρίσκεται,
777 2576 913 2649 μόνη
939 2577 996 2631 δὲ
1020 2579 1052 2649 ἡ
1097 2577 1368 2650 παροῦσα,
1398 2578 1464 2631 δι’
1490 2572 1560 2651 ἦς
1588 2577 1803 2650 εἴρηται
1826 2595 1842 2609 ο

268 2665 318 2718 '0
344 2668 566 2724 ἐσθίων
595 2669 792 2739 ἄρτον
817 2688 937 2739 μου
984 2670 1358 2741 ἐμεγάλυνεν
1384 2671 1477 2725 ἐπ’
1525 2671 1631 2743 ἐμὲ
1669 2685 1844 2741 πτερ-

261 2762 481 2830 νισμόν.
524 2763 679 2834 ’Ὦρα
705 2763 997 2834 τοιγαροῦν
1022 2765 1103 2827 εἰς
1132 2763 1196 2816 τὸ
1242 2762 1407 2818 αὑτοῦ
1454 2765 1743 2834 πρόσωπον
1775 2765 1845 2820 τὰ

261 2852 623 2925 ὲμφερόμενα..
646 2853 724 2925 τῷ
751 2854 950 2927 ψαλμῷ
975 2856 1052 2919 ὡς
1082 2855 1148 2909 ἂν
1175 2856 1530 2928 προφητικῶς
1577 2860 1844 2931 εἰρημένα

264 2942 513 2998 ἐπιλαϐεῖν.
550 2946 591 2997 Δ
609 2945 656 2998 ιδ
684 2945 781 3001 καὶ
805 2947 895 3011 εἰς
923 2946 990 2999 τὸ
1013 2945 1192 3012 τέλος
1232 2946 1634 3019 ἐπιγέγραπται
1658 2990 1672 3014 ,
1706 2950 1842 3002 ἀνα·

265 3031 535 3101 πέμποντα
566 3035 728 3105 ἡμᾶς
759 3035 877 3107 ἦτοι
901 3034 994 3089 ἐπὶ
1024 3035 1125 3106 τὴν
1164 3037 1475 3091 συντέλειαν
1515 3038 1610 3092 τοῦ
1647 3039 1842 3104 αἰῶνος

267 3121 372 3175 καθ’
398 3126 459 3195 ἦν
492 3126 808 3198 ἐπληροῦτο
840 3127 909 3183 τὰ
937 3130 1424 3201 ἀναγεγραμμένα,
1461 3131 1493 3202 ἢ
1529 3133 1622 3186 ἐπὶ
1654 3132 1723 3187 τὰ
1754 3150 1842 3185 τε-

267 3212 470 3272 λευταῖα
504 3220 618 3274 τῶν
653 3220 747 3274 διὰ
768 3221 862 3276 τοῦ
887 3222 1106 3295 ψαλμοῦ
1132 3224 1496 3296 δηλουμένων,
1524 3228 1588 3280 El
1625 3228 1722 3300 μὲν
1746 3223 1839 3281 οὖν

268 3307 349 3360 ἰπὶ
379 3309 470 3363 τοῦ
517 3312 781 3385 Σωτῆρος
822 3316 1146 3389 ἀναφέροιτο
1182 3319 1252 3373 τὰ
1279 3320 1638 3391 προκείμενα,
1664 3321 1838 3385 εἴποις

266 3394 324 3449 ἂν
350 3401 752 3473 μακαρίζεσθαι
768 3405 859 3457 τὸν
875 3405 1174 3478 δυνάμενον
1200 3410 1443 3464 συνιέναι
1468 3409 1535 3464 δι’
1559 3411 1624 3482 ἦν
1657 3409 1837 3465 αἰτίαν

268 3490 498 3567 ἀνείληφε
526 3496 597 3549 δι’
633 3499 787 3567 ἡμᾶς
817 3500 1113 3570 πτωχείαν.
1138 3503 1258 3555 Ἔτι
1275 3501 1385 3572 γὰρ
1411 3505 1708 3570 πλούσιος
1728 3503 1834 3567 ὢν,

268 3580 331 3635 δι’
351 3584 499 3654 ἡμᾶς
529 3587 947 3657 ἐπτώχευσεν,
985 3593 1086 3645 ἵνα
1111 3592 1285 3662 ἡμεῖς
1327 3593 1403 3664 τῇ
1448 3597 1634 3650 αὑτοῦ
1685 3610 1837 3650 πτω-

270 3672 383 3742 χείᾳ
401 3677 874 3749 πλουτήσωμεν·
911 3682 1007 3734 Ἐν
1020 3682 1227 3753 μορφῇ
1248 3701 1307 3737 τε
1353 3685 1502 3739 Θεοῦ
1545 3684 1837 3756 ὑπάρχων

268 3764 541 3822 ἐκένωσεν
561 3771 809 3835 ἑαυτὸν,
832 3774 1077 3843 μορφὴν
1107 3775 1333 3830 δούλου
1370 3776 1573 3831 λαϐὼν
1594 3818 1610 3843 ,
1646 3777 1835 3847 σαφῶς

272 3853 482 3923 ἐδίδαξεν
504 3862 531 3914 6
558 3860 711 3925 Θεῖος
729 3863 1067 3929 Ἀπόστολος.
1103 3867 1213 3920 Καὶ
1243 3866 1402 3931 ἄλλος
1424 3868 1469 3921 δ’
1499 3868 1564 3923 ἄν
1598 3885 1681 3933 τις
1710 3886 1835 3922 συν-

271 3945 372 4019 ὴσει
406 3951 494 4004 επὶ
522 3953 744 4024 πτωχὸν
777 3954 873 4009 καὶ
904 3956 1132 4029 πένητα,
1156 3957 1371 4013 ἀκούων
1391 3959 1559 4014 αὐτοῦ
1586 3960 1834 4030 λέγοντος

274 4043 321 4098 ὲν
340 4046 718 4119 Εὑαγγελίοις’
754 4049 956 4120 Δεῦτε,
982 4053 1036 4105 oi
1057 4051 1451 4123 εὐλογημένοι
1472 4053 1580 4107 τοῦ
1602 4054 1834 4122 Πατρός

269 4151 388 4202 μου.
466 4142 970 4212 κληρονομήσατε
1029 4142 1145 4211 τὴν
1193 4143 1645 4214 ἡτοιμασμένην
1692 4143 1834 4214 ὑμῖν

269 4225 568 4290 βασιλείαν
623 4235 742 4289 ἀπὸ
792 4234 1131 4304 καταϐολῆς
1172 4238 1428 4307 κόσμου.
1503 4238 1833 4294 Ἐπείνασα

275 4319 385 4388 γὰρ,
415 4324 509 4378 καὶ
528 4324 799 4379 ἐδώκατέ
838 4345 940 4396 μοι
971 4326 1215 4397 φαγεῖν·
1251 4328 1539 4397 ἐδίψησα,
1569 4330 1669 4385 καὶ
1693 4331 1832 4387 ἐπο-

274 4413 454 4470 τίσατέ
506 4436 623 4487 με’
691 4419 865 4485 ξένος
893 4419 1097 4488 ἤμην,
1151 4420 1250 4476 καὶ
1300 4423 1683 4494 συνηγάγετέ
1716 4443 1828 4495 με-

276 4506 491 4575 τυμνός,
526 4512 631 4565 καὶ
660 4511 1041 4579 περιεϐάλετέ
1062 4529 1171 4583 με’
1202 4514 1525 4581 ἠσθένουν,
1556 4516 1656 4570 καὶ
1688 4517 1766 4571 ἐπ
1801 4549 1828 4561 -

275 4602 612 4672 squamoso
634 4607 705 4660 ἐν
729 4605 978 4676 φυλακῇ
1002 4606 1184 4676 ἢμην,
1206 4608 1305 4662 καὶ
1328 4607 1544 4677 ἤλθετε
1566 4614 1715 4679 πρὸς
1729 4614 1830 4682 μέο

1954 2114 2106 2168 tu'bus
2126 2114 2268 2169 vobis
2292 2113 2411 2169 dico
2431 2131 2449 2168 :
2471 2131 2564 2184 ego
2585 2114 2693 2168 scio
2723 2130 2851 2185 quos
2876 2114 3118 2185 elegerim
3139 2130 3159 2179 ;
3182 2114 3274 2169 sed
3288 2125 3347 2169 ut
3367 2117 3539 2170 adim-

1950 2207 2162 2277 pleatur
2183 2205 2463 2276 Scriptura
2492 2222 2511 2260 :
2546 2205 2653 2273 Qui
2683 2206 2972 2260 manducat
3028 2222 3200 2261 meum
3223 2223 3434 2274 panem,
3464 2208 3539 2263 Ie-

1951 2303 2089 2353 vavit
2111 2307 2297 2352 contra
2325 2313 2405 2352 me
2434 2296 2740 2351 calcaneum
2766 2312 2921 2352 suum
2948 2297 3014 2349 ¹⁸.
3050 2295 3210 2351 Nulla
3233 2313 3397 2368 porro
3432 2301 3538 2353 alia

1953 2389 2235 2461 Scriptura
2266 2404 2389 2460 qua:
2438 2389 2544 2445 hoc
2601 2389 2751 2444 dicat
2802 2392 3099 2459 reperitur,
3154 2400 3354 2462 praeter
3395 2391 3539 2447 hanc

1948 2497 2116 2536 unam
2133 2497 2240 2556 qua
2259 2481 2467 2536 dictum
2490 2489 2597 2547 est,
2628 2483 2719 2552 qui
2743 2481 2930 2537 edebat
2973 2499 3164 2553 panem
3200 2500 3396 2550 meum;
3424 2501 3538 2539 ma-

1947 2575 2218 2646 gni/icavit
2265 2591 2421 2645 super
2443 2592 2524 2631 me
2565 2576 3071 2645 supplantationem.
3119 2575 3228 2632 Par
3257 2586 3341 2634 est
3372 2578 3540 2647 igitur

1948 2666 2018 2722 ad
2052 2668 2172 2739 ejus
2198 2682 2514 2739 personam,
2551 2683 2672 2738 quae
2697 2668 2752 2722 in
2783 2669 2889 2725 hoc
2921 2670 3135 2740 psalmo
3164 2669 3434 2734 feruntur,
3480 2677 3539 2725 ut

1948 2760 2265 2831 prophetico
2324 2759 2471 2814 dicta
2531 2759 2799 2832 accipere.
2852 2759 3220 2827 Quamobrem
3274 2763 3331 2817 in
3379 2764 3537 2831 ﬁnem

1946 2853 2288 2917 inscribitur,
2309 2851 2455 2923 quod
2494 2852 2611 2907 haec
2640 2868 2742 2909 nos
2774 2855 3059 2909 remittant
3084 2855 3152 2911 ad
3183 2870 3539 2913 consumma-

1946 2951 2150 3009 tionem
2187 2951 2395 3015 saeculi,
2432 2965 2542 3021 quo
2586 2958 2834 3021 tempore
2879 2966 2945 3007 ea
2996 2968 3117 3022 quae
3150 2953 3355 3023 scripta
3406 2964 3534 3010 sunt

1945 3041 2350 3114 implebunturI;
2385 3042 2500 3097 sive
2531 3042 2692 3097 etiam
2723 3042 2791 3096 ad
2832 3049 3109 3114 postrema
3142 3044 3337 3114 psalmi
3367 3043 3534 3099 dicta.

1944 3136 2101 3202 Quod
2131 3135 2178 3191 si
2210 3135 2326 3189 haec
2353 3134 2424 3190 ad
2451 3133 2788 3190 Salvatorem
2817 3136 3147 3202 referantur,
3174 3136 3301 3207 jure
3330 3136 3537 3194 dixeris

1942 3231 2162 3286 beatum
2196 3230 2487 3301 pra-dicari
2515 3245 2663 3297 cum,
2693 3230 3111 3302 quiintelligere
3145 3230 3321 3302 possit
3337 3246 3442 3302 qua
3465 3232 3535 3289 de

1943 3338 2112 3379 causa
2155 3332 2381 3395 propter
2421 3340 2521 3379 nos
2551 3334 2854 3396 egestatem
2920 3327 3243 3397 susceperit.
3282 3325 3533 3397 Insuper;

1941 3431 2060 3469 cum
2110 3425 2245 3470 esset
2295 3415 2461 3481 dives,
2493 3426 2708 3486 propter
2752 3435 2847 3473 nos
2875 3434 3068 3489 egenus
3090 3419 3265 3489 factus
3321 3429 3418 3486 est,
3474 3430 3536 3475 ut

1938 3524 2033 3562 nos
2062 3508 2177 3578 ejus
2208 3510 2391 3578 inopia
2412 3508 2597 3563 divites
2625 3525 2857 3565 essemus
2876 3512 2945 3576 '7;
2972 3518 3027 3566 et
3064 3529 3079 3567 :
3114 3511 3249 3566 Cum
3277 3512 3331 3567 in
3357 3513 3532 3583 forma

1936 3598 2037 3655 Dei
2060 3610 2215 3669 esset,
2267 3602 2604 3669 semetipsum
2660 3602 2954 3657 exinanivit
2995 3604 3171 3672 forma
3210 3606 3347 3660 servi
3382 3622 3532 3662 accc--

1933 3701 2027 3761 pta
2058 3693 2126 3760 ¹⁸,
2151 3702 2211 3748 ιιι
2231 3693 2381 3749 clare
2406 3709 2513 3749 nos
2556 3692 2747 3750 docuit
2796 3694 3023 3752 divinus
3053 3694 3373 3766 Apostolus.
3405 3689 3530 3754 Alio

1936 3801 2157 3858 quoque
2187 3787 2350 3844 modo
2379 3789 2505 3861 quis
2561 3789 2867 3861 intelligere
2904 3789 3080 3860 possit
3111 3805 3277 3860 super
3295 3805 3529 3862 egenum

1934 3885 1989 3933 et
2011 3892 2325 3948 pauperem,
2353 3879 2585 3936 audiens
2607 3881 2889 3937 Christum
2924 3882 2980 3934 in
3009 3880 3318 3951 Evangeliis
3340 3882 3529 3940 dicen-

1935 3976 2041 4024 tem
2073 3987 2087 4023 :
2131 3968 2332 4035 Venite,
2369 3971 2631 4027 benedicti
2667 3971 2855 4026 Patris
2902 3972 3027 4037 mei,
3072 3970 3337 4042 possidete
3363 3987 3528 4040 para-

1937 4068 2047 4113 tum
2097 4060 2241 4115 vobis
2300 4078 2517 4133 regnum
2560 4081 2594 4117 a
2643 4062 3016 4117 constitutione
3058 4061 3264 4116 mundi.
3313 4051 3543 4118 Esuriui'

1933 4155 2095 4219 enim,
2122 4165 2170 4209 et
2192 4155 2412 4211 dedistis
2446 4155 2578 4211 mihi
2610 4152 2969 4216 manducare;
3003 4153 3169 4217 sitivi,
3223 4163 3276 4208 et
3299 4153 3523 4209 dedistis

1934 4247 2064 4300 milii
2108 4246 2314 4311 bibere;
2348 4247 2536 4316 hospes
2572 4263 2743 4311 eram,
2772 4253 2822 4299 et
2852 4243 3138 4314 collegistis
3180 4258 3261 4297 me
3283 4258 3301 4306 ;
3322 4242 3519 4305 nudus,

1932 4349 1981 4396 et
2029 4341 2375 4410 coeperuistis
2427 4356 2541 4404 me;
2585 4340 2859 4408 inﬁrmus,
2902 4347 2949 4393 et
2990 4338 3246 4392 visitastis
3296 4352 3415 4400 me;
3465 4339 3522 4391 in

1932 4449 2142 4487 carcere
2170 4448 2341 4496 eram,
2392 4443 2443 4486 et
2471 4433 2683 4487 venistis
2715 4431 2784 4485 ad
2821 4448 2901 4486 me
2921 4431 2993 4499 ¹⁹;
3047 4432 3252 4503 quibus
3285 4429 3519 4500 subjun-

1932 4526 2010 4596 git
2042 4544 2054 4580 :
2093 4525 2366 4591 Quantum
2391 4526 2594 4596 fecistis
2629 4527 2722 4580 uni
2770 4540 2836 4581 ea:
2867 4525 2951 4581 his
2982 4525 3242 4594 fratribus
3266 4525 3393 4579 meis
3426 4523 3521 4576 mi-

1934 4618 2118 4685 nimis,
2153 4619 2283 4672 mihi
2343 4618 2544 4689 fecistis
2577 4620 2645 4675 ²⁰.
2698 4618 2881 4689 Atque
2917 4620 2993 4673 ita
3049 4634 3177 4674 vere
3210 4618 3406 4674 beatus
3432 4604 3529 4673 est

276 4687 342 4757 οἷς
359 4697 609 4767 ἐπιλέγει·
659 4700 777 4768 Ἐφ’
816 4699 968 4753 ὅσον
986 4699 1310 4766 ἐποιήσατε
1336 4701 1428 4755 ἐνὶ
1449 4700 1569 4756 τῶν
1601 4705 1829 4759 τούτων

1944 4708 2027 4778 qui
2062 4708 2314 4780 intelligit
2344 4687 2528 4781 super
2558 4687 2873 4780 egenum—et
2901 4723 3195 4780 pauperem
3244 4708 3325 4771 sic
3359 4723 3519 4763 acce-

276 4782 376 4838 τῶν
393 4789 729 4860 ἐλαχίστων
742 4790 862 4845 τῶν
880 4790 1162 4861 ἀδελφῶν
1169 4810 1310 4862 μου,
1328 4793 1456 4859 ἐμοὶ
1481 4794 1823 4863 ἐποιήσατε.

277 4877 367 4932 Καὶ
390 4881 552 4949 οὕτως
581 4881 677 4939 οὖν
733 4886 1000 4956 μακάριος
1026 4884 1242 4957 ἀληθῶς
1286 4888 1314 4941 6
1373 4887 1572 4943 συνιὼν
1615 4890 1709 4943 ἐπὶ
1736 4891 1828 4943 τὸν

274 4968 420 5036 τιῦτως
445 4977 773 5032 ἀποδοθέντα
801 4979 1015 5048 πτωχὸν
1059 4980 1151 5041 καὶ
1179 4980 1407 5051 πένητα.
1443 4981 1507 5033 El
1532 4980 1589 5034 δὲ
1608 4981 1702 5035 καὶ
1735 4984 1828 5036 ἐπὶ

278 5059 351 5113 τὸν
376 5067 524 5123 Δαυῖδ
555 5071 883 5142 ἀναφέροιτο
913 5074 981 5126 τὰ
1014 5072 1334 5144 λελεγμένα,
1380 5072 1556 5139 εἴποις
1600 5074 1666 5129 ἂν
1697 5075 1829 5128 ἀκο-

278 5148 452 5223 λούθως
479 5162 553 5234 τῷ
580 5164 687 5236 πρὸ
704 5163 892 5218 τούτου
923 5165 1125 5237 ψαλμῷ
1151 5164 1323 5220 ταῦτα
1350 5166 1641 5238 συνῆφθαι.
1673 5168 1827 5222 Ἐπεὶ

282 5244 371 5315 γὰρ
398 5253 523 5323 πρὸς
550 5260 662 5321 τοῖς
691 5257 1023 5322 τελευταίοις
1051 5258 1144 5313 τοῦ
1177 5257 1254 5313 λθ⁹
1283 5259 1501 5328 ἐλέγετο
1550 5263 1616 5314 ὲκ
1646 5278 1817 5333 προσ-

283 5335 406 5395 ώπου
426 5348 512 5400 τοῦ
536 5352 698 5406 Ααυῖδ
719 5369 734 5386 υ
774 5351 922 5423 Ἐγὼ
954 5351 1024 5406 δὲ
1045 5352 1232 5420 πένης
1264 5353 1381 5422 εὶμι
1425 5354 1523 5408 καὶ
1550 5356 1816 5425 πτωχόςο

285 5430 425 5487 ταῦτα
450 5437 491 5490 δ’
523 5441 704 5511 ἔλεγεν
740 5443 768 5495 6
804 5441 1057 5507 τοσοῦτος
1080 5440 1332 5513 βασιλευς
1356 5485 1372 5511 ,
1412 5446 1441 5498 6
1488 5444 1582 5498 τὸν
1614 5445 1820 5517 ἄφατον

285 5519 476 5583 πλοῦτον
511 5535 857 5607 συναγηοχὼς
904 5537 985 5600 εἰς
1031 5537 1131 5609 τὴν
1169 5537 1521 5611 παρασκευὴν
1552 5539 1646 5593 τοῦ
1684 5534 1839 5611 μετὰ¹

286 5614 429 5673 ταῦτα
458 5623 816 5698 ἐγηγερμένον
843 5627 931 5682 διὰ
965 5628 1278 5701 Σολομῶνος
1318 5629 1461 5696 ναοῦ,
1508 5631 1821 5703 σμικρύνων

1933 4807 2105 4868 ptum.
2144 4797 2301 4864 Quod
2334 4799 2379 4853 si
2412 4799 2478 4852 ad
2510 4797 2769 4853 Davidem
2812 4813 2979 4869 supra
3004 4798 3153 4853 dicta
3183 4797 3510 4861 referantur,

1930 4890 2084 4945 dicas
2106 4890 2221 4945 haec
2243 4891 2494 4962 apposite
2514 4889 2838 4961 praecedenti
2871 4890 3084 4960 psalmo
3102 4890 3346 4945 subnexa
3367 4906 3510 4954 esse.

1932 4982 2205 5051 siquidem
2231 4983 2334 5038 sub
2359 4982 2518 5038 linem
2541 4982 2736 5053 psalmi
2768 4998 2956 5045 χχχιχ,
2992 4997 3060 5036 cx
3091 4997 3324 5052 persona
3348 4982 3511 5037 Davi.

1929 5073 2017 5130 dis
2037 5073 2342 5135 dicebatur,
2364 5090 2457 5145 ego
2487 5082 2663 5128 autem
2710 5073 2981 5128 mendicus
3031 5089 3148 5127 sum
3196 5081 3248 5127 et
3288 5089 3509 5143 pauper.

1930 5166 2057 5221 Haec
2084 5182 2249 5239 porro
2291 5174 2476 5223 tantus
2521 5183 2615 5223 rex
2648 5167 2887 5232 dicebat,
2942 5167 3039 5237 qui
3094 5166 3509 5222 inaestimabiles

1923 5257 2146 5316 divitias
2171 5259 2237 5315 ad
2263 5267 2589 5331 apparatum
2634 5260 2841 5330 templi,
2869 5259 2974 5317 sub
3013 5260 3128 5315 haec
3148 5275 3179 5314 a
3213 5259 3506 5315 Salomone

1924 5355 2140 5421 structi,
2171 5355 2502 5426 collegerat;
2538 5355 2633 5426 qui
2683 5370 2806 5411 sese
2850 5370 3080 5425 parvum
3129 5361 3184 5411 et
3216 5354 3501 5417 humilem,

1924 5447 2302 5518 moderatique
2338 5447 2529 5510 animi,
2557 5463 2621 5501 ac
2655 5446 2853 5502 aﬂ‘ectu
2904 5463 3030 5503 vere
3082 5461 3376 5518 pauperem
3408 5461 3504 5500 εκ·
3570 5487 3575 5492 .

1923 5539 2165 5596 bibebat.
2189 5539 2316 5596 Ideo
2338 5540 2662 5610 subiunctus
2694 5547 2779 5597 est
2810 5556 3050 5612 praesens
3075 5544 3340 5611 psalmus,
3369 5538 3501 5594 hea-

1925 5640 2041 5688 tum
2069 5633 2375 5702 praedicans
2399 5650 2526 5689 eum
2557 5635 2651 5705 qui
2674 5651 2839 5706 super
2861 5633 3171 5708 huiusmodi
3208 5647 3500 5704 pauperem

344 5712 381 5743 "
411 5715 554 5777 Joan.
587 5741 709 5786 xm,
743 5725 830 5779 16.
910 5726 952 5757 ⁸⁷
991 5722 1035 5778 Η
1070 5724 1193 5780 Cor.
1224 5740 1356 5785 vm.
1393 5726 1447 5781 9.
1526 5727 1571 5759 ’⁸
1611 5726 1842 5800 Philipp.

1944 5770 1956 5795 ,
2001 5729 2052 5784 7.
2132 5729 2176 5761 ¹⁹
2210 5728 2401 5787 Matth.
2439 5747 2567 5795 xxv,
2601 5731 2691 5795 54,
2726 5730 2816 5786 55.
2896 5728 2941 5761 ²⁰
2980 5729 3114 5784 ibid.
3148 5729 3235 5785 40.

345 5804 596 5877 (¹)”οταν
635 5818 875 5873 ποιεῖτε.
912 5817 1074 5890 Vulg.
1122 5821 1220 5875 ἐὰν
1252 5818 1481 5895 statim;
1532 5832 1588 5897 et
1623 5837 1751 5892 um
1787 5839 1842 5895 pl

1944 5842 2053 5891 ιον.
2076 5822 2233 5897 Vulg.
2256 5827 2376 5897 μετ’
2427 5825 2585 5898 ἐμοῦ,
2617 5833 2677 5881 ut
2723 5835 2777 5880 et
2808 5823 3079 5893 interpres
3116 5822 3302 5878 vertit.
3334 5820 3494 5877 Enn.

561 5910 831 5974 PATROL.
863 5912 982 5976 Gn.
1014 5914 1248 5979 ΧΧΙΙἸ.

3146 5915 3222 5975 12
