4122 6454
485 293 603 354 ’565

1203 291 1474 350 EUSEBII
1512 293 1990 351 cessamus
2019 289 2168 350 ore.
2208 252 2385 345 PARS
2430 277 2521 354 ut.
2548 328 2617 339 —
2643 289 3054 353 exsomnes.

3650 297 3758 352 36.5

489 416 773 489 intelligit.
804 415 941 473 Illud
963 431 1150 490 porro,
1179 433 1484 488 pauperem,
1512 433 1692 490 neque
1721 419 1778 472 in
1805 418 2062 475 Hebraico

2176 409 2364 472 ἐαυτὸν
2391 420 2496 474 καὶ
2517 419 2908 486 ταπεινῶν,καὶ
2940 423 3006 492 τῇ
3038 418 3182 490 ψυχῇ
3219 416 3640 490 μετριοφρονῶν,
3663 419 3759 472 καὶ

493 511 816 582 exemplari,
840 526 1017 582 neque
1050 510 1195 582 apud
1246 510 1490 581 reliquos
1531 511 1862 581 interpretes
1881 511 2073 567 fertur.

495 599 811 655 Secundum
854 610 1115 671 quartum
1163 616 1386 656 sensum
1408 599 1519 655 dici
1551 601 1747 671 possit,
1766 616 2076 658 sermonem

490 707 616 747 esse
661 691 1060 746 sententiosum
1117 698 1182 749 et.
1204 691 1300 762 qui
1326 691 1396 746 ad
1436 690 1828 763 benignitatem
1864 700 1917 748 et
1942 708 2079 763 pan--

494 799 682 854 perum
707 799 950 840 amorem
1005 784 1345 840 cobortetur.
1394 783 1531 839 Nam
1581 800 1714 856 erga
1737 801 1833 842 eos
1859 802 2078 856 quoque

491 878 586 947 qui
610 877 908 943 vulgariori
939 892 1109 933 sensu
1138 892 1406 948 pauperes
1436 877 1718 945 dicuntur,
1764 878 2076 934 misericor-

489 969 591 1028 des
621 986 744 1027 esse
773 969 952 1036 decet,
994 970 1188 1042 eisque
1221 986 1451 1042 erogare
1478 971 1735 1036 libenter,
1771 970 2078 1042 intelligen-

489 1069 575 1120 tes
607 1063 818 1119 scilicet
840 1062 1010 1120 Deum
1041 1079 1166 1120 esse
1194 1065 1288 1135 qui
1318 1064 1440 1120 illos
1459 1063 1781 1119 mendicare
1810 1063 2072 1129 decrevit,

487 1161 542 1208 et
591 1155 660 1210 ad
691 1170 809 1211 eam
849 1155 1223 1211 conditionem
1263 1154 1525 1223 deduxit;
1565 1163 1730 1226 atque
1781 1169 1891 1209 una
1923 1155 2074 1226 ipsos

487 1261 586 1316 per
618 1246 933 1318 pauperiem
952 1255 1193 1317 exercet,
1218 1256 1272 1303 et
1305 1264 1402 1304 eos
1433 1247 1528 1318 qui
1573 1263 1758 1303 rerum
1783 1247 1942 1318 copia
1965 1249 2075 1318 pol-

484 1343 620 1407 lent,
669 1339 845 1399 bonos
901 1342 1166 1412 propositi
1222 1341 1307 1398 sui
1331 1342 1544 1400 fructus
1591 1357 1694 1413 per
1729 1343 2072 1415 largitionem

485 1435 676 1505 egenis
701 1433 902 1490 iactam
951 1435 1196 1505 praebere
1220 1435 1518 1492 desiderat.
1571 1433 1840 1492 Tentatur
1888 1437 2074 1508 itaque

485 1544 582 1598 per
603 1543 900 1598 pauperem
933 1526 1110 1595 dives,
1145 1543 1278 1584 num
1341 1528 1554 1584 scilicet
1606 1528 1782 1584 durus
1803 1536 1858 1585 et
1894 1529 2074 1585 immi-

484 1623 745 1685 sericors.
773 1636 844 1677 an
885 1621 1158 1679 humanus
1204 1631 1261 1679 et
1313 1623 1651 1680 misericors.
1703 1622 2071 1690 Quamobrem

484 1714 629 1771 inter
648 1714 834 1770 divina
873 1723 1166 1786 pra-cepta,
1213 1715 1385 1770 multa
1414 1716 1484 1772 de
1514 1717 1846 1788 pauperibus
1874 1723 1929 1773 et
1947 1732 2072 1788 ege-

485 1809 574 1865 nis
623 1807 898 1864 feruntur.
947 1805 1264 1864 Secundum
1319 1810 1567 1880 quintam
1611 1818 1794 1866 autem
1821 1811 2068 1882 explica-

483 1901 712 1962 tionem,
747 1900 914 1955 alium
954 1917 1257 1972 pauperum
1308 1903 1559 1958 ordinem
1608 1905 1875 1976 reperias,
1905 1905 2001 1976 qui
2036 1919 2068 1960 a

487 1987 776 2046 Salvatore
799 1991 996 2046 beatus
1016 1991 1364 2062 pradicatur,
1398 1995 1702 2050 secundum
1725 1996 1858 2051 illud
1884 1994 2068 2051 :Beati

481 2097 734 2153 pauperes
755 2083 974 2152 spiritu,
1001 2084 1250 2154 quoniam
1275 2085 1513 2154 ipsorum
1548 2097 1624 2141 est
1653 2104 1869 2159 regnum
1910 2088 2069 2144 etelo-

481 2194 601 2229 rum
636 2179 705 2226 ἰ.
766 2175 980 2244 Quibus
1003 2177 1186 2234 verbis
1238 2192 1336 2234 eos
1387 2178 1482 2249 qui
1534 2179 1835 2236 secundum
1896 2179 2066 2236 Deum

481 2263 965 2335 philosophantur,
992 2273 1046 2321 et
1069 2273 1292 2338 propter
1329 2265 1572 2322 divinam
1613 2269 2063 2326 exercitationem

478 2371 747 2426 pauperes
775 2365 965 2427 agunt,
994 2357 1088 2428 qui
1119 2365 1277 2412 erant
1304 2359 1426 2429 ejus
1445 2359 1700 2430 discipuli
1721 2370 1774 2416 et
1805 2363 2062 2433 apostoli,

481 2445 734 2504 Salvator
771 2449 964 2506 beatos
993 2450 1332 2521 praedicavit.
1367 2451 1565 2506 Beatus
1591 2452 1760 2524 igitur
1785 2456 1874 2526 qui
1902 2455 2062 2510 intel-

481 2538 595 2609 ligit
620 2556 779 2609 super
805 2556 1044 2610 egenum,
1077 2555 1245 2611 super
1266 2555 1390 2596 eum
1423 2541 1516 2612 qui
1556 2541 1648 2595 illo
1674 2542 1836 2598 modo
1857 2557 2063 2614 egenus

475 2637 530 2684 et
553 2646 758 2702 pauper
786 2641 900 2700 est;
927 2648 1054 2688 nam
1074 2632 1232 2689 bona:
1262 2633 1412 2689 illius
1437 2647 1502 2688 ac
1522 2630 1856 2690 felicissimae
1899 2634 2062 2691 intel-

475 2721 713 2790 ligentia:
734 2721 971 2778 fructum
996 2722 1249 2794 accipiet,
1305 2721 1400 2794 qui
1451 2723 1711 2793 deinceps
1744 2722 2060 2780 indicatur:

476 2812 543 2868 In
571 2815 655 2870 die
681 2815 827 2870 enim
861 2809 1006 2870 mala
1035 2815 1282 2870 liberabit
1319 2832 1438 2870 eum
1477 2811 1770 2880 Dominus;
1819 2817 2062 2882 sive,‘sc~

472 2903 716 2958 cundum
749 2903 1160 2978 Symmachum,
1180 2908 1234 2961 in
1254 2903 1340 2962 die
1375 2909 1694 2980 omit-tionis.
1719 2909 1855 2966 Nam
1874 2911 1920 2968 si
1951 2927 2060 2983 qua

474 2997 706 3052 tentatio
728 2999 1042 3071 contingat,
1075 3008 1128 3057 et
1173 3000 1231 3056 in
1259 3002 1626 3058 calamitatem
1651 3020 2060 3076 terumnamque

2181 504 2400 584 ἀληθῶς
2428 515 2495 586 τῇ
2543 512 2781 568 διαθέσει
2831 512 3159 583 πτωχεύων’
3193 509 3384 564 τούτου
3432 513 3593 582 χάριν
3639 511 3764 564 ἐπι-

2181 604 2455 676 συνῆπται
2478 608 2506 659 ὁ
2530 603 2721 678 παρὼν
2753 603 2984 675 ψαλμὸς,
3017 599 3335 675 μακαρίζων
3363 602 3454 656 τσῦ
3488 600 3763 666 συνιέντος

2181 699 2276 752 ἐπὶ
2306 696 2396 751 τὸν
2429 697 2572 750 οὕτω
2622 696 2856 766 πτωχόν.
2897 695 2970 748 Τὸ
2997 695 3053 748 δέ
3073 735 3087 760 ,
3127 694 3355 762 πένητα
3377 735 3392 759 ,
3441 692 3562 746 οὕτε
3590 696 3646 746 ἐν
3678 693 3762 764 τῷ

2189 791 2482 863 Ἐϐραῖκῷ,
2509 789 2632 843 οὔτε
2665 789 2816 862 παρά
2846 792 2958 853 τοῖς
2973 788 3176 853 λοιποῖς
3207 790 3562 860 ἐρμηνευταῖς
3590 787 3764 858 ἐμφέ-

2179 901 2352 957 ρεται.
2385 883 2496 938 Καὶ
2529 883 2669 937 κατά
2692 884 2959 956 τετάρτην
2982 880 3217 935 διάνοιαν
3245 881 3386 934 εἴποι
3406 898 3490 944 τις
3520 880 3586 933 ἂν
3616 898 3760 949 γνω-

2181 977 2400 1048 μονικὸν
2457 971 2596 1029 εἶναι
2621 977 2714 1028 τὸν
2743 975 2898 1044 λόγον
2929 974 3021 1028 καὶ
3049 973 3430 1046 παραινετικὸν
3453 972 3758 1044 φιλανθρω-

2177 1069 2310 1133 πίας
2341 1067 2438 1122 καὶ
2471 1067 2862 1140 φιλοπτωχίας.
2898 1067 3168 1140 Προσὴκει
3201 1065 3309 1138 γάρ
3334 1066 3426 1118 ἐπὶ
3451 1065 3560 1118 τῶν
3592 1065 3763 1119 κοινόο

2175 1179 2332 1233 τερον
2361 1160 2670 1232 λεγομένων
2709 1159 2942 1231 πτωχῶν
2987 1157 3433 1229 συμπαθητικοὺς
3478 1153 3614 1211 εἶναι
3658 1156 3758 1210 καὶ

2179 1253 2585 1324 μεταδοτικοὺς,
2624 1253 2920 1316 συνιέντας,
2954 1251 3029 1315 ὼς
3069 1251 3098 1303 ὁ
3141 1250 3340 1322 κρίνων
3368 1249 3565 1313 αύτούς
3606 1266 3758 1302 πτω-

2174 1343 2354 1418 χεύειν
2377 1343 2509 1407 Θεὸς
2529 1345 2608 1408 είς
2633 1343 2837 1415 ταύτην
2862 1343 3058 1408 αὐτοὺς
3081 1343 3255 1414 ἤγαγε
3283 1340 3379 1412 τὴν
3403 1341 3756 1394 κατάστασιν*

2173 1437 2309 1510 ὁμοῦ
2370 1438 2466 1510 μὲν
2520 1439 2614 1492 κα)⁵
2665 1439 2863 1502 αὐτοὺς
2903 1438 3195 1510 γυμνάζων
3218 1436 3305 1491 διὰ
3328 1436 3431 1507 τῆς
3457 1436 3758 1507 πτωχείας,

2173 1529 2308 1606 ὁμοῦ
2331 1534 2387 1588 δέ
2412 1534 2506 1588 καὶ
2535 1533 2664 1598 τοὺς
2696 1536 2754 1588 ἐν
2780 1532 3067 1604 περιουσία
3096 1530 3212 1602 βίου
3236 1531 3480 1600 καρπούς
3507 1529 3606 1601 τῆς
3628 1531 3760 1583 ἐαυά

2172 1622 2282 1676 τῶν
2305 1622 2677 1694 προαιρέσεως
2720 1620 2978 1692 παρέχειν
3010 1621 3098 1674 διὰ
3124 1621 3222 1692 τῆς
3263 1621 3342 1686 είς
3387 1621 3514 1684 τοὺς
3558 1619 3760 1682 ἐνδεεῖς

2174 1713 2460 1778 κοινωνίας
2492 1709 2908 1784 βεϐουλημένος.
2937 1708 3261 1782 Πειράζεται
3290 1709 3420 1780 γοῦν
3450 1710 3479 1762 ὁ
3499 1709 3758 1772 πλούσιος

2171 1806 2257 1860 διὰ
2279 1806 2372 1860 τοῦ
2407 1807 2659 1877 πένητος,
2684 1805 2794 1859 εἴτε
2819 1821 2904 1869 τις
2935 1803 3163 1876 ἀνηλεὴς
3205 1802 3300 1857 καὶ
3340 1801 3757 1874 ἀσυμπάθητος,

2171 1901 2267 1953 καὶ
2299 1899 2644 1970 ἄσπλαγχνος
2677 1899 2763 1970 εἴη
2783 1939 2798 1963 ,
2827 1896 2936 1951 εἴτε
2973 1895 3348 1968 φιλάνθρωπος
3391 1895 3483 1948 καὶ
3525 1894 3758 1964 ἐλεημο-

2171 1992 2341 2058 νικός.
2371 1991 2463 2045 Διὸ
2494 1991 2659 2055 πολὺς
2689 1992 2717 2044 ὁ
2763 1989 2891 2062 περὶ
2938 1988 3046 2042 τῶν
3080 1988 3325 2059 πενήτων
3377 1985 3472 2040 καὶ
3518 1984 3754 2056 πτωχῶν

2169 2081 2328 2151 λόγος
2356 2083 2413 2135 ἐν
2438 2083 2550 2144 τοῖς
2579 2079 2743 2143 θείοις
2784 2077 3222 2150 παραγγέλμασι.
3276 2075 3386 2129 Καὶ
3429 2072 3568 2128 κατὰ
3603 2072 3754 2144 πέμ-

2169 2192 2312 2246 πτην
2351 2173 2406 2226 δέ
2428 2173 2668 2226 διάνοιαν
2697 2170 2824 2226 ἄλλο
2852 2171 3039 2240 τάγμα
3068 2166 3300 2238 πτωχῶν
3330 2165 3511 2238 εὕροις
3554 2165 3621 2218 ἂν
3641 2204 3656 2229 ,
3687 2163 3754 2218 τὸ

2169 2263 2278 2320 ὑπὸ
2303 2265 2396 2320 τοῦ
2421 2263 2674 2335 Σωτῆρος
2709 2261 3141 2334 μακαριζόμενον
3165 2257 3306 2313 κατὰ
3339 2259 3426 2311 τό·
3456 2256 3751 2324 Μακάριοι

2167 2359 2223 2411 οἱ
2253 2355 2477 2424 πτωχοὶ
2507 2351 2589 2420 τῷ
2619 2354 2934 2422 πνεύματι,
2965 2350 3052 2404 ὅτι
3084 2347 3282 2404 αὐτῶν
3309 2348 3481 2402 ἐστιν
3505 2347 3543 2416 ἡ
3563 2346 3753 2410 ,ϐασι-

2166 2449 2303 2503 λεία
2329 2446 2448 2501 τῶν
2474 2444 2748 2514 οὐρανῶν
2769 2460 2782 2474 ·
2829 2445 2890 2496 ἐν
2914 2437 2996 2506 οἷς
3020 2443 3144 2505 τοὺς
3180 2441 3322 2495 κατὰ
3354 2439 3491 2492 Θεὸν
3535 2438 3753 2508 φιλοσοι

2168 2541 2422 2608 φοῦντας,
2459 2539 2552 2594 καὶ
2575 2537 2672 2610 τὴν
2697 2536 2876 2591 ἔνθεον
2904 2537 3136 2607 ἄσκησιν
3158 2532 3533 2604 πτωχεύοντας
3566 2531 3595 2583 ὁ
3635 2531 3750 2583 Σω-

2164 2635 2269 2706 τὴρ
2307 2631 2640 2706 ἐμακάριζεν
2660 2648 2673 2660 ³
2705 2631 2755 2683 οἳ
2787 2625 2929 2701 ἦσαν
2947 2630 2994 2681 oi
3017 2626 3180 2680 αὐτοῦ
3221 2625 3458 2698 μαθηταὶ
3487 2623 3580 2677 καὶ
3610 2622 3751 2677 ἀπό·

2166 2723 2362 2778 στολοι.
2388 2721 2692 2790 Μακάριος
2710 2716 2802 2774 οὖν
2825 2723 2856 2774 ὀ
2885 2718 3115 2773 συνιὼν
3132 2717 3228 2770 ἐπὶ
3252 2715 3511 2783 πτωχὸν,
3537 2712 3630 2766 ἐπὶ
3652 2713 3748 2766 τὸν

2163 2815 2308 2872 οὕτω
2355 2815 2570 2886 πτωχὸν
2619 2813 2714 2866 καὶ
2757 2811 2996 2883 πένητα·
3024 2809 3125 2879 τῆς
3155 2807 3367 2878 ἀγαθῆς
3403 2807 3606 2878 ταύτης
3652 2803 3750 2859 καὶ

2162 2907 2566 2982 τρισμακαρίας
2624 2903 2890 2967 συνέσεως
2937 2901 3149 2975 καρπὸν
3186 2900 3415 2972 λήψεται
3467 2899 3557 2952 τὸν
3614 2897 3750 2968 ἑξῆς

2165 3001 2452 3074 εἰρημένον
2476 3017 2490 3030 ·
2547 2999 2651 3052 Ἐν
2679 2995 2870 3065 ἡμέρᾳ
2892 2994 3001 3066 γὰρ
3031 2991 3266 3062 πονηρᾷ
3276 2993 3526 3061 ῥύσεται
3557 2991 3748 3045 αὑτὸν

475 3087 705 3154 incidat,
757 3090 1220 3159 quemadmodum
1281 3093 1399 3164 ipse
1446 3093 1715 3150 intellexit
1741 3111 1907 3167 super
1931 3111 2058 3166 cge-

2165 3097 2198 3148 ό
2223 3095 2437 3162 Κύριος
2456 3109 2470 3122 ο
2506 3091 2540 3164 ἢ
2565 3089 2707 3146 κατὰ
2728 3090 2819 3142 τὸν
2849 3087 3164 3158 Σύμμαχον,
3204 3087 3300 3139 Ἐν
3324 3085 3515 3154 ἡμέρᾳ
3544 3082 3741 3138 κακὼ-

472 3196 604 3235 num
624 3188 678 3236 et
708 3197 1024 3253 pauperem.
1060 3184 1142 3240 sic
1188 3195 1499 3258 opportune
1527 3203 1620 3243 res
1649 3187 1769 3258 ejus
1796 3188 2062 3259 intelliget

2165 3200 2340 3251 σεως.
2389 3185 2452 3238 Ei
2500 3183 2608 3256 γάρ
2641 3180 2852 3251 γένοιτό
2879 3197 2963 3243 τις
2993 3177 3316 3250 πειρασμὸς,
3366 3178 3399 3248 ἢ
3455 3175 3746 3246 περιπέσοι

472 3272 761 3341 Dominus,
817 3276 935 3346 pari
991 3291 1248 3333 mensura
1300 3278 1453 3334 illum
1507 3279 1764 3346 metiens,
1808 3296 1917 3354 qua
1973 3282 2063 3338 ille

467 3385 698 3425 IllCnSUS
731 3380 867 3426 erat.

546 3630 802 3687 Dominus
831 3644 1095 3690 conservet
1123 3653 1240 3692 eum
1269 3648 1321 3692 et
1343 3635 1562 3709 vivi/icet
1583 3655 1718 3697 eum.
1743 3638 1860 3696 'Sed
1893 3641 2057 3696 etiam

460 3721 746 3778 custodiet
802 3739 926 3778 eum
959 3732 1014 3781 et
1043 3727 1230 3783 vivere
1287 3727 1451 3786 faciet
1509 3745 1672 3799 eum;
1708 3739 1825 3798 aut,
1861 3747 2060 3788 secun-

469 3814 599 3867 dum
665 3811 1081 3884 Symmachum,
1139 3819 1384 3873 custodiet
1437 3839 1574 3890 eum,
1629 3830 1677 3876 et
1729 3824 2057 3880 conservabit

467 3918 606 3957 eum.
651 3904 897 3962 'l‘crtium
937 3923 1156 3980 quoque
1190 3911 1295 3983 ipsi
1353 3913 1620 3996 conferet,
1657 3915 1866 3971 beatum
1900 3917 2059 3988 faciet

467 4013 585 4050 eum
605 3998 656 4051 in
673 4006 968 4068 terra;aut,
983 4002 1282 4058 secundum
1300 4004 1898 4077 Symmachum,beatus
1915 4025 2054 4078 pra:-

469 4088 731 4144 dicandus
757 4092 855 4145 erit
885 4093 940 4146 in
971 4103 1134 4150 terra.
1159 4094 1294 4151 Nam
1328 4096 1458 4151 dum
1490 4098 1672 4154 adhuc
1699 4099 1756 4154 in
1780 4093 1886 4155 hac
1908 4109 2055 4157 terra

467 4188 743 4247 versatur,
767 4181 1158 4242 beatitudinem
1195 4202 1225 4240 a
1261 4187 1370 4244 Deo
1409 4199 1797 4262 consequetur,
1829 4207 2058 4249 manen-

467 4272 618 4327 tibus
668 4282 851 4330 tamen
885 4292 1010 4332 eum
1049 4279 1372 4336 cmlestibus
1395 4281 1577 4347 bonis,
1603 4283 1905 4339 secundum
1939 4285 2056 4340 hzec

465 4366 778 4436 promissis.
818 4365 914 4424 His
965 4370 1284 4441 subjungit:
1322 4371 1394 4425 Et
1451 4391 1555 4428 non
1619 4375 1798 4428 tradat
1836 4392 1953 4430 eum
1995 4377 2054 4430 in

2163 3278 2294 3331 ποτέ
2328 3273 2582 3349 συμφορᾷ
2601 3275 2696 3328 καὶ
2723 3273 3040 3346 περιστάσει
3059 3310 3073 3335 ,
3101 3269 3288 3341 ῶσπερ
3317 3268 3476 3332 αὐτὸς
3510 3267 3748 3340 συνῆκεν

2150 3370 2255 3423 -ἐπὶ
2284 3366 2494 3439 πτωχὸν
2530 3367 2623 3421 καὶ
2675 3365 2904 3437 πένητα,
2952 3362 3095 3417 οὕτω
3147 3363 3242 3416 καὶ
3272 3360 3438 3414 αὑτοῦ
3471 3360 3748 3432 εὐκαίρως

2163 3461 2384 3533 συνήσει
2427 3463 2455 3514 ὁ
2498 3459 2736 3531 Κύριος,
2785 3453 2998 3529 μετρῶν
3031 3453 3181 3526 αὐτῷ
3206 3453 3270 3507 τὸ
3315 3453 3426 3508 ἴσον
3455 3451 3652 3525 μέτρον
3695 3445 3745 3520 ᾧ

2161 3551 2485 3626 ἐμέτρησεν.

2230 3645 2446 3712 Κύριος
2476 3638 2741 3711 φυλάξαι
2778 3637 2965 3691 αὐτὸν
2992 3636 3088 3691 καὶ
3122 3633 3294 3703 ζήσαι
3328 3635 3534 3688 αὐτόν.
3581 3634 3743 3690 Ἀλλά

2159 3733 2254 3792 καὶ
2278 3733 2502 3806 φυλάξει
2535 3731 2696 3784 αὑτὸν
2729 3730 2822 3783 καὶ
2855 3727 3015 3799 ζῆσαι
3045 3729 3259 3799 ποιήσει
3291 3727 3488 3780 αὐτόν*
3531 3727 3563 3798 ἢ
3599 3728 3742 3782 κατὰ

2157 3827 2248 3882 τὸν
2273 3826 2570 3897 Σύμμαχον
2593 3840 2607 3854 ·
2642 3819 2903 3884 Φυλάξει
2926 3821 3135 3884 αὐτὸν,
3161 3819 3259 3873 καὶ
3290 3818 3608 3887 περισώσει
3629 3821 3741 3873 αὐ-

2155 3921 2282 3975 τόν.
2312 3918 2423 3972 Καὶ
2445 3917 2626 3989 τρίτον
2649 3912 2704 3967 δέ
2728 3913 2876 3984 αὐτῷ
2900 3913 3142 3986 παρέξει,
3172 3911 3498 3981 μακαρίσει
3551 3912 3742 3965 αὑτὸν

2156 4012 2227 4066 ἐν
2257 4009 2332 4079 τῇ
2350 4007 2425 4080 γῇ
2445 4026 2458 4039 ο
2487 4008 2520 4079 ἢ
2542 4005 2684 4060 κατά
2711 4005 2801 4060 τὸν
2822 4004 3137 4076 Σύμμαχον,
3159 4001 3535 4070 Μακαριστὸς
3563 4001 3738 4056 ἔσται

2155 4105 2226 4157 ἐν
2249 4101 2327 4172 τῇ
2357 4100 2455 4171 τῇ.
2501 4101 2589 4162 Ὠς
2611 4098 2690 4152 ἔτι
2712 4097 2820 4169 γὰρ
2852 4098 2911 4150 ἐν
2944 4099 3010 4167 τῇ
3043 4098 3113 4166 γῇ
3142 4093 3313 4167 ταύτῃ
3335 4094 3607 4164 τυγχάνει,
3633 4093 3737 4162 τῆς

2156 4194 2310 4267 παρά
2332 4192 2426 4246 τοῦ
2453 4191 2588 4244 Θεοῦ
2622 4189 3019 4262 μακαριότητος
3044 4187 3314 4254 τεύξεται,
3348 4185 3614 4258 μενόντων
3638 4187 3708 4238 ait
3763 4216 3770 4221 -

2153 4286 2246 4340 τὸν
2275 4285 2382 4338 τῶν
2420 4282 2559 4356 μετὰ
2603 4281 2776 4335 ταῦτα
2824 4277 3251 4353 ἐπηγγελμένων
3288 4277 3552 4350 οὐρανίων
3598 4279 3730 4345 ἀγα-

2157 4375 2288 4431 οῶν.
2320 4373 2542 4436 Τούτοις
2575 4370 2853 4438 ἐπιλέγειν
2887 4370 2996 4424 Καὶ
3017 4368 3102 4438 μὴ
3149 4366 3394 4435 παραδῷ
3432 4366 3619 4420 αὐτὸν
3650 4369 3739 4431 εἰς

468 4474 656 4513 manus
681 4459 1014 4515 inimicorum
1041 4462 1178 4532 ejus.
1216 4462 1322 4519 Prn
1378 4481 1486 4536 quo
1527 4465 1888 4538 Symmachus
1915 4469 1992 4522 ait
2032 4485 2046 4522 :

2165 4467 2360 4537 χεῖρας
2390 4463 2618 4533 ἐχθρῶν
2649 4462 2864 4520 αὑτοῦ“
2899 4462 3015 4516 ἀνθ’
3044 4455 3105 4515 οὗ
3153 4462 3181 4514 ὁ
3219 4457 3514 4530 Σύμμαχός
3563 4474 3732 4529 φησν

469 4547 536 4604 Et
557 4566 661 4603 non
687 4549 858 4605 tradet
877 4567 996 4605 eum
1026 4552 1080 4605 in
1113 4554 1323 4608 animas
1352 4555 1710 4610 inimicorum.

537 4637 834 4695 Sciendum
870 4647 1052 4696 autem
1090 4651 1194 4706 cst,
1239 4643 1397 4708 illud,
1452 4644 1562 4716 Ego
1607 4646 1761 4700 dixi:
1798 4645 2045 4712 Domine,

467 4729 718 4786 miserere
754 4732 876 4799 mei,
907 4748 940 4787 a
978 4733 1307 4804 quibusdam
1337 4751 1403 4792 ex
1433 4735 1656 4793 Davidis
1689 4754 1925 4810 persona
1955 4740 2044 4794 di-

469 4830 616 4877 ctum
637 4823 1096 4882 cstimariznam
1132 4827 1250 4881 sive
1289 4826 1345 4882 in
1391 4829 1571 4884 medio
1623 4829 1890 4886 insertum
1944 4848 2048 4902 pu-

465 4919 606 4977 tant,
639 4913 753 4969 sive
785 4913 852 4968 ad
895 4913 1046 4969 hunc
1076 4930 1252 4987 usque
1277 4933 1496 4974 versum
1528 4934 1650 4990 quae
1701 4918 1848 4975 dicta
1872 4935 1902 4975 a
1941 4919 2046 4974 Da-

464 5003 590 5060 vide
623 5012 750 5060 sunt
772 5006 1258 5064 circumscribunt.

536 5116 706 5174 Vens.
784 5119 992 5177 lO-M.
1066 5119 1274 5178 Etenim
1329 5122 1487 5196 homo
1542 5124 1693 5194 pacis
1746 5141 1915 5193 mete,
1991 5125 2045 5180 in

464 5226 567 5281 quo
589 5212 816 5281 sperati,
863 5213 954 5283 qui
1005 5213 1192 5269 edebat
1240 5231 1403 5286 panes
1459 5232 1622 5284 meos,
1678 5217 2044 5288 magni/icavit

461 5322 620 5376 super
647 5323 727 5361 me
749 5309 1254 5377 supplantationem.
1285 5309 1601 5368 Secundum
1636 5326 1762 5369 vero
1788 5310 2044 5384 Symma-

461 5400 650 5462 chum,
683 5397 788 5454 Sed
813 5411 863 5454 et
898 5400 1052 5457 homo
1095 5405 1186 5476 qui
1230 5421 1431 5460 mecum
1461 5422 1644 5476 pacem
1673 5403 1923 5471 habebat,
1957 5405 2044 5459 cui

461 5491 694 5560 conﬁsus
731 5507 898 5558 erant,
932 5494 1023 5562 qui
1054 5511 1162 5550 una
1188 5513 1390 5551 mecum
1411 5512 1602 5566 panem
1635 5513 1809 5551 meum
1833 5495 2040 5561 edebat,

460 5582 648 5640 αιυίίι
670 5599 724 5638 se
753 5599 833 5639 me
851 5602 1104 5656 sequens;
1136 5599 1230 5644 aut
1258 5590 1561 5646 secundum
1591 5589 1866 5662 Aquilam,
1901 5605 2044 5660 mag-

533 5747 578 5784 ἰ
620 5743 810 5800 Matth.
852 5763 915 5812 ν,
955 5747 1008 5802 3.

2154 4559 2262 4614 Καὶ
2285 4561 2393 4612 οὐκ
2417 4554 2667 4610 ἐκδώσει
2688 4555 2876 4608 αὑτὸν
2907 4556 2994 4620 εἰς
3019 4551 3225 4622 ψυχὰς
3249 4549 3498 4621 ἐχθρῶν.

2235 4648 2430 4704 Ἰστέον
2456 4647 2534 4712 δὲ,
2566 4646 2642 4710 ὡς
2668 4645 2756 4698 τό*
2806 4643 2946 4714 Ἐγὼ
2989 4640 3149 4706 εἶπα,
3196 4643 3372 4708 Κύριε
3398 4682 3413 4707 ,
3467 4639 3736 4706 ἐλέησόν

2147 4760 2243 4814 με,
2267 4742 2412 4805 τινὲς
2444 4743 2507 4793 ἐκ
2537 4738 2826 4810 προσώπου
2849 4736 2942 4790 τοῦ
2979 4736 3140 4790 Δαυῖδ
3171 4734 3421 4806 εἰρῆσθαί
3449 4749 3612 4802 φασιν
3637 4749 3650 4764 ·
3694 4733 3729 4805 ἢ

2153 4831 2680 4906 παρεμϐεϐλημένον
2720 4832 2776 4883 ἐν
2811 4829 2888 4900 τῷ
2925 4827 3095 4899 μέσῳ,
3131 4825 3165 4898 ἢ
3197 4826 3300 4889 ἕως
3322 4827 3441 4879 ἐκεῖ
3460 4824 3730 4895 περιγρά⁴

2155 4943 2348 4998 φοντες
2379 4923 2448 4978 τὰ
2473 4922 2741 4993 λεγόμενα
2779 4921 2869 4974 ὑπ’
2898 4917 3084 4973 αὐτοῦ.

2222 5123 2332 5180 Καὶ
2361 5122 2471 5194 γὰρ
2513 5121 2546 5174 ὁ
2595 5119 2904 5188 ἅνθρωπος
2931 5113 3040 5184 τῆς
3084 5112 3328 5183 είρήνης
3352 5128 3491 5181 μου.
3535 5109 3626 5178 ἐφ’
3653 5107 3728 5162 ὃν

2149 5215 2408 5285 ἤλπισα.
2454 5214 2486 5266 ό
2529 5211 2749 5266 ἐσθίων
2799 5208 3018 5277 ἄρτους
3048 5224 3188 5276 μου,
3222 5202 3588 5274 ἐμεγάλυνεν
3632 5198 3725 5253 ἐπ’

2150 5306 2256 5379 ἐμὲ
2301 5304 2685 5373 πτερνισμόν.
2729 5300 2884 5354 Κατὰ
2922 5298 2981 5352 δέ
3025 5298 3117 5351 τὸν
3161 5295 3484 5367 Σύμμαχον·
3550 5290 3724 5345 Ἀλλὰ

2151 5399 2248 5454 καὶ
2278 5397 2587 5467 ἅνθρωπος
2615 5393 2683 5460 ὃς
2706 5389 2978 5462 ειρήνευέ
2993 5406 3117 5460 μοι,
3163 5387 3360 5460 φησιν,
3398 5379 3446 5451 ᾧ
3481 5383 3722 5437 ἐπεποί-

2150 5496 2296 5558 θειν,
2323 5487 2664 5545 συνεσθιων
2686 5502 2787 5556 μοι
2811 5484 2994 5553 ἄρτον
3019 5480 3196 5552 ἐμὸν,
3239 5479 3721 5549 scatens-faleras;

2144 5605 2265 5658 μου
2296 5579 2677 5642 ἀκολουθῶν·
2721 5578 2754 5650 ἢ
2784 5577 2923 5631 κατὰ
2955 5574 3046 5629 τὸν
3093 5572 3322 5627 ’Δκύλαν
3342 5587 3356 5603 ·
3394 5574 3719 5642 Κατεμειιτι-
