4122 6454
309 354 416 411 365

1454 345 1962 405 COMMENTARIA
2001 347 2068 401 lN
2108 343 2444 401 PSALMOS.

3476 337 3580 396 ’566

305 472 506 538 λύνθη
535 486 652 539 μου
677 468 919 536 πτέρνα.
951 465 1065 539 Τῆς
1093 466 1151 521 δὲ
1180 465 1273 520 τοῦ
1301 467 1553 539 Σωτῆρος
1583 466 1806 538 εἰρήνης
1827 461 1895 536 ἦν

2003 465 2255 535 ni/icams
2299 472 2378 517 est
2414 469 2607 515 contra
2637 475 2719 514 me
2748 460 3020 515 calcaneo.
3051 459 3182 514 Erat
3215 473 3382 530 porro
3411 455 3581 512 Judas

307 562 597 632 ἄνθρωπος
645 561 674 612 6
729 559 928 623 ’ῐούδας
953 600 968 624 ,
999 559 1238 623 ἀκούσας
1271 560 1367 612 καὶ
1413 557 1576 622 αὐτὸς
1613 556 1752 628 μετά
1785 556 1894 608 τῶν

309 654 516 709 λοιπῶν
554 651 808 725 μαθητῶν
855 651 950 705 τοῦ
1006 652 1260 725 Σωτῆρος
1295 651 1574 720 λέγοντος·
1627 648 1897 718 Ειρήνην

307 747 424 814 τὴν
451 745 610 816 ἐμὴν
627 744 834 814 δίδωμι
867 743 1032 814 ὑμῖν,
1053 743 1303 814 εἰρήνην
1333 743 1448 812 τὴν
1486 741 1642 812 ἐμὴν
1683 741 1897 812 ἀφίημι

307 839 472 910 ⁸ἡμῖν.
514 838 674 892 Ἀλλά
719 838 848 891 καί·
893 838 1012 908 Ἐφ’
1062 837 1138 892 ὃν
1181 836 1418 905 ἤλπισα
1443 878 1458 904 ,
1491 833 1657 908 φησί·
1695 834 1897 906 ἧκατὰ

305 932 398 984 τὸν
436 930 672 984 Ἀκύλαν
695 971 710 996 ,
745 930 1120 997 ἐπεποίθησα
1140 970 1155 995 ,
1183 929 1216 1001 ἢ
1245 929 1388 985 κατά
1433 928 1524 983 τὸν
1566 929 1860 1001 Σύμμαχον
1881 967 1894 990 ,

307 1025 654 1080 ἐπεποίθειν
673 1040 688 1054 ·
717 1023 1016 1095 ἐπειδήπερ
1040 1023 1134 1077 καὶ
1159 1023 1310 1095 αύτῷ
1329 1022 1531 1095 ὁμοίως
1557 1025 1672 1086 τοῖς
1692 1021 1898 1084 λοιποῖς

308 1118 631 1180 ἀποστόλοις
671 1116 779 1170 τῶν
811 1116 941 1170 ῐσων
981 1116 1252 1188 μετεδίδου
1300 1117 1688 1189 χαρισμάτων.
1748 1115 1898 1169 Ἐπ-

308 1207 523 1259 εποίθει
552 1207 610 1260 δὲ
644 1207 731 1260 ἐπ’
758 1206 906 1276 αὐτῷ
935 1208 964 1260 6
995 1205 1206 1278 Σωτὴρ,
1229 1207 1324 1262 καὶ
1343 1205 1556 1276 ἀγαθὰς
1578 1201 1724 1276 εἶχεν
1749 1203 1900 1258 ἐλπί-

306 1297 402 1361 δας
436 1297 526 1350 ἐπ’
555 1296 724 1368 αύτῷ,
753 1296 842 1350 διά
880 1296 941 1350 τὸ
971 1296 1065 1351 καὶ
1113 1298 1200 1349 ἐπ’
1235 1296 1384 1368 αὐτῷ
1417 1293 1780 1361 αὐτεξούσιον.
1823 1294 1898 1348 Ού

305 1384 416 1456 γὰρ
439 1379 512 1456 ἦν
564 1383 779 1454 φύσεως
820 1385 1082 1440 ἀδυνάτου
1141 1383 1408 1450 σώζεσθαι
1449 1386 1480 1438 6
1520 1386 1752 1450 Ἰούδας·
1784 1384 1898 1438 ἀλλ’

306 1471 418 1542 οἶός
441 1494 504 1530 τε
532 1473 624 1548 ἦν,
661 1477 922 1549 θελήσας,
958 1477 1160 1549 ὁμοίως
1185 1479 1300 1542 τοῖς
1343 1477 1552 1542 λοιποῖς
1584 1476 1900 1542 ἀποστόλοις

310 1568 727 1642 μαθητευθῆναι
763 1569 844 1640 τῷ
867 1567 983 1640 Υἱῷ
1015 1567 1109 1621 τοῦ
1130 1567 1287 1631 Θεοῦ,
1330 1567 1425 1622 καὶ
1453 1567 1616 1630 καλὸς
1642 1567 1737 1621 καὶ
1766 1568 1902 1635 ἀγα-

308 1663 399 1726 θὸς
426 1661 687 1733 μαθητὴς
721 1661 1121 1715 ἀποτελεῖσθαι·
1159 1659 1438 1724 συνέστιος
1463 1659 1520 1712 δὲ
1547 1658 1622 1713 ὢν
1648 1660 1727 1730 τῷ
1755 1659 1902 1713 Διδαο

308 1755 518 1826 σκάλῳ,
555 1755 618 1808 ού
642 1756 733 1809 τὸν
777 1754 954 1808 κοινὸν
992 1753 1152 1826 ἄρτον
1200 1752 1350 1824 αύτῷ
1397 1753 1557 1824 μόνον
1594 1751 1896 1824 συνήσθιεν,

306 1847 443 1902 ἀλλά
475 1849 578 1901 καὶ
610 1846 705 1901 τοῦ
754 1847 855 1917 τῆς
902 1845 1084 1917 ψυχῆς
1113 1843 1410 1916 θρεπτικοῦ
1457 1844 1898 1916 μεταλαμϐάνειν
1929 1831 1972 1887 Β

305 1938 559 2010 ἠξιοῦτο·
599 1939 728 2011 περὶ
757 1933 817 1993 οῦ
837 1938 1022 2007 ἔλεγεν
1047 1939 1077 1991 6
1104 1937 1296 2008 Σωτήρ
1313 1953 1327 1966 ·
1364 1934 1507 2007 Ἐγώ
1519 1937 1634 2006 ειμι
1664 1938 1697 1990 ό
1723 1935 1902 2006 ἄρτος

307 2036 340 2087 ό
368 2033 439 2086 ἐκ
470 2032 586 2086 τοῦ
618 2030 880 2100 οὐρανοῦ
913 2029 1196 2095 καταϐὰς,
1226 2027 1326 2082 καί
1355 2024 1510 2096 ζωὴν
1545 2026 1752 2093 διδοὺς
1777 2027 1902 2094 τοῖς

304 2121 670 2191 ἀνθρώποις.
725 2117 894 2185 Οὗτος
936 2115 1029 2173 οὖν
1081 2118 1110 2170 6
1147 2117 1418 2172 τοσούτων
1468 2115 1775 2188 ἠξιωμένος
1803 2117 1902 2189 τὴν

306 2215 555 2286 πτέρναν
582 2214 746 2268 αὑτοῦ
777 2213 968 2285 ὥσπερ
991 2211 1090 2278 λάξ
1124 2211 1377 2264 ἐντείνων
1412 2210 1553 2264 κατά
1593 2208 1688 2262 τοῦ
1722 2210 1904 2282 Σωτῆ-

309 2323 399 2376 ρος
449 2305 632 2376 ἐπῆρε
657 2321 671 2334 ·
724 2303 805 2357 διὸ
877 2302 1166 2356 λέλεκται·
1221 2299 1625 2368 Ἐμεγάλυνεν
1659 2297 1752 2350 ἐπ’
1798 2295 1904 2366 ἐμὲ

304 2398 705 2466 πτερνισμόν.
749 2396 895 2449 Ἀντὶ
925 2393 984 2447 δὲ
1009 2393 1124 2455 τοῦ,
1167 2391 1564 2461 πτερνισμὸν,
1605 2389 1760 2463 παρά
1789 2392 1904 2452 τοῖς

317 2483 729 2560 Ἐϐδομήκοντα
748 2487 1056 2560 εἰρημένον,
1073 2487 1106 2556 ἡ
1123 2482 1382 2556 Ἐϐραῖκὴ
1408 2483 1714 2552 ἀνάγνωσις
1731 2481 1904 2550 πτέρ-

307 2599 424 2637 ναν
450 2582 727 2653 περιέχει.
776 2579 964 2643 Οὕτως
993 2574 1088 2632 οὖν
1125 2576 1415 2640 δουλεύσας
1449 2575 1527 2648 τῷ
1565 2575 1842 2646 Ἐϐραῖκῷ
1873 2575 1902 2628 6

323 2673 558 2737 Ἀκύλας
593 2671 873 2737 ἐξέδωκεν.
905 2670 1068 2725 Ὅθεν
1101 2670 1242 2724 καὶό
1277 2667 1673 2739 εὐαγγελιστὴς
1719 2667 1902 2721 Ἰωάνα

310 2782 427 2836 νης,
455 2766 534 2829 ὡς
571 2765 637 2819 ἂν
677 2764 928 2836 Ἐϐραῖος
959 2762 1019 2828 ἐξ
1066 2762 1362 2835 Ἐϐραίων,
1397 2760 1488 2814 τὸν
1528 2761 1757 2832 Σωτῆρα
1781 2800 1796 2825 ,
1839 2760 1900 2812 ού

312 2857 705 2928 πτερνισμὸν,
738 2843 872 2912 ἀλλὰ
892 2858 986 2911 καὶ
1013 2856 1276 2925 πτέρναν
1293 2854 1635 2926 ὠνομακέναι
1661 2853 1904 2924 ὲμνημό-
1937 2907 1952 2916 ,

311 2969 523 3006 νευσεν.

381 3046 477 3109 Εἰς
507 3044 574 3097 τό
596 3060 609 3073 ·
676 3041 854 3112 Ἐμοῦ
885 3040 982 3095 διὰ
1006 3041 1124 3109 τὴν
1160 3039 1421 3096 ἀκακίαν
1467 3037 1804 3093 ἀντελάϐου
1822 3057 1838 3068 ·
1864 3038 1898 3106 ἢ

2000 557 2163 612 homo
2200 555 2353 626 pacis
2384 552 2708 618 Salvatoris,
2733 553 2973 624 quicum
3005 551 3129 607 aliis
3151 550 3438 622 discipulis
3467 549 3580 604 haec

1997 648 2268 704 dicentem
2323 646 2664 701 Salvatorem
2701 645 2983 699 audierat:
3035 643 3231 698 Pacem
3283 658 3456 696 meam
3514 641 3580 692 do

1997 739 2167 807 vobis,
2200 756 2383 811 pacem
2441 754 2615 792 meam
2669 736 2909 806 relinquo
2957 734 3103 790 vobis
3121 737 3187 791 ".
3233 732 3364 800 Sed,
3396 734 3451 789 in
3480 749 3580 805 quo

1999 833 2225 902 speravi,
2259 832 2372 899 ait;
2395 831 2503 897 vel,
2539 829 2840 886 secundum
2863 826 3143 899 Aquilam,
3175 827 3409 899 conﬁsus
3431 842 3582 892 sum;

2000 933 2118 990 aut,
2173 931 2234 979 ut
2291 921 2680 996 Symmachus,
2732 923 2966 992 conﬁsus
3007 935 3192 984 eram;
3238 917 3584 991 quandoqui-

1998 1018 2121 1070 dem
2151 1015 2330 1086 ipsum
2373 1013 2602 1084 paribus
2637 1021 2802 1083 atque
2841 1018 3068 1067 caeteros
3111 1011 3393 1082 apostolos
3422 1009 3584 1065 donis

2000 1107 2278 1163 aﬂ'ecerat.
2319 1105 2644 1160 Conlidebat
2670 1111 2852 1160 autem
2885 1102 2935 1158 ei
2987 1102 3266 1172 Salvator,
3292 1110 3346 1158 et
3381 1101 3582 1156 bonam

2000 1201 2069 1257 de
2099 1200 2221 1270 ipso
2250 1215 2402 1270 spem
2428 1199 2686 1262 habebat,
2711 1196 2838 1268 quia
2868 1196 2925 1250 in
2947 1212 3014 1253 eo
3034 1197 3269 1252 liberum
3292 1185 3582 1252 arbitrium

2002 1303 2170 1349 esset.
2231 1291 2422 1363 Neque
2472 1292 2620 1347 enim
2670 1289 2839 1346 ludas
2893 1306 2960 1344 ex
3019 1287 3336 1359 hujusmodi
3387 1295 3583 1343 natura

2001 1393 2121 1441 erat
2155 1399 2280 1456 quae
2336 1399 2445 1439 non
2485 1389 2675 1454 posset
2721 1383 2956 1438 salutem
2994 1381 3298 1453 consequi;
3353 1379 3446 1436 sed
3486 1395 3588 1449 po-

2002 1486 2168 1544 terat,
2204 1481 2252 1535 si
2298 1478 2521 1551 quidem
2570 1478 2862 1542 voluisset,
2899 1485 2961 1532 ut
3005 1487 3060 1534 et
3099 1478 3284 1535 caeteri
3319 1478 3580 1549 apostoli,

2000 1588 2030 1627 a
2066 1569 2208 1627 Filio
2248 1571 2341 1628 Dei
2370 1571 2599 1636 erudiri,
2631 1585 2697 1627 ac
2726 1571 2908 1628 bonus
2930 1570 3246 1642 probusque
3279 1569 3586 1642 discipulus

2001 1662 2162 1720 eliici.
2198 1664 2333 1719 Nam
2367 1679 2492 1720 cum
2524 1661 2787 1736 Magistro
2829 1663 3244 1720 contubernalis
3275 1671 3440 1729 esset,
3474 1680 3586 1719 non

2001 1771 2350 1813 communem
2400 1754 2564 1811 modo
2610 1770 2738 1810 cum
2770 1770 2839 1811 eo
2871 1770 3070 1828 panem
3103 1755 3455 1824 comedebat,
3489 1756 3584 1812 sed

2003 1849 2154 1904 illius
2204 1849 2373 1904 etiam
2418 1847 2514 1918 qui
2565 1846 2810 1902 animam
2875 1849 3051 1902 nutrit
3105 1847 3382 1918 particeps
3433 1855 3583 1904 erat:

2003 1942 2074 1998 de
2108 1956 2218 2012 quo
2265 1939 2488 1995 dicebat
2548 1936 2830 1995 Salvator:
2889 1937 3004 2010 Ego
3043 1955 3160 1994 sum
3188 1939 3343 2010 panis
3403 1939 3492 2011 qui
3523 1938 3589 1994 de

2003 2035 2136 2090 ca’lo
2168 2033 2458 2100 descendit,
2501 2043 2552 2088 et
2594 2033 2685 2105 qui
2727 2033 2822 2087 dat
2869 2033 3033 2088 uitam
3069 2031 3451 2089 hominibus”.
3487 2030 3589 2088 llic

2004 2127 2192 2197 itaque
2250 2134 2332 2182 tot
2379 2133 2608 2182 ornatus
2665 2124 2968 2192 beneﬁciis,
3031 2126 3356 2182 calcaneum
3417 2142 3582 2183 suum

2003 2219 2167 2291 quasi
2196 2218 2534 2274 calcitrando
2561 2224 2754 2274 contra
2787 2217 3130 2275 Salvatorem
3156 2220 3384 2288 extulit;
3411 2237 3588 2292 quam

2005 2312 2212 2368 dictum
2249 2320 2370 2368 est:
2398 2311 2766 2384 Magniﬁcavit
2789 2329 2946 2383 super
2965 2329 3048 2368 me
3077 2313 3584 2384 supplantationem.

2003 2403 2111 2460 Pro
2141 2419 2273 2460 voce
2306 2412 2488 2460 autem
2518 2405 2632 2470 illa,
2661 2405 3163 2477 supplantationem,
3197 2421 3227 2460 a
3251 2404 3395 2460 LXX
3442 2407 3588 2464 Viris

2004 2509 2291 2570 usurpata,
2318 2497 2587 2554 Hebraica
2619 2497 2808 2562 lectio,
2844 2496 3180 2566 calcaneum,
3210 2497 3452 2570 prtel'ert.
3508 2499 3587 2552 Eo

2003 2594 2189 2664 itaque
2206 2591 2368 2648 modo
2388 2590 2586 2663 Aquila
2605 2589 2887 2648 Hebraicre
2913 2592 3106 2648 littera!
3123 2592 3370 2648 serviens
3390 2591 3582 2647 edidit.

2004 2687 2184 2754 Quare
2211 2683 2452 2742 Joannes
2474 2685 2832 2757 evangelista,
2863 2693 3052 2758 utpote
3086 2684 3348 2742 Hebraeus
3374 2702 3441 2742 ex
3474 2685 3581 2741 lle-

2003 2779 2165 2834 braais
2191 2784 2368 2841 ortus,
2395 2775 2759 2842 Salvatorem,
2806 2791 2916 2832 non
2945 2775 3450 2848 supplantationem,
3487 2776 3583 2832 sed

2004 2870 2311 2926 calcaneum
2335 2867 2544 2926 dixisse
2571 2877 2860 2924 memorat.

2073 3046 2135 3102 ln
2174 3045 2308 3101 illud
2343 3060 2506 3102 vero:
2541 3043 2629 3099 Me
2644 3053 2856 3114 propter
2884 3043 3241 3099 innocentiam
3268 3041 3584 3108 suscepisti;

313 3135 454 3190 κατά
477 3136 574 3188 τὸν
605 3134 834 3187 Ἀκύλαν
854 3134 948 3186 καὶ
979 3132 1293 3204 Σύμμαχον,
1319 3131 1416 3186 διὰ
1440 3131 1558 3201 τὴν
1571 3133 1897 3201 ἁπλότητα·

2004 3139 2141 3200 sive.
2172 3139 2478 3196 secundum
2522 3137 2776 3211 Aquilam
2807 3146 2863 3194 et
2909 3136 3324 3210 Symmachum,
3369 3146 3586 3207 propter

313 3228 616 3300 ἐπειδήπερ
661 3229 742 3294 ὡς
812 3227 1109 3295 πρόϐατον
1155 3223 1256 3277 ἐπὶ
1301 3224 1549 3294 σφαγὴν
1573 3223 1756 3293 ἤχθη,
1797 3224 1897 3277 καὶ

312 3325 392 3391 ὡς
417 3323 614 3394 ἀμνὸς
633 3323 912 3378 ἐναντίον
941 3321 1045 3376 τοῦ
1077 3320 1386 3388 κείραντος
1414 3319 1673 3390 ἄφωνος,
1712 3320 1900 3386 οὕτως

313 3419 421 3470 οὐκ
446 3417 712 3486 ἀνοίγων
759 3413 825 3468 τὸ
853 3415 1079 3483 στόμα·
1121 3412 1237 3476 καὶ,
1277 3411 1740 3482 Λοιδορούμενος
1786 3415 1897 3466 οὐκ

313 3507 720 3577 ἀντελοιδόρει
739 3525 752 3538 ·
785 3505 1041 3575 πάσχων
1069 3507 1181 3559 οὐκ
1212 3504 1479 3572 ἠπείλει·
1514 3504 1611 3575 τὴν
1641 3505 1814 3578 ἄκραν
1843 3505 1898 3558 δὲ

315 3600 667 3665 ἀνεξικακίαν
725 3597 1129 3668 ἐνδεικνύμενος
1201 3597 1260 3650 ὲν
1323 3595 1402 3666 τῷ
1476 3597 1898 3669 κατηγορεῖσθαι

317 3693 551 3753 ἐσιώπα,
591 3689 1202 3762 ψευδομαρτυρούμενός
1229 3705 1289 3742 τε
1313 3688 1480 3742 Ὅύδὲν
1528 3688 1894 3760 ἀπεκρίνατο·

317 3784 448 3838 ἀλλά
487 3785 584 3837 καὶ
613 3783 704 3836 τὸν
739 3783 906 3838 νῶτον
939 3781 1104 3835 αὑτοῦ
1138 3781 1368 3835 δέδωκεν
1388 3781 1468 3844 είς
1498 3779 1768 3850 μάστιγας
1805 3780 1900 3834 καὶ

315 3875 412 3938 τὰς
456 3874 718 3942 σιαγόνας
747 3875 828 3936 εἰς
875 3873 1226 3944 ῥαπίσματα·
1263 3870 1326 3924 τὺ
1374 3870 1432 3923 δὲ
1461 3871 1753 3943 πρόσωπον
1799 3870 1900 3922 οὐκ

318 3967 662 4038 ἀπέστρεψεν
685 3965 792 4020 ἀπὸ
820 3965 1080 4036 αἰσχύνης
1113 3965 1542 4036 ὲμπτυσμάτων.
1574 3964 1665 4016 Διό
1709 3981 1896 4033 φησιν·

330 4059 506 4128 Ἑμοῦ
535 4057 603 4112 δὲ
613 4057 713 4111 διὰ
728 4057 840 4125 τὴν
853 4059 1113 4113 ἀκακίαν
1137 4056 1490 4120 ἀντελάϐου,
1516 4055 1614 4109 καὶ
1627 4056 1898 4110 ἐϐεϐαίω-

321 4149 436 4216 σάς
468 4167 545 4219 με
595 4150 852 4203 ἐνώπιόν
908 4165 1024 4203 σου
1065 4151 1152 4215 εἰς
1195 4147 1400 4203 αἰῶνα.
1457 4147 1681 4212 Τούτοις
1734 4149 1900 4202 πᾶσιν

319 4243 408 4295 ἐπὶ
420 4241 568 4295 τέλει
589 4242 650 4294 τὸ
682 4242 1017 4313 προφητικὸν
1040 4241 1254 4312 πνεῦμα
1277 4243 1692 4315 εύχαριστήριον
1717 4243 1900 4314 φωνὴν

319 4335 635 4406 ἀναπέμπει
685 4334 764 4406 τῷ
813 4333 933 4405 Θεῷ
990 4334 1174 4404 λέγον·
1229 4335 1579 4405 Εὐλογητὸς
1621 4336 1836 4403 Κύριος
1867 4337 1900 4388 ό

322 4425 467 4492 Θεὸς
511 4426 761 4495 Ἰσραὴλ
779 4425 898 4480 ἀπὸ
934 4425 1039 4479 τοῦ
1068 4425 1286 4492 αἰῶνος
1312 4427 1410 4480 καὶ
1442 4428 1531 4491 εὶς
1558 4426 1664 4479 τὸν
1689 4424 1894 4480 αἰῶνα·

2003 3231 2422 3302 simplicitatem,
2473 3229 2612 3304 [haec
2651 3230 2909 3304 dicenda]
2946 3230 3235 3301 quoniam,
3285 3229 3423 3285 sicut
3469 3229 3583 3284 oris

2002 3325 2074 3378 ad
2115 3323 2503 3395 jugulationem
2543 3323 2733 3378 ductus
2763 3332 2863 3388 est,
2905 3331 2955 3378 et
3002 3323 3140 3378 sicut
3190 3339 3358 3394 agnus
3403 3338 3586 3378 coram

2003 3414 2247 3471 tondente
2287 3415 2399 3470 sine
2443 3430 2584 3480 voce,
2616 3415 2694 3469 sic
2723 3430 2828 3469 non
2856 3414 3062 3483 aperuit
3107 3431 3165 3470 os
3209 3414 3446 3479 suum“,
3490 3424 3580 3468 et:

2002 3507 2136 3565 Cum
2166 3506 2590 3570 malediceretur,
2626 3524 2730 3561 non
2753 3506 3157 3562 remaledicebat
3175 3521 3196 3572 ς
3227 3522 3345 3562 cum
3377 3514 3586 3577 patere-

2004 3609 2114 3663 tur,
2149 3615 2256 3652 non
2310 3597 2834 3653 comminabatur”:
2872 3598 2968 3654 sed
3015 3613 3231 3654 summa
3277 3584 3584 3656 instructus

2003 3691 2289 3762 patientia,
2338 3706 2466 3747 cum
2519 3700 2900 3758 accusaretur,
2957 3692 3195 3760 tacebat,
3243 3705 3368 3748 eum
3428 3690 3582 3746 falsis

2002 3781 2332 3837 testimoniis
2367 3782 2740 3853 impeteretur,
2773 3783 2911 3838 nihil
2941 3782 3258 3854 respondit;
3290 3779 3388 3838 sed
3416 3781 3584 3836 etiam

2001 3871 2227 3926 dorsum
2257 3859 2418 3928 suum
2449 3872 2678 3944 ﬂagellis
2708 3873 3003 3938 obtulit,et
3032 3873 3206 3929 malas
3227 3887 3359 3928 suas
3377 3870 3578 3942 alapis,

2004 3963 2197 4019 faciem
2233 3979 2362 4020 vero
2414 3980 2570 4020 suam
2600 3981 2711 4020 non
2751 3965 2946 4021 avertit
2983 3979 3014 4019 a
3041 3964 3247 4035 probro
3272 3972 3583 4034 sputorum.

2002 4056 2346 4127 Quapropter
2366 4056 2466 4122 ait,
2498 4055 2586 4111 Me
2613 4067 2791 4112 autem
2815 4068 3030 4128 propter
3061 4058 3420 4112 innocentiam
3458 4073 3584 4112 eus-

2002 4149 2207 4218 cepisti,
2243 4158 2294 4204 et
2315 4148 2648 4219 conﬁrmasti
2688 4164 2771 4202 me
2815 4149 2868 4202 in
2903 4157 3182 4218 conspectu
3207 4155 3298 4202 tuo
3337 4148 3393 4202 in
3420 4157 3584 4202 (cter-

2003 4258 2149 4296 num.
2192 4239 2250 4296 In
2299 4241 2406 4297 line
2438 4241 2658 4296 tandem
2705 4255 2896 4296 eorum
2951 4239 3178 4312 spiritus
3223 4239 3587 4311 propheticus

2004 4335 2302 4404 gratiarum
2336 4335 2583 4390 actiones
2623 4334 2736 4391 Deo
2779 4333 2983 4390 emittit
3019 4333 3106 4388 his
3147 4332 3364 4390 verbis:
3413 4331 3585 4387 Bene-

2004 4425 2178 4480 dictus
2213 4425 2474 4481 Dominus
2526 4425 2665 4481 Deus
2715 4423 2888 4481 Israel
2917 4443 2950 4479 a
2979 4424 3176 4480 steculo
3225 4432 3276 4479 et
3321 4439 3486 4494 usque
3529 4423 3582 4477 in

320 4517 569 4586 γένοιτο,
595 4517 853 4587 γένοιτο·
889 4517 922 4588 ἦ
969 4517 1108 4571 κατὰ
1138 4517 1230 4570 τὸν
1291 4518 1523 4572 Ἀκύλαν
1549 4559 1565 4584 ,
1606 4531 1901 4572 πεπίστω-

2004 4517 2284 4581 circulum,
2316 4519 2437 4587 ﬁat,
2466 4518 2596 4588 ﬁat;
2621 4525 2737 4582 aut,
2772 4517 3074 4574 secundum
3097 4515 3373 4586 Aquilam,
3409 4514 3584 4586 fideli-

315 4604 530 4674 μένως,
584 4604 1044 4675 πεπιστωμένως
1063 4625 1076 4637 ·
1135 4607 1280 4660 κατά
1324 4607 1380 4661 δὲ
1411 4608 1503 4660 τὸν
1560 4607 1856 4679 Σύμμαχον
1883 4625 1896 4638 ·

331 4698 528 4766 Ἀμὴν,
563 4697 750 4766 ἁμήν·
802 4697 952 4751 ἔνθεν
980 4700 1009 4751 6
1047 4698 1238 4770 Σωτὴρ
1268 4699 1363 4752 καὶ
1403 4698 1610 4770 Κύριος
1653 4699 1810 4770 ⁴ἡμῶν
1843 4701 1902 4753 ἐν

318 4790 426 4850 τοῖς
461 4787 653 4840 ἑαυτοῦ
693 4787 962 4856 διαλόγοις
1017 4790 1096 4852 είς
1123 4789 1387 4843 πίστωσιν
1419 4789 1527 4842 τῶν
1588 4790 1684 4844 ὑπ’
1735 4789 1901 4845 αὐτοῦ

319 4877 626 4948 λεγομένων
672 4879 1122 4950 παραλαμϐάνειν
1174 4882 1330 4935 εἴωθε
1379 4881 1473 4934 τό·
1524 4881 1701 4952 Ἀμὴν
1748 4882 1904 4953 λέγω

318 4970 490 5036 ὑμῖν·
533 4967 594 5025 οἶ,
646 4973 746 5044 τὴν
797 4973 1036 5026 διάνοιαν
1097 4973 1429 5046 σαφέστερον
1481 4976 1828 5046 ἡρμήνευσεν
1873 4978 1903 5030 6

334 5057 560 5124 ’Δκύλας
581 5061 773 5126 εἰπὼν,
799 5063 1278 5133 πεπιστωμένως,
1313 5065 1794 5134 πεπιστωμένως.

402 5153 560 5207 Ἀλλά
593 5155 703 5228 γὰρ
722 5155 1057 5230 διῃρημένης
1102 5158 1201 5226 τῆς
1241 5157 1370 5227 ὅλης
1413 5156 1597 5227 βίϐλου
1629 5157 1738 5210 τῶν
1765 5155 1902 5227 ψαλ-

327 5241 441 5312 μῶν
472 5248 552 5310 εἰς
577 5247 737 5300 πέντε
771 5249 933 5321 μέρη,
961 5249 1022 5302 τὸ
1048 5251 1262 5322 πρῶτον
1300 5249 1464 5319 μέρος
1489 5248 1724 5304 ἐνταῦθα
1753 5267 1902 5320 περι-

325 5339 608 5409 γράφεται,
641 5341 942 5412 ἀρχόμενον
975 5340 1073 5411 μὲν
1099 5342 1206 5395 ἀπὸ
1232 5341 1327 5395 τοῦ
1352 5348 1400 5394 α’
1420 5340 1634 5412 ψαλμοῦ
1661 5381 1676 5404 ,
1717 5341 1900 5396 τελευ-

325 5431 429 5486 τῶν
458 5433 516 5486 δὲ
536 5435 614 5497 εἰς
641 5434 730 5487 τὸν
764 5433 901 5502 μετά
939 5437 1148 5504 χεῖρας.
1183 5435 1323 5507 Ὦρα
1354 5435 1420 5508 δὴ
1465 5430 1557 5489 οῦν
1597 5434 1900 5506 μεταϐῆναι

328 5521 417 5574 ἐπὶ
442 5524 503 5577 τὸ
526 5525 779 5596 δεύτερον
802 5541 816 5554 ·
853 5525 988 5596 ὅπερ
1018 5525 1244 5596 ἄρχεται
1279 5527 1376 5597 μὲν
1407 5525 1516 5581 ἀπὸ
1533 5526 1629 5582 τοῦ
1656 5526 1746 5599 μα’
1765 5526 1904 5598 ψαλ-

333 5615 449 5683 μοῦ,
483 5615 913 5690 συμπεραιοῦται
937 5616 994 5670 δὲ
1028 5618 1108 5681 εἰς
1140 5617 1231 5672 τὸν
1265 5618 1364 5673 οα’.

396 5793 438 5823 ²¹
469 5795 632 5852 Joan.
669 5814 791 5867 XIV,
824 5800 915 5857 ετ.

2009 4619 2108 4673 ter,
2141 4609 2408 4680 ﬁdeliter;
2436 4611 2572 4674 sive,
2603 4610 2904 4666 secundum
2932 4609 3351 4682 Symmachum,
3393 4626 3580 4674 amen,

2007 4719 2182 4758 amen.
2223 4700 2378 4759 Unde
2426 4700 2688 4757 Servator
2730 4702 2787 4757 in
2831 4702 3146 4772 colloquiis,
3182 4699 3252 4755 ad
3309 4701 3582 4758 sermonis

2007 4792 2093 4848 sui
2147 4794 2621 4849 conﬁrmationem
2674 4793 2730 4848 id
2789 4809 3060 4866 usurpare
3120 4792 3366 4849 solebat:
3415 4793 3586 4848 Amen

2005 4888 2124 4940 dico
2163 4886 2327 4942 vobis.
2377 4885 2551 4958 Cujus
2601 4887 2933 4944 sententiam
2984 4887 3234 4958 apertius
3290 4884 3584 4956 explicavit

2005 4977 2203 5051 Aquila
2229 4979 2441 5045 dicens,
2475 4979 2724 5051 ﬁdeliter,
2757 4980 3010 5052 fideliter.

2075 5156 2347 5212 Universo
2397 5156 2618 5228 quidem
2668 5157 3006 5228 psalmorum
3055 5156 3196 5211 libro
3242 5155 3298 5211 in
3343 5157 3584 5228 quinque

2005 5259 2192 5322 partes
2221 5251 2425 5316 diviso,
2465 5252 2642 5323 prima
2699 5265 2827 5321 pars
2881 5249 2990 5306 huc
3029 5248 3258 5316 desinit,
3297 5264 3419 5321 qua:
3445 5249 3587 5304 inci-

2011 5343 2092 5414 pit
2123 5358 2156 5397 a
2195 5343 2372 5414 primo
2417 5345 2649 5414 psalmo,
2695 5351 2750 5401 et
2803 5343 2861 5400 in
2922 5342 3179 5415 praesenti
3233 5343 3580 5398 terminatur.

2011 5433 2202 5491 Restat
2233 5441 2293 5490 ut
2335 5435 2632 5492 secundam
2677 5436 3083 5509 aggrediamur,
3131 5450 3256 5507 quae
3283 5451 3312 5489 a
3347 5433 3588 5504 quadra-

2013 5527 2224 5600 gesimo
2252 5528 2431 5600 primo
2460 5529 2671 5601 incipit,
2700 5538 2754 5587 et
2783 5531 2841 5586 in
2859 5529 3324 5602 septuagesimum
3349 5527 3588 5599 primum

2015 5619 2238 5676 desinit.

992 5801 1038 5835 "
1074 5799 1233 5860 Joan.
1265 5818 1356 5869 vt,
1393 5802 1480 5859 5|.
1558 5805 1605 5836 “
1644 5803 1749 5862 lsa.
1789 5818 1920 5872 un,
1960 5802 2010 5859 7.
2087 5806 2142 5838 ³⁸
2173 5803 2192 5858 ι
2224 5802 2369 5860 Patr.
2404 5819 2476 5874 ιι,
2511 5802 2602 5865 25.
