4122 6454
471 331 582 393 567

585 454 637 511 1.
691 450 761 509 IN
814 448 1051 529 FlNEM,
1078 452 1713 583 ἓΒΒὶῌΤΧΕΙῇίδΕΕΤυΜ
1751 454 1952 512 FlLllS

549 637 736 700 Prima
784 656 914 711 pars
962 641 1093 697 libri
1140 642 1476 715 psalmorum
1506 642 1868 715 quadraginta
1903 643 2055 715 psal-

1184 329 1456 390 EUSEBlt
1492 330 1973 389 CAESARlENSlS
2000 329 2151 391 ore.
2172 296 2354 389 PARS
2396 321 2492 393 In.
2520 367 2593 380 —
2625 335 3038 393 EXEGETICA.

2083 466 2133 523 Α
2227 441 2339 508 ειΣ
2397 455 2486 512 T0
2536 458 2778 521 ΤΕΔΟΣ,
2799 459 2909 512 ΕΙΣ
2957 457 3255 514 ΣΥΝΕΣΙΝ
3293 456 3447 512 Tum
3492 455 3678 510 r1012

3638 333 3752 389 sua

2783 530 2966 584 ΚΟΡΕ
2999 531 3133 585 MA’.

2236 641 2310 696 Τὸ
2341 641 2444 714 μὲν
2473 643 2692 716 πρῶτον
2740 642 2905 716 μέρος
2928 641 3030 714 τῆς
3075 641 3185 696 τῶν
3214 640 3445 715 ψαλμῶν
3482 642 3664 713 βίϐλου
3696 650 3751 713 μ’

478 747 622 799 mos,
662 733 757 805 qui
801 748 997 790 omnes
1043 731 1265 789 Davidis
1294 741 1444 797 sunt,
1476 734 1894 806 complectitur;
1940 735 2059 791 haec

2170 733 2435 806 ψαλμοὺς,
2487 735 2582 790 καὶ
2614 734 2824 799 πάντας
2876 732 2973 788 τοῦ
3004 734 3186 801 Δαυῒδ,
3243 737 3486 807 περιεῖχε
3510 752 3524 766 ·
3580 735 3643 791 τὸ
3689 734 3752 790 δὲ

477 839 611 882 vero
667 838 829 896 quam
880 825 1107 892 inimus,
1168 824 1396 895 triginta
1447 831 1502 881 et
1551 838 1761 881 unum:
1822 842 2061 897 quorum

479 916 873 987 octmquidem
911 916 1146 975 ﬁliorum
1185 916 1350 983 Core,
1383 933 1530 974 unus
1567 916 1777 990 Asaph.
1814 917 2066 974 Salomo-

480 1010 568 1065 nis
605 1025 772 1072 unus,
805 1009 1001 1080 reliqui
1034 1007 1279 1067 Davidis.
1336 1008 1446 1067 Eos
1484 1017 1669 1067 autem
1695 1011 1793 1082 qui
1828 1010 2064 1068 ﬁliorum

480 1102 622 1158 Core
659 1110 812 1167 sunt,
857 1109 1049 1173 utpote
1080 1103 1278 1159 ordine
1309 1102 1542 1175 primos,
1575 1103 1645 1160 ad
1673 1119 1867 1160 eorum
1900 1106 2064 1161 intel—

481 1192 763 1264 ligentiam
801 1194 915 1265 jam
948 1195 1346 1267 expendemus.
1386 1194 1499 1254 Nos
1548 1197 1642 1252 lilii
1679 1195 1823 1254 Core
1864 1197 2066 1254 inscri-

480 1286 761 1358 ptionibus
802 1288 921 1343 suis
967 1288 1257 1361 instigant,
1313 1296 1373 1345 ut
1402 1305 1472 1347 ne
1509 1290 1817 1347 oscitanter
1866 1291 2065 1347 horum

482 1379 720 1436 lectione
744 1391 983 1437 utamur.
1034 1380 1289 1439 Praesens
1327 1398 1460 1439 vero
1500 1383 1745 1456 psalmus
1776 1383 2065 1457 propheti-

483 1486 610 1527 cum
646 1472 878 1529 cborum
909 1475 1124 1530 tristem
1174 1475 1470 1547 animoque
1501 1475 1571 1533 de
1611 1477 1799 1548 populi
1837 1493 1908 1533 ex
1952 1477 2066 1534 cir-

482 1564 820 1621 cumcisione
848 1565 1005 1636 lapsu
1048 1575 1371 1623 manentem
1401 1567 1636 1634 inducit,
1672 1577 1938 1642 rogatque
1970 1586 2068 1643 per

487 1653 793 1713 Salvatoris
835 1670 993 1727 Opem
1031 1659 1151 1714 erui
1186 1658 1367 1730 ipsum
1415 1668 1472 1715 et
1525 1660 1752 1716 liberari
1811 1675 1842 1714 a
1877 1661 2062 1715 malis.

484 1746 643 1814 Quod
687 1749 742 1804 in
788 1748 895 1806 line
929 1750 1205 1807 sermonis
1241 1751 1327 1807 his
1343 1751 1527 1807 verbis
1562 1754 1808 1823 assignat
1842 1769 1859 1808 :
1897 1750 2065 1821 Spera

485 1842 541 1893 in
574 1838 706 1906 Deo,
740 1841 991 1911 quoniam
1021 1842 1193 1897 adhuc
1222 1842 1511 1914 conﬁtebar
1535 1844 1639 1911 illi,
1673 1845 1913 1901 salutare
1950 1844 2068 1900 vul-

485 1939 572 1984 tus
602 1932 703 1985 mei
731 1939 782 1988 et
806 1931 948 1987 Deus
975 1948 1145 1989 meus.

557 2102 749 2175 Neque
805 2104 1101 2175 psalmum,
1135 2119 1316 2176 neque
1349 2103 1650 2171 canticum,
1684 2119 1863 2176 neque
1903 2102 2069 2176 quid-

485 2196 632 2268 piam
679 2197 861 2252 simile
893 2195 1182 2269 inscriptio
1211 2196 1452 2268 prazfcrt,
1504 2195 1670 2267 idque
1697 2197 1824 2267 jure
1858 2211 1923 2251 ac
1950 2211 2066 2252 me—

485 2288 594 2342 rito
636 2305 650 2342 :
679 2287 808 2358 quia
838 2302 901 2342 ea
930 2303 1055 2360 quae
1092 2288 1507 2357 subiunguntur
1533 2287 1873 2344 tristioribus
1902 2286 2070 2344 dictis

487 2380 646 2448 plena
674 2385 826 2447 sunt,
872 2378 995 2435 ideo
1029 2380 1085 2434 in
1109 2380 1268 2450 ﬁnem
1308 2378 1634 2450 simpliciter
1659 2378 1943 2449 inscriptio
1961 2389 2067 2435 est.

486 2470 625 2528 Nam
668 2486 795 2527 cum
846 2487 938 2528 res
969 2472 1211 2528 nondum
1240 2474 1592 2541 exsisterent,
1624 2472 1722 2530 sed
1751 2472 1950 2529 futurae
1980 2490 2063 2532 cs-

487 2572 632 2630 scnt,
676 2564 1058 2636 praedictiones
1093 2571 1304 2620 tantum
1340 2565 1745 2638 complectitur.
1785 2564 2070 2638 Siquidem

487 2656 611 2716 lilii
645 2659 785 2717 Core
832 2668 1078 2732 tempore
1139 2658 1346 2733 Moysis
1411 2660 1469 2715 in
1533 2658 1753 2717 deserto
1826 2660 2068 2716 luerunt.

487 2751 694 2810 Deinde
746 2767 879 2809 vero
929 2768 1055 2807 cum
1100 2759 1258 2824 pater
1304 2768 1493 2809 eorum
1540 2752 1682 2811 Core
1725 2754 1782 2810 in
1829 2753 2070 2829 Moysem

488 2847 814 2905 seditionem
843 2848 1200 2915 concitasset,
1231 2858 1397 2921 atque
1427 2850 1481 2906 in
1505 2849 1713 2906 familia
1744 2866 1846 2909 sua
1871 2851 2075 2923 periis-

486 2947 595 3007 set,
638 2940 874 3011 contigit
919 2947 979 2996 ut
1012 2939 1108 2997 lilii
1159 2941 1282 3013 ejus
1321 2957 1430 2998 non
1472 2959 1583 2999 una
1615 2959 1741 3000 cum
1786 2952 1945 3015 patre
1985 2944 2067 2999 in-

488 3032 751 3090 terirent:
792 3041 849 3090 et
877 3033 1004 3106 quia
1035 3041 1279 3105 paternae
1307 3036 1606 3108 impietatis
1636 3038 1936 3110 participes
1959 3054 2073 3094 non

2168 826 2306 898 μετὰ
2339 830 2528 900 χεῖρας
2553 826 2636 880 λα’
2657 843 2671 858 ·
2707 819 2783 881 ὧν
2811 825 2955 881 ὀκτὼ
2982 827 3080 898 μέν
3108 829 3215 883 εἰσι
3246 827 3356 881 τῶν
3403 827 3535 882 υίῶν
3576 829 3749 901 Κορὲ,

2166 916 2248 983 εἷς
2278 918 2336 973 δὲ
2357 920 2453 973 τοῦ
2492 919 2688 990 Ἀσὰφ,
2716 920 2811 974 καὶ
2836 917 3148 990 Σολομῶνος
3169 913 3250 986 εἷς
3268 936 3281 949 ’
3304 920 3356 973 οί
3380 918 3437 973 δὲ
3455 919 3633 974 λοιποὶ
3652 918 3751 973 τοῦ

2167 1012 2352 1070 Δαυῖδ.
2382 1012 2645 1087 Πρώτους
2664 1013 2722 1068 δὲ
2742 1014 2947 1069 τούτων
2966 1012 3147 1078 ὄντας,
3164 1014 3291 1078 τοὺς
3305 1012 3411 1068 τῶν
3430 1012 3562 1067 υἱῶν
3581 1014 3751 1087 Κορὲ,

2165 1107 2610 1180 διασκεψώμεθα,
2646 1108 2740 1162 ἐπὶ
2770 1108 2831 1162 τὸ
2859 1106 3095 1162 συνιέναι
3124 1106 3193 1161 τὰ
3225 1106 3513 1179 λεγόμενα.
3535 1108 3755 1179 Παρορ-

2171 1199 2345 1272 μῶσιν
2375 1200 2525 1270 ἡμᾶς
2571 1200 2622 1252 oi
2651 1198 2758 1253 υἱοὶ
2788 1200 2934 1271 Κορὲ
2974 1197 3064 1253 διὰ
3101 1198 3212 1253 τῶν
3248 1197 3582 1270 προγραφῶν
3615 1197 3754 1271 πρὸς

2166 1290 2229 1345 τὸ
2257 1290 2332 1363 μὴ
2360 1290 2656 1363 παρέργως
2681 1289 2990 1362 χρήσασθαι
3014 1289 3082 1360 τῇ
3100 1286 3210 1341 τῶν
3232 1286 3541 1358 λεγομένων
3570 1285 3757 1339 ἐντεύο

2169 1380 2269 1449 ξει.
2299 1383 2524 1451 Είσάγει
2552 1382 2610 1435 δὲ
2647 1384 2675 1436 6
2703 1379 2893 1454 παρὼν
2920 1379 3137 1453 ψαλμδς
3159 1379 3251 1435 τὸν
3291 1377 3627 1453 προφητικὸν
3647 1396 3758 1450 χο-

2173 1473 2263 1547 ρὸν
2290 1473 2590 1546 περίλυπον
2616 1472 2714 1527 καὶ
2742 1471 3066 1544 σκυθρωπὸν
3094 1469 3191 1542 τὴν
3222 1469 3399 1543 ψυχὴν
3432 1470 3527 1525 ἐπὶ
3557 1473 3623 1542 τῇ
3658 1468 3758 1524 τοῦ

2167 1565 2298 1620 λαοῦ
2324 1565 2420 1621 τοῦ
2452 1569 2518 1620 ὲκ
2542 1566 2847 1638 περιτομῆς
2903 1562 3177 1619 ὲκπτώσει
3196 1580 3210 1594 ·
3244 1564 3340 1618 καὶ
3357 1563 3561 1631 ἐξαιτεῖ
3586 1579 3645 1617 τε
3669 1561 3761 1614 λύ-

2167 1673 2372 1728 τρωσιν
2404 1657 2500 1712 καὶ
2527 1655 2713 1711 κακῶν
2744 1655 3056 1727 ἐλευθερίαν
3080 1649 3169 1708 διὰ
3185 1654 3284 1727 τῆς
3324 1655 3590 1726 σωτηρίου
3624 1652 3759 1725 βοη-

2172 1750 2346 1817 θείας.
2378 1752 2444 1806 Ὃ
2482 1750 2547 1824 δὴ
2572 1750 2666 1805 καὶ
2691 1750 2784 1804 ἐπὶ
2807 1749 2952 1803 τέλει
2984 1747 3079 1802 τοῦ
3113 1747 3271 1818 λόγου
3301 1749 3762 1821 ὲπισφραγίζεται

2105 1824 2145 1879 Β
2173 1841 2370 1898 εἰπών·
2400 1844 2694 1898 Ἕλπισον
2717 1841 2818 1896 ἐπὶ
2840 1840 2949 1895 τὸν
2977 1838 3145 1904 Θεὸν,
3186 1837 3279 1892 ὅτι
3314 1837 3763 1909 ἐξομολογὴσο-

2165 1932 2454 2005 μαιαύτῷ
2475 1950 2489 1965 ·
2514 1931 2814 2003 σωτήριον
2850 1931 2959 1987 τοῦ
3004 1930 3331 2001 προσώπου
3370 1947 3493 2000 μου
3575 1931 3675 1988 καί
3727 1937 3759 1989 6

2170 2025 2314 2093 Θεός
2334 2043 2474 2095 μου.

2242 2117 2381 2174 Οὔτε
2409 2115 2647 2189 ψαλμὸν,
2681 2114 2805 2171 οὔτε
2828 2113 2969 2187 ᾠδὴν
2995 2154 3011 2179 ,
3042 2113 3167 2169 οὔτε
3192 2133 3245 2170 τι
3273 2114 3383 2169 τῶν
3415 2113 3671 2169 τοιούτων
3718 2115 3757 2186 ἡ

2171 2210 2502 2285 προσγραφὴ
2532 2209 2778 2283 περιέχει
2803 2225 2818 2240 ·
2856 2208 2951 2263 καὶ
2982 2209 3228 2273 εἰκότως.
3271 2207 3602 2280 Ἐπειδὴπερ
3628 2224 3764 2261 σκυ-

2172 2304 2534 2379 θρωποτέρων
2580 2303 2755 2373 λόγων
2802 2302 3161 2375 πεπλήρωται
3207 2300 3277 2354 τὰ
3332 2298 3461 2372 ἑξῆς
3510 2298 3764 2368 ἐπιλεγό-

2175 2381 2334 2472 μενα,
2368 2399 2457 2454 διὰ
2495 2397 2668 2452 ταῦτα
2709 2395 2896 2461 ἁπλῶς
2918 2397 3008 2462 εἰς
3038 2393 3106 2449 τὸ
3131 2393 3309 2460 τέλος
3330 2392 3760 2466 ἐπιγέγραπται.

2172 2489 2266 2562 Μὴ
2294 2487 2405 2561 γὰρ
2429 2486 2760 2557 ὑφεστώτων
2792 2486 3162 2559 πραγμάτων,
3195 2482 3493 2557 μελλόντων
3523 2483 3582 2537 δέ
3625 2498 3761 2536 ποτε

2173 2580 2413 2645 ἔσεσθαι,
2449 2580 2782 2653 προρρήσεις
2817 2578 3082 2651 περιέχει.
3104 2570 3112 2577 ’
3135 2576 3401 2646 Γεγόνασι
3444 2576 3541 2648 μὲν
3572 2574 3680 2647 γὰρ
3708 2575 3762 2629 σί

2173 2674 2279 2727 υἱοὶ
2320 2672 2465 2743 Κορὲ
2506 2670 2609 2739 ἐπὶ,
2640 2671 2742 2742 τῆς
2774 2671 2981 2743 ἐρήμου
3012 2667 3151 2753 κατὰ
3182 2669 3309 2732 τοὺς
3327 2667 3554 2740 χρόνους
3593 2668 3763 2721 Maii)-

2175 2763 2334 2830 σέως.
2359 2759 2493 2819 Εἶτα
2516 2762 2613 2818 τοῦ
2646 2763 2850 2835 πατρὸς
2876 2761 3057 2817 αὐτῶν
3082 2760 3175 2815 τοῦ
3202 2760 3351 2832 Κορὲ
3389 2757 3762 2814 καταστασιὰ-

2175 2875 2367 2922 σαντος
2387 2857 2687 2923 Μωῦσέως,
2714 2857 2810 2912 καὶ
2823 2855 3162 2928 ἀπολομένου
3194 2857 3260 2927 τῇ
3286 2852 3454 2908 αὑτοῦ
3496 2854 3760 2927 φρατρίᾳ,

2171 2951 2301 3015 τοὺς
2324 2949 2515 3004 τούτου
2539 2949 2734 3014 παῖδας
2759 2947 2957 3021 συνέϐη
2984 2947 3059 3021 μὴ
3088 2946 3448 3002 συναπολέσαι
3468 2946 3548 3018 τῷ
3568 2945 3763 3018 πατρί’

2174 3041 2264 3097 διὰ
2293 3041 2355 3095 τὺ
2382 3042 2456 3114 μὴ
2490 3041 2873 3097 κεκοινωκέναι
2902 3041 3101 3105 αὐτοὺς
3123 3043 3189 3112 τῇ
3213 3038 3307 3094 τοῦ
3339 3038 3545 3112 πατρὸς
3566 3038 3762 3092 δυσσε-

487 3125 728 3193 fuerant,
761 3127 858 3185 sed
893 3130 1270 3198 pmnitentiam
1304 3138 1358 3186 et
1387 3131 1685 3186 maximam
1737 3145 1868 3204 erga
1902 3130 2069 3188 Deum

2177 3134 2319 3208 δείᾳ,
2349 3134 2640 3206 μετάνοιαν
2675 3133 2735 3187 δὲ
2763 3131 3168 3204 ἐνδειξαμένους
3209 3132 3305 3186 καὶ
3341 3131 3600 3204 πλείστην
3631 3129 3765 3227 περὶ

488 3222 744 3294 pietatem
782 3221 1136 3289 exhibebant,
1169 3231 1323 3279 tanta
1371 3223 1514 3295 apud
1578 3222 1749 3281 Deum
1808 3224 2074 3296 approba-

486 3311 637 3369 tione
669 3312 820 3385 digni
870 3311 1117 3381 luerunt,
1150 3321 1211 3370 ut
1241 3315 1406 3371 etiam
1433 3314 1737 3386 prophetia
1773 3318 1950 3389 gratia
1978 3333 2074 3374 or-

491 3415 781 3460 narentur.
846 3404 929 3462 Ex
974 3421 1165 3463 eorum
1198 3422 1367 3479 porro
1419 3408 1776 3464 successione
1822 3415 2073 3481 tempore

486 3496 710 3555 Davidis‘
747 3497 890 3556 alius
947 3497 1089 3556 Core
1143 3507 1372 3557 exortus
1421 3507 1554 3569 est,
1626 3500 1800 3572 priori
1867 3516 2072 3575 cogno.

488 3590 690 3658 mlnis;
755 3598 811 3648 et
868 3591 1000 3648 huic
1060 3590 1155 3646 lilii
1210 3592 1324 3647 nati
1387 3592 1503 3648 alii.
1579 3590 1708 3650 Sive
1779 3594 1947 3668 igitur
2017 3596 2074 3653 hi

488 3681 800 3752 postremi,
851 3681 970 3738 sive
1017 3682 1230 3753 priores
1259 3682 1392 3749 alii,
1452 3683 1828 3756 captivitatem
1884 3688 2075 3759 populi

489 3787 611 3844 qua:
663 3773 827 3844 longo
871 3783 1062 3847 postea
1100 3782 1346 3846 tempore
1378 3776 1612 3840 accidit,
1662 3791 1727 3834 ac
1757 3775 2079 3836 Judzeorum'

487 3865 675 3939 populi
744 3868 800 3923 in
871 3881 1063 3924 omnes
1115 3878 1306 3940 gentes
1368 3868 1803 3945 dispersionem,
1862 3869 1971 3927 hoc
2017 3873 2074 3928 in

489 3960 702 4032 psalmo
739 3959 1131 4019 vaticinantur.
1173 3961 1231 4017 In
1269 3962 1628 4033 sequentibus
1674 3962 1842 4034 igitur
1876 3963 2071 4022 aiunt:

490 4049 560 4107 Et
586 4054 677 4124 qui
697 4052 920 4111 oderunt
948 4071 1044 4110 nos
1091 4053 1424 4126 diripuerunt
1449 4073 1561 4111 eos.
1586 4053 1797 4112 Dedisti
1828 4074 1924 4113 nos
1953 4068 2075 4113 tan-

487 4160 648 4215 quam
678 4161 794 4201 ores
824 4161 1068 4201 escarum
1093 4188 1108 4216 ,
1163 4157 1212 4201 et
1252 4148 1304 4203 in
1339 4147 1577 4220 gentibus
1611 4148 1908 4219 dispersisti
1954 4165 2073 4206 nos.

500 4234 791 4293 Vendidisti
808 4238 1061 4309 populum
1096 4249 1247 4293 tuum
1282 4240 1397 4295 sine
1432 4241 1625 4311 pretio,
1654 4250 1706 4297 et
1733 4242 1959 4312 posuisti
1979 4258 2074 4297 nos

488 4328 828 4399 opprobrium
889 4330 1075 4387 vicinis
1131 4333 1332 4387 nostris
1381 4332 1446 4388 “.
1503 4331 1625 4391 Non
1667 4334 1813 4390 enim
1865 4334 1982 4391 [nec
2014 4341 2075 4393 ul

490 4434 735 4493 tempore
769 4419 992 4479 Davidis
1014 4432 1165 4495 gesta
1192 4424 1424 4481 historia
1453 4435 1644 4481 narrat
1672 4447 1685 4484 :
1720 4426 1842 4484 ideo
1863 4427 2065 4484 inscri-

2175 3224 2267 3279 τὸν
2293 3223 2426 3280 Θεὸν
2470 3223 2780 3289 εὐλάϐειαν,
2827 3222 3101 3295 τοσαύτης
3147 3222 3420 3295 ἀποδοχῆς
3464 3219 3761 3293 ἠξιωκέναι

2176 3316 2327 3389 παρὰ
2364 3316 2442 3389 τῷ
2469 3315 2609 3389 Θεῷ,
2637 3315 2714 3380 ὡς
2748 3314 2842 3370 καὶ
2885 3313 3231 3389 προφητικού
3274 3314 3612 3387 χαρίσματος
3657 3330 3761 3384 με·

2173 3411 2417 3481 τασχεῖν.
2464 3409 2560 3463 Ἐκ
2587 3407 2647 3463 δὲ
2680 3408 2781 3480 τῆς
2802 3405 3007 3462 τούτων
3030 3406 3285 3479 διαδοχῆς
3305 3405 3449 3460 κατὰ
3479 3407 3606 3470 τοὺς
3632 3404 3764 3477 χρό-

2176 3519 2301 3568 νους
2330 3501 2491 3556 Δαυῖδ
2538 3502 2747 3571 γίνεται
2777 3500 2964 3573 ἔτερος
2995 3499 3166 3575 Κορὲ,
3194 3497 3485 3571 ὁμώνυμος
3512 3497 3590 3571 τῷ
3625 3514 3762 3568 προ-

2174 3594 2340 3667 τέρῳ,
2368 3593 2464 3649 καὶ
2490 3593 2684 3648 τούτου
2708 3593 2887 3664 ἕτεροι
2907 3594 3117 3656 παῖδες.
3142 3591 3258 3646 Εἶτ’
3288 3586 3382 3646 οὖν
3419 3585 3566 3646 οὗτοι
3585 3629 3601 3655 ,
3647 3589 3764 3644 εἴτε

2173 3690 2227 3744 oi
2249 3688 2527 3762 πρότεροι,
2557 3688 2656 3759 τὴν
2682 3685 2901 3760 μακρὰν
2932 3685 3158 3758 ὕστερον
3207 3685 3517 3757 γενομένην
3555 3684 3763 3755 αἰχμα-

2174 3780 2378 3836 λωσίαν
2407 3779 2502 3834 τοῦ
2530 3778 2662 3833 λαοῦ
2684 3779 2780 3834 καὶ
2811 3778 2910 3850 τὴν
2932 3779 3013 3844 είς
3041 3777 3215 3833 πάντα
3247 3775 3317 3832 τὰ
3349 3775 3477 3848 ἔθνη
3502 3772 3596 3829 τοῦ
3634 3775 3767 3827 Ἰου-

2174 3872 2341 3932 δαίων
2385 3872 2572 3938 ἔθνους
2624 3871 2925 3944 διασπορὰν
2979 3868 3296 3935 θεσπίζουσι
3346 3867 3436 3922 διὰ
3476 3866 3568 3920 τὸν
3625 3864 3765 3938 μετὰ

2177 3968 2386 4038 χεῖρας.
2436 3965 2727 4036 Προῖόντες
2775 3961 2908 4033 γοῦν
2953 3978 3086 4034 φασι
3110 3978 3125 3993 ’
3175 3958 3288 4015 Kal
3338 3961 3393 4014 al
3435 3957 3767 4029 μισοῦντες

2175 4053 2337 4125 ἡμᾶς
2360 4052 2685 4123 διήρπαζον
2711 4052 2955 4120 αὐτούς.
3014 4049 3279 4116 Ἕδωκας
3303 4046 3461 4119 ἡμᾶς
3497 4047 3579 4115 ὡς
3623 4048 3765 4114 apd.

2177 4148 2325 4202 ϐατα
2340 4146 2647 4216 βρώσεως,
2660 4145 2757 4200 καί
2778 4146 2848 4200 ἐν
2861 4145 2983 4212 τοῖς
3003 4144 3206 4199 ἔθνεσι
3225 4140 3570 4209 διέσπειρας
3584 4136 3762 4209 ἡμᾶς.

2192 4240 2433 4297 Ἀπέδου
2453 4240 2560 4296 τὸν
2579 4242 2737 4297 λαόν
2753 4256 2870 4295 σου
2892 4239 3040 4294 ἄνευ
3080 4236 3260 4308 τιμῆς
3275 4250 3290 4265 ο
3317 4234 3416 4290 καὶ
3441 4234 3584 4289 ἔθου
3606 4230 3767 4302 ἡμᾶς

2178 4334 2409 4403 ὄνειδος
2440 4333 2567 4403 τοῖς
2596 4335 2863 4405 γείτοσιν
2885 4332 3075 4403 ἡμῶν.
3108 4331 3185 4385 Ού
3211 4329 3323 4402 γὰρ
3354 4326 3448 4381 ἐπὶ
3483 4324 3579 4381 τοῦ
3603 4322 3767 4378 Δαυῖδ

2178 4426 2353 4482 ταῦτα
2387 4429 2421 4500 ἡ
2454 4427 2668 4500 ἱστορία
2690 4424 3021 4497 γεγενῆσθαι
3042 4424 3315 4497 περιέχειν
3333 4422 3423 4478 διὰ
3451 4421 3615 4476 τοῦτο
3639 4436 3766 4492 προ-

487 4515 604 4586 ptio
647 4515 701 4570 in
736 4515 897 4586 ﬁnem
927 4515 1111 4572 habet.
1144 4516 1323 4588 Atque
1354 4518 1484 4590 quia
1516 4535 1582 4576 ex
1642 4519 1829 4576 divina
1869 4520 2069 4578 intelli-

2179 4520 2490 4592 γέγραπται
2510 4520 2598 4585 είς
2631 4516 2699 4573 τὸ
2726 4517 2922 4585 τέλος.
2947 4516 3058 4571 Καὶ
3072 4515 3167 4570 ἐπὶ
3192 4512 3380 4585 θεῖκῆς
3399 4511 3464 4585 δὴ
3497 4509 3764 4573 συνέσεως

485 4606 669 4679 gentia
704 4607 818 4663 haec
849 4609 905 4665 in
927 4608 1117 4675 futuro
1140 4617 1384 4681 tempore
1403 4620 1558 4684 gesta
1578 4620 1771 4684 putare
1797 4615 2075 4683 convenit,

486 4699 803 4756 necessario
817 4700 1026 4757 dictum
1045 4708 1152 4764 est,
1173 4702 1242 4759 ad
1256 4704 1600 4763 intellectum.
1624 4704 1732 4761 Pro
1750 4706 1844 4762 illo
1865 4714 2071 4771 autem,

483 4790 617 4861 ﬁliis
651 4789 805 4856 Core,
832 4790 1031 4864 Aquila
1071 4796 1276 4865 pariter
1301 4802 1357 4850 et
1391 4795 1755 4869 Symmachus
1781 4840 1797 4865 ,
1837 4799 2075 4869 ﬁliorum

484 4882 622 4941 Core
653 4887 997 4957 interpretati
1047 4897 1219 4956 sunt,
1263 4891 1529 4948 docentes
1570 4906 1761 4948 eorum
1793 4907 1919 4949 esse
1946 4909 2076 4965 pro-

485 4977 734 5050 phetias.
773 4981 869 5050 qui
908 4997 969 5037 se
1001 4979 1168 5038 Deum
1226 4983 1407 5055 ipsum
1440 4984 1615 5051 sitire,
1647 4992 1811 5058 atque
1838 5000 2028 5043 amore
2050 5025 2067 5051 ,

482 5070 759 5127 desiderio
787 5080 842 5127 et
895 5076 1342 5146 concupiscentia
1391 5077 1538 5133 illius
1598 5076 1844 5134 fontibus
1899 5079 2073 5134 teneri

485 5163 836 5228 fatebantur,
865 5166 933 5222 de
962 5182 1072 5238 quo
1102 5166 1312 5224 dictum
1344 5177 1429 5225 est
1449 5171 1495 5203 ’⁷
1521 5190 1535 5226 :
1566 5169 1838 5237 Quoniam
1860 5168 2001 5240 apud
2024 5179 2074 5226 te

483 5264 561 5311 est
590 5255 711 5326 fons
736 5257 876 5324 vitae,
908 5259 962 5312 in
1008 5258 1205 5315 lumine
1235 5269 1325 5315 tuo
1363 5259 1654 5317 videbimus
1685 5259 1882 5317 lumen.
1919 5258 2071 5327 Qua-

482 5355 708 5416 propter
734 5345 989 5402 dicebant
1020 5366 1034 5403 :

556 5434 726 5494 Vens.
756 5437 812 5503 2,
845 5439 898 5495 3.
945 5420 1401 5504 Quemadmodum
1448 5442 1716 5498 desiderat
1770 5459 1949 5499 cervus
1997 5443 2069 5500 ad

482 5526 655 5596 fontes
703 5544 1000 5600 aquarum,
1054 5532 1134 5585 ita
1163 5530 1431 5587 desiderat
1482 5532 1667 5586 anima
1715 5548 1834 5587 mea
1867 5530 1936 5587 ad
1978 5541 2063 5601 te,

484 5619 647 5677 Deus.
684 5620 987 5678 Cornutum
1021 5622 1223 5678 animal
1269 5632 1355 5681 est
1385 5638 1614 5691 cervus,
1645 5622 1743 5680 sed
1770 5624 1936 5680 etiam
1966 5640 2066 5699 pu~

556 5801 604 5832 “
640 5798 783 5857 Psal.
825 5817 954 5857 mu
978 5842 994 5868 ,
1032 5803 1223 5860 H-M.
1300 5804 1346 5836 ’⁷
1380 5801 1529 5861 I’sal.
1566 5818 1742 5875 xxxv,
1780 5803 1870 5861 10.

2178 4614 2259 4687 τῷ
2316 4614 2566 4686 μέλλοντι
2618 4610 2795 4667 ταῦτα
2845 4614 2985 4667 νοεῖν
3018 4609 3334 4679 ἀναγκαίως
3362 4606 3577 4683 εἴρηται
3595 4644 3611 4671 ,
3675 4607 3764 4669 εὶς

2178 4707 2459 4761 σύνεσιν.
2502 4706 2646 4759 Ἀντί
2673 4704 2730 4759 δὲ
2758 4703 2875 4768 τοῦ,
2903 4702 3027 4770 τοῖς
3060 4700 3213 4768 υἱοῖς
3241 4699 3426 4769 Κορὲ,
3458 4695 3764 4770 συμφώνως

2177 4796 2207 4850 ὀ
2256 4794 2488 4860 Ἀκύλας
2514 4794 2611 4849 καὶ
2636 4796 2666 4848 6
2687 4794 3006 4867 Σύμμαχος,
3039 4790 3159 4847 τῶν
3180 4789 3329 4845 υἱῶν
3367 4786 3516 4857 Κορὲ
3539 4827 3554 4851 ,
3581 4786 3765 4859 ἡρμή-

2178 4905 2399 4955 νευσαν,
2429 4888 2773 4954 διδάσκοντες
2804 4886 2984 4943 αὐτῶν
3016 4881 3155 4941 εἶναι
3187 4884 3287 4949 τὰς
3316 4881 3685 4956 προφητείας·
3711 4879 3764 4934 οἶ

2175 4982 2336 5054 διψῇν
2350 4980 2659 5053 ὡμολόγουν
2684 4980 2848 5036 αὐτὸν
2876 4980 2968 5035 τὸν
2993 4978 3149 5045 Θεὸν,
3173 4977 3335 5032 πόθον
3350 4993 3411 5031 τε
3432 4975 3529 5030 καὶ
3550 4975 3759 5046 ἵμερον,

2180 5075 2276 5130 καὶ
2307 5073 2602 5146 ἐπιθυμίαν
2634 5073 2779 5146 ἔχειν
2808 5074 2907 5145 τῆς
2938 5074 3068 5143 παρ’
3100 5069 3252 5142 αὐτῷ
3287 5069 3491 5142 πηγῆς,
3533 5068 3665 5137 περὶ
3692 5061 3762 5139 ἧς

2178 5165 2414 5238 εἴρηται·
2450 5167 2571 5219 Ὅτι
2610 5164 2772 5233 παρὰ
2819 5162 2921 5219 σοί
2969 5163 3133 5233 πηγὴ
3166 5160 3338 5232 ζωῆς,
3376 5161 3448 5215 ἐν
3479 5158 3562 5226 τῷ
3612 5159 3763 5230 φωτί

2178 5272 2295 5313 σου
2322 5257 2591 5327 ὀψόμεθα
2623 5255 2768 5326 φῶς.
2796 5256 2889 5310 Διὸ
2911 5254 3124 5325 ἔλεγον·

2253 5440 2363 5494 Ὃν
2404 5439 2630 5507 τρόπον
2689 5435 2964 5490 ἐπιποθεῖ
3003 5435 3232 5505 ἔλαφος
3270 5431 3370 5486 ἐπὶ
3408 5429 3517 5497 τὰς
3562 5426 3761 5499 πηγὰς

2176 5532 2295 5589 τῶν
2340 5529 2596 5595 ὑδάτων,
2634 5530 2822 5597 οὕτως
2866 5529 3141 5584 ἐπιποθεῖ
3170 5530 3209 5596 ἡ
3242 5524 3411 5596 ψυχή
3445 5542 3564 5595 μου
3611 5521 3762 5592 πρὸς

2177 5624 2275 5694 σὲ,
2349 5626 2384 5679 ό
2452 5624 2616 5689 Θεός.
2686 5621 3043 5694 Κερασφόρον
3103 5617 3241 5685 ζῶον
3282 5615 3579 5688 ήέλαφος·
3626 5611 3783 5717 ἀλλὰ,
