4122 6454
267 345 372 402 35:9

1407 343 1916 402 COMMENTAHIA
1953 343 2022 400 IN
2061 343 2404 402 PSALMOS.

3425 337 3554 406 στο-

265 467 360 518 καὶ
427 465 666 540 καθαρὸν
741 467 882 522 κατά
943 467 1036 522 τὸν
1109 467 1292 540 νόμον,
1357 469 1458 542 ἤδη
1485 469 1666 526 δὲκαὶ
1729 469 1847 538 ὀφι-

1951 483 2072 522 rum
2127 467 2430 524 secundum
2493 465 2706 538 legem,
2757 463 3102 536 serpentibus
3153 462 3523 526 mortiferum.

261 558 504 622 οκτόνον,
567 559 664 612 καὶ
709 561 928 614 πάντων
987 561 1234 632 ἑρπετῶν
1279 561 1644 633 ἀναιρετικὸν,
1714 560 1852 614 ἀλλά

261 651 358 704 καὶ
425 649 534 704 τῶν
607 649 708 716 τὰς
757 654 998 724 ἐρήμους
1075 651 1538 724 μεταδιωκόντων.
1599 653 1852 717 Τοιοῦτος

261 741 322 794 δὲ
377 737 448 813 ἦν
497 743 526 793 ὁ
569 743 908 814 προφητικὺς
957 743 1118 816 χορὸς
1141 785 1156 808 ,
1221 745 1522 817 φιλέρημος
1573 743 1670 796 καὶ
1715 745 1848 798 ἀνα-

263 833 618 906 κεχωρηκώς.
639 835 724 886 Ἐν
741 835 998 906 ἐρημίαις
1019 835 1152 904 γοῦν
1210 836 1304 892 καὶ
1349 835 1520 908 ὄρεσι,
1567 837 1662 890 καὶ
1707 853 1848 908 σπηι-

264 924 440 990 hinc;
471 927 804 998 πεποιῆσθαι
833 927 1080 996 λέγονται
1109 927 1206 992 τὰς
1225 929 1506 1002 διατριϐάς
1525 946 1538 960 ·
1571 929 1710 984 ἀλλὰ
1755 933 1850 986 καὶ

267 1019 452 1090 πάσης
473 1019 770 1091 ἐτύγχανον
789 1021 1172 1094 ἀντικειμένης
1197 1021 1498 1094 δυνάμεως,
1521 1023 1614 1076 καὶ
1647 1023 1848 1086 παντὸς

263 1113 358 1166 τοῦ
389 1113 530 1166 κατά
549 1113 786 1166 διάνοιαν
811 1115 1044 1184 ἑρπετοῦ
1073 1117 1426 1188 ἀναιρετικοὶ,
1466 1117 1544 1180 ὡς
1591 1115 1656 1172 ἂν
1699 1117 1850 1188 ἔχον-

265 1211 356 1266 τες
381 1205 474 1258 καὶ
499 1205 652 1258 αὐτοὶ
671 1207 864 1260 πατεῖν
891 1207 1076 1260 ὲπάνω
1106 1205 1282 1276 ὄφεων
1303 1208 1396 1261 καὶ
1431 1208 1728 1280 σκορπίων,
1755 1209 1848 1262 καὶ

263 1295 360 1348 ἐπὶ
381 1295 560 1348 πᾶσαν
587 1295 686 1368 τὴν
729 1295 956 1368 δύναμιν
993 1295 1088 1350 τοῦ
1137 1297 1356 1370 ἐχθροῦ.
1411 1299 1757 1372 Κερασφόροι
1791 1299 1848 1352 δὲ

265 1385 376 1455 ὐπῆ
387 1401 532 1454 ρχον,
555 1385 630 1448 ὡς
661 1383 840 1454 λέγειν
863 1385 1154 1440 δύνασθαι·
1189 1389 1284 1440 Ἐν
1305 1388 1402 1442 σοὶ
1435 1387 1578 1454 τοὺς
1597 1387 1848 1458 ἐχθροὺς

263 1475 438 1546 ἡμῶν
485 1477 892 1548 κερατιοῦμεν.
935 1479 1094 1534 Ἀλλᾶ
1127 1479 1220 1534 καὶ
1263 1479 1496 1550 καθαροὶ
1529 1479 1628 1552 τὴν
1669 1479 1849 1550 ψυχὴν

265 1569 588 1640 ἐτύγχανον,
623 1571 672 1624 εί
717 1569 810 1624 καί
857 1587 1000 1634 τινες
1029 1571 1212 1625 ἄλλοι·
1245 1571 1326 1625 διὸ
1363 1571 1549 1642 ἐλάφῳ
1577 1571 1850 1644 παρεϐάλ-

265 1663 434 1716 λοντο.
453 1661 604 1714 Ἐπεὶ
637 1663 732 1716 καὶ
763 1661 924 1727 αὐτὸς
945 1665 972 1716 ὁ
995 1661 1228 1734 νυμφίος
1251 1661 1558 1734 ὲνᾌσματι
1589 1661 1850 1734 ᾀσμάτων

263 1754 444 1826 νεϐρῷ
475 1755 658 1826 ἐλάφῳ
679 1756 1028 1826 ἀφωμοίωτο,
1061 1757 1154 1808 καὶ
1171 1757 1226 1808 ἐν
1258 1754 1338 1820 τῷ
1373 1753 1492 1808 Ἰὼϐ
1523 1755 1582 1808 δὲ
1609 1755 1844 1826 εἴρηται·

277 1847 620 1916 Ἐφύλαξας
646 1845 716 1901 δὲ
743 1847 948 1918 μῆνας
969 1849 1212 1918 ἐλάφων
1249 1847 1466 1916 ὼδῖνάς
1493 1865 1556 1902 τε
1579 1865 1592 1878 ⁸
1623 1848 1847 1914 αὐτοὺς
1879 1835 1920 1888 Β

261 1939 714 2006 ἐξαποστελεῒς.
747 1941 1016 2004 Τοιαύτας
1051 1941 1108 1994 δὲ
1136 1939 1362 2010 λογικὰς
1407 1941 1639 2010 ἐλάφους
1675 1941 1704 1994 ὁ
1734 1939 1846 1994 Κύ-

263 2049 382 2104 ριος
400 2031 820 2105 καταρτίζεσθαι
867 2033 1086 2102 λέγεται
1113 2035 1170 2088 ἐν
1199 2034 1288 2102 κη’
1311 2032 1532 2104 ψαλμῷ,
1557 2033 1840 2103 φάσκοντι·

263 2123 438 2192 Φωνὴ
463 2125 684 2192 Κιιρίου
705 2123 1166 2194 καταρτιζομένη
1195 2123 1486 2193 ἐλάφους.

335 2211 506 2272 Δῦται
535 2219 712 2272 τοίνυν
761 2221 818 2271 αἱ
859 2217 1068 2286 ἔλαφοι,
1111 2219 1210 2290 τῆς
1239 2217 1424 2290 πηγῆς
1465 2217 1846 2290 διαλειπούσης

261 2307 434 2373 αὐτὰς
451 2307 540 2362 διὰ
567 2309 668 2374 τὰς
697 2310 926 2380 ἀνομίας
959 2309 1053 2362 τοῦ
1079 2309 1208 2364 λαοῦ
1231 2351 1244 2374 ,
1284 2311 1376 2364 καὶ
1401 2311 1846 2384 ἀποστραφέντος

261 2401 356 2456 τοῦ
389 2401 546 2468 Θεοῦ,
569 2401 692 2456 καθ’
717 2401 918 2467 ἑαυτὰς
951 2403 1327 2470 ἀπεκλαῑοντο,
1360 2404 1456 2458 καὶ
1497 2407 1610 2470 τοῖς
1637 2405 1844 2460 ἑαυτῶν

261 2493 522 2566 δάκρυσιν
543 2495 781 2566 ἐχρῶντο
815 2497 1010 2568 τροφῇ,
1035 2495 1228 2560 νυκτὸς
1248 2497 1342 2550 καὶ
1385 2497 1600 2568 ἡμέρας
1617 2499 1716 2570 τὴν
1741 2499 1848 2552 ἁπ-

261 2585 460 2640 ὡ>,ειαν
487 2587 580 2640 τοῦ
623 2586 754 2642 λαοῦ
785 2585 1189 2660 ἀωθρηνοῦσαι
1209 2603 1223 2618 ·
1255 2587 1565 2659 ὡμολόγουν
1605 2605 1666 2642 τε
1685 2589 1844 2662 διψῇν

261 2677 324 2730 ού
353 2679 464 2742 τοῖς
493 2676 706 2748 σώμασι
731 2677 826 2732 καὶ
843 2681 962 2742 ταῖς
989 2677 1148 2750 σαρξὶ
1179 2677 1280 2742 τὰς
1315 2679 1490 2751 τούτῳ
1521 2679 1682 2750 φίλας
1719 2681 1844 2752 ἠδο-

261 2767 382 2832 νάς,
405 2767 520 2822 ἀλλ’
553 2767 692 2840 αὑτὴ
713 2769 908 2840 ἡψυχὴ
935 2769 1120 2824 ποθεῖν
1145 2770 1238 2823 καὶ
1259 2771 1570 2842 ἱμείρεσθαι
1593 2773 1734 2826 κατὰ
1753 2773 1844 2828 τὸν

261 2861 556 2933 Σύμμαχον
581 2861 692 2930 τῆς
727 2861 876 2930 πρὸς
911 2862 1018 2916 τὸν
1043 2861 1192 2916 Θεὸν
1219 2863 1482 2932 πορείας.
1511 2863 1604 2918 Διὸ
1624 2865 1808 2936 ελεγον
1825 2883 1840 2898 ο

263 2953 464 3018 Οὕτως
489 2951 766 3006 ἐπιποθεῖ
781 2953 820 3020 ἡ
845 2951 1018 3022 ψυχή
1035 2971 1156 3022 μου
1179 2955 1330 3022 πρὸς
1357 2953 1454 3020 σὲ,
1482 2958 1516 3010 ό
1544 2957 1690 3024 Θεός
1711 2975 1726 2988 ·
1751 2959 1846 3012 καὶ

265 3045 426 3100 πάλιν
443 3061 456 3076 ⁸
497 3045 828 3114 Ἐὃίψησεν
855 3047 892 3114 ἡ
919 3045 1092 3115 ψυχή
1116 3065 1236 3116 μου
1251 3047 1402 3114 πρὸς
1425 3047 1536 3102 τὸν
1563 3049 1716 3104 Θεὸν
1739 3049 1848 3104 τὸν

265 3135 520 3206 ισχῳὸν
561 3135 670 3191 τὸν
711 3135 912 3198 ζῶντα.
971 3139 1076 3208 Ζῇν
1119 3137 1226 3208 γὰρ
1251 3139 1340 3192 τὸν
1365 3139 1568 3212 Κύριον
1613 3141 1755 3196 κατά
1782 3143 1844 3196 τὸ

263 3229 588 3300 εἰρημέν⁰ν’
641 3230 692 3282 Ὁ
709 3231 898 3300 μένος
937 3229 1096 3298 ἔχων
1149 3231 1520 3286 ἀθανασίαν·
1565 3235 1658 3288 καὶ
1687 3235 1846 3306 μόνον

263 3317 410 3390 ζωὴν
429 3318 572 3388 ἔχειν
591 3319 720 3390 παρ’
743 3319 940 3390 ἑαυτῷ,
969 3318 1110 3380 κατὰ
1133 3321 1194 3372 τό
1207 3337 1220 3350 ·
1239 3322 1358 3374 Ὅτι
1377 3323 1538 3392 παρὰ
1563 3325 1662 3378 σοὶ
1683 3325 1846 3395 πηγὴ

263 3407 434 3478 ξ’ωῆς,
451 3411 668 3481 ᾔδεσαν.
693 3411 802 3464 Καὶ
821 3413 976 3466 τοῦτό
995 3431 1056 3481 γε
1071 3413 1130 3466 τὸ
1151 3412 1258 3478 ζῶν
1287 3413 1450 3486 ὕδωρ,
1477 3415 1700 3492 ὕστερόν
1717 3435 1846 3472 ποτε

265 3505 534 3556 ἐπιστᾶσα
575 3503 652 3574 (l)
681 3504 820 3558 κατὰ
867 3505 966 3568 τὰς
985 3505 1090 3558 τῶν
1115 3507 1412 3577 προφητῶν
1433 3509 1650 3582 εὐχὰςή
1673 3511 1844 3582 πηγὴ,

268 3595 428 3657 αὐτὸς
451 3595 480 3646 ὁ
509 3595 698 3666 Σωτὴρ
732 3597 994 3668 παρέχειν
1035 3597 1346 3670 ἀνθρώποις
1387 3601 1696 3664 ἐδίδασκεν,
1743 3597 1846 3656 ὧδέ

267 3699 346 3752 πη
373 3681 544 3752 λέγων
563 3702 576 3714 ·
607 3687 710 3752 Ὃς
731 3685 808 3738 ἂν
835 3687 946 3754 πίῃ
967 3687 1036 3740 ἐκ
1065 3685 1172 3742 τοῦ
1199 3687 1416 3756 ὕδατὸς
1437 3685 1510 3745 οὗ
1535 3689 1652 3762 ἐγὼ
1675 3691 1848 3746 δώσω

265 3773 428 3840 αὐτῷ
453 3816 468 3838 ,
513 3775 828 3846 γενήσεται
879 3777 950 3830 ἐν
993 3776 1154 3844 αὐτῴ
1185 3777 1348 3848 πηγὴ
1379 3777 1598 3846 ὕδατος
1631 3779 1848 3850 ζῶντος

265 3863 602 3934 ἁλλομένου
655 3869 744 3934 εὶς
771 3863 924 3936 ζωὴν
967 3865 1224 3922 αἰώνιον.
1271 3869 1382 3928 Καὶ
1425 3869 1586 3924 πάλιν
1605 3887 1618 3900 ·
1663 3873 1736 3924 Εἴ
1759 3889 1848 3940 τις

267 3959 416 4028 διψᾷ
441 3961 702 4028 ἐρχέσθω
731 3961 884 4030 πρὸς
917 3963 1016 4031 μὲ,
1051 3961 1148 4016 καὶ
1175 3961 1414 4018 πινέτω.
1453 3965 1506 4016 '0
1545 3967 1848 4020 πιστεύων

267 4057 352 4122 εἰς
379 4055 506 4124 ἐμὲ,
537 4053 730 4120 καθὼς
761 4051 934 4108 εἶπεν
959 4055 999 4122 ἡ
1051 4057 1101 4108 Γ
1093 4057 1284 4125 passi},
1319 4059 1572 4127 ποταμοὶ
1625 4059 1692 4112 ἐκ
1739 4057 1846 4128 τῆς

265 4145 498 4210 κοιλίας
537 4143 726 4198 αὑτοῦ
749 4145 1090 4211 ῥεύσουσιν
1127 4145 1350 4212 ὕδατος
1375 4143 1610 4212 ζῶντος.
1641 4147 1844 4200 Τούτου

263 4237 328 4308 δὴ
351 4233 442 4292 οὖν
459 4237 554 4290 τοῦ
581 4237 826 4308 πόματος
851 4239 880 4292 ὁ
901 4237 1238 4309 προφητικὸς
1257 4239 1418 4311 χορὸς
1437 4239 1606 4308 διψῶν
1627 4239 1810 4309 ἔλεγεν
1827 4257 1840 4272 ο

277 4329 598 4398 Ἐδίιεησεν
623 4331 662 4398 ἡ
687 4329 858 4398 ψυχή
887 4347 1008 4398 μου
1033 4331 1186 4398 πρὸς
1209 4330 1318 4384 τὸν
1345 4331 1496 4384 Θεὸν
1527 4333 1634 4384 τὸν
1665 4334 1842 4402 ἰσχυ-

257 4421 374 4492 ρὸν
407 4421 516 4474 τὸν
539 4419 744 4486 ζῶντα,
779 4424 892 4488 καὶ,
919 4423 1070 4476 Πότε
1097 4405 1244 4488 ἥξω,
1273 4423 1370 4476 καὶ
1393 4423 1732 4494 ὀφθήσομαι
1763 4424 1846 4490 τῷ

263 4515 562 4584 προσώπῳ
595 4515 702 4570 τοῦ
737 4515 920 4576 Θεοῦ;
955 4515 1220 4587 Ὀρῶντες
1247 4515 1356 4586 γὰρ
1373 4519 1598 4580 ἑαυτοὺς
1627 4517 1846 4590 μακρὰν

265 4607 604 4680 ὑπάρχοντας
623 4609 722 4678 τῆς
741 4607 1034 4678 πρόσωπον
1075 4607 1212 4680 πρὸς
1249 4609 1540 4680 πρόσωπον
1583 4607 1710 4674 θέας
1751 4609 1844 4662 τοῦ

271 4699 420 4764 θεοῦ,
445 4699 620 4754 ταῦτα
663 4700 870 4770 ἔλεγον.
927 4699 1090 4753 Ἀλλὰ
1127 4702 1222 4754 καὶ
1267 4701 1680 4772 συναισθόμενοι
1703 4743 1720 4767 ,
1769 4701 1846 4766 ὡς

267 4791 612 4862 ἀπέστραπτο
645 4790 738 4844 τὸν
775 4789 900 4844 λαὸν
925 4789 984 4844 τὸ
1011 4789 1104 4842 τοῦ
1135 4789 1270 4844 Θεοῦ
1313 4789 1636 4862 πρόσωπον,
1665 4789 1844 4844 οὐκέτ’

265 4885 460 4948 αὐτοὺς
505 4885 796 4938 ἐπισκοπεί
819 4887 852 4955 ή
879 4883 1108 4938 πάντοτε
1159 4883 1416 4954 πρόνοιαν
1443 4881 1622 4937 αὐτῶν
1661 4899 1844 4936 ποιου-

267 4977 402 5048 μένη
425 4975 672 5046 δύναμις,
693 4975 1034 5048 ἀπεθρήνουν
1057 4975 1156 5046 μὲν
1175 4975 1274 5046 τὴν
1295 4975 1389 5028 ἐπὶ
1407 4975 1512 5046 γῆς
1535 4973 1840 5046 διατριϐὴν,

261 5069 426 5138 εὐχὴν
445 5068 490 5120 δ’
519 5067 756 5122 ἐτίθεντο
775 5069 1122 5140 παραστῆναι
1147 5085 1278 5122 ποτε
1311 5067 1392 5140 τῷ
1435 5067 1710 5140 προσώπῳ
1747 5067 1842 5121 τοῦ

261 5157 392 5210 θεοῦ
413 5175 426 5188 ο
485 5157 566 5211 διὸ
613 5159 824 5228 ἔλεγον·
853 5160 1009 5214 Πότε
1053 5159 1198 5226 ἥξω,
1229 5159 1328 5214 καὶ
1381 5159 1722 5230 ὀφθήσομαι
1761 5155 1844 5222 τῷ

253 5248 558 5316 ,προσώπῳ
583 5251 692 5306 τοῦ
723 5252 906 5316 θεοῦ;
935 5251 1144 5322 Πολλῆς
1163 5253 1224 5302 δὲ
1241 5253 1506 5324 γέμοντες
1529 5251 1842 5324 παρρησίας

261 5347 358 5398 καὶ
383 5348 736 5420 συνειδήσεως
773 5347 984 5418 ἀγαθῆς
1017 5345 1292 5410 τοιαύταις
1331 5345 1570 5418 ἐχρῶντο
1611 5347 1838 5415 φωναῖς.

275 5437 362 5502 Ὠς
383 5437 494 5510 γὰρ
515 5439 624 5494 ὅλοι
647 5440 822 5494 διόλου
863 5439 962 5504 τὰς
987 5437 1164 5510 ψυχας
1185 5439 1358 5508 ὑγιεῖς
1379 5439 1472 5494 καὶ
1503 5435 1844 5508 παντὸς-μώ-

335 5595 380 5628 ²⁸
419 5595 564 5651 Psal.
597 5613 730 5652 xuii
793 5597 846 5650 6.
921 5599 966 5632 ²⁹
1005 5595 1164 5654 Cant.
1201 5613 1272 5660 ιι,
1303 5597 1358 5660 9,
1391 5597 1480 5654 l7.
1557 5597 1602 5629 ³⁸
1649 5595 1742 5653 Iob
1775 5599 1974 5664 xxxrx',
2015 5599 2064 5654 1.

271 5669 538 5736 ιιιιτίο.
599 5667 1008 5734 "Joan.tv,l5,
1047 5669 1128 5722 14.
1205 5669 1248 5702 ³⁸
1285 5667 1442 5724 Joau.
1479 5669 1688 5736 “1,57,
1721 5669 1792 5726 58
1827 5711 1842 5724 .

333 5809 410 5876 (Ι)
445 5805 606 5868 Forte
637 5807 992 5876 ὲπιστάξασα.

1952 559 2212 630 omnique
2245 559 2428 630 reptili
2461 557 2780 622 exitiosum,
2811 567 2978 628 atque
3013 571 3080 612 ex
3115 569 3306 612 eorum
3333 567 3522 626 genere

1949 663 2072 720 quae
2105 649 2430 706 solitudines
2465 649 2816 720 frequentare
2843 650 3042 704 solent.
3077 647 3228 704 Talis
3257 657 3376 704 erat
3405 663 3526 718 pru-

1951 741 2202 812 pheticus
2231 741 2458 806 chorus,
2493 755 2688 800 amans
2747 741 3062 798 solitudinis
3127 755 3190 796 ac
3253 751 3528 796 secessus.
3627 795 3632 804 ,

1949 835 2008 890 ln
2037 835 2272 892 desertis
2307 837 2492 908 itaque
2516 877 2532 902 ,
2591 838 2872 894 montibus
2921 845 2978 892 et
3027 833 3300 906 specubus
3331 829 3532 888 versati

1947 941 2076 982 esse
2135 927 2426 994 feruntur;
2469 929 2582 984 imo
2629 931 2794 985 etiam
2851 927 3000 984 omni
3055 925 3384 982 adversariae
3435 938 3538 994 pe-

1953 1019 2158 1084 testati,
2197 1019 2456 1090 omnique
2487 1021 2762 1094 spirituali
2795 1021 2974 1092 reptili
3011 1019 3228 1076 exitiosi
3251 1024 3430 1082 erant,
3453 1023 3538 1070 ut-

1951 1119 2080 1182 pote
2109 1111 2200 1182 qui
2235 1119 2566 1184 polestatem
2607 1123 2664 1170 et
2713 1113 2812 1184 ipsi
2845 1112 3110 1168 baberent
3143 1109 3388 1166 caleandi
3417 1123 3530 1166 ser-

1949 1211 2140 1274 pentes
2197 1213 2254 1260 et
2307 1205 2662 1276 scorpiones,
2733 1215 2788 1260 et
2839 1219 3056 1260 onmem
3117 1203 3372 1258 virtutem
3429 1203 3536 1260 ini-

1953 1295 2080 1350 mici
2121 1317 2134 1350 :
2195 1299 2412 1354 cornuti
2463 1313 2682 1370 quoque
2711 1307 2898 1362 erant,
2929 1307 2990 1352 ut
3037 1297 3218 1354 dicere
3263 1307 3532 1368 possent:

1953 1387 2024 1442 In
2056 1399 2102 1444 te
2133 1391 2376 1446 inimicos
2411 1401 2620 1446 nostros
2673 1389 3042 1446 eentilabimus
3095 1405 3258 1446 cornu
3303 1389 3372 1442 ³⁸.
3423 1387 3538 1444 lmo

1949 1480 2114 1534 etiam
2169 1481 2290 1552 puri
2351 1483 2536 1536 animo
2567 1491 2832 1554 quantum
2875 1479 3117 1552 quipiam
3161 1479 3282 1548 alii;
3341 1491 3538 1548 quam-

1949 1573 2138 1628 obrem
2195 1589 2357 1628 cervo
2423 1576 2914 1646 comparabantur.
2967 1571 3248 1644 Siquidem
3309 1579 3364 1626 et
3419 1569 3538 1640 ipse

1951 1679 2192 1734 sponsus
2217 1665 2270 1720 in
2303 1665 2532 1720 Cantica
2561 1667 2908 1720 canticorum
2947 1663 3176 1720 hinnulo
3205 1677 3366 1718 cervo
3387 1675 3538 1716 com-

1953 1767 2178 1826 paratur
2215 1759 2282 1812 ”.
2323 1759 2384 1812 ln
2431 1759 2570 1814 libro
2599 1757 2702 1814 Job
2731 1773 2950 1830 quoque
2981 1757 3186 1814 dicitur
3219 1773 3232 1810 :
3273 1753 3542 1810 Observa-

1949 1847 2018 1900 sti
2061 1863 2261 1904 menses
2308 1865 2614 1914 cervorum,
2665 1861 2714 1906 et
2743 1859 2928 1922 partus
2951 1865 2972 1904 :
3001 1851 3142 1920 ipsos
3195 1845 3430 1902 dimittes
3467 1845 3538 1902 ⁸⁰.

1951 1937 2280 2009 llujusmodi
2337 1943 2694 2000 rationabiles
2745 1959 2940 2000 cervos
2991 1955 3300 2014 praeparare
3349 1937 3538 1994 Domi-

1947 2047 2052 2088 nus
2077 2031 2282 2088 dieilur
2315 2033 2370 2088 in
2401 2033 2664 2090 vicesimo
2679 2043 2874 2090 octavo
2905 2033 3140 2104 psalmo,
3183 2031 3264 2088 sic
3293 2031 3532 2088 ferente:

1959 2123 2072 2176 Vua:
2095 2123 2312 2178 Domini
2339 2141 2652 2194 pra-parans
2690 2141 2868 2180 cervos
2897 2127 2966 2180 ".

2030 2212 2096 2268 Hi
2131 2215 2316 2286 itaque
2345 2217 2514 2280 cervi,
2545 2217 2692 2272 fonte
2721 2223 2944 2288 prepter
2989 2213 3312 2286 iniquitates
3351 2211 3538 2284 pepuli

1947 2313 2002 2362 et
2031 2309 2376 2365 eversionem
2417 2309 2514 2366 Dei
2537 2309 2844 2374 deficiente,
2879 2307 3024 2380 apud
3057 2309 3268 2380 seipsos
3297 2305 3534 2374 ﬂebant,

1947 2405 2004 2454 et
2035 2399 2296 2472 lacrymis
2327 2403 2445 2458 suis
2483 2418 2584 2474 pro
2631 2403 2756 2458 cibo
2787 2401 2894 2462 usi.
2927 2408 3088 2458 nocte
3127 2399 3324 2472 dieque
3351 2399 3544 2470 perni-

1947 2491 2084 2546 ciem
2115 2493 2298 2564 populi
2347 2493 2610 2566 lugebant
2639 2537 2656 2564 ,
2713 2509 2778 2550 ac
2805 2493 3212 2550 confitebantur
3263 2509 3322 2550 se
3347 2494 3536 2560 sitire,

1947 2601 2056 2640 non
2081 2601 2308 2656 corpore
2335 2585 2554 2658 quidem
2587 2595 2642 2642 et
2667 2603 2856 2652 carne,
2897 2587 3206 2658 voluptates
3239 2585 3376 2658 ipsis
3405 2601 3542 2642 eon-

1947 2683 2240 2746 gruentes;
2277 2677 2370 2732 sed
2405 2677 2524 2748 ipsa
2559 2679 2744 2734 anima
2771 2677 3076 2734 secundum
3113 2675 3536 2750 Symmachum,

1947 2783 2254 2838 progressus
2285 2769 2354 2822 ad
2385 2769 2556 2824 Deum
2579 2769 2856 2826 desiderio
2879 2783 2944 2824 ac
2975 2767 3232 2840 cupidine
3257 2771 3430 2824 teneri
3455 2769 3542 2826 di-

1949 2857 2111 2912 citur.
2143 2855 2326 2924 Quare
2359 2859 2654 2918 dicebant.
2701 2861 2780 2914 ita
2811 2857 3084 2914 desiderat
3106 2859 3288 2914 anima
3315 2875 3432 2914 mea
3469 2861 3540 2912 ad

1951 2957 2018 3014 te,
2051 2947 2224 3014 Deus;
2273 2965 2336 3006 ac
2389 2947 3032 3010 riu-smn:Sitivitanima
3097 2967 3216 3006 mea
3263 2949 3334 3004 ad
3369 2949 3546 3006 Deum

1949 3039 2144 3110 fortem
2195 3044 2390 3098 rivum.
2427 3041 2626 3098 Vivere
2673 3041 2876 3114 quippe
2933 3041 3222 3098 Dominum
3275 3053 3542 3098 noverant

1949 3133 2248 3188 secundum
2285 3132 2458 3188 illud:
2491 3131 2650 3190 Solus
2669 3133 2864 3190 habens
2893 3133 3350 3188 immortalitatem
3377 3135 3452 3200 ",'
3473 3151 3538 3192 ac

1951 3225 2128 3280 soium
2193 3241 2360 3296 penes
2415 3241 2476 3282 se
2525 3227 2694 3282 vitam
2750 3227 2952 3282 habere
3005 3225 3310 3282 secundum
3361 3227 3534 3282 illud:

1951 3315 2216 3381 Quoniam
2241 3316 2382 3386 apud
2403 3327 2450 3372 te
2471 3327 2548 3374 est
2571 3317 2692 3388 fons
2713 3319 2834 3376 vita:
2857 3318 2924 3372 ³³.
2949 3320 3128 3391 Atque
3153 3319 3268 3374 haec
3297 3327 3380 3374 est
3399 3335 3540 3390 aqua

1949 3409 2092 3466 viva.
2145 3409 2498 3466 Postmodum
2529 3421 2714 3466 autem
2749 3409 2874 3466 fons
2909 3413 2999 3468 ille
3027 3427 3128 3484 pro
3161 3414 3306 3468 votis
3331 3427 3394 3468 ac
3419 3429 3546 3484 pre-

1949 3503 2106 3559 cibus
2139 3504 2528 3576 pmpbetarum
2569 3507 2884 3562 emanavit:
2923 3505 3040 3574 ipse
3069 3521 3308 3578 namque
3341 3505 3540 3562 Serva-

1949 3603 2036 3649 tur
2069 3595 2382 3650 hominibus
2413 3611 2474 3651 se
2507 3595 2862 3666 praebiturum
2895 3609 3022 3650 esse
3068 3595 3260 3650 docuit
3295 3595 3380 3650 bis
3413 3611 3540 3652 ver-

1947 3685 2030 3740 bis
2059 3705 2072 3740 ι
2110 3685 2216 3752 Qui
2247 3685 2432 3740 biberit
2461 3701 2528 3741 ea:
2557 3703 2696 3756 aqua
2725 3703 2887 3758 quam
2933 3701 3024 3756 ego
3079 3685 3216 3740 dabo
3245 3687 3316 3750 ei,
3349 3687 3436 3756 ﬁet
3484 3687 3542 3738 in

1947 3795 2006 3834 eo
2037 3779 2156 3850 fons
2188 3795 2340 3849 aquae
2373 3779 2502 3833 vita:
2557 3779 2798 3832 salientis
2851 3777 2904 3831 in
2961 3777 3126 3830 vitam
3165 3785 3418 3832 aeternam
3459 3775 3540 3844 ἰς

1947 3879 2002 3926 et
2029 3887 2248 3926 rursum
2275 3889 2288 3926 :
2327 3871 2388 3926 Si
2413 3871 2529 3942 quis
2555 3871 2692 3934 sitit,
2733 3871 2908 3924 veniat
2941 3869 3010 3924 ad
3045 3885 3124 3924 me
3148 3877 3196 3924 et
3225 3867 3388 3921 bibat.
3435 3865 3544 3930 Qui

1947 3963 2110 4018 credit
2131 3965 2186 4018 in
2209 3981 2310 4030 me,
2347 3965 2486 4020 sicut
2509 3963 2646 4017 dixit
2677 3961 2984 4032 Scriptura,
3011 3963 3236 4032 ﬂumina
3269 3963 3334 4014 de
3369 3969 3544 4014 centre

1947 4058 2060 4126 ejus
2089 4059 2254 4128 ﬂuent
2287 4075 2438 4130 aqua:
2467 4059 2592 4112 victe
2623 4055 2692 4114 ³⁸.
2719 4055 3082 4128 PrOpheticus
3113 4055 3300 4124 itaque
3337 4055 3544 4108 chorus

1949 4151 2052 4206 hoc
2081 4153 2322 4222 potionis
2355 4167 2526 4224 genus
2575 4151 2770 4206 sitiens
2823 4151 3077 4216 dicebat,
3139 4149 3302 4204 sitivit
3355 4149 3540 4202 anima

1947 4259 2060 4296 mea
2087 4241 2158 4296 ad
2199 4243 2364 4298 Deum
2395 4243 2586 4315 fortem
2619 4243 2786 4296 uirum
2813 4257 2832 4306 ;
2865 4249 2938 4308 et,
2969 4241 3180 4310 quando
3233 4239 3438 4294 ueniam
3485 4247 3540 4294 et

1947 4335 2206 4404 apparebo
2231 4345 2352 4390 ante
2379 4336 2568 4406 faciem
2607 4335 2750 4390 Dei?
2773 4333 2910 4388 Cum
2951 4349 3010 4388 se
3057 4347 3294 4402 namque
3327 4346 3358 4385 a
3405 4345 3540 4386 con-

1947 4429 2298 4500 templatione
2329 4429 2420 4482 illa
2451 4429 2544 4484 Dei
2591 4427 2730 4484 facie
2759 4427 2826 4482 ad
2857 4425 3054 4482 faciem
3101 4425 3292 4496 procul
3327 4426 3542 4496 positos

1949 4531 2260 4589 cernerent,
2297 4523 2412 4576 lucc
2457 4521 2826 4592 proferebant.
2865 4519 2972 4574 Sed
3005 4519 3166 4574 etiam
3197 4519 3544 4576 advertentes

1951 4627 2202 4668 aversum
2241 4629 2364 4668 esse
2399 4613 2492 4668 Dei
2521 4613 2732 4666 vultum
2763 4625 2794 4666 a
2837 4609 3062 4680 populo,
3097 4623 3276 4678 neque
3301 4609 3538 4666 ulterius

1949 4705 2098 4760 illam
2151 4705 2506 4776 providentiae
2547 4705 2658 4759 vim
2713 4703 2818 4774 ipsi
2871 4703 3226 4776 prospicere.
3281 4701 3542 4772 lugebant

1949 4811 2082 4852 sane
2115 4795 2184 4853 de
2235 4813 2334 4852 sua
2381 4799 2436 4852 in
2495 4797 2656 4852 terris
2713 4795 3190 4860 commoratione,
3241 4809 3542 4866 precesque

1947 4885 2246 4944 fundebant
2315 4897 2376 4944 ut
2433 4887 2732 4959 aliquando
2787 4887 2962 4940 vultui
3021 4887 3114 4944 Dei
3173 4885 3536 4942 sisterentur:

1929 4973 2304 5052 quamobrem
2335 4981 2594 5038 dicebant
2625 5001 2638 5038 :
2677 4981 2906 5050 Quando
2953 4983 3154 5037 veniam
3203 4988 3254 5034 et
3283 4977 3542 5046 apparebo

1951 5081 2072 5126 ante
2115 5071 2308 5142 faciem
2341 5071 2480 5128 Dei?
2507 5075 2646 5130 Cum
2673 5083 2852 5130 autem
2889 5073 3086 5128 fiducia
3119 5079 3172 5126 et
3201 5069 3544 5126 conscientia

1951 5161 2094 5216 bona
2133 5163 2276 5232 pleni
2305 5171 2528 5230 essent,
2567 5163 2880 5234 bujusmodi
2937 5163 3166 5218 vocibus
3223 5161 3542 5216 utebantur.

1949 5253 2086 5310 Nam
2119 5263 2308 5327 utpote
2367 5257 2550 5312 anima
2611 5273 2838 5328 prorsus
2895 5271 3028 5312 sana
3089 5255 3338 5326 praediti,
3379 5265 3548 5326 atque

1949 5349 2098 5404 omni
2165 5351 2346 5420 culpa,
2375 5349 2498 5404 labe
2543 5365 2608 5404 ac
2653 5349 2900 5408 fmditate
2937 5349 3152 5418 purgati
3185 5387 3200 5412 ,
3239 5349 3414 5402 vultui
3453 5347 3544 5400 1)(ιὶ

1949 5443 2070 5498 sisti
2101 5441 2390 5514 rogabant.
2427 5443 2688 5500 Pcccatur
2723 5459 2854 5498 vero
2875 5443 3038 5498 talem
3069 5441 3278 5496 vultum
3323 5439 3544 5510 refugit,

2145 5597 2344 5656 “Psal.
2383 5601 2642 5668 xxvui.,9.
2719 5599 2762 5632 ³²
2803 5597 2824 5654 1
2857 5597 3002 5654 Tim.
3035 5613 3110 5664 vi,
3147 5595 3232 5652 16.
3311 5593 3356 5626 ³³
3393 5593 3542 5650 Psal.
