4122 6454
515 361 615 417 371
1180 362 1451 421 EUSEBII
1490 361 1964 421 CESARIENSIS
1997 361 2152 421 OPP.
2192 361 2379 420 PARS
2409 362 2498 421 Ill.
2538 395 2611 406 —
2645 364 3058 423 EXEGETICA.
3697 365 3806 422 372

517 497 584 536 ac
625 481 877 540 oratione
906 490 962 540 et
1007 483 1408 555 supplicatione
1459 499 1562 540 sua
1616 483 1811 540 abnuit
1865 484 2103 541 dicens:

2235 502 2320 538 ιου
2344 486 2440 539 καὶ
2470 485 2681 551 σπίλου,
2701 487 2797 541 uel.
2820 486 3096 558 μολυσμοῦ
3123 487 3542 558 κεκαθαρμένοι,
3572 487 3809 557 ὀφθῆναι

520 577 714 631 Averte
739 576 929 646 faciem
958 585 1106 631 tuam
1129 594 1163 631 a
1185 577 1413 648 peccatis
1444 579 1572 632 meis
1595 577 1660 632 ³⁸.

2235 577 2407 646 ήξίουν
2432 577 2512 648 τῷ
2538 577 2817 650 προσώπῳ
2836 578 2932 632 τοῦ
2945 569 3110 633 Θεοῦ.
3144 579 3202 632 '0
3224 579 3282 632 δὲ
3307 578 3634 650 ἁμαρτάνων
3671 579 3809 648 φεύ-

521 683 610 734 γει
633 667 698 721 τὸ
722 668 1036 740 πρόσωπον,
1063 669 1155 723 καὶ
1175 671 1522 740 παραιτεῖται
1546 669 1612 724 δι’
1650 670 1817 742 εὐχῆς
1857 671 1952 724 καὶ
1990 669 2275 742 ἱκετηρίας
2300 670 2473 740 λέγων
2490 690 2502 701 ο
2539 671 2944 740 Ἀπόστρεψον
2959 672 3024 725 τὸ
3050 671 3375 740 πρόσωπόν
3400 689 3516 726 σου
3537 669 3656 726 ἀπὸ
3686 670 3812 724 τῶν

522 758 827 828 ἁμαρτιῶν
849 778 990 832 μου.
2488 835 2490 837 γ

597 853 736 909 Cum
789 863 1007 912 terrena
1058 857 1243 912 omnia
1277 865 1662 924 aversaretur,
1713 859 1783 914 ab
1833 857 2115 913 humanis-

2295 856 2482 911 Πάντα
2536 855 2602 910 τά
2661 857 2754 910 ἐπὶ
2786 857 2891 928 γῆς
2930 856 3424 928 ἀποστρεφόμενος,
3476 861 3573 915 καὶ
3626 863 3810 918 πᾶσαν

529 962 635 1016 que
663 948 920 1005 omnibus
969 949 1348 1020 voluptatibus
1403 950 1766 1016 abhorreret,
1820 952 1940 1008 solo
1976 965 2114 1022 pane

2235 947 2436 1020 τρυφὴν
2478 947 2578 1020 τὴν
2626 949 2684 1001 ἐν
2737 947 3044 1021 ἀνθρώποις
3076 947 3520 1020 βδελυττόμενος,
3565 954 3713 1026 μόνῳ
3749 956 3811 1008 δὲ

527 1056 628 1110 pro
662 1041 1008 1110 necessitate,
1041 1058 1218 1114 eoque
1239 1043 1498 1118 lacrymis
1531 1044 1770 1100 admisto
1795 1052 1992 1110 utens,
2037 1043 2114 1097 ita

2235 1041 2372 1113 ἱρτῳ
2405 1040 2719 1110 ἐπάναγκες
2739 1042 3041 1114 χρώμενος,
3065 1041 3159 1096 καὶ
3175 1040 3346 1112 τούτῳ
3372 1043 3510 1114 μετά
3532 1045 3807 1119 δακρύων,

529 1134 677 1190 fatur
711 1156 725 1191 :

603 1225 769 1282 Vens.
803 1227 921 1286 4-8.
963 1227 1202 1284 Fuerunt
1228 1229 1358 1284 mihi
1387 1229 1639 1300 lacryma:
1663 1244 1794 1284 mete
1838 1245 2000 1299 panes
2033 1226 2118 1283 die

2221 1131 2367 1183 ἐοεῖ’

2289 1147 2367 1183 ει·

2254 1147 2588 1294 ρἙγενήθη
2643 1223 2716 1278 τὰ
2767 1224 3003 1292 δάκρυά
3051 1244 3177 1296 μου
3222 1225 3403 1296 ἄρτος
3431 1244 3530 1296 μοι
3575 1226 3808 1296 ἡμέρας

528 1339 592 1376 ac
618 1316 784 1376 nocte.
820 1319 1182 1393 Propheticus
1210 1334 1394 1380 autem
1444 1323 1686 1386 chorus,
1738 1337 1866 1377 cum
1905 1321 2118 1375 vultum

2235 1320 2324 1370 καὶ
2357 1317 2599 1384 νυκτός.
2649 1317 2706 1371 '0
2738 1317 2794 1370 δὲ
2822 1317 2930 1371 τῶν
2961 1318 3254 1391 προφητῶν
3288 1317 3466 1390 χορὸς,
3503 1319 3623 1371 ἐπεὶ
3657 1320 3807 1392 ἐώρα

529 1412 628 1469 Dei
660 1422 913 1469 cerneret
960 1414 1031 1471 ab
1075 1416 1335 1471 universo
1365 1415 1568 1486 populo
1609 1426 1886 1480 aversum,
1920 1412 2128 1468 multo-

529 1522 760 1579 rumque
787 1507 1109 1578 perniciem,
1141 1524 1299 1565 suam
1323 1524 1450 1564 esse
1494 1495 1864 1564 calamitatem
1917 1515 2074 1560 ratus
2104 1545 2121 1569 ,

532 1604 738 1657 luctum
762 1616 864 1670 pro
889 1601 1147 1658 omnibus
1184 1601 1555 1672 suscipiebat:
1593 1611 1758 1671 atque
1813 1599 1891 1654 illi
1934 1598 2115 1653 homi-

531 1707 631 1746 nes
670 1691 767 1746 Dei
805 1692 862 1746 in
909 1698 1125 1746 tantum
1185 1691 1495 1749 alﬂictionis
1548 1693 1830 1747 cumulum
1889 1691 2124 1746 devene-

2225 1408 2288 1462 τὸ
2332 1409 2625 1481 πρόσωπον
2657 1409 2750 1463 τοῦ
2780 1409 2914 1463 Θεοῦ
2942 1411 3292 1481 ἀπο-τραφὲν
3320 1411 3499 1464 πάντα
3531 1411 3620 1464 τὸν
3650 1411 3808 1475 λαὸν,

2228 1500 2325 1574 τὴν
2357 1502 2465 1556 τῶν
2496 1501 2704 1556 πολλῶν
2731 1501 3005 1556 ἀπώλειαν
3030 1502 3224 1557 ἐαυτοῦ
3250 1499 3390 1558 εἶναι
3421 1503 3622 1575 ζημίαν
3641 1503 3776 1575 ήγού
3793 1533 3812 1546 -

2231 1612 2412 1666 μενος,
2439 1596 2566 1658 τοὺς
2597 1595 2739 1667 ὑπὲρ
2771 1595 3026 1648 ἁπάντων
3081 1595 3363 1666 ἀνεδέχετο
3414 1596 3642 1669 θρήνους
3663 1613 3677 1626 ³
3731 1599 3814 1660 είς

2229 1682 2483 1738 τοσοῦτον
2525 1683 2580 1736 δὲ
2610 1683 2885 1737 ἐπέτεινον
2926 1683 3023 1756 τὴν
3057 1685 3430 1740 κακοπάθειαν
3471 1689 3521 1740 οἱ
3550 1686 3644 1740 τοῦ
3672 1687 3813 1740 Θεοῦ

530 1790 684 1849 runt,
708 1791 769 1838 ut
801 1767 1040 1854 propriis
1071 1783 1334 1855 lacrymis
1389 1785 1687 1848 alerentur,
1717 1798 1781 1839 ac
1807 1784 1898 1840 die
1928 1794 2126 1840 noctu-

2235 1776 2530 1849 ἄνθρωποι,
2569 1777 2646 1840 ὼς
2676 1779 2788 1840 τοῖς
2821 1777 3081 1846 δάκρυσιν
3141 1780 3349 1834 ἑαυτῶν
3391 1780 3686 1852 τρέφεσθαι
3717 1781 3818 1834 καὶ

533 1891 662 1945 que,
691 1876 775 1930 vel
805 1875 985 1946 ipsum
1025 1890 1224 1945 panem
1259 1891 1478 1934 sumere
1527 1878 1869 1945 abnuentes,
1908 1879 2002 1933 uni
2030 1877 2126 1934 ﬂe-

533 1968 609 2022 tui
663 1974 939 2023 vacarent.
999 1964 1127 2022 Haec
1183 1983 1350 2039 porro
1393 1978 1507 2022 tum
1555 1969 1794 2024 maxime
1853 1971 2124 2041 agebant,

532 2059 758 2129 haecque
807 2058 1177 2129 patiebantur,
1208 2075 1333 2115 cum
1386 2060 1683 2130 populum,
1727 2076 1792 2116 ac
1821 2061 2126 2131 praesertim

532 2155 730 2225 impios
759 2169 884 2209 cum
923 2153 1018 2208 illo
1044 2162 1356 2217 versantes,
1391 2153 1506 2208 haec
1536 2153 1786 2209 dicentes
1826 2151 2081 2208 audirent
2109 2175 2122 2208 :

537 2245 638 2304 Ubi
676 2255 754 2302 est
796 2245 939 2301 Deus
984 2247 1154 2300 tuus?
1201 2243 1389 2315 Neque
1426 2244 1573 2300 enim
1609 2245 1815 2299 inimici
1847 2255 1902 2300 et
1933 2245 2129 2300 adver-

534 2338 665 2392 sarii
697 2345 856 2393 erant
888 2336 981 2408 qui
1013 2337 1129 2395 haec
1153 2336 1400 2408 quotidie
1430 2336 1711 2399 dicerent,
1747 2334 1844 2390 sed
1885 2343 1946 2389 ut
1978 2335 2126 2391 veri-

534 2430 714 2487 simile
741 2438 847 2495 est,
871 2413 1180 2486 inlidelese
1221 2429 1446 2500 populo,
1490 2428 1585 2500 qui
1636 2429 1932 2500 prophetas
1970 2429 2127 2500 quasi

535 2523 740 2576 frustra
763 2520 930 2577 Deum
958 2521 1203 2577 colentes
1233 2529 1288 2576 et
1330 2521 1613 2576 incassum
1657 2520 1976 2576 laborantes
2033 2536 2131 2574 co-

534 2614 839 2684 arguebant
894 2629 960 2669 ac
995 2613 1254 2671 dicebant
1297 2614 1424 2670 eis:
1483 2613 1585 2668 Ubi
1637 2622 1717 2668 est
1778 2613 1922 2669 Deus
1961 2617 2130 2671 tuus?

533 2706 668 2773 Qum
691 2722 819 2762 cum
851 2706 958 2777 ipsi
993 2721 1024 2760 a
1057 2706 1322 2762 fratribus
1344 2743 1362 2771 ,
1395 2706 1828 2776 consanguineis
1875 2715 1930 2761 et
1970 2705 2129 2760 fami-

533 2798 765 2853 liaribus
810 2798 1098 2862 audirent,
1149 2797 1358 2853 luctum
1394 2797 1671 2868 augebant
1703 2814 1866 2853 suum
1898 2817 1915 2854 :
1959 2814 2131 2869 quare

535 2889 692 2944 aiunt
740 2906 758 2942 :~
792 2887 922 2944 Hec
958 2886 1264 2942 recordatus
1312 2903 1468 2953 sum,
1517 2899 1566 2942 et
1595 2889 1757 2958 effudi
1786 2891 1845 2944 in
1879 2906 1963 2944 me
2007 2890 2130 2943 ani-

533 2995 678 3033 17mm
737 2996 929 3034 meam.
982 2977 1170 3050 Neque
1229 2980 1379 3035 enim
1423 2981 1892 3049 perturbationem
1951 2997 2128 3037 meam

535 3071 882 3126 extrinsecus
912 3071 1156 3142 protuli;
1199 3071 1294 3126 sed
1327 3070 1480 3126 intus
1520 3071 1576 3124 in
1613 3071 1796 3126 anima
1826 3085 1948 3128 mea
1974 3071 2132 3127 dolo-

538 3176 652 3216 rem
701 3161 1044 3216 occultabant
1098 3161 1154 3214 in
1189 3161 1401 3231 meipso
1429 3161 1715 3218 confusus.
1757 3160 1946 3218 Simile
1993 3164 2128 3235 quid
2156 3147 2199 3204 ε

536 3268 738 3322 passus
768 3252 1068 3323 Apostolus
1093 3252 1349 3309 diccbat:
1386 3252 1493 3308 Sed
1525 3255 1628 3324 ipsi
1658 3255 1714 3308 in
1735 3255 2128 3324 nobismetipsis

539 3364 848 3418 responsum
896 3349 1082 3402 mortis
1138 3347 1417 3403 habuimus
1471 3349 1538 3404 ⁸⁷.
1605 3350 1697 3406 Sic
1749 3351 1934 3422 itaque
1981 3368 2129 3408 nunc

538 3443 704 3495 etiam
731 3439 899 3510 e/Iudi
927 3441 980 3495 in
1009 3459 1091 3496 me
1121 3444 1356 3497 animam
1395 3459 1589 3506 meam,
1623 3443 1898 3514 inquiunt.
1937 3442 2129 3500 Perle-

539 3533 615 3587 cti
645 3540 830 3587 autem
856 3533 959 3588 viri
981 3541 1065 3588 est
1084 3533 1215 3587 talia
1235 3535 1388 3589 eﬂ'ari
1415 3550 1601 3604 posse.

612 3710 748 3764 Cum
782 3709 821 3764 ii
843 3710 1242 3781 exprobrantes
1265 3711 1397 3767 mihi
1427 3711 1674 3768 dicerent
1701 3732 1714 3767 :
1757 3711 1858 3766 Ubi
1879 3722 1957 3767 est
1990 3711 2134 3766 Deus

543 3805 706 3861 tum?
743 3802 933 3860 dolore
980 3806 1263 3877 pungebar
1320 3806 1613 3876 animoque
1660 3813 1894 3862 mmstus
1940 3820 2130 3866 eram,

541 3895 830 3963 perculsus
861 3895 1155 3967 impiorum
1181 3897 1387 3953 verbis.
1417 3897 1673 3951 Attamen
1719 3898 1774 3950 in
1807 3897 2136 3966 memetipso

541 3991 904 4061 cogitationes
923 3991 1279 4047 continebant
1302 4006 1474 4056 meas,
1505 3998 1566 4046 ut
1605 4006 1676 4046 ne
1693 3989 2007 4046 eﬂ'underer
2036 4006 2136 4046 ex-

543 4082 737 4146 terius,
767 4099 874 4138 neu
897 4099 1019 4138 mea
1041 4084 1095 4137 in
1127 4081 1237 4139 Deo
1265 4084 1506 4154 reposita
1530 4099 1627 4154 spe
1661 4082 1990 4138 exciderem.
2025 4082 2137 4136 Me-

544 4173 774 4228 moriam
826 4173 1032 4245 quippe
1089 4182 1341 4246 paratum
1386 4176 1518 4229 mihi
1572 4175 1732 4231 linem
1786 4175 2130 4245 repetebam,

542 4281 650 4330 qua
682 4280 789 4319 non
811 4265 1131 4336 ignorabam
1167 4266 1300 4322 illud
1322 4266 1367 4297 ³³
1409 4283 1424 4321 :
1462 4269 1622 4322 Beati
1663 4268 1752 4338 qui
1780 4267 1976 4336 lugent,
2007 4284 2138 4337 quo-

545 4360 691 4412 niam
716 4359 818 4427 ipsi
840 4358 1279 4414 consolabuntur.
1307 4360 1578 4426 Quocirca
1625 4376 1751 4416 cum
1801 4360 1970 4432 probe
2007 4375 2138 4420 nos-~

545 4468 684 4516 sem,
712 4453 962 4520 quoniam
993 4463 1117 4523 post
1139 4455 1281 4509 hanc
1312 4454 1590 4510 tristitiam
1620 4453 1858 4510 transibo
1887 4455 1942 4507 in
1963 4455 2138 4508 locum
2170 4493 2215 4548 ο

547 4543 874 4598 tabernaculi
925 4545 1260 4600 admirabilis
1301 4564 1465 4618 usque
1510 4547 1580 4601 ad
1633 4547 1850 4602 domum
1885 4547 2022 4611 Dei,
2080 4548 2150 4612 in,

545 4651 666 4690 voce
689 4637 1064 4690 exsultationis
1084 4645 1134 4691 et
1164 4638 1513 4708 confessionis
1544 4641 1662 4694 soni
1691 4641 1998 4703 epulantis;
2027 4639 2138 4695 lucc

547 4729 857 4786 recordatus
887 4747 1006 4785 sum
1030 4748 1048 4785 :
1085 4747 1262 4802 neque
1306 4747 1402 4802 spe
1437 4748 1557 4787 mea
1592 4733 1830 4795 excidit,
1865 4733 1960 4788 sed
1994 4734 2136 4788 intra

548 4821 821 4892 meipsum
851 4821 1018 4890 effudi
1053 4822 1289 4876 animam
1318 4839 1510 4877 meam.
1544 4822 1608 4876 Et
1639 4824 1766 4893 quia
1819 4825 1982 4879 talem
2032 4825 2137 4880 sibi

549 4929 703 4984 spem
733 4914 1086 4984 ascripserat,
1111 4914 1236 4982 jure
1261 4930 1326 4970 ac
1347 4916 1543 4972 merito
1573 4916 1688 4986 ipse
1725 4917 1831 4972 sibi
1872 4917 2136 4974 medelam

549 5006 802 5062 admovet
844 5006 930 5061 his
967 5007 1152 5062 verbis
1184 5027 1197 5062 :
1231 5008 1412 5075 Quare
1465 5010 1636 5063 tristis
1667 5027 1742 5072 es,
1779 5012 1963 5065 anima
1987 5029 2133 5076 mea,

547 5109 598 5152 et
626 5115 790 5167 quare
814 5099 1100 5154 conturbas
1130 5103 1258 5156 me?
1289 5099 1456 5169 Spera
1472 5104 1526 5155 in
1548 5101 1680 5164 Deo,
1700 5105 1947 5172 quoniam
1969 5104 2140 5158 adhuc

548 5192 835 5262 conﬁtebor
862 5194 966 5256 illi,
989 5194 1228 5248 salutare
1277 5196 1452 5249 vultus
1505 5195 1605 5250 mei
1655 5205 1708 5250 et
1750 5195 1894 5250 Dens
1949 5213 2137 5250 meus:

549 5299 675 5339 nam
707 5284 776 5339 ad
815 5285 1068 5342 ﬁduciam
1094 5327 1110 5350 ,
1158 5287 1617 5358 praesentiumque
1654 5303 2023 5343 aerumnarum
2052 5298 2138 5342 to-

547 5377 838 5433 lerantiam
871 5394 994 5434 sese
1031 5379 1371 5434 cohortatur.
1400 5377 1537 5432 Cum
1581 5395 1748 5450 porro
1775 5379 2136 5452 Symmachus

550 5471 628 5526 ait
659 5490 672 5526 :
709 5471 974 5538 Quoniam
1019 5470 1260 5541 egrediar
1289 5469 1358 5524 ad
1384 5469 1812 5535 tabernaculum,
1849 5470 2134 5540 bajulabor

550 5579 715 5632 usque
744 5561 812 5616 ad
841 5562 1057 5616 domum
1095 5561 1215 5628 Dei,
1247 5580 1365 5616 cum
1396 5579 1516 5618 voce
1545 5562 1919 5617 benedictionis
1938 5577 1986 5618 et
2009 5581 2135 5618 ροη-

551 5653 797 5722 fessionis
845 5654 1200 5710 nmltituJinis
1261 5657 1684 5710 concurrentium
1743 5656 1813 5710 ad
1857 5656 2134 5711 σειρὸν-ξιον

621 5809 669 5841 ³⁸
703 5809 843 5866 Psal.
883 5826 952 5878 L,
993 5812 1075 5868 ll.
1156 5811 1196 5845 ’⁷
1237 5811 1420 5868 llCor.
1455 5828 1507 5880 ι,
1543 5813 1594 5869 9.
1675 5812 1719 5847 ⁸⁸
1761 5812 1950 5872 llauh.
1990 5831 2046 5883 v,
2079 5817 2128 5873 ι.

2230 1868 2322 1923 διὰ
2361 1870 2543 1940 πάσης
2585 1869 2798 1942 ἡμέρας
2823 1870 2918 1922 καὶ
2951 1871 3144 1935 νυκτὸς
3169 1873 3553 1944 παραιτεῖσθαι
3588 1873 3684 1944 μὲν
3718 1875 3818 1928 καὶ

2230 1962 2390 2016 αὐτὸν
2409 1962 2500 2015 τὸν
2531 1963 2716 2034 ἄρτον,
2744 1962 2891 2033 μόνῳ
2915 1962 2972 2016 δὲ
2989 1962 3065 2034 τῷ
3085 1963 3348 2037 κλαυθμῷ
3373 1965 3675 2038 σχολάζειν.
3699 1968 3818 2022 Μά·

2229 2055 2388 2110 λιστα
2411 2055 2466 2109 δὲ
2491 2055 2644 2110 ταῦτ’
2681 2056 2948 2127 ἔπραττον
2996 2057 3088 2110 καὶ
3110 2059 3262 2112 ταῦτ’
3295 2059 3552 2131 ἔπασχον,
3590 2060 3818 2116 ἀκοῦον-

2229 2165 2318 2210 τες
2344 2148 2506 2216 αὐτοῦ
2540 2147 2633 2200 τοῦ
2674 2147 2804 2202 λαοῦ
2829 2188 2845 2211 ,
2881 2148 3081 2218 μᾶλλον
3122 2149 3178 2203 δὲ
3208 2149 3316 2203 τῶν
3358 2150 3570 2212 ἀσεϐῶν
3599 2151 3707 2204 τῶν
3755 2155 3818 2204 ἐν

2229 2241 2378 2312 αὐτῷ
2409 2241 2704 2310 λεγόντων·
2735 2241 2860 2294 Ποῦ
2887 2241 3060 2297 ἐστιν
3083 2245 3115 2296 ό
3140 2243 3285 2308 Θεός
3307 2258 3457 2307 σου;
3492 2244 3566 2298 Οὐ
3594 2245 3703 2315 γὰρ
3721 2244 3818 2316 δὴ-

2230 2350 2334 2385 που
2350 2334 2398 2387 oi
2421 2332 2605 2405 ἐχθροὶ
2626 2333 2720 2386 καὶ
2739 2331 2986 2402 πολέμιοι
3009 2331 3128 2386 καθ’
3151 2333 3386 2406 ἑκάστην
3408 2333 3619 2406 ἡμέραν
3638 2334 3818 2389 ταῦτα

2231 2427 2416 2490 αὐτοῖς
2462 2424 2646 2495 ἔλεγον
2669 2442 2682 2456 °
2712 2425 2828 2478 ἀλλ’
2858 2427 3004 2490 εἰκὸς
3027 2427 3155 2490 τοὺς
3184 2427 3241 2479 ἐν
3269 2426 3344 2497 τῷ
3369 2426 3512 2480 ἔθνει
3553 2427 3817 2491 ἀπίστους

2230 2517 2305 2580 ὡς
2358 2516 2537 2588 μάτην
2591 2515 2973 2581 θεοσεϐοῦντας
3003 2517 3097 2570 καὶ
3145 2519 3264 2588 εἰκῆ
3313 2518 3646 2590 μοχθοῦντας
3687 2520 3815 2583 τοὺς

2232 2608 2519 2680 προφήτας
2560 2607 3023 2679 καταμέμφεσθαι
3067 2609 3163 2661 καὶ
3204 2608 3384 2677 λέγειν
3411 2611 3629 2672 αὐτοῖς·
3686 2609 3815 2664 Ποῦ

2230 2700 2401 2754 ἐστιν
2446 2703 2479 2755 ὁ
2511 2699 2655 2766 Θεός
2698 2714 2815 2754 σου
2836 2715 2856 2763 ;
2887 2700 2955 2752 Ἀ
2977 2699 3041 2771 δή
3071 2699 3226 2769 παρὰ
3271 2700 3380 2753 τῶν
3426 2701 3669 2771 ἀδελφῶν
3718 2704 3816 2755 καί

2233 2792 2534 2863 συγγενῶν,
2564 2793 2658 2848 καὶ
2681 2791 2972 2866 γνωρίμων
2995 2791 3283 2856 ἀκούοντες
3302 2833 3317 2856 ,
3358 2792 3427 2846 τά
3461 2794 3554 2847 τοῦ
3582 2793 3817 2858 πένθους

2231 2888 2503 2942 ἐπέτεινον
2521 2905 2535 2918 ο
2567 2888 2647 2941 διό
2677 2905 2810 2957 φασι
2829 2905 2842 2919 ·
2877 2887 3067 2942 Ταῦτα
3085 2887 3430 2958 ἐμνήσθην,
3475 2890 3573 2943 καὶ
3600 2889 3816 2959 ὲξέχεα

2229 2981 2323 3034 ἐπ’
2350 2980 2456 3050 ἐμὲ
2503 2980 2617 3048 τὴν
2650 2979 2864 3050 ψυχήν
2897 2999 3038 3050 μου.
3086 2982 3162 3035 Οὐ
3187 2981 3296 3054 γὰρ
3321 2981 3427 3046 ἔξω
3446 2983 3544 3053 τήν
3571 2982 3812 3053 ἐμαυτοῦ

2233 3071 2480 3144 ταραχὴν
2523 3069 2845 3142 ἐνέφαινον,
2875 3073 3163 3127 ἀλλἐνδον
3188 3075 3245 3127 ἐν
3290 3077 3357 3145 τῇ
3385 3074 3622 3145 ἐμαυτοῦ
3665 3074 3816 3146 ψυχῇ

2233 3162 2492 3236 κρύπτων
2516 3161 2614 3234 τὴν
2643 3164 2783 3235 ἐμὴν
2807 3163 3074 3234 ἀλγηδόνα
3103 3162 3194 3218 καὶ
3229 3165 3360 3236 παρ’
3410 3163 3630 3235 ἐμαυτῷ
3681 3181 3808 3234 συγο

2232 3256 2509 3327 χεόμενος.
2543 3255 2797 3310 Τοιοῦτον
2821 3257 2876 3309 δέ
2903 3273 2958 3309 τι
2979 3253 3262 3319 πεπονθὼς
3282 3256 3310 3307 ό
3343 3255 3661 3320 Ἀπόστολος
3699 3256 3820 3310 ἐλε-

2233 3363 2360 3415 γενο
2402 3347 2553 3403 Ἀλλ’
2579 3349 2748 3402 αὐτοὶ
2779 3348 2850 3401 ἐν
2873 3347 3110 3414 ἑαυτοῖς
3137 3346 3535 3418 τιὸ-ἀπόκριμα
3567 3347 3674 3402 τοῦ
3711 3353 3821 3404 0a-

2234 3438 2420 3493 νάτου
2446 3439 2816 3510 ἐσχήκαμεν.
2840 3439 3030 3502 Οὕτως
3055 3435 3148 3493 οῦν
3179 3439 3274 3492 καὶ
3294 3438 3410 3502 νῦν,
3455 3439 3701 3508 Ἑξέχεα
3723 3440 3820 3492 ἐπ’

2233 3531 2339 3601 ἐμὲ
2367 3532 2482 3601 τὴν
2517 3531 2730 3602 ψυχήν
2749 3550 2892 3602 μου,
2931 3533 3078 3602 φασί.
3107 3532 3327 3586 Τελείου
3359 3532 3403 3585 δ’
3425 3535 3542 3586 ἐστὶ
3570 3533 3631 3586 τὸ
3661 3533 3824 3586 δῦναι

2237 3625 2358 3679 σθαι
2381 3625 2539 3679 τοῦτο
2564 3625 2762 3696 λέγειν.

2306 3717 2589 3786 Λεγόντων
2639 3735 2750 3789 μοι,
2815 3719 2968 3790 φησὶ,
3003 3717 3111 3772 τῶν
3136 3716 3508 3782 ὀνειδιζόντων
3577 3731 3667 3783 με’
3694 3717 3824 3771 Ποῦ

2235 3809 2410 3863 ἐστιν
2459 3812 2493 3862 ό
2530 3811 2678 3875 Θεός
2725 3826 2880 3872 σου;
2935 3809 3241 3882 ἐδακνόμην
3296 3811 3392 3881 μέν
3420 3811 3486 3880 τῇ
3541 3807 3687 3882 λύπῃ
3725 3809 3824 3862 καὶ

2237 3897 2580 3970 ὑπερήλγουν
2614 3897 2712 3970 τὴν
2748 3898 2927 3970 ψυχὴν
2967 3899 3334 3971 πληττόμενος
3373 3899 3477 3952 ὑπὸ
3510 3899 3616 3952 τῶν
3648 3898 3824 3966 λόγων

2235 3990 2344 4044 τῶν
2377 3990 2610 4045 ἀσεϐῶν.
2636 3991 2826 4062 Ὅμως
2866 3991 2911 4044 δ’
2941 3986 3034 4045 οῦν
3068 3991 3126 4045 ἐν
3171 3991 3394 4063 ἐμαυτῷ
3423 3994 3667 4062 συνεῖχον
3695 3993 3826 4054 τοὺς

2238 4083 2476 4156 ἐμαυτοῦ
2505 4084 2824 4155 λογισμοὺς,
2852 4085 2990 4156 πρὸς
3025 4085 3086 4138 τὺ
3117 4085 3190 4156 μὴ
3227 4083 3564 4156 προχυθῆναι
3594 4085 3688 4136 καὶ
3721 4084 3824 4154 τῆς

2242 4177 2608 4248 προκειμένης
2658 4193 2749 4248 μοι
2790 4176 2886 4229 τοῦ
2933 4176 3067 4230 Θεοῦ
3129 4179 3384 4230 ἐκπεσεῖν
3418 4177 3652 4240 ἐλπίδος.
3706 4178 3826 4230 Ἀν-

2240 4269 2436 4338 έφερον
2462 4267 2573 4339 γάρ
2600 4270 2666 4338 τῇ
2699 4268 2890 4340 μνήμῃ
2911 4267 2972 4321 τὸ
3000 4285 3063 4321 πε
3072 4268 3290 4340 ριμένον
3309 4285 3376 4339 με
3404 4268 3573 4332 τέλοςο
3604 4270 3726 4322 ἐπεὶ
3748 4269 3824 4340 μὴ

2240 4358 2500 4426 ἠγνόουν,
2545 4358 2627 4411 ὄτι
2659 4357 2948 4426 Μακάριοι
2981 4361 3033 4413 οἱ
3079 4358 3466 4426 πενθοῦντες.
3506 4359 3596 4412 ὅτι
3633 4377 3825 4428 παρα-

2241 4449 2674 4519 κληθήσονται.
2729 4451 2825 4503 Διὸ
2881 4449 2947 4521 δὴ
2997 4451 3239 4522 ἀκριϐῶς
3291 4453 3687 4523 ἐπιστάμενος,
3735 4452 3825 4506 ὅτι

2244 4543 2384 4613 μετά
2419 4542 2491 4596 τά
2517 4541 2820 4615 σκυθρωπά
2844 4543 3227 4614 διελεύσομαι
3268 4544 3341 4597 ἐν
3383 4545 3544 4610 τόπῳ
3587 4542 3826 4612 σκηνῆς

2241 4635 2591 4706 θαυμαστῆς
2635 4636 2747 4703 ἕως
2790 4636 2898 4690 τοῦ
2953 4636 3124 4690 οἴκου
3169 4636 3276 4691 τοῦ
3323 4637 3503 4701 Θεοῦ,
3533 4637 3603 4690 ἐν
3653 4635 3824 4706 φωνῇ

2240 4727 2658 4798 ἀγαλλιάσεως
2685 4728 2785 4782 καὶ
2813 4728 3304 4799 ὲξομολογηὶσεως
3330 4729 3486 4799 ἤχου
3522 4727 3824 4796 ἑορτάζον-

2243 4837 2383 4887 τος,
2430 4820 2617 4874 ταῦτα
2668 4819 3016 4890 ἐμνήσθηνο
3073 4822 3167 4874 καὶ
3222 4821 3322 4873 οὑκ
3383 4821 3670 4888 ἐξέπιπτον
3723 4820 3825 4890 τῆς

2241 4912 2476 4976 ἐλπίδος,
2517 4913 2634 4967 ἀλλ’
2673 4915 2915 4985 είσωπερ
2956 4913 3177 4984 ἐμαυτῷ
3208 4912 3422 4982 ἐξέχεα
3454 4911 3568 4980 τὴν
3613 4912 3827 4982 ψυχήν

2242 5023 2379 5074 μου.
2399 5007 2509 5060 Καὶ
2542 5006 2728 5078 ἐπειδὴ
2751 5006 3008 5071 τοιαύτας
3031 5007 3345 5076 ὑπέγραψεν
3378 5004 3555 5076 ἐαυτῷ
3580 5005 3822 5073 ἐλπίδας,

2244 5102 2472 5166 εἰκότως
2502 5103 2667 5166 αὐτὸς
2710 5103 2900 5156 ἐαυτὸν
2925 5102 3214 5174 θεραπεύει
3249 5103 3343 5156 καὶ
3383 5101 3562 5170 λέγει·
3605 5101 3733 5154 Ἵνα
3773 5103 3832 5156 τί

2242 5195 2577 5262 περίλυπος
2615 5193 2689 5258 εἷ,
2731 5197 2769 5264 η
2815 5195 2987 5264 ψυχή
3034 5213 3184 5264 μου,
3219 5193 3316 5247 καὶ
3358 5194 3460 5246 ἵνα
3492 5194 3550 5245 τί
3599 5207 3828 5246 συντα-

2234 5285 2496 5354 ράσσεις
2518 5303 2631 5356 με;
2658 5287 2953 5340 Ἐλπισον
2996 5286 3094 5338 ἐπὶ
3133 5284 3303 5347 Θεὸν,
3346 5284 3434 5337 ὅτι
3463 5280 3830 5353 ἐξομολογή-

2240 5395 2424 5449 σομαι
2461 5378 2624 5445 αὐτῷ
2657 5378 2957 5448 σωτήριον
2986 5378 3092 5432 τοῦ
3135 5376 3458 5446 προσώπου
3489 5394 3608 5445 μου
3652 5375 3752 5429 καὶ
3796 5378 3829 5428 ὁ

2246 5472 2390 5537 Θεός
2411 5490 2530 5542 μου
2547 5489 2559 5501 ·
2585 5472 2777 5542 θαρσεῖ
2794 5471 2903 5543 γὰρ
2922 5468 3100 5541 ἐαυτῷ
3124 5470 3220 5524 καὶ
3242 5468 3314 5522 τὰ
3339 5466 3581 5540 παρόντα
3607 5464 3828 5536 λυπηρὰ

2247 5562 2507 5631 γενναίως
2540 5562 2728 5634 φέρειν
2767 5561 3184 5636 παρεκελεύετο.
3221 5559 3408 5629 Λέγων
3443 5559 3498 5612 δὲ
3539 5561 3567 5611 ὁ
3598 5556 3821 5628 Σύμμα-

2244 5674 2357 5727 χος,
2387 5658 2512 5711 Ὅτι
2541 5657 2935 5728 ἐξελεύσομαι
2960 5659 3046 5722 εις
3074 5655 3187 5724 τὴν
3214 5653 3475 5722 σκηνὴν,
3507 5650 3826 5706 διαϐαστά-
