4122 6454
588 334 659 391 75
1194 314 1517 410 'lsusssn
1544 332 2031 395 assumemus
2070 327 2225 391 OPP.
2259 334 2443 395 psus
2479 337 2568 398 Ill.
2601 370 2673 382 —
2703 274 3113 401 exessum.
3706 347 3817 404 376

625 451 754 509 Haec
781 454 1001 526 quidem
1026 454 1139 527 jam
1172 461 1481 511 memorata
1504 454 1560 510 in
1605 470 1703 527 spe
1731 455 1866 511 mihi
1890 453 2121 527 reposita

2308 457 2392 512 Τὰ
2410 459 2523 530 ’μέν
2543 459 2600 513 ἐν
2627 458 2839 515 ἐλπίσιν
2853 458 3195 533 ἀποκεῖμενά
3216 476 3307 532 μοι
3330 457 3480 514 ταῦτ’
3496 459 3612 514 ἐστι
3631 461 3699 516 τά
3726 462 3818 516 λε-

550 553 702 603 sunt.
735 546 842 603 Sed
868 546 1135 604 hactenus
1160 548 1349 603 multis
1370 563 1459 604 me
1500 548 1988 612 conturbantibus,
2018 563 2131 604 non

549 636 634 692 sic
657 643 841 693 tamen
864 644 1176 693 commotus
1202 652 1326 694 sum
1350 643 1415 693 ut
1451 637 1760 695 exciderem
1785 679 1803 705 ,
1843 646 1898 696 et
1948 640 2132 695 mani-

524 726 690 784 ‘l‘esta
720 745 812 787 res
834 730 1296 788 conturbantibus
1326 731 1606 789 evaderet.
1635 732 1706 788 At
1724 771 1741 797 ,
1779 733 2133 805 quemadmo-

550 818 679 874 dum
705 812 987 891 superius,
1011 820 1177 892 effudi
1207 822 1265 903 in
1301 839 1386 878 me
1406 826 1644 880 animam
1677 842 1881 889 nteant;
1931 841 2132 881 secun-

549 912 680 967 dum
709 927 841 969 vero
871 911 1292 987 Symmachum,
1325 917 1384 971 in
1417 933 1519 981 me,
1554 917 1757 990 inquit,
1793 919 1975 972 animo
2012 934 2131 972 mea

549 999 774 1072 liqueﬁt,
817 1002 1029 1075 quando
1066 1006 1318 1062 recordor
1342 1007 1444 1072 tui,
1474 1023 1511 1060 α
1539 1015 1681 1062 terra
1728 1006 2019 1072 Iordanis,
2079 1020 2131 1065 et

548 1093 615 1146 ab
648 1091 1001 1162 Hermoniim,
1029 1107 1207 1153 monte
1260 1099 1499 1155 minimo.
1534 1098 1770 1172 Abyssus
1805 1100 1996 1171 abysso
2037 1119 2130 1159 oc-

547 1185 714 1239 currit
742 1201 776 1240 a
802 1188 993 1243 sonitu
1017 1192 1406 1262 scaturiginum
1460 1201 1695 1250 tuarum.
1736 1193 1930 1251 Isthmo
1963 1211 2131 1268 porro

547 1276 653 1330 hoc
681 1276 815 1333 mihi
846 1278 1103 1337 videntur
1143 1297 1309 1343 sensu
1357 1284 1715 1357 accipienda:
1758 1288 1892 1344 Post
1925 1287 2129 1362 Moysis

548 1372 779 1422 mortem
801 1382 928 1424 cum
946 1367 1110 1426 Iesus
1124 1373 1387 1443 populum
1419 1374 1475 1430 in
1507 1381 1712 1431 terram
1744 1379 2129 1448 promissionis

548 1457 963 1530 introduxisset,
994 1464 1310 1522 sacerdotes
1343 1481 1530 1523 arcam
1565 1468 1809 1527 humeris
1852 1481 2128 1544 gestantes

546 1552 603 1607 in
626 1549 919 1610 Iordanem
959 1555 1192 1627 ingressi
1224 1567 1376 1618 sunt.
1414 1559 1675 1622 Iordanis
1702 1574 1908 1634 autem,
1941 1576 2003 1623 ut
2051 1569 2131 1625 ait

546 1641 834 1715 Scriptura
862 1643 931 1719 “,
949 1646 1253 1717 replebatur
1280 1652 1493 1708 omnino
1514 1654 1568 1709 in
1598 1656 1720 1726 ripa
1747 1674 1870 1724 sua,
1896 1662 2051 1730 quasi
2073 1662 2128 1716 in

543 1732 728 1788 diebus
751 1735 939 1793 messis
960 1738 1236 1807 frumenti.
1285 1738 1360 1795 Et
1408 1750 1667 1799 steterunt
1714 1761 1929 1803 sursum
1976 1766 2128 1820 aqua:

542 1824 907 1883 descendentes
953 1831 1283 1887 concretione
1322 1850 1450 1888 una.
1504 1833 1638 1902 Qua:
1678 1848 1857 1895 autem
1902 1840 2128 1913 inferius
2156 1805 2205 1864 Β

542 1913 761 1982 ﬂuebat,
783 1917 1053 1974 descendit
1082 1922 1138 1976 in
1166 1940 1311 1979 mare
1345 1927 1571 1982 salsum.
1602 1927 1673 1983 Et
1702 1946 1881 1989 omnes
1902 1934 2007 2003 ﬁlii
2039 1933 2128 1990 Is-

543 2008 655 2061 ι·αεί
683 2010 1010 2067 transierunt
1055 2029 1148 2083 per
1182 2014 1379 2072 siccum
1413 2018 1467 2072 in
1506 2018 1674 2074 medio
1710 2018 2001 2087 Iordanis,
2048 2025 2128 2081 in-

543 2096 745 2154 feriore
775 2098 932 2157 alveo
958 2100 1018 2156 in
1047 2116 1199 2159 mare
1239 2105 1446 2161 salsum
1492 2108 1798 2180 deﬂuente;
1842 2115 2127 2185 superiore

542 2196 725 2244 autem
756 2190 1084 2251 mirabiliter
1121 2194 1413 2268 divinaque
1440 2199 1646 2256 virtute
1684 2202 1935 2263 cohibito
1961 2214 2129 2278 atque

540 2289 690 2336 retro
721 2278 947 2340 ﬂuente.
976 2283 1044 2338 Et
1065 2301 1197 2342 vero
1219 2285 1401 2346 ﬂuxus
1425 2290 1503 2345 illi
1523 2289 1782 2350 Iordanis
1811 2298 2127 2368 superiores

540 2388 608 2427 ex
636 2380 790 2444 parte
819 2373 1071 2443 fontium,
1099 2392 1226 2434 cum
1262 2382 1466 2436 exitum
1494 2399 1606 2440 non
1644 2385 1931 2456 haberent,
1963 2391 2127 2447 attol-

539 2462 815 2532 lebantur,
853 2474 908 2523 et
936 2469 1161 2524 cumulo
1179 2485 1289 2526 uno
1317 2473 1671 2545 erigebantur
1712 2493 1868 2550 aqua:
1917 2481 2124 2539 afl‘attim

540 2555 877 2615 conﬂuentes
900 2599 918 2627 ,
968 2562 1115 2633 quod
1143 2562 1327 2619 exitus
1358 2575 1506 2622 esset
1555 2568 1910 2630 interclusus.
1967 2572 2124 2632 Tunc

538 2648 731 2720 utique
756 2650 992 2723 abyssus
1026 2654 1226 2729 abysso
1253 2659 1582 2716 occurrebat
1609 2700 1626 2725 ,
1680 2666 1949 2735 repressis
1976 2675 2032 2723 et
2068 2669 2124 2724 in

541 2741 821 2814 fastigium
848 2746 1050 2801 evectis
1097 2746 1277 2817 aquis.
1329 2747 1507 2821 Hujus
1537 2752 1723 2824 itaque
1766 2756 2120 2826 providentia:

538 2835 770 2905 gratiam
802 2842 935 2892 tunc
974 2839 1180 2910 populo
1221 2841 1477 2899 collatam
1532 2847 1797 2904 memoria
1832 2860 2121 2921 repetens,

538 2929 737 2986 merito
790 2929 1267 3004 inpraesentiarum
1297 2936 1483 2992 animo
1510 2938 1758 3010 liquetio,
1795 2943 1943 3013 quod
1971 2946 2124 3003 nulla

538 3021 853 3092 lmjusmndi
883 3022 982 3081 Dei
1029 3025 1376 3098 providentia
1420 3030 1587 3088 nobis
1624 3034 1980 3095 concedatur.
2039 3037 2123 3095 llli

2240 551 2500 626 λεγμένα.
2519 552 2670 618 Τέως
2697 553 2743 607 δ’
2776 554 2869 608 ἐπὶ
2886 552 2980 606 τοῦ
3012 553 3279 625 παρόντος
3294 552 3502 608 πολλῶν
3523 572 3589 625 με
3608 571 3816 625 ταρατ-

2235 635 2458 711 τόντων,
2493 629 2655 711 αὐτὸς
2686 646 2786 717 οὐχ
2816 645 2988 709 οὕτως
3009 645 3414 718 ἐταραττόμην,
3457 643 3532 709 ὡς
3560 647 3816 700 ἐκπεσεῖν

2239 740 2335 792 καὶ
2361 737 2613 811 φανερῶς
2644 737 2897 807 γενέσθαι
2927 739 3042 802 τοῖς
3064 739 3423 809 ταράττουσιν
3441 753 3454 767 ⁸
3490 737 3605 791 ἀλλ’
3622 736 3817 811 ὥσπερ

2236 827 2517 901 ἀνωτέρω,
2532 826 2742 898 ὲξέχεα
2757 828 2850 881 ἐπ’
2868 827 2974 899 ἐμὲ
2996 827 3108 897 τὴν
3127 828 3341 899 ψυχήν
3350 846 3492 900 μου,
3509 828 3661 883 οὕτω
3711 831 3813 884 καὶ

2231 921 2494 977 ἐνταῦθα
2548 921 2699 990 πρὸς
2741 919 3003 991 ἐμαυτὸν
3050 921 3090 989 ἠ
3126 919 3298 991 ψυχή
3336 938 3455 991 μου
3489 915 3812 992 ἐταράχθη.

2233 1011 2393 1067 Κατὰ
2406 1011 2465 1066 δὲ
2490 1012 2581 1067 τὸν
2605 1012 2924 1084 Σύμμαχον,
2950 1011 3070 1064 Ἐπ’
3095 1010 3220 1082 ἐμὲ,
3241 1012 3426 1084 φησὶν,
3442 1013 3481 1082 ἡ
3501 1012 3671 1084 ψυχή
3691 1032 3815 1084 μου

2233 1104 2649 1174 κατατήκεται,
2678 1105 2824 1161 ὅταν
2852 1104 3390 1177 ἀνομιμνήσκωμαί
3409 1119 3525 1160 σου
3555 1104 3675 1160 ἀπὸ
3699 1105 3817 1177 γῆς

2244 1198 2539 1268 Ἰορδάνου
2568 1198 2666 1253 καὶ
2696 1199 2815 1254 άπὸ
2848 1197 3205 1269 Ἐρμωνιεὶμ,
3234 1197 3410 1266 ὄρους
3428 1197 3811 1268 μικροτάτου.

2235 1293 2535 1359 Ἀϐυσσος
2563 1292 2815 1359 άϐὐσσῳ
2854 1288 3094 1358 ἀπαντᾷ
3138 1288 3257 1344 άπὸ
3292 1288 3447 1361 ἤχου
3486 1289 3605 1343 τῶν
3637 1308 3817 1359 κρου-

2231 1384 2356 1439 νῶν
2384 1399 2523 1440 σου.
2541 1385 2700 1439 Δοκεῖ
2727 1383 2785 1437 δέ
2821 1384 2966 1456 μοιὴ
2998 1381 3107 1437 τῶν
3126 1382 3431 1456 εἰρημένων
3456 1380 3663 1436 διάνοια
3687 1381 3817 1436 τοῦ-

2230 1497 2323 1535 τον
2363 1479 2508 1552 ἔχειν
2540 1479 2631 1534 τὸν
2675 1478 2801 1534 νοῦν
2825 1498 2840 1511 ·
2889 1479 3046 1534 Μετὰ
3085 1478 3184 1551 τὴν
3215 1478 3495 1543 Μωῦσέως
3530 1477 3813 1552 τελευτὴν,

2244 1572 2422 1645 Ἰησοῦ
2455 1570 2546 1626 τὸν
2572 1571 2703 1627 λαὸν
2728 1573 2810 1636 εἰς
2837 1572 2937 1644 τὴν
2971 1573 3075 1645 γῆν
3100 1572 3199 1643 τῆς
3218 1569 3549 1640 ἐπαγγελίας
3583 1574 3815 1641 εἰσαγα-

2231 1662 2440 1735 γόντος,
2464 1661 2540 1725 ὡς
2565 1663 2615 1715 ot
2645 1662 2811 1733 ἱερεῖς
2839 1660 3116 1731 ἐπέϐησαν
3143 1657 3223 1731 τῷ
3259 1657 3494 1730 Ἰορδάνῃ
3522 1656 3621 1729 τὴν
3643 1656 3815 1711 κιϐω-

2229 1755 2322 1811 τὸν
2357 1755 2445 1809 ἐπ’
2472 1753 2639 1827 ὤμων
2674 1753 2951 1827 φέροντες.
2985 1752 3045 1807 ’0
3074 1751 3133 1805 δέ
3169 1750 3457 1823 Ἰορδάνης,
3491 1748 3568 1813 ὥς
3587 1764 3752 1819 φησιν
3778 1749 3815 1819 ἡ

2229 1847 2443 1923 Γραφὴ.
2468 1847 2810 1917 ἐπληροῦτο
2851 1848 3113 1902 καθόλου
3154 1843 3269 1912 τὴν
3295 1842 3555 1912 κρηπῖδα
3598 1840 3812 1905 αὐτοῦ,

2227 1940 2371 1995 ὡσεὶ
2393 1938 2606 2008 quam
2636 1936 2918 2008 θερισμοῦ
2947 1934 3174 2004 πυρῶν.
3197 1933 3309 1989 Καὶ
3341 1932 3493 2001 ἔστη
3518 1934 3594 1986 τὰ
3619 1931 3816 1986 ὕδατα

2227 2032 2662 2089 καταϐαίνοντα
2688 2029 2917 2085 ἄνωθεν
2935 2028 3142 2099 πῆγμα
3164 2026 3253 2083 ἓν.
3273 2025 3340 2081 Τὸ
3363 2025 3432 2080 δὲ
3451 2024 3817 2079 καταϐαῖνον

2227 2123 2446 2193 κατέϐη
2472 2125 2560 2190 εὶς
2596 2121 2713 2191 τὴν
2740 2120 3063 2176 θάλασσαν
3091 2116 3212 2173 τῶν
3240 2117 3424 2172 ἁλῶν.
3450 2115 3562 2170 Kal
3586 2113 3815 2180 πάντες

2227 2219 2282 2271 οἱ
2298 2215 2414 2271 υἱοὶ
2456 2212 2697 2283 Ἰσραὴλ
2726 2211 3019 2281 διέϐησαν
3052 2209 3153 2265 διὰ
3180 2208 3372 2280 ξηρᾶς
3403 2209 3473 2263 ἐν
3508 2208 3673 2282 μέσῳ
3700 2209 3813 2265 τοῦ

2241 2306 2559 2377 Ἰορδάνου,
2587 2305 2683 2360 τοῦ
2719 2304 2818 2377 μὲν
2849 2303 3001 2357 κάτω
3045 2301 3349 2375 φερομένου
3390 2301 3659 2374 ῥεύματος
3696 2318 3811 2373 χω-

2230 2403 2450 2474 ροῦντος
2474 2402 2555 2466 εἰς
2579 2400 2679 2472 τὴν
2704 2398 2981 2453 θάλασσαν
3009 2396 3109 2469 τὴν
3132 2396 3341 2468 ἁλυκήν
3356 2411 3373 2425 ’
3399 2395 3495 2449 τοῦ
3519 2394 3578 2449 δὲ
3602 2393 3813 2449 ἀνωθεν

2228 2494 2507 2558 κατιόντος
2543 2490 2860 2566 παραδόξως
2905 2488 3040 2543 Θεοῦ
3090 2487 3317 2560 δυνάμει
3348 2485 3810 2559 ἀναστελλομὲνου

2226 2588 2323 2643 καὶ
2354 2589 2434 2652 εἰς
2463 2584 2706 2640 τούπίσω
2737 2582 3063 2656 χωροῦντος.
3090 2581 3202 2635 Καὶ
3228 2580 3294 2653 δὴ
3319 2579 3389 2634 τὰ
3420 2580 3530 2636 ἀπὸ
3558 2579 3670 2635 τῶν
3699 2597 3810 2652 πη-

2224 2681 2340 2751 γῶν
2368 2678 2575 2736 ἀνωθεν
2607 2676 2951 2750 προχεόμενα
2990 2673 3085 2729 τοῦ
3132 2673 3397 2747 Ἰορδάνου
3431 2672 3698 2745 ῥεύματα,
3730 2674 3809 2746 μὴ

2225 2772 2418 2844 ἔχοντα
2445 2769 2675 2837 διέξοδον
2694 2809 2710 2834 ,
2746 2766 3040 2841 ἐκυρτοῦτο
3058 2806 3073 2833 ,
3113 2766 3209 2821 καὶ
3258 2764 3432 2838 σωρὸς
3473 2761 3557 2829 εἷς
3591 2766 3811 2835 ἐγένετο

2225 2860 2602 2934 ἐπαιρομένων
2633 2857 2755 2913 κατ’
2784 2857 3028 2929 ἀλλήλων
3057 2855 3167 2911 τῶν
3193 2854 3420 2918 ὑδάτων,
3449 2853 3536 2908 διά
3566 2854 3629 2908 τδ
3666 2855 3808 2910 ἀπο-

2224 2951 2538 3009 κεκλεῖσθαι
2590 2951 2772 3015 αὐτοῖς
2823 2949 2922 3021 τὴν
2972 2948 3226 3018 διέξοδον.
3276 2949 3409 3003 Τότε
3456 2949 3520 3021 δὴ
3572 2948 3811 3014 ἄϐυσσος

2222 3045 2445 3118 ἀϐύσσῳ
2489 3045 2705 3117 ἀπήντα
2724 3082 2739 3107 ,
2793 3041 3262 3114 ἀναστελλομένων
3296 3042 3407 3098 τῶν
3453 3042 3661 3097 ὑδάτων
3709 3041 3810 3097 καὶ

536 3130 776 3186 namque
804 3117 1133 3176 mirabiliter
1170 3118 1464 3178 Iordanem
1501 3125 1861 3194 transierunt,
1887 3138 1942 3187 et
1967 3146 2121 3189 mon-

2224 3117 2670 3212 κορυφουμένων.
2721 3135 3033 3191 Ἀναπολῶν
3077 3130 3171 3190 οὖν
3214 3137 3282 3207 τῇ
3319 3136 3508 3210 μνήμῃ
3552 3134 3655 3206 τῆς
3680 3134 3806 3189 τότε

536 3219 644 3263 tein
681 3208 786 3280 ipsi
810 3210 1049 3267 vicinum
1078 3210 1415 3270 llermoniim
1453 3227 1832 3290 nuncupatum
1852 3262 1869 3289 ,
1899 3224 1995 3294 qui
2024 3225 2121 3281 mi-

2224 3208 2520 3304 γενομένης
2536 3229 2616 3303 τῷ
2645 3227 2761 3301 λαῷ
2788 3228 3097 3301 ἐπισκοπῆς
3122 3226 3220 3300 τὴν
3249 3228 3432 3301 χάριν,
3462 3208 3687 3292 εἰκότως
3712 3227 3807 3282 ἐπὶ

536 3302 720 3358 nimus
739 3303 978 3360 exsistit.
1008 3305 1140 3362 Mihi
1164 3323 1316 3376 vero,
1344 3310 1442 3381 qui
1465 3310 1583 3367 haec
1603 3311 1821 3387 loquor,
1852 3314 1991 3373 nihil
2018 3319 2121 3377 hu-

2224 3302 2316 3380 τοῦ
2354 3302 2644 3399 παρόντος
2690 3321 2787 3394 τὴν
2841 3320 3022 3393 ψυχὴν
3073 3320 3488 3392 κατατήκομαι,
3536 3318 3809 3392 μηδεμιᾶς

531 3394 776 3465 jusmodi
800 3412 1129 3456 concessum
1160 3408 1276 3470 est,
1309 3402 1403 3459 sed
1451 3406 1631 3463 omnia
1676 3407 1885 3462 excelsa
1930 3416 2026 3464 tua
2069 3420 2121 3467 et

2224 3394 2477 3488 τοιαύτης
2505 3415 2600 3470 καὶ
2631 3414 2716 3484 ἐφ’
2743 3413 2902 3486 ἡμῶν
2921 3410 3411 3507 γιγνομένης
3441 3411 3715 3507 προνρίαςᾲ.
3738 3414 3804 3466 Οἱ

540 3485 732 3543 ‘luctus
784 3488 865 3543 tui
908 3506 1069 3559 super
1110 3508 1191 3548 me
1251 3496 1618 3562 transierunt;
1667 3508 1766 3554 aut
1812 3501 2118 3558 secundum

2224 3512 2321 3583 μὲν
2352 3485 2461 3581 γὰρ
2486 3506 2800 3579 παραδόξως
2818 3506 2910 3561 τὸν
2943 3504 3214 3578 Ἰορδάνην
3233 3504 3444 3577 διῆλθον
3475 3493 3654 3560 καὶῖτὸ
3679 3504 3807 3579 ὅρος

536 3576 1128 3652 Syinmacbum,omnes
1155 3589 1402 3655 procellis
1433 3600 1539 3645 tua!
1566 3602 1618 3645 et
1640 3592 1936 3661 [luctustui
1962 3612 2120 3666 super

2224 3576 2280 3657 τὸ
2482 3576 2634 3666 αὐτὸ,
2669 3598 3003 3672 Ἐρμωνιεὶμ
3022 3576 3450 3668 ἡόνομαξόμενον,
3477 3576 3806 3668 μικρότατον

532 3690 617 3729 me
653 3675 1000 3732 transierunt.
1044 3677 1176 3735 Iure
1202 3695 1334 3751 ergo
1362 3682 1431 3736 ad
1473 3685 1728 3752 meipsum
1767 3687 1952 3741 anima
2001 3706 2119 3746 mea

533 3767 849 3824 conturbata
899 3779 1021 3836 est;
1061 3776 1176 3837 aut;
1226 3775 1282 3829 in
1343 3792 1427 3831 me
1478 3779 1660 3833 anima
1714 3796 1831 3835 mea
1882 3782 2116 3854 liqueﬁt,

532 3878 652 3917 cum
675 3861 923 3918 recordor
953 3866 1031 3918 tui
1057 3865 1122 3920 de
1150 3875 1293 3923 terra
1310 3866 1591 3940 Iordanis,
1615 3873 1918 3931 secundum
1956 3876 2119 3948 Sym-

531 3954 810 4021 machum,
834 3965 885 4011 et
909 3956 975 4011 ab
1020 3956 1353 4016 Hermoniim
1396 3972 1570 4018 monte
1625 3967 1868 4024 minimo.
1932 3968 1994 4025 ln
2030 3970 2115 4027 bis

484 4117 489 4121 _
529 4046 732 4118 quippe
754 4047 890 4106 locis
918 4050 1048 4108 olim
1080 4052 1305 4125 abyssus
1328 4055 1523 4129 abysso
1547 4061 1855 4117 occurrebat
1878 4080 1913 4118 a
1937 4065 2115 4119 sonitu

528 4144 911 4214 scaturiginum
937 4154 1173 4211 tuarum,
1188 4156 1242 4205 et
1270 4164 1411 4219 aqua
1435 4151 1678 4208 cohibita
1707 4163 1813 4223 est,
1831 4172 1901 4213 ne
1928 4158 1999 4215 iis
2019 4161 2113 4230 qui

527 4233 821 4291 Iordanem
851 4238 1160 4294 transibant
1191 4242 1499 4299 molestiam
1529 4243 1765 4302 aﬂerrct.
1792 4248 1960 4321 Atqui
1980 4259 2112 4308 tunc

527 4328 753 4397 quidem
776 4329 893 4386 haec
924 4330 1245 4387 acciderunt
1271 4348 1369 4403 per
1404 4337 1803 4406 providentiam
1832 4343 1984 4414 ipsos
2012 4360 2112 4402 cu-

526 4430 767 4487 rantem;
800 4429 859 4477 at
888 4440 1038 4480 nunc
1068 4443 1247 4483 omnes
1291 4430 1539 4497 procella:
1580 4440 1686 4488 tum
1719 4445 1770 4489 et
1802 4435 2000 4504 ﬂuctus
2032 4441 2111 4496 tui

525 4527 682 4581 super
708 4529 791 4570 me
822 4516 1172 4584 transierunt,
1196 4519 1493 4579 ohruentes
1510 4538 1574 4579 ac
1598 4524 1977 4598 demergentes
1998 4548 2103 4599 me,

526 4605 743 4665 [tamine
782 4605 1094 4665 cohibente.
1128 4609 1400 4668 Cmterum
1432 4614 1547 4672 haec
1589 4617 1716 4685 jure
1741 4619 1874 4677 dicit
1901 4623 2107 4683 chorus

522 4696 761 4751 ﬁliorum
787 4695 948 4761 Core,
981 4699 1300 4771 pr0phetice
1325 4713 1656 4775 postremam
1675 4707 1988 4769 Iudaeorum
2016 4716 2107 4772 ab-

517 4787 812 4859 jectionem
843 4789 1058 4862 lugens.
1082 4793 1242 4862 cujus
1257 4796 1599 4854 calamitates
1619 4800 1671 4855 in
1697 4817 1757 4857 se
1784 4804 2098 4875 recipiebat.

2218 3695 2517 3767 τυγχάνονο
2544 3694 2631 3745 ἐπ’
2666 3689 2800 3763 ἐμοῦ
2839 3689 2896 3744 δέ
2922 3688 3014 3743 τοῦ
3060 3686 3232 3744 ταῦτα
3282 3687 3533 3757 λέγοντος
3563 3685 3805 3741 τοιοῦτον

2222 3788 2320 3860 μὲν
2352 3787 2505 3842 οὐδὲν
2543 3786 2861 3857 πέπρακται
2880 3801 2894 3814 ·
2943 3783 3177 3849 Πάντες
3210 3781 3278 3835 δὲ
3317 3784 3372 3836 οὶ
3412 3781 3806 3851 μετεωρισμοι

2217 3897 2335 3936 σου
2366 3880 2464 3934 καὶ
2496 3879 2571 3934 τὰ
2598 3876 2831 3948 κύματά
2856 3890 2973 3931 σου
3016 3875 3109 3929 ἐπ’
3141 3872 3246 3945 ἐμὲ
3281 3870 3558 3941 διῆλθον·
3589 3871 3623 3944 ἢ
3660 3871 3803 3926 κατά

2215 3974 2307 4028 τὸν
2350 3972 2679 4045 Σύμμαχον·
2710 3968 2911 4025 Πᾶσαι
2958 3970 3020 4022 αἱ
3045 3964 3382 4038 καταιγίδες
3418 3980 3534 4020 σου
3584 3964 3683 4018 καὶ
3727 3964 3803 4018 τὰ

2215 4064 2449 4138 κύματά
2481 4081 2599 4120 σου
2641 4061 2842 4119 ἐπάνω
2890 4079 3012 4132 μου
3043 4058 3379 4129 παρῆλθον.
3422 4058 3662 4121 Εἰκότως
3704 4051 3801 4111 οὖν

2214 4159 2365 4230 πρὸς
2400 4157 2660 4228 ἐμαυτὸν
2707 4155 2747 4224 ἠ
2772 4151 2944 4224 ψυχή
2966 4169 3086 4222 μου
3104 4149 3406 4234 ’ἐταράχθη
3426 4168 3439 4182 ο
3469 4148 3525 4221 ἢ.
3557 4147 3802 4220 Ἐπ’ἐμὲ

2213 4256 2254 4323 ἡ
2280 4250 2449 4323 ψυχή
2474 4267 2596 4321 μου
2628 4246 3020 4313 κατατήκεται
3039 4286 3054 4306 .
3082 4244 3229 4298 ὅταν
3264 4240 3802 4313 ἀναμιμνήσκωμαι

2212 4366 2329 4403 σου
2357 4346 2478 4403 ἀπὸ
2514 4342 2627 4415 γῆς
2660 4338 2976 4412 Ἰορδάνου,
3016 4338 3159 4393 κατά
3204 4337 3296 4391 τὸν
3328 4336 3657 4408 Σύμμαχον,
3697 4336 3797 4389 καὶ

2213 4441 2332 4499 ἀπὸ
2375 4436 2751 4510 Ἑρμωνιεὶμ,
2782 4435 2958 4503 ὅρους
2979 4428 3359 4503 μικροτάτου.
3399 4427 3489 4483 Ἐν
3525 4427 3635 4499 γὰρ
3671 4428 3797 4481 τού-

2212 4551 2327 4596 τοις
2374 4533 2488 4594 τοῖς
2545 4526 2767 4599 χωρίοις
2811 4522 2978 4578 πάλαι
3024 4521 3154 4575 ποτὲ
3220 4519 3491 4586 ἄϐυσσος
3548 4518 3801 4585 ἀϐύσσῳ

2212 4619 2453 4689 ἀπήντα
2497 4616 2615 4673 ἀπὸ
2649 4614 2807 4687 ἤχου
2844 4611 2965 4668 τῶν
3005 4607 3280 4679 κρουνῶν
3314 4625 3452 4674 σου,
3478 4605 3798 4662 άναστελλο-

2217 4714 2379 4787 μένου
2444 4708 2540 4764 τοῦ
2610 4696 2807 4770 ὓδατος
2849 4706 2929 4768 εἰς
2978 4701 3040 4756 τὸ
3092 4700 3167 4773 μὴ
3209 4699 3487 4771 διοχλῆσαι
3537 4697 3661 4761 τοὺς
3704 4696 3799 4787 risv

2225 4786 2498 4878 Ἰορδάνην
2526 4797 2844 4871 παριόντας.
2885 4792 3045 4847 Ἀλλά
3068 4792 3189 4846 τότε
3235 4791 3335 4862 μὲν
3367 4788 3541 4843 ταῦτα
3577 4786 3665 4841 διὰ
3695 4786 3796 4858 τὴν

520 4882 924 4939 ἐπισκοποῦσαν
951 4883 1079 4950 τοὺς
1104 4886 1228 4942 τότε
1288 4891 1583 4961 πρόνοιαν
1608 4895 1724 4948 νυνὶ
1770 4897 1828 4951 δὲ
1868 4898 2058 4958 πᾶσαι
2095 4909 2157 4963 αι
2193 4899 2530 4973 καταιγίδες
2569 4912 2687 4951 σου
2727 4889 2826 4946 καὶ
2877 4888 2951 4943 τὰ
2995 4883 3230 4956 κύματά
3271 4901 3391 4940 σου
3432 4883 3635 4939 ἐπάνω
3672 4898 3795 4953 μου

519 4971 863 5045 παρῆλθον,
908 4979 1319 5046 κατακλύζοντά
1371 4999 1440 5054 με
1485 4985 1581 5039 κοιλ⁵
1632 4992 2110 5063 καταποντοῦντα,
2152 4971 2386 5071 μηδενὸς
2434 4986 2872 5085 ἀναστέλλοντος.
2922 4979 3186 5085 sexenas.
3264 4977 3442 5085 ταῦτα
3489 4977 3795 5085 εἰκότωςλό

519 5066 678 5138 γοοὸς
725 5068 835 5122 τῶν
885 5069 1017 5127 υἱῶν
1065 5072 1231 5145 Κορὲ,
1283 5077 1638 5149 προφητικῶς
1678 5080 2101 5156 ἀποκλαιόμενοι
2301 5085 2536 5158 ἐσχάτην
2570 5077 2840 5149 ἀποϐολὴν
2868 5074 2963 5131 τοῦ
2997 5072 3265 5129 Ἰουδαίων
3297 5070 3483 5135 ἔθνους
3514 5066 3599 5137 οὗ,
3643 5069 3792 5144 πάθη

516 5162 598 5225 εἰς
619 5161 811 5216 ἑαυτὸν
839 5162 1234 5237 ἀνελάμϐανεν.

588 5275 758 5334 Vsus.
790 5277 846 5344 9,
879 5279 968 5337 10.
992 5280 1059 5337 In
1091 5282 1181 5339 die
1200 5286 1480 5343 mandabit
1512 5289 1767 5348 Dominus
1798 5296 2100 5353 misericor-

515 5370 664 5425 diam
688 5386 866 5435 suam,
899 5383 950 5428 et
966 5386 1117 5433 nocte
1145 5381 1410 5435 canticum
1438 5382 1577 5452 ejus.
1611 5383 1858 5453 Etiamsi,
1892 5389 2096 5461 inquit,

517 5477 709 5518 omnes
745 5465 1002 5534 procellae
1020 5474 1130 5523 tua:
1147 5477 1204 5525 et
1223 5469 1426 5527 ﬂuctus
1454 5473 1535 5528 tui
1555 5489 1724 5546 super
1749 5492 1837 5534 me
1887 5481 2097 5538 transi-

522 5557 705 5623 erint;
738 5564 794 5611 at
846 5558 985 5615 bene
1029 5562 1157 5615 novi
1215 5571 1271 5618 et
1311 5579 1635 5634 persuasum
1664 5569 1826 5640 plane
1878 5571 2094 5640 habeo,

519 5647 729 5703 nullum
786 5655 1006 5721 tempus
1065 5666 1189 5708 esse
1228 5670 1343 5737 quo
1384 5672 1499 5715 non
1551 5659 1900 5718 miserearis:
1942 5677 2067 5719 nam

590 5813 636 5847 “
673 5812 840 5872 Iosue
874 5808 936 5911 (ἦ
958 5814 991 5888 ὅ
1012 5801 1098 5888 Β,
1140 5817 1225 5875 16.

2288 5292 2535 5364 Ἡμέρας
2561 5285 2887 5344 ἐντελεῖται
2908 5284 3123 5353 Κύριος
3153 5283 3220 5336 τὸ
3248 5281 3421 5346 ἕλεος
3447 5280 3656 5345 αὐτοῦ,
3698 5281 3797 5336 καὶ

2201 5366 2425 5451 νυκτός
2459 5381 2577 5451 τὴν
2607 5378 2773 5449 ᾠδὴν
2822 5375 3030 5432 αὐτοῦ.
3086 5375 3150 5428 Et
3196 5374 3292 5428 καὶ
3342 5373 3549 5436 πᾶσαι,
3591 5374 3797 5446 φησὶν,

2202 5480 2260 5533 αἱ
2307 5473 2623 5545 καταιγίδες
2657 5488 2754 5526 σου
2805 5469 2904 5524 καὶ
2942 5468 3014 5523 τὰ
3052 5466 3271 5539 κύματά
3312 5483 3405 5520 σου
3451 5466 3638 5523 ἐπάνω
3693 5483 3797 5539 μου

2203 5569 2504 5644 παρῆλθον,
2539 5563 2656 5621 ἀλλ’
2688 5558 2749 5618 εὖ
2782 5558 2899 5616 οἴδα
2926 5560 3020 5616 καὶ
3052 5559 3354 5630 πέπεισμαι
3407 5557 3672 5631 ἀκριϐῶς,
3712 5559 3797 5612 ὃτι

2200 5663 2303 5717 οὐκ
2335 5661 2450 5716 ἐστι
2483 5656 2673 5737 καιρὸς
2699 5656 2759 5709 ἐν
2789 5648 2835 5725 ᾧ
2864 5654 2965 5708 οὐκ
2990 5653 3176 5718 ἐλεεῖς
3208 5648 3359 5721 Θεὸςι
3384 5648 3494 5729 γὰρ
3517 5647 3794 5721 ἐλεήμων
