4122 6454
457 321 564 379 379

1187 326 1457 383 EUSEBII
1485 323 1958 382 CESARIE‘NSIS
1996 321 2154 381 OPP.
2179 323 2360 380 PARS
2396 324 2482 380 Ill.
2525 355 2596 366 —
2632 321 3048 381 EXEGETICA.

3612 330 3725 386 380

457 459 629 516 quare
658 458 838 514 neque
869 443 1016 514 apud
1047 443 1288 515 reliquos
1312 445 1644 515 interpretes
1685 443 1901 497 titulum
1936 442 2031 497 ha-

2143 440 2292 514 παρά
2319 444 2431 506 τοῖς
2455 441 2663 506 λοιποῖς
2686 443 3046 513 έρμηνευταῐς
3069 444 3378 518 ἐπιγραφὴν
3402 447 3530 518 ἔχει.
3559 449 3724 506 Ἀλλά

457 539 568 593 bet.
603 534 710 594 Sed
743 538 872 607 quia
896 536 1259 609 praecedentis
1288 552 1413 606 pars
1450 535 1663 591 videtur
1703 548 1844 599 esse,
1885 535 2034 607 quod

460 629 650 698 utique
688 643 813 683 cum
845 643 910 683 ex
944 628 1216 684 similibus
1253 627 1510 697 utrinque
1548 627 1765 692 verbis,
1809 638 1926 681 tum
1965 643 2034 683 ex

459 717 604 773 afﬁni
627 721 901 776 sententia
922 727 1423 787 commonstratur;
1456 719 1580 774 dico
1599 734 1732 775 sane
1762 719 1926 773 etiam
1949 719 2035 772 in-

459 816 875 885 prarscntiarum
913 817 1141 873 chorum
1189 816 1570 887 propheticum
1616 818 1731 870 hare
1774 829 2035 870 enarrare

459 908 606 961 circa
640 907 922 977 populum,
956 913 1146 976 utpote
1185 905 1466 975 abiectum
1501 902 1874 972 traditumque
1902 915 2034 972 gen-

459 999 610 1054 tibus
657 997 1081 1069 hominibusque
1122 997 1422 1068 improbis,
1467 1004 1749 1065 rogantem
1789 1009 1853 1049 ac
1909 1008 2035 1048 cum

459 1089 715 1160 precibus
754 1090 1120 1159 postulantem
1175 1095 1234 1142 ut
1280 1088 1417 1142 ultio
1457 1095 1726 1151 sumatur,
1753 1093 1808 1141 et
1842 1085 1961 1155 ipse
2004 1098 2036 1139 e

460 1178 714 1234 manibus
753 1179 1100 1234 inimicorum
1146 1184 1392 1232 eruatur.
1424 1175 1906 1242 Quemadmodum
1935 1189 2036 1228 au-

461 1275 592 1333 tem,
625 1270 824 1324 aﬂlicto
850 1271 1070 1340 populo,
1101 1268 1238 1338 justi
1270 1283 1491 1340 quoque
1517 1267 1620 1322 viri
1666 1281 1772 1320 una
1801 1266 2024 1336 patiun-

461 1373 550 1418 tur
575 1380 639 1419 ac
669 1365 857 1422 dolore
903 1367 973 1420 ob
1000 1379 1344 1420 communem
1378 1363 1749 1419 calamitatem
1785 1359 2028 1414 afﬁciun-

459 1462 578 1522 tur;
609 1455 684 1510 ita
720 1457 1102 1528 religiosorum
1156 1456 1438 1511 hominum
1490 1454 1738 1524 probitas
1781 1451 2038 1506 multitu-

459 1547 572 1602 dini
602 1563 819 1619 quoque
845 1556 992 1605 recte
1021 1548 1290 1603 factorum
1311 1547 1747 1604 communionem
1771 1545 2037 1600 fructum-

458 1653 565 1707 que
607 1640 770 1709 parit.
810 1638 1174 1705 Quamobrem
1219 1639 1297 1693 illi
1351 1652 1625 1692 aerumnas
1664 1637 1850 1707 populi
1885 1637 1940 1690 in
1971 1651 2032 1692 se

458 1731 804 1801 recipientes,
863 1748 1054 1804 preces
1121 1749 1220 1803 pro
1272 1730 1630 1786 multitudine
1690 1729 2030 1793 fundebant,

2137 535 2232 589 καὶ
2261 535 2342 588 ὅτι
2377 534 2538 606 μέρος
2569 533 2744 586 ἔοικεν
2777 529 2915 586 εἶναι
2954 535 3048 588 τοῦ
3077 536 3184 607 πρὸ
3211 537 3396 603 αὐτοῦ,
3425 539 3722 612 δεδήλωται

2137 625 2200 680 ἐκ
2227 644 2286 679 τε
2327 625 2434 680 τῶν
2462 626 2663 696 ὁμοίων
2705 628 2763 678 ὲν
2793 626 3123 698 ἀμφοτέροις
3166 625 3339 697 λόγων
3385 632 3478 689 καὶ
3522 635 3587 685 ἔκ
3622 635 3725 706 τῆς

2136 719 2408 790 ἐμφεροῦς
2434 718 2692 782 διανοίας.
2710 717 2857 790 Φημὶ
2880 719 3060 772 τοίνυν
3083 720 3178 772 καὶ
3209 720 3301 773 ἐπὶ
3329 721 3437 774 τοῦ·
3450 724 3723 795 παρόντος

2135 813 2225 866 τὸν
2265 813 2426 885 χορὸν
2472 813 2561 866 τὸν
2608 813 2945 886 προφητικὸν
2979 813 3047 867 τὰ
3091 815 3428 886 προκείμενα
3459 816 3723 882 διεξιέναι

2137 905 2276 976 ὑπὲρ
2313 903 2406 958 τοῦ
2452 903 2580 959 λαοῦ
2608 945 2622 967 ,
2656 905 2732 969 ὡς
2792 905 3117 975 ἀπωσμένον
3176 907 3269 960 καὶ
3324 908 3724 979 παραδοθέντος

2137 993 2312 1048 ἔθνεσι
2364 994 2460 1048 καὶ
2511 993 2820 1068 ἀνθρώποις
2873 999 3166 1067 πονηροῖς,
3209 996 3464 1069 δεομένου
3508 999 3566 1052 δὲ
3623 1000 3722 1055 καὶ

2135 1083 2537 1148 ἀντιϐολοῦντος
2583 1085 2826 1148 ἐκδικίας
2873 1089 3093 1155 τυχεῖν,
3158 1087 3252 1139 καὶ
3304 1087 3563 1159 ρυσθῆναι
3609 1089 3722 1146 τῶν

2136 1176 2334 1249 χειρῶν
2368 1177 2476 1232 τῶν
2528 1177 2820 1248 πολεμίων.
2852 1178 3064 1250 Ὥσπερ
3090 1178 3148 1232 δὲ
3193 1179 3282 1234 διὰ
3328 1180 3424 1252 τὴν
3451 1182 3544 1236 τοῦ
3585 1182 3720 1238 λαοῦ

2137 1267 2380 1322 κάκωσιν
2411 1267 2690 1322 συνέϐαινε
2735 1269 2845 1332 τοῖς
2887 1268 3344 1340 δικαιοπραγοῦσι
3371 1273 3722 1345 συμπάσχειν

2136 1361 2232 1414 καὶ
2259 1359 2564 1429 συναλγεῖν,
2590 1360 2685 1414 καὶ
2722 1359 3178 1426 συνδιατίθεσθαι,
3213 1363 3304 1416 τὸν
3337 1364 3499 1417 αὑτὸν
3520 1366 3736 1438 τρόπον.

2135 1451 2230 1504 καὶ
2263 1453 2296 1522 ἡ
2333 1451 2440 1504 τῶν
2464 1450 2724 1520 θεοφιλῶν
2762 1451 2971 1522 ἀνδρῶν
3015 1452 3402 1526 δικαιοπραγία
3435 1458 3721 1530 κοινωνίαν

2136 1545 2230 1598 καὶ
2265 1545 2547 1616 μετάδοσιν
2576 1543 2797 1612 ἀγαθῶν
2831 1544 3078 1616 παρέχει.
3112 1546 3204 1600 Διὸ
3235 1546 3319 1618 δὴ,
3352 1548 3419 1602 τὰ
3447 1549 3592 1622 πάθη
3620 1551 3719 1605 τοῦ

2135 1635 2264 1690 λαοῦ
2299 1638 2376 1698 είς
2419 1635 2644 1698 ἑαυτοὺς
2682 1635 3191 1707 ἀναλαμϐάνοντες,
3230 1638 3395 1708 εὐχὰς
3440 1641 3580 1713 ὑπὲρ
3619 1641 3719 1695 τοῦ

2137 1725 2377 1797 πλήθους
2423 1725 2738 1789 ἐποιοῦντο,
2791 1727 2976 1798 κοινήν
3019 1743 3082 1779 τε
3143 1728 3420 1799 ἱκετηρίαν
3467 1731 3545 1802 τῶ
3595 1731 3721 1805 Θεῷ

459 1839 914 1896 communemque
973 1827 1429 1897 supplicationem
1517 1825 1628 1880 Deo
1687 1825 2029 1880 emittebant.

2135 1816 2464 1886 ἀνέπεμπον.
2484 1816 2724 1879 Εἰκότως
2757 1812 2852 1869 οὖν
2889 1817 2965 1881 ὡς
2989 1815 3047 1884 ἐξ
3074 1816 3193 1882 ἐνὸς
3228 1819 3492 1891 στόματος
3513 1823 3719 1888 ταύτας

456 1913 587 1970 Jure
607 1916 789 1988 itaque
815 1932 915 1972 ceu
947 1933 1057 1972 uno
1085 1933 1182 1973 ore
1210 1918 1309 1972 has
1337 1917 1688 1988 proferebant
1719 1931 1906 1971 voces.

529 2026 695 2082 Vsus.
747 2028 801 2082 2.
842 2027 1038 2082 Judica
1071 2045 1170 2093 me,
1216 2028 1378 2093 Deus,
1418 2039 1468 2084 et
1525 2030 1764 2085 discerne
1813 2046 2031 2084 causam

458 2133 630 2170 meam
652 2115 716 2171 de
738 2127 884 2187 gente
913 2136 1016 2172 non
1047 2128 1256 2179 sancta,
1295 2119 1360 2172 ab
1395 2122 1602 2173 homine
1632 2121 1812 2192 iniquo
1844 2129 1894 2174 et
1935 2119 2032 2173 do-

457 2207 570 2263 loso
604 2224 726 2262 erue
753 2224 850 2262 me.
887 2207 1029 2274 Quia
1070 2218 1126 2262 tu
1154 2225 1208 2263 es
1250 2208 1392 2262 Deus
1418 2209 1673 2277 fortitudo
1705 2227 1839 2277 mea,
1869 2225 2032 2280 quare

457 2318 540 2355 me
580 2301 858 2369 repulisti?
889 2301 1064 2366 Quare
1114 2302 1282 2356 tristis
1326 2302 1509 2356 incedo
1557 2301 1683 2356 dum
1718 2303 1900 2374 afﬂigit
1951 2319 2032 2356 me

458 2393 702 2447 inimicus
723 2396 748 2448 ?
773 2392 981 2448 Dixerit
1022 2393 1296 2464 quispiam
1330 2393 1445 2448 haec
1477 2394 1724 2465 proferre
1756 2410 1926 2449 unum
1952 2395 2032 2448 al-

459 2493 706 2539 terumve
735 2485 829 2555 qui
856 2486 910 2538 in
943 2485 1201 2541 universo
1234 2488 1436 2558 populo
1465 2486 1696 2542 Judaico
1723 2486 1907 2556 justus
1944 2502 2031 2542 re-

459 2582 650 2643 pertus
701 2581 803 2628 est.
860 2573 982 2643 Ipse
1026 2575 1192 2645 igitur
1235 2556 1370 2633 ὲιὲᾱ
1407 2593 1552 2632 unus
1601 2578 1716 2633 sive
1770 2592 2030 2651 perrarus

461 2664 644 2730 homo,
679 2665 857 2735 qualis
879 2672 998 2721 erat
1025 2665 1292 2724 Jeremias
1335 2678 1430 2724 aut
1457 2669 1686 2740 quilibet
1728 2669 1829 2739 ipsi
1871 2669 2030 2723 simi-

461 2757 548 2823 lis,
581 2757 654 2811 ita
683 2756 809 2812 ﬂeat
861 2765 917 2814 et
949 2758 1268 2828 hujusmodi
1300 2776 1462 2816 voces
1499 2760 1732 2826 emittat,
1761 2776 1961 2832 rogans
1999 2775 2030 2815 a

457 2854 619 2918 gente
648 2864 758 2903 non
789 2860 979 2906 sancta
1011 2851 1256 2917 liberari,
1291 2852 1496 2922 quibus
1522 2851 1753 2907 indicari
1777 2852 2030 2924 videntur

456 2943 551 3012 qui
579 2959 644 2998 ex
672 2943 1090 2999 circumcisione
1118 2952 1306 3013 erant;
1330 2951 1384 3000 et
1417 2962 1448 3000 a
1485 2945 1605 3000 viro
1634 2945 1822 3014 iniquo
1845 2953 1898 3000 et
1929 2944 2028 2998 do-

459 3035 597 3098 loso,
630 3042 688 3088 ut
712 3025 991 3105 milquam
1027 3035 1145 3106 ipse
1174 3045 1268 3089 aut
1297 3037 1520 3106 iniquus
1542 3041 1634 3090 aut
1655 3035 1880 3090 dolosus
1903 3049 2028 3090 eva-

457 3126 570 3180 dat.
609 3125 780 3197 Roget
822 3135 1002 3182 autem
1045 3126 1212 3184 Deum
1264 3127 1350 3183 his
1400 3128 1582 3183 verbis
1613 3146 1627 3181 :
1655 3125 1736 3180 Tu
1787 3142 1847 3182 es
1887 3124 2029 3181 Deus

2139 1909 2369 1979 ἠφίεσαν
2394 1908 2495 1972 τὰς
2525 1908 2729 1978 φωνάς.

2150 2051 2152 2054 ν
2206 2021 2426 2091 Κρῖνόν
2445 2038 2544 2090 με,
2580 2023 2614 2076 ὁ
2641 2021 2804 2089 Θεὸς,
2834 2023 2932 2076 καὶ
2967 2023 3223 2079 δίκασον
3247 2024 3361 2095 τὴν
3385 2025 3564 2095 δίκην
3594 2035 3718 2098 μου

2136 2115 2206 2180 ἐξ
2235 2116 2449 2181 ἔθνους
2476 2116 2589 2182 οὐχ
2619 2114 2794 2169 ὁσίου
2813 2132 2826 2146 ·
2861 2115 2981 2170 ἀπὸ
3016 2116 3332 2186 ἀνθρώπου
3364 2118 3572 2174 δολίου
3616 2121 3718 2174 καὶ

2137 2206 2348 2260 ἀδίκου
2370 2206 2562 2274 ῥῦσαί
2584 2223 2680 2276 με.
2709 2207 2838 2261 Ὅτι
2861 2207 2942 2261 σὺ
2969 2211 3003 2262 ό
3039 2209 3183 2275 Θεὸς
3208 2211 3546 2281 κραταίωμά
3571 2230 3738 2286 μου,

2137 2300 2236 2353 ἵνα
2258 2299 2316 2352 τί
2347 2297 2567 2354 ἀπώσω
2585 2317 2663 2370 με
2672 2317 2692 2365 ;
2719 2301 2820 2355 ἵνα
2847 2301 2906 2354 τι
2931 2300 3368 2370 σκυθρωπάζων
3394 2306 3720 2374 πορεύομαι

2135 2394 2206 2448 ἐν
2259 2393 2340 2460 τῷ
2389 2394 2670 2463 ἐκθλίψαι
2720 2394 2977 2463 ἐχθρόν;
3023 2393 3180 2447 Εἴποι
3214 2393 3257 2446 δ’
3309 2395 3374 2449 ἄν
3413 2413 3497 2459 τις
3543 2394 3720 2449 ταῦτα

2136 2483 2316 2554 λέγειν
2360 2485 2456 2541 ἕνα
2501 2503 2604 2539 που
2637 2485 2731 2539 καὶ
2763 2484 3016 2557 δεύτερον
3057 2485 3115 2541 ὲν
3158 2486 3265 2556 ὅλῳ
3315 2485 3394 2556 τῷ
3425 2485 3568 2539 ἔθνει
3605 2485 3718 2540 τῶν

2149 2578 2436 2644 Ἰουδαίων,
2473 2579 2775 2651 εὑρημένον
2805 2577 3034 2632 δίκαιον.
3082 2577 3256 2642 Αὐτὸς
3306 2573 3399 2631 οὖν
3426 2579 3454 2630 ὁ
3501 2572 3581 2642 εἷς
3623 2577 3720 2632 καὶ

2139 2671 2380 2736 σπάνιος,
2420 2665 2532 2725 οἷον
2583 2669 2852 2742 Ἱερεμίας
2889 2672 2922 2743 ἡ
2972 2688 3055 2734 τις
3099 2669 3285 2742 ἕτερος
3329 2670 3513 2741 ὅμοιος
3544 2669 3718 2742 αὐτῷ.

2136 2762 2536 2823 ἀποκλαιέσθω,
2571 2761 2663 2816 καὶ
2718 2761 2922 2826 ταύτας
2964 2761 3333 2833 ἀναπεμπέτω
3381 2761 3478 2825 τὰς
3509 2762 3718 2833 φωνὰς,

2140 2851 2396 2904 ἱκετεύων
2439 2851 2699 2923 ρυσθῆναι
2752 2850 2812 2916 ἐξ
2857 2852 3072 2905 ἀνοσίου
3117 2851 3332 2915 ἔθνουςο
3377 2850 3619 2922 δηλούτω
3659 2852 3721 2906 δὲ

2136 2941 2334 3004 αὐτοὺς
2355 2942 2484 3004 τοὺς
2521 2943 2585 2994 ἐκ
2618 2925 2942 3013 περιτομῆς,
2963 2943 3060 2994 καὶ
3093 2941 3200 2994 ἀπὸ
3221 2938 3508 3012 ἀνθρώπου
3531 2940 3718 2994 ἀδίκου

2137 3034 2232 3088 καὶ
2249 3033 2446 3096 δολίου,
2477 3032 2552 3097 ὼς
2573 3031 2639 3086 ἂν
2664 3034 2871 3105 μήποτε
2893 3035 2987 3086 καὶ
3013 3032 3174 3095 αὐτὸς
3195 3031 3402 3100 γένοιτο
3423 3031 3602 3094 ἄδικος
3624 3033 3722 3085 καὶ

2136 3125 2328 3189 δόλιος.
2351 3125 2748 3198 Παρακαλείτω
2785 3126 2842 3179 δὲ
2871 3124 2961 3179 τὸν
2982 3124 3112 3179 Θεὸν
3137 3123 3310 3192 λέγων
3331 3141 3344 3154 ·
3374 3124 3446 3178 Σὺ
3473 3120 3524 3177 εί
3539 3126 3567 3177 ὁ
3587 3125 3721 3186 Θεὸς

460 3216 724 3270 fortitudo
746 3231 888 3280 mea,
922 3231 1092 3287 quare
1116 3233 1204 3272 me
1238 3218 1510 3286 repulisti,
1547 3233 1632 3273 me
1659 3217 1712 3270 in
1741 3217 1919 3272 medio
1958 3224 2031 3270 ta-

2137 3217 2462 3290 κραταίωμά
2491 3233 2591 3288 μου
2613 3234 2626 3247 ·
2664 3217 2752 3271 ἵνα
2783 3216 2835 3268 τί
2864 3221 2929 3287 με
2956 3214 3182 3280 ἀπώσω,
3210 3215 3525 3270 καταλιπών
3558 3233 3623 3286 με
3661 3217 3720 3268 ὲν

458 3307 527 3362 lis
559 3306 742 3379 pOpuli
773 3306 1132 3378 relinquens?
1185 3305 1312 3360 Haec
1342 3322 1504 3377 porro
1539 3306 1706 3362 Heliae
1752 3305 2029 3376 propheta:

456 3407 788 3469 congruunt,
829 3399 920 3467 qui
952 3397 1182 3451 Domino
1209 3399 1526 3468 supplicans
1551 3406 1738 3453 contra
1768 3397 2027 3470 populum

456 3490 532 3544 ita
565 3490 746 3545 fatur:
773 3489 1013 3550 Domine.
1045 3493 1328 3563 prophetas
1361 3501 1477 3545 tuos
1508 3491 1900 3560 interfecerunt,
1947 3491 2031 3544 at-

460 3583 601 3637 taria
639 3594 730 3637 tua
777 3583 1253 3639 subverterantnt
1286 3601 1378 3654 ego
1424 3583 1640 3638 relictus
1688 3583 1858 3649 solus,
1885 3600 2030 3654 quae-

458 3683 682 3744 rumque
722 3674 891 3742 ipsam
928 3675 1163 3728 animam
1199 3675 1380 3729 tollere
1406 3675 1471 3727 ⁸⁸.
1507 3673 1804 3746 Perspicue
1848 3684 2030 3730 autem

458 3769 618 3822 docet
646 3766 912 3822 Jeremias
934 3767 1199 3823 defecisse
1227 3783 1443 3824 omnem
1472 3767 1678 3836 justum
1711 3769 1779 3823 de
1807 3769 2027 3838 populo,

458 3860 649 3916 dicens
690 3858 962 3914 :Circuite
1010 3861 1065 3914 in
1109 3859 1257 3914 biviis
1304 3859 1606 3914 Jerusalem
1651 3869 1700 3913 et
1743 3862 1797 3913 in
1845 3861 2030 3929 plateis

454 3956 594 4025 ejus,
625 3963 674 4010 et
715 3953 878 4008 videte
908 3955 954 4008 si
979 3962 1076 4008 est
1098 3957 1188 4024 qui
1233 3953 1520 4024 intelligat,
1557 3961 1607 4006 et
1642 3955 1905 4022 propitius
1942 3970 2031 4008 ero

455 4050 532 4102 eis
556 4047 620 4102 δ’.
649 4045 852 4101 Deinde
873 4045 1000 4116 quia
1025 4045 1320 4100 multitudo
1345 4045 1718 4114 improborum
1747 4045 2031 4099 hominum

456 4139 663 4210 justum
697 4139 876 4208 ipsum
913 4137 1214 4208 premebat,
1265 4153 1324 4192 se
1354 4137 1460 4191 hac
1508 4135 1576 4190 de.
1616 4152 1782 4192 causa
1818 4139 2030 4192 tristem

459 4245 582 4284 esse
620 4228 833 4283 dicebat
853 4243 864 4278 :
885 4227 1062 4294 Quare
1093 4228 1438 4282 contristatus
1465 4226 1670 4292 incedo,
1692 4227 1817 4282 dum
1851 4229 2033 4300 afﬂigit

459 4337 542 4375 me
581 4320 870 4375 inimicus?
908 4319 976 4373 Et
1027 4320 1268 4389 alioquin
1316 4334 1440 4374 cum
1491 4329 1678 4391 gentes
1723 4326 1777 4374 et
1825 4319 2033 4376 inimici

458 4414 822 4469 calamitatem
853 4410 1140 4477 inferrent,
1173 4420 1336 4482 atque
1374 4412 1580 4482 populo
1611 4411 1842 4467 Judaico
1879 4427 2036 4482 supe-

459 4508 634 4560 riores
667 4504 992 4570 evasissent,
1025 4505 1108 4558 vir
1147 4505 1238 4558 ille
1283 4503 1394 4558 Deo
1431 4503 1686 4558 addictus
1717 4504 1900 4558 animo
1936 4503 2034 4556 do-

2134 3310 2282 3381 μέσῳ
2301 3309 2540 3363 τοιούτου
2562 3307 2692 3362 λαοῦ
2713 3307 2984 3383 ςἮρμοζε
3006 3309 3062 3362 δὲ
3085 3307 3156 3360 τὰ
3174 3306 3504 3379 προκείμενα
3528 3306 3620 3360 καὶ
3641 3305 3720 3376 τῷ

2132 3404 2388 3476 προφήτῃ
2421 3401 2603 3474 Ἠλίᾳ,
2631 3400 2689 3466 ὃς
2729 3399 2913 3470 ἔλεγεν
2940 3399 3391 3470 κατεντυγχάνων
3423 3397 3518 3452 τοῦ
3549 3396 3678 3451 λαοῦ
3699 3413 3717 3430 ο

2130 3496 2340 3564 Κύριε,
2383 3495 2526 3562 τοὺς
2567 3493 2882 3564 προφήτας
2925 3509 3044 3548 σου
3084 3491 3465 3556 ἀπέκτειναν,
3499 3491 3597 3544 καὶ
3647 3489 3722 3544 τὰ

2131 3585 2532 3656 θυσιαστήριὰ
2563 3602 2678 3640 σου
2707 3586 3122 3654 κατέσκαψαν,
3155 3582 3320 3654 κάγὼ
3345 3584 3722 3652 ὑπελείφθην

2126 3679 2346 3748 μόνος,
2383 3677 2480 3731 καί
2525 3675 2767 3746 ζητοῦσι
2819 3675 2936 3745 τὴν
2976 3674 3191 3745 ψυχὴν
3234 3673 3444 3728 λαϐεῖν
3499 3671 3715 3740 αὐτήν.

2133 3770 2328 3839 Σαφῶς
2353 3770 2409 3823 δὲ
2434 3770 2672 3824 διδάσκει
2706 3769 2978 3842 Ἱερεμίας
3001 3767 3376 3820 ἐκλελοιπέναι
3426 3765 3603 3819 πάντα
3639 3765 3719 3819 δί-

2132 3879 2285 3916 καιον
2328 3863 2392 3915 ὲκ
2429 3861 2522 3916 τοῦ
2567 3861 2732 3927 λαοῦ,
2778 3861 2988 3929 λέγων’
3041 3857 3436 3928 Περιδράμετε
3468 3857 3537 3910 ἐν
3586 3857 3718 3923 ταῖς

2133 3953 2421 4023 ἀμφόδοις
2478 3951 2898 4020 Ἰερουσαλὴμ,
2952 3949 3050 4003 καί
3109 3949 3179 4002 ἐν
3224 3947 3353 4014 ταῖς
3407 3947 3720 4013 πλατείαις

2132 4045 2343 4115 αὐτῆς,
2378 4045 2476 4098 καὶ
2511 4045 2664 4097 ἴδετε
2692 4046 2744 4097 ει
2776 4043 2908 4097 ἔστι
2944 4041 3194 4105 συνιὼν,
3229 4041 3329 4094 καὶ
3373 4040 3548 4105 ἵλεως
3576 4039 3718 4092 ἔσο-

2128 4157 2234 4208 μαι
2253 4137 2477 4203 αὐτοῖς.
2497 4132 2610 4190 Εἶτ’
2635 4135 2820 4206 ἐπειδὴ
2846 4135 2907 4188 τὸ
2930 4134 3134 4206 πλῆθος
3154 4134 3262 4186 τῶν
3290 4132 3477 4186 κακῶν
3507 4131 3718 4202 ἀνδρῶν

2135 4229 2311 4300 θλίψιν
2340 4232 2567 4301 παρεῖχε
2595 4228 2673 4301 τῷ
2709 4227 2924 4298 δικαίῳ,
2960 4223 3376 4298 σκυθρωπάζειν
3413 4223 3506 4275 ἐπὶ
3539 4223 3717 4293 τούτῳ

2135 4318 2316 4387 ἔλεγεν
2336 4337 2349 4350 ·
2400 4321 2524 4373 Ἵνα
2568 4320 2624 4372 τί
2673 4316 3110 4387 σκυθρωπάζων
3160 4317 3483 4385 πορεύομαι
3523 4317 3594 4369 ἐν
3637 4315 3718 4381 τῷ

2133 4412 2417 4480 ἐκθλίψαι
2458 4411 2716 4480 ἐχθρόν;
2747 4413 2858 4464 Καὶ
2889 4409 3061 4472 άλλως
3088 4408 3165 4474 δὲ,
3199 4407 3306 4461 τῶν
3367 4407 3575 4480 ἐχθρῶν
3621 4407 3718 4461 καὶ⁹

2136 4503 2412 4574 πολεμίων
2447 4503 2737 4558 θλιϐόντων
2769 4503 2862 4556 καὶ
2903 4500 3374 4573 ὲπικρατεστέρων
3407 4499 3717 4570 γενομένων

458 4599 621 4660 lebat,
649 4597 766 4652 zelo
794 4595 986 4665 plenus
1015 4595 1084 4650 ob
1115 4610 1412 4665 prosperas
1434 4595 1719 4651 atheorum
1751 4603 1808 4650 et
1839 4596 2031 4666 impio-

2135 4594 2226 4648 τοῦ
2275 4595 2497 4659 ἔθνους,
2549 4596 2577 4646 ὁ
2623 4594 2702 4665 τῷ
2733 4594 2852 4666 Θεῷ
2903 4593 3260 4664 ἀνακείμενος
3313 4591 3568 4645 ἐδάκνετο
3612 4592 3715 4661 τὴν

458 4704 582 4745 rum
605 4689 884 4742 hominum
929 4702 1038 4742 res.
1091 4687 1269 4753 Quare
1313 4689 1770 4759 supplicationem
1817 4689 2032 4743 emitte-

457 4783 573 4848 bat,
623 4789 680 4835 ut
724 4779 888 4844 Deus,
939 4780 1033 4849 qui
1074 4778 1142 4834 de
1190 4793 1361 4834 causa
1409 4795 1508 4835 sua
1549 4779 1917 4848 judicaverat,
1966 4793 2031 4834 ac

458 4879 849 4944 congruentem
882 4870 949 4925 de
989 4885 1049 4926 se
1085 4871 1411 4926 sententiam
1459 4871 1684 4935 tulerat,
1721 4871 2030 4926 mercedem

459 4971 607 5020 recte
640 4962 800 5018 factis
848 4962 965 5018 suis
999 4961 1264 5029 debitam,
1311 4962 1582 5018 universae
1623 4963 1810 5033 populi
1846 4962 2032 5016 multi-

457 5055 635 5110 tudini
665 5054 978 5126 largiretur,
1017 5061 1072 5109 et
1119 5054 1205 5110 sui
1255 5067 1424 5109 causa
1467 5069 1661 5109 omnes
1694 5056 1928 5125 eriperet
1961 5055 2030 5109 de

459 5161 623 5199 manu
658 5145 1039 5212 inimicorum;
1071 5151 1132 5198 ut
1161 5143 1619 5215 quemadmodum
1655 5143 1776 5213 ipse
1805 5144 2034 5200 delicto-

458 5251 581 5290 rum
607 5235 792 5308 populi
818 5239 1091 5307 particeps
1121 5235 1326 5301 fuerat,
1369 5237 1446 5290 ita
1485 5237 1720 5308 populus
1760 5237 2031 5292 bonorum

458 5343 683 5400 operum
749 5328 923 5398 ipsius
967 5343 1196 5384 consors
1242 5337 1408 5384 esset.
1460 5325 1617 5384 Sicut
1663 5335 1847 5384 autem
1895 5326 2033 5398 justi

460 5423 708 5479 homines
729 5422 822 5493 qui
843 5421 913 5478 ad
939 5421 1230 5477 tribunalia
1249 5421 1399 5476 litem
1428 5421 1654 5486 habent,
1683 5421 1901 5492 iudices
1933 5423 2034 5476 ob-

461 5517 676 5572 secrant
699 5523 759 5571 ut
777 5515 982 5586 justam
1017 5529 1240 5570 causam
1286 5528 1442 5568 suam
1470 5514 1718 5579 audiant,
1755 5524 1919 5585 atque
1953 5531 2021 5571 ex

459 5623 614 5684 aequo
641 5619 696 5668 et
722 5611 864 5665 bono
892 5608 1216 5665 sententiam
1245 5607 1348 5664 sibi
1382 5606 1594 5669 ferant;
1617 5607 1810 5664 eodem
1849 5607 2010 5665 modo

532 5765 578 5797 “
616 5763 681 5821 111
711 5763 844 5838 Reg.
878 5782 1002 5833 nx,
1039 5765 1125 5821 M.
1201 5764 1245 5798 ⁸⁸
1281 5762 1480 5822 Jerem.
1517 5777 1570 5832 ν,
1606 5763 1656 5817 1.

2137 4687 2338 4759 ψυχὴν,
2387 4688 2550 4760 ζήλου
2595 4688 2970 4759 πληρούμενος
3017 4687 3110 4738 ἐπὶ
3141 4688 3208 4757 τῇ
3253 4685 3362 4738 τῶν
3400 4684 3576 4738 ἀθέων
3621 4685 3715 4736 καὶ

2139 4781 2349 4836 ἀσεϐῶν
2402 4781 2610 4853 ἀνδρῶν
2657 4781 2954 4852 εὐπραγίᾳ.
2998 4780 3089 4832 Διὸ
3149 4779 3243 4833 καὶ
3293 4779 3573 4850 ἱκετηρίαν
3621 4778 3716 4830 ἀν-

2138 4875 2405 4947 έπεμπεν,
2433 4874 2508 4938 ὡς
2533 4874 2620 4937 ἂν,
2647 4873 2838 4944 κρίνας
2854 4873 2882 4924 ὁ
2903 4871 3034 4935 Θεὸς
3057 4871 3151 4924 καὶ
3177 4871 3406 4934 δικάσας
3431 4870 3596 4942 αὐτῷ,
3623 4871 3715 4924 καὶ

2136 4970 2238 5040 τὴν
2263 4969 2574 5040 πρέπουσαν
2609 4966 2736 5036 περὶ
2767 4964 2930 5019 αὐτοῦ
2963 4965 3118 5033 δίκην
3143 4963 3585 5034 ἐξενεγκάμενος,
3619 4963 3712 5032 τὴν

2137 5060 2302 5114 αὐτοῦ
2327 5059 2822 5132 προσοφειλομένην
2853 5055 3084 5127 ἀμοιϐὴν
3115 5055 3224 5109 τῶν
3253 5054 3415 5109 αὑτοῦ
3442 5052 3716 5125 κατορθω-

2142 5153 2326 5224 μάτων
2376 5152 2454 5221 τῷ
2486 5151 2649 5206 παντὶ⁵
2699 5147 2890 5219 πλήθει
2931 5146 3244 5219 χαρίσοιτο,
3288 5147 3380 5200 καὶ
3431 5145 3498 5199 δι’
3549 5143 3714 5199 αὐτοῦ

2139 5244 2362 5316 ῥύσαιτο
2392 5245 2518 5308 τοὺς
2565 5243 2772 5305 πάντας
2803 5241 2868 5294 ἐκ
2915 5240 3096 5312 χειρὸς
3125 5241 3236 5294 τῶν
3282 5239 3584 5310 πολεμίων·
3623 5238 3712 5302 ἵν’,

2138 5333 2327 5405 ὥσπερ
2365 5332 2618 5391 κοινωνὸς
2656 5331 2818 5394 αὐτὸς
2862 5329 3054 5398 γέγονε
3104 5330 3202 5400 τῆς
3233 5327 3326 5382 τοῦ
3371 5325 3500 5380 λαοῦ
3549 5343 3714 5380 κακο-

2140 5423 2400 5496 πραγίας,
2441 5421 2584 5475 οὕτω
2624 5422 2720 5474 καὶ
2775 5421 2804 5473 ὁ
2851 5419 2978 5482 λαὸς
3010 5418 3268 5490 μετάσχοι
3299 5417 3400 5487 τῆς
3432 5417 3593 5470 αὐτοῦ
3635 5417 3714 5468 δι-

2130 5516 2516 5588 καιοπραγίας.
2561 5514 2774 5584 Ὠσπερ
2825 5511 2882 5566 δὲ
2915 5511 2964 5564 oi
3009 5509 3206 5565 δίκαιοι
3241 5509 3454 5581 ἔχοντες
3505 5509 3562 5562 ὲν
3599 5511 3711 5572 τοῖς

2117 5609 2506 5683 δικαστηρίοις,
2555 5608 2683 5672 τοὺς
2727 5607 2989 5672 δικαστὰς
3037 5603 3365 5660 ἱκετεύουσιν
3404 5598 3714 5657 ἐπακοῦσαι
