4122 6454
347 385 449 438 38⁸

1496 380 1998 438 COMMENTARIA
2036 383 2107 439 IN
2135 381 2474 439 PSALMO-S.

3503 383 3610 440 382

345 504 461 555 τὼν
500 497 723 554 δικαίων
763 496 974 563 αὐτῶν,
1011 498 1230 554 δικάσαι
1264 516 1326 552 τε
1363 500 1458 554 καὶ
1488 500 1693 574 κρίνειν
1735 501 1927 566 αὐτοὺς

2039 505 2124 559 vi'r
2155 504 2448 578 religiosus
2491 502 2579 558 bis
2621 501 2804 558 verbis
2849 502 3020 558 Deum
3073 501 3394 574 alloquitur,
3417 505 3606 572 jndica

344 590 557 663 ὀρθῶς·
605 590 696 643 τὸν
723 589 886 642 αὑτὸν
926 589 1126 660 τρόπον
1177 590 1270 643 καὶ
1309 591 1339 642 6
1387 590 1641 662 θεοφιλὴς
1685 591 1776 645 διὰ
1821 591 1928 645 τῶν

348 681 729 754 προκειμένων
769 680 848 752 τῷ
892 680 1010 751 Θεῷ
1043 698 1207 752 φησι’
1251 681 1470 750 Κρῖνόν
1509 700 1632 751 μοι,
1681 685 1715 736 ὁ
1762 683 1927 749 θεὸς,

345 777 489 846 οὐχὶ,
541 773 750 844 κρῖνόν
790 790 868 844 με
893 791 908 805 ·
948 774 1088 828 κατὰ
1133 774 1190 826 δὲ
1223 773 1314 827 τὸν
1367 773 1679 846 Σύμμαχον,
1721 773 1930 842 κρῖνόν

338 885 472 939 μοι.
499 867 572 920 Σὺ
605 866 714 936 γὰρ
748 865 913 929 αὐτὸς
943 865 1102 934 γενοῦ
1129 883 1222 936 μοι
1255 865 1469 937 κριτὴς,
1499 868 1593 919 καὶ
1617 868 1716 939 τὴν
1747 867 1928 938 κρίσιν

349 976 452 1030 μου
483 957 686 1029 ταύτην
716 959 922 1030 κρῖνον,
955 959 1049 1011 καὶ
1078 958 1446 1030 ὑπερδίκησον
1471 959 1570 1030 τῆς
1605 959 1762 1030 δίκης
1803 977 1926 1031 μου,

347 1053 456 1115 ἵνα,
503 1049 680 1120 τυχὼν
734 1049 1009 1113 ἐκδικίας,
1059 1050 1420 1122 συμϐάλωμαι
1451 1054 1519 1123 τῇ
1556 1053 1802 1123 σωτηρίᾳ
1833 1051 1926 1105 τοῦ

347 1142 550 1205 παντὸς
573 1139 812 1211 πλήθους
838 1139 908 1193 τὰ
934 1141 1173 1212 ἐμαυτοῦ
1198 1142 1620 1214 κατορθώματα.

431 1234 900 1298 Ἐξαπόστειλον
927 1232 992 1284 τὸ
1027 1231 1155 1300 φῶς
1190 1250 1330 1299 σου,
1366 1235 1463 1287 καὶ
1499 1234 1612 1302 τὴν
1637 1234 1930 1302 ἀλήθειάν

345 1341 464 1381 σου
494 1342 508 1356 ⁸
578 1325 732 1380 αὐτά
783 1342 861 1396 με
910 1323 1234 1394 ὡδήγησαν
1288 1326 1389 1379 καὶ
1440 1326 1668 1398 ἥγαγόν
1718 1347 1795 1397 με
1839 1332 1927 1396 εὶς

345 1419 488 1488 ὅρος
549 1418 722 1488 ἅγιόν
756 1434 910 1481 σου,
968 1417 1067 1471 καὶ
1114 1419 1202 1484 εὶς
1256 1419 1328 1472 τὰ
1376 1418 1736 1489 σκηνώματὰ
1785 1435 1922 1474 σου.

345 1509 583 1579 Νοήσεις
638 1509 731 1561 καὶ
787 1507 989 1572 οὕτως’
1049 1507 1156 1562 Τοῦ
1220 1509 1370 1582 παρὰ
1437 1511 1521 1563 σοι
1595 1512 1772 1580 φωτὸς
1831 1513 1926 1566 καὶ

345 1599 448 1668 τῆς
494 1599 644 1671 παρὰ
687 1600 770 1652 σοὶ
810 1600 1066 1672 ἀληθείας
1101 1600 1280 1673 τυχὼν
1327 1600 1768 1672 ὁδηγηθήσομαι,
1821 1603 1928 1656 ὑπὸ

351 1692 450 1761 μὲν
494 1690 587 1744 τοῦ
619 1691 796 1760 φωτὸς
840 1691 1226 1764 φωτιζόμενος,
1267 1693 1373 1745 ὑπὸ
1419 1692 1476 1745 δὲ
1523 1693 1624 1762 τῆς
1657 1694 1755 1765 σῆς
1789 1695 1923 1765 ἀλη-

347 1783 498 1847 θείας
521 1783 1026 1855 χειραγωγούμενος
1043 1783 1134 1837 έπὶ
1148 1784 1210 1836 τὸ
1230 1783 1354 1855 ὅρος
1377 1783 1440 1836 τὸ
1465 1782 1614 1852 ἆγιόν
1634 1800 1725 1836 σου
1751 1785 1810 1838 τὸ
1829 1787 1926 1837 ἐπ-

2032 598 2161 651 mihi
2190 597 2352 659 Deus,
2397 613 2505 652 non
2556 610 2706 662 vero,
2736 596 2924 665 judico
2965 611 3089 650 me:
3115 611 3264 658 nam,
3307 598 3606 653 secundum

2034 689 2442 761 Symmachum,
2490 688 2680 758 judica
2729 688 2878 748 mihi,
2911 688 3135 743 dicitur.
3182 687 3264 742 Tu
3304 688 3424 758 ipse
3472 691 3607 746 mihi

2023 779 2194 849 iudex
2223 788 2362 846 esto,
2401 787 2456 834 et
2504 779 2648 832 hanc
2676 793 2896 833 causam
2921 792 3097 832 meam
3128 777 3396 846 judicato,
3429 785 3490 832 ut
3524 781 3609 833 ul-

2029 875 2233 927 tionem
2273 879 2490 937 uaetus,
2525 867 2844 928 recte'facta
2876 885 2995 926 mea
3031 871 3200 927 totius
3227 872 3602 928 multitudinis

2029 962 2191 1018 saluti
2226 962 2526 1018 conferam.

2099 1221 2267 1278 Vens.
2296 1221 2415 1278 5-6.
2461 1222 2657 1278 Emitte
2683 1223 2850 1278 lucem
2879 1234 3024 1278 tuam
3056 1234 3105 1279 et
3135 1225 3404 1280 veritatem
3435 1234 3603 1291 tuam,

2027 1315 2144 1383 ipsa
2182 1331 2262 1368 me
2291 1313 2619 1368 deduxerunt
2667 1323 2718 1369 et
2757 1314 3094 1369 adduxerunt
3123 1318 3177 1370 in
3219 1326 3446 1370 montem
3477 1332 3608 1369 san-

2027 1414 2169 1456 ctum
2205 1413 2350 1454 tuum
2391 1411 2440 1456 et
2489 1402 2544 1455 in
2585 1401 2928 1456 tabernacula
2983 1411 3093 1456 tua:
3130 1402 3245 1457 Hoc
3277 1405 3406 1458 item
3443 1403 3604 1456 modo

2029 1494 2325 1565 intelligas,
2369 1495 2488 1549 luce
2538 1508 2602 1548 ac
2647 1494 2880 1550 veritate
2909 1504 3006 1548 tua
3033 1495 3291 1558 donatus,
3326 1501 3475 1549 recte
3501 1493 3606 1548 clu-

2031 1602 2146 1649 car,
2193 1586 2316 1640 luce
2355 1584 2571 1655 quidem
2630 1585 2955 1652 illustratus,
3007 1589 3235 1642 veritate
3281 1593 3464 1640 autem
3512 1594 3604 1639 tua

2027 1675 2186 1744 quasi
2209 1690 2374 1728 manu
2413 1678 2612 1730 ductus
2648 1675 2702 1729 in
2740 1684 2978 1732 montem
3012 1686 3267 1732 sanctum
3300 1687 3454 1734 tuum
3489 1694 3606 1735 etB-

2029 1769 2243 1833 lestem,
2290 1777 2345 1824 et
2399 1769 2456 1822 in
2509 1769 2862 1824 tabernacula
2914 1780 3008 1826 tua
3052 1773 3256 1829 ibidem
3293 1775 3494 1844 posita,
3537 1774 3606 1830 de

347 1877 595 1949 ουράνιον
611 1876 707 1929 καὶ
733 1876 826 1929 ἐπὶ
859 1876 928 1928 τὰ
954 1875 1140 1929 αὐτόθι
1171 1876 1507 1946 σκηνώματα
1534 1892 1651 1940 σου,
1693 1877 1822 1948 περὶ
1851 1871 1926 1930 ὧν

2030 1861 2227 1929 quibus
2277 1861 2333 1914 in
2374 1861 2700 1930 praecedenti
2745 1865 2958 1933 psalmo
3010 1864 3260 1919 dicebam
3293 1885 3307 1920 :
3341 1865 3605 1931 Quoniam

347 1971 444 2022 καλ⁷
476 1970 534 2023 ἐν
566 1969 644 2040 τῷ
673 1969 780 2040 πρὸ
803 1967 992 2020 τούτου
1029 1967 1213 2036 ἔλεγον
1233 1984 1246 1998 ·
1289 1969 1416 2021 Ὅτι
1449 1968 1830 2038 διελεύσομαι
1857 1969 1928 2021 ἐν

346 2063 510 2127 τόπῳ
539 2059 776 2128 σκηνῆς
805 2059 1156 2129 θαυμαστῆς
1177 2059 1288 2126 ἕως
1313 2059 1419 2113 τοῦ
1451 2059 1623 2114 οἴκου
1647 2060 1756 2114 τοῦ
1779 2060 1926 2114 Θεοῦ

346 2156 418 2209 ἐν
456 2155 625 2224 φωνῇ
661 2155 1076 2224 ἀγαλλιάσεως
1119 2155 1217 2208 καὶ
1251 2153 1741 2224 ἐξομολογήσεως
1770 2154 1926 2224 ἤχου

346 2243 752 2312 ἐορτάζοντοςο
801 2244 876 2308 ὡς
909 2244 974 2296 ἂν
1003 2243 1060 2296 δέ
1097 2261 1177 2298 σοι
1221 2243 1297 2314 τῷ
1331 2243 1450 2314 Θεῴ
1487 2245 1799 2316 ίερωμένος,
1835 2245 1927 2296 ἐπὶ

347 2337 418 2389 τὰ
466 2335 730 2389 ἐνδοτάτω
772 2335 866 2387 καὶ
900 2333 1062 2404 μέχρι
1094 2332 1188 2386 τοῦ
1233 2333 1620 2404 θυσιαστηρίου
1665 2331 1802 2403 ἥξω,
1834 2333 1930 2384 καὶ

349 2428 486 2500 πρὸς
537 2427 596 2480 σὲ
652 2427 744 2480 τὸν
785 2425 916 2479 θεὸν
958 2426 1248 2496 ἐλεύσομαι
1291 2426 1382 2479 τὸν
1421 2425 1778 2496 εὐφραίνοντα
1827 2431 1928 2496 τὴν

347 2519 577 2590 νεότητά
627 2535 729 2589 μου
772 2519 870 2587 τὴν
907 2517 1305 2587 πνευματικήν.
1374 2517 1929 2586 Ἐξομολογήσομαί

346 2628 445 2667 σοι
481 2611 552 2664 ἐν
579 2607 807 2677 κιθάρᾳ,
849 2611 882 2662 ὀ
919 2609 1080 2674 Θεός.
1125 2606 1370 2679 Κιθάραν
1405 2606 1461 2660 δὲ
1488 2607 1548 2660 τὸ
1583 2607 1745 2679 σῶμά.
1771 2625 1925 2679 φησι,

345 2704 416 2758 δι’
448 2695 509 2756 οὗ
546 2699 946 2772 ἀνακρούεσθαι
996 2700 1238 2770 πέφυκεν
1279 2701 1308 2752 6
1335 2698 1497 2764 νοῦς,
1547 2701 1642 2754 καὶ
1685 2699 1776 2753 διὰ
1819 2700 1928 2755 τῶν

347 2793 715 2866 αἰσθητηρίων
760 2791 948 2864 ῶσπερ
991 2792 1081 2846 διὰ
1129 2791 1334 2864 χορδῶν
1376 2791 1474 2864 τὴν
1522 2792 1601 2864 τῷ
1643 2792 1762 2864 Θεῷ
1797 2795 1930 2866 πρέ-

349 2905 551 2943 πουσαν
608 2885 870 2958 μελῳδίαν
934 2886 1278 2957 ἀναπέμπειν
1343 2885 1519 2943 εἴωθε.
1600 2887 1794 2957 Σαφῶς
1857 2887 1916 2941 δὲ

347 2979 435 3034 διὰ
481 2980 686 3033 τούτων
735 2981 765 3032 6
815 2979 973 3050 χορὸς
1026 2980 1056 3030 6
1115 2979 1451 3050 προφητικὸς
1495 2980 1802 3052 παρακαλεῖ
1861 2980 1927 3032 τὸ

349 3071 465 3142 φῶς
494 3071 864 3143 ἀποσταλῆναι
897 3070 989 3124 τοῦ
1013 3070 1146 3123 Θεοῦ
1183 3071 1278 3124 καὶ
1303 3071 1400 3142 τὴν
1437 3071 1696 3140 ἀλήθειαν
1729 3071 1916 3135 αὑτοῦ,

348 3165 424 3229 ὡς
476 3164 702 3236 μηδέπω
751 3163 875 3217 τότε
922 3165 1110 3233 φαῖνον
1167 3163 1260 3216 ἐπὶ
1299 3163 1396 3234 τῆς
1448 3163 1588 3233 γῆς,
1633 3163 1768 3234 μηδὲ
1824 3164 1922 3233 τῆς

2029 1955 2264 2008 transibo
2299 1955 2355 2007 in
2384 1957 2555 2009 locum
2589 1956 2916 2010 tabernaculi
2943 1956 3302 2021 admirabilis,
3339 1975 3501 2028 usque
3533 1959 3606 2012 ad

2027 2045 2242 2099 domum
2288 2047 2407 2102 Dei.
2453 2047 2520 2101 In
2584 2065 2700 2102 voce
2740 2049 3112 2104 exsultationis
3167 2060 3216 2104 et
3263 2051 3607 2120 confessionis

2027 2139 2143 2192 soni
2189 2138 2378 2206 festum
2429 2131 2627 2209 agentis
2649 2141 2729 2205 5°;
2772 2141 2931 2210 quasi
2963 2142 3064 2196 tibi
3098 2140 3208 2196 Deo
3259 2157 3417 2198 saera
3463 2144 3606 2198 cele-

2028 2225 2218 2291 brans,
2251 2228 2318 2281 ad
2369 2230 2560 2282 intima
2593 2236 2648 2284 et
2697 2245 2870 2298 usque
2910 2230 2978 2284 ad
3023 2230 3196 2286 altare
3226 2231 3339 2295 ibo,
3373 2240 3426 2286 et
3455 2236 3522 2288 ad
3554 2240 3607 2288 te

2029 2306 2201 2370 Deum
2237 2319 2450 2372 veniam
2492 2319 2584 2389 qui
2639 2320 2882 2376 lmtificas
2907 2322 3248 2392 juventutem
3291 2339 3466 2380 meam
3503 2327 3606 2396 Spi-

2029 2407 2304 2462 ritualem.
2339 2409 2642 2478 Conﬁtebor
2664 2410 2757 2463 tibi
2805 2411 2856 2464 in
2889 2412 3096 2466 cithara
3123 2413 3287 2468 Deus.
3325 2414 3604 2471 Citharatn

2029 2513 2229 2569 corpus
2257 2498 2410 2564 dicit,
2453 2510 2562 2570 quo
2596 2500 2802 2570 pulsari
2827 2517 2984 2557 mens
3027 2503 3188 2567 solet,
3225 2513 3388 2575 atque
3433 2505 3605 2560 sensi-

2028 2589 2132 2643 bus
2173 2589 2331 2660 quasi
2385 2589 2610 2646 chordis
2669 2602 3061 2660 congruentem
3111 2592 3222 2648 Deo
3279 2601 3606 2649 concentum

2029 2679 2300 2734 emittere.
2367 2678 2464 2734 His
2526 2688 2715 2750 aperte
2783 2690 2937 2752 rogat
2989 2681 3192 2738 chorus
3255 2684 3610 2754 propheticus

2029 2771 2201 2826 etnitti
2234 2772 2410 2828 lucem
2441 2771 2537 2827 Dei
2570 2781 2624 2828 et
2648 2773 2936 2830 veritatem
2966 2777 3110 2846 ejus,
3146 2791 3212 2831 eo
3242 2776 3389 2847 quod
3433 2778 3607 2832 nulla-

2030 2873 2191 2919 tenus
2239 2870 2371 2919 tunc
2414 2865 2621 2920 luceret
2669 2867 2722 2920 in
2767 2875 2934 2931 terra,
2981 2877 3036 2922 et
3067 2870 3271 2924 veritas
3317 2885 3608 2939 nusquam,

2029 2973 2140 3027 quo
2162 2964 2406 3027 tempore
2435 2957 2550 3012 haec
2581 2958 2916 3029 proferebat,
2950 2975 3075 3014 cum
3117 2960 3430 3017 hominibus
3457 2963 3605 3016 estsic

2032 3057 2217 3103 sterct.
2247 3047 2364 3102 Lux
2391 3057 2572 3102 autem
2605 3049 2930 3111 missa,-alia
2963 3065 3094 3103 sane
3123 3048 3285 3122 fuerit
3314 3051 3381 3104 ab
3403 3067 3466 3105 ea
3489 3067 3608 3121 quae

2031 3125 2218 3204 mittit,
2261 3141 2328 3196 de
2357 3157 2461 3211 qua
2492 3141 2694 3197 dicitur
2721 3186 2735 3196 .
2764 3141 2900 3196 Erat
2930 3143 3024 3196 lux
3061 3160 3176 3213 qua:
3208 3144 3474 3198 illuminat
3497 3162 3606 3198 om-

349 3257 605 3328 ἁληθείας
667 3255 1024 3329 ὑπαρχούσης
1092 3272 1208 3320 πως
1267 3256 1363 3308 σὺν
1424 3252 1730 3326 ἀνθρώποις
1758 3294 1774 3316 ,
1833 3254 1920 3306 ὅτε

2030 3251 2144 3288 nem
2175 3234 2436 3288 hominem
2463 3235 2749 3288 venientem
2781 3235 2836 3288 in
2881 3234 3134 3288 mundum
3155 3237 3221 3288 δ’.
3264 3235 3328 3290 Ει
3358 3235 3606 3294 Salvator

348 3348 548 3412 ταύτας
598 3347 751 3417 ήφίει
796 3345 895 3409 τὰς
949 3347 1152 3415 φωνάς.
1187 3343 1305 3407 Φῶς
1357 3341 1415 3395 δὲ
1464 3341 1925 3413 ἀποστελλόμενον

348 3441 534 3511 ἓτερον
578 3438 644 3491 ἂν
674 3438 758 3508 εἴη
802 3437 894 3489 τοῦ
928 3435 1376 3500 ἀποστέλλοντος,
1420 3435 1547 3506 περὶ
1586 3427 1648 3488 οὗ
1685 3434 1922 3508 εἴρηται·

349 3527 460 3585 Ἦν
488 3533 554 3586 τὸ
601 3528 726 3600 ςεῶς
761 3528 830 3582 τὸ
871 3525 1120 3598 φωτίζον
1167 3525 1364 3580 πάντα
1403 3527 1714 3595 ἄνθρωπον
1752 3525 1924 3595 ἐρχό-

347 3642 536 3694 μενον
557 3627 644 3690 εὶς
677 3623 782 3676 τὸν
803 3623 1054 3690 κόσμον.
1082 3619 1331 3673 Διδάσκει
1354 3619 1410 3671 δὲ
1440 3619 1532 3672 καὶ
1576 3619 1738 3682 αὐτὸς
1761 3620 1789 3670 6
1816 3619 1929 3670 Σω-

349 3717 454 3790 τὴρ
494 3713 932 3787 αὑτοπροσώπως
970 3713 1170 3782 λέγων’
1217 3708 1362 3781 Ἐγώ
1406 3713 1520 3780 εἰμι
1567 3711 1634 3764 τὸ
1661 3710 1788 3780 φῶς
1827 3711 1925 3763 καὶ

351 3815 390 3880 ’ἡ
426 3811 675 3879 ἀλήθεια
721 3811 818 3864 καὶ
861 3810 900 3878 ή
941 3805 1074 3875 ζωή.
1124 3807 1248 3859 Ἵνα
1301 3804 1358 3857 τί
1409 3804 1738 3871 περίλυπος
1774 3799 1846 3865 εἷ,
1887 3803 1925 3870 ἡ

351 3905 520 3974 ψυχή
538 3922 680 3974 μου,
712 3902 810 3957 καὶ
831 3902 930 3954 ἵνα
958 3901 1013 3954 τί
1031 3895 1481 3966 συνταράσσεις
1497 3911 1608 3964 με;
1637 3895 1929 3948 Ἕλπισον

350 4000 450 4055 ἐπὶ
482 4000 587 4054 τὸν
634 3995 802 4063 Θεὸν,
836 3994 925 4048 ὅτι
957 3990 1472 4062 ἐξομολογήσομαι
1509 3988 1686 4055 αὐτῷ,
1734 3986 1926 4054 σωτή-

344 4110 483 4164 ριον
518 4090 626 4144 τοῦ
653 4086 978 4158 προσώπου
999 4102 1118 4154 μου
1152 4084 1249 4137 καὶ
1283 4085 1314 4136 ό
1350 4081 1495 4147 Θεός
1517 4097 1656 4150 μου.
1705 4078 1814 4148 Σύμ
1827 4095 1929 4148 μα-

353 4204 446 4260 χος
469 4185 557 4238 δέ’
595 4185 655 4240 Τί
683 4179 1044 4250 καταρῤέεις,
1079 4175 1248 4247 ψυχή
1275 4193 1416 4246 μου,
1455 4174 1550 4226 καὶ
1577 4173 1634 4226 τι
1665 4171 1930 4240 θορυὸεἷς

351 4280 444 4335 ἐπ’
472 4278 612 4349 ἐμέ;
645 4275 992 4346 Ἀνάμεινον
1021 4272 1126 4326 τὸν
1153 4271 1331 4325 Θεόνο
1362 4270 1550 4323 εἰσαεὶ
1583 4266 1694 4337 γὰρ
1724 4266 1930 4334 ἐξομο-

351 4373 688 4444 λογήσομαι
720 4368 899 4434 αὐτῷ,
928 4366 1002 4435 τῇ
1024 4364 1290 4432 σωτηρίᾳ
1321 4361 1426 4417 τοῦ
1456 4359 1777 4429 προσώπου
1809 4377 1928 4427 μου

353 4468 450 4520 καὶ
491 4463 570 4530 τῷ
600 4461 722 4527 Θεῷ
756 4477 899 4531 μου.
935 4457 1272 4526 Ἀναμεινον,
1302 4451 1486 4522 φησὶν,
1526 4450 1614 4502 ἵνα
1656 4448 1750 4502 καὶ
1793 4445 1932 4517 αὑτὴ

352 4560 583 4633 δυνηθῇς
645 4572 775 4610 ποτε
823 4554 1022 4606 εἰπεῖν·
1088 4543 1418 4615 Ὑπομέυνων
1479 4541 1766 4633 ὑπέμεινα

359 4630 599 4723 Κύριον,
627 4647 730 4703 καὶ
776 4642 1080 4714 προσέσχε
1107 4656 1228 4710 μοι.
1266 4633 1427 4688 Ἀλλὰ
1454 4633 1548 4687 καὶ⁸
1580 4631 1796 4684 ἕλπισον
1835 4630 1930 4723 ἐπὶ

353 4721 454 4798 τὸν
485 4741 649 4796 Θεόνο
701 4740 740 4806 ἡ
777 4737 886 4807 γὰρ
925 4731 1098 4796 ἐλπὶς
1139 4731 1210 4782 οὐ
1249 4725 1658 4794 καταισχύνει.
1707 4723 1772 4775 Τί
1819 4721 1928 4792 γὰρ

353 4838 419 4890 ἂν
460 4833 566 4906 χρὴ
591 4825 990 4903 ταράττεσθαις
1022 4822 1073 4875 τί
1105 4821 1162 4874 δὲ
1195 4819 1491 4893 περίλυπον
1537 4815 1804 4885 γίνεσθαι,
1842 4831 1931 4868 το-

356 4905 560 4982 σούτων
609 4915 1076 4994 προσδοκωμένων
1117 4909 1366 4980 ἁγαθῶν;
1413 4911 1534 4962 Ἔτι
1577 4907 1685 4979 γὰρ
1715 4905 1932 4977 μικρὸν

356 5023 506 5077 ἔσον
525 5021 557 5072 ὁ
576 5016 899 5086 ἐρχόμενος
926 5006 1080 5076 ἣξει,
1107 5003 1206 5056 καὶ
1231 5003 1302 5056 οὐ
1321 4999 1562 5070 χρονιεῖ,
1605 5003 1696 5054 καὶ
1731 4998 1792 5052 τὸ
1815 4998 1929 5065 φῶς

349 5109 782 5178 ἀποσταλήσεται
811 5144 826 5169 ,
895 5099 992 5154 καὶ
1019 5099 1054 5168 ἡ
1087 5094 1312 5167 ἀλήθεια
1339 5091 1796 5165 παραγενήσεται,
1837 5087 1931 5140 καὶ

351 5206 418 5258 τὰ
452 5193 899 5272 προφητευθέντα
932 5189 1116 5251 τέλους
1142 5184 1390 5250 τεύξεται
1411 5202 1423 5215 ο
1467 5183 1562 5238 καὶ
1603 5181 1755 5244 τέλος
1797 5197 1934 5233 παν-

350 5295 441 5357 τὸς
478 5271 640 5358 λόγου
667 5285 730 5340 τὸ
770 5282 1034 5355 σωτήριόν
1082 5281 1200 5332 ἐστι
1235 5275 1331 5330 τοῦ
1363 5273 1680 5347 προσώπου,
1713 5271 1876 5334 αὐτὸς
1904 5272 1934 5324 6

353 5379 486 5442 Θεός
522 5393 644 5448 μου.
702 5370 955 5427 Ἐπειδὰν
999 5369 1108 5438 γὰρ
1135 5364 1478 5430 καταξιωθῶ,
1526 5361 1810 5434 παραστὰς
1857 5360 1934 5432 τῷ

353 5469 494 5540 Θεῷ,
528 5467 820 5541 πρόσωπον
857 5461 994 5534 πρὸς
1023 5457 1312 5532 πρόσωπον
1337 5453 1672 5509 ἐποπτεῦσαι
1716 5453 1776 5506 τὸ
1827 5469 1932 5506 σω-

355 5568 570 5636 τήριον,
604 5561 732 5632 περὶ
763 5549 1017 5618 οὗ’πολὺς
1055 5555 1085 5606 6
1115 5552 1273 5620 λόγος
1297 5550 1387 5604 διὰ
1425 5548 1616 5602 πασῶν
1645 5546 1754 5600 τῶν
1792 5546 1934 5636 Γρα-

358 5658 504 5736 φῶψ
555 5654 677 5708 τότε
728 5650 793 5723 δὴ
843 5647 993 5719 αὐτῷ
1053 5643 1516 5716 ὲξομολογήσομαι
1571 5639 1648 5704 ὡς
1700 5638 1767 5694 ἂν
1813 5635 1933 5708 Θεῷ

479 5777 524 5808 ⁸ο
578 5774 722 5830 Psal.
783 5786 906 5836 xu,
971 5770 1023 5824 5.
1134 5769 1176 5800 ⁵³
1219 5767 1375 5824 Joan.
1431 5784 1480 5832 ι,
1543 5768 1596 5822 9.

359 5851 405 5884 ⁸⁸
439 5847 594 5904 Hebr.
631 5858 694 5906 χ,
717 5843 808 5898 37.

1709 5759 1948 5819 "Joan.
2015 5773 2144 5818 xtv.
2221 5758 2276 5813 6.

2027 3327 2144 3396 ipse
2177 3342 2243 3381 ex
2273 3340 2506 3396 persona
2549 3341 2648 3380 sua
2681 3325 2841 3380 docet
2868 3326 2954 3382 his
2980 3327 3164 3382 verbis
3194 3347 3206 3381 :
3234 3326 3344 3398 Ego
3379 3346 3495 3383 sum
3521 3329 3603 3383 lua

2025 3429 2072 3474 et
2101 3419 2292 3472 veritas
2315 3427 2364 3472 et
2396 3418 2502 3472 vita
2520 3419 2586 3475 ".
2619 3418 2796 3484 Quare
2827 3419 2996 3473 tristis
3039 3435 3116 3482 es,
3172 3422 3352 3476 anima
3392 3439 3526 3488 mea,
3561 3433 3609 3476 et

2025 3529 2188 3584 quare
2215 3511 2499 3566 conturbas
2533 3515 2653 3569 me?
2685 3512 2853 3583 Spera
2892 3515 2944 3568 in
2975 3516 3086 3571 Deo
3113 3518 3364 3589 quoniam
3390 3518 3607 3586 conﬁte-

2027 3611 2121 3663 bor
2150 3607 2256 3670 illi,
2283 3607 2518 3662 salutare
2551 3607 2725 3661 uultus
2765 3610 2866 3662 mei
2888 3619 2935 3662 et
2980 3608 3123 3664 Deus
3164 3626 3328 3664 meus.
3351 3607 3607 3680 .Syninta-

2027 3700 2167 3754 chus
2208 3715 2364 3764 vero,
2393 3700 2574 3766 Quare
2605 3701 2790 3771 eﬂluis,
2823 3702 3002 3753 anima
3045 3717 3181 3764 mea,
3213 3710 3263 3755 et
3292 3717 3453 3770 quare
3483 3718 3606 3754 con-

2029 3792 2211 3847 turbas
2239 3797 2362 3849 me?
2396 3793 2658 3863 Exspecta
2689 3793 2880 3856 Deum,
2925 3809 3126 3862 semper
3157 3795 3295 3848 enim
3325 3794 3608 3863 conﬁtebor

2027 3885 2095 3948 ei,
2129 3883 2294 3940 saluti
2337 3883 2510 3937 uultus
2545 3883 2644 3937 mei
2673 3895 2722 3936 et
2753 3882 2863 3936 Deo
2909 3899 3039 3936 meo.
3092 3881 3376 3952 Exspecta,
3409 3884 3608 3952 inquit,

2030 3987 2089 4032 ut
2151 3985 2206 4032 et
2257 3979 2377 4048 ipsa
2435 3977 2730 4046 aliquando
2773 3977 2957 4030 dicere
2987 3976 3172 4030 valeas
3213 3991 3224 4027 :
3285 3973 3609 4044 Exspectans

2027 4073 2328 4141 exspectavi
2359 4069 2668 4131 Dominum,
2700 4079 2749 4122 et
2798 4067 3022 4122 intendit
3066 4066 3198 4120 mihi
3219 4067 3285 4120 ⁸³.
3320 4064 3426 4121 Sed
3453 4082 3609 4136 spera

2031 4165 2088 4220 in
2119 4163 2248 4230 Deo,
2283 4178 2408 4217 nam
2449 4177 2562 4231 spes
2603 4178 2707 4215 non
2739 4159 3014 4229 confundit
3041 4160 3108 4214 “.
3137 4157 3277 4225 Quid
3321 4159 3607 4213 conturba-

2029 4257 2178 4311 tione
2201 4255 2378 4326 Opus?
2403 4270 2524 4324 quae
2553 4254 2787 4308 tristitiae
2819 4267 3007 4317 causa,
3038 4265 3162 4304 cum
3191 4256 3271 4303 tot
3298 4257 3590 4320 exspecten

2031 4357 2122 4402 tur
2152 4347 2342 4402 bona?
2391 4345 2526 4398 Nam
2571 4344 2742 4397 adhuc
2793 4343 3057 4397 modicum
3113 4341 3526 4412 aliquantulum,
3561 4352 3608 4395 et

2032 4438 2121 4510 qui
2167 4447 2415 4491 venturus
2467 4441 2544 4487 est
2577 4433 2761 4496 veniet,
2810 4441 2860 4486 et
2911 4448 3014 4485 non
3051 4429 3285 4483 tardabit
3317 4431 3386 4494 ³³,
3433 4439 3487 4484 et
3519 4430 3606 4485 lux

2035 4530 2301 4592 mittetur,
2337 4527 2546 4582 veritas
2569 4525 2840 4589 adveniet,
2868 4533 2921 4579 et
2947 4539 3069 4593 quae
3091 4523 3455 4593 praenuntiata
3482 4532 3608 4578 sunt

2023 4617 2195 4672 tinem
2241 4617 2541 4672 habebunt.
2578 4614 2730 4670 Finis
2776 4627 2943 4684 porro
2983 4614 3165 4666 omnis
3214 4611 3482 4668 sermonis
3527 4621 3610 4668 est

2031 4710 2270 4764 salutare
2299 4709 2505 4772 vultus,
2537 4708 2655 4778 ipse
2685 4705 2828 4762 Deus
2859 4719 3034 4759 meus.
3058 4703 3196 4757 Cum
3227 4703 3371 4758 enim
3413 4702 3612 4774 dignus

2034 4803 2254 4868 habitus
2281 4815 2378 4856 ero
2399 4800 2495 4870 qui
2536 4814 2722 4854 coram
2767 4797 2879 4851 Deo
2913 4795 3054 4850 facie
3095 4795 3161 4850 ad
3193 4794 3391 4848 faciem
3431 4796 3610 4851 consi-

2033 4907 2199 4959 stam,
2232 4911 2296 4950 ac
2317 4895 2526 4949 videam
2560 4892 2800 4947 salutare
2849 4889 3006 4954 illud,
3069 4889 3137 4943 de
3179 4902 3289 4958 quo
3340 4888 3512 4941 multa
3557 4889 3612 4942 in

2033 4988 2290 5044 omnibus
2319 4986 2622 5056 Scripturis
2648 4982 3138 5046 circumferuntur,
3171 4989 3303 5035 tunc
3341 4981 3443 5052 ipsi
3479 4996 3612 5035 con-

2034 5080 2230 5136 fitebor
2279 5086 2339 5133 ut
2373 5077 2484 5133 Deo
2521 5091 2642 5132 meo
2696 5082 2751 5130 et
2800 5073 3025 5129 salutari
3059 5087 3202 5126 meo.
3249 5071 3482 5127 Pulchre
3517 5087 3612 5124 au-

2032 5182 2145 5230 tem
2190 5170 2410 5230 veritati
2438 5170 2625 5224 lumen
2668 5166 2919 5236 adiunxit
2951 5179 3116 5219 :uam
3162 5163 3310 5234 quod
3340 5164 3432 5218 lux
3483 5150 3625 5218 seu?

2036 5281 2156 5322 sum
2186 5279 2410 5321 movens
2450 5247 2632 5317 oculis:
2672 5257 2956 5329 corporeis
2993 5264 3096 5322 est,
3137 5257 3374 5328 idipsum
3408 5254 3610 5310 veritas

2036 5368 2121 5416 est
2153 5359 2346 5413 animae
2385 5354 2584 5419 oculis,
2627 5362 2881 5408 naturam
2917 5365 3100 5405 rerum
3148 5346 3606 5419 inspectantibus,

2040 5467 2218 5522 neque
2247 5449 2390 5504 ultra
2417 5444 2682 5517 deceptis,
2725 5443 2821 5500 sed
2862 5457 2961 5514 per
2992 5455 3173 5495 rerum
3205 5437 3608 5530 perceptionem

2039 5541 2357 5605 illustratis,
2411 5547 2465 5594 et
2515 5536 2762 5592 veritatis
2831 5533 3081 5589 notitiam
3158 5527 3608 5601 percipientibus'.

2039 5633 2219 5706 Ipsum
2256 5633 2438 5704 itaque
2467 5630 2691 5688 verbum
2717 5627 2854 5684 lueis
2878 5623 3182 5697 spiritualis
3209 5621 3341 5687 vim,
3372 5635 3481 5691 qua
3519 5633 3609 5675 ve-

2382 5757 2426 5791 "
2479 5754 2622 5812 Psal.
2685 5764 2886 5816 xxxix,
2948 5747 3001 5804 1.
3114 5745 3159 5777 ⁸⁵
3197 5740 3358 5798 Rom.
3417 5758 3488 5807 v,
3551 5738 3610 5798 ὕ.
