4122 6454
482 356 616 420 ’383

1298 365 1567 424 EUSEBII
1603 358 2080 425 CESARIENSIS
2115 358 2274 425 ()PP.
2304 367 2489 428 PARS
2524 370 2614 428 III.
2644 403 2718 415 —
2750 372 3163 432 EXEGETICA.

503 483 640 538 ritas
661 483 996 553 declaratur,
1025 486 1422 557 interpretatus
1445 496 1549 543 est.
1579 486 1712 545 Jure
1745 489 1931 562 itaque
1955 490 2059 546 Sal

2191 506 2293 562 μου
2322 492 2418 547 καὶ
2449 492 2662 565 Σωτῆρι
2696 502 2832 566 μου·
2869 494 3052 561 καλῶς
3097 496 3155 551 δέ
3197 494 3401 567 συνῆψε
3430 494 3493 549 τὸ
3541 494 3659 566 φῶς
3699 497 3769 568 τῇ

500 579 658 627 vator
703 571 820 627 haec
846 573 1135 645 discipulis
1177 574 1298 632 suis
1337 574 1566 631 tradens
1608 575 1687 631 ita
1720 577 1928 642 docuit,
1967 576 2082 648 Ego

497 678 618 718 sum
643 660 764 728 lux,
802 671 853 717 et
888 664 1085 719 raritas
1121 671 1174 719 et
1200 664 1309 721 vita
1329 664 1397 719 ⁸⁵.
1437 663 1744 737 Unicuique
1775 682 1943 739 porro
1973 682 2084 723 cae-

496 759 740 810 terarum
784 756 1088 812 editionum
1122 756 1272 813 hunc
1331 766 1737 830 consequenter
1768 760 1982 830 aptabis
2016 760 2083 816 ﬁ-

498 862 646 915 nem,
687 848 804 906 sive
830 866 1023 907 eorum
1057 852 1152 923 qui
1174 852 1231 907 in
1261 852 1542 924 Babylone
1572 853 1646 908 ita
1688 854 2078 924 loquebantur,

498 941 615 997 sive
644 944 884 1013 gentium
909 960 1032 1016 quae
1064 945 1307 1001 nondum
1336 946 1657 1002 credebant.

2190 584 2420 658 ἀληθείᾳ
2439 601 2453 616 ο
2517 586 2654 657 ὅπερ
2681 585 2791 659 γὰρ
2814 585 2930 656 φῶς
2959 587 3217 661 αἰσθητὸν
3253 587 3551 659 ὀφθαλμοῖς
3582 587 3773 659 σῶμα·

2189 693 2300 743 τος,
2330 679 2491 734 τοῦτο
2521 680 2744 753 ἀλήθεια
2767 684 2880 746 τοῖς
2909 682 3010 755 τῆς
3043 683 3223 756 ψυχῆς
3257 683 3556 756 ὀφθαλμοῖς
3587 686 3773 740 ἐνατε-

2188 769 2482 844 νίζουσιτῇ
2516 772 2675 842 φύσει
2706 773 2816 830 τῶν
2857 776 3222 849 πραγμάτοιν,
3262 778 3355 831 καὶ
3390 780 3587 849 μηκέτι
3624 778 3775 832 ἀπα-

2186 861 2474 933 τωμένοις,
2519 865 2588 919 δι’
2616 866 2789 939 αὐτῆς
2831 866 2889 922 δέ
2915 868 3017 939 τῆς
3055 867 3165 923 τῶν
3201 868 3374 922 ὄντων
3411 868 3774 942 καταλήψεως

2189 953 2598 1025 φωτιζομένοις,
2632 957 2726 1012 καὶ
2765 958 2966 1030 γνῶσιν
2999 961 3100 1032 τῆς
3145 960 3404 1032 ἀληθείας
3450 960 3770 1033 ἀναλαμϐά-

494 1051 698 1130 νουσιν.
734 1037 1076 1130 Ἦρμήνευσε
1096 1039 1277 1093 τοίνυν
1309 1039 1474 1104 αὐτὸς
1501 1043 1530 1095 ό
1559 1039 1714 1110 λόγος
1736 1039 1832 1094 τοῦ
1882 1041 2077 1115 νοητοῦ
2115 1046 2294 1114 φωτὸς
2355 1047 2454 1121 τὴν
2481 1050 2780 1123 ἐνέργειαν,
2837 1052 3097 1127 ἀληθείας
3130 1049 3294 1108 οὖσαν
3327 1059 3766 1130 παραστατικήν.

494 1129 735 1196 Εἰκότως
770 1128 863 1187 οὖν
892 1135 922 1187 ό
952 1133 1145 1206 Σωτὴρ
1179 1134 1354 1189 ταῦτα
1396 1135 1727 1207 παραδιδοὺς
1787 1139 1901 1200 τοῖς
1944 1137 2110 1192 αὐτοῦ
2152 1140 2422 1213 μαθηταῖς
2482 1145 2729 1201 ἐδίδασκε
2751 1146 2957 1217 λέγων·
3000 1146 3143 1219 Ἐγώ
3167 1151 3285 1218 ειμι
3324 1148 3391 1203 τὸ
3421 1148 3548 1219 φῶς
3590 1128 3768 1220 καιάἀ

493 1220 746 1287 ἀλήθεια
799 1222 900 1277 καὶ
947 1224 986 1293 ἡ
1022 1223 1156 1294 ζωή.
1222 1226 1335 1280 Καὶ
1380 1227 1586 1300 ἑκάστῃ
1628 1226 1688 1279 δὲ
1722 1225 1833 1283 τῶν
1865 1226 2068 1282 λοιπῶν
2130 1232 2398 1290 ἐκδόσεων
2424 1236 2686 1309 ἀρμόσεις
2734 1238 3043 1304 ἀκολούθως
3072 1239 3134 1293 τὸ
3165 1239 3338 1305 τέλος,
3380 1242 3489 1296 εἴτε
3544 1245 3658 1308 τοῖς
3702 1244 3769 1300 ἐν

493 1316 774 1371 Βαϐυλῶνι
814 1318 991 1373 ταῦτα
1034 1319 1316 1387 λέγουσιν,
1357 1320 1469 1376 εἴτε
1494 1326 1610 1388 τοῖς
1639 1322 1698 1389 ἐξ
1735 1323 1905 1378 ἐθνῶν
1945 1326 2112 1398 μήπω
2143 1334 2581 1389 πεπιστευκόσιν.

566 1430 620 1488 1.
676 1429 741 1484 IN
795 1430 1259 1500 FINEM,FILIIS
1307 1433 1493 1491 CORE
1545 1436 1638 1493 AD
1683 1436 2009 1495 INTELLE-

1079 1502 1272 1560 CTUM
1311 1505 1498 1562 XLIII.

560 1589 837 1663 Propositi
894 1610 1179 1653 sermones
1231 1613 1412 1668 neque
1465 1599 1741 1670 psalmum
1799 1599 1855 1654 in
1913 1600 2078 1657 titulo

489 1684 821 1757 praeferunt,
855 1703 1034 1759 neque
1068 1689 1377 1756 canticum,
1426 1706 1604 1764 neque
1643 1692 1905 1765 hymnum
1927 1734 1943 1758 ,
1980 1710 2078 1750 ne-

489 1789 599 1845 que
647 1775 778 1845 quid
830 1777 1040 1846 simile,
1086 1780 1218 1851 quia
1268 1782 1542 1838 sententia
1584 1784 1880 1839 verborum
1933 1784 2074 1840 nihil

2183 1446 2294 1501 ΕΙΣ
2344 1450 2434 1504 ΤΟ
2471 1450 2891 1575 ΤΕΛΟΣίΓὲἶέ
2928 1452 3343 1595 ἶίι)οἱξρζ(ΟΡΕ
3391 1454 3500 1508 EI}:
3548 1454 3768 1510 ΣΥΝΕ-

2266 1611 2405 1666 Ἀλλ’
2430 1611 2552 1667 οὐδὲ
2584 1614 2635 1667 oi
2672 1615 3021 1686 προκείμενοι
3061 1615 3211 1685 λόγοι
3246 1615 3459 1687 ψαλμὸν
3488 1617 3627 1671 κατά
3658 1616 3765 1687 τὴν

2183 1703 2510 1777 προγραφὴν
2532 1706 2898 1778 περιέχουσιν,
2929 1707 3050 1762 οὐδὲ
3072 1707 3233 1780 ᾠδὴν,
3267 1709 3387 1764 οὐδὲ
3419 1706 3608 1781 ὕμνον,
3637 1708 3764 1763 ούδέ

2180 1810 2233 1848 τι
2266 1793 2376 1849 τῶν
2412 1796 2670 1852 τοιούτων
2690 1815 2704 1829 ·
2736 1798 2859 1852 ἐπεὶ
2895 1797 3030 1871 μηδὲ
3064 1799 3134 1854 τὰ
3155 1801 3254 1873 τῆς
3279 1800 3517 1866 διανοίας
3557 1800 3668 1857 τῶν
3699 1803 3764 1855 ἐν

490 1881 681 1922 eorum
724 1870 986 1941 respicit,
1033 1871 1131 1929 sed
1175 1874 1606 1946 supplicationes
1632 1887 1764 1932 sunt
1792 1876 2059 1948 prioribus

2176 1885 2358 1950 αὐτοῖς
2400 1886 2712 1959 φερομένων
2752 1870 3010 1961 τοιαύτης
3051 1870 3236 1962 ἔχεταί
3275 1891 3537 1965 θεωρίας·
3567 1893 3761 1966 ἱκετη-

491 1958 701 2016 similes
720 1999 735 2024 ,
767 1975 832 2016 ac
860 1961 1108 2032 ejusdem
1140 1968 1492 2038 argumenti;
1525 1968 1785 2024 nimirum
1815 1969 1885 2026 de
1910 1969 2071 2026 ruina

486 2049 702 2108 Iudaici
737 2052 974 2125 ’populi,
1007 2072 1077 2113 ex
1126 2058 1521 2130 prophetarum
1568 2075 1808 2133 persona
1860 2077 1891 2117 a
1942 2061 2071 2119 ﬁliis

486 2142 630 2200 Core
675 2146 924 2217 prolatae.
969 2148 1031 2204 In
1078 2151 1337 2221 praesenti
1377 2166 1543 2223 porro
1575 2154 1819 2225 apertius
1849 2160 2074 2210 senten-

486 2236 621 2292 tiam
668 2239 981 2306 declarant,
1025 2258 1135 2314 qua
1181 2244 1237 2299 in
1277 2246 1660 2317 superioribus
1698 2262 1821 2304 sese
1851 2245 2069 2305 ﬁetibus

485 2328 774 2388 dederant.
809 2331 1114 2392 Erumnas
1143 2335 1329 2407 itaque
1372 2338 1577 2408 p0pulo
1616 2337 1895 2396 immissas
1936 2356 2068 2395 nar-

484 2429 636 2477 rant.
679 2420 863 2489 Quare
888 2439 993 2480 nos
1020 2424 1088 2480 ad
1127 2426 1464 2483 intellectum
1505 2428 1785 2497 excitant,
1820 2437 1985 2505 atque
2014 2431 2071 2487 in

486 2509 646 2572 titulo
687 2530 792 2571 nos
837 2516 908 2571 ad
953 2516 1113 2573 linem
1156 2519 1482 2588 remittunt,
1527 2521 1657 2591 quia
1697 2521 1815 2576 haec
1857 2522 1912 2577 in
1962 2524 2070 2580 line

483 2614 746 2663 eventura
765 2647 783 2671 ,
814 2607 944 2665 licet
972 2618 1030 2665 ut
1054 2609 1170 2680 jam
1204 2610 1425 2683 impleta
1458 2611 1551 2668 ﬁlii
1581 2612 1723 2670 Core
1753 2615 2071 2686 prophetiae

483 2702 939 2757 vaticinarentur.
1008 2700 1069 2757 In
1121 2705 1503 2775 superioribus
1558 2705 1743 2777 itaque
1795 2708 2058 2780 lacrymao

483 2792 705 2861 bantur,
756 2796 1113 2869 doloremque
1163 2814 1327 2854 suum
1375 2798 1487 2856 Deo
1531 2801 1965 2873 renuntiabant;
2004 2804 2062 2859 in

483 2886 738 2957 praisenti
769 2904 900 2969 vero
925 2890 1075 2962 ipsas
1101 2892 1449 2949 calamitates
1474 2901 1759 2949 enarrant.

2177 1976 2292 2050 ρίαι
2327 1977 2386 2032 δέ
2417 1980 2556 2034 εἰσιν
2598 1980 2781 2053 ὅμοιαι
2825 1984 2946 2047 ταῖς
2990 1981 3300 2056 ἔμπροσθεν
3321 2024 3335 2049 ,
3366 1986 3461 2039 καὶ
3500 1986 3628 2059 περὶ
3656 1985 3761 2058 τῆς

2173 2068 2346 2141 αὐτῆς
2399 2069 2736 2137 ὑποθέσεως·
2778 2072 2925 2143 λέγω
2977 2073 3036 2128 δέ
3066 2075 3197 2146 περὶ
3238 2074 3342 2146 τῆς
3383 2075 3760 2141 ἀποπτώσεως

2172 2157 2269 2213 τοῦ
2306 2160 2576 2216 Ἰουδαίων
2613 2161 2801 2229 ἔθνους
2852 2165 2917 2218 ἐκ
2961 2163 3254 2239 προσώπου
3297 2166 3407 2223 τῶν
3459 2168 3758 2241 προφητῶν

2174 2252 2707 2327 προσπεφωνημέναι
2747 2255 2837 2312 διὰ
2879 2256 2993 2311 τῶν
3024 2258 3156 2313 υίῶν
3202 2259 3369 2331 Κορέ.
3423 2259 3758 2331 Διασαφοῦσι

2171 2342 2218 2397 δ’
2265 2346 2357 2399 ἐπὶ
2415 2344 2512 2400 τοῦ
2565 2347 2833 2420 παρόντος
2880 2347 3201 2422 λευκότερον
3259 2351 3608 2421 ἐκφαίνοντες
3650 2351 3763 2425 τὴν

2170 2436 2443 2505 διάνοιαν,
2488 2439 2554 2494 δι’
2599 2440 2668 2513 ἣν
2704 2441 2762 2495 ἐν
2796 2443 2910 2507 τοῖς
2962 2440 3269 2515 ἔμπροσθεν
3313 2444 3750 2500 ἀπεκλαύσαντο.

2169 2528 2546 2602 Διεξέρχονται
2585 2531 2717 2600 γοῦν
2763 2532 2833 2587 τὰ
2883 2533 3269 2606 συμϐεϐηκότα
3305 2534 3450 2608 πάθη
3498 2534 3577 2607 τῷ
3610 2535 3750 2608 λαῷ.

2172 2608 2335 2677 δοθεν
2365 2623 2724 2698 διεγείρουσιν
2746 2627 2895 2699 ἡμᾶς
2917 2628 3000 2691 είς
3027 2627 3264 2691 σύνεσιν,
3295 2628 3390 2682 καὶ
3414 2629 3493 2693 εἰς
3518 2628 3580 2683 τὸ
3598 2627 3755 2694 τέλος

2169 2713 2555 2787 ἀναπέμπουσι
2588 2716 2677 2771 διά
2704 2716 2812 2789 τῆς
2832 2719 3179 2791 προγραφῆς,
3211 2717 3302 2772 διὰ
3328 2716 3389 2771 τδ
3419 2717 3634 2790 μέλλειν
3655 2717 3753 2772 ἐπὶ⁸

2168 2803 2313 2859 τέλει
2350 2805 2528 2863 ταῦτα
2556 2807 2898 2880 συμϐαίνειν,
2923 2812 2971 2864 εί
2999 2812 3094 2864 καὶ
3124 2810 3200 2876 ὡς
3229 2811 3329 2883 ἢδη
3366 2809 3752 2883 συμϐεϐηκότα

2169 2896 2312 2953 αύτά
2337 2900 2387 2952 oi
2426 2899 2534 2953 υἱοὶ
2574 2899 2723 2972 Κορέ
2769 2901 3122 2974 προφητικῶς
3153 2901 3454 2966 ἐθέσπιζον.
3506 2900 3605 2956 Διά
3649 2901 3750 2972 μὲν

480 2978 574 3037 οῦν
605 2983 714 3038 τῶν
750 2984 1063 3058 ἔμπροσθεν
1101 2988 1549 3056 ἁπεκλαύσαντο,
1580 2990 1675 3046 καὶ
1730 2990 1831 3056 τὰς
1886 2991 2098 3049 ἑαυτῶν
2135 2992 2461 3068 ἐξήγγειλαν
2496 2995 2575 3069 τῷ
2606 2996 2727 3070 Θεῷ
2747 2996 2921 3063 λύπας
2960 3014 2976 3029 ’
3025 3000 3084 3053 ἐν
3113 2998 3171 3052 δέ
3210 3001 3325 3064 τοῖς
3367 2995 3751 3072 προκειμένοις

480 3076 577 3131 καὶ
602 3076 740 3132 αὐτὰ
767 3077 836 3132 τὰ
866 3077 1014 3154 πάθη
1042 3079 1377 3155 ἐξέρχονται.

552 3170 723 3229 Vens.
761 3173 880 3230 2«9.
917 3173 1084 3241 Deus,
1117 3178 1339 3234 auribus
1368 3183 1566 3238 nostris
1596 3182 1919 3251 audivimus,
1954 3190 2063 3241 etc.
2092 3191 2138 3250 ο

477 3266 586 3322 l’ro
615 3268 738 3333 illo,
772 3268 880 3336 Qui
910 3269 1136 3324 mandas
1167 3272 1366 3327 salutes
1403 3271 1574 3327 Jacob
1601 3315 1617 3341 ,
1651 3272 2024 3347 Symmachus
2045 3315 2062 3340 ,

481 3360 562 3415 Tu
604 3378 658 3416 es
697 3375 792 3415 rea:
829 3377 1011 3429 meus,
1046 3358 1218 3429 Deus,
1254 3362 1453 3418 manda
1481 3363 1546 3419 de
1571 3363 1744 3419 salute
1769 3363 1961 3420 Iacob.
1996 3363 2064 3420 In

479 3463 532 3508 te
560 3453 802 3507 inimicos
843 3464 1052 3508 nos-Iros
1095 3455 1462 3510 uentilabimus
1504 3472 1688 3511 cornu.
1738 3455 1842 3523 Qui
1879 3456 1936 3511 in
1966 3473 2065 3528 po-

476 3548 608 3618 pulo
637 3546 806 3618 probe
837 3561 895 3604 se
923 3557 1121 3618 gerunt
1141 3589 1156 3609 ,
1187 3555 1241 3604 et
1269 3548 1364 3619 qui
1412 3548 1560 3620 apud
1596 3550 1776 3620 ipsum
1819 3551 2061 3622 prophe—

476 3647 575 3704 ιω,
607 3639 724 3696 haac
751 3640 1028 3707 dixerint,
1069 3641 1398 3698 conﬁtentes
1430 3657 1541 3698 non
1573 3644 1796 3714 prOpria
1819 3644 2058 3713 virtute,

476 3748 588 3787 non
618 3747 781 3797 arcu,
809 3748 920 3789 non
944 3733 1126 3805 gladio
1156 3735 1390 3791 salutem
1422 3735 1525 3791 sibi
1554 3734 1737 3806 parari
1765 3775 1781 3800 ,
1819 3735 1917 3791 sed
1946 3737 2060 3792 vir-

474 3828 592 3876 tute
637 3835 809 3877 cornu
836 3821 945 3878 sui.
997 3822 1220 3879 Cornua
1264 3838 1434 3895 porro
1483 3822 1730 3880 Danielis
1768 3823 2057 3897 Scriptura

473 3928 643 3983 regna
688 3903 887 3969 vocat:
938 3923 1264 3970 sanctorum
1311 3930 1443 3972 vero
1487 3930 1662 3971 cornu
1689 3916 1899 3971 dicitur
1938 3918 2056 3989 ipse

473 4002 778 4073 Dominus;
810 4019 984 4076 quare
1014 4006 1122 4061 ait:
1157 4005 1223 4061 In
1251 4015 1300 4062 te
1330 4007 1569 4062 inimicos
1595 4017 1804 4064 nostros
1833 4010 2055 4065 ventila-

472 4095 646 4151 bimus
679 4114 884 4162 cornu;
916 4098 1048 4154 alibi
1079 4113 1299 4170 quoque
1328 4097 1534 4154 dicitur
1554 4098 1861 4157 :Proteetor
1894 4118 2041 4157 meus

470 4200 521 4245 et
550 4206 712 4244 cornu
740 4189 937 4245 salutis
965 4207 1094 4247 meae
1128 4191 1195 4247 ³⁷.
1242 4188 1413 4263 Igitur
1454 4191 1575 4263 ipse
1606 4207 1783 4249 cornu
1826 4202 1949 4250 est:
1987 4208 2052 4248 ac

472 4296 688 4352 quaeras
728 4282 891 4337 velim
936 4297 1048 4354 quo
1095 4291 1257 4355 pacto
1299 4284 1408 4339 alio
1453 4284 1510 4339 in
1544 4284 1667 4340 loco
1692 4285 1904 4342 dictum
1942 4285 2050 4351 sit,

469 4372 747 4444 Confessio
779 4375 894 4443 ejus
930 4391 1086 4444 super
1127 4376 1314 4431 emtum
1353 4385 1405 4432 et
1443 4385 1639 4432 terram
1667 4417 1682 4443 ,
1712 4387 1762 4432 et
1791 4376 2049 4433 exaltabit

470 4481 636 4520 cornu
666 4466 846 4535 populi
875 4467 962 4520 sui
992 4465 1061 4533 ⁸⁸,
1093 4470 1254 4538 quasi
1286 4468 1428 4524 alius
1458 4469 1529 4524 sit
1559 4469 1653 4540 qui
1681 4476 2045 4524 memoratum

2253 3178 2307 3232 '0
2331 3178 2497 3246 Θεὸς,
2527 3177 2652 3246 τοῖς
2673 3177 2827 3233 ὠσίν
2847 3176 3017 3248 ἡμῶν
3043 3178 3408 3249 ἠκούσαμεν.
3448 3180 3592 3235 Ἀντὶ
3617 3182 3743 3237 τοῦ’

2181 3272 2236 3326 '0
2267 3271 2702 3341 ἐντελλόμενος
2743 3269 2852 3337 τὰς
2888 3270 3187 3338 σωτηρίας
3223 3268 3438 3335 Ἰακὼϐ,
3469 3272 3499 3324 ό
3520 3271 3748 3344 Σύμμα-

2164 3380 2290 3435 χος*
2335 3361 2419 3417 Σὺ
2464 3356 2523 3416 εἴ
2562 3364 2596 3416 d
2645 3360 2952 3426 ,ϐασιλεύς
2996 3376 3143 3430 μουο
3202 3362 3236 3414 ό
3281 3359 3447 3427 Θεὸς,
3480 3361 3745 3418 liv-terius

2163 3456 2294 3525 περὶ
2326 3453 2438 3524 τῆς
2467 3454 2767 3522 σωτηρίας
2802 3451 3016 3507 Ἰακώϐ.
3052 3452 3156 3506 Ἑν
3177 3451 3279 3506 σοι
3312 3452 3456 3520 τοὺς
3489 3454 3744 3526 ἐχθροὺς

2160 3544 2332 3616 ἡμῶν
2359 3546 2766 3616 κερατιοῦμεν.
2791 3545 2854 3599 Oi
2879 3545 2976 3617 μὲν
2997 3545 3056 3598 ἐν
3082 3542 3160 3616 τῷ
3183 3542 3298 3616 λαῷ
3325 3545 3738 3619 κατορθοῦντες,

2159 3638 2217 3692 οἴ
2254 3654 2316 3692 τε
2360 3638 2418 3691 ἐν
2454 3636 2605 3707 αύτῷ
2654 3635 2952 3708 προφῆται,
2986 3632 3159 3688 ταῦτα
3190 3632 3257 3688 ἂν
3300 3634 3505 3690 εἴποιεν
3545 3637 3740 3707 ὁμολο-

2159 3731 2382 3801 γοῦντες
2412 3729 2487 3802 μὴ
2517 3729 2695 3801 οἰκείᾳ⁸
2733 3728 2982 3800 δυνάμει,
3018 3727 3152 3800 μηδὲ
3190 3728 3330 3799 τόξῳ
3361 3729 3455 3783 καὶ
3495 3729 3741 3803 ῥομφαίᾳ

2159 3824 2370 3888 ἑαυτοῖς
2405 3821 2474 3876 τὰ
2498 3820 2768 3895 σωτηρίας
2810 3821 3232 3893 περιποιεῖσθαι,
3267 3823 3333 3893 τῇ
3357 3820 3413 3874 δὲ
3440 3821 3535 3875 τοῦ
3560 3822 3740 3893 κέρως

2156 3915 2335 3970 αὐτῶν
2359 3913 2603 3985 δυνάμει.
2643 3913 2864 3986 Κέρατα
2889 3913 2944 3966 δὲ
2976 3914 3010 3984 ἡ
3046 3911 3141 3966 τοῦ
3176 3911 3373 3984 Δανιὴλ
3406 3912 3595 3985 Γραφὴ
3635 3912 3737 3978 τὰς

2157 4006 2429 4079 βασιλείας
2466 4006 2753 4077 ὀνομάζει·
2800 4004 2911 4060 τῶν
2958 4005 3017 4060 δὲ
3056 4006 3227 4076 ἁγίων
3274 4007 3442 4078 κέρας
3488 4005 3735 4061 λέλεκται

2154 4100 2316 4163 αὐτὸς
2341 4099 2371 4151 ὁ
2410 4098 2613 4170 Κύριος
2637 4115 2651 4130 ⁸
2683 4097 2765 4154 διό
2796 4115 2965 4169 φησι·
3008 4098 3112 4153 Ἐν
3149 4097 3249 4151 σοὶ
3296 4098 3440 4165 τοὺς
3480 4098 3734 4168 ἐχθροὺς

2152 4191 2323 4261 ἡμῶν
2342 4191 2745 4260 κερατιοῦμεν.
2781 4191 2892 4244 Καὶ
2917 4190 2975 4245 ἐν
2995 4184 3457 4255 ἐτέροιςλέλεκται
3475 4207 3489 4224 ο
3534 4191 3730 4260 Ὑπερ-

2151 4284 2459 4352 ασπιστής
2528 4300 2648 4353 μου
2714 4282 2813 4337 καὶ
2888 4282 3069 4351 κέρας
3123 4285 3419 4353 σωτηρίας
3484 4300 3604 4354 μου
3653 4284 3725 4338 εἷ.

2150 4377 2342 4431 Τοίνυν
2394 4376 2556 4441 αὐτὸς
2613 4377 2729 4429 ἐστι
2754 4375 2816 4429 τὸ
2857 4374 3059 4446 κέρας·
3092 4374 3245 4448 ζήτει
3292 4377 3440 4440 ὅπως
3478 4375 3729 4431 λέλεκται

2149 4467 2411 4541 ἀλλαχοῦ·
2475 4468 2538 4524 Ἠ
2588 4467 3027 4539 ἐξομολόγησις
3082 4464 3269 4521 αὐτοῦ
3319 4467 3418 4520 ἐπὶ
3452 4465 3565 4539 γῆς
3625 4468 3725 4522 καὶ

468 4574 643 4614 cornu
674 4559 858 4630 erigit.
884 4559 1328 4626 -Animadverte,
1359 4576 1568 4632 quaeso,
1612 4577 1743 4616 num
1776 4560 1873 4617 Dei
1902 4562 2041 4618 Ver-

2164 4559 2436 4629 >ὺρανοῦ,
2494 4560 2593 4615 καί
2643 4559 2878 4645 ὑψώσει
2930 4558 3111 4629 κέρας
3176 4559 3332 4614 λαοῦ
3382 4558 3597 4614 αὐτοῦ’
3649 4559 3727 4624 ὡς

466 4647 631 4711 bum,
668 4646 786 4718 ipse
819 4647 1120 4716 Dominus,
1154 4664 1327 4706 cornu
1360 4652 1544 4723 populi
1588 4651 1885 4724 perspicue
1930 4653 2044 4719 sit,

467 4752 535 4792 ac
581 4737 671 4807 qui
715 4735 878 4807 erigit
925 4737 1094 4805 illud,
1137 4736 1301 4795 Pater
1342 4740 1437 4810 qui
1483 4742 1673 4812 genuit
1715 4756 1860 4796 eum.
1905 4739 2046 4807 Quia

465 4829 613 4885 enim
639 4828 935 4884 humiliauit
961 4831 1296 4900 semetipsum
1323 4847 1487 4903 usque
1515 4830 1584 4885 ad
1615 4840 1870 4899 mortem,
1902 4847 2045 4886 mor-

466 4930 568 4976 tem
607 4932 781 4976 autem
821 4921 994 4976 erucis
1015 4963 1031 4989 ,
1067 4921 1183 4976 ideo
1213 4921 1353 4977 Deus
1386 4923 1640 4979 exultavit
1670 4924 1823 4979 illum
1855 4925 1922 4989 ",
1955 4940 2044 4981 se-

2153 4653 2340 4726 ἐτέρου
2370 4652 2518 4718 ὄντος
2542 4652 2637 4706 τοῦ
2661 4652 2923 4723 ύφοῦντος
2950 4652 3011 4705 τὸ
3033 4650 3504 4723 προδεδηλωμένον
3532 4651 3721 4723 κέρας.

2154 4746 2295 4819 Ὅρα
2323 4740 2418 4799 οὖν
2440 4746 2488 4798 εἰ
2515 4744 2591 4817 μὴ
2618 4744 2806 4814 σαφῶς
2824 4746 2852 4798 ό
2880 4741 3015 4797 Θεοῦ
3038 4742 3229 4812 Λόγος,
3255 4743 3418 4805 αὐτὸς
3437 4745 3466 4796 ὁ
3495 4742 3719 4814 Κύριος,

2149 4836 2235 4908 εἴη
2266 4835 2332 4889 ἂν
2362 4836 2423 4889 τδ
2450 4836 2619 4908 κέρας
2649 4835 2745 4889 τοῦ
2768 4834 2921 4899 λαοῦ,
2951 4834 2980 4886 ὁ
3009 4833 3067 4887 δὲ
3101 4832 3250 4903 ὑψῶν
3276 4833 3438 4885 αὐτὸν
3464 4833 3494 4886 ό
3527 4839 3720 4906 γεννήο

2150 4946 2251 4994 σας
2277 4928 2439 4983 αὐτὸν
2456 4928 2664 5000 Πατήρ.
2707 4925 2924 4998 Ἐπειδὴ
2941 4925 3052 4997 γὰρ
3077 4925 3482 4980 ἐταπείνωσεν
3501 4925 3721 4980 ἑαυτὸν

463 5014 706 5071 cundum
734 5015 1077 5085 Apostolum.
1108 5013 1168 5069 In
1199 5015 1304 5071 hoc
1333 5015 1517 5086 itaque
1546 5031 1721 5072 cornu
1745 5024 1801 5073 et
1827 5017 1885 5071 in
1912 5031 2042 5087 rege

2164 5019 2318 5090 ιέχρι
2348 5019 2628 5085 θανάτου,
2661 5015 2922 5074 θανάτου
2956 5014 3027 5070 δὲ
3063 5013 3352 5083 σταυροῦ,
3382 5014 3479 5069 διὰ
3500 5015 3722 5073 τοῦτοό

462 5122 566 5163 suo
593 5106 856 5172 ﬁdentes,
888 5106 1221 5163 conﬁtentur
1251 5124 1311 5166 se
1342 5124 1455 5164 non
1485 5123 1616 5164 arcu
1638 5149 1655 5173 ,
1688 5124 1803 5165 non
1827 5108 2036 5181 gladio,

461 5216 572 5255 non
596 5200 820 5271 propria
844 5190 1085 5263 virtute,
1107 5200 1203 5256 sed
1230 5201 1377 5274 regis
1403 5201 1489 5257 sui
1519 5199 1766 5273 potentia
1790 5242 1805 5267 ,
1833 5199 1900 5256 de
1928 5199 2039 5255 ini-

461 5290 622 5345 micis
652 5290 941 5345 victoriam
977 5299 1382 5362 reportaturos.
1427 5291 1638 5349 Deinde
1683 5291 1813 5362 quia
1849 5293 2035 5364 ipsum

460 5382 752 5439 Dominum
788 5398 888 5454 pro
926 5399 1053 5455 rege
1080 5391 1135 5440 et
1162 5399 1335 5440 cornu
1376 5383 1776 5446 obtinuerunt,
1810 5381 1937 5452 jure
1973 5397 2034 5438 se

461 5491 571 5533 non
599 5475 839 5533 inimicis
863 5477 1113 5536 subditos
1138 5474 1285 5545 fore,
1310 5476 1407 5533 sed
1436 5482 1795 5546 superaturos
1818 5473 2029 5530 dicunt.

2148 5110 2292 5178 Θεὸς
2304 5108 2491 5165 αὐτὸν
2504 5110 2879 5178 ὺπερύψωσε,
2901 5109 3039 5163 κατὰ
3053 5108 3141 5161 τὸν
3168 5105 3505 5164 Ἀπόστολον.
3533 5103 3721 5175 Τούτῳ

2142 5196 2236 5255 οὗν
2271 5198 2349 5271 τῷ
2396 5199 2588 5272 κέρατι
2623 5197 2832 5251 ἑαυτῶν
2870 5197 2966 5251 καὶ¹
3002 5195 3080 5266 τῷ
3114 5194 3326 5268 βασιλεῖ
3366 5193 3714 5267 θαρροῦντες,

2141 5292 2467 5365 ὁμολογοῦσι
2512 5292 2586 5364 μὴ
2632 5288 2793 5361 τόξῳ,
2842 5288 2978 5361 μηδέ
3022 5287 3302 5362 ῥομφαία,
3356 5288 3490 5359 μηδὲ
3539 5284 3714 5354 οἰκεία

2140 5382 2307 5452 ἀρετῇ
2339 5379 2447 5434 τῶν
2476 5377 2685 5452 ἐχθρῶν
2718 5377 3191 5450 περιγενήσεσθαι,
3222 5376 3359 5430 ἀλλὰ
3389 5379 3455 5448 τῇ
3494 5373 3590 5428 τοῦ
3617 5373 3714 5444 βα-

2139 5470 2331 5535 σιλέως
2357 5469 2534 5524 αὐτῶν
2557 5468 2803 5540 δυνάμει.
2828 5464 2940 5523 Εἶτ’
2963 5469 3150 5542 ἐπειδὴ
3176 5467 3399 5539 βασιλέα
3424 5467 3518 5522 καὶ
3544 5466 3711 5540 κέρας

525 5620 573 5656 ⁵⁸
599 5622 759 5677 Joan.
785 5636 905 5688 νιιι,
942 5620 1045 5691 l2;
1075 5636 1190 5690 xxv,
1213 5619 1268 5675 ϐ.
1345 5619 1391 5654 ³⁷
1418 5617 1565 5677 Psal.
1600 5633 1742 5686 xvu,
1772 5620 1829 5676 3.
1895 5618 1942 5650 "
1974 5614 2059 5671 Ps:

2164 5630 2362 5682 :xtvm,
2396 5614 2487 5671 14.
2523 5614 2570 5648 ⁸⁸
2596 5613 2833 5689 Philipp.
2858 5631 2921 5684 ιι,
2943 5617 2999 5675 8.

529 5754 604 5825 (υ
635 5756 694 5808 In
724 5753 927 5811 Grazcis
955 5750 1357 5825 exemplaribus
1394 5747 1613 5804 additur
1638 5743 1875 5825 ψαλμός,
1908 5757 2052 5825 Δ(ιιιιιι
2087 5759 2190 5802 vox
2228 5758 2330 5803 nec
2366 5744 2421 5801 in
2460 5740 2728 5801 Hebraico
2764 5757 2870 5801 nec
2906 5742 2963 5802 in
2994 5741 3225 5817 Vulgata
3268 5744 3486 5823 legitur,
3522 5759 3705 5816 neque

461 5815 774 5883 ln'Eusebii
797 5815 1130 5895 exemplari;
1145 5831 1203 5877 ut
1240 5822 1357 5894 ipse
1395 5815 1682 5886 memorat,
1716 5815 2014 5873 ferebatur.
