4122 6454
339 372 446 428 ὗὲὅ

1468 370 1968 428 COMMENTARIA
2006 372 2076 426 IN
2113 370 2450 428 PSALMOS.

3485 372 3590 429 386

339 489 639 558 ἐκτήσαντο
684 486 846 540 αὐτὸν
905 483 997 538 τὸν
1027 484 1252 558 Κύριον,
1284 485 1510 550 εἰκότως
1545 489 1656 550 τοῖς
1706 486 1905 558 ἐχθροῖς

2021 485 2146 542 llaec
2170 501 2302 542 sane
2329 484 2643 558 signiﬁcant
2673 485 2758 540 his
2784 485 3003 543 verbis:
3032 486 3269 542 Saloasti
3298 503 3391 541 nos
3413 486 3479 541 de
3507 487 3593 556 af-

341 585 417 649 μὴ
454 579 754 650 ὑποχείριοι
805 577 1130 649 γενήσεσθαί
1181 595 1312 648 φασι
1337 595 1351 608 '
1389 579 1671 650 κρείττους
1706 579 1763 632 δέ
1811 579 1918 632 τῶν

339 669 614 741 πολεμίων
660 669 918 738 ὑπάρξαι.
973 669 1143 724 Τοῦτο
1187 670 1317 739 γοῦν
1352 670 1570 742 δηλοῦσι
1635 669 1914 740 λέγοντες·

343 766 626 828 Ἐσωσας
655 762 813 832 ἡμᾶς
831 763 899 816 ἐκ
927 760 1045 815 τῶν
1071 763 1398 818 θλιϐόντων
1437 763 1616 834 ἡμᾶς,
1649 764 1747 817 καί
1777 765 1918 830 τοὺς

333 850 670 920 μισοῦντας
715 849 873 920 ἡμᾶς
926 853 1332 922 κατῄσχυνας.
1382 855 1494 909 Καὶ
1528 855 1825 926 ἐπειδήπερ
1866 857 1915 908 οἰ

341 944 439 1014 μὲν
473 942 656 1013 ἐχθροὶ
687 943 949 1014 αἰσχύνην
981 945 1327 1016 κατεχὲαντο,
1354 947 1508 1002 αὐτοὶ
1539 947 1595 1001 δὲ
1616 949 1716 1001 οὐκ
1740 947 1918 1018 οἰκείᾳ

336 1037 585 1107 δυνάμει,
620 1040 686 1108 τῇ
714 1036 769 1090 δὲ
795 1037 888 1091 τοῦ
924 1037 1099 1110 κέρως
1122 1039 1300 1092 αὐτῶν
1335 1039 1619 1110 ἐσώθησαν
1641 1057 1654 1070 ·
1693 1039 1914 1103 εἰκότως

337 1131 760 1184 ἐπισυνάπτουσι
808 1130 1086 1200 λέγοντες*
1147 1133 1250 1186 Ἐν
1283 1132 1362 1198 τῷ
1420 1132 1542 1200 Θεῷ
1596 1134 1913 1201 ἐπαινεθη-

335 1224 561 1292 σόμεθα
590 1222 744 1290 ὅλην
762 1222 877 1291 τὴν
906 1222 1134 1293 ἡμέραν
1155 1241 1168 1254 ·
1197 1225 1230 1295 ἢ
1259 1224 1398 1278 κατὰ
1417 1225 1507 1279 τὸν
1538 1225 1786 1288 Ἀκύλαν,
1819 1224 1914 1278 Ἐν

336 1315 417 1379 τῷ
453 1314 574 1380 Θεῷ
607 1318 1060 1386 καυχησόμεθα·
1097 1317 1129 1388 ἢ
1159 1318 1299 1371 κατὰ
1325 1318 1416 1371 τὸν
1449 1317 1760 1390 Σύμμαχον,
1801 1317 1913 1372 Τὸν

337 1405 487 1458 Θεὸν
509 1406 816 1476 ὑμνοῦμεν
836 1406 989 1475 ὅλην
1016 1407 1131 1474 τὴν
1160 1409 1407 1477 ἡμέραν,
1438 1409 1534 1462 καὶ
1562 1409 1640 1474 τῷ
1665 1410 1912 1479 ὀνόματι

334 1511 453 1548 σου
475 1495 1032 1566 ἐξομολογησόμεθα
1082 1500 1168 1564 εἰς
1200 1498 1306 1552 τὸν
1333 1499 1535 1555 αἰῶνα.
1572 1501 1681 1572 Τὴν
1721 1501 1778 1554 δέ
1825 1500 1912 1566 ἐξ·

333 1589 656 1660 ομολόγησιν
676 1590 796 1644 ἀντὶ
825 1591 1174 1662 εὐχαριστίας
1192 1591 1636 1663 παραλαμϐάνειν
1657 1590 1908 1644 εἰώθασιν

332 1682 392 1734 αἱ
426 1681 822 1752 Γραφαίοῶστε
849 1682 1072 1746 εἰκότως
1107 1683 1201 1735 καὶ
1232 1682 1535 1752 καυχᾶσθαι
1570 1684 1662 1737 καὶ
1697 1682 1905 1753 ὑμνεῖν,

332 1772 428 1824 καὶ
447 1771 691 1826 ἐπαινεῖν
706 1773 798 1824 καὶ
814 1771 1168 1836 ἐπαινεῖσθαι,
1185 1773 1524 1844 εὐχαριστεῖν
1545 1790 1598 1826 τε
1615 1772 1709 1826 καὶ
1722 1772 1908 1842 ἐξομο-

2019 580 2320 650 ﬂigentibus
2370 595 2460 634 nos
2482 619 2496 642 ,
2542 591 2590 633 et
2621 576 2852 633 odientes
2885 597 2978 635 nos
3013 579 3322 648 confudisti.
3353 579 3423 636 Et
3461 582 3592 651 quia

2021 672 2227 727 inimici
2265 672 2481 742 quidem
2513 672 2566 724 in
2598 687 2691 726 eos
2721 673 3076 742 opprobrium
3109 671 3454 739 effuderant;
3485 674 3593 743 ipsi

2017 781 2148 820 vero
2177 782 2288 820 non
2311 765 2538 836 propria
2571 766 2772 820 virtute
2791 805 2806 830 ,
2838 765 2932 820 sed
2959 782 3132 820 cornu
3161 767 3244 821 sui
3273 765 3593 822 fortitudine

2017 857 2250 912 salutem
2300 857 2538 911 assecuti
2585 867 2752 920 sunt;
2801 856 2997 913 merito
3042 858 3157 912 haec
3185 855 3489 927 adjiciunt:
3524 859 3591 912 In

2019 948 2124 1003 Deo
2156 948 2496 1002 laudabimur
2527 958 2638 1002 tota
2663 949 2788 1014 die;
2837 957 2931 1004 aut
2971 951 3270 1004 secundum
3303 950 3587 1020 Aquilam:

2020 1039 2083 1094 In
2116 1041 2223 1096 Deo
2249 1041 2642 1112 gloriabimur;
2677 1043 2792 1098 sive
2826 1042 3126 1098 secundum
3161 1042 3546 1115 Symmachum
3573 1062 3585 1096 :

2013 1133 2183 1188 Deum
2213 1132 2590 1188 celebrabimus
2625 1144 2738 1187 tota
2778 1134 2894 1198 die,
2927 1144 2976 1188 et
3006 1135 3205 1188 nomini
3248 1142 3335 1187 tuo
3370 1134 3588 1201 conﬁte-

2014 1222 2190 1277 bimur
2221 1224 2274 1277 in
2304 1233 2579 1278 wternum.
2608 1221 3026 1278 Confessioncm
3059 1239 3223 1294 porro
3251 1238 3350 1294 pro
3381 1224 3588 1292 gratia-

2012 1330 2134 1369 rum
2162 1315 2376 1370 actione
2405 1330 2675 1384 usurpare
2706 1313 3006 1384 Scriptura:
3034 1316 3210 1370 solent
3239 1333 3254 1381 ;
3289 1316 3362 1368 ita
3391 1323 3448 1368 ιιι
3477 1330 3590 1368 me-

2011 1407 2152 1472 rito,
2200 1407 2460 1477 gloriari,
2496 1407 2729 1477 hymnos
2773 1407 3084 1473 celebrare,
3115 1406 3338 1461 laudare
3379 1417 3433 1460 et
3465 1406 3586 1458 lanv

2010 1498 2128 1552 dari
2152 1538 2165 1562 ,
2191 1498 2395 1569 gratias
2422 1513 2582 1567 agere
2605 1510 2655 1552 et
2682 1498 2927 1552 confiteri
2957 1497 3170 1560 dicant,
3196 1496 3396 1567 quibus
3420 1494 3582 1566 [legis

2010 1588 2096 1645 sui
2139 1589 2341 1642 virtute
2386 1597 2542 1658 parta
2589 1589 2742 1644 salus
2782 1589 2911 1642 fuit.
2945 1586 3052 1642 Sed
3095 1588 3208 1642 ilth
3255 1587 3474 1658 quidem
3514 1601 3585 1640 ex

2010 1695 2244 1750 persona
2281 1681 2433 1736 chori
2474 1681 2779 1751 prophetici
2813 1681 2957 1736 dicta
2983 1689 3131 1736 sunt.
3177 1679 3306 1747 Qua:
3339 1694 3464 1734 vero
3488 1679 3586 1733 de-

2009 1772 2134 1828 inde
2163 1772 2413 1826 feruntur
2443 1773 2605 1828 iidem
2635 1789 2830 1829 rursus
2849 1814 2865 1840 ,
2895 1772 3262 1828 multitudinis
3291 1785 3452 1826 casus
3477 1770 3582 1826 sibi

332 1862 605 1932 λογεῖσθαι
625 1865 674 1916 οἰ
702 1865 1032 1936 σεσωσμένοι
1051 1867 1116 1935 τῇ
1132 1863 1224 1918 τοῦ
1261 1863 1523 1935 βασιλέως
1543 1864 1720 1919 αὐτῶν
1736 1866 1904 1936 ἀρετῇ

2009 1863 2348 1919 ascribentes
2367 1902 2382 1927 ,
2414 1871 2694 1918 enarrant.

331 1972 518 2025 φασιν.
559 1956 715 2010 Ἀλλὰ
742 1955 911 2009 ταῦτα
946 1955 1044 2027 μὲν
1076 1957 1140 2009 ἐκ
1173 1955 1463 2028 προσώπου
1493 1956 1586 2010 τοῦ
1630 1956 1792 2028 χοροῦ
1831 1973 1941 2010 των
1974 1956 2268 2028 προφητῶν
2304 1955 2547 2028 εἴρηταιο
2573 1956 2640 2009 τὰ
2665 1955 2711 2009 δ’
2743 1956 2872 2027 ἐξῆς
2908 1957 3276 2030 ἐπιφερόμενα
3319 1956 3481 2010 πάλιν
3529 1957 3579 2010 οί

329 2054 509 2119 αὐτοὶ,
547 2052 958 2123 ἰδιοποιούμενοι
1009 2051 1078 2106 τὰ
1125 2052 1202 2124 τῷ
1233 2051 1429 2124 πλήθει
1487 2052 1907 2123 συμϐεϐηκότα,
1945 2050 2337 2123 διεξέρχονται.

399 2149 553 2205 Νυνί
601 2149 669 2202 δὲ
722 2146 943 2203 ἀπώσω
993 2148 1092 2202 καί
1133 2148 1524 2218 κατῄσχυνας
1566 2145 1746 2218 ἡμᾶς,
1804 2147 1904 2202 καί

329 2247 442 2299 οὐκ
466 2243 761 2311 ἐξελεύσῃ
802 2243 872 2296 ἐν
903 2242 1032 2308 ταῖς
1061 2242 1396 2312 δυνάμεσιν
1427 2241 1614 2310 ἡμῶν.
1663 2240 1815 2294 Ἐπεὶ
1844 2239 1907 2293 τὸ

331 2337 533 2408 πλῆθος
546 2335 638 2389 τοῦ
665 2336 864 2400 παντὸς
896 2335 1160 2389 Ἰουδαίων
1177 2335 1380 2399 ἔθνους,
1407 2336 1462 2387 ἐν
1480 2333 1757 2397 παντοίαις
1779 2335 1906 2388 ἀσε-

328 2429 504 2492 ϐείαις
537 2428 630 2482 καὶ
648 2428 1010 2500 παρανομίαις
1026 2427 1410 2499 ἐξητασμένον,
1427 2427 1528 2480 οὐκ
1542 2422 1609 2497 ἦν
1623 2425 1904 2497 ἀλλότριον

329 2517 425 2570 τοῦ
458 2516 706 2588 σώματος
729 2517 822 2571 τοῦ
847 2517 1207 2588 προφητικοῦ,
1240 2518 1464 2581 εἰκότως
1500 2518 1569 2571 τὰ
1609 2517 1687 2588 τῷ
1711 2516 1902 2589 πλήθει

332 2610 614 2681 συμϐάντα
671 2610 1082 2683 ἰδιοποιούμενοι
1128 2612 1177 2664 οἱ
1219 2611 1290 2664 τὰ
1341 2610 1534 2683 πρῶτα
1582 2610 1902 2683 εἰρηκότες,

332 2703 499 2772 μέσου
535 2703 904 2775 διαψάλματος
935 2704 1432 2777 παρεμϐληθέντος,
1476 2705 1556 2765 εἰς
1596 2704 1903 2775 παράτασιν

328 2793 431 2862 τῆς
464 2794 764 2866 μεταϐολῆς
805 2795 910 2848 τῶν
949 2795 1359 2867 λεχθησομένων
1405 2795 1788 2867 προφέρονται.
1839 2795 1902 2849 Oi

332 2887 435 2956 μέν
459 2882 550 2940 οὖν
577 2887 811 2958 πατέρες
839 2889 871 2959 ή
879 2886 994 2959 μῶν
1020 2888 1346 2960 ἀνήγγειλαν
1368 2890 1522 2960 ήμῖν,
1537 2889 1631 2940 καὶ
1645 2889 1903 2958 τοῖςήμε-

327 2973 507 3042 τὲροις
555 2971 822 3042 ἠκούομεν
876 2973 1010 3026 ὠσὶν
1066 2977 1224 3029 ὁποῖα
1278 2976 1623 3046 κατειργάσω
1674 2975 1732 3026 ἐν
1781 2975 1900 3037 ταῖς

327 3061 562 3132 ἡμέραις
595 3062 794 3128 αὐτῶν,
829 3063 925 3116 καὶ
962 3063 1030 3117 τὰ
1058 3063 1202 3134 ἑξῆς.
1235 3063 1370 3117 Νυνί
1400 3064 1458 3116 δὲ
1497 3062 1793 3133 όᾳοαλμοῖς
1837 3062 1898 3115 ού

326 3154 553 3207 τοιαῦτα
605 3153 852 3226 ὁρῶμενο
902 3155 970 3208 τὰ
1013 3155 1070 3209 δὲ
1112 3155 1318 3221 τούτοις
1369 3156 1607 3208 ἐναντία.
1668 3153 1899 3209 Ἀπώσω

327 3242 438 3315 γάρ
471 3245 635 3314 ἡμᾶς.
684 3246 749 3298 σὺ
772 3247 800 3299 ὁ
841 3245 990 3311 Θεὸς,
1021 3247 1049 3299 ὁ
1083 3245 1248 3300 πάλαι
1297 3245 1422 3308 τοὺς
1456 3245 1697 3316 πατέρας
1735 3243 1895 3315 ήμῶν

325 3333 614 3399 διασώσας,
640 3336 730 3391 διὰ
789 3337 886 3403 τὰς
925 3338 1197 3410 ἡμετέρας
1239 3337 1513 3409 ἁμαρτίας
1561 3338 1686 3398 τοὺς
1729 3335 1894 3389 πάλαι

2075 2145 2243 2202 Vsus.
2287 2146 2372 2201 10.
2434 2145 2592 2202 Nunc
2652 2155 2828 2202 autem
2885 2147 3126 2217 repulisti
3180 2153 3229 2200 et
3289 2144 3579 2214 confudisti

2003 2255 2099 2293 nus
2119 2277 2134 2303 ,
2174 2248 2223 2292 et
2252 2255 2357 2293 non
2390 2239 2672 2308 egredieris
2698 2277 2714 2303 ,
2745 2237 2887 2292 Deus
2909 2277 2924 2302 ,
2951 2239 3006 2291 in
3031 2235 3310 2291 virtutibus
3341 2228 3536 2289 nostris
3559 2273 3575 2297 ,

2004 2339 2111 2386 etc.
2146 2330 2416 2396 Quoniam
2451 2329 2746 2386 multitudo
2789 2330 2958 2384 totius
3006 2329 3188 2399 populi
3234 2326 3481 2391 Judaici,
3521 2328 3576 2380 in

2001 2423 2151 2477 omni
2193 2422 2493 2493 impietatis
2535 2430 2589 2478 et
2631 2423 2998 2493 improbitatis
3054 2433 3252 2491 genere
3297 2420 3574 2478 volutata.

2004 2530 2116 2569 non
2169 2516 2348 2570 aliena
2395 2524 2514 2570 erat
2561 2529 2592 2568 a
2638 2529 2873 2586 corpore
2913 2514 3338 2585 prophetarum,
3391 2512 3576 2581 populi

2000 2623 2274 2663 aerumnas
2317 2608 2422 2664 sibi
2464 2607 2716 2678 proprias
2758 2597 3120 2662 attribuentes
3150 2606 3245 2678 qui
3292 2605 3576 2675 superiora

2001 2701 2285 2764 dixerant,
2319 2699 2650 2754 intermedio
2683 2700 3042 2768 diapsalmate
3063 2735 3078 2759 ,
3111 2697 3175 2750 ad
3212 2694 3574 2749 mutationem

2004 2805 2198 2844 eorum
2261 2805 2384 2858 qua:
2415 2787 2760 2859 postmodum
2795 2787 2974 2842 fusius
3007 2786 3208 2840 dicturi
3245 2793 3410 2848 sunt,
3452 2798 3576 2839 sese

1999 2889 2242 2936 vertunt.
2287 2878 2482 2936 Patres
2525 2879 2709 2950 itaque
2747 2878 2924 2934 nostri
2967 2877 3433 2932 annuntiavcrunt
3477 2890 3576 2929 no-

1999 2971 2086 3027 bis
2105 3011 2120 3036 ,
2153 2985 2217 3026 ac
2250 2986 2351 3026 nos
2379 2970 2514 3042 ipsis
2541 2970 2770 3025 auribus
2797 2969 3106 3022 audivimus
3127 3008 3142 3031 ,
3172 2967 3356 3037 qualia
3382 2977 3574 3035 opera-

2000 3069 2089 3116 tus
2137 3061 2216 3117 sis
2258 3061 2315 3116 in
2361 3062 2558 3116 diebus
2601 3075 2789 3114 eorum
2814 3100 2826 3122 .
2862 3067 2915 3114 et
2949 3067 3168 3114 ρατιονε.
3203 3057 3359 3112 Nunc
3393 3064 3574 3111 autem

1995 3167 2098 3208 nos
2130 3168 2475 3224 nequaquam
2506 3152 2705 3208 similia
2751 3153 3030 3214 videmus,
3069 3151 3165 3207 sed
3206 3151 3275 3205 iis
3305 3150 3574 3220 opposita.

1995 3241 2076 3300 Tu
2101 3261 2356 3316 namque,
2384 3245 2546 3309 Deus,
2573 3245 2664 3315 qui
2690 3245 2817 3298 olim
2852 3252 3034 3314 patres
3060 3255 3282 3299 nostros
3307 3243 3574 3309 servasti,

1999 3347 2222 3407 propter
2260 3344 2485 3407 peccata
2516 3344 2704 3392 nostra
2737 3336 2986 3405 repulisti
3014 3350 3149 3400 nos,
3183 3350 3279 3390 eos
3308 3334 3402 3405 qui
3437 3334 3491 3388 in
3521 3341 3576 3388 te

327 3427 419 3480 ἐπὶ
455 3427 538 3480 σοὶ
580 3428 720 3498 μέγα
759 3427 1087 3500 φρονοῦντας
1108 3467 1123 3493 ,
1158 3429 1251 3482 καὶ
1277 3429 1354 3507 ,ἐν
1393 3429 1477 3481 σοὶ
1510 3429 1893 3498 καυχωμένους

2004 3429 2124 3483 olim
2149 3428 2433 3500 magnifice
2453 3429 2782 3488 sentiebant,
2808 3436 2861 3484 et
2881 3430 2933 3481 in
2961 3435 3012 3482 te
3035 3426 3428 3498 gloriabantur,
3452 3441 3577 3480 con-

326 3519 702 3592 κατῄσχυνας,
757 3521 995 3592 ἐρήμους
1053 3519 1366 3576 καταλιπὼν
1420 3521 1515 3574 καὶ
1561 3520 1896 3593 ἀϐοηθήτους

327 3612 385 3663 ἐν
439 3614 505 3682 τῇ
552 3612 689 3683 πρὸς
739 3615 866 3678 τοὺς
923 3613 1210 3685 πολεμίους
1272 3611 1534 3685 συμεολῇ.
1602 3613 1736 3667 Οὐδὲ
1789 3613 1897 3685 γὰρ

327 3700 702 3768 συνεξῆλθες
749 3701 876 3769 ταῖς
921 3701 1254 3774 δυνάμεσιν
1300 3701 1502 3773 ἡμῶν·
1552 3701 1586 3774 ἣ
1620 3703 1762 3757 κατὰ
1805 3703 1897 3757 τὸν

327 3792 639 3863 Σύμμαχον,
668 3793 790 3860 τοῖς
808 3797 1248 3864 στρατεύμασιν
1271 3790 1453 3865 ἡμῶν.
1489 3795 1600 3850 Καὶ
1623 3794 1714 3849 διὰ
1739 3795 1898 3849 τοῦτο

326 3883 706 3952 ἀπέστρεψας
729 3882 884 3952 ἡμᾶς
901 3887 988 3950 εἰς
1007 3886 1078 3939 τὰ
1095 3886 1286 3939 ὀπίσω
1309 3887 1467 3954 παρὰ
1487 3886 1628 3952 τοὺς
1646 3887 1897 3956 ἐχθροὺς

331 3975 498 4044 ἡμῶν
514 3993 527 4003 ·
547 3976 602 4042 ἢ,
631 3976 771 4029 κατὰ
792 3979 883 4030 τὸν
910 3977 1203 4050 Σύμμαχον
1223 3995 1237 4008 ο
1264 3978 1524 4045 Ἐταξας
1549 3975 1706 4048 ἡμᾶς
1717 3978 1898 4048 ἐσχά-

325 4087 469 4138 τους
498 4070 724 4137 παντὸς
766 4071 1078 4136 ἐναντίου,
1129 4072 1227 4126 καὶ
1269 4075 1325 4126 οἰ
1364 4073 1692 4143 μισοῦντες
1739 4071 1897 4142 ἡμᾶς

324 4163 751 4232 διαρπάζουσιν
791 4165 1044 4232 ἑαυτοῖς.
1070 4165 1342 4233 Ἐδωκας
1371 4166 1529 4236 ἡμᾶς
1558 4168 1639 4232 ὠς
1663 4167 1898 4233 ,ϐοσκή-

320 4272 478 4326 ματα
500 4256 803 4325 βρώσεως,
835 4259 930 4312 καὶ
958 4261 1047 4325 εἰς
1078 4258 1150 4313 τὰ
1171 4259 1315 4327 ἔθνη
1342 4259 1679 4330 ἐλίκμησας
1716 4258 1893 4330 ἡμᾶς.

337 4349 576 4403 Ἇπέδου
621 4351 726 4404 τὸν
784 4354 937 4406 λαόν
979 4368 1097 4406 σου
1155 4354 1267 4422 οὐχ
1303 4350 1633 4420 ὑπάρξεως,
1677 4353 1774 4405 καὶ
1824 4354 1896 4406 οὐ

325 4438 569 4508 πολλὴν
611 4441 903 4509 ἐποίησας
944 4443 1061 4511 τὴν
1093 4443 1272 4513 τιμὴν
1313 4443 1542 4498 αὐτῶν
1583 4447 1896 4512 προπηλα-

323 4531 545 4602 κισμον
618 4535 768 4602 μετὰ
855 4534 1205 4605 χλευασμοῦ
1275 4536 1400 4603 τοῖς
1452 4536 1656 4599 κύκλῳ
1706 4535 1893 4606 ήμῶν.

2004 3519 2215 3586 fudisii,
2241 3529 2403 3592 atque
2428 3520 2483 3574 in
2505 3535 2806 3592 congressu
2834 3535 2958 3574 cum
2988 3519 3226 3574 inimicis
3249 3518 3494 3574 desertos
3521 3525 3576 3572 ct

1998 3629 2101 3682 Ope
2140 3629 2342 3669 vacuos
2385 3613 2666 3668 dimisisti.
2697 3612 2882 3684 Neque
2919 3613 3063 3667 enim
3093 3628 3332 3682 egressus
3364 3629 3418 3666 es
3455 3627 3573 3665 cum

1998 3703 2277 3758 virtutibus
2300 3705 2518 3764 nostris.
2537 3705 2671 3768 sive,
2696 3704 2997 3760 secundum
3027 3703 3435 3774 Symmachum,
3455 3719 3574 3757 cum

1997 3795 2314 3850 exercitibus
2346 3796 2566 3850 nostris.
2603 3793 2839 3865 Ideoque
2883 3795 3121 3849 avertisti
3163 3812 3256 3849 nos
3283 3805 3571 3848 retrorsum

1996 3897 2111 3956 post
2137 3887 2378 3941 inimicos
2402 3895 2610 3941 nostros
2631 3902 2650 3950 ;
2673 3888 2793 3951 vel,
2821 3888 3121 3942 secundum
3146 3885 3530 3956 Symmachum
3557 3905 3572 3942 :

2001 3978 2280 4036 Ordinasti
2306 3994 2400 4032 nos
2429 3978 2645 4032 ultimos
2671 3980 2904 4033 omnium
2931 3978 3354 4032 adversariorum
3374 4018 3388 4042 ,
3415 3988 3462 4032 et
3485 3981 3575 4049 qui

1998 4073 2219 4128 oderunt
2247 4087 2364 4137 nos,
2386 4071 2641 4140 diripiunt
2669 4071 2790 4126 sibi.
2822 4070 3024 4124 Dedisti
3047 4087 3139 4123 nos
3155 4079 3208 4122 ut
3243 4085 3396 4137 pecus
3427 4072 3566 4140 quod

1998 4163 2308 4228 comeditur,
2327 4173 2376 4218 et
2396 4167 2447 4218 in
2469 4174 2642 4235 gentes
2665 4163 2930 4218 ventilasti
2960 4179 3075 4217 nos.
3097 4161 3390 4216 Tradidiin
3411 4178 3575 4232 popu-

2001 4255 2109 4308 lum
2137 4264 2284 4307 tuum
2310 4254 2424 4308 sine
2447 4254 2767 4318 substantia,
2792 4269 2882 4306 nec
2905 4252 3128 4304 multum
3155 4251 3328 4320 fecisti
3347 4255 3576 4322 pretium

1999 4364 2181 4402 eorum
2204 4361 2224 4400 :
2253 4347 2592 4416 opprobrium
2629 4363 2743 4401 cum
2779 4346 3026 4400 irrisione
3048 4346 3114 4398 iis
3143 4345 3232 4416 qui
3253 4345 3451 4399 circum
3480 4363 3574 4401 nos

1998 4447 2141 4493 sunt.
2177 4435 2377 4492 Fecisti
2406 4455 2499 4492 nos
2533 4437 2846 4506 parabolam
2870 4439 2924 4489 in
2953 4435 3191 4507 gentibus
3212 4476 3228 4501 ,
3265 4439 3576 4490 commotio-

1999 4547 2113 4584 nem
2144 4529 2413 4600 capitis‘in
2443 4530 2702 4584 tribubus.
2745 4527 2848 4582 Per
2878 4538 3042 4582 totum
3072 4529 3208 4582 diem
3239 4529 3574 4599 opprobrium

2001 4639 2174 4677 meum
2225 4632 2412 4676 contra
2457 4638 2537 4676 me
2582 4633 2699 4684 est,
2745 4630 2795 4674 et
2839 4620 3011 4689 pudor
3056 4619 3229 4674 vultus
3272 4621 3372 4674 mei
3411 4624 3576 4690 operit

338 4627 656 4692 Ἐποίησας
695 4627 852 4696 ἡμᾶς
883 4627 1233 4696 παραϐολὴν
1267 4629 1338 4682 ἐν
1378 4627 1503 4694 τοῖς
1541 4629 1772 4690 ἔθνεσι,
1807 4629 1895 4681 κί-

322 4735 507 4785 νησιν
534 4718 803 4787 κεφαλῆς
832 4721 902 4773 ἐν
933 4721 1063 4786 ταῖς
1101 4720 1341 4790 φυλαῖς.
1382 4721 1461 4774 Δι’
1502 4720 1650 4789 ὅλης
1677 4722 1899 4790 ἡμέρας

2004 4733 2082 4771 me
2105 4757 2120 4781 ,
2156 4733 2188 4769 a
2222 4732 2340 4770 voce
2398 4714 2769 4784 exprobrantis
2803 4722 2852 4768 et
2885 4713 3294 4782 blasphemantis
3321 4755 3336 4778 ,
3373 4731 3407 4767 a
3441 4714 3576 4783 facie

324 4812 364 4878 ἡ
385 4780 814 4880 ασχημοιαησίς
850 4831 968 4882 μου
1009 4780 1465 4882 ἀντικρύςσμου,
1500 4780 1661 4867 καίο
1701 4780 1899 4866 κατασ-

2004 4811 2208 4864 inimici
2257 4819 2308 4865 et
2366 4808 2666 4862 ulciscentis
2713 4823 2787 4863 se.
2841 4805 2966 4861 Haec
3012 4815 3124 4860 tam
3170 4809 3340 4860 multa
3378 4812 3579 4862 chorus

321 4905 603 4972 σχυμμὸς
647 4905 754 4959 τοῦ
796 4903 1120 4973 προσώπου
1155 4923 1277 4974 μου
1333 4906 1624 4959 καλύπτει
1669 4921 1747 4975 με
1779 4904 1898 4958 ἀπὸ

2004 4903 2345 4973 propheticus
2391 4902 2446 4954 in
2491 4916 2590 4956 sua
2629 4899 2696 4954 ad
2739 4898 2906 4955 Deum
2949 4900 3380 4970 supplicatione.
3426 4902 3574 4953 cala-

323 4991 530 5060 φωνῆς
573 4993 960 5062 ὀνειδίζοντος
1021 4995 1118 5049 καί
1174 4996 1692 5065 ,ϐλασφημοῦντος
1711 5037 1725 5057 .
1782 4995 1901 5050 ἀπὸ

2004 4995 2217 5048 mitates
2277 4993 2464 5064 populi
2525 4993 2811 5048 ascribens
2868 4993 3018 5054 sibi,
3081 5001 3410 5062 prosecutus
3468 5000 3572 5046 est.

325 5081 646 5149 προσώπου
687 5085 903 5153 ἐχθροῦ
956 5085 1054 5139 καὶ
1101 5089 1496 5157 τιμωροῦντος
1546 5088 1754 5154 ἐαυτῷ.
1804 5089 1904 5141 Το-

2004 5083 2498 5139 Commonstratum
2542 5084 2727 5154 itaque
2759 5091 2842 5139 est
2875 5099 2996 5154 quae
3034 5099 3201 5140 causa
3245 5085 3382 5154 ipsis
3420 5083 3577 5139 lletus

327 5173 502 5227 σαύτα
522 5175 660 5229 κατὰ
700 5176 791 5228 τὸν
831 5177 1124 5248 Σύμμαχον
1155 5181 1183 5232 ό
1212 5178 1371 5250 χορὸς
1410 5180 1438 5231 ό
1477 5180 1813 5250 προφητικὸς
1846 5180 1903 5232 ἐν

2004 5179 2058 5232 in
2094 5162 2533 5248 prazcddentibus
2568 5176 2754 5232 fuerit.

325 5269 390 5338 τῇ
416 5267 550 5338 πρὸς
572 5268 660 5322 τὸν
713 5270 845 5324 Θεὸν
882 5271 1131 5344 ἱκετηρία
1190 5272 1484 5344 διεξῆλθεν,
1515 5275 1592 5338 εἰς
1647 5275 1838 5327 ἐαυτὸν
1896 5272 2290 5345 ἀναλαμϐάνων
2335 5271 2404 5326 τὰ
2433 5271 2528 5325 τοῦ
2569 5271 2700 5324 λαοῦ
2743 5269 2911 5341 πάθη.
2960 5271 3359 5341 Σεσαφήνισται
3402 5268 3576 5322 τοίνυν

329 5361 384 5412 ἐν
432 5361 544 5424 τοῖς
599 5364 978 5434 προκειμένοις
1029 5365 1096 5418 δι’
1137 5367 1203 5436 ῆν
1254 5366 1560 5439 ἔμπροσθεν
1609 5367 2011 5422 ἀπεκλαύσατο.

399 5457 588 5512 Ταῦτα
619 5456 815 5512 πάντα
847 5459 1036 5527 ἦλθεν
1065 5461 1157 5531 ἐφ’
1187 5460 1362 5531 ἡμᾶς,
1396 5464 1494 5518 καί
1533 5465 1646 5519 οὐκ
1679 5465 1894 5518 ἐπελα-

327 5550 538 5618 θόμεθά
560 5567 694 5605 σου.
757 5553 968 5624 Ὠσπερ
1012 5553 1379 5626 ἀσεϐήσαντός
1443 5574 1571 5610 ποτε
1627 5558 1720 5611 τοῦ
1764 5555 1893 5610 λαοῦ

328 5640 417 5692 ἐπὶ
447 5641 544 5712 τῆς
570 5644 798 5714 ἐρήμου,
834 5643 1024 5697 ἔπειτα
1057 5644 1450 5717 παραδοθέντος
1480 5646 1558 5717 τῷ
1582 5647 1894 5717 όλοθρευτῇ.

325 5729 502 5784 λαϐὼν
543 5730 750 5802 ’Λαρὼν
781 5732 842 5784 τὸ
874 5731 1230 5805 θυμιατήριον
1253 5735 1626 5806 προσήνεγκεν
1645 5734 1783 5803 ὑπὲρ
1802 5732 1895 5785 τοῦ

326 5820 452 5874 λαοῦ
486 5823 543 5876 τὸ
575 5823 842 5897 Θυμίαμα·
879 5825 975 5880 καὶ
1005 5826 1196 5897 ίλάσθη
1219 5829 1256 5880 ό
1287 5826 1419 5890 Θεὺς
1479 5824 1556 5898 τῷ
1588 5825 1777 5898 πλήθει
1808 5825 1895 5879 διὰ

2070 5461 2236 5516 Vens.
2272 5460 2358 5514 18.
2405 5459 2536 5516 ιῙωε
2579 5461 2759 5514 omnia
2815 5469 3059 5515 venerunt
3118 5473 3273 5526 super
3333 5473 3447 5516 nos,
3485 5472 3576 5509 nec

1999 5553 2150 5607 obliti
2177 5570 2359 5608 sumus
2385 5563 2451 5610 te.
2494 5552 2960 5620 Quemadmodum
2999 5552 3127 5608 olim
3175 5565 3298 5604 cum
3342 5549 3576 5618 populus

2001 5644 2166 5713 impie
2209 5645 2412 5715 egisset
2461 5646 2517 5700 in
2551 5645 2793 5708 deserto.
2825 5659 2889 5698 ac
2921 5641 3118 5697 deinde
3161 5640 3574 5695 exterminatori

2004 5735 2239 5792 traditus
2274 5737 2490 5802 luisset,
2520 5744 2805 5806 assumpto
2831 5735 3014 5789 Aaron
3053 5732 3354 5796 thuribulo,
3386 5732 3571 5787 incen-

2003 5842 2123 5884 sum
2171 5842 2269 5898 pro
2315 5830 2514 5899 populo
2565 5827 2839 5893 adolevit,
2892 5841 2956 5882 ac
3003 5834 3224 5897 propter
3270 5823 3580 5881 sacerdotis
