4122 6454
541 327 645 398 387

1290 295 1564 398 Ειιεειιιι
1596 341 2071 398 οτεειιιιιειιειε
2102 339 2254 396 (ιρι).
2298 338 2477 394 rans
2513 339 2601 396 ιιι.
2641 373 2709 384 -
2747 342 3157 401 EXEGETICA.

3687 351 3793 407 588

542 463 874 518 oblationem
931 462 1177 533 placatus
1226 475 1309 520 est
1363 467 1563 535 populo
1603 465 1777 533 Deus;
1829 466 1903 520 ita
1951 469 2110 520 etiam

2219 465 2315 538 τὴν
2347 465 2440 519 τοῦ
2476 467 2666 538 ἱερέως
2727 467 3024 536 ἀναφοράν·
3044 467 3144 520 τὸν
3193 467 3354 520 αὐτὸν
3385 468 3583 538 τρόπον
3643 471 3736 523 καὶ
3766 475 3795 524 ὁ

544 557 745 609 chorus
774 555 1154 624 propheticus,
1183 564 1235 609 et
1258 557 1462 627 quique
1487 558 1642 626 probi
1673 559 1776 612 viri
1805 560 1858 612 in
1890 560 2111 628 populo,

542 648 869 705 rationabile
893 647 1226 703 sacriﬁcium
1254 663 1413 702 suum
1443 665 1538 720 per
1566 651 1868 705 orationem
1899 667 1997 722 pro
2020 667 2117 722 po.

544 741 672 812 pulo
703 740 878 794 fusam
906 738 1164 804 offerunt,
1187 746 1335 794 recte
1363 739 1505 793 facta
1535 755 1657 806 sua,
1678 741 1796 796 loco
1824 741 2120 796 sacriﬁcio-

543 850 663 888 rum
718 841 774 886 et
817 833 1159 888 oblationum
1207 832 1336 886 boni
1389 833 1596 900 odoris,
1624 849 1722 904 pro
1769 835 2116 890 multitudine

540 925 651 981 Deo
687 925 996 980 oﬁ‘erentes.
1042 922 1228 994 Neque
1257 925 1401 978 enim
1431 926 1684 979 convenit
1711 925 1826 979 haec
1854 925 2112 995 populum

539 1019 742 1081 dicere,
762 1033 939 1087 neque
958 1031 1054 1072 eos
1078 1017 1172 1086 qui
1201 1017 1538 1086 impietatum
1564 1032 1730 1072 causa
1755 1031 1978 1070 suarum
2009 1016 2114 1068 ini-

539 1106 698 1159 micis
745 1105 933 1158 traditi
978 1103 1215 1160 fuerant.
1263 1104 1371 1159 Sed
1419 1105 1875 1174 quemadmodum
1928 1107 2112 1175 populi

538 1198 882 1253 calamitates
929 1198 987 1252 in
1031 1213 1091 1253 se
1138 1199 1416 1268 propheta:
1444 1198 1804 1268 recipiebant,
1839 1209 1893 1253 et
1921 1201 2023 1268 ipsi
2055 1215 2115 1254 se

539 1291 669 1364 talia
704 1305 898 1360 passos
940 1306 1064 1346 esse
1109 1289 1540 1361 proﬁtebantur;
1570 1291 1652 1345 sic
1683 1302 1740 1346 et
1770 1290 1912 1345 bona
1945 1306 2112 1361 opera

539 1400 639 1439 sua
675 1384 930 1438 omnibus
969 1385 1280 1438 communia
1313 1383 1576 1440 efﬁciunt.
1620 1381 1738 1437 Non
1782 1383 1929 1438 enim
1960 1385 2116 1454 igno-

537 1475 732 1529 rabant
778 1490 836 1530 se
878 1476 1046 1529 totius
1079 1475 1327 1544 corporis
1357 1475 1598 1529 membra
1622 1490 1743 1529 esse
1775 1495 1787 1528 :
1820 1482 2112 1529 consenta-

538 1584 701 1624 neum
737 1576 918 1623 autem
944 1575 1062 1623 erat
1094 1575 1154 1621 ut
1184 1582 1294 1621 uno
1316 1567 1558 1622 membro
1579 1567 1838 1637 patiente.
1869 1581 1977 1620 una
2011 1581 2111 1636 pav

538 1666 785 1714 terentur
818 1660 923 1713 alia
955 1659 1228 1725 membra;
1264 1668 1428 1729 atque
1457 1674 1570 1713 uno
1599 1659 1844 1714 membro
1883 1658 2110 1727 gloriam

537 1751 826 1815 referente,
862 1752 1047 1806 omnia
1091 1753 1337 1806 membra
1388 1751 1444 1806 in
1495 1759 1701 1821 partem
1728 1749 1910 1820 gaudii
1957 1751 2112 1804 veni-

2219 555 2428 627 χορδςό
2455 557 2809 628 προφητικὸς,
2839 559 2933 610 καὶ
2965 559 3014 610 οί
3066 559 3124 611 ὲν
3152 559 3230 630 τῷ
3264 559 3379 630 λαῷ
3410 561 3795 632 κατορθοῦντες

2215 649 2315 720 τὴν
2346 649 2569 720 λογικὴν
2622 648 2801 701 αὐτῶν
2864 648 3055 702 θυσίαν
3103 649 3190 703 διὰ
3223 652 3321 720 τῆς
3370 652 3513 722 ὑπὲρ
3541 653 3634 706 τοῦ
3664 655 3796 709 λαοῦ

2217 740 2380 811 εὐχῆς
2411 725 2815 810 ἀναπέμπούσι,
2848 739 2918 792 τὰ
2944 743 3116 794 οἰκεῖα
3147 743 3544 814 κατορθώματα
3561 746 3680 798 ἀντὶ
3705 746 3798 800 θυ-

2218 831 2337 895 σίας
2370 831 2465 885 καὶ
2498 832 2841 903 θυμιάματος
2873 833 3102 898 εὐώδους
3158 835 3296 906 ὑπὲρ
3324 835 3418 888 τοῦ
3450 837 3687 908 πλήθους
3718 838 3798 910 τῷ

2215 922 2335 992 Θεῷ
2356 925 2745 994 προσάγοντες.
2780 925 2855 976 Ού
2883 924 2992 994 γὰρ
3026 927 3254 996 ἁρμόζει
3298 928 3472 982 ταῦτα
3497 929 3575 1001 τῷ
3601 929 3797 1001 πλήθει

2216 1014 2412 1082 λέγειν,
2433 1015 2554 1068 οὐδὲ
2575 1018 2686 1078 τοῖς
2717 1014 2804 1068 διὰ
2835 1014 2935 1079 τὰς
2967 1017 3223 1082 ἀσεϐείας
3240 1018 3417 1072 αὐτῶν
3437 1021 3550 1083 τοῖς
3580 1020 3798 1092 ἐχθροῖς

2215 1106 2687 1178 παραδεδομένοις·
2743 1107 2857 1160 ἀλλ’
2891 1107 3080 1179 ὥσπερ
3121 1109 3189 1163 τὰ
3247 1111 3392 1183 πάθη
3424 1113 3518 1166 τοῦ
3551 1113 3681 1167 λαοῦ
3717 1114 3801 1176 εἰς

2215 1199 2441 1262 ἑαυτοὺς
2473 1199 2847 1270 ἀνελάμϐανον
2873 1202 2922 1254 οἱ
2976 1203 3273 1273 προφῆται,
3308 1205 3404 1259 καὶ
3436 1206 3586 1259 αὐτοὶ
3621 1206 3799 1261 ταῦτα

2215 1289 2542 1344 πεπονθέναι
2567 1289 2824 1360 ἔφασκον·
2852 1291 2996 1346 οὓτω
3030 1293 3099 1346 τὰ
3145 1294 3350 1348 ἑαυτῶν
3393 1296 3801 1368 κατορθώματα

2214 1383 2604 1437 κοινοποιοῦσιν
2661 1385 2741 1448 είς
2773 1384 3001 1448 πάντας.
3051 1386 3127 1438 Ub
3157 1386 3266 1458 γὰρ
3294 1388 3520 1457 ἠγνόουν
3571 1389 3802 1453 ἑαυτοὺς

2213 1472 2351 1528 εἶναι
2407 1473 2540 1546 μέλη
2571 1473 2664 1527 τοῦ
2724 1476 2924 1540 παντὸς
2974 1475 3245 1547 σώματος·
3291 1478 3582 1533 ἀκόλουθον
3613 1479 3670 1532 δὲ
3703 1476 3798 1550 ἦν,

2213 1569 2511 1639 πάσχοντος
2548 1568 2740 1640 μέλους
2773 1568 2914 1632 ἐνὸς,
2947 1569 3287 1640 συμπάσχειν
3321 1571 3498 1625 πάντα
3529 1571 3596 1626 τά
3633 1574 3797 1645 μέλη,

2213 1661 2306 1713 καὶ
2336 1659 2692 1731 δοξαζομένου
2727 1659 2889 1712 πάλιν
2915 1659 3132 1730 μέλους,
3182 1664 3494 1736 συγχαίρειν
3521 1665 3698 1718 πάντα
3726 1667 3802 1720 τὰ

2216 1754 2370 1826 μέλη.
2406 1755 2590 1808 Πάντα
2621 1754 2820 1816 τοίνυν,
2857 1755 3042 1820 φασὶν,
3087 1754 3122 1808 ἃ
3155 1758 3563 1828 προειρήκαμεν
3593 1759 3805 1811 πεπόν-

537 1852 678 1899 rent.
712 1843 906 1899 Omnia
953 1859 1104 1914 ergo,
1139 1844 1417 1916 inquiunt,
1470 1857 1592 1913 quae
1635 1855 1737 1896 nos
1786 1840 2110 1894 memoravi-

2213 1819 2403 1917 θαμεν·
2431 1845 2545 1900 ἀλλ’
2565 1847 2714 1916 ἡμᾶς
2748 1819 2951 1896 τούτων
2983 1846 3133 1898 οὐδὲν
3167 1819 3498 1920 παρεκίνησε
3533 1849 3631 1916 τῆς
3665 1849 3802 1922 περὶ

537 1953 684 2001 mus,
717 1939 857 1991 mala
891 1938 1247 2008 pertulimus;
1280 1936 1375 1991 sed
1422 1936 1556 1990 nihil
1578 1950 1768 1990 eorum
1813 1949 1916 1988 nos
1960 1949 1990 1987 a
2036 1934 2111 1988 tui

536 2030 918 2085 recordatione
943 2032 1194 2096 removit,
1215 2040 1264 2084 et
1289 2030 1462 2100 inique
1489 2045 1592 2082 non
1622 2030 1821 2097 egimus
1854 2027 1906 2081 in
1951 2035 2114 2080 testa-

537 2133 711 2176 mento
744 2133 861 2186 tua;
893 2123 1007 2178 sive
1036 2124 1336 2178 secundum
1359 2122 1766 2194 Symmachum,
1799 2119 1980 2192 Neque
2018 2120 2112 2174 de-

537 2218 762 2283 cepfnms
789 2216 958 2285 fmdus
987 2227 1155 2272 tuum.
1183 2215 1251 2269 Et
1279 2232 1380 2269 non
1405 2217 1558 2269 cessit
1582 2225 1722 2269 retro
1743 2231 1835 2268 cor
1848 2224 2108 2268 nostrum.

538 2305 672 2375 Ejus
701 2319 880 2361 autem
908 2306 1058 2362 loco:
1081 2305 1148 2360 Et
1179 2305 1457 2360 declinasti
1487 2307 1702 2360 semitas
1737 2313 1948 2358 nostras
1969 2321 2000 2356 a
2029 2304 2113 2357 via

541 2409 652 2460 tua,
689 2399 892 2454 clarius
951 2397 1310 2469 Symmachus
1373 2397 1581 2452 edidit:
1615 2395 1794 2466 Neque
1848 2395 2113 2448 translata

538 2500 664 2546 sunt
688 2508 750 2545 ea
769 2508 883 2560 qua:
907 2490 1139 2560 dirigunt
1171 2507 1263 2544 nos
1287 2508 1305 2543 :
1331 2490 1382 2543 in
1411 2490 1524 2542 luco
1555 2489 1880 2559 afﬂictionis:
1911 2500 2004 2542 aut
2025 2504 2112 2541 se-

537 2583 780 2638 cundmn
808 2583 1058 2653 Aquilam
1084 2602 1096 2637 :
1124 2581 1425 2636 Coutudisti
1454 2598 1547 2635 nos
1574 2583 1629 2634 in
1663 2581 1774 2634 loco
1791 2579 2108 2642 inhabitato,

536 2686 588 2733 et
615 2677 859 2731 obtexisti
889 2676 1036 2730 nobis
1067 2675 1308 2730 umbram
1341 2676 1546 2730 mortis.
1584 2673 1707 2728 Non
1739 2673 1892 2728 obliti
1929 2691 2109 2728 sumus

539 2771 638 2833 tui,
671 2785 832 2841 neque
861 2769 1174 2840 transgressi
1207 2784 1390 2822 sumus
1426 2768 1561 2821 inita
1585 2777 1752 2821 tecum
1782 2765 1999 2836 fwdera.

604 2969 773 3025 Vens.
803 2969 866 3022 9.1
897 2967 1032 3022 -22.
1075 2965 1134 3022 Si
1165 2965 1315 3020 obliti
1343 2982 1524 3019 sumus
1559 2981 1746 3018 nomen
1774 2963 1872 3018 Dei
1915 2964 2106 3026 nostri,

535 3075 582 3118 et
613 3065 660 3118 si
687 3061 1035 3131 expandimus
1062 3077 1250 3114 manus
1284 3069 1492 3113 nostras
1533 3057 1601 3112 ad
1634 3057 1800 3111 Deum
1829 3058 2062 3112 alienum
2087 3073 2109 3114 :

2216 1937 2309 1990 σοῦ
2339 1939 2576 2008 μνήμης,
2609 1936 2706 1990 καὶ
2737 1938 2848 1990 οὐκ
2876 1935 3254 2008 ἠδικήσαμεν
3277 1939 3617 2008 ἐνΔιαθήκῃ
3649 1957 3796 1997 σου·

2214 2029 2245 2100 ἢ
2281 2029 2419 2082 κατὰ
2451 2029 2542 2083 τὸν
2575 2027 2882 2099 Σύμμαχον·
2923 2028 3075 2082 Οὐδὲ
3114 2031 3652 2102 παρελογησάμεθα
3678 2033 3805 2102 τὴν

2212 2119 2530 2187 συνθήκην
2559 2136 2696 2182 σου,
2725 2117 2866 2172 οὐδὲ
2885 2117 3117 2188 ἀπέστη
3151 2124 3240 2187 εις
3265 2123 3337 2176 τὰ
3373 2124 3564 2176 ὀπίσω
3585 2125 3622 2191 ἡ
3649 2143 3799 2193 acap-

2211 2210 2311 2265 δια
2338 2211 2530 2281 ἡμῶν.
2569 2209 2714 2263 Ἀντὶ
2745 2209 2822 2262 δέ·
2874 2211 2982 2263 Καὶ
3031 2211 3348 2280 ἐξέκλινας
3399 2214 3505 2281 τὰς
3557 2218 3802 2283 τρίϐους

2211 2303 2380 2372 ἡμῶν
2405 2303 2524 2358 ἀπὸ
2555 2303 2664 2372 τῆς
2721 2305 2866 2361 ὀδοῦ
2885 2321 3023 2368 σου,
3056 2307 3085 2358 ὁ
3115 2305 3408 2376 Σύμμαχος
3463 2307 3802 2378 σαφέστερον

2213 2394 2472 2460 ἐξέδωκεν
2506 2395 2692 2449 είπιὶιν·
2751 2397 2905 2450 Οὐδὲ
2962 2398 3246 2467 μετετέθη
3295 2399 3367 2452 τὰ
3416 2401 3802 2468 ὐπορθοῦντα

2219 2483 2398 2553 ἡμᾶς·
2426 2485 2495 2539 ἐν
2517 2487 2678 2554 τόπῳ
2736 2487 3079 2554 κακώσεως·
3135 2488 3168 2558 ἢ
3233 2487 3371 2542 κατὰ
3403 2489 3493 2543 τὸν
3537 2489 3797 2544 Ἀκύλαν·

2212 2576 2605 2644 Συνέθλασας
2631 2577 2787 2647 ἡμᾶς
2815 2579 2887 2632 ἐν
2912 2581 3070 2645 τόπῳ
3090 2580 3407 2647 ἀνοικήτφ,
3443 2582 3541 2636 καὶ
3581 2581 3658 2653 (ι)
3690 2583 3801 2635 ἐπ-

2211 2671 2537 2741 επώμασας
2574 2673 2722 2744 ημῖν
2774 2676 2957 2728 σκιὰν
3009 2676 3287 2731 θανάτου.
3348 2679 3468 2731 Οὐκ
3506 2678 3799 2732 ἐπελαθό-

2207 2763 2360 2832 μεθὰ
2410 2779 2527 2820 σου
2607 2766 2750 2821 οὐδὲ
2801 2768 3142 2838 παρέϐημεν
3186 2771 3293 2835 τὰς
3333 2769 3486 2838 πρὸς
3515 2770 3591 2822 σὲ
3639 2786 3799 2825 συν-

2213 2853 2422 2922 θήκας.

2276 2970 2343 3022 Εἰ
2369 2968 2776 3040 ἐπελαϐόμεθα
2802 2971 2908 3026 τοῦ
2956 2973 3244 3041 ὀνόματος
3275 2973 3380 3026 τοῦ
3413 2973 3559 3026 Θεοῦ
3601 2971 3794 3042 ἡμῶν,

2213 3062 2310 3116 καὶ
2339 3065 2389 3116 εί
2417 3061 2854 3133 διεπετάσαμεν
2879 3064 3080 3133 χεῖρας
3132 3063 3301 3134 ἡμῶν
3345 3065 3492 3132 πρὸς
3516 3065 3662 3118 Θεὸν
3691 3067 3798 3119 άλο

543 3173 714 3211 nonne
750 3155 888 3209 Deus
921 3154 1144 3224 requiret
1169 3152 1302 3205 ista?
1320 3149 1528 3214 etc.Te,
1561 3151 1756 3221 inquit,
1788 3159 1982 3206 testem
2014 3151 2110 3205 ad-

2213 3157 2473 3224 .ldtptor'
2513 3157 2650 3226 οὐχὶ
2705 3161 2738 3211 ό
2775 3156 2918 3223 Θεὸς
2953 3155 3261 3224 ἐπιζητήσει
3293 3157 3512 3220 ταῦτα;
3550 3156 3616 3209 Σὲ
3651 3159 3798 3230 μάρ-

535 3265 819 3313 vocamus,
858 3258 910 3302 te
956 3246 1196 3315 judicem
1251 3252 1306 3299 et
1359 3245 1758 3314 exploratorem
1818 3243 2107 3296 verborum

535 3350 874 3406 nostrorum,
909 3350 1071 3410 atque
1119 3339 1508 3408 cogitationum
1540 3336 1742 3399 cordis,
1773 3351 1895 3405 qum
1940 3335 2111 3405 pluri-

535 3437 641 3489 mis
679 3435 869 3488 latent.
902 3434 983 3487 Tu
1021 3434 1204 3503 itaque
1249 3433 1416 3497 nosti,
1453 3432 1499 3486 si
1536 3430 1702 3484 tantis
1732 3429 1915 3483 alilicti
1951 3429 2110 3482 malis

534 3533 590 3580 et
629 3523 896 3578 humiliati
928 3523 982 3576 in
1011 3523 1130 3577 loco
1170 3520 1498 3583 afﬂictionis,
1527 3519 1704 3588 operti
1738 3518 1931 3572 umbra
1963 3533 2110 3570 mor-

535 3618 630 3683 tis,
658 3617 710 3671 in
753 3614 1080 3670 oblivionem
1126 3614 1366 3668 nominis
1415 3612 1495 3666 tui
1540 3613 1810 3676 venimus,
1839 3618 1892 3664 et
1923 3610 1968 3664 si
2000 3625 2106 3664 non

537 3711 737 3766 fiducia
781 3709 926 3780 pleni
972 3708 1028 3762 in
1083 3706 1303 3761 nomine
1331 3713 1426 3760 tuo
1451 3705 1664 3776 gloriati
1700 3719 1890 3759 sumus
1925 3722 1937 3757 :
1970 3701 2109 3756 side

536 3803 742 3857 auxilio
767 3809 861 3855 tuo
891 3800 1266 3870 desperantes,
1295 3797 1362 3851 ad
1393 3799 1556 3851 alium
1587 3796 1878 3868 quemdam
1923 3810 2109 3849 acces-

536 3896 731 3957 simus,
764 3909 1069 3964 manusque
1119 3891 1211 3945 alii
1275 3891 1384 3946 Deo
1409 3889 1788 3960 expandimus.
1819 3886 2022 3941 Horum
2051 3896 2107 3940 tu

531 3988 701 4058 judex
730 4003 790 4042 es
828 4004 842 4041 :
875 3986 1021 4041 nosti
1051 3986 1195 4039 enim
1242 3982 1562 4039 abscondita
1612 3979 1798 4036 cordis
1825 3987 1880 4034 et
1911 3979 2109 4050 cogita-

535 4079 734 4145 tiones,
767 4077 820 4131 in
847 4077 1047 4146 quibus
1089 4082 1391 4142 versantes,
1421 4073 1661 4143 quotidie
1699 4071 1917 4142 pietatis
1941 4085 2107 4125 causa

536 4179 710 4226 morte
738 4168 1022 4223 allicimur.
1055 4165 1188 4221 Nam
1217 4171 1309 4237 qui
1356 4167 1410 4220 in
1443 4165 1670 4235 singulis
1714 4164 2109 4219 tentationibus

536 4264 592 4316 in
635 4261 914 4333 proposito
939 4259 1130 4314 habuit
1176 4267 1406 4314 mortem
1440 4274 1540 4328 pro
1570 4258 1795 4311 veritate
1823 4256 2028 4319 subire,
2061 4256 2108 4309 is

536 4371 670 4410 sane
720 4351 898 4422 quoad
946 4353 1200 4406 virtutem
1258 4349 1522 4420 propositi
1577 4347 1731 4403 obiit.
1787 4345 1843 4401 Id
1892 4360 2110 4416 quoque

535 4446 829 4519 Apostolus
879 4441 1112 4507 dicebat,
1155 4439 1414 4510 quoniam
1459 4438 1773 4508 frequentes
1818 4441 1994 4499 erant,
2045 4448 2109 4488 ac

2211 3263 2372 3319 τυρα,
2391 3249 2575 3318 φησιν,
2601 3248 3040 3319 άνακαλούμεθα,
3065 3251 3258 3319 κριτήν
3290 3264 3347 3300 τε
3376 3249 3468 3300 καὶ
3501 3248 3797 3320 ἐξεταστὴν

2211 3340 2320 3394 τῶν
2353 3341 2635 3412 ἡμετέρων
2658 3341 2831 3409 λόγων
2863 3343 2958 3395 καὶ
2987 3341 3094 3393 τῶν
3139 3340 3280 3394 κατὰ
3331 3339 3570 3394 διάνοιαν
3600 3339 3800 3394 λανθα-

2212 3433 2408 3486 νόντων
2440 3434 2566 3496 τοὺς
2599 3433 2826 3497 πολλοὺς
2848 3432 3141 3504 λογισμῶν.
3171 3433 3342 3496 Αὐτὸς
3373 3432 3504 3502 γοῦν
3523 3428 3700 3493 οἶσθα.
3718 3434 3794 3495 εί,

2212 3525 2450 3579 τοσαῦτα
2475 3525 2738 3590 παθόντες
2797 3528 2890 3579 καὶ
2945 3525 3376 3589 ταπεινωθέντεᾲ
3400 3527 3457 3578 ὲν
3488 3526 3638 3596 τόπῳ
3694 3543 3799 3578 κα-

2214 3613 2458 3678 κώσεως,
2494 3616 2588 3668 καὶ
2608 3615 2972 3684 καλυφθέντες
3024 3615 3130 3668 ὑπὸ
3161 3617 3258 3684 τῆς
3307 3617 3465 3678 σκιᾶς
3507 3613 3603 3667 τοῦ
3637 3613 3799 3667 θανά-

2212 3723 2326 3768 του,
2359 3705 2529 3777 λήθην
2559 3705 2652 3758 τοῦ
2686 3705 2947 3775 ὀνόματός
2981 3720 3073 3756 σου
3107 3702 3472 3774 πεποιήμεθα·
3505 3703 3598 3756 καὶ
3630 3703 3677 3754 εἰ
3717 3703 3795 3772 μὴ

2214 3801 2305 3851 ἐπὶ
2330 3797 2406 3869 τῷ
2441 3796 2516 3868 σῷ
2537 3796 2760 3868 ὀνόματι
2788 3797 3094 3868 παρρησίας
3127 3795 3388 3867 γέμοντες
3409 3792 3792 3865 ὲκαυχώμεθα·

2212 3890 2336 3943 εἰδὲ
2370 3891 2484 3954 καὶ,
2513 3889 2841 3956 ἀπογνόντες
2873 3888 2971 3959 τὴν
3025 3889 3179 3957 παρὰ
3245 3887 3336 3940 σοῦ
3371 3887 3642 3958 βοήθειαν,
3700 3888 3797 3939 ἐπὶ

2211 3982 2396 4053 ἕτερόν
2426 3999 2548 4034 τινα
2581 3981 2832 4052 ἤλθομεν,
2859 3981 3028 4051 ἑτέρῳ
3059 3979 3176 4049 Θεῷ
3203 3981 3390 4049 χεῖρας
3418 3977 3798 4030 ἀναπετάσανο

2211 4092 2320 4138 τες·
2358 4076 2452 4129 καὶ
2483 4074 2688 4127 τούτων
2725 4075 2788 4126 σὺ
2819 4073 3010 4144 κριτὴς
3055 4071 3364 4142 τυγχάνεις.
3405 4067 3578 4124 Οἶσθα
3608 4070 3665 4123 δὲ
3698 4071 3798 4122 καλ⁸

2211 4167 2281 4221 τὰ
2310 4167 2517 4240 κρύφια
2547 4166 2647 4236 τῆς
2675 4166 2900 4237 καρδίας
2949 4165 3044 4218 κα)⁵
3094 4167 3218 4227 τοὺς
3249 4163 3540 4234 λογισμοὺς
3572 4162 3791 4224 αὐτοὺς.

2213 4259 2271 4310 ὲν
2308 4252 2389 4320 οἷς
2420 4256 2544 4309 καθ’
2579 4255 2817 4325 ἑκάστην
2847 4254 3058 4324 ἡμέραν
3077 4252 3240 4304 ἓνεκα
3267 4253 3366 4321 τῆς
3392 4247 3670 4311 εὑσεόείας
3705 4246 3797 4299 θα-

2212 4347 2539 4419 νατούμεθα.
2611 4347 2668 4399 Ὀ
2726 4345 2834 4416 γάρ
2895 4348 2962 4416 τῇ
3012 4343 3262 4415 προθέσει
3313 4342 3665 4411 λογισάμενος
3705 4339 3793 4405 ἐφ’

2215 4442 2427 4512 ἑκάστῳ
2450 4438 2738 4510 πειρασμῷ
2795 4438 2886 4491 τὸν
2933 4437 3072 4508 ὑπὲρ
3126 4435 3380 4506 ἀληθείας
3436 4433 3795 4498 ἀναδέξασθαι

538 4539 770 4596 subinde
797 4534 1042 4606 repetitae
1072 4532 1500 4603 persecutiones,
1522 4539 1577 4585 et
1609 4530 1926 4585 vexationes
1961 4542 2110 4581 mor-

2217 4531 2467 4594 θάνατον,
2501 4528 2772 4598 δυνάμειὸ
2792 4527 3029 4590 τοιοῦτος
3051 4525 3298 4595 τέθνηκε.
3334 4523 3493 4580 Καὶό
3539 4523 3796 4575 Ἀπόστο-

537 4643 642 4687 tem
673 4631 776 4702 ipsi
808 4629 1156 4693 minitantes;
1189 4625 1279 4679 ille
1314 4639 1445 4678 vero
1487 4624 1544 4677 in
1591 4622 1822 4692 singulis
1855 4621 2108 4675 tentatio-

536 4727 701 4780 nibus
733 4733 955 4796 paratus
981 4731 1099 4777 erat
1123 4720 1188 4773 ad
1219 4719 1444 4774 firmiter
1480 4713 1906 4771 concertandum
1933 4727 2108 4781 usque

535 4818 602 4871 ad
629 4825 883 4881 mortem,
916 4815 1039 4869 ideo
1063 4813 1187 4883 jure
1215 4827 1274 4866 se
1298 4809 1539 4881 quotidie
1569 4807 1707 4862 mori
1741 4806 1975 4860 dicebat.
2001 4803 2108 4857 Ea-

535 4910 659 4964 dem
692 4909 872 4980 itaque
904 4915 1084 4962 mente
1121 4905 1198 4959 illi
1227 4904 1500 4974 quondam
1532 4901 1810 4972 prophetae
1846 4898 1936 4953 Dei
1969 4913 2109 4968 pra:-

538 5000 791 5057 sentibus
842 4998 1005 5053 dictis
1050 4999 1163 5052 haec
1211 4995 1635 5067 signiﬁcabant:
1670 4993 1730 5048 ln
1773 4992 2110 5047 absconditis

538 5093 742 5148 nostris
782 5090 1166 5147 occidebamur
1211 5087 1491 5159 quotidie;
1542 5088 1653 5142 imo
1682 5100 1812 5142 vero
1856 5085 2109 5138 wstimati

537 5201 720 5241 sumus
754 5185 890 5239 sicut
919 5200 1035 5238 oves
1064 5183 1360 5237 occisionis.
1391 5179 1524 5235 Nam
1571 5194 1695 5234 cum
1743 5178 1909 5233 semel
1952 5175 2109 5247 quasi

539 5278 595 5334 in
624 5276 955 5333 sacriﬁcium
984 5291 1082 5348 pro
1106 5275 1359 5329 universo
1383 5273 1582 5344 populo
1604 5286 1705 5326 nos
1728 5269 2107 5331 obtulerimus,

539 5378 722 5426 mente
773 5383 839 5424 ac
894 5369 1172 5439 proposito
1222 5367 1486 5421 immolati
1524 5379 1738 5429 sumus,
1772 5373 1831 5418 ut
1875 5371 1932 5416 tu
1969 5363 2106 5432 ipse,

541 5462 706 5527 Deus,
738 5461 1048 5517 testiﬁcaris
1083 5475 1096 5511 :
1128 5458 1279 5514 solus
1330 5471 1568 5526 namque
1614 5456 1758 5510 nosti
1789 5453 2110 5510 abscondita

537 5554 743 5611 cordis.
771 5553 1039 5620 Quoniam
1090 5551 1258 5621 igitur
1306 5555 1456 5603 tanta
1487 5547 1731 5618 perpessi
1758 5562 1970 5612 sumus,
2001 5561 2116 5600 me-

613 5733 686 5796 (Ι)
729 5732 956 5788 Drusius
998 5732 1142 5786 hanc
1194 5737 1254 5784 ut
1305 5727 1505 5798 quinm
1536 5727 1790 5782 editionis
1823 5725 2110 5798 lectionem

539 5803 714 5869 aﬁcit,
748 5804 831 5859 his
863 5803 1043 5859 verbis
1073 5797 1501 5870 εἙπεπώμασας
1537 5802 1688 5869 ἡμῖν.
1721 5797 1930 5869 Aquin
1981 5812 2109 5852 vero

2213 4624 2300 4687 λος
2322 4623 2379 4676 δὲ
2409 4622 2567 4676 τοῦτο
2598 4623 2799 4690 ἔλεγεν,
2835 4619 3020 4690 ἐπειδὴ
3068 4620 3308 4688 συνεχεῖς
3332 4613 3472 4687 ἦσαν
3497 4617 3590 4669 καὶ
3622 4615 3793 4668 ἐπάλ-

2213 4715 2365 4787 ληλοι
2399 4715 2649 4785 διωγμοὶ,
2685 4715 2778 4766 καί
2796 4714 2844 4764 οἱ
2862 4711 3234 4781 περισπασμοὶ
3262 4709 3484 4762 θάνατον
3511 4705 3794 4760 ἀπειλοῦν-

2214 4824 2304 4870 τες
2364 4807 2534 4877 αὑτῷ.
2599 4807 2656 4858 '0
2694 4805 2750 4858 δὲ
2809 4803 2930 4857 καθ’
2987 4803 3219 4855 ἕκαστον
3282 4799 3586 4870 πειρασμὸν
3653 4816 3794 4868 παρ-

2216 4898 2514 4950 εσκεύαστο
2548 4896 2878 4959 ὲνστατικῶς
2944 4895 3103 4965 μέχρι
3138 4893 3365 4947 θανάτου
3400 4890 3788 4959 ἀγωνίσασθαι·

2213 4991 2293 5044 διὸ
2323 4991 2547 5053 εἰκότως
2576 4990 2695 5044 καθ’
2729 4991 2943 5061 ἡμέραν
2984 4986 3349 5058 ἀποθνήσκειν
3401 4983 3574 5052 ἔλεγε.
3609 4982 3794 5054 Ταύτῃ

2215 5081 2309 5138 οὖν
2341 5087 2407 5156 τῇ
2431 5083 2637 5154 διανοίᾳ
2656 5083 2749 5135 καὶ
2779 5082 2829 5134 οἱ
2857 5079 3023 5133 πάλαι
3056 5078 3152 5130 τοῦ
3207 5077 3341 5130 Θεοῦ
3390 5075 3663 5148 προφῆται
3706 5073 3793 5126 διὰ

2216 5178 2323 5231 τῶν
2349 5177 2724 5249 προκειμένων
2753 5174 2924 5228 ταῦτα
2947 5174 3203 5243 ἔφασκον·
3248 5172 3336 5225 Ἐν
3385 5170 3495 5242 γάρ
3523 5173 3635 5232 τοῖς
3663 5185 3794 5239 κρυ-

2217 5268 2360 5337 φίοις
2385 5267 2544 5339 ἡμῶν
2575 5264 2981 5334 ὲθανατούμεθα
3015 5265 3192 5316 πᾶσαν
3226 5262 3456 5333 ἡμέραν.
3504 5258 3661 5312 Ἀλλὰ
3684 5260 3794 5328 γὰρ

2215 5361 2310 5413 καὶ
2339 5359 2738 5428 ἐλογίσθημεν
2768 5358 2847 5423 ὡς
2880 5357 3142 5426 πρόϐατα
3184 5353 3446 5423 σφαγῆς·
3510 5349 3657 5417 ἅπαξ
3683 5351 3792 5419 γὰρ

2211 5453 2436 5514 ἑαυτοὺς
2469 5449 2912 5521 παραδεδωκότες
2941 5447 3130 5518 ὥσπερ
3163 5449 3240 5508 είς
3281 5445 3471 5498 θυσίαν
3503 5443 3622 5496 ἀντὶ
3657 5457 3794 5494 παν-

2209 5544 2301 5607 τὸς
2330 5542 2424 5596 τοῦ
2456 5542 2610 5607 λαοῦ,
2638 5540 2717 5612 τῷ
2746 5538 2990 5613 λογισμῷ
3024 5539 3119 5592 καὶ
3145 5540 3212 5608 τῇ
3241 5536 3496 5609 προθέσει
3529 5533 3791 5602 ἐσφαγιά-

2219 5723 2380 5778 lectio
2427 5722 2568 5791 apud
2616 5721 2872 5776 Drusium
2926 5721 3004 5775 sic
3055 5719 3216 5774 habet
3254 5738 3267 5774 :
3300 5720 3410 5774 Καὶ
3446 5717 3795 5787 ἐπεκάλυψας

2218 5796 2364 5864 ἡμᾶς
2394 5796 2450 5846 ὲν
2486 5794 2610 5862 σκιᾷ
2644 5793 2894 5847 θανάτου.
