4122 6454
345 350 453 408 339

1465 348 1963 408 COMMENTARIA
1994 350 2062 405 IN
2099 349 2436 407 PSALMOS.

3495 353 3600 408 390

347 467 578 539 σθημεν,
605 467 680 533 ώς
710 469 872 533 αὐτὸς
901 471 964 524 σὺ
997 471 1026 524 6
1062 470 1194 534 Θεὸς
1227 474 1540 543 μαρτυρεῖς·
1606 475 1764 542 μόνος
1813 471 1912 544 γὰρ

2026 473 2132 527 rito
2165 489 2287 529 cum
2320 471 2517 527 ﬁducia
2555 482 2609 528 te
2650 471 2718 527 ad
2755 487 2857 527 nos
2887 468 3282 536 convertimus,
3311 479 3367 525 et
3393 471 3601 524 excita-

346 560 635 628 γινώσκεις
666 560 733 614 τά
769 561 975 634 κρύφια
1006 564 1104 634 τῆς
1135 563 1380 638 καρδίας.
1429 563 1579 616 Ἐπεὶ
1627 563 1804 616 τοίνυν
1833 579 1921 615 το-

346 651 521 703 σαῦτα
550 651 914 723 πεπόνθαμεν,
963 655 1186 717 εἰκότως
1249 654 1384 725 μετὰ
1439 654 1750 725 παρρησίας
1799 657 1920 709 ἐπι-

349 743 654 815 πρέφομέν
687 761 745 798 σε
779 745 914 818 πρὸς
940 749 1086 818 ἡμᾶς
1117 747 1211 800 καὶ
1240 747 1576 818 διεγείρομεν
1615 745 1803 818 ὥσπερ
1829 765 1921 800 καυ

348 831 600 888 θεύδοντα
631 836 724 888 καί
764 853 962 907 φαμεν·
1000 839 1123 892 Ἵνα
1149 837 1206 891 τί
1236 837 1469 904 ὑπνοῖς,
1495 839 1707 905 Κύριε;
1748 837 1917 892 Ἀνά-

344 929 540 993 στηθι,
577 927 672 980 καὶ
710 925 796 997 μὴ
825 927 1037 998 ᾶπὼσῃ
1073 932 1160 996 εἱς
1187 929 1377 995 τέλοςμ
1414 927 1448 1000 ῆ
1486 928 1628 982 κατά
1658 929 1748 982 τὸν
1773 929 1916 1001 Σύμ-

350 1033 537 1086 ιιαχονι
577 1019 709 1074 Ἵνα
749 1021 805 1073 τι
875 1021 955 1087 ὡς
985 1024 1018 1074 ὁ
1072 1020 1280 1075 ὑπνῶν
1328 1015 1402 1086 εἷ,
1461 1020 1763 1086 Δέσποτα;
1804 1021 1921 1088 Ἐξ-

341 1104 626 1170 ὐπνιονον,
653 1109 750 1161 καὶ
773 1108 858 1177 μὴ
879 1109 1156 1178 ἀποϐάλῃ
1185 1112 1272 1176 εἱς
1297 1110 1494 1177 τέλος.
1519 1110 1582 1164 El
1602 1111 1710 1179 γὰρ
1732 1111 1824 1166 καὶ
1855 1114 1918 1165 ἐκ

345 1197 545 1270 μέρους
576 1200 781 1255 ἀπώσω
805 1201 894 1255 διὰ
925 1201 1023 1266 τὰς
1045 1201 1317 1273 ἁμαρτίας
1353 1200 1447 1254 τοῦ
1481 1201 1634 1266 λαοῦ,
1668 1202 1780 1256 ἀλλ’
1805 1204 1919 1255 ἱκε-

342 1288 573 1359 τεύομεν
595 1289 669 1362 μὴ
696 1294 777 1354 εἱς
805 1291 956 1355 τέλος
989 1290 1330 1355 ἀπώσασθαι,
1364 1290 1433 1344 τὰ
1457 1291 1501 1344 δ’
1537 1291 1781 1363 ἡμέτερα
1815 1308 1922 1345 πα-

348 1381 670 1453 ραδέξασθαι
724 1382 1121 1455 κατορθώματα
1173 1369 1314 1454 ὑπὲρ
1344 1382 1438 1437 τοῦ
1469 1384 1668 1447 παντὸς
1716 1381 1870 1439 λαοῦ.
1922 1380 2392 1454 Ἐπισημήνασθαι
2418 1381 2473 1435 δὲ
2505 1380 2602 1446 δεῖ,
2626 1381 2706 1434 ὅτι
2738 1380 2904 1434 δυάδα
2938 1381 3014 1454 (l)
3047 1380 3348 1454 προσώπων
3379 1381 3408 1434 6
3444 1379 3603 1449 λόγος
3691 1411 3694 1415 λ

345 1474 586 1546 ᾐνίξατο.

417 1593 542 1646 Ἵνα
571 1592 630 1646 τί
655 1591 719 1648 τὸ
735 1594 1058 1663 πρόσωπόν
1079 1594 1656 1665 σου-ἀποστρέφειω
1677 1593 1913 1648 ἐπιλαν-

342 1680 493 1750 θάνῃ
523 1682 634 1749 τῆς
661 1685 956 1753 πτωχείας
977 1684 1144 1756 ἡμῶν
1162 1686 1392 1755 καὶτῆς
1421 1688 1683 1755 θλίψεως
1711 1685 1910 1754 mulir;

345 1771 659 1842 Σύμμαχοςο
699 1773 821 1828 Ἵνα
859 1775 918 1828 τί
954 1774 1020 1828 τὸ
1076 1776 1402 1844 πρόσωπόν
1439 1792 1555 1831 σου
1611 1775 1909 1844 κρύπτεις,
1941 1809 1984 1863 Β

342 1863 738 1933 ἐπιλανθάνῃ
769 1863 879 1933 τῆς
915 1867 1228 1935 κακώσεως
1255 1866 1423 1937 ἡμῶν
1469 1866 1569 1922 καὶ
1617 1867 1874 1934 θλίψεως
1891 1881 1910 1930 ;

341 1953 621 2028 Κρύτιτεις
653 1956 750 2026 μὲν
799 1957 862 2010 τὸ
907 1958 1100 2013 ἑαυτοῦ
1161 1959 1470 2032 πρόσωπον,
1523 1961 1552 2013 6
1608 1958 1760 2022 Θεὸς,
1817 1957 1913 2011 καὶ

341 2049 700 2120 ἀποστρέφεις
762 2050 898 2122 πρὸς
942 2052 1003 2106 τὸ
1059 2052 1134 2124 μὴ
1183 2053 1400 2123 βλέπειν
1458 2051 1527 2105 τὰ
1577 2051 1776 2124 αἰσχρὰ
1817 2051 1913 2105 καὶ

343 2140 586 2212 ἀπρεπῆ,
621 2143 716 2196 καὶ
738 2143 836 2214 τῆς
866 2144 963 2214 σῆς
983 2144 1110 2209 Θέας
1142 2144 1412 2216 ἀλλότρια.
1458 2144 1594 2198 Ἀλλ’
1611 2145 1730 2198 ἐπεὶ
1752 2146 1912 2215 ἡμεῖς

340 2230 431 2283 ἐπὶ
462 2233 572 2294 τοῖς
596 2229 829 2303 λεχθεῖσι
883 2232 1263 2305 κατορθώμασι
1316 2233 1624 2304 παρρησίαν
1682 2231 1908 2300 ἄγομεν,

336 2321 438 2374 ἵνα
468 2320 524 2373 τί
549 2319 616 2375 τὸ
659 2321 982 2389 πρόσωπόν
1028 2339 1144 2377 σου
1195 2323 1515 2392 κρύπτεις;
1575 2321 1822 2376 Τοσαῦτα
1851 2321 1910 2374 δὲ

335 2410 653 2482 πασχόντων
684 2414 778 2465 καὶ
810 2412 1259 2468 κακοπαθούντων
1281 2415 1378 2486 τῆς
1411 2415 1511 2485 σῆς
1549 2414 1732 2467 ἕνεκεν
1753 2412 1908 2465 εύσεο

334 2501 504 2565 ϐείας,
541 2503 642 2555 ἵνα
667 2504 726 2557 τι
753 2504 1124 2575 ἐπιλανθάνῃ
1181 2505 1290 2574 τῆς
1345 2507 1660 2571 κακώσεως
1705 2503 1908 2574 ’ὴμῶνὶ

332 2594 449 2665 ἦτοι
511 2592 618 2662 τῆς
658 2596 984 2664 πτωχείας,
1021 2596 1162 2651 κατὰ
1217 2599 1342 2661 τοὺς
1388 2596 1806 2668 Ἐϐδομήκοντα.
1843 2595 1906 2648 Εἱ

331 2683 442 2754 γὰρ
466 2684 560 2737 καὶ
573 2685 797 2755 μεγάλα
823 2685 994 2740 ταῦτα
1023 2686 1098 2750 ὼς
1128 2687 1264 2757 πρὸς
1311 2689 1458 2759 ἡμᾶς
1491 2687 1904 2760 κατορθώματα,

331 2775 445 2828 ἀλλ’
476 2776 550 2840 ὡς
583 2778 717 2848 πρὸς
749 2779 806 2831 σὲ
839 2779 1016 2834 πάντα
1049 2780 1240 2850 πτωχά
1282 2781 1373 2833 καὶ
1429 2782 1658 2851 σμικρὰ,
1686 2781 1780 2834 καὶ
1801 2782 1907 2834 όλί-

332 2885 516 2936 γιστα.
547 2869 688 2940 Πλὴν
714 2871 789 2934 ὡς
818 2868 877 2936 ὲξ
910 2871 1064 2942 ἡμῶν
1099 2871 1326 2942 μεγάλα.
1361 2872 1452 2924 Διὸ
1485 2871 1796 2943 ἱκετεύομεν
1832 2870 1906 2944 μὴ

332 2959 504 3032 λήθην
539 2963 862 3034 ποιήσασθαι
889 2964 989 3034 τῆς
1017 2963 1292 3036 ἡμετέρας
1345 2963 1634 3034 ἰτετωχείίλις⁸
1669 2963 1908 3035 μνησθῆ-

331 3071 419 3107 ναι
441 3054 498 3108 δὲ
527 3056 742 3125 καὶτῆς
789 3056 1018 3126 θλίψεως
1063 3057 1241 3129 ἡμῶν,
1297 3052 1366 3130 ἧς
1409 3057 1778 3128 ὑπεμείναμεν
1809 3073 1901 3110 σου

2027 579 2150 620 mus
2195 567 2348 634 quasi
2377 564 2756 632 dormientem,
2785 563 3166 633 dicimusque:
3201 562 3378 628 Quare
3408 561 3600 616 obdor-

2026 654 2150 716 mis,
2180 653 2442 707 Domine?
2470 651 2733 721 Exsurge,
2776 662 2824 706 et
2853 668 2915 706 ne
2933 652 3154 721 repellas
3184 653 3238 706 in
3265 653 3452 721 ﬁnem;
3489 654 3604 706 sive

2025 743 2324 800 secundum
2350 743 2733 815 Symmachum
2761 763 2774 798 :
2799 743 2978 810 Quare
2999 745 3137 798 velut
3161 742 3495 797 obdormiens
3521 759 3598 807 es,

2023 834 2698 905 Domine?E:cpergisccre,
2725 845 2774 888 et
2793 851 2854 888 ne
2883 835 3095 904 rejicias
3117 836 3169 888 in
3192 836 3370 904 ﬁnem.
3400 832 3600 886 Etiam-

2023 928 2068 984 si
2121 928 2264 982 enim
2319 927 2390 981 ob
2432 935 2652 995 peccata
2697 927 2882 996 populi
2917 943 2983 981 ex
3021 937 3174 996 parte
3219 925 3508 997 repuleris,
3541 931 3600 978 at

2024 1033 2282 1089 rogamus
2330 1033 2399 1073 ne
2448 1017 2503 1072 in
2534 1018 2694 1072 linem
2724 1017 2970 1086 rejicias;
3007 1017 3102 1072 sed
3134 1018 3274 1072 bona
3303 1031 3468 1089 opera
3498 1031 3598 1070 no-

2027 1121 2140 1167 stra
2173 1127 2274 1182 pro
2309 1110 2564 1166 universo
2593 1111 2792 1182 populo
2817 1111 3076 1180 accipias.
3103 1109 3281 1179 Atque
3303 1110 3601 1164 observan-

2029 1197 2159 1252 dum
2226 1204 2332 1262 est,
2390 1196 2477 1250 bis
2537 1196 2854 1251 dualitatem
2919 1212 3281 1268 personarum
3310 1197 3604 1251 adumbra-

2030 1291 2100 1346 ri.

2087 1585 2252 1640 Vens.
2281 1585 2374 1649 26,
2406 1583 2498 1639 25.
2542 1583 2720 1650 Quare
2747 1583 2936 1654 faciem
2967 1595 3113 1638 tuam
3163 1585 3377 1650 avertis,
3409 1585 3600 1640 obliui-

2016 1679 2178 1732 sceris
2224 1679 2412 1748 inopia:
2445 1690 2644 1733 nostra:
2691 1688 2740 1732 et
2792 1676 3154 1731 tribulationis
3179 1679 3412 1732 nostrw?
3439 1677 3597 1749 εγω·-

2017 1772 2245 1827 machus
2273 1791 2286 1827 :
2315 1772 2492 1838 Quare
2522 1771 2712 1841 faciem
2737 1782 2885 1824 tuam
2917 1769 3222 1835 abscondis,
3269 1770 3592 1826 obliviscaris

2013 1864 2309 1936 aﬂlictionis
2378 1874 2574 1918 nostra:
2619 1874 2667 1919 et
2720 1862 3120 1916 tribulationis?
3175 1862 3481 1917 Abscondis
3539 1871 3595 1918 et

2011 1959 2212 2012 avertis
2259 1956 2453 2012 faciem
2491 1965 2659 2023 tuam,
2687 1955 2850 2022 Deus,
2885 1971 2952 2010 ne
2981 1955 3168 2010 videas
3200 1955 3374 2024 turpia
3419 1954 3511 2009 illa
3538 1963 3592 2010 et

2012 2049 2295 2116 indecora,
2327 2055 2552 2119 aspectu
2587 2056 2684 2101 tuo
2710 2047 2906 2101 aliena.
2942 2043 3048 2100 Sed
3082 2047 3209 2115 quia
3238 2061 3339 2102 nos
3363 2045 3418 2100 in
3443 2055 3591 2101 recte

2010 2141 2191 2206 factis,
2230 2149 2291 2196 ut
2317 2142 2522 2196 dictum
2553 2147 2657 2202 est,
2696 2139 2950 2194 ﬁduciam
2992 2138 3278 2202 habemus,
3309 2155 3472 2210 quare
3499 2139 3586 2208 fa-

2009 2237 2139 2290 ciem
2200 2245 2346 2288 tuam
2376 2231 2788 2288 abscondis?Et
2844 2247 2968 2287 cum
3025 2238 3107 2285 tot
3158 2232 3316 2287 malis
3367 2233 3586 2302 pietatis

2009 2342 2176 2384 causa
2219 2327 2520 2382 alliciamur
2551 2336 2604 2381 et
2632 2326 3028 2397 opprimamur,
3062 2341 3226 2394 quare
3266 2324 3588 2380 obliuisceris

2009 2418 2339 2490 aﬂlictionem
2371 2417 2652 2471 nostram?
2702 2415 2816 2470 sive
2864 2413 3119 2482 inopiam,
3151 2413 3451 2466 secundum
3487 2412 3587 2467 Sc-

2009 2511 2293 2582 ptuaginta
2324 2509 2673 2578 interpretes.
2705 2505 2856 2561 Licet
2882 2504 3050 2572 enim,
3076 2505 3268 2560 isthmc
3294 2505 3434 2559 bona
3456 2520 3586 2574 ope-

2009 2616 2093 2666 ra,
2120 2615 2315 2672 magna
2365 2600 2509 2667 quod
2556 2597 2623 2652 ad
2655 2613 2755 2654 nos
2785 2605 2995 2668 spectat
3030 2597 3279 2652 habenda
3315 2597 3460 2664 sint;
3489 2614 3585 2652 ve-

2007 2709 2130 2747 rum
2157 2699 2420 2762 quantum
2447 2689 2515 2745 ad
2549 2698 2600 2745 te
2629 2689 2809 2744 omnia
2827 2705 3018 2760 egena,
3042 2688 3254 2744 modica
3285 2699 3338 2744 et
3360 2689 3586 2744 minima

2008 2794 2156 2840 sunt.
2171 2783 2560 2840 Verumtamen
2581 2783 2710 2854 quia
2741 2791 2993 2852 respectu
3014 2782 3188 2836 nostri
3213 2796 3408 2852 magna
3431 2791 3584 2847 sunt,

2007 2876 2130 2932 ideo
2158 2877 2534 2946 supplicamus
2565 2876 2664 2930 tibi
2698 2883 2756 2929 ut
2782 2891 2850 2930 ne
2886 2875 3084 2945 inopiae
3115 2876 3462 2932 obliviscaris
3485 2887 3588 2930 no-

2007 2973 2155 3030 stra,
2196 2977 2362 3037 utque
2412 2965 2742 3029 alllictionis,
2778 2981 2941 3035 quam
2994 2966 3073 3020 tui
3119 2981 3290 3020 causa
3337 2965 3583 3036 perpessi

2007 3074 2220 3121 sumus,
2251 3057 2578 3112 recorderis.
2612 3055 2678 3108 Et
2711 3055 2836 3125 quia
2863 3054 3146 3108 humiliata
3177 3063 3256 3110 est
3290 3057 3344 3109 in
3375 3057 3584 3125 pulvere

327 3149 510 3220 χάριν.
537 3151 646 3202 Καὶ⁸
675 3150 803 3204 ἐπεὶ
836 3152 873 3219 ἠ
908 3149 1078 3220 ψυχὴ
1115 3149 1283 3220 ἡμῶν
1331 3153 1418 3216 είς
1459 3150 1612 3220 χοῦν
1646 3150 1906 3203 τεταπεί-

2014 3152 2186 3205 anima
2218 3160 2419 3212 nostra,
2455 3163 2711 3219 rogamus
2752 3146 3158 3201 inﬁrmitatibus
3189 3147 3396 3202 nostris
3427 3148 3584 3218 igno-

330 3257 530 3305 νωται,
567 3240 872 3310 συγγνῶναι
895 3245 1015 3306 ταῖς
1044 3241 1348 3305 ἀσθενείαις
1381 3241 1538 3313 ἡμῶν
1567 3241 1895 3312 ἱκετεύομεν.

2004 3259 2148 3299 scas.
2179 3243 2330 3296 Alias
2369 3257 2586 3312 quoque
2633 3241 2769 3311 ipsis
2799 3239 2984 3296 verbis
3011 3237 3177 3294 Deum
3213 3241 3466 3308 obsecrat
3499 3242 3583 3295 di-

328 3328 438 3383 Καὶ
474 3329 706 3401 ἀλλαχοῦ
739 3330 795 3384 δὲ
822 3330 901 3403 τῷ
930 3331 1078 3402 αὐτῷ
1098 3331 1238 3402 λόγῳ
1257 3332 1495 3385 δυσωπεῖ
1520 3331 1608 3386 τὸν
1629 3331 1781 3397 Θεὸν,
1815 3331 1897 3385 λέ-

2014 3350 2134 3390 :ens
2162 3353 2175 3389 :
2202 3332 2500 3388 Recordare
2527 3333 2776 3401 quoniam
2801 3332 2970 3400 pulvis
3001 3348 3184 3386 sumus
3207 3347 3226 3386 :
3259 3332 3412 3387 homo
3444 3334 3579 3387 sicut

326 3439 460 3491 γων·
495 3422 832 3492 Μνήσθητι,
885 3423 972 3477 ὅτι
1012 3423 1161 3492 χοῦς
1189 3423 1393 3494 ἐσμενο
1419 3423 1729 3493 ἅνθρωπος
1759 3426 1901 3480 ὠσεὶ

2014 3425 2179 3480 renum
2223 3425 2334 3479 dies
2377 3424 2571 3492 ejus“.
2611 3423 2723 3477 lmo
2757 3426 2919 3478 etiam
2956 3420 3179 3475 adhwsil
3211 3429 3365 3475 terra:
3407 3433 3582 3477 venter

326 3513 541 3581 χόρτος
589 3515 648 3566 ιίί
699 3511 908 3582 ἡμέραι
961 3514 1166 3568 αὐτοῦ.
1219 3513 1378 3568 Ἀλλά
1431 3515 1525 3568 καὶ
1583 3516 1622 3584 ἠ
1671 3517 1901 3587 γαστὴρ

2014 3528 2201 3572 noster.
2230 3516 2576 3586 Oportuisset
2605 3528 2735 3570 sane
2758 3513 3020 3584 repletum
3047 3513 3226 3582 ipsum
3255 3527 3377 3567 esse
3406 3513 3581 3569 sacris

325 3601 497 3672 ἡμῶν
523 3602 827 3670 ἐκολλήθη
855 3605 942 3670 εἱς
993 3601 1128 3673 γῆν.
1182 3603 1309 3657 Δέον
1360 3608 1469 3678 γὰρ
1497 3605 1666 3678 αὐτὴν
1696 3607 1903 3677 πεπλη-

2014 3608 2244 3671 iluentis,
2275 3617 2440 3679 atque
2484 3607 2632 3662 fonte
2683 3621 2838 3676 aqua:
2883 3604 3020 3658 vivae
3051 3603 3299 3659 salientis
3327 3603 3383 3658 in
3412 3603 3581 3658 vitam

327 3694 537 3766 ρῶσθαι
590 3695 846 3767 ναμάτων
875 3696 1045 3765 ἁγίων
1095 3697 1191 3750 καὶ
1247 3697 1430 3768 πηγῆς
1486 3698 1675 3763 ὓδατος
1705 3698 1901 3764 ζῶντος

2014 3709 2284 3762 ιειονηοηι,
2321 3698 2416 3753 sed
2439 3714 2505 3752 ex
2531 3697 2700 3751 nimia
2730 3695 2978 3751 siccitate
3009 3694 3236 3749 adhwsit
3273 3704 3427 3750 terra
3456 3711 3579 3748 ven-

327 3784 622 3856 ἁλλομένου
680 3788 760 3850 εἱς
817 3785 961 3858 ζωὴν
987 3785 1223 3853 αἱώνιον,
1252 3787 1311 3853 ἐξ
1356 3789 1609 3861 ἀνυδρίας
1633 3789 1902 3863 ὖπερῦαλ-

2014 3801 2082 3847 ter
2113 3801 2311 3846 noster.
2339 3789 2442 3846 Per
2470 3796 2714 3844 ventrem
2743 3795 2921 3843 autem
2947 3789 3264 3842 memoriam
3287 3787 3579 3857 intelligas,

327 3874 524 3945 λούσης
556 3878 594 3944 ἡ
625 3876 855 3946 γαστὴρ
876 3877 1043 3947 ἡμῶν
1067 3879 1371 3948 ἐκολλήθη
1389 3882 1476 3946 είς
1502 3879 1634 3949 γῆν.
1655 3882 1900 3955 Γαστέρα

2014 3885 2117 3940 sive
2152 3882 2456 3954 principem
2505 3883 2700 3936 anima:
2748 3889 2979 3951 partem,
3015 3880 3069 3933 in
3109 3895 3214 3948 qua
3259 3879 3580 3948 disciplinas

327 3967 385 4020 δὲ
407 3967 583 4040 ψυχῆς
609 3969 716 4022 νόει
746 3969 805 4022 τὸ
837 3972 1166 4041 μνημονικὸν
1191 3971 1378 4042 αὐτῆς,
1412 3970 1444 4042 ἢ
1493 3973 1585 4024 καὶ
1611 3971 1672 4024 τὸ
1701 3974 1902 4043 ἠγεμο-

2014 3993 2193 4032 omnes
2235 3991 2299 4030 ac
2339 3975 2741 4046 speculationes
2773 3973 2982 4043 colligit
3017 3991 3031 4026 :
3065 3971 3120 4026 in
3150 3987 3279 4042 qua,
3315 3979 3580 4040 concepto

328 4061 497 4126 νικὸν,
523 4063 580 4115 ὲν
634 4055 678 4130 ᾧ
737 4063 914 4116 πάντα
965 4065 1184 4133 συνάγει
1236 4064 1306 4118 τὰ
1362 4063 1661 4136 μαθήματα
1705 4065 1802 4118 καὶ
1833 4065 1901 4120 τὰ

2014 4070 2234 4134 semine,
2259 4082 2548 4138 prazgnans
2574 4064 2838 4131 efﬁcitur;
2868 4072 2923 4119 et
2953 4048 3236 4134 postquam
3265 4063 3576 4132 parturivit,

327 4153 678 4225 θεωρήματα·
701 4158 758 4208 ὲν
784 4149 828 4224 ᾧ
867 4157 959 4209 καὶ
991 4157 1212 4228 σπέρμα
1236 4156 1604 4228 ὑποδεξαμένη
1632 4157 1772 4222 κύει,
1807 4158 1900 4210 καὶ

2014 4162 2148 4233 parit
2193 4161 2447 4231 spiritum
2482 4159 2698 4223 salutis,
2734 4165 2794 4211 ut
2822 4157 2956 4211 dicit
2985 4156 3204 4227 quidam
3233 4174 3245 4209 :
3277 4155 3360 4208 Ex
3392 4156 3580 4212 timore

327 4246 772 4320 campumque
817 4251 982 4320 γεννᾷ
1023 4249 1244 4320 πνεῦμα
1294 4248 1586 4320 σωτηρίας,
1642 4249 1781 4303 κατά
1810 4248 1900 4303 τὸν

2014 4265 2117 4317 tuo,
2147 4253 2388 4316 Domine,
2415 4252 2470 4317 in
2497 4261 2645 4305 utero
2675 4249 3004 4318 concepimus
3033 4255 3082 4303 et
3110 4248 3578 4316 parturivimus,et

270 4380 277 4386 .
329 4338 596 4412 φήσαντα·
640 4336 733 4394 Ἐκ
785 4339 890 4394 τοῦ
915 4338 1105 4406 φόϐου
1152 4357 1290 4406 σου,
1342 4343 1534 4410 Κύριε,
1569 4341 1640 4394 ἐν
1689 4344 1898 4412 γαστρὶ

2014 4346 2294 4416 peperimus
2335 4343 2582 4414 spiritum
2626 4342 2818 4396 salutis
2840 4342 2906 4393 ".
2941 4339 3066 4394 Haec
3094 4340 3398 4410 supplicum
3427 4355 3580 4394 more

323 4431 618 4504 ἐλάϐομεν
647 4433 744 4489 καὶ
776 4433 1174 4504 ὠδινήοάμεν,
1231 4435 1328 4489 καί
1357 4435 1639 4505 ἑτέκομεν
1667 4437 1902 4508 πνεῦμα

2014 4436 2082 4489 illi
2107 4434 2384 4506 quondam
2419 4432 2699 4503 propheta:
2724 4430 2815 4485 Dei
2857 4439 2911 4486 et
2951 4430 3105 4499 probi
3135 4429 3188 4484 in
3221 4430 3421 4499 populo
3451 4431 3576 4496 viri,

326 4527 642 4594 σωτηρίας.
668 4525 915 4580 Τοσαῦτα
939 4503 1291 4596 δυσωπητικά
1340 4527 1388 4580 οἱ
1437 4503 1599 4582 πάλαι
1631 4528 1724 4582 τοῦ
1764 4503 1899 4584 Θεοῦ

2014 4503 2141 4598 eripi
2169 4534 2447 4597 rogantes.
2479 4523 2762 4595 proferunt
2785 4541 2798 4576 :
2825 4520 2972 4591 quod
2998 4520 3162 4574 etiam
3186 4521 3577 4590 impetrarunt;

329 4618 624 4689 προφῆται,
657 4619 750 4671 καὶ
773 4621 822 4670 οἱ
854 4616 1244 4690 κατορθοῦντες
1269 4619 1328 4672 ὲν
1360 4617 1436 4688 τῷ
1459 4618 1574 4690 λαῷ
1596 4620 1900 4691 δεηθέντες,

2014 4634 2131 4674 nam
2159 4617 2338 4672 adhuc
2363 4616 2500 4687 ipsis
2524 4613 2894 4684 loquentibus,
2930 4610 3260 4682 propitiatus
3309 4608 3453 4664 Deus
3484 4611 3581 4663 ﬂe-

331 4707 630 4760 ἱκετεύουσι
659 4709 751 4761 καὶ
769 4705 1091 4778 λυτρώσεως
1119 4711 1313 4779 τυχεῖν·
1333 4708 1362 4762 6
1389 4708 1452 4780 δὴ
1476 4710 1568 4762 καὶ
1588 4712 1898 4784 γεγένηται·

2014 4718 2118 4764 tum
2145 4725 2334 4765 eorum
2369 4709 2424 4762 in
2458 4708 2696 4780 laetitiam
2733 4705 2914 4762 vertit.
2952 4703 3056 4770 Qui
3087 4703 3232 4758 enim
3261 4709 3341 4758 tot
3364 4717 3423 4757 se
3449 4701 3581 4756 ﬂeti-

327 4796 408 4848 ἔτι
463 4795 571 4868 γὰρ
619 4796 920 4851 λαλούντων
971 4796 1148 4850 αὐτῶν
1200 4798 1526 4862 εἰσακούσας
1556 4799 1584 4850 6
1624 4799 1777 4864 Θεὸς,
1808 4817 1905 4871 με-

2014 4803 2106 4857 bus
2127 4801 2408 4864 dederant,
2441 4801 2543 4856 sub
2572 4800 2686 4854 hac
2709 4797 2776 4853 de
2805 4796 3160 4852 immutandis
3181 4793 3575 4855 vaticinantur,

329 4888 726 4953 ταὸἁλλειτοὺς
774 4889 1039 4960 ὀδυρμοὺς
1069 4887 1248 4941 αὐτῶν
1293 4889 1389 4942 ἐπὶ
1434 4889 1496 4942 τὸ
1529 4890 1897 4964 φαιδρότερον.

2014 4895 2384 4964 :anticumque
2415 4908 2516 4963 pro
2553 4891 2764 4946 Dilecto
2799 4890 3182 4956 modulantur;
3217 4901 3327 4957 quo
3361 4900 3578 4956 permo-

327 4980 528 5049 Διόπερ
574 4981 700 5052 tea;
730 4985 779 5035 οἱ
812 4981 1047 5036 τοσαῦτα
1102 4982 1573 5054 ἀποκλαυσάμενοι
1627 4985 1770 5058 ὑπὲρ
1794 4985 1902 5040 τῶν

2014 4994 2096 5042 tus
2123 4986 2300 5040 bonus
2331 4985 2421 5040 ille
2449 4984 2612 5047 Deus,
2639 4983 2936 5039 orantibus
2958 4980 3249 5052 propitius,
3271 4979 3574 5033 libertatem

324 5071 838 5144 ἀλλοιωθησομένων
890 5074 1310 5145 προφητεύουσι,
1363 5075 1456 5128 καὶ
1511 5074 1651 5147 ᾠδὴν
1715 5077 1899 5148 ᾅδουσι

2014 5091 2038 5130 a
2071 5077 2250 5138 malis,
2286 5082 2340 5130 et
2369 5075 2672 5129 animarum
2704 5074 3132 5144 redemptionem
3163 5072 3261 5126 toti
3295 5071 3574 5125 hominum

325 5164 426 5235 τὴν
459 5164 597 5236 ὑπὲρ
621 5163 712 5218 τοῦ
744 5166 871 5234 ’Δγα
883 5166 1072 5236 πητοῦ,
1094 5166 1158 5219 δι’
1175 5161 1234 5222 οὗ
1261 5165 1360 5238 τὴν
1385 5167 1570 5220 κακῶν
1591 5166 1901 5240 ἐλευθερίαν

2014 5169 2190 5239 generi
2221 5169 2501 5239 elargitur.

327 5259 424 5311 καὶ
454 5255 560 5309 τῶν
584 5257 770 5328 ψυχῶν
797 5257 892 5329 τὴν
931 5257 1302 5331 ἀπολύτρωσιν
1324 5259 1352 5311 6
1389 5259 1591 5327 ἀγαθὸς
1647 5261 1796 5325 Θεὸς,
1853 5259 2164 5325 ἐπακούσας
2195 5261 2302 5313 τῶν
2361 5259 2696 5332 εὐξαμένων,
2720 5258 2800 5332 τῷ
2825 5257 2989 5311 παντὶ
3038 5257 3186 5326 γένει
3215 5256 3322 5310 τῶν
3370 5253 3581 5327 ἀνθρώ-

330 5362 449 5403 πων
475 5349 802 5420 ἐδωρήσατο.

401 5510 447 5542 ⁸ο
485 5509 630 5566 Psal.
663 5523 777 5573 cu,
813 5507 902 5564 15.
977 5507 1024 5540 ⁶¹
1064 5508 1170 5563 lsa.
1208 5523 1374 5572 τινι,
1413 5506 1493 5563 18.

404 5663 479 5733 (1)
517 5662 760 5734 Dualitas
786 5662 878 5718 illa
909 5675 1267 5734 personarum
1297 5661 1588 5732 signiﬁcat,
1613 5661 1743 5716 hinc
1766 5676 1893 5732 pro-

333 5734 520 5801 phetas
567 5733 856 5804 iustosque
892 5733 1064 5798 viros,
1097 5733 1189 5804 qui
1225 5735 1382 5803 pauci
1413 5747 1642 5788 numero
1668 5747 1767 5804 pro
1788 5747 1890 5804 po-

333 5805 443 5873 puli
491 5805 704 5862 delictis
751 5803 1073 5876 precantur;
1105 5803 1230 5859 inde
1262 5804 1663 5861 multitudinem
1695 5803 1892 5876 plebis,

2004 5663 2244 5732 peccatis
2295 5662 2700 5731 sceleribusque
2743 5659 3124 5732 deditam;th
3151 5657 3264 5730 jam
3317 5655 3573 5729 superius

2003 5731 2314 5804 explicavit,
2346 5749 2411 5790 ac
2444 5733 2586 5788 infra
2619 5733 2812 5803 repetit
2847 5731 3134 5788 Eusebius.
