4122 6454
572 336 675 392 39!

1256 339 1527 397 EUSEBII
1564 340 2045 399 CAESARIENSlS
2081 342 2234 404 OPP.
2281 344 2462 401 PARS
2528 346 2619 403 Ill.
2656 378 2729 389 -ο
2767 347 3178 406 EXEGETICA.

3715 358 3827 417 59$

573 453 627 512 ⁸ο
646 453 739 538 ,ΕΞ
756 452 986 538 fle
994 497 1031 538 λ
1044 454 1194 538 Επο.
1211 455 1301 538 '13
1314 457 2125 538 QELFPMMHBUEUHS

2243 463 2355 538 BIL:
2380 463 2469 538 ro
2497 465 2919 538 IEAQE,III_E_P
2947 464 3825 538 IoNAi/tomensommon,

641 523 845 597 ιτιιιιξ
898 525 1106 589 cons,
1167 528 1261 582 AD
1314 523 1841 597 INTELLECTUM,
1903 523 2141 588 cauri;

635 595 784 652 CUM
821 595 961 653 PRO
999 597 1290 654 DILECTO
1328 599 1515 655 XLIV.

635 686 807 743 Vens.
838 677 1211 745 2.'Eructaoit
1241 707 1332 753 cor
1360 707 1532 746 meum
1563 709 1774 748 vernum
1803 692 2018 758 bonum,
2055 693 2142 747 di-

566 792 629 831 co
671 792 765 846 ego
811 792 969 846 opera
1008 794 1125 832 mea
1152 779 1279 849 regi.
1310 777 1517 853 Lingua
1545 799 1662 838 mea
1688 783 1929 838 calamus
1956 783 2144 840 scriba:

566 868 812 924 velociter
839 869 1136 926 scribentis.
1174 871 1279 938 Qui
1319 872 1378 929 in
1418 876 1798 946 superioribus
1826 882 1910 931 tot
1933 884 2143 932 tantas-

564 975 673 1030 que
702 961 972 1032 lacrymas
1016 961 1345 1030 eﬂ‘uderant,
1371 965 1484 1035 jam
1512 983 1613 1038 pro
1639 969 1889 1039 pristinis
1926 970 2143 1026 ﬂetibus

564 1053 782 1106 cantica
829 1062 886 1107 et
934 1054 1239 1112 cantilenas
1290 1055 1483 1123 edunt,
1526 1070 1818 1120 narrantes
1862 1071 2144 1119 auctorem

563 1143 669 1197 sibi
714 1145 1037 1203 mutationis
1079 1162 1111 1201 a
1154 1148 1403 1219 pristinis
1435 1153 1841 1212 calamitatibus
1871 1155 2142 1212 Dilectum

563 1232 658 1290 Dei
689 1234 883 1301 fuisse,
915 1255 1078 1309 quem
1105 1239 1227 1296 ideo
1260 1243 1316 1298 in
1346 1244 1451 1300 hoc
1484 1253 1600 1300 toto
1643 1249 1862 1304 cantico
1891 1248 2144 1305 laudibus

560 1323 815 1382 en‘erunt.
854 1327 925 1382 At
973 1332 1230 1400 quoniam
1281 1333 1471 1391 istbmc
1521 1337 1685 1408 longo
1734 1350 1858 1410 post
1899 1349 2147 1411 tempore

559 1426 823 1474 eventura
843 1430 1019 1487 erant,
1040 1423 1166 1493 jure
1195 1425 1298 1481 hoc
1320 1427 1501 1494 titulo,
1524 1428 1592 1484 In
1608 1431 1785 1499 ﬁnem,
1802 1433 2143 1504 prophetiam

559 1509 801 1577 donant;
833 1512 948 1569 sive
981 1516 1299 1585 triumphale
1329 1522 1619 1587 canticum,
1662 1530 1757 1578 aut
1786 1525 2022 1580 victoria:
2045 1542 2146 1580 au-

558 1601 712 1663 ctori,
745 1602 1072 1669 inscribunt,
1106 1606 1176 1661 ob
1208 1617 1394 1678 partas
1438 1611 1650 1667 scilicet
1673 1612 1741 1669 de
1768 1615 2146 1684 spiritualibus

575 1692 815 1749 inimicis
862 1695 1143 1753 victorias.
1174 1697 1355 1756 Titulo
1402 1711 1584 1757 autem
1630 1704 1959 1769 addiderunt
1990 1708 2141 1774 illud,

2315 536 2468 589 Ton:
2496 535 2680 589 non:
2714 536 2920 593 KUPE.
2947 532 3058 604 Et):
3089 535 3408 604 ΣΥΝΕΣιΝ,
3453 539 3585 592 mn
3640 532 3828 597 meo

2317 607 2454 660 ΤΟΥ
2484 603 2858 659 ΑΓΑΙΙΗΤΟΥ
2884 602 3016 660 MA'.

2248 710 2251 717 '
2304 696 2726 770 fEfnpeiiEato
2747 696 2787 765 ἡ
2815 695 3030 765 καρδία
3057 714 3178 766 μου
3205 699 3395 769 λόγον
3445 700 3693 770 ἀγαθὸν,
3724 700 3829 758 λέ-

2242 808 2326 863 τω
2352 788 2468 860 ἐγὼ
2494 789 2567 845 τὰ
2596 790 2741 860 ἔργα
2759 806 2878 859 μου
2906 787 2987 856 τῷ
3013 790 3285 854 βασιλεῖ.
3326 791 3391 848 Ἠ
3410 791 3663 862 γλῶσσὰ
3704 812 3831 864 μου

2246 884 2516 953 κάλαμος
2564 880 2943 955 γραμματέως
2988 881 3353 955 όξυτρᾴρου.
3378 885 3443 938 Ol
3486 883 3556 938 τά
3585 883 3831 940 τοσαῦτα

2244 974 2333 1028 διὰ
2370 958 2477 1029 τῶν
2502 961 2812 1046 ἔμπροσθεν
2861 972 3337 1044 ἀποκλαυσάμενοι
3389 975 3638 1031 ἐντεῦθεν
3681 975 3830 1048 ᾠδὰς

2232 1065 2342 1129 ,καὶ
2360 1065 2580 1138 ᾄσματα
2599 1066 2720 1120 ἀντὶ
2743 1065 2853 1120 τῶν
2894 1066 3175 1140 προτέρων
3203 1068 3455 1140 ὀδυρμῶν
3490 1068 3697 1140 ᾅδουσι,
3725 1070 3831 1139 τῆς

2245 1158 2353 1212 ἀπὸ
2382 1158 2490 1211 τῶν
2516 1157 2854 1231 σκυθρωπῶν
2882 1158 3183 1230 μεταϐολῆς
3202 1159 3372 1214 αίτιον
3400 1160 3582 1225 αὐτοῖς
3601 1162 3831 1231 γεγονέ-

2246 1264 2333 1302 ναι
2357 1247 2449 1302 τὸν
2507 1247 2809 1319 Ἀγαπητὸν
2839 1246 2917 1319 (1)
2947 1246 3042 1321 τοῦ
3056 1247 3192 1301 Θεοῦ
3215 1248 3518 1322 δηλοῦντες
3545 1249 3605 1305 ὃν
3633 1252 3728 1306 καὶ
3756 1251 3827 1304 δι’

2247 1339 2376 1411 ὅλης
2405 1338 2506 1408 τῆς
2534 1337 2678 1410 ᾠδῆς
2706 1337 3051 1409 ἀνυμνοῦσιν.
3096 1338 3234 1392 Ἀλλ’
3255 1341 3486 1414 ἐπείπερ
3510 1342 3685 1397 ταῦτα
3715 1360 3827 1413 μα-

2246 1434 2401 1504 κροῖς
2422 1428 2647 1502 ὕστερον
2667 1429 2879 1502 χρόνοις
2891 1430 3172 1500 γίγνεσθαι
3198 1432 3452 1504 ἦμελλεν,
3480 1434 3702 1499 εἰκότως
3718 1438 3828 1501 εἰς

2246 1518 2315 1573 τὸ
2331 1518 2505 1586 τέλος
2529 1518 2895 1590 ἐπιγράφουσι
2926 1519 3026 1592 τὴν
3047 1521 3404 1592 προφητείαν,
3437 1524 3471 1595 ἦ
3504 1524 3825 1589 ἐπινίκιον,

2247 1612 2282 1685 ἢ
2314 1611 2394 1679 τῷ
2426 1609 2731 1678 νικοποιῷ,
2757 1611 2845 1665 διὰ
2885 1612 2954 1668 τά
2986 1614 3128 1669 κατά
3159 1613 3268 1669 τῶν
3299 1617 3504 1689 νοητῶν
3548 1617 3829 1689 πολεμίων

2247 1702 2556 1774 νικητήρια.
2588 1700 2937 1774 Προσέθηκαν
2998 1702 3056 1757 δὲ
3103 1706 3168 1776 τῇ
3221 1706 3495 1778 ἐπιγραφῇ
3538 1706 3620 1770 τὺ,
3669 1708 3828 1780 ὑπὲρ

552 1799 649 1853 pro
683 1785 750 1838 iis
777 1787 867 1855 qui
900 1790 1393 1856 commulabuutur,
1422 1792 1550 1862 quia
1583 1792 1686 1865 ipsi
1717 1798 1882 1850 etiam
1905 1798 1999 1868 qui
2028 1799 2125 1855 ba

2247 1792 2367 1848 τῶν
2397 1793 2993 1864 ἁλλοιωθησομένωνο
3022 1793 3209 1867 ἐπειδὴ
3250 1796 3347 1850 καὶ
3369 1798 3522 1850 αὐτοὶ
3545 1798 3594 1851 οἱ
3647 1797 3826 1852 ταῦτα

554 1882 863 1951 proferunt,
899 1898 931 1937 a
963 1884 1107 1938 tristi
1141 1898 1397 1940 sermone
1423 1885 1492 1942 ad
1513 1886 1690 1943 laetius
1712 1888 1988 1944 canticum
2012 1906 2136 1946 mu-

554 1974 816 2030 tationem
849 1974 1050 2030 l‘ecere.
1076 1972 1192 2029 lmo
1217 1975 1384 2030 etiam
1417 1992 1539 2047 qua:
1569 1978 1626 2032 in
1656 1985 1774 2034 toto
1799 1980 2015 2036 cantico
2052 1981 2135 2037 fe-

552 2071 773 2128 runtur,
801 2065 1105 2120 mutatione
1149 2063 1421 2135 frequenti
1452 2067 1614 2139 plena
1643 2075 1791 2124 sunt.
1823 2067 1958 2124 Nam
1990 2070 2135 2128 Dile-

550 2163 675 2213 ctus
730 2157 847 2222 Dei,
918 2172 1045 2212 cum
1106 2158 1460 2228 semetipsum
1517 2160 1839 2229 exinanivit,
1902 2161 2132 2221 l‘onnam

550 2249 697 2305 servi
754 2250 1030 2319 accipiens
1078 2261 1133 2307 et
1187 2252 1377 2308 habitu
1422 2253 1678 2312 inventus
1714 2267 1773 2312 ut
1804 2258 1990 2323 homo,
2023 2275 2131 2314 non

548 2356 772 2410 parvam
802 2342 1157 2398 mutationem
1191 2344 1468 2402 sustinere
1494 2347 1650 2405 visus
1678 2358 1785 2413 est,
1813 2352 1917 2408 etsi
1946 2361 2134 2424 utpote

549 2429 715 2496 Deus,
746 2432 1105 2491 immutabilis
1132 2444 1186 2492 et
1214 2436 1552 2495 invariabilis
1576 2424 1669 2497 sit.
1688 2440 1792 2509 Qui
1824 2458 1956 2499 vero
1984 2445 2132 2503 illius

549 2541 716 2596 Opera
748 2541 779 2580 a
813 2528 1130 2597 captivitate
1158 2527 1365 2587 diaboli
1388 2530 1678 2602 redempti,
1708 2533 1777 2588 ad
1824 2535 2131 2592 libertatem

547 2618 788 2673 ﬁliorum
818 2617 912 2674 Dei
946 2620 1199 2675 translati
1226 2630 1378 2687 sunt.
1415 2624 1785 2693 pulcherrima
1812 2627 1972 2698 plane
2011 2645 2132 2683 mu-

544 2709 752 2764 tatione
805 2719 934 2766 sunt
980 2709 1182 2768 allecti.
1210 2711 1393 2779 Quare
1422 2727 1719 2772 memorata
1766 2718 1854 2775 his
1886 2719 1941 2775 in
1992 2720 2129 2776 locis

546 2800 735 2871 regina
779 2801 1004 2871 jubetur
1046 2803 1296 2859 oblivisci
1325 2805 1586 2875 populum
1618 2790 1778 2865 suum
1825 2820 1881 2866 et
1907 2811 2130 2868 domum

544 2894 720 2967 patris
758 2894 866 2959 sui,
894 2901 946 2949 et
984 2894 1093 2950 lilia
1114 2894 1244 2968 Tyri
1275 2897 1581 2970 alienigena
1632 2901 1700 2956 ad
1747 2903 2029 2973 pulchram
2064 2907 2101 2961 il

545 2985 655 3042 lam
688 2990 1045 3044 mutationem
1069 2998 1361 3059 evocatur;
1409 2993 1658 3064 virgines
1689 3010 1909 3066 quoque
1939 3003 1994 3052 et
2033 2997 2127 3053 tiiii

543 3078 766 3150 quidam
796 3098 893 3151 pro
921 3081 1165 3153 patribus
1192 3085 1326 3150 nati,
1360 3088 1548 3157 populi
1591 3088 1755 3144 etiam
1801 3087 1912 3145 Deo
1954 3093 2126 3145 conti-

2237 1887 2537 1958 φάσκοντες
2564 1885 2847 1940 ἀλλοίωσιν
2870 1884 2969 1957 τὴν
2992 1884 3102 1938 ἀπὸ
3143 1886 3254 1941 τῶν
3277 1883 3617 1961 σκυθρωπῶν
3648 1888 3825 1957 λόγων

2233 1979 2327 2033 ἐπὶ
2354 1977 2452 2050 τὴν
2475 1976 2838 2049 φαιδροτὲραν
2860 1974 3007 2057 ⁶ᾠδὴν
3037 1978 3380 2049 πεποίηνται.
3423 1980 3498 2034 Οὐ
3532 1978 3638 2053 μὴν
3684 1980 3826 2036 ἀλλὰ

2233 2071 2326 2125 καὶ
2354 2068 2422 2123 τὰ
2465 2068 2817 2143 ὲμφερόμενα
2847 2067 2915 2121 δι’
2943 2068 3072 2139 ὅλης
3109 2070 3211 2141 τῆς
3247 2070 3390 2143 ᾠδῆς
3421 2071 3682 2145 πλείστης
3719 2090 3823 2126 πε-

2234 2163 2510 2236 πλήρωται
2535 2160 2889 2225 ἀλλοιώσεως.
2910 2162 2978 2216 ’⁸0
2998 2178 3058 2215 τε
3079 2161 3187 2234 γάρ
3232 2162 3539 2235 ’Δγαπητὸς
3548 2163 3644 2218 τοῦ
3658 2163 3823 2227 Θεοῦ,

2233 2254 2425 2308 ἑαυτὸν
2456 2251 2719 2317 κενώσας,
2746 2253 2841 2306 καὶ
2877 2252 3091 2325 μορφὴν
3118 2252 3305 2307 δούλου
3337 2253 3538 2321 λαθὼν,
3576 2256 3822 2328 σχήματι

2231 2344 2478 2417 εὑρεθεὶς
2504 2344 2580 2408 ὡς
2600 2342 2906 2416 ἄνθρωπος,
2964 2342 3249 2397 ἀλλοίωσιν
3296 2346 3358 2398 οὐ
3397 2344 3498 2417 τὴν
3546 2346 3822 2418 τυχοῦσαν

2228 2433 2410 2500 ἔδοξεν
2444 2433 2757 2504 ὑπομένειν,
2781 2432 3137 2497 ἀναλλοίωτος
3171 2431 3246 2487 ῶν
3277 2436 3369 2488 καὶ
3423 2435 3692 2508 ἄτρεπτος
3740 2436 3823 2501 ὡς

2231 2522 2385 2587 eas;-
2427 2522 2481 2576 οἵ
2510 2539 2571 2575 τε
2602 2522 2669 2576 δι’
2690 2521 2855 2577 αὐτοῦ
2883 2524 2983 2595 τῆς
3017 2523 3121 2577 ὑπὸ
3141 2523 3232 2578 τὸν
3262 2523 3508 2580 διάϐολον
3540 2527 3821 2599 αἰχμαλω-

2234 2614 2355 2679 σίας
2372 2614 2759 2688 λυτρωθέντες,
2785 2618 2864 2679 είς
2896 2614 3210 2688 ἐλευθερίαν
3241 2633 3300 2670 τε
3330 2618 3430 2689 τὴν
3458 2618 3565 2672 ὑπὸ
3593 2619 3671 2691 τῷ
3696 2618 3820 2691 Θεῷ

2234 2705 2709 2780 μετενηνεγμένοι,
2762 2707 2861 2779 τὴν
2910 2707 3206 2791 καλλίστην
3259 2708 3476 2782 ἀληθῶς
3514 2712 3667 2765 αὐτοὶ
3719 2713 3820 2766 ἁλ-

2232 2798 2448 2853 λοίωσιν
2481 2799 2951 2871 ὐπομεμενήκασι.
2984 2798 3077 2851 Διὸ
3118 2797 3215 2851 καὶ
3246 2800 3280 2870 η
3319 2801 3672 2873 ὲμφερομένη
3701 2805 3819 2867 τοῖς

2232 2889 2411 2959 λόγοις
2441 2889 2724 2962 βασίλισσα
2782 2889 3062 2946 κελεύεται
3120 2888 3292 2961 λήθην
3339 2892 3667 2963 ποιήσασθαι
3719 2895 3816 2948 τοῦ

2231 2980 2361 3039 λαοῦ
2391 2983 2589 3055 ἑαυτῆς
2610 2982 2703 3038 καὶ
2751 2982 2847 3037 τοῦ
2900 2983 3051 3039 οἴκου
3083 2984 3180 3039 τοῦ
3213 2985 3418 3059 πατρὸς
3472 2985 3689 3058 ἑαυτῆς
3720 2986 3818 3039 καὶ

2228 3075 2478 3150 θυγάτηρ
2499 3077 2556 3131 δὲ
2585 3064 2763 3148 Τύρου
2783 3076 3079 3148 ἀλλόφυλος
3104 3079 3196 3132 ἐπὶ
3239 3077 3340 3150 τὴν
3382 3077 3554 3151 καλὴν
3585 3078 3817 3150 μεταϐο-

543 3178 742 3240 tentes,
772 3172 961 3228 eadem
993 3176 1292 3232 mutatione
1318 3178 1525 3250 dignati
1550 3188 1699 3235 sunt.
1732 3179 1976 3247 Quorum
2006 3198 2125 3238 om-

2230 3167 2328 3241 λὴν
2355 3168 2557 3249 ταύτην
2589 3170 2851 3223 καλεῖται’
2877 3169 3135 3242 παρθένοι
3163 3187 3222 3224 τε
3255 3170 3351 3225 καὶ
3380 3170 3484 3224 υἱοί
3510 3186 3654 3234 τινες
3680 3170 3817 3226 ἀντὶ

542 3260 696 3315 nium
723 3276 891 3318 causa
913 3265 1188 3319 canticum
1212 3281 1308 3331 pro
1340 3268 1408 3322 iis
1438 3269 1529 3340 qui
1556 3270 2023 3326 commutabantur
2044 3272 2124 3328 in-

543 3352 810 3423 scriptum
841 3361 961 3423 ast;
996 3356 1098 3420 vel,
1123 3358 1426 3413 secundum
1464 3359 1740 3430 Aquilam,
1774 3360 1838 3415 de
1857 3362 2018 3427 (iliis;
2049 3364 2125 3419 si-

540 3460 628 3508 ve,
661 3444 965 3500 secundum
998 3446 1410 3519 Symmachum.
1441 3466 1538 3521 pro
1568 3451 1813 3520 ﬂoribus.
1862 3452 1997 3508 Nam
2025 3455 2122 3527 qui

540 3536 867 3591 commutati
905 3545 1059 3603 sunt,
1088 3540 1291 3596 bonum
1344 3542 1620 3614 spirantes
1668 3544 1915 3611 odorem,
1956 3557 2124 3619 atque

539 3643 679 3683 nova
711 3628 969 3688 Ecclesiae
1001 3633 1267 3703 plantatio
1288 3635 1487 3702 en‘ecti,
1518 3637 1624 3692 hoc
1667 3639 1889 3695 nomine
1937 3641 2123 3712 appel—

540 3720 635 3775 lati
665 3729 815 3778 sunt.
840 3722 1023 3790 Quare
1058 3734 1117 3779 ut
1143 3725 1258 3781 inec
1300 3726 1531 3798 intelligi
1580 3737 1830 3798 possent,
1859 3745 2118 3786 necessa-

538 3813 624 3869 rio
651 3816 898 3870 auditum
930 3816 988 3872 in
1015 3816 1177 3873 titulo
1206 3817 1330 3884 fuit,
1360 3818 1431 3873 ad
1469 3819 1835 3886 intellectum;
1866 3829 1926 3876 ut
1959 3822 2122 3878 intel-

537 3906 774 3981 ligamus
826 3916 997 3964 totam
1043 3909 1318 3966 sermonis
1363 3910 1560 3967 seriem
1596 3911 1873 3967 canticum
1909 3927 2007 3982 pro
2039 3912 2123 3967 Di-

537 4001 680 4057 lecto
711 4001 1032 4072 complecti;
1062 4010 1177 4065 aut,
1199 4004 1500 4059 secundum
1537 4003 1948 4077 Symmachum,
1975 4004 2122 4060 Can-

538 4096 700 4150 ticum
730 4096 784 4150 in
824 4094 1106 4150 Dilectum.
1134 4094 1255 4173 lloc
1282 4106 1463 4152 autem
1516 4096 1571 4151 in
1623 4098 1746 4154 loco
1782 4098 1967 4153 omnia
1997 4113 2120 4168 quae

535 4185 604 4242 de
623 4185 832 4243 Dilecto
863 4185 1113 4242 feruntur
1139 4187 1366 4257 colligas
1395 4196 1648 4259 oportet;
1678 4189 1841 4260 quale
1869 4199 1955 4245 est
1982 4187 2117 4244 illud

535 4276 691 4334 Isaiae
717 4296 732 4334 :
769 4276 1009 4333 Cantabo
1039 4294 1167 4333 sane
1196 4276 1403 4334 Dilecto
1443 4280 1713 4334 canticum
1742 4279 1935 4334 Dilecti
1954 4281 2118 4337 vinea:

538 4386 688 4427 ntere.
724 4369 887 4425 Vinea
933 4369 1082 4440 facta
1110 4380 1187 4426 est
1219 4370 1510 4427 Dilecto“.
1540 4372 1709 4440 Queis
1749 4373 2114 4445 signiﬁcatur,

534 4461 750 4518 vineam
782 4462 1003 4534 quidem
1033 4478 1159 4519 esse
1185 4463 1407 4519 domum
1437 4463 1625 4531 Israel,
1656 4464 1711 4520 id
1739 4466 1885 4521 enim
1925 4467 1983 4522 in
2027 4481 2109 4522 se-

2224 3259 2492 3331 πατέρων
2508 3260 2831 3332 γενόμενοι,
2853 3260 2972 3315 λαοί
3000 3278 3059 3315 τε
3075 3261 3555 3334 ἐξομολογούμενοι
3579 3260 3657 3334 τῷ
3671 3260 3814 3332 θεῷ.

2225 3353 2324 3426 τῆς
2378 3353 2548 3425 αὐτῆς
2591 3352 2902 3425 ἠξιώθησαν
2964 3354 3323 3421 ἀλλοιώσεως.
3389 3352 3490 3411 Ὧν
3540 3356 3598 3411 δὲ
3646 3355 3814 3409 ἕνεκα

2225 3445 2440 3499 πάντων
2456 3444 2607 3514 ὑπὲρ
2627 3443 2745 3498 τῶν
2757 3444 3335 3516 ἁλλοιωθησομένιιηρ
3346 3445 3758 3519 προγέγραπται
3779 3446 3813 3516 ἠ

2222 3536 2519 3611 (giae-xm
2543 3537 2599 3590 δὲ
2627 3538 2716 3591 τὸν
2761 3535 3014 3601 Ἀκύλαν,
3061 3535 3161 3590 ἐπὶ
3208 3536 3334 3603 τοῖς
3377 3538 3624 3607 κρίνας’
3666 3536 3813 3592 κατὰ

2221 3628 2278 3682 δὲ
2305 3629 2396 3682 τὸν
2413 3627 2726 3701 Σύμμαχον,
2744 3629 2896 3698 ὑπὲρ
2917 3627 3037 3682 τῶν
3049 3626 3267 3683 ἀνθῶν.
3286 3627 3349 3683 Οἱ
3370 3628 3480 3702 γὰρ
3501 3628 3814 3684 ἀλλοιωθὲν-

2220 3738 2331 3786 τες,
2361 3717 2506 3777 οὗτοι
2536 3722 2761 3785 εὐωδίας
2788 3720 3140 3786 πνεύσαντες,
3171 3722 3267 3775 καὶ
3304 3720 3441 3792 ἄνθη
3488 3722 3659 3795 νεαρὰ
3707 3721 3811 3793 τῆς

2234 3812 2562 3886 Ἐκκλησίας
2592 3814 2895 3885 γενόμενοι,
2915 3811 3100 3867 τοῦτον
3141 3810 3537 3885 ὠνομάσθησαν
3565 3815 3658 3869 τὸν
3684 3815 3811 3887 τρό-

2222 3922 2341 3958 πον.
2373 3904 2483 3969 Διὸ,
2519 3905 2606 3958 ἵνα
2637 3903 2812 3957 ταῦτα
2844 3902 3033 3975 νοηθῇ,
3061 3903 3378 3973 ἀναγκαίως
3405 3906 3805 3979 πρόσκειταιτῇ

2223 3997 2514 4067 προγραφῇ
2540 3994 2621 4058 τὸ,
2646 3995 2734 4059 είς
2755 3994 3034 4047 σύνεσιν·
3072 3996 3166 4048 καὶ
3208 3994 3293 4050 ἵνα
3349 3995 3621 4068 συνῶμεν,
3650 3997 3727 4062 ὡς
3776 4003 3807 4055 ὁ

2220 4092 2329 4155 πᾶς
2357 4091 2514 4159 λόγος
2537 4089 2677 4162 ᾠδὴν
2728 4089 2977 4162 ’περιέχει
3040 4090 3181 4163 ὑπὲρ
3241 4088 3339 4144 τοῦ
3403 4089 3738 4164 Ἀγαπητοῦ,
3767 4095 3801 4165 ἢ

2219 4182 2363 4238 κατά
2409 4182 2500 4236 τὸν
2557 4182 2872 4254 Σύμμαχον·
2917 4178 3121 4254 *ᾼσμα
3171 4184 3258 4249 εις
3290 4183 3399 4236 τὸν
3449 4183 3800 4254 Ἀγαπητόν.

2223 4272 2393 4328 Ἔνθα
2422 4272 2479 4327 δὲ
2498 4273 2805 4344 γενόμενος,
2837 4274 3014 4328 πάντα
3028 4275 3128 4328 ὅσα
3145 4274 3273 4345 περὶ
3314 4274 3623 4346 Ἀγαπητοῦ
3680 4293 3805 4331 συν-

2218 4367 2385 4436 ἀξεις⁶
2412 4362 2523 4421 οἷον
2548 4368 2606 4420 ὲν
2634 4367 2850 4440 Ἡσαῒῳ
2876 4368 3039 4439 ’ᾼσω
3054 4367 3131 4436 δὴ
3155 4367 3232 4433 τῷ
3258 4368 3618 4438 ἠγαπημένῳ
3638 4363 3803 4441 ᾆσμα

2217 4461 2324 4515 τοῦ
2349 4458 2675 4531 Ἆγαπητοῦ
2703 4458 2784 4526 τῷ
2815 4458 3125 4529 ἀμπελῶνι
3156 4477 3297 4530 μου.
3345 4461 3643 4530 Ἀμπελὼν
3676 4463 3803 4532 ἐγε-

532 4555 830 4625 quentibus
862 4555 1212 4623 declaratur;
1251 4555 1523 4613 Dilectum
1572 4568 1755 4613 autem
1804 4558 1960 4614 illum
1991 4575 2116 4615 esse

2228 4552 2373 4622 νήθη
2410 4551 2491 4619 τῷ
2541 4551 2924 4623 ἠγαπημένῳ·
2976 4551 3044 4604 δι’
3075 4544 3150 4606 ὧν
3174 4551 3493 4623 σημαίνεται
3535 4554 3799 4625 ἁμπελὼν

534 4643 885 4717 Unigenitum
906 4645 999 4702 Dei
1031 4645 1253 4713 Filium,
1288 4648 1450 4718 cujus
1475 4648 1656 4719 portio
1677 4663 1744 4704 ac
1764 4649 1915 4721 prior
1938 4649 2112 4707 haere-

531 4735 678 4795 ditas
715 4737 819 4794 fuit
848 4748 1153 4796 memorata
1182 4740 1277 4796 illa
1304 4741 1483 4797 vinea.
1522 4739 1791 4808 Quoniam
1825 4748 2007 4797 autem
2027 4741 2112 4797 di-

532 4832 711 4889 lectus
739 4832 970 4903 quilibet
997 4833 1316 4905 diligentem
1354 4850 1414 4892 se
1439 4835 1620 4899 habet,
1655 4834 1741 4891 his
1770 4835 1916 4891 clare
1959 4850 2110 4889 com-

531 4930 897 4989 monstratnr,
922 4924 1138 4980 vineam
1167 4924 1317 4980 illam
1346 4925 1757 4997 possessionem
1790 4923 1981 4981 Dilecti
2013 4923 2108 4980 Dei

532 5012 728 5082 fuisse,
760 5015 923 5087 cujus
950 5017 1125 5088 gratia
1154 5032 1399 5089 praesens
1431 5019 1728 5084 canticum,
1752 5035 1850 5089 pro
1877 5017 2107 5083 Dilecto,

534 5107 857 5178 inscriptum
888 5117 991 5164 est.
1018 5107 1077 5164 In
1111 5108 1347 5166 Psalmis
1373 5126 1591 5181 quoque
1610 5111 1816 5167 dictum
1838 5120 1924 5167 est
1957 5129 1970 5166 :
2000 5109 2109 5166 Do-

532 5200 707 5255 minus
734 5198 882 5255 dabit
923 5198 1147 5256 Verbum
1171 5202 1648 5274 euangelizantibus
1679 5203 1871 5258 virtute
1913 5202 2104 5257 multa.

600 5358 651 5390 “
691 5354 797 5413 lsa.
830 5372 885 5421 ν,
919 5356 972 5413 1.

598 5517 681 5591 (1)
709 5513 1079 5591 jam-tneor.
1102 5510 1273 5591 .Apud
1313 5508 1614 5591 Eusebium
1663 5507 1806 5563 idem
1830 5504 2105 5591 significat

530 5576 677 5661 quod
708 5576 1034 5661 Μονογενῃς,
1065 5581 1123 5638 id
1163 5576 1278 5661 est,
1313 5576 1899 5661 Unigeuitusgupple’
1933 5576 2105 5661 Filius

533 5647 626 5716 Dei
657 5670 715 5712 ut
739 5647 901 5711 intra.
936 5647 1185 5719 Etvcro,
1236 5660 1374 5708 teste
1413 5647 1716 5704 Athanasio
1744 5647 1795 5719 tl;
1818 5647 1864 5711 l,
1892 5663 1945 5718 p.
1975 5647 2104 5719 64g),

531 5730 647 5805 tunc
675 5727 945 5805 sententia
976 5739 1111 5805 _usu_
1141 5717 1290 5805 venit
1319 5735 1440 5805 ξοδ.
1464 5720 1558 5774 illa
1585 5719 1732 5805 apud
1758 5717 1996 5805 Graecos.

525 5797 586 5853 δὲ
610 5799 909 5868 ἀγαπητόν,
943 5797 1024 5855 sic
1057 5795 1168 5862 ille,
1202 5793 1295 5848 καὶ
1322 5790 1582 5864 Ἕλληνες
1623 5787 1803 5844 ἴσασιν
1850 5790 1899 5842 οἱ
1941 5787 2106 5842 δεινοὶ

2221 4646 2319 4715 μὲν
2350 4646 2379 4698 ὁ
2400 4638 2548 4708 οἶκος
2569 4642 2664 4697 τοῦ
2697 4642 2930 4716 Ἰσραήλ·
2954 4642 3113 4697 τοῦτο
3151 4642 3261 4715 γὰρ
3300 4645 3429 4716 ἑξῆς
3458 4648 3489 4700 ό
3532 4646 3687 4716 λόγος
3712 4646 3801 4720 δη-

2216 4736 2318 4790 λοῖσ
2355 4735 2709 4808 ἠγαπημένος
2748 4735 2806 4789 δὲ
2830 4736 2924 4790 καὶ
2965 4736 3273 4804 Ἀγαπητὺς
3297 4739 3326 4790 ό
3354 4737 3664 4814 Μονογενὴς
3701 4742 3796 4795 τοῦ

2217 4826 2353 4882 Θεοῦ
2387 4827 2532 4891 Υἱὸς,
2565 4821 2627 4882 οὗ
2664 4827 2821 4900 μερὶς
2878 4825 3068 4896 γέγονε
3098 4826 3191 4880 καὶ
3223 4827 3422 4901 κλῆρος
3485 4831 3743 4904 πρότερος
3768 4835 3799 4885 ὀ

2214 4920 2473 4993 δηλωθεὶς
2503 4921 2783 4992 ἀμπελὼν.
2849 4919 3004 4974 Ἐπεὶ
3047 4920 3105 4974 δὲ
3164 4922 3274 4986 πᾶς
3317 4924 3670 4996 ἡγαπημένος
3699 4925 3799 4980 καὶ

2215 5014 2501 5085 ἀγαπητὲς
2556 5012 2670 5084 ἔχει
2700 5012 2792 5065 τὸν
2815 5012 3137 5082 ἀγαπῶντα.
3170 5014 3358 5085 σαφῶς
3387 5015 3478 5070 διὰ
3530 5017 3740 5074 τούτων
3766 5020 3799 5074 ὁ

2214 5105 2368 5174 λόγος
2392 5104 2690 5177 παρίστησι
2711 5104 2802 5158 τὸν
2830 5103 3126 5175 ἀμπελῶνα
3157 5106 3343 5177 κτῆμα
3386 5106 3662 5176 γεγονέναι
3697 5104 3794 5159 τοῦ

2227 5196 2535 5269 Ἀγαπητοῦ
2568 5196 2662 5252 τοῦ
2685 5194 2842 5261 Θεοῦ,
2878 5196 3006 5269 περὶ
3045 5189 3108 5251 οὗ
3150 5199 3184 5269 ἠ
3216 5198 3549 5271 προκειμένη
3577 5197 3688 5270 ᾠδὴ
3715 5196 3795 5252 εἴ·

2207 5507 2336 5581 περὶ
2368 5506 2465 5569 τὰς
2495 5504 2689 5571 λέξεις,
2723 5509 2805 5581 ὃτι
2835 5505 2950 5581 ἴσον
2988 5507 3105 5562 ἐστὶ
3133 5508 3212 5580 τῷ
3242 5509 3438 5581 εἰπεῖν,
3466 5508 3784 5581 μονογενής.

2206 5575 2469 5650 Craterum
2522 5587 2716 5650 norunt
2760 5579 2861 5647 ipsi
2905 5576 3078 5633 Grtrci
3103 5619 3118 5642 ,
3157 5575 3249 5650 qui
3289 5575 3790 5650 dictionum'per'iti

2204 5656 2348 5704 sunt.
2382 5646 2634 5723 dilectum
2650 5646 2955 5723 idemuesge
2983 5659 3138 5723 atque
3169 5646 3512 5719 unigenitum.
3548 5646 3652 5706 Pro
3676 5665 3788 5723 qua

2208 5733 2265 5773 re
2294 5717 2573 5788 probanda
2606 5718 2764 5775 altert
2797 5719 2888 5775 ille
2910 5717 3131 5776 Homeri
3159 5717 3427 5779 carmina.
