4100 6442
498 397 607 456 395

1221 390 1490 449 EUSEBll
1525 385 1998 446 CESARIENSIS
2033 384 2185 443 OPP.
2226 387 2406 444 PARS
2442 386 2531 448 lli.
2577 419 2632 429 —
2663 388 3071 445 EXEGETICA.

3668 390 3780 449 396

500 515 589 570 dis
603 511 671 568 ⁶¹.
706 510 959 583 “agnum
992 525 1158 582 porro
1177 525 1318 581 opus
1348 517 1468 564 erat
1505 509 1686 564 futura
1718 523 1816 580 per
1843 508 2085 579 linguam

2194 510 2369 564 ἕνεκά
2401 525 2517 563 σου
2543 509 2952 579 θανατούμεθα
2998 508 3154 576 ὅλην
3181 506 3294 576 τὴν
3335 505 3583 576 ἡμέραν.
3619 506 3783 574 Μέγα

501 601 818 668 vaticinari,
851 611 1014 674 atque
1044 601 1155 672 regi
1192 601 1248 654 in
1299 600 1519 655 cantico
1549 600 1676 655 boni
1705 599 1882 655 nuntii
1917 599 2083 653 mini-

503 703 680 750 strum
712 707 856 750 esse.
891 691 1027 764 Ejus
1059 683 1242 747 autem
1271 691 1414 755 loco,
1439 690 1680 745 calamus
1724 690 1910 744 scriba?
1947 690 2085 744 velo-

501 786 634 838 citer
691 784 995 847 scribentis,
1053 781 1274 853 Aquila,
1334 781 1574 836 calamus
1623 781 1809 836 scribae
1863 781 2082 844 velocis;

505 874 870 947 Symmachus
899 885 1070 938 vero;
1089 873 1270 943 lingua
1297 889 1412 927 mea
1443 873 1612 944 stylus
1643 873 1828 927 scribta
1875 873 2082 927 velocis.

503 967 773 1038 Quodque
808 966 1060 1021 mirabile
1112 964 1409 1020 admodum
1465 971 1570 1028 est,
1629 963 1870 1035 linguam
1928 977 2085 1018 suam

503 1074 614 1114 non
649 1072 872 1112 manum
911 1057 1108 1113 scriba:
1154 1055 1378 1120 eruditi,
1411 1071 1586 1126 neque
1624 1055 1861 1129 scribam
1895 1061 2084 1119 vocat,

504 1147 602 1205 sed
635 1149 905 1203 calamum
931 1148 1128 1204 scribas
1159 1148 1419 1203 velociter
1443 1146 1768 1213 scribentis;
1798 1141 2088 1202 declarans

505 1240 750 1309 linguam
799 1239 1203 1310 prapheticam,
1259 1237 1488 1293 alterius
1547 1251 1610 1291 ea
1644 1236 1873 1301 utentis,
1909 1235 2088 1292 sancti

504 1329 762 1386 videlicet
790 1328 1053 1401 Spiritus,
1082 1330 1511 1385 instrumentum
1536 1342 1680 1382 esse.
1712 1326 1762 1382 ls
1792 1341 1924 1381 sane
1951 1324 2090 1380 scri-

513 1423 608 1485 ba,
638 1420 800 1490 cujus
849 1422 1024 1492 stylus
1059 1430 1113 1476 et
1147 1421 1392 1475 calamus
1423 1426 1540 1473 erat
1569 1417 1959 1488 prophetarum
1989 1415 2092 1470 lin-

507 1525 649 1582 gua;
686 1512 758 1566 ita
811 1516 871 1563 ut
916 1507 1059 1563 alius
1099 1516 1247 1563 esset
1275 1505 1457 1562 scriba
1501 1506 1764 1562 velociter
1816 1505 2088 1572 scribens,

505 1602 769 1658 nimirum
829 1599 1070 1672 Spiritus
1105 1608 1351 1664 sanctus,
1402 1599 1544 1655 alius
1573 1598 1860 1670 propheta,
1894 1598 2090 1653 tertius

505 1694 696 1764 lingua
725 1691 1069 1764 prophetica,
1101 1705 1224 1760 quae
1258 1690 1456 1745 calami
1489 1697 1544 1746 et
1593 1689 1722 1761 styli
1754 1689 1877 1744 loco
1924 1689 2091 1745 babe-

506 1786 693 1849 batur,
726 1791 780 1840 et
803 1777 1504 1853 instrumentum'Spiritus
1532 1782 1730 1852 sancti,
1767 1781 1860 1852 qui
1885 1795 1949 1837 ea
1972 1790 2091 1836 ute-

509 1875 694 1945 batur,
731 1883 870 1933 erat.

2188 602 2244 654 δὲ
2277 597 2343 672 ῆν
2377 601 2536 672 ἔργον
2563 600 2659 654 καὶ
2702 599 2765 652 τὸ
2793 599 2880 652 διὰ
2919 597 3165 669 γλώττης
3203 598 3273 652 τά
3333 597 3596 668 μέλλοντα
3644 613 3785 669 προ-

2191 695 2467 764 φητεύειν,
2501 695 2597 746 καὶ
2648 692 2725 762 τῷ
2758 691 2970 762 βασιλεί
3006 689 3370 744 διακονεῖσθαι
3410 691 3510 761 τὴν
3548 690 3788 756 εὐαγγε-

2190 786 2344 858 λικὴν
2372 786 2539 858 ᾠδήν.
2580 783 2724 836 Ἀντὶ
2787 783 2844 836 δὲ
2898 781 3014 835 τοῦ·
3067 783 3345 850 Κάλαμος
3395 779 3785 851 γραμματέως

2190 875 2556 946 ὀξυγράφου,
2607 877 2635 928 δ
2667 875 2766 944 μὲν
2811 871 3060 936 Ἀκύλαςο
3113 871 3362 940 Σχοῒνος
3399 867 3785 940 γραμματέως

2191 965 2456 1038 ταχινοῦ·
2507 967 2536 1019 ὁ
2576 966 2633 1019 δὲ
2685 965 3000 1036 Σύμμαχος·
3035 963 3074 1031 ἠ
3116 959 3373 1032 γλῶσσά
3422 978 3565 1030 μου,
3621 957 3780 1030 φησὶ,

2190 1059 2472 1127 ποαφεῖον
2496 1055 2764 1126 ΊῬαςρέως
2800 1053 3071 1124 ταχινοῦ.
3117 1051 3332 1124 Σφόδρα
3354 1050 3410 1103 δὲ
3450 1049 3784 1121 θαυμαστῶς

2190 1149 2288 1220 τὴν
2324 1147 2514 1202 ἑαυτοῦ
2543 1143 2818 1216 γλῶσσαν,
2857 1146 2918 1200 οὐ
2969 1146 3131 1216 χεῖρα
3153 1143 3532 1215 γραμματέως
3561 1143 3786 1212 ἐπιστή-

2195 1258 2373 1312 μονος,
2408 1241 2529 1294 οὐδὲ
2558 1237 2894 1311 γραμματέα
2927 1237 3114 1307 φησὶν,
3149 1235 3285 1290 ἀλλὰ
3339 1234 3583 1305 κάλαμον
3605 1252 3788 1307 γραμσ

2195 1329 2408 1406 ματέως
2426 1329 2756 1401 ὀξυγράφου·
2806 1327 3003 1399 δηλῶν,
3030 1328 3112 1380 ὃτι
3144 1325 3376 1397 ὄργανον
3398 1319 3467 1395 ἦν
3504 1325 3536 1395 ή
3565 1337 3786 1396 προφη-

2193 1416 2318 1489 τικὴ
2338 1417 2557 1486 γλῶσσα
2581 1418 2772 1488 ἐτέρου
2798 1415 2894 1469 τοῦ
2920 1414 3202 1487 χρωμένου
3237 1414 3400 1485 αὐτῇ,
3435 1412 3592 1480 ἁγίου
3616 1409 3788 1466 Πνεύ-

2196 1526 2364 1580 ματος
2385 1527 2397 1540 ·
2430 1509 2569 1580 ὅπερ
2611 1508 2638 1561 ὁ
2677 1508 3059 1578 γραμματεὺς,
3093 1500 3154 1560 οὗ
3199 1508 3460 1576 γραφεῖον
3486 1504 3581 1558 καὶ⁵
3613 1504 3786 1558 κάλα-

2197 1618 2294 1671 μος
2329 1585 2625 1670 ἐτύγχανεν
2651 1602 2684 1671 ή
2712 1599 2819 1653 τῶν
2850 1599 3145 1671 προφητῶν
3166 1599 3409 1669 γλῶσσα,
3439 1597 3569 1650 ὥσθ’
3591 1597 3786 1669 ἕτερον

2193 1688 2330 1746 εἶναι
2364 1691 2454 1744 τὸν
2487 1685 2794 1763 ὀξυγράφον
2827 1691 3184 1762 γραμματέα,
3233 1689 3433 1761 δηλαδὴ
3468 1688 3529 1742 τὺ
3556 1687 3785 1759 Πνεῦμα

2192 1782 2252 1836 τὺ
2284 1782 2570 1853 ἂγιον,καὶ
2601 1781 2785 1854 ἕτερον
2842 1781 2932 1834 τὸν
2965 1782 3272 1854 προφήτην,
3320 1780 3415 1834 καὶ
3470 1779 3652 1851 τρίτον
3684 1778 3787 1851 τὴν

2119 1861 2165 1918 Β
2194 1870 2442 1940 γλῶσσαν
2470 1873 2571 1944 τὴν
2603 1869 2969 1944 προφητικὴν,
3005 1871 3039 1941 ἢ
3071 1870 3318 1942 καλάμου
3369 1869 3465 1923 καὶ
3512 1869 3797 1941 γραφείου·

515 1935 701 2038 χώραν
728 1966 963 2038 ἐπεῖχεν,
1009 1935 1251 2040 *ὄργανον
1300 1967 1644 2038 τυγχάνουσα
1674 1964 1770 2020 τοῦ
1815 1964 2100 2037 χρωμένου
2137 1935 2276 2035 αὐτῇ
2304 1963 2462 2032 άγίου
2487 1935 2826 2036 Ιίνεύματος.

580 2055 878 2112 Sciendum
914 2066 1095 2113 autem
1138 2065 1245 2122 est,
1274 2057 1576 2114 secundum
1612 2055 1967 2126 Septuaginta
1999 2052 2089 2107 in-

507 2153 797 2218 terpretes,
828 2148 1156 2202 sententiam
1190 2146 1674 2219 [subsequentem]
1707 2147 1919 2203 calamo
1942 2144 2088 2201 scri-

511 2239 593 2294 bae
645 2237 1022 2308 conjunctam,
1055 2245 1219 2307 atque
1247 2245 1426 2293 totum
1454 2238 1734 2308 eloquium
1781 2251 1892 2293 uno
1925 2251 2089 2292 versu

509 2327 969 2399 comprehensum
1002 2342 1146 2392 esse,
1185 2328 1289 2382 hoc
1323 2335 1486 2396 pacto
1517 2346 1529 2380 :
1573 2327 1782 2398 Lingua
1805 2343 1920 2382 mea
1941 2326 2090 2381 cala-

506 2433 626 2471 mus
654 2416 844 2472 scriba:
867 2417 1112 2472 velociter
1137 2418 1440 2485 scribentis,
1468 2421 1735 2490 speciosus
1769 2420 1944 2489 forma
1977 2435 2088 2488 prce

506 2508 636 2577 ﬁliis
664 2507 960 2562 hominum.
998 2509 1066 2562 At
1093 2509 1222 2580 quia
1259 2501 1528 2564 Hebraica
1572 2510 1737 2565 lectio
1787 2519 1842 2566 et
1889 2510 2090 2579 reliqui

507 2596 858 2667 interpretes,
887 2600 1173 2669 superiore
1202 2602 1469 2656 sententia
1505 2602 1948 2672 circumscripta,
1982 2601 2090 2655 alio

506 2689 706 2746 deinde
730 2690 1002 2761 principio
1032 2693 1086 2746 in
1110 2693 1454 2763 expositione
1506 2693 1592 2748 usi
1624 2702 1754 2749 sunt
1779 2712 1794 2760 ;
1851 2707 2092 2763 congru-

501 2787 664 2834 enter
685 2793 790 2836 nos
811 2780 976 2835 etiam
1004 2780 1159 2845 illud,
1183 2779 1476 2848 ’Speciosus
1501 2780 1678 2850 forma
1707 2797 1821 2850 pra:
1841 2781 1972 2849 ﬁliis
1992 2781 2088 2835 ho-

505 2872 730 2936 minum,
766 2871 834 2926 ah
884 2873 992 2926 alio
1031 2872 1498 2928 initiO'duximus.
1546 2868 1743 2943 Aquila
1789 2873 1956 2943 igitur
1987 2874 2091 2926 hac

505 2961 722 3017 ratione
769 2962 1161 3033 interpretatus
1192 2971 1298 3028 est,
1343 2962 1750 3019 Pulchritudine
1787 2974 2007 3019 ornatus
2033 2979 2089 3017 es

507 3069 542 3106 α
581 3053 712 3122 ﬁliis
739 3053 1046 3120 hominum;
1105 3054 1471 3126 Symmachus
1498 3070 1650 3120 vero,
1685 3053 2090 3110 Pulchritudine

507 3146 723 3217 pulcher
767 3163 820 3201 es
861 3155 1057 3218 prater
1109 3147 1252 3216 ﬁlios
1297 3145 1600 3210 hominum;
1655 3148 1730 3202 ita
1776 3155 1836 3203 ut
1882 3163 2004 3220 qua
2033 3148 2092 3203 in

511 3237 731 3295 cantico
786 3239 1217 3309 praemittuntur,
1289 3239 1542 3310 prommii
1601 3239 1779 3294 vicem
1829 3239 2086 3295 habeant.

2263 2054 2473 2108 Είδέναι
2504 2053 2562 2107 δὲ
2580 2054 2678 2118 δεῖ,
2713 2055 2789 2118 ὡς
2818 2054 2960 2109 κατὰ
2983 2055 3082 2127 τὴν
3107 2055 3216 2109 τῶν
3255 2054 3660 2127 Ἐὁδομήκοντα
3687 2056 3787 2127 ἑρ-

2196 2146 2421 2218 μηνείαν
2447 2146 2715 2217 συνῆπται
2747 2147 2780 2218 ή
2807 2147 3017 2201 διάνοια
3038 2147 3118 2218 τῷ
3150 2147 3382 2218 καλάμῳ
3405 2146 3498 2201 τοῦ
3528 2164 3788 2219 γραμμαο

2191 2236 2349 2302 τέως,
2387 2236 2477 2305 ὑφ’
2505 2237 2602 2290 ἕνα
2629 2255 2687 2291 τε
2720 2238 2903 2309 στίχον
2947 2239 3007 2293 τὸ
3034 2239 3154 2294 ὅλον
3188 2239 3523 2309 ἀπείληπται
3578 2237 3782 2308 λόγιον,

2193 2325 2365 2389 οὕτως
2388 2325 2529 2397 ἔχονο
2575 2327 2636 2383 Ἠ
2657 2326 2909 2397 γλῶσσά
2929 2346 3049 2396 μου
3106 2328 3374 2399 κάλαμος
3402 2326 3788 2399 γραμματέως

2194 2417 2561 2487 ὀξυπράφοψ
2587 2419 2804 2488 ὡραῖος
2832 2419 3045 2473 κάλλει
3071 2418 3231 2488 παρὰ
3281 2419 3421 2486 τοὺς
3465 2420 3636 2486 υἱοὺς
3663 2418 3787 2474 τῶν

2193 2497 2555 2576 ἀνθρὼπων-υ
2582 2508 2736 2562 Ἐπεὶ
2771 2508 2829 2561 δὲ
2851 2509 2887 2579 ἡ
2920 2508 3184 2580 Ἐϐραῖκὴ
3235 2507 3379 2572 λέξις
3409 2510 3504 2562 καὶ
3526 2510 3574 2562 oi
3608 2508 3788 2562 λοιιιτιοῑ⁵

2194 2598 2548 2670 έρμηνευταὶ,
2576 2598 2675 2670 τὴν
2695 2598 2802 2653 τῶν
2839 2599 3099 2668 ἀνωτέρω
3139 2598 3376 2653 διάνοιαν
3406 2599 3790 2672 περιγράψαν-

2191 2705 2302 2752 τες,
2334 2689 2442 2743 άπὸ
2489 2689 2677 2762 ἑτέρας
2707 2691 2881 2763 ἀρχῆς
2908 2691 3005 2763 τὴν
3031 2691 3246 2745 ἔκθεσιν
3272 2692 3618 2763 ἐποιήσαντοο
3647 2693 3787 2746 είκό-

2190 2798 2298 2844 τως
2331 2781 2426 2834 καὶ
2450 2783 2610 2852 ἡμεῖς
2632 2781 2692 2848 ἐξ
2713 2783 2906 2854 ἐτέρας
2930 2783 3107 2854 ἀρχῆς
3164 2784 3245 2836 1:6-
3312 2782 3541 2853 Ὠραῖος
3570 2785 3789 2838 κάλλει

2197 2869 2350 2938 παρὰ
2387 2871 2529 2938 τοὺς
2573 2872 2739 2938 υἱοὺς
2787 2871 2906 2926 τῶν
2962 2871 3310 2941 ἀνθρώπων,
3366 2873 3783 2945 παρεθήκαμεν.

2205 2962 2262 3016 Ὀ
2297 2962 2395 3033 μὲν
2427 2959 2520 3017 οὖν
2561 2963 2791 3028 Ἀκύλας
2835 2963 3023 3018 τοῦτον
3070 2967 3382 3037 ἡρμήνευσε
3422 2966 3513 3019 τὸν
3559 2966 3790 3036 τρόπον,

2193 3052 2421 3108 Κάλλει
2472 3055 2842 3124 ἐκαλλιώθης
2889 3056 3010 3112 ἀπὸ
3070 3053 3221 3110 υἱῶν
3273 3057 3618 3125 ἀνθρώπων·
3667 3058 3696 3109 ὁ
3727 3058 3793 3112 δὶ

2195 3144 2509 3216 Σύμμαχος⁸
2541 3146 2767 3203 Κὰλλει
2804 3148 2993 3215 καλὸς
3031 3144 3091 3202 εἷ
3106 3148 3266 3218 παρὰ
3296 3149 3439 3216 τοὺς
3461 3149 3634 3216 υἱοὺς·
3665 3147 3788 3203 τῶν

2195 3237 2540 3306 ἀνθρώπων·
2573 3239 2716 3292 ὥστε
2767 3234 2906 3293 εἶναι
2965 3239 3036 3292 τὰ
3085 3239 3279 3313 πρῶτα
3340 3242 3439 3312 τῆς
3487 3240 3630 3312 ᾠδῆς
3662 3239 3787 3294 ἀντὶ

508 3327 649 3384 Cum
681 3308 827 3382 enim
867 3327 1224 3400 propheticus
1257 3308 1463 3385 chorus
1510 3343 1819 3384 sermonem
1847 3328 1915 3384 de
1940 3328 2089 3385 Dile-

2200 3325 2486 3400 προοιμίου
2542 3329 2862 3401 λελεγμένα.
2894 3308 3145 3386 Μέλλων⁷
3176 3331 3288 3402 γὰρ
3338 3308 3794 3400 εὐαγγελίζεσθαι

508 3427 600 3474 cto
634 3416 895 3483 initurus,
926 3425 1091 3487 atque
1120 3417 1396 3473 canticum
1419 3418 1486 3472 de
1515 3418 1608 3472 illo
1641 3418 1958 3487 prolaturus
1997 3434 2089 3474 es-

510 3513 614 3572 set,
641 3506 908 3576 prommio
950 3521 1086 3560 usus
1119 3515 1224 3570 est,
1281 3507 1427 3577 quod
1458 3507 1561 3562 hac
1595 3508 1866 3564 sententia
1901 3509 2094 3563 termi-

508 3605 693 3662 natur,
730 3597 939 3668 Lingua
983 3613 1098 3652 mea
1154 3598 1394 3652 calamus
1451 3597 1640 3652 scriba:
1673 3597 1920 3653 velociter
1955 3599 2093 3654 scri-

509 3691 703 3746 bentis.
738 3688 950 3747 Exinde
984 3703 1115 3744 vero
1151 3689 1430 3744 canticum
1482 3689 1539 3744 in
1571 3688 1762 3745 Dilecti
1795 3703 2088 3760 personam

508 3779 746 3844 orditur,
780 3779 968 3852 sicque
1028 3779 1319 3852 compellat
1370 3779 1550 3849 ipsum
1608 3796 1623 3834 :
1685 3777 1980 3850 Speciosus
2029 3794 2091 3835 es

511 3871 707 3932 forma,
767 3869 994 3942 pulcher
1047 3884 1129 3934 es,
1179 3875 1234 3924 et
1276 3867 1692 3942 pulchritudine
1740 3877 1971 3924 ornatus
2004 3885 2087 3934 es,

511 3963 625 4017 sive
653 3960 1065 4033 pulchritudine
1117 3960 1409 4017 decoratus
1441 3974 1526 4026 es,
1569 3975 1604 4014 ο
1660 3958 1890 4025 Dilecte,
1926 3975 2092 4030 super

512 4053 654 4109 ﬁlios
685 4052 988 4107 hominum.
1017 4050 1243 4106 Etiamsi
1276 4051 1424 4107 enim
1467 4058 1584 4108 tute
1612 4066 1758 4107 unus
1799 4051 1879 4107 sis
1926 4066 1957 4107 e
1987 4067 2092 4108 nu-

514 4157 668 4200 mero
698 4142 934 4198 ﬁliorum
966 4141 1272 4207 hominum,
1301 4149 1464 4214 atque
1486 4142 1555 4198 iis
1585 4142 1678 4213 qui
1710 4142 1766 4197 in
1794 4149 1941 4197 terra
1964 4156 2090 4196 ver-

515 4243 711 4292 santur
744 4239 1142 4289 annumeratus
1184 4235 1296 4301 sis;
1351 4244 1407 4287 at
1442 4233 1591 4289 nulla
1618 4233 1972 4304 pulchritudo
2007 4243 2093 4290 est

513 4334 625 4383 tua:
651 4323 1040 4395 comparanda.
1075 4322 1261 4377 Palam
1294 4331 1476 4380 autem
1508 4333 1593 4380 est
1638 4325 1692 4379 id
1739 4325 1923 4396 quoad
1979 4327 2092 4380 vir-

509 4426 682 4476 tutem
724 4415 868 4482 dici;
905 4429 1083 4486 neque
1113 4414 1260 4471 enim
1290 4414 1358 4471 iis
1388 4414 1618 4471 adversa
1651 4415 1900 4487 proferre
1930 4424 2090 4489 pute-

507 4516 600 4562 tur
626 4505 798 4560 lsaias
827 4503 958 4558 dum
990 4490 1109 4557 ait:
1148 4502 1218 4556 Et
1242 4501 1471 4558 vidimus
1507 4519 1648 4568 eum,
1697 4513 1746 4559 et
1801 4523 1907 4562 non
1933 4505 2092 4563 habe-

509 4599 599 4652 bat
645 4598 886 4666 speciem,
924 4611 1086 4664 neque
1113 4595 1582 4664 pulchritudinem.
1617 4596 1722 4653 Sed
1752 4601 1948 4668 species
1976 4603 2090 4672 ejus

2197 3420 2288 3472 τὸν
2318 3419 2458 3492 ὑπὲρ
2483 3413 2578 3474 τοῦ
2626 3419 2936 3492 Ἀγατιητοῦ
2962 3422 3137 3491 λόγον,
3192 3423 3287 3476 καὶ
3313 3421 3413 3494 τὴν
3441 3422 3583 3495 ὑπὲρ
3613 3420 3785 3476 αὐτοῦ

2201 3511 2494 3584 προφέρειν
2521 3510 2662 3582 ᾠδὴν
2692 3513 2721 3565 ὁ
2744 3513 3082 3584 προφητικδς
3105 3513 3285 3584 χορὸς,
3301 3514 3573 3586 προοιμίῳ
3591 3514 3802 3585 κέχρηο.

2198 3619 2313 3666 ται,
2349 3602 2554 3674 στήσας
2587 3601 2647 3655 τὺ
2675 3602 2959 3674 προοίμιον
2987 3603 3093 3670 ἕως
3117 3602 3235 3658 coii-
3275 3604 3342 3658 Ἠ
3379 3603 3634 3674 γλῶσσά
3660 3622 3784 3674 μου

2199 3691 2468 3762 κάλαμος
2513 3691 2898 3762 γῬαμματόως
2952 3692 3320 3763 ὀξυγράςρου.
3391 3693 3672 3748 Ἐντεῦθεν
3724 3694 3786 3747 δὲ

2198 3783 2384 3837 λοιπὸν
2417 3783 2723 3855 άπάρχεται
2749 3783 2852 3854 τῆς
2891 3784 2972 3848 είς
3013 3785 3304 3856 πρόσωπον
3331 3784 3426 3838 τοῦ
3471 3785 3785 3856 Ἀγαπητοῦ

2198 3875 2358 3946 ᾠδῆς·
2393 3875 2672 3944 ἀναφωνεϊ
2695 3891 2754 3928 τε
2793 3874 2930 3947 πρὸς
2975 3875 3156 3930 αὐτόν’
3222 3877 3435 3949 Ὠραῖος
3481 3873 3532 3932 sl
3571 3876 3784 3944 κάλλει,

2200 3966 2367 4030 καλὸς
2401 3961 2472 4030 εἷ,
2496 3966 2530 4036 ἢ
2559 3964 2747 4021 κάλλει
2779 3965 3138 4038 ὲκαλλιὼθης,
3169 3967 3201 4039 ἢ
3233 3968 3418 4022 κάλλει
3470 3968 3785 4042 ὼραιὼθης,

2199 4049 2244 4108 ὧ
2271 4056 2570 4128 ’Δγαπητὲ,
2602 4055 2754 4127 παρὰ
2781 4058 2908 4121 τοὺς
2932 4059 3082 4123 υἱοὺς
3107 4058 3219 4112 τῶν
3241 4058 3563 4131 ἀνθρώπων.
3582 4061 3647 4115 Ei
3671 4059 3790 4130 γὰρ

2200 4149 2294 4202 καὶ
2317 4148 2384 4203 τὰ
2416 4149 2652 4219 μάλιστα
2679 4143 2761 4212 εἷς
2789 4166 2874 4212 τις
2897 4149 3129 4218 γέγονας
3174 4151 3268 4204 καὶ
3299 4151 3463 4216 αὐτὸς
3487 4151 3618 4220 υἱῶν
3674 4151 3785 4212 τῶν

2199 4239 2522 4314 ἀνθρώπων,
2552 4242 2646 4296 καὶ
2683 4240 3099 4313 κατηριθμήθης
3129 4243 3242 4306 τοῖς
3272 4245 3369 4298 ἐπὶ
3405 4244 3510 4315 γῆς
3534 4243 3784 4298 πολιτευ-

2203 4333 2477 4403 σαμένοις⁸
2513 4332 2627 4386 ἀλλ’
2654 4333 2754 4386 οὐκ
2798 4332 2913 4386 ἐστι
2962 4333 3331 4403 παραϐάλλειν
3365 4333 3442 4405 τῷ
3467 4335 3654 4390 κάλλει
3687 4353 3782 4390 σου

2199 4422 2406 4493 ἕτερον.
2447 4421 2614 4493 Δῆλον
2665 4421 2744 4486 δὲ,
2793 4423 2878 4474 δτι
2936 4422 3079 4476 κατά
3117 4421 3222 4494 τὴν
3251 4415 3472 4495 ἀρετήν·
3503 4424 3650 4478 οὕτω
3673 4424 3785 4497 γὰρ

2181 4513 2327 4588 ,οὒτε
2351 4513 2489 4581 δόξει
2548 4514 2766 4568 ἐναντία
2821 4513 3031 4579 τούτοις
3078 4513 3308 4578 Ἡσαΐας
3348 4516 3526 4586 λέγειν
3579 4517 3783 4588 φήσαςο

2199 4607 2308 4662 Kal
2345 4606 2550 4676 ἴδομεν
2569 4605 2776 4671 αὐτὸν,
2808 4606 2908 4659 καὶ
2933 4608 3045 4662 οὐκ
3083 4603 3246 4676 εἶχεν
3266 4603 3426 4674 εῖδος
3471 4607 3612 4662 οὐδὲ
3637 4607 3788 4663 κάλ-

508 4691 852 4752 inhonorata,
877 4687 1124 4757 deﬁciens
1140 4702 1250 4756 prce
1274 4688 1405 4757 ﬁliis
1429 4688 1768 4745 hominum".
1790 4689 1916 4746 limo
1932 4669 2089 4762 quip-

2196 4701 2324 4763 λοςο
2352 4669 2514 4752 ἀλλὰ
2539 4697 2604 4751 τὸ
2633 4669 2792 4764 claci;
2822 4697 3008 4752 αὐτοῦ
3052 4669 3282 4766 ἀτίμοις,
3313 4669 3597 4752 ἐκλεῖπον
3624 4701 3788 4767 παρὰ

509 4794 577 4849 pe
604 4792 823 4846 crucem
851 4784 906 4832 et
926 4777 1237 4847 passionem
1269 4776 1736 4846 praenuntiabant,
1781 4796 1903 4851 qua:
1934 4788 2090 4851 petu-

507 4867 678 4922 lantia
715 4873 771 4922 et
817 4866 1148 4922 contumelia
1196 4866 1368 4936 plena:
1409 4866 1563 4924 fuere
1619 4887 1631 4923 :
1686 4885 1856 4940 quare
1907 4871 2094 4929 subdit

510 4959 776 5031 propheta
796 4957 1048 5023 ",Homo
1076 4957 1130 5011 in
1155 4957 1324 5028 plaga
1353 4961 1633 5027 exsistens,
1660 4963 1734 5016 'ac
1759 4963 1926 5018 sciens
1956 4963 2094 5032 ferre

506 5048 898 5120 inﬁrmitatem,
921 5049 1267 5104 inhonoratus
1303 5066 1396 5104 nec
1429 5061 1703 5120 reputatus
1720 5064 1819 5108 est.
1839 5054 2092 5112 Psalmus

508 5156 643 5198 vero
684 5129 1169 5214 pulchritudinem,
1213 5157 1322 5198 non
1373 5144 1645 5214 corporis,
1695 5147 1775 5200 uti
1823 5147 2086 5214 diximus,

509 5233 786 5296 enuntiat,
812 5230 910 5287 sed
937 5231 1180 5297 virtutis,
1207 5249 1329 5304 quae
1365 5235 1569 5289 nullam
1603 5235 1845 5292 admittit
1874 5239 2086 5308 peccati

405 5377 410 5382 ,
509 5321 711 5380 labem.
741 5318 855 5376 Sub
883 5320 997 5376 haec
1027 5321 1229 5381 dicitur
1263 5343 1274 5378 :
1313 5324 1522 5394 Di/I‘usa
1549 5337 1630 5381 est
1648 5329 1825 5398 gratia
1849 5331 1902 5384 in
1935 5331 2090 5386 labiis

512 5412 642 5475 tuis;
665 5420 942 5483 propterea
973 5408 1236 5468 benedixit
1279 5421 1326 5470 te
1379 5413 1518 5467 Deus
1551 5415 1606 5467 in
1630 5425 1904 5472 wternum.
1939 5417 2090 5488 Moy-

510 5519 605 5562 ses
642 5505 808 5576 igitur
834 5504 1068 5577 gratiam
1099 5504 1394 5581 quamdam
1429 5504 1672 5574 invenit;
1703 5507 1816 5564 Noe
1861 5495 2084 5574 iterum,

594 5751 632 5787 "
669 5750 814 5808 Psal.
847 5767 1004 5818 ιιιιι,
1034 5751 1125 5808 22.
1206 5753 1252 5785 ⁸⁸
1291 5751 1396 5810 isa.
1436 5768 1574 5816 LIII,
1612 5751 1671 5814 2.
1749 5754 1792 5784 ⁶⁹
1831 5752 1961 5808 ilid.
1995 5752 2048 5806 '5.

2199 4787 2342 4854 τοὺς
2364 4787 2536 4854 υἱοὺς
2561 4787 2679 4842 τῶν
2693 4789 3037 4858 ἀνθρώπων.
3057 4789 3272 4843 Ἐκεῖνα
3292 4788 3402 4860 γάρ
3429 4789 3522 4842 τὸν
3551 4790 3784 4861 σταυρὸν

2198 4881 2292 4934 καὶ
2322 4879 2383 4932 τὸ
2416 4879 2587 4942 πάθος
2609 4878 3005 4950 προανεφώνει,
3061 4878 3098 4933 ἃ
3129 4879 3414 4951 παροινίας
3440 4880 3534 4934 καὶ
3570 4879 3784 4952 ὕδρεως

2203 4969 2414 5039 ὑπῆρχε
2471 4969 2664 5040 μεστά’
2711 4969 2792 5023 διὸ
2833 4967 3022 5039 δήκαὶ
3079 4970 3360 5039 ἐπήγαγεν
3398 4971 3426 5022 δ
3469 4970 3780 5041 προφήτης

2204 5061 2541 5126 Ἀνθρωπος
2577 5059 2647 5114 ἐν
2671 5058 2875 5130 πληγῇ
2905 5058 3012 5125 ὢν,
3038 5059 3137 5114 καί
3166 5059 3340 5126 εὶδὼς
3363 5059 3567 5130 φέρειν
3587 5064 3782 5130 μαλα-

2198 5152 2355 5214 κίαν,
2386 5151 2686 5220 ὴτιμάσθη
2742 5151 2842 5204 καὶ
2885 5153 2997 5206 οὐκ
3029 5152 3336 5222 ἐλογίσθη.
3391 5151 3451 5207 '0
3482 5153 3537 5206 δὲ
3569 5151 3786 5224 ψαλμδς

2198 5242 2390 5306 κάλλος
2425 5242 2590 5296 αὑτοῦ
2624 5243 2798 5307 καλεῖ,
2825 5243 2946 5298 καθ’
2979 5242 3016 5297 ἃ
3067 5243 3302 5316 εἴρηται,
3339 5245 3400 5298 οὐ
3430 5244 3489 5297 τὸ
3533 5243 3627 5297 τοῦ
3677 5243 3786 5298 σώ-

2202 5350 2388 5403 ματος,
2422 5332 2558 5386 ἀλλὰ
2583 5333 2642 5388 τὸ
2673 5334 2773 5404 τῆς
2796 5324 3018 5405 ἀρετῆς,
3082 5332 3358 5408 ἁμαρτίας
3391 5335 3450 5389 ού
3488 5335 3785 5406 δεξάμενον

2201 5424 2406 5478 σπῖλον.
2464 5425 2684 5488 Τούτοις
2735 5423 2861 5496 ἑξῆς
2918 5425 3149 5498 εἴρηταιο
3214 5426 3501 5496 Ἐξεχύθη
3535 5427 3574 5495 ἠ
3608 5423 3786 5494 χάρις

2198 5517 2268 5570 ἐν
2296 5517 2528 5587 χείλεσι
2555 5532 2693 5572 σου’
2729 5516 2824 5572 διὰ
2852 5519 3029 5574 τοῦτο
3049 5516 3349 5590 εὐλόγησέ
3371 5535 3446 5572 σε
3468 5520 3501 5572 ὀ
3530 5516 3786 5588 Θεὸςρις
