4100 6442
486 325 592 378 397

1604 323 2103 380 COMMENTARIA
2143 323 2208 379 IN
2247 325 2591 384 PSALMOS:

3612 343 3724 416 sas

483 439 591 494 τὸν
615 435 819 493 αἰῶνα.
845 439 1093 516 Mwa
1125 439 1220 511 μὲν
1264 434 1358 494 οὖν
1393 433 1516 512 εὗρε
1552 442 1680 512 μίαν
1711 442 1833 496 τινὰ
1874 444 2031 513 χάριν

2158 444 2384 512 gratiam
2409 445 2645 515 aliquam
2673 446 2878 503 invenit
2909 447 2965 502 in
2998 459 3297 522 conspectu
3326 451 3540 508 Domini
3566 473 3581 520 ;
3607 455 3722 511 sin-

483 531 576 584 ιιαὶ
601 530 736 583 ,Νῶε
764 530 925 584 πάλιν
952 525 1078 603 εὗρέ
1128 549 1248 586 τινα
1302 532 1463 604 χάριν
1499 531 1724 586 ἐνώπιον
1757 534 1862 586 ατοῦ
1894 533 2048 587 Θεοῦ·

481 623 573 676 καὶ
603 622 830 686 ἕκαστος
878 622 987 676 τῶν
1030 623 1252 678 δικαίων
1303 609 1521 696 χάριτος
1577 625 1855 695 μετέσχεν.
1901 625 2053 678 Ἐπεὶ

479 713 535 768 δὲ
554 712 646 767 τοῦ
678 714 984 784 Ἀγαπητοῦ
1014 717 1160 768 πᾶσα
1193 701 1488 788 ἡπατρικὴ
1517 719 1597 779 είς
1619 700 1780 768 αὐτόν
1813 700 2048 790 ὲκενῶοη

479 802 654 875 χάρις·
680 799 746 875 ἦν
779 803 886 875 γὰρ
912 807 941 859 ό
974 806 1162 878 Πατὴρ
1216 807 1393 861 λαλῶν
1426 808 1483 860 ὲν
1525 808 1657 879 Υἰῷ·
1698 809 1846 862 ἔνθεν
1890 811 1983 863 καὶ
2015 811 2049 882 ή

476 891 906 966 διακονησαμένη
939 896 1037 968 τὴν
1063 898 1142 960 εἰς
1174 896 1494 969 ἀνθρώπους
1526 899 1690 952 αὑτοῦ
1717 899 1944 970 πάροδον
1969 917 2052 953 κε-

476 986 822 1056 χαριτωμένη
844 985 1059 1058 ἐλέχθη.
1099 989 1187 1040 Ἐν
1230 990 1380 1059 αὐτῷ
1413 989 1519 1059 γὰρ
1552 989 1808 1062 εύδόκησε
1844 993 1951 1044 πᾶν
1989 991 2050 1046 τὸ

476 1081 578 1151 πλή
587 1099 742 1154 ρωμα
751 1086 847 1154 τῆς
868 1082 1117 1155 θεότητος
1137 1088 1454 1155 κατοικῆσαι
1469 1085 1894 1156 σωματίκῶςοδιὸ
1909 1086 2045 1140 πᾶν·

471 1190 560 1237 τες
589 1176 637 1226 οἱ
671 1175 815 1242 ἆγιοι
857 1177 922 1228 ὲκ
967 1174 1062 1228 τοῦ
1121 1173 1480 1247 πληρώματος
1528 1175 1692 1230 αὐτοῦ
1745 1177 2039 1248 εἰλήφασιν.

555 1264 860 1330 Ἐπισαλετς
911 1267 967 1320 δὲ
1019 1268 1112 1320 καὶ
1167 1265 1361 1331 οὕτως·
1396 1267 1469 1320 Τὸ
1502 1251 1718 1339 πρῶτον
1761 1266 1921 1338 ἔργον
1949 1266 2043 1321 τοῦ

482 1356 789 1426 ’Δγαπητοῦ
817 1359 850 1427 ἡ
901 1357 1060 1427 χάρις
1093 1360 1127 1428 ή
1191 1359 1248 1410 ὲν
1280 1361 1392 1422 τοῖς
1425 1357 1655 1428 χείλεσιν
1683 1356 1844 1410 αὐτοῦ
1885 1374 2044 1427 κεχυ-

473 1449 628 1519 μένη,
662 1449 802 1506 κατά
845 1448 944 1520 τὴν
979 1449 1332 1504 ἀποδοθεῖσαν
1363 1449 1621 1502 διάνοιανο
1649 1449 1743 1501 καὶ
1793 1447 1914 1500 καθ’
1935 1449 2046 1501 ἐτε-

473 1555 563 1607 ρον
590 1538 647 1590 δὲ
677 1537 898 1609 τρόπον,
930 1539 968 1606 ἠ
999 1537 1169 1607 χάρις
1199 1538 1296 1592 καὶ
1329 1540 1367 1607 ἠ
1413 1537 1662 1603 ἀλήθεια
1693 1536 1792 1591 διὰ
1837 1535 2041 1604 Ἰησοῦ

467 1625 982 1696 Χριστοῦέγένετο.
1003 1629 1220 1700 Ἐπειδὴ
1243 1629 1418 1682 πάντα
1439 1625 1792 1700 χαριζόμενος
1805 1626 2039 1704 ἔπραττε

467 1719 577 1779 τοῖς
601 1716 696 1786 μὲν
729 1716 909 1783 ἀφιεὶς
940 1714 1037 1778 τὰς
1063 1715 1355 1787 ἁμαρτίας,
1389 1715 1496 1768 τῶν
1524 1715 1581 1768 δὲ
1605 1715 1702 1779 τάς
1728 1716 1915 1780 νόσους
1948 1717 2041 1770 καὶ

466 1805 564 1868 τὰς
597 1805 865 1877 μαλακίας
897 1804 1142 1875 ἰώμενος,
1169 1809 1280 1868 τοῖς
1303 1805 1358 1858 δὲ
1402 1805 1463 1858 τὸ
1492 1806 1644 1873 ἅγιον
1672 1805 1896 1876 Πνεῦμα
1929 1807 2026 1859 δω-

466 1898 559 1970 ρού
569 1915 743 1968 μενος.
773 1899 849 1952 Δι’
873 1897 902 1954 δ
924 1896 1057 1969 πρὸς
1079 1897 1239 1950 αὐτὸν
1266 1897 1487 1960 εἰκότως
1515 1896 1718 1968 εἴρητο⁴
1755 1896 2034 1966 Ἐξεχύοη

465 1993 504 2058 ἡ
527 1980 696 2059 χάρις
742 1989 813 2042 ἐν
844 1989 1078 2058 χείλεσί
1107 2006 1244 2044 σου.
1277 1987 1499 2052 Τούτοις
1550 1988 1675 2060 ἑξῆς
1700 1990 1749 2042 οί
1799 1988 2034 2060 πρόσθεν

464 2061 954 2151 ἀποκλαυσάμενοι,
979 2080 1071 2133 καὶ
1093 2080 1189 2152 τὴν
1217 2080 1320 2134 ὑπὸ
1345 2077 1456 2144 τοϊς
1493 2069 1771 2152 πολεμίοις
1794 2079 2036 2134 δουλείαν

464 2173 669 2228 ἑαυτῶν
696 2171 1129 2242 ύπογράψαντες,
1158 2171 1428 2243 εὐκαίρως
1455 2171 1546 2223 τὸν
1588 2157 1895 2242 Ἃγαπητὺν
1933 2171 2036 2222 ἱκε-

462 2255 674 2314 τεύουσι
735 2260 965 2314 σπεῦσαι
991 2260 1083 2312 καὶ
1109 2259 1299 2332 μέχρις
1324 2259 1501 2314 αὐτῶν
1543 2247 1736 2327 ἐλθεῖν,
1763 2253 2038 2332 φραξάμε-

461 2364 550 2404 νον
580 2343 762 2414 ὅπλοις
789 2347 1100 2420 πολεμικοῖς
1121 2349 1208 2402 διὰ
1238 2350 1364 2412 τοὺς
1389 2349 1764 2420 ἐπικειμένους
1784 2349 2029 2421 ἐχθροὺς,

462 2443 538 2505 ὼς
567 2429 633 2495 ἂν
662 2441 1084 2513 τροπωσάμενος
1108 2441 1325 2505 αὐτοὺς,
1349 2438 1448 2512 τὴν
1499 2433 1590 2494 ὑπ’
1614 2441 1795 2504 αὐτοῖς
1833 2442 2034 2510 αἰχμα-

461 2531 659 2586 λωσίαν
688 2526 1043 2600 ὑπεξαγάγοι.
1071 2527 1160 2584 Διό
1193 2547 1343 2600 φασι·
1380 2529 1706 2600 Περίζωσαι
1746 2531 1859 2598 τὴν
1882 2532 2031 2598 ῥομ-

459 2623 646 2692 φαίαν
671 2637 786 2677 σου
816 2622 916 2675 ἐπὶ
936 2622 1042 2676 τὸν
1058 2623 1256 2690 μηρόν
1279 2636 1416 2684 σου,
1441 2619 1678 2673 δυνατέο
1707 2618 1903 2690 ὡραῖος
1934 2621 2032 2689 μὲν

458 2713 567 2785 γὰρ
591 2711 642 2767 εἴ
668 2714 768 2767 κα).¹
789 2713 971 2778 καλὸς,
1008 2713 1145 2785 πλὴν
1174 2713 1310 2768 ἀλλά
1341 2712 1478 2782 πρὸς
1511 2714 1577 2782 τῇ
1605 2710 1898 2782 ὼραιότητί
1937 2729 2028 2764 σου

459 2802 554 2855 καὶ
581 2801 717 2872 πρὸς
755 2801 834 2872 τῷ
859 2801 1043 2857 κάλλει
1088 2819 1180 2854 σου
1235 2801 1473 2855 ἀνάλαϐε
1532 2799 1629 2870 τὴν
1671 2799 1868 2852 σαυτοῦ
1897 2815 2031 2852 παν-

458 2892 647 2947 οπλίαν
672 2892 740 2945 δι’
763 2894 910 2963 ἡμᾶς
936 2892 1061 2956 τοὺς
1091 2893 1217 2956 σοὺς
1270 2891 1474 2953 ἱκέτας
1504 2889 1811 2959 ῥομφαίαν
1833 2906 1896 2943 τε
1928 2905 2030 2943 πε-

453 2984 622 3050 ρίθου
647 2981 726 3047 τῷ
748 2983 977 3037 σαυτοῦ
1002 2982 1188 3053 μηρῷ,
1218 2983 1313 3036 καὶ
1339 2981 1482 3035 οὕτω
1514 2982 1613 3052 τὴν
1669 2980 1765 3052 σὴν
1803 2981 2034 3052 δύναμιν

457 3073 759 3138 ἀναλαϐὼν,
788 3073 1018 3128 ἔντεινόν
1050 3091 1142 3127 σου
1164 3074 1233 3128 τὰ
1259 3073 1405 3138 τόξα·
1441 3072 1673 3125 Ἔπειτα
1705 3070 1882 3142 βαλὼν
1903 3073 2029 3136 τοὺς
2055 3099 2102 3161 C

458 3165 704 3235 ἐχθροὺς,
755 3164 1078 3219 κατευοδοῦ
1127 3164 1225 3218 καὶ
1275 3163 1591 3236 βασίλευε.
1633 3163 1934 3232 Ῥομφαίαν
1971 3163 2030 3217 δὲ

456 3254 549 3307 τοῦ
575 3253 882 3325 Ἀγαπητοῦ
910 3254 1020 3308 νόει
1044 3254 1143 3325 τὴν
1175 3253 1402 3324 δύναμιν
1425 3253 1525 3324 τὴν
1557 3253 1664 3307 τῶν
1688 3253 1896 3326 ἐχθρῶν
1930 3266 2030 3309 κα-

457 3345 769 3416 θαιρετικὴν
795 3347 888 3399 καὶ
941 3346 1313 3417 κολαστήριον.
1349 3345 1480 3398 Ζῶν
1503 3344 1613 3414 γὰρ
1640 3348 1672 3399 ό
1695 3347 1882 3416 λόγος
1921 3345 2029 3400 τοῦ

459 3435 604 3489 Θεοῦ
634 3437 729 3490 καί
766 3435 1036 3505 ἐνεργὴς,
1097 3436 1194 3490 καὶ
1251 3435 1576 3506 τομώτερος
1623 3435 1776 3504 ὑπὲρ
1823 3435 2031 3491 πᾶσαν

449 3528 750 3598 μάχαιραν
792 3527 1097 3597 δίστομον.
1138 3528 1250 3581 Καὶ
1279 3528 1452 3591 ἄλλως
1475 3527 1531 3581 δὲ
1568 3528 1840 3599 ῥομφαίας
1892 3527 2066 3582 Θεοῦ-

2156 536 2266 605 guli
2321 537 2575 592 similiter
2617 537 2753 608 justi
2811 541 2999 610 gratiae
3040 544 3337 612 participes
3367 542 3587 599 fuerunt
3619 566 3632 600 :
3666 556 3721 602 at

2154 629 2280 697 quia
2314 636 2540 698 paterna
2588 630 2762 700 gratia
2807 632 2862 686 in
2906 631 3173 690 Dilectum
3231 634 3402 691 ell‘usa
3436 642 3547 692 tota
3582 639 3716 707 fuit;

2153 715 2317 772 Pater
2341 720 2485 773 enim
2517 719 2573 774 in
2608 717 2748 776 Filio
2779 722 3134 793 loquebatur;
3169 724 3292 780 ideo
3335 741 3456 796 quae
3484 726 3606 796 ejus
3661 707 3718 802 in

2153 807 2400 865 homines
2431 810 2697 867 adventus
2728 812 3051 889 administra
3088 815 3222 880 fuit,
3251 817 3424 887 gratia
3459 818 3620 887 plena
3640 819 3720 873 di-

2151 907 2236 951 cta
2271 908 2375 954 est.
2417 899 2550 954 Nam
2583 902 2638 956 in
2667 902 2787 972 ipso
2814 902 3024 973 placuit
3057 919 3274 962 omnem
3321 908 3718 977 plenitudinem

2149 989 2453 1047 divinitatis
2483 984 2731 1048 habitare
2763 981 3124 1072 corporaliter
3150 1015 3163 1051 :
3197 999 3554 1067 quamobrem
3587 1013 3717 1055 san-

2149 1072 2220 1134 eti
2252 1081 2442 1138 omnes
2475 1086 2539 1139 ex
2571 1071 2910 1154 plenitudine
2933 1071 3052 1157 ejus
3083 1098 3431 1158 acceperunt.

2217 1255 2330 1312 Hoc
2357 1258 2484 1314 item
2513 1261 2674 1316 modo
2717 1243 2832 1317 haec
2863 1269 3100 1319 tractare
3129 1263 3255 1320 licet
3303 1284 3316 1320 :
3347 1261 3589 1319 Primum
3623 1262 3716 1319 Di-

2146 1345 2270 1400 lecti
2319 1347 2458 1418 opu‘s
2488 1359 2572 1404 est
2619 1353 2816 1422 gratia,
2864 1369 2986 1423 qua:
3033 1347 3332 1410 secundum
3384 1356 3714 1410 sententiam

2138 1436 2251 1506 jam
2284 1440 2611 1509 explicatam
2653 1441 2710 1496 in
2749 1442 2921 1499 labiis
2967 1443 3088 1514 ejus
3138 1443 3338 1500 diffusa
3367 1451 3481 1514 est;
3511 1460 3575 1500 ac
3607 1447 3714 1499 alia

2143 1528 2375 1595 ratione,
2406 1532 2580 1600 gratia
2609 1541 2657 1585 et
2699 1533 2888 1587 veritas
2921 1550 3014 1604 per
3055 1532 3239 1589 Jesum
3267 1536 3536 1591 Christum
3565 1537 3714 1606 facta
3760 1558 3775 1568 ο

2141 1629 2218 1674 est
2242 1622 2306 1674 7°.
2346 1620 2629 1692 Siquidem
2653 1624 2858 1694 gratias
2889 1625 3254 1696 impertiendo
3281 1630 3463 1684 omnia
3493 1629 3710 1698 agebat,

2142 1705 2227 1762 his
2257 1718 2479 1777 peccata
2509 1711 2810 1790 dimittens,
2863 1713 3095 1790 aliorum
3145 1706 3368 1773 morbos
3424 1716 3714 1771 inﬁrmita-

2069 1781 2112 1835 B
2141 1789 2332 1867 tesque
2354 1813 2575 1864 curans,
2604 1787 2726 1856 aliis
2761 1801 2903 1884 dans
2922 1788 3188 1872 Spiritum
3205 1813 3478 1860 sanctum.
3505 1806 3743 1884 Quam-gr

2138 1889 2326 1944 obrem
2357 1890 2424 1945 de
2457 1892 2550 1946 illo
2583 1893 2708 1960 jure
2743 1879 2960 1950 dicatur
2993 1915 3006 1950 :
3056 1895 3271 1965 Diﬂusa
3302 1909 3381 1952 est
3425 1900 3602 1968 gratia
3653 1900 3712 1953 in

2139 1979 2299 2034 labiis
2345 1983 2470 2036 tuis.
2520 1972 2725 2039 Deinde
2777 1999 2907 2040 vero
2969 1985 3064 2056 qui
3111 1996 3271 2042 antea
3321 1987 3604 2053 ﬂeverunt,
3653 1997 3711 2044 et

2138 2083 2292 2123 suam
2345 2071 2450 2126 sub
2503 2058 2742 2129 inimicis
2771 2075 3092 2130 servitutem
3122 2077 3556 2148 descripserant,
3606 2095 3708 2149 op-

2135 2166 2368 2228 portune
2455 2161 2718 2218 Dilectum
2789 2173 3083 2234 precantur
3124 2207 3141 2234 ,
3211 2175 3268 2222 ut
3337 2167 3560 2224 festinet
3639 2171 3711 2226 ad

2137 2261 2304 2321 seque
2345 2239 2528 2308 veniat
2563 2255 2858 2311 hostilibus
2911 2257 3080 2312 armis
3135 2259 3461 2325 instructus,
3508 2259 3579 2314 ob
3625 2262 3710 2314 ina

2134 2350 2394 2414 gruentes
2421 2345 2698 2412 inimicos,
2744 2359 2805 2402 ut
2847 2347 2918 2404 iis
2946 2348 3002 2402 in
3031 2347 3214 2420 fugam
3247 2346 3440 2417 versis,
3468 2353 3528 2405 ac
3556 2366 3588 2405 a
3616 2359 3708 2406 ca-

2135 2437 2382 2506 ptivitate
2423 2437 2682 2492 abducat.
2731 2437 2914 2506 Quare
2973 2439 3147 2505 aiunt,
3201 2440 3489 2510 Accingere
3526 2442 3707 2512 gladio

2135 2535 2224 2579 tuo
2248 2541 2404 2595 super
2434 2526 2606 2596 femur
2636 2538 2804 2594 tuum,
2845 2529 3225 2598 potentissime.
3253 2525 3548 2601 Speciosus
3579 2535 3707 2603 qui-

2133 2616 2257 2671 dem
2287 2630 2352 2672 ac
2384 2618 2611 2688 pulcher
2637 2635 2719 2687 es,
2745 2628 2986 2677 attamen
3007 2624 3205 2692 praeter
3231 2619 3470 2695 speciem
3499 2639 3563 2678 ac
3584 2621 3709 2695 pale

2132 2706 2504 2764 chritudinem
2559 2717 2733 2776 tuam,
2789 2711 2980 2782 accipe
3037 2728 3138 2783 pro
3174 2715 3334 2770 nobis
3369 2715 3708 2786 supplicibus

2132 2803 2464 2853 armaturam
2499 2808 2670 2865 tuam,
2707 2803 2975 2873 accingere
3005 2804 3185 2874 gladio
3217 2812 3304 2859 tuo
3335 2821 3492 2875 super
3532 2807 3708 2875 femur

2133 2898 2319 2953 tuum;
2355 2889 2544 2960 sicque
2572 2899 2854 2962 assumpta
2901 2890 3242 2962 fortitudine,
3289 2894 3509 2952 intende
3539 2909 3706 2954 arcus

2132 2987 2282 3035 tuos.
2324 2978 2464 3036 Hinc
2510 2982 2742 3038 conﬁxis
2786 2977 3029 3040 inimicis
3068 2986 3198 3053 tuis,
3229 3003 3474 3056 prospere
3513 3004 3608 3059 age
3653 2989 3706 3041 et

2132 3089 2316 3144 regna.
2349 3067 2453 3128 Per
2481 3073 2724 3143 gladium
2777 3073 2974 3131 Dilecti
3003 3077 3278 3149 intelligas
3308 3079 3563 3134 virtutem
3599 3077 3707 3133 ini-

2129 3162 2290 3218 micis
2320 3163 2611 3222 exitiosam
2665 3172 2720 3220 et
2771 3165 3048 3222 ultricem.
3113 3167 3272 3239 Vivus
3306 3180 3384 3224 est
3417 3169 3557 3224 enim
3605 3168 3705 3224 Dei

2129 3271 2298 3308 sermo
2320 3263 2370 3308 et
2385 3255 2590 3325 efﬁcax,
2632 3263 2684 3310 et
2712 3257 3089 3326 penetrabilior
3122 3259 3266 3312 omni
3296 3245 3475 3330 gladia
3497 3255 3707 3328 ancipi-

2131 3347 2172 3399 ti
2203 3347 2270 3401 “.
2305 3345 2372 3399 Et
2400 3347 2538 3402 alias
2581 3347 2802 3419 quoque
2851 3347 3092 3418 gladium
3125 3337 3391 3421 propheta
3441 3348 3707 3416 D'eiJIze-

2129 3437 2272 3494 chiel
2309 3446 2579 3494 memorat
2608 3439 2698 3494 his
2734 3438 2916 3495 verbis
2952 3454 2966 3490 :
3007 3438 3136 3495 Haec
3177 3426 3307 3493 dicit
3351 3440 3564 3494 Adonai
3595 3439 3706 3496 Do-

2129 3529 2304 3583 minus
2329 3528 2534 3583 :Dixi:
2570 3527 2621 3582 F
2625 3545 2830 3592 ramea,
2848 3518 3054 3597 [ramea
3077 3547 3284 3596 acuere,
3309 3539 3360 3584 et
3388 3532 3616 3586 irascere
3643 3540 3704 3585 ut

453 3621 484 3674 ὀ
510 3620 792 3692 προφήτης
848 3619 1118 3691 μέμνηται
1187 3617 1441 3691 Ἰεζεκιὴλ
1505 3611 1609 3672 ὧδε
1643 3617 1837 3687 λέγων·
1884 3617 2028 3672 Τάδε

2132 3619 2333 3691 iugules
2361 3618 2624 3684 victimas,
2659 3634 2846 3673 acuere
2866 3628 2924 3672 ut
2943 3620 3020 3674 sis
3062 3619 3132 3673 ad
3171 3612 3478 3691 {algendum
3506 3629 3706 3689 parata

451 3709 614 3779 λέγει
651 3708 889 3764 Ἀὃοναῒ
914 3711 1146 3779 Κύριος·
1181 3711 1390 3764 Εἶπον-ο
1421 3710 1725 3778 Ῥομφαία,
1739 3711 2025 3778 ῥομφαία,

455 3801 676 3866 ὁξύνου
715 3802 812 3855 καὶ
857 3801 1171 3871 θυμώθητι,
1222 3800 1382 3867 ὅπως
1451 3799 1694 3868 σφάξῃς
1770 3800 2026 3869 σφάγιαί

455 3893 698 3957 ὀξύνου,
734 3892 893 3958 ὅπως
921 3891 1064 3962 γένῃ
1097 3894 1184 3958 εἰς
1203 3892 1532 3945 στίλεωσιν
1567 3891 1770 3959 ἑτοίμη
1808 3894 1893 3957 εὶς
1916 3906 2028 3946 πα-

446 3981 732 4051 ράλυσιν·
792 3983 886 4036 καὶ
931 3983 1114 4036 πάλινο
1185 3982 1497 4052 Ἁνὰκραγε
1552 3982 1650 4034 καὶ
1704 3983 2024 4048 ὀλόλυξον,

451 4071 544 4126 υἱὲ
567 4069 900 4141 ἀνθρώπου·
932 4071 1021 4126 ὅτι
1047 4070 1200 4140 αὐτὴ
1239 4070 1473 4140 ἐγένετο
1513 4071 1583 4125 ἐν
1605 4071 1684 4136 τῷ
1728 4071 1858 4138 λαῷ
1882 4089 2022 4142 μου·

451 4162 601 4230 αὕτη
631 4162 704 4215 ἐν
761 4161 886 4228 τοῖς
936 4161 1376 4230 ἀφηγουμένοις
1439 4162 1545 4216 τοῦ
1603 4161 1869 4231 ἰσραήλο
1933 4164 2027 4217 καὶ

452 4249 600 4324 ἑξῆςο
629 4251 917 4318 Διὰταξον
948 4251 1183 4318 σεαυτῷ
1239 4253 1348 4307 δύο
1394 4250 1574 4321 ὀδοὺς
1600 4255 1706 4309 τοῦ
1729 4255 2027 4309 εἰσελθεῖν

443 4346 746 4416 ῥομφαίαν
791 4345 1098 4411 βασιλέως
1130 4343 1505 4410 Βαϐυλῶνος*
1559 4345 1628 4399 ἐκ
1672 4345 1866 4414 χώρας
1881 4345 2025 4413 μιᾶς

2128 3709 2199 3764 ad
2226 3703 2538 3764 solutionem
2567 3699 2646 3778 7";
2703 3724 2767 3765 ac
2815 3725 3077 3766 rursum:
3110 3707 3301 3766 Clama
3327 3718 3377 3765 et
3415 3710 3589 3775 ulula,
3619 3711 3705 3780 [ili

2129 3800 2378 3864 hominis,
2409 3791 2534 3871 quia
2555 3801 2674 3870 ipsa
2699 3801 2802 3870 fuit
2827 3802 2884 3855 in
2915 3803 3107 3870 populo
3140 3817 3254 3856 meo
3281 3818 3299 3856 :
3327 3802 3438 3857 hac
3471 3805 3526 3856 in
3548 3803 3704 3860 duci-

2127 3893 2226 3947 bus
2252 3890 2426 3946 Israel
2443 3892 2525 3959 7';
2551 3907 2616 3947 ac
2643 3908 2863 3948 rursum
2911 3913 2925 3948 :
2959 3878 3233 3950 constitue
3265 3895 3361 3950 tibi
3395 3895 3532 3950 duas
3561 3897 3697 3963 vias,

2127 3991 2185 4037 ut
2215 3984 2546 4054 ingrediatur
2564 3985 2779 4053 framea
2803 3971 2940 4056 regis
2958 3971 3251 4057 Babylonis
3272 4003 3291 4042 :
3321 3987 3384 4042 de
3411 3997 3550 4042 terra
3588 4005 3702 4044 una

2126 4073 2541 4143 egredientur'”,
2571 4081 2628 4129 et
2652 4074 2758 4129 alia
2791 4075 3078 4147 deinceps,
3103 4075 3262 4146 queis
3292 4069 3557 4132 frameam
3595 4075 3702 4131 Na-

2125 4164 2602 4221 buchodonosoris
2623 4167 2824 4237 populo
2845 4151 3171 4232 i‘mmissam,
3198 4166 3460 4223 frameam
3483 4167 3700 4225 Domini

2127 4248 2262 4310 dicit
2293 4268 2435 4311 esse.
2470 4241 2533 4309 In
2580 4254 2894 4326 Evangeliis
2939 4255 3106 4310 etiam
3164 4255 3322 4326 legis,
3373 4270 3558 4327 regem
3603 4257 3700 4327 qui

2127 4344 2258 4401 fecit
2296 4345 2520 4415 nuptias
2559 4343 2673 4400 lilio
2705 4361 2829 4409 suo,
2862 4359 2958 4400 eos
2989 4345 3084 4415 qui
3115 4346 3459 4401 vocationem
3489 4346 3699 4403 abnue-

448 4437 890 4502 ἐξελεύσονταν
925 4435 1019 4488 καὶ
1041 4435 1111 4488 τά
1143 4434 1352 4498 τούτοις
1378 4434 1665 4500 ἀκόλουθα,
1695 4435 1762 4488 δι’
1786 4429 1862 4490 ὧν
1891 4438 2022 4507 ῥομ-

2132 4441 2270 4499 rant,
2305 4448 2604 4504 servosque
2627 4434 2806 4505 regios
2829 4434 3171 4500 occiderant,
3214 4433 3284 4490 ad
3311 4449 3501 4491 necem
3535 4436 3702 4491 tradi-

451 4525 615 4598 φαίαν
634 4526 727 4582 τοῦ
755 4527 958 4598 Κυρίου
980 4527 1128 4594 λέγει
1158 4527 1257 4598 τὴν
1309 4525 1580 4598 ῥομφαίαν
1608 4524 1703 4578 τοῦ
1745 4526 2022 4598 Ναϐουχο-

448 4621 664 4692 δονόσορ
686 4622 784 4692 τὴν
805 4619 1133 4690 ἐπαχθεῖσαν
1152 4617 1230 4688 τῷ
1259 4616 1391 4686 λαῷ.
1423 4617 1602 4686 Ἔχεις
1625 4615 1682 4668 δὲ
1706 4617 1799 4671 καὶ
1821 4619 1880 4670 ὲν
1909 4621 2022 4684 τοῖς

449 4709 819 4781 Εὑαγγελίοις,
848 4711 922 4774 ὡς
947 4711 976 4762 ό
1009 4708 1178 4764 ποιῶν
1203 4707 1412 4779 γάμους
1437 4706 1513 4777 τῷ
1533 4704 1633 4776 υἱῷ
1664 4707 1828 4761 αὑτοῦ
1862 4707 2019 4778 βασι-

448 4802 572 4868 λεῦς
605 4805 730 4867 τοὺς
756 4800 1265 4874 παραιτησαμένους
1304 4799 1403 4869 τὴν
1449 4797 1662 4868 κλῆσιν,
1695 4798 1786 4852 καὶ
1806 4799 2021 4854 ἀνελόν-

448 4915 546 4960 τας
566 4897 694 4959 τοὺς
752 4893 1061 4965 βασιλικοὺς
1087 4891 1325 4955 δούλους,
1359 4880 1720 4961 παραδίδωσιν
1766 4891 1846 4953 εἰς
1882 4907 2021 4959 σφα-

449 4987 710 5058 γήν⁹Κιίὶ
770 4985 1034 5054 πέμψας,
1089 4981 1256 5052 φησὶ,
1315 4980 1382 5034 τὸ
1426 4979 1762 5049 στράτευμα
1813 4979 2020 5042 αὐτοῦ,

453 5075 744 5143 ἐνέπρησε
771 5073 884 5141 τὴν
939 5071 1120 5126 πόλιν
1173 5068 1388 5124 αὐτῶν.
1437 5065 1761 5140 Στράτευμα
1816 5067 1873 5120 δὲ
1923 5068 2024 5122 τοῦ

2123 4528 2305 4584 disse:
2335 4525 2407 4580 Et
2437 4515 2618 4593 misso,
2653 4527 2852 4598 inquit,
2901 4529 3134 4581 exercitu
3165 4544 3284 4593 suo,
3304 4527 3572 4582 civitatem
3617 4543 3701 4582 eo:
3745 4542 3762 4612 ς

2124 4635 2242 4672 rum
2265 4619 2532 4674 succendit
2555 4619 2621 4674 ⁷³.
2657 4606 2943 4688 Exercitus
2979 4629 3162 4674 autem
3216 4619 3362 4689 regis
3391 4616 3700 4673 Romanam

2123 4709 2334 4765 indicat
2365 4725 2614 4774 manum,
2660 4723 2782 4780 qua:
2813 4708 3248 4780 Hierosolymam
3275 4701 3514 4763 obsedit.
3553 4705 3699 4773 Quia

2125 4801 2293 4872 igitur
2319 4793 2419 4856 tali
2443 4801 2624 4873 gladio
2649 4808 2768 4857 erat
2798 4785 2869 4857 ad
2897 4801 3232 4857 coercendos
3279 4789 3475 4854 Dilecti
3507 4797 3697 4853 adver-

2126 4893 2302 4948 sarios
2329 4907 2498 4965 opus;
2525 4892 2653 4972 jure
2675 4893 2964 4965 prophetia
2986 4894 3108 4964 ejus
3131 4905 3424 4962 personam
3449 4890 3531 4945 sic
3559 4890 3698 4944 allo-

2119 4983 2308 5053 quitur
2334 5000 2349 5036 :
2382 4983 2666 5065 Accingere
2697 4983 2876 5054 gladio
2909 4995 2999 5038 tuo
3023 4999 3180 5054 super
3205 4983 3380 5053 femur
3407 4992 3578 5048 tuum,
3599 4997 3695 5050 po-

2122 5073 2431 5128 tentissime.
2460 5074 2646 5144 Specie
2676 5083 2769 5128 tua
2793 5085 2842 5130 et
2869 5075 3262 5145 pulchritudine
3304 5084 3398 5129 tua
3457 5072 3696 5140 intende,

451 5167 711 5239 βασιλέως
768 5166 865 5236 τὴν
905 5162 1218 5234 Ῥωμαϊκὴν
1261 5152 1418 5232 χεῖρα
1469 5159 1722 5231 σημαίνει
1771 5161 1871 5230 τὴν
1923 5175 2020 5213 πο-

2132 5165 2366 5231 ρτοερετε
2391 5149 2615 5230 procede
2638 5157 2690 5217 et"
2727 5179 2905 5235 regna.
3696 5237 3706 5244 _

449 5254 813 5331 λιορκήσασαν
836 5256 933 5329 τὴν
967 5253 1341 5327 Ἰερουσαλήμ.
1409 5254 1561 5307 Ἐπεὶ
1589 5252 1768 5306 τοίνυν
1821 5252 1978 5322 χρεία
2007 5247 2076 5324 ἦν
2113 5255 2206 5308 καὶ
2235 5255 2490 5327 τοιαύτης
2520 5252 2794 5328 ῥομφαίας
2837 5257 2978 5311 κατὰ
3007 5257 3115 5312 τῶν
3147 5257 3567 5315 ἐπαναστάντων
3613 5254 3698 5326 τῷ

458 5354 769 5426 ’Λγαπητῷ,
811 5353 1032 5415 εἰκότως
1082 5350 1246 5422 φησὶν
1293 5352 1328 5421 ἡ
1371 5345 1680 5420 προφητεία
1722 5349 1801 5410 είς
1849 5346 2013 5401 αὐτοῦ
2051 5348 2360 5420 πρόσωτὲονέ
2399 5349 2718 5421 Περιζωσαι
2761 5351 2876 5420 τὴν
2919 5354 3221 5423 ῥομφαίαν
3251 5353 3351 5408 ἐπι
3416 5349 3524 5406 τὸν
3575 5363 3694 5418 μη·

439 5451 553 5516 ρόν
584 5466 723 5512 σου,
756 5440 993 5502 durare.
1037 5436 1119 5515 Τῆ
1145 5446 1456 5514 ὡραιότητι
1513 5457 1631 5498 σου
1672 5442 1770 5496 καὶ
1837 5440 1918 5506 τῷ
1949 5441 2035 5496 κά

2132 5459 2164 5498 rt
2229 5445 2367 5512 σου,
2415 5447 2514 5500 καὶ
2562 5448 2850 5514 ineas-or,
2910 5447 3009 5503 καί
3054 5445 3377 5503 κατευοδοῦ
3431 5441 3536 5499 και
3574 5440 3696 5508 ,βα-

443 5542 676 5596 alleva.

549 5639 604 5684 π’
634 5647 790 5708 Joan.
828 5669 880 5719 ι,
916 5649 1004 5709 i7.
1077 5649 1120 5685 "
1162 5649 1322 5710 Hebr.
1368 5667 1446 5722 tv,
1510 5640 1599 5708 η.

449 5739 587 5789 xm,
631 5723 682 5776 7.

1541 5836 1570 5850 α

1713 5653 1757 5684 τ’
1796 5640 1992 5706 Εῑειιι.
2027 5665 2117 5704 ut
2142 5690 2157 5716 ,
2189 5649 2246 5716 9,
2277 5647 2366 5705 {0.

2945 5649 2988 5682 τε
3025 5648 3154 5703 ibid.
3218 5646 3311 5707 i9.

2470 5649 2834 5723 "_ibid.12.
2945 5648 3154 5703 "ibid.
3218 5647 3311 5707 ιθ.
3414 5647 3692 5713 'ltatth.
