4100 6442
376 296 487 356 599

1051 244 1327 349 susssu
1356 286 1833 346 cassamsusrs
1867 285 2022 345 ore.
2062 286 2248 345 rans
2282 289 2369 346 ιιι.
2413 321 2486 332 -
2519 283 2929 344 εχεοιιτιειι.

3518 282 3630 336 400

450 408 653 467 Deinde
680 406 960 480 subiungit
983 426 997 462 :
1032 405 1255 477 Propter
1279 415 1549 461 veritatem
1575 414 1626 460 et
1648 415 1954 459 mansuetu-

2124 402 2236 459 Εἶτ’
2259 405 2518 475 ἐπιλέγει·
2548 406 2801 459 Ἕνεκεν
2820 398 3110 469 ἀληθείας
3149 396 3252 452 καί
3297 396 3631 480 πραότητος

379 498 579 564 dinem,
621 510 671 555 et
682 499 975 570 justitiam,
1008 505 1059 551 et
1082 494 1362 551 deducette
1386 484 1701 549 mirabiliter
1734 494 1954 550 dextera

378 599 494 645 tua.
518 589 645 645 llaec
683 603 850 661 porro
878 604 1004 659 qua:
1031 592 1355 657 sequuntur,
1385 587 1763 659 superioribus
1795 588 1954 644 simi.

381 681 453 735 lia
487 686 617 736 sunt
652 698 667 736 :
718 678 942 750 Sagitta:
974 686 1080 730 tua:
1111 684 1303 740 acuta,
1334 683 1387 731 et
1411 677 1594 746 populi
1638 676 1734 732 sub
1773 686 1822 733 te
1861 695 1955 733 ca-

378 770 527 835 dent,
562 772 619 825 in
647 770 801 826 corde
827 768 1165 823 inimicorum
1190 767 1327 838 regis
1356 783 1375 820 :
1407 782 1529 838 qua:
1559 783 1655 838 per
1687 769 1954 841 hyperba-

379 868 478 916 ton
508 878 605 919 seu
631 860 1125 933 transgressionem
1157 858 1307 914 dicta
1354 867 1505 916 sunt.
1546 857 1739 915 Totam
1790 876 1953 931 porro

381 955 711 1012 sententiam
728 954 833 1009 hoc
861 952 1055 1009 ordine
1070 954 1374 1008 constituas
1399 971 1414 1008 :
1442 951 1666 1023 Sagittae
1691 960 1795 1008 tua:
1822 968 1955 1009 acu-

382 1052 452 1100 ta:
477 1044 533 1098 in
565 1042 731 1098 corde
759 1042 1108 1098 inimicorum
1144 1042 1310 1113 regis.
1340 1038 1477 1095 Nam
1512 1041 1688 1111 primo
1713 1042 1826 1096 ait:
1854 1040 1954 1097 Sa-

382 1135 531 1204 gitta:
550 1143 655 1189 tua“:
682 1142 858 1189 acutae
890 1135 1021 1189 [ient
1043 1133 1308 1189 adversus
1335 1147 1432 1187 cor
1455 1132 1805 1191 inimicorum
1836 1122 1957 1188 tuo-

382 1238 538 1289 rum;
579 1221 776 1278 deinde
813 1237 965 1287 vero,
998 1222 1178 1294 populi
1205 1221 1300 1276 sub
1325 1230 1373 1277 te
1406 1221 1616 1288 cadent,
1653 1223 1830 1294 pulsis
1860 1224 1959 1279 im-

380 1313 648 1369 missione
678 1314 912 1370 telorum
933 1321 1152 1369 tuorum
1179 1312 1441 1369 inimicis.
1472 1310 1628 1368 Tunc
1653 1312 1836 1382 itaque
1858 1328 1956 1384 po-

383 1402 499 1472 puli
548 1401 857 1457 libertatem
902 1400 1075 1465 nacti,
1115 1407 1169 1455 et
1199 1415 1229 1454 a
1264 1400 1639 1470 prementibus
1698 1413 1759 1457 se
1796 1386 1955 1458 malis

384 1493 747 1563 respirantes,
776 1493 844 1549 ad
876 1502 999 1548 tuos
1030 1499 1324 1548 accurrent
1352 1490 1541 1563 pedes.
1572 1490 1811 1564 Sagittas
1828 1507 1956 1548 vero

387 1583 583 1638 Dilecti
637 1583 915 1639 immissas
970 1582 1029 1636 in
1074 1596 1173 1636 cor
1219 1581 1593 1647 inimicorum,
1647 1579 1955 1635 invisibiles

387 1671 654 1742 quasdam
681 1682 737 1726 et
781 1671 1027 1726 occultas
1071 1670 1261 1741 plagas
1310 1669 1647 1725 intellexeris
1691 1668 1955 1725 adversus

2053 492 2153 546 καί
2183 492 2593 559 δικαιοσύνης,
2628 490 2727 545 καὶ
2753 487 3041 558 ὁδηγήσει
3077 498 3153 540 σε
3206 479 3564 551 θαυμαστῶς
3590 481 3631 548 ὴ

2053 581 2220 648 δεξιά
2268 597 2406 638 σου.
2448 581 2634 635 Ταῦτα
2654 580 2711 633 δὲ
2734 578 2933 649 ὁμοίως
2956 578 3068 639 τοῖς
3094 572 3275 635 ἄλλοις
3293 571 3629 642 ἐξηγήσατο·

2056 672 2139 729 Τὰ
2156 673 2315 742 ,βέλη
2346 690 2461 728 σου
2492 668 2857 741 ἠκονημένα,
2888 667 2988 721 καί
3014 663 3152 720 λαοί
3206 660 3484 719 ὑποκάτω
3512 675 3631 716 σου

2053 766 2404 830 πεσοῦνται,
2427 766 2498 818 ἐν
2526 762 2737 833 καρδίᾳ
2754 757 2872 814 τῶν
2886 756 3117 828 ἐχθρῶν
3128 756 3236 812 τοῦ
3252 751 3581 821 βασιλέως·
3602 750 3635 805 ὃ

2053 857 2117 929 δὴ
2141 857 2262 913 καθ’
2291 854 2599 928 ὑπερϐατὸν
2644 857 2842 908 κεῖται.
2897 850 3160 920 Συνάψεις
3186 847 3243 900 δὲ
3267 847 3368 916 τὴν
3390 842 3632 898 διάνοιαν

2051 949 2238 1003 τοῦτον
2263 948 2354 1001 τὸν
2390 948 2608 1019 τρόπον’
2642 944 2723 999 Τὰ
2747 944 2873 1017 βέλη
2927 930 3021 996 σου
3070 935 3382 1010 ἠκονημένα
3413 936 3471 988 ὲν
3502 948 3635 1006 καρρ

2052 1041 2141 1113 δίᾳ
2164 1040 2270 1095 τῶν
2291 1039 2502 1113 ἐχθρῶν
2523 1037 2617 1092 τοῦ
2641 1036 2925 1108 βασιλέως.
2961 1033 3181 1104 Πρῶτον
3212 1031 3311 1101 μὲν
3334 1028 3444 1100 γάρ
3473 1042 3631 1097 φησιο

2053 1131 2136 1184 Τὰ
2170 1130 2297 1200 βέλη
2333 1146 2425 1182 σου
2453 1125 2763 1199 ἠκονημένα
2784 1125 3068 1195 γενήσεται
3105 1120 3247 1174 κατά
3276 1122 3376 1190 τῆς
3405 1115 3633 1189 καρδίας

2053 1221 2161 1275 τῶν
2200 1221 2309 1274 σῶν
2337 1219 2566 1292 ἐχθρῶν·
2597 1218 2809 1279 ἔπειτα,
2842 1214 2979 1270 λαοὶ
3039 1209 3315 1268 ὑποκάτω
3358 1224 3475 1263 σου
3524 1220 3632 1261 πε-

2054 1312 2326 1375 σοῦνται,
2359 1310 2657 1364 ὲλαθέντων
2692 1311 2807 1372 τοῖς
2836 1310 2948 1366 σοῖς
3001 1304 3180 1376 βέλεσι
3234 1302 3345 1355 τῶν
3399 1298 3631 1371 ἐχθρῶν.

2048 1403 2130 1456 Τὸ
2154 1401 2455 1474 τηνικαῦτα
2476 1400 2605 1471 γοῦν
2629 1397 2941 1468 ἐλευθερίας
2985 1395 3242 1466 τυχόντες
3276 1393 3328 1445 οἱ
3372 1391 3513 1456 λαοὶ,
3536 1388 3635 1444 καὶ

2055 1491 2493 1556 ἀναπνεύσαντες
2528 1491 2634 1545 τῶν
2678 1489 2975 1553 πιεζόντων
3016 1487 3213 1548 αὐτοὺς
3267 1481 3472 1548 κακῶν,
3522 1482 3635 1544 τοῖς

2056 1588 2168 1649 σοῖς
2221 1583 2657 1657 ὑποδραμοῦνται
2699 1581 2846 1637 ποσί.
2888 1579 3023 1650 Βὲλη
3080 1576 3136 1630 δὲ
3181 1573 3273 1629 τοῦ
3328 1568 3634 1645 ’Δγαπητοῦ

2057 1674 2496 1746 ἀποστελλόμενα
2518 1672 2662 1727 κατὰ
2701 1672 2802 1742 τῆς
2834 1669 3063 1739 καρδίας
3090 1665 3200 1719 τῶν
3229 1662 3441 1734 ἐχθρῶν
3467 1660 3635 1733 ἀορά-

386 1739 664 1832 principes
684 1762 849 1832 hujus
876 1739 1103 1819 saeculi—2
1141 1739 1343 1833 quibus
1369 1763 1490 1819 telis
1522 1760 1723 1817 conﬁxi
1753 1759 1958 1815 daemo-

2059 1781 2183 1829 τους
2205 1739 2474 1828 τινὰςοια)⁸
2501 1765 2725 1832 ἀφανεῖς
2757 1739 2969 1833 tam?“
2996 1758 3212 1829 νοήσεις
3231 1754 3373 1842 κατὰ
3402 1753 3512 1807 τῶν
3533 1754 3639 1825 ἀρ-

387 1866 486 1908 nes
516 1853 792 1922 quondam
813 1852 1069 1908 dicebant
1101 1870 1114 1908 :
1146 1851 1293 1919 Sine,
1317 1851 1441 1924 quid
1470 1852 1619 1907 nobis
1656 1861 1706 1907 et
1729 1846 1958 1918 tibi,Fiti

389 1941 527 1999 Dei?
558 1942 758 1998 Venisti
787 1954 908 2000 ante
938 1952 1139 2014 tempus
1172 1952 1410 2016 torquere
1444 1960 1537 2001 nos
1559 1945 1627 1999 ".

457 2142 615 2213 Quod
647 2144 1227 2220 speciosusgp'ulcher,
1260 2143 1438 2221 gratia
1481 2145 1697 2221 manus,
1730 2144 1956 2206 benedi-

378 2242 512 2290 ctus
541 2249 639 2290 rex
678 2243 733 2290 et
753 2236 1101 2291 inimicorum
1131 2237 1308 2292 victor
1326 2276 1342 2302 ,
1369 2236 1613 2294 Dilectus
1642 2236 1737 2293 Dei
1770 2237 1956 2299 fuerit.

389 2326 444 2380 in
474 2323 908 2396 praecedentibus
933 2324 1258 2383 edidit-imus
1282 2344 1299 2395 ;
1327 2326 1477 2398 quod
1497 2337 1675 2382 autem
1696 2333 1957 2397 praeterea

388 2412 535 2469 Deus
567 2417 662 2480 sit,
694 2415 752 2469 in
779 2416 1035 2486 praesenti
1066 2414 1351 2472 docemur.
1378 2415 1511 2486 Ejus
1543 2415 1743 2487 quippe
1772 2430 1960 2487 perso-

389 2493 515 2561 nam
542 2503 780 2576 Spiritus
802 2512 1027 2561 sanctus
1059 2507 1139 2563 sic
1174 2508 1507 2579 alloquitur:
1543 2508 1783 2565 Thronus
1813 2518 1956 2576 tuus,

387 2592 556 2659 Deus,
578 2594 634 2647 in
666 2594 918 2651 swculunt
948 2595 1131 2651 δαιτικίὶ
1148 2611 1169 2661 ;
1200 2596 1315 2652 sive
1344 2597 1644 2652 secundum
1684 2597 1958 2668 Aquilam,

392 2682 637 2737 Tltronus
672 2693 818 2749 tuus,
850 2682 977 2749 Dee,
1015 2684 1068 2739 in
1099 2678 1351 2740 siccatum
1378 2693 1428 2740 et
1459 2686 1623 2741 ultra.
1657 2685 1799 2754 Quia
1833 2702 1959 2744 vero

388 2788 572 2845 regem
595 2788 721 2830 eum
746 2775 999 2845 superius
1028 2774 1390 2847 compellavit,
1412 2775 1537 2846 jure
1560 2776 1747 2847 adjicit
1781 2796 1794 2832 :
1840 2777 1960 2832 Vir-

386 2844 978 2935 gairectitudinisivirga
1006 2844 1278 2934 regini—tui.
1308 2844 1454 2917 Nihil
1485 2844 1640 2918 enim
1668 2862 1725 2918 in
1756 2863 1850 2918 illo
1871 2861 1962 2918 de-

391 2952 614 3020 ﬂexum,
650 2953 791 3009 nihil
838 2959 1169 3008 tortuosum.
1220 2951 1300 3007 Ac
1330 2954 1568 3024 nequis
1591 2951 1818 3009 Judaice
1842 2968 1959 3008 rem

2058 1857 2259 1927 χόντων
2278 1855 2370 1910 τοῦ
2396 1855 2590 1919 αἰῶνος
2621 1853 2831 1907 τούτου·
2878 1846 2958 1914 οἷς
2985 1849 3161 1921 βέλεσι
3211 1845 3637 1920 τιτρωσκόμενοι

2059 1963 2189 1999 ποτε
2209 1948 2258 2000 οἱ
2284 1946 2535 2018 δαίμονες
2562 1944 2766 2013 ἔλεγονο
2797 1944 2930 2007 Ἔα,
2968 1941 3027 1994 τί
3058 1937 3203 2009 ἡμῖν
3246 1937 3344 1991 καὶ
3388 1935 3510 2000 σοι,
3540 1933 3637 1992 fit}

2056 2036 2165 2090 τοῦ
2196 2036 2343 2090 Θεοῦ
2358 2053 2378 2101 ;
2407 2033 2631 2101 ’Ἧλθες
2659 2034 2773 2103 πρὸ
2799 2032 3009 2102 καιροῦ
3028 2030 3367 2097 βασανίσαι
3397 2026 3578 2098 ἡμᾶς.

2131 2148 2252 2201 Ὀτι
2277 2147 2477 2215 ὡραῖος
2504 2146 2597 2200 καὶ
2622 2145 2783 2209 καλὸς
2813 2144 2908 2197 καὶ⁵
2955 2144 3176 2214 χάριτος
3217 2141 3451 2213 πλήρης,
3481 2138 3637 2192 εὐλο-

2057 2239 2295 2315 γημένος
2322 2255 2378 2291 τε
2406 2235 2655 2307 βασιλεὺς
2686 2234 2905 2288 καὶτῶν
2933 2232 3138 2305 ἐχθρῶν
3167 2230 3389 2303 νικητὴς
3413 2233 3443 2285 δ
3476 2231 3641 2299 Ἀγα-

2058 2334 2227 2404 πητδς
2251 2328 2345 2386 τοῦ
2378 2326 2513 2385 θεοῦ
2551 2322 2638 2398 ἧν,
2661 2327 2725 2378 ὲκ
2751 2324 2857 2378 τῶν
2877 2324 3181 2396 ἔμπροσθεν
3215 2321 3636 2394 μεμαθήκαμεν

2058 2426 2139 2479 ὄτι
2166 2425 2222 2479 δὲ
2253 2425 2388 2497 πρὸς
2416 2418 2644 2487 ἐκείνοις
2670 2420 2803 2476 πᾶσι
2823 2418 2918 2471 καὶ.
2948 2415 3079 2480 Θεὸς
3103 2411 3192 2487 ἦν,
3225 2415 3315 2469 διά
3342 2413 3450 2467 τῶν
3501 2428 3640 2484 προ-

2059 2516 2326 2587 κειμένων
2355 2514 2735 2586 διδασκόμεθα.
2774 2511 2869 2578 Εξς
2904 2507 3068 2561 αὐτοῦ
3099 2506 3211 2579 γὰρ
3241 2504 3528 2579 πρόσωπον
3577 2503 3639 2556 τὺ

2059 2606 2284 2676 Πνεῦμα
2309 2607 2369 2659 τὸ
2396 2605 2548 2676 ἅγιον
2579 2607 2852 2674 ἀναφωνεῖ
2905 2602 3081 2660 λέγον·
3151 2600 3214 2653 '0
3257 2600 3470 2666 θρόνος
3495 2612 3637 2660 σου,

2060 2701 2094 2751 ό
2126 2697 2288 2763 Θεὸς,
2324 2700 2412 2764 εὶς
2463 2697 2571 2751 τὸν
2619 2696 2805 2751 αἰῶνα
2858 2697 2965 2752 τοῦ
3024 2690 3258 2756 αέῶνοςο
3308 2690 3342 2760 ἢ
3373 2686 3516 2741 κατὰ
3546 2685 3638 2740 τὸν

2072 2786 2321 2842 Ἀκύλαν·
2366 2787 2419 2840 Ὀ
2450 2789 2664 2855 θρόνος
2686 2804 2826 2853 σου,
2868 2787 2992 2853 Θεὲ,
3048 2790 3136 2853 εὶς
3178 2779 3363 2839 αἰῶνα
3394 2778 3489 2838 :«L‘
3526 2779 3634 2838 ἔτι.

2073 2879 2225 2932 Ἐπεὶ
2248 2879 2304 2932 δὲ
2332 2877 2426 2931 καὶ
2454 2877 2675 2948 βασιλέα
2702 2879 2866 2932 αὑτὸν
2894 2878 3140 2949 ὠνόμασε
3163 2877 3250 2931 διὰ
3276 2875 3385 2929 τῶν
3420 2874 3635 2946 ἐμπρο-

2063 2967 2206 3033 σθεν,
2233 2970 2457 3030 εἰκότως
2478 2966 2738 3035 ἐπιλέγει·
2783 2967 3025 3035 Ῥἀϐδος
3078 2968 3404 3035 εὐθύτητος
3452 2967 3492 3034 ἡ
3520 2962 3636 3035 ῥά-

388 3041 687 3112 accipiens,
719 3041 1007 3098 mortalem
1038 3045 1201 3112 atque
1246 3041 1434 3097 multis
1481 3042 1704 3113 regibus
1725 3040 1958 3097 similem

2062 3058 2202 3125 ϐδος
2225 3058 2335 3125 τῆς
2369 3059 2692 3124 βασιλείας
2718 3075 2852 3113 σου.
2897 3058 3061 3112 Οὐδὲν
3103 3057 3211 3129 γὰρ
3240 3060 3299 3111 ὲν
3326 3058 3475 3128 αὑτῷ
3508 3074 3632 3111 axo-

387 3135 662 3191 Dilectum
695 3134 790 3191 Dei
824 3133 1157 3207 suspicetur,
1177 3133 1491 3189 necessario
1510 3133 1671 3189 docet
1703 3133 1959 3188 thronum

388 3225 543 3297 regni
574 3224 697 3296 ejus
723 3238 754 3279 a
785 3224 988 3281 saeculo
1017 3221 1208 3286 fuisse,
1228 3229 1392 3294 atque
1412 3221 1467 3276 in
1498 3222 1756 3277 saeculum
1777 3222 1963 3277 seculi

391 3315 739 3370 duraturum.
772 3312 928 3380 Quod
982 3318 1166 3366 autem
1208 3310 1323 3366 haec
1360 3325 1474 3365 non
1504 3310 1570 3366 de
1596 3324 1828 3380 persona
1859 3311 1965 3365 Pa-

390 3405 515 3470 tris,
550 3403 646 3459 sed
681 3402 749 3459 de
779 3416 1015 3474 persona
1044 3399 1240 3455 Dilecti
1285 3408 1340 3456 et
1367 3400 1630 3471 unigeniti
1665 3399 1787 3454 Filii
1818 3400 1963 3455 dicta

390 3495 523 3558 sint,
550 3494 653 3550 sub
672 3495 790 3549 haec
811 3494 1055 3563 declarat
1082 3492 1273 3550 dicens
1301 3494 1317 3550 ξ
1350 3493 1599 3548 Dilexisti
1620 3493 1889 3562 justitiam
1913 3500 1963 3546 et

391 3585 553 3642 odisti
575 3586 926 3657 iniquitatem,
954 3594 1226 3654 propterea
1243 3586 1391 3640 unxit
1413 3594 1461 3641 le
1492 3585 1633 3642 Deus
1653 3585 1790 3639 Deus
1818 3594 1961 3639 tuus.

390 3674 538 3733 Deus
572 3691 739 3747 porro
768 3691 800 3730 a
824 3677 934 3732 Deo
972 3682 1174 3731 unctus
1200 3676 1325 3748 quis
1350 3675 1536 3741 fuerit,
1570 3676 1679 3731 nisi
1711 3675 1759 3730 is
1784 3675 1879 3746 qui
1906 3676 1963 3730 in

378 3760 706 3834 ‘Evangeliis
732 3762 877 3819 Deus
905 3763 1234 3835 praedicatur
1263 3782 1278 3819 :
1311 3762 1381 3817 Et
1420 3762 1646 3819 Verbum
1672 3773 1787 3820 erat
1822 3764 1963 3833 apud

376 3840 583 3917 'Deum,
605 3863 656 3908 et
684 3853 825 3909 Deus
846 3862 961 3909 erat
986 3853 1210 3909 Verbum
1232 3855 1317 3909 '7?
1344 3853 1445 3911 Hic
1471 3856 1654 3925 itaque
1672 3852 1813 3910 Deus
1828 3851 1965 3910 Ver-

390 3944 523 4003 bum
558 3944 749 4001 dilexit
782 3944 1079 4016 justitiam,
1112 3954 1164 4003 et
1191 3944 1320 4000 odio
1372 3945 1563 4001 habuit
1596 3944 1962 4016 iniquitatem.

390 4033 502 4089 Pro
530 4050 639 4106 quo
675 4035 990 4092 accuratius
1036 4034 1234 4106 Aquila
1271 4034 1355 4090 sic
1404 4034 1797 4106 interpretatus
1839 4042 1959 4091 est:

388 4124 593 4180 Dilexit
621 4125 891 4193 justitiam
943 4135 994 4181 et
1041 4125 1161 4181 odio
1217 4124 1402 4180 habuit
1451 4127 1796 4196 impietatem.
1826 4123 1963 4182 Nam

388 4220 546 4269 recto
579 4229 714 4270 sane
739 4215 953 4284 judicio
974 4215 1158 4285 justos
1191 4214 1299 4272 sibi
1331 4215 1581 4272 subditos
1607 4216 1806 4288 diligit,
1824 4212 1967 4273 odit-

392 4308 499 4374 que
550 4303 687 4373 ipsis
740 4306 1071 4376 oppositos:
1129 4312 1301 4377 quare
1341 4309 1747 4378 prmstantiore,
1798 4325 1969 4381 quam

2061 3150 2173 3205 λιδν
2192 3151 2313 3218 οὐδὲ
2341 3148 2794 3222 στραγγαλιῶδες.
2832 3150 2941 3213 Καὶ
2976 3152 3069 3204 ἵνα
3119 3152 3193 3221 μή
3215 3168 3299 3214 τις
3333 3147 3640 3214 Ἰουδαϊκῶς

2062 3239 2415 3311 ἐκδεξάμενος
2441 3239 2907 3312 ὑπολάϐοιθνητόν
2936 3256 3056 3293 τινα
3088 3242 3198 3303 τοῖς
3225 3238 3437 3300 πολλοῖς
3454 3238 3641 3308 ὅμοιον

2062 3330 2279 3385 ἔσεσθαι
2305 3332 2530 3401 βασιλέα
2551 3332 2642 3384 τὸν
2683 3330 2990 3400 Ἀγαπητδν
3017 3329 3112 3382 τοῦ
3142 3328 3299 3394 Θεοῦ,
3328 3327 3640 3397 ἀναγκαίως

2061 3417 2320 3485 διδάσκει,
2350 3420 2426 3483 ὡς
2456 3421 2564 3491 ἄρα
2583 3418 2643 3485 ἐξ
2674 3419 2868 3482 αἰῶνος
2890 3415 2957 3490 ἦν
2980 3422 3009 3473 ό
3032 3419 3219 3491 θρόνος
3234 3418 3335 3489 τῆς
3363 3417 3641 3488 βασιλείας

2062 3511 2248 3575 αὐτοῦ,
2275 3511 2512 3582 διαρκῶν
2540 3529 2600 3565 τε
2623 3513 2716 3566 καὶ
2738 3512 3005 3583 διαμένων
3029 3511 3182 3565 ἔσται
3215 3513 3294 3575 εἰς
3342 3511 3430 3563 τὸυ.
3465 3509 3641 3563 αίῶνα

2060 3601 2156 3655 τοῦ
2197 3602 2412 3666 αἰῶνος.
2470 3588 2654 3656 Ταῦτα
2705 3602 2762 3658 δὲ
2785 3604 2878 3669 δτι
2931 3602 3007 3675 μὴ
3066 3604 3146 3666 είς
3201 3603 3490 3675 πρόσωπον
3544 3599 3638 3654 τοῦ

2063 3680 2739 3763 Πατρδςάναπεφὼνηται,
2770 3693 2882 3747 ἀλλ’
2913 3696 2991 3757 εἰς
3025 3694 3086 3747 τὸ
3112 3692 3205 3748 τοῦ
3230 3692 3515 3762 ἀγαπητοῦ
3544 3692 3641 3745 καὶ

2068 3779 2386 3854 μονογενοῦς
2409 3781 2562 3847 Υίοῦ,
2585 3780 2787 3854 προῖὼν
2811 3782 3065 3852 διασαφεῖ
3082 3780 3275 3851 λέγων·
3294 3780 3646 3850 Ἠγάπησας

2000 3891 2011 3899 ’
2064 3870 2457 3939 δικαιοσύνην
2480 3908 2495 3935 ,
2540 3872 2638 3926 καὶ
2674 3872 2973 3943 ἐμίσησας
3008 3872 3295 3941 ἀνομίαν
3327 3869 3427 3925 διὰ
3464 3868 3642 3924 τοῦτο

2065 3946 2271 4031 ἕγρῖσέ
2298 3974 2372 4015 σε
2396 3964 2430 4015 ό
2463 3961 2609 4027 Θεὸς
2644 3964 2677 4016 ό
2705 3964 2850 4029 Θεός
2875 3977 3014 4017 σου.
3039 3962 3170 4025 Θεὸς
3206 3960 3315 4031 γὰρ
3345 3963 3402 4014 ὲν
3432 3959 3643 4026 τούτοις

2066 4049 2351 4121 χριόμενος
2385 4049 2490 4102 ὑπὸ
2533 4046 2668 4102 Θεοῦ
2709 4049 2794 4111 τίς
2826 4048 2891 4104 ἂν
2919 4049 3009 4117 εἴη
3040 4050 3073 4121 ἢ
3123 4053 3153 4104 ὁ
3200 4052 3259 4105 ὲν
3294 4046 3644 4117 Εὐαγγελίοις

2066 4136 2501 4209 θεολογούμενος
2534 4138 2645 4193 Καὶ
2667 4141 2700 4193 ὁ
2733 4140 2921 4208 Λόκρος
2938 4135 3019 4210 ἦν
3036 4138 3184 4208 πρὸς
3218 4137 3325 4193 τὸν
3356 4137 3641 4202 Θεὸν,και

2068 4230 2213 4296 Θεὸς
2243 4225 2324 4301 ἦν
2356 4232 2390 4284 d
2421 4232 2647 4299 Λόγοςὶ
2699 4224 2866 4294 Οὗτος
2920 4227 3014 4284 οὖν
3046 4231 3076 4283 ό
3117 4230 3249 4295 Θεὸς
3294 4230 3466 4299 Λόγος
3500 4228 3642 4300 ⁴Ιιγά-

2068 4335 2211 4388 πησε
2232 4319 2601 4390 δικαιοσύνην,
2637 4321 2730 4373 καὶ
2778 4321 3038 4392 ἐμίσησεν
3069 4321 3319 4391 ἀνομίαν.
3364 4320 3503 4374 Ἀνθ’
3528 4314 3591 4374 οὒ
3615 4322 3645 4375 6

390 4393 690 4465 participes
723 4395 831 4459 sui,
868 4395 988 4450 oleo
1019 4396 1302 4467 inungitur
1340 4394 1488 4468 quod
1520 4405 1750 4455 vocatur
1784 4400 1962 4456 exsut-

2081 4410 2312 4474 Ἀκύλας
2330 4409 2718 4483 ἀκριϐέστερον
2745 4412 3085 4483 ήρμήνευσεν
3109 4409 3298 4466 εἰπών·
3340 4409 3644 4481 Ἠγάπησε

392 4486 632 4551 tationis,
662 4493 735 4543 et,
758 4485 827 4540 ab
855 4486 975 4556 ipso
1007 4485 1118 4542 Deo
1152 4486 1314 4543 Patre
1364 4503 1468 4544 suo
1492 4489 1817 4561 inungitur;
1848 4490 1963 4547 sive

390 4574 504 4630 oleo
536 4574 753 4640 lwtitiw,
790 4575 1092 4631 secundum
1139 4576 1424 4648 Aquilam;
1450 4579 1535 4634 vel
1567 4579 1680 4634 oleo
1720 4580 1965 4649 splendo-

388 4665 488 4733 ris,
524 4665 828 4720 secundum
858 4664 1266 4738 Symmachum.
1300 4667 1437 4724 Cum
1476 4669 1633 4724 multi
1664 4684 1829 4741 porro
1853 4672 1967 4727 sint

388 4755 690 4828 participes
726 4756 870 4829 ejus,
901 4758 1020 4814 sive
1046 4759 1211 4814 amici
1239 4759 1381 4830 ejus,
1435 4760 1530 4831 qui
1561 4761 1752 4832 gratiae
1791 4760 1964 4831 ipsius

391 4854 684 4903 consortes
712 4855 865 4914 sunt,
901 4847 939 4903 ii
978 4863 1111 4905 sane
1144 4847 1424 4908 dixerint:
1471 4849 1767 4922 Participes
1802 4851 1961 4909 Chri-

2066 4500 2482 4569 δικαιοσύνην,
2516 4501 2615 4555 καὶ
2646 4496 2942 4570 ἐμίσησεν
2975 4498 3268 4572 ἀσέϐημα.
3298 4500 3497 4574 Κρίσει
3535 4500 3643 4572 γὰρ

2069 4590 2204 4663 apag
2233 4592 2358 4656 τοὺς
2383 4592 2473 4645 ὑπ’
2508 4591 2671 4646 αὐτοῦ
2716 4590 2957 4657 δικαίους
2979 4593 3190 4663 ἀγαπᾷ,
3232 4594 3381 4665 μισεῖ
3408 4592 3465 4646 δὲ
3516 4592 3645 4659 τοὺς

2068 4684 2364 4763 έναντίουςο
2395 4684 2475 4739 διὸ
2520 4685 2731 4757 χρίεται
2769 4685 3087 4757 κρείττονιοῆ
3144 4684 3294 4758 παρὰ
3339 4686 3465 4748 τοὺς
3514 4700 3644 4756 μετ-

2067 4774 2227 4845 όχους
2251 4773 2415 4829 αὐτοῦ
2452 4774 2615 4848 ἐλαίῳ
2640 4774 2718 4848 τῷ
2741 4768 3058 4848 καλουμένῳ
3085 4776 3520 4846 ἀγαλλιάσεως,
3550 4775 3645 4828 καὶ

2070 4863 2281 4934 χρίεται
2319 4862 2422 4916 ὑπὸ
2440 4862 2534 4917 τοῦ
2558 4862 2694 4916 Θεοῦ
2739 4862 2834 4917 τοῦ
2894 4860 3085 4915 ἑαυτοῦ
3112 4861 3347 4933 Πατρὺς,
3375 4860 3411 4933 ἢ
3464 4859 3646 4929 ἐλαίῳ

389 4937 462 4991 sti
512 4937 644 5005 facti
695 4955 877 4994 sumus
903 4938 971 4993 ".
998 4936 1326 4997 Praesentem
1360 4956 1494 4998 vero
1532 4945 1864 4999 sententiam
1897 4945 1962 5000 sit

2060 4948 2254 5019 χαρᾶς
2304 4951 2446 5005 κατά
2498 4951 2592 5007 τὸν
2656 4951 2914 5019 Ἀκύλαν,
2962 4951 2996 5023 ἢ
3061 4952 3245 5018 ἐλαίῳ
3304 4950 3643 5023 ἀγλωσμοῦ

389 5020 614 5097 quidam
668 5028 967 5100 legerunt:
1022 5027 1312 5101 Propterea
1361 5033 1517 5088 unxit
1558 5042 1626 5098 te,
1668 5032 1795 5101 Dee,
1823 5034 1965 5091 Deus

389 5129 513 5174 tuus
540 5134 565 5184 ;
592 5127 757 5192 atque
794 5121 899 5178 hac
926 5123 1163 5179 lectione
1195 5120 1478 5180 Hebraicae
1498 5125 1699 5190 littera:
1724 5122 1970 5184 servien-

386 5214 472 5263 tes
503 5194 598 5264 usi'
630 5215 781 5265 sunt.
809 5209 1080 5277 Quoniam
1127 5211 1270 5269 Deus
1301 5212 1358 5268 in
1385 5212 1652 5270 Hebraica
1693 5216 1966 5286 scriptura

387 5306 620 5355 secatur
651 5298 885 5369 Etenim,
917 5304 999 5359 sic
1026 5304 1260 5360 dicitur:
1292 5303 1359 5360 In
1390 5307 1646 5377 principio
1670 5307 1845 5362 throni
1865 5309 1964 5371 tui,

387 5388 516 5456 Dee,
538 5392 594 5447 in
624 5402 879 5449 aeternum
921 5405 970 5451 et
999 5395 1164 5451 ultra.
1207 5395 1562 5470 Septuaginta
1592 5400 1758 5470 igitur
1785 5401 1959 5455 inter-

386 5488 571 5551 pretes
599 5493 655 5540 et
699 5483 1059 5558 Symmachus
1089 5504 1106 5542 :
1135 5486 1375 5542 Thronus
1420 5498 1538 5543 tuus
1562 5528 1578 5553 ,
1608 5489 1954 5553 Deus,.dixe-

2064 5040 2204 5095 κατὰ
2230 5041 2323 5097 τὸν
2350 5041 2667 5115 Σύμμαχον.
2697 5040 2916 5099 Πολλῶν
2971 5044 3028 5098 δὲ
3058 5044 3227 5099 ὄντων
3255 5042 3365 5098 τῶν
3401 5043 3643 5115 μετόχων

2063 5130 2252 5197 αὐτοῦ,
2277 5132 2310 5204 ἢ
2346 5133 2578 5206 ἑταίρων
2608 5132 2774 5189 αὐτοῦ
2802 5134 2910 5189 τῶν
2930 5136 3027 5207 τῆς
3049 5134 3214 5190 αὐτοῦ
3250 5134 3472 5209 χάριτος
3517 5151 3646 5208 μετ-

2063 5218 2397 5298 εσχηκότων,
2423 5227 2472 5281 οἳ
2505 5229 2599 5282 καὶ
2639 5222 2845 5285 εἴποιεν
2869 5229 2951 5285 ἄν’
2976 5231 3230 5300 Μέτοχοι
3254 5228 3361 5283 τοῦ
3381 5226 3641 5298 Χριστοῦ

2063 5316 2411 5384 γεγόναμεν.
2457 5315 2790 5386 Ἀνέγνωσαι
2843 5317 2897 5372 δέ
2953 5336 3096 5384 τινες
3121 5320 3220 5391 τὴν
3272 5318 3639 5392 προκειμένην
3706 5302 3715 5311 ’

2063 5404 2205 5470 λέξιν
2234 5399 2335 5459 ὧδέ
2369 5423 2504 5471 πως·
2541 5407 2644 5463 Διά
2675 5407 2848 5463 τοῦτο
2883 5408 3095 5479 ἐχρισέ
3125 5426 3220 5475 σε,
3277 5410 3401 5473 Θεὲ,
3430 5414 3463 5464 ό
3497 5410 3644 5478 Θεός

2061 5509 2199 5559 σου,
2218 5495 2499 5569 καὶταύτῃ
2524 5513 2585 5565 γε
2620 5497 2911 5571 κέχρηνται
2935 5498 3256 5568 ἀναγνώσει,
3283 5503 3351 5572 τῇ
3380 5498 3641 5573 Ἑσρατκῇ

450 5633 498 5668 ’³
536 5633 730 5694 lauh.
760 5652 879 5708 vm,
914 5637 1006 5695 29.
1078 5640 1125 5674 "
1161 5637 1320 5696 Joan.
1356 5657 1409 5699 ι.
1448 5642 1497 5695 1.
1571 5642 1618 5673 τε
1658 5640 1823 5697 Hebr.
1858 5656 1951 5709 ιιι,
1984 5643 2099 5699 H.‘
