4100 6442
442 389 551 446 405

1159 384 1432 443 EUSEBII
1473 380 1953 440 CESARIENSIS
1992 380 2144 436 OPP.
2181 377 2364 434 PARS
2399 376 2567 431 lll.—
2605 373 3016 431 EXEGE’I‘ICA.

3601 373 3707 431 ιοι

439 517 620 575 neque
645 501 788 574 apud
810 509 1039 561 caeteros
1061 502 1388 573 interpretes
1417 502 1634 568 fertur;
1665 515 1837 572 quare
1863 501 2005 557 obelt

2128 499 2300 553 Τοῦτο
2323 497 2416 551 καὶ
2447 495 2736 566 διάχρυσον
2767 494 2797 545 ό
2823 471 3014 564 παρὼν
3037 491 3193 561 λόγος
3224 467 3494 564 ὠνόμασε.
3529 491 3602 545 Τὸ
3625 468 3709 566 δὲ,

381 607 390 612 ·
439 603 688 653 notatum
716 603 823 656 est.

2125 586 2597 657 περιϐεϐλημένη
2663 583 2758 655 καὶ
2811 581 3242 652 πεποικιλμένη
3267 621 3281 646 ,
3342 581 3465 636 οὔτε
3525 584 3584 636 ἐν
3637 586 3704 654 τῇ

451 687 714 760 Ἑϐραῖκῇ
767 687 1070 757 ἀναγνώσει
1097 686 1222 740 οὔτε
1270 687 1422 758 παρά
1444 689 1558 750 τοῖς
1599 686 1808 749 λοιποῖς
1853 682 2217 755 ἐρμηνευταῖς
2239 679 2500 750 φέρεται·
2533 674 2614 728 διὸ
2633 673 2945 727 ὠὸέλισται.

519 783 682 840 Vens.
707 784 796 840 14.
833 783 1017 840 Omnis
1046 784 1219 854 gloria
1244 783 1359 852 ejus
1381 781 1512 854 ﬁlia:
1530 781 1668 852 regis
1709 778 1932 845 Esebon,
1963 779 2019 831 in

440 876 667 944 ﬁmbriis
701 876 877 930 aureis
902 861 1306 928 circumamicta
1332 871 1701 928 varietatibus.
1733 868 2020 937 Quomodo

429 970 674 1026 ﬁmbriis
719 969 901 1026 aureis
930 969 1341 1025 circumornata
1375 968 1470 1035 sit,
1511 967 1682 1038 probe
1722 967 2017 1037 intelligas,

442 1064 487 1114 si
523 1060 748 1116 Paulum
783 1060 976 1116 audias
1005 1060 1277 1117 dicentem
1309 1076 1322 1111 :
1352 1058 1438 1112 Ex
1459 1067 1611 1130 parte
1635 1058 2016 1130 cognoscimus.

439 1167 490 1210 et
525 1171 592 1210 ea:
631 1165 781 1226 parte
815 1157 1187 1226 prophetamus
1205 1157 1271 1212 ⁸³.
1303 1154 1440 1210 Nam
1500 1154 1741 1224 cognitio
1784 1169 1907 1224 quas
1951 1169 2018 1210 ex

439 1234 593 1318 parte
623 1257 730 1315 est,
769 1264 998 1306 aureum
1049 1257 1304 1305 ornatum
1349 1249 1406 1303 in
1443 1246 1884 1303 extremitatibus
1911 1245 2017 1318 ipsi

439 1337 826 1409 circumponit.
860 1336 996 1394 Cum
1040 1347 1218 1392 autem
1251 1337 1470 1404 venerit,
1507 1335 1711 1406 inquit,
1735 1336 1874 1406 quod
1903 1351 2021 1405 per-

441 1428 632 1489 fectum
660 1430 759 1494 est,
805 1427 1148 1482 evacuabitur
1183 1427 1323 1497 quod
1359 1442 1425 1481 ex
1470 1435 1620 1496 parte
1661 1425 1820 1482 est“.
1857 1424 2020 1481 Post-

438 1533 603 1588 quam
653 1519 709 1574 in
753 1519 1032 1576 caelestem
1063 1518 1369 1575 Ecclesiam
1421 1518 1692 1572 translata
1741 1515 1908 1572 fuerit
1930 1530 2018 1580 ea,

435 1616 560 1680 Quae
586 1611 640 1665 in
663 1617 812 1667 terra
835 1609 1062 1665 infantis
1086 1610 1264 1664 instar
1279 1609 1571 1673 educatur,
1604 1615 1738 1662 tunc
1777 1605 2020 1662 ﬁmbrias

438 1716 636 1756 aureas
659 1740 675 1766 ,
713 1701 971 1757 videlicet
1011 1701 1382 1772 cognitionem
1417 1715 1485 1756 ex
1523 1706 1682 1770 parte
1733 1697 2014 1768 deponet;

435 1803 601 1844 aureo
631 1799 810 1846 autem
836 1790 1164 1847 vestimento
1191 1790 1501 1864 ornabitur.

507 1902 673 1960 Vens.
705 1905 791 1972 15,
828 1905 917 1960 16.
949 1905 1294 1961 Adducentur
1320 1904 1447 1977 Regi
1477 1905 1700 1977 virgines
1732 1915 1849 1975 post
1874 1921 2014 1972 eam,

432 1996 690 2064 proxima:
735 1985 848 2066 ejus
883 1998 1170 2066 afferentur
1210 1998 1324 2052 tibi.
1361 1995 1500 2064 Filia
1544 2011 1667 2068 quae
1697 1997 2018 2069 plerumque

433 2085 691 2154 superius
734 2090 1040 2142 memorata
1073 2085 1198 2153 fuit,
1230 2101 1341 2141 non
1377 2101 1594 2169 semper
1634 2087 1690 2140 in
1713 2094 1858 2141 terra
1892 2101 2017 2156 per-

433 2183 640 2242 manet,
673 2175 771 2231 sed
812 2191 914 2232 suo
949 2184 1197 2247 tempore
1235 2177 1627 2234 transferetur.
1659 2178 1730 2232 At
1758 2193 1869 2234 non
1897 2191 2016 2249 om-

432 2253 532 2320 nes
566 2267 736 2322 simul
772 2267 1046 2338 ejusmodi
1084 2267 1576 2339 transmigratione
1623 2268 2013 2329 donabuntur:

432 2360 530 2416 sed
569 2376 692 2432 qua!
714 2361 892 2432 primo
920 2361 1092 2432 gradu
1118 2361 1174 2416 in
1206 2361 1310 2416 h'oc
1331 2376 1500 2432 regno
1532 2362 1711 2432 dignae
1738 2369 1922 2425 erunt,
1947 2376 2013 2416 ex

430 2460 586 2528 parte
616 2452 794 2507 solum
816 2451 1116 2508 all‘erentur
1131 2450 1287 2522 Regi.
1314 2449 1408 2508 Hae
1438 2467 1565 2510 vero
1593 2461 1726 2509 sunt
1755 2467 1875 2522 quae
1903 2452 2013 2506 vir-

429 2545 713 2620 ginitatem
761 2545 816 2600 in
851 2543 1073 2600 Christo
1100 2551 1154 2598 et
1199 2559 1432 2614 corpore
1465 2551 1520 2600 et
1554 2544 1738 2599 anima
1768 2552 2010 2608 servant,

431 2647 496 2688 ac
539 2633 735 2705 spiritu
775 2641 983 2710 sanctae
1011 2640 1160 2690 sunt.
1197 2632 1328 2689 Post
1369 2634 1608 2704 primum
1642 2641 1823 2690 autem
1859 2635 2010 2690 ordi-

428 2737 577 2788 nem,
604 2737 726 2793 quat
753 2722 1004 2793 proxime
1033 2721 1156 2777 illas
1184 2729 1314 2788 sunt
1341 2720 1635 2777 alierentur
1667 2737 1680 2772 :
1714 2737 1841 2777 nam
1867 2725 2010 2794 apud

428 2813 647 2870 Patrem
677 2815 992 2870 mansiones
1020 2813 1207 2869 multa
1221 2813 1289 2868 ⁸⁸.
1320 2812 1415 2869 Hie
1441 2828 1572 2869 vero
1601 2821 1750 2880 sunt,
1773 2829 1893 2884 qua»:
1920 2814 2013 2868 bo.

428 2911 600 2959 nestae
627 2904 1077 2975 continentisque
1105 2903 1234 2960 vita:
1278 2917 1443 2960 causa
1495 2905 1807 2976 proximum
1841 2905 2010 2970 virgi-

427 2998 593 3052 nibus
625 2997 806 3052 locum
832 3003 1125 3067 occupant.
1155 2996 1441 3062 Quomodo
1481 3005 1664 3052 autem
1691 2997 2005 3064 atl‘erentur,

2046 1745 2092 1804 Β
2121 1745 2177 1833 ἐν

2196 772 2374 829 Πᾶσα
2420 774 2458 841 ἡ
2497 771 2648 835 δόξα
2694 767 2882 836 αὐτῆς
2917 766 3212 838 θυγατρὸς
3253 762 3362 822 τοῦ
3399 765 3709 832 ,βασιλέως

2139 864 2397 921 Ἔσεϐὼν
2419 864 2489 916 ἐν
2521 859 2888 931 κροσσωτοῖς
2929 859 3180 928 χρυσοῖς
3217 857 3705 928 περιϐεϐλημένη,

2127 955 2578 1025 πεποικιλμένη.
2633 955 2883 1026 Νοήσεις,
2935 953 3091 1024 φησὶ,
3127 951 3244 1014 πῶς
3273 953 3524 1022 κροσσοῖς
3574 953 3708 1021 χρυ-

2129 1053 2241 1112 σοῖς
2279 1048 2701 1120 περιϐέϐληται,
2739 1048 2952 1102 Παύλου
3001 1047 3250 1114 λέγοντος
3295 1043 3537 1098 ἀκούων·
3599 1043 3705 1095 Ἐκ

2123 1139 2340 1210 μέρους
2362 1138 2754 1210 γινώσκομεν,
2776 1140 2873 1193 καὶ
2898 1138 2966 1191 ἐκ
2983 1137 3206 1206 μέρους
3231 1134 3702 1204 προφητεύομεν.

2137 1232 2201 1284 Ἡ
2230 1231 2338 1301 γὰρ
2375 1230 2574 1299 γνῶσις
2594 1232 2626 1302 ὴ
2649 1233 2713 1284 ἐκ
2746 1230 2944 1302 μέρους
2968 1229 3025 1280 ἐν
3051 1227 3240 1298 ἄκροις
3271 1225 3451 1296 μόνοις
3479 1223 3703 1296 χρυσίου

2122 1323 2214 1375 τὸν
2247 1321 2449 1392 κόσμον
2478 1323 2616 1393 αὐτῇ
2644 1321 2983 1392 περιτίθησιν
3004 1336 3017 1350 ’
3056 1319 3239 1370 ’Ὅταν
3271 1315 3323 1369 δ’
3353 1316 3501 1384 ἔλθῃ
3530 1315 3596 1368 τὸ
3614 1313 3706 1367 τέ-

2121 1418 2307 1479 λειον,
2343 1415 2496 1482 φησὶ,
2522 1413 2587 1466 τὸ
2615 1413 2682 1466 ὲκ
2707 1411 2929 1482 μέρους
2951 1407 3486 1478 καταργηθήσεται.
3525 1407 3704 1459 Ἐπει-

2120 1504 2217 1558 δὰν
2237 1507 2316 1567 εἰς
2343 1503 2438 1574 τὴν
2471 1503 2792 1574 ἐπουράνιον
2835 1499 3160 1571 Ἐκκλησίαν
3214 1501 3453 1569 μεταστῇ
3484 1500 3517 1568 ἡ
3564 1498 3703 1562 τέως

2121 1599 2188 1650 ἐκ
2211 1596 2314 1666 γῆς
2347 1594 2869 1666 παιδοτροφουμένη,
2898 1592 2959 1645 τὸ
3008 1592 3309 1662 τηνικαῦτα
3369 1587 3702 1660 ἀποϐήσεται

2125 1687 2222 1758 μὲν
2249 1685 2316 1739 τὰ
2342 1684 2630 1758 κροσσωτὰ
2660 1685 2729 1738 τὰ
2758 1685 2955 1756 χρυσᾶ,
2989 1681 3086 1755 τὴν
3119 1683 3183 1734 ἐκ
3231 1682 3430 1754 μέρους
3475 1681 3700 1750 γνῶσιν,

2210 1778 2488 1850 ἱματισμῷ
2509 1778 2566 1831 δὲ
2587 1777 2793 1849 χρυσῷ.

2201 1890 2733 1960 Ἄπενεχθήσονται
2759 1889 2842 1961 τῷ
2885 1887 3140 1944 Βασιλεῖ
3170 1887 3452 1956 παρθένοι
3505 1887 3701 1940 ὀπίσω

2117 1981 2328 2051 αὐτῆς,
2359 1987 2418 2037 αι
2439 1985 2707 2051 πλησίον
2728 1981 2916 2050 αὐτῆς
2935 1973 3458 2050 ἀπενεχθήσοντιιί
3477 1993 3595 2037 σοι.
3633 1980 3700 2031 Ἠ

2116 2074 2202 2127 διὰ
2245 2073 2353 2126 τῶν
2395 2072 2705 2145 ἔμπροσθεν
2756 2071 3015 2135 πολλάκις
3059 2071 3424 2142 ὠνομασμένη
3451 2069 3698 2142 Θυγάτηρ

2115 2167 2216 2221 ούκ
2244 2167 2336 2219 ἐπί
2365 2165 2467 2237 γῆς
2487 2168 2565 2230 εἰς
2589 2166 2650 2219 τὸ
2681 2165 2942 2228 παντελὲς
2965 2163 3240 2235 διαμένει,
3273 2163 3697 2234 μετατεθήσεται

2115 2258 2171 2311 δὲ
2193 2258 2567 2329 κατακαιρόν.
2613 2257 2752 2310 Ἀλλ’
2776 2257 2836 2309 οὐ
2871 2257 3020 2310 πᾶσα
3064 2254 3273 2327 ἀθρόως
3308 2254 3407 2326 τῆς
3441 2253 3698 2326 τοιαύτης

2120 2349 2471 2422 μεταϐάσεως
2529 2347 2920 2419 ἀξιωθήσεται·
2987 2349 3046 2401 ἐν
3097 2346 3252 2417 μέρει
3297 2346 3353 2398 δὲ
3396 2347 3451 2400 αἱ
3494 2345 3698 2418 πρώτῳ

2117 2440 2308 2512 βαθμῷ
2338 2443 2393 2493 ἐν
2426 2441 2561 2511 αὐτῇ
2589 2439 2944 2514 τετιμημέναι
2977 2436 3435 2509 ἀπενεχθήσονται
3477 2437 3557 2509 τῷ
3590 2440 3698 2492 Βα-

2117 2533 2268 2586 σιλεῖ.
2299 2526 2470 2586 Αῧται
2510 2532 2565 2586 δέ
2599 2515 2734 2599 εἰσιν
2764 2534 2820 2602 al
2849 2532 2947 2606 τὴν
2968 2533 3025 2585 ἐν
3057 2532 3276 2604 Χριστῷ
3310 2531 3531 2601 ἁγνείαν
3562 2548 3698 2584 κατ-

2124 2622 2431 2694 ορθώσασαι
2481 2623 2626 2694 ψυχῇ
2687 2625 2781 2676 καὶ
2809 2623 3045 2695 σώματι,
3092 2626 3184 2680 καὶ
3243 2625 3513 2696 πνεύματι
3562 2623 3696 2678 καθ-

2114 2715 2468 2785 ηγιασμέναι.
2502 2714 2658 2769 Μετὰ
2681 2714 2738 2781 δέ
2789 2714 2852 2768 τὸ
2885 2715 3100 2786 πρῶτον
3154 2716 3335 2787 τάγμα
3389 2717 3445 2771 αἱ
3473 2714 3695 2787 πλησίον

2113 2807 2290 2864 αὐτῶν
2317 2807 2806 2878 ἁπενεχθήσονται·
2865 2807 3057 2861 πολλαὶ
3095 2808 3201 2884 γὰρ
3238 2808 3395 2878 μοναὶ
3439 2808 3588 2880 παρὰ
3614 2807 3695 2879 τῷ

2113 2899 2310 2970 Πατρί.
2339 2895 2508 2954 Αὖται
2531 2899 2589 2954 δέ
2615 2901 2752 2956 είσιν
2780 2901 2833 2954 al
2865 2899 2953 2954 τὸν
2979 2901 3204 2970 ἔγγιστα
3231 2903 3394 2954 τόπον
3416 2901 3524 2953 τῶν
3552 2916 3694 2971 παρ-

2113 2990 2281 3045 θένων
2336 2990 2629 3062 ἐπέχουσαι
2688 2991 2775 3044 διὰ
2837 2991 3038 3063 σεμνοῦ
3094 2993 3188 3046 καὶ
3239 2991 3515 3066 σώφρονος
3550 2992 3690 3063 βίου.

427 3089 670 3146 declarat
699 3090 911 3158 dicens,
940 3091 999 3146 in
1028 3091 1221 3146 laetitia
1252 3100 1302 3145 et
1325 3091 1704 3148 exsultatione.
1727 3090 1854 3148 Haec
1875 3108 2005 3148 vero

2113 3083 2301 3145 Ὅπως
2359 3082 2417 3135 δὲ
2468 3083 2924 3156 ἀπενεχθήσονται
2994 3085 3292 3156 παρίστησι
3352 3083 3558 3154 λέγων·
3617 3086 3690 3138 ἐν

427 3196 538 3250 qua
569 3181 783 3237 ratione
812 3181 1069 3238 dicantur
1112 3182 1284 3251 probe
1327 3182 1619 3252 intelliges,
1647 3183 1696 3238 si
1743 3183 2006 3253 apostoli-

427 3287 550 3326 cam
586 3271 728 3326 hanc
777 3287 966 3328 vocem
1025 3287 1272 3343 apponas
1307 3289 1320 3324 :
1354 3273 1638 3341 Rapiemur
1680 3274 1736 3328 in
1779 3274 2006 3330 nubibus

425 3362 633 3418 obviam
671 3363 899 3419 Domino
932 3365 988 3417 in
1039 3379 1188 3429 aera,
1213 3372 1265 3418 et
1293 3364 1370 3418 sic
1405 3381 1607 3434 semper
1636 3381 1755 3419 cum
1777 3364 2005 3420 Domino

423 3454 623 3509 erimus
639 3453 705 3506 ⁸⁸.
742 3451 861 3512 Non
893 3452 1039 3509 enim
1069 3453 1291 3508 venient
1313 3453 1398 3508 vel
1431 3453 1496 3507 ad
1521 3452 1720 3523 Regem
1744 3452 2006 3510 accedent

424 3543 689 3614 virgines,
739 3543 834 3599 sed
881 3543 1198 3612 afferentur,
1232 3545 1356 3600 aliis
1388 3544 1536 3615 ipsas
1579 3543 2003 3612 adducentibus,

427 3632 640 3688 scilicet
670 3633 876 3703 angelis
899 3632 1018 3700 Dci,
1056 3635 1150 3704 qui
1178 3635 1444 3690 sublimes
1473 3635 1595 3691 illas
1627 3636 1682 3690 in
1707 3637 1877 3690 altum
1909 3637 2005 3692 de-

424 3722 623 3787 ferent,
653 3732 714 3780 ut
733 3739 1032 3793 supernum
1061 3726 1167 3780 iter
1192 3725 1352 3782 facile
1383 3727 1700 3782 decurrant.
1731 3727 2007 3783 Adducen-

425 3823 513 3866 tur
542 3829 708 3884 porro
741 3815 796 3868 in
835 3815 1026 3870 laztitia
1065 3825 1115 3870 et
1146 3818 1520 3884 exsultatione,
1551 3825 1716 3888 atque
1773 3818 1827 3872 in
1861 3826 2002 3874 tem-

423 3905 576 3974 plum
607 3904 776 3975 regis,
808 3906 864 3960 in
894 3906 1101 3975 regiam
1141 3907 1389 3973 domum,
1423 3923 1594 3979 regno
1616 3909 1885 3983 caelorum
1915 3911 2005 3965 do-

335 4065 340 4070 _
424 4002 586 4059 natae,
636 3995 1099 4052 intromittentur.
1139 3996 1424 4067 Templum
1453 4014 1641 4068 porro,
1672 4000 1869 4057 domus
1905 4001 2002 4056 Dei

421 4093 527 4147 est,
555 4085 628 4138 ita
657 4094 716 4139 ut
751 4086 864 4140 Rex
892 4088 1002 4152 ille,
1034 4087 1101 4141 ad
1130 4103 1292 4159 quem
1323 4089 1694 4156 adducuntur,
1728 4089 1873 4146 Deus
1907 4093 1996 4148 sit.

420 4175 530 4229 Eas
563 4176 687 4228 item
715 4174 1016 4241 adducunt,
1039 4180 1130 4248 qui
1161 4180 1295 4249 ipsis
1329 4180 1579 4236 instituta
1615 4181 1860 4249 tradunt,
1889 4181 2000 4239 Lex

423 4265 672 4322 Videlicet
699 4275 860 4339 atque
891 4270 1185 4340 prophetae.
1283 4287 1289 4292 '

490 4529 658 4588 Vens.
704 4533 793 4589 i7.
821 4533 931 4588 Pro
981 4535 1222 4603 patribus
1256 4535 1362 4592 tuis
1397 4539 1512 4592 nati
1571 4547 1693 4593 sunt
1741 4539 1836 4593 tibi
1870 4540 1994 4608 ﬁlii.

419 4620 626 4677 llorum
701 4625 1028 4680 sententiam
1098 4627 1302 4683 clarius
1354 4629 1540 4684 caeteri
1605 4629 1996 4698 reddiderunt;

416 4715 614 4784 Aquila
644 4718 862 4786 quidem
894 4719 976 4774 sic
1015 4719 1246 4786 habens,
1277 4721 1385 4776 Pro
1413 4723 1654 4790 patribus
1696 4725 1802 4778 tuis
1843 4733 1996 4778 erunt

418 4805 512 4859 tibi
559 4807 693 4876 ﬁlii;
725 4806 1085 4879 Symmachus
1136 4826 1268 4867 vero
1293 4851 1308 4876 ,
1345 4811 1454 4867 Pro
1493 4815 1736 4883 patribus
1782 4815 1996 4885 fuerunt

416 4895 519 4964 ﬁlii
557 4897 655 4950 tui.
701 4896 827 4953 Haec
855 4907 940 4954 est
986 4908 1169 4955 autem
1209 4900 1342 4956 dicti
1392 4903 1541 4959 illius
1569 4904 1989 4976 interpretatio:

415 4985 541 5041 Filii
570 4988 651 5041 tui
691 4989 784 5058 qui
830 4989 884 5044 in
925 4997 978 5045 te
1007 4999 1062 5046 et
1093 5000 1206 5049 ate
1238 4994 1352 5048 nati
1404 5003 1556 5061 sunt,
1595 5011 1696 5066 pro
1739 4999 1992 5066 patribus

415 5075 513 5130 tibi
535 5084 716 5132 erunt.
757 5075 892 5132 Nam
941 5079 1041 5134 bos
1073 5079 1248 5149 ipsos,
1275 5097 1414 5152 quos
1443 5089 1561 5139 tute
1603 5085 1861 5154 genuisti,
1893 5103 1993 5157 pro

417 5167 664 5236 patribus
687 5168 936 5234 habebis.
971 5170 1255 5228 Sermonis
1295 5181 1476 5228 autem
1509 5186 1762 5231 eventum
1793 5178 1994 5233 intelli-

416 5272 536 5328 ges,
582 5257 629 5313 si
673 5258 980 5328 perpendas
1007 5276 1119 5330 quo
1149 5272 1312 5332 pacto
1343 5264 1664 5334 alienigenae
1703 5281 1772 5322 ex
1816 5271 1992 5338 genti-

415 5346 542 5412 bus,
567 5343 869 5402 Ecclesiam
894 5347 990 5403 Dei
1013 5349 1302 5415 adeuntes,
1329 5351 1385 5406 in
1408 5352 1636 5422 ipsaque
1658 5359 1989 5425 regenerati,

417 5435 512 5490 lilii
571 5437 692 5506 ejus
747 5436 1079 5507 elliciantur;
1135 5455 1201 5495 ac
1249 5441 1508 5512 deinceps
1561 5460 1685 5499 cum
1740 5446 1989 5514 profectu

415 5527 562 5588 aucti
595 5535 745 5593 sunt,
781 5536 969 5598 patres
994 5530 1168 5601 ipsius
1208 5533 1650 5602 constituantur,
1691 5535 1760 5589 ad
1791 5537 1988 5606 praete-,-

413 5613 637 5672 cturam'
675 5620 794 5690 ejus
833 5623 1089 5691 promoti,
1130 5632 1185 5678 et
1231 5625 1299 5678 ad
1352 5627 1692 5684 sacerdotale
1725 5631 1974 5688 ministe-

465 5773 528 5830 ..”
593 5771 770 5852 lCor.
807 5792 940 5855 xiii.
980 5779 1029 5858 9.
1111 5780 1154 5809 “
1196 5778 1327 5858 ibid.
1372 5781 1452 5836 lO.
1530 5783 1574 5815 ⁸⁵
1615 5782 1768 5841 Joan.
1810 5802 1920 5854 xw,
1956 5787 2010 5864 2.

2107 3173 2454 3242 εὐφροσύνῃ
2483 3173 2583 3227 καί
2610 3174 2987 3244 ἀγαλλιάσει.
3018 3176 3251 3247 Νοήσεις
3275 3175 3332 3228 δὲ
3368 3175 3515 3240 ὅπως
3540 3175 3692 3248 εῐρη-

2106 3279 2196 3321 ται
2224 3263 2402 3332 τοῦτο,
2433 3264 2698 3336 παραθεὶς
2724 3265 2822 3337 τὴν
2851 3266 3209 3338 ἀποστολικὴν
3241 3262 3477 3342 φωνὴνῇ
3503 3284 3687 3339 φησιν·

2118 3353 2604 3425 Ἁρπαγησόμεθα
2635 3357 2704 3409 ἐν
2745 3357 3027 3426 νεφέλαις
3064 3361 3152 3425 είς
3189 3358 3535 3427 ἀπάντησιν
3581 3359 3692 3415 τοῦ

2105 3443 2326 3510 Kvplov
2361 3446 2448 3510 εἰς
2489 3444 2665 3512 ἀέρα,
2709 3445 2808 3500 καὶ
2860 3445 3011 3499 οὕτω
3059 3446 3314 3500 πάντοτε
3348 3447 3470 3502 σὺν
3495 3447 3694 3517 Κυρίῳ

2104 3534 2383 3603 ἐσόμεθα.
2428 3535 2502 3588 Οὐ
2535 3536 2646 3610 γὰρ
2691 3537 3000 3590 ἐλεύσονται
3042 3537 3162 3591 οὐδὲ
3195 3538 3582 3592 ἀπελεύσονται
3611 3539 3692 3609 τῷ

2106 3626 2324 3680 Βασιλεῖ
2362 3627 2642 3698 παρθένοι,
2670 3628 2782 3681 ἀλλ’
2817 3629 3294 3700 ἀπενεχθήσονται,
3314 3630 3487 3684 ἄλλων
3519 3630 3692 3696 αὑτὰς

2105 3718 2458 3786 ἀπαγόντων·
2497 3719 2745 3787 ἀγγέλων
2799 3719 2998 3790 δηλαδῇ
3046 3721 3205 3775 θείων
3248 3721 3690 3794 μετεωριζόντων

2105 3811 2274 3876 αὑτὰς
2311 3812 2406 3864 καὶ
2465 3813 2544 3876 εἰς
2573 3812 2708 3883 ὕψος
2740 3815 3100 3890 ἐπαιρόντων,
3130 3815 3206 3878 ὠς
3228 3814 3294 3869 ἂν
3339 3815 3556 3888 εὐμαρῆ
3589 3817 3689 3887 τὴν

2103 3903 2215 3956 ἄνω
2255 3904 2574 3974 ποιήσαιντο
2606 3905 2852 3976 πορείαν.
2919 3905 3448 3976 Ἆπενεχθήσονται
3512 3907 3556 3959 δ’
3619 3907 3690 3961 ἐν

2101 3995 2448 4062 εὐφροσύνῃ
2479 3995 2576 4048 καὶ
2607 3995 2986 4063 ἀγαλλιάσει,
3033 3998 3129 4051 καὶ
3168 3997 3581 4068 εἰσαχθήσονται
3608 4000 3689 4062 εἰς

2102 4084 2226 4138 ναὸν
2257 4083 2540 4154 βασιλέως,
2567 4087 2647 4149 είς
2682 4086 2772 4139 τὸν
2831 4084 2976 4145 οἷκον
3007 4089 3092 4142 τὸν
3128 4087 3401 4158 βασιλικὸν
3454 4088 3554 4158 τῆς
3579 4089 3689 4141 τῶν

2101 4173 2348 4244 οὐρανῶν
2367 4173 2642 4242 βασιλείας
2671 4175 2926 4240 καταξιού
2936 4193 3110 4247 μεναι.
3130 4159 3282 4240 ’Ναὸς
3307 4177 3362 4230 δὲ
3385 4173 3531 4242 οἶκος
3551 4178 3686 4232 Θεοῦ

2101 4262 2249 4314 ἐστιν
2274 4278 2288 4292 ο
2312 4261 2452 4314 ὥστε
2476 4263 2608 4327 Θεὸς
2634 4266 2662 4318 ό
2688 4265 2950 4329 Βασιλεὺς
2968 4305 2983 4329 ,
3013 4259 3058 4334 ᾧ
3087 4267 3411 4335 ἀπάγονται.
3463 4269 3687 4337 ’Ᾱγουσι

2104 4352 2160 4410 δὲ
2193 4352 2363 4418 αὐτὰς
2393 4355 2489 4425 και
2509 4357 2557 4408 οἱ
2588 4355 2656 4410 τὰ
2692 4357 3033 4429 παιδεύματα
3067 4359 3447 4430 παραδιδόντες
3475 4361 3684 4426 αὐταῖς,

2102 4448 2132 4500 ὃ
2162 4464 2221 4504 τε
2256 4447 2438 4518 Νόμος
2463 4449 2553 4502 καὶ
2577 4450 2626 4502 οί
2653 4451 2944 4523 προφῆται.

2186 4538 2334 4592 Ἀντί
2366 4539 2486 4592 τῶν
2517 4543 2788 4609 πατέρων
2826 4559 2943 4597 σου
2969 4542 3384 4612 ἐγεννήθησαν
3413 4561 3511 4598 σοι
3544 4538 3683 4600 vlo].

2104 4630 2322 4688 Τούτων
2366 4632 2464 4702 τῆν
2517 4633 2750 4691 διάνοιαν
2804 4636 3136 4707 σαφέστερον
3180 4635 3588 4692 ἀποδεδώκασιν
3634 4641 3683 4693 οί

2101 4722 2310 4776 λοιποίο
2340 4724 2369 4774 ὁ
2413 4723 2512 4793 μὲν
2568 4725 2798 4791 ’Δκύλας
2833 4726 3032 4781 εἰπών·
3077 4728 3225 4781 Ἆντὶ
3273 4727 3393 4780 τῶν
3414 4729 3686 4796 πατέρων

2101 4829 2219 4867 σου
2244 4815 2491 4872 ἔσονταί
2535 4829 2634 4870 σοι
2657 4818 2810 4870 υἱοίτ
2847 4820 2876 4870 ό
2903 4818 2960 4871 δὲ
3000 4819 3296 4891 Σύμμαχος
3319 4836 3332 4848 ·
3383 4821 3531 4874 Ἀντί
3574 4837 3685 4874 πα-

2101 4904 2287 4973 τέρων
2314 4904 2592 4974 ἐγένοντο
2627 4908 2747 4961 υἱοί
2770 4921 2907 4964 σου.
2947 4909 3010 4963 Ἡ
3037 4909 3081 4963 δ’
3112 4911 3378 4980 ἑρμηνεία
3409 4911 3501 4962 τοῦ
3525 4911 3681 4980 λόγου

2100 4994 2302 5062 ταύτην
2326 4993 2440 5064 ἔχει
2465 4994 2564 5066 τὴν
2585 4995 2841 5051 διάνοιαν
2875 4999 2937 5051 Ol
2957 4999 3063 5052 υἱοί
3083 5015 3176 5052 σου
3201 5001 3250 5053 οί
3279 5001 3336 5052 ἐν
3357 5001 3440 5053 σοὶ
3458 5001 3552 5054 καὶ
3578 5000 3683 5054 ὑπὸ

2101 5085 2195 5138 σοῦ
2212 5101 2440 5156 γεγεννη
2449 5086 2597 5156 μένοι
2615 5087 2735 5141 ἀντὶ
2759 5089 3012 5162 πατέρων
3032 5092 3350 5162 γενήσονταί
3373 5109 3474 5145 σοι.
3501 5092 3682 5158 "Eiet;

2097 5174 2207 5245 γὰρ
2241 5175 2439 5238 αὐτοὺς
2477 5176 2738 5248 πατέρας,
2764 5178 2864 5242 οὓς
2896 5179 3032 5250 αὑτὴ
3061 5180 3413 5250 γεγέννηκας,
3451 5181 3683 5253 Νοήσεις

2096 5265 2154 5318 δὲ
2187 5263 2280 5318 τοῦ
2311 5265 2468 5335 λόγου
2519 5267 2580 5320 τὸ
2609 5268 2951 5338 ἀποτέλεσμα
2972 5309 2986 5333 ,
3016 5271 3312 5342 ἐπιστήσας
3345 5272 3493 5335 ὅπως
3523 5273 3572 5324 οί
3621 5273 3682 5337 ἐξ

2099 5356 2269 5410 ἐθνῶν
2323 5359 2629 5428 ἀλλόφυλοι,
2691 5363 3079 5433 προσελθόντες
3139 5367 3198 5435 τῇ
3249 5345 3544 5436 Ἐκκλησία
3585 5366 3679 5418 τοῦ

2095 5448 2253 5513 Θεοῦ,
2290 5453 2384 5504 καὶ
2427 5453 2880 5523 ἀναγεννηθέντες
2927 5457 2986 5507 ἐν
3043 5458 3200 5527 αὐτῇ,
3235 5458 3340 5509 υἱοὶ
3387 5457 3559 5524 αὐτῆς
3595 5458 3682 5525 γί·

2094 5558 2342 5608 γνονταιδ
2378 5543 2614 5597 κᾶπειτα
2636 5544 2963 5612 ἐπιδιδόντες
3006 5551 3069 5619 τῂ
3114 5552 3363 5621 προκοπῇ
3392 5589 3406 5613 ,
3442 5550 3680 5620 πατέρες

2085 5634 2255 5705 αὐτῆς
2283 5634 2658 5708 καθίστανται,
2687 5640 3049 5711 προαγόμενοι
3091 5645 3170 5705 είς
3206 5642 3300 5714 τὴν
3335 5645 3512 5715 αὐτῆς
3540 5661 3675 5714 προ-

2086 5786 2132 5821 ⁸⁶
2171 5787 2409 5866 lThess.
2447 5805 2520 5862 ut,
2557 5789 2643 5853 16.
