  <div class='ocr_page' id='page_1' title='image "/cluster/home/n/w/nwhite01/storage/ocr_20150623/23/hvd.32044073501124/210.png"; bbox 0 0 4100 6442; ppageno 0'>
   <div class='ocr_carea' id='block_1_1' title="bbox 471 235 582 291">
    <p class='ocr_par' dir='ltr' id='par_1_1' title="bbox 471 235 582 291">
     <span class='ocr_line' id='line_1_1' title="bbox 471 235 582 291; baseline 0.009 -1"><span class='ocrx_word' id='word_1_1' title='bbox 471 235 582 291; x_wconf 70' lang='grc'><strong>405</strong></span> 
     </span>
    </p>
   </div>
   <div class='ocr_carea' id='block_1_2' title="bbox 1609 235 2604 300">
    <p class='ocr_par' dir='ltr' id='par_1_2' title="bbox 1609 235 2604 300">
     <span class='ocr_line' id='line_1_2' title="bbox 1609 235 2604 300; baseline 0.006 -6"><span class='ocrx_word' id='word_1_2' title='bbox 1609 235 2118 295; x_wconf 80' lang='lat' dir='ltr'><strong>COMMENTARIA</strong></span> <span class='ocrx_word' id='word_1_3' title='bbox 2153 237 2221 294; x_wconf 81' lang='grc' dir='ltr'><strong>ΙΝ</strong></span> <span class='ocrx_word' id='word_1_4' title='bbox 2259 238 2604 300; x_wconf 81' lang='lat' dir='ltr'><strong>PSALMOS.</strong></span> 
     </span>
    </p>
   </div>
   <div class='ocr_carea' id='block_1_3' title="bbox 473 330 2031 422">
    <p class='ocr_par' dir='ltr' id='par_1_3' title="bbox 473 343 2031 419">
     <span class='ocr_line' id='line_1_3' title="bbox 473 343 2031 419; baseline 0.002 -19"><span class='ocrx_word' id='word_1_5' title='bbox 473 343 722 409; x_wconf 82' lang='grc' dir='ltr'>στασίαν,</span> <span class='ocrx_word' id='word_1_6' title='bbox 749 343 962 414; x_wconf 79' lang='grc' dir='ltr'>καὶτῆς</span> <span class='ocrx_word' id='word_1_7' title='bbox 988 343 1268 415; x_wconf 70' lang='grc' dir='ltr'><strong>ἱερατικῆς</strong></span> <span class='ocrx_word' id='word_1_8' title='bbox 1305 345 1644 418; x_wconf 77' lang='grc' dir='ltr'><strong>λειτουργίας</strong></span> <span class='ocrx_word' id='word_1_9' title='bbox 1688 347 2031 419; x_wconf 73' lang='grc' dir='ltr'>καταξιούμει</span> 
     </span>
    </p>
   </div>
   <div class='ocr_carea' id='block_1_4' title="bbox 2130 330 3795 422">
    <p class='ocr_par' dir='ltr' id='par_1_4' title="bbox 2155 340 3795 422">
     <span class='ocr_line' id='line_1_4' title="bbox 2155 340 3795 422; baseline 0.004 -18"><span class='ocrx_word' id='word_1_10' title='bbox 2155 349 2298 404; x_wconf 92' lang='lat' dir='ltr'><strong>rium</strong></span> <span class='ocrx_word' id='word_1_11' title='bbox 2334 349 2598 422; x_wconf 86' lang='lat' dir='ltr'><strong>cooptati.</strong></span> <span class='ocrx_word' id='word_1_12' title='bbox 2634 348 2920 416; x_wconf 84' lang='lat' dir='ltr'><strong>Quomodo</strong></span> <span class='ocrx_word' id='word_1_13' title='bbox 2953 340 3306 406; x_wconf 78' lang='lat' dir='ltr'><strong>au’iem’illos</strong></span> <span class='ocrx_word' id='word_1_14' title='bbox 3351 362 3453 419; x_wconf 82' lang='lat' dir='ltr'><strong>pro</strong></span> <span class='ocrx_word' id='word_1_15' title='bbox 3477 351 3727 421; x_wconf 75' lang='lat' dir='ltr'><strong>patribus</strong></span> <span class='ocrx_word' id='word_1_16' title='bbox 3789 341 3795 348; x_wconf 76' lang='grc'><em>’</em></span> 
     </span>
    </p>
   </div>
   <div class='ocr_carea' id='block_1_5' title="bbox 475 436 2047 512">
    <p class='ocr_par' dir='ltr' id='par_1_5' title="bbox 475 436 2047 512">
     <span class='ocr_line' id='line_1_5' title="bbox 475 436 2047 512; baseline 0.001 -19"><span class='ocrx_word' id='word_1_17' title='bbox 475 456 576 493; x_wconf 87' lang='grc' dir='ltr'>νοι.</span> <span class='ocrx_word' id='word_1_18' title='bbox 625 436 752 501; x_wconf 87' lang='grc' dir='ltr'><strong>Πῶς</strong></span> <span class='ocrx_word' id='word_1_19' title='bbox 787 437 833 490; x_wconf 79' lang='grc' dir='ltr'>δ’</span> <span class='ocrx_word' id='word_1_20' title='bbox 857 436 998 502; x_wconf 72' lang='grc' dir='ltr'>ἔξεις</span> <span class='ocrx_word' id='word_1_21' title='bbox 1034 436 1232 501; x_wconf 79' lang='grc' dir='ltr'>αὐτοὺς</span> <span class='ocrx_word' id='word_1_22' title='bbox 1254 437 1375 492; x_wconf 74' lang='grc' dir='ltr'>ἀντὶ</span> <span class='ocrx_word' id='word_1_23' title='bbox 1410 439 1658 511; x_wconf 84' lang='grc' dir='ltr'><strong>πατέρων</strong></span> <span class='ocrx_word' id='word_1_24' title='bbox 1684 440 2047 512; x_wconf 85' lang='grc' dir='ltr'>διερμηνεύει,</span> 
     </span>
    </p>
   </div>
   <div class='ocr_carea' id='block_1_6' title="bbox 2152 435 3786 525">
    <p class='ocr_par' dir='ltr' id='par_1_6' title="bbox 2152 435 3786 525">
     <span class='ocr_line' id='line_1_6' title="bbox 2152 435 3786 525; baseline 0.001 -32"><span class='ocrx_word' id='word_1_25' title='bbox 2152 439 2408 499; x_wconf 82' lang='lat' dir='ltr'><strong>habitura</strong></span> <span class='ocrx_word' id='word_1_26' title='bbox 2447 439 2548 506; x_wconf 85' lang='lat' dir='ltr'><strong>sis,</strong></span> <span class='ocrx_word' id='word_1_27' title='bbox 2583 437 2832 525; x_wconf 74' lang='lat' dir='ltr'><strong>apertius</strong></span> <span class='ocrx_word' id='word_1_28' title='bbox 2871 437 3109 510; x_wconf 79' lang='lat' dir='ltr'><strong>explicat</strong></span> <span class='ocrx_word' id='word_1_29' title='bbox 3151 437 3238 495; x_wconf 88' lang='lat' dir='ltr'><strong>bis</strong></span> <span class='ocrx_word' id='word_1_30' title='bbox 3268 438 3484 494; x_wconf 87' lang='lat' dir='ltr'><strong>verbis:</strong></span> <span class='ocrx_word' id='word_1_31' title='bbox 3513 435 3728 495; x_wconf 83' lang='lat' dir='ltr'><strong>Consti-</strong></span> <span class='ocrx_word' id='word_1_32' title='bbox 3783 469 3786 474; x_wconf 97' lang='lat'><strong><em>-</em></strong></span> 
     </span>
    </p>
   </div>
   <div class='ocr_carea' id='block_1_7' title="bbox 471 525 2031 602">
    <p class='ocr_par' dir='ltr' id='par_1_7' title="bbox 471 529 2031 602">
     <span class='ocr_line' id='line_1_7' title="bbox 471 529 2031 602; baseline 0.001 -18"><span class='ocrx_word' id='word_1_33' title='bbox 471 531 804 602; x_wconf 72' lang='grc' dir='ltr'>σαφέστερον</span> <span class='ocrx_word' id='word_1_34' title='bbox 828 529 1000 598; x_wconf 82' lang='grc' dir='ltr'>λέγων</span> <span class='ocrx_word' id='word_1_35' title='bbox 1023 546 1038 560; x_wconf 81' lang='grc'><strong>’</strong></span> <span class='ocrx_word' id='word_1_36' title='bbox 1071 529 1488 598; x_wconf 70' lang='grc' dir='ltr'>Καταστήσας</span> <span class='ocrx_word' id='word_1_37' title='bbox 1506 531 1728 598; x_wconf 86' lang='grc' dir='ltr'>αὐτοὺς</span> <span class='ocrx_word' id='word_1_38' title='bbox 1751 531 2031 602; x_wconf 66' lang='grc' dir='ltr'>ἄρχοντας</span> 
     </span>
    </p>
   </div>
   <div class='ocr_carea' id='block_1_8' title="bbox 2130 525 3728 602">
    <p class='ocr_par' dir='ltr' id='par_1_8' title="bbox 2152 525 3728 600">
     <span class='ocr_line' id='line_1_8' title="bbox 2152 525 3728 600; baseline 0.003 -19"><span class='ocrx_word' id='word_1_39' title='bbox 2152 536 2380 583; x_wconf 85' lang='lat' dir='ltr'><strong>tues&#39;eos</strong></span> <span class='ocrx_word' id='word_1_40' title='bbox 2409 527 2670 598; x_wconf 85' lang='lat' dir='ltr'><strong>principes</strong></span> <span class='ocrx_word' id='word_1_41' title='bbox 2719 542 2877 596; x_wconf 90' lang='lat' dir='ltr'><strong>super</strong></span> <span class='ocrx_word' id='word_1_42' title='bbox 2920 543 3124 583; x_wconf 86' lang='lat' dir='ltr'><strong>omnem</strong></span> <span class='ocrx_word' id='word_1_43' title='bbox 3171 535 3390 582; x_wconf 74' lang='lat' dir='ltr'><strong>terram.</strong></span> <span class='ocrx_word' id='word_1_44' title='bbox 3431 525 3531 585; x_wconf 83' lang='lat' dir='ltr'><strong>His</strong></span> <span class='ocrx_word' id='word_1_45' title='bbox 3560 544 3728 600; x_wconf 83' lang='lat' dir='ltr'><strong>porro</strong></span> 
     </span>
    </p>
   </div>
   <div class='ocr_carea' id='block_1_9' title="bbox 465 605 2048 695">
    <p class='ocr_par' dir='ltr' id='par_1_9' title="bbox 465 605 2048 695">
     <span class='ocr_line' id='line_1_9' title="bbox 465 605 2048 695; baseline 0.002 -21"><span class='ocrx_word' id='word_1_46' title='bbox 465 605 562 676; x_wconf 67' lang='grc' dir='ltr'>ἐῖτί</span> <span class='ocrx_word' id='word_1_47' title='bbox 600 621 809 676; x_wconf 76' lang='grc' dir='ltr'>πᾶσαν</span> <span class='ocrx_word' id='word_1_48' title='bbox 836 620 952 689; x_wconf 79' lang='grc' dir='ltr'>τὴν</span> <span class='ocrx_word' id='word_1_49' title='bbox 981 620 1117 692; x_wconf 74' lang='grc' dir='ltr'>γῆν.</span> <span class='ocrx_word' id='word_1_50' title='bbox 1141 622 1304 690; x_wconf 84' lang='grc' dir='ltr'><strong>Λέγει</strong></span> <span class='ocrx_word' id='word_1_51' title='bbox 1343 623 1400 676; x_wconf 83' lang='grc' dir='ltr'>δὲ</span> <span class='ocrx_word' id='word_1_52' title='bbox 1429 620 1597 676; x_wconf 78' lang='grc' dir='ltr'>ταῦτα</span> <span class='ocrx_word' id='word_1_53' title='bbox 1639 623 1774 694; x_wconf 79' lang='grc' dir='ltr'>πρὸς</span> <span class='ocrx_word' id='word_1_54' title='bbox 1819 624 1918 695; x_wconf 83' lang='grc' dir='ltr'>τὴν</span> <span class='ocrx_word' id='word_1_55' title='bbox 1956 625 2048 677; x_wconf 74' lang='grc' dir='ltr'><strong>ἐπὶ</strong></span> 
     </span>
    </p>
   </div>
   <div class='ocr_carea' id='block_1_10' title="bbox 465 710 2046 784">
    <p class='ocr_par' dir='ltr' id='par_1_10' title="bbox 465 710 2046 784">
     <span class='ocr_line' id='line_1_10' title="bbox 465 710 2046 784; baseline 0.001 -19"><span class='ocrx_word' id='word_1_56' title='bbox 465 711 570 782; x_wconf 81' lang='grc' dir='ltr'>γῆς</span> <span class='ocrx_word' id='word_1_57' title='bbox 584 710 908 782; x_wconf 83' lang='grc' dir='ltr'><strong>Ἐκκλησίαν</strong></span> <span class='ocrx_word' id='word_1_58' title='bbox 927 714 956 764; x_wconf 93' lang='lat'><strong>6</strong></span> <span class='ocrx_word' id='word_1_59' title='bbox 975 711 1151 780; x_wconf 85' lang='grc' dir='ltr'>λόγος,</span> <span class='ocrx_word' id='word_1_60' title='bbox 1170 712 1267 782; x_wconf 83' lang='grc' dir='ltr'>τὴν</span> <span class='ocrx_word' id='word_1_61' title='bbox 1285 711 1392 764; x_wconf 84' lang='grc' dir='ltr'>ἀπὸ</span> <span class='ocrx_word' id='word_1_62' title='bbox 1410 713 1660 783; x_wconf 88' lang='grc' dir='ltr'>περάτων</span> <span class='ocrx_word' id='word_1_63' title='bbox 1679 713 1782 776; x_wconf 72' lang='grc' dir='ltr'>ἕως</span> <span class='ocrx_word' id='word_1_64' title='bbox 1796 731 1862 766; x_wconf 91' lang='grc' dir='ltr'>πε</span> <span class='ocrx_word' id='word_1_65' title='bbox 1871 713 2046 784; x_wconf 68' lang='grc' dir='ltr'>ράίτων</span> 
     </span>
    </p>
   </div>
   <div class='ocr_carea' id='block_1_11' title="bbox 463 802 2046 875">
    <p class='ocr_par' dir='ltr' id='par_1_11' title="bbox 463 802 2046 875">
     <span class='ocr_line' id='line_1_11' title="bbox 463 802 2046 875; baseline 0 -19"><span class='ocrx_word' id='word_1_66' title='bbox 463 802 753 873; x_wconf 78' lang='grc' dir='ltr'><strong>διήκουσαν</strong></span> <span class='ocrx_word' id='word_1_67' title='bbox 773 819 786 832; x_wconf 83' lang='lat'><strong><em>°</em></strong></span> <span class='ocrx_word' id='word_1_68' title='bbox 821 803 907 872; x_wconf 78' lang='grc' dir='ltr'><strong>ἐφ’</strong></span> <span class='ocrx_word' id='word_1_69' title='bbox 937 804 1003 874; x_wconf 78' lang='grc' dir='ltr'>ἢν</span> <span class='ocrx_word' id='word_1_70' title='bbox 1031 802 1297 874; x_wconf 74' lang='grc' dir='ltr'>ἄρχοντας</span> <span class='ocrx_word' id='word_1_71' title='bbox 1331 803 1424 856; x_wconf 79' lang='grc' dir='ltr'>καὶ</span> <span class='ocrx_word' id='word_1_72' title='bbox 1457 805 1700 875; x_wconf 86' lang='grc' dir='ltr'><strong>πατέρας</strong></span> <span class='ocrx_word' id='word_1_73' title='bbox 1727 805 1852 867; x_wconf 83' lang='grc' dir='ltr'>τοὺς</span> <span class='ocrx_word' id='word_1_74' title='bbox 1885 804 2046 870; x_wconf 89' lang='grc' dir='ltr'>ἰδίους</span> 
     </span>
    </p>
   </div>
   <div class='ocr_carea' id='block_1_12' title="bbox 464 891 1824 965">
    <p class='ocr_par' dir='ltr' id='par_1_12' title="bbox 464 891 1824 965">
     <span class='ocr_line' id='line_1_12' title="bbox 464 891 1824 965; baseline 0.001 -19"><span class='ocrx_word' id='word_1_75' title='bbox 464 893 614 957; x_wconf 75' lang='grc' dir='ltr'>υἱοὺς</span> <span class='ocrx_word' id='word_1_76' title='bbox 643 893 782 964; x_wconf 80' lang='grc' dir='ltr'>αὐτὴ</span> <span class='ocrx_word' id='word_1_77' title='bbox 811 895 846 965; x_wconf 75' lang='grc' dir='ltr'><strong>ἡ</strong></span> <span class='ocrx_word' id='word_1_78' title='bbox 884 893 1178 964; x_wconf 80' lang='grc' dir='ltr'>Ἐκκλησία</span> <span class='ocrx_word' id='word_1_79' title='bbox 1201 891 1294 946; x_wconf 78' lang='grc' dir='ltr'><strong>τοῦ</strong></span> <span class='ocrx_word' id='word_1_80' title='bbox 1319 891 1454 946; x_wconf 80' lang='grc' dir='ltr'>Θεοῦ</span> <span class='ocrx_word' id='word_1_81' title='bbox 1484 893 1824 965; x_wconf 81' lang='grc' dir='ltr'>καθίστησιν.</span> 
     </span>
    </p>
   </div>
   <div class='ocr_carea' id='block_1_13' title="bbox 533 982 2042 1054">
    <p class='ocr_par' dir='ltr' id='par_1_13' title="bbox 533 982 2042 1054">
     <span class='ocr_line' id='line_1_13' title="bbox 533 982 2042 1054; baseline 0.001 -16"><span class='ocrx_word' id='word_1_82' title='bbox 533 985 638 1039; x_wconf 83' lang='grc' dir='ltr'><strong>Διὰ</strong></span> <span class='ocrx_word' id='word_1_83' title='bbox 660 983 838 1039; x_wconf 89' lang='grc' dir='ltr'>τοῦτο</span> <span class='ocrx_word' id='word_1_84' title='bbox 857 983 993 1038; x_wconf 72' lang='grc' dir='ltr'>,1αοί</span> <span class='ocrx_word' id='word_1_85' title='bbox 1028 983 1380 1052; x_wconf 84' lang='grc' dir='ltr'><strong>ὑμνήσουσι</strong></span> <span class='ocrx_word' id='word_1_86' title='bbox 1410 999 1484 1037; x_wconf 87' lang='grc' dir='ltr'><strong>σε</strong></span> <span class='ocrx_word' id='word_1_87' title='bbox 1517 985 1606 1051; x_wconf 78' lang='grc' dir='ltr'>εἰς</span> <span class='ocrx_word' id='word_1_88' title='bbox 1631 982 1818 1038; x_wconf 82' lang='grc' dir='ltr'>αἰῶνα</span> <span class='ocrx_word' id='word_1_89' title='bbox 1843 983 2042 1054; x_wconf 81' lang='grc' dir='ltr'>διηνε-</span> 
     </span>
    </p>
   </div>
   <div class='ocr_carea' id='block_1_14' title="bbox 463 1072 2039 1148">
    <p class='ocr_par' dir='ltr' id='par_1_14' title="bbox 463 1072 2039 1148">
     <span class='ocr_line' id='line_1_14' title="bbox 463 1072 2039 1148; baseline 0.001 -20"><span class='ocrx_word' id='word_1_90' title='bbox 463 1073 602 1141; x_wconf 75' lang='grc' dir='ltr'>κῶς.</span> <span class='ocrx_word' id='word_1_91' title='bbox 647 1074 714 1128; x_wconf 83' lang='grc' dir='ltr'><em>Ἦ</em></span> <span class='ocrx_word' id='word_1_92' title='bbox 747 1073 1104 1146; x_wconf 85' lang='grc' dir='ltr'>προλεχθεῖσά</span> <span class='ocrx_word' id='word_1_93' title='bbox 1135 1072 1384 1145; x_wconf 73' lang='grc' dir='ltr'>θυγάτηρ,</span> <span class='ocrx_word' id='word_1_94' title='bbox 1422 1073 1530 1127; x_wconf 85' lang='grc' dir='ltr'><strong>τῶν</strong></span> <span class='ocrx_word' id='word_1_95' title='bbox 1560 1073 1824 1145; x_wconf 87' lang='grc' dir='ltr'>βασιλέων</span> <span class='ocrx_word' id='word_1_96' title='bbox 1850 1114 1866 1139; x_wconf 92' lang='grc'><strong>,</strong></span> <span class='ocrx_word' id='word_1_97' title='bbox 1901 1075 2039 1148; x_wconf 78' lang='grc' dir='ltr'>αὕτη</span> 
     </span>
    </p>
   </div>
   <div class='ocr_carea' id='block_1_15' title="bbox 460 1161 2039 1237">
    <p class='ocr_par' dir='ltr' id='par_1_15' title="bbox 460 1161 2039 1237">
     <span class='ocr_line' id='line_1_15' title="bbox 460 1161 2039 1237; baseline 0.001 -19"><span class='ocrx_word' id='word_1_98' title='bbox 460 1165 517 1218; x_wconf 78' lang='grc' dir='ltr'>δὲ</span> <span class='ocrx_word' id='word_1_99' title='bbox 551 1161 620 1235; x_wconf 79' lang='grc' dir='ltr'>ἦν</span> <span class='ocrx_word' id='word_1_100' title='bbox 645 1166 680 1236; x_wconf 80' lang='grc' dir='ltr'>ὴ</span> <span class='ocrx_word' id='word_1_101' title='bbox 713 1166 806 1218; x_wconf 74' lang='grc' dir='ltr'><strong>ἐπὶ</strong></span> <span class='ocrx_word' id='word_1_102' title='bbox 838 1165 940 1235; x_wconf 82' lang='grc' dir='ltr'>γῆς</span> <span class='ocrx_word' id='word_1_103' title='bbox 972 1162 1287 1234; x_wconf 80' lang='grc' dir='ltr'>Ἐκκλησία,</span> <span class='ocrx_word' id='word_1_104' title='bbox 1325 1164 1722 1237; x_wconf 88' lang='grc' dir='ltr'>συναισθομένη</span> <span class='ocrx_word' id='word_1_105' title='bbox 1754 1166 1855 1236; x_wconf 83' lang='grc' dir='ltr'>τῆς</span> <span class='ocrx_word' id='word_1_106' title='bbox 1879 1165 2039 1220; x_wconf 85' lang='grc' dir='ltr'>δυνά-</span> 
     </span>
    </p>
   </div>
   <div class='ocr_carea' id='block_1_16' title="bbox 464 1252 2040 1326">
    <p class='ocr_par' dir='ltr' id='par_1_16' title="bbox 464 1252 2040 1326">
     <span class='ocr_line' id='line_1_16' title="bbox 464 1252 2040 1326; baseline 0.001 -19"><span class='ocrx_word' id='word_1_107' title='bbox 464 1271 610 1326; x_wconf 82' lang='grc' dir='ltr'>μεως</span> <span class='ocrx_word' id='word_1_108' title='bbox 641 1253 735 1308; x_wconf 77' lang='grc' dir='ltr'><strong>τοῦ</strong></span> <span class='ocrx_word' id='word_1_109' title='bbox 763 1252 1028 1326; x_wconf 78' lang='grc' dir='ltr'>πατρικοῦ</span> <span class='ocrx_word' id='word_1_110' title='bbox 1074 1253 1359 1324; x_wconf 83' lang='grc' dir='ltr'>ὀνόματος,</span> <span class='ocrx_word' id='word_1_111' title='bbox 1389 1255 1689 1326; x_wconf 76' lang='grc' dir='ltr'>ἐπειδήπερ</span> <span class='ocrx_word' id='word_1_112' title='bbox 1715 1255 2040 1324; x_wconf 85' lang='grc' dir='ltr'>ἐχαρίσατο</span> 
     </span>
    </p>
   </div>
   <div class='ocr_carea' id='block_1_17' title="bbox 459 1344 2038 1416">
    <p class='ocr_par' dir='ltr' id='par_1_17' title="bbox 459 1344 2038 1416">
     <span class='ocr_line' id='line_1_17' title="bbox 459 1344 2038 1416; baseline 0.002 -18"><span class='ocrx_word' id='word_1_113' title='bbox 459 1344 622 1411; x_wconf 81' lang='grc' dir='ltr'><strong>αὑτῷ</strong></span> <span class='ocrx_word' id='word_1_114' title='bbox 654 1344 842 1415; x_wconf 81' lang='grc' dir='ltr'>ὄνομα</span> <span class='ocrx_word' id='word_1_115' title='bbox 875 1346 942 1400; x_wconf 87' lang='grc' dir='ltr'>τὸ</span> <span class='ocrx_word' id='word_1_116' title='bbox 967 1345 1121 1413; x_wconf 81' lang='grc' dir='ltr'><strong>ὑπὲρ</strong></span> <span class='ocrx_word' id='word_1_117' title='bbox 1148 1344 1272 1402; x_wconf 78' lang='grc' dir='ltr'><strong>πᾶν</strong></span> <span class='ocrx_word' id='word_1_118' title='bbox 1303 1345 1496 1416; x_wconf 79' lang='grc' dir='ltr'>ὄνομα</span> <span class='ocrx_word' id='word_1_119' title='bbox 1517 1362 1530 1374; x_wconf 88' lang='grc'><strong>·</strong></span> <span class='ocrx_word' id='word_1_120' title='bbox 1568 1347 1669 1400; x_wconf 79' lang='grc' dir='ltr'>ἵνα</span> <span class='ocrx_word' id='word_1_121' title='bbox 1704 1347 1776 1400; x_wconf 79' lang='grc' dir='ltr'>ἐν</span> <span class='ocrx_word' id='word_1_122' title='bbox 1796 1345 1874 1412; x_wconf 84' lang='grc' dir='ltr'>τῷ</span> <span class='ocrx_word' id='word_1_123' title='bbox 1905 1349 2038 1401; x_wconf 85' lang='grc' dir='ltr'>ὀνό-</span> 
     </span>
    </p>
   </div>
   <div class='ocr_carea' id='block_1_18' title="bbox 453 1434 2038 1506">
    <p class='ocr_par' dir='ltr' id='par_1_18' title="bbox 453 1434 2038 1506">
     <span class='ocr_line' id='line_1_18' title="bbox 453 1434 2038 1506; baseline 0 -16"><span class='ocrx_word' id='word_1_124' title='bbox 453 1453 597 1506; x_wconf 85' lang='grc' dir='ltr'>ματι</span> <span class='ocrx_word' id='word_1_125' title='bbox 630 1435 826 1504; x_wconf 84' lang='grc' dir='ltr'><strong>Ἰησοῦ</strong></span> <span class='ocrx_word' id='word_1_126' title='bbox 846 1435 971 1491; x_wconf 81' lang='grc' dir='ltr'><strong>πᾶν</strong></span> <span class='ocrx_word' id='word_1_127' title='bbox 993 1437 1140 1506; x_wconf 77' lang='grc' dir='ltr'>γόνυ</span> <span class='ocrx_word' id='word_1_128' title='bbox 1167 1434 1376 1506; x_wconf 71' lang='grc' dir='ltr'>κάμψῃ</span> <span class='ocrx_word' id='word_1_129' title='bbox 1397 1436 1772 1504; x_wconf 76' lang='grc' dir='ltr'><strong>ἐπουρανίων</strong></span> <span class='ocrx_word' id='word_1_130' title='bbox 1801 1434 1898 1489; x_wconf 83' lang='grc' dir='ltr'><strong>καί</strong></span> <span class='ocrx_word' id='word_1_131' title='bbox 1921 1436 2038 1490; x_wconf 77' lang='grc' dir='ltr'><strong>ἐπι-</strong></span> 
     </span>
    </p>
   </div>
   <div class='ocr_carea' id='block_1_19' title="bbox 458 1525 2038 1598">
    <p class='ocr_par' dir='ltr' id='par_1_19' title="bbox 458 1525 2038 1598">
     <span class='ocr_line' id='line_1_19' title="bbox 458 1525 2038 1598; baseline -0.001 -16"><span class='ocrx_word' id='word_1_132' title='bbox 458 1529 634 1598; x_wconf 75' lang='grc' dir='ltr'>γείων</span> <span class='ocrx_word' id='word_1_133' title='bbox 658 1527 756 1582; x_wconf 73' lang='grc' dir='ltr'>καὶ</span> <span class='ocrx_word' id='word_1_134' title='bbox 787 1525 1216 1595; x_wconf 80' lang='grc' dir='ltr'><strong>καταχθονίων,</strong></span> <span class='ocrx_word' id='word_1_135' title='bbox 1245 1525 1384 1598; x_wconf 86' lang='grc' dir='ltr'><strong>μετά</strong></span> <span class='ocrx_word' id='word_1_136' title='bbox 1445 1526 1545 1589; x_wconf 87' lang='grc' dir='ltr'>τάς</span> <span class='ocrx_word' id='word_1_137' title='bbox 1575 1527 1711 1598; x_wconf 85' lang='grc' dir='ltr'>πρὸς</span> <span class='ocrx_word' id='word_1_138' title='bbox 1746 1526 1915 1598; x_wconf 77' lang='grc' dir='ltr'>αὐτὴν</span> <span class='ocrx_word' id='word_1_139' title='bbox 1947 1527 2038 1580; x_wconf 86' lang='grc' dir='ltr'>λε-</span> 
     </span>
    </p>
   </div>
   <div class='ocr_carea' id='block_1_20' title="bbox 455 1619 2036 1694">
    <p class='ocr_par' dir='ltr' id='par_1_20' title="bbox 455 1619 2036 1694">
     <span class='ocr_line' id='line_1_20' title="bbox 455 1619 2036 1694; baseline 0 -20"><span class='ocrx_word' id='word_1_140' title='bbox 455 1619 676 1694; x_wconf 78' lang='grc' dir='ltr'>χθείσας</span> <span class='ocrx_word' id='word_1_141' title='bbox 697 1619 1391 1690; x_wconf 84' lang='grc' dir='ltr'>ὲπαγγελίας,πιστεύσασα</span> <span class='ocrx_word' id='word_1_142' title='bbox 1415 1621 1642 1690; x_wconf 80' lang='grc' dir='ltr'>φωναῖς,</span> <span class='ocrx_word' id='word_1_143' title='bbox 1665 1621 1840 1693; x_wconf 80' lang='grc' dir='ltr'>χαρᾶς</span> <span class='ocrx_word' id='word_1_144' title='bbox 1858 1637 1916 1673; x_wconf 92' lang='grc' dir='ltr'><strong>τε</strong></span> <span class='ocrx_word' id='word_1_145' title='bbox 1942 1622 2036 1674; x_wconf 72' lang='grc' dir='ltr'>καὶ</span> 
     </span>
    </p>
   </div>
   <div class='ocr_carea' id='block_1_21' title="bbox 455 1713 1196 1785">
    <p class='ocr_par' dir='ltr' id='par_1_21' title="bbox 455 1713 1196 1785">
     <span class='ocr_line' id='line_1_21' title="bbox 455 1713 1196 1785; baseline 0.003 -19"><span class='ocrx_word' id='word_1_146' title='bbox 455 1713 796 1784; x_wconf 77' lang='grc' dir='ltr'>εὐφροσύνης</span> <span class='ocrx_word' id='word_1_147' title='bbox 827 1713 1196 1785; x_wconf 82' lang='grc' dir='ltr'><strong>πληρωθεῖσα.</strong></span> 
     </span>
    </p>
   </div>
   <div class='ocr_carea' id='block_1_22' title="bbox 454 1789 2034 1893">
    <p class='ocr_par' dir='ltr' id='par_1_22' title="bbox 454 1789 2034 1893">
     <span class='ocr_line' id='line_1_22' title="bbox 454 1789 2034 1893; baseline 0.003 -18"><span class='ocrx_word' id='word_1_148' title='bbox 454 1822 564 1876; x_wconf 76' lang='grc' dir='ltr'><strong>ΕΙΣ</strong></span> <span class='ocrx_word' id='word_1_149' title='bbox 593 1823 680 1878; x_wconf 87' lang='lat' dir='ltr'><strong>T0</strong></span> <span class='ocrx_word' id='word_1_150' title='bbox 715 1799 958 1881; x_wconf 73' lang='grc' dir='ltr'><strong>ΤΕΑΟΣ.</strong></span> <span class='ocrx_word' id='word_1_151' title='bbox 983 1825 1169 1878; x_wconf 75' lang='grc' dir='ltr'><strong>ΥΠΕΡ</strong></span> <span class='ocrx_word' id='word_1_152' title='bbox 1213 1825 1348 1879; x_wconf 80' lang='grc' dir='ltr'>ταΝ</span> <span class='ocrx_word' id='word_1_153' title='bbox 1385 1826 1548 1879; x_wconf 81' lang='lat' dir='ltr'><strong>rmN</strong></span> <span class='ocrx_word' id='word_1_154' title='bbox 1587 1789 1785 1893; x_wconf 58' lang='lat' dir='ltr'><strong>1;pr,</strong></span> <span class='ocrx_word' id='word_1_155' title='bbox 1853 1827 2034 1881; x_wconf 66' lang='lat' dir='ltr'><strong>mne</strong></span> 
     </span>
    </p>
   </div>
   <div class='ocr_carea' id='block_1_23' title="bbox 764 1895 1739 1961">
    <p class='ocr_par' dir='ltr' id='par_1_23' title="bbox 764 1895 1739 1961">
     <span class='ocr_line' id='line_1_23' title="bbox 764 1895 1739 1961; baseline -0.004 -13"><span class='ocrx_word' id='word_1_156' title='bbox 764 1895 900 1948; x_wconf 81' lang='grc' dir='ltr'><strong>ΤΩΝ</strong></span> <span class='ocrx_word' id='word_1_157' title='bbox 930 1895 1252 1961; x_wconf 78' lang='grc' dir='ltr'><strong>ΚΡΥΦΙΩΝ,</strong></span> <span class='ocrx_word' id='word_1_158' title='bbox 1282 1896 1574 1952; x_wconf 77' lang='grc' dir='ltr'><strong>ΨΛΛΜΟΣ</strong></span> <span class='ocrx_word' id='word_1_159' title='bbox 1598 1897 1739 1950; x_wconf 86' lang='lat' dir='ltr'><strong>ME&#39;.</strong></span> 
     </span>
    </p>
   </div>
   <div class='ocr_carea' id='block_1_24' title="bbox 535 2006 2078 2082">
    <p class='ocr_par' dir='ltr' id='par_1_24' title="bbox 535 2006 2078 2082">
     <span class='ocr_line' id='line_1_24' title="bbox 535 2006 2078 2082; baseline 0.004 -22"><span class='ocrx_word' id='word_1_160' title='bbox 535 2006 589 2060; x_wconf 87' lang='lat'><strong>&#39;0</strong></span> <span class='ocrx_word' id='word_1_161' title='bbox 609 2007 754 2074; x_wconf 84' lang='grc' dir='ltr'><strong>Θεὸς</strong></span> <span class='ocrx_word' id='word_1_162' title='bbox 783 2008 955 2078; x_wconf 71' lang='grc' dir='ltr'>ἡμῶν</span> <span class='ocrx_word' id='word_1_163' title='bbox 980 2009 1292 2080; x_wconf 73' lang='grc' dir='ltr'>καταφυγὴ</span> <span class='ocrx_word' id='word_1_164' title='bbox 1321 2010 1418 2066; x_wconf 83' lang='grc' dir='ltr'><strong>καί</strong></span> <span class='ocrx_word' id='word_1_165' title='bbox 1470 2009 1723 2081; x_wconf 85' lang='grc' dir='ltr'>δύναμις</span> <span class='ocrx_word' id='word_1_166' title='bbox 1745 2051 1759 2076; x_wconf 92' lang='grc'><strong>,</strong></span> <span class='ocrx_word' id='word_1_167' title='bbox 1800 2012 2032 2082; x_wconf 81' lang='grc' dir='ltr'>,βοηθὸς</span> <span class='ocrx_word' id='word_1_168' title='bbox 2076 2015 2078 2017; x_wconf 73' lang='grc'><em>’</em></span> 
     </span>
    </p>
   </div>
   <div class='ocr_carea' id='block_1_25' title="bbox 452 2099 2034 2172">
    <p class='ocr_par' dir='ltr' id='par_1_25' title="bbox 452 2099 2034 2172">
     <span class='ocr_line' id='line_1_25' title="bbox 452 2099 2034 2172; baseline 0.004 -19"><span class='ocrx_word' id='word_1_169' title='bbox 452 2100 522 2153; x_wconf 80' lang='grc' dir='ltr'><strong>έν</strong></span> <span class='ocrx_word' id='word_1_170' title='bbox 569 2101 814 2168; x_wconf 59' lang='lat' dir='ltr'><strong>eam-sm</strong></span> <span class='ocrx_word' id='word_1_171' title='bbox 853 2099 982 2167; x_wconf 84' lang='grc' dir='ltr'>ταῖς</span> <span class='ocrx_word' id='word_1_172' title='bbox 1029 2101 1354 2170; x_wconf 85' lang='grc' dir='ltr'>εὐρούσαις</span> <span class='ocrx_word' id='word_1_173' title='bbox 1407 2100 1566 2172; x_wconf 78' lang='grc' dir='ltr'>ἡμᾶς</span> <span class='ocrx_word' id='word_1_174' title='bbox 1617 2101 1872 2171; x_wconf 73' lang='grc' dir='ltr'>σφόδρα.</span> <span class='ocrx_word' id='word_1_175' title='bbox 1931 2104 2034 2159; x_wconf 84' lang='grc' dir='ltr'><strong>Διὰ</strong></span> 
     </span>
    </p>
   </div>
   <div class='ocr_carea' id='block_1_26' title="bbox 450 2191 2033 2262">
    <p class='ocr_par' dir='ltr' id='par_1_26' title="bbox 450 2191 2033 2262">
     <span class='ocr_line' id='line_1_26' title="bbox 450 2191 2033 2262; baseline 0.003 -18"><span class='ocrx_word' id='word_1_176' title='bbox 450 2191 627 2247; x_wconf 88' lang='grc' dir='ltr'>τοῦτο</span> <span class='ocrx_word' id='word_1_177' title='bbox 653 2194 726 2246; x_wconf 82' lang='grc' dir='ltr'>οὐ</span> <span class='ocrx_word' id='word_1_178' title='bbox 755 2193 1216 2262; x_wconf 72' lang='grc' dir='ltr'>φοϐηθησόμεθα</span> <span class='ocrx_word' id='word_1_179' title='bbox 1239 2193 1309 2246; x_wconf 83' lang='grc' dir='ltr'>ἐν</span> <span class='ocrx_word' id='word_1_180' title='bbox 1336 2192 1416 2259; x_wconf 87' lang='grc' dir='ltr'>τῷ</span> <span class='ocrx_word' id='word_1_181' title='bbox 1463 2193 1876 2262; x_wconf 81' lang='grc' dir='ltr'>ταράσσεσθαι</span> <span class='ocrx_word' id='word_1_182' title='bbox 1916 2192 2033 2262; x_wconf 78' lang='grc' dir='ltr'>τὴν</span> 
     </span>
    </p>
   </div>
   <div class='ocr_carea' id='block_1_27' title="bbox 452 2281 2028 2353">
    <p class='ocr_par' dir='ltr' id='par_1_27' title="bbox 452 2281 2028 2353">
     <span class='ocr_line' id='line_1_27' title="bbox 452 2281 2028 2353; baseline 0.001 -16"><span class='ocrx_word' id='word_1_183' title='bbox 452 2281 590 2352; x_wconf 78' lang='grc' dir='ltr'>γῆν,</span> <span class='ocrx_word' id='word_1_184' title='bbox 618 2282 715 2338; x_wconf 80' lang='grc' dir='ltr'>καὶ</span> <span class='ocrx_word' id='word_1_185' title='bbox 735 2283 1154 2353; x_wconf 81' lang='grc' dir='ltr'>μετατίθεσθαι</span> <span class='ocrx_word' id='word_1_186' title='bbox 1171 2281 1277 2352; x_wconf 82' lang='grc' dir='ltr'>ὄρη</span> <span class='ocrx_word' id='word_1_187' title='bbox 1295 2284 1365 2336; x_wconf 84' lang='grc' dir='ltr'>ἐν</span> <span class='ocrx_word' id='word_1_188' title='bbox 1382 2282 1653 2351; x_wconf 81' lang='grc' dir='ltr'>καρδίαις</span> <span class='ocrx_word' id='word_1_189' title='bbox 1677 2281 2028 2338; x_wconf 60' lang='grc' dir='ltr'>θωασσῶν.</span> 
     </span>
    </p>
   </div>
   <div class='ocr_carea' id='block_1_28' title="bbox 451 2372 2030 2446">
    <p class='ocr_par' dir='ltr' id='par_1_28' title="bbox 451 2372 2030 2446">
     <span class='ocr_line' id='line_1_28' title="bbox 451 2372 2030 2446; baseline 0 -18"><span class='ocrx_word' id='word_1_190' title='bbox 451 2375 880 2446; x_wconf 83' lang='grc' dir='ltr'>Εὑχαριστήριον</span> <span class='ocrx_word' id='word_1_191' title='bbox 905 2373 1085 2445; x_wconf 30' lang='grc' dir='ltr'>,ὕμνον</span> <span class='ocrx_word' id='word_1_192' title='bbox 1110 2374 1424 2446; x_wconf 82' lang='grc' dir='ltr'>ἀναπέμπει</span> <span class='ocrx_word' id='word_1_193' title='bbox 1459 2372 1537 2444; x_wconf 83' lang='grc' dir='ltr'>τῷ</span> <span class='ocrx_word' id='word_1_194' title='bbox 1573 2373 1822 2445; x_wconf 80' lang='grc' dir='ltr'><strong>μεγάλων</strong></span> <span class='ocrx_word' id='word_1_195' title='bbox 1868 2373 2030 2428; x_wconf 80' lang='grc' dir='ltr'>αὐτὸν</span> 
     </span>
    </p>
   </div>
   <div class='ocr_carea' id='block_1_29' title="bbox 451 2462 2028 2534">
    <p class='ocr_par' dir='ltr' id='par_1_29' title="bbox 451 2462 2028 2534">
     <span class='ocr_line' id='line_1_29' title="bbox 451 2462 2028 2534; baseline -0.003 -14"><span class='ocrx_word' id='word_1_196' title='bbox 451 2463 851 2530; x_wconf 82' lang='grc' dir='ltr'>καταξιώσαντι</span> <span class='ocrx_word' id='word_1_197' title='bbox 892 2465 921 2517; x_wconf 94' lang='lat'><strong>6</strong></span> <span class='ocrx_word' id='word_1_198' title='bbox 949 2463 1134 2532; x_wconf 86' lang='grc' dir='ltr'>λόγος·</span> <span class='ocrx_word' id='word_1_199' title='bbox 1159 2463 1241 2517; x_wconf 84' lang='grc' dir='ltr'>ὃτι</span> <span class='ocrx_word' id='word_1_200' title='bbox 1270 2462 1500 2534; x_wconf 82' lang='grc' dir='ltr'>φροῦδος</span> <span class='ocrx_word' id='word_1_201' title='bbox 1551 2463 1704 2518; x_wconf 68' lang='grc' dir='ltr'>ἔσται</span> <span class='ocrx_word' id='word_1_202' title='bbox 1731 2505 1745 2527; x_wconf 92' lang='grc'><strong>,</strong></span> <span class='ocrx_word' id='word_1_203' title='bbox 1778 2462 2028 2534; x_wconf 85' lang='grc' dir='ltr'>καθάπερ</span> 
     </span>
    </p>
   </div>
   <div class='ocr_carea' id='block_1_30' title="bbox 449 2552 2028 2626">
    <p class='ocr_par' dir='ltr' id='par_1_30' title="bbox 449 2552 2028 2626">
     <span class='ocr_line' id='line_1_30' title="bbox 449 2552 2028 2626; baseline -0.003 -17"><span class='ocrx_word' id='word_1_204' title='bbox 449 2555 557 2609; x_wconf 77' lang='grc' dir='ltr'>τινὶ</span> <span class='ocrx_word' id='word_1_205' title='bbox 580 2553 1048 2626; x_wconf 84' lang='grc' dir='ltr'>παραπεμφθεῖσα</span> <span class='ocrx_word' id='word_1_206' title='bbox 1083 2552 1250 2625; x_wconf 82' lang='grc' dir='ltr'>βυθῷ,</span> <span class='ocrx_word' id='word_1_207' title='bbox 1288 2555 1323 2625; x_wconf 76' lang='grc' dir='ltr'><strong>ἡ</strong></span> <span class='ocrx_word' id='word_1_208' title='bbox 1350 2554 1515 2609; x_wconf 86' lang='grc' dir='ltr'>πάλαι</span> <span class='ocrx_word' id='word_1_209' title='bbox 1545 2557 1869 2626; x_wconf 83' lang='grc' dir='ltr'>κρατήσασα</span> <span class='ocrx_word' id='word_1_210' title='bbox 1918 2553 2028 2606; x_wconf 84' lang='grc' dir='ltr'>τῶν</span> 
     </span>
    </p>
   </div>
   <div class='ocr_carea' id='block_1_31' title="bbox 447 2644 2024 2718">
    <p class='ocr_par' dir='ltr' id='par_1_31' title="bbox 447 2644 2024 2718">
     <span class='ocr_line' id='line_1_31' title="bbox 447 2644 2024 2718; baseline -0.003 -15"><span class='ocrx_word' id='word_1_211' title='bbox 447 2647 717 2718; x_wconf 81' lang='grc' dir='ltr'>δαιμόνων</span> <span class='ocrx_word' id='word_1_212' title='bbox 735 2646 980 2711; x_wconf 72' lang='grc' dir='ltr'>ἀσέϐεια,</span> <span class='ocrx_word' id='word_1_213' title='bbox 999 2647 1032 2716; x_wconf 86' lang='grc' dir='ltr'><strong>ἡ</strong></span> <span class='ocrx_word' id='word_1_214' title='bbox 1053 2645 1162 2700; x_wconf 85' lang='grc' dir='ltr'><strong>τῶν</strong></span> <span class='ocrx_word' id='word_1_215' title='bbox 1182 2644 1324 2717; x_wconf 84' lang='grc' dir='ltr'>ὀρῶν</span> <span class='ocrx_word' id='word_1_216' title='bbox 1349 2645 1426 2717; x_wconf 74' lang='grc'><strong>(1)</strong></span> <span class='ocrx_word' id='word_1_217' title='bbox 1449 2646 1761 2718; x_wconf 78' lang='grc' dir='ltr'>μιμουμένη</span> <span class='ocrx_word' id='word_1_218' title='bbox 1787 2645 1848 2699; x_wconf 85' lang='grc' dir='ltr'>τὸ</span> <span class='ocrx_word' id='word_1_219' title='bbox 1870 2644 2024 2716; x_wconf 75' lang='grc' dir='ltr'>ὕψος,</span> 
     </span>
    </p>
   </div>
   <div class='ocr_carea' id='block_1_32' title="bbox 447 2736 2022 2811">
    <p class='ocr_par' dir='ltr' id='par_1_32' title="bbox 447 2736 2022 2811">
     <span class='ocr_line' id='line_1_32' title="bbox 447 2736 2022 2811; baseline -0.002 -18"><span class='ocrx_word' id='word_1_220' title='bbox 447 2739 543 2794; x_wconf 80' lang='grc' dir='ltr'>καὶ</span> <span class='ocrx_word' id='word_1_221' title='bbox 568 2739 668 2809; x_wconf 80' lang='grc' dir='ltr'>τῆς</span> <span class='ocrx_word' id='word_1_222' title='bbox 687 2737 1008 2809; x_wconf 73' lang='grc' dir='ltr'>οἰκουμένης</span> <span class='ocrx_word' id='word_1_223' title='bbox 1037 2737 1132 2790; x_wconf 72' lang='grc' dir='ltr'><strong>ἐπὶ</strong></span> <span class='ocrx_word' id='word_1_224' title='bbox 1161 2737 1414 2792; x_wconf 84' lang='grc' dir='ltr'>πλεῖστον</span> <span class='ocrx_word' id='word_1_225' title='bbox 1433 2740 1698 2810; x_wconf 77' lang='grc' dir='ltr'>ἐσχηκυῖα</span> <span class='ocrx_word' id='word_1_226' title='bbox 1721 2736 1784 2791; x_wconf 82' lang='grc' dir='ltr'><strong>τὸ</strong></span> <span class='ocrx_word' id='word_1_227' title='bbox 1805 2737 2022 2811; x_wconf 83' lang='grc' dir='ltr'>κράτος.</span> 
     </span>
    </p>
   </div>
   <div class='ocr_carea' id='block_1_33' title="bbox 445 2826 2026 2900">
    <p class='ocr_par' dir='ltr' id='par_1_33' title="bbox 445 2826 2026 2900">
     <span class='ocr_line' id='line_1_33' title="bbox 445 2826 2026 2900; baseline -0.003 -16"><span class='ocrx_word' id='word_1_228' title='bbox 445 2826 580 2885; x_wconf 76' lang='grc' dir='ltr'>Εἶτα</span> <span class='ocrx_word' id='word_1_229' title='bbox 610 2828 757 2898; x_wconf 87' lang='grc' dir='ltr'>λέγει</span> <span class='ocrx_word' id='word_1_230' title='bbox 783 2829 812 2881; x_wconf 98' lang='lat'><strong>6</strong></span> <span class='ocrx_word' id='word_1_231' title='bbox 845 2829 1178 2900; x_wconf 77' lang='grc' dir='ltr'>προφητικδς</span> <span class='ocrx_word' id='word_1_232' title='bbox 1211 2827 1386 2896; x_wconf 86' lang='grc' dir='ltr'>λόγος,</span> <span class='ocrx_word' id='word_1_233' title='bbox 1421 2827 1499 2892; x_wconf 85' lang='grc' dir='ltr'><strong>ὡς</strong></span> <span class='ocrx_word' id='word_1_234' title='bbox 1537 2829 1607 2882; x_wconf 86' lang='grc' dir='ltr'><strong>τά</strong></span> <span class='ocrx_word' id='word_1_235' title='bbox 1650 2827 1819 2882; x_wconf 75' lang='grc' dir='ltr'>ὕδατα</span> <span class='ocrx_word' id='word_1_236' title='bbox 1858 2827 2026 2898; x_wconf 78' lang='grc' dir='ltr'>ζάλην</span> 
     </span>
    </p>
   </div>
   <div class='ocr_carea' id='block_1_34' title="bbox 445 2913 2025 2987">
    <p class='ocr_par' dir='ltr' id='par_1_34' title="bbox 445 2913 2025 2987">
     <span class='ocr_line' id='line_1_34' title="bbox 445 2913 2025 2987; baseline 0.001 -19"><span class='ocrx_word' id='word_1_237' title='bbox 445 2913 680 2980; x_wconf 65' lang='grc' dir='ltr'>ἐδέξατο,</span> <span class='ocrx_word' id='word_1_238' title='bbox 707 2913 800 2968; x_wconf 79' lang='grc' dir='ltr'>καὶ</span> <span class='ocrx_word' id='word_1_239' title='bbox 821 2914 892 2966; x_wconf 84' lang='grc' dir='ltr'><strong>τὰ</strong></span> <span class='ocrx_word' id='word_1_240' title='bbox 909 2914 1010 2986; x_wconf 78' lang='grc' dir='ltr'>ὅρη</span> <span class='ocrx_word' id='word_1_241' title='bbox 1038 2913 1224 2969; x_wconf 85' lang='grc' dir='ltr'>κλόνον</span> <span class='ocrx_word' id='word_1_242' title='bbox 1250 2915 1531 2987; x_wconf 80' lang='grc' dir='ltr'>ὑπέμεινε,</span> <span class='ocrx_word' id='word_1_243' title='bbox 1554 2915 1648 2969; x_wconf 83' lang='grc' dir='ltr'>τοῦ</span> <span class='ocrx_word' id='word_1_244' title='bbox 1670 2914 2025 2984; x_wconf 82' lang='grc' dir='ltr'>εὐαγγελικοῦ</span> 
     </span>
    </p>
   </div>
   <div class='ocr_carea' id='block_1_35' title="bbox 2149 617 3727 698">
    <p class='ocr_par' dir='ltr' id='par_1_35' title="bbox 2149 617 3727 698">
     <span class='ocr_line' id='line_1_35' title="bbox 2149 617 3727 698; baseline 0.001 -25"><span class='ocrx_word' id='word_1_245' title='bbox 2149 618 2476 688; x_wconf 87' lang='lat' dir='ltr'><strong>Ecclesiam,</strong></span> <span class='ocrx_word' id='word_1_246' title='bbox 2503 633 2629 698; x_wconf 71' lang='lat' dir='ltr'><strong>quae</strong></span> <span class='ocrx_word' id='word_1_247' title='bbox 2667 619 2724 674; x_wconf 91' lang='lat' dir='ltr'><strong>in</strong></span> <span class='ocrx_word' id='word_1_248' title='bbox 2760 626 2909 675; x_wconf 86' lang='lat' dir='ltr'><strong>terra</strong></span> <span class='ocrx_word' id='word_1_249' title='bbox 2933 625 3040 684; x_wconf 89' lang='lat' dir='ltr'><strong>est,</strong></span> <span class='ocrx_word' id='word_1_250' title='bbox 3073 617 3390 688; x_wconf 76' lang='lat' dir='ltr'><strong>alloquitur,</strong></span> <span class='ocrx_word' id='word_1_251' title='bbox 3436 633 3665 690; x_wconf 62' lang='lat' dir='ltr'><strong>quaeque</strong></span> <span class='ocrx_word' id='word_1_252' title='bbox 3695 636 3727 674; x_wconf 86' lang='lat' dir='ltr'><strong>a</strong></span> 
     </span>
    </p>
   </div>
   <div class='ocr_carea' id='block_1_36' title="bbox 2147 710 3722 786">
    <p class='ocr_par' dir='ltr' id='par_1_36' title="bbox 2147 710 3722 786">
     <span class='ocr_line' id='line_1_36' title="bbox 2147 710 3722 786; baseline 0 -22"><span class='ocrx_word' id='word_1_253' title='bbox 2147 711 2402 768; x_wconf 89' lang='lat' dir='ltr'><strong>terminis</strong></span> <span class='ocrx_word' id='word_1_254' title='bbox 2434 719 2600 767; x_wconf 79' lang='lat' dir='ltr'><strong>teme</strong></span> <span class='ocrx_word' id='word_1_255' title='bbox 2639 725 2816 782; x_wconf 85' lang='lat' dir='ltr'><strong>usque</strong></span> <span class='ocrx_word' id='word_1_256' title='bbox 2857 711 2927 766; x_wconf 92' lang='lat' dir='ltr'><strong>ad</strong></span> <span class='ocrx_word' id='word_1_257' title='bbox 2962 710 3229 767; x_wconf 73' lang='lat' dir='ltr'><strong>terminos</strong></span> <span class='ocrx_word' id='word_1_258' title='bbox 3267 711 3390 780; x_wconf 87' lang='lat' dir='ltr'><strong>ejus</strong></span> <span class='ocrx_word' id='word_1_259' title='bbox 3420 712 3679 786; x_wconf 75' lang='lat' dir='ltr'><strong>pertingit</strong></span> <span class='ocrx_word' id='word_1_260' title='bbox 3709 728 3722 764; x_wconf 91' lang='lat'><strong>:</strong></span> 
     </span>
    </p>
   </div>
   <div class='ocr_carea' id='block_1_37' title="bbox 2147 799 3724 872">
    <p class='ocr_par' dir='ltr' id='par_1_37' title="bbox 2147 799 3724 872">
     <span class='ocr_line' id='line_1_37' title="bbox 2147 799 3724 872; baseline 0.002 -18"><span class='ocrx_word' id='word_1_261' title='bbox 2147 801 2202 854; x_wconf 88' lang='lat' dir='ltr'><strong>in</strong></span> <span class='ocrx_word' id='word_1_262' title='bbox 2243 800 2407 870; x_wconf 86' lang='lat' dir='ltr'><strong>cujus</strong></span> <span class='ocrx_word' id='word_1_263' title='bbox 2451 800 2724 871; x_wconf 85' lang='lat' dir='ltr'><strong>principes</strong></span> <span class='ocrx_word' id='word_1_264' title='bbox 2767 808 2823 856; x_wconf 89' lang='lat' dir='ltr'><strong>et</strong></span> <span class='ocrx_word' id='word_1_265' title='bbox 2872 807 3078 872; x_wconf 91' lang='lat' dir='ltr'><strong>patres,</strong></span> <span class='ocrx_word' id='word_1_266' title='bbox 3122 801 3375 872; x_wconf 87' lang='lat' dir='ltr'><strong>proprios</strong></span> <span class='ocrx_word' id='word_1_267' title='bbox 3433 799 3573 858; x_wconf 84' lang='lat' dir='ltr'><strong>tilios</strong></span> <span class='ocrx_word' id='word_1_268' title='bbox 3605 804 3724 872; x_wconf 83' lang='lat' dir='ltr'><strong>ipsa</strong></span> 
     </span>
    </p>
   </div>
   <div class='ocr_carea' id='block_1_38' title="bbox 2145 887 2848 946">
    <p class='ocr_par' dir='ltr' id='par_1_38' title="bbox 2145 887 2848 946">
     <span class='ocr_line' id='line_1_38' title="bbox 2145 887 2848 946; baseline 0.003 -5"><span class='ocrx_word' id='word_1_269' title='bbox 2145 887 2239 945; x_wconf 91' lang='lat' dir='ltr'><strong>Dei</strong></span> <span class='ocrx_word' id='word_1_270' title='bbox 2270 888 2516 946; x_wconf 88' lang='lat' dir='ltr'><strong>Ecclesia</strong></span> <span class='ocrx_word' id='word_1_271' title='bbox 2541 889 2848 946; x_wconf 84' lang='lat' dir='ltr'><strong>constituit.</strong></span> 
     </span>
    </p>
   </div>
   <div class='ocr_carea' id='block_1_39' title="bbox 2214 973 3724 1050">
    <p class='ocr_par' dir='ltr' id='par_1_39' title="bbox 2214 973 3724 1050">
     <span class='ocr_line' id='line_1_39' title="bbox 2214 973 3724 1050; baseline 0.002 -17"><span class='ocrx_word' id='word_1_272' title='bbox 2214 978 2382 1036; x_wconf 73' lang='lat' dir='ltr'><strong>Vens.</strong></span> <span class='ocrx_word' id='word_1_273' title='bbox 2415 979 2502 1036; x_wconf 78' lang='grc'><strong>18.</strong></span> <span class='ocrx_word' id='word_1_274' title='bbox 2537 973 2829 1050; x_wconf 87' lang='lat' dir='ltr'><strong>Propterea</strong></span> <span class='ocrx_word' id='word_1_275' title='bbox 2876 980 3059 1050; x_wconf 85' lang='lat' dir='ltr'><strong>populi</strong></span> <span class='ocrx_word' id='word_1_276' title='bbox 3103 981 3490 1049; x_wconf 79' lang='lat' dir='ltr'><strong>conﬁtebuntur</strong></span> <span class='ocrx_word' id='word_1_277' title='bbox 3533 982 3629 1036; x_wconf 85' lang='lat' dir='ltr'><strong>tibs</strong></span> <span class='ocrx_word' id='word_1_278' title='bbox 3667 998 3724 1036; x_wconf 77' lang='lat' dir='ltr'><strong>In</strong></span> 
     </span>
    </p>
   </div>
   <div class='ocr_carea' id='block_1_40' title="bbox 2143 1068 3719 1142">
    <p class='ocr_par' dir='ltr' id='par_1_40' title="bbox 2143 1068 3719 1142">
     <span class='ocr_line' id='line_1_40' title="bbox 2143 1068 3719 1142; baseline 0 -16"><span class='ocrx_word' id='word_1_279' title='bbox 2143 1079 2396 1126; x_wconf 75' lang='lat' dir='ltr'><strong>a&#39;ternum</strong></span> <span class='ocrx_word' id='word_1_280' title='bbox 2428 1080 2695 1141; x_wconf 86' lang='lat' dir='ltr'><strong>perpetuo.</strong></span> <span class='ocrx_word' id='word_1_281' title='bbox 2731 1068 2872 1126; x_wconf 86' lang='lat' dir='ltr'><strong>Filia</strong></span> <span class='ocrx_word' id='word_1_282' title='bbox 2901 1085 3089 1142; x_wconf 77' lang='lat' dir='ltr'><strong>regum</strong></span> <span class='ocrx_word' id='word_1_283' title='bbox 3117 1071 3227 1142; x_wconf 85' lang='lat' dir='ltr'><strong>jam</strong></span> <span class='ocrx_word' id='word_1_284' title='bbox 3259 1079 3581 1136; x_wconf 87' lang='lat' dir='ltr'><strong>memorata,</strong></span> <span class='ocrx_word' id='word_1_285' title='bbox 3611 1072 3719 1126; x_wconf 90' lang='lat' dir='ltr'><strong>sci-</strong></span> 
     </span>
    </p>
   </div>
   <div class='ocr_carea' id='block_1_41' title="bbox 2142 1160 3720 1232">
    <p class='ocr_par' dir='ltr' id='par_1_41' title="bbox 2142 1160 3720 1232">
     <span class='ocr_line' id='line_1_41' title="bbox 2142 1160 3720 1232; baseline -0.001 -16"><span class='ocrx_word' id='word_1_286' title='bbox 2142 1161 2270 1218; x_wconf 91' lang='lat' dir='ltr'><strong>licet</strong></span> <span class='ocrx_word' id='word_1_287' title='bbox 2303 1161 2550 1218; x_wconf 87' lang='lat' dir='ltr'><strong>Ecclesia</strong></span> <span class='ocrx_word' id='word_1_288' title='bbox 2579 1161 2637 1217; x_wconf 92' lang='lat' dir='ltr'><strong>in</strong></span> <span class='ocrx_word' id='word_1_289' title='bbox 2661 1168 2810 1217; x_wconf 89' lang='lat' dir='ltr'><strong>terra</strong></span> <span class='ocrx_word' id='word_1_290' title='bbox 2831 1160 3062 1232; x_wconf 73' lang='lat' dir='ltr'><strong>degens,</strong></span> <span class='ocrx_word' id='word_1_291' title='bbox 3093 1160 3307 1230; x_wconf 86' lang='lat' dir='ltr'><strong>paterni</strong></span> <span class='ocrx_word' id='word_1_292' title='bbox 3337 1160 3576 1216; x_wconf 80' lang='lat' dir='ltr'><strong>nominis</strong></span> <span class='ocrx_word' id='word_1_293' title='bbox 3603 1160 3720 1216; x_wconf 89' lang='lat' dir='ltr'><strong>vir-</strong></span> 
     </span>
    </p>
   </div>
   <div class='ocr_carea' id='block_1_42' title="bbox 2142 1250 3720 1322">
    <p class='ocr_par' dir='ltr' id='par_1_42' title="bbox 2142 1250 3720 1322">
     <span class='ocr_line' id='line_1_42' title="bbox 2142 1250 3720 1322; baseline -0.001 -17"><span class='ocrx_word' id='word_1_294' title='bbox 2142 1259 2313 1308; x_wconf 91' lang='lat' dir='ltr'><strong>tutem</strong></span> <span class='ocrx_word' id='word_1_295' title='bbox 2363 1252 2830 1320; x_wconf 85' lang='lat' dir='ltr'><strong>animadvertens,</strong></span> <span class='ocrx_word' id='word_1_296' title='bbox 2887 1250 3150 1322; x_wconf 91' lang='lat' dir='ltr'><strong>quoniam</strong></span> <span class='ocrx_word' id='word_1_297' title='bbox 3203 1250 3347 1304; x_wconf 88' lang='lat' dir='ltr'><strong>dedit</strong></span> <span class='ocrx_word' id='word_1_298' title='bbox 3404 1252 3489 1304; x_wconf 87' lang='lat' dir='ltr'><strong>illi</strong></span> <span class='ocrx_word' id='word_1_299' title='bbox 3530 1267 3720 1305; x_wconf 81' lang='lat' dir='ltr'><strong>nomen</strong></span> 
     </span>
    </p>
   </div>
   <div class='ocr_carea' id='block_1_43' title="bbox 2137 1340 3719 1416">
    <p class='ocr_par' dir='ltr' id='par_1_43' title="bbox 2137 1340 3719 1416">
     <span class='ocr_line' id='line_1_43' title="bbox 2137 1340 3719 1416; baseline 0.001 -19"><span class='ocrx_word' id='word_1_300' title='bbox 2137 1344 2275 1416; x_wconf 86' lang='lat' dir='ltr'><strong>quod</strong></span> <span class='ocrx_word' id='word_1_301' title='bbox 2303 1351 2381 1398; x_wconf 83' lang='lat' dir='ltr'><strong>est</strong></span> <span class='ocrx_word' id='word_1_302' title='bbox 2403 1359 2560 1413; x_wconf 87' lang='lat' dir='ltr'><strong>super</strong></span> <span class='ocrx_word' id='word_1_303' title='bbox 2591 1360 2742 1398; x_wconf 88' lang='lat' dir='ltr'><strong>omne</strong></span> <span class='ocrx_word' id='word_1_304' title='bbox 2773 1359 2988 1408; x_wconf 81' lang='lat' dir='ltr'><strong>nomen;</strong></span> <span class='ocrx_word' id='word_1_305' title='bbox 3013 1354 3069 1396; x_wconf 87' lang='lat' dir='ltr'><strong>ut</strong></span> <span class='ocrx_word' id='word_1_306' title='bbox 3088 1343 3143 1396; x_wconf 91' lang='lat' dir='ltr'><strong>in</strong></span> <span class='ocrx_word' id='word_1_307' title='bbox 3171 1343 3379 1413; x_wconf 69' lang='lat' dir='ltr'><strong>nomine</strong></span> <span class='ocrx_word' id='word_1_308' title='bbox 3408 1340 3540 1399; x_wconf 77' lang='lat' dir='ltr'><strong>Iesu</strong></span> <span class='ocrx_word' id='word_1_309' title='bbox 3568 1358 3719 1398; x_wconf 87' lang='lat' dir='ltr'><strong>omne</strong></span> 
     </span>
    </p>
   </div>
   <div class='ocr_carea' id='block_1_44' title="bbox 2138 1433 3717 1506">
    <p class='ocr_par' dir='ltr' id='par_1_44' title="bbox 2138 1433 3717 1506">
     <span class='ocr_line' id='line_1_44' title="bbox 2138 1433 3717 1506; baseline -0.002 -15"><span class='ocrx_word' id='word_1_310' title='bbox 2138 1452 2270 1506; x_wconf 78' lang='lat' dir='ltr'><strong>genu</strong></span> <span class='ocrx_word' id='word_1_311' title='bbox 2283 1436 2529 1505; x_wconf 77' lang='lat' dir='ltr'><strong>ﬂectatur</strong></span> <span class='ocrx_word' id='word_1_312' title='bbox 2543 1435 2851 1500; x_wconf 69' lang='lat' dir='ltr'><strong>calestium,</strong></span> <span class='ocrx_word' id='word_1_313' title='bbox 2877 1434 3204 1489; x_wconf 77' lang='lat' dir='ltr'><strong>terrestrium</strong></span> <span class='ocrx_word' id='word_1_314' title='bbox 3231 1442 3280 1488; x_wconf 87' lang='lat' dir='ltr'><strong>et</strong></span> <span class='ocrx_word' id='word_1_315' title='bbox 3303 1433 3631 1502; x_wconf 79' lang='lat' dir='ltr'><strong>infernarum</strong></span> <span class='ocrx_word' id='word_1_316' title='bbox 3645 1434 3717 1500; x_wconf 60' lang='grc' dir='ltr'>θ’,</span> 
     </span>
    </p>
   </div>
   <div class='ocr_carea' id='block_1_45' title="bbox 2139 1521 3715 1596">
    <p class='ocr_par' dir='ltr' id='par_1_45' title="bbox 2139 1521 3715 1596">
     <span class='ocr_line' id='line_1_45' title="bbox 2139 1521 3715 1596; baseline -0.001 -15"><span class='ocrx_word' id='word_1_317' title='bbox 2139 1533 2262 1596; x_wconf 91' lang='lat' dir='ltr'><strong>post</strong></span> <span class='ocrx_word' id='word_1_318' title='bbox 2285 1525 2443 1580; x_wconf 90' lang='lat' dir='ltr'><strong>datas</strong></span> <span class='ocrx_word' id='word_1_319' title='bbox 2479 1524 2584 1580; x_wconf 87' lang='lat' dir='ltr'><strong>sibi</strong></span> <span class='ocrx_word' id='word_1_320' title='bbox 2613 1524 3030 1595; x_wconf 86' lang='lat' dir='ltr'><strong>promissiones,</strong></span> <span class='ocrx_word' id='word_1_321' title='bbox 3060 1522 3148 1579; x_wconf 90' lang='lat' dir='ltr'><strong>his</strong></span> <span class='ocrx_word' id='word_1_322' title='bbox 3171 1523 3396 1580; x_wconf 86' lang='lat' dir='ltr'><strong>vocibus</strong></span> <span class='ocrx_word' id='word_1_323' title='bbox 3424 1521 3586 1581; x_wconf 79' lang='lat' dir='ltr'><strong>ﬁdem</strong></span> <span class='ocrx_word' id='word_1_324' title='bbox 3614 1523 3715 1587; x_wconf 65' lang='lat' dir='ltr'><strong>ha~</strong></span> 
     </span>
    </p>
   </div>
   <div class='ocr_carea' id='block_1_46' title="bbox 2139 1611 3297 1688">
    <p class='ocr_par' dir='ltr' id='par_1_46' title="bbox 2139 1611 3297 1688">
     <span class='ocr_line' id='line_1_46' title="bbox 2139 1611 3297 1688; baseline 0 -16"><span class='ocrx_word' id='word_1_325' title='bbox 2139 1617 2293 1682; x_wconf 89' lang='lat' dir='ltr'><strong>bens,</strong></span> <span class='ocrx_word' id='word_1_326' title='bbox 2320 1615 2521 1688; x_wconf 77' lang='lat' dir='ltr'><strong>gaudio</strong></span> <span class='ocrx_word' id='word_1_327' title='bbox 2554 1622 2608 1672; x_wconf 87' lang='lat' dir='ltr'><strong>et</strong></span> <span class='ocrx_word' id='word_1_328' title='bbox 2638 1614 3006 1671; x_wconf 79' lang='lat' dir='ltr'><strong>exsultatione</strong></span> <span class='ocrx_word' id='word_1_329' title='bbox 3033 1611 3297 1685; x_wconf 74' lang='lat' dir='ltr'><strong>repletur.</strong></span> 
     </span>
    </p>
   </div>
   <div class='ocr_carea' id='block_1_47' title="bbox 2143 1808 3712 1890">
    <p class='ocr_par' dir='ltr' id='par_1_47' title="bbox 2143 1808 3712 1890">
     <span class='ocr_line' id='line_1_47' title="bbox 2143 1808 3712 1890; baseline 0.01 -26"><span class='ocrx_word' id='word_1_330' title='bbox 2143 1808 2195 1868; x_wconf 76' lang='lat' dir='ltr'><strong>i.</strong></span> <span class='ocrx_word' id='word_1_331' title='bbox 2226 1809 2292 1867; x_wconf 86' lang='lat' dir='ltr'><strong>IN</strong></span> <span class='ocrx_word' id='word_1_332' title='bbox 2321 1808 2532 1872; x_wconf 80' lang='lat' dir='ltr'><strong>FINEM</strong></span> <span class='ocrx_word' id='word_1_333' title='bbox 2569 1817 2708 1876; x_wconf 84' lang='lat' dir='ltr'><strong>PRO</strong></span> <span class='ocrx_word' id='word_1_334' title='bbox 2740 1819 2942 1877; x_wconf 82' lang='lat' dir='ltr'><strong>FlLllS</strong></span> <span class='ocrx_word' id='word_1_335' title='bbox 2971 1821 3176 1888; x_wconf 81' lang='lat' dir='ltr'><strong>CORE,</strong></span> <span class='ocrx_word' id='word_1_336' title='bbox 3215 1816 3354 1879; x_wconf 83' lang='lat' dir='ltr'><strong>PRO</strong></span> <span class='ocrx_word' id='word_1_337' title='bbox 3389 1819 3712 1890; x_wconf 77' lang='lat' dir='ltr'><strong>ARCANIS,</strong></span> 
     </span>
    </p>
   </div>
   <div class='ocr_carea' id='block_1_48' title="bbox 2661 1890 3187 1948">
    <p class='ocr_par' dir='ltr' id='par_1_48' title="bbox 2661 1890 3187 1948">
     <span class='ocr_line' id='line_1_48' title="bbox 2661 1890 3187 1948; baseline -0.01 -1"><span class='ocrx_word' id='word_1_338' title='bbox 2661 1890 2984 1948; x_wconf 81' lang='lat' dir='ltr'><strong>PSALMUS</strong></span> <span class='ocrx_word' id='word_1_339' title='bbox 3020 1891 3160 1947; x_wconf 83' lang='lat' dir='ltr'><strong>XLV</strong></span> <span class='ocrx_word' id='word_1_340' title='bbox 3173 1929 3187 1943; x_wconf 94' lang='lat'><strong>.</strong></span> 
     </span>
    </p>
   </div>
   <div class='ocr_carea' id='block_1_49' title="bbox 2209 2004 3716 2077">
    <p class='ocr_par' dir='ltr' id='par_1_49' title="bbox 2209 2004 3716 2077">
     <span class='ocr_line' id='line_1_49' title="bbox 2209 2004 3716 2077; baseline 0 -18"><span class='ocrx_word' id='word_1_341' title='bbox 2209 2006 2370 2063; x_wconf 73' lang='lat' dir='ltr'><strong>Vens.</strong></span> <span class='ocrx_word' id='word_1_342' title='bbox 2389 2005 2674 2072; x_wconf 71' lang='lat' dir='ltr'><strong>2,3.Deus</strong></span> <span class='ocrx_word' id='word_1_343' title='bbox 2707 2013 2885 2062; x_wconf 84' lang='lat' dir='ltr'><strong>noster</strong></span> <span class='ocrx_word' id='word_1_344' title='bbox 2911 2005 3174 2077; x_wconf 80' lang='lat' dir='ltr'><strong>refugium</strong></span> <span class='ocrx_word' id='word_1_345' title='bbox 3209 2013 3257 2060; x_wconf 87' lang='lat' dir='ltr'><strong>et</strong></span> <span class='ocrx_word' id='word_1_346' title='bbox 3287 2007 3475 2072; x_wconf 81' lang='lat' dir='ltr'><strong>virtus,</strong></span> <span class='ocrx_word' id='word_1_347' title='bbox 3499 2004 3716 2076; x_wconf 77' lang='lat' dir='ltr'><strong>adjutor</strong></span> 
     </span>
    </p>
   </div>
   <div class='ocr_carea' id='block_1_50' title="bbox 2133 2097 3716 2170">
    <p class='ocr_par' dir='ltr' id='par_1_50' title="bbox 2133 2097 3716 2170">
     <span class='ocr_line' id='line_1_50' title="bbox 2133 2097 3716 2170; baseline -0.001 -19"><span class='ocrx_word' id='word_1_348' title='bbox 2133 2097 2186 2151; x_wconf 88' lang='lat' dir='ltr'><strong>in</strong></span> <span class='ocrx_word' id='word_1_349' title='bbox 2221 2097 2651 2153; x_wconf 80' lang='lat' dir='ltr'><strong>tribulationibus</strong></span> <span class='ocrx_word' id='word_1_350' title='bbox 2673 2114 2789 2170; x_wconf 82' lang='lat' dir='ltr'><strong>qute</strong></span> <span class='ocrx_word' id='word_1_351' title='bbox 2807 2099 3110 2152; x_wconf 80' lang='lat' dir='ltr'><strong>inuenerunt</strong></span> <span class='ocrx_word' id='word_1_352' title='bbox 3135 2114 3229 2153; x_wconf 87' lang='lat' dir='ltr'><strong>nos</strong></span> <span class='ocrx_word' id='word_1_353' title='bbox 3259 2098 3436 2152; x_wconf 88' lang='lat' dir='ltr'><strong>nimis.</strong></span> <span class='ocrx_word' id='word_1_354' title='bbox 3462 2097 3716 2166; x_wconf 86' lang='lat' dir='ltr'><strong>Propter-</strong></span> 
     </span>
    </p>
   </div>
   <div class='ocr_carea' id='block_1_51' title="bbox 2131 2188 3714 2258">
    <p class='ocr_par' dir='ltr' id='par_1_51' title="bbox 2131 2188 3714 2258">
     <span class='ocr_line' id='line_1_51' title="bbox 2131 2188 3714 2258; baseline 0 -15"><span class='ocrx_word' id='word_1_355' title='bbox 2131 2205 2194 2243; x_wconf 88' lang='lat' dir='ltr'><strong>ea</strong></span> <span class='ocrx_word' id='word_1_356' title='bbox 2232 2206 2336 2244; x_wconf 80' lang='lat' dir='ltr'><strong>non</strong></span> <span class='ocrx_word' id='word_1_357' title='bbox 2375 2189 2674 2244; x_wconf 78' lang='lat' dir='ltr'><strong>timebimus</strong></span> <span class='ocrx_word' id='word_1_358' title='bbox 2706 2189 2833 2244; x_wconf 83' lang='lat' dir='ltr'><strong>dum</strong></span> <span class='ocrx_word' id='word_1_359' title='bbox 2862 2189 3166 2244; x_wconf 84' lang='lat' dir='ltr'><strong>turbabitur</strong></span> <span class='ocrx_word' id='word_1_360' title='bbox 3200 2198 3362 2254; x_wconf 86' lang='lat' dir='ltr'><strong>terra,</strong></span> <span class='ocrx_word' id='word_1_361' title='bbox 3385 2198 3435 2244; x_wconf 91' lang='lat' dir='ltr'><strong>et</strong></span> <span class='ocrx_word' id='word_1_362' title='bbox 3479 2188 3714 2258; x_wconf 76' lang='lat' dir='ltr'><strong>transfe-</strong></span> 
     </span>
    </p>
   </div>
   <div class='ocr_carea' id='block_1_52' title="bbox 2132 2277 3714 2351">
    <p class='ocr_par' dir='ltr' id='par_1_52' title="bbox 2132 2277 3714 2351">
     <span class='ocr_line' id='line_1_52' title="bbox 2132 2277 3714 2351; baseline 0 -17"><span class='ocrx_word' id='word_1_363' title='bbox 2132 2289 2315 2335; x_wconf 87' lang='lat' dir='ltr'><strong>rentur</strong></span> <span class='ocrx_word' id='word_1_364' title='bbox 2346 2288 2545 2334; x_wconf 88' lang='lat' dir='ltr'><strong>montes</strong></span> <span class='ocrx_word' id='word_1_365' title='bbox 2579 2281 2634 2334; x_wconf 89' lang='lat' dir='ltr'><strong>in</strong></span> <span class='ocrx_word' id='word_1_366' title='bbox 2667 2297 2758 2334; x_wconf 87' lang='lat' dir='ltr'><strong>cor</strong></span> <span class='ocrx_word' id='word_1_367' title='bbox 2797 2280 3048 2337; x_wconf 87' lang='lat' dir='ltr'><strong>marium.</strong></span> <span class='ocrx_word' id='word_1_368' title='bbox 3095 2277 3367 2351; x_wconf 82' lang='lat' dir='ltr'><strong>Hymnum</strong></span> <span class='ocrx_word' id='word_1_369' title='bbox 3412 2279 3714 2348; x_wconf 69' lang='lat' dir='ltr'><strong>gratiarum</strong></span> 
     </span>
    </p>
   </div>
   <div class='ocr_carea' id='block_1_53' title="bbox 2131 2369 3714 2444">
    <p class='ocr_par' dir='ltr' id='par_1_53' title="bbox 2131 2369 3714 2444">
     <span class='ocr_line' id='line_1_53' title="bbox 2131 2369 3714 2444; baseline -0.001 -18"><span class='ocrx_word' id='word_1_370' title='bbox 2131 2371 2364 2428; x_wconf 86' lang='lat' dir='ltr'><strong>actionis</strong></span> <span class='ocrx_word' id='word_1_371' title='bbox 2404 2371 2603 2427; x_wconf 83' lang='lat' dir='ltr'><strong>emittit</strong></span> <span class='ocrx_word' id='word_1_372' title='bbox 2635 2371 2684 2427; x_wconf 92' lang='lat' dir='ltr'><strong>ei</strong></span> <span class='ocrx_word' id='word_1_373' title='bbox 2717 2372 2813 2442; x_wconf 88' lang='lat' dir='ltr'><strong>qui</strong></span> <span class='ocrx_word' id='word_1_374' title='bbox 2844 2372 3060 2444; x_wconf 77' lang='lat' dir='ltr'><strong>magnis</strong></span> <span class='ocrx_word' id='word_1_375' title='bbox 3100 2371 3280 2442; x_wconf 89' lang='lat' dir='ltr'><strong>ipsum</strong></span> <span class='ocrx_word' id='word_1_376' title='bbox 3310 2369 3589 2427; x_wconf 76' lang='lat' dir='ltr'><strong>beneﬁciis</strong></span> <span class='ocrx_word' id='word_1_377' title='bbox 3617 2384 3714 2425; x_wconf 89' lang='lat' dir='ltr'><strong>or-</strong></span> 
     </span>
    </p>
   </div>
   <div class='ocr_carea' id='block_1_54' title="bbox 2131 2460 3713 2533">
    <p class='ocr_par' dir='ltr' id='par_1_54' title="bbox 2131 2460 3713 2533">
     <span class='ocr_line' id='line_1_54' title="bbox 2131 2460 3713 2533; baseline -0.001 -17"><span class='ocrx_word' id='word_1_378' title='bbox 2131 2468 2375 2529; x_wconf 86' lang='lat' dir='ltr'><strong>naverat,</strong></span> <span class='ocrx_word' id='word_1_379' title='bbox 2397 2463 2522 2533; x_wconf 88' lang='lat' dir='ltr'><strong>quia</strong></span> <span class='ocrx_word' id='word_1_380' title='bbox 2545 2477 2665 2532; x_wconf 68' lang='lat' dir='ltr'><strong>quae</strong></span> <span class='ocrx_word' id='word_1_381' title='bbox 2685 2462 2814 2517; x_wconf 91' lang='lat' dir='ltr'><strong>olim</strong></span> <span class='ocrx_word' id='word_1_382' title='bbox 2845 2476 3032 2517; x_wconf 87' lang='lat' dir='ltr'><strong>rerum</strong></span> <span class='ocrx_word' id='word_1_383' title='bbox 3065 2460 3234 2532; x_wconf 86' lang='lat' dir='ltr'><strong>potita</strong></span> <span class='ocrx_word' id='word_1_384' title='bbox 3257 2467 3376 2516; x_wconf 90' lang='lat' dir='ltr'><strong>erat</strong></span> <span class='ocrx_word' id='word_1_385' title='bbox 3404 2460 3713 2516; x_wconf 71' lang='lat' dir='ltr'><strong>daemonum</strong></span> 
     </span>
    </p>
   </div>
   <div class='ocr_carea' id='block_1_55' title="bbox 2129 2551 3714 2624">
    <p class='ocr_par' dir='ltr' id='par_1_55' title="bbox 2129 2551 3714 2624">
     <span class='ocr_line' id='line_1_55' title="bbox 2129 2551 3714 2624; baseline 0.001 -16"><span class='ocrx_word' id='word_1_386' title='bbox 2129 2553 2402 2624; x_wconf 86' lang='lat' dir='ltr'><strong>impietas,</strong></span> <span class='ocrx_word' id='word_1_387' title='bbox 2432 2562 2488 2610; x_wconf 90' lang='lat' dir='ltr'><strong>et</strong></span> <span class='ocrx_word' id='word_1_388' title='bbox 2533 2554 2804 2610; x_wconf 89' lang='lat' dir='ltr'><strong>montium</strong></span> <span class='ocrx_word' id='word_1_389' title='bbox 2833 2553 3183 2610; x_wconf 87' lang='lat' dir='ltr'><strong>altitudinem</strong></span> <span class='ocrx_word' id='word_1_390' title='bbox 3211 2552 3487 2618; x_wconf 58' lang='lat' dir='ltr'><strong>simulata,</strong></span> <span class='ocrx_word' id='word_1_391' title='bbox 3519 2551 3614 2607; x_wconf 92' lang='lat' dir='ltr'><strong>diu</strong></span> <span class='ocrx_word' id='word_1_392' title='bbox 3655 2553 3714 2609; x_wconf 88' lang='lat' dir='ltr'><strong>in</strong></span> 
     </span>
    </p>
   </div>
   <div class='ocr_carea' id='block_1_56' title="bbox 2131 2643 3716 2714">
    <p class='ocr_par' dir='ltr' id='par_1_56' title="bbox 2131 2643 3716 2714">
     <span class='ocr_line' id='line_1_56' title="bbox 2131 2643 3716 2714; baseline 0 -16"><span class='ocrx_word' id='word_1_393' title='bbox 2131 2645 2321 2700; x_wconf 89' lang='lat' dir='ltr'><strong>orbem</strong></span> <span class='ocrx_word' id='word_1_394' title='bbox 2351 2644 2683 2700; x_wconf 86' lang='lat' dir='ltr'><strong>ordinatum</strong></span> <span class='ocrx_word' id='word_1_395' title='bbox 2721 2645 3073 2712; x_wconf 84' lang='lat' dir='ltr'><strong>obtinuerat;</strong></span> <span class='ocrx_word' id='word_1_396' title='bbox 3099 2645 3213 2714; x_wconf 88' lang='lat' dir='ltr'><strong>jam</strong></span> <span class='ocrx_word' id='word_1_397' title='bbox 3247 2643 3406 2714; x_wconf 88' lang='lat' dir='ltr'><strong>quasi</strong></span> <span class='ocrx_word' id='word_1_398' title='bbox 3442 2643 3497 2698; x_wconf 92' lang='lat' dir='ltr'><strong>in</strong></span> <span class='ocrx_word' id='word_1_399' title='bbox 3527 2643 3716 2714; x_wconf 71' lang='lat' dir='ltr'><strong>gurgi-</strong></span> 
     </span>
    </p>
   </div>
   <div class='ocr_carea' id='block_1_57' title="bbox 2127 2729 3710 2806">
    <p class='ocr_par' dir='ltr' id='par_1_57' title="bbox 2127 2729 3710 2806">
     <span class='ocr_line' id='line_1_57' title="bbox 2127 2729 3710 2806; baseline 0 -18"><span class='ocrx_word' id='word_1_400' title='bbox 2127 2741 2235 2789; x_wconf 90' lang='lat' dir='ltr'><strong>tem</strong></span> <span class='ocrx_word' id='word_1_401' title='bbox 2303 2732 2596 2806; x_wconf 87' lang='lat' dir='ltr'><strong>quemdam</strong></span> <span class='ocrx_word' id='word_1_402' title='bbox 2659 2732 2925 2804; x_wconf 78' lang='lat' dir='ltr'><strong>projects,</strong></span> <span class='ocrx_word' id='word_1_403' title='bbox 2958 2732 3026 2788; x_wconf 92' lang='lat' dir='ltr'><strong>de</strong></span> <span class='ocrx_word' id='word_1_404' title='bbox 3081 2733 3262 2788; x_wconf 90' lang='lat' dir='ltr'><strong>medio</strong></span> <span class='ocrx_word' id='word_1_405' title='bbox 3322 2731 3539 2788; x_wconf 85' lang='lat' dir='ltr'><strong>sublata</strong></span> <span class='ocrx_word' id='word_1_406' title='bbox 3580 2729 3710 2788; x_wconf 88' lang='lat' dir='ltr'><strong>erit.</strong></span> 
     </span>
    </p>
   </div>
   <div class='ocr_carea' id='block_1_58' title="bbox 2127 2821 3715 2895">
    <p class='ocr_par' dir='ltr' id='par_1_58' title="bbox 2127 2821 3715 2895">
     <span class='ocr_line' id='line_1_58' title="bbox 2127 2821 3715 2895; baseline 0 -17"><span class='ocrx_word' id='word_1_407' title='bbox 2127 2824 2336 2881; x_wconf 89' lang='lat' dir='ltr'><strong>Deinde</strong></span> <span class='ocrx_word' id='word_1_408' title='bbox 2368 2831 2556 2880; x_wconf 87' lang='lat' dir='ltr'><strong>narrat</strong></span> <span class='ocrx_word' id='word_1_409' title='bbox 2586 2824 2938 2895; x_wconf 85' lang='lat' dir='ltr'><strong>propheticus</strong></span> <span class='ocrx_word' id='word_1_410' title='bbox 2983 2837 3187 2890; x_wconf 89' lang='lat' dir='ltr'><strong>sermo,</strong></span> <span class='ocrx_word' id='word_1_411' title='bbox 3218 2837 3330 2892; x_wconf 86' lang='lat' dir='ltr'><strong>quo</strong></span> <span class='ocrx_word' id='word_1_412' title='bbox 3360 2831 3520 2894; x_wconf 91' lang='lat' dir='ltr'><strong>pacto</strong></span> <span class='ocrx_word' id='word_1_413' title='bbox 3558 2821 3715 2893; x_wconf 68' lang='lat' dir='ltr'><strong>aqua</strong></span> 
     </span>
    </p>
   </div>
   <div class='ocr_carea' id='block_1_59' title="bbox 2127 2913 3713 2988">
    <p class='ocr_par' dir='ltr' id='par_1_59' title="bbox 2127 2913 3713 2988">
     <span class='ocr_line' id='line_1_59' title="bbox 2127 2913 3713 2988; baseline -0.004 -14"><span class='ocrx_word' id='word_1_414' title='bbox 2127 2926 2450 2988; x_wconf 86' lang='lat' dir='ltr'><strong>tempestate</strong></span> <span class='ocrx_word' id='word_1_415' title='bbox 2497 2918 2744 2988; x_wconf 71' lang='lat' dir='ltr'><strong>agitatae,</strong></span> <span class='ocrx_word' id='word_1_416' title='bbox 2796 2923 3014 2971; x_wconf 87' lang='lat' dir='ltr'><strong>montes</strong></span> <span class='ocrx_word' id='word_1_417' title='bbox 3073 2914 3500 2970; x_wconf 89' lang='lat' dir='ltr'><strong>commotionem</strong></span> <span class='ocrx_word' id='word_1_418' title='bbox 3559 2913 3713 2985; x_wconf 86' lang='lat' dir='ltr'><strong>passi</strong></span> 
     </span>
    </p>
   </div>
   <div class='ocr_carea' id='block_1_60' title="bbox 443 3004 2031 3082">
    <p class='ocr_par' dir='ltr' id='par_1_60' title="bbox 443 3004 2026 3081">
     <span class='ocr_line' id='line_1_60' title="bbox 443 3004 2026 3081; baseline 0.003 -23"><span class='ocrx_word' id='word_1_419' title='bbox 443 3004 976 3078; x_wconf 84' lang='grc' dir='ltr'>διαπορθμευομένου</span> <span class='ocrx_word' id='word_1_420' title='bbox 1028 3005 1399 3077; x_wconf 83' lang='grc' dir='ltr'>κηρύγματος.</span> <span class='ocrx_word' id='word_1_421' title='bbox 1459 3007 1722 3062; x_wconf 79' lang='grc' dir='ltr'>Ἐνταῦθα</span> <span class='ocrx_word' id='word_1_422' title='bbox 1741 3007 1798 3060; x_wconf 87' lang='grc' dir='ltr'>δὲ</span> <span class='ocrx_word' id='word_1_423' title='bbox 1836 3008 1936 3081; x_wconf 79' lang='grc' dir='ltr'>ὅρη</span> <span class='ocrx_word' id='word_1_424' title='bbox 1966 3008 2026 3063; x_wconf 81' lang='grc' dir='ltr'><strong>τὸ</strong></span> 
     </span>
    </p>
   </div>
   <div class='ocr_carea' id='block_1_61' title="bbox 2130 3004 3713 3082">
    <p class='ocr_par' dir='ltr' id='par_1_61' title="bbox 2130 3006 3713 3078">
     <span class='ocr_line' id='line_1_61' title="bbox 2130 3006 3713 3078; baseline -0.002 -13"><span class='ocrx_word' id='word_1_425' title='bbox 2130 3011 2260 3076; x_wconf 89' lang='lat' dir='ltr'><strong>sint,</strong></span> <span class='ocrx_word' id='word_1_426' title='bbox 2299 3009 2429 3064; x_wconf 92' lang='lat' dir='ltr'><strong>dum</strong></span> <span class='ocrx_word' id='word_1_427' title='bbox 2460 3009 2667 3064; x_wconf 87' lang='lat' dir='ltr'><strong>interea</strong></span> <span class='ocrx_word' id='word_1_428' title='bbox 2702 3007 3017 3078; x_wconf 74' lang='lat' dir='ltr'><strong>evangelica</strong></span> <span class='ocrx_word' id='word_1_429' title='bbox 3045 3006 3364 3078; x_wconf 66' lang='lat' dir='ltr'><strong>praedicatio</strong></span> <span class='ocrx_word' id='word_1_430' title='bbox 3390 3006 3554 3062; x_wconf 86' lang='lat' dir='ltr'><strong>latius</strong></span> <span class='ocrx_word' id='word_1_431' title='bbox 3586 3020 3713 3077; x_wconf 85' lang='lat' dir='ltr'><strong>per-</strong></span> 
     </span>
    </p>
   </div>
   <div class='ocr_carea' id='block_1_62' title="bbox 445 3091 2027 3166">
    <p class='ocr_par' dir='ltr' id='par_1_62' title="bbox 445 3091 2027 3166">
     <span class='ocr_line' id='line_1_62' title="bbox 445 3091 2027 3166; baseline 0.004 -21"><span class='ocrx_word' id='word_1_432' title='bbox 445 3091 552 3145; x_wconf 83' lang='grc' dir='ltr'>τῶν</span> <span class='ocrx_word' id='word_1_433' title='bbox 577 3091 845 3163; x_wconf 80' lang='grc' dir='ltr'>δαιμόνων</span> <span class='ocrx_word' id='word_1_434' title='bbox 871 3094 1277 3166; x_wconf 86' lang='grc' dir='ltr'>προσηγόρευσε</span> <span class='ocrx_word' id='word_1_435' title='bbox 1311 3095 1496 3164; x_wconf 79' lang='grc' dir='ltr'>στῖφος</span> <span class='ocrx_word' id='word_1_436' title='bbox 1533 3095 1622 3150; x_wconf 85' lang='grc' dir='ltr'><strong>διὰ</strong></span> <span class='ocrx_word' id='word_1_437' title='bbox 1652 3097 1743 3150; x_wconf 73' lang='grc' dir='ltr'><strong>τὸν</strong></span> <span class='ocrx_word' id='word_1_438' title='bbox 1769 3096 1869 3166; x_wconf 81' lang='grc' dir='ltr'>τῆς</span> <span class='ocrx_word' id='word_1_439' title='bbox 1895 3098 2027 3151; x_wconf 86' lang='grc' dir='ltr'>ἁλα-</span> 
     </span>
    </p>
   </div>
   <div class='ocr_carea' id='block_1_63' title="bbox 446 3183 2025 3260">
    <p class='ocr_par' dir='ltr' id='par_1_63' title="bbox 446 3183 2025 3260">
     <span class='ocr_line' id='line_1_63' title="bbox 446 3183 2025 3260; baseline 0.004 -24"><span class='ocrx_word' id='word_1_440' title='bbox 446 3183 656 3248; x_wconf 78' lang='grc' dir='ltr'>ζονείας</span> <span class='ocrx_word' id='word_1_441' title='bbox 683 3184 846 3253; x_wconf 73' lang='grc' dir='ltr'>ὄγκον</span> <span class='ocrx_word' id='word_1_442' title='bbox 887 3187 983 3240; x_wconf 73' lang='grc' dir='ltr'>καὶ</span> <span class='ocrx_word' id='word_1_443' title='bbox 1013 3185 1107 3240; x_wconf 83' lang='grc' dir='ltr'><strong>τοῦ</strong></span> <span class='ocrx_word' id='word_1_444' title='bbox 1156 3186 1325 3256; x_wconf 82' lang='grc' dir='ltr'>τύφου</span> <span class='ocrx_word' id='word_1_445' title='bbox 1372 3186 1432 3240; x_wconf 83' lang='grc' dir='ltr'>τὸ</span> <span class='ocrx_word' id='word_1_446' title='bbox 1464 3187 1665 3260; x_wconf 69' lang='grc' dir='ltr'>ὑψηλόν</span> <span class='ocrx_word' id='word_1_447' title='bbox 1685 3205 1698 3218; x_wconf 88' lang='grc'><strong>·</strong></span> <span class='ocrx_word' id='word_1_448' title='bbox 1755 3188 1920 3242; x_wconf 74' lang='grc' dir='ltr'>ὕδατα</span> <span class='ocrx_word' id='word_1_449' title='bbox 1969 3189 2025 3242; x_wconf 81' lang='grc' dir='ltr'>δὲ</span> 
     </span>
    </p>
   </div>
   <div class='ocr_carea' id='block_1_64' title="bbox 445 3273 2023 3350">
    <p class='ocr_par' dir='ltr' id='par_1_64' title="bbox 445 3273 2023 3350">
     <span class='ocr_line' id='line_1_64' title="bbox 445 3273 2023 3350; baseline 0.001 -20"><span class='ocrx_word' id='word_1_450' title='bbox 445 3273 554 3330; x_wconf 83' lang='grc' dir='ltr'><strong>τῶν</strong></span> <span class='ocrx_word' id='word_1_451' title='bbox 587 3275 888 3347; x_wconf 85' lang='grc' dir='ltr'>ἀνθρώπων</span> <span class='ocrx_word' id='word_1_452' title='bbox 921 3276 1022 3340; x_wconf 80' lang='grc' dir='ltr'><strong>τὰς</strong></span> <span class='ocrx_word' id='word_1_453' title='bbox 1053 3275 1300 3348; x_wconf 84' lang='grc' dir='ltr'>γνώμας,</span> <span class='ocrx_word' id='word_1_454' title='bbox 1330 3277 1429 3341; x_wconf 85' lang='grc' dir='ltr'><strong>τὰς</strong></span> <span class='ocrx_word' id='word_1_455' title='bbox 1461 3277 1618 3350; x_wconf 88' lang='grc' dir='ltr'>δίκην</span> <span class='ocrx_word' id='word_1_456' title='bbox 1650 3279 1860 3332; x_wconf 81' lang='grc' dir='ltr'>ὑδάτων</span> <span class='ocrx_word' id='word_1_457' title='bbox 1898 3279 2023 3350; x_wconf 77' lang='grc' dir='ltr'>τῇδε</span> 
     </span>
    </p>
   </div>
   <div class='ocr_carea' id='block_1_65' title="bbox 446 3363 2026 3439">
    <p class='ocr_par' dir='ltr' id='par_1_65' title="bbox 446 3363 2026 3439">
     <span class='ocr_line' id='line_1_65' title="bbox 446 3363 2026 3439; baseline 0.003 -21"><span class='ocrx_word' id='word_1_458' title='bbox 446 3363 668 3418; x_wconf 82' lang='grc' dir='ltr'>κάκεῖσε</span> <span class='ocrx_word' id='word_1_459' title='bbox 702 3364 1007 3436; x_wconf 82' lang='grc' dir='ltr'>φερομένας</span> <span class='ocrx_word' id='word_1_460' title='bbox 1041 3364 1259 3436; x_wconf 77' lang='grc' dir='ltr'>ῥᾳδίως,</span> <span class='ocrx_word' id='word_1_461' title='bbox 1286 3366 1380 3419; x_wconf 74' lang='grc' dir='ltr'>καὶ</span> <span class='ocrx_word' id='word_1_462' title='bbox 1412 3365 1515 3420; x_wconf 80' lang='grc' dir='ltr'><strong>ὑπὸ</strong></span> <span class='ocrx_word' id='word_1_463' title='bbox 1535 3365 1644 3420; x_wconf 84' lang='grc' dir='ltr'>τῶν</span> <span class='ocrx_word' id='word_1_464' title='bbox 1678 3367 1778 3438; x_wconf 84' lang='grc' dir='ltr'>τῆς</span> <span class='ocrx_word' id='word_1_465' title='bbox 1809 3369 2026 3439; x_wconf 83' lang='grc' dir='ltr'>ἀπάτης</span> 
     </span>
    </p>
   </div>
   <div class='ocr_carea' id='block_1_66' title="bbox 446 3453 2025 3529">
    <p class='ocr_par' dir='ltr' id='par_1_66' title="bbox 446 3453 2025 3529">
     <span class='ocr_line' id='line_1_66' title="bbox 446 3453 2025 3529; baseline 0.001 -21"><span class='ocrx_word' id='word_1_466' title='bbox 446 3454 769 3526; x_wconf 82' lang='grc' dir='ltr'>κυκωμένας</span> <span class='ocrx_word' id='word_1_467' title='bbox 798 3454 1141 3526; x_wconf 85' lang='grc' dir='ltr'>πνευμάτων.</span> <span class='ocrx_word' id='word_1_468' title='bbox 1178 3453 1364 3508; x_wconf 80' lang='grc' dir='ltr'>Ταῦτα</span> <span class='ocrx_word' id='word_1_469' title='bbox 1391 3454 1447 3508; x_wconf 80' lang='grc' dir='ltr'>δὲ</span> <span class='ocrx_word' id='word_1_470' title='bbox 1473 3455 1716 3510; x_wconf 85' lang='grc' dir='ltr'>διδάσκει</span> <span class='ocrx_word' id='word_1_471' title='bbox 1756 3457 1902 3529; x_wconf 77' lang='grc' dir='ltr'>ἡμᾶς</span> <span class='ocrx_word' id='word_1_472' title='bbox 1933 3457 2025 3510; x_wconf 77' lang='grc' dir='ltr'>καὶ</span> 
     </span>
    </p>
   </div>
   <div class='ocr_carea' id='block_1_67' title="bbox 444 3545 2024 3618">
    <p class='ocr_par' dir='ltr' id='par_1_67' title="bbox 444 3545 2024 3618">
     <span class='ocr_line' id='line_1_67' title="bbox 444 3545 2024 3618; baseline 0.001 -19"><span class='ocrx_word' id='word_1_473' title='bbox 444 3549 479 3618; x_wconf 76' lang='grc' dir='ltr'><strong>ἡ</strong></span> <span class='ocrx_word' id='word_1_474' title='bbox 504 3547 614 3601; x_wconf 85' lang='grc' dir='ltr'><strong>τῶν</strong></span> <span class='ocrx_word' id='word_1_475' title='bbox 637 3547 922 3616; x_wconf 80' lang='grc' dir='ltr'>Πράξεων</span> <span class='ocrx_word' id='word_1_476' title='bbox 944 3546 1173 3617; x_wconf 75' lang='grc' dir='ltr'>ἰστορίαο</span> <span class='ocrx_word' id='word_1_477' title='bbox 1205 3547 1372 3610; x_wconf 85' lang='grc' dir='ltr'>ὅπως,</span> <span class='ocrx_word' id='word_1_478' title='bbox 1395 3545 1503 3600; x_wconf 87' lang='grc' dir='ltr'><strong>τῶν</strong></span> <span class='ocrx_word' id='word_1_479' title='bbox 1525 3546 1686 3618; x_wconf 86' lang='grc' dir='ltr'>ἱερῶν</span> <span class='ocrx_word' id='word_1_480' title='bbox 1712 3546 2024 3601; x_wconf 85' lang='grc' dir='ltr'>ἀποστόλων</span> 
     </span>
    </p>
   </div>
   <div class='ocr_carea' id='block_1_68' title="bbox 444 3633 2025 3710">
    <p class='ocr_par' dir='ltr' id='par_1_68' title="bbox 444 3633 2025 3710">
     <span class='ocr_line' id='line_1_68' title="bbox 444 3633 2025 3710; baseline 0.001 -19"><span class='ocrx_word' id='word_1_481' title='bbox 444 3638 545 3709; x_wconf 74' lang='grc' dir='ltr'>τὴν</span> <span class='ocrx_word' id='word_1_482' title='bbox 569 3639 892 3709; x_wconf 87' lang='grc' dir='ltr'>οἰκουμένην</span> <span class='ocrx_word' id='word_1_483' title='bbox 923 3637 1384 3710; x_wconf 76' lang='grc' dir='ltr'>περινοστοῦντων</span> <span class='ocrx_word' id='word_1_484' title='bbox 1407 3678 1421 3703; x_wconf 91' lang='grc'><strong>,</strong></span> <span class='ocrx_word' id='word_1_485' title='bbox 1466 3633 1633 3709; x_wconf 83' lang='grc' dir='ltr'>ζάλης</span> <span class='ocrx_word' id='word_1_486' title='bbox 1684 3639 2025 3710; x_wconf 82' lang='grc' dir='ltr'>ὲμπίπλαντο</span> 
     </span>
    </p>
   </div>
   <div class='ocr_carea' id='block_1_69' title="bbox 447 3726 2024 3801">
    <p class='ocr_par' dir='ltr' id='par_1_69' title="bbox 447 3726 2024 3801">
     <span class='ocr_line' id='line_1_69' title="bbox 447 3726 2024 3801; baseline 0.001 -20"><span class='ocrx_word' id='word_1_487' title='bbox 447 3728 542 3781; x_wconf 69' lang='grc' dir='ltr'>καὶ</span> <span class='ocrx_word' id='word_1_488' title='bbox 562 3727 804 3798; x_wconf 75' lang='grc' dir='ltr'>θορύϐων</span> <span class='ocrx_word' id='word_1_489' title='bbox 834 3729 889 3780; x_wconf 83' lang='grc' dir='ltr'><strong>αἰ</strong></span> <span class='ocrx_word' id='word_1_490' title='bbox 938 3729 1144 3791; x_wconf 89' lang='grc' dir='ltr'>πόλεις.</span> <span class='ocrx_word' id='word_1_491' title='bbox 1175 3729 1285 3780; x_wconf 71' lang='grc' dir='ltr'><strong>Καὶ</strong></span> <span class='ocrx_word' id='word_1_492' title='bbox 1319 3726 1430 3798; x_wconf 84' lang='grc' dir='ltr'><strong>γὰρ</strong></span> <span class='ocrx_word' id='word_1_493' title='bbox 1473 3729 1532 3781; x_wconf 79' lang='grc' dir='ltr'>ὲν</span> <span class='ocrx_word' id='word_1_494' title='bbox 1593 3729 1802 3799; x_wconf 84' lang='grc' dir='ltr'>Ἐφέσῳ</span> <span class='ocrx_word' id='word_1_495' title='bbox 1841 3731 2024 3801; x_wconf 81' lang='grc' dir='ltr'>Δημη-</span> 
     </span>
    </p>
   </div>
   <div class='ocr_carea' id='block_1_70' title="bbox 444 3812 2024 3892">
    <p class='ocr_par' dir='ltr' id='par_1_70' title="bbox 444 3812 2024 3892">
     <span class='ocr_line' id='line_1_70' title="bbox 444 3812 2024 3892; baseline 0.002 -20"><span class='ocrx_word' id='word_1_496' title='bbox 444 3837 593 3892; x_wconf 81' lang='grc' dir='ltr'>τριος</span> <span class='ocrx_word' id='word_1_497' title='bbox 621 3821 800 3872; x_wconf 78' lang='grc' dir='ltr'>πᾶσαν</span> <span class='ocrx_word' id='word_1_498' title='bbox 821 3819 920 3890; x_wconf 83' lang='grc' dir='ltr'>τὴν</span> <span class='ocrx_word' id='word_1_499' title='bbox 950 3819 1104 3874; x_wconf 89' lang='grc' dir='ltr'>πόλιν</span> <span class='ocrx_word' id='word_1_500' title='bbox 1131 3812 1378 3872; x_wconf 78' lang='grc' dir='ltr'>ὲκύκωσε</span> <span class='ocrx_word' id='word_1_501' title='bbox 1395 3836 1410 3851; x_wconf 80' lang='grc' dir='ltr'><strong>ο</strong></span> <span class='ocrx_word' id='word_1_502' title='bbox 1437 3821 1532 3872; x_wconf 78' lang='grc' dir='ltr'>καὶ</span> <span class='ocrx_word' id='word_1_503' title='bbox 1553 3821 1611 3872; x_wconf 80' lang='grc' dir='ltr'>ὲν</span> <span class='ocrx_word' id='word_1_504' title='bbox 1641 3820 1908 3892; x_wconf 86' lang='grc' dir='ltr'>Λύστροις</span> <span class='ocrx_word' id='word_1_505' title='bbox 1930 3821 2024 3875; x_wconf 80' lang='grc' dir='ltr'>καὶ</span> 
     </span>
    </p>
   </div>
   <div class='ocr_carea' id='block_1_71' title="bbox 444 3908 2024 3982">
    <p class='ocr_par' dir='ltr' id='par_1_71' title="bbox 444 3908 2024 3982">
     <span class='ocr_line' id='line_1_71' title="bbox 444 3908 2024 3982; baseline 0.001 -20"><span class='ocrx_word' id='word_1_506' title='bbox 444 3909 620 3982; x_wconf 80' lang='grc' dir='ltr'>Δέρσῃ</span> <span class='ocrx_word' id='word_1_507' title='bbox 635 3909 800 3963; x_wconf 80' lang='grc' dir='ltr'><strong>ταὺτὸ</strong></span> <span class='ocrx_word' id='word_1_508' title='bbox 827 3908 985 3964; x_wconf 77' lang='grc' dir='ltr'>τοῦτο</span> <span class='ocrx_word' id='word_1_509' title='bbox 1007 3908 1316 3979; x_wconf 86' lang='grc' dir='ltr'>γεγένηται.</span> <span class='ocrx_word' id='word_1_510' title='bbox 1342 3909 1452 3962; x_wconf 74' lang='grc' dir='ltr'><strong>Καὶ</strong></span> <span class='ocrx_word' id='word_1_511' title='bbox 1480 3908 1638 3963; x_wconf 86' lang='grc' dir='ltr'>πάλιν</span> <span class='ocrx_word' id='word_1_512' title='bbox 1657 3911 1715 3962; x_wconf 87' lang='grc' dir='ltr'>ὲν</span> <span class='ocrx_word' id='word_1_513' title='bbox 1738 3909 2024 3974; x_wconf 75' lang='grc' dir='ltr'>Φιλίπποις</span> 
     </span>
    </p>
   </div>
   <div class='ocr_carea' id='block_1_72' title="bbox 445 3995 2024 4070">
    <p class='ocr_par' dir='ltr' id='par_1_72' title="bbox 445 3995 2024 4070">
     <span class='ocr_line' id='line_1_72' title="bbox 445 3995 2024 4070; baseline 0 -18"><span class='ocrx_word' id='word_1_514' title='bbox 445 3999 539 4052; x_wconf 78' lang='grc' dir='ltr'>καὶ</span> <span class='ocrx_word' id='word_1_515' title='bbox 575 3997 963 4068; x_wconf 85' lang='grc' dir='ltr'>Θεσσαλονίκῃ,</span> <span class='ocrx_word' id='word_1_516' title='bbox 997 3998 1092 4052; x_wconf 75' lang='grc' dir='ltr'>καὶ</span> <span class='ocrx_word' id='word_1_517' title='bbox 1133 3995 1408 4068; x_wconf 73' lang='grc' dir='ltr'>Ἀθήναις,</span> <span class='ocrx_word' id='word_1_518' title='bbox 1457 3996 1550 4050; x_wconf 76' lang='grc' dir='ltr'><strong>καὶ</strong></span> <span class='ocrx_word' id='word_1_519' title='bbox 1609 3997 1879 4070; x_wconf 82' lang='grc' dir='ltr'>Κορίνθῳ,</span> <span class='ocrx_word' id='word_1_520' title='bbox 1914 3999 2024 4052; x_wconf 89' lang='grc' dir='ltr'><strong>τῶν</strong></span> 
     </span>
    </p>
   </div>
   <div class='ocr_carea' id='block_1_73' title="bbox 443 4086 2025 4160">
    <p class='ocr_par' dir='ltr' id='par_1_73' title="bbox 443 4086 2025 4160">
     <span class='ocr_line' id='line_1_73' title="bbox 443 4086 2025 4160; baseline -0.007 -7"><span class='ocrx_word' id='word_1_521' title='bbox 443 4087 543 4158; x_wconf 84' lang='grc' dir='ltr'><strong>τῆς</strong></span> <span class='ocrx_word' id='word_1_522' title='bbox 588 4087 803 4158; x_wconf 79' lang='grc' dir='ltr'><strong>ἀπάτης</strong></span> <span class='ocrx_word' id='word_1_523' title='bbox 850 4088 1172 4159; x_wconf 85' lang='grc' dir='ltr'>πνευμάτων</span> <span class='ocrx_word' id='word_1_524' title='bbox 1207 4086 1380 4140; x_wconf 80' lang='grc' dir='ltr'>ταῦτα</span> <span class='ocrx_word' id='word_1_525' title='bbox 1415 4086 1786 4160; x_wconf 88' lang='grc' dir='ltr'>διεγειρόντων</span> <span class='ocrx_word' id='word_1_526' title='bbox 1833 4089 1904 4142; x_wconf 84' lang='grc' dir='ltr'><strong>τὰ</strong></span> <span class='ocrx_word' id='word_1_527' title='bbox 1936 4090 2025 4143; x_wconf 76' lang='grc' dir='ltr'><strong>κύ-</strong></span> 
     </span>
    </p>
   </div>
   <div class='ocr_carea' id='block_1_74' title="bbox 446 4179 2022 4255">
    <p class='ocr_par' dir='ltr' id='par_1_74' title="bbox 446 4179 2022 4255">
     <span class='ocr_line' id='line_1_74' title="bbox 446 4179 2022 4255; baseline 0.003 -23"><span class='ocrx_word' id='word_1_528' title='bbox 446 4196 612 4251; x_wconf 83' lang='grc' dir='ltr'>ματα,</span> <span class='ocrx_word' id='word_1_529' title='bbox 631 4180 738 4234; x_wconf 84' lang='grc' dir='ltr'><strong>ὑπδ</strong></span> <span class='ocrx_word' id='word_1_530' title='bbox 762 4179 968 4234; x_wconf 82' lang='grc' dir='ltr'>τούτων</span> <span class='ocrx_word' id='word_1_531' title='bbox 982 4180 1125 4244; x_wconf 84' lang='grc' dir='ltr'>τινὲς</span> <span class='ocrx_word' id='word_1_532' title='bbox 1147 4179 1370 4252; x_wconf 81' lang='grc' dir='ltr'>ὲνεργού</span> <span class='ocrx_word' id='word_1_533' title='bbox 1379 4197 1526 4252; x_wconf 87' lang='grc' dir='ltr'>μενοι</span> <span class='ocrx_word' id='word_1_534' title='bbox 1556 4181 1696 4236; x_wconf 89' lang='grc' dir='ltr'><strong>κατά</strong></span> <span class='ocrx_word' id='word_1_535' title='bbox 1721 4182 1830 4236; x_wconf 85' lang='grc' dir='ltr'><strong>τῶν</strong></span> <span class='ocrx_word' id='word_1_536' title='bbox 1860 4183 2022 4255; x_wconf 84' lang='grc' dir='ltr'>ἰερῶν</span> 
     </span>
    </p>
   </div>
   <div class='ocr_carea' id='block_1_75' title="bbox 445 4269 2073 4342">
    <p class='ocr_par' dir='ltr' id='par_1_75' title="bbox 445 4269 2073 4342">
     <span class='ocr_line' id='line_1_75' title="bbox 445 4269 2073 4342; baseline 0.002 -18"><span class='ocrx_word' id='word_1_537' title='bbox 445 4269 612 4324; x_wconf 68' lang='grc' dir='ltr'>ἐϐόων</span> <span class='ocrx_word' id='word_1_538' title='bbox 639 4271 986 4324; x_wconf 76' lang='grc' dir='ltr'>ἀποστόλωνο</span> <span class='ocrx_word' id='word_1_539' title='bbox 1025 4275 1088 4326; x_wconf 82' lang='lat' dir='ltr'><strong>Ol</strong></span> <span class='ocrx_word' id='word_1_540' title='bbox 1122 4271 1238 4339; x_wconf 78' lang='grc' dir='ltr'>τὴν</span> <span class='ocrx_word' id='word_1_541' title='bbox 1277 4273 1643 4342; x_wconf 75' lang='grc' dir='ltr'>οἰκουμένην</span> <span class='ocrx_word' id='word_1_542' title='bbox 1673 4274 2020 4328; x_wconf 82' lang='grc' dir='ltr'>ἁναστατὼ-</span> <span class='ocrx_word' id='word_1_543' title='bbox 2071 4306 2073 4309; x_wconf 96' lang='grc'><strong><em>-</em></strong></span> 
     </span>
    </p>
   </div>
   <div class='ocr_carea' id='block_1_76' title="bbox 441 4345 2100 4432">
    <p class='ocr_par' dir='ltr' id='par_1_76' title="bbox 441 4345 2100 4432">
     <span class='ocr_line' id='line_1_76' title="bbox 441 4345 2100 4432; baseline 0.002 -16"><span class='ocrx_word' id='word_1_544' title='bbox 441 4376 681 4428; x_wconf 80' lang='grc' dir='ltr'>σαντες,</span> <span class='ocrx_word' id='word_1_545' title='bbox 712 4359 881 4419; x_wconf 82' lang='grc' dir='ltr'>οὗτοι</span> <span class='ocrx_word' id='word_1_546' title='bbox 916 4362 1016 4417; x_wconf 78' lang='grc' dir='ltr'>καὶ</span> <span class='ocrx_word' id='word_1_547' title='bbox 1053 4361 1266 4418; x_wconf 79' lang='grc' dir='ltr'>ἐνθάδε</span> <span class='ocrx_word' id='word_1_548' title='bbox 1315 4363 1576 4432; x_wconf 75' lang='grc' dir='ltr'>πάρεισι,</span> <span class='ocrx_word' id='word_1_549' title='bbox 1631 4365 1815 4419; x_wconf 78' lang='grc' dir='ltr'>Ταῦτα</span> <span class='ocrx_word' id='word_1_550' title='bbox 1868 4367 1961 4420; x_wconf 67' lang='grc' dir='ltr'>καὶ</span> <span class='ocrx_word' id='word_1_551' title='bbox 1991 4369 2020 4420; x_wconf 92' lang='lat'><strong>6</strong></span> <span class='ocrx_word' id='word_1_552' title='bbox 2056 4345 2100 4399; x_wconf 73' lang='grc' dir='ltr'><strong>θ</strong></span> 
     </span>
    </p>
   </div>
   <div class='ocr_carea' id='block_1_77' title="bbox 443 4453 2016 4527">
    <p class='ocr_par' dir='ltr' id='par_1_77' title="bbox 443 4453 2016 4527">
     <span class='ocr_line' id='line_1_77' title="bbox 443 4453 2016 4527; baseline 0.003 -19"><span class='ocrx_word' id='word_1_553' title='bbox 443 4453 715 4527; x_wconf 80' lang='grc' dir='ltr'>μακάριος</span> <span class='ocrx_word' id='word_1_554' title='bbox 760 4455 1164 4527; x_wconf 87' lang='grc' dir='ltr'>προηγόρευσεν</span> <span class='ocrx_word' id='word_1_555' title='bbox 1233 4455 1510 4526; x_wconf 76' lang='grc' dir='ltr'>Ἀϐακούμ</span> <span class='ocrx_word' id='word_1_556' title='bbox 1531 4474 1545 4487; x_wconf 87' lang='grc'><strong>·</strong></span> <span class='ocrx_word' id='word_1_557' title='bbox 1606 4459 2016 4524; x_wconf 77' lang='grc' dir='ltr'>Ἐπεϐίθασας,</span> 
     </span>
    </p>
   </div>
   <div class='ocr_carea' id='block_1_78' title="bbox 439 4547 2016 4618">
    <p class='ocr_par' dir='ltr' id='par_1_78' title="bbox 439 4547 2016 4618">
     <span class='ocr_line' id='line_1_78' title="bbox 439 4547 2016 4618; baseline 0.003 -19"><span class='ocrx_word' id='word_1_558' title='bbox 439 4547 547 4616; x_wconf 86' lang='grc' dir='ltr'><strong>γάρ</strong></span> <span class='ocrx_word' id='word_1_559' title='bbox 571 4563 758 4618; x_wconf 81' lang='grc' dir='ltr'>φησιν,</span> <span class='ocrx_word' id='word_1_560' title='bbox 802 4550 890 4614; x_wconf 85' lang='grc' dir='ltr'>εις</span> <span class='ocrx_word' id='word_1_561' title='bbox 930 4547 1252 4602; x_wconf 76' lang='grc' dir='ltr'>θάλασσαν</span> <span class='ocrx_word' id='word_1_562' title='bbox 1298 4548 1439 4613; x_wconf 87' lang='grc' dir='ltr'>τοὺς</span> <span class='ocrx_word' id='word_1_563' title='bbox 1469 4549 1695 4615; x_wconf 78' lang='grc' dir='ltr'>ἵππους</span> <span class='ocrx_word' id='word_1_564' title='bbox 1719 4565 1836 4605; x_wconf 90' lang='grc' dir='ltr'><strong>σου</strong></span> <span class='ocrx_word' id='word_1_565' title='bbox 1859 4591 1872 4615; x_wconf 90' lang='grc'><strong>,</strong></span> <span class='ocrx_word' id='word_1_566' title='bbox 1916 4567 2016 4605; x_wconf 63' lang='grc' dir='ltr'>τας</span> 
     </span>
    </p>
   </div>
   <div class='ocr_carea' id='block_1_79' title="bbox 432 4636 2014 4712">
    <p class='ocr_par' dir='ltr' id='par_1_79' title="bbox 432 4636 2014 4712">
     <span class='ocr_line' id='line_1_79' title="bbox 432 4636 2014 4712; baseline 0.002 -21"><span class='ocrx_word' id='word_1_567' title='bbox 432 4636 785 4707; x_wconf 76' lang='grc' dir='ltr'>ρὰσσοντας</span> <span class='ocrx_word' id='word_1_568' title='bbox 812 4639 1004 4694; x_wconf 81' lang='grc' dir='ltr'>ὕδατα</span> <span class='ocrx_word' id='word_1_569' title='bbox 1031 4639 1251 4694; x_wconf 71' lang='grc' dir='ltr'><strong>πολλὰ.</strong></span> <span class='ocrx_word' id='word_1_570' title='bbox 1277 4641 1508 4704; x_wconf 86' lang='grc' dir='ltr'>Ἵππους</span> <span class='ocrx_word' id='word_1_571' title='bbox 1545 4640 1602 4694; x_wconf 79' lang='grc' dir='ltr'>δὲ</span> <span class='ocrx_word' id='word_1_572' title='bbox 1642 4640 2014 4712; x_wconf 85' lang='grc' dir='ltr'>προσηγόρευ-</span> 
     </span>
    </p>
   </div>
   <div class='ocr_carea' id='block_1_80' title="bbox 439 4729 2011 4803">
    <p class='ocr_par' dir='ltr' id='par_1_80' title="bbox 439 4729 2011 4803">
     <span class='ocr_line' id='line_1_80' title="bbox 439 4729 2011 4803; baseline 0.001 -21"><span class='ocrx_word' id='word_1_573' title='bbox 439 4744 531 4782; x_wconf 82' lang='grc' dir='ltr'><strong>σεν</strong></span> <span class='ocrx_word' id='word_1_574' title='bbox 558 4729 744 4801; x_wconf 85' lang='grc' dir='ltr'>δχημα</span> <span class='ocrx_word' id='word_1_575' title='bbox 785 4729 925 4784; x_wconf 82' lang='grc' dir='ltr'>θεῖον</span> <span class='ocrx_word' id='word_1_576' title='bbox 971 4731 1368 4802; x_wconf 81' lang='grc' dir='ltr'>γεγενημένους</span> <span class='ocrx_word' id='word_1_577' title='bbox 1409 4732 1536 4795; x_wconf 75' lang='grc' dir='ltr'>τοὺς</span> <span class='ocrx_word' id='word_1_578' title='bbox 1578 4732 1756 4803; x_wconf 77' lang='grc' dir='ltr'>ἱεροὺς</span> <span class='ocrx_word' id='word_1_579' title='bbox 1781 4731 2011 4784; x_wconf 82' lang='grc' dir='ltr'>ἀποστό-</span> 
     </span>
    </p>
   </div>
   <div class='ocr_carea' id='block_1_81' title="bbox 435 4817 2014 4892">
    <p class='ocr_par' dir='ltr' id='par_1_81' title="bbox 435 4817 2014 4892">
     <span class='ocr_line' id='line_1_81' title="bbox 435 4817 2014 4892; baseline 0 -19"><span class='ocrx_word' id='word_1_580' title='bbox 435 4817 593 4884; x_wconf 77' lang='grc' dir='ltr'>λουςο</span> <span class='ocrx_word' id='word_1_581' title='bbox 621 4821 709 4873; x_wconf 69' lang='grc' dir='ltr'><strong>ἐπ’</strong></span> <span class='ocrx_word' id='word_1_582' title='bbox 735 4819 914 4872; x_wconf 82' lang='grc' dir='ltr'>αὐτῶν</span> <span class='ocrx_word' id='word_1_583' title='bbox 934 4819 1042 4890; x_wconf 85' lang='grc' dir='ltr'><strong>γὰρ</strong></span> <span class='ocrx_word' id='word_1_584' title='bbox 1059 4820 1349 4891; x_wconf 84' lang='grc' dir='ltr'>ὀχούμενος</span> <span class='ocrx_word' id='word_1_585' title='bbox 1379 4825 1408 4876; x_wconf 92' lang='lat'><strong>6</strong></span> <span class='ocrx_word' id='word_1_586' title='bbox 1424 4822 1719 4892; x_wconf 88' lang='grc' dir='ltr'>Δεσπότης,</span> <span class='ocrx_word' id='word_1_587' title='bbox 1750 4821 1817 4874; x_wconf 89' lang='grc' dir='ltr'><strong>τά</strong></span> <span class='ocrx_word' id='word_1_588' title='bbox 1844 4820 2014 4873; x_wconf 88' lang='grc' dir='ltr'>πολλά</span> 
     </span>
    </p>
   </div>
   <div class='ocr_carea' id='block_1_82' title="bbox 437 4907 2012 4982">
    <p class='ocr_par' dir='ltr' id='par_1_82' title="bbox 437 4907 2012 4982">
     <span class='ocr_line' id='line_1_82' title="bbox 437 4907 2012 4982; baseline 0.001 -20"><span class='ocrx_word' id='word_1_589' title='bbox 437 4907 533 4962; x_wconf 80' lang='grc' dir='ltr'>καὶ</span> <span class='ocrx_word' id='word_1_590' title='bbox 561 4908 794 4980; x_wconf 83' lang='grc' dir='ltr'>διάφορα</span> <span class='ocrx_word' id='word_1_591' title='bbox 818 4910 915 4980; x_wconf 81' lang='grc' dir='ltr'>τῆς</span> <span class='ocrx_word' id='word_1_592' title='bbox 941 4911 1196 4974; x_wconf 74' lang='grc' dir='ltr'>ἀσεϐείας</span> <span class='ocrx_word' id='word_1_593' title='bbox 1227 4911 1468 4982; x_wconf 86' lang='grc' dir='ltr'>δόγματα</span> <span class='ocrx_word' id='word_1_594' title='bbox 1493 4911 1821 4966; x_wconf 81' lang='grc' dir='ltr'>διεσκέδασε.</span> <span class='ocrx_word' id='word_1_595' title='bbox 1870 4911 2012 4981; x_wconf 83' lang='grc' dir='ltr'><strong>Νοή-</strong></span> 
     </span>
    </p>
   </div>
   <div class='ocr_carea' id='block_1_83' title="bbox 435 4998 2012 5072">
    <p class='ocr_par' dir='ltr' id='par_1_83' title="bbox 435 4998 2012 5072">
     <span class='ocr_line' id='line_1_83' title="bbox 435 4998 2012 5072; baseline 0.003 -22"><span class='ocrx_word' id='word_1_596' title='bbox 435 5014 551 5061; x_wconf 89' lang='grc' dir='ltr'>σεις</span> <span class='ocrx_word' id='word_1_597' title='bbox 582 4998 640 5052; x_wconf 84' lang='grc' dir='ltr'>δὲ</span> <span class='ocrx_word' id='word_1_598' title='bbox 675 4999 770 5052; x_wconf 74' lang='grc' dir='ltr'>καὶ</span> <span class='ocrx_word' id='word_1_599' title='bbox 799 4999 974 5063; x_wconf 74' lang='grc' dir='ltr'>ἄλλως</span> <span class='ocrx_word' id='word_1_600' title='bbox 1003 4999 1102 5069; x_wconf 74' lang='grc' dir='ltr'>τὴν</span> <span class='ocrx_word' id='word_1_601' title='bbox 1133 4999 1391 5071; x_wconf 76' lang='grc' dir='ltr'>σύγχυσιν</span> <span class='ocrx_word' id='word_1_602' title='bbox 1417 5001 1516 5070; x_wconf 83' lang='grc' dir='ltr'>τῆς</span> <span class='ocrx_word' id='word_1_603' title='bbox 1547 5000 1650 5071; x_wconf 81' lang='grc' dir='ltr'>γῆς</span> <span class='ocrx_word' id='word_1_604' title='bbox 1673 5000 1768 5054; x_wconf 81' lang='grc' dir='ltr'>καὶ</span> <span class='ocrx_word' id='word_1_605' title='bbox 1794 5000 1891 5072; x_wconf 81' lang='grc' dir='ltr'><strong>τὴν</strong></span> <span class='ocrx_word' id='word_1_606' title='bbox 1924 5019 2012 5054; x_wconf 87' lang='grc' dir='ltr'>τα-</span> 
     </span>
    </p>
   </div>
   <div class='ocr_carea' id='block_1_84' title="bbox 438 5087 2058 5162">
    <p class='ocr_par' dir='ltr' id='par_1_84' title="bbox 438 5087 2058 5162">
     <span class='ocr_line' id='line_1_84' title="bbox 438 5087 2058 5162; baseline 0.005 -23"><span class='ocrx_word' id='word_1_607' title='bbox 438 5087 612 5159; x_wconf 76' lang='grc' dir='ltr'>ραχὴν</span> <span class='ocrx_word' id='word_1_608' title='bbox 635 5088 831 5158; x_wconf 78' lang='grc' dir='ltr'>αὐτῆς,</span> <span class='ocrx_word' id='word_1_609' title='bbox 867 5089 1080 5143; x_wconf 81' lang='grc' dir='ltr'>ἀκούων</span> <span class='ocrx_word' id='word_1_610' title='bbox 1131 5089 1224 5143; x_wconf 83' lang='grc' dir='ltr'><strong>τοῦ</strong></span> <span class='ocrx_word' id='word_1_611' title='bbox 1264 5090 1514 5162; x_wconf 80' lang='grc' dir='ltr'>Σωτῆρος</span> <span class='ocrx_word' id='word_1_612' title='bbox 1556 5089 1803 5159; x_wconf 84' lang='grc' dir='ltr'>λέγοντος</span> <span class='ocrx_word' id='word_1_613' title='bbox 1823 5109 1836 5121; x_wconf 72' lang='grc'>³</span> <span class='ocrx_word' id='word_1_614' title='bbox 1883 5090 2010 5158; x_wconf 87' lang='grc' dir='ltr'><strong>Πῦρ</strong></span> <span class='ocrx_word' id='word_1_615' title='bbox 2053 5121 2058 5128; x_wconf 69' lang='grc' dir='ltr'><strong>ι</strong></span> 
     </span>
    </p>
   </div>
   <div class='ocr_carea' id='block_1_85' title="bbox 438 5172 2010 5249">
    <p class='ocr_par' dir='ltr' id='par_1_85' title="bbox 438 5172 2010 5249">
     <span class='ocr_line' id='line_1_85' title="bbox 438 5172 2010 5249; baseline 0.003 -19"><span class='ocrx_word' id='word_1_616' title='bbox 438 5172 633 5246; x_wconf 69' lang='grc' dir='ltr'>ἦλθον</span> <span class='ocrx_word' id='word_1_617' title='bbox 650 5178 869 5242; x_wconf 69' lang='grc' dir='ltr'>βαλεῖν</span> <span class='ocrx_word' id='word_1_618' title='bbox 915 5178 1015 5233; x_wconf 69' lang='grc' dir='ltr'><strong>ἐπὶ</strong></span> <span class='ocrx_word' id='word_1_619' title='bbox 1057 5179 1173 5247; x_wconf 81' lang='grc' dir='ltr'>τὴν</span> <span class='ocrx_word' id='word_1_620' title='bbox 1198 5177 1316 5248; x_wconf 72' lang='grc' dir='ltr'>γῆν</span> <span class='ocrx_word' id='word_1_621' title='bbox 1335 5197 1348 5209; x_wconf 76' lang='grc' dir='ltr'><strong><em>ο</em></strong></span> <span class='ocrx_word' id='word_1_622' title='bbox 1381 5180 1481 5233; x_wconf 75' lang='grc' dir='ltr'><strong>καί</strong></span> <span class='ocrx_word' id='word_1_623' title='bbox 1519 5181 1577 5233; x_wconf 88' lang='grc' dir='ltr'><strong>τί</strong></span> <span class='ocrx_word' id='word_1_624' title='bbox 1603 5180 1758 5235; x_wconf 76' lang='grc' dir='ltr'>θέλω</span> <span class='ocrx_word' id='word_1_625' title='bbox 1786 5184 1839 5235; x_wconf 84' lang='grc' dir='ltr'><strong>εί</strong></span> <span class='ocrx_word' id='word_1_626' title='bbox 1893 5181 2010 5249; x_wconf 76' lang='grc' dir='ltr'>ἤδη</span> 
     </span>
    </p>
   </div>
   <div class='ocr_carea' id='block_1_86' title="bbox 437 5265 2012 5342">
    <p class='ocr_par' dir='ltr' id='par_1_86' title="bbox 437 5265 2012 5342">
     <span class='ocr_line' id='line_1_86' title="bbox 437 5265 2012 5342; baseline 0.004 -21"><span class='ocrx_word' id='word_1_627' title='bbox 437 5265 716 5336; x_wconf 74' lang='grc' dir='ltr'>ἀνήφθη;</span> <span class='ocrx_word' id='word_1_628' title='bbox 748 5269 842 5322; x_wconf 79' lang='grc' dir='ltr'>καὶ</span> <span class='ocrx_word' id='word_1_629' title='bbox 870 5269 1030 5323; x_wconf 85' lang='grc' dir='ltr'>πάλιν</span> <span class='ocrx_word' id='word_1_630' title='bbox 1052 5287 1066 5300; x_wconf 79' lang='grc' dir='ltr'><strong>ο</strong></span> <span class='ocrx_word' id='word_1_631' title='bbox 1096 5269 1194 5338; x_wconf 82' lang='grc' dir='ltr'><strong>Μὴ</strong></span> <span class='ocrx_word' id='word_1_632' title='bbox 1219 5271 1524 5340; x_wconf 84' lang='grc' dir='ltr'>νομίσητε,</span> <span class='ocrx_word' id='word_1_633' title='bbox 1553 5271 1642 5325; x_wconf 84' lang='grc' dir='ltr'>ὅτι</span> <span class='ocrx_word' id='word_1_634' title='bbox 1667 5268 1859 5342; x_wconf 73' lang='grc' dir='ltr'>ἦλθον</span> <span class='ocrx_word' id='word_1_635' title='bbox 1898 5273 2012 5340; x_wconf 72' lang='grc' dir='ltr'>,ϐα-</span> 
     </span>
    </p>
   </div>
   <div class='ocr_carea' id='block_1_87' title="bbox 439 5355 2016 5432">
    <p class='ocr_par' dir='ltr' id='par_1_87' title="bbox 439 5355 2016 5432">
     <span class='ocr_line' id='line_1_87' title="bbox 439 5355 2016 5432; baseline 0.004 -23"><span class='ocrx_word' id='word_1_636' title='bbox 439 5355 574 5410; x_wconf 56' lang='grc' dir='ltr'>λεῖν</span> <span class='ocrx_word' id='word_1_637' title='bbox 607 5355 857 5425; x_wconf 72' lang='grc' dir='ltr'>εἰρήνην</span> <span class='ocrx_word' id='word_1_638' title='bbox 886 5358 986 5412; x_wconf 80' lang='grc' dir='ltr'><strong>ἐπὶ</strong></span> <span class='ocrx_word' id='word_1_639' title='bbox 1011 5358 1126 5428; x_wconf 80' lang='grc' dir='ltr'>τὴν</span> <span class='ocrx_word' id='word_1_640' title='bbox 1147 5357 1294 5432; x_wconf 74' lang='grc' dir='ltr'><strong>τῆν’</strong></span> <span class='ocrx_word' id='word_1_641' title='bbox 1326 5361 1439 5414; x_wconf 82' lang='grc' dir='ltr'>οὐκ</span> <span class='ocrx_word' id='word_1_642' title='bbox 1462 5356 1650 5430; x_wconf 64' lang='grc' dir='ltr'>ἦλθον</span> <span class='ocrx_word' id='word_1_643' title='bbox 1690 5361 1906 5428; x_wconf 63' lang='grc' dir='ltr'>βαλεῖν</span> <span class='ocrx_word' id='word_1_644' title='bbox 1935 5365 2016 5416; x_wconf 53' lang='lat' dir='ltr'><strong>sla</strong></span> 
     </span>
    </p>
   </div>
   <div class='ocr_carea' id='block_1_88' title="bbox 2125 3099 3712 3170">
    <p class='ocr_par' dir='ltr' id='par_1_88' title="bbox 2125 3099 3712 3170">
     <span class='ocr_line' id='line_1_88' title="bbox 2125 3099 3712 3170; baseline -0.003 -12"><span class='ocrx_word' id='word_1_645' title='bbox 2125 3102 2371 3158; x_wconf 82' lang='lat' dir='ltr'><strong>vaderet.</strong></span> <span class='ocrx_word' id='word_1_646' title='bbox 2426 3099 2524 3156; x_wconf 81' lang='lat' dir='ltr'><strong>llic</strong></span> <span class='ocrx_word' id='word_1_647' title='bbox 2579 3114 2744 3170; x_wconf 88' lang='lat' dir='ltr'><strong>porro</strong></span> <span class='ocrx_word' id='word_1_648' title='bbox 2809 3099 3120 3156; x_wconf 69' lang='lat' dir='ltr'><strong>daemonum</strong></span> <span class='ocrx_word' id='word_1_649' title='bbox 3168 3108 3446 3154; x_wconf 77' lang='lat' dir='ltr'><strong>catenam</strong></span> <span class='ocrx_word' id='word_1_650' title='bbox 3492 3103 3712 3154; x_wconf 81' lang='lat' dir='ltr'><strong>montes</strong></span> 
     </span>
    </p>
   </div>
   <div class='ocr_carea' id='block_1_89' title="bbox 2126 3187 3710 3263">
    <p class='ocr_par' dir='ltr' id='par_1_89' title="bbox 2126 3187 3710 3263">
     <span class='ocr_line' id='line_1_89' title="bbox 2126 3187 3710 3263; baseline -0.003 -15"><span class='ocrx_word' id='word_1_651' title='bbox 2126 3200 2429 3263; x_wconf 89' lang='lat' dir='ltr'><strong>nuncupat,</strong></span> <span class='ocrx_word' id='word_1_652' title='bbox 2477 3190 2549 3247; x_wconf 91' lang='lat' dir='ltr'><strong>ob</strong></span> <span class='ocrx_word' id='word_1_653' title='bbox 2603 3189 2931 3261; x_wconf 67' lang='lat' dir='ltr'><strong>arrogantia:</strong></span> <span class='ocrx_word' id='word_1_654' title='bbox 3001 3197 3270 3245; x_wconf 90' lang='lat' dir='ltr'><strong>tumorem</strong></span> <span class='ocrx_word' id='word_1_655' title='bbox 3332 3203 3397 3245; x_wconf 89' lang='lat' dir='ltr'><strong>ac</strong></span> <span class='ocrx_word' id='word_1_656' title='bbox 3441 3187 3710 3259; x_wconf 67' lang='lat' dir='ltr'><strong>superbia:</strong></span> 
     </span>
    </p>
   </div>
   <div class='ocr_carea' id='block_1_90' title="bbox 2127 3279 3711 3352">
    <p class='ocr_par' dir='ltr' id='par_1_90' title="bbox 2127 3279 3711 3352">
     <span class='ocr_line' id='line_1_90' title="bbox 2127 3279 3711 3352; baseline -0.003 -14"><span class='ocrx_word' id='word_1_657' title='bbox 2127 3283 2504 3348; x_wconf 88' lang='lat' dir='ltr'><strong>altitudinem;</strong></span> <span class='ocrx_word' id='word_1_658' title='bbox 2531 3294 2704 3352; x_wconf 89' lang='lat' dir='ltr'><strong>aquas</strong></span> <span class='ocrx_word' id='word_1_659' title='bbox 2729 3294 2882 3344; x_wconf 90' lang='lat' dir='ltr'><strong>vero,</strong></span> <span class='ocrx_word' id='word_1_660' title='bbox 2913 3279 3200 3334; x_wconf 87' lang='lat' dir='ltr'><strong>hominum</strong></span> <span class='ocrx_word' id='word_1_661' title='bbox 3235 3280 3555 3343; x_wconf 88' lang='lat' dir='ltr'><strong>sententias,</strong></span> <span class='ocrx_word' id='word_1_662' title='bbox 3587 3295 3711 3351; x_wconf 75' lang='lat' dir='ltr'><strong>qua:</strong></span> 
     </span>
    </p>
   </div>
   <div class='ocr_carea' id='block_1_91' title="bbox 2128 3369 3709 3445">
    <p class='ocr_par' dir='ltr' id='par_1_91' title="bbox 2128 3369 3709 3445">
     <span class='ocr_line' id='line_1_91' title="bbox 2128 3369 3709 3445; baseline -0.003 -17"><span class='ocrx_word' id='word_1_663' title='bbox 2128 3388 2396 3445; x_wconf 89' lang='lat' dir='ltr'><strong>aquarum</strong></span> <span class='ocrx_word' id='word_1_664' title='bbox 2426 3371 2600 3427; x_wconf 86' lang='lat' dir='ltr'><strong>instar</strong></span> <span class='ocrx_word' id='word_1_665' title='bbox 2633 3371 2778 3426; x_wconf 88' lang='lat' dir='ltr'><strong>ultro</strong></span> <span class='ocrx_word' id='word_1_666' title='bbox 2819 3371 3071 3443; x_wconf 89' lang='lat' dir='ltr'><strong>citroque</strong></span> <span class='ocrx_word' id='word_1_667' title='bbox 3099 3369 3260 3426; x_wconf 77' lang='lat' dir='ltr'><strong>facile</strong></span> <span class='ocrx_word' id='word_1_668' title='bbox 3293 3369 3566 3434; x_wconf 87' lang='lat' dir='ltr'><strong>feruntur,</strong></span> <span class='ocrx_word' id='word_1_669' title='bbox 3596 3377 3649 3424; x_wconf 84' lang='lat' dir='ltr'><strong>et</strong></span> <span class='ocrx_word' id='word_1_670' title='bbox 3677 3385 3709 3423; x_wconf 90' lang='lat' dir='ltr'><strong>a</strong></span> 
     </span>
    </p>
   </div>
   <div class='ocr_carea' id='block_1_92' title="bbox 2128 3460 3710 3536">
    <p class='ocr_par' dir='ltr' id='par_1_92' title="bbox 2128 3460 3710 3536">
     <span class='ocr_line' id='line_1_92' title="bbox 2128 3460 3710 3536; baseline -0.004 -14"><span class='ocrx_word' id='word_1_671' title='bbox 2128 3464 2414 3536; x_wconf 86' lang='lat' dir='ltr'><strong>spiritibus</strong></span> <span class='ocrx_word' id='word_1_672' title='bbox 2466 3462 2696 3518; x_wconf 68' lang='lat' dir='ltr'><strong>fallacia:</strong></span> <span class='ocrx_word' id='word_1_673' title='bbox 2749 3463 3074 3519; x_wconf 87' lang='lat' dir='ltr'><strong>miscentur.</strong></span> <span class='ocrx_word' id='word_1_674' title='bbox 3133 3460 3260 3517; x_wconf 73' lang='lat' dir='ltr'><strong>Htec</strong></span> <span class='ocrx_word' id='word_1_675' title='bbox 3320 3461 3583 3518; x_wconf 87' lang='lat' dir='ltr'><strong>docemur</strong></span> <span class='ocrx_word' id='word_1_676' title='bbox 3641 3463 3710 3516; x_wconf 82' lang='lat' dir='ltr'><strong>ab</strong></span> 
     </span>
    </p>
   </div>
   <div class='ocr_carea' id='block_1_93' title="bbox 2125 3551 3709 3625">
    <p class='ocr_par' dir='ltr' id='par_1_93' title="bbox 2125 3551 3709 3625">
     <span class='ocr_line' id='line_1_93' title="bbox 2125 3551 3709 3625; baseline -0.003 -14"><span class='ocrx_word' id='word_1_677' title='bbox 2125 3558 2355 3611; x_wconf 78' lang='lat' dir='ltr'><strong>Actuum</strong></span> <span class='ocrx_word' id='word_1_678' title='bbox 2392 3555 2624 3612; x_wconf 86' lang='lat' dir='ltr'><strong>historia</strong></span> <span class='ocrx_word' id='word_1_679' title='bbox 2657 3573 2671 3610; x_wconf 88' lang='lat'><strong>:</strong></span> <span class='ocrx_word' id='word_1_680' title='bbox 2708 3554 2982 3625; x_wconf 88' lang='lat' dir='ltr'><strong>quomodo</strong></span> <span class='ocrx_word' id='word_1_681' title='bbox 3007 3553 3216 3610; x_wconf 79' lang='lat' dir='ltr'><strong>scilicet</strong></span> <span class='ocrx_word' id='word_1_682' title='bbox 3237 3565 3359 3609; x_wconf 91' lang='lat' dir='ltr'><strong>cum</strong></span> <span class='ocrx_word' id='word_1_683' title='bbox 3383 3551 3556 3609; x_wconf 85' lang='lat' dir='ltr'><strong>sancti</strong></span> <span class='ocrx_word' id='word_1_684' title='bbox 3578 3567 3709 3624; x_wconf 83' lang='lat' dir='ltr'><strong>apo—</strong></span> 
     </span>
    </p>
   </div>
   <div class='ocr_carea' id='block_1_94' title="bbox 2142 3645 3710 3716">
    <p class='ocr_par' dir='ltr' id='par_1_94' title="bbox 2142 3645 3710 3716">
     <span class='ocr_line' id='line_1_94' title="bbox 2142 3645 3710 3716; baseline -0.002 -13"><span class='ocrx_word' id='word_1_685' title='bbox 2142 3648 2270 3704; x_wconf 91' lang='lat' dir='ltr'><strong>stoli</strong></span> <span class='ocrx_word' id='word_1_686' title='bbox 2326 3648 2513 3702; x_wconf 87' lang='lat' dir='ltr'><strong>orbem</strong></span> <span class='ocrx_word' id='word_1_687' title='bbox 2569 3646 2886 3710; x_wconf 86' lang='lat' dir='ltr'><strong>circuirent,</strong></span> <span class='ocrx_word' id='word_1_688' title='bbox 2939 3653 3260 3716; x_wconf 91' lang='lat' dir='ltr'><strong>tempestate</strong></span> <span class='ocrx_word' id='word_1_689' title='bbox 3310 3652 3474 3715; x_wconf 90' lang='lat' dir='ltr'><strong>atque</strong></span> <span class='ocrx_word' id='word_1_690' title='bbox 3535 3645 3710 3700; x_wconf 86' lang='lat' dir='ltr'><strong>turbis</strong></span> 
     </span>
    </p>
   </div>
   <div class='ocr_carea' id='block_1_95' title="bbox 2127 3734 3708 3809">
    <p class='ocr_par' dir='ltr' id='par_1_95' title="bbox 2127 3734 3708 3809">
     <span class='ocr_line' id='line_1_95' title="bbox 2127 3734 3708 3809; baseline -0.002 -16"><span class='ocrx_word' id='word_1_691' title='bbox 2127 3739 2291 3794; x_wconf 89' lang='lat' dir='ltr'><strong>urbes</strong></span> <span class='ocrx_word' id='word_1_692' title='bbox 2319 3737 2548 3809; x_wconf 77' lang='lat' dir='ltr'><strong>singula:</strong></span> <span class='ocrx_word' id='word_1_693' title='bbox 2575 3736 2948 3807; x_wconf 87' lang='lat' dir='ltr'><strong>replebantur.</strong></span> <span class='ocrx_word' id='word_1_694' title='bbox 2975 3735 3260 3807; x_wconf 87' lang='lat' dir='ltr'><strong>Siquidem</strong></span> <span class='ocrx_word' id='word_1_695' title='bbox 3284 3735 3483 3805; x_wconf 82' lang='lat' dir='ltr'><strong>Ephesi</strong></span> <span class='ocrx_word' id='word_1_696' title='bbox 3513 3734 3708 3790; x_wconf 86' lang='lat' dir='ltr'><strong>Deme-</strong></span> 
     </span>
    </p>
   </div>
   <div class='ocr_carea' id='block_1_96' title="bbox 2125 3824 3709 3899">
    <p class='ocr_par' dir='ltr' id='par_1_96' title="bbox 2125 3824 3709 3899">
     <span class='ocr_line' id='line_1_96' title="bbox 2125 3824 3709 3899; baseline -0.004 -14"><span class='ocrx_word' id='word_1_697' title='bbox 2125 3831 2265 3885; x_wconf 90' lang='lat' dir='ltr'><strong>trius</strong></span> <span class='ocrx_word' id='word_1_698' title='bbox 2293 3836 2459 3885; x_wconf 91' lang='lat' dir='ltr'><strong>totam</strong></span> <span class='ocrx_word' id='word_1_699' title='bbox 2495 3829 2706 3884; x_wconf 84' lang='lat' dir='ltr'><strong>urbem</strong></span> <span class='ocrx_word' id='word_1_700' title='bbox 2739 3829 2962 3885; x_wconf 87' lang='lat' dir='ltr'><strong>miscuit</strong></span> <span class='ocrx_word' id='word_1_701' title='bbox 2992 3848 3004 3882; x_wconf 90' lang='lat'><strong>:</strong></span> <span class='ocrx_word' id='word_1_702' title='bbox 3041 3827 3250 3899; x_wconf 81' lang='lat' dir='ltr'><strong>Lystris</strong></span> <span class='ocrx_word' id='word_1_703' title='bbox 3272 3834 3326 3880; x_wconf 87' lang='lat' dir='ltr'><strong>et</strong></span> <span class='ocrx_word' id='word_1_704' title='bbox 3359 3825 3575 3889; x_wconf 70' lang='lat' dir='ltr'><strong>Derbaa,</strong></span> <span class='ocrx_word' id='word_1_705' title='bbox 3624 3824 3709 3879; x_wconf 85' lang='lat' dir='ltr'><strong>ld-</strong></span> 
     </span>
    </p>
   </div>
   <div class='ocr_carea' id='block_1_97' title="bbox 2125 3915 3710 3994">
    <p class='ocr_par' dir='ltr' id='par_1_97' title="bbox 2125 3915 3710 3994">
     <span class='ocr_line' id='line_1_97' title="bbox 2125 3915 3710 3994; baseline -0.004 -17"><span class='ocrx_word' id='word_1_706' title='bbox 2125 3922 2304 3994; x_wconf 77' lang='lat' dir='ltr'><strong>ipsutn</strong></span> <span class='ocrx_word' id='word_1_707' title='bbox 2327 3919 2552 3991; x_wconf 75' lang='lat' dir='ltr'><strong>contigit</strong></span> <span class='ocrx_word' id='word_1_708' title='bbox 2582 3939 2594 3974; x_wconf 88' lang='lat'><strong>:</strong></span> <span class='ocrx_word' id='word_1_709' title='bbox 2627 3919 2925 3990; x_wconf 85' lang='lat' dir='ltr'><strong>Philippis,</strong></span> <span class='ocrx_word' id='word_1_710' title='bbox 2951 3916 3366 3982; x_wconf 67' lang='lat' dir='ltr'><strong>Thessalonicae,</strong></span> <span class='ocrx_word' id='word_1_711' title='bbox 3398 3915 3624 3972; x_wconf 84' lang='lat' dir='ltr'><strong>Athenis</strong></span> <span class='ocrx_word' id='word_1_712' title='bbox 3655 3925 3710 3971; x_wconf 85' lang='lat' dir='ltr'><strong>et</strong></span> 
     </span>
    </p>
   </div>
   <div class='ocr_carea' id='block_1_98' title="bbox 2125 4000 3709 4079">
    <p class='ocr_par' dir='ltr' id='par_1_98' title="bbox 2125 4000 3709 4079">
     <span class='ocr_line' id='line_1_98' title="bbox 2125 4000 3709 4079; baseline -0.006 -13"><span class='ocrx_word' id='word_1_713' title='bbox 2125 4010 2401 4074; x_wconf 89' lang='lat' dir='ltr'><strong>Corinthi,</strong></span> <span class='ocrx_word' id='word_1_714' title='bbox 2465 4008 2750 4079; x_wconf 89' lang='lat' dir='ltr'><strong>spiritibus</strong></span> <span class='ocrx_word' id='word_1_715' title='bbox 2831 4006 3060 4062; x_wconf 69' lang='lat' dir='ltr'><strong>fallacia:</strong></span> <span class='ocrx_word' id='word_1_716' title='bbox 3127 4001 3443 4074; x_wconf 84' lang='lat' dir='ltr'><strong>hujus&#39;modi</strong></span> <span class='ocrx_word' id='word_1_717' title='bbox 3508 4000 3709 4056; x_wconf 82' lang='lat' dir='ltr'><strong>fluctus</strong></span> 
     </span>
    </p>
   </div>
   <div class='ocr_carea' id='block_1_99' title="bbox 2125 4093 3707 4170">
    <p class='ocr_par' dir='ltr' id='par_1_99' title="bbox 2125 4093 3707 4170">
     <span class='ocr_line' id='line_1_99' title="bbox 2125 4093 3707 4170; baseline -0.009 -13"><span class='ocrx_word' id='word_1_718' title='bbox 2125 4101 2430 4165; x_wconf 85' lang='lat' dir='ltr'><strong>cientibus,</strong></span> <span class='ocrx_word' id='word_1_719' title='bbox 2466 4098 2690 4170; x_wconf 89' lang='lat' dir='ltr'><strong>quidam</strong></span> <span class='ocrx_word' id='word_1_720' title='bbox 2738 4097 2807 4152; x_wconf 86' lang='lat' dir='ltr'><strong>ab</strong></span> <span class='ocrx_word' id='word_1_721' title='bbox 2837 4095 3034 4153; x_wconf 88' lang='lat' dir='ltr'><strong>iisdem</strong></span> <span class='ocrx_word' id='word_1_722' title='bbox 3082 4093 3294 4150; x_wconf 89' lang='lat' dir='ltr'><strong>obsessi</strong></span> <span class='ocrx_word' id='word_1_723' title='bbox 3339 4100 3532 4146; x_wconf 89' lang='lat' dir='ltr'><strong>contra</strong></span> <span class='ocrx_word' id='word_1_724' title='bbox 3578 4104 3707 4145; x_wconf 87' lang='lat' dir='ltr'><strong>san-</strong></span> 
     </span>
    </p>
   </div>
   <div class='ocr_carea' id='block_1_100' title="bbox 2124 4185 3706 4264">
    <p class='ocr_par' dir='ltr' id='par_1_100' title="bbox 2124 4185 3706 4264">
     <span class='ocr_line' id='line_1_100' title="bbox 2124 4185 3706 4264; baseline -0.011 -14"><span class='ocrx_word' id='word_1_725' title='bbox 2124 4203 2245 4250; x_wconf 91' lang='lat' dir='ltr'><strong>ctos</strong></span> <span class='ocrx_word' id='word_1_726' title='bbox 2279 4193 2558 4264; x_wconf 89' lang='lat' dir='ltr'><strong>apostolos</strong></span> <span class='ocrx_word' id='word_1_727' title='bbox 2592 4189 2905 4246; x_wconf 87' lang='lat' dir='ltr'><strong>clamabant</strong></span> <span class='ocrx_word' id='word_1_728' title='bbox 2939 4207 2951 4241; x_wconf 91' lang='lat'>:</span> <span class='ocrx_word' id='word_1_729' title='bbox 2987 4185 3062 4240; x_wconf 84' lang='lat' dir='ltr'><strong>Hi</strong></span> <span class='ocrx_word' id='word_1_730' title='bbox 3092 4185 3182 4256; x_wconf 88' lang='lat' dir='ltr'><strong>qui</strong></span> <span class='ocrx_word' id='word_1_731' title='bbox 3223 4185 3399 4238; x_wconf 90' lang='lat' dir='ltr'><strong>orbem</strong></span> <span class='ocrx_word' id='word_1_732' title='bbox 3445 4189 3706 4235; x_wconf 88' lang='lat' dir='ltr'><strong>terrarum</strong></span> 
     </span>
    </p>
   </div>
   <div class='ocr_carea' id='block_1_101' title="bbox 2127 4270 3703 4347">
    <p class='ocr_par' dir='ltr' id='par_1_101' title="bbox 2127 4270 3703 4347">
     <span class='ocr_line' id='line_1_101' title="bbox 2127 4270 3703 4347; baseline -0.011 -6"><span class='ocrx_word' id='word_1_733' title='bbox 2127 4281 2620 4347; x_wconf 78' lang='lat' dir='ltr'><strong>subverterant,&#39;hic</strong></span> <span class='ocrx_word' id='word_1_734' title='bbox 2657 4279 2850 4334; x_wconf 84' lang='lat' dir='ltr'><strong>adsunt</strong></span> <span class='ocrx_word' id='word_1_735' title='bbox 2867 4279 2933 4331; x_wconf 81' lang='grc'><strong>⁸⁸.</strong></span> <span class='ocrx_word' id='word_1_736' title='bbox 2961 4277 3088 4332; x_wconf 68' lang='lat' dir='ltr'><strong>Haec</strong></span> <span class='ocrx_word' id='word_1_737' title='bbox 3115 4275 3279 4331; x_wconf 86' lang='lat' dir='ltr'><strong>etiam</strong></span> <span class='ocrx_word' id='word_1_738' title='bbox 3310 4274 3500 4328; x_wconf 89' lang='lat' dir='ltr'><strong>beatus</strong></span> <span class='ocrx_word' id='word_1_739' title='bbox 3523 4270 3703 4325; x_wconf 84' lang='lat' dir='ltr'><strong>Ilaba-</strong></span> 
     </span>
    </p>
   </div>
   <div class='ocr_carea' id='block_1_102' title="bbox 2128 4365 3710 4446">
    <p class='ocr_par' dir='ltr' id='par_1_102' title="bbox 2128 4365 3710 4446">
     <span class='ocr_line' id='line_1_102' title="bbox 2128 4365 3710 4446; baseline -0.011 -15"><span class='ocrx_word' id='word_1_740' title='bbox 2128 4391 2254 4431; x_wconf 92' lang='lat' dir='ltr'><strong>cum</strong></span> <span class='ocrx_word' id='word_1_741' title='bbox 2286 4371 2674 4446; x_wconf 68' lang='lat' dir='ltr'><strong>prmnuntiavit</strong></span> <span class='ocrx_word' id='word_1_742' title='bbox 2693 4389 2704 4423; x_wconf 91' lang='lat'><strong>:</strong></span> <span class='ocrx_word' id='word_1_743' title='bbox 2724 4385 2849 4424; x_wconf 90' lang='lat' dir='ltr'><strong>nam</strong></span> <span class='ocrx_word' id='word_1_744' title='bbox 2876 4368 2982 4422; x_wconf 88' lang='lat' dir='ltr'><strong>ait:</strong></span> <span class='ocrx_word' id='word_1_745' title='bbox 3019 4365 3286 4420; x_wconf 74' lang='lat' dir='ltr'><strong>lnduxisti</strong></span> <span class='ocrx_word' id='word_1_746' title='bbox 3304 4365 3358 4418; x_wconf 91' lang='lat' dir='ltr'><strong>in</strong></span> <span class='ocrx_word' id='word_1_747' title='bbox 3381 4379 3526 4417; x_wconf 87' lang='lat' dir='ltr'><strong>mare</strong></span> <span class='ocrx_word' id='word_1_748' title='bbox 3549 4378 3710 4432; x_wconf 81' lang='lat' dir='ltr'><strong>equos</strong></span> 
     </span>
    </p>
   </div>
   <div class='ocr_carea' id='block_1_103' title="bbox 2129 4453 3707 4530">
    <p class='ocr_par' dir='ltr' id='par_1_103' title="bbox 2129 4453 3707 4530">
     <span class='ocr_line' id='line_1_103' title="bbox 2129 4453 3707 4530; baseline -0.008 -11"><span class='ocrx_word' id='word_1_749' title='bbox 2129 4476 2270 4528; x_wconf 90' lang='lat' dir='ltr'><strong>tuos,</strong></span> <span class='ocrx_word' id='word_1_750' title='bbox 2305 4463 2574 4517; x_wconf 86' lang='lat' dir='ltr'><strong>turbantes</strong></span> <span class='ocrx_word' id='word_1_751' title='bbox 2624 4477 2790 4530; x_wconf 88' lang='lat' dir='ltr'><strong>aquas</strong></span> <span class='ocrx_word' id='word_1_752' title='bbox 2843 4459 3039 4512; x_wconf 88' lang='lat' dir='ltr'><strong>multas</strong></span> <span class='ocrx_word' id='word_1_753' title='bbox 3059 4458 3125 4510; x_wconf 81' lang='lat'><strong>”.</strong></span> <span class='ocrx_word' id='word_1_754' title='bbox 3179 4455 3360 4525; x_wconf 84' lang='lat' dir='ltr'><strong>Equos</strong></span> <span class='ocrx_word' id='word_1_755' title='bbox 3397 4468 3528 4509; x_wconf 86' lang='lat' dir='ltr'><strong>vero</strong></span> <span class='ocrx_word' id='word_1_756' title='bbox 3570 4453 3707 4507; x_wconf 76' lang='lat' dir='ltr'><strong>dixit</strong></span> 
     </span>
    </p>
   </div>
   <div class='ocr_carea' id='block_1_104' title="bbox 2128 4543 3704 4625">
    <p class='ocr_par' dir='ltr' id='par_1_104' title="bbox 2128 4543 3704 4625">
     <span class='ocr_line' id='line_1_104' title="bbox 2128 4543 3704 4625; baseline -0.008 -13"><span class='ocrx_word' id='word_1_757' title='bbox 2128 4571 2317 4612; x_wconf 88' lang='lat' dir='ltr'><strong>sacros</strong></span> <span class='ocrx_word' id='word_1_758' title='bbox 2369 4553 2667 4625; x_wconf 88' lang='lat' dir='ltr'><strong>apostolos,</strong></span> <span class='ocrx_word' id='word_1_759' title='bbox 2719 4551 2812 4621; x_wconf 91' lang='lat' dir='ltr'><strong>qui</strong></span> <span class='ocrx_word' id='word_1_760' title='bbox 2872 4549 3186 4604; x_wconf 83' lang='lat' dir='ltr'><strong>vehiculum</strong></span> <span class='ocrx_word' id='word_1_761' title='bbox 3241 4546 3484 4600; x_wconf 90' lang='lat' dir='ltr'><strong>divinum</strong></span> <span class='ocrx_word' id='word_1_762' title='bbox 3527 4543 3704 4600; x_wconf 75' lang='lat' dir='ltr'><strong>eﬂ‘ecti</strong></span> 
     </span>
    </p>
   </div>
   <div class='ocr_carea' id='block_1_105' title="bbox 2127 4636 3706 4714">
    <p class='ocr_par' dir='ltr' id='par_1_105' title="bbox 2127 4636 3706 4714">
     <span class='ocr_line' id='line_1_105' title="bbox 2127 4636 3706 4714; baseline -0.008 -10"><span class='ocrx_word' id='word_1_763' title='bbox 2127 4656 2257 4704; x_wconf 89' lang='lat' dir='ltr'><strong>sunt</strong></span> <span class='ocrx_word' id='word_1_764' title='bbox 2293 4665 2306 4702; x_wconf 90' lang='lat'><strong>:</strong></span> <span class='ocrx_word' id='word_1_765' title='bbox 2346 4646 2432 4702; x_wconf 88' lang='lat' dir='ltr'><strong>his</strong></span> <span class='ocrx_word' id='word_1_766' title='bbox 2469 4644 2670 4714; x_wconf 89' lang='lat' dir='ltr'><strong>quippe</strong></span> <span class='ocrx_word' id='word_1_767' title='bbox 2707 4648 2900 4696; x_wconf 86' lang='lat' dir='ltr'><strong>vectus</strong></span> <span class='ocrx_word' id='word_1_768' title='bbox 2934 4639 3199 4694; x_wconf 88' lang='lat' dir='ltr'><strong>Dominus</strong></span> <span class='ocrx_word' id='word_1_769' title='bbox 3234 4636 3404 4690; x_wconf 88' lang='lat' dir='ltr'><strong>multa</strong></span> <span class='ocrx_word' id='word_1_770' title='bbox 3445 4639 3706 4706; x_wconf 71' lang='lat' dir='ltr'><strong>variaque</strong></span> 
     </span>
    </p>
   </div>
   <div class='ocr_carea' id='block_1_106' title="bbox 2126 4725 3704 4810">
    <p class='ocr_par' dir='ltr' id='par_1_106' title="bbox 2126 4725 3704 4810">
     <span class='ocr_line' id='line_1_106' title="bbox 2126 4725 3704 4810; baseline -0.01 -16"><span class='ocrx_word' id='word_1_771' title='bbox 2126 4736 2424 4810; x_wconf 89' lang='lat' dir='ltr'><strong>impietatis</strong></span> <span class='ocrx_word' id='word_1_772' title='bbox 2467 4735 2721 4804; x_wconf 75' lang='lat' dir='ltr'><strong>dogmata</strong></span> <span class='ocrx_word' id='word_1_773' title='bbox 2772 4730 3079 4800; x_wconf 87' lang='lat' dir='ltr'><strong>dissipavit.</strong></span> <span class='ocrx_word' id='word_1_774' title='bbox 3111 4728 3234 4782; x_wconf 84' lang='lat' dir='ltr'><strong>Alio</strong></span> <span class='ocrx_word' id='word_1_775' title='bbox 3279 4741 3500 4798; x_wconf 86' lang='lat' dir='ltr'><strong>quoque</strong></span> <span class='ocrx_word' id='word_1_776' title='bbox 3539 4725 3704 4780; x_wconf 81' lang='lat' dir='ltr'><strong>modo</strong></span> 
     </span>
    </p>
   </div>
   <div class='ocr_carea' id='block_1_107' title="bbox 2126 4819 3702 4894">
    <p class='ocr_par' dir='ltr' id='par_1_107' title="bbox 2126 4819 3702 4894">
     <span class='ocr_line' id='line_1_107' title="bbox 2126 4819 3702 4894; baseline -0.006 -11"><span class='ocrx_word' id='word_1_777' title='bbox 2126 4838 2288 4886; x_wconf 66' lang='lat' dir='ltr'><strong>terra;</strong></span> <span class='ocrx_word' id='word_1_778' title='bbox 2312 4826 2691 4882; x_wconf 88' lang='lat' dir='ltr'><strong>confusionem</strong></span> <span class='ocrx_word' id='word_1_779' title='bbox 2721 4838 2786 4879; x_wconf 88' lang='lat' dir='ltr'><strong>ac</strong></span> <span class='ocrx_word' id='word_1_780' title='bbox 2816 4821 3287 4894; x_wconf 72' lang='lat' dir='ltr'><strong>perturbatidnem</strong></span> <span class='ocrx_word' id='word_1_781' title='bbox 3315 4819 3621 4885; x_wconf 70' lang='lat' dir='ltr'><strong>intelligas,</strong></span> <span class='ocrx_word' id='word_1_782' title='bbox 3654 4820 3702 4875; x_wconf 86' lang='lat' dir='ltr'><strong>si</strong></span> 
     </span>
    </p>
   </div>
   <div class='ocr_carea' id='block_1_108' title="bbox 2131 4911 3705 4984">
    <p class='ocr_par' dir='ltr' id='par_1_108' title="bbox 2131 4911 3705 4984">
     <span class='ocr_line' id='line_1_108' title="bbox 2131 4911 3705 4984; baseline -0.008 -8"><span class='ocrx_word' id='word_1_783' title='bbox 2131 4921 2471 4976; x_wconf 82' lang='lat' dir='ltr'><strong>Salvatorem</strong></span> <span class='ocrx_word' id='word_1_784' title='bbox 2500 4917 2693 4973; x_wconf 86' lang='lat' dir='ltr'><strong>audias</strong></span> <span class='ocrx_word' id='word_1_785' title='bbox 2723 4916 2838 4970; x_wconf 74' lang='lat' dir='ltr'><strong>haec</strong></span> <span class='ocrx_word' id='word_1_786' title='bbox 2861 4916 3131 4971; x_wconf 87' lang='lat' dir='ltr'><strong>dicentem</strong></span> <span class='ocrx_word' id='word_1_787' title='bbox 3169 4932 3182 4968; x_wconf 90' lang='lat'><strong>:</strong></span> <span class='ocrx_word' id='word_1_788' title='bbox 3225 4913 3412 4984; x_wconf 78' lang='lat' dir='ltr'><strong>Ignem</strong></span> <span class='ocrx_word' id='word_1_789' title='bbox 3439 4913 3552 4967; x_wconf 77' lang='lat' dir='ltr'><strong>seni</strong></span> <span class='ocrx_word' id='word_1_790' title='bbox 3579 4911 3705 4965; x_wconf 87' lang='lat' dir='ltr'><strong>mit-</strong></span> 
     </span>
    </p>
   </div>
   <div class='ocr_carea' id='block_1_109' title="bbox 2123 5001 3704 5076">
    <p class='ocr_par' dir='ltr' id='par_1_109' title="bbox 2123 5001 3704 5076">
     <span class='ocr_line' id='line_1_109' title="bbox 2123 5001 3704 5076; baseline -0.009 -8"><span class='ocrx_word' id='word_1_791' title='bbox 2123 5024 2228 5068; x_wconf 86' lang='lat' dir='ltr'><strong>tere</strong></span> <span class='ocrx_word' id='word_1_792' title='bbox 2259 5012 2316 5064; x_wconf 88' lang='lat' dir='ltr'><strong>in</strong></span> <span class='ocrx_word' id='word_1_793' title='bbox 2346 5018 2571 5072; x_wconf 87' lang='lat' dir='ltr'><strong>terram;</strong></span> <span class='ocrx_word' id='word_1_794' title='bbox 2615 5015 2665 5060; x_wconf 91' lang='lat' dir='ltr'><strong>et</strong></span> <span class='ocrx_word' id='word_1_795' title='bbox 2715 5005 2838 5076; x_wconf 87' lang='lat' dir='ltr'><strong>quid</strong></span> <span class='ocrx_word' id='word_1_796' title='bbox 2888 5004 3002 5059; x_wconf 82' lang='lat' dir='ltr'><strong>volo</strong></span> <span class='ocrx_word' id='word_1_797' title='bbox 3028 5005 3075 5059; x_wconf 90' lang='lat' dir='ltr'><strong>si</strong></span> <span class='ocrx_word' id='word_1_798' title='bbox 3098 5004 3215 5074; x_wconf 91' lang='lat' dir='ltr'><strong>jam</strong></span> <span class='ocrx_word' id='word_1_799' title='bbox 3247 5017 3497 5056; x_wconf 73' lang='lat' dir='ltr'><strong>accensus</strong></span> <span class='ocrx_word' id='word_1_800' title='bbox 3527 5001 3704 5056; x_wconf 71' lang='lat' dir='ltr'><strong>est&quot;?</strong></span> 
     </span>
    </p>
   </div>
   <div class='ocr_carea' id='block_1_110' title="bbox 2117 5092 3704 5167">
    <p class='ocr_par' dir='ltr' id='par_1_110' title="bbox 2117 5092 3704 5167">
     <span class='ocr_line' id='line_1_110' title="bbox 2117 5092 3704 5167; baseline -0.011 -7"><span class='ocrx_word' id='word_1_801' title='bbox 2117 5105 2184 5160; x_wconf 85' lang='lat' dir='ltr'><strong>Et</strong></span> <span class='ocrx_word' id='word_1_802' title='bbox 2215 5117 2435 5158; x_wconf 87' lang='lat' dir='ltr'><strong>rursum</strong></span> <span class='ocrx_word' id='word_1_803' title='bbox 2468 5119 2482 5154; x_wconf 90' lang='lat'>:</span> <span class='ocrx_word' id='word_1_804' title='bbox 2513 5097 2693 5154; x_wconf 77' lang='lat' dir='ltr'><strong>Nolite</strong></span> <span class='ocrx_word' id='word_1_805' title='bbox 2715 5107 2902 5167; x_wconf 87' lang='lat' dir='ltr'><strong>putare</strong></span> <span class='ocrx_word' id='word_1_806' title='bbox 2953 5095 3093 5166; x_wconf 86' lang='lat' dir='ltr'><strong>quod</strong></span> <span class='ocrx_word' id='word_1_807' title='bbox 3121 5095 3346 5150; x_wconf 83' lang='lat' dir='ltr'><strong>venerim</strong></span> <span class='ocrx_word' id='word_1_808' title='bbox 3368 5107 3549 5162; x_wconf 87' lang='lat' dir='ltr'><strong>pacem</strong></span> <span class='ocrx_word' id='word_1_809' title='bbox 3581 5092 3704 5145; x_wconf 88' lang='lat' dir='ltr'><strong>mit-</strong></span> 
     </span>
    </p>
   </div>
   <div class='ocr_carea' id='block_1_111' title="bbox 2118 5181 3810 5264">
    <p class='ocr_par' dir='ltr' id='par_1_111' title="bbox 2118 5181 3810 5264">
     <span class='ocr_line' id='line_1_111' title="bbox 2118 5181 3810 5264; baseline -0.009 -14"><span class='ocrx_word' id='word_1_810' title='bbox 2118 5206 2225 5251; x_wconf 88' lang='lat' dir='ltr'><strong>tere</strong></span> <span class='ocrx_word' id='word_1_811' title='bbox 2282 5208 2435 5264; x_wconf 80' lang='lat' dir='ltr'><strong>super</strong></span> <span class='ocrx_word' id='word_1_812' title='bbox 2484 5200 2682 5243; x_wconf 89' lang='lat' dir='ltr'><strong>terram</strong></span> <span class='ocrx_word' id='word_1_813' title='bbox 2725 5203 2743 5241; x_wconf 90' lang='lat'><strong><em>:</em></strong></span> <span class='ocrx_word' id='word_1_814' title='bbox 2793 5205 2896 5242; x_wconf 86' lang='lat' dir='ltr'><strong>non</strong></span> <span class='ocrx_word' id='word_1_815' title='bbox 2960 5189 3076 5242; x_wconf 78' lang='lat' dir='ltr'><strong>veni</strong></span> <span class='ocrx_word' id='word_1_816' title='bbox 3121 5203 3304 5257; x_wconf 84' lang='lat' dir='ltr'><strong>pacem</strong></span> <span class='ocrx_word' id='word_1_817' title='bbox 3348 5187 3569 5250; x_wconf 85' lang='lat' dir='ltr'><strong>mittere,</strong></span> <span class='ocrx_word' id='word_1_818' title='bbox 3611 5181 3702 5237; x_wconf 81' lang='lat' dir='ltr'><strong>sed</strong></span> <span class='ocrx_word' id='word_1_819' title='bbox 3807 5191 3810 5194; x_wconf 82' lang='grc'><strong>’</strong></span> 
     </span>
    </p>
   </div>
   <div class='ocr_carea' id='block_1_112' title="bbox 2119 5280 3700 5359">
    <p class='ocr_par' dir='ltr' id='par_1_112' title="bbox 2119 5280 3700 5359">
     <span class='ocr_line' id='line_1_112' title="bbox 2119 5280 3700 5359; baseline -0.009 -18"><span class='ocrx_word' id='word_1_820' title='bbox 2119 5286 2378 5359; x_wconf 85' lang='lat' dir='ltr'><strong>gladium.</strong></span> <span class='ocrx_word' id='word_1_821' title='bbox 2425 5283 2549 5337; x_wconf 81' lang='lat' dir='ltr'><strong>Veni</strong></span> <span class='ocrx_word' id='word_1_822' title='bbox 2591 5282 2732 5336; x_wconf 87' lang='lat' dir='ltr'><strong>enim</strong></span> <span class='ocrx_word' id='word_1_823' title='bbox 2786 5295 3032 5349; x_wconf 86' lang='lat' dir='ltr'><strong>separare</strong></span> <span class='ocrx_word' id='word_1_824' title='bbox 3079 5280 3340 5335; x_wconf 85' lang='lat' dir='ltr'><strong>hominem</strong></span> <span class='ocrx_word' id='word_1_825' title='bbox 3386 5295 3418 5330; x_wconf 93' lang='lat' dir='ltr'><strong>a</strong></span> <span class='ocrx_word' id='word_1_826' title='bbox 3451 5285 3618 5346; x_wconf 83' lang='lat' dir='ltr'><strong>patre,</strong></span> <span class='ocrx_word' id='word_1_827' title='bbox 3646 5282 3700 5329; x_wconf 82' lang='lat' dir='ltr'><strong>st</strong></span> 
     </span>
    </p>
   </div>
   <div class='ocr_carea' id='block_1_113' title="bbox 2121 5364 3699 5446">
    <p class='ocr_par' dir='ltr' id='par_1_113' title="bbox 2121 5364 3699 5446">
     <span class='ocr_line' id='line_1_113' title="bbox 2121 5364 3699 5446; baseline -0.008 -16"><span class='ocrx_word' id='word_1_828' title='bbox 2121 5376 2291 5444; x_wconf 78' lang='lat' dir='ltr'><strong>ﬁliam</strong></span> <span class='ocrx_word' id='word_1_829' title='bbox 2319 5390 2352 5426; x_wconf 90' lang='lat' dir='ltr'><strong>a</strong></span> <span class='ocrx_word' id='word_1_830' title='bbox 2376 5380 2562 5435; x_wconf 88' lang='lat' dir='ltr'><strong>matre,</strong></span> <span class='ocrx_word' id='word_1_831' title='bbox 2594 5381 2644 5426; x_wconf 88' lang='lat' dir='ltr'><strong>et</strong></span> <span class='ocrx_word' id='word_1_832' title='bbox 2672 5387 2864 5424; x_wconf 89' lang='lat' dir='ltr'><strong>nurum</strong></span> <span class='ocrx_word' id='word_1_833' title='bbox 2891 5387 2923 5426; x_wconf 93' lang='lat' dir='ltr'><strong>a</strong></span> <span class='ocrx_word' id='word_1_834' title='bbox 2957 5386 3141 5446; x_wconf 73' lang='lat' dir='ltr'><strong>socru,</strong></span> <span class='ocrx_word' id='word_1_835' title='bbox 3163 5378 3211 5424; x_wconf 82' lang='lat' dir='ltr'><strong>et</strong></span> <span class='ocrx_word' id='word_1_836' title='bbox 3243 5367 3442 5422; x_wconf 69' lang='lat' dir='ltr'><strong>inimici</strong></span> <span class='ocrx_word' id='word_1_837' title='bbox 3473 5364 3699 5422; x_wconf 64' lang='lat' dir='ltr'><strong>Hominis</strong></span> 
     </span>
    </p>
   </div>
   <div class='ocr_carea' id='block_1_114' title="bbox 508 5513 2031 5594">
    <p class='ocr_par' dir='ltr' id='par_1_114' title="bbox 508 5513 2031 5587">
     <span class='ocr_line' id='line_1_114' title="bbox 508 5513 2031 5587; baseline 0.009 -19"><span class='ocrx_word' id='word_1_838' title='bbox 508 5514 554 5547; x_wconf 82' lang='lat'><strong>&quot;</strong></span> <span class='ocrx_word' id='word_1_839' title='bbox 591 5513 790 5587; x_wconf 85' lang='lat' dir='ltr'><strong>Philip.</strong></span> <span class='ocrx_word' id='word_1_840' title='bbox 823 5532 899 5583; x_wconf 83' lang='grc' dir='ltr'><strong>ιι,</strong></span> <span class='ocrx_word' id='word_1_841' title='bbox 939 5517 1022 5574; x_wconf 86' lang='grc' dir='ltr'>ιο.</span> <span class='ocrx_word' id='word_1_842' title='bbox 1095 5517 1140 5552; x_wconf 80' lang='grc'><strong>⁸⁵</strong></span> <span class='ocrx_word' id='word_1_843' title='bbox 1177 5519 1296 5575; x_wconf 87' lang='lat' dir='ltr'><strong>Act.</strong></span> <span class='ocrx_word' id='word_1_844' title='bbox 1330 5536 1479 5581; x_wconf 77' lang='lat' dir='ltr'><strong>xsvtt</strong></span> <span class='ocrx_word' id='word_1_845' title='bbox 1557 5522 1594 5575; x_wconf 68' lang='grc' dir='ltr'>ὅ</span> <span class='ocrx_word' id='word_1_846' title='bbox 1690 5525 1734 5557; x_wconf 76' lang='grc'><strong>⁸³</strong></span> <span class='ocrx_word' id='word_1_847' title='bbox 1775 5523 1979 5580; x_wconf 81' lang='lat' dir='ltr'><strong>llabac.</strong></span> <span class='ocrx_word' id='word_1_848' title='bbox 2015 5541 2031 5582; x_wconf 86' lang='grc' dir='ltr'><strong>ι</strong></span> 
     </span>
    </p>
   </div>
   <div class='ocr_carea' id='block_1_115' title="bbox 2130 5513 2807 5594">
    <p class='ocr_par' dir='ltr' id='par_1_115' title="bbox 2151 5525 2807 5593">
     <span class='ocr_line' id='line_1_115' title="bbox 2151 5525 2807 5593; baseline 0 -11"><span class='ocrx_word' id='word_1_849' title='bbox 2151 5527 2237 5582; x_wconf 80' lang='grc'><strong>15.</strong></span> <span class='ocrx_word' id='word_1_850' title='bbox 2314 5529 2359 5559; x_wconf 75' lang='grc' dir='ltr'>’θ</span> <span class='ocrx_word' id='word_1_851' title='bbox 2398 5526 2531 5583; x_wconf 88' lang='lat' dir='ltr'><strong>Luc.</strong></span> <span class='ocrx_word' id='word_1_852' title='bbox 2564 5543 2676 5593; x_wconf 79' lang='lat' dir='ltr'><strong>xu,</strong></span> <span class='ocrx_word' id='word_1_853' title='bbox 2713 5525 2807 5585; x_wconf 66' lang='grc'><strong>69.</strong></span> 
     </span>
    </p>
   </div>
   <div class='ocr_carea' id='block_1_116' title="bbox 515 5617 812 5699">
    <p class='ocr_par' dir='ltr' id='par_1_116' title="bbox 515 5617 812 5699">
     <span class='ocr_line' id='line_1_116' title="bbox 515 5617 812 5699; baseline 0.017 -20"><span class='ocrx_word' id='word_1_854' title='bbox 515 5617 812 5699; x_wconf 64' lang='lat' dir='ltr'><strong>(nuptm.</strong></span> 
     </span>
    </p>
   </div>
   <div class='ocr_carea' id='block_1_117' title="bbox 3622 243 3914 324">
    <p class='ocr_par' dir='ltr' id='par_1_117' title="bbox 3622 243 3914 324">
     <span class='ocr_line' id='line_1_117' title="bbox 3622 243 3914 324; baseline 0 -24"><span class='ocrx_word' id='word_1_855' title='bbox 3622 243 3726 300; x_wconf 81' lang='lat' dir='ltr'><strong>tos</strong></span> <span class='ocrx_word' id='word_1_856' title='bbox 3806 309 3824 320; x_wconf 28' lang='grc' dir='ltr'><strong>η,</strong></span> <span class='ocrx_word' id='word_1_857' title='bbox 3909 317 3914 324; x_wconf 95' lang='lat'><em>_</em></span> 
     </span>
    </p>
   </div>
  </div>
