4100 6442
573 355 676 415 ιιι
1287 342 1372 402 EU
1382 339 1556 401 SEBil
1591 329 2071 396 CESARIENSIS
2103 329 2156 391 Ol

2257 374 2261 387 .
2305 328 2487 386 PARS
2522 328 2616 384 Ill.
2657 357 2730 370 —
2763 323 3175 384 EXEGETICA.
3711 323 3834 378 ιη

575 466 702 523 Non
723 465 871 520 ultra
907 461 1176 520 vocabitur
1207 465 1393 514 nomen
1408 467 1556 512 tuum
1601 453 1794 520 Iacob,
1853 451 1942 508 sed
1979 450 2152 506 Israel

2257 449 2384 519 γὰρ’
2408 447 2592 519 “avt
2624 445 2720 500 ἄνθ
2729 462 2908 518 Ρωπος
2928 445 3046 516 μετ’
3073 442 3259 509 αὐτοῦ,
3281 441 3343 507 ὃς
3363 440 3456 496 καὶ
3476 435 3625 494 εἶπεν
3650 439 3828 510 αὑτῷο

567 560 669 614 erit
695 572 879 612 nomen
903 564 1072 618 tuum,
1103 554 1226 624 quia
1256 549 1583 620 prcualuisti
1629 564 1748 602 cum
1781 545 1911 600 Deo.
1936 542 2006 598 Et
2038 559 2156 598 sur-

2260 542 2380 593 οὐκ
2409 539 2497 593 ἔτι
2523 536 2895 604 κληθήσεται
2923 536 2989 590 τὸ
3015 534 3206 605 ὄνομά
3240 549 3356 588 σου
3409 529 3606 587 Ἰακὼϐ
3625 571 3639 595 ,
3675 532 3834 586 ἀλλ’

571 661 696 717 gens
720 643 887 698 Iacob
926 619 1126 698 uocauit
1173 619 1356 694 nomen
1399 638 1501 692 loci
1533 637 1706 699 illius,
1741 633 1976 703 Speciem
2034 631 2156 697 Dei,

2268 627 2504 698 Ἰσραὴλ
2525 627 2695 681 ἔσται
2721 628 2788 683 τὸ
2820 627 3006 696 ὄνομα
3024 641 3140 680 σου
3163 641 3178 656 ’
3206 625 3294 678 ὅτι
3323 624 3655 693 ἐνισχυσας
3677 619 3838 691 μετὰ

571 711 750 791 dicens
785 753 804 790 :
845 734 966 789 Vidi
984 734 1122 788 enim
1179 732 1466 786 Dominum
1496 728 1634 798 facie
1660 726 1730 781 ad
1755 726 1946 796 faciem
1970 725 2036 778 ”.
2071 721 2156 778 Si-

2257 721 2424 774 Θεοῦ.
2460 720 2566 774 Kal
2593 718 2864 784 ἀναστὰς
2907 713 3106 772 Ἰακὼό
3133 715 3388 770 ἐκάλεσε
3413 715 3480 769 τὸ
3509 714 3696 782 ὄνομα
3721 711 3838 766 τοῦ

572 826 793 896 quidem
825 825 916 879 hic
955 824 1073 894 ipse
1103 829 1188 878 est
1219 821 1312 892 qui
1348 819 1454 875 sub
1486 817 1667 888 specie
1692 814 1932 871 hominis
1951 811 2156 868 Iacobo

2257 814 2441 866 τόπου
2484 811 2748 880 ἐκείνου,
2780 805 2957 876 εἶδος
3016 806 3184 872 Θεοῦ,
3233 803 3448 896 εἰπών’
3505 801 3681 862 Εἶδον
3718 803 3838 873 γὰρ

572 889 844 987 apparuit.
877 889 997 986 Ipse
1009 919 1192 968 autem
1217 889 1302 968 est
1329 910 1585 964 Dominus
1607 908 1857 962 virtutum
1875 902 2148 959 nobiscum

2257 902 2406 956 Θεὸν
2435 904 2758 971 πρόσωπον
2785 899 2934 969 πρὸς
2953 901 3297 968 πρόσωπον.
3331 889 3498 961 Οὗτος
3529 896 3637 968 γὰρ
3667 894 3840 957 αὐτὸς

571 1012 626 1060 et
656 1006 773 1074 ipse
800 1011 885 1059 est
937 1010 1208 1071 susceptor
1252 1008 1430 1055 noster
1472 998 1611 1052 Deus
1643 994 1833 1050 Iacob.
1873 992 1980 1050 Per
2022 1008 2148 1050 eum

2257 995 2463 1059 ἐκεῖνος
2502 996 2530 1048 ὁ
2558 995 2616 1046 ὲν
2649 992 2947 1064 ,ἀνθρώπου
2980 993 3215 1062 σχήματι
3246 989 3324 1061 τῷ
3380 987 3573 1044 Ἰακὼϐ
3617 987 3835 1058 φανείς.

572 1097 717 1152 enim
740 1109 907 1164 supra
935 1100 1234 1148 memorata
1263 1089 1445 1145 omnia
1474 1094 1621 1144 recte
1642 1086 1936 1158 gessimus.

2257 1085 2427 1149 Αὐτὸς
2464 1083 2522 1138 δέ
2549 1086 2696 1137 ἐστιν
2744 1087 2776 1138 ὀ
2828 1084 3043 1152 Κύριος
3095 1080 3215 1136 τῶν
3263 1079 3571 1149 δυνάμεων
3618 1081 3650 1132 ὀ
3699 1076 3840 1146 μεθ’

572 1187 762 1260 ἡμῶν,
801 1188 897 1242 uel
924 1186 1086 1251 αὑτός
1147 1186 1295 1239 ἐστιν
1325 1183 1703 1250 ἁντιλήπτωρ
1754 1179 1925 1251 ἡμῶν
1966 1181 2000 1235 ὀ
2022 1179 2190 1251 ,Θεὸς
2238 1178 2452 1234 Ἰακώϐ.
2505 1180 2582 1232 Δι’
2645 1176 2809 1232 αὐτοῦ
2839 1177 2946 1247 γὰρ
3009 1175 3076 1230 τὰ
3134 1175 3600 1248 προγεγραμμένα
3654 1173 3841 1227 πάντα

571 1280 1033 1353 κατωρθώσαμεν.

644 1370 810 1427 Vsus.
841 1373 896 1436 9,
935 1371 1022 1426 10.
1068 1370 1248 1425 Venite
1283 1379 1332 1425 et
1381 1369 1549 1424 videte
1575 1384 1732 1438 opera
1765 1367 2004 1433 Domini,
2031 1381 2150 1438 qua:

568 1463 741 1518 posuit
787 1461 1032 1532 prodigia
1069 1477 1224 1530 super
1279 1467 1496 1527 terram,
1553 1460 1798 1529 auferens
1821 1459 1959 1515 bella
1991 1475 2153 1529 usque

570 1552 641 1608 ad
673 1554 803 1623 ﬁnes
825 1561 998 1607 terrw.
1023 1553 1218 1605 Arcum
1248 1559 1475 1605 conteret
1518 1559 1564 1604 et
1593 1550 1886 1620 confringet
1921 1565 2074 1604 arma
2101 1557 2152 1603 et

569 1652 722 1699 scuta
765 1643 1038 1698 comburet
1089 1643 1220 1713 igni.
1269 1641 1423 1697 Licet
1451 1643 1630 1700 cuivis
1678 1652 1924 1713 tempora
1961 1654 2150 1696 secum

569 1737 867 1806 reputanti,
916 1737 1031 1792 haec
1067 1738 1136 1792 ad
1179 1737 1416 1793 litteram
1462 1739 1690 1810 impleta
1719 1735 2147 1807 deprehendere.

572 1826 854 1899 Siquidem
884 1837 1010 1885 ante
1043 1828 1345 1885 Salvatoris
1397 1832 1572 1885 nostri
1603 1830 1919 1896 adventum,
1944 1828 2150 1900 princi-
2181 1845 2224 1902 Β

570 1927 732 1989 palus
765 1934 830 1975 ac
856 1919 1097 1976 dominia
1125 1921 1179 1975 in
1225 1920 1457 1992 singulis
1491 1922 1807 1993 regionibus
1837 1930 1892 1977 et
1924 1921 2152 1976 urbibus

571 2018 731 2065 erant
759 2024 859 2066 :ac
885 2010 942 2065 in
967 2012 1212 2081 quolibet
1251 2019 1413 2067 terra:
1472 2014 1672 2084 angulo
1712 2013 1854 2069 bella
1889 2011 2155 2084 gereban-

574 2094 801 2170 tur;ita
848 2113 906 2158 ut
945 2103 1030 2159 vel
1071 2103 1174 2173 ipsi
1234 2103 1433 2158 rustici
1464 2103 1559 2174 qui
1584 2111 1788 2159 terram
1819 2103 2152 2167 incolebant,

570 2195 770 2260 hastis,
799 2197 996 2268 gladiis
1028 2197 1289 2266 omnique
1316 2197 1554 2252 telorum
1606 2211 1807 2268 genere
1825 2211 1886 2252 se
1913 2195 2155 2251 instrue-

571 2295 712 2340 rent.
749 2287 814 2339 At
839 2294 964 2357 post
1011 2287 1260 2342 divinum
1295 2285 1597 2341 Salvatoris
1625 2285 1943 2350 adventum,
1985 2301 2157 2339 unum

572 2375 879 2431 Romanum
911 2377 1199 2448 imperium
1230 2378 1496 2448 plurimas
1523 2384 1715 2448 gentes
1743 2392 2016 2448 occupare
2049 2392 2158 2431 eue-

573 2465 653 2536 pit
683 2481 697 2518 :
731 2465 1195 2538 Evangeliumque
1245 2467 1510 2532 salutare,
1543 2467 1690 2538 quod
1724 2483 1834 2523 uno
1851 2466 2156 2537 eodemque

575 2563 824 2626 tempore
879 2567 1129 2613 exortum
1184 2565 1292 2621 est,
1316 2557 1372 2612 in
1402 2572 1595 2614 omnes
1650 2566 1842 2628 gentes
1895 2557 2150 2627 pervasit.

575 2643 841 2717 Tuncque
861 2647 1190 2718 implebatur
1206 2649 1313 2702 alia
1347 2647 1651 2718 prophetia,
1686 2646 1838 2703 Isaia:
1875 2662 2008 2704 voce
2029 2664 2156 2718 pro-

571 2733 709 2799 lata,
747 2733 834 2789 bis
870 2735 1089 2791 verbis:
1127 2735 1196 2789 Et
1227 2736 1532 2805 conﬂabunt
1562 2736 1769 2806 gladios
1795 2753 1918 2792 suos
1951 2738 2006 2790 in
2030 2754 2158 2790 ara-

579 2833 686 2888 tra,
715 2833 766 2879 et
795 2824 1006 2880 lanceas
1051 2843 1178 2882 suas
1209 2829 1263 2881 in
1288 2811 1473 2897 falces.
1517 2826 1586 2880 Et
1641 2844 1746 2881 non
1787 2829 2004 2897 accipiet
2031 2843 2154 2898 gens

566 2917 760 2970 ‘contra
787 2926 987 2988 gentem
1038 2919 1295 2989 gladium,
1356 2935 1448 2973 nec
1491 2919 1868 2974 exercebuntur
1890 2920 2036 2973 ultra
2085 2919 2155 2972 ad

570 3007 814 3076 pretium
833 3009 873 3064 ¹.
900 3007 1026 3063 llaec
1057 3009 1224 3080 igitur
1235 3010 1490 3080 praesenti
1509 3026 1764 3066 sermone
1779 3010 2154 3076 declarantur,

571 3106 737 3170 atque
765 3099 926 3156 linem
956 3102 1150 3156 sortita
1203 3108 1353 3166 sunt,
1382 3101 1450 3156 ad
1484 3101 1720 3156 litteram
1754 3101 1977 3172 quidem
2001 3110 2059 3156 ut
2097 3103 2155 3157 in

2323 1359 2502 1415 Δεῦτε
2532 1359 2632 1413 καὶ
2673 1357 2828 1413 rem
2863 1355 2936 1411 τὰ
2969 1359 3113 1427 ἔργα
3137 1355 3243 1410 τοῦ
3293 1355 3514 1423 Κυρίου
3541 1395 3555 1419 ,
3596 1353 3632 1407 ἆ
3663 1356 3841 1410 ἔθετο

2251 1449 2467 1519 τέρατα
2499 1448 2599 1502 ἐπὶ
2617 1447 2728 1517 τῆς
2759 1447 2894 1517 τῆς,
2940 1443 3314 1513 ἀνταναιρῶν
3334 1443 3636 1513 πολέμους
3651 1444 3841 1514 μέχρι

2253 1540 2371 1594 τῶν
2401 1539 2667 1609 περάτων
2687 1538 2798 1608 τῆς
2817 1537 2950 1608 τῆς.
2982 1536 3166 1602 Τόξον
3185 1536 3524 1604 συντρίψει,
3551 1535 3648 1590 καί
3681 1551 3840 1605 συγ·

2252 1631 2469 1686 κλάσει
2495 1631 2708 1696 ὅπλον,
2737 1629 2836 1684 καὶ
2863 1628 3112 1697 θυρεοὺς
3154 1628 3516 1684 κατακαύσει
3565 1626 3634 1680 ἐν
3663 1627 3836 1694 πυρί.

2253 1725 2412 1778 Ἐστι
2432 1739 2516 1792 γε,
2544 1723 2915 1792 ἐπιστήσαντα
2943 1723 3055 1783 τοῖς
3087 1720 3334 1791 χρόνοις,
3381 1719 3475 1772 καὶ
3508 1717 3643 1788 πρὸς
3687 1716 3838 1783 λέξιν

2253 1813 2394 1868 αὑτά
2449 1811 2623 1867 ταῦτα
2671 1810 3077 1882 πεπληρωμένα
3137 1808 3507 1880 παραλαϐεῖν·
3559 1808 3612 1860 εἴ
3631 1825 3694 1876 γε
3725 1807 3842 1878 πρὸ

2259 1907 2358 1976 τῆς
2383 1903 2478 1957 τοῦ
2514 1904 2764 1974 Σωτῆρος
2808 1901 2966 1973 ἡμῶν
2999 1901 3320 1970 ἐπιφανείας
3342 1901 3701 1972 τοποκρατίαι
3734 1900 3838 1954 uel

2256 1995 2547 2068 τοπαρχίαι
2580 1994 2720 2049 κατά
2748 1992 2930 2066 χώρας
2960 1989 3102 2065 ἦσαν
3140 1991 3234 2046 uel
3286 1991 3425 2046 κατά
3466 1991 3680 2056 πόλεις’
3735 1991 3809 2043 πό

2255 2086 2411 2158 λεμοί
2446 2104 2506 2140 τε
2535 2085 2852 2140 συνίσταντο
2895 2085 3019 2139 καθ’
3041 2083 3279 2155 ἑκάστην
3314 2083 3517 2153 γωνίαν
3553 2086 3651 2155 τῆς
3683 2087 3789 2154 γῆς
3817 2099 3834 2114 ⁶

2255 2174 2331 2239 ὼς
2359 2175 2452 2228 uel
2485 2175 2680 2236 αὐτοὺς
2701 2174 2828 2237 τοὺς
2856 2173 3186 2243 γεωπόνους,
3226 2172 3322 2244 τὴν
3363 2171 3547 2244 χώραν
3599 2173 3835 2243 ἐργαζο-

2261 2263 2474 2334 μένους,
2505 2263 2747 2335 δοράτων
2777 2263 2872 2316 uel
2897 2263 3067 2334 ξιφῶν
3103 2264 3200 2318 καὶ
3223 2263 3488 2317 παντοίων
3521 2262 3838 2334 πολεμικῶν

2255 2357 2434 2410 ὃπλων
2467 2354 2864 2427 ἐπιμελεῖσθαι.
2902 2354 3057 2408 Μετὰ
3083 2355 3141 2408 δὲ
3184 2355 3284 2425 τὴν
3332 2355 3598 2424 σωτήριον
3635 2353 3840 2422 θεσφά-

2254 2463 2402 2500 νειαν
2438 2447 2706 2517 μόναρχος
2729 2446 2826 2516 μὲν
2859 2447 2892 2517 ἡ
2929 2443 3214 2516 Ῥωμαίων
3243 2444 3489 2516 βασιλεία
3515 2445 3840 2515 ἐπικρατεῖν

2257 2537 2524 2591 πλείστων
2562 2536 2732 2590 ἐθνῶν
2770 2536 3001 2608 ἧρξατο·
3045 2535 3288 2608 διέτρεχε
3333 2536 3391 2589 δὲ
3431 2536 3842 2608 συναρξάμενον

2255 2630 2392 2698 αὐτῇ
2438 2629 2499 2682 τὸ
2533 2629 2798 2700 σωτήριον
2831 2628 3162 2698 Εὑαγγέλιον
3201 2629 3284 2691 είς
3332 2629 3508 2683 πάντα
3558 2627 3627 2682 τά
3681 2627 3840 2698 ἔθνη.

2269 2720 2607 2792 Ἐπληροῦτο
2638 2721 2694 2773 δὲ
2724 2720 2816 2774 uel
2841 2719 2976 2789 άλλη
3010 2719 3338 2790 προφητεία,
3373 2714 3475 2774 ὧδέ
3511 2736 3586 2790 πη
3616 2720 3844 2788 ἀναφω-

2257 2811 2423 2866 νοῦσα
2452 2811 2542 2866 διά
2574 2811 2796 2866 Ἡσαΐου
2817 2826 2829 2841 ο
2853 2809 2964 2866 Kal
2995 2811 3381 2880 συγκόψουσι
3408 2808 3516 2876 τὰς
3536 2811 3844 2879 μαχαΙρας

2262 2904 2464 2959 αὐτῶν
2487 2906 2573 2970 εις
2602 2903 2840 2972 ἄροτρα,
2870 2901 2967 2956 καί
2989 2900 3098 2968 τὰς
3119 2899 3352 2968 ᾆὸύνας
3373 2901 3573 2955 αὐτῶν
3603 2904 3691 2968 εις
3716 2899 3844 2969 om.

2257 3009 2436 3050 παναο
2453 2994 2551 3048 καί
2567 2995 2638 3048 οὐ
2652 2993 2738 3063 μὴ
2757 2993 3014 3062 λήψεται
3032 2993 3208 3069 ἔθνος
3223 2993 3320 3046 ἐπὶ
3341 2993 3512 3058 ἔθνος
3516 2991 3839 3061 μάχαιραν,

2259 3084 2358 3138 καὶ
2385 3086 2456 3139 οὐ
2478 3083 2566 3155 μὴ
2581 3084 2857 3154 μάθωσιν
2877 3086 2964 3139 ἐτι
2984 3084 3288 3155 πολεμεῖν.
3317 3082 3499 3137 Ταῦτα
3535 3082 3598 3153 δὴ
3628 3079 3722 3138 οὖν
3744 3084 3843 3137 καὶ

573 3191 805 3253 historia
847 3199 1016 3263 supra
1069 3200 1415 3266 memorata;
1457 3193 1606 3262 quod
1646 3193 1715 3248 ad
1743 3207 2000 3248 arcanam
2025 3208 2156 3249 vero

2257 3175 2346 3230 διὰ
2384 3176 2495 3231 τῶν
2557 3176 2842 3247 παρόντων
2868 3175 3141 3248 δηλοῦται,
3174 3175 3266 3228 καὶ
3292 3175 3479 3238 τέλους
3533 3174 3797 3245 ἐτύγχανε
3825 3216 3842 3238 ,

573 3288 835 3346 mentem,
868 3297 967 3351 per
997 3281 1371 3351 spiritualium
1403 3294 1473 3338 .et
1510 3283 1868 3338 invisibilium
1902 3283 2157 3339 inimico-

574 3386 696 3428 rum
715 3371 1034 3442 perniciem.
1071 3370 1299 3427 Lancea:
1321 3386 1511 3441 porro,
1549 3374 1658 3428 tela
1691 3380 1746 3428 et
1777 3382 1930 3428 scuta
1970 3373 2159 3429 adver-

575 3461 848 3517 sariarum
879 3467 1232 3530 potestatum,
1257 3476 1381 3517 esse
1418 3461 1673 3518 videntur
1691 3462 1986 3517 inanimata
2009 3464 2158 3519 scul-

575 3551 730 3623 ptilia
779 3558 835 3606 et
862 3558 1058 3608 statuae
1085 3567 1180 3622 per
1217 3551 1600 3622 multiplicium
1630 3553 1874 3619 .deorum
1913 3568 2156 3612 errorem

576 3635 836 3701 invectae;
864 3634 979 3690 sive
1011 3636 1176 3689 etiam
1207 3634 1353 3689 athei
1376 3635 1478 3689 viri
1493 3644 1548 3690 et
1568 3635 1746 3705 impiae
1774 3637 2154 3708 cogitationes,

577 3723 649 3781 ab
670 3723 1037 3779 invisibilibus
1088 3723 1373 3794 spiritibus
1406 3723 1462 3778 in
1498 3732 1710 3780 mentes
1765 3725 2047 3780 hominum
2073 3726 2156 3779 in-

576 3817 775 3881 ductae,
807 3815 964 3886 queis
989 3815 1325 3886 jaculantur,
1353 3824 1407 3870 et
1446 3815 1615 3896 ignita
1637 3817 1741 3871 tela
1781 3825 1973 3872 contra
2012 3819 2158 3874 iner-

575 3920 698 3964 mes
725 3905 940 3963 animas
964 3912 1018 3962 et
1048 3904 1154 3962 tldc
1193 3921 1305 3961 non
1335 3890 1577 3961 munitas
1610 3905 1946 3976 immittunt”

648 4171 817 4230 Vsus.
867 4172 954 4228 il.
1016 4172 1214 4231 Vacate
1271 4180 1324 4226 et
1388 4169 1555 4228 uidete
1601 4170 1850 4241 quoniam
1894 4183 1988 4240 ego
2038 4182 2157 4222 sum

576 4266 743 4330 Deus,
795 4263 1074 4322 exaltabor
1116 4264 1173 4318 in
1223 4261 1465 4334 gentibus
1518 4271 1565 4315 et
1587 4258 1864 4314 exaltabor
1897 4258 1951 4314 in
1990 4267 2154 4312 terra.

578 4356 718 4423 Quia
767 4356 908 4411 bella
935 4355 1154 4410 demum
1186 4361 1539 4410 cessaverant
1567 4361 1621 4407 et
1660 4351 1996 4424 perturbatio
2025 4348 2158 4406 sub-

579 4447 690 4502 lata
750 4453 889 4514 erat,
945 4462 1159 4518 paxque
1201 4445 1477 4517 profunda
1525 4444 1594 4499 iis
1645 4444 1902 4498 omnibus
1937 4443 2034 4514 qui
2098 4441 2154 4496 in

579 4547 727 4595 terra
751 4537 1111 4594 versabantur
1152 4545 1306 4606 parta
1361 4535 1570 4603 fuerat;
1601 4533 1726 4604 jure
1747 4534 2155 4605 opportunitate

581 4629 650 4684 ad
680 4629 885 4684 bonum
915 4627 1018 4693 uti,
1040 4640 1204 4699 atque
1230 4628 1404 4682 otium
1443 4627 1640 4682 anima:
1672 4626 1912 4682 salutare
1934 4623 2154 4696 assequi

578 4718 804 4789 expetit.
830 4717 1012 4784 Quare
1030 4719 1107 4772 ait
1127 4737 1139 4773 :
1176 4718 1368 4772 Vacate
1381 4727 1429 4772 et
1455 4717 1747 4788 cognoscite
1770 4733 1789 4770 :
1816 4731 1996 4786 neque
2011 4715 2155 4770 enim

579 4811 757 4883 possit
788 4810 1063 4882 quispiam
1097 4810 1296 4865 divinae
1347 4809 1681 4880 cognitionis
1701 4808 1978 4878 particeps
2009 4821 2152 4871 esse,

580 4901 687 4958 nisi
715 4908 876 4956 vacet
899 4900 971 4955 ab
1004 4899 1089 4954 eis
1135 4914 1257 4968 qua;
1285 4899 1354 4953 ad
1401 4898 1679 4954 contraria
1733 4897 1977 4952 trahunt.
2004 4895 2157 4951 Unde

581 4992 779 5048 merito
834 5006 932 5047 rex
994 4989 1236 5061 Egypti,
1274 4998 1465 5046 contra
1519 4991 1690 5046 otium
1728 4987 2158 5060 hujusmodica-

579 5083 805 5138 lumniis
834 5090 1274 5152 praeoccupatus,
1316 5081 1384 5135 iis
1403 5081 1497 5152 qui
1524 5080 1810 5136 dicebant:
1843 5080 2025 5134 Trium
2046 5078 2158 5132 die-

582 5191 698 5228 rum
741 5175 927 5229 itinere
947 5172 1361 5244 progrediemur,
1396 5182 1444 5226 et
1475 5174 1756 5227 serviemus
1790 5171 2018 5226 Domino
2048 5171 2157 5226 Deo

580 5273 763 5320 nostro
780 5267 800 5297 ’
828 5282 844 5330 ;
878 5263 965 5320 his
982 5263 1161 5318 verbis
1181 5264 1504 5333 respondet:
1538 5263 1773 5327 Vacatis,
1797 5263 2091 5318 otiosiestis
2113 5264 2155 5318 ⁸.

580 5355 790 5411 Deinde
837 5370 965 5409 cum
1003 5355 1173 5410 nollet
1209 5355 1360 5425 ipsos
1391 5353 1501 5411 Deo
1549 5369 1765 5422 vacare,
1795 5358 1911 5412 luto
1940 5363 1995 5412 et
2018 5357 2154 5414 late-

583 5440 706 5495 ritio
745 5453 913 5511 opere
957 5438 1147 5493 amisit
1191 5452 1308 5494 eos.
1360 5438 1431 5494 At
1475 5439 1638 5496 nobis
1669 5441 1707 5495 ii
1739 5443 1831 5512 qui
1868 5441 1922 5496 in
1975 5449 2150 5498 totum

583 5534 771 5588 cubem
802 5527 1081 5600 principes
1102 5526 1389 5585 constituti
1409 5537 1555 5596 sunt,
1582 5529 1878 5586 inclamant
1908 5541 1968 5587 ut
1990 5547 2152 5588 vace-

2261 3263 2441 3336 ρητῶς
2483 3265 2581 3335 μὲν
2640 3263 2783 3317 κατά
2807 3263 2906 3334 τὴν
2934 3262 3284 3316 ἀποδοθεῖσαν
3338 3259 3595 3332 ἱστορίαν,
3623 3261 3761 3332 πρὸς
3779 3261 3844 3314 δὲ

2256 3355 2510 3421 διάνοιαν,
2529 3356 2670 3410 κατά
2698 3355 2796 3428 τὴν
2818 3355 2929 3408 τῶν
2949 3354 3152 3427 νοητῶν
3177 3354 3270 3408 uel
3297 3353 3541 3422 ἀοράτων
3564 3353 3844 3422 πολεμίων

2257 3446 2592 3519 καθαίρεσιν.
2633 3446 2846 3518 Δόρατα
2899 3446 2955 3499 δὲ
2998 3446 3092 3498 καὶ
3145 3444 3308 3509 ὅπλα,
3342 3443 3437 3496 uel
3472 3443 3698 3514 θυρεοὺς
3729 3443 3844 3495 τῶν

2257 3534 2645 3604 ἀντικειμένων
2697 3534 2978 3604 δυνάμεων
3043 3532 3303 3603 ἐποίησαν
3353 3527 3491 3584 εἶναι
3543 3529 3613 3583 τὰ
3655 3530 3843 3602 ἀψυχα

2261 3624 2423 3690 ξόανα
2447 3626 2539 3677 uel
2561 3623 2628 3677 τὰ
2656 3624 2945 3694 ἀγάλματα
2965 3627 3068 3694 τῆς
3090 3622 3351 3676 πολυθέου
3392 3623 3600 3693 πλάνης
3620 3663 3635 3688 ,
3665 3623 3700 3693 ἢ
3743 3624 3844 3676 καὶ

2257 3724 2385 3786 τοὺς
2415 3722 2607 3785 ἀθέους
2658 3721 2854 3791 ἀνδρας
2905 3721 2998 3774 uel
3035 3721 3158 3785 τοὺς
3217 3719 3492 3782 δυσσεϐεῖς
3541 3719 3842 3789 λογισμοὺς

2257 3814 2384 3878 τοὺς
2419 3815 2538 3874 ταῖς
2580 3811 2839 3874 διανοίαις
2876 3809 2982 3864 τῶν
3015 3810 3314 3881 ἀνθρώπων
3369 3808 3840 3880 ὑποϐαλλομένους

2258 3903 2364 3956 ὑπὸ
2392 3903 2500 3957 τῶν
2529 3902 2776 3974 ἀοράτων
2806 3901 3152 3973 πνευμάτων,
3187 3901 3254 3954 δι’
3278 3893 3354 3955 ὧν
3384 3897 3841 3964 κατατοξεύουσιν

2257 3995 2627 4059 ἀκοντίζοντες
2655 3993 2722 4047 τὰ
2752 3992 3125 4063 πεπυρωμένα
3160 3991 3288 4061 βέλη
3321 3991 3462 4051 κατά
3499 3990 3606 4044 τῶν
3651 3989 3840 4060 ἀφράο

2259 4104 2402 4142 κτων
2428 4086 2522 4141 καὶ
2550 4086 2626 4158 μὴ
2657 4088 2724 4156 τῇ
2748 4082 2929 4138 πίστει
2956 4083 3358 4154 πεφραγμένων
3387 4081 3596 4159 ψυχῶν.

2328 4176 2677 4246 Σχολὰσατε
2709 4175 2808 4229 καί
2861 4173 3084 4245 γνῶτε,
3131 4173 3220 4227 ὅτι
3248 4172 3361 4243 ἐγώ
3412 4175 3528 4242 ειμι
3569 4175 3602 4226 ό
3666 4171 3835 4239 Θεὸς,

2258 4267 2653 4340 ὑψωθήσομᾳι
2677 4266 2746 4319 ἐν
2770 4265 2892 4332 τοῖς
2920 4266 3184 4330 ἔθνεσιν,
3217 4263 3612 4334 ὑψωθήσομαι
3647 4264 3718 4317 ἐν
3759 4262 3837 4332 τῆ

2259 4356 2355 4427 τῇ.
2385 4356 2605 4428 Ἐπειδὴ
2633 4356 2818 4410 λοιπὸν
2843 4355 3088 4409 πέπαυτο
3113 4356 3180 4408 τά
3207 4354 3299 4408 τοῦ
3328 4353 3564 4425 πολέμου
3608 4355 3703 4407 uel
3744 4355 3835 4408 λέ-

2259 4448 2386 4501 λυτο
2415 4448 2483 4502 τά
2504 4448 2600 4519 τῆς
2628 4449 2892 4522 ταραχῆς,
2941 4447 3128 4517 εἰρήνη
3170 4444 3226 4498 δὲ
3264 4444 3455 4516 βαρεῖα
3490 4445 3669 4498 δέδοτο
3722 4448 3838 4509 τοῖς

2259 4540 2352 4593 ἐπὶ
2367 4542 2468 4610 γῆς
2495 4535 2695 4592 ἅπασιν
2715 4554 2728 4570 ’
2752 4538 2976 4602 εἰκότως
3002 4537 3247 4608 βούλεται
3273 4539 3350 4602 εἰς
3375 4536 3579 4606 ἀγαθὸν
3599 4536 3837 4610 χρῆσθαι

2257 4629 2336 4700 τῷ
2365 4629 2561 4701 καιρῷ,
2613 4629 2708 4684 uel
2762 4628 2955 4700 σχολὴν
3002 4628 3288 4683 ἀναλαϐεῖν
3317 4629 3494 4700 ψυχῆς
3545 4629 3836 4698 σωτήριον.

2257 4719 2350 4772 Διό
2411 4736 2542 4789 φησι
2563 4735 2576 4748 ·
2602 4718 2950 4789 Σχολάσατε
2969 4719 3066 4772 καὶ
3100 4718 3303 4789 γνῶτεο
3355 4719 3475 4773 οὐδὲ
3494 4718 3603 4790 γὰρ
3635 4719 3838 4791 ἑτέρως

2261 4810 2653 4878 ἐπιγνώσεως
2696 4813 2986 4880 μετασχεῖν
3011 4809 3195 4874 θείας,
3229 4810 3304 4881 μὴ
3350 4808 3687 4880 σχολάσαντα
3729 4809 3838 4863 τῶν

2262 4899 2605 4970 ἀφελκόντων
2633 4899 2726 4950 ἐπὶ
2753 4899 3026 4951 τάναντία.
3061 4899 3250 4953 Ἔνθεν
3279 4899 3502 4962 εἰκότως
3547 4901 3576 4953 ὁ
3600 4903 3699 4970 τῆς
3741 4902 3839 4953 Al-

2256 4992 2460 5060 γύπτου
2494 4989 2766 5059 βασιλεὺς,
2801 4989 2936 5059 πρὸς
2971 4989 3068 5060 τὴν
3114 4990 3369 5062 τοιαύτην
3413 4989 3840 5061 διαϐεϐλημένος

2259 5080 2473 5154 σχολὴν,
2497 5082 2608 5143 τοῖς
2633 5079 2950 5148 φάσκουσινο
2982 5079 3149 5134 ὀδόν
3170 5081 3342 5148 τριῶν
3374 5079 3608 5150 ἡμερῶν
3635 5096 3843 5148 πορευ-

2258 5173 2503 5240 σόμεθα,
2539 5172 2637 5224 καί
2669 5170 3082 5239 λατρεύσομεν
3123 5172 3320 5239 Κυρίῳ
3346 5171 3425 5237 τῷ
3473 5169 3596 5235 Θεῷ
3631 5169 3802 5240 ἡμῶν
3823 5209 3838 5233 ,

2258 5263 2610 5336 ἀποκρίνεται
2642 5261 2812 5331 λέγων
2837 5278 2849 5291 °
2889 5260 3238 5330 Σχολάζετε,
3287 5263 3634 5330 σχολασταί
3677 5261 3837 5320 ἐστε.

2257 5347 2412 5412 Εἶτα,
2445 5350 2519 5422 μὴ
2547 5350 2866 5421 βουλόμενος
2902 5350 3098 5414 αὐτοὺς
3117 5349 3196 5420 τῷ
3228 5350 3346 5421 Θεῷ
3390 5350 3667 5420 σχολάζειν
3689 5388 3704 5414 ,
3746 5367 3846 5402 κα-

2257 5442 2482 5492 ταπονεῖ
2507 5438 2586 5509 τῷ
2614 5437 2768 5510 πηλῷ
2793 5439 2889 5492 uel
2915 5441 2982 5509 τῇ
3015 5429 3280 5510 πλινθείᾳ.
3328 5438 3466 5492 Ἀλλ’
3513 5441 3644 5510 ἡμῖν
3691 5454 3757 5507 γε
3786 5439 3838 5491 ol

2262 5530 2627 5595 καταστάντες
2659 5532 2917 5603 ἄρχοντες
2955 5530 3048 5585 ἐπὶ
3079 5532 3257 5586 πᾶσαν
3289 5529 3386 5602 τὴν
3439 5530 3538 5602 γῆν
3578 5526 3840 5584 ὲπισοῶσι

656 5682 703 5716 ⁹⁹
739 5682 874 5742 Gen.
908 5700 1092 5754 xxxii,
1127 5684 1317 5742 28-30.
1395 5685 1408 5717 '
1442 5683 1556 5758 με.
1591 5699 1666 5756 ιι,
1699 5685 1752 5742 4.
1810 5690 1838 5755 ,³
1879 5685 2050 5750 Exod.
2087 5703 2140 5756 v,

2305 5685 2326 5716 ³
2356 5643 2488 5750 ibid.
2527 5685 2644 5742 5-8.
