4100 6442
303 347 415 403 315

1433 345 1940 404 COMMENTABIA
1967 327 2045 402 'uv
2084 345 2423 404 PSALMOS.

3440 349 3550 409 ἰιι

305 458 611 532 σχολάζειν,
663 461 874 532 καρπὸν
904 459 1026 533 ’τῆς
1052 462 1248 533 σχολῆς
1276 461 1732 531 ἐπαγγελλόμενοι
1773 463 1854 533 τὴς

1976 476 2119 526 mus,
2149 459 2452 516 vacationis
2470 458 2704 514 fructum
2743 457 3066 530 pollicentes
3095 460 3337 518 divinam
3361 476 3551 535 cOgm-

301 554 488 608 ἔνθεον
533 554 756 623 γνῶσιν.
789 557 957 610 Λαλεῖ
1003 557 1059 609 δὲ
1091 559 1120 610 6
1165 556 1298 620 Θεὸς
1351 556 1417 608 δι’
1466 554 1643 608 αὐτῶν
1671 554 1870 622 λέγων’

303 646 527 711 Γνῶτε,
555 647 642 700 ὅτι
668 647 784 716 ἐγώ
813 649 930 717 ειμι
957 651 991 702 ὀ
1016 649 1190 714 Θεός’
1226 647 1362 701 άλλά
1387 647 1482 700 καὶ
1511 647 1598 699 ὅτι
1633 644 1873 714 ὑψωθή-

299 751 486 805 σομαι
530 738 602 791 ἐν
645 738 772 804 τοῖς
823 739 1089 804 ἔθνεσιν,
1136 738 1529 807 ὐψωθήσομαι
1573 737 1644 791 ἐν
1670 735 1746 805 τῇ
1773 735 1870 806 γῇ.

299 825 477 879 Πάλαι
501 827 600 897 μὲν
622 828 732 899 γὰρ
751 829 904 899 παρὰ
940 830 1214 894 Ἰουδαίοις
1242 828 1619 899 ἐγινωσκόμην
1670 827 1870 897 μόνοις,

294 917 388 970 ὅτε
421 918 690 986 γνωστὸς
732 917 802 970 ἐν
844 917 919 986 τῇ
969 919 1218 987 Ἰουδαίᾳ
1265 922 1297 974 ό
1330 917 1494 985 Θεὸς,
1532 919 1605 972 ἐν
1631 917 1712 984 τῷ
1760 919 1870 973 Ἱσ-

292 1005 455 1073 ικιὴλ
473 1006 624 1076 μέγα
667 1007 732 1060 τὸ
759 1007 948 1077 ὄνομα
981 1008 1196 1063 αὐτοῦ·
1227 1010 1347 1062 νυνὶ
1377 1009 1436 1062 δὲ
1463 1009 1591 1080 ὑμῖν
1622 1026 1870 1080 παρακε-

295 1095 519 1168 λεύομαι
550 1097 742 1169 σχολὴν
767 1098 941 1167 ἄγειν,
961 1098 1037 1162 ὡς
1066 1099 1132 1152 ἂν
1163 1098 1384 1169 μάθοιτε
1420 1099 1516 1153 καὶ
1541 1099 1715 1168 γνῶτε
1747 1099 1868 1152 τίνα

291 1189 495 1260 τρόπον
520 1191 614 1242 καὶ
649 1189 800 1260 παρὰ
818 1191 952 1243 πᾶσι
978 1193 1090 1254 τοῖς
1123 1189 1332 1244 ἔθνεσιν
1358 1190 1712 1262 ύψωθήσομαι
1736 1230 1752 1255 ,
1782 1193 1868 1246 60-

293 1274 590 1347 ξαζόμενος
613 1279 739 1348 παρ’
759 1277 942 1341 αὐτοῖς
971 1275 1169 1347 μᾶλλον
1189 1277 1225 1348 ἢ
1265 1275 1415 1348 παρά
1441 1278 1552 1340 τοῖς
1593 1276 1764 1330 πάλαι
1797 1295 1865 1347 με

291 1367 495 1420 ειδέναι
526 1366 918 1438 νομιζομένοις.

289 1477 402 1530 ΕΙΣ
442 1477 530 1530 ΤΟ
571 1477 811 1540 ΤΕΛΟΣ,
846 1478 1028 1532 ΥΠΕΡ
1073 1479 1210 1531 ΤΩΝ
1256 1478 1417 1531 ΥΙΩΝ
1463 1476 1862 1539 ΚΟΡΕ,ΨΑΛ-

915 1548 1057 1602 ΜοΣ
1083 1548 1232 1615 Μςν.

363 1659 563 1716 Πάντα
592 1659 664 1714 τὰ
687 1661 854 1728 ἔθνη,
888 1660 1219 1728 κροτιῖσιιτε
1245 1660 1448 1730 χεῇοας
1472 1676 1486 1691 ’
1516 1659 1862 1724 diademate

289 1750 416 1816 Θεῷ
440 1752 511 1804 ἐν
537 1748 707 1818 φωνῇ
735 1749 1152 1818 ἀγαλλιάσεως
1170 1765 1184 1779 ·
1214 1748 1303 1804 ὅτι
1338 1751 1551 1818 Κύριος
1577 1749 1857 1817 ὕψιστος,

1978 550 2204 605 tionem.
2245 549 2366 619 Ipse
2384 563 2517 604 vero
2563 546 2708 604 Deus
2738 563 2836 618 per
2879 549 3112 604 eosdem
3142 549 3404 620 loquitur,
3463 551 3549 608 di-

1973 652 2147 694 cens:
2179 635 2491 706 Cognoscite
2547 636 2674 709 quia
2721 651 2812 707 ego
2860 652 2977 689 sum
3019 635 3178 702 Deus,
3215 636 3324 692 imo
3355 637 3544 704 etiam,

1971 727 2098 797 quia
2129 725 2409 780 exaltabor
2437 728 2492 781 in
2522 725 2786 797 gentibus,
2809 725 3088 782 exaltabor
3111 727 3165 780 in
3197 737 3360 784 terra.
3401 725 3544 782 Olim
3597 740 3599 742 ‘

1971 817 2190 887 quidem
2211 816 2416 872 Iudaeis
2450 816 2715 871 duntaxat
2749 827 2914 872 notus
2935 832 3108 882 eram,
3139 817 3359 888 quando
3388 827 3541 872 notus

1969 909 2024 963 in
2048 907 2243 962 Judwa
2292 907 2466 970 Deus,
2519 909 2574 962 in
2614 907 2790 962 Israel
2841 924 3090 978 magnum
3124 925 3309 963 nomen
3335 909 3448 978 ejus
3484 909 3541 978 ἒς

1967 1013 2115 1054 nunc
2163 1008 2341 1054 autem
2374 998 2541 1068 jubeo
2598 1013 2697 1055 vos
2744 1011 2964 1064 vacare,
3015 1005 3074 1052 ut
3117 999 3462 1070 cognoscatis
3486 1005 3542 1053 et

1967 1091 2179 1154 sciatis,
2203 1105 2313 1160 qua
2337 1090 2547 1145 ratione
2578 1090 2721 1160 apud
2749 1105 2940 1144 omnes
2988 1097 3180 1160 gentes
3211 1088 3540 1147 exaltandus

1965 1181 2090 1246 sim,
2129 1180 2339 1251 plusab
2385 1179 2454 1234 iis
2511 1179 2840 1245 celebratus,
2878 1194 3040 1249 quam
3090 1180 3158 1235 ab
3187 1180 3255 1236 iis
3283 1181 3377 1251 qui
3407 1179 3538 1236 olim
3579 1168 3582 1170 ’

1965 1287 2131 1329 nosse
2157 1287 2244 1328 me
2267 1271 2625 1342 putabantur.

1967 1489 2022 1548 ί.
2065 1490 2132 1545 ΙΝ
2156 1488 2525 1574 ΕΙΝΕΜφΒο
2547 1485 2750 1544 FlLllS
2787 1485 3313 1558 CORE,_PSALMUS
3348 1485 3535 1545 XLVI.

2034 1665 2202 1725 Vens.
2229 1667 2287 1736 2,
2315 1668 2368 1722 3.
2405 1665 2598 1722 Omnes
2627 1675 2826 1738 gentes,
2845 1665 3081 1736 plaudite
3108 1667 3374 1732 manibus,
3394 1667 3537 1737 jubi-

1961 1755 2068 1810 late
2096 1756 2206 1810 Deo
2251 1757 2306 1810 in
2357 1771 2478 1811 voce
2533 1754 2928 1810 exsultationis.
2978 1755 3241 1821 Quoniam
3272 1754 3532 1812 Dominus

282 1841 569 1909 φοϐερὸς,
606 1836 906 1903 ,βασιλεὺς
945 1836 1133 1906 μέγας
1175 1838 1274 1891 ἐπὶ
1324 1837 1530 1893 πᾶσαν
1576 1836 1691 1905 τὴν
1723 1837 1854 1907 γῆν.

1961 1846 2222 1910 excelsus,
2261 1844 2540 1909 terribilis,
2572 1859 2667 1899 rex
2714 1853 2943 1914 magnus
2969 1859 3124 1913 super
3169 1860 3374 1899 omnem
3423 1853 3532 1900 ter-

282 1935 446 1985 Δοκεῖ
475 1948 562 2001 μοι
591 1929 662 1982 τὰ
691 1929 789 1998 τῆς
822 1929 1144 2000 προγραφῆς
1183 1928 1534 1998 ἐσφαλμένως
1577 1927 1741 1997 ἔχειν.
1785 1929 1860 1982 Οὐ

283 2022 399 2093 γὰρ
430 2021 582 2088 ὑπὲρ
616 2019 736 2074 τῶν
771 2017 918 2074 υἱῶν
937 2019 1108 2086 Κορὲ,
1143 2019 1308 2082 ἀλλὰ,
1351 2017 1476 2084 τοῖς
1507 2017 1658 2084 υἱοῖς
1691 2018 1860 2087 Κορὲ,

282 2111 321 2182 ἢ
363 2110 483 2164 τῶν
518 2108 882 2178 υίῶνΚορὲ,
929 2109 1098 2180 ἐχρῆν
1143 2106 1544 2179 ἐπιγεγράφθαι
1595 2106 1734 2161 κατὰ
1764 2107 1863 2173 τὰς

283 2202 592 2275 ἔμπροσθεν
621 2200 962 2272 προγραφὰς.
985 2203 1046 2254 Ol
1076 2200 1185 2272 γὰρ
1213 2200 1385 2253 λοιποὶ
1411 2200 1744 2272 ἐρμηνευταὶ
1769 2200 1862 2254 καὶ

283 2295 349 2347 τὸ
398 2291 684 2364 Έὸραῖκδν
730 2291 930 2362 ὁμοίως
978 2289 1163 2361 ἔχουσι
1207 2293 1317 2354 τοῖς
1367 2289 1692 2362 ἔμπροσθεν.
1750 2275 1861 2346 Καὶ

285 2384 583 2456 ἐπειδήπερ
615 2382 926 2452 σαφέστατα
956 2385 1067 2445 τοῖς
1109 2381 1315 2435 ἔθνεσιν
1354 2385 1383 2436 6
1414 2382 1569 2452 λόγος
1613 2401 1859 2456 παρακε-

284 2474 503 2528 λεύεται
524 2513 538 2538 ,
568 2473 718 2526 οὐδὲν
757 2473 895 2542 ἔχων
927 2472 1450 2544 ἐπικεκαλυμμένον,
1487 2473 1712 2537 εἰκότως
1741 2473 1860 2527 οὐδὲ

283 2566 353 2619 τὰ
377 2564 475 2634 τῆς
500 2562 822 2634 προγραφῆς
857 2564 944 2628 εἰς
970 2563 1227 2615 σύνεσιν
1254 2561 1398 2631 ἡμᾶς
1434 2562 1711 2632 παρορμᾷ,
1739 2561 1858 2615 οὐδὲ

283 2653 438 2723 ὑπὲρ
483 2652 601 2707 τῶν
634 2652 903 2720 κρυφίων
926 2669 938 2680 ·
974 2649 1188 2721 ψαλμὸς
1216 2650 1273 2704 δὲ
1309 2649 1492 2713 ἁπλῶς
1539 2651 1789 2721 εἴρηται,
1823 2650 1856 2723 ἢ

287 2744 613 2815 μελῴδημα,
648 2743 681 2814 ἢ
717 2738 866 2814 ᾆσμα
898 2742 1039 2795 κατὰ
1075 2743 1203 2805 τοὺς
1244 2740 1484 2805 λοιπούς.
1532 2741 1604 2794 Τὸ
1645 2741 1700 2794 δὲ
1723 2781 1738 2807 ,
1771 2743 1859 2806 είς

280 2832 458 2900 τέλος
482 2874 497 2899 ,
546 2833 858 2911 ἀναγκαίως
905 2833 1228 2904 πρόκειται,
1269 2831 1356 2884 διὰ
1401 2831 1463 2884 τὸ
1507 2831 1564 2884 ἐν
1608 2830 1857 2902 ὑστέροις

283 2925 493 2996 λρόνοις
568 2923 782 2994 μέλλειν
858 2921 1306 2994 ἀποπληροῦσθαι
1368 2920 1466 2992 τὴν
1527 2921 1854 2994 πρόρρησιν.

282 3014 616 3083 Προστάττει
647 3013 704 3066 δὲ
731 3012 792 3065 τὸ
822 3012 1045 3084 Πνεῦμα
1086 3012 1146 3066 τὸ
1190 3011 1342 3080 ἅγιον
1384 3011 1588 3082 σφόδρα
1629 3009 1858 3064 ἀκολού-

283 3110 390 3168 θως
421 3105 558 3176 μετᾶ
598 3104 669 3158 τά
707 3103 1071 3174 προλεχθέντα
1101 3104 1228 3175 περὶ
1253 3103 1346 3156 τοῦ
1383 3101 1690 3173 Ἀγαπητοῦ
1715 3138 1730 3165 ,
1763 3101 1858 3155 acati.

1966 1949 2103 1988 ram.
2181 1932 2399 1987 Videtur
2448 1929 2580 1984 mihi
2645 1929 2932 2000 inscriptio
2981 1929 3244 1984 mendose
3312 1928 3528 2000 posita:

1963 2039 2140 2096 neque
2173 2023 2341 2088 enim,
2386 2038 2482 2092 pro
2514 2021 2643 2092 filiis
2686 2020 2843 2087 Core,
2880 2020 2998 2087 sed,
3033 2022 3163 2090 ﬁliis
3205 2021 3360 2085 Core,
3410 2028 3529 2087 aut,

1963 2116 2202 2186 ﬁliorum
2259 2112 2411 2178 Core,
2452 2111 2681 2184 perinde
2728 2118 2891 2182 atque
2936 2112 2991 2167 ln
3021 2113 3297 2182 prioribus
3329 2111 3528 2178 titulis,

1963 2206 2286 2276 inscriptum
2319 2203 2580 2274 oportuit.
2638 2202 2854 2273 Reliqui
2887 2203 3032 2258 enim
3089 2202 3440 2272 interpretes,
3471 2208 3528 2256 et

1960 2294 2288 2351 Hebraicum
2321 2292 2600 2362 exemplar
2640 2291 2880 2347 similem
2917 2289 3194 2360 prioribus
3234 2289 3530 2360 praeferunt

1961 2382 2400 2455 inscriptionem.
2455 2379 2523 2434 Et
2579 2379 2708 2451 quia
2770 2379 3057 2449 perspicue
3102 2387 3291 2450 gentes
3345 2394 3528 2433 sermo

1959 2477 2300 2541 cohortatur,
2328 2473 2576 2542 nihilque
2617 2471 2820 2527 occulti
2872 2470 3112 2541 praefert,
3151 2471 3278 2541 jure
3332 2470 3529 2526 inscri-

1959 2565 2164 2636 ptionis
2191 2563 2360 2618 verba
2389 2577 2492 2618 nos
2521 2561 2590 2616 ad
2630 2561 2950 2616 intellectum
2980 2561 3204 2616 minime
3227 2560 3524 2623 concitant,

1958 2669 2133 2725 neque
2163 2669 2258 2723 pro
2289 2653 2508 2709 occultis
2538 2652 2774 2719 habent;
2805 2650 2902 2707 sed
2926 2650 3172 2721 psalmus
3201 2649 3528 2720 simpliciter

1957 2745 2180 2810 dicitur,
2217 2745 2336 2801 sive
2393 2743 2658 2808 melodia,
2717 2743 2834 2798 sive
2877 2743 3176 2806 canticum,
3221 2740 3525 2796 secundum

1956 2837 2200 2906 reliquos
2231 2838 2580 2906 interpretes.
2616 2833 2756 2888 lllud
2789 2841 2968 2886 autem
3009 2833 3066 2886 in
3109 2832 3290 2901 ﬁnem,
3333 2847 3525 2887 neces-

1957 2925 2106 2982 sario
2133 2926 2373 2996 positum
2405 2923 2530 2988 fuit,
2563 2923 2692 2993 quia
2717 2921 3012 2993 postremis
3040 2920 3385 2989 temporibus
3423 2919 3528 2972 im-

1957 3015 2218 3087 plendum
2249 3013 2569 3069 vaticinium
2617 3021 2754 3068 erat.
2778 3039 2782 3046 ’
2807 3011 2938 3066 Post
2979 3025 3144 3080 supra
3174 3008 3319 3065 dicta
3359 3023 3525 3079 pono

1957 3104 2252 3160 admodum
2294 3112 2700 3173 consequenter
2749 3101 2987 3172 Spiritus
3027 3110 3252 3156 sanctus
3307 3100 3529 3156 univcr.

286 3194 413 3265 περὶ
453 3195 562 3246 τῶν
586 3194 774 3248 τούτου
802 3193 1056 3266 κηρύκων
1075 3233 1090 3259 ,
1119 3195 1252 3249 πᾶσι
1292 3197 1406 3258 τοῖς
1431 3193 1638 3246 ἔθνεσιν
1661 3193 1854 3264 εὐφρο-

1958 3195 2036 3252 sis
2059 3194 2312 3266 gentibus
2336 3193 2606 3264 praecipit,
2651 3200 2711 3247 ut
2751 3192 2820 3247 de
2869 3191 3076 3246 Dilecto
3111 3190 3343 3260 ejusque
3379 3205 3525 3260 plue-

284 3284 446 3355 σύνης
489 3284 731 3356 σύμϐολα
762 3285 1054 3356 πράττειν,
1100 3285 1189 3340 διὰ
1226 3284 1320 3338 τοῦ
1349 3288 1563 3356 κροτεῖν
1613 3284 1711 3356 μὲν
1755 3283 1854 3348 τὰς

283 3376 466 3444 χεῖρας
511 3373 587 3437 ὡς
633 3373 724 3426 ἐπὶ
766 3374 964 3444 γάμοις
1012 3374 1451 3445 συντελουμένοις
1479 3374 1715 3444 νυμφίου
1763 3375 1856 3429 καὶ

286 3465 495 3535 νύμφης
512 3481 527 3495 ο
559 3463 847 3528 ἀλαλάζειν
879 3464 934 3516 δὲ
961 3463 1040 3536 τῷ
1072 3463 1220 3535 Θεῷ,
1249 3465 1324 3527 ὡς
1351 3464 1444 3517 ἐπὶ
1473 3463 1736 3534 βασιλέως
1763 3465 1853 3518 εύ-

283 3554 634 3625 φημουμένου
670 3555 762 3608 ἐπὶ
795 3558 859 3626 τῇ
905 3554 1048 3608 κατὰ
1085 3554 1195 3608 τῶν
1242 3554 1516 3624 πολεμίων
1548 3555 1693 3626 νίκῃ.
1744 3555 1854 3610 Καὶ

285 3642 503 3705 εἰκότως
533 3643 670 3713 μετὰ
692 3642 790 3714 τὴν
820 3643 964 3696 κατὰ
992 3643 1100 3697 τῶν
1129 3643 1401 3715 πολεμίων
1425 3643 1582 3714 νίκην
1616 3643 1709 3698 τοῦ
1736 3645 1851 3696 Σω-

291 3732 475 3803 τῆρος,
512 3732 728 3803 νύμφην
758 3733 950 3787 ἑαυτοῦ
985 3733 1184 3805 δηλαδὴ
1215 3735 1314 3805 τὴν
1349 3734 1672 3806 Ἐκκλησίαν
1698 3734 1854 3787 ἀπει-

281 3822 544 3890 ληφότος,
597 3824 805 3887 πάντας
855 3825 1157 3896 παρακαλεῖ
1207 3824 1268 3878 τὸ
1315 3825 1541 3896 Πνεῦμα
1581 3825 1644 3878 τὸ
1698 3825 1851 3894 άγιον

281 3911 529 3965 σπεύδειν
554 3913 645 3966 ἐπὶ
673 3911 772 3984 τὴν
803 3914 1013 3986 ἑορτήν.
1038 3915 1130 3968 Διὸ
1162 3914 1260 3985 βοᾷ
1290 3916 1424 3968 πᾶσι
1450 3917 1562 3978 τοῖς
1584 3913 1725 3967 κατὰ
1751 3914 1851 3984 τὴν

277 3999 601 4072 οἰκουμένην
642 4001 818 4055 ἔθνεσι
858 3988 1044 4072 λέγονο
1089 4005 1294 4058 Πάντα
1333 4005 1404 4058 τὰ
1445 4003 1610 4071 ἔθνη,
1641 4004 1850 4072 κροτή-

277 4107 424 4144 σατε
451 4090 652 4160 κεζοας
671 4131 686 4156 ,
715 4093 1058 4158 ἀλαλάξατε
1090 4093 1169 4160 τῷ
1211 4093 1331 4159 Θεῷ
1370 4095 1440 4148 ἐν
1461 4093 1630 4163 φωνῇ
1661 4095 1848 4163 ἀγαλ-

275 4177 551 4245 λιάσεως.
594 4179 666 4234 Τὸ
698 4181 742 4234 δ’
772 4181 942 4236 αἴτιον
987 4183 1088 4252 τῆς
1113 4183 1565 4253 παρακελεύσεως
1609 4183 1848 4237 δ.δάσκει

277 4269 404 4339 ἑξῆς
429 4271 634 4339 φάσκον
652 4289 666 4303 ο
695 4273 812 4326 Ὀτι
838 4275 1052 4342 Κύριος
1077 4275 1354 4343 ὕψιστος,
1378 4275 1648 4344 φοϐερὸς,
1669 4277 1851 4340 ,Βασι-

273 4360 419 4426 λεὺς
440 4359 627 4430 μέγας
649 4361 744 4417 ἐπὶ
774 4360 982 4416 πᾶσαν
1005 4362 1120 4431 τὴν
1145 4362 1276 4433 γῆν.
1303 4364 1572 4435 Πρότερον
1609 4365 1708 4435 μὲν
1740 4365 1848 4436 γάρ

275 4451 476 4522 Κύριος
504 4452 663 4517 αὐτὸς
686 4453 715 4505 6
740 4453 962 4523 ὕψιστος
992 4455 1167 4525 μόνων
1190 4455 1298 4508 τῶν
1323 4458 1441 4510 κατ’
1470 4457 1697 4526 οὐρανὸν
1720 4457 1846 4510 ἐϐα-

277 4541 490 4597 σίλευεν
513 4561 528 4574 ο
564 4545 808 4614 ἠγνοεῖτο
834 4545 889 4598 δὲ
921 4548 1033 4609 τοῖς
1057 4547 1149 4600 ἐπὶ
1176 4548 1275 4619 τῆς
1307 4547 1412 4618 γῆς
1430 4588 1444 4614 ,
1479 4550 1567 4602 ὅτε
1593 4548 1845 4618 δαίμονες

271 4633 536 4706 ἐκράτουν
569 4635 661 4688 ἐπὶ
687 4636 790 4707 γῆς
826 4636 1125 4708 ἀνθρώπων
1149 4651 1164 4666 ⁸
1189 4639 1309 4691 νυνὶ
1343 4638 1400 4690 δὲ
1433 4637 1520 4692 διὰ
1544 4637 1637 4692 τοῦ
1680 4639 1844 4706 Ἀγα-

272 4723 446 4794 πητοῦ
488 4725 771 4796 ἐπέλαμψε
818 4730 929 4790 τοῖς
975 4729 1066 4781 ἐπὶ
1095 4728 1199 4798 γῆς
1226 4729 1326 4798 τὴν
1365 4728 1530 4782 αὐτοῦ
1557 4728 1717 4800 χάριν
1751 4729 1846 4782 καὶ

269 4814 432 4877 αὐτὸς
457 4816 782 4885 ό”’Υψιστος,
815 4817 1047 4888 φοϐερὸς
1073 4820 1293 4888 γέγονεν
1337 4819 1565 4882 ἐκείνοις
1597 4823 1710 4884 τοῖς
1743 4837 1843 4872 πο-

269 4902 477 4972 λεμίοις
505 4907 617 4967 τοῖς
647 4905 745 4976 τὴν
785 4905 1041 4959 πολύθεον
1093 4907 1374 4976 ἐνεργοῦσι
1422 4907 1660 4980 πλάνην·
1709 4908 1844 4962 πάν-

268 5009 366 5056 τας
397 4993 506 5064 γάρ
533 4995 728 5058 αὐτοὺς
756 4995 922 5066 ὴλασε
943 5035 957 5059 ,
996 4998 1088 5050 καὶ
1119 4998 1334 5070 μακρὰν
1366 4999 1464 5069 τῆς
1491 4999 1596 5052 τῶν
1631 4999 1840 5069 ἀνθρὼ-

270 5103 386 5138 πων
415 5087 668 5158 ἐποίησεν
692 5088 906 5158 ἀγέλης.
931 5089 1130 5160 Σχολῆς
1157 5090 1214 5142 δὲ
1247 5091 1570 5162 γενομένηςςο
1587 5090 1839 5160 βασιλεὺς

271 5176 443 5246 μέγας
473 5177 581 5230 τῶν
613 5178 704 5230 ἐπὶ⁹
735 5179 915 5232 πᾶσαν
943 5179 1040 5250 τὴν
1073 5181 1175 5251 γῆν
1205 5180 1373 5234 ἐθνῶν
1421 5180 1834 5251 ἀνεκηρύττετο.

267 5269 358 5321 Διὸ
397 5272 511 5332 τοῖς
555 5269 990 5340 βασιλευομένοις
1018 5274 1229 5341 κροτεῖν
1259 5274 1375 5335 ταῖς
1412 5273 1596 5342 χερσὶν
1628 5275 1656 5324 6
1686 5271 1841 5339 λόγος

269 5360 717 5431 παρακελεύεται,
743 5361 1020 5415 τουτέστιν
1040 5361 1220 5432 ἔργοις
1240 5363 1336 5416 καὶ
1359 5363 1588 5434 πράξεσι
1615 5381 1628 5392 ·
1653 5362 1842 5433 ὥσπερ

267 5451 316 5502 εί
347 5450 528 5518 φωνὰς
559 5450 776 5519 ἀφιέναι
802 5449 956 5516 ἀξίας
982 5451 1078 5522 τῆς
1112 5451 1204 5504 τοῦ
1240 5452 1492 5521 Ὑψίστου
1531 5452 1834 5523 βασιλείας,

267 5541 364 5593 καὶ
436 5540 722 5606 ἀλαλάζειν
784 5543 842 5596 δὲ
913 5542 1061 5613 αὐτῷ
1123 5545 1180 5608 ἐν
1247 5548 1394 5616 φωνῇ
1466 5545 1836 5614 ἀγαλλιάσεως

340 5691 358 5720 ⁸
401 5687 549 5747 Psal.
586 5707 749 5760 an,
778 5692 834 5748 2.

1958 3284 2189 3340 conibus
2217 3282 2418 3338 laetitiae
2448 3281 2695 3352 symbols
2735 3279 3019 3337 munierant
3062 3279 3373 3348 plaudendo
3403 3294 3522 3334 ma-

1961 3375 2146 3439 nibus,
2182 3388 2247 3428 ac
2281 3373 2328 3428 si
2373 3371 2579 3442 nuptiae
2611 3370 2802 3442 sponsi
2846 3378 2902 3426 et
2934 3385 3150 3440 sponsae
3183 3370 3524 3425 celebraren-
3574 3407 3578 3411 -

1956 3475 2076 3532 tur;
2119 3472 2286 3536 utque
2315 3465 2427 3520 Deo
2463 3463 2715 3534 jubilent,
2764 3461 2920 3533 quasi
2953 3461 3068 3532 regi
3105 3461 3176 3517 ob
3220 3469 3430 3532 parum
3453 3461 3524 3516 de

1954 3558 2194 3615 inimicis
2225 3555 2529 3617 .victoriam
2597 3553 3090 3611 acclamationibus
3148 3549 3409 3624 excepto.
3458 3551 3525 3606 Et

1955 3648 2153 3704 merito
2181 3662 2313 3702 sane
2342 3655 2466 3718 post
2498 3654 2830 3716 reportatam
2863 3659 2893 3699 a
2929 3644 3231 3709 Salvatore,
3279 3642 3373 3714 qui
3409 3643 3522 3698 sci-

1955 3740 2082 3793 licet
2107 3736 2408 3792 Ecclesiam
2441 3735 2548 3792 sibi
2573 3738 2628 3790 in
2668 3750 2922 3806 sponsam
2963 3732 3193 3804 accepit,
3230 3731 3298 3788 de
3342 3731 3523 3787 inimi-

1953 3829 2036 3885 cis
2081 3827 2394 3892 victoriam,
2442 3824 2681 3896 Spiritus
2727 3832 2952 3881 sanctus
2991 3838 3185 3880 omnes
3221 3828 3413 3878 evocat
3452 3821 3519 3876 sal
3551 3885 3554 3887 λ

1952 3919 2356 3976 celebritatem:
2393 3931 2566 3990 quare
2614 3917 2871 3972 omnibus
2903 3930 3000 3985 per
3045 3915 3232 3970 orbem
3263 3912 3519 3983 gentibus

1953 4011 2212 4066 inclamat
2249 4009 2337 4064 his
2358 4007 2572 4063 verbis:
2612 4005 2804 4062 Omnes
2835 4013 3034 4075 gentes,
3066 4002 3305 4072 plaudite
3345 4003 3520 4056 mani-

1954 4102 2070 4167 bus,
2091 4101 2320 4171 jubilate
2352 4099 2460 4154 Deo
2489 4100 2546 4153 in
2590 4115 2708 4152 voce
2747 4096 3141 4152 exsultationis.
3183 4093 3316 4160 Quae
3347 4107 3516 4148 causa

1955 4209 2088 4250 vero
2161 4190 2509 4264 praecipiendi
2564 4186 2751 4251 fuerit,
2821 4187 2879 4242 in
2931 4181 3285 4258 sequentibus
3340 4185 3514 4253 aperit

1949 4285 2170 4340 dicens:
2213 4283 2477 4350 Quoniam
2527 4279 2785 4334 Dominus
2831 4275 3087 4340 excelsus,
3127 4272 3399 4338 terribilis,
3424 4287 3518 4327 rea:

1949 4389 2170 4444 magnus
2203 4387 2360 4440 super
2403 4381 2607 4425 onmem
2653 4377 2870 4420 terram.
2927 4363 3170 4419 Primum
3203 4363 3349 4420 enim
3400 4363 3517 4432 ipse

1951 4463 2210 4518 Dominus
2256 4461 2531 4524 excelsus,
2577 4457 2634 4512 in
2679 4456 2814 4512 solis
2851 4454 3168 4510 cmlestibus
3211 4451 3512 4524 regnabat;

1949 4555 2018 4610 ab
2047 4555 2116 4610 iis
2145 4561 2326 4608 autem
2359 4550 2452 4623 qui
2484 4550 2541 4605 in
2595 4556 2739 4605 terra
2783 4553 2944 4602 erant
2981 4543 3357 4614 ignorabatur,
3404 4555 3515 4610 quo

1945 4653 2193 4716 tempore
2221 4643 2494 4699 daemones
2547 4639 2602 4695 in
2639 4647 2782 4694 terra
2807 4635 3122 4690 hominibus
3150 4631 3511 4701 imperabant.

1945 4735 2104 4790 Nunc
2132 4749 2264 4790 vero
2290 4749 2387 4805 per
2413 4731 2679 4788 Dilectum
2721 4728 2984 4784 Excelsus
3007 4739 3125 4789 eos,
3164 4723 3258 4793 qui
3290 4722 3346 4776 in
3367 4729 3514 4776 terra

1947 4833 2100 4890 sunt,
2135 4828 2309 4896 gratia
2340 4838 2440 4879 sua
2488 4819 2807 4882 illustravit,
2845 4815 3104 4872 terribilis
3150 4826 3283 4870 sane
3321 4809 3514 4865 adver-

1947 4916 2130 4978 sariis,
2160 4914 2254 4985 qui
2307 4913 2603 4968 multorum
2655 4909 2945 4964 numinum
2983 4917 3226 4960 errorem
3289 4901 3514 4956 induce-

1946 5008 2100 5073 bant,
2129 5006 2355 5062 ellectus
2374 5011 2492 5069 est;
2526 5002 2813 5057 universos
2833 4999 2978 5053 enim
2998 4995 3228 5065 expulit,
3249 5000 3302 5048 et
3325 4989 3515 5062 procul

1949 5116 1979 5154 a
2003 5113 2163 5171 grege
2191 5096 2470 5152 hominum
2495 5094 2698 5164 abegit.
2749 5090 2887 5144 Tum
2914 5095 3068 5159 parta
3098 5082 3512 5152 tranquillitate,

1948 5206 2043 5245 rex
2078 5203 2308 5258 magnus
2356 5185 2602 5240 omnium
2645 5198 2742 5254 per
2784 5175 2972 5237 orbem
3015 5175 3257 5245 gentium
3299 5171 3514 5242 procla-

1951 5286 2133 5333 matus
2162 5283 2264 5331 est.
2323 5273 2504 5340 Quare
2550 5272 2798 5328 subditos
2854 5261 3301 5339 plaudere'jubet
3341 5259 3513 5314 niani-

1951 5369 2077 5431 bus,
2109 5365 2166 5421 id
2199 5375 2284 5420 est
2315 5364 2576 5436 Operibus
2601 5376 2664 5416 ac
2694 5358 2862 5431 gestis
2898 5354 3056 5427 quasi
3089 5364 3253 5408 voces
3299 5347 3512 5403 Excelsi

1943 5473 2113 5529 regno
2157 5443 2354 5526 dignas
2399 5453 2672 5517 emittere,
2706 5466 2772 5505 ac
2811 5447 3064 5519 jubilare'
3100 5441 3206 5512 ipsi
3261 5439 3319 5493 in
3375 5449 3510 5529 voce

1944 5525 2362 5613 exsultatiouis;
2409 5545 2484 5600 ita
2517 5551 2577 5600 ut
2627 5558 2736 5599 non
2781 5537 2944 5596 modo
2986 5531 3243 5606 cperibus
3277 5541 3342 5584 sc
3386 5525 3510 5580 vita:
