4100 6442
638 327 746 380 6|!)

1365 317 1633 375 susum
1666 296 2144 374 cmssntENSls
2183 305 2344 373 0P9.
2385 315 2568 373 rans
2605 315 2784 373 ιιι-ι-
2809 315 3223 375 EXEGETICA.

3809 324 3918 380 ιω

639 453 871 511 magnus
892 447 997 504 est,
1027 438 1272 494 bonitate
1289 475 1306 504 ,
1331 437 1621 493 tolerantia
1646 475 1663 500 ,
1701 434 2014 498 clementia,
2041 443 2207 490 cate-

2316 437 2487 507 γέθει,
2522 436 2750 507 δυνάμει
2775 436 2831 490 δὲ
2861 435 3238 508 ἀκατάλήπτῳ
3257 449 3273 465 ’
3308 434 3445 490 ἀλλά
3475 438 3570 490 καὶ
3613 436 3780 511 σοφίᾳ
3819 441 3916 511 μέ-

639 531 823 601 risque
855 531 910 586 in
935 545 1000 586 eo
1029 529 1280 602 cogitatis
1309 527 1513 583 divinis
1532 527 1865 590 virtutibus;
1914 540 2087 598 quare
2130 526 2218 581 di-

643 627 792 674 ctum
815 627 900 677 est
927 638 942 675 :
984 617 1052 673 Et
1079 617 1487 689 cogitationibus
1519 615 1624 670 tuis
1649 633 1754 671 non
1786 626 1864 671 est
1904 617 1993 686 qui
2019 616 2217 671 similis

639 714 710 767 sit
741 711 837 767 tibi
853 713 897 767 ⁷.

710 919 916 976 Atheos
969 917 1237 989 quosdam
1266 956 1282 982 ,
1337 924 1392 973 et
1440 917 1717 972 daemones
1785 914 2218 971 incantationum

644 1028 894 1073 auctores
927 1013 1172 1090 [carpit],
1205 1015 1301 1085 qui
1326 1029 1555 1086 regnum
1586 1029 1746 1069 suum
1776 1013 1833 1067 in
1864 1021 2009 1069 terra
2037 1012 2222 1068 firma-

645 1110 737 1176 vit,
768 1116 822 1163 et
851 1107 1035 1162 omnia
1064 1108 1218 1178 prius
1249 1114 1570 1162 enumerata
1601 1106 1656 1160 in
1681 1105 1996 1161 hominibus
2021 1104 2215 1175 imple-

644 1206 738 1262 vit.
770 1204 956 1274 Neque
982 1205 1159 1259 solum
1190 1218 1423 1273 magnus
1445 1213 1548 1270 est,
1580 1203 1675 1259 sed
1712 1191 1876 1259 etiam
1926 1203 2220 1259 laudabilis

645 1296 799 1352 valde
832 1315 845 1350 :
881 1311 991 1350 non
1021 1295 1240 1365 quidem
1279 1295 1423 1366 apud
1457 1311 1651 1352 omnes
1681 1311 1783 1352 nec
1813 1296 1870 1352 in
1902 1297 2052 1350 omni
2073 1297 2216 1362 loco,

644 1385 735 1440 sed
769 1385 822 1438 in
844 1384 1066 1440 civitate
1097 1383 1192 1439 Dei
1220 1385 1395 1440 nostri
1433 1395 1488 1441 et
1533 1386 1589 1440 in
1629 1393 1816 1442 monte
1851 1394 2044 1442 sancto
2074 1387 2218 1456 ejus.

643 1475 779 1543 Quia
803 1476 839 1530 ii
868 1476 961 1546 qui
985 1484 1139 1532 extra
1169 1475 1445 1533 civitatem
1466 1478 1586 1549 ejus
1611 1485 1761 1543 sunt,
1787 1478 1984 1533 divina:
2015 1478 2221 1534 doctri-

643 1592 723 1634 nae
760 1577 1020 1647 imperiti,
1067 1577 1325 1632 nesciunt
1364 1592 1475 1647 quo
1518 1585 1684 1648 pacto
1714 1575 2079 1633 celebrandus
2123 1577 2213 1644 sit,

643 1690 741 1731 nec
767 1676 928 1749 digne
957 1676 1143 1732 divina
1166 1678 1314 1748 loqui
1339 1686 1607 1748 possunt;
1639 1691 1813 1748 quare
1843 1676 2216 1733 venerandum

643 1764 772 1819 Illud
798 1779 1019 1833 nomen,
1051 1764 1118 1819 ad
1142 1765 1499 1820 inanimatam
1533 1765 1818 1820 materiam
1840 1765 2216 1836 projecerunt,
2255 1783 2296 1838 Β

643 1865 732 1912 aut
779 1857 837 1912 in
873 1857 1192 1912 animalium
1242 1857 1703 1912 irrationabilium
1747 1872 1973 1930 genera,
2008 1857 2126 1913 sive
2162 1857 2218 1912 in

643 1948 924 2015 elementa,
945 1956 1170 2013 terram,
1203 1962 1424 2019 aquam,
1446 1962 1650 2013 aerem,
1683 1947 1862 2019 ignem
1884 1964 1898 2013 ;
1923 1948 2039 2004 sive
2053 1949 2218 2005 etiam

643 2037 701 2102 in
733 2038 922 2094 mundi
952 2046 1136 2109 partes
1165 2057 1178 2092 :
1206 2049 1369 2110 atque
1403 2039 1496 2093 alii
1533 2038 1642 2094 alio
1671 2038 1779 2093 ritu
1823 2038 1892 2094 de
1915 2038 2031 2095 Deo
2055 2038 2220 2109 impie

641 2142 962 2202 senserunt;
995 2135 1202 2191 idcirco
1233 2151 1359 2191 cum
1397 2135 1564 2192 alieni
1583 2143 1769 2192 essent
1793 2149 1825 2189 a
1847 2133 2069 2191 civitate
2086 2131 2216 2200 Dei,

639 2239 670 2278 a
703 2240 834 2280 vero
862 2225 1067 2296 hymno
1095 2225 1234 2296 lapsi
1267 2235 1417 2282 sunt.
1449 2225 1657 2282 Civitas
1690 2239 1858 2296 porro
1885 2224 1984 2280 Dei
2017 2225 2218 2292 nostri,

642 2315 888 2372 Ecclesia
933 2323 1037 2379 est,
1065 2331 1187 2386 qua:
1219 2331 1386 2388 supra
1413 2315 1634 2386 eloquio
1661 2315 1976 2385 hujusmodi
2009 2314 2220 2371 indica-

639 2403 848 2462 turzF
853 2407 1069 2462 luminis
1123 2408 1350 2478 impetus
1400 2408 1682 2477 lwtiﬁcant
1751 2407 2019 2462 ciuitatem
2069 2406 2218 2461 Dei:

639 2497 990 2567 sanctiﬁcavit
1025 2495 1424 2552 tabernaculum
1452 2513 1608 2551 suum
1623 2494 1936 2550 Altissimus
1953 2494 1996 2550 ⁸.
2021 2493 2087 2548 Et
2105 2494 2218 2550 haec

639 2578 859 2658 quidem
891 2586 960 2643 de
985 2601 1070 2651 ea,
1101 2603 1223 2658 quae
1249 2588 1304 2642 in
1353 2594 1502 2642 terra
1545 2593 1651 2650 est,
1701 2585 1984 2652 Ecclesia;
2016 2583 2084 2640 de
2109 2598 2222 2654 qua

638 2688 846 2744 dictum
895 2696 980 2743 est
1030 2705 1044 2740 :
1093 2685 1410 2740 Inhabitabo
1465 2686 1521 2738 in
1583 2684 1694 2739 illis
1735 2694 1784 2740 et
1829 2682 2216 2738 inambulabo:

639 2790 685 2835 et
701 2796 790 2834 ero
810 2777 1028 2833 illorum
1049 2777 1205 2841 Deus,
1227 2785 1275 2830 et
1301 2777 1401 2844 ipsi
1418 2783 1573 2829 erunt
1599 2773 1729 2828 mihi
1749 2774 1972 2844 populus
1993 2775 2036 2827 ’.
2059 2771 2218 2839 Quod

647 2873 692 2928 si
723 2886 832 2942 qua
859 2867 932 2927 sit
955 2870 1062 2924 alia
1098 2869 1202 2923 hac
1239 2867 1434 2922 melior
1463 2865 1682 2931 civitas,
1715 2865 1874 2935 cujus
1920 2862 2118 2920 artifex
2162 2870 2218 2918 et

639 2962 896 3018 conditor
930 2964 978 3018 is
1009 2962 1125 3031 ipse
1159 2960 1266 3028 sit,
1298 2957 1610 3030 perpende,
1649 2971 1759 3028 quo
1798 2964 1960 3027 pacto
2019 2955 2077 3009 in
2123 2955 2217 3011 illa

635 3067 804 3122 etiam
836 3079 1069 3136 magnus
1093 3104 1110 3131 ,
1139 3059 1505 3118 cclebrandus
1537 3066 1592 3114 et
1614 3057 1906 3113 laudabilis
1929 3057 2002 3112 sit
2034 3057 2213 3122 valde,

637 3171 763 3212 cum
785 3157 841 3211 in
869 3171 932 3211 ea
957 3170 1058 3226 pro
1085 3153 1354 3225 dignitate
1380 3150 1742 3222 intelligatur,
1774 3162 1840 3204 ac
1867 3147 2071 3204 divinis
2093 3163 2217 3202 νοτ-
2245 3155 2285 3207 ιι

2323 544 2427 596 γας
2462 527 2580 580 ἐστὶ
2619 526 2713 579 καὶ
2749 523 3050 595 άγαθότητι
3084 525 3179 578 καὶ
3211 522 3534 595 ἀνεξικακίᾳ
3577 525 3671 578 καὶ
3717 527 3915 594 φιλαν-

2323 613 2567 686 θρωπίᾳ,
2599 615 2720 678 ταῖς
2748 630 2808 666 τε
2832 613 3047 676 λοιπαῖς
3071 613 3487 684 ἐπινοουμέναις
3533 614 3590 666 ὲν
3619 614 3768 684 αὐτῷ
3801 615 3914 669 θεε-

2325 707 2447 768 καῖς
2471 703 2731 774 δυνάμεσι
2751 719 2765 732 ⁶
2802 703 2884 756 διδ
2904 702 3181 758 λέλεκται’
3210 705 3320 758 Καὶ
3355 702 3478 770 τοῖς
3498 703 3914 775 διαλογισμοῖς

2323 809 2440 848 σου
2469 795 2580 848 οὐκ
2601 793 2735 848 ἔστι
2770 793 2861 859 τίς
2890 791 3337 862 ὁμοιωθήσεται.

2404 905 2625 970 Ἀθέους
2660 904 2813 969 τινάς
2858 905 3019 968 ὄντας
3055 904 3316 975 δαίμονας
3367 905 3590 976 ἐπῳδῶν
3638 906 3767 976 (sic)
3811 925 3913 960 πε-

2323 995 2650 1066 ποιημένους
2696 995 2725 1047 6
2762 992 2862 1066 τὴν
2896 993 3088 1047 ἑαυτοῦ
3132 992 3406 1063 βασιλείαν
3435 995 3524 1047 ἐπὶ
3565 994 3672 1065 γῆν
3707 1013 3917 1068 συστη-

2325 1087 2584 1156 σάμενος,
2612 1085 2706 1140 καὶ
2734 1084 2802 1138 τὰ
2835 1085 2955 1138 καθ’
2981 1085 3209 1138 ἕκαστον
3254 1085 3365 1138 τῶν
3395 1085 3707 1157 ἔμπροσθεν
3735 1104 3916 1158 κατη-

2327 1177 2684 1249 ριθμημένων
2719 1177 2778 1230 ὲν
2822 1175 3128 1248 ἀνθρώποις
3158 1176 3496 1240 ἐπιτελέσας.
3541 1179 3615 1230 Οὐ
3655 1179 3822 1249 μόνον
3853 1180 3917 1234 δὲ

2327 1270 2498 1342 μέγας
2525 1270 2691 1334 ἐστὶν,
2714 1267 2850 1322 ἀλλὰ
2875 1267 2968 1322 καὶ
2996 1267 3234 1339 ὑμνητὸς
3261 1267 3466 1339 σφόδρα
3484 1285 3498 1297 ·
3523 1269 3585 1321 οὐ
3624 1270 3735 1341 μὴν
3757 1273 3917 1341 παρὰ

2325 1361 2524 1425 πᾶσιν,
2555 1358 2676 1412 οὐδὲ
2713 1360 2771 1411 ὲν
2815 1357 2976 1412 παντὶ
3021 1357 3208 1428 τόπῳ,
3251 1358 3367 1410 ἀλλ’
3408 1362 3466 1411 ὲν
3511 1362 3575 1430 τῇ
3619 1361 3776 1414 πόλει
3820 1362 3914 1415 τοῦ

2323 1450 2456 1504 Θεοῦ
2488 1449 2678 1520 ἡμῶν,
2706 1450 2797 1502 καί⁵
2828 1451 2886 1502 ὲν
2917 1448 2996 1520 τῷ
3027 1449 3144 1520 ὄρει
3175 1449 3317 1520 ἁγίῳ
3345 1450 3530 1503 αὑτοῦ.
3570 1453 3840 1525 Ἐπείπερ
3866 1456 3913 1507 οἰ

2323 1538 2429 1606 ἔξω
2455 1540 2556 1611 τῆς
2587 1539 2751 1592 αὐτοῦ
2787 1538 2996 1601 πόλεως
3013 1577 3029 1603 ,
3057 1537 3288 1608 ἀμαθεῖς
3311 1539 3465 1602 ὄντες
3489 1540 3588 1612 τῆς
3617 1540 3808 1595 ἐνθέου
3839 1543 3915 1598 δι-

2322 1631 2620 1696 δασκαλίας
2644 1674 2658 1698 ,
2691 1633 2791 1686 οὐκ
2839 1632 3019 1686 ῐσασιν
3051 1631 3215 1684 αὑτὸν
3249 1632 3474 1701 ὑμνεῖν,
3515 1632 3625 1685 οὐδ’
3667 1633 3914 1697 ἐπαξίως

2325 1722 2627 1792 θεολογεῖν·
2665 1724 2857 1796 διόπερ
2901 1723 3000 1793 τὴν
3047 1721 3342 1792 σεϐάσμιον
3395 1725 3770 1795 προσηγορίαν
3820 1725 3914 1778 ἐπὶ

2319 1813 2419 1886 τὴν
2443 1813 2648 1885 ἄψυχον
2679 1813 2810 1884 ὕλην
2857 1812 3332 1883 καταϐεόλήκασιν
3354 1852 3369 1878 ,
3415 1814 3448 1884 ἢ
3495 1813 3650 1879 ζώων
3695 1815 3914 1883 ἀλόγων

2319 1905 2454 1977 γένη
2475 1945 2489 1970 ,
2521 1905 2554 1976 ἢ
2582 1906 2673 1957 ἐπὶ
2700 1905 2769 1958 τὰ
2797 1907 3034 1975 στοιχεῖα
3054 1945 3068 1971 ,
3103 1905 3207 1976 γῆν
3227 1947 3242 1970 ,
3271 1905 3416 1976 ὕδωρ
3439 1945 3454 1969 ,
3490 1906 3628 1976 ἀέρα
3649 1945 3665 1970 ,
3701 1906 3849 1977 πῦρ,
3876 1906 3911 1978 ἢ

2321 1998 2418 2050 ἐπὶ
2445 1997 2513 2050 τὰ
2540 1997 2678 2069 μέρη
2700 1997 2795 2050 τοῦ
2823 1996 3062 2066 κόσμου’
3100 1997 3198 2058 καὶ
3224 1996 3372 2050 ἄλλοι
3420 1996 3595 2061 άλλως
3620 2015 3742 2062 πως
3775 1997 3913 2070 περὶ

2320 2088 2455 2143 Θεοῦ
2485 2089 2742 2154 ἐδόξασαν
2769 2089 2984 2154 ἀσεϐῶς
3006 2107 3021 2122 ο
3051 2091 3145 2142 καὶ
3191 2089 3281 2142 διά
3318 2089 3504 2153 τοῦτο,
3551 2091 3650 2162 τῆς
3695 2091 3912 2154 πόλεως

2319 2182 2470 2246 ὅντες
2501 2181 2770 2253 ἀλλότριοι
2814 2181 2910 2234 τοῦ
2949 2180 3117 2244 Θεοῦ,
3161 2181 3592 2234 ἀποπεπτώκασι
3631 2180 3730 2234 τοῦ
3773 2182 3914 2251 ἁλη-

2321 2272 2447 2336 θοῦς
2487 2271 2678 2343 ὕμνου.
2717 2272 2879 2336 Πόλις
2908 2271 2966 2324 δὲ
3003 2270 3096 2324 τοῦ
3125 2271 3260 2324 Θεοῦ
3293 2269 3326 2342 ἡ
3337 2271 3453 2342 μῶν
3493 2273 3528 2343 ἠ
3568 2272 3911 2344 Ἐκκλησία,

2319 2364 2385 2434 ἢν
2410 2362 2504 2416 καὶ
2532 2361 2600 2416 τά
2627 2362 2884 2432 ἀνωτέρω
2908 2360 3092 2432 ἐδήλου
3117 2361 3275 2431 λόγια
3293 2402 3306 2427 ,
3334 2361 3402 2414 δι’
3435 2355 3512 2416 ὧν
3536 2361 3726 2434 εἴρητο
3744 2380 3759 2394 ο
3793 2363 3910 2418 Τοῦ

2319 2454 2588 2524 ποταμόῦ
2612 2455 2685 2509 τὰ
2711 2453 3021 2523 όρμήματα
3040 2454 3436 2522 εὐφραίνουσι
3457 2453 3573 2522 τὴν
3587 2456 3776 2508 πόλιν
3796 2453 3911 2511 τοῦ

2321 2545 2470 2602 Θεοῦ
2491 2561 2506 2576 ο
2539 2546 2754 2614 ἠνίασε
2778 2544 2843 2598 τὸ
2865 2543 3156 2612 σκήνωμα
3185 2543 3374 2599 αὑτοῦ
3397 2549 3430 2599 ὁ
3454 2547 3762 2614 Ὕψιστος.
3795 2548 3912 2601 Καὶ

2319 2635 2493 2690 ταῦτα
2522 2635 2622 2706 μὲν
2653 2635 2780 2707 περὶ
2812 2635 2911 2706 τῆς
2952 2634 3096 2688 κατά
3127 2635 3232 2705 γῆν
3285 2634 3640 2706 Ἐκκλησίας·
3675 2638 3809 2706 περὶ
3839 2633 3910 2708 ἧς

2319 2729 2536 2800 εἴρηται
2554 2744 2568 2758 ο
2616 2725 2937 2794 Ἐνοικήσω
2959 2726 3030 2780 ἐν
3061 2726 3266 2791 αὐτοῖς
3288 2726 3389 2781 καὶ
3415 2726 3905 2796 ἐμπεριπατήσω·

2319 2821 2418 2874 καί
2455 2819 2668 2888 ἔσομαι
2706 2817 2906 2873 αὐτῶν
2951 2817 3122 2884 Θεὸς,
3170 2818 3269 2872 καί
3309 2817 3480 2872 αὐτοὶ
3511 2819 3758 2872 ἔσονταί
3800 2837 3909 2889 μοι

2317 2912 2487 2976 ⁵λαός.
2515 2911 2577 2963 Εἰ
2605 2910 2649 2962 δ’
2674 2909 2789 2963 ἐστι
2816 2926 2899 2972 τις
2927 2908 3060 2980 άλλη
3091 2908 3357 2980 κρείττων
3389 2909 3593 2982 ταύτης
3627 2910 3810 2975 πόλις,
3836 2908 3907 2983 ἧς

2319 3001 2570 3072 τεχνίτης
2615 3001 2715 3054 καὶ
2764 2997 3092 3070 δημιουργὸς
3131 2998 3327 3061 αὑτός·
3374 2998 3471 3052 θέα
3514 3001 3661 3064 ὅπως
3696 3002 3794 3054 καί
3846 3002 3908 3054 ἐν

2318 3094 2491 3166 ταύτῃ
2519 3093 2690 3164 μέγας
2713 3092 2806 3145 καὶ
2851 3091 3089 3161 ὑμνητὸς
3109 3130 3124 3154 ,
3149 3090 3243 3143 καὶ
3271 3091 3483 3155 αἰνετός
3508 3093 3624 3145 ἐστι
3656 3093 3905 3164 σφόδρα,

2321 3184 2440 3234 κατ’
2485 3181 2641 3246 ἀξίαν
2685 3178 2973 3249 νοούμενος
3025 3178 3082 3229 ὲν
3126 3177 3262 3249 αὐτῇ
3311 3180 3406 3232 καὶ
3457 3179 3904 3251 θεολογούμενος.

636 3249 723 3305 bis
747 3247 1076 3304 celebretur.
1107 3244 1168 3299 ln
1197 3257 1308 3314 quo
1343 3248 1526 3298 autem
1558 3247 1719 3296 terra:
1748 3238 1871 3294 loco
1893 3237 2092 3294 civitas
2132 3235 2215 3290 illa

2318 3271 2418 3324 Ποῖ
2444 3271 2502 3324 δὲ
2523 3235 2626 3341 γῆς
2651 3235 2995 3341 ᾠκοδόμηται
3028 3269 3063 3339 ἡ
3102 3235 3262 3332 πόλιὲ
3285 3269 3425 3340 αὕτη
3449 3311 3464 3335 ,
3498 3272 3528 3324 6
3561 3235 3659 3340 μέν
3683 3235 3906 3342 ςίαλμδς

635 3338 729 3402 sit,
765 3335 840 3391 ita
868 3331 1027 3390 docet
1059 3331 1304 3404 psalmus
1335 3348 1350 3385 :
1385 3329 1454 3384 In
1491 3338 1665 3383 monte
1702 3335 1888 3382 sancto
1923 3326 2039 3394 eius
2089 3325 2214 3380 bene

635 3426 917 3491 radicato;
951 3425 1008 3482 id
1031 3430 1137 3492 est,
1172 3423 1312 3479 bene
1335 3418 1582 3486 fundato,
1620 3426 1677 3476 et
1724 3417 1995 3484 radicato,
2029 3424 2086 3473 et
2121 3433 2217 3472 ea:-

635 3515 925 3576 sultatioue
971 3513 1227 3570 universa
1265 3523 1440 3568 terra.
1480 3511 1673 3578 Qualis
1711 3525 1879 3580 porro
1923 3524 2083 3565 mons
2123 3509 2215 3564 ille

635 3611 730 3677 sit,
770 3624 1002 3682 magnus
1022 3601 1181 3664 docet
1207 3605 1504 3677 Apostolus
1525 3604 1614 3660 his
1633 3601 1818 3660 verbis
1842 3621 1856 3656 :
1881 3601 2212 3656 Accessimus

635 3701 707 3756 ad
737 3699 867 3757 Sion
887 3708 1115 3755 montem
1135 3737 1151 3766 ,
1179 3706 1231 3752 et
1262 3697 1528 3752 civitatem
1569 3692 1670 3749 Dei
1706 3692 1924 3749 viventis
1942 3731 1959 3756 ,
1989 3689 2215 3746 Jerusa-

634 3795 738 3850 lem
764 3795 1044 3861 catlestem,
1079 3803 1129 3850 et
1171 3793 1462 3858 multorum
1499 3791 1731 3848 millium
1768 3790 2074 3861 angelorum
2113 3788 2216 3859 fre-

633 3889 925 3960 quentiam,
977 3896 1026 3943 et
1079 3886 1376 3945 Ecclesium
1416 3885 1910 3957 primogenitorum,
1949 3883 2041 3954 qui
2085 3897 2215 3938 con-

633 3989 820 4059 scripti
851 3998 974 4045 sunt
1002 3991 1058 4043 in
1081 3989 1304 4045 caelis“.
1330 3989 1591 4044 Eamdem
1627 4000 1760 4042 vero
1779 3999 1902 4042 esse
1931 3983 2212 4041 civitatem

633 4078 729 4136 Dei
751 4095 936 4136 veram
985 4081 1104 4152 ipse
1149 4081 1392 4136 declarat
1433 4079 1624 4135 dicens
1658 4075 1806 4135 :Illa
1850 4085 2048 4142 autem,
2093 4089 2212 4145 qua:

632 4187 845 4226 sursum
887 4179 967 4228 est
1014 4169 1337 4235 Jerusalem,
1400 4169 1569 4224 libera
1615 4177 1716 4236 est,
1761 4183 1878 4238 qua:
1923 4176 2000 4222 est
2042 4175 2212 4220 mater

633 4263 900 4318 nostra“.
938 4261 1094 4318 Mons
1136 4269 1318 4318 autem
1365 4259 1479 4316 Deo
1517 4260 1750 4331 dignus,
1795 4258 1972 4328 ipsum
2010 4257 2212 4312 coelum

632 4360 738 4408 est.
779 4351 919 4418 Quia
945 4368 1076 4408 vero
1097 4353 1348 4409 homines
1379 4353 1436 4408 in
1463 4363 1608 4408 terra
1630 4351 1892 4422 degentes
1912 4363 2082 4420 regno
2109 4361 2210 4404 suo

632 4451 960 4523 dedignatus
988 4468 1097 4508 non
1119 4460 1242 4521 est;
1265 4452 1319 4508 id
1345 4453 1491 4508 enim
1523 4450 1870 4524 signiﬁcabat
1892 4450 2208 4522 praecedens

2316 3361 2557 3417 διδάσκει
2615 3361 2820 3430 λέγων·
2877 3362 2974 3414 Ἐν
3029 3361 3149 3430 ὄρει
3210 3363 3357 3431 ἁγίῳ
3407 3364 3593 3419 αὐτοῦ
3651 3365 3865 3433 εὑρίζφ
3889 3382 3902 3395 .

2315 3453 2562 3506 τουτέστι
2589 3453 2666 3524 τῷ
2690 3449 2749 3508 εὖ
2777 3454 3227 3524 τεθεμελιωμένῳ
3263 3454 3359 3508 καὶ
3395 3453 3770 3526 ὲρριζωμένῳ,
3803 3457 3906 3510 καὶ

2313 3543 2394 3609 τῷ
2430 3544 2826 3615 ἀγαλλιάματι
2870 3545 3076 3613 πάσης
3110 3545 3220 3612 τῆς
3243 3544 3376 3614 τῆς.
3422 3547 3579 3599 Ποῖον
3621 3546 3668 3599 δ’
3703 3546 3770 3600 ἂν
3811 3550 3902 3618 εἰη

2311 3635 2472 3689 τοῦτο
2503 3637 2562 3690 τὸ
2600 3637 2745 3708 ὅρος,
2795 3639 2824 3691 6
2851 3637 3025 3708 μέγας
3073 3637 3392 3700 ’Δπόστολος
3422 3637 3661 3692 διδάσκει
3689 3637 3900 3706 λέγων·

2313 3731 2860 3798 Προσεληλῠθαμεν
2884 3727 3039 3782 Σιὼν
3065 3728 3187 3796 ὄρει
3217 3727 3315 3782 καί
3348 3729 3521 3782 πόλει
3561 3727 3709 3782 Θεοῦ
3749 3725 3901 3788 ζῶν-

2314 3836 2420 3887 τος
2451 3818 2839 3888 Ἰερουσαλὴμ
2885 3819 3248 3892 ἐπουρανίῳ,
3280 3817 3384 3874 καὶ
3408 3817 3698 3888 μυριάσιν
3726 3816 3902 3888 ἀγνύ-

2312 3914 2439 3966 λων
2471 3911 2800 3978 πανηγύρει
2840 3911 2942 3965 καί
2970 3911 3300 3979 Ἐκκλησία
3329 3910 3718 3978 πρωτοτόκων
3741 3909 3901 3964 ἀπο-

2313 4000 2730 4073 γεγραμμένων
2766 4001 2836 4054 ἐν
2866 4000 3164 4068 οὐρανοῖς.
3204 4000 3419 4070 Ταύτην
3451 3999 3508 4052 δὲ
3547 3999 3719 4069 αὐτὴν
3755 3993 3900 4052 εἶναι

2310 4092 2410 4162 τὴν
2440 4091 2592 4145 πόλιν
2621 4089 2715 4144 τοῦ
2737 4087 2872 4142 Θεοῦ
2899 4089 2997 4159 τὴν
3022 4090 3278 4160 ἀληθινὴν
3303 4090 3332 4142 6
3357 4089 3518 4152 αὐτὸς
3543 4090 3782 4161 παρίστη
3807 4087 3900 4146 λι-

2311 4199 2424 4252 γων
2443 4199 2458 4213 '
2495 4182 2557 4238 Ἠ
2578 4180 2647 4235 δὲ
2674 4181 2798 4236 ἅνω
2831 4180 3218 4251 Ἰερουσαλὴμ
3241 4181 3525 4250 ἐλευθέρα
3549 4179 3745 4244 ἐστίν,
3763 4181 3898 4248 ἥτις

2311 4275 2441 4329 ἐστὶ
2465 4274 2663 4344 μήτηρ
2703 4274 2891 4344 ἡμῶν.
2920 4275 3084 4345 Ὄρος
3109 4272 3166 4325 δὲ
3194 4271 3286 4325 τοῦ
3316 4271 3450 4324 Θεοῦ
3479 4271 3700 4338 ἐπάξιον
3728 4272 3897 4336 αὐτὸς

2311 4367 2340 4419 6
2369 4365 2618 4438 οὐρανός.
2655 4365 2873 4437 Ἐπειδὴ
2904 4366 2961 4419 δὲ
3006 4364 3101 4418 καὶ
3140 4364 3266 4428 τοὺς
3308 4364 3398 4416 ἐπὶ
3436 4363 3540 4433 γῆς
3572 4361 3895 4434 ἀνθρώπους

2311 4458 2411 4512 οὐκ
2437 4457 2718 4528 ἀπηξίωσε
2747 4457 2848 4528 τῆς
2882 4456 3090 4519 οἰκείας
3122 4456 3421 4527 βασιλείαςο
3452 4454 3610 4509 τοῦτο
3635 4455 3747 4526 γὰρ
3769 4454 3893 4526 ὲδὴ-

632 4546 880 4618 psalmus
899 4544 1090 4601 dicens
1117 4544 1262 4599 :Rea:
1293 4544 1464 4598 omnis
1492 4554 1644 4599 terra:
1675 4543 1841 4607 Deus,
1872 4542 2090 4611 psallite
2115 4558 2208 4596 sa-

2316 4551 2405 4604 λου
2435 4553 2464 4604 ὁ
2496 4551 2602 4622 πρὸ
2639 4550 2829 4604 τούτου
2863 4549 3074 4621 ςαλμὸς
3103 4549 3311 4616 λέγων’
3340 4547 3640 4613 Βασιλεὺς
3685 4546 3892 4614 πάσης

631 4637 834 4706 pienter
857 4650 876 4690 :
898 4637 1131 4706 regnauit
1156 4635 1295 4690 Deus
1327 4651 1485 4706 super
1512 4637 1778 4706 gentes";
1805 4633 1931 4704 jure
1969 4633 2025 4687 in
2061 4640 2206 4688 terra

632 4742 851 4799 quoque
882 4728 1079 4784 civitas
1100 4726 1204 4798 ipsi
1236 4729 1539 4782 constituta
1569 4734 1654 4781 est
1674 4767 1690 4792 ,
1720 4726 1847 4780 vitae
1875 4724 2088 4780 scilicet
2117 4724 2205 4778 in-

631 4819 887 4874 stitutum
927 4816 1023 4872 Dei
1063 4817 1239 4890 cultui
1289 4816 1590 4883 addictum,
1638 4815 1694 4868 in
1743 4821 1858 4868 toto
1916 4812 2051 4868 orbe
2107 4827 2206 4883 per

630 4909 998 4980 evangelicam
1019 4908 1462 4978 praedicationem
1492 4906 1822 4962 consistens.
1846 4903 2086 4960 Montem
2108 4903 2205 4958 Dei

629 4999 688 5054 in
746 5014 855 5071 quo
901 4997 1218 5069 hujusmodi
1263 4998 1580 5053 institutum
1621 4996 1928 5052 stabilitum
1983 5004 2091 5060 est,
2135 5011 2204 5052 ne

627 5102 905 5158 cuncteris
940 5100 1124 5156 dicere
1152 5099 1392 5156 Verbum
1428 5099 1525 5156 Dei
1555 5114 1701 5162 esse,
1747 5097 2001 5153 videlicet
2037 5095 2201 5152 Chri-

625 5198 806 5260 stum;
840 5191 968 5262 quia
997 5205 1163 5261 supra
1194 5198 1404 5260 petram
1423 5189 1646 5244 fundata
1667 5187 1788 5258 ejus
1807 5186 2051 5242 Ecclesia
2079 5191 2196 5241 est:

627 5281 745 5350 ipse
785 5289 968 5336 autem
990 5290 1145 5352 petra
1173 5287 1313 5336 erat.
1352 5279 1508 5337 Mons
1549 5281 1753 5350 itaque,
1787 5285 1962 5350 petra,
2003 5275 2200 5332 funda-

627 5380 870 5430 mentum
897 5371 1152 5429 Ecclesia!
1171 5372 1290 5443 ipse
1313 5372 1466 5429 solus
1486 5371 1670 5433 fuerit,
1695 5379 1754 5425 ut
1776 5369 2000 5441 quidam
2024 5367 2194 5438 dicit;

633 5464 1050 5521 Fundamentum
1078 5463 1217 5517 enim
1249 5461 1399 5540 aliud
1435 5477 1588 5516 nemo
1620 5469 1789 5527 potest
1822 5473 2036 5528 ponere,
2058 5471 2198 5525 pra:-

600 5600 615 5664 ¹
694 5641 713 5670 ⁷
750 5639 895 5763 γεὲι.
931 5657 1129 5708 xxxix,
1161 5641 1216 5696 6.
1292 5640 1312 5672 '
1351 5638 1496 5694 Psal.
1526 5652 1650 5702 ην,
1681 5636 1736 5691 5.
1809 5635 1830 5667 ’
1869 5629 2044 5692 Levit.
2079 5646 2202 5688 xxvi

626 5724 747 5763 nvi
770 5751 783 5763 .
862 5749 877 5763 .

626 5724 747 5763 nvi
770 5751 783 5775 ,
823 5724 877 5764 δ.

2225 5671 2240 5697 ,
2277 5629 2365 5685 12.
2443 5622 2486 5660 ⁸⁸
2527 5625 2688 5682 Hebr.
2724 5643 2821 5693 xu,
2851 5621 2942 5691 92,
2967 5621 3058 5681 25.
3139 5626 3178 5656 ¹¹
3219 5619 3338 5679 Gal.
3372 5641 3444 5690 IV,
3477 5623 3569 5680 26.

2311 4640 2423 4710 τῆς
2454 4639 2567 4712 γῆς
2595 4644 2628 4695 ό
2662 4640 2834 4707 Θεὸς,
2871 4639 3105 4708 god/late
3142 4637 3446 4704 συνετῶςο
3487 4638 3890 4708 ἐϐασίλευσεν

2310 4733 2344 4784 ὁ
2371 4729 2515 4795 Θεὸς
2540 4729 2637 4783 ἐπὶ
2668 4729 2739 4782 τὰ
2763 4728 2906 4795 ἔθνη
2927 4743 2944 4760 ο
2969 4727 3192 4791 εἰκότως
3232 4727 3327 4780 καὶ
3364 4726 3456 4779 ἐπὶ
3489 4726 3589 4796 τῆς
3613 4725 3717 4795 γῆς
3764 4711 3890 4778 (rw.-

2309 4821 2440 4890 έστη
2474 4820 2624 4890 αὐτῷ
2656 4819 2810 4883 πόλις
2830 4857 2844 4882 ,
2894 4819 2956 4872 τὸ
2987 4817 3238 4880 θεοσεόὲς
3263 4817 3463 4887 δηλαδὴ
3493 4816 3796 4886 πολίτευμα
3827 4817 3888 4869 τὸ

2309 4912 2430 4966 καθ’
2453 4911 2581 4982 ὅλης
2606 4910 2707 4980 τῆς
2727 4909 3050 4980 οἰκουμένης
3071 4909 3159 4962 διὰ
3180 4907 3276 4960 τοῦ
3298 4905 3654 4975 εὐαγγελικοῦ
3683 4905 3888 4959 συστὰν

2311 5003 2683 5074 κηρύγματος.
2713 5001 2875 5072 Ὅρος
2912 5000 2969 5054 δὲ
3004 4999 3100 5053 τοῦ
3138 4997 3274 5052 Θεοῦ
3309 4998 3376 5051 ὶν
3405 4991 3450 5065 ᾧ
3478 4997 3540 5051 τὸ
3584 4996 3885 5066 πολίτευμα

2309 5093 2466 5148 τοῦτο
2496 5093 2811 5164 συνέστηκε,
2833 5091 2908 5162 μὴ
2934 5089 3080 5143 ὅκνει
3108 5089 3286 5156 λέγειν
3306 5090 3397 5142 τὸν
3413 5089 3582 5156 Λόγον
3607 5087 3701 5141 τοῦ
3724 5087 3883 5151 Θεοῦ,

2307 5185 2424 5254 ἢτοι
2451 5181 2539 5236 τὸν
2565 5181 2798 5253 Χριστόν
2819 5197 2834 5212 ⁸
2858 5179 3088 5251 ἐπείπερ
3125 5179 3218 5233 ἐπὶ
3244 5179 3344 5250 τὴν
3368 5179 3569 5250 πέτραν
3599 5175 3879 5248 ᾠκοδόμη-
3907 5223 3917 5256 ί

2303 5291 2390 5327 ται
2419 5272 2580 5326 αὐτοῦ
2615 5274 2652 5342 ὴ
2695 5270 3017 5340 Ἐκκλησία·
3046 5269 3208 5332 αὐτός
3235 5286 3294 5323 τε
3323 5259 3392 5340 ἦν
3422 5271 3454 5339 ἡ
3489 5269 3684 5339 πέτρα.
3715 5259 3882 5331 Οὗτος

2305 5360 2398 5418 οῦν
2425 5364 2517 5417 καὶ
2539 5363 2665 5434 ὅρος
2691 5362 2784 5415 καὶ
2807 5360 2983 5430 πέτρα
3009 5361 3102 5414 καὶ
3128 5359 3376 5431 θεμέλιος
3402 5360 3500 5431 τῆς
3531 5359 3878 5431 Ἐκκλησίας,

2305 5455 2468 5518 αὐτὸς
2514 5453 2578 5508 ἂν
2629 5453 2786 5524 μόνος
2814 5452 2900 5522 εἴη
2935 5451 3074 5505 κατὰ
3119 5451 3210 5504 τὸν
3249 5451 3525 5517 φάσκοντα
3548 5465 3562 5481 ο
3595 5447 3877 5519 Θεμέλιον

3649 5623 3693 5654 ¹¹
3732 5620 3876 5679 Psal.
