4100 6442
495 321 603 374 ἆτ’ὶὸ

1222 322 1485 379 ειιεεσιι
1525 303 1984 378 ωεελωεῇδιε
2018 281 2189 372 οΡΡο
2229 302 2421 378 bans
2458 307 2544 377 n't.
2583 352 2650 362 -
2689 305 3097 376 maceries.

3649 327 3766 382 433

498 444 768 510 quandam
795 440 888 494 Dei
909 437 1206 494 Ecclesiam
1236 439 1441 508 scripto
1460 436 1762 492 dederunt?
1795 435 2054 491 Ceterum

2172 415 2430 508 ἀλλήλοις
2477 438 2571 489 καὶ
2601 436 2797 506 νόμους
2825 434 3135 505 ἐγγράφως
3164 433 3346 488 ιθεντο
3372 435 3466 488 τοῦ
3498 437 3764 506 πολεμεῖν

497 526 692 596 ingens
717 526 1042 581 miraculum
1075 525 1167 582 Dei
1199 528 1254 580 in
1285 525 1541 581 domibus
1568 525 1690 595 ejus
1720 523 1924 594 couniti
1953 529 2066 577 tum

497 615 944 686 deprehenditur,
973 615 1096 672 cum
1148 631 1303 688 reges
1354 617 1411 671 in
1440 632 1609 672 unum
1658 617 1832 671 coacti
1867 616 2072 671 bellum

499 705 795 763 inferentes
827 694 1086 762 Ecclesiae
1127 708 1320 778 ipsius,
1371 709 1802 778 persecutionem
1843 719 2070 762 moven-

497 806 602 862 tes,
645 806 934 853 sexcentas
983 799 1212 854 insidias
1256 807 1531 854 struentes
1583 797 1846 853 adversus
1900 797 2069 861 illam,

496 889 634 942 nihil
669 898 900 957 possunt
950 889 1153 944 inferre
1185 891 1388 945 damni.
1424 891 1606 957 Quare
1637 889 1940 959 subiungit,
1970 889 2072 956 ipsi

495 977 724 1032 uidentes
758 981 833 1032 sic
875 978 1128 1034 admirati
1157 992 1319 1045 sunt;
1362 997 1486 1035 nam
1517 997 1583 1036 ex
1633 981 1769 1050 ipsis
1811 980 2071 1049 operibus

497 1080 782 1140 perspecta
813 1071 933 1140 ejus
966 1073 1188 1136 virtute,
1219 1074 1296 1127 sic
1333 1074 1585 1132 admirati
1618 1082 1779 1136 sunt;
1820 1087 1946 1128 cum
1973 1086 2072 1125 an-

497 1167 583 1214 tea
611 1161 838 1216 minime
858 1162 1208 1218 mirarentur.
1229 1163 1447 1228 Postea,
1478 1162 1779 1218 conturbati
1807 1174 1950 1227 sunt,
1983 1171 2071 1217 ut-

494 1257 622 1322 pote
656 1251 753 1321 qui
790 1251 883 1306 Dei
927 1251 1228 1308 adversarii
1265 1261 1450 1308 essent
1484 1273 1498 1309 :
1544 1253 1807 1309 Commoti
1855 1265 1976 1308 sunt
2020 1261 2072 1310 et

495 1347 692 1395 tremor
717 1341 1054 1410 apprehendit
1098 1358 1207 1398 eos.
1247 1343 1332 1398 Ibi
1357 1343 1568 1399 dolores
1598 1353 1655 1398 ut
1695 1346 2066 1415 parturientis.

491 1428 628 1485 Na‘m
656 1441 786 1486 tunc
807 1432 1025 1488 demum
1053 1435 1195 1488 ratio
1228 1434 1423 1504 judicii
1449 1434 1566 1500 Dei,
1593 1451 1754 1505 quem
1781 1437 2070 1507 impugna-

492 1522 646 1586 bant,
680 1523 997 1593 conspectui
1032 1539 1222 1579 eorum
1256 1526 1452 1596 patuit.
1479 1527 1844 1592 Quamobrem
1869 1542 2068 1582 secun-

490 1611 621 1666 dum
656 1609 1039 1681 Symmachum
1079 1614 1283 1669 dicitur
1314 1634 1328 1670 :
1362 1614 1476 1685 Ipsi
1506 1617 1735 1670 videntes
1779 1619 1858 1670 sic
1891 1617 2066 1670 admi-

491 1700 598 1754 rati
625 1709 768 1776 sunt,
804 1700 1102 1755 conturbati
1133 1712 1276 1767 sunt,
1307 1704 1536 1772 perculsi
1565 1713 1709 1768 sunt,
1752 1715 1946 1760 tremor
1973 1721 2064 1759 oe-

2171 523 2276 597 τὴν
2317 526 2638 596 Ἐκκλησίαν
2668 523 2764 578 τοῦ
2793 523 2965 590 Θεοῦ;
2996 523 3144 594 Πλὴν
3168 525 3231 577 τὸ
3271 525 3413 594 μέγα
3448 524 3634 596 θαῦμα
3661 527 3762 580 τοῦ

2175 618 2233 671 ὲν
2271 621 2393 681 ταῖς
2422 617 2643 689 βάρεσιν
2695 617 2864 686 αὐτῆς
2891 615 3295 690 γινωσκομένου
3324 616 3457 670 Θεοῦ
3495 619 3618 673 τότε
3653 618 3768 671 δεί-

2175 726 2397 773 κνυται,
2447 709 2668 762 ἐπειδὰν
2699 711 2746 762 οί
2782 707 3021 778 βασιλεῖς
3043 745 3058 770 ,
3118 707 3491 778 συναχθέντες,
3523 711 3765 780 πόλεμον

2174 801 2412 873 ἄρωνται
2453 800 2594 854 κατὰ
2639 799 2737 870 τῆς
2789 797 3116 869 Ἑκκλησίας
3147 799 3348 863 αὑτοῦ,
3392 800 3672 871 διωγμούς
3699 817 3762 854 τε

2173 889 2449 954 κινοῦντες
2465 931 2479 954 ,
2509 890 2604 943 καὶ
2631 891 2831 962 μυρίας
2857 889 3147 953 ὲπιόουλάς
3171 892 3292 943 κατ’
3313 891 3482 960 αὐτῆς
3509 891 3768 960 βουλευόο

2177 999 2326 1053 μενοι
2348 1019 2362 1044 ,
2396 979 2560 1051 μηδὲν
2597 981 2840 1050 ίσχύωσι.
2870 981 2963 1033 Διὸ
2995 981 3269 1048 ἐπιλέγειο
3315 973 3764 1050 Αὑτοίίδόντες

2171 1071 2358 1137 οὕτως
2389 1073 2739 1140 ἐθαύμασαν
2759 1085 2774 1102 '
2815 1071 2960 1142 ἔργῳ
3010 1070 3119 1141 γὰρ
3172 1070 3270 1141 τὴν
3314 1069 3540 1139 δύναμιν
3587 1073 3764 1127 αὑτοῦ

2171 1159 2610 1229 παραλαόὁντες,
2656 1160 2844 1224 οὕτως
2874 1160 3226 1228 ἐθαύμασαν
3248 1199 3262 1223 ,
3299 1150 3406 1230 πρὸ
3442 1159 3634 1213 τούτου
3683 1163 3762 1235 μὴ

2171 1253 2570 1323 θαυμάσαντες.
2606 1248 2739 1304 Εἶτα
2762 1250 3202 1320 ἐταράχθησαν,
3234 1249 3309 1313 ὡς
3333 1249 3400 1304 ἂν
3425 1249 3561 1303 Θεοῦ
3597 1251 3766 1304 πολέ-

2173 1359 2283 1412 μιοι
2333 1341 2726 1402 καταστάντες·
2792 1338 3253 1406 Ἐσαλεύθησάν
3302 1356 3366 1393 τε
3397 1339 3496 1392 καὶ
3536 1341 3764 1411 τρόμος

2168 1430 2488 1485 ἐπελάϐετο
2533 1429 2750 1484 αὐτῶν.
2823 1429 2986 1484 Ἐκεῖ
3021 1429 3231 1496 ὠδῖνες
3280 1429 3362 1496 ὡς
3406 1435 3756 1500 τικτούσης.

2169 1519 2370 1575 Λοιπὸν
2397 1518 2506 1588 γὰρ
2534 1519 2836 1572 ὑπέπιπτεν
2870 1519 3049 1572 αὐτῶν
3093 1522 3206 1582 τοῖς
3238 1519 3536 1591 ὀφθαλμοῖς
3564 1521 3594 1574 ὁ
3623 1524 3758 1593 περὶ

2168 1611 2266 1680 τῆς
2295 1611 2528 1681 κρίσεως
2553 1609 2646 1662 τοῦ
2671 1609 2807 1662 Θεοῦ
2831 1610 2986 1677 λόγος
3006 1649 3020 1672 ,
3052 1610 3145 1663 τοῦ
3168 1611 3258 1663 ὑπ’
3281 1611 3460 1664 αὐτῶν
3485 1613 3762 1683 πολεμου.

2170 1701 2352 1770 μένου.
2389 1700 2481 1753 Διὸ
2509 1701 2652 1754 κατὰ
2675 1701 2767 1753 τὸν
2795 1701 3092 1771 Σύμμαχον
3117 1691 3363 1772 εἴρηταιο
3391 1705 3572 1757 Αὐτοὶ
3598 1705 3759 1759 ίὸόνυ

489 1794 697 1861 cupavit
722 1808 830 1854 eos.
858 1791 1066 1847 dolores
1095 1804 1152 1847 ut
1171 1796 1446 1863 parientis.
1478 1795 1884 1861 Parturiebant,
1906 1805 1963 1850 ut
1990 1796 2054 1850 dit

2171 1806 2270 1855 τες
2299 1791 2488 1857 οὕτως
2511 1791 2890 1860 ἐθαύμασαν,
2920 1791 3370 1860 ἐταράχθησαν,
3410 1795 3721 1865 ἐξεπλάγη
3739 1826 3755 1834 ·

488 1887 635 1934 ctum
665 1889 748 1936 est
780 1900 793 1935 :
828 1881 961 1936 Ecce
989 1885 1243 1951 parturiit
1269 1884 1607 1950 iniustitiam,
1653 1889 1885 1956 concepit
1913 1886 2066 1953 dolo-

489 1985 629 2036 rem,
661 1981 712 2026 et
753 1974 948 2041 peperit
974 1975 1326 2042 iniquitatem.
1365 1973 1562 2027 Lucum
1597 1977 1799 2043 aperuit
1843 1985 1893 2029 et
1934 1976 2065 2044 effo-

485 2062 565 2116 dit
590 2079 730 2128 eum,
754 2075 803 2118 et
828 2064 1019 2117 incidet
1048 2065 1102 2116 in
1129 2063 1330 2131 foveam
1364 2080 1522 2133 quam
1550 2064 1693 2132 fecit.
1723 2063 2064 2120 Convertetur

484 2153 638 2226 dolor
695 2154 809 2223 ejus
869 2155 924 2206 in
971 2163 1130 2223 caput
1184 2159 1338 2222 ejus,
1375 2164 1424 2208 et
1485 2156 1538 2208 in
1609 2159 1850 2210 verticem
1895 2158 2062 2226 ipsius

484 2223 736 2314 iniquitas
800 2243 916 2313 ejus
988 2243 1262 2297 descendet
1331 2244 1393 2297 ⁸⁸.
1468 2241 1591 2298 llaec
1658 2261 1824 2315 porro
1897 2223 2062 2315 opere

483 2335 790 2406 Completa,
846 2350 948 2390 nos
992 2335 1128 2404 ipsis
1176 2335 1352 2390 oculis
1412 2337 1752 2407 percepimus
1802 2356 1814 2389 :
1862 2339 2062 2407 quibus

483 2440 619 2484 sane
673 2425 974 2481 verisimile
1019 2433 1103 2481 est
1144 2435 1393 2496 posteros
1446 2434 1666 2483 nostros
1722 2429 2057 2495 incredulos,

481 2531 606 2574 cum
651 2517 896 2582 audient,
943 2530 1053 2570 non
1104 2515 1262 2571 ﬁdem
1294 2516 1749 2572 habituros‘esse.
1781 2517 2059 2586 Quotquot

480 2607 648 2679 igitur
676 2621 793 2661 aevo
825 2615 1017 2662 nostro
1049 2606 1203 2662 fuere
1241 2606 1496 2662 Ecclesia:
1522 2606 1617 2680 Dei
1649 2608 1876 2673 inimici,
1908 2609 2059 2677 prin-

477 2696 630 2766 cipes
662 2696 827 2766 hujus
874 2695 1060 2750 saeculi
1106 2703 1158 2751 et
1191 2697 1430 2767 tyranni,
1479 2697 1744 2753 divinitus
1790 2698 2058 2756 immissis

478 2787 706 2860 ﬂagellis
741 2788 964 2854 laniati,
1011 2787 1102 2842 alii
1143 2789 1361 2859 quidem
1403 2789 1606 2843 cariem
1655 2790 1904 2861 corporis
1935 2806 2058 2860 per-

478 2879 626 2952 pessi
658 2887 806 2944 sunt,
835 2885 894 2934 ut
923 2880 1084 2934 etiam
1114 2879 1199 2935 vel
1231 2878 1408 2934 adhuc
1437 2880 1679 2937 viventes
1711 2894 1836 2936 cum
1858 2881 2058 2939 intole-

478 2969 637 3026 rabili
695 2970 870 3026 fetore
895 2972 1175 3026 vermibus
1217 2978 1490 3027 scatercnt
1525 2990 1538 3026 :
1576 2972 1666 3027 alii
1703 2975 1833 3027 item
1865 2973 2056 3028 viven-

2167 1897 2306 1944 σαν,
2340 1882 2519 1953 φρίκη
2550 1882 2848 1951 κατέσχεν
2878 1882 3101 1948 αὐτοὺς
3121 1926 3135 1950 ,
3165 1883 3373 1950 ὠδῖνες
3408 1886 3490 1950 ὡς
3512 1887 3753 1940 aurati.

2164 1989 2299 2040 σης.
2345 1962 2554 2026 ’Ὡδινον
2590 1974 2702 2044 γὰρ
2739 1973 2881 2026 κατά
2915 1966 2975 2026 to
3002 1973 3355 2043 λελεγμένονο
3422 1975 3578 2030 Ἰδοὺ
3611 1976 3758 2032 ὡδί.

2162 2077 2357 2131 νησεν
2385 2062 2626 2117 ἀδικίαν
2647 2101 2660 2126 ,
2691 2061 2992 2118 συνέλαϐε
3028 2064 3222 2116 πόνον
3249 2064 3348 2118 καί
3373 2065 3581 2120 ἔτεκεν
3609 2067 3758 2120 ἀνο-

2155 2155 2322 2224 μίαν.
2362 2155 2607 2208 Λάκκον
2641 2153 2833 2222 ὄψυξε
2872 2153 2972 2208 καὶ
3002 2152 3356 2222 ἀνέσκαψεν
3383 2156 3755 2221 aurem-atat

2159 2245 2500 2315 ἐμπεσεῖται
2521 2247 2856 2314 είςβόθρον
2886 2245 2958 2298 ὃν
2985 2246 3325 2316 εἰργάσατο.
3371 2247 3752 2316 Ἐπιστρέψει

2161 2341 2194 2392 ό
2219 2337 2405 2403 πόνος
2433 2336 2622 2391 αὐτοῦ
2653 2339 2742 2401 είς
2772 2335 3053 2404 κεφαλὴν
3071 2336 3293 2408 αὐτοῦ,
3325 2337 3423 2389 καὶ
3450 2336 3550 2389 ἐπί
3573 2354 3751 2404 κορυο

2159 2427 2288 2496 φὴν
2318 2426 2506 2480 αὑτοῦ
2537 2429 2578 2495 ἠ
2603 2426 2803 2480 ἀδικία
2840 2425 3028 2482 αὑτοῦ
3067 2427 3490 2496 καταϐήσεται.
3560 2428 3749 2482 Ταῦτα

2157 2504 2224 2572 δι⁴
2251 2516 2428 2587 ἔργων
2453 2515 2803 2586 πληρούμενα
2830 2515 3126 2586 ὀφθαλμοῖς
3155 2517 3334 2579 αὐτοῖς
3363 2518 3523 2586 ἡμεῖς
3552 2532 3751 2587 mpsi-

2159 2605 2406 2676 λήφαμεν
2429 2623 2442 2636 ·
2479 2605 2515 2660 ἃ
2557 2607 2651 2659 καί
2678 2606 2825 2670 εἰκὸς
2851 2608 2965 2670 τοῖς
3001 2606 3118 2677 μεθ’
3145 2609 3296 2678 ἡμᾶς
3328 2607 3576 2671 ἀπίστοις
3609 2608 3747 2678 μηδὲ

2159 2697 2294 2766 ἀκοῇ
2318 2695 2664 2749 πιστεύεσθαι
2687 2696 2974 2766 λεγόμενα.
3004 2698 3210 2760 Πάντες
3231 2697 3361 2766 γοῦν
3382 2700 3436 2751 οἱ
3455 2698 3576 2751 καθ’
3598 2699 3746 2769 ἡμᾶς

2156 2785 2258 2856 τῆς
2302 2787 2629 2858 Ἐκκλησίας
2651 2788 2746 2840 τοῦ
2771 2787 2906 2841 Θεοῦ
2937 2788 3186 2859 πολέμιοι
3216 2789 3615 2854 καταστάντες,
3646 2792 3750 2863 ἄρά

2157 2892 2345 2947 χοντες
2394 2876 2490 2930 τοῦ
2537 2878 2734 2942 αηίῶνος
2780 2877 2970 2932 τούτου
3005 2881 3100 2933 καὶ
3129 2879 3424 2951 τύραννοι,
3462 2881 3746 2952 θεηλάτοις

2159 2966 2408 3038 μάστιξιν
2431 2969 2767 3035 αἰκισθέντες
2830 2970 2985 3041 (1)·οί
3025 2971 3123 3040 μὲν
3149 2971 3342 3042 σήψεις
3365 2970 3458 3026 τοῦ
3493 2971 3745 3042 σώματος

478 3069 562 3118 tes
604 3063 782 3118 oculis
824 3063 968 3133 capti
1002 3073 1166 3127 sunt;
1207 3063 1282 3116 ita
1331 3069 1390 3116 ut
1427 3062 1693 3118 divinitus
1743 3062 2052 3120 immissum

2157 3054 2452 3126 ὓπέμειναν
2471 3096 2486 3120 ,
2533 3056 2609 3122 ὡς
2641 3059 2736 3112 καὶ
2763 3057 3050 3129 σκώληκας
3100 3059 3160 3125 ἐξ
3185 3060 3367 3114 αὐτῶν
3416 3060 3496 3114 ἔτι
3525 3061 3748 3126 ζώντων

475 3157 584 3212 sibi
613 3156 884 3228 ﬂagellum
923 3156 1444 3222 animadverterent,
1485 3155 1932 3226 palinodiamque
1957 3171 2053 3212 ca-

2158 3146 2274 3219 μετ’
2305 3148 2578 3219 ἀφορήτου
2612 3147 2877 3212 δυσωδίας
2910 3147 3124 3220 βρύεινο
3168 3151 3222 3203 οίι
3246 3149 3302 3202 δὲ
3350 3149 3448 3214 τὰς
3479 3149 3629 3219 ὄψεις
3661 3149 3744 3204 ἑτι

476 3255 691 3313 herent,
745 3262 808 3301 ac
850 3243 1108 3303 Ecclesia:
1143 3246 1314 3301 Deum
1358 3260 1614 3315 magnum
1648 3262 1966 3316 verumque,
1997 3255 2052 3303 et

475 3339 652 3394 solum
678 3349 800 3393 esse
822 3337 1114 3391 Dominum
1142 3335 1553 3400 conﬁterentur,
1573 3350 1895 3407 summaque
1916 3351 2049 3391 cura

473 3427 830 3499 praeciperent
866 3437 925 3482 ut
977 3428 1169 3483 civitas
1202 3427 1292 3481 illa
1343 3425 1460 3490 Dei,
1504 3425 1572 3480 ab
1618 3442 1678 3480 se
1705 3427 1836 3482 olim
1871 3428 2052 3500 impu~

471 3528 675 3589 gnata,
763 3526 1170 3574 restauraretur
1241 3531 1305 3570 ac
1363 3517 1544 3571 denuo
1614 3525 2044 3574 construentur.

469 3607 624 3675 Quod
653 3617 845 3679 postea
878 3608 1117 3672 additur,
1163 3609 1218 3661 in
1249 3608 1440 3677 spiritu
1493 3608 1777 3663 vehementi
1810 3618 2046 3666 conteres

467 3713 622 3754 naves
651 3697 904 3762 Tharsis;
956 3697 1071 3752 sive
1103 3698 1404 3752 secundum
1437 3698 1710 3769 Aquilam,
1743 3701 1800 3753 in
1856 3701 2046 3768 spiritu

464 3798 647 3843 urente
675 3789 903 3843 conteris
933 3804 1090 3841 nares
1121 3786 1376 3849 Tltarsis;
1407 3787 1523 3844 sive
1556 3789 1854 3844 secundum
1889 3791 2047 3862 Sym-

463 3878 740 3943 machum,
792 3893 884 3946 per
924 3885 1131 3930 ventum
1175 3875 1458 3929 violentum
1524 3878 1820 3948 court-iuges
1888 3895 2044 3934 naves

465 3965 722 4028 Tharsis;
776 3967 1044 4035 intelliges
1074 3968 1121 4020 si
1170 3966 1576 4020 animadvertas
1605 3967 1811 4021 dictum
1847 3967 2040 4034 fuisse,

461 4072 628 4113 naves
652 4053 878 4111 Tharsis
905 4056 1150 4124 ingentes
1181 4056 1400 4111 divitias
1425 4056 1706 4114 Salomoni
1731 4058 2039 4123 advexisse,

460 4155 623 4220 prout
651 4149 709 4201 in
741 4146 1053 4218 Regnorum
1085 4148 1314 4202 historia
1359 4158 1616 4204 narratur
1643 4152 1724 4218 ¹⁸;
1767 4161 1930 4220 atque
1966 4152 2040 4205 ita

457 4244 884 4292 memoratarum
926 4251 1114 4306 regum
1165 4235 1386 4290 divitias
1409 4247 1463 4292 et
1483 4238 1824 4294 dominatum
1852 4250 2040 4296 conte-

457 4327 651 4391 renda,
683 4343 748 4382 ac
771 4327 927 4396 quasi
959 4327 1014 4380 in
1063 4326 1396 4396 profundum
1428 4329 1646 4398 penitus
1675 4328 2040 4399 demergenda

459 4427 623 4489 atque
662 4432 888 4488 prorsus
919 4417 1216 4472 auferenda
1249 4434 1394 4484 esse,
1441 4435 1537 4490 per
1567 4422 1836 4476 contritas
1870 4437 2037 4478 naves

458 4508 687 4564 Tharsis
719 4508 1124 4564 subindicatur.

2159 3236 2358 3302 ζῶντες
2394 3237 2790 3309 ἐπηρώθησαν,
2821 3238 2898 3302 ὡς
2943 3240 3038 3292 καὶ
3073 3240 3152 3304 είς
3187 3240 3534 3312 συναίσθησιν
3567 3240 3744 3295 ἐλθεῖν

2155 3329 2254 3399 τῆς
2283 3327 2690 3399 καταλαϐούσης
2716 3328 2912 3392 αὐτοὺς
2942 3328 3202 3400 θεηλάτου
3227 3331 3486 3401 μάστιγος
3504 3371 3518 3394 ,
3552 3329 3744 3384 παλινπ-

2155 3419 2318 3492 ῳδίαν
2364 3437 2422 3472 τε
2455 3415 2583 3490 ᾆσαι
2636 3419 2731 3473 καὶ
2775 3419 2865 3472 τὸν
2907 3420 3008 3489 τῆς
3052 3419 3373 3491 Ἐκκλησίας
3399 3420 3530 3474 Θεὸν
3564 3420 3743 3491 μέγαν

2153 3511 2293 3564 εἶναι
2323 3512 2418 3564 καὶ
2445 3511 2619 3581 ἀληθῆ
2643 3511 2736 3564 καὶ
2769 3511 2928 3581 μόνον
2956 3513 3160 3583 Κύριον
3185 3512 3516 3583 ὁμολογῆσαι
3533 3529 3546 3542 ·
3570 3529 3744 3584 προσέ-

2153 3595 2312 3669 τάξαι
2355 3602 2413 3656 δὲ
2445 3605 2541 3658 σὺν
2591 3602 2760 3673 πολλῇ
2799 3603 3004 3671 σπουδῆ
3035 3603 3388 3658 ἀνανεοῦσθαι
3413 3605 3506 3657 καὶ
3529 3604 3740 3659 οἰκοδο-ο

2157 3696 2278 3762 μεῖν
2305 3691 2402 3762 τὴν
2433 3693 2597 3746 πάλαι
2648 3693 2784 3764 πρὸς
2831 3692 3010 3746 αὐτῶν
3041 3693 3439 3764 πολεμηθεῖσαν
3462 3693 3560 3746 τοῦ
3599 3693 3738 3748 Θεοῦ

2153 3784 2326 3838 πόλιν.
2379 3785 2452 3837 Th
2485 3784 2528 3838 δ’
2563 3784 2693 3854 ἑξῆς
2721 3784 3010 3858 εἰρημένον
3031 3801 3045 3816 ο
3109 3786 3206 3840 Ἐν
3239 3787 3527 3854 πνεύματι
3553 3786 3739 3852 βιαίῳ

2152 3877 2504 3944 συντρίψας
2531 3875 2712 3930 πλοῖα
2773 3875 3055 3943 Θαρσεῖςν
3089 3875 3122 3946 ἦ
3158 3877 3300 3931 κατὰ
3328 3877 3420 3932 τὸν
3465 3876 3696 3934 Ἀκύλαν
3717 3893 3731 3908 ·

2165 3965 2268 4020 Ἔν
2305 3968 2599 4035 πνεύματι
2650 3967 2967 4033 καύσωνος
3009 3969 3346 4036 συντρίϐεις
3382 3967 3537 4036 νῆας
3583 3969 3736 4036 ευρ·

2149 4057 2281 4123 σεῖς
2300 4075 2313 4089 ο
2337 4058 2370 4130 ἢ
2401 4059 2542 4114 κατά
2574 4059 2663 4113 τὸν
2696 4059 2767 4116 Σύ
2776 4062 3107 4130 μμαχον·Δι’
3130 4059 3354 4132 ἀνέμου
3370 4061 3580 4125 βιαίου
3603 4079 3737 4116 κατ-

2147 4147 2344 4214 εάξεις
2395 4150 2546 4216 ναῦς
2613 4150 2897 4218 Θαρσεῖςσ
2933 4153 3146 4222 νοήσεις
3170 4152 3472 4223 ἐπιστήσας
3501 4154 3578 4217 ὡς
3607 4153 3734 4224 νῆες

2147 4237 2379 4309 Θαρσεῖς
2401 4240 2650 4310 ἐλέγοντο
2669 4240 2896 4296 πλοῦτον
2924 4243 3097 4313 μέγαν
3121 4242 3306 4314 φέρειν
3325 4241 3404 4312 τῷ
3428 4241 3732 4314 Σολομῶντι

2149 4331 2276 4385 ποτὲ
2307 4331 2446 4385 κατά
2480 4333 2576 4402 τὴν
2606 4334 2845 4404 ἱστορίαν
2873 4335 2972 4405 τὴν
2996 4337 3054 4390 ὲν
3082 4339 3201 4398 ταῖς
3225 4334 3531 4397 Βασιλείαις
3554 4331 3734 4402 κειμέ-

2146 4437 2264 4491 νην.
2309 4420 2494 4484 Οὖτως
2519 4418 2614 4475 οῦν
2645 4424 2740 4477 καὶ
2763 4423 2875 4478 τῶν
2901 4419 3312 4495 πρώεχθέντων
3345 4422 3606 4494 βασιλέων
3638 4421 3730 4476 τὸν

2071 4483 2116 4538 D
2147 4483 2374 4566 πλοῦτον
2395 4483 2490 4567 καὶ.
2505 4512 2603 4584 τὴν
2617 4513 2931 4570 δυναστείαν
2949 4483 3431 4586 συντριϐήσεσθαι,
3450 4512 3730 4568 ὁλόστολόν

456 4617 515 4654 τε
542 4603 634 4656 καὶ
655 4600 796 4655 κατά
851 4597 1026 4670 βυθῶν
1081 4600 1372 4671 χωῄσειν,
1437 4601 1718 4666 παντελῶς
1742 4619 1802 4654 τε
1834 4601 2336 4676 ἀφανισθήσεσθαι,
2388 4606 2417 4657 ὁ
2446 4603 2604 4670 λόγος
2635 4603 2853 4674 ᾐνίξατο
2881 4605 2971 4660 διά
3015 4604 3123 4659 τῶν
3154 4606 3298 4677 νηῶν
3331 4605 3565 4676 θαρσεῖς
3619 4603 3728 4658 τῶν

459 4695 911 4767 συντριϐομένων.

460 4797 467 4808 ’
528 4785 692 4841 Vsus.
729 4786 784 4841 θ.
827 4785 975 4841 Sicut
999 4784 1323 4852 audivimus,
1353 4787 1429 4840 ita
1459 4799 1508 4842 et
1546 4789 1774 4843 vidimus
1809 4792 1862 4844 in
1897 4791 2029 4844 eisi-

2203 4787 2483 4856 Καθάπερ
2507 4789 2875 4856 ἠκούσαμεν,
2903 4786 3093 4853 οὕτως
3121 4785 3221 4842 καὶ
3257 4784 3498 4858 ετδομεν
3520 4763 3591 4838 ἐν
3619 4788 3729 4842 κό-

457 4885 564 4931 tate
589 4877 803 4931 Domini
831 4879 1113 4944 virtutum,
1146 4880 1200 4933 in
1230 4880 1440 4933 ciritate
1481 4879 1578 4934 Dei
1631 4883 1802 4935 nostri
1835 4898 1854 4936 :
1885 4882 2027 4938 Deus

2157 4883 2224 4936 te:
2255 4880 2478 4949 Κυρίου
2511 4877 2629 4932 τῶν
2678 4876 2994 4946 δυνάμεων
3017 4917 3032 4942 ,
3091 4877 3162 4932 ἐν
3207 4877 3398 4951 πόλει,
3436 4876 3541 4931 τοῦ
3576 4877 3726 4932 Θεοῦ

453 4965 698 5036 {undavit
725 4984 841 5024 eam
882 4971 934 5023 in
965 4980 1246 5025 wternum.
1298 4969 1520 5040 Antiqui
1575 4986 1643 5026 ex
1701 4973 1904 5028 divinis
1955 4974 2032 5029 le-

2157 4971 2304 5041 ἱμῶν
2321 4986 2333 5000 ο
2382 4974 2416 5024 δ
2449 4968 2592 5036 Θεὸς
2621 4967 3014 5037 ἐθεμελίωσεν
3043 4965 3238 5034 αὐτὴν
3266 4970 3350 5034 εις
3384 4965 3492 5022 τόν
3520 4966 3724 5022 αἰῶνα.

453 5060 730 5116 clionibus
764 5061 940 5116 solum
973 5060 1323 5132 prOpheticas
1353 5060 1452 5115 bas
1477 5074 1642 5116 voces
1661 5070 1990 5132 acceperunt
2014 5081 2027 5125 ;

2136 5063 2200 5117 Oi
2227 5062 2393 5116 πάλαι
2421 5063 2519 5133 μὲν
2538 5062 2735 5132 ήκουον
2762 5061 2895 5116 αὐτὸ
2924 5061 3084 5132 μόνον
3105 5057 3212 5112 τῶν
3238 5057 3593 5132 προφητικῶν
3613 5074 3727 5127 φωρ

452 5165 600 5206 nunc
635 5157 838 5216 autem,
870 5166 994 5207 cum
1027 5151 1164 5222 ipsis
1213 5151 1382 5206 rebus
1419 5152 1589 5222 gestis
1631 5153 2028 5223 praedictiones

2157 5153 2238 5207 ιῶν
2275 5156 2340 5208 ὲκ
2388 5153 2498 5208 τῶν
2551 5153 2711 5226 ἱερῶν
2741 5151 3182 5223 ἀναγνωσμάτων
3203 5166 3217 5182 ο
3265 5151 3383 5204 νυνὶ
3432 5149 3490 5207 δὲ
3542 5149 3724 5212 αὐτοῖς

452 5242 703 5312 impletas
725 5243 932 5307 vident,
966 5243 1041 5298 ita
1065 5242 1253 5297 fantur
1284 5262 1297 5298 :
1328 5241 1479 5297 Sicut
1504 5243 1833 5312 audivimus,
1875 5246 2026 5300 itaet

2157 5247 2418 5318 πράγμασι
2451 5246 2521 5301 τὰ
2565 5245 2981 5316 ἀποτελέσματα
3003 5243 3112 5298 τῶν
3133 5245 3496 5318 προρρήσεων
3526 5239 3703 5310 ὀφθαλ

525 5397 570 5430 ⁸⁸
604 5395 751 5452 Psal.
783 5412 897 5464 vn,
932 5397 1118 5453 {5-17.
1195 5397 1242 5432 υ
1292 5393 1360 5452 ill
1378 5395 1512 5469 Reg.
1548 5414 1582 5454 κ
1611 5438 1625 5464 ,
1658 5399 1758 5455 εξ.

473 5523 476 5526 ’
523 5515 598 5584 (l)
639 5515 860 5572 Scilicet
885 5515 1135 5574 Galerius
1171 5515 1555 5572 Maximianus.
1595 5515 1735 5571 Vide
1777 5515 2012 5570 Lactan-
2118 5527 2168 5569 c.
2207 5514 2298 5577 10,
2337 5523 2390 5570 et
2419 5513 2766 5570 Lactantium
2797 5511 2874 5585 De
2905 5524 3067 5569 mort.
3091 5530 3256 5585 pars...
3288 5531 3340 5574 ο.
3371 5517 3462 5579 49.
3487 5515 3716 5574 Πινιιπιο

451 5585 586 5657 tium
622 5585 693 5641 De
721 5589 934 5644 mortib.
963 5598 1378 5657 persecutorum,
1405 5603 1456 5643 c.
1489 5589 1581 5649 ὅστις
1626 5587 1825 5643 Euseb.
1865 5585 2008 5642 Hist.

2121 5600 2226 5655 que
2255 5593 2461 5656 autem,
2485 5585 2736 5656 deposita
2765 5584 3038 5641 adversus
3070 5584 3444 5656 Christianos
3475 5587 3708 5656 saevitia,

453 5655 602 5728 ert-1.,
655 5671 702 5710 c.
739 5657 900 5728 26,,et
934 5653 1090 5713 alios.
1119 5653 1368 5728 Sequens
1402 5658 1494 5728 qui
1538 5659 1727 5728 oculos
1761 5658 2014 5710 amisisse
2120 5653 2299 5728 edicta
2315 5655 2380 5712 in
2409 5653 2626 5711 illorum
2659 5657 2890 5725 gratiam
2921 5654 3179 5711 emisisse
3213 5666 3403 5711 narrat
3435 5656 3580 5713 idem
3608 5653 3718 5711 Eu-

453 5725 647 5789 fcrtur.
681 5737 763 5782 est
799 5727 1148 5793 Maximinus,
1205 5725 1271 5782 de
1324 5725 1434 5795 qud
1466 5727 1586 5782 vide
1624 5725 1822 5782 Euseb.
1864 5728 1896 5780 Ι.
1943 5741 2017 5792 IX,

2129 5724 2336 5779 sebius.
