4100 6442
622 439 722 492 6’27
1320 434 1584 490 EUSEBII
1623 433 2094 491 CASSARIENSIS
2129 432 2185 491 01

2285 408 2520 497 'PARS
2558 438 2646 498 III.
2689 453 2756 484 -ι
2783 444 3188 498 EXEGE'I'IL‘A.
3787 449 3901 503 428

621 569 801 609 muros
830 555 982 624 ejus;
1023 552 1386 626 Symmachus
1416 567 1567 619 vero,
1605 563 1896 609 numerate.
1949 554 2012 610 Et
2065 568 2185 610 vero

2297 544 2358 606 δὲ
2386 557 2509 612 τοῦ·
2549 561 2924 629 Διηγήσασθε
2949 559 3020 612 ἐν
3057 557 3181 624 τοῖς
3209 558 3458 627 πύργοις
3481 558 3669 627 αὐτῆς
3687 598 3702 622 ,
3735 562 3764 613 6
3795 560 3890 630 μὲι

622 646 1006 715 praestantiora
1049 645 1287 700 maxime
1313 644 1565 708 aedilicia,
1599 660 1664 700 ac
1708 661 1830 717 quae
1880 647 1936 701 in
1972 646 2197 703 civitate

623 739 921 794 munitiora
949 746 1125 800 erant,
1156 744 1346 808 utpote
1375 738 1602 808 majoris
1631 740 1894 794 momenti
1925 754 1990 795 ac
2012 755 2202 797 ncces-

623 831 801 887 sitatis
817 845 980 902 quam
1007 837 1227 892 caetera,
1263 829 1582 887 memoratis
1616 831 1939 888 custodibus
1967 847 2197 888 numero

621 924 822 980 tradita
851 932 979 980 sunt
1007 923 1074 978 ad
1099 923 1358 988 tutelam;
1387 922 1718 978 uttraditum
1749 923 1852 979 sibi
1882 939 2194 992 numerum,

621 1016 832 1071 salvum
863 1015 1248 1087 integrumque
1281 1016 1658 1071 restituerent.
1691 1014 1818 1070 Haec
1853 1030 2019 1086 porro
2047 1015 2196 1072 dicta

620 1120 686 1162 ex
727 1104 1030 1163 Salvatoris
1060 1123 1194 1164 voce
1225 1108 1516 1180 intelligas,
1555 1123 1665 1180 qua
1697 1109 1846 1180 ipsos
1891 1109 2196 1180 discipulos

617 1208 673 1253 et
699 1200 1000 1270 apostolos,
1031 1201 1126 1271 qui
1155 1215 1253 1255 ceu
1297 1207 1482 1256 turres
1515 1201 1727 1257 caeteris
1760 1201 2006 1259 aediliciis
2059 1219 2197 1273 prae-

619 1291 856 1358 stabant,
891 1291 973 1348 sic
1017 1292 1398 1362 alloquebatur
1425 1311 1437 1345 :
1482 1291 1656 1346 Vestri
1686 1300 1862 1347 autem
1893 1293 2076 1363 capilli
2104 1310 2200 1348 ca-

615 1383 740 1450 pitis
770 1399 946 1438 omnes
970 1383 1234 1437 numerati
1265 1392 1387 1436 sunt
1416 1383 1480 1435 ¹³.
1511 1381 1648 1436 Nam
1677 1383 1770 1454 qui
1801 1385 1954 1454 ipsos
1983 1385 2052 1438 ad
2077 1391 2197 1439 tan-

616 1481 730 1526 tam
765 1472 1156 1528 sublimitatem
1207 1473 1409 1534 evexit,
1462 1482 1514 1527 et
1569 1471 1834 1527 Ecclesiae
1867 1487 1983 1528 sua)
2013 1480 2195 1530 turres

615 1565 927 1630 constituit,
983 1580 1052 1620 ne
1099 1564 1232 1636 quid
1289 1565 1359 1618 ab
1407 1564 1648 1620 inimicis
1683 1565 1811 1619 mali
1843 1572 2191 1636 paterentur,

615 1657 920 1727 majoribus
974 1657 1124 1727 ipsos
1170 1656 1514 1719 custodibus,
1547 1655 1804 1711 videlicet
1852 1657 2059 1712 sanctis
2091 1671 2192 1710 an-

615 1751 748 1822 gelis
780 1749 964 1805 tradit.
1011 1747 1166 1804 Unde
1223 1749 1278 1804 in
1329 1747 1558 1804 Actibus
1601 1749 1996 1820 apostolorum,
2033 1747 2193 1818 gnari

615 1843 861 1912 singulos
899 1839 1210 1896 Scrvatoris
1251 1841 1550 1912 discipulos
1597 1840 1926 1911 quibusdam
1984 1843 2192 1913 angelis

613 1935 844 1988 traditos
875 1949 1018 1999 esse,
1060 1935 1411 1990 renuntiante
1443 1933 1645 2004 puella,
1679 1931 1901 1988 Petrum
1923 1948 2067 1999 esse,
2095 1935 2189 2004 qui

607 2026 832 2095 januam
856 2027 1192 2097 pulsaverat,
1212 2026 1411 2098 reliqui
1450 2025 1706 2098 discipuli
1734 2025 2014 2091 dixerunt,
2045 2025 2191 2080 Num

612 2119 829 2188 angelus
854 2119 968 2190 ejus
1001 2129 1079 2174 est
1101 2119 1188 2173 “‘2
1213 2115 1328 2174 lmo
1356 2119 1523 2175 etiam
1549 2119 1617 2174 de
1647 2119 1863 2190 pusillis
1894 2119 1949 2173 in
2001 2117 2190 2174 Eccle-

609 2213 690 2267 sia
722 2209 984 2268 Servator
1029 2212 1147 2268 baac
1191 2211 1359 2267 tradit
1392 2229 1408 2268 :
1443 2209 1588 2266 Nam
1632 2211 1806 2282 angeli
1838 2227 2022 2265 eorum
2050 2227 2188 2266 sem-

607 2317 699 2356 ner
726 2301 904 2358 vident
937 2303 1133 2372 faciem
1163 2301 1341 2356 Patris
1364 2302 1487 2367 mei,
1513 2302 1604 2373 qui
1629 2303 1685 2356 in
1713 2301 1860 2356 caelis
1886 2311 1965 2356 est
1994 2301 2062 2358 ³⁸.
2090 2300 2189 2356 Ju-

605 2409 668 2449 re
697 2409 828 2464 ergo
854 2395 930 2451 iis
965 2395 1225 2466 praesenti
1274 2408 1538 2452 sermone.
1573 2394 1892 2464 praacipitur
1929 2411 1942 2447 :
1983 2391 2186 2448 Nume-

607 2497 722 2541 rate
766 2497 938 2542 turres
987 2488 1122 2556 ejus.
1174 2486 1438 2560 Deinceps
1465 2502 1635 2542 vero:
1674 2485 1862 2542 Ponite
1891 2485 2056 2540 corda
2101 2502 2186 2541 ue-

605 2589 720 2634 stra
751 2582 804 2633 in
834 2581 1025 2634 uirtute
1057 2580 1194 2648 ejus,
1237 2588 1286 2634 et
1315 2579 1621 2633 distribuite
1672 2580 1856 2634 domos
1910 2579 2062 2648 ejus;
2097 2594 2186 2636 se-

605 2671 846 2726 cundum
884 2670 1275 2743 Symmachum
1313 2680 1520 2736 autem,
1557 2671 1746 2726 Ponite
1794 2672 1958 2725 corda
2009 2679 2184 2725 uestra

602 2767 660 2819 in
685 2761 942 2818 ambitum
970 2759 1088 2833 ejus
1111 2779 1129 2816 :
1159 2764 1419 2817 metimini
1452 2763 1650 2834 regiam
1680 2761 1814 2832 ejus.
1845 2761 1970 2818 Haec
2001 2762 2183 2818 omnia

604 2871 766 2922 agere
795 2854 1062 2925 iubentur
1085 2855 1344 2910 custodes
1367 2853 1629 2910 Ecclesia:
1657 2874 1668 2909 :
1697 2852 2182 2910 Castrametabitur

599 2946 746 3002 enim
781 2945 1000 3017 angelus
1035 2945 1251 3001 Domini
1284 2947 1337 3000 in
1367 2947 1596 3000 circuitu
1625 2947 1922 3002 timentium
1959 2963 2100 3013 eum,
2131 2958 2182 3002 et

600 3039 783 3106 eripiet
837 3055 926 3093 eos
956 3040 1023 3094 ’°.
1073 3038 1224 3105 Quas
1275 3046 1456 3095 autem
1485 3039 1684 3096 domus
1719 3039 1946 3103 indicat,
1973 3039 2082 3095 nisi
2113 3039 2182 3096 de

598 3131 801 3201 quibus
829 3146 995 3201 supra
1026 3129 1334 3196 dicebatur,
1382 3131 1524 3186 Deus
1556 3133 1612 3186 in
1654 3130 1898 3187 domibus
1938 3131 2054 3202 ejus
2084 3149 2179 3186 cs-

595 3227 890 3294 gnoscitur,
927 3241 1048 3278 cum
1083 3225 1336 3294 suscipiet
1376 3225 1533 3280 eam?
1559 3223 1680 3279 Jam
1712 3223 2034 3282 dicebamus
2078 3239 2176 3294 per

596 3319 873 3374 civitatem
904 3317 1001 3373 Dei
1053 3317 1281 3389 intelligi
1312 3317 1630 3388 religiosum
1669 3332 1832 3372 omne
1859 3316 2172 3372 institutum

596 3407 656 3463 in
693 3411 952 3464 universa
1005 3416 1151 3464 terra
1203 3408 1536 3475 stabilitum;
1592 3422 1691 3478 per
1735 3405 1929 3463 domos
1964 3414 2170 3474 autem,

591 3500 861 3557 ecclesias
907 3499 1154 3571 singulas
1181 3500 1350 3555 variis
1380 3493 1455 3554 'in
1499 3500 1634 3554 locis
1665 3498 1896 3570 positas.
1934 3497 2176 3570 Singulae

597 3601 782 3648 autem
816 3592 923 3648 illa:
972 3591 1234 3664 praesenti
1289 3605 1544 3646 sermone
1593 3589 1852 3646 distribui
1887 3590 2168 3660 iubentur.

595 3677 724 3733 Vult
774 3679 922 3735 enim
973 3679 1224 3750 singulos
1255 3679 1481 3750 angelos
1514 3679 1877 3734 ecclesiarum
1926 3679 2174 3751 singula-

597 3786 717 3826 rum
747 3771 854 3826 sibi
883 3772 1308 3828 commissarum
1337 3773 1595 3830 custodes
1646 3789 1789 3831 esse.
1847 3773 2045 3831 Postea
2090 3776 2170 3831 sic

594 3863 822 3927 claudit,
860 3873 917 3917 ut
942 3865 1202 3920 enarretis
1237 3865 1291 3919 in
1320 3866 1568 3936 progenie
1606 3867 1797 3922 altera.
1836 3866 2170 3938 Angelorum

594 3955 740 4010 enim
779 3965 898 4012 erat
947 3956 1179 4014 virtutes
1214 3955 1308 4012 Dei
1366 3973 1461 4028 per
1501 3958 1749 4015 diversas
1787 3960 2172 4030 generationes

592 4063 849 4106 enarrare
880 4064 1063 4118 posse.
1101 4048 1172 4102 Et
1202 4051 1455 4120 quoniam
1487 4051 1570 4104 hic
1600 4058 1678 4106 est
1707 4051 1849 4106 Deus
1887 4051 2029 4107 Deus
2062 4069 2173 4108 no-

591 4150 698 4193 ster
726 4142 781 4194 in
813 4150 1070 4195 aeternum
1112 4150 1162 4196 et
1201 4143 1256 4195 in
1299 4143 1554 4197 saeculum
1589 4145 1774 4198 swculi
1797 4184 1812 4208 ,
1851 4145 1960 4213 ipse
1993 4154 2172 4214 pascet

583 4247 687 4285 nos
719 4232 774 4284 in
802 4233 1000 4286 swcu‘la
1035 4248 1055 4286 :
1104 4248 1205 4288 vos
1235 4233 1460 4303 quidem
1493 4249 1594 4290 ceu
1631 4243 1842 4291 tutores
1873 4235 2088 4293 fueritis
2115 4246 2170 4293 et

590 4323 747 4392 quasi
780 4323 1036 4378 custodes
1063 4324 1276 4395 gregis;
1304 4339 1562 4396 pecorum
1597 4335 1782 4382 autem
1809 4336 2001 4398 pastor
2027 4330 2170 4386 alius

589 4414 774 4470 fuerit.
795 4415 1058 4482 Quisnam
1086 4417 1173 4474 ille
1193 4419 1297 4474 nisi
1330 4420 1424 4489 qui
1443 4420 1579 4475 dixit
1604 4421 1646 4451 '7
1677 4440 1689 4475 :
1718 4420 1829 4492 Ego
1851 4438 1966 4476 sum
1983 4433 2169 4492 pastor

590 4507 798 4564 bonus?

2314 648 2910 720 Ἀκύλας,Ψηφίσατε,
2935 649 3087 721 φησὶ,
3106 651 3371 719 πύργους
3388 649 3596 718 αὐτῆς·
3621 653 3650 704 6
3672 639 3730 704 δέ
3747 652 3877 722 Σύμ

2303 758 2476 813 μαχος
2495 759 2508 773 ·
2556 741 2970 812 Ἀριθμήσατε.
3027 741 3279 796 Μάλιστα
3311 741 3420 813 γὰρ
3466 741 3536 795 τὰ
3583 741 3890 814 ἐξοχώτατα

2297 833 2408 887 τῶν
2465 833 2916 905 οἰκοδομημάτων
2949 833 3042 886 καὶ
3073 832 3142 885 τὰ
3169 832 3487 905 ὀχυρώτατα
3527 833 3629 904 τῆς
3659 835 3889 904 πόλεως,

2299 925 2377 989 ὼς
2400 925 2466 980 ἃν
2493 925 2775 997 κρείττονα
2799 925 2894 978 καὶ
2919 924 3028 978 τῶν
3062 923 3266 977 λοιπῶν
3289 925 3711 998 ἀναγκαιότερα,
3740 927 3881 981 δέδοι

2296 1035 2390 1072 ται
2428 1018 2527 1072 σὺν
2559 1017 2781 1090 ἀριθμῷ
2812 1020 2925 1082 τοῖς
2971 1017 3281 1088 εἰρημένοις
3309 1021 3566 1091 φρουροῖς
3597 1019 3888 1091 φυλάττειν

2298 1107 2593 1179 ἐπιμελῶς,
2623 1107 2700 1171 ὡς
2727 1106 2793 1162 ἂν
2821 1107 3132 1180 παραδῶσιν
3153 1107 3386 1179 ἔμπαλιν
3416 1108 3552 1164 σῶον
3581 1111 3676 1164 καὶ
3702 1112 3889 1183 πλήρη

2296 1198 2354 1252 ὃν
2405 1198 2774 1271 παρειλήφασι
2827 1197 3079 1271 ἀριθμόν.
3156 1199 3390 1270 Νοήσεις
3421 1199 3478 1253 δὲ
3509 1199 3569 1254 τὸ
3596 1199 3903 1274 λεγόμενον

2296 1288 2406 1342 ἀπὸ
2445 1289 2543 1360 τῆς
2578 1287 2845 1360 σωτηρίου
2891 1288 3073 1360 φωνῆς
3093 1327 3107 1354 ,
3141 1287 3208 1341 δι’
3235 1283 3304 1360 ἦς
3333 1291 3444 1352 τοῖς
3493 1291 3676 1355 αὐτοῖς
3710 1291 3861 1364 μαθη

2295 1385 2415 1446 ταῖς
2449 1381 2544 1436 καὶ
2574 1381 2891 1446 ἀποστόλοις
2909 1424 2924 1448 ,
2959 1384 3074 1445 τοῖς
3109 1381 3352 1453 ὡσπερεὶ
3383 1381 3612 1454 πύργοις
3639 1383 3885 1454 egi-510w.

2295 1477 2392 1529 καὶ
2418 1475 2730 1548 διαφέρουσι
2759 1475 2856 1546 τῆς
2885 1474 3077 1545 λοιπῆς
3111 1473 3419 1544 οἰκοδομῆς,
3450 1473 3632 1543 ἔλεγεν
3651 1492 3665 1505 ·
3697 1475 3904 1544 ’Υμῶν

2295 1569 2364 1624 δὲ
2393 1570 2490 1623 καὶ
2517 1571 2578 1622 αἱ
2601 1569 2797 1638 τρίχες
2831 1565 2941 1636 τῆς
2972 1564 3244 1635 κεφαλῆς
3276 1563 3464 1619 πᾶσαι
3489 1565 3881 1635 ἠριθμημέναι

2293 1661 2471 1714 εἰσιν.
2536 1659 2592 1712 '0
2624 1658 2732 1730 γὰρ
2752 1659 2832 1721 είς
2860 1657 3111 1711 τοσοῦτον
3146 1657 3280 1728 ὕψος
3303 1657 3500 1720 αὐτοὺς
3523 1656 3755 1728 ἐπάρας,
3789 1659 3882 1712 καὶ

2295 1752 2535 1824 πύργους
2567 1751 2666 1822 τῆς
2717 1749 3042 1822 Ἐκκλησίας
3075 1748 3238 1802 αὑτοῦ
3274 1748 3620 1819 καταστήσας
3643 1789 3660 1814 ,
3706 1749 3786 1813 ὡς
3816 1749 3882 1802 ἂν

2301 1845 2374 1915 μή
2407 1858 2527 1896 τινα
2561 1841 2784 1896 πάθοιεν
2819 1840 2922 1893 ὑπὸ
2954 1839 3058 1894 τῶν
3093 1837 3334 1910 ἐχθρῶν,
3390 1837 3629 1908 μείζοσιν
3680 1839 3886 1903 αὐτοὺς,

2225 1917 2268 1972 Β
2293 1931 2547 2003 φύλαξιν,
2604 1933 2780 2002 ἁγίοις
2805 1931 3056 2001 ἀγγέλοις
3079 1972 3094 1996 ,
3138 1931 3524 2002 παραδίδωσιν.
3597 1929 3793 1984 Ἔνθεν
3821 1933 3888 1983 ὲν

2291 2026 2411 2087 ταῖς
2455 2022 2695 2095 Πράξεσι
2726 2023 2835 2076 τῶν
2878 2021 3188 2076 ἀποστόλων
3209 2062 3223 2084 ,
3266 2021 3463 2086 εἰδότες
3485 2062 3498 2086 ,
3539 2021 3613 2085 ὡς
3645 2022 3892 2084 ἕκαστος

2255 2125 2261 2132 ’
2289 2111 2398 2166 τῶν
2423 2111 2678 2184 μαθητῶν
2698 2111 2792 2165 τοῦ
2817 2113 3066 2182 Σωτῆρος
3086 2111 3338 2181 ἀγγέλοις
3358 2113 3468 2164 τισὶ
3495 2111 3860 2183 παραδέδοται

2287 2204 2386 2275 τῆς
2419 2204 2708 2276 παιδίσκης
2753 2202 3164 2275 ἀπαγγειλάσης
3186 2243 3200 2268 ,
3234 2202 3310 2266 ὼς
3355 2202 3462 2274 ἄρα
3495 2203 3699 2274 Πέτρος
3729 2205 3814 2276 εἴη
3844 2211 3877 2264 δ

2290 2295 2389 2368 τὴν
2408 2295 2575 2368 θύραν
2598 2297 2820 2361 παίσας,
2833 2295 2883 2348 οἱ
2904 2294 3079 2348 λοιποὶ
3105 2293 3342 2365 μαθηταὶ
3365 2293 3571 2362 ἔφασαν
3590 2312 3604 2325 ⁸
3629 2293 3874 2361 Μήποτε

2293 2389 2549 2460 ἄγγελος
2577 2390 2764 2444 αὐτοῦ
2793 2390 2922 2444 ἐστι
2939 2405 2958 2453 ;
3007 2389 3255 2444 Διδάσκει
3285 2389 3329 2442 δ’
3358 2384 3450 2442 οὖν
3483 2388 3574 2441 καὶ
3606 2389 3735 2459 περὶ
3766 2388 3874 2441 τῶν

2292 2477 2504 2548 μικρῶν
2549 2478 2607 2531 ὲν
2651 2481 2716 2548 τῇ
2762 2477 3054 2550 Ἐκκλησία
3082 2480 3110 2531 6
3139 2477 3329 2550 Σωτὴρ
3376 2477 3580 2546 λέγων·
3645 2481 3708 2532 Οἱ
3761 2479 3874 2547 γὰρ

2285 2571 2526 2642 ἄγγελοι
2553 2571 2754 2626 αὐτῶν
2773 2570 2870 2625 διὰ
2894 2568 3121 2636 παντὸς
3134 2567 3436 2634 βλέπουσι
3457 2569 3523 2622 τὸ
3545 2569 3872 2636 πρόσωπον

2283 2661 2393 2717 τοῦ
2413 2665 2643 2732 Πατρός
2665 2680 2784 2733 μου
2813 2663 2919 2718 τοῦ
2945 2663 3013 2716 ἐν
3040 2661 3166 2729 τοῖς
3190 2660 3485 2730 οὐρανοῖς.
3513 2661 3752 2724 Εἰκότως
3777 2656 3876 2714 οὖν

2285 2757 2609 2827 προστάττει
2657 2757 2686 2808 6
2736 2753 2928 2828 παρὼν
2967 2754 3122 2824 λόγος
3171 2755 3380 2817 τούτοις
3431 2733 3610 2816 αὐτοῖς
3658 2752 3833 2822 λέγων
3855 2771 3872 2784 ο

2295 2848 2688 2919 Ἀριθμήσατε
2738 2847 2881 2914 τοὺς
2924 2847 3191 2917 πύργους
3221 2845 3440 2915 αὐτῆς*
3488 2841 3588 2898 εἶθ’
3618 2844 3744 2916 ἑξῆς
3769 2846 3871 2899 τό·

2287 2942 2510 3009 Τάξατε
2529 2943 2635 3010 τὰς
2660 2940 2911 3010 καρδίας
2935 2940 3102 3010 ὑμῶν
3121 2943 3209 3005 εἰς
3237 2938 3352 3006 τὴν
3375 2937 3630 3007 δύναμιν
3653 2937 3872 3006 αὐτῆς,

2282 3037 2383 3092 καὶ
2408 3036 2832 3093 καταδιέλεσθε
2859 3035 2966 3100 τὰς
2990 3033 3202 3102 βάρεις
3233 3029 3422 3098 αὐτῆς
3449 3046 3467 3064 ο
3517 3029 3659 3084 κατὰ
3687 3029 3747 3084 δὲ
3775 3029 3874 3082 τὸν

2279 3127 2606 3199 Σύμμαχοψ
2674 3123 2894 3189 Τάξατε
2939 3122 3046 3189 τὰς
3097 3120 3342 3190 καρδίας
3395 3119 3563 3189 ὑμῶν
3619 3121 3706 3184 είς
3759 3119 3873 3170 τὸν

2278 3224 2414 3292 περί
2417 3223 2600 3277 ϐολον
2609 3217 2760 3288 αὐτῆ
2767 3235 2816 3285 ς·
2834 3213 3262 3286 διαμετρήσατε
3274 3213 3343 3267 τὰ
3352 3213 3638 3276 ,ϐασίλεια
3657 3208 3872 3277 αὐτῆς.

2280 3317 2465 3372 Πάντα
2509 3313 2681 3368 ταῦτα
2715 3311 3141 3384 προστάττονται
3192 3309 3360 3360 ποιεῖν
3392 3306 3440 3357 οἱ
3497 3303 3724 3375 φρουροὶ⁵
3766 3301 3871 3373 τῆς

2293 3408 2617 3480 Ἐκκλησίας
2683 3402 3063 3476 Παρεμϐαλεῖ
3097 3402 3204 3473 γὰρ
3232 3401 3486 3470 ἄγγελος
3514 3397 3735 3466 Κυρίου
3763 3399 3873 3451 κύ-

2280 3504 2406 3570 κλῳ
2433 3499 2554 3555 τῶν
2574 3496 2962 3569 φοϐουμένων
2983 3491 3188 3558 αὑτὸν,
3219 3493 3317 3546 καὶ
3341 3492 3595 3560 ῥύσεται
3621 3490 3872 3556 αὐτούς.

2279 3593 2447 3657 Ποίας
2472 3591 2529 3646 δὲ
2548 3591 2734 3662 βάρεις
2768 3587 3008 3661 φησὶν,ἣ
3036 3585 3162 3656 περὶ
3188 3579 3262 3638 ὧν
3291 3583 3385 3637 καὶ
3411 3582 3664 3654 ἀνωτέρω
3685 3580 3868 3651 ἐλέγε-

2276 3702 2372 3740 το⁶
2417 3685 2481 3739 '0
2525 3683 2670 3750 Θεὸς
2713 3683 2783 3737 ὲν
2813 3680 2943 3748 ταῖς
2971 3678 3230 3748 βάρεσιν
3259 3676 3448 3744 αὐτῆς
3495 3675 3874 3746 γινώσκεται,

2281 3778 2430 3834 ὅταν
2459 3775 2965 3847 ἀντιλαμϐάνηται
2998 3770 3232 3838 αὐτῆς;
3280 3769 3569 3840 Ἐλέγομεν
3619 3767 3675 3820 δὲ
3710 3767 3874 3820 πόλιν

2282 3875 2381 3947 μὲν
2409 3872 2645 3928 νοεῖσθαι
2677 3872 2785 3925 πᾶν
2809 3870 2871 3923 τὺ
2904 3867 3152 3930 θεοσεϐὲς
3181 3865 3478 3934 πολίτευμα
3506 3863 3565 3916 τὸ
3592 3861 3715 3917 καθ’
3738 3861 3874 3934 ὅλης

2277 3967 2379 4039 τῆς
2403 3966 2747 4037 οἰκουμένης,
2781 3963 2968 4036 βάρεις
2992 3961 3050 4014 δὲ
3076 3958 3246 4029 αὐτῆς
3274 3956 3373 4020 τὰς
3401 3956 3542 4010 κατὰ
3576 3956 3739 4028 μέρος
3770 3956 3870 4008 καὶ

2276 4053 2422 4108 κατὰ
2449 4055 2614 4108 τόπον
2643 4051 2956 4124 ἐκκλησίας.
3028 4047 3200 4111 Αὐτὸς
3243 4042 3335 4100 οὖν
3360 4046 3560 4109 ταύτας
3591 4046 3687 4110 τὰς
3721 4046 3869 4098 κατὰ

2283 4147 2448 4220 μέρος
2471 4149 2499 4201 ό
2525 4146 2716 4218 παρὼν
2745 4143 3067 4217 προστάττει
3095 4143 3251 4212 λόγος
3275 4139 3703 4198 καταδιελέσθαι.
3731 4137 3868 4189 Βού-

2277 4242 2426 4295 λεται
2456 4240 2566 4314 γὰρ
2592 4241 2825 4295 ’ἑκαστον
2852 4239 2960 4293 τῶν
2980 4238 3226 4308 ἀγγέλων
3249 4235 3643 4310 ἀφωρισμένως
3671 4233 3868 4306 ἐκκλη-

2279 4333 2409 4388 σιῶν
2429 4351 2591 4388 τινων
2619 4331 2852 4405 φρουρὸν
2870 4331 3179 4403 ἐπιστῆσαι.
3216 4326 3327 4383 Εῐτ’
3351 4328 3589 4396 ὲπιλέγει
3613 4325 3828 4390 τούτοις
3848 4342 3862 4355 ·

2278 4428 2477 4494 Ὅπως
2498 4426 2576 4481 ἂν
2605 4424 2983 4495 διητήσησθε
3019 4425 3104 4490 εις
3131 4423 3344 4492 γενεὰν
3379 4420 3610 4488 ἑτέραν.
3671 4417 3866 4485 Ἀγγέ-

2275 4519 2380 4574 λων
2413 4519 2522 4592 γὰρ
2568 4515 2655 4591 {iv
2687 4519 2748 4572 τὸ
2778 4519 2858 4582 εἰς
2905 4515 3096 4587 γενεὰς
3137 4514 3425 4585 διαφόρους
3469 4509 3725 4564 δύνασθαι
3763 4508 3864 4572 τὰς

587 4605 788 4677 ἀρετὰς
823 4606 916 4660 τοῦ
968 4606 1102 4660 Θεοῦ
1140 4607 1521 4680 διηγήσασθαι.
1563 4611 1672 4664 Καὶ
1712 4611 1800 4667 ὅτι
1847 4610 2027 4683 οὗτός
2063 4617 2233 4671 ἐστιν
2271 4620 2304 4670 ὀ
2344 4617 2488 4683 Θεὸς
2543 4619 2576 4672 ὀ
2623 4616 2767 4682 Θεὸς
2815 4613 2984 4685 ἡμῶν
3018 4615 3106 4680 είς
3136 4610 3442 4668 τὸναίὼνα
3462 4609 3560 4663 καὶ
3609 4611 3698 4676 εὶς
3751 4607 3853 4660 τὸν

589 4693 771 4750 αἰῶνα
806 4697 914 4752 τοῦ
935 4697 1176 4766 αὶῶιοοςο
1240 4702 1422 4768 αὐτὸς
1458 4705 1739 4772 ποιμανεῖ
1773 4705 1930 4776 ἡμᾶς
1966 4713 2052 4776 εὶς
2088 4709 2231 4776 τοὺς
2273 4711 2514 4778 αἰῶνας.
2569 4712 2755 4783 Ὑμεῖς
2816 4711 2912 4782 μὲν
2949 4708 3060 4780 γὰρ
3093 4706 3319 4780 φρουροὶ
3345 4704 3410 4759 ἂν
3438 4703 3585 4768 εἴητε
3623 4704 3719 4756 καὶ
3748 4700 3854 4754 ῶσ-

588 4806 693 4860 περ
730 4790 966 4861 ποίμνης
1022 4792 1260 4861 φύλακες
1283 4813 1295 4825 ·
1326 4795 1355 4846 6
1392 4794 1448 4848 δὲ
1481 4795 1588 4848 τῶν
1621 4795 1950 4870 θρεμμάτων
1984 4806 2188 4878 ποιμὴν
2216 4806 2376 4870 ἄλλος
2405 4805 2470 4859 ἂν
2500 4806 2606 4878 εἴη.
2649 4805 2746 4868 Τίς
2771 4803 2828 4857 δὲ
2848 4797 3004 4866 οὗτος
3024 4801 3056 4872 ἢ
3079 4803 3108 4856 6
3127 4799 3327 4854 εἰπών·
3532 4797 3646 4865 ειμι
3669 4796 3702 4848 ό
3723 4806 3850 4848 ποια

583 4883 711 4954 μὴν
727 4888 759 4938 ὸ
780 4885 967 4951 καλός
992 4907 1011 4956 ;
2202 4905 2246 4960 D

631 4995 772 5052 1.ΙΝ
812 4994 1265 5075 FlNEbLFILllS
1301 5001 1484 5056 CORE
1525 5002 1845 5061 PSALMUS
1883 5007 2110 5067 XLVIII.

2285 5011 2382 5064 ΕΙΣ
2410 5007 2498 5062 T0
2532 5006 2935 5074 ΤΕΛΟΣ,ῙὈῘΣ
2967 5005 3147 5058 ΥΙΟὶΣ
3179 5001 3361 5056 KOPE
3392 4997 3685 5051 ΨΑΛΜΟΣ
3715 4996 3856 5055 ΜΗ,

657 5107 910 5179 Oportuit
943 5111 1082 5167 ﬁlios
1109 5112 1273 5177 Core,
1297 5117 1390 5185 qui
1424 5117 1597 5185 prima
1639 5134 1740 5173 suo
1771 5130 2015 5192 tempore
2047 5142 2168 5193 pro-

2347 5124 2496 5177 Ἔδει
2518 5123 2574 5176 δὲ
2598 5123 2724 5186 τοὺς
2748 5121 2897 5185 υἱοὺς
2935 5119 3108 5190 Κορὲ,
3161 5117 3228 5170 τά
3267 5115 3457 5188 πρῶτα
3490 5111 3630 5166 κατὰ
3664 5110 3853 5182 καιρὸν

586 5203 848 5268 tulerant,
879 5212 932 5260 et
963 5205 1204 5260 secunda
1236 5209 1648 5273 annuntiarant,
1691 5227 1754 5266 ac
1783 5213 2005 5284 insuper
2038 5233 2171 5286 gen-

2285 5215 2600 5288 ἑκθεμένους
2618 5254 2632 5276 ,
2677 5211 2770 5266 κάὶ
2798 5212 2866 5265 τὰ
2895 5211 3122 5282 δεύτερα
3150 5205 3708 5277 εὖαγγελισαμὲνους,
3765 5204 3853 5256 ἐπὶ

574 5297 722 5351 tium
752 5298 1096 5354 vocationem
1138 5298 1595 5370 praedicaverant,
1620 5312 1676 5359 et
1707 5321 1828 5376 qua:
1861 5305 2166 5365 Ecclesiam

2285 5310 2482 5372 τούτοις
2503 5324 2562 5360 τε
2584 5307 2682 5379 τὴν
2710 5305 2818 5358 τῶν
2841 5303 3010 5357 ἐθνῶν
3030 5302 3222 5373 κλῆσιν
3243 5299 3604 5372 κηρύξαντας,
3627 5295 3698 5348 τὰ
3723 5295 3852 5366 περὶ

552 5387 684 5444 εἰ)Θὶ
708 5390 1030 5459 spectabant
1062 5390 1440 5460 tradiderant;
1473 5404 1595 5465 post
1642 5395 1759 5453 haec
1789 5398 1856 5455 de
1907 5415 2168 5457 consumt-

2285 5399 2364 5473 τῆς
2409 5399 2738 5472 Ἐκκλησίας
2770 5398 2865 5452 τοῦ
2910 5393 3046 5450 Θεοῦ
3086 5394 3458 5467 παραδόντας,
3497 5389 3633 5462 μετὰ
3673 5389 3853 5442 πάντα

553 5504 560 5512 -
586 5482 828 5538 matione
849 5483 1134 5554 praesentis
1156 5485 1281 5540 vitae
1300 5493 1356 5540 et
1385 5485 1556 5540 divini
1576 5487 1768 5558 judicii
1791 5492 2163 5548 testimonium

2285 5491 2727 5566 ἰιαμαρτύρεσθαι
2752 5491 2823 5545 τὰ
2847 5491 2976 5562 περὶ
3001 5489 3102 5561 τῆς
3131 5485 3435 5548 συντελείας
3458 5481 3552 5536 τοῦ
3581 5481 3855 5552 παρόντος

585 5573 728 5630 ferre
761 5591 774 5626 :
812 5574 868 5628 in
898 5590 1008 5646 quo
1037 5592 1244 5630 omnem
1291 5585 1592 5632 creaturam
1643 5585 1870 5640 adducet
1916 5581 2060 5637 Deus
2107 5587 2165 5640 in

2285 5585 2383 5640 lion
2418 5587 2513 5641 καὶ
2537 5585 2632 5640 τοῦ
2661 5584 2808 5638 θείου
2837 5579 3246 5653 δικαιωτηρίου·
3284 5579 3341 5631 ὲν
3369 5570 3414 5646 ᾧ
3439 5575 3560 5630 πᾶν
3585 5573 3652 5628 τὸ
3675 5573 3856 5639 ποίη-

579 5663 839 5733 iudicium
852 5665 921 5735 ³⁸,
951 5675 1001 5720 et
1031 5683 1206 5722 omnes
1242 5666 1504 5722 tribunali
1549 5655 1645 5724 Dei
1675 5671 1945 5738 sistentur,
1990 5683 2048 5728 ut
2077 5691 2160 5731 re-

2285 5695 2343 5733 ια
2374 5677 2502 5744 ἄξει
2537 5682 2570 5733 ό
2600 5677 2745 5750 Θεὸς
2764 5680 2852 5744 εις
2891 5675 3126 5745 κρίσιν,
3159 5673 3256 5726 καὶ
3287 5669 3508 5735 πάντες
3539 5679 3854 5736 παραστη-

538 5785 700 5906 ib"
732 5819 1015 5906 uanus.
1051 5824 1138 5882 ao.
1217 5827 1263 5860 ἰ
1302 5825 1680 5898 Ac‘t.su,15.
1759 5829 1802 5860 ιο
1824 5829 2016 5890 Matth.
2054 5849 2185 5892 mu

2285 5835 2356 5895 .0.
2429 5837 2476 5872 ²⁶
2513 5836 2659 5896 Psal.
2692 5838 2900 5904 xxxiii,”
2920 5835 2974 5892 8.
3053 5834 3096 5868 ⁸⁷
3131 5831 3290 5892 Joan.
3321 5823 3500 5900 x,§-Il.
3577 5821 3622 5856 ⁸⁸
3662 5820 3848 5877 Eccle.

580 5900 657 5942 xu
675 5935 692 5965 ,
728 5887 814 5943 N.
