4100 6442
307 359 414 416 ιευ

1437 355 1770 418 ιυΜΜΕΝἹ
1787 365 1948 416 AlltA
1987 357 2050 414 ΙΝ
2091 359 2428 420 PBMMOS.

3461 363 3566 420 43')

315 483 546 552 σόμεθα
573 481 654 548 τῷ
675 481 900 550 βήματι
937 481 1044 534 τοῦ
1075 479 1220 534 Θεοῦ
1241 521 1254 542 ,
1289 481 1388 532 ἵνα
1417 481 1730 550 κομίσηται
1757 481 1892 534 ἔκα-

2009 481 2132 534 rerat
2155 483 2506 552 unusquisque
2535 483 2750 550 propria
2779 477 3031 548 corporis,
3067 489 3220 548 prout
3255 482 3432 552 gessit,
3459 481 3564 534 sive

315 590 466 640 στος
495 571 566 626 τὰ
605 571 704 624 διὰ
729 571 836 626 τοῦ
865 571 1136 640 σώματος
1157 611 1170 634 ,
1205 571 1354 640 πρὸς
1393 571 1430 626 d
1461 571 1754 640 ἔπραξεν,
1787 571 1892 626 εἶτ’

315 665 562 736 ἀγαθὸν,
589 665 708 718 εἴτε
733 663 988 734 φαῦλον.
1035 665 1370 732 ’Δναγκαίως
1393 665 1568 718 τοίνυν
1597 665 1772 718 πάντα
1793 683 1892 718 κα·-

315 757 402 812 λεῖ
453 757 524 810 τὰ
577 755 704 830 ἔθνη
763 751 852 810 ιπι
883 757 980 828 τὴν
1011 755 1116 810 τῶν
1149 757 1558 830 λεχθησομένων
1609 759 1890 832 ἀκρόασιν.

327 849 420 912 Ὠς
443 847 552 920 γὰρ
571 849 662 902 ἐπὶ
687 847 784 920 τὴν
815 849 1084 922 σωτηρίαν
1103 851 1210 904 πᾶν
1243 851 1396 920 γένος
1433 847 1730 924 ἀνθρὼπων
1757 869 1896 924 παρ-

317 941 526 1004 εκάλει,
555 941 648 994 τὸν
673 933 834 994 αὖτὺν
847 941 1046 1014 τρόπον
1075 941 1168 996 καὶ
1193 943 1286 996 ἐπὶ
1311 943 1410 1014 τὴν
1436 941 1778 998 διδασκαλίαν
1797 941 1896 1016 τῆς

319 1035 470 1098 θείας
527 1023 758 1104 κρίσεως
804 1033 940 1104 ὁμοῦ
991 1033 1200 1098 πάντας
1245 1033 1592 1088 ἀνακαλεῖται
1638 1033 1896 1104 φάσκωνο

397 1125 714 1178 Ἀκούσατε
763 1123 970 1188 ταῦτα,
993 1125 1190 1180 πάντα
1225 1125 1298 1178 τὰ
1327 1125 1896 1192 ἐθνη,ἐνωτίσασθε,

319 1217 540 1284 πάντες
565 1221 618 1270 ot
647 1217 1060 1284 κατοικοῦντες
1077 1217 1192 1286 τὴν
1223 1219 1596 1288 οἰκουμένην·
1619 1221 1674 1274 οἵ
1705 1237 1768 1274 τε
1795 1237 1898 1288 γη-

317 1311 512 1382 γενεῖς
527 1311 622 1364 καί
639 1311 754 1366 υίοὶ
775 1309 892 1364 τῶν
909 1311 1246 1380 ἀνθρώπων,
1261 1313 1354 1364 ἐπὶ
1369 1311 1434 1365 τὸ
1445 1311 1594 1366 αὐτὸ
1608 1313 1898 1378 πλούσιος

319 1407 418 1464 καί
465 1405 674 1474 πένης.
741 1405 954 1478 Ἐπειδὴ
983 1405 1090 1458 τῶν
1121 1405 1290 1458 ἐθνῶν
1325 1405 1392 1458 τὰ
1437 1405 1540 1476 μὲν
1587 1403 1898 1476 ἀγριώτερα

315 1497 574 1568 τυγχάνει
597 1499 656 1550 ὲν
681 1497 904 1568 ἐρήμοις
933 1493 1394 1566 σκηνοποιούμενα
1415 1535 1429 1558 ,
1458 1493 1528 1546 τά
1554 1489 1610 1546 δὲ
1631 1493 1720 1548 τδν
1750 1493 1900 1548 πολι-

317 1585 470 1640 τικὸν
505 1587 824 1658 μετέρχεται
879 1585 990 1658 βίον
1019 1585 1114 1640 καὶ
1145 1585 1242 1650 τὰς
1271 1585 1694 1658 γεωργουμένοις
1717 1585 1898 1658 χώρας

319 1679 492 1742 οἰκεῖ,
541 1679 856 1748 ἀναγκαίως
891 1677 1140 1748 διαστολῇ
1179 1677 1478 1750 κέχρηται,
1511 1677 1604 1730 καὶ⁹
1637 1677 1776 1746 μετὰ
1800 1677 1898 1748 τὴν

315 1769 506 1842 κοινὴν
559 1769 750 1840 κλῆσιν
795 1769 904 1822 τῶν
953 1769 1122 1822 ἐθνῶν
1144 1809 1158 1832 ,
1213 1769 1342 1822 ἴδιον
1375 1769 1582 1838 εἰσάγει
1615 1767 1800 1840 τάγμα
1833 1763 1898 1822 τὸ

1996 571 2330 634 bonum,sive
2343 569 2542 628 malum
2555 563 2936 638 ",Necessario
2967 573 3132 644 igitur
3153 587 3344 628 omnes
3375 581 3564 644 gentes

1995 675 2188 722 evocat
2215 665 2282 720 ad
2319 665 2454 728 haec,
2485 681 2604 736 qua:
2635 667 2866 722 dicenda
2899 675 3048 730 sunt,
3081 665 3374 722 audienda.
3409 663 3566 720 Sicut

1993 757 2140 812 enim
2163 763 2336 810 totum
2361 769 2530 822 genus
2555 757 2832 812 hominum
2861 757 2928 812 ad
2963 757 3192 812 salutem
3223 755 3564 820 hortabatur,

1995 849 2186 904 eodem
2221 847 2384 902 modo
2415 847 2480 902 ad
2515 847 2818 902 doctrinam
2849 849 3040 918 judicii
3071 848 3238 902 divini
3273 861 3462 902 omnes
3493 847 3568 902 si-

1993 941 2108 996 mul
2133 941 2324 996 invitat
2347 935 2534 996 dicens
2557 951 2574 992 λε

2069 1117 2240 1176 Vens.
2281 1119 2342 1184 2,
2369 1121 2421 1174 5.
2455 1121 2648 1176 Audite
2689 1123 2818 1186 liter,
2871 1137 3046 1176 omnes
3089 1131 3296 1192 gentes,
3351 1119 3568 1174 auribus

1997 1213 2264 1281 percipite,
2312 1229 2488 1266 omnes
2530 1215 2618 1284 qui
2665 1213 2916 1268 habitatis
2957 1214 3154 1278 orbem,
3197 1213 3385 1284 quique
3417 1213 3570 1266 terri-

1997 1319 2144 1372 gena:
2179 1315 2225 1358 et
2257 1305 2358 1374 ﬁlii
2403 1303 2694 1364 hominum.
2725 1305 2886 1358 simul
2923 1306 2978 1360 in
3009 1321 3174 1358 unum
3197 1305 3338 1358 diues
3363 1313 3414 1358 et
3433 1320 3568 1372 pau-

2001 1405 2112 1462 per.
2143 1395 2412 1462 Quoniam
2445 1411 2512 1452 ex
2541 1397 2794 1468 gentibus
2823 1397 3075 1452 rudiores
3099 1395 3192 1450 alii
3211 1403 3362 1462 sunt,
3393 1397 3486 1466 qui
3515 1397 3572 1452 in

2001 1491 2240 1546 desertis
2269 1487 2552 1556 habitant;
2591 1489 2682 1544 alii
2723 1505 2854 1545 vero
2883 1491 3182 1546 civiliorem
3211 1492 3376 1546 vitam
3405 1505 3572 1560 agen-

2001 1590 2106 1648 tes,
2157 1583 2334 1636 cultas
2375 1589 2552 1636 terras
2601 1581 2990 1654 frequentant;
3041 1585 3392 1640 distinetione
3431 1597 3572 1638 usus

2001 1673 2320 1728 necessario
2363 1681 2488 1730 est:
2537 1689 2602 1730 ac
2647 1687 2934 1744 posmuam
2981 1675 3260 1729 communi
3305 1675 3574 1728 vocabulo

2001 1773 2190 1836 gentes
2239 1765 2550 1836 appellavit,
2585 1765 2916 1834 peculiarem
2959 1765 3206 1820 ordinem
3243 1763 3454 1818 inducit
3479 1779 3576 1820 eo-

321 1861 432 1916 τῶν
473 1861 764 1916 οἰκούντων
794 1861 894 1934 τὴν
921 1863 1246 1933 οἰκουμένην
1267 1879 1280 1890 ·
1317 1861 1398 1914 διό
1427 1877 1590 1932 φησιν
1619 1877 1632 1888 ·
1663 1861 1898 1914 Ἐνωτί-

2009 1873 2122 1910 rum
2156 1855 2249 1927 qui
2283 1855 2530 1912 habitant
2557 1857 2780 1922 orbem;
2811 1871 2982 1928 quare
3009 1857 3118 1910 ait:
3143 1855 3374 1912 Auribus
3407 1857 3578 1926 perci-

321 1955 774 2022 O'aaﬁe,:tdrtec
813 1957 868 2008 οἱ
899 1953 1313 2020 κατοικοῦντες
1357 1953 1470 2020 τὴν
1501 1951 1858 2024 οἰκουμένην
1881 1969 1894 1982 ’

319 2043 356 2114 ἢ
393 2045 532 2098 κατὰ
579 2045 670 2098 τὸν
711 2043 936 2098 Ἀκύλαν
979 2043 1072 2096 καὶ
1103 2043 1192 2096 τὸν
1223 2043 1550 2114 Σύμμαχον,
1611 2047 1664 2098 οἱ
1699 2061 1866 2098 κατοι

317 2133 574 2200 ποῦντες
609 2133 724 2202 τὴν
755 2133 1086 2189 κατάδυσιν
1107 2151 1118 2164 ’
1155 2133 1298 2188 οὕτω
1327 2133 1384 2188 δὲ
1413 2135 1568 2188 καλεῖ
1595 2133 1694 2198 τὰς
1721 2133 1900 2199 πόλεις

321 2221 414 2274 καὶ
447 2221 546 2286 τὰς
575 2221 764 2294 κώμας
793 2223 888 2276 καὶ
925 2223 1050 2286 τοὺς
1075 2221 1286 2288 οἴκους,
1319 2225 1376 2276 ὲν
1403 2217 1484 2286 οἷς
1517 2223 1900 2278 καταδύνουσιν

315 2315 372 2368 οξ
399 2315 458 2368 ὲν
491 2315 672 2380 αὐτοῖς
699 2313 1096 2378 κατοικοῦντες.
1185 2311 1320 2370 Εἶτα
1365 2315 1526 2372 πάλιν
1555 2317 1752 2388 διαιρεῖ
1777 2319 1902 2380 τοὺς

321 2405 616 2478 οἰκήτορας
647 2405 746 2476 τῆς
777 2407 880 2478 γῆς
905 2405 1124 2476 φάσκων
1143 2425 1154 2436 ·
1181 2407 1250 2460 Οἵ
1281 2425 1344 2460 τε
1369 2409 1638 2478 γηγενεῖς
1661 2409 1758 2462 καὶ
1785 2411 1904 2464 υἱοὶ

323 2497 442 2549 τῶν
461 2495 784 2564 ἀνθρώπων
805 2513 818 2527 ⁸
841 2497 964 2550 ἐπεὶ
987 2497 1062 2568 μὴ
1097 2497 1254 2568 μόνον
1279 2497 1618 2570 ἐλευθέρους,
1649 2499 1786 2554 ἀλλὰ
1811 2501 1904 2554 καί¹

321 2589 386 2642 τὸ
401 2589 668 2644 οἰκετικὸν
687 2589 842 2660 γένος
871 2587 1152 2662 προσίεται
1171 2591 1262 2644 ἐπὶ
1283 2591 1380 2664 τὴν
1406 2591 1662 2664 ἀκρόασιν
1687 2633 1702 2654 ,
1725 2592 1758 2664 ἢ
1779 2593 1904 2656 τοὺς

321 2681 722 2754 ἀγροικῶτερδν
777 2683 1208 2754 μετερχομένους
1243 2679 1354 2754 βίον
1379 2726 1394 2750 ,
1447 2685 1542 2738 καὶ
1573 2687 1700 2748 τοὺς
1731 2685 1906 2749 ἄλλως

321 2765 384 2826 εὖ
415 2771 702 2840 γεγονότας
731 2769 826 2826 καὶ
869 2775 1074 2846 τροφῆς
1118 2773 1454 2846 ἠξιωμένους
1497 2775 1828 2846 ἐλευθερίου·
1869 2777 1902 2848 ἦ

323 2866 576 2934 γηγενεῖς
605 2863 702 2936 μὲν
727 2867 854 2930 τοὺς
881 2865 980 2938 τὴν
1001 2865 1204 2938 ἔρημον
1231 2869 1400 2922 οἰκεῖν
1429 2869 1757 2940 ᾑρημένους,
1779 2867 1906 2932 τοὺς

2001 1953 2126 2020 pite,
2171 1967 2350 2006 omnes
2390 1949 2480 2022 qui
2527 1949 2782 2004 habitatis
2829 1951 3006 2004 orbem
3035 1967 3054 2006 :
3105 1951 3222 2004 sive
3273 1947 3578 2004 secundum

2001 2041 2254 2112 Aquilam
2288 2051 2344 2098 et
2373 2039 2782 2114 Symmachum,
2817 2041 2908 2112 qui
2957 2040 3210 2094 habitatis
3255 2039 3576 2100 latibulum;

2003 2138 2086 2190 sic
2115 2149 2248 2190 vero
2303 2143 2464 2192 vocat
2513 2135 2696 2198 urbes,
2747 2135 2898 2190 vicos
2943 2143 2999 2190 et
3044 2133 3258 2197 domos,
3315 2133 3368 2186 in
3419 2131 3578 2202 queis

2003 2243 2124 2286 sese
2153 2229 2496 2284 abscondunt
2513 2227 2606 2296 qui
2631 2227 2878 2280 habitant
2897 2225 2952 2280 in
2980 2223 3138 2295 ipsis.
3157 2223 3424 2292 Deinceps
3449 2237 3580 2276 vero

2001 2329 2162 2376 terra;
2187 2321 2400 2376 incolas
2426 2317 2716 2388 distinguit
2741 2317 2932 2372 dicens
2961 2333 2974 2368 :
3001 2317 3206 2386 Quique
3229 2317 3500 2386 terrigena:
3527 2321 3580 2368 et

2003 2411 2106 2482 ﬁlii
2134 2411 2424 2466 hominum.
2467 2409 2608 2478 Quia
2641 2425 2752 2466 non
2775 2409 2979 2466 liberos
3011 2415 3248 2473 tantum,
3271 2409 3368 2466 sed
3413 2408 3578 2464 etiam

2005 2503 2434 2558 domesticorum
2481 2517 2656 2574 genus
2689 2503 2756 2558 ad
2797 2499 3130 2558 audiendum
3179 2499 3440 2564 admittit,
3465 2499 3582 2554 sive

2005 2609 2102 2650 eos
2147 2595 2240 2665 qui
2273 2605 2544 2666 agrestem
2581 2597 2748 2650 vitam
2797 2595 3178 2658 instituerunt,
3229 2609 3440 2648 necnon
3485 2607 3582 2648 eos

2007 2687 2102 2756 qui
2125 2687 2350 2758 ingenui
2385 2695 2534 2752 sunt,
2563 2693 2618 2740 et
2647 2685 2948 2740 liberaliter
2967 2685 3186 2740 educati
3219 2701 3234 2738 :
3263 2683 3378 2740 sive
3416 2683 3580 2738 etiam

2001 2778 2330 2848 terrigenas,
2365 2777 2458 2848 qui
2487 2793 2730 2832 eremum
2765 2777 3006 2832 incolere
3034 2777 3298 2848 aggressi,
3323 2783 3376 2830 et
3407 2775 3584 2830 homi-

2005 2887 2138 2928 num
2179 2871 2614 2927 mansuetissimi
2653 2877 2806 2924 sunt.
2851 2867 3216 2941 Symmachus
3247 2877 3428 2922 autem
3477 2867 3584 2922 hoc

323 2953 386 3006 δὲ
439 2953 736 3024 ἀνθρώπων
789 2955 916 3018 τοὺς
957 2957 1360 3028 ἡμερωτέρους.
1423 2959 1482 3012 ὐ
1525 2957 1582 3010 δὲ
1611 2957 1906 3030 Σύμμαχος

2009 2963 2170 3018 modo
2201 2961 2591 3030 interpretatus
2614 2967 2734 3014 est:
2765 2959 3036 3012 hominum
3067 2973 3250 3028 genus,
3281 2973 3344 3010 ac
3369 2957 3586 3026 insuper

323 3043 514 3098 τοῦτον
543 3045 854 3118 ἡρμήνευσε
881 3047 972 3100 τὸν
1003 3047 1230 3118 τρόπον·
1287 3049 1370 3104 ’Ἠ
1413 3065 1476 3102 τε
1519 3049 1906 3117 ἀνθρωπότης

2009 3055 2114 3127 ﬁlii
2137 3053 2550 3126 uniuscujusque
2583 3053 2716 3116 uiri;
2741 3061 2800 3106 nt
2821 3051 3002 3122 priore
3035 3053 3180 3106 dicto
3209 3051 3262 3104 in
3293 3065 3586 3104 commune

323 3135 426 3190 καί
455 3137 702 3204 προσέτι
736 3139 836 3192 καί
865 3139 982 3194 υἱοὶ
1033 3139 1298 3194 ἑκάστου
1335 3139 1588 3210 ἀνδρόςο
1625 3141 1704 3194 ἶν’
1819 3141 1908 3195 διὰ

2009 3157 2186 3204 totum
2219 3163 2392 3220 genus
2417 3147 2722 3210 hominum,
2745 3147 3048 3218 posteriore
3063 3153 3268 3210 autem,
3295 3141 3588 3214 unusquis-

323 3227 428 3300 μὲν
447 3225 540 3282 τοῦ
569 3229 832 3302 προτέρου
857 3229 1156 3296 καθολικῶς
1179 3235 1284 3286 πᾶν
1309 3231 1462 3302 γένος
1489 3231 1788 3304 ἀνθρώπων
1815 3233 1910 3306 δη-

2014 3257 2120 3314 que
2149 3241 2466 3312 singillatim
2497 3249 2754 3310 acceptus
2793 3239 3084 3294 indicetur.

319 3317 602 3392 λούμενον,
633 3321 720 3376 διά
745 3323 802 3376 δὲ
831 3323 926 3378 τοῦ
955 3323 1206 3396 δευτέρου
1241 3329 1268 3380 ὁ
1297 3325 1436 3378 κατά
1465 3325 1630 3398 μέρος
1657 3327 1902 3390 ἕκαστος.

403 3411 472 3468 Τὸ
505 3415 702 3484 στὸμα
739 3431 858 3484 μου
903 3413 1164 3480 λαλήσει
1193 3415 1416 3484 σοφίαν
1435 3455 1450 3478 ,
1491 3415 1586 3468 καὶ
1619 3415 1658 3482 ἡ
1685 3415 1906 3485 μελέτη

325 3501 438 3572 τῆς
467 3503 716 3572 καρδίας
739 3523 858 3574 μου
889 3505 1168 3558 σύνεσιν.
1203 3503 1402 3558 Κλινῶ
1431 3506 1520 3572 είς
1559 3503 1912 3574 παραϐολὴν

323 3595 396 3650 τὸ
443 3589 550 3660 οὖς
591 3613 746 3666 μου,
801 3595 1022 3662 ἁνοίξω
1049 3597 1120 3650 ἐν
1163 3597 1474 3666 eamme
1501 3595 1568 3650 τὸ
1599 3596 1910 3665 πρόϐλημά

321 3705 466 3756 μου.
521 3687 706 3742 Ταῦτα
734 3687 792 3742 δὲ
823 3689 918 3742 καὶ
946 3689 1052 3742 ἀπὸ
1097 3689 1204 3742 τῶν
1243 3689 1554 3743 ἀποστόλων
1575 3689 1794 3742 δύναται
1823 3689 1910 3742 λέ-

327 3775 540 3844 γεσθαι.
559 3777 874 3850 Παραϐολάς
889 3777 946 3830 δὲ
963 3776 1114 3830 καλεί
1127 3778 1250 3840 τοὺς
1267 3775 1682 3848 αἰνιγματώδεις
1697 3775 1906 3844 λόγους.

329 3869 442 3922 Καὶ
469 3867 578 3940 γὰρ
601 3871 630 3922 ὁ
657 3867 858 3940 Κύριος
877 3907 892 3930 ,
917 3867 1304 3940 ’παραδολικῶς
1333 3869 1442 3930 τοῖς
1465 3865 1642 3937 ὄχλοις
1669 3865 1908 3932 διαλεγό-

333 3977 492 4030 μενος
509 3999 526 4024 ,
549 3963 660 4024 τοῖς
689 3959 1004 4022 ἀποστόλοις
1031 3961 1150 4014 κατ’
1175 3955 1320 4012 οἷκον
1341 3959 1542 4022 ταύτας
1561 3957 1754 4010 διέλυε.
1785 3955 1914 4010 Τού-

327 4063 408 4118 τῳ
439 4045 534 4100 νῦν
563 4049 592 4100 ὁ
611 4047 770 4120 χορὸς
797 4047 892 4118 τὴν
921 4047 1016 4102 τοῦ
1043 4047 1176 4100 Θεοῦ
1207 4047 1400 4118 σοφίαν
1431 4047 1522 4100 τὸν
1553 4049 1790 4120 Χριστὸν
1821 4049 1912 4100 ἐπὶ

332 4139 598 4210 στόματος
645 4139 860 4212 φέρων·
893 4139 1146 4209 Χριστὸς
1187 4141 1294 4212 γὰρ
1343 4139 1492 4194 Θεοῦ
1533 4141 1786 4210 δύναμις
1813 4141 1912 4194 καὶ

331 4231 484 4286 Θεοῦ
511 4233 698 4302 σοφία
719 4273 734 4296 ,
759 4231 978 4301 ἐλέγετο
995 4250 1008 4263 ·
1051 4233 1118 4286 Τὸ
1153 4235 1348 4302 ardua
1369 4251 1490 4302 μου
1517 4235 1776 4303 λαλήσει
1809 4251 1914 4288 σο-

331 4321 498 4390 φίαν.
585 4321 786 4375 Τοῦτον
837 4321 946 4394 γάρ
1005 4325 1168 4378 πᾶσιν
1224 4325 1532 4398 ἀνθρώποις
1591 4325 1910 4398 ἐκήρυττον.

345 4411 698 4484 Ἦκονημένοι
725 4413 784 4466 δὲ
816 4414 908 4468 τὸν
935 4415 1060 4468 νοῦν
1079 4455 1094 4482 ,
1137 4417 1314 4480 πάσας
1343 4416 1438 4470 τοῦ
1467 4415 1702 4490 Χριστοῦ
1733 4417 1912 4470 συνίε-

335 4521 438 4558 σαν
479 4503 578 4568 τάς
611 4505 928 4576 παραϐολάς
971 4507 1064 4562 καὶ⁵
1095 4509 1204 4580 πρὸ
1241 4509 1340 4576 τῆς
1385 4507 1550 4562 αὐτοῦ
1597 4507 1910 4579 ἑρμηνείας.

333 4597 426 4650 Διὸ
448 4597 584 4666 μετὰ
603 4597 806 4662 ταύτας
827 4601 856 4652 ὁ
873 4599 970 4670 μὲν
987 4601 1178 4672 Σωτὴρ
1199 4601 1350 4668 ἔλεγε
1365 4617 1378 4632 ⁸
1399 4599 1708 4666 Συνήκατε
1729 4599 1916 4656 ταῦτα
1949 4589 1992 4642 Ῑ)

335 4687 564 4750 :t'drta;
598 4691 662 4742 Οἱ
693 4687 762 4742 δὲ
789 4689 1078 4758 λέγουσιν
1101 4689 1262 4756 αὐτῷ
1285 4731 1300 4754 ,
1325 4691 1446 4744 ναί.
1491 4691 1556 4743 'H
1591 4691 1788 4762 καρδία.
1809 4691 1918 4744 τοί-

329 4797 430 4833 νυν
453 4781 629 4834 αὐτῶν
649 4779 880 4852 ἐμελέτα
905 4782 1092 4836 συνὲσε
1101 4799 1166 4846 ις,
1185 4783 1248 4846 ἃς
1275 4783 1488 4854 ἤνοιγον
1509 4785 1620 4846 τοῖς
1641 4781 1716 4852 μὴ
1739 4797 1916 4854 παρα-

329 4869 608 4924 κολουθεῖν
631 4869 946 4942 δυναμένοις
963 4911 976 4934 ,
995 4871 1090 4924 τοῦ
1115 4871 1426 4942 σωματικοῦ
1449 4873 1678 4944 ὀργάνου
1697 4875 1762 4943 τῇ
1787 4874 1920 4926 ὲνοι-

333 4965 510 5040 κούσῃ
539 4965 674 5038 πρὸς
695 4965 852 5019 τοῦτο
875 4965 1244 5029 διακονοῦντος
1269 4966 1435 5038 ψυχῇ.
1469 4965 1640 5020 Τοῦτο
1669 4968 1776 5040 γάρ
1799 4967 1918 5020 ἀντὶ

331 5057 510 5130 ψαλτη
521 5059 632 5130 ρίου
653 5057 927 5130 παρέλαϐε
951 5059 1086 5130 πρὸς
1099 5059 1200 5130 τὴν
1219 5057 1308 5112 διὰ
1327 5057 1528 5112 τούτων
1551 5057 1710 5112 θείων
1731 5057 1914 5130 ὓμνων

333 5151 662 5220 ἁνὰκρουσιν
691 5189 706 5216 ,
741 5151 968 5204 ἑκάστου
1003 5149 1202 5222 μέρους
1229 5149 1664 5222 ὲπιστημονικῶς
1689 5151 1744 5202 ὲν
1769 5149 1916 5220 αὺτῴ

335 5243 676 5315 κινουμένου.

323 5363 326 5368 -
421 5337 546 5390 Ἵνα
573 5335 630 5390 τί
662 5335 954 5406 φοϐοῦμαι
999 5337 1070 5390 ἐν
1099 5335 1288 5408 ἡμέρᾳ
1317 5335 1586 5406 πονηρὼ
1619 5339 1658 5406 ἡ
1702 5337 1920 5406 ἀνομία

339 5427 452 5496 τῆς
495 5427 754 5498 πτέρνης
793 5447 912 5499 μου
963 5429 1258 5484 κυκλώσει
1287 5447 1382 5498 με.
1447 5431 1510 5482 Εἰ
1541 5429 1598 5482 δὲ,
1633 5431 1918 5504 πρόσωπον

342 5521 546 5592 Κυρίου
579 5519 640 5574 τὺ
681 5519 870 5588 λέγον,
921 5520 1156 5590 πτέρναν
1181 5519 1344 5574 αὑτοῦ
1373 5519 1540 5592 εὕρῃς
1575 5521 1664 5574 τὸν
1695 5519 1920 5592 ἔσχατον

343 5611 438 5668 τοῦ
467 5613 718 5684 σώματος
749 5611 844 5666 καὶ
873 5615 938 5684 τῇ
971 5615 1042 5684 γῇ
1077 5611 1440 5683 πλησιάζοντα
1501 5613 1710 5668 Ιούδαψ
1763 5613 1922 5684 σῶμα

2083 3421 2248 3480 Vnus.
2276 3423 2332 3488 4,
2363 3423 2416 3478 5.
2457 3421 2530 3478 0s
2561 3439 2732 3476 meum
2757 3421 2998 3492 loquetur
3039 3421 3377 3490 sapientiora,
3399 3431 3448 3474 et
3473 3435 3588 3474 me-

2009 3517 2201 3570 ditatio
2225 3515 2400 3570 cordis
2447 3517 2548 3569 mei
2575 3515 2928 3584 prudentiam.
2961 3511 3239 3566 Incliuabo
3267 3513 3320 3566 in
3355 3511 3588 3582 parabo—

2011 3611 2120 3664 lam
2155 3627 2338 3664 aurem
2363 3625 2555 3670 meam,
2581 3609 2814 3678 aperiam
2833 3611 2886 3662 in
2909 3607 3160 3676 psalterio
3179 3605 3588 3676 propositionem

2013 3719 2202 3756 meam.
2237 3701 2362 3756 Haec
2391 3709 2572 3756 autem
2603 3708 2836 3772 possunt
2873 3703 2942 3754 ab
2972 3699 3235 3772 apostolis
3267 3699 3396 3752 dici.
3423 3695 3590 3752 Para—

2013 3795 2168 3850 bolas
2197 3809 2326 3850 vero
2355 3801 2516 3848 vocat
2537 3793 2808 3848 obscuros
2839 3807 3142 3848 sermones.
3175 3789 3456 3862 Siquidem
3483 3789 3590 3844 Do-

2015 3887 2196 3940 minus
2225 3899 2350 3938 cum
2385 3883 2562 3938 turbis
2595 3881 2906 3952 parabolice
2937 3881 3276 3950 loqueretur,
3313 3877 3462 3933 domi
3493 3891 3592 3946 po-

2015 3986 2130 4032 stea
2157 3975 2376 4030 easdem
2425 3975 2692 4046 apostolis
2719 3971 3048 4042 explicabat.
3089 3969 3216 4026 Ideo
3247 3969 3362 4038 jam
3387 3967 3592 4022 chorus

2013 4069 2296 4126 Christum
2321 4067 2416 4124 Dei
2449 4067 2772 4138 sapientiam
2801 4067 2854 4118 in
2887 4081 2984 4120 ore
3015 4063 3200 4118 ferens
3227 4081 3239 4116 :
3273 4077 3398 4116 nam
3431 4059 3592 4114 Chri-

2015 4173 2128 4217 stus
2151 4161 2244 4214 Dei
2281 4161 2448 4214 uirtus
2479 4169 2528 4214 et
2557 4157 2650 4212 Dei
2683 4157 2942 4226 sapientia
2957 4157 3022 4218 ³⁸,
3053 4155 3290 4216 dicebat,
3325 4149 3398 4206 Os
3423 4169 3594 4206 nicum

2017 4257 2260 4324 loquetur
2291 4251 2628 4321 sapientiora.
2665 4249 2824 4306 Hunc
2857 4251 3000 4302 enim
3041 4245 3300 4302 omnibus
3329 4243 3596 4314 prtedica-

2017 4351 2169 4404 banl.
2197 4347 2448 4416 Cumque
2473 4353 2632 4400 acuta
2663 4351 2844 4398 mente
2869 4339 3128 4395 instructi
3159 4351 3364 4398 essent,
3401 4351 3595 4392 omnes

2017 4441 2226 4498 Christi
2259 4437 2548 4510 parabolas
2589 4435 2988 4506 intelligebant,
3026 4441 3316 4502 antequam
3357 4431 3474 4500 ipse
3501 4443 3596 4483 cas

2021 4535 2492 4604 interpretaretur.
2547 4529 2728 4596 Quare
2787 4543 2910 4582 cum
2961 4525 3029 4580 iis
3077 4523 3308 4594 prolatis
3347 4523 3598 4575 Salvator

2023 4627 2228 4682 diceret
2255 4643 2270 4680 :
2295 4623 2642 4680 Intellexistis
2661 4623 2772 4676 haec
2791 4621 3010 4676 omnia?
3033 4619 3228 4672 Dicunt
3255 4617 3322 4680 ei,
3353 4615 3512 4672 etiam
3527 4615 3594 4668 ".

2023 4719 2134 4774 (lor
2165 4719 2334 4790 igitur
2361 4733 2552 4774 eorum
2582 4715 2902 4788 prudentius
2949 4711 3338 4776 meditabatur,
3371 4723 3508 4780 quas
3531 4709 3600 4764 iis

2021 4813 2116 4882 qui
2157 4811 2316 4884 sequi
2363 4827 2474 4868 non
2529 4819 2800 4880 poterant,
2852 4807 3190 4878 aperiebant,
3233 4803 3602 4858 instrumento

2027 4919 2296 4976 corporeo
2325 4905 2522 4960 anima:
2563 4903 2712 4958 intus
2760 4899 3032 4956 habitanti
3079 4897 3450 4952 ministrante.
3487 4891 3602 4946 Hoc

2027 4997 2174 5050 cnim
2215 5009 2316 5066 pro
2363 4993 2624 5066 psalterio
2671 4992 2948 5056 utebatur,
2995 4989 3066 5044 ad
3105 4987 3322 5044 divinos
3369 4985 3602 5056 hymnos

2027 5087 2352 5158 pulsandos,
2397 5087 2629 5159 singulis
2663 5085 2910 5156 partibus
2949 5083 3086 5138 scite
3123 5097 3188 5136 ac
3235 5087 3604 5152 congruenter

2025 5177 2211 5232 motis.

2099 5331 2268 5390 Vens.
2303 5335 2356 5388 6.
2401 5331 2511 5390 Cur
2547 5333 2738 5388 timebo
2773 5331 2854 5402 in}
2871 5331 2958 5386 die
2987 5329 3172 5387 mala?
3199 5331 3450 5400 iniquitas
3489 5327 3602 5380 cal-

2027 5427 2182 5480 cauei
2237 5427 2340 5480 mei
2383 5427 2734 5482 circumdabit
2777 5443 2877 5480 me.
2911 5421 2970 5480 Si
3003 5437 3238 5496 persona
3271 5421 3484 5478 Domini
3517 5429 3602 5474 est

2027 5537 2152 5590 qua:
2191 5521 2434 5592 loquitur
2463 5561 2478 5586 ,
2525 5523 2844 5578 calcanenm
2889 5519 3010 5590 ejus
3061 5513 3434 5588 deprehendas
3479 5527 3602 5566 esse

2033 5611 2254 5680 ludam,
2287 5615 2380 5686 qui
2433 5615 2658 5670 ultimus
2689 5613 2938 5684 corporis
2971 5619 3026 5668 et
3061 5619 3220 5667 terra:
3249 5603 3602 5676 uropinquior

403 5725 452 5766 ³⁸
477 5725 528 5786 ιι
553 5727 682 5788 Cor.
707 5743 760 5800 ν,
789 5729 878 5784 10.
953 5729 998 5762 ³⁰
1029 5729 1048 5782 l
1077 5729 1202 5782 Cor.
1235 5743 1272 5796 i,
1299 5727 1388 5782 ‘24.
1466 5727 1508 5758 ³¹
1545 5725 1732 5780 Matth.
1761 5737 1882 5790 xui,
1911 5723 2002 5778 5].
2063 5809 2068 5812 _
