  <div class='ocr_page' id='page_1' title='image "/cluster/home/n/w/nwhite01/storage/ocr_20150623/23/hvd.32044073501124/223.png"; bbox 0 0 4100 6442; ppageno 0'>
   <div class='ocr_carea' id='block_1_1' title="bbox 22 17 40 136">
    <p class='ocr_par' dir='ltr' id='par_1_1' title="bbox 22 69 38 136">
     <span class='ocr_line' id='line_1_1' title="bbox 29 69 38 84; baseline 0 0"><span class='ocrx_word' id='word_1_1' title='bbox 29 69 38 84; x_wconf 70' lang='lat'><strong>.</strong></span> 
     </span>
     <span class='ocr_line' id='line_1_2' title="bbox 22 97 38 136; baseline 0 0"><span class='ocrx_word' id='word_1_2' title='bbox 22 97 38 136; x_wconf 67' lang='lat' dir='ltr'><strong>ll</strong></span> 
     </span>
    </p>
   </div>
   <div class='ocr_carea' id='block_1_2' title="bbox 533 361 550 396">
    <p class='ocr_par' dir='ltr' id='par_1_2' title="bbox 533 361 550 396">
     <span class='ocr_line' id='line_1_3' title="bbox 533 361 550 396; baseline 0 0"><span class='ocrx_word' id='word_1_3' title='bbox 533 361 550 396; x_wconf 70' lang='lat' dir='ltr'><strong>l</strong></span> 
     </span>
    </p>
   </div>
   <div class='ocr_carea' id='block_1_3' title="bbox 546 385 2118 509">
    <p class='ocr_par' dir='ltr' id='par_1_3' title="bbox 546 409 2118 509">
     <span class='ocr_line' id='line_1_4' title="bbox 546 409 2118 509; baseline -0.007 -4"><span class='ocrx_word' id='word_1_4' title='bbox 546 409 660 505; x_wconf 69' lang='grc' dir='ltr'><strong>ἰει</strong></span> <span class='ocrx_word' id='word_1_5' title='bbox 1227 452 1495 509; x_wconf 70' lang='lat' dir='ltr'><strong>unseen</strong></span> <span class='ocrx_word' id='word_1_6' title='bbox 1532 446 1992 508; x_wconf 53' lang='lat' dir='ltr'><strong>cessamus</strong></span> <span class='ocrx_word' id='word_1_7' title='bbox 2023 435 2118 496; x_wconf 71' lang='lat' dir='ltr'><strong>om</strong></span> 
     </span>
    </p>
   </div>
   <div class='ocr_carea' id='block_1_4' title="bbox 2221 385 3819 509">
    <p class='ocr_par' dir='ltr' id='par_1_4' title="bbox 2221 385 3819 501">
     <span class='ocr_line' id='line_1_5' title="bbox 2221 385 3819 501; baseline 0.001 -7"><span class='ocrx_word' id='word_1_8' title='bbox 2221 385 2426 500; x_wconf 50' lang='lat' dir='ltr'><strong>PAlis</strong></span> <span class='ocrx_word' id='word_1_9' title='bbox 2459 446 2542 501; x_wconf 87' lang='lat' dir='ltr'><strong>Ill.</strong></span> <span class='ocrx_word' id='word_1_10' title='bbox 2573 477 2640 488; x_wconf 74' lang='grc'><strong>.-</strong></span> <span class='ocrx_word' id='word_1_11' title='bbox 2677 444 3086 501; x_wconf 60' lang='grc' dir='ltr'>ιῖξξεοιετιοελ.</span> <span class='ocrx_word' id='word_1_12' title='bbox 3706 441 3819 496; x_wconf 68' lang='lat'><strong>432</strong></span> 
     </span>
    </p>
   </div>
   <div class='ocr_carea' id='block_1_5' title="bbox 561 536 2118 644">
    <p class='ocr_par' dir='ltr' id='par_1_5' title="bbox 561 567 2117 644">
     <span class='ocr_line' id='line_1_6' title="bbox 561 567 2117 644; baseline -0.004 -18"><span class='ocrx_word' id='word_1_13' title='bbox 561 580 700 626; x_wconf 83' lang='lat' dir='ltr'><strong>erat.</strong></span> <span class='ocrx_word' id='word_1_14' title='bbox 733 569 865 622; x_wconf 84' lang='lat' dir='ltr'><strong>Nam</strong></span> <span class='ocrx_word' id='word_1_15' title='bbox 888 586 1088 641; x_wconf 89' lang='lat' dir='ltr'><strong>corpus</strong></span> <span class='ocrx_word' id='word_1_16' title='bbox 1107 570 1314 626; x_wconf 86' lang='lat' dir='ltr'><strong>Domini</strong></span> <span class='ocrx_word' id='word_1_17' title='bbox 1346 580 1475 627; x_wconf 90' lang='lat' dir='ltr'><strong>sunt</strong></span> <span class='ocrx_word' id='word_1_18' title='bbox 1497 573 1746 644; x_wconf 76' lang='lat' dir='ltr'><strong>apostoli.</strong></span> <span class='ocrx_word' id='word_1_19' title='bbox 1778 571 1894 627; x_wconf 87' lang='lat' dir='ltr'><strong>Non</strong></span> <span class='ocrx_word' id='word_1_20' title='bbox 1921 567 2117 624; x_wconf 81' lang='lat' dir='ltr'><strong>timebo</strong></span> 
     </span>
    </p>
   </div>
   <div class='ocr_carea' id='block_1_6' title="bbox 2221 536 3818 644">
    <p class='ocr_par' dir='ltr' id='par_1_6' title="bbox 2221 536 3818 643">
     <span class='ocr_line' id='line_1_7' title="bbox 2221 536 3818 643; baseline -0.003 -19"><span class='ocrx_word' id='word_1_21' title='bbox 2221 536 2344 630; x_wconf 61' lang='grc' dir='ltr'>γὰρ</span> <span class='ocrx_word' id='word_1_22' title='bbox 2365 567 2567 643; x_wconf 84' lang='grc' dir='ltr'>Κυρίου</span> <span class='ocrx_word' id='word_1_23' title='bbox 2590 571 2639 622; x_wconf 85' lang='lat' dir='ltr'><strong>oi</strong></span> <span class='ocrx_word' id='word_1_24' title='bbox 2664 568 2970 624; x_wconf 84' lang='grc' dir='ltr'>ἀπόστολοι.</span> <span class='ocrx_word' id='word_1_25' title='bbox 3004 567 3080 619; x_wconf 81' lang='grc' dir='ltr'><strong>Οὐ</strong></span> <span class='ocrx_word' id='word_1_26' title='bbox 3110 565 3377 636; x_wconf 77' lang='grc' dir='ltr'>φοϐοῦμαι</span> <span class='ocrx_word' id='word_1_27' title='bbox 3399 561 3491 620; x_wconf 79' lang='grc' dir='ltr'>οὗν</span> <span class='ocrx_word' id='word_1_28' title='bbox 3515 567 3612 638; x_wconf 73' lang='grc' dir='ltr'><strong>τήν</strong></span> <span class='ocrx_word' id='word_1_29' title='bbox 3645 564 3818 619; x_wconf 65' lang='grc' dir='ltr'>Ἰούδα</span> 
     </span>
    </p>
   </div>
   <div class='ocr_carea' id='block_1_7' title="bbox 563 660 2126 736">
    <p class='ocr_par' dir='ltr' id='par_1_7' title="bbox 563 660 2126 736">
     <span class='ocr_line' id='line_1_8' title="bbox 563 660 2126 736; baseline -0.001 -21"><span class='ocrx_word' id='word_1_30' title='bbox 563 663 746 732; x_wconf 85' lang='lat' dir='ltr'><strong>itaque</strong></span> <span class='ocrx_word' id='word_1_31' title='bbox 775 660 927 716; x_wconf 75' lang='lat' dir='ltr'><strong>Judze</strong></span> <span class='ocrx_word' id='word_1_32' title='bbox 958 663 1318 733; x_wconf 75' lang='lat' dir='ltr'><strong>proditionem</strong></span> <span class='ocrx_word' id='word_1_33' title='bbox 1341 665 1396 718; x_wconf 90' lang='lat' dir='ltr'><strong>in</strong></span> <span class='ocrx_word' id='word_1_34' title='bbox 1431 672 1676 736; x_wconf 91' lang='lat' dir='ltr'><strong>tempore</strong></span> <span class='ocrx_word' id='word_1_35' title='bbox 1706 665 1911 720; x_wconf 86' lang='lat' dir='ltr'><strong>crucis.</strong></span> <span class='ocrx_word' id='word_1_36' title='bbox 1944 661 2126 729; x_wconf 84' lang='lat' dir='ltr'><strong>Quan-</strong></span> 
     </span>
    </p>
   </div>
   <div class='ocr_carea' id='block_1_8' title="bbox 559 753 2132 826">
    <p class='ocr_par' dir='ltr' id='par_1_8' title="bbox 559 753 2132 826">
     <span class='ocr_line' id='line_1_9' title="bbox 559 753 2132 826; baseline 0 -18"><span class='ocrx_word' id='word_1_37' title='bbox 559 753 853 824; x_wconf 88' lang='lat' dir='ltr'><strong>doquidem</strong></span> <span class='ocrx_word' id='word_1_38' title='bbox 881 769 1057 823; x_wconf 90' lang='lat' dir='ltr'><strong>neque</strong></span> <span class='ocrx_word' id='word_1_39' title='bbox 1078 755 1277 826; x_wconf 77' lang='lat' dir='ltr'><strong>singuli</strong></span> <span class='ocrx_word' id='word_1_40' title='bbox 1299 755 1547 812; x_wconf 88' lang='lat' dir='ltr'><strong>homines</strong></span> <span class='ocrx_word' id='word_1_41' title='bbox 1564 757 1755 812; x_wconf 82' lang='lat' dir='ltr'><strong>Adami</strong></span> <span class='ocrx_word' id='word_1_42' title='bbox 1778 757 2132 825; x_wconf 88' lang='lat' dir='ltr'><strong>inobsequen-</strong></span> 
     </span>
    </p>
   </div>
   <div class='ocr_carea' id='block_1_9' title="bbox 560 844 2134 919">
    <p class='ocr_par' dir='ltr' id='par_1_9' title="bbox 560 844 2134 919">
     <span class='ocr_line' id='line_1_10' title="bbox 560 844 2134 919; baseline 0.001 -19"><span class='ocrx_word' id='word_1_43' title='bbox 560 847 693 900; x_wconf 88' lang='lat' dir='ltr'><strong>tiam</strong></span> <span class='ocrx_word' id='word_1_44' title='bbox 729 848 920 901; x_wconf 90' lang='lat' dir='ltr'><strong>timere</strong></span> <span class='ocrx_word' id='word_1_45' title='bbox 965 846 1206 902; x_wconf 90' lang='lat' dir='ltr'><strong>debent:</strong></span> <span class='ocrx_word' id='word_1_46' title='bbox 1243 848 1384 902; x_wconf 91' lang='lat' dir='ltr'><strong>hanc</strong></span> <span class='ocrx_word' id='word_1_47' title='bbox 1424 850 1623 919; x_wconf 81' lang='lat' dir='ltr'><strong>quippe</strong></span> <span class='ocrx_word' id='word_1_48' title='bbox 1676 844 1993 905; x_wconf 79' lang='lat' dir='ltr'><strong>calcaneum</strong></span> <span class='ocrx_word' id='word_1_49' title='bbox 2029 849 2134 902; x_wconf 86' lang='lat' dir='ltr'><strong>ini-</strong></span> 
     </span>
    </p>
   </div>
   <div class='ocr_carea' id='block_1_10' title="bbox 560 938 2135 1011">
    <p class='ocr_par' dir='ltr' id='par_1_10' title="bbox 560 938 2135 1011">
     <span class='ocr_line' id='line_1_11' title="bbox 560 938 2135 1011; baseline 0.003 -21"><span class='ocrx_word' id='word_1_50' title='bbox 560 938 787 1007; x_wconf 87' lang='lat' dir='ltr'><strong>quitatis</strong></span> <span class='ocrx_word' id='word_1_51' title='bbox 817 953 940 992; x_wconf 89' lang='lat' dir='ltr'><strong>esse</strong></span> <span class='ocrx_word' id='word_1_52' title='bbox 989 938 1484 997; x_wconf 87' lang='lat' dir='ltr'><strong>subindicavimus.</strong></span> <span class='ocrx_word' id='word_1_53' title='bbox 1525 940 1697 997; x_wconf 86' lang='lat' dir='ltr'><strong>Nemo</strong></span> <span class='ocrx_word' id='word_1_54' title='bbox 1726 941 1871 996; x_wconf 89' lang='lat' dir='ltr'><strong>enim</strong></span> <span class='ocrx_word' id='word_1_55' title='bbox 1912 948 2135 1011; x_wconf 82' lang='lat' dir='ltr'><strong>propter</strong></span> 
     </span>
    </p>
   </div>
   <div class='ocr_carea' id='block_1_11' title="bbox 559 1029 2137 1100">
    <p class='ocr_par' dir='ltr' id='par_1_11' title="bbox 559 1029 2137 1100">
     <span class='ocr_line' id='line_1_12' title="bbox 559 1029 2137 1100; baseline 0.004 -19"><span class='ocrx_word' id='word_1_56' title='bbox 559 1029 787 1084; x_wconf 86' lang='lat' dir='ltr'><strong>alterius</strong></span> <span class='ocrx_word' id='word_1_57' title='bbox 815 1031 1114 1100; x_wconf 82' lang='lat' dir='ltr'><strong>nequitiam</strong></span> <span class='ocrx_word' id='word_1_58' title='bbox 1139 1033 1554 1090; x_wconf 77' lang='lat' dir='ltr'><strong>condemnatur.</strong></span> <span class='ocrx_word' id='word_1_59' title='bbox 1601 1033 1793 1088; x_wconf 85' lang='lat' dir='ltr'><strong>Adami</strong></span> <span class='ocrx_word' id='word_1_60' title='bbox 1822 1049 1948 1089; x_wconf 85' lang='lat' dir='ltr'><strong>vero</strong></span> <span class='ocrx_word' id='word_1_61' title='bbox 1978 1033 2137 1088; x_wconf 87' lang='lat' dir='ltr'><strong>inob-</strong></span> 
     </span>
    </p>
   </div>
   <div class='ocr_carea' id='block_1_12' title="bbox 559 1123 2128 1198">
    <p class='ocr_par' dir='ltr' id='par_1_12' title="bbox 559 1123 2128 1198">
     <span class='ocr_line' id='line_1_13' title="bbox 559 1123 2128 1198; baseline 0.005 -22"><span class='ocrx_word' id='word_1_62' title='bbox 559 1123 921 1192; x_wconf 87' lang='lat' dir='ltr'><strong>sequentiam,</strong></span> <span class='ocrx_word' id='word_1_63' title='bbox 979 1125 1100 1180; x_wconf 90' lang='lat' dir='ltr'><strong>ideo</strong></span> <span class='ocrx_word' id='word_1_64' title='bbox 1147 1127 1490 1198; x_wconf 84' lang='lat' dir='ltr'><strong>iniquitatem</strong></span> <span class='ocrx_word' id='word_1_65' title='bbox 1538 1130 1781 1185; x_wconf 89' lang='lat' dir='ltr'><strong>calcanei</strong></span> <span class='ocrx_word' id='word_1_66' title='bbox 1829 1145 1954 1186; x_wconf 89' lang='lat' dir='ltr'><strong>esse</strong></span> <span class='ocrx_word' id='word_1_67' title='bbox 1995 1129 2128 1194; x_wconf 82' lang='lat' dir='ltr'><strong>dixi,</strong></span> 
     </span>
    </p>
   </div>
   <div class='ocr_carea' id='block_1_13' title="bbox 557 1213 2130 1294">
    <p class='ocr_par' dir='ltr' id='par_1_13' title="bbox 557 1213 2130 1294">
     <span class='ocr_line' id='line_1_14' title="bbox 557 1213 2130 1294; baseline 0.008 -28"><span class='ocrx_word' id='word_1_68' title='bbox 557 1213 686 1282; x_wconf 88' lang='lat' dir='ltr'><strong>quia</strong></span> <span class='ocrx_word' id='word_1_69' title='bbox 735 1229 964 1285; x_wconf 86' lang='lat' dir='ltr'><strong>serpens</strong></span> <span class='ocrx_word' id='word_1_70' title='bbox 1019 1224 1212 1273; x_wconf 91' lang='lat' dir='ltr'><strong>contra</strong></span> <span class='ocrx_word' id='word_1_71' title='bbox 1265 1220 1585 1277; x_wconf 87' lang='lat' dir='ltr'><strong>calcaneum</strong></span> <span class='ocrx_word' id='word_1_72' title='bbox 1642 1221 1764 1291; x_wconf 88' lang='lat' dir='ltr'><strong>ejus</strong></span> <span class='ocrx_word' id='word_1_73' title='bbox 1807 1215 2130 1294; x_wconf 78' lang='lat' dir='ltr'><strong>potestatem</strong></span> 
     </span>
    </p>
   </div>
   <div class='ocr_carea' id='block_1_14' title="bbox 556 1303 739 1359">
    <p class='ocr_par' dir='ltr' id='par_1_14' title="bbox 556 1303 739 1359">
     <span class='ocr_line' id='line_1_15' title="bbox 556 1303 739 1359; baseline 0.016 -3"><span class='ocrx_word' id='word_1_74' title='bbox 556 1303 739 1359; x_wconf 78' lang='lat' dir='ltr'><strong>habet.</strong></span> 
     </span>
    </p>
   </div>
   <div class='ocr_carea' id='block_1_15' title="bbox 625 1393 2132 1467">
    <p class='ocr_par' dir='ltr' id='par_1_15' title="bbox 625 1393 2132 1467">
     <span class='ocr_line' id='line_1_16' title="bbox 625 1393 2132 1467; baseline 0.007 -18"><span class='ocrx_word' id='word_1_75' title='bbox 625 1393 792 1452; x_wconf 74' lang='lat' dir='ltr'><strong>Vens.</strong></span> <span class='ocrx_word' id='word_1_76' title='bbox 812 1397 867 1462; x_wconf 89' lang='lat'><strong>8,</strong></span> <span class='ocrx_word' id='word_1_77' title='bbox 889 1399 942 1453; x_wconf 89' lang='lat'><strong>9.</strong></span> <span class='ocrx_word' id='word_1_78' title='bbox 977 1399 1173 1454; x_wconf 81' lang='lat' dir='ltr'><strong>Frater</strong></span> <span class='ocrx_word' id='word_1_79' title='bbox 1194 1418 1296 1455; x_wconf 89' lang='lat' dir='ltr'><strong>non</strong></span> <span class='ocrx_word' id='word_1_80' title='bbox 1321 1401 1549 1467; x_wconf 84' lang='lat' dir='ltr'><strong>redimit,</strong></span> <span class='ocrx_word' id='word_1_81' title='bbox 1569 1402 1785 1458; x_wconf 79' lang='lat' dir='ltr'><strong>redimet</strong></span> <span class='ocrx_word' id='word_1_82' title='bbox 1817 1405 2008 1462; x_wconf 82' lang='lat' dir='ltr'><strong>homo?</strong></span> <span class='ocrx_word' id='word_1_83' title='bbox 2028 1422 2132 1460; x_wconf 86' lang='lat' dir='ltr'><strong>non</strong></span> 
     </span>
    </p>
   </div>
   <div class='ocr_carea' id='block_1_16' title="bbox 548 1486 2132 1568">
    <p class='ocr_par' dir='ltr' id='par_1_16' title="bbox 548 1486 2132 1568">
     <span class='ocr_line' id='line_1_17' title="bbox 548 1486 2132 1568; baseline 0.008 -29"><span class='ocrx_word' id='word_1_84' title='bbox 548 1486 701 1542; x_wconf 83' lang='lat' dir='ltr'><strong>dabit</strong></span> <span class='ocrx_word' id='word_1_85' title='bbox 751 1488 861 1545; x_wconf 89' lang='lat' dir='ltr'><strong>Deo</strong></span> <span class='ocrx_word' id='word_1_86' title='bbox 893 1493 1245 1560; x_wconf 86' lang='lat' dir='ltr'><strong>placationem</strong></span> <span class='ocrx_word' id='word_1_87' title='bbox 1279 1511 1455 1562; x_wconf 79' lang='lat' dir='ltr'><strong>suam,</strong></span> <span class='ocrx_word' id='word_1_88' title='bbox 1483 1505 1532 1550; x_wconf 87' lang='lat' dir='ltr'><strong>et</strong></span> <span class='ocrx_word' id='word_1_89' title='bbox 1564 1497 1790 1564; x_wconf 83' lang='lat' dir='ltr'><strong>pretium</strong></span> <span class='ocrx_word' id='word_1_90' title='bbox 1825 1498 2132 1568; x_wconf 85' lang='lat' dir='ltr'><strong>redemptio-</strong></span> 
     </span>
    </p>
   </div>
   <div class='ocr_carea' id='block_1_17' title="bbox 552 1581 2130 1662">
    <p class='ocr_par' dir='ltr' id='par_1_17' title="bbox 552 1581 2130 1662">
     <span class='ocr_line' id='line_1_18' title="bbox 552 1581 2130 1662; baseline 0.01 -30"><span class='ocrx_word' id='word_1_91' title='bbox 552 1581 634 1633; x_wconf 77' lang='lat' dir='ltr'><strong>nis</strong></span> <span class='ocrx_word' id='word_1_92' title='bbox 665 1581 856 1636; x_wconf 73' lang='lat' dir='ltr'><strong>animo:</strong></span> <span class='ocrx_word' id='word_1_93' title='bbox 886 1601 1016 1639; x_wconf 74' lang='lat' dir='ltr'><strong>sum.</strong></span> <span class='ocrx_word' id='word_1_94' title='bbox 1058 1584 1172 1641; x_wconf 84' lang='lat' dir='ltr'><strong>lloc</strong></span> <span class='ocrx_word' id='word_1_95' title='bbox 1211 1603 1427 1657; x_wconf 90' lang='lat' dir='ltr'><strong>quoque</strong></span> <span class='ocrx_word' id='word_1_96' title='bbox 1469 1589 1636 1644; x_wconf 92' lang='lat' dir='ltr'><strong>modo</strong></span> <span class='ocrx_word' id='word_1_97' title='bbox 1672 1589 1973 1662; x_wconf 81' lang='lat' dir='ltr'><strong>intelligas,</strong></span> <span class='ocrx_word' id='word_1_98' title='bbox 2014 1607 2130 1648; x_wconf 86' lang='lat' dir='ltr'><strong>non</strong></span> 
     </span>
    </p>
   </div>
   <div class='ocr_carea' id='block_1_18' title="bbox 551 1670 2128 1742">
    <p class='ocr_par' dir='ltr' id='par_1_18' title="bbox 551 1670 2128 1742">
     <span class='ocr_line' id='line_1_19' title="bbox 551 1670 2128 1742; baseline 0.011 -18"><span class='ocrx_word' id='word_1_99' title='bbox 551 1670 721 1727; x_wconf 80' lang='lat' dir='ltr'><strong>frater</strong></span> <span class='ocrx_word' id='word_1_100' title='bbox 763 1673 1010 1740; x_wconf 83' lang='lat' dir='ltr'><strong>fratrem,</strong></span> <span class='ocrx_word' id='word_1_101' title='bbox 1046 1693 1152 1732; x_wconf 92' lang='lat' dir='ltr'><strong>non</strong></span> <span class='ocrx_word' id='word_1_102' title='bbox 1179 1681 1393 1735; x_wconf 90' lang='lat' dir='ltr'><strong>amicus</strong></span> <span class='ocrx_word' id='word_1_103' title='bbox 1421 1681 1659 1737; x_wconf 89' lang='lat' dir='ltr'><strong>amicum</strong></span> <span class='ocrx_word' id='word_1_104' title='bbox 1692 1684 1924 1740; x_wconf 88' lang='lat' dir='ltr'><strong>redimet</strong></span> <span class='ocrx_word' id='word_1_105' title='bbox 1956 1703 1968 1740; x_wconf 92' lang='lat'><strong>:</strong></span> <span class='ocrx_word' id='word_1_106' title='bbox 2001 1685 2128 1742; x_wconf 91' lang='lat' dir='ltr'><strong>’sin-</strong></span> 
     </span>
    </p>
   </div>
   <div class='ocr_carea' id='block_1_19' title="bbox 549 1764 2129 1848">
    <p class='ocr_par' dir='ltr' id='par_1_19' title="bbox 549 1764 2129 1848">
     <span class='ocr_line' id='line_1_20' title="bbox 549 1764 2129 1848; baseline 0.011 -32"><span class='ocrx_word' id='word_1_107' title='bbox 549 1764 662 1832; x_wconf 89' lang='lat' dir='ltr'><strong>guli</strong></span> <span class='ocrx_word' id='word_1_108' title='bbox 685 1781 921 1837; x_wconf 86' lang='lat' dir='ltr'><strong>namque</strong></span> <span class='ocrx_word' id='word_1_109' title='bbox 954 1770 1259 1826; x_wconf 80' lang='lat' dir='ltr'><strong>mercedem</strong></span> <span class='ocrx_word' id='word_1_110' title='bbox 1289 1789 1444 1828; x_wconf 89' lang='lat' dir='ltr'><strong>suam</strong></span> <span class='ocrx_word' id='word_1_111' title='bbox 1471 1776 1750 1844; x_wconf 87' lang='lat' dir='ltr'><strong>recipient,</strong></span> <span class='ocrx_word' id='word_1_112' title='bbox 1783 1785 1837 1832; x_wconf 88' lang='lat' dir='ltr'><strong>et</strong></span> <span class='ocrx_word' id='word_1_113' title='bbox 1866 1779 2027 1848; x_wconf 86' lang='lat' dir='ltr'><strong>quale</strong></span> <span class='ocrx_word' id='word_1_114' title='bbox 2056 1779 2129 1836; x_wconf 88' lang='lat' dir='ltr'><strong>sit</strong></span> 
     </span>
    </p>
   </div>
   <div class='ocr_carea' id='block_1_20' title="bbox 2230 659 3818 735">
    <p class='ocr_par' dir='ltr' id='par_1_20' title="bbox 2230 659 3818 735">
     <span class='ocr_line' id='line_1_21' title="bbox 2230 659 3818 735; baseline -0.004 -18"><span class='ocrx_word' id='word_1_115' title='bbox 2230 662 2527 724; x_wconf 63' lang='grc' dir='ltr'>προδοσίαν</span> <span class='ocrx_word' id='word_1_116' title='bbox 2561 665 2619 717; x_wconf 84' lang='grc' dir='ltr'>ὲν</span> <span class='ocrx_word' id='word_1_117' title='bbox 2646 663 2724 734; x_wconf 85' lang='grc' dir='ltr'>τῷ</span> <span class='ocrx_word' id='word_1_118' title='bbox 2754 663 2930 735; x_wconf 84' lang='grc' dir='ltr'>καιρῷ</span> <span class='ocrx_word' id='word_1_119' title='bbox 2960 663 3051 716; x_wconf 74' lang='grc' dir='ltr'>τοῦ</span> <span class='ocrx_word' id='word_1_120' title='bbox 3082 660 3315 733; x_wconf 77' lang='grc' dir='ltr'>σταυροῦ</span> <span class='ocrx_word' id='word_1_121' title='bbox 3336 677 3348 689; x_wconf 92' lang='grc'><strong>·</strong></span> <span class='ocrx_word' id='word_1_122' title='bbox 3379 661 3500 713; x_wconf 79' lang='grc' dir='ltr'>ἐπεὶ</span> <span class='ocrx_word' id='word_1_123' title='bbox 3527 659 3658 730; x_wconf 82' lang='grc' dir='ltr'>μηδὲ</span> <span class='ocrx_word' id='word_1_124' title='bbox 3685 659 3818 711; x_wconf 73' lang='grc' dir='ltr'>ἕκα-</span> 
     </span>
    </p>
   </div>
   <div class='ocr_carea' id='block_1_21' title="bbox 2236 753 3816 828">
    <p class='ocr_par' dir='ltr' id='par_1_21' title="bbox 2236 753 3816 828">
     <span class='ocr_line' id='line_1_22' title="bbox 2236 753 3816 828; baseline -0.001 -22"><span class='ocrx_word' id='word_1_125' title='bbox 2236 766 2361 820; x_wconf 83' lang='grc' dir='ltr'>στος</span> <span class='ocrx_word' id='word_1_126' title='bbox 2387 756 2486 828; x_wconf 84' lang='grc' dir='ltr'>τὴν</span> <span class='ocrx_word' id='word_1_127' title='bbox 2512 755 2606 809; x_wconf 80' lang='grc' dir='ltr'>τοῦ</span> <span class='ocrx_word' id='word_1_128' title='bbox 2650 756 2823 827; x_wconf 75' lang='grc' dir='ltr'><strong>Ἀδὰμ</strong></span> <span class='ocrx_word' id='word_1_129' title='bbox 2871 757 3178 828; x_wconf 84' lang='grc' dir='ltr'><strong>παρακοήν.</strong></span> <span class='ocrx_word' id='word_1_130' title='bbox 3237 755 3452 825; x_wconf 77' lang='grc' dir='ltr'>Ταύτην</span> <span class='ocrx_word' id='word_1_131' title='bbox 3483 753 3590 824; x_wconf 81' lang='grc' dir='ltr'>γὰρ</span> <span class='ocrx_word' id='word_1_132' title='bbox 3621 754 3816 824; x_wconf 72' lang='grc' dir='ltr'>ὑπῃνιο</span> 
     </span>
    </p>
   </div>
   <div class='ocr_carea' id='block_1_22' title="bbox 2236 843 3814 919">
    <p class='ocr_par' dir='ltr' id='par_1_22' title="bbox 2236 843 3814 919">
     <span class='ocr_line' id='line_1_23' title="bbox 2236 843 3814 919; baseline -0.002 -19"><span class='ocrx_word' id='word_1_133' title='bbox 2236 846 2446 919; x_wconf 79' lang='grc' dir='ltr'>ξάμεθα</span> <span class='ocrx_word' id='word_1_134' title='bbox 2472 848 2707 918; x_wconf 82' lang='grc' dir='ltr'><strong>πτέρναν</strong></span> <span class='ocrx_word' id='word_1_135' title='bbox 2737 848 2960 919; x_wconf 81' lang='grc' dir='ltr'><strong>ἀνομίας</strong></span> <span class='ocrx_word' id='word_1_136' title='bbox 2991 843 3148 902; x_wconf 73' lang='grc' dir='ltr'>εἶναι.</span> <span class='ocrx_word' id='word_1_137' title='bbox 3205 847 3389 909; x_wconf 78' lang='grc' dir='ltr'>Οὐδεὶς</span> <span class='ocrx_word' id='word_1_138' title='bbox 3419 844 3528 917; x_wconf 76' lang='grc' dir='ltr'><strong>γὰρ</strong></span> <span class='ocrx_word' id='word_1_139' title='bbox 3558 845 3624 899; x_wconf 79' lang='grc' dir='ltr'><strong>δι’</strong></span> <span class='ocrx_word' id='word_1_140' title='bbox 3651 845 3814 899; x_wconf 76' lang='grc' dir='ltr'>ἄλλου</span> 
     </span>
    </p>
   </div>
   <div class='ocr_carea' id='block_1_23' title="bbox 2237 938 3813 1010">
    <p class='ocr_par' dir='ltr' id='par_1_23' title="bbox 2237 938 3813 1010">
     <span class='ocr_line' id='line_1_24' title="bbox 2237 938 3813 1010; baseline -0.001 -16"><span class='ocrx_word' id='word_1_141' title='bbox 2237 941 2433 995; x_wconf 82' lang='grc' dir='ltr'>κακίαν</span> <span class='ocrx_word' id='word_1_142' title='bbox 2466 940 2903 1006; x_wconf 80' lang='grc' dir='ltr'><strong>καταδικάζεται.</strong></span> <span class='ocrx_word' id='word_1_143' title='bbox 2942 940 3197 1010; x_wconf 85' lang='grc' dir='ltr'>Ἀνομίαν</span> <span class='ocrx_word' id='word_1_144' title='bbox 3234 938 3291 992; x_wconf 78' lang='grc' dir='ltr'><strong>δὲ</strong></span> <span class='ocrx_word' id='word_1_145' title='bbox 3316 939 3550 1010; x_wconf 73' lang='grc' dir='ltr'>πτέρνης</span> <span class='ocrx_word' id='word_1_146' title='bbox 3577 939 3675 1010; x_wconf 78' lang='grc' dir='ltr'><strong>τὴν</strong></span> <span class='ocrx_word' id='word_1_147' title='bbox 3706 956 3813 992; x_wconf 83' lang='grc' dir='ltr'>πα-</span> 
     </span>
    </p>
   </div>
   <div class='ocr_carea' id='block_1_24' title="bbox 2237 1030 3816 1107">
    <p class='ocr_par' dir='ltr' id='par_1_24' title="bbox 2237 1030 3816 1107">
     <span class='ocr_line' id='line_1_25' title="bbox 2237 1030 3816 1107; baseline -0.003 -18"><span class='ocrx_word' id='word_1_148' title='bbox 2237 1035 2440 1107; x_wconf 84' lang='grc' dir='ltr'>ρακοὴν</span> <span class='ocrx_word' id='word_1_149' title='bbox 2465 1030 2615 1088; x_wconf 74' lang='grc' dir='ltr'>εἷπον</span> <span class='ocrx_word' id='word_1_150' title='bbox 2647 1033 2771 1086; x_wconf 73' lang='grc' dir='ltr'>Ἄδα</span> <span class='ocrx_word' id='word_1_151' title='bbox 2780 1052 2818 1104; x_wconf 87' lang='grc' dir='ltr'><strong>μ</strong></span> <span class='ocrx_word' id='word_1_152' title='bbox 2837 1073 2852 1098; x_wconf 91' lang='grc'><strong>,</strong></span> <span class='ocrx_word' id='word_1_153' title='bbox 2880 1032 2959 1103; x_wconf 79' lang='grc' dir='ltr'><strong>τῷ</strong></span> <span class='ocrx_word' id='word_1_154' title='bbox 2979 1032 3070 1086; x_wconf 84' lang='grc' dir='ltr'><strong>τὸν</strong></span> <span class='ocrx_word' id='word_1_155' title='bbox 3098 1030 3218 1101; x_wconf 75' lang='grc' dir='ltr'>ὅφιν</span> <span class='ocrx_word' id='word_1_156' title='bbox 3237 1031 3481 1098; x_wconf 76' lang='grc' dir='ltr'>ἐξουσίαν</span> <span class='ocrx_word' id='word_1_157' title='bbox 3503 1030 3646 1101; x_wconf 76' lang='grc' dir='ltr'>ἔχειν</span> <span class='ocrx_word' id='word_1_158' title='bbox 3670 1031 3816 1085; x_wconf 78' lang='grc' dir='ltr'>κατὰ</span> 
     </span>
    </p>
   </div>
   <div class='ocr_carea' id='block_1_25' title="bbox 2234 1124 3025 1197">
    <p class='ocr_par' dir='ltr' id='par_1_25' title="bbox 2234 1124 3025 1197">
     <span class='ocr_line' id='line_1_26' title="bbox 2234 1124 3025 1197; baseline 0.004 -20"><span class='ocrx_word' id='word_1_159' title='bbox 2234 1125 2332 1196; x_wconf 78' lang='grc' dir='ltr'>τῆς</span> <span class='ocrx_word' id='word_1_160' title='bbox 2361 1125 2595 1197; x_wconf 83' lang='grc' dir='ltr'>πτέρνης</span> <span class='ocrx_word' id='word_1_161' title='bbox 2618 1124 2781 1178; x_wconf 77' lang='grc' dir='ltr'>αὐτοῦ</span> <span class='ocrx_word' id='word_1_162' title='bbox 2800 1165 2816 1179; x_wconf 92' lang='grc'><strong>.</strong></span> <span class='ocrx_word' id='word_1_163' title='bbox 3021 1141 3025 1154; x_wconf 94' lang='lat'>&#39;</span> 
     </span>
    </p>
   </div>
   <div class='ocr_carea' id='block_1_26' title="bbox 2319 1386 3814 1463">
    <p class='ocr_par' dir='ltr' id='par_1_26' title="bbox 2319 1386 3814 1463">
     <span class='ocr_line' id='line_1_27' title="bbox 2319 1386 3814 1463; baseline 0.003 -22"><span class='ocrx_word' id='word_1_164' title='bbox 2319 1386 2368 1442; x_wconf 73' lang='grc' dir='ltr'><em>Ἀ</em></span> <span class='ocrx_word' id='word_1_165' title='bbox 2377 1393 2678 1463; x_wconf 73' lang='grc' dir='ltr'><strong>δελφόςού</strong></span> <span class='ocrx_word' id='word_1_166' title='bbox 2696 1391 3036 1461; x_wconf 83' lang='grc' dir='ltr'>λυτροῦται,</span> <span class='ocrx_word' id='word_1_167' title='bbox 3062 1390 3428 1460; x_wconf 77' lang='grc' dir='ltr'>λυτρώσεται</span> <span class='ocrx_word' id='word_1_168' title='bbox 3457 1390 3814 1460; x_wconf 69' lang='grc' dir='ltr'>ἄνθρωπος-ἶ</span> 
     </span>
    </p>
   </div>
   <div class='ocr_carea' id='block_1_27' title="bbox 2233 1480 3820 1560">
    <p class='ocr_par' dir='ltr' id='par_1_27' title="bbox 2233 1480 3820 1560">
     <span class='ocr_line' id='line_1_28' title="bbox 2233 1480 3820 1560; baseline -0.006 -19"><span class='ocrx_word' id='word_1_169' title='bbox 2233 1489 2305 1543; x_wconf 83' lang='grc' dir='ltr'>οὐ</span> <span class='ocrx_word' id='word_1_170' title='bbox 2331 1485 2510 1560; x_wconf 80' lang='grc' dir='ltr'>δώσει</span> <span class='ocrx_word' id='word_1_171' title='bbox 2537 1484 2617 1552; x_wconf 86' lang='grc' dir='ltr'>τῷ</span> <span class='ocrx_word' id='word_1_172' title='bbox 2651 1483 2772 1550; x_wconf 83' lang='grc' dir='ltr'><strong>Θεῷ</strong></span> <span class='ocrx_word' id='word_1_173' title='bbox 2799 1485 3100 1553; x_wconf 70' lang='grc' dir='ltr'>ἐξίλασμα</span> <span class='ocrx_word' id='word_1_174' title='bbox 3132 1482 3340 1546; x_wconf 85' lang='grc' dir='ltr'>αὐτοῦ,</span> <span class='ocrx_word' id='word_1_175' title='bbox 3365 1483 3463 1536; x_wconf 74' lang='grc' dir='ltr'>καὶ</span> <span class='ocrx_word' id='word_1_176' title='bbox 3493 1480 3608 1551; x_wconf 79' lang='grc' dir='ltr'>τὴν</span> <span class='ocrx_word' id='word_1_177' title='bbox 3631 1481 3820 1552; x_wconf 73' lang='grc' dir='ltr'>τιμὴν</span> 
     </span>
    </p>
   </div>
   <div class='ocr_carea' id='block_1_28' title="bbox 2232 1574 3820 1650">
    <p class='ocr_par' dir='ltr' id='par_1_28' title="bbox 2232 1574 3820 1650">
     <span class='ocr_line' id='line_1_29' title="bbox 2232 1574 3820 1650; baseline -0.006 -14"><span class='ocrx_word' id='word_1_178' title='bbox 2232 1580 2339 1650; x_wconf 83' lang='grc' dir='ltr'>τῆς</span> <span class='ocrx_word' id='word_1_179' title='bbox 2365 1579 2714 1647; x_wconf 78' lang='grc' dir='ltr'>λυτρὼσεως</span> <span class='ocrx_word' id='word_1_180' title='bbox 2747 1576 2858 1646; x_wconf 83' lang='grc' dir='ltr'>τῆς</span> <span class='ocrx_word' id='word_1_181' title='bbox 2884 1575 3093 1646; x_wconf 64' lang='grc' dir='ltr'>ψυχῆς</span> <span class='ocrx_word' id='word_1_182' title='bbox 3129 1575 3334 1630; x_wconf 83' lang='grc' dir='ltr'>αὐτοῦ.</span> <span class='ocrx_word' id='word_1_183' title='bbox 3373 1575 3606 1646; x_wconf 85' lang='grc' dir='ltr'>Νοήσεις</span> <span class='ocrx_word' id='word_1_184' title='bbox 3633 1575 3691 1628; x_wconf 84' lang='grc' dir='ltr'><strong>δὲ</strong></span> <span class='ocrx_word' id='word_1_185' title='bbox 3717 1574 3820 1628; x_wconf 77' lang='grc' dir='ltr'><strong>καὶ</strong></span> 
     </span>
    </p>
   </div>
   <div class='ocr_carea' id='block_1_29' title="bbox 2230 1666 3822 1740">
    <p class='ocr_par' dir='ltr' id='par_1_29' title="bbox 2230 1666 3822 1740">
     <span class='ocr_line' id='line_1_30' title="bbox 2230 1666 3822 1740; baseline -0.007 -11"><span class='ocrx_word' id='word_1_186' title='bbox 2230 1673 2401 1739; x_wconf 75' lang='grc' dir='ltr'>οὕτως</span> <span class='ocrx_word' id='word_1_187' title='bbox 2421 1690 2433 1703; x_wconf 87' lang='grc'><strong>·</strong></span> <span class='ocrx_word' id='word_1_188' title='bbox 2461 1674 2564 1726; x_wconf 74' lang='grc' dir='ltr'><strong>οὐκ</strong></span> <span class='ocrx_word' id='word_1_189' title='bbox 2604 1669 2831 1740; x_wconf 79' lang='grc' dir='ltr'>ἀδελφὸς</span> <span class='ocrx_word' id='word_1_190' title='bbox 2862 1669 3087 1738; x_wconf 81' lang='grc' dir='ltr'>ἀδελφὸν</span> <span class='ocrx_word' id='word_1_191' title='bbox 3107 1709 3122 1733; x_wconf 93' lang='grc'><strong>,</strong></span> <span class='ocrx_word' id='word_1_192' title='bbox 3166 1669 3228 1722; x_wconf 79' lang='grc' dir='ltr'><strong>οὐ</strong></span> <span class='ocrx_word' id='word_1_193' title='bbox 3254 1668 3403 1737; x_wconf 74' lang='grc' dir='ltr'>φίλος</span> <span class='ocrx_word' id='word_1_194' title='bbox 3427 1668 3578 1738; x_wconf 75' lang='grc' dir='ltr'>φίλον</span> <span class='ocrx_word' id='word_1_195' title='bbox 3605 1666 3822 1739; x_wconf 79' lang='grc' dir='ltr'>λυτρώ-</span> 
     </span>
    </p>
   </div>
   <div class='ocr_carea' id='block_1_30' title="bbox 2233 1758 3818 1833">
    <p class='ocr_par' dir='ltr' id='par_1_30' title="bbox 2233 1758 3818 1833">
     <span class='ocr_line' id='line_1_31' title="bbox 2233 1758 3818 1833; baseline -0.003 -16"><span class='ocrx_word' id='word_1_196' title='bbox 2233 1781 2382 1818; x_wconf 88' lang='grc' dir='ltr'>σεται</span> <span class='ocrx_word' id='word_1_197' title='bbox 2401 1779 2414 1791; x_wconf 92' lang='grc'><strong>·</strong></span> <span class='ocrx_word' id='word_1_198' title='bbox 2439 1763 2668 1825; x_wconf 75' lang='grc' dir='ltr'>ἕκαστος</span> <span class='ocrx_word' id='word_1_199' title='bbox 2687 1762 2795 1833; x_wconf 85' lang='grc' dir='ltr'>γὰρ</span> <span class='ocrx_word' id='word_1_200' title='bbox 2815 1763 2905 1814; x_wconf 80' lang='grc' dir='ltr'><strong>τὸν</strong></span> <span class='ocrx_word' id='word_1_201' title='bbox 2929 1761 3057 1814; x_wconf 82' lang='grc' dir='ltr'>ἴδιον</span> <span class='ocrx_word' id='word_1_202' title='bbox 3085 1760 3274 1832; x_wconf 74' lang='grc' dir='ltr'>μισθὸν</span> <span class='ocrx_word' id='word_1_203' title='bbox 3292 1759 3546 1831; x_wconf 76' lang='grc' dir='ltr'>λήψεται,</span> <span class='ocrx_word' id='word_1_204' title='bbox 3569 1759 3662 1813; x_wconf 71' lang='grc' dir='ltr'><strong>καὶ</strong></span> <span class='ocrx_word' id='word_1_205' title='bbox 3686 1758 3818 1812; x_wconf 80' lang='grc' dir='ltr'>ἐκά-</span> 
     </span>
    </p>
   </div>
   <div class='ocr_carea' id='block_1_31' title="bbox 549 1851 2118 1940">
    <p class='ocr_par' dir='ltr' id='par_1_31' title="bbox 549 1853 2118 1940">
     <span class='ocr_line' id='line_1_32' title="bbox 549 1853 2118 1940; baseline 0.01 -34"><span class='ocrx_word' id='word_1_206' title='bbox 549 1853 820 1925; x_wconf 86' lang='lat' dir='ltr'><strong>cujusque</strong></span> <span class='ocrx_word' id='word_1_207' title='bbox 849 1873 987 1927; x_wconf 91' lang='lat' dir='ltr'><strong>opus</strong></span> <span class='ocrx_word' id='word_1_208' title='bbox 1029 1859 1171 1930; x_wconf 82' lang='lat' dir='ltr'><strong>ignis</strong></span> <span class='ocrx_word' id='word_1_209' title='bbox 1209 1862 1502 1930; x_wconf 88' lang='lat' dir='ltr'><strong>probabit:</strong></span> <span class='ocrx_word' id='word_1_210' title='bbox 1529 1881 1632 1920; x_wconf 90' lang='lat' dir='ltr'><strong>nec</strong></span> <span class='ocrx_word' id='word_1_211' title='bbox 1665 1866 1814 1922; x_wconf 85' lang='lat' dir='ltr'><strong>dabit</strong></span> <span class='ocrx_word' id='word_1_212' title='bbox 1851 1869 2118 1940; x_wconf 88' lang='lat' dir='ltr'><strong>quispiam</strong></span> 
     </span>
    </p>
   </div>
   <div class='ocr_carea' id='block_1_32' title="bbox 2221 1851 3818 1940">
    <p class='ocr_par' dir='ltr' id='par_1_32' title="bbox 2231 1851 3818 1928">
     <span class='ocr_line' id='line_1_33' title="bbox 2231 1851 3818 1928; baseline -0.003 -17"><span class='ocrx_word' id='word_1_213' title='bbox 2231 1875 2358 1911; x_wconf 89' lang='grc' dir='ltr'>στου</span> <span class='ocrx_word' id='word_1_214' title='bbox 2400 1855 2461 1908; x_wconf 81' lang='grc' dir='ltr'>τὸ</span> <span class='ocrx_word' id='word_1_215' title='bbox 2486 1855 2644 1928; x_wconf 78' lang='grc' dir='ltr'>ἔργον</span> <span class='ocrx_word' id='word_1_216' title='bbox 2673 1854 2851 1910; x_wconf 80' lang='grc' dir='ltr'>ὁποῖόν</span> <span class='ocrx_word' id='word_1_217' title='bbox 2881 1854 2998 1906; x_wconf 80' lang='grc' dir='ltr'>ἐστι</span> <span class='ocrx_word' id='word_1_218' title='bbox 3017 1896 3032 1919; x_wconf 88' lang='grc'><strong>,</strong></span> <span class='ocrx_word' id='word_1_219' title='bbox 3066 1853 3126 1908; x_wconf 78' lang='grc' dir='ltr'>τὸ</span> <span class='ocrx_word' id='word_1_220' title='bbox 3149 1853 3259 1923; x_wconf 80' lang='grc' dir='ltr'>πῦρ</span> <span class='ocrx_word' id='word_1_221' title='bbox 3283 1851 3595 1922; x_wconf 79' lang='grc' dir='ltr'>δοκιμάσει’</span> <span class='ocrx_word' id='word_1_222' title='bbox 3624 1852 3721 1905; x_wconf 75' lang='grc' dir='ltr'>καὶ</span> <span class='ocrx_word' id='word_1_223' title='bbox 3748 1851 3818 1906; x_wconf 75' lang='grc' dir='ltr'><strong>οὐ</strong></span> 
     </span>
    </p>
   </div>
   <div class='ocr_carea' id='block_1_33' title="bbox 550 1938 2118 2030">
    <p class='ocr_par' dir='ltr' id='par_1_33' title="bbox 550 1938 2118 2030">
     <span class='ocr_line' id='line_1_34' title="bbox 550 1938 2118 2030; baseline 0.011 -33"><span class='ocrx_word' id='word_1_224' title='bbox 550 1960 651 2014; x_wconf 92' lang='lat' dir='ltr'><strong>pro</strong></span> <span class='ocrx_word' id='word_1_225' title='bbox 683 1961 743 2002; x_wconf 88' lang='lat' dir='ltr'><strong>se</strong></span> <span class='ocrx_word' id='word_1_226' title='bbox 765 1946 876 2004; x_wconf 91' lang='lat' dir='ltr'><strong>Deo</strong></span> <span class='ocrx_word' id='word_1_227' title='bbox 901 1952 1255 2018; x_wconf 84' lang='lat' dir='ltr'><strong>placationem</strong></span> <span class='ocrx_word' id='word_1_228' title='bbox 1292 1953 1346 2009; x_wconf 92' lang='lat' dir='ltr'><strong>in</strong></span> <span class='ocrx_word' id='word_1_229' title='bbox 1378 1954 1470 2011; x_wconf 91' lang='lat' dir='ltr'><strong>illa</strong></span> <span class='ocrx_word' id='word_1_230' title='bbox 1511 1957 1600 2012; x_wconf 91' lang='lat' dir='ltr'><strong>die</strong></span> <span class='ocrx_word' id='word_1_231' title='bbox 1637 1977 1649 2012; x_wconf 96' lang='lat'>:</span> <span class='ocrx_word' id='word_1_232' title='bbox 1683 1973 1860 2028; x_wconf 86' lang='lat' dir='ltr'><strong>neque</strong></span> <span class='ocrx_word' id='word_1_233' title='bbox 1891 1938 2118 2030; x_wconf 39' lang='lat' dir='ltr'><strong>pre—tium</strong></span> 
     </span>
    </p>
   </div>
   <div class='ocr_carea' id='block_1_34' title="bbox 2221 1938 3819 2030">
    <p class='ocr_par' dir='ltr' id='par_1_34' title="bbox 2228 1944 3819 2019">
     <span class='ocr_line' id='line_1_35' title="bbox 2228 1944 3819 2019; baseline -0.003 -17"><span class='ocrx_word' id='word_1_234' title='bbox 2228 1947 2389 2002; x_wconf 83' lang='grc' dir='ltr'>δώσει</span> <span class='ocrx_word' id='word_1_235' title='bbox 2424 1967 2506 2013; x_wconf 88' lang='grc' dir='ltr'><strong>τις</strong></span> <span class='ocrx_word' id='word_1_236' title='bbox 2531 1949 2830 2018; x_wconf 76' lang='grc' dir='ltr'>ἐξίλασμα</span> <span class='ocrx_word' id='word_1_237' title='bbox 2855 1946 2934 2019; x_wconf 85' lang='grc' dir='ltr'>τῷ</span> <span class='ocrx_word' id='word_1_238' title='bbox 2963 1945 3082 2017; x_wconf 82' lang='grc' dir='ltr'>Θεῷ</span> <span class='ocrx_word' id='word_1_239' title='bbox 3116 1946 3257 2018; x_wconf 82' lang='grc' dir='ltr'>ὑπὲρ</span> <span class='ocrx_word' id='word_1_240' title='bbox 3284 1944 3475 2000; x_wconf 76' lang='grc' dir='ltr'>ἑαυτοῦ</span> <span class='ocrx_word' id='word_1_241' title='bbox 3518 1945 3638 1998; x_wconf 86' lang='grc' dir='ltr'>κατ’</span> <span class='ocrx_word' id='word_1_242' title='bbox 3665 1944 3819 1998; x_wconf 81' lang='grc' dir='ltr'>ἐκεί-</span> 
     </span>
    </p>
   </div>
   <div class='ocr_carea' id='block_1_35' title="bbox 548 2039 2128 2126">
    <p class='ocr_par' dir='ltr' id='par_1_35' title="bbox 548 2039 2128 2126">
     <span class='ocr_line' id='line_1_36' title="bbox 548 2039 2128 2126; baseline 0.011 -33"><span class='ocrx_word' id='word_1_243' title='bbox 548 2039 786 2111; x_wconf 83' lang='lat' dir='ltr'><strong>deponet</strong></span> <span class='ocrx_word' id='word_1_244' title='bbox 824 2043 980 2112; x_wconf 89' lang='lat' dir='ltr'><strong>quasi</strong></span> <span class='ocrx_word' id='word_1_245' title='bbox 1011 2061 1111 2115; x_wconf 89' lang='lat' dir='ltr'><strong>pro</strong></span> <span class='ocrx_word' id='word_1_246' title='bbox 1141 2061 1242 2101; x_wconf 89' lang='lat' dir='ltr'><strong>sua</strong></span> <span class='ocrx_word' id='word_1_247' title='bbox 1270 2049 1664 2120; x_wconf 89' lang='lat' dir='ltr'><strong>redemptione.</strong></span> <span class='ocrx_word' id='word_1_248' title='bbox 1695 2049 1921 2109; x_wconf 83' lang='lat' dir='ltr'><strong>Inutiles</strong></span> <span class='ocrx_word' id='word_1_249' title='bbox 1946 2055 2128 2126; x_wconf 89' lang='lat' dir='ltr'><strong>itaque</strong></span> 
     </span>
    </p>
   </div>
   <div class='ocr_carea' id='block_1_36' title="bbox 547 2135 2128 2211">
    <p class='ocr_par' dir='ltr' id='par_1_36' title="bbox 547 2135 2128 2211">
     <span class='ocr_line' id='line_1_37' title="bbox 547 2135 2128 2211; baseline 0.009 -23"><span class='ocrx_word' id='word_1_250' title='bbox 547 2141 677 2188; x_wconf 87' lang='lat' dir='ltr'><strong>sunt</strong></span> <span class='ocrx_word' id='word_1_251' title='bbox 718 2135 952 2198; x_wconf 79' lang='lat' dir='ltr'><strong>divitiae;</strong></span> <span class='ocrx_word' id='word_1_252' title='bbox 988 2139 1094 2194; x_wconf 91' lang='lat' dir='ltr'><strong>nisi</strong></span> <span class='ocrx_word' id='word_1_253' title='bbox 1143 2140 1268 2209; x_wconf 90' lang='lat' dir='ltr'><strong>quis</strong></span> <span class='ocrx_word' id='word_1_254' title='bbox 1299 2141 1353 2195; x_wconf 92' lang='lat' dir='ltr'><strong>in</strong></span> <span class='ocrx_word' id='word_1_255' title='bbox 1402 2143 1658 2211; x_wconf 71' lang='lat' dir='ltr'><strong>praesenti</strong></span> <span class='ocrx_word' id='word_1_256' title='bbox 1689 2145 1801 2200; x_wconf 88' lang='lat' dir='ltr'><strong>vita</strong></span> <span class='ocrx_word' id='word_1_257' title='bbox 1856 2145 2029 2202; x_wconf 79' lang='lat' dir='ltr'><strong>ﬁdelis</strong></span> <span class='ocrx_word' id='word_1_258' title='bbox 2063 2162 2128 2202; x_wconf 89' lang='lat' dir='ltr'><strong>ac</strong></span> 
     </span>
    </p>
   </div>
   <div class='ocr_carea' id='block_1_37' title="bbox 547 2227 2125 2306">
    <p class='ocr_par' dir='ltr' id='par_1_37' title="bbox 547 2227 2125 2306">
     <span class='ocr_line' id='line_1_38' title="bbox 547 2227 2125 2306; baseline 0.012 -28"><span class='ocrx_word' id='word_1_259' title='bbox 547 2227 787 2292; x_wconf 89' lang='lat' dir='ltr'><strong>prudens</strong></span> <span class='ocrx_word' id='word_1_260' title='bbox 811 2243 1130 2286; x_wconf 80' lang='lat' dir='ltr'><strong>(economus</strong></span> <span class='ocrx_word' id='word_1_261' title='bbox 1159 2231 1486 2297; x_wconf 85' lang='lat' dir='ltr'><strong>inveniatur,</strong></span> <span class='ocrx_word' id='word_1_262' title='bbox 1509 2236 1603 2306; x_wconf 89' lang='lat' dir='ltr'><strong>qui</strong></span> <span class='ocrx_word' id='word_1_263' title='bbox 1621 2236 1789 2293; x_wconf 88' lang='lat' dir='ltr'><strong>tritici</strong></span> <span class='ocrx_word' id='word_1_264' title='bbox 1811 2255 2125 2296; x_wconf 88' lang='lat' dir='ltr'><strong>mensuram</strong></span> 
     </span>
    </p>
   </div>
   <div class='ocr_carea' id='block_1_38' title="bbox 544 2315 2124 2389">
    <p class='ocr_par' dir='ltr' id='par_1_38' title="bbox 544 2315 2124 2389">
     <span class='ocr_line' id='line_1_39' title="bbox 544 2315 2124 2389; baseline 0.015 -23"><span class='ocrx_word' id='word_1_265' title='bbox 544 2315 602 2369; x_wconf 83' lang='lat' dir='ltr'><strong>in</strong></span> <span class='ocrx_word' id='word_1_266' title='bbox 634 2324 877 2388; x_wconf 86' lang='lat' dir='ltr'><strong>tempore</strong></span> <span class='ocrx_word' id='word_1_267' title='bbox 919 2337 1019 2376; x_wconf 90' lang='lat' dir='ltr'><strong>suo</strong></span> <span class='ocrx_word' id='word_1_268' title='bbox 1047 2326 1333 2381; x_wconf 89' lang='lat' dir='ltr'><strong>conservis</strong></span> <span class='ocrx_word' id='word_1_269' title='bbox 1363 2325 1678 2384; x_wconf 83' lang='lat' dir='ltr'><strong>distribuat.</strong></span> <span class='ocrx_word' id='word_1_270' title='bbox 1714 2328 1814 2385; x_wconf 83' lang='lat' dir='ltr'><strong>Hic</strong></span> <span class='ocrx_word' id='word_1_271' title='bbox 1831 2333 1976 2386; x_wconf 89' lang='lat' dir='ltr'><strong>enim</strong></span> <span class='ocrx_word' id='word_1_272' title='bbox 1999 2349 2124 2389; x_wconf 89' lang='lat' dir='ltr'><strong>cum</strong></span> 
     </span>
    </p>
   </div>
   <div class='ocr_carea' id='block_1_39' title="bbox 543 2409 2126 2488">
    <p class='ocr_par' dir='ltr' id='par_1_39' title="bbox 543 2409 2126 2488">
     <span class='ocr_line' id='line_1_40' title="bbox 543 2409 2126 2488; baseline 0.011 -25"><span class='ocrx_word' id='word_1_273' title='bbox 543 2409 603 2482; x_wconf 63' lang='lat' dir='ltr'><strong>ip</strong></span> <span class='ocrx_word' id='word_1_274' title='bbox 644 2409 746 2464; x_wconf 88' lang='lat' dir='ltr'><strong>hac</strong></span> <span class='ocrx_word' id='word_1_275' title='bbox 785 2411 895 2465; x_wconf 88' lang='lat' dir='ltr'><strong>vita</strong></span> <span class='ocrx_word' id='word_1_276' title='bbox 927 2413 992 2466; x_wconf 91' lang='lat' dir='ltr'><strong>ad</strong></span> <span class='ocrx_word' id='word_1_277' title='bbox 1043 2414 1316 2482; x_wconf 85' lang='lat' dir='ltr'><strong>justitiam</strong></span> <span class='ocrx_word' id='word_1_278' title='bbox 1364 2420 1740 2488; x_wconf 87' lang='lat' dir='ltr'><strong>seminaverit,</strong></span> <span class='ocrx_word' id='word_1_279' title='bbox 1781 2430 1913 2479; x_wconf 90' lang='lat' dir='ltr'><strong>tunc</strong></span> <span class='ocrx_word' id='word_1_280' title='bbox 1956 2435 2126 2482; x_wconf 88' lang='lat' dir='ltr'><strong>metet</strong></span> 
     </span>
    </p>
   </div>
   <div class='ocr_carea' id='block_1_40' title="bbox 542 2499 2122 2586">
    <p class='ocr_par' dir='ltr' id='par_1_40' title="bbox 542 2499 2122 2586">
     <span class='ocr_line' id='line_1_41' title="bbox 542 2499 2122 2586; baseline 0.016 -38"><span class='ocrx_word' id='word_1_281' title='bbox 542 2500 668 2555; x_wconf 63' lang='lat' dir='ltr'><strong>vita:</strong></span> <span class='ocrx_word' id='word_1_282' title='bbox 697 2499 932 2559; x_wconf 77' lang='lat' dir='ltr'><strong>fructus.</strong></span> <span class='ocrx_word' id='word_1_283' title='bbox 962 2503 1095 2558; x_wconf 73' lang='lat' dir='ltr'><strong>Nam</strong></span> <span class='ocrx_word' id='word_1_284' title='bbox 1133 2506 1416 2576; x_wconf 82' lang='lat' dir='ltr'><strong>redemptio</strong></span> <span class='ocrx_word' id='word_1_285' title='bbox 1467 2513 1586 2577; x_wconf 83' lang='lat' dir='ltr'><strong>viri,</strong></span> <span class='ocrx_word' id='word_1_286' title='bbox 1621 2514 1698 2568; x_wconf 88' lang='lat' dir='ltr'><strong>ait</strong></span> <span class='ocrx_word' id='word_1_287' title='bbox 1754 2513 2004 2586; x_wconf 90' lang='lat' dir='ltr'><strong>Sapiens,</strong></span> <span class='ocrx_word' id='word_1_288' title='bbox 2035 2517 2122 2572; x_wconf 84' lang='lat' dir='ltr'><strong>di-</strong></span> 
     </span>
    </p>
   </div>
   <div class='ocr_carea' id='block_1_41' title="bbox 542 2591 2123 2666">
    <p class='ocr_par' dir='ltr' id='par_1_41' title="bbox 542 2591 2123 2666">
     <span class='ocr_line' id='line_1_42' title="bbox 542 2591 2123 2666; baseline 0.015 -23"><span class='ocrx_word' id='word_1_289' title='bbox 542 2591 683 2645; x_wconf 73' lang='lat' dir='ltr'><strong>vitia:</strong></span> <span class='ocrx_word' id='word_1_290' title='bbox 711 2592 826 2663; x_wconf 77' lang='lat' dir='ltr'><strong>ejus</strong></span> <span class='ocrx_word' id='word_1_291' title='bbox 845 2595 910 2649; x_wconf 83' lang='lat'><strong>&quot;.</strong></span> <span class='ocrx_word' id='word_1_292' title='bbox 944 2595 1048 2662; x_wconf 86' lang='lat' dir='ltr'><strong>Qui</strong></span> <span class='ocrx_word' id='word_1_293' title='bbox 1082 2608 1263 2654; x_wconf 90' lang='lat' dir='ltr'><strong>autem</strong></span> <span class='ocrx_word' id='word_1_294' title='bbox 1293 2616 1394 2657; x_wconf 90' lang='lat' dir='ltr'><strong>nec</strong></span> <span class='ocrx_word' id='word_1_295' title='bbox 1440 2603 1507 2659; x_wconf 89' lang='lat' dir='ltr'><strong>de</strong></span> <span class='ocrx_word' id='word_1_296' title='bbox 1549 2604 1755 2663; x_wconf 87' lang='lat' dir='ltr'><strong>divitiis</strong></span> <span class='ocrx_word' id='word_1_297' title='bbox 1798 2625 1900 2664; x_wconf 90' lang='lat' dir='ltr'><strong>nec</strong></span> <span class='ocrx_word' id='word_1_298' title='bbox 1930 2611 1998 2666; x_wconf 90' lang='lat' dir='ltr'><strong>de</strong></span> <span class='ocrx_word' id='word_1_299' title='bbox 2029 2626 2123 2666; x_wconf 86' lang='lat' dir='ltr'><strong>ro-</strong></span> 
     </span>
    </p>
   </div>
   <div class='ocr_carea' id='block_1_42' title="bbox 542 2682 2121 2767">
    <p class='ocr_par' dir='ltr' id='par_1_42' title="bbox 542 2682 2121 2767">
     <span class='ocr_line' id='line_1_43' title="bbox 542 2682 2121 2767; baseline 0.015 -31"><span class='ocrx_word' id='word_1_300' title='bbox 542 2682 675 2740; x_wconf 90' lang='lat' dir='ltr'><strong>bore</strong></span> <span class='ocrx_word' id='word_1_301' title='bbox 720 2689 971 2756; x_wconf 84' lang='lat' dir='ltr'><strong>corporis</strong></span> <span class='ocrx_word' id='word_1_302' title='bbox 1009 2693 1354 2760; x_wconf 87' lang='lat' dir='ltr'><strong>superbiunt.</strong></span> <span class='ocrx_word' id='word_1_303' title='bbox 1390 2697 1484 2752; x_wconf 88' lang='lat' dir='ltr'><strong>sed</strong></span> <span class='ocrx_word' id='word_1_304' title='bbox 1511 2710 1832 2767; x_wconf 62' lang='lat' dir='ltr'><strong>praesentem</strong></span> <span class='ocrx_word' id='word_1_305' title='bbox 1866 2703 2032 2758; x_wconf 88' lang='lat' dir='ltr'><strong>vitam</strong></span> <span class='ocrx_word' id='word_1_306' title='bbox 2068 2706 2121 2758; x_wconf 93' lang='lat' dir='ltr'><strong>in</strong></span> 
     </span>
    </p>
   </div>
   <div class='ocr_carea' id='block_1_43' title="bbox 543 2775 2124 2863">
    <p class='ocr_par' dir='ltr' id='par_1_43' title="bbox 543 2775 2124 2863">
     <span class='ocr_line' id='line_1_44' title="bbox 543 2775 2124 2863; baseline 0.013 -33"><span class='ocrx_word' id='word_1_307' title='bbox 543 2775 732 2834; x_wconf 86' lang='lat' dir='ltr'><strong>labore</strong></span> <span class='ocrx_word' id='word_1_308' title='bbox 761 2783 1094 2854; x_wconf 89' lang='lat' dir='ltr'><strong>transigunt,</strong></span> <span class='ocrx_word' id='word_1_309' title='bbox 1142 2787 1414 2855; x_wconf 87' lang='lat' dir='ltr'><strong>promissa</strong></span> <span class='ocrx_word' id='word_1_310' title='bbox 1441 2790 1552 2844; x_wconf 90' lang='lat' dir='ltr'><strong>vita</strong></span> <span class='ocrx_word' id='word_1_311' title='bbox 1595 2791 1983 2863; x_wconf 87' lang='lat' dir='ltr'><strong>dignabuntur.</strong></span> <span class='ocrx_word' id='word_1_312' title='bbox 2017 2793 2124 2851; x_wconf 90' lang='lat' dir='ltr'><strong>Pro</strong></span> 
     </span>
    </p>
   </div>
   <div class='ocr_carea' id='block_1_44' title="bbox 537 2868 2122 2956">
    <p class='ocr_par' dir='ltr' id='par_1_44' title="bbox 537 2868 2122 2956">
     <span class='ocr_line' id='line_1_45' title="bbox 537 2868 2122 2956; baseline 0.012 -33"><span class='ocrx_word' id='word_1_313' title='bbox 537 2868 660 2935; x_wconf 82' lang='lat' dir='ltr'><strong>illo,</strong></span> <span class='ocrx_word' id='word_1_314' title='bbox 699 2871 959 2929; x_wconf 86' lang='lat' dir='ltr'><strong>laboravit</strong></span> <span class='ocrx_word' id='word_1_315' title='bbox 1007 2877 1061 2932; x_wconf 89' lang='lat' dir='ltr'><strong>in</strong></span> <span class='ocrx_word' id='word_1_316' title='bbox 1111 2887 1388 2946; x_wconf 67' lang='lat' dir='ltr'><strong>veternum,</strong></span> <span class='ocrx_word' id='word_1_317' title='bbox 1431 2880 1817 2953; x_wconf 83' lang='lat' dir='ltr'><strong>Symmachus,</strong></span> <span class='ocrx_word' id='word_1_318' title='bbox 1850 2884 1940 2940; x_wconf 75' lang='lat' dir='ltr'><strong>sed</strong></span> <span class='ocrx_word' id='word_1_319' title='bbox 1977 2897 2122 2956; x_wconf 78' lang='lat' dir='ltr'><strong>post-</strong></span> 
     </span>
    </p>
   </div>
   <div class='ocr_carea' id='block_1_45' title="bbox 540 2968 2122 3050">
    <p class='ocr_par' dir='ltr' id='par_1_45' title="bbox 540 2968 2122 3050">
     <span class='ocr_line' id='line_1_46' title="bbox 540 2968 2122 3050; baseline 0.012 -35"><span class='ocrx_word' id='word_1_320' title='bbox 540 2978 702 3032; x_wconf 76' lang='lat' dir='ltr'><strong>quam</strong></span> <span class='ocrx_word' id='word_1_321' title='bbox 741 2968 993 3037; x_wconf 79' lang='lat' dir='ltr'><strong>requievit</strong></span> <span class='ocrx_word' id='word_1_322' title='bbox 1027 2972 1248 3036; x_wconf 68' lang='lat' dir='ltr'><strong>saeculo,</strong></span> <span class='ocrx_word' id='word_1_323' title='bbox 1290 2973 1462 3028; x_wconf 74' lang='lat' dir='ltr'><strong>vivens</strong></span> <span class='ocrx_word' id='word_1_324' title='bbox 1485 2975 1540 3029; x_wconf 87' lang='lat' dir='ltr'><strong>in</strong></span> <span class='ocrx_word' id='word_1_325' title='bbox 1561 2976 1816 3031; x_wconf 66' lang='lat' dir='ltr'><strong>sarculum</strong></span> <span class='ocrx_word' id='word_1_326' title='bbox 1847 2979 1971 3032; x_wconf 76' lang='lat' dir='ltr'><strong>talis</strong></span> <span class='ocrx_word' id='word_1_327' title='bbox 2003 2996 2122 3050; x_wconf 85' lang='lat' dir='ltr'><strong>per-</strong></span> 
     </span>
    </p>
   </div>
   <div class='ocr_carea' id='block_1_46' title="bbox 539 3054 2119 3138">
    <p class='ocr_par' dir='ltr' id='par_1_46' title="bbox 539 3054 2119 3138">
     <span class='ocr_line' id='line_1_47' title="bbox 539 3054 2119 3138; baseline 0.014 -31"><span class='ocrx_word' id='word_1_328' title='bbox 539 3054 787 3110; x_wconf 77' lang='lat' dir='ltr'><strong>manebit.</strong></span> <span class='ocrx_word' id='word_1_329' title='bbox 815 3056 916 3124; x_wconf 84' lang='lat' dir='ltr'><strong>Qui</strong></span> <span class='ocrx_word' id='word_1_330' title='bbox 949 3059 1160 3116; x_wconf 86' lang='lat' dir='ltr'><strong>laborat</strong></span> <span class='ocrx_word' id='word_1_331' title='bbox 1186 3063 1239 3116; x_wconf 88' lang='lat' dir='ltr'><strong>in</strong></span> <span class='ocrx_word' id='word_1_332' title='bbox 1269 3064 1432 3122; x_wconf 88' lang='lat' dir='ltr'><strong>rebus</strong></span> <span class='ocrx_word' id='word_1_333' title='bbox 1453 3067 1697 3138; x_wconf 82' lang='lat' dir='ltr'><strong>agendis,</strong></span> <span class='ocrx_word' id='word_1_334' title='bbox 1721 3070 1930 3126; x_wconf 86' lang='lat' dir='ltr'><strong>vivetin</strong></span> <span class='ocrx_word' id='word_1_335' title='bbox 1957 3071 2119 3128; x_wconf 82' lang='lat' dir='ltr'><strong>ﬁnem</strong></span> 
     </span>
    </p>
   </div>
   <div class='ocr_carea' id='block_1_47' title="bbox 531 3150 1064 3220">
    <p class='ocr_par' dir='ltr' id='par_1_47' title="bbox 531 3150 1064 3220">
     <span class='ocr_line' id='line_1_48' title="bbox 531 3150 1064 3220; baseline 0.013 -18"><span class='ocrx_word' id='word_1_336' title='bbox 531 3160 638 3215; x_wconf 65' lang='lat' dir='ltr'><strong>per</strong></span> <span class='ocrx_word' id='word_1_337' title='bbox 668 3150 1032 3220; x_wconf 87' lang='lat' dir='ltr'><strong>cognitionem</strong></span> <span class='ocrx_word' id='word_1_338' title='bbox 1051 3195 1064 3209; x_wconf 93' lang='lat'><strong>.</strong></span> 
     </span>
    </p>
   </div>
   <div class='ocr_carea' id='block_1_48' title="bbox 619 3323 2116 3416">
    <p class='ocr_par' dir='ltr' id='par_1_48' title="bbox 619 3323 2116 3416">
     <span class='ocr_line' id='line_1_49' title="bbox 619 3323 2116 3416; baseline 0.017 -38"><span class='ocrx_word' id='word_1_339' title='bbox 619 3323 779 3382; x_wconf 71' lang='lat' dir='ltr'><strong>Vsus.</strong></span> <span class='ocrx_word' id='word_1_340' title='bbox 812 3328 899 3391; x_wconf 83' lang='grc' dir='ltr'>Η,</span> <span class='ocrx_word' id='word_1_341' title='bbox 935 3329 1021 3386; x_wconf 72' lang='grc'><strong>12.</strong></span> <span class='ocrx_word' id='word_1_342' title='bbox 1059 3330 1127 3384; x_wconf 84' lang='lat' dir='ltr'><strong>Et</strong></span> <span class='ocrx_word' id='word_1_343' title='bbox 1159 3335 1449 3405; x_wconf 68' lang='lat' dir='ltr'><strong>relinquent</strong></span> <span class='ocrx_word' id='word_1_344' title='bbox 1497 3339 1685 3394; x_wconf 84' lang='lat' dir='ltr'><strong>alienis</strong></span> <span class='ocrx_word' id='word_1_345' title='bbox 1719 3341 1936 3400; x_wconf 76' lang='lat' dir='ltr'><strong>divitias</strong></span> <span class='ocrx_word' id='word_1_346' title='bbox 1969 3365 2116 3416; x_wconf 68' lang='lat' dir='ltr'><strong>suae,</strong></span> 
     </span>
    </p>
   </div>
   <div class='ocr_carea' id='block_1_49' title="bbox 538 3417 2122 3496">
    <p class='ocr_par' dir='ltr' id='par_1_49' title="bbox 538 3417 2122 3496">
     <span class='ocr_line' id='line_1_50' title="bbox 538 3417 2122 3496; baseline 0.016 -26"><span class='ocrx_word' id='word_1_347' title='bbox 538 3426 589 3471; x_wconf 89' lang='lat' dir='ltr'><strong>et</strong></span> <span class='ocrx_word' id='word_1_348' title='bbox 612 3417 856 3486; x_wconf 83' lang='lat' dir='ltr'><strong>sepulcra</strong></span> <span class='ocrx_word' id='word_1_349' title='bbox 885 3435 1065 3474; x_wconf 81' lang='lat' dir='ltr'><strong>eorum</strong></span> <span class='ocrx_word' id='word_1_350' title='bbox 1099 3421 1285 3478; x_wconf 80' lang='lat' dir='ltr'><strong>domus</strong></span> <span class='ocrx_word' id='word_1_351' title='bbox 1326 3425 1542 3482; x_wconf 88' lang='lat' dir='ltr'><strong>illorum</strong></span> <span class='ocrx_word' id='word_1_352' title='bbox 1577 3429 1632 3484; x_wconf 91' lang='lat' dir='ltr'><strong>in</strong></span> <span class='ocrx_word' id='word_1_353' title='bbox 1663 3441 1939 3492; x_wconf 59' lang='lat' dir='ltr'><strong>veternum.</strong></span> <span class='ocrx_word' id='word_1_354' title='bbox 1967 3437 2122 3496; x_wconf 77' lang='lat' dir='ltr'><strong>Alius</strong></span> 
     </span>
    </p>
   </div>
   <div class='ocr_carea' id='block_1_50' title="bbox 540 3503 2118 3595">
    <p class='ocr_par' dir='ltr' id='par_1_50' title="bbox 540 3503 2118 3595">
     <span class='ocr_line' id='line_1_51' title="bbox 540 3503 2118 3595; baseline 0.018 -38"><span class='ocrx_word' id='word_1_355' title='bbox 540 3506 617 3558; x_wconf 88' lang='lat' dir='ltr'><strong>ait</strong></span> <span class='ocrx_word' id='word_1_356' title='bbox 648 3522 662 3558; x_wconf 92' lang='lat'><strong>:</strong></span> <span class='ocrx_word' id='word_1_357' title='bbox 695 3503 1026 3577; x_wconf 83' lang='lat' dir='ltr'><strong>Relinquent</strong></span> <span class='ocrx_word' id='word_1_358' title='bbox 1080 3510 1276 3567; x_wconf 88' lang='lat' dir='ltr'><strong>alienis</strong></span> <span class='ocrx_word' id='word_1_359' title='bbox 1309 3513 1530 3571; x_wconf 87' lang='lat' dir='ltr'><strong>divitias</strong></span> <span class='ocrx_word' id='word_1_360' title='bbox 1559 3531 1781 3575; x_wconf 80' lang='lat' dir='ltr'><strong>sensum</strong></span> <span class='ocrx_word' id='word_1_361' title='bbox 1814 3537 2118 3595; x_wconf 87' lang='lat' dir='ltr'><strong>moventes,</strong></span> 
     </span>
    </p>
   </div>
   <div class='ocr_carea' id='block_1_51' title="bbox 537 3597 2122 3686">
    <p class='ocr_par' dir='ltr' id='par_1_51' title="bbox 537 3597 2122 3686">
     <span class='ocr_line' id='line_1_52' title="bbox 537 3597 2122 3686; baseline 0.016 -35"><span class='ocrx_word' id='word_1_362' title='bbox 537 3597 758 3653; x_wconf 84' lang='lat' dir='ltr'><strong>divitias</strong></span> <span class='ocrx_word' id='word_1_363' title='bbox 776 3600 1007 3656; x_wconf 90' lang='lat' dir='ltr'><strong>sensiles</strong></span> <span class='ocrx_word' id='word_1_364' title='bbox 1029 3618 1179 3670; x_wconf 84' lang='lat' dir='ltr'><strong>suas,</strong></span> <span class='ocrx_word' id='word_1_365' title='bbox 1203 3619 1417 3660; x_wconf 90' lang='lat' dir='ltr'><strong>necnon</strong></span> <span class='ocrx_word' id='word_1_366' title='bbox 1450 3623 1565 3674; x_wconf 90' lang='lat' dir='ltr'><strong>eas,</strong></span> <span class='ocrx_word' id='word_1_367' title='bbox 1594 3625 1733 3681; x_wconf 88' lang='lat' dir='ltr'><strong>quas</strong></span> <span class='ocrx_word' id='word_1_368' title='bbox 1757 3617 1963 3686; x_wconf 91' lang='lat' dir='ltr'><strong>scripto</strong></span> <span class='ocrx_word' id='word_1_369' title='bbox 1987 3635 2122 3675; x_wconf 88' lang='lat' dir='ltr'><strong>con-</strong></span> 
     </span>
    </p>
   </div>
   <div class='ocr_carea' id='block_1_52' title="bbox 539 3687 2122 3768">
    <p class='ocr_par' dir='ltr' id='par_1_52' title="bbox 539 3687 2122 3768">
     <span class='ocr_line' id='line_1_53' title="bbox 539 3687 2122 3768; baseline 0.014 -29"><span class='ocrx_word' id='word_1_370' title='bbox 539 3687 784 3757; x_wconf 88' lang='lat' dir='ltr'><strong>signatas</strong></span> <span class='ocrx_word' id='word_1_371' title='bbox 812 3688 1036 3744; x_wconf 88' lang='lat' dir='ltr'><strong>habent.</strong></span> <span class='ocrx_word' id='word_1_372' title='bbox 1065 3689 1284 3746; x_wconf 89' lang='lat' dir='ltr'><strong>Nullum</strong></span> <span class='ocrx_word' id='word_1_373' title='bbox 1306 3695 1506 3766; x_wconf 91' lang='lat' dir='ltr'><strong>quippe</strong></span> <span class='ocrx_word' id='word_1_374' title='bbox 1529 3714 1593 3752; x_wconf 81' lang='lat' dir='ltr'><strong>ex</strong></span> <span class='ocrx_word' id='word_1_375' title='bbox 1627 3699 1760 3768; x_wconf 89' lang='lat' dir='ltr'><strong>ipsis</strong></span> <span class='ocrx_word' id='word_1_376' title='bbox 1784 3704 2122 3761; x_wconf 87' lang='lat' dir='ltr'><strong>emolumen-</strong></span> 
     </span>
    </p>
   </div>
   <div class='ocr_carea' id='block_1_53' title="bbox 540 3781 2120 3869">
    <p class='ocr_par' dir='ltr' id='par_1_53' title="bbox 540 3781 2120 3869">
     <span class='ocr_line' id='line_1_54' title="bbox 540 3781 2120 3869; baseline 0.013 -36"><span class='ocrx_word' id='word_1_377' title='bbox 540 3789 655 3834; x_wconf 76' lang='lat' dir='ltr'><strong>tlIn</strong></span> <span class='ocrx_word' id='word_1_378' title='bbox 711 3781 1013 3852; x_wconf 86' lang='lat' dir='ltr'><strong>percipient</strong></span> <span class='ocrx_word' id='word_1_379' title='bbox 1054 3783 1108 3837; x_wconf 89' lang='lat' dir='ltr'><strong>in</strong></span> <span class='ocrx_word' id='word_1_380' title='bbox 1164 3784 1254 3841; x_wconf 82' lang='lat' dir='ltr'><strong>die</strong></span> <span class='ocrx_word' id='word_1_381' title='bbox 1291 3787 1510 3856; x_wconf 84' lang='lat' dir='ltr'><strong>judicii.</strong></span> <span class='ocrx_word' id='word_1_382' title='bbox 1554 3789 1873 3847; x_wconf 81' lang='lat' dir='ltr'><strong>Abducctur</strong></span> <span class='ocrx_word' id='word_1_383' title='bbox 1919 3798 2120 3869; x_wconf 79' lang='lat' dir='ltr'><strong>quippe</strong></span> 
     </span>
    </p>
   </div>
   <div class='ocr_carea' id='block_1_54' title="bbox 537 3873 2114 3957">
    <p class='ocr_par' dir='ltr' id='par_1_54' title="bbox 537 3873 2114 3957">
     <span class='ocr_line' id='line_1_55' title="bbox 537 3873 2114 3957; baseline 0.012 -32"><span class='ocrx_word' id='word_1_384' title='bbox 537 3873 718 3927; x_wconf 87' lang='lat' dir='ltr'><strong>anima</strong></span> <span class='ocrx_word' id='word_1_385' title='bbox 743 3889 955 3939; x_wconf 88' lang='lat' dir='ltr'><strong>eorum,</strong></span> <span class='ocrx_word' id='word_1_386' title='bbox 977 3874 1111 3929; x_wconf 90' lang='lat' dir='ltr'><strong>nihil</strong></span> <span class='ocrx_word' id='word_1_387' title='bbox 1132 3875 1280 3931; x_wconf 90' lang='lat' dir='ltr'><strong>aliud</strong></span> <span class='ocrx_word' id='word_1_388' title='bbox 1304 3877 1538 3936; x_wconf 75' lang='lat' dir='ltr'><strong>all‘erens</strong></span> <span class='ocrx_word' id='word_1_389' title='bbox 1562 3893 1756 3951; x_wconf 63' lang='lat' dir='ltr'><strong>praeter</strong></span> <span class='ocrx_word' id='word_1_390' title='bbox 1784 3889 2114 3957; x_wconf 85' lang='lat' dir='ltr'><strong>sepulcrum;</strong></span> 
     </span>
    </p>
   </div>
   <div class='ocr_carea' id='block_1_55' title="bbox 534 3963 2115 4046">
    <p class='ocr_par' dir='ltr' id='par_1_55' title="bbox 534 3963 2115 4046">
     <span class='ocr_line' id='line_1_56' title="bbox 534 3963 2115 4046; baseline 0.013 -31"><span class='ocrx_word' id='word_1_391' title='bbox 534 3963 790 4020; x_wconf 83' lang='lat' dir='ltr'><strong>videlicet</strong></span> <span class='ocrx_word' id='word_1_392' title='bbox 833 3981 1055 4036; x_wconf 89' lang='lat' dir='ltr'><strong>corpus,</strong></span> <span class='ocrx_word' id='word_1_393' title='bbox 1107 3975 1160 4022; x_wconf 91' lang='lat' dir='ltr'><strong>et</strong></span> <span class='ocrx_word' id='word_1_394' title='bbox 1209 3971 1618 4040; x_wconf 86' lang='lat' dir='ltr'><strong>corruptionem</strong></span> <span class='ocrx_word' id='word_1_395' title='bbox 1667 3976 1720 4028; x_wconf 92' lang='lat' dir='ltr'><strong>in</strong></span> <span class='ocrx_word' id='word_1_396' title='bbox 1765 3994 1871 4046; x_wconf 90' lang='lat' dir='ltr'><strong>qua</strong></span> <span class='ocrx_word' id='word_1_397' title='bbox 1915 3996 2014 4036; x_wconf 86' lang='lat' dir='ltr'><strong>ceu</strong></span> <span class='ocrx_word' id='word_1_398' title='bbox 2063 3983 2115 4036; x_wconf 94' lang='lat' dir='ltr'><strong>in</strong></span> 
     </span>
    </p>
   </div>
   <div class='ocr_carea' id='block_1_56' title="bbox 537 4055 2114 4139">
    <p class='ocr_par' dir='ltr' id='par_1_56' title="bbox 537 4055 2114 4139">
     <span class='ocr_line' id='line_1_57' title="bbox 537 4055 2114 4139; baseline 0.013 -31"><span class='ocrx_word' id='word_1_399' title='bbox 537 4055 791 4123; x_wconf 87' lang='lat' dir='ltr'><strong>sepulcro</strong></span> <span class='ocrx_word' id='word_1_400' title='bbox 812 4055 1032 4112; x_wconf 80' lang='lat' dir='ltr'><strong>defossa</strong></span> <span class='ocrx_word' id='word_1_401' title='bbox 1055 4067 1159 4114; x_wconf 90' lang='lat' dir='ltr'><strong>est.</strong></span> <span class='ocrx_word' id='word_1_402' title='bbox 1186 4058 1251 4113; x_wconf 88' lang='lat' dir='ltr'><strong>Et</strong></span> <span class='ocrx_word' id='word_1_403' title='bbox 1277 4061 1414 4117; x_wconf 88' lang='lat' dir='ltr'><strong>alias</strong></span> <span class='ocrx_word' id='word_1_404' title='bbox 1445 4078 1511 4118; x_wconf 85' lang='lat' dir='ltr'><strong>ex</strong></span> <span class='ocrx_word' id='word_1_405' title='bbox 1547 4068 1784 4124; x_wconf 89' lang='lat' dir='ltr'><strong>terrenis</strong></span> <span class='ocrx_word' id='word_1_406' title='bbox 1806 4073 2114 4139; x_wconf 90' lang='lat' dir='ltr'><strong>possessio-</strong></span> 
     </span>
    </p>
   </div>
   <div class='ocr_carea' id='block_1_57' title="bbox 537 4146 2117 4225">
    <p class='ocr_par' dir='ltr' id='par_1_57' title="bbox 537 4146 2117 4225">
     <span class='ocr_line' id='line_1_58' title="bbox 537 4146 2117 4225; baseline 0.013 -28"><span class='ocrx_word' id='word_1_407' title='bbox 537 4146 700 4202; x_wconf 81' lang='lat' dir='ltr'><strong>nibus</strong></span> <span class='ocrx_word' id='word_1_408' title='bbox 733 4146 904 4202; x_wconf 90' lang='lat' dir='ltr'><strong>nihilo</strong></span> <span class='ocrx_word' id='word_1_409' title='bbox 933 4150 1056 4218; x_wconf 89' lang='lat' dir='ltr'><strong>plus</strong></span> <span class='ocrx_word' id='word_1_410' title='bbox 1091 4149 1292 4205; x_wconf 82' lang='lat' dir='ltr'><strong>referet</strong></span> <span class='ocrx_word' id='word_1_411' title='bbox 1321 4152 1594 4222; x_wconf 89' lang='lat' dir='ltr'><strong>quispiam</strong></span> <span class='ocrx_word' id='word_1_412' title='bbox 1635 4171 1796 4225; x_wconf 89' lang='lat' dir='ltr'><strong>quam</strong></span> <span class='ocrx_word' id='word_1_413' title='bbox 1822 4159 1998 4214; x_wconf 90' lang='lat' dir='ltr'><strong>locum</strong></span> <span class='ocrx_word' id='word_1_414' title='bbox 2036 4179 2117 4219; x_wconf 90' lang='lat' dir='ltr'><strong>se-</strong></span> 
     </span>
    </p>
   </div>
   <div class='ocr_carea' id='block_1_58' title="bbox 535 4239 2116 4323">
    <p class='ocr_par' dir='ltr' id='par_1_58' title="bbox 535 4239 2116 4323">
     <span class='ocr_line' id='line_1_59' title="bbox 535 4239 2116 4323; baseline 0.013 -32"><span class='ocrx_word' id='word_1_415' title='bbox 535 4239 733 4314; x_wconf 70' lang='lat' dir='ltr'><strong>puicri,</strong></span> <span class='ocrx_word' id='word_1_416' title='bbox 765 4241 822 4294; x_wconf 92' lang='lat' dir='ltr'><strong>in</strong></span> <span class='ocrx_word' id='word_1_417' title='bbox 860 4257 969 4312; x_wconf 92' lang='lat' dir='ltr'><strong>quo</strong></span> <span class='ocrx_word' id='word_1_418' title='bbox 1012 4251 1134 4313; x_wconf 88' lang='lat' dir='ltr'><strong>post</strong></span> <span class='ocrx_word' id='word_1_419' title='bbox 1165 4252 1394 4301; x_wconf 87' lang='lat' dir='ltr'><strong>mortem</strong></span> <span class='ocrx_word' id='word_1_420' title='bbox 1441 4248 1646 4316; x_wconf 89' lang='lat' dir='ltr'><strong>jacebit</strong></span> <span class='ocrx_word' id='word_1_421' title='bbox 1677 4265 1993 4323; x_wconf 90' lang='lat' dir='ltr'><strong>corruptum</strong></span> <span class='ocrx_word' id='word_1_422' title='bbox 2022 4273 2116 4312; x_wconf 88' lang='lat' dir='ltr'><strong>ca-</strong></span> 
     </span>
    </p>
   </div>
   <div class='ocr_carea' id='block_1_59' title="bbox 534 4330 2111 4416">
    <p class='ocr_par' dir='ltr' id='par_1_59' title="bbox 534 4330 2111 4416">
     <span class='ocr_line' id='line_1_60' title="bbox 534 4330 2111 4416; baseline 0.011 -28"><span class='ocrx_word' id='word_1_423' title='bbox 534 4330 722 4388; x_wconf 88' lang='lat' dir='ltr'><strong>daver.</strong></span> <span class='ocrx_word' id='word_1_424' title='bbox 757 4331 1133 4389; x_wconf 87' lang='lat' dir='ltr'><strong>Tabernacula</strong></span> <span class='ocrx_word' id='word_1_425' title='bbox 1175 4347 1358 4395; x_wconf 88' lang='lat' dir='ltr'><strong>autem</strong></span> <span class='ocrx_word' id='word_1_426' title='bbox 1401 4356 1614 4408; x_wconf 90' lang='lat' dir='ltr'><strong>eorum,</strong></span> <span class='ocrx_word' id='word_1_427' title='bbox 1644 4345 1700 4398; x_wconf 85' lang='lat' dir='ltr'><strong>in</strong></span> <span class='ocrx_word' id='word_1_428' title='bbox 1744 4347 1946 4416; x_wconf 89' lang='lat' dir='ltr'><strong>quibus</strong></span> <span class='ocrx_word' id='word_1_429' title='bbox 1986 4365 2111 4405; x_wconf 92' lang='lat' dir='ltr'><strong>cum</strong></span> 
     </span>
    </p>
   </div>
   <div class='ocr_carea' id='block_1_60' title="bbox 534 4422 2114 4499">
    <p class='ocr_par' dir='ltr' id='par_1_60' title="bbox 534 4422 2114 4499">
     <span class='ocr_line' id='line_1_61' title="bbox 534 4422 2114 4499; baseline 0.014 -24"><span class='ocrx_word' id='word_1_430' title='bbox 534 4422 716 4478; x_wconf 87' lang='lat' dir='ltr'><strong>adhuc</strong></span> <span class='ocrx_word' id='word_1_431' title='bbox 746 4422 803 4479; x_wconf 90' lang='lat' dir='ltr'><strong>in</strong></span> <span class='ocrx_word' id='word_1_432' title='bbox 844 4424 982 4482; x_wconf 87' lang='lat' dir='ltr'><strong>vivis</strong></span> <span class='ocrx_word' id='word_1_433' title='bbox 1031 4437 1218 4483; x_wconf 91' lang='lat' dir='ltr'><strong>essent</strong></span> <span class='ocrx_word' id='word_1_434' title='bbox 1264 4431 1609 4499; x_wconf 88' lang='lat' dir='ltr'><strong>habitabant,</strong></span> <span class='ocrx_word' id='word_1_435' title='bbox 1655 4435 1722 4490; x_wconf 90' lang='lat' dir='ltr'><strong>ad</strong></span> <span class='ocrx_word' id='word_1_436' title='bbox 1768 4438 1982 4496; x_wconf 87' lang='lat' dir='ltr'><strong>alienos</strong></span> <span class='ocrx_word' id='word_1_437' title='bbox 2031 4458 2114 4497; x_wconf 88' lang='lat' dir='ltr'><strong>ve-</strong></span> 
     </span>
    </p>
   </div>
   <div class='ocr_carea' id='block_1_61' title="bbox 532 4514 2111 4601">
    <p class='ocr_par' dir='ltr' id='par_1_61' title="bbox 532 4514 2111 4601">
     <span class='ocr_line' id='line_1_62' title="bbox 532 4514 2111 4601; baseline 0.013 -31"><span class='ocrx_word' id='word_1_438' title='bbox 532 4514 704 4580; x_wconf 90' lang='lat' dir='ltr'><strong>nient,</strong></span> <span class='ocrx_word' id='word_1_439' title='bbox 732 4523 788 4572; x_wconf 89' lang='lat' dir='ltr'><strong>et</strong></span> <span class='ocrx_word' id='word_1_440' title='bbox 828 4516 1116 4574; x_wconf 89' lang='lat' dir='ltr'><strong>tradentur</strong></span> <span class='ocrx_word' id='word_1_441' title='bbox 1158 4521 1215 4575; x_wconf 91' lang='lat' dir='ltr'><strong>in</strong></span> <span class='ocrx_word' id='word_1_442' title='bbox 1259 4526 1666 4594; x_wconf 88' lang='lat' dir='ltr'><strong>generationem</strong></span> <span class='ocrx_word' id='word_1_443' title='bbox 1705 4537 1760 4585; x_wconf 90' lang='lat' dir='ltr'><strong>et</strong></span> <span class='ocrx_word' id='word_1_444' title='bbox 1805 4536 2111 4601; x_wconf 58' lang='lat' dir='ltr'><strong>generatio-</strong></span> 
     </span>
    </p>
   </div>
   <div class='ocr_carea' id='block_1_62' title="bbox 518 4623 677 4662">
    <p class='ocr_par' dir='ltr' id='par_1_62' title="bbox 518 4623 677 4662">
     <span class='ocr_line' id='line_1_63' title="bbox 518 4623 677 4662; baseline 0 -2"><span class='ocrx_word' id='word_1_445' title='bbox 518 4623 677 4662; x_wconf 80' lang='lat' dir='ltr'><strong>:nem.</strong></span> 
     </span>
    </p>
   </div>
   <div class='ocr_carea' id='block_1_63' title="bbox 608 4698 2108 4782">
    <p class='ocr_par' dir='ltr' id='par_1_63' title="bbox 608 4698 2108 4782">
     <span class='ocr_line' id='line_1_64' title="bbox 608 4698 2108 4782; baseline 0.013 -29"><span class='ocrx_word' id='word_1_446' title='bbox 608 4698 771 4756; x_wconf 74' lang='lat' dir='ltr'><strong>Vens.</strong></span> <span class='ocrx_word' id='word_1_447' title='bbox 800 4702 889 4757; x_wconf 79' lang='grc'><strong>15.</strong></span> <span class='ocrx_word' id='word_1_448' title='bbox 925 4701 1074 4758; x_wconf 85' lang='lat' dir='ltr'><strong>Sicut</strong></span> <span class='ocrx_word' id='word_1_449' title='bbox 1094 4723 1208 4761; x_wconf 86' lang='lat' dir='ltr'><strong>oves</strong></span> <span class='ocrx_word' id='word_1_450' title='bbox 1242 4707 1300 4762; x_wconf 87' lang='lat' dir='ltr'><strong>in</strong></span> <span class='ocrx_word' id='word_1_451' title='bbox 1339 4709 1545 4779; x_wconf 78' lang='lat' dir='ltr'><strong>inferno</strong></span> <span class='ocrx_word' id='word_1_452' title='bbox 1577 4715 1737 4782; x_wconf 80' lang='lat' dir='ltr'><strong>positi</strong></span> <span class='ocrx_word' id='word_1_453' title='bbox 1777 4726 1922 4782; x_wconf 79' lang='lat' dir='ltr'><strong>sunt,</strong></span> <span class='ocrx_word' id='word_1_454' title='bbox 1967 4734 2108 4772; x_wconf 77' lang='lat' dir='ltr'><strong>mors</strong></span> 
     </span>
    </p>
   </div>
   <div class='ocr_carea' id='block_1_64' title="bbox 517 4791 2111 4876">
    <p class='ocr_par' dir='ltr' id='par_1_64' title="bbox 517 4791 2111 4876">
     <span class='ocr_line' id='line_1_65' title="bbox 517 4791 2111 4876; baseline 0.014 -33"><span class='ocrx_word' id='word_1_455' title='bbox 517 4791 770 4860; x_wconf 37' lang='lat' dir='ltr'><strong>Idepascet</strong></span> <span class='ocrx_word' id='word_1_456' title='bbox 803 4811 912 4852; x_wconf 84' lang='lat' dir='ltr'><strong>eos.</strong></span> <span class='ocrx_word' id='word_1_457' title='bbox 943 4796 1078 4851; x_wconf 82' lang='lat' dir='ltr'><strong>Cum</strong></span> <span class='ocrx_word' id='word_1_458' title='bbox 1103 4797 1334 4857; x_wconf 82' lang='lat' dir='ltr'><strong>dixisset</strong></span> <span class='ocrx_word' id='word_1_459' title='bbox 1359 4817 1422 4858; x_wconf 86' lang='lat' dir='ltr'><strong>ea</strong></span> <span class='ocrx_word' id='word_1_460' title='bbox 1455 4820 1575 4874; x_wconf 74' lang='lat' dir='ltr'><strong>qua:</strong></span> <span class='ocrx_word' id='word_1_461' title='bbox 1600 4805 1784 4876; x_wconf 87' lang='lat' dir='ltr'><strong>impiis</strong></span> <span class='ocrx_word' id='word_1_462' title='bbox 1809 4817 1934 4865; x_wconf 92' lang='lat' dir='ltr'><strong>ante</strong></span> <span class='ocrx_word' id='word_1_463' title='bbox 1963 4825 2111 4866; x_wconf 89' lang='lat' dir='ltr'><strong>mor-</strong></span> 
     </span>
    </p>
   </div>
   <div class='ocr_carea' id='block_1_65' title="bbox 532 4886 2106 4976">
    <p class='ocr_par' dir='ltr' id='par_1_65' title="bbox 532 4886 2106 4976">
     <span class='ocr_line' id='line_1_66' title="bbox 532 4886 2106 4976; baseline 0.013 -37"><span class='ocrx_word' id='word_1_464' title='bbox 532 4894 636 4940; x_wconf 91' lang='lat' dir='ltr'><strong>tem</strong></span> <span class='ocrx_word' id='word_1_465' title='bbox 665 4886 971 4943; x_wconf 88' lang='lat' dir='ltr'><strong>obventura</strong></span> <span class='ocrx_word' id='word_1_466' title='bbox 998 4898 1159 4958; x_wconf 92' lang='lat' dir='ltr'><strong>sunt;</strong></span> <span class='ocrx_word' id='word_1_467' title='bbox 1183 4909 1328 4950; x_wconf 91' lang='lat' dir='ltr'><strong>nunc</strong></span> <span class='ocrx_word' id='word_1_468' title='bbox 1351 4896 1536 4966; x_wconf 92' lang='lat' dir='ltr'><strong>qualia</strong></span> <span class='ocrx_word' id='word_1_469' title='bbox 1565 4898 1620 4954; x_wconf 91' lang='lat' dir='ltr'><strong>in</strong></span> <span class='ocrx_word' id='word_1_470' title='bbox 1642 4899 1858 4959; x_wconf 81' lang='lat' dir='ltr'><strong>inferno</strong></span> <span class='ocrx_word' id='word_1_471' title='bbox 1885 4905 2106 4976; x_wconf 87' lang='lat' dir='ltr'><strong>passuri</strong></span> 
     </span>
    </p>
   </div>
   <div class='ocr_carea' id='block_1_66' title="bbox 530 4978 2105 5068">
    <p class='ocr_par' dir='ltr' id='par_1_66' title="bbox 530 4978 2105 5068">
     <span class='ocr_line' id='line_1_67' title="bbox 530 4978 2105 5068; baseline 0.012 -34"><span class='ocrx_word' id='word_1_472' title='bbox 530 4978 642 5034; x_wconf 89' lang='lat' dir='ltr'><strong>sint</strong></span> <span class='ocrx_word' id='word_1_473' title='bbox 663 4980 933 5036; x_wconf 91' lang='lat' dir='ltr'><strong>enuntiat.</strong></span> <span class='ocrx_word' id='word_1_474' title='bbox 968 4981 1103 5037; x_wconf 88' lang='lat' dir='ltr'><strong>Nam</strong></span> <span class='ocrx_word' id='word_1_475' title='bbox 1138 5000 1336 5056; x_wconf 91' lang='lat' dir='ltr'><strong>pecora</strong></span> <span class='ocrx_word' id='word_1_476' title='bbox 1369 4991 1566 5046; x_wconf 91' lang='lat' dir='ltr'><strong>mortis</strong></span> <span class='ocrx_word' id='word_1_477' title='bbox 1591 5001 1777 5060; x_wconf 90' lang='lat' dir='ltr'><strong>erunt,</strong></span> <span class='ocrx_word' id='word_1_478' title='bbox 1797 5004 1851 5051; x_wconf 91' lang='lat' dir='ltr'><strong>et</strong></span> <span class='ocrx_word' id='word_1_479' title='bbox 1883 4997 1954 5052; x_wconf 91' lang='lat' dir='ltr'><strong>ab</strong></span> <span class='ocrx_word' id='word_1_480' title='bbox 1986 4998 2105 5068; x_wconf 90' lang='lat' dir='ltr'><strong>ipsa</strong></span> 
     </span>
    </p>
   </div>
   <div class='ocr_carea' id='block_1_67' title="bbox 525 5075 2106 5154">
    <p class='ocr_par' dir='ltr' id='par_1_67' title="bbox 525 5075 2106 5154">
     <span class='ocr_line' id='line_1_68' title="bbox 525 5075 2106 5154; baseline 0.011 -29"><span class='ocrx_word' id='word_1_481' title='bbox 525 5081 846 5142; x_wconf 89' lang='lat' dir='ltr'><strong>pascentur.</strong></span> <span class='ocrx_word' id='word_1_482' title='bbox 901 5075 1214 5130; x_wconf 89' lang='lat' dir='ltr'><strong>Secundum</strong></span> <span class='ocrx_word' id='word_1_483' title='bbox 1269 5077 1656 5150; x_wconf 84' lang='lat' dir='ltr'><strong>Symmachum</strong></span> <span class='ocrx_word' id='word_1_484' title='bbox 1705 5095 1916 5154; x_wconf 89' lang='lat' dir='ltr'><strong>autem,</strong></span> <span class='ocrx_word' id='word_1_485' title='bbox 1968 5090 2106 5143; x_wconf 83' lang='lat' dir='ltr'><strong>sicut</strong></span> 
     </span>
    </p>
   </div>
   <div class='ocr_carea' id='block_1_68' title="bbox 529 5165 2104 5236">
    <p class='ocr_par' dir='ltr' id='par_1_68' title="bbox 529 5165 2104 5236">
     <span class='ocr_line' id='line_1_69' title="bbox 529 5165 2104 5236; baseline 0.012 -20"><span class='ocrx_word' id='word_1_486' title='bbox 529 5179 720 5233; x_wconf 82' lang='lat' dir='ltr'><strong>pecora</strong></span> <span class='ocrx_word' id='word_1_487' title='bbox 760 5165 956 5236; x_wconf 82' lang='lat' dir='ltr'><strong>inferni</strong></span> <span class='ocrx_word' id='word_1_488' title='bbox 995 5183 1106 5222; x_wconf 74' lang='lat' dir='ltr'><strong>sese</strong></span> <span class='ocrx_word' id='word_1_489' title='bbox 1153 5172 1559 5231; x_wconf 82' lang='lat' dir='ltr'><strong>constituerunt.</strong></span> <span class='ocrx_word' id='word_1_490' title='bbox 1609 5173 1915 5234; x_wconf 87' lang='lat' dir='ltr'><strong>Noluerunt</strong></span> <span class='ocrx_word' id='word_1_491' title='bbox 1959 5181 2104 5236; x_wconf 87' lang='lat' dir='ltr'><strong>enim</strong></span> 
     </span>
    </p>
   </div>
   <div class='ocr_carea' id='block_1_69' title="bbox 532 5255 2105 5341">
    <p class='ocr_par' dir='ltr' id='par_1_69' title="bbox 532 5255 2105 5341">
     <span class='ocr_line' id='line_1_70' title="bbox 532 5255 2105 5341; baseline 0.011 -30"><span class='ocrx_word' id='word_1_492' title='bbox 532 5255 638 5311; x_wconf 85' lang='lat' dir='ltr'><strong>sub</strong></span> <span class='ocrx_word' id='word_1_493' title='bbox 669 5258 816 5312; x_wconf 87' lang='lat' dir='ltr'><strong>bono</strong></span> <span class='ocrx_word' id='word_1_494' title='bbox 849 5269 1066 5328; x_wconf 88' lang='lat' dir='ltr'><strong>pastore</strong></span> <span class='ocrx_word' id='word_1_495' title='bbox 1094 5262 1388 5331; x_wconf 88' lang='lat' dir='ltr'><strong>constitui;</strong></span> <span class='ocrx_word' id='word_1_496' title='bbox 1415 5273 1578 5337; x_wconf 90' lang='lat' dir='ltr'><strong>atque</strong></span> <span class='ocrx_word' id='word_1_497' title='bbox 1599 5266 1722 5324; x_wconf 91' lang='lat' dir='ltr'><strong>ideo</strong></span> <span class='ocrx_word' id='word_1_498' title='bbox 1739 5285 1936 5341; x_wconf 79' lang='lat' dir='ltr'><strong>pecora</strong></span> <span class='ocrx_word' id='word_1_499' title='bbox 1960 5288 2105 5328; x_wconf 83' lang='lat' dir='ltr'><strong>mor-</strong></span> 
     </span>
    </p>
   </div>
   <div class='ocr_carea' id='block_1_70' title="bbox 525 5348 2099 5429">
    <p class='ocr_par' dir='ltr' id='par_1_70' title="bbox 525 5348 2099 5429">
     <span class='ocr_line' id='line_1_71' title="bbox 525 5348 2099 5429; baseline 0.011 -27"><span class='ocrx_word' id='word_1_500' title='bbox 525 5349 601 5405; x_wconf 83' lang='lat' dir='ltr'><strong>tis</strong></span> <span class='ocrx_word' id='word_1_501' title='bbox 644 5348 824 5405; x_wconf 77' lang='lat' dir='ltr'><strong>effecti</strong></span> <span class='ocrx_word' id='word_1_502' title='bbox 860 5359 987 5406; x_wconf 88' lang='lat' dir='ltr'><strong>sunt</strong></span> <span class='ocrx_word' id='word_1_503' title='bbox 1029 5368 1051 5422; x_wconf 25' lang='grc' dir='ltr'>ι,</span> <span class='ocrx_word' id='word_1_504' title='bbox 1092 5361 1254 5424; x_wconf 92' lang='lat' dir='ltr'><strong>atque</strong></span> <span class='ocrx_word' id='word_1_505' title='bbox 1312 5357 1437 5412; x_wconf 92' lang='lat' dir='ltr'><strong>illos</strong></span> <span class='ocrx_word' id='word_1_506' title='bbox 1485 5359 1704 5429; x_wconf 89' lang='lat' dir='ltr'><strong>quidem</strong></span> <span class='ocrx_word' id='word_1_507' title='bbox 1761 5363 1996 5420; x_wconf 87' lang='lat' dir='ltr'><strong>abducet</strong></span> <span class='ocrx_word' id='word_1_508' title='bbox 2043 5365 2099 5419; x_wconf 88' lang='lat' dir='ltr'><strong>in</strong></span> 
     </span>
    </p>
   </div>
   <div class='ocr_carea' id='block_1_71' title="bbox 527 5440 2098 5520">
    <p class='ocr_par' dir='ltr' id='par_1_71' title="bbox 527 5440 2098 5520">
     <span class='ocr_line' id='line_1_72' title="bbox 527 5440 2098 5520; baseline 0.01 -26"><span class='ocrx_word' id='word_1_509' title='bbox 527 5440 706 5511; x_wconf 84' lang='lat' dir='ltr'><strong>ignem</strong></span> <span class='ocrx_word' id='word_1_510' title='bbox 725 5451 1022 5511; x_wconf 60' lang='lat' dir='ltr'><strong>aeternum;</strong></span> <span class='ocrx_word' id='word_1_511' title='bbox 1047 5445 1203 5508; x_wconf 88' lang='lat' dir='ltr'><strong>alios,</strong></span> <span class='ocrx_word' id='word_1_512' title='bbox 1237 5447 1327 5502; x_wconf 89' lang='lat' dir='ltr'><strong>ubi</strong></span> <span class='ocrx_word' id='word_1_513' title='bbox 1359 5459 1438 5503; x_wconf 85' lang='lat' dir='ltr'><strong>est</strong></span> <span class='ocrx_word' id='word_1_514' title='bbox 1477 5451 1633 5520; x_wconf 80' lang='lat' dir='ltr'><strong>ﬂetus</strong></span> <span class='ocrx_word' id='word_1_515' title='bbox 1667 5465 1716 5506; x_wconf 83' lang='lat' dir='ltr'><strong>et</strong></span> <span class='ocrx_word' id='word_1_516' title='bbox 1744 5456 2098 5512; x_wconf 64' lang='lat' dir='ltr'><strong>stridordeno</strong></span> 
     </span>
    </p>
   </div>
   <div class='ocr_carea' id='block_1_72' title="bbox 528 5535 2090 5613">
    <p class='ocr_par' dir='ltr' id='par_1_72' title="bbox 528 5535 2090 5613">
     <span class='ocr_line' id='line_1_73' title="bbox 528 5535 2090 5613; baseline 0.012 -31"><span class='ocrx_word' id='word_1_517' title='bbox 528 5545 696 5596; x_wconf 65' lang='lat' dir='ltr'><strong>nam;</strong></span> <span class='ocrx_word' id='word_1_518' title='bbox 723 5535 878 5598; x_wconf 86' lang='lat' dir='ltr'><strong>alios,</strong></span> <span class='ocrx_word' id='word_1_519' title='bbox 913 5537 969 5590; x_wconf 92' lang='lat' dir='ltr'><strong>in</strong></span> <span class='ocrx_word' id='word_1_520' title='bbox 1014 5537 1252 5594; x_wconf 77' lang='lat' dir='ltr'><strong>tenebras</strong></span> <span class='ocrx_word' id='word_1_521' title='bbox 1285 5543 1589 5599; x_wconf 71' lang='lat' dir='ltr'><strong>exteriores.</strong></span> <span class='ocrx_word' id='word_1_522' title='bbox 1623 5543 1727 5600; x_wconf 83' lang='lat' dir='ltr'><strong>Pro</strong></span> <span class='ocrx_word' id='word_1_523' title='bbox 1761 5547 1854 5601; x_wconf 94' lang='lat' dir='ltr'><strong>illo</strong></span> <span class='ocrx_word' id='word_1_524' title='bbox 1877 5557 2090 5613; x_wconf 85' lang='lat' dir='ltr'><strong>autem,</strong></span> 
     </span>
    </p>
   </div>
   <div class='ocr_carea' id='block_1_73' title="bbox 527 5621 2097 5707">
    <p class='ocr_par' dir='ltr' id='par_1_73' title="bbox 527 5621 2097 5707">
     <span class='ocr_line' id='line_1_74' title="bbox 527 5621 2097 5707; baseline 0.013 -33"><span class='ocrx_word' id='word_1_525' title='bbox 527 5621 596 5674; x_wconf 80' lang='lat' dir='ltr'><strong>Et</strong></span> <span class='ocrx_word' id='word_1_526' title='bbox 629 5625 888 5678; x_wconf 77' lang='lat' dir='ltr'><strong>auxilium</strong></span> <span class='ocrx_word' id='word_1_527' title='bbox 917 5643 1096 5680; x_wconf 88' lang='lat' dir='ltr'><strong>eorum</strong></span> <span class='ocrx_word' id='word_1_528' title='bbox 1129 5639 1408 5686; x_wconf 76' lang='lat' dir='ltr'><strong>veterascet</strong></span> <span class='ocrx_word' id='word_1_529' title='bbox 1435 5633 1490 5687; x_wconf 88' lang='lat' dir='ltr'><strong>in</strong></span> <span class='ocrx_word' id='word_1_530' title='bbox 1515 5633 1719 5703; x_wconf 72' lang='lat' dir='ltr'><strong>inferno</strong></span> <span class='ocrx_word' id='word_1_531' title='bbox 1752 5654 1784 5690; x_wconf 89' lang='lat' dir='ltr'><strong>a</strong></span> <span class='ocrx_word' id='word_1_532' title='bbox 1813 5638 1983 5707; x_wconf 87' lang='lat' dir='ltr'><strong>gloria</strong></span> <span class='ocrx_word' id='word_1_533' title='bbox 2009 5656 2097 5694; x_wconf 81' lang='lat' dir='ltr'><strong>eo-</strong></span> 
     </span>
    </p>
   </div>
   <div class='ocr_carea' id='block_1_74' title="bbox 525 5717 2097 5800">
    <p class='ocr_par' dir='ltr' id='par_1_74' title="bbox 525 5717 2097 5800">
     <span class='ocr_line' id='line_1_75' title="bbox 525 5717 2097 5800; baseline 0.015 -35"><span class='ocrx_word' id='word_1_534' title='bbox 525 5729 666 5779; x_wconf 86' lang='lat' dir='ltr'><strong>rum,</strong></span> <span class='ocrx_word' id='word_1_535' title='bbox 691 5717 906 5787; x_wconf 82' lang='lat' dir='ltr'><strong>Aquila,</strong></span> <span class='ocrx_word' id='word_1_536' title='bbox 943 5717 1008 5771; x_wconf 86' lang='lat' dir='ltr'><strong>Et</strong></span> <span class='ocrx_word' id='word_1_537' title='bbox 1036 5719 1310 5777; x_wconf 83' lang='lat' dir='ltr'><strong>character</strong></span> <span class='ocrx_word' id='word_1_538' title='bbox 1335 5740 1513 5778; x_wconf 83' lang='lat' dir='ltr'><strong>eorum</strong></span> <span class='ocrx_word' id='word_1_539' title='bbox 1537 5736 1807 5784; x_wconf 75' lang='lat' dir='ltr'><strong>conterere</strong></span> <span class='ocrx_word' id='word_1_540' title='bbox 1831 5731 2097 5800; x_wconf 77' lang='lat' dir='ltr'><strong>infernum</strong></span> 
     </span>
    </p>
   </div>
   <div class='ocr_carea' id='block_1_75' title="bbox 598 5873 1122 5952">
    <p class='ocr_par' dir='ltr' id='par_1_75' title="bbox 598 5873 1122 5952">
     <span class='ocr_line' id='line_1_76' title="bbox 598 5873 1122 5952; baseline 0.015 -24"><span class='ocrx_word' id='word_1_541' title='bbox 598 5873 642 5905; x_wconf 81' lang='lat'><strong>&quot;</strong></span> <span class='ocrx_word' id='word_1_542' title='bbox 683 5875 839 5932; x_wconf 84' lang='lat' dir='ltr'><strong>Prov.</strong></span> <span class='ocrx_word' id='word_1_543' title='bbox 873 5895 969 5933; x_wconf 80' lang='lat' dir='ltr'><strong>xut</strong></span> <span class='ocrx_word' id='word_1_544' title='bbox 995 5920 1009 5946; x_wconf 88' lang='lat'><strong>,</strong></span> <span class='ocrx_word' id='word_1_545' title='bbox 1041 5879 1122 5952; x_wconf 41' lang='lat'><strong>8..</strong></span> 
     </span>
    </p>
   </div>
   <div class='ocr_carea' id='block_1_76' title="bbox 2146 3283 2194 3344">
    <p class='ocr_par' dir='ltr' id='par_1_76' title="bbox 2146 3283 2194 3344">
     <span class='ocr_line' id='line_1_77' title="bbox 2146 3283 2194 3344; baseline 0 0"><span class='ocrx_word' id='word_1_546' title='bbox 2146 3283 2194 3344; x_wconf 88' lang='lat' dir='ltr'><strong>C</strong></span> 
     </span>
    </p>
   </div>
   <div class='ocr_carea' id='block_1_77' title="bbox 2144 4630 2192 4687">
    <p class='ocr_par' dir='ltr' id='par_1_77' title="bbox 2144 4630 2192 4687">
     <span class='ocr_line' id='line_1_78' title="bbox 2144 4630 2192 4687; baseline 0 0"><span class='ocrx_word' id='word_1_547' title='bbox 2144 4630 2192 4687; x_wconf 85' lang='lat' dir='ltr'><strong><em>D</em></strong></span> 
     </span>
    </p>
   </div>
   <div class='ocr_carea' id='block_1_78' title="bbox 2228 2035 3820 2115">
    <p class='ocr_par' dir='ltr' id='par_1_78' title="bbox 2228 2035 3820 2115">
     <span class='ocr_line' id='line_1_79' title="bbox 2228 2035 3820 2115; baseline -0.005 -18"><span class='ocrx_word' id='word_1_548' title='bbox 2228 2061 2325 2115; x_wconf 89' lang='grc' dir='ltr'><strong>νην</strong></span> <span class='ocrx_word' id='word_1_549' title='bbox 2341 2043 2437 2114; x_wconf 80' lang='grc' dir='ltr'><strong>τὴν</strong></span> <span class='ocrx_word' id='word_1_550' title='bbox 2457 2042 2668 2114; x_wconf 82' lang='grc' dir='ltr'>ἡμέραν</span> <span class='ocrx_word' id='word_1_551' title='bbox 2688 2059 2702 2072; x_wconf 91' lang='grc'><strong>·</strong></span> <span class='ocrx_word' id='word_1_552' title='bbox 2719 2041 2839 2095; x_wconf 71' lang='grc' dir='ltr'>οὐδὲ</span> <span class='ocrx_word' id='word_1_553' title='bbox 2860 2041 3024 2112; x_wconf 87' lang='grc' dir='ltr'>τιμὴν</span> <span class='ocrx_word' id='word_1_554' title='bbox 3043 2038 3407 2110; x_wconf 79' lang='grc' dir='ltr'>καταθήσεται</span> <span class='ocrx_word' id='word_1_555' title='bbox 3427 2036 3673 2108; x_wconf 87' lang='grc' dir='ltr'>καθάπερ</span> <span class='ocrx_word' id='word_1_556' title='bbox 3690 2035 3820 2091; x_wconf 61' lang='lat'><strong>£19-</strong></span> 
     </span>
    </p>
   </div>
   <div class='ocr_carea' id='block_1_79' title="bbox 2226 2131 3818 2206">
    <p class='ocr_par' dir='ltr' id='par_1_79' title="bbox 2226 2131 3818 2206">
     <span class='ocr_line' id='line_1_80' title="bbox 2226 2131 3818 2206; baseline -0.006 -16"><span class='ocrx_word' id='word_1_557' title='bbox 2226 2136 2318 2190; x_wconf 83' lang='grc' dir='ltr'><strong>τὸν</strong></span> <span class='ocrx_word' id='word_1_558' title='bbox 2365 2134 2750 2206; x_wconf 73' lang='grc' dir='ltr'>ἐξωνούμενος.</span> <span class='ocrx_word' id='word_1_559' title='bbox 2807 2135 3048 2196; x_wconf 90' lang='grc' dir='ltr'>Μάταιος</span> <span class='ocrx_word' id='word_1_560' title='bbox 3090 2131 3199 2204; x_wconf 81' lang='grc' dir='ltr'>ἄρα</span> <span class='ocrx_word' id='word_1_561' title='bbox 3241 2135 3350 2196; x_wconf 85' lang='grc' dir='ltr'>τοῖς</span> <span class='ocrx_word' id='word_1_562' title='bbox 3395 2131 3752 2201; x_wconf 80' lang='grc' dir='ltr'>κεκτημένοις</span> <span class='ocrx_word' id='word_1_563' title='bbox 3783 2131 3818 2182; x_wconf 78' lang='grc' dir='ltr'><strong>ὁ</strong></span> 
     </span>
    </p>
   </div>
   <div class='ocr_carea' id='block_1_80' title="bbox 2227 2220 3814 2299">
    <p class='ocr_par' dir='ltr' id='par_1_80' title="bbox 2227 2220 3814 2299">
     <span class='ocr_line' id='line_1_81' title="bbox 2227 2220 3814 2299; baseline -0.008 -16"><span class='ocrx_word' id='word_1_564' title='bbox 2227 2227 2481 2292; x_wconf 68' lang='grc' dir='ltr'>πλοῦτοςο</span> <span class='ocrx_word' id='word_1_565' title='bbox 2508 2227 2644 2299; x_wconf 74' lang='grc' dir='ltr'>πλὴν</span> <span class='ocrx_word' id='word_1_566' title='bbox 2667 2227 2715 2278; x_wconf 83' lang='grc' dir='ltr'><strong>εί</strong></span> <span class='ocrx_word' id='word_1_567' title='bbox 2745 2227 2817 2297; x_wconf 85' lang='grc' dir='ltr'><strong>μή</strong></span> <span class='ocrx_word' id='word_1_568' title='bbox 2841 2242 2925 2288; x_wconf 90' lang='grc' dir='ltr'><strong>τις</strong></span> <span class='ocrx_word' id='word_1_569' title='bbox 2947 2224 3086 2278; x_wconf 78' lang='grc' dir='ltr'>κατὰ</span> <span class='ocrx_word' id='word_1_570' title='bbox 3105 2224 3195 2276; x_wconf 78' lang='grc' dir='ltr'>τὸν</span> <span class='ocrx_word' id='word_1_571' title='bbox 3209 2222 3453 2294; x_wconf 83' lang='grc' dir='ltr'>παρόντα</span> <span class='ocrx_word' id='word_1_572' title='bbox 3474 2221 3590 2292; x_wconf 82' lang='grc' dir='ltr'>βίον</span> <span class='ocrx_word' id='word_1_573' title='bbox 3609 2220 3814 2291; x_wconf 75' lang='grc' dir='ltr'>εὑρεθῇ</span> 
     </span>
    </p>
   </div>
   <div class='ocr_carea' id='block_1_81' title="bbox 2228 2313 3816 2390">
    <p class='ocr_par' dir='ltr' id='par_1_81' title="bbox 2228 2313 3816 2390">
     <span class='ocr_line' id='line_1_82' title="bbox 2228 2313 3816 2390; baseline -0.006 -15"><span class='ocrx_word' id='word_1_574' title='bbox 2228 2321 2416 2384; x_wconf 86' lang='grc' dir='ltr'>πιστὸς</span> <span class='ocrx_word' id='word_1_575' title='bbox 2455 2321 2548 2374; x_wconf 73' lang='grc' dir='ltr'><strong>καὶ</strong></span> <span class='ocrx_word' id='word_1_576' title='bbox 2582 2319 2841 2390; x_wconf 79' lang='grc' dir='ltr'>φρόνιμος</span> <span class='ocrx_word' id='word_1_577' title='bbox 2868 2317 3148 2388; x_wconf 83' lang='grc' dir='ltr'>οἰκονόμος</span> <span class='ocrx_word' id='word_1_578' title='bbox 3173 2356 3188 2378; x_wconf 90' lang='grc'><strong>,</strong></span> <span class='ocrx_word' id='word_1_579' title='bbox 3237 2316 3296 2380; x_wconf 84' lang='grc' dir='ltr'>ὃς</span> <span class='ocrx_word' id='word_1_580' title='bbox 3342 2318 3398 2368; x_wconf 85' lang='grc' dir='ltr'>ὲν</span> <span class='ocrx_word' id='word_1_581' title='bbox 3428 2313 3604 2386; x_wconf 82' lang='grc' dir='ltr'>καιρῷ</span> <span class='ocrx_word' id='word_1_582' title='bbox 3646 2313 3816 2367; x_wconf 81' lang='grc' dir='ltr'>δώσει</span> 
     </span>
    </p>
   </div>
   <div class='ocr_carea' id='block_1_82' title="bbox 2225 2401 3816 2484">
    <p class='ocr_par' dir='ltr' id='par_1_82' title="bbox 2225 2401 3816 2484">
     <span class='ocr_line' id='line_1_83' title="bbox 2225 2401 3816 2484; baseline -0.006 -18"><span class='ocrx_word' id='word_1_583' title='bbox 2225 2413 2286 2466; x_wconf 85' lang='grc' dir='ltr'>τὺ</span> <span class='ocrx_word' id='word_1_584' title='bbox 2326 2413 2661 2484; x_wconf 84' lang='grc' dir='ltr'>σιτομέτριον</span> <span class='ocrx_word' id='word_1_585' title='bbox 2694 2414 2803 2474; x_wconf 90' lang='grc' dir='ltr'>τοῖς</span> <span class='ocrx_word' id='word_1_586' title='bbox 2837 2407 3157 2472; x_wconf 85' lang='grc' dir='ltr'>συνδούλοις.</span> <span class='ocrx_word' id='word_1_587' title='bbox 3191 2401 3358 2470; x_wconf 76' lang='grc' dir='ltr'>Οὗτος</span> <span class='ocrx_word' id='word_1_588' title='bbox 3390 2406 3527 2478; x_wconf 82' lang='grc' dir='ltr'>γὰρ,</span> <span class='ocrx_word' id='word_1_589' title='bbox 3561 2404 3816 2458; x_wconf 70' lang='grc' dir='ltr'>ἐντεῦθεν</span> 
     </span>
    </p>
   </div>
   <div class='ocr_carea' id='block_1_83' title="bbox 2226 2499 3814 2576">
    <p class='ocr_par' dir='ltr' id='par_1_83' title="bbox 2226 2499 3814 2576">
     <span class='ocr_line' id='line_1_84' title="bbox 2226 2499 3814 2576; baseline -0.004 -18"><span class='ocrx_word' id='word_1_590' title='bbox 2226 2505 2326 2576; x_wconf 84' lang='grc' dir='ltr'>’ήδη</span> <span class='ocrx_word' id='word_1_591' title='bbox 2376 2504 2600 2576; x_wconf 80' lang='grc' dir='ltr'>σπείρας</span> <span class='ocrx_word' id='word_1_592' title='bbox 2647 2503 2824 2574; x_wconf 78' lang='grc' dir='ltr'>ἐαυτῷ</span> <span class='ocrx_word' id='word_1_593' title='bbox 2852 2505 2932 2566; x_wconf 83' lang='grc' dir='ltr'>εἰς</span> <span class='ocrx_word' id='word_1_594' title='bbox 2962 2501 3305 2571; x_wconf 71' lang='grc' dir='ltr'>δικαιοσύνην</span> <span class='ocrx_word' id='word_1_595' title='bbox 3329 2542 3344 2566; x_wconf 91' lang='grc'><strong>,</strong></span> <span class='ocrx_word' id='word_1_596' title='bbox 3376 2501 3642 2572; x_wconf 78' lang='grc' dir='ltr'>τρυγήσει</span> <span class='ocrx_word' id='word_1_597' title='bbox 3687 2499 3814 2551; x_wconf 71' lang='grc' dir='ltr'>τότε</span> 
     </span>
    </p>
   </div>
   <div class='ocr_carea' id='block_1_84' title="bbox 2226 2591 3805 2667">
    <p class='ocr_par' dir='ltr' id='par_1_84' title="bbox 2226 2591 3805 2667">
     <span class='ocr_line' id='line_1_85' title="bbox 2226 2591 3805 2667; baseline -0.006 -15"><span class='ocrx_word' id='word_1_598' title='bbox 2226 2597 2471 2667; x_wconf 80' lang='grc' dir='ltr'>καρποὺς</span> <span class='ocrx_word' id='word_1_599' title='bbox 2497 2593 2656 2665; x_wconf 81' lang='grc' dir='ltr'>ζωῆς.</span> <span class='ocrx_word' id='word_1_600' title='bbox 2683 2595 2913 2662; x_wconf 83' lang='grc' dir='ltr'>Λύτρον</span> <span class='ocrx_word' id='word_1_601' title='bbox 2941 2592 3048 2665; x_wconf 86' lang='grc' dir='ltr'>γὰρ</span> <span class='ocrx_word' id='word_1_602' title='bbox 3079 2591 3318 2660; x_wconf 76' lang='grc' dir='ltr'>ἀνδρὸς,</span> <span class='ocrx_word' id='word_1_603' title='bbox 3355 2592 3518 2662; x_wconf 74' lang='grc' dir='ltr'>φησὶν</span> <span class='ocrx_word' id='word_1_604' title='bbox 3547 2593 3574 2644; x_wconf 83' lang='grc' dir='ltr'>ὁ</span> <span class='ocrx_word' id='word_1_605' title='bbox 3607 2591 3805 2660; x_wconf 72' lang='grc' dir='ltr'>Σοφὸς,</span> 
     </span>
    </p>
   </div>
   <div class='ocr_carea' id='block_1_85' title="bbox 2225 2683 3813 2758">
    <p class='ocr_par' dir='ltr' id='par_1_85' title="bbox 2225 2683 3813 2758">
     <span class='ocr_line' id='line_1_86' title="bbox 2225 2683 3813 2758; baseline -0.003 -15"><span class='ocrx_word' id='word_1_606' title='bbox 2225 2693 2258 2744; x_wconf 86' lang='grc' dir='ltr'><strong>ό</strong></span> <span class='ocrx_word' id='word_1_607' title='bbox 2291 2690 2442 2755; x_wconf 76' lang='grc' dir='ltr'>ἴδιος</span> <span class='ocrx_word' id='word_1_608' title='bbox 2469 2687 2752 2753; x_wconf 81' lang='grc' dir='ltr'>πλοῦτος.</span> <span class='ocrx_word' id='word_1_609' title='bbox 2818 2687 2880 2740; x_wconf 80' lang='grc' dir='ltr'>Οἱ</span> <span class='ocrx_word' id='word_1_610' title='bbox 2913 2685 2970 2738; x_wconf 81' lang='grc' dir='ltr'><strong>δὲ</strong></span> <span class='ocrx_word' id='word_1_611' title='bbox 3005 2686 3140 2758; x_wconf 87' lang='grc' dir='ltr'>μήτε</span> <span class='ocrx_word' id='word_1_612' title='bbox 3175 2683 3387 2754; x_wconf 80' lang='grc' dir='ltr'>πλούτῳ</span> <span class='ocrx_word' id='word_1_613' title='bbox 3417 2685 3551 2756; x_wconf 85' lang='grc' dir='ltr'>μήτε</span> <span class='ocrx_word' id='word_1_614' title='bbox 3581 2683 3813 2754; x_wconf 81' lang='grc' dir='ltr'>δυνάμει</span> 
     </span>
    </p>
   </div>
   <div class='ocr_carea' id='block_1_86' title="bbox 2227 2776 3810 2852">
    <p class='ocr_par' dir='ltr' id='par_1_86' title="bbox 2227 2776 3810 2852">
     <span class='ocr_line' id='line_1_87' title="bbox 2227 2776 3810 2852; baseline -0.003 -18"><span class='ocrx_word' id='word_1_615' title='bbox 2227 2781 2477 2852; x_wconf 83' lang='grc' dir='ltr'>σώματος</span> <span class='ocrx_word' id='word_1_616' title='bbox 2520 2778 2997 2849; x_wconf 79' lang='grc' dir='ltr'>ἀλαζονευόμενοι,</span> <span class='ocrx_word' id='word_1_617' title='bbox 3056 2777 3310 2830; x_wconf 76' lang='grc' dir='ltr'>ἐπίπονον</span> <span class='ocrx_word' id='word_1_618' title='bbox 3352 2777 3409 2831; x_wconf 80' lang='grc' dir='ltr'><strong>δὲ</strong></span> <span class='ocrx_word' id='word_1_619' title='bbox 3443 2777 3532 2830; x_wconf 83' lang='grc' dir='ltr'><strong>τὸν</strong></span> <span class='ocrx_word' id='word_1_620' title='bbox 3563 2776 3810 2849; x_wconf 77' lang='grc' dir='ltr'>παρόντα</span> 
     </span>
    </p>
   </div>
   <div class='ocr_carea' id='block_1_87' title="bbox 2225 2867 3812 2941">
    <p class='ocr_par' dir='ltr' id='par_1_87' title="bbox 2225 2867 3812 2941">
     <span class='ocr_line' id='line_1_88' title="bbox 2225 2867 3812 2941; baseline -0.003 -17"><span class='ocrx_word' id='word_1_621' title='bbox 2225 2869 2554 2941; x_wconf 80' lang='grc' dir='ltr'>κτησάμενοι</span> <span class='ocrx_word' id='word_1_622' title='bbox 2585 2867 2695 2938; x_wconf 81' lang='grc' dir='ltr'>βίον</span> <span class='ocrx_word' id='word_1_623' title='bbox 2715 2911 2729 2933; x_wconf 86' lang='grc'><strong>,</strong></span> <span class='ocrx_word' id='word_1_624' title='bbox 2760 2868 3259 2940; x_wconf 80' lang='grc' dir='ltr'>καταξιωθήσονται</span> <span class='ocrx_word' id='word_1_625' title='bbox 3290 2869 3388 2940; x_wconf 82' lang='grc' dir='ltr'>τῆς</span> <span class='ocrx_word' id='word_1_626' title='bbox 3417 2871 3475 2921; x_wconf 84' lang='grc' dir='ltr'>ὲν</span> <span class='ocrx_word' id='word_1_627' title='bbox 3503 2867 3812 2940; x_wconf 72' lang='grc' dir='ltr'>ἐπαγγελίᾳ</span> 
     </span>
    </p>
   </div>
   <div class='ocr_carea' id='block_1_88' title="bbox 2223 2960 3812 3032">
    <p class='ocr_par' dir='ltr' id='par_1_88' title="bbox 2223 2960 3812 3032">
     <span class='ocr_line' id='line_1_89' title="bbox 2223 2960 3812 3032; baseline 0 -16"><span class='ocrx_word' id='word_1_628' title='bbox 2223 2962 2390 3032; x_wconf 78' lang='grc' dir='ltr'>ζωῆς.</span> <span class='ocrx_word' id='word_1_629' title='bbox 2459 2961 2602 3014; x_wconf 79' lang='grc' dir='ltr'>Ἀντὶ</span> <span class='ocrx_word' id='word_1_630' title='bbox 2629 2960 2688 3018; x_wconf 77' lang='grc' dir='ltr'><strong>δὲ</strong></span> <span class='ocrx_word' id='word_1_631' title='bbox 2710 2961 2804 3014; x_wconf 82' lang='grc' dir='ltr'>τοῦ</span> <span class='ocrx_word' id='word_1_632' title='bbox 2821 2978 2835 2992; x_wconf 79' lang='grc'><em>’</em></span> <span class='ocrx_word' id='word_1_633' title='bbox 2905 2962 3257 3016; x_wconf 79' lang='grc' dir='ltr'>Ἐκοπίασεν</span> <span class='ocrx_word' id='word_1_634' title='bbox 3287 2964 3374 3028; x_wconf 82' lang='grc' dir='ltr'>εὶς</span> <span class='ocrx_word' id='word_1_635' title='bbox 3403 2961 3509 3014; x_wconf 79' lang='grc' dir='ltr'>τὸν</span> <span class='ocrx_word' id='word_1_636' title='bbox 3527 2961 3714 3018; x_wconf 78' lang='grc' dir='ltr'>αιῶνα</span> <span class='ocrx_word' id='word_1_637' title='bbox 3734 3002 3748 3024; x_wconf 90' lang='grc'><strong><em>.</em></strong></span> <span class='ocrx_word' id='word_1_638' title='bbox 3776 2964 3812 3016; x_wconf 84' lang='grc' dir='ltr'>ὁ</span> 
     </span>
    </p>
   </div>
   <div class='ocr_carea' id='block_1_89' title="bbox 2222 3051 3813 3128">
    <p class='ocr_par' dir='ltr' id='par_1_89' title="bbox 2222 3051 3813 3128">
     <span class='ocr_line' id='line_1_90' title="bbox 2222 3051 3813 3128; baseline 0.001 -21"><span class='ocrx_word' id='word_1_639' title='bbox 2222 3052 2534 3127; x_wconf 84' lang='grc' dir='ltr'>Σύμμαχος,</span> <span class='ocrx_word' id='word_1_640' title='bbox 2559 3054 2734 3109; x_wconf 75' lang='grc' dir='ltr'><em>Ἀλλὰ</em></span> <span class='ocrx_word' id='word_1_641' title='bbox 2752 3052 3158 3124; x_wconf 80' lang='grc' dir='ltr'>παυσάμενος,</span> <span class='ocrx_word' id='word_1_642' title='bbox 3192 3051 3434 3128; x_wconf 72' lang='grc' dir='ltr'>φησὶ,τῷ</span> <span class='ocrx_word' id='word_1_643' title='bbox 3457 3053 3644 3116; x_wconf 79' lang='grc' dir='ltr'>αἰῶνι,</span> <span class='ocrx_word' id='word_1_644' title='bbox 3693 3052 3813 3115; x_wconf 74' lang='grc' dir='ltr'>ζῶν</span> 
     </span>
    </p>
   </div>
   <div class='ocr_carea' id='block_1_90' title="bbox 2220 3144 3810 3218">
    <p class='ocr_par' dir='ltr' id='par_1_90' title="bbox 2220 3144 3810 3218">
     <span class='ocr_line' id='line_1_91' title="bbox 2220 3144 3810 3218; baseline -0.002 -17"><span class='ocrx_word' id='word_1_645' title='bbox 2220 3149 2308 3214; x_wconf 79' lang='grc' dir='ltr'>εἰς</span> <span class='ocrx_word' id='word_1_646' title='bbox 2327 3147 2511 3201; x_wconf 73' lang='grc' dir='ltr'>αἰῶνα</span> <span class='ocrx_word' id='word_1_647' title='bbox 2533 3145 2865 3204; x_wconf 77' lang='grc' dir='ltr'>διατελέσει</span> <span class='ocrx_word' id='word_1_648' title='bbox 2886 3148 2919 3200; x_wconf 88' lang='grc' dir='ltr'><strong>ό</strong></span> <span class='ocrx_word' id='word_1_649' title='bbox 2947 3145 3233 3211; x_wconf 82' lang='grc' dir='ltr'>τοιοῦτος.</span> <span class='ocrx_word' id='word_1_650' title='bbox 3281 3145 3340 3199; x_wconf 91' lang='grc' dir='ltr'>Ὁ</span> <span class='ocrx_word' id='word_1_651' title='bbox 3365 3145 3567 3200; x_wconf 86' lang='grc' dir='ltr'>κοπιῶν</span> <span class='ocrx_word' id='word_1_652' title='bbox 3593 3144 3680 3199; x_wconf 77' lang='grc' dir='ltr'>διὰ</span> <span class='ocrx_word' id='word_1_653' title='bbox 3705 3148 3810 3218; x_wconf 75' lang='grc' dir='ltr'>τῆς</span> 
     </span>
    </p>
   </div>
   <div class='ocr_carea' id='block_1_91' title="bbox 2223 3236 3599 3313">
    <p class='ocr_par' dir='ltr' id='par_1_91' title="bbox 2223 3236 3599 3313">
     <span class='ocr_line' id='line_1_92' title="bbox 2223 3236 3599 3313; baseline -0.002 -19"><span class='ocrx_word' id='word_1_654' title='bbox 2223 3241 2532 3313; x_wconf 81' lang='grc' dir='ltr'>πρακτικῆς</span> <span class='ocrx_word' id='word_1_655' title='bbox 2553 3237 2774 3310; x_wconf 78' lang='grc' dir='ltr'>ζήσεται</span> <span class='ocrx_word' id='word_1_656' title='bbox 2805 3241 2885 3300; x_wconf 82' lang='grc' dir='ltr'>εἰς</span> <span class='ocrx_word' id='word_1_657' title='bbox 2917 3238 3068 3302; x_wconf 84' lang='grc' dir='ltr'>τέλος</span> <span class='ocrx_word' id='word_1_658' title='bbox 3091 3237 3178 3291; x_wconf 86' lang='grc' dir='ltr'>διὰ</span> <span class='ocrx_word' id='word_1_659' title='bbox 3200 3239 3298 3309; x_wconf 78' lang='grc' dir='ltr'><strong>τῆς</strong></span> <span class='ocrx_word' id='word_1_660' title='bbox 3327 3236 3599 3306; x_wconf 82' lang='grc' dir='ltr'>γνώσεως.</span> 
     </span>
    </p>
   </div>
   <div class='ocr_carea' id='block_1_92' title="bbox 2294 3329 3809 3401">
    <p class='ocr_par' dir='ltr' id='par_1_92' title="bbox 2294 3329 3809 3401">
     <span class='ocr_line' id='line_1_93' title="bbox 2294 3329 3809 3401; baseline -0.004 -12"><span class='ocrx_word' id='word_1_661' title='bbox 2294 3334 2408 3390; x_wconf 81' lang='grc' dir='ltr'><strong>Καὶ</strong></span> <span class='ocrx_word' id='word_1_662' title='bbox 2465 3334 2942 3401; x_wconf 67' lang='grc' dir='ltr'>καταλείψουσιν</span> <span class='ocrx_word' id='word_1_663' title='bbox 2990 3332 3334 3400; x_wconf 74' lang='grc' dir='ltr'>ἀλλοτρίοις</span> <span class='ocrx_word' id='word_1_664' title='bbox 3382 3330 3491 3384; x_wconf 81' lang='grc' dir='ltr'>τὸν</span> <span class='ocrx_word' id='word_1_665' title='bbox 3535 3329 3809 3384; x_wconf 75' lang='grc' dir='ltr'>πλοῦτον</span> 
     </span>
    </p>
   </div>
   <div class='ocr_carea' id='block_1_93' title="bbox 2223 3421 3808 3494">
    <p class='ocr_par' dir='ltr' id='par_1_93' title="bbox 2223 3421 3808 3494">
     <span class='ocr_line' id='line_1_94' title="bbox 2223 3421 3808 3494; baseline -0.004 -12"><span class='ocrx_word' id='word_1_666' title='bbox 2223 3427 2440 3492; x_wconf 86' lang='grc' dir='ltr'>αὐτῶν,</span> <span class='ocrx_word' id='word_1_667' title='bbox 2475 3427 2571 3480; x_wconf 75' lang='grc' dir='ltr'>καὶ</span> <span class='ocrx_word' id='word_1_668' title='bbox 2601 3429 2655 3480; x_wconf 80' lang='grc' dir='ltr'>οἱ</span> <span class='ocrx_word' id='word_1_669' title='bbox 2681 3423 2854 3494; x_wconf 70' lang='grc' dir='ltr'>τάφοι</span> <span class='ocrx_word' id='word_1_670' title='bbox 2886 3422 3085 3478; x_wconf 80' lang='grc' dir='ltr'>αὐτῶν</span> <span class='ocrx_word' id='word_1_671' title='bbox 3127 3424 3308 3477; x_wconf 71' lang='grc' dir='ltr'>οἰκίαι</span> <span class='ocrx_word' id='word_1_672' title='bbox 3348 3421 3549 3477; x_wconf 82' lang='grc' dir='ltr'>αὐτῶν</span> <span class='ocrx_word' id='word_1_673' title='bbox 3576 3424 3664 3489; x_wconf 73' lang='grc' dir='ltr'><strong>εἰς</strong></span> <span class='ocrx_word' id='word_1_674' title='bbox 3693 3422 3808 3476; x_wconf 73' lang='grc' dir='ltr'>τὸν</span> 
     </span>
    </p>
   </div>
   <div class='ocr_carea' id='block_1_94' title="bbox 2222 3513 3809 3588">
    <p class='ocr_par' dir='ltr' id='par_1_94' title="bbox 2222 3513 3809 3588">
     <span class='ocr_line' id='line_1_95' title="bbox 2222 3513 3809 3588; baseline -0.004 -13"><span class='ocrx_word' id='word_1_675' title='bbox 2222 3519 2436 3578; x_wconf 75' lang='grc' dir='ltr'>αἰῶνα.</span> <span class='ocrx_word' id='word_1_676' title='bbox 2499 3521 2723 3588; x_wconf 86' lang='grc' dir='ltr'>Ἕτερος</span> <span class='ocrx_word' id='word_1_677' title='bbox 2790 3516 2915 3586; x_wconf 72' lang='grc' dir='ltr'><strong>ἔφη*</strong></span> <span class='ocrx_word' id='word_1_678' title='bbox 2960 3515 3394 3585; x_wconf 76' lang='grc' dir='ltr'>Καταλείψουσιν</span> <span class='ocrx_word' id='word_1_679' title='bbox 3437 3515 3645 3588; x_wconf 80' lang='grc' dir='ltr'>ἑτέροις</span> <span class='ocrx_word' id='word_1_680' title='bbox 3709 3513 3809 3569; x_wconf 81' lang='grc' dir='ltr'><strong>τὸν</strong></span> 
     </span>
    </p>
   </div>
   <div class='ocr_carea' id='block_1_95' title="bbox 2223 3607 3802 3684">
    <p class='ocr_par' dir='ltr' id='par_1_95' title="bbox 2223 3607 3802 3684">
     <span class='ocr_line' id='line_1_96' title="bbox 2223 3607 3802 3684; baseline -0.007 -17"><span class='ocrx_word' id='word_1_681' title='bbox 2223 3612 2479 3684; x_wconf 77' lang='grc' dir='ltr'>αἰσθητόν</span> <span class='ocrx_word' id='word_1_682' title='bbox 2521 3629 2580 3664; x_wconf 89' lang='grc' dir='ltr'><strong>τε</strong></span> <span class='ocrx_word' id='word_1_683' title='bbox 2621 3609 2849 3664; x_wconf 76' lang='grc' dir='ltr'>πλοῦτον</span> <span class='ocrx_word' id='word_1_684' title='bbox 2894 3607 3074 3662; x_wconf 84' lang='grc' dir='ltr'>αὐτῶν</span> <span class='ocrx_word' id='word_1_685' title='bbox 3118 3609 3214 3660; x_wconf 80' lang='grc' dir='ltr'>καὶ</span> <span class='ocrx_word' id='word_1_686' title='bbox 3266 3608 3356 3661; x_wconf 84' lang='grc' dir='ltr'><strong>τὸν</strong></span> <span class='ocrx_word' id='word_1_687' title='bbox 3399 3609 3456 3660; x_wconf 80' lang='grc' dir='ltr'>ἐν</span> <span class='ocrx_word' id='word_1_688' title='bbox 3508 3607 3802 3680; x_wconf 80' lang='grc' dir='ltr'>συγγράμ-</span> 
     </span>
    </p>
   </div>
   <div class='ocr_carea' id='block_1_96' title="bbox 2227 3697 3806 3775">
    <p class='ocr_par' dir='ltr' id='par_1_96' title="bbox 2227 3697 3806 3775">
     <span class='ocr_line' id='line_1_97' title="bbox 2227 3697 3806 3775; baseline -0.003 -18"><span class='ocrx_word' id='word_1_689' title='bbox 2227 3721 2410 3775; x_wconf 83' lang='grc' dir='ltr'>μασιν.</span> <span class='ocrx_word' id='word_1_690' title='bbox 2466 3702 2632 3756; x_wconf 81' lang='grc' dir='ltr'>Οὺδὲν</span> <span class='ocrx_word' id='word_1_691' title='bbox 2678 3701 2786 3772; x_wconf 82' lang='grc' dir='ltr'>γὰρ</span> <span class='ocrx_word' id='word_1_692' title='bbox 2824 3697 2884 3764; x_wconf 78' lang='grc' dir='ltr'>ἐξ</span> <span class='ocrx_word' id='word_1_693' title='bbox 2927 3698 3108 3754; x_wconf 80' lang='grc' dir='ltr'>αὐτῶν</span> <span class='ocrx_word' id='word_1_694' title='bbox 3148 3701 3436 3772; x_wconf 81' lang='grc' dir='ltr'>αἱρήσουσι</span> <span class='ocrx_word' id='word_1_695' title='bbox 3483 3699 3672 3768; x_wconf 88' lang='grc' dir='ltr'>κέρδος</span> <span class='ocrx_word' id='word_1_696' title='bbox 3706 3717 3806 3753; x_wconf 83' lang='grc' dir='ltr'>κα-</span> 
     </span>
    </p>
   </div>
   <div class='ocr_carea' id='block_1_97' title="bbox 2218 3791 3803 3867">
    <p class='ocr_par' dir='ltr' id='par_1_97' title="bbox 2218 3791 3803 3867">
     <span class='ocr_line' id='line_1_98' title="bbox 2218 3791 3803 3867; baseline -0.003 -16"><span class='ocrx_word' id='word_1_697' title='bbox 2218 3797 2289 3851; x_wconf 88' lang='grc' dir='ltr'><strong>τά</strong></span> <span class='ocrx_word' id='word_1_698' title='bbox 2332 3797 2428 3867; x_wconf 83' lang='grc' dir='ltr'>τὴν</span> <span class='ocrx_word' id='word_1_699' title='bbox 2472 3794 2683 3866; x_wconf 78' lang='grc' dir='ltr'>ἡμέραν</span> <span class='ocrx_word' id='word_1_700' title='bbox 2733 3793 2833 3862; x_wconf 77' lang='grc' dir='ltr'>τῆς</span> <span class='ocrx_word' id='word_1_701' title='bbox 2894 3791 3150 3862; x_wconf 86' lang='grc' dir='ltr'>κρίσεως.</span> <span class='ocrx_word' id='word_1_702' title='bbox 3221 3792 3624 3864; x_wconf 86' lang='grc' dir='ltr'>Ἀπαχθήσεται</span> <span class='ocrx_word' id='word_1_703' title='bbox 3688 3793 3803 3866; x_wconf 83' lang='grc' dir='ltr'>γὰρ</span> 
     </span>
    </p>
   </div>
   <div class='ocr_carea' id='block_1_98' title="bbox 2219 3883 3802 3961">
    <p class='ocr_par' dir='ltr' id='par_1_98' title="bbox 2219 3883 3802 3961">
     <span class='ocr_line' id='line_1_99' title="bbox 2219 3883 3802 3961; baseline -0.004 -19"><span class='ocrx_word' id='word_1_704' title='bbox 2219 3892 2253 3961; x_wconf 86' lang='grc' dir='ltr'>ἡ</span> <span class='ocrx_word' id='word_1_705' title='bbox 2302 3887 2505 3942; x_wconf 86' lang='grc' dir='ltr'>τούτων</span> <span class='ocrx_word' id='word_1_706' title='bbox 2543 3885 2710 3957; x_wconf 67' lang='grc' dir='ltr'>ψυχὴ,</span> <span class='ocrx_word' id='word_1_707' title='bbox 2753 3883 2906 3937; x_wconf 82' lang='grc' dir='ltr'>οὐδὲν</span> <span class='ocrx_word' id='word_1_708' title='bbox 2950 3883 3111 3936; x_wconf 89' lang='grc' dir='ltr'>πλέον</span> <span class='ocrx_word' id='word_1_709' title='bbox 3157 3885 3190 3956; x_wconf 79' lang='grc' dir='ltr'>ἢ</span> <span class='ocrx_word' id='word_1_710' title='bbox 3237 3884 3329 3937; x_wconf 84' lang='grc' dir='ltr'><strong>τὸν</strong></span> <span class='ocrx_word' id='word_1_711' title='bbox 3379 3885 3578 3956; x_wconf 78' lang='grc' dir='ltr'>ἑαυτῆς</span> <span class='ocrx_word' id='word_1_712' title='bbox 3629 3885 3802 3954; x_wconf 75' lang='grc' dir='ltr'>τάφον</span> 
     </span>
    </p>
   </div>
   <div class='ocr_carea' id='block_1_99' title="bbox 2219 3973 3798 4053">
    <p class='ocr_par' dir='ltr' id='par_1_99' title="bbox 2219 3973 3798 4053">
     <span class='ocr_line' id='line_1_100' title="bbox 2219 3973 3798 4053; baseline -0.004 -17"><span class='ocrx_word' id='word_1_713' title='bbox 2219 3981 2549 4053; x_wconf 77' lang='grc' dir='ltr'>ἐπαγομένη·</span> <span class='ocrx_word' id='word_1_714' title='bbox 2593 3978 2793 4050; x_wconf 79' lang='grc' dir='ltr'>δηλαδὴ</span> <span class='ocrx_word' id='word_1_715' title='bbox 2835 3977 2895 4031; x_wconf 83' lang='grc' dir='ltr'>τὸ</span> <span class='ocrx_word' id='word_1_716' title='bbox 2934 3978 3092 4048; x_wconf 86' lang='grc' dir='ltr'>σῶμα</span> <span class='ocrx_word' id='word_1_717' title='bbox 3137 3979 3233 4032; x_wconf 60' lang='grc' dir='ltr'><strong>καῒ⁹</strong></span> <span class='ocrx_word' id='word_1_718' title='bbox 3272 3977 3370 4049; x_wconf 79' lang='grc' dir='ltr'><strong>τὴν</strong></span> <span class='ocrx_word' id='word_1_719' title='bbox 3407 3977 3636 4050; x_wconf 74' lang='grc' dir='ltr'>φθορὰν,</span> <span class='ocrx_word' id='word_1_720' title='bbox 3674 3981 3732 4032; x_wconf 81' lang='grc' dir='ltr'><strong>έν</strong></span> 
     </span>
    </p>
   </div>
   <div class='ocr_carea' id='block_1_100' title="bbox 2217 4069 3802 4146">
    <p class='ocr_par' dir='ltr' id='par_1_100' title="bbox 2217 4069 3802 4146">
     <span class='ocr_line' id='line_1_101' title="bbox 2217 4069 3802 4146; baseline -0.003 -19"><span class='ocrx_word' id='word_1_721' title='bbox 2217 4074 2406 4146; x_wconf 80' lang='grc' dir='ltr'>ὥσπερ</span> <span class='ocrx_word' id='word_1_722' title='bbox 2457 4076 2514 4127; x_wconf 80' lang='grc' dir='ltr'>ἐν</span> <span class='ocrx_word' id='word_1_723' title='bbox 2561 4072 2716 4140; x_wconf 79' lang='grc' dir='ltr'>τάφῳ</span> <span class='ocrx_word' id='word_1_724' title='bbox 2766 4069 3106 4141; x_wconf 83' lang='grc' dir='ltr'>κατώρυκτο.</span> <span class='ocrx_word' id='word_1_725' title='bbox 3158 4071 3266 4124; x_wconf 74' lang='grc' dir='ltr'><strong>Καὶ</strong></span> <span class='ocrx_word' id='word_1_726' title='bbox 3315 4070 3490 4134; x_wconf 82' lang='grc' dir='ltr'>ἄλλως</span> <span class='ocrx_word' id='word_1_727' title='bbox 3535 4070 3591 4123; x_wconf 77' lang='grc' dir='ltr'><strong>δὲ</strong></span> <span class='ocrx_word' id='word_1_728' title='bbox 3637 4069 3802 4128; x_wconf 81' lang='grc' dir='ltr'>οὐδὲν</span> 
     </span>
    </p>
   </div>
   <div class='ocr_carea' id='block_1_101' title="bbox 2217 4160 3800 4234">
    <p class='ocr_par' dir='ltr' id='par_1_101' title="bbox 2217 4160 3800 4234">
     <span class='ocr_line' id='line_1_102' title="bbox 2217 4160 3800 4234; baseline -0.003 -15"><span class='ocrx_word' id='word_1_729' title='bbox 2217 4167 2380 4219; x_wconf 86' lang='grc' dir='ltr'>πλέον</span> <span class='ocrx_word' id='word_1_730' title='bbox 2419 4164 2531 4230; x_wconf 75' lang='grc' dir='ltr'>ἔξει</span> <span class='ocrx_word' id='word_1_731' title='bbox 2564 4181 2647 4226; x_wconf 88' lang='grc' dir='ltr'><strong>τις</strong></span> <span class='ocrx_word' id='word_1_732' title='bbox 2681 4165 2745 4216; x_wconf 82' lang='grc' dir='ltr'><strong>ἐκ</strong></span> <span class='ocrx_word' id='word_1_733' title='bbox 2774 4161 2882 4213; x_wconf 86' lang='grc' dir='ltr'><strong>τῶν</strong></span> <span class='ocrx_word' id='word_1_734' title='bbox 2926 4163 3127 4234; x_wconf 78' lang='grc' dir='ltr'>γηΐνων</span> <span class='ocrx_word' id='word_1_735' title='bbox 3169 4161 3482 4233; x_wconf 85' lang='grc' dir='ltr'>κτημάτων,</span> <span class='ocrx_word' id='word_1_736' title='bbox 3514 4162 3546 4232; x_wconf 80' lang='grc' dir='ltr'>ἢ</span> <span class='ocrx_word' id='word_1_737' title='bbox 3579 4160 3673 4215; x_wconf 78' lang='grc' dir='ltr'>τοῖ.</span> <span class='ocrx_word' id='word_1_738' title='bbox 3701 4160 3800 4215; x_wconf 81' lang='grc' dir='ltr'>τά·</span> 
     </span>
    </p>
   </div>
   <div class='ocr_carea' id='block_1_102' title="bbox 2217 4247 3798 4328">
    <p class='ocr_par' dir='ltr' id='par_1_102' title="bbox 2217 4247 3798 4328">
     <span class='ocr_line' id='line_1_103' title="bbox 2217 4247 3798 4328; baseline -0.004 -14"><span class='ocrx_word' id='word_1_739' title='bbox 2217 4278 2317 4328; x_wconf 83' lang='grc' dir='ltr'><strong>φου</strong></span> <span class='ocrx_word' id='word_1_740' title='bbox 2351 4259 2440 4312; x_wconf 83' lang='grc' dir='ltr'><strong>τὸν</strong></span> <span class='ocrx_word' id='word_1_741' title='bbox 2471 4258 2650 4320; x_wconf 80' lang='grc' dir='ltr'>τόπον,</span> <span class='ocrx_word' id='word_1_742' title='bbox 2683 4258 2739 4308; x_wconf 83' lang='grc' dir='ltr'><strong>ὲν</strong></span> <span class='ocrx_word' id='word_1_743' title='bbox 2770 4247 2813 4321; x_wconf 83' lang='grc' dir='ltr'>ᾧ</span> <span class='ocrx_word' id='word_1_744' title='bbox 2845 4255 3173 4327; x_wconf 80' lang='grc' dir='ltr'>τελευτήσας</span> <span class='ocrx_word' id='word_1_745' title='bbox 3209 4257 3450 4309; x_wconf 86' lang='grc' dir='ltr'>κείσεται</span> <span class='ocrx_word' id='word_1_746' title='bbox 3478 4253 3669 4326; x_wconf 82' lang='grc' dir='ltr'>νεκρὸς</span> <span class='ocrx_word' id='word_1_747' title='bbox 3695 4255 3798 4324; x_wconf 80' lang='grc' dir='ltr'><strong>ὲφ-</strong></span> 
     </span>
    </p>
   </div>
   <div class='ocr_carea' id='block_1_103' title="bbox 2216 4339 3801 4421">
    <p class='ocr_par' dir='ltr' id='par_1_103' title="bbox 2216 4339 3801 4421">
     <span class='ocr_line' id='line_1_104' title="bbox 2216 4339 3801 4421; baseline -0.004 -17"><span class='ocrx_word' id='word_1_748' title='bbox 2216 4349 2506 4421; x_wconf 82' lang='grc' dir='ltr'>θαρμένος.</span> <span class='ocrx_word' id='word_1_749' title='bbox 2544 4348 2625 4401; x_wconf 84' lang='grc' dir='ltr'><strong>Τὰ</strong></span> <span class='ocrx_word' id='word_1_750' title='bbox 2661 4345 2716 4398; x_wconf 85' lang='grc' dir='ltr'><strong>δὲ</strong></span> <span class='ocrx_word' id='word_1_751' title='bbox 2748 4345 3084 4416; x_wconf 83' lang='grc' dir='ltr'>σκηνώματα</span> <span class='ocrx_word' id='word_1_752' title='bbox 3118 4345 3320 4413; x_wconf 81' lang='grc' dir='ltr'>αὐτῶν,</span> <span class='ocrx_word' id='word_1_753' title='bbox 3352 4348 3408 4397; x_wconf 85' lang='grc' dir='ltr'>ὲν</span> <span class='ocrx_word' id='word_1_754' title='bbox 3439 4339 3520 4414; x_wconf 63' lang='grc' dir='ltr'>οἷς</span> <span class='ocrx_word' id='word_1_755' title='bbox 3545 4345 3625 4398; x_wconf 79' lang='grc' dir='ltr'>ἔτι</span> <span class='ocrx_word' id='word_1_756' title='bbox 3657 4343 3801 4408; x_wconf 80' lang='grc' dir='ltr'>ζῶν-</span> 
     </span>
    </p>
   </div>
   <div class='ocr_carea' id='block_1_104' title="bbox 2213 4436 3799 4515">
    <p class='ocr_par' dir='ltr' id='par_1_104' title="bbox 2213 4436 3799 4515">
     <span class='ocr_line' id='line_1_105' title="bbox 2213 4436 3799 4515; baseline -0.003 -20"><span class='ocrx_word' id='word_1_757' title='bbox 2213 4460 2303 4505; x_wconf 78' lang='grc' dir='ltr'><strong>τες</strong></span> <span class='ocrx_word' id='word_1_758' title='bbox 2335 4440 2633 4511; x_wconf 80' lang='grc' dir='ltr'>κατῴκουν,</span> <span class='ocrx_word' id='word_1_759' title='bbox 2670 4445 2748 4506; x_wconf 85' lang='grc' dir='ltr'>εἰς</span> <span class='ocrx_word' id='word_1_760' title='bbox 2781 4443 3004 4515; x_wconf 79' lang='grc' dir='ltr'>ἑτέρους</span> <span class='ocrx_word' id='word_1_761' title='bbox 3037 4437 3352 4509; x_wconf 85' lang='grc' dir='ltr'>ἀλλοτρίους</span> <span class='ocrx_word' id='word_1_762' title='bbox 3382 4436 3527 4508; x_wconf 76' lang='grc' dir='ltr'>ἥξει,</span> <span class='ocrx_word' id='word_1_763' title='bbox 3560 4437 3654 4492; x_wconf 83' lang='grc' dir='ltr'><strong>καί</strong></span> <span class='ocrx_word' id='word_1_764' title='bbox 3683 4436 3799 4491; x_wconf 82' lang='grc' dir='ltr'>δια-</span> 
     </span>
    </p>
   </div>
   <div class='ocr_carea' id='block_1_105' title="bbox 2212 4537 3218 4609">
    <p class='ocr_par' dir='ltr' id='par_1_105' title="bbox 2212 4537 3218 4609">
     <span class='ocr_line' id='line_1_106' title="bbox 2212 4537 3218 4609; baseline -0.004 -19"><span class='ocrx_word' id='word_1_765' title='bbox 2212 4537 2496 4609; x_wconf 77' lang='grc' dir='ltr'>δοθήσεται</span> <span class='ocrx_word' id='word_1_766' title='bbox 2539 4539 2617 4601; x_wconf 88' lang='grc' dir='ltr'><strong>είς</strong></span> <span class='ocrx_word' id='word_1_767' title='bbox 2650 4538 2846 4606; x_wconf 82' lang='grc' dir='ltr'>γενεὰν</span> <span class='ocrx_word' id='word_1_768' title='bbox 2881 4539 2972 4592; x_wconf 69' lang='grc' dir='ltr'>καὶ</span> <span class='ocrx_word' id='word_1_769' title='bbox 3005 4537 3218 4605; x_wconf 81' lang='grc' dir='ltr'>γενεάν.</span> 
     </span>
    </p>
   </div>
   <div class='ocr_carea' id='block_1_106' title="bbox 2295 4713 3795 4785">
    <p class='ocr_par' dir='ltr' id='par_1_106' title="bbox 2295 4713 3795 4785">
     <span class='ocr_line' id='line_1_107' title="bbox 2295 4713 3795 4785; baseline 0.001 -18"><span class='ocrx_word' id='word_1_770' title='bbox 2295 4715 2393 4780; x_wconf 82' lang='grc' dir='ltr'>Ὠς</span> <span class='ocrx_word' id='word_1_771' title='bbox 2423 4716 2686 4783; x_wconf 81' lang='grc' dir='ltr'>πρόϐατα</span> <span class='ocrx_word' id='word_1_772' title='bbox 2715 4715 2786 4770; x_wconf 86' lang='grc' dir='ltr'>ἐν</span> <span class='ocrx_word' id='word_1_773' title='bbox 2813 4715 2926 4783; x_wconf 82' lang='grc' dir='ltr'><strong>ᾂδη</strong></span> <span class='ocrx_word' id='word_1_774' title='bbox 2964 4715 3190 4777; x_wconf 75' lang='grc' dir='ltr'>ἔθεντο,</span> <span class='ocrx_word' id='word_1_775' title='bbox 3230 4713 3485 4780; x_wconf 83' lang='grc' dir='ltr'>θάνατος</span> <span class='ocrx_word' id='word_1_776' title='bbox 3513 4713 3795 4785; x_wconf 75' lang='grc' dir='ltr'>ποιμανεῖ</span> 
     </span>
    </p>
   </div>
   <div class='ocr_carea' id='block_1_107' title="bbox 2213 4807 3789 4887">
    <p class='ocr_par' dir='ltr' id='par_1_107' title="bbox 2213 4807 3789 4887">
     <span class='ocr_line' id='line_1_108' title="bbox 2213 4807 3789 4887; baseline 0 -25"><span class='ocrx_word' id='word_1_777' title='bbox 2213 4810 2464 4875; x_wconf 83' lang='grc' dir='ltr'>αὐτούς,</span> <span class='ocrx_word' id='word_1_778' title='bbox 2512 4807 2694 4887; x_wconf 74' lang='grc' dir='ltr'>Εἰπὼν</span> <span class='ocrx_word' id='word_1_779' title='bbox 2739 4808 2848 4862; x_wconf 86' lang='grc' dir='ltr'><strong>τῶν</strong></span> <span class='ocrx_word' id='word_1_780' title='bbox 2887 4809 3100 4863; x_wconf 80' lang='grc' dir='ltr'>ἁσεὸὦν</span> <span class='ocrx_word' id='word_1_781' title='bbox 3145 4809 3214 4862; x_wconf 81' lang='grc' dir='ltr'><strong>τὰ</strong></span> <span class='ocrx_word' id='word_1_782' title='bbox 3254 4809 3360 4881; x_wconf 84' lang='grc' dir='ltr'><strong>πρὸ</strong></span> <span class='ocrx_word' id='word_1_783' title='bbox 3393 4809 3487 4864; x_wconf 84' lang='grc' dir='ltr'>τοῦ</span> <span class='ocrx_word' id='word_1_784' title='bbox 3530 4809 3789 4876; x_wconf 83' lang='grc' dir='ltr'>θανάτου,</span> 
     </span>
    </p>
   </div>
   <div class='ocr_carea' id='block_1_108' title="bbox 2213 4895 3787 4975">
    <p class='ocr_par' dir='ltr' id='par_1_108' title="bbox 2213 4895 3787 4975">
     <span class='ocr_line' id='line_1_109' title="bbox 2213 4895 3787 4975; baseline 0.002 -21"><span class='ocrx_word' id='word_1_785' title='bbox 2213 4901 2308 4955; x_wconf 83' lang='grc' dir='ltr'>νῦν</span> <span class='ocrx_word' id='word_1_786' title='bbox 2337 4895 2423 4956; x_wconf 72' lang='grc' dir='ltr'>οἷα</span> <span class='ocrx_word' id='word_1_787' title='bbox 2469 4901 2743 4955; x_wconf 87' lang='grc' dir='ltr'>πείσονται</span> <span class='ocrx_word' id='word_1_788' title='bbox 2786 4901 2934 4970; x_wconf 85' lang='grc' dir='ltr'>λέγει</span> <span class='ocrx_word' id='word_1_789' title='bbox 2965 4903 3024 4954; x_wconf 85' lang='grc' dir='ltr'>ὲν</span> <span class='ocrx_word' id='word_1_790' title='bbox 3053 4900 3202 4972; x_wconf 80' lang='grc' dir='ltr'>αὐτῷ</span> <span class='ocrx_word' id='word_1_791' title='bbox 3233 4900 3311 4972; x_wconf 82' lang='grc' dir='ltr'>τῷ</span> <span class='ocrx_word' id='word_1_792' title='bbox 3339 4901 3443 4975; x_wconf 77' lang='grc' dir='ltr'><strong>ᾄδῃ</strong></span> <span class='ocrx_word' id='word_1_793' title='bbox 3467 4901 3787 4973; x_wconf 65' lang='grc' dir='ltr'>ἓγενόμενοι.</span> 
     </span>
    </p>
   </div>
   <div class='ocr_carea' id='block_1_109' title="bbox 2211 4993 3786 5066">
    <p class='ocr_par' dir='ltr' id='par_1_109' title="bbox 2211 4993 3786 5066">
     <span class='ocr_line' id='line_1_110' title="bbox 2211 4993 3786 5066; baseline -0.001 -18"><span class='ocrx_word' id='word_1_794' title='bbox 2211 4994 2514 5066; x_wconf 85' lang='grc' dir='ltr'>Θρέμματα</span> <span class='ocrx_word' id='word_1_795' title='bbox 2536 4993 2645 5065; x_wconf 76' lang='grc' dir='ltr'>γὰρ</span> <span class='ocrx_word' id='word_1_796' title='bbox 2673 4993 2885 5047; x_wconf 74' lang='grc' dir='ltr'>ἔσονται</span> <span class='ocrx_word' id='word_1_797' title='bbox 2911 4993 3139 5049; x_wconf 87' lang='grc' dir='ltr'>θανάτου</span> <span class='ocrx_word' id='word_1_798' title='bbox 3172 4993 3278 5046; x_wconf 80' lang='grc' dir='ltr'><strong>ὑπὸ</strong></span> <span class='ocrx_word' id='word_1_799' title='bbox 3304 4993 3468 5048; x_wconf 82' lang='grc' dir='ltr'>αὐτοῦ</span> <span class='ocrx_word' id='word_1_800' title='bbox 3499 5011 3786 5064; x_wconf 84' lang='grc' dir='ltr'>ποιμαινο-</span> 
     </span>
    </p>
   </div>
   <div class='ocr_carea' id='block_1_110' title="bbox 2216 5083 3786 5157">
    <p class='ocr_par' dir='ltr' id='par_1_110' title="bbox 2216 5083 3786 5157">
     <span class='ocr_line' id='line_1_111' title="bbox 2216 5083 3786 5157; baseline 0 -19"><span class='ocrx_word' id='word_1_801' title='bbox 2216 5086 2384 5157; x_wconf 80' lang='grc' dir='ltr'>μένοι·</span> <span class='ocrx_word' id='word_1_802' title='bbox 2433 5085 2577 5139; x_wconf 85' lang='grc' dir='ltr'>κατὰ</span> <span class='ocrx_word' id='word_1_803' title='bbox 2622 5085 2678 5138; x_wconf 83' lang='grc' dir='ltr'><strong>δὲ</strong></span> <span class='ocrx_word' id='word_1_804' title='bbox 2732 5083 3048 5156; x_wconf 82' lang='grc' dir='ltr'>Σύμμαχον,</span> <span class='ocrx_word' id='word_1_805' title='bbox 3094 5089 3174 5152; x_wconf 83' lang='grc' dir='ltr'>ὼς</span> <span class='ocrx_word' id='word_1_806' title='bbox 3212 5084 3573 5155; x_wconf 79' lang='grc' dir='ltr'>βοσκήματα</span> <span class='ocrx_word' id='word_1_807' title='bbox 3631 5083 3786 5151; x_wconf 80' lang='grc' dir='ltr'>ᾅδου</span> 
     </span>
    </p>
   </div>
   <div class='ocr_carea' id='block_1_111' title="bbox 2211 5173 3783 5247">
    <p class='ocr_par' dir='ltr' id='par_1_111' title="bbox 2211 5173 3783 5247">
     <span class='ocr_line' id='line_1_112' title="bbox 2211 5173 3783 5247; baseline -0.001 -15"><span class='ocrx_word' id='word_1_808' title='bbox 2211 5177 2436 5241; x_wconf 79' lang='grc' dir='ltr'>ἔταξαν</span> <span class='ocrx_word' id='word_1_809' title='bbox 2481 5177 2752 5242; x_wconf 77' lang='grc' dir='ltr'>ἑαυτούς.</span> <span class='ocrx_word' id='word_1_810' title='bbox 2801 5176 2874 5228; x_wconf 83' lang='grc' dir='ltr'><strong>Οὐ</strong></span> <span class='ocrx_word' id='word_1_811' title='bbox 2921 5175 3030 5247; x_wconf 87' lang='grc' dir='ltr'>γὰρ</span> <span class='ocrx_word' id='word_1_812' title='bbox 3069 5174 3342 5246; x_wconf 71' lang='grc' dir='ltr'>ἠθέλησαν</span> <span class='ocrx_word' id='word_1_813' title='bbox 3379 5175 3486 5229; x_wconf 79' lang='grc' dir='ltr'><strong>ὑπὸ</strong></span> <span class='ocrx_word' id='word_1_814' title='bbox 3521 5173 3600 5246; x_wconf 79' lang='grc' dir='ltr'><strong>τῷ</strong></span> <span class='ocrx_word' id='word_1_815' title='bbox 3629 5173 3783 5245; x_wconf 84' lang='grc' dir='ltr'><strong>καλῴ</strong></span> 
     </span>
    </p>
   </div>
   <div class='ocr_carea' id='block_1_112' title="bbox 2214 5267 3780 5342">
    <p class='ocr_par' dir='ltr' id='par_1_112' title="bbox 2214 5267 3780 5342">
     <span class='ocr_line' id='line_1_113' title="bbox 2214 5267 3780 5342; baseline 0 -18"><span class='ocrx_word' id='word_1_816' title='bbox 2214 5271 2430 5342; x_wconf 86' lang='grc' dir='ltr'>ποιμένι</span> <span class='ocrx_word' id='word_1_817' title='bbox 2464 5269 2739 5340; x_wconf 69' lang='grc' dir='ltr'>τετάχθαν</span> <span class='ocrx_word' id='word_1_818' title='bbox 2772 5268 2866 5322; x_wconf 63' lang='grc' dir='ltr'><strong>καὶ⁹</strong></span> <span class='ocrx_word' id='word_1_819' title='bbox 2897 5268 2986 5323; x_wconf 74' lang='grc' dir='ltr'><strong>διὰ</strong></span> <span class='ocrx_word' id='word_1_820' title='bbox 3025 5268 3184 5322; x_wconf 79' lang='grc' dir='ltr'>τοῦτο</span> <span class='ocrx_word' id='word_1_821' title='bbox 3204 5267 3460 5338; x_wconf 81' lang='grc' dir='ltr'>γεγόνασι</span> <span class='ocrx_word' id='word_1_822' title='bbox 3487 5267 3780 5341; x_wconf 84' lang='grc' dir='ltr'>θρέμματα</span> 
     </span>
    </p>
   </div>
   <div class='ocr_carea' id='block_1_113' title="bbox 2209 5359 3778 5433">
    <p class='ocr_par' dir='ltr' id='par_1_113' title="bbox 2209 5359 3778 5433">
     <span class='ocr_line' id='line_1_114' title="bbox 2209 5359 3778 5433; baseline -0.002 -17"><span class='ocrx_word' id='word_1_823' title='bbox 2209 5362 2459 5425; x_wconf 83' lang='grc' dir='ltr'>θανάτου,</span> <span class='ocrx_word' id='word_1_824' title='bbox 2493 5362 2586 5416; x_wconf 77' lang='grc' dir='ltr'>καὶ</span> <span class='ocrx_word' id='word_1_825' title='bbox 2608 5361 2726 5426; x_wconf 78' lang='grc' dir='ltr'>τοὺς</span> <span class='ocrx_word' id='word_1_826' title='bbox 2757 5361 2856 5432; x_wconf 82' lang='grc' dir='ltr'>μὲν</span> <span class='ocrx_word' id='word_1_827' title='bbox 2883 5359 3081 5427; x_wconf 77' lang='grc' dir='ltr'>ἀπάξει</span> <span class='ocrx_word' id='word_1_828' title='bbox 3107 5364 3187 5426; x_wconf 75' lang='grc' dir='ltr'>εἰς</span> <span class='ocrx_word' id='word_1_829' title='bbox 3217 5361 3277 5414; x_wconf 77' lang='grc' dir='ltr'>τὸ</span> <span class='ocrx_word' id='word_1_830' title='bbox 3311 5359 3423 5433; x_wconf 78' lang='grc' dir='ltr'>πῦρ</span> <span class='ocrx_word' id='word_1_831' title='bbox 3447 5360 3508 5414; x_wconf 83' lang='grc' dir='ltr'><strong>τὸ</strong></span> <span class='ocrx_word' id='word_1_832' title='bbox 3531 5361 3778 5427; x_wconf 72' lang='grc' dir='ltr'>αἰώνιον,</span> 
     </span>
    </p>
   </div>
   <div class='ocr_carea' id='block_1_114' title="bbox 2203 5453 3781 5525">
    <p class='ocr_par' dir='ltr' id='par_1_114' title="bbox 2203 5453 3781 5525">
     <span class='ocr_line' id='line_1_115' title="bbox 2203 5453 3781 5525; baseline 0.002 -17"><span class='ocrx_word' id='word_1_833' title='bbox 2203 5456 2329 5518; x_wconf 86' lang='grc' dir='ltr'>τοὺς</span> <span class='ocrx_word' id='word_1_834' title='bbox 2349 5453 2405 5508; x_wconf 84' lang='grc' dir='ltr'><strong>δὲ</strong></span> <span class='ocrx_word' id='word_1_835' title='bbox 2427 5453 2578 5509; x_wconf 85' lang='grc' dir='ltr'>ὅπου</span> <span class='ocrx_word' id='word_1_836' title='bbox 2603 5456 2637 5508; x_wconf 84' lang='grc' dir='ltr'><strong>ό</strong></span> <span class='ocrx_word' id='word_1_837' title='bbox 2665 5453 2969 5524; x_wconf 72' lang='grc' dir='ltr'>κλαυθμὸς</span> <span class='ocrx_word' id='word_1_838' title='bbox 2989 5453 3086 5508; x_wconf 81' lang='grc' dir='ltr'>καὶ</span> <span class='ocrx_word' id='word_1_839' title='bbox 3117 5457 3150 5508; x_wconf 90' lang='grc' dir='ltr'><strong>ό</strong></span> <span class='ocrx_word' id='word_1_840' title='bbox 3167 5455 3440 5525; x_wconf 79' lang='grc' dir='ltr'>βρυγμὸς</span> <span class='ocrx_word' id='word_1_841' title='bbox 3467 5453 3587 5509; x_wconf 85' lang='grc' dir='ltr'><strong>τῶν</strong></span> <span class='ocrx_word' id='word_1_842' title='bbox 3607 5455 3781 5511; x_wconf 82' lang='grc' dir='ltr'>ὀδόν-</span> 
     </span>
    </p>
   </div>
   <div class='ocr_carea' id='block_1_115' title="bbox 2204 5543 3777 5612">
    <p class='ocr_par' dir='ltr' id='par_1_115' title="bbox 2204 5543 3777 5612">
     <span class='ocr_line' id='line_1_116' title="bbox 2204 5543 3777 5612; baseline 0.001 -13"><span class='ocrx_word' id='word_1_843' title='bbox 2204 5563 2341 5604; x_wconf 81' lang='grc' dir='ltr'>των,</span> <span class='ocrx_word' id='word_1_844' title='bbox 2369 5544 2493 5608; x_wconf 81' lang='grc' dir='ltr'>τοὺς</span> <span class='ocrx_word' id='word_1_845' title='bbox 2514 5545 2567 5598; x_wconf 84' lang='grc' dir='ltr'><strong>δὲ</strong></span> <span class='ocrx_word' id='word_1_846' title='bbox 2584 5547 2670 5612; x_wconf 81' lang='grc' dir='ltr'>εὶς</span> <span class='ocrx_word' id='word_1_847' title='bbox 2689 5544 2756 5599; x_wconf 87' lang='grc' dir='ltr'>τὸ</span> <span class='ocrx_word' id='word_1_848' title='bbox 2777 5545 2995 5610; x_wconf 86' lang='grc' dir='ltr'>σκότος</span> <span class='ocrx_word' id='word_1_849' title='bbox 3016 5543 3082 5598; x_wconf 80' lang='grc' dir='ltr'>τὸ</span> <span class='ocrx_word' id='word_1_850' title='bbox 3102 5544 3407 5612; x_wconf 81' lang='grc' dir='ltr'>ἐξώτερον.</span> <span class='ocrx_word' id='word_1_851' title='bbox 3417 5547 3563 5600; x_wconf 81' lang='grc' dir='ltr'>Ἀντί</span> <span class='ocrx_word' id='word_1_852' title='bbox 3582 5545 3638 5601; x_wconf 85' lang='grc' dir='ltr'><strong>δὲ</strong></span> <span class='ocrx_word' id='word_1_853' title='bbox 3655 5546 3777 5600; x_wconf 70' lang='grc' dir='ltr'>τοῦθ</span> 
     </span>
    </p>
   </div>
   <div class='ocr_carea' id='block_1_116' title="bbox 2205 5637 3782 5710">
    <p class='ocr_par' dir='ltr' id='par_1_116' title="bbox 2205 5637 3782 5710">
     <span class='ocr_line' id='line_1_117' title="bbox 2205 5637 3782 5710; baseline 0.001 -18"><span class='ocrx_word' id='word_1_854' title='bbox 2205 5638 2318 5693; x_wconf 81' lang='grc' dir='ltr'><strong>Καὶ</strong></span> <span class='ocrx_word' id='word_1_855' title='bbox 2339 5639 2376 5706; x_wconf 75' lang='grc' dir='ltr'><em>ὴ</em></span> <span class='ocrx_word' id='word_1_856' title='bbox 2394 5639 2644 5706; x_wconf 75' lang='grc' dir='ltr'>,βοήθεια</span> <span class='ocrx_word' id='word_1_857' title='bbox 2664 5638 2860 5694; x_wconf 85' lang='grc' dir='ltr'>αὐτῶν</span> <span class='ocrx_word' id='word_1_858' title='bbox 2879 5639 3358 5706; x_wconf 75' lang='grc' dir='ltr'>παλαιωθήσεται</span> <span class='ocrx_word' id='word_1_859' title='bbox 3375 5639 3446 5693; x_wconf 79' lang='grc' dir='ltr'>ἐν</span> <span class='ocrx_word' id='word_1_860' title='bbox 3467 5637 3547 5706; x_wconf 82' lang='grc' dir='ltr'>τῷ</span> <span class='ocrx_word' id='word_1_861' title='bbox 3568 5639 3682 5710; x_wconf 76' lang='grc' dir='ltr'><strong>ᾄδῃ</strong></span> <span class='ocrx_word' id='word_1_862' title='bbox 3709 5640 3782 5694; x_wconf 75' lang='grc' dir='ltr'>ἐκ</span> 
     </span>
    </p>
   </div>
   <div class='ocr_carea' id='block_1_117' title="bbox 2205 5731 3781 5805">
    <p class='ocr_par' dir='ltr' id='par_1_117' title="bbox 2205 5731 3781 5805">
     <span class='ocr_line' id='line_1_118' title="bbox 2205 5731 3781 5805; baseline 0 -17"><span class='ocrx_word' id='word_1_863' title='bbox 2205 5731 2315 5803; x_wconf 79' lang='grc' dir='ltr'>τῆς</span> <span class='ocrx_word' id='word_1_864' title='bbox 2333 5731 2518 5801; x_wconf 79' lang='grc' dir='ltr'>δόξης</span> <span class='ocrx_word' id='word_1_865' title='bbox 2535 5732 2752 5802; x_wconf 86' lang='grc' dir='ltr'>αὐτῶν,</span> <span class='ocrx_word' id='word_1_866' title='bbox 2773 5733 2801 5785; x_wconf 83' lang='grc' dir='ltr'>ὁ</span> <span class='ocrx_word' id='word_1_867' title='bbox 2827 5733 2926 5805; x_wconf 83' lang='grc' dir='ltr'>μὲν</span> <span class='ocrx_word' id='word_1_868' title='bbox 2946 5731 3191 5799; x_wconf 83' lang='grc' dir='ltr'>Ἀκύλας,</span> <span class='ocrx_word' id='word_1_869' title='bbox 3207 5731 3316 5785; x_wconf 80' lang='lat' dir='ltr'><strong>Kal</strong></span> <span class='ocrx_word' id='word_1_870' title='bbox 3343 5732 3652 5803; x_wconf 76' lang='grc' dir='ltr'>χαρακτὴρ</span> <span class='ocrx_word' id='word_1_871' title='bbox 3672 5734 3781 5790; x_wconf 77' lang='grc' dir='ltr'><strong>οὐ·</strong></span> 
     </span>
    </p>
   </div>
  </div>
