4100 6442
365 357 472 414 £53
1087 411 1090 414 ,
1483 341 1923 404 COMMENTARI

2026 339 2090 396 IN
2127 337 2444 396 PSALMOS
2462 333 2488 388 .’
3511 325 3606 380 εει

361 473 488 530 τῶν
531 471 884 542 κατατρῖψαι
917 467 1074 538 ᾅδην
1111 467 1182 523 ἐκ
1214 469 1672 536 κατοικητηρίου
1717 461 1918 520 αὐτῶν

2043 477 2109 514 ea:
2157 459 2460 514 habitacula
2488 471 2689 512 eorum.
2721 449 2856 506 Nam
2891 449 3176 506 character
3201 461 3362 519 quem
3403 445 3505 501 sibi
3533 449 3614 502 ef-

375 565 436 620 '0
468 565 578 636 γὰρ
605 539 894 636 χαρακτὴρ
925 563 1104 616 αὐτῶν
1133 563 1192 616 ὃν
1225 563 1436 625 ἑαυτοῖς
1465 561 1830 624 ὲξετύπωσαν,
1872 559 1923 612 τί

2043 555 2338 616 ﬁnxerunt,
2367 549 2650 608 eliminata
2671 563 2736 602 ex
2765 545 2962 616 seipsis
2989 543 3088 600 Dei
3109 541 3348 612 imagine
3377 555 3442 596 ac
3469 539 3616 596 sitni-

367 657 468 728 μὶν
505 655 626 710 κατ’
665 653 850 706 εἰκόνα
887 655 980 708 καὶ
1024 653 1284 726 ὁμοίωσιν
1333 653 1428 706 τοῦ
1453 651 1589 706 Θεοῦ
1635 651 1692 718 ἐξ
1753 649 1934 704 αὐτῶν

361 747 747 818 ἀφανίσαντες,
787 745 903 818 ετδη
937 747 994 800 δὲ
1025 745 1120 800 καὶ
1155 745 1368 818 μορφὰς
1405 744 1616 814 ἀλόγων
1649 741 1802 808 ζώων
1841 743 1932 796 καὶ

361 837 607 914 ἑρπετῶν
629 837 716 892 διὰ
745 839 960 910 τρόπων
985 838 1282 910 μοχθηρίας
1301 841 1366 910 τῇ
1391 837 1536 908 ψυχῇ
1563 837 1929 908 περιθέμενοι,

359 931 818 1004 κατατριϐήσεται
847 931 904 984 ὲν
935 929 1014 1002 τῷ
1041 929 1444 1002 κατοικητηρίῳ
1472 927 1566 984 τοῦ
1597 928 1744 1000 ᾃδου.
1775 927 1932 982 Κατά

359 1023 420 1076 δὲ
451 1021 766 1092 Σύμμαχον·
818 1021 888 1075 Τὸ
929 1019 996 1074 δὲ
1039 1019 1326 1090 κρατερὸν
1365 1017 1565 1074 αὐτῶν
1605 1017 1932 1072 παλαιώσει

361 1111 512 1182 ᾅδης
547 1113 666 1168 ἀπὸ
698 1111 808 1180 τῆς
846 1111 1137 1178 οἰκήσεως
1169 1109 1278 1180 τῆς
1319 1111 1562 1182 ἐντίμου
1608 1111 1812 1166 αὑτοῦ.
1865 1111 1930 1164 Ὃ

363 1203 472 1276 γὰρ
501 1203 684 1272 ἔδοξαν
718 1207 1018 1277 περιποιεῖν
1051 1207 1262 1268 ἑαυτοῖς
1293 1203 1552 1276 κραταιὸν
1583 1203 1670 1258 διὰ
1701 1204 1800 1274 τῆς
1833 1205 1932 1276 ἐμ-

361 1291 590 1364 φυείσης
615 1295 674 1346 ὲν
695 1293 878 1356 αὐτοῖς
911 1291 1127 1356 κακίας,
1153 1291 1310 1346 τοῦτο
1337 1291 1634 1346 παλαιώσει
1658 1295 1687 1346 6
1719 1293 1852 1364 ᾅδης
1875 1295 1930 1346 ἐν

359 1383 480 1446 ταῖς
519 1383 764 1450 οἰκήσεσι
803 1385 917 1446 ταῖς
955 1383 1096 1452 παρ’
1129 1381 1296 1454 αὐτῷ.
1335 1383 1448 1438 Καὶ
1491 1383 1650 1438 τοῦτο
1691 1384 1790 1454 μὲν
1821 1385 1930 1437 τῶν

358 1473 574 1528 ἀσεϐῶν
609 1475 670 1528 τὸ
699 1475 870 1538 τέλος.
903 1477 965 1528 Οἱ
999 1475 1052 1528 δὲ
1083 1475 1326 1538 εὐσεϐεῖς
1355 1475 1474 1530 κατ’
1516 1477 1694 1531 ἐκεῖνο
1735 1476 1926 1548 καιροῦ

361 1565 574 1636 πρωτας
623 1567 942 1634 ἀξιωθέντες
984 1569 1078 1620 καὶ
1113 1568 1234 1621 νέου
1283 1567 1482 1638 φωτὸς,
1526 1567 1790 1640 ἀνατολῆς
1829 1569 1928 1640 τῆς

357 1658 468 1710 τῶν
511 1657 722 1712 ἀσεϐῶν
767 1659 1276 1732 κατακυριεύσουσι·
1315 1661 1350 1732 ἢ
1385 1659 1528 1716 κατὰ
1553 1661 1644 1714 τὺν
1675 1661 1924 1714 Ἀκύλαν·

356 1745 448 1800 ἐνὶ
469 1747 898 1816 κρατήσουσιν,
925 1749 958 1822 ἢ
979 1747 1120 1802 κατά
1139 1747 1228 1802 τὸν
1257 1749 1570 1820 Σύμμαχον·
1589 1749 1924 1814 ὐποτάξου-

2039 645 2294 712 litudine,
2341 653 2504 714 atque
2547 639 3006 696 irrationabilium
3054 635 3394 698 animalium,
3439 631 3612 702 repti-

2039 739 2282 808 liumque
2311 735 2503 790 formis
2533 749 2628 806 per
2659 731 2840 786 varios
2885 727 3252 798 improbitatis
3277 723 3470 778 modos
3497 721 3614 776 aui-

2039 845 2142 885 mae
2173 844 2288 884 suae
2335 826 2546 888 ascitis,
2593 824 2649 880 in
2695 819 3007 878 habitaculo
3037 817 3234 872 inferni
3273 819 3608 870 conteretur.

2041 921 2356 978 Secundum
2395 915 2784 990 Symmachum
2821 919 3002 968 autem
3023 952 3038 978 ,
3063 909 3224 963 robur
3261 921 3443 962 eorum
3471 904 3612 958 anti-

2037 1011 2218 1084 quabit
2271 1011 2510 1082 infernus
2559 1025 2592 1062 a
2641 1007 2870 1078 pretioso
2931 1001 3236 1056 habitacula
3285 999 3422 1070 ejus.
3475 995 3610 1050 Nam

2037 1105 2206 1160 robur
2229 1104 2384 1170 illud,
2405 1101 2548 1173 quod
2577 1099 2680 1156 sibi
2709 1098 2780 1152 ob
2797 1097 3017 1152 insitam
3037 1093 3302 1148 malitiam
3327 1089 3612 1160 acquirere

2035 1199 2384 1258 videbantur,
2443 1192 2748 1262 antiquabit
2789 1187 3036 1244 infernus
3087 1191 3140 1240 in
3187 1181 3612 1238 habitationibus

2035 1289 2236 1344 ibidem
2267 1287 2484 1358 positis.
2525 1283 2590 1336 Et
2631 1283 2720 1336 hic
2763 1279 2986 1350 quidem
3029 1277 3320 1346 impiorum
3357 1273 3502 1328 ﬁnis.
3529 1271 3610 1324 Pii

2035 1391 2216 1436 autem
2255 1381 2346 1434 illo
2387 1389 2652 1446 tempore.
2685 1371 2952 1428 matutina
2989 1380 3041 1424 et
3069 1383 3208 1424 nova
3249 1367 3371 1420 luet:
3399 1361 3609 1426 donati,

2036 1473 2236 1528 orienti
2281 1471 2572 1542 impiorum
2619 1467 3086 1526 dmninabuntur;
3131 1461 3266 1526 sive,
3307 1457 3609 1514 secundum

2035 1564 2308 1636 Aquilam,
2330 1562 2698 1634 imperabunt;
2719 1555 3160 1624 sive,secundum
3195 1549 3609 1622 Symmachum,

2034 1654 2308 1724 subiicient
2344 1653 2467 1709 sibi.
2507 1649 2640 1704 Nam
2682 1663 2806 1704 cum
2839 1645 2993 1718 impii
3039 1643 3130 1698 hic
3165 1641 3458 1714 proborum
3492 1641 3610 1692 ani-

2035 1761 2154 1802 mas
2177 1743 2570 1816 depresscrint,
2605 1743 2720 1796 illic
2749 1741 2984 1794 animam
3005 1737 3220 1810 piorum
3245 1730 3518 1794 liberabit.
3550 1740 3614 1782 ut

359 1853 466 1892 σιν
493 1837 716 1906 αὐτοῖς.
755 1838 874 1894 Τῶν
907 1839 1014 1914 γὰρ
1043 1841 1278 1896 ἐνταῦθα
1321 1841 1774 1896 ταπεινωσὰντων
1807 1841 1923 1906 τοὺς

2035 1855 2102 1894 ne
2129 1853 2234 1892 una
2265 1853 2390 1892 cum
2427 1835 2612 1906 impiis
2643 1833 2982 1888 abducantur
2997 1847 3026 1896 ;._
3041 1827 3138 1884 sed
3167 1827 3222 1882 in
3251 1825 3376 1882 aliis
3395 1821 3534 1878 locis
3555 1829 3610 1878 et

357 1929 536 1996 εὐθεῖς
565 1931 796 1998 ἀσεϐῶν,
831 1933 948 1986 ἐκεῖ
997 1933 1218 2004 ῥύσεται
1251 1933 1351 2004 τῆν
1379 1933 1558 2006 ψυχὴν
1597 1935 1738 2006 πρὸς
1767 1935 1828 1988 τὺ
1857 1935 1931 2008 μὴ

358 2021 770 2094 ωναπαχθῆναι
811 2027 925 2088 τοῖς
963 2023 1238 2090 ἀσεϐέσιν,
1280 2025 1394 2078 ἀλλ’
1439 2025 1498 2080 ὲν
1532 2025 1740 2096 ἑτέροις
1789 2021 1930 2082 εἶναι

355 2113 577 2184 χωρίοις
601 2131 662 2168 τε
697 2115 790 2168 καὶ
823 2115 1114 2186 ποιμνίοις.

429 2205 560 2258 ὀτι
587 2205 812 2275 ἡψυχή
840 2205 1026 2262 αὑτοῦ
1042 2207 1112 2260 ἐν
1133 2207 1210 2276 τῇ
1235 2205 1351 2276 ζωῇ
1380 2207 1566 2264 αὐτοῦ
1597 2208 1930 2280 εὐλογηθή-

353 2309 548 2358 σεται,
564 2295 1073 2366 ἐξομολογήσεται
1102 2313 1202 2352 σοι
1239 2299 1388 2354 ὅταν
1411 2299 1716 2368 ἀγαθύνῃς
1747 2297 1924 2363 αὐτῷ.

367 2383 428 2436 '0
449 2381 548 2454 μὲν
583 2381 791 2448 δίκαιος
814 2385 1026 2454 εὐλογεῖ
1051 2387 1140 2440 τὸν
1168 2387 1370 2460 Κύριον
1403 2389 1462 2442 ὲν
1488 2389 1648 2444 παντὶ
1681 2389 1874 2462 καιρῷ·
1901 2391 1930 2444 6

351 2469 412 2562 δέ
441 2471 762 2562 ἀμαρτωλρς
803 2475 1162 2544 τοτηνικαῦτα
1189 2476 1698 2549 ὲξομολογουμένος,
1719 2479 1930 2550 εὐλογεῖ

349 2559 446 2616 τὸν
467 2561 600 2616 Θεὸν
615 2559 848 2636 ὁπηνίκα
875 2565 942 2620 ἂν
980 2567 1180 2636 ἀγαθόν
1208 2585 1262 2622 τι
1289 2569 1438 2642 αὐτῷ
1465 2571 1528 2624 ἐκ
1555 2569 1690 2626 Θεοῦ
1721 2573 1920 2644 ἀποϐῇ.

737 2675 1030 2732 ΨΑΛΜΟΣ
1067 2677 1154 2732 ΤΩ
1189 2679 1363 2732 ΛΣΛΦ
1400 2681 1534 2736 MO’.

421 2769 484 2824 Oi
525 2769 994 2840 ἐπιγεγραμμένοι
1013 2769 1106 2824 τοῦ
1148 2769 1320 2842 Ἀσάφ
1375 2773 1482 2828 εἰσι
1521 2771 1622 2844 μὲν
1645 2773 1696 2828 οἱ
1729 2773 1928 2840 πάντες

349 2855 446 2914 τον
477 2859 704 2932 ἀριθμὸν
739 2861 822 2912 ιϐ’·
854 2860 1052 2932 ἑφεξῆς
1079 2861 1136 2916 δὲ
1159 2864 1208 2916 οἱ
1237 2870 1304 2918 ια’
1331 2863 1624 2936 ἀρχόμενοι
1665 2867 1772 2920 ἀπὸ
1829 2867 1926 2920 τοῦ

351 2951 450 3006 οϐ’·
485 2953 544 3020 ἐξ
581 2945 654 3006 ὧν
685 2953 714 3008 6
749 2951 938 3026 παρὼν
971 2953 1296 3026 ἀπεσπάσθη
1335 2955 1686 3028 ψαλμδς,οὑχ
1715 2957 1921 3022 ἁπλῶς·

347 3041 478 3098 ἀλλ’
515 3044 748 3118 ἐπείπερ
791 3047 820 3098 6
861 3043 970 3118 πρό
1008 3045 1198 3098 τούτου
1255 3045 1470 3118 ψαλμὸς
1517 3048 1646 3120 περὶ
1689 3047 1924 3120 κρίσεως

347 3135 442 3188 τοῦ
463 3135 607 3228 Θεοῦῗ
627 3137 978 3228 διεστέλλετο,
1003 3137 1240 3202 τοιοῦτος
1264 3141 1326 3196 δὲ
1353 3141 1446 3194 καὶ
1473 3141 1502 3194 6
1535 3139 1748 3214 παρὼν,
1777 3143 1922 3196 εικό-
1952 3171 1994 3228 C

345 3243 454 3292 τως
483 3227 622 3282 κατά
655 3227 813 3282 τοῦτο
851 3229 1174 3284 ἀκολουθίαν
1216 3231 1452 3296 ἐδέξατο.
1511 3231 1672 3286 Ἀλλά
1701 3235 1796 3288 καὶ
1825 3233 1924 3305 τὴν

343 3319 432 3376 διὰ
457 3321 734 3387 Μωῡσέως
769 3322 1088 3394 ἀνατρέπων
1115 3323 1454 3394 νομοθεσίαν,
1473 3325 1804 3398 παραδίδωσι
1827 3327 1924 3396 τῆς

343 3413 540 3484 καινῆς
585 3415 860 3486 Διαθήκης
907 3415 1000 3470 τὺν
1051 3417 1270 3482 δοθέντα
1323 3421 1436 3482 τοῖς
1483 3419 1660 3474 ἔθνεσι
1701 3421 1920 3492 τρόπον.

345 3503 458 3560 Καὶ
483 3504 642 3558 τοῦτο
673 3505 730 3558 δὲ
774 3502 844 3578 ἦν
877 3509 934 3560 ὲν
971 3511 1080 3572 τοῖς
1112 3508 1220 3562 τῶν
1261 3509 1390 3564 υἱῶν
1455 3511 1600 3584 Κορὲ
1658 3511 1915 3584 ψαλμοῖς·

339 3591 538 3660 οἵτινες
561 3597 654 3649 καὶ
685 3597 836 3650 αὐτοὶ
863 3599 1186 3670 τυγχάνουσι
1215 3601 1312 3672 μὲν
1341 3601 1426 3656 ιϐ’.
1471 3603 1604 3656 Ἀλλ’
1631 3611 1680 3674 η’
1714 3607 1762 3656 οἱ
1791 3623 1922 3676 προ-

343 3685 598 3752 λαϐόντες
619 3689 812 3760 ἐφεξῆς
837 3691 1238 3764 κατετάγησαν,
1263 3687 1338 3748 ὧν
1385 3695 1832 3760 ἀποσπασθέντες
1871 3701 1918 3751 oi

345 3775 622 3842 λείποντες
667 3779 950 3852 τέσσαρες,
997 3783 1136 3854 μετὰ
1163 3785 1290 3848 τοὺς
1330 3783 1424 3838 τοῦ
1463 3785 1635 3856 nam;
1675 3785 1921 3858 ψαλμοὺς

345 3871 741 3942 ωτετάγησαν·
773 3871 902 3938 ἴσως
923 3875 1044 3928 ἐπεὶ
1073 3877 1124 3928 οἱ
1151 3875 1247 3930 τοῦ
1303 3877 1460 3948 Ασάφ
1493 3879 1712 3946 πάντες,
1739 3880 1814 3944 ὡς
1843 3883 1921 3934 εί-

341 3962 486 4026 πεῖν,
531 3961 626 4016 τοῦ
675 3965 888 4036 Ἰσραὴλ
921 3965 1206 4032 ἐθέσπιζον
1238 3967 1338 4038 τῆν
1365 3969 1636 4042 ἀποϐολὴν
1657 4013 1670 4036 ,
1703 3972 1796 4024 καὶ
1819 3971 1920 4042 τὴν

343 4055 426 4118 εις
449 4053 628 4110 πάντα
655 4055 724 4110 τὰ
755 4057 880 4128 ἔθνη
923 4057 1246 4130 διασπορὰν,
1295 4059 1415 4131 μεθ’
1447 4061 1516 4132 ἣν
1545 4063 1580 4132 ἡ
1623 4061 1782 4134 χάρις
1823 4063 1918 4116 τοῦ

341 4145 480 4200 Θεοῦ
517 4145 588 4202 τὰ
629 4147 756 4220 ἔθνη
801 4149 975 4203 πάντα
1007 4149 1290 4222 μετῆλθεν·
1337 4149 1460 4206 ὅθεν
1501 4152 1550 4204 οἱ
1591 4151 1768 4204 λοιποὶ
1809 4152 1918 4205 τῶν

341 4239 474 4296 υἱῶν
507 4241 652 4314 Κορὲ
677 4241 883 4314 ψαλμοὶ
913 4242 1236 4308 διεδέξαντο,
1267 4243 1366 4316 τὴν
1399 4243 1510 4298 τῶν
1537 4243 1708 4299 ἐθνῶν
1741 4247 1916 4300 ἁπάν-

337 4345 448 4384 των
477 4331 936 4402 προαγορεύοντες
953 4332 1166 4402 κλῆσιν.

409 4421 556 4487 Θεὸς
575 4421 726 4476 θεῶν
737 4425 952 4490 Κύριος
965 4423 1240 4492 ἐλάλησε,
1257 4425 1356 4480 καὶ
1373 4425 1628 4484 ἐκάλεσε
1647 4427 1760 4496 τὴν
1779 4427 1914 4498 γῆν.

2034 1930 2266 1986 ovilibus
2288 1927 2508 2000 degant.

2099 2195 2268 2253 Vsus.
2305 2197 2392 2252 l9.
2428 2196 2570 2264 Quia
2604 2195 2786 2248 anima
2813 2193 2938 2258 eius.
2961 2193 3014 2246 in
3053 2191 3162 2246 vita
3199 2189 3364 2258 ipsius
3397 2185 3606 2242 benedi-

2029 2301 2196 2356 cctur,
2239 2289 2576 2360 conﬁtebitur
2619 2285 2714 2340 tibi
2765 2303 2886 2340 cum
2921 2283 3046 2339 bene
3083 2281 3270 2352 feceris
3305 2281 3372 2334 ci.
3415 2277 3608 2334 Justus

2029 2383 2176 2438 omni
2209 2389 2450 2452 tempore
2496 2379 2770 2434 benedicit
2807 2377 2954 2444 Deo;
2991 2383 3248 2448 peccator
3271 2383 3448 2426 autem
3477 2381 3608 2426 tunc

2028 2475 2300 2532 conﬁtens
2339 2475 2518 2530 solum
2547 2471 2820 2528 benedicit
2851 2469 2980 2533 Deo,
3017 2485 3140 2528 cum
3179 2467 3308 2538 quid
3343 2467 3468 2520 boni
3503 2465 3606 2520 sibi

2029 2583 2058 2622 a
2083 2567 2194 2623 Deo
2233 2567 2540 2622 obvenerit.

2345 2683 2398 2736 i.
2425 2675 2746 2734 PSALMUS
2783 2673 3010 2730 ASAPH
3051 2672 3238 2728 XLIX.

2097 2772 2202 2840 Qui
2227 2771 2410 2845 Asaph
2455 2769 2708 2842 inscripti
2739 2775 2892 2836 sunt,
2921 2783 3112 2824 omnes
3139 2781 3369 2820 numero
3401 2763 3606 2820 duode~

2027 2865 2135 2920 cim
2167 2873 2408 2922 exstant.
2453 2863 2514 2918 In
2545 2861 2902 2934 sequentibus
2931 2873 3062 2916 vero
3091 2859 3182 2914 alii
3223 2857 3477 2914 undecim
3507 2855 3606 2910 ha-

2027 2959 2244 3022 bentur,
2273 2957 2366 3028 qui
2407 2971 2438 3010 a
2467 2971 2616 3012 Lxxu
2669 2955 2946 3026 incipiunt
2975 2971 2990 3010 :
3022 2969 3094 3010 ex.
3131 2951 3330 3026 quibus
3363 2965 3606 3022 praesens

2025 3049 2270 3122 psalmus
2301 3049 2524 3106 avulsus
2546 3055 2652 3110 est,
2675 3061 2778 3104 nec
2799 3047 2918 3102 sine
2945 3061 3133 3100 causa.
3171 3043 3278 3100 Sed
3306 3043 3434 3114 quia
3468 3057 3604 3112 prm-

2027 3141 2228 3198 cedens
2255 3141 2504 3214 psalmus
2531 3141 2598 3196 de
2623 3139 2716 3196 Dei
2747 3137 2972 3210 judicio.
2989 3135 3348 3196 edisserebat,
3372 3149 3436 3188 ac
3467 3149 3604 3204 pra:-

2033 3251 2160 3292 sens
2189 3235 2386 3292 similis
2423 3241 2510 3290 est
2541 3233 2882 3304 argumenti;
2909 3229 3104 3286 merito
3137 3235 3259 3298 post
3289 3225 3442 3280 illum
3475 3241 3605 3280 con-

2033 3337 2324 3398 sequenter
2351 3329 2560 3396 positus
2586 3333 2690 3380 est.
2719 3323 3010 3378 Enimvero
3029 3335 3216 3376 eversa
3233 3317 3436 3390 Moysis
3463 3318 3600 3388 lege,

2031 3419 2154 3475 novi
2177 3417 2505 3476 Testamenti
2533 3414 2756 3470 modum
2791 3413 3043 3486 gentibus
3083 3411 3342 3466 traditum
3373 3409 3602 3480 profert.

2027 3510 2206 3581 Atque
2259 3509 2494 3580 idipsum
2543 3507 2724 3564 evenit
2765 3505 2820 3560 in
2867 3505 3094 3576 psalmis
3143 3503 3378 3558 ﬁliorum
3421 3501 3600 3556 Core:

2027 3603 2120 3674 qui
2169 3611 2224 3656 et
2273 3601 2374 3672 ipsi
2419 3615 2652 3656 numero
2699 3597 3010 3654 duodecim.
3065 3595 3171 3652 Sed
3219 3605 3344 3650 octo
3390 3593 3602 3664 priores

2027 3695 2286 3764 deinceps
2327 3693 2490 3766 positi
2524 3699 2674 3756 sunt,
2707 3707 2738 3746 a
2768 3691 2970 3762 quibus
3001 3691 3180 3748 avulsi
3212 3697 3450 3760 quatuor
3477 3687 3604 3744 reli-

1981 3799 1988 3814 τ
2025 3777 2141 3858 qui,
2171 3795 2294 3858 post
2317 3787 2562 3858 psalmos
2589 3784 2772 3854 Asaph
2803 3793 2932 3840 sunt
2961 3783 3246 3838 constituti
3277 3781 3452 3838 :forte
3473 3781 3602 3850 quia

2025 3879 2228 3948 Asapbi
2263 3877 2376 3932 fere
2407 3892 2620 3941 omnes,
2651 3875 2874 3930 Israelis
2914 3875 3272 3945 abjectionem
3305 3879 3358 3928 et
3397 3873 3450 3926 in
3485 3889 3600 3924 0m-

2025 3987 2122 4026 ncs
2145 3983 2336 4042 gentes
2367 3969 2759 4038 dispersiouem
2785 3967 3242 4026 vaticinabantur.
3281 3975 3404 4036 post
3437 3981 3600 4036 quam

2025 4064 2120 4120 Dei
2149 4063 2324 4134 gratia
2355 4077 2550 4122 omnes
2587 4070 2776 4132 gentes
2815 4059 2988 4124 adiit;
3023 4071 3196 4128 quare
3235 4057 3436 4128 reliqui
3471 4055 3598 4112 ﬁlio-

2025 4171 2142 4210 rum
2174 4153 2314 4210 Core
2339 4153 2535 4226 psalmi
2563 4153 2688 4210 illos
2715 4160 3070 4222 exceperunt,
3095 4149 3200 4220 qui,
3219 4147 3598 4204 universarum

2023 4249 2266 4320 gentium
2299 4247 2642 4302 vocationem
2679 4245 3064 4316 praenuntiant.

2093 4427 2257 4482 Vens.
2281 4429 2336 4482 2.
2362 4429 2503 4482 Deus
2531 4427 2746 4484 deorum
2785 4427 3034 4482 Dominus
3067 4427 3272 4482 locutus
3309 4435 3410 4492 est,
3439 4437 3488 4482 et
3513 4443 3594 4481 ro-

335 4513 402 4568 Οί
427 4513 604 4568 λοιποὶ
633 4515 690 4570 δὲ
721 4519 870 4588 τρεῖς
893 4519 1264 4590 ήρμήνευσαν·
1284 4519 1556 4590 Ἰσχιιοὸς
1573 4521 1716 4586 Θεὸς
1735 4520 1923 4586 λαλή-

2033 4523 2168 4576 cauit
2216 4533 2432 4578 terram.
2469 4521 2684 4594 Reliqui
2739 4533 2848 4578 tres
2903 4525 2984 4578 sic
3035 4523 3374 4590 interpretati
3427 4529 3596 4575 sunt:

1429 4617 1452 4631 ᾗ

335 4625 454 4676 σας
477 4609 736 4666 ἐκάλεσε
781 4611 896 4682 τὴν
939 4613 1078 4684 γῆν.
1133 4615 1196 4668 Οἱ
1233 4615 1288 4668 δὲ
1327 4615 1734 4688 Ἑϐδομήκοντσ.
1763 4617 1918 4684 θεοὺς

335 4701 606 4758 ἐκάλεσαν
619 4703 748 4768 τούς
773 4723 832 4758 τε
853 4705 1122 4778 ἄρχοντας
1145 4707 1240 4767 xui.
1263 4707 1474 4781 κριτὰς,
1501 4710 1637 4782 ὅπερ
1661 4709 1788 4764 ἴδιον
1817 4711 1916 4782 μό-

333 4811 428 4846 νου
471 4793 628 4848 Θεοῦ.
681 4795 986 4869 Τοιγαροῦν
1025 4801 1084 4853 ὲν
1116 4807 1208 4854 m.’
1249 4799 1446 4872 ψαλμῷ
1493 4803 1806 4874 προφήσας·
1849 4803 1912 4858 '0

335 4887 480 4952 Θεός
503 4885 654 4956 ἔστη
681 4887 753 4940 ἐν
779 4889 1102 4960 συναγωγῇ
1135 4891 1304 4958 θεῶν,
1343 4893 1414 4946 ὲν
1448 4891 1618 4962 μέσῳ
1645 4893 1714 4948 δὲ
1737 4896 1912 4962 θεοὺς

333 4975 620 5048 διακρίνει
639 5019 654 5046 ,
695 4981 974 5053 ἐπήγαγεν
995 4999 1008 5012 ·
1055 4983 1202 5050 Ἕως
1221 4985 1366 5039 πότε
1392 4987 1624 5054 κρίνετε
1643 4987 1912 5054 adnitar;

329 5067 488 5124 Οὕτω
521 5071 616 5124 καὶ
639 5073 670 5126 6
699 5072 864 5144 νόμος
885 5073 1186 5148 διαγορεύει
1203 5097 1216 5108 ·
1252 5077 1438 5146 Θεοὺς
1475 5081 1548 5134 οὐ
1577 5081 1912 5151 κακολογή-

331 5175 482 5229 σεις,
505 5163 604 5218 καί
625 5163 924 5234 ἄρχοντας
937 5167 1044 5222 τοῦ
1063 5168 1220 5224 λαοῦ
1245 5185 1360 5224 σου
1383 5171 1494 5224 οὐκ
1517 5169 1672 5238 ἐρεῖς
1690 5169 1906 5236 κακῶς.

331 5253 584 5326 Boiam;
615 5257 660 5310 δ’
695 5257 762 5312 ἂν
793 5257 1040 5328 κληθεῖεν
1067 5263 1116 5315 οἱ
1151 5263 1212 5316 τὸ
1257 5265 1380 5316 κατ’
1419 5263 1602 5316 εἰκόνα
1649 5261 1910 5331 φυλάξαν-

329 5361 422 5410 τες
445 5363 460 5378 ·
489 5351 518 5402 6
545 5347 750 5404 τούτων
791 5349 922 5414 Θεὸς
975 5355 1152 5408 πᾶσαν
1208 5355 1428 5424 συνάγει
1467 5353 1564 5426 τὴν
1587 5354 1910 5426 οἰκουμένην

329 5439 412 5502 είς
433 5439 496 5494 τδ
527 5442 808 5514 κριτήριον
829 5459 840 5472 ·
871 5443 1032 5507 αὐτὸς
1055 5443 1128 5500 ὢν
1151 5451 1180 5498 6
1206 5449 1410 5520 Κύριος
1435 5451 1464 5502 ὁ
1505 5445 1600 5500 τοῦ
1657 5445 1792 5500 Θεοῦ
1811 5447 1910 5500 Λό-

331 5547 428 5598 γος
459 5533 888 5608 ὲνανθρωπήσας
935 5537 1162 5608 ὲλάλησε
1191 5537 1280 5592 διά
1311 5539 1402 5594 τοῦ
1437 5537 1796 5607 Εὐαγγελίου,
1815 5539 1908 5592 καὶ

333 5623 540 5690 πάντας
567 5627 664 5696 μὲν
689 5627 862 5692 καλεῖ,
887 5627 946 5681 ού
974 5629 1172 5694 πάντες
1201 5631 1514 5702 ὑπήκουσαν
1559 5631 1638 5704 τῷ
1663 5631 1906 5698 Εὐαγγε-

405 5781 454 5814 "
485 5783 630 5840 Psal.
669 5801 852 5850 ωιτη,
891 5785 940 5838 1.
1021 5783 1064 5814 ³³
1107 5785 1238 5840 ibid.
1273 5785 1322 5838 9..
1403 5787 1446 5818 ³⁵
1489 5787 1654 5840 Exod.
1693 5801 1826 5850 nu,
1863 5783 1950 5840 23.

2025 4613 2206 4668 Fortis
2231 4613 2368 4669 Deus
2395 4617 2605 4686 loquens
2628 4618 2822 4670 uacauit
2839 4626 3054 4672 terram.
3085 4613 3224 4670 LXX
3255 4621 3434 4668 autem
3463 4613 3598 4668 deos

2022 4717 2288 4762 vocarunt
2321 4707 2598 4778 principes
2619 4723 2684 4762 ac
2719 4707 2956 4778 judices,
2997 4707 3142 4778 quod
3185 4705 3466 4778 pmprium
3499 4719 3594 4758 so-

2016 4799 2123 4856 lius
2163 4799 2258 4856 Dei
2296 4809 2400 4856 est.
2437 4799 2718 4872 Siquidem
2753 4801 2808 4854 iu
2853 4817 3018 4854 LXXXI
3053 4801 3266 4870 psalmo
3303 4805 3592 4870 postquam

2017 4891 2256 4955 dixerat,
2295 4891 2436 4948 Deus
2459 4893 2604 4946 stetit
2647 4893 2698 4946 in
2735 4909 3002 4964 synagoga
3045 4893 3284 4956 deorum,
3329 4893 3384 4944 in
3423 4889 3593 4944 medio

2021 4995 2194 5042 autem
2225 4985 2352 5040 deos
2392 4985 2656 5050 diiudicat
2672 4985 2750 5052 ³³;
2801 4985 3110 5054 subiunxit,
3149 4981 3422 5054 Usquequo
3443 4981 3592 5052 judi-

2017 5079 2152 5134 catis
2193 5078 2622 5149 iniquitatem“?
2652 5075 2744 5133 Sic
2769 5087 2824 5134 et
2860 5079 2950 5134 lex
2993 5076 3240 5148 praecipit
3279 5092 3292 5128 :
3325 5073 3442 5130 Diis
3493 5091 3592 5128 non

2015 5169 2320 5232 maledicas,
2352 5179 2400 5224 et
2441 5169 2764 5239 principibus
2800 5169 2986 5241 populi
3021 5171 3098 5224 tui
3133 5185 3236 5222 non
3267 5167 3588 5222 conviciaba-

2015 5263 2092 5317 ris
2108 5263 2174 5318 ³⁵.
2207 5261 2338 5318 lure
2383 5265 2466 5319 sic
2509 5271 2772 5318 vocentur
2793 5261 2888 5332 qui
2943 5263 3232 5332 imaginem
3271 5263 3418 5315 illam
3457 5261 3510 5314 in
3539 5277 3588 5314 sc

2015 5357 2374 5418 servaverint,
2397 5371 2630 5426 quorum
2657 5353 2806 5408 Deus.
2831 5363 3000 5408 totum
3033 5353 3220 5408 orbem
3241 5351 3310 5406 ad
3327 5351 3590 5420 judicium

2017 5459 2208 5502 evocat
2241 5465 2254 5499 :
2292 5449 2518 5520 ipseque
2563 5447 2830 5504 Dominus
2867 5447 2962 5504 Dei
2983 5448 3238 5510 Verbum.
3277 5445 3588 5500 incarnatus

2017 5555 2112 5610 per
2135 5538 2488 5610 Evangelium
2535 5541 2754 5596 locutus
2787 5547 2872 5596 est
2905 5547 2998 5596 :et
3021 5555 3216 5594 omnes
3243 5535 3462 5608 quidem
3497 5551 3586 5590 vo.

2017 5639 2126 5695 cat,
2171 5631 2266 5686 sed
2297 5647 2404 5686 non
2439 5647 2630 5688 omnes
2679 5633 2926 5688 obsecuti
2957 5639 3084 5686 sunt
3135 5627 3447 5698 Evangelio.
3487 5625 3588 5682 Sed
