4100 6442
591 388 697 446 455
1288 391 1553 453 EUSEBII
1589 397 2060 457 CESARIENSIS
2103 399 2252 457 OPP.
2290 397 2472 458 PARS
2504 398 2590 454 Ili.
2617 429 2688 441 —
2713 396 3120 462 EXEGETICA.
3737 391 3828 449 $36

590 505 687 576 qui
737 505 1080 576 obedierunt,
1132 508 1403 579 promissa
1446 513 1877 584 nanciscuntur;
1925 517 1992 573 iis
2025 533 2154 574 vero

2263 517 2372 587 lim.
2434 516 2642 568 Ἀλλ⁰οί
2675 514 2774 584 μὲν
2801 511 3204 575 ὑπακούσαντες
3249 510 3369 564 τῶν
3420 507 3832 579 ἐπηγγελμένων

591 596 682 668 qui
713 598 940 667 gratiam
957 608 1420 672 contempserunt,
1449 603 1504 658 in
1529 607 1766 674 glorioso
1793 623 1893 664 suo
1913 610 2147 665 adventu

2263 609 2606 679 τυγχάνουσι·
2637 608 2748 669 τοῖς
2769 604 2826 657 δέ
2851 604 2946 675 τὴν
2972 605 3129 674 χάριν
3156 601 3446 665 ἁθετοῦσι,
3481 599 3546 653 τὸ
3570 598 3682 672 πῦρ
3703 603 3853 686 amet

591 689 771 759 ignem
818 691 1203 757 comminatur,
1248 702 1512 751 venturus
1539 713 1606 752 ex
1641 700 1850 756 caelesti
1903 701 2056 768 Sion,
2083 690 2150 758 de

2263 702 2337 754 λεῖ
2366 698 2505 754 κατὰ
2530 699 2627 769 τὴν
2660 697 2867 762 ἔνδοξον
2898 695 3059 750 αὐτοῦ
3095 693 3433 766 παρουσίαν,
3472 693 3626 763 ἥξων
3661 695 3722 746 ἐκ
3750 687 3853 766 τῆι,’

591 797 699 853 qua
725 781 926 837 Paulus
953 784 1027 837 ait
1057 805 1069 838 :
1105 783 1184 838 Ea
1211 801 1352 850 vero,
1374 804 1490 857 qum
1519 791 1826 845 sursum'est
1853 791 2150 848 Jerusalem

591 873 756 927 libera
783 883 881 938 est,
914 891 1030 945 qua:
1052 885 1129 930 est
1150 887 1317 932 mater
1337 887 1518 934 nostra
1531 881 1596 946 ³⁶;
1628 889 1681 937 et
1707 903 1719 936 :
1748 883 2054 939 Accessistis
2083 887 2153 940 ad

593 963 723 1019 Sion
746 975 970 1020 montem
998 975 1045 1020 et
1069 968 1328 1023 civitatem
1361 969 1456 1023 Dei
1472 972 1704 1034 viventis,
1737 974 2032 1029 Jerusalem
2053 993 2154 1031 cae-

593 1057 772 1111 testem
791 1058 856 1110 ³⁷.
894 1056 1096 1127 Species
1151 1071 1330 1116 autem
1371 1063 1573 1118 decoris
1623 1074 1705 1120 est
1752 1067 1990 1135 gloriosa
2035 1069 2154 1138 ejus

591 1148 942 1217 theophania,
977 1166 1140 1220 quam
1175 1160 1360 1221 aperte
1403 1155 1646 1210 declarat
1676 1157 1808 1212 illud
1841 1175 1854 1210 :
1881 1158 2020 1213 Deus
2049 1177 2157 1214 ma-

589 1237 780 1306 nifeste
811 1240 998 1295 veniet.
1045 1238 1102 1294 In
1133 1243 1309 1311 primo
1362 1245 1544 1314 itaque
1591 1247 1822 1302 adventu
1874 1265 1996 1312 suo,
2026 1251 2154 1304 dum

587 1329 656 1382 ab
701 1328 1012 1387 hominibus
1030 1332 1238 1400 judicio
1269 1337 1706 1401 examinaretur,
1743 1340 1957 1405 silebat,
1987 1350 2158 1396 tanta-

587 1433 697 1487 que
733 1434 1026 1489 perpessus
1059 1439 1166 1476 non
1199 1440 1322 1479 sese
1363 1426 1745 1492 ulciscebatur,
1775 1445 1875 1484 nec
1902 1432 2157 1486 omnibus

587 1525 750 1564 suam
781 1511 1071 1567 exhibebat
1117 1514 1392 1570 deitatem.
1429 1517 1592 1580 Tunc,
1638 1520 1734 1583 ait,
1776 1521 2047 1590 manifeste
2076 1539 2158 1576 t'e-

591 1601 694 1654 aiet
728 1610 776 1655 et
798 1619 901 1656 non
931 1604 1123 1658 silebit.
1147 1606 1294 1676 Ignis
1333 1615 1513 1663 autem
1549 1619 1898 1680 praeverteris,
1934 1629 2156 1682 regnum

593 1694 715 1762 ejus
745 1703 1031 1765 expurgat,
1081 1711 1322 1764 omnem,
1356 1715 1475 1768 qua:
1514 1701 1597 1754 uri
1642 1710 1837 1771 potest,
1880 1705 2158 1759 materiem

596 1785 906 1848 absumens,
939 1795 996 1840 ut
1026 1803 1201 1857 neque
1222 1789 1386 1859 ligna,
1412 1803 1586 1860 neque
1608 1792 1812 1856 fenum,
1850 1812 2024 1866 neque
2061 1813 2159 1866 pa—

2260 790 2578 863 ἐπουρανίου
2628 789 2768 844 Σιὼν
2788 829 2803 852 ,
2839 788 2966 860 περὶ
2991 783 3059 858 ἧς
3084 787 3114 838 ὁ
3165 785 3389 850 Παῦλος
3439 783 3613 853 φησίν
3636 800 3650 813 ·
3693 783 3752 836 Ἠ
3780 785 3839 838 δὲ

2258 884 2378 938 ἄνω
2409 880 2789 951 Ἰερουσαλὴμ
2809 878 3092 946 ἐλευθέρα
3113 877 3307 940 ἐστὶν,
3341 875 3481 942 ἣτις
3503 874 3644 930 ἐστὶ
3657 874 3840 946 μήτηρ

2261 975 2455 1044 ήμῶν-ο
2492 974 2606 1035 καὶ,
2655 971 3148 1040 Προσεληλύθατε
3169 967 3327 1021 Σιὼν
3355 966 3489 1034 ὄρει
3538 966 3638 1019 καί
3683 969 3840 1020 πόλει

2265 1067 2411 1120 Θεοῦ
2434 1063 2666 1130 ζῶντος,
2705 1061 3089 1132 Ἰερουσαλὴμ
3119 1057 3842 1129 ἐποιιρανίφ.Εὺπρέπεια

2260 1159 2317 1212 δέ
2339 1159 2693 1224 ὼραιότητος
2713 1156 2747 1225 ἡ
2773 1152 2976 1217 ἔνδοξος
2992 1151 3156 1205 αὐτοῦ
3182 1152 3487 1222 Θεοφάνεια
3504 1167 3518 1179 ·
3544 1149 3747 1218 ταύτην
3758 1151 3842 1203 καὶ

2261 1250 2340 1314 τὸ,
2381 1250 2443 1301 Ὃ
2470 1246 2611 1313 Θεὸς
2629 1244 2903 1315 ἐμφανῶς
2932 1245 3082 1312 ἥξει,
3102 1245 3264 1316 δηλοῖ.
3298 1241 3474 1296 Κατὰ
3507 1241 3612 1312 μὲν
3640 1236 3732 1293 οὖν

2264 1341 2485 1412 πρώτην
2525 1339 2687 1392 αὑτοῦ
2717 1336 3010 1407 παρουσίαν
3049 1336 3154 1389 ὑπὸ
3180 1333 3497 1406 ἀνθρώπων
3532 1333 3842 1402 κρινόμενος

2263 1425 2469 1480 ἐσιώπα
2487 1443 2498 1456 ο
2528 1425 2646 1477 οὐδὲ
2669 1424 2903 1478 τοσαῦτα
2929 1424 3148 1493 πάσχων
3167 1423 3428 1494 ἠμύνατο
3447 1462 3463 1486 ,
3522 1420 3648 1473 οὐδέ
3693 1424 3843 1475 πᾶσιν

2265 1517 2468 1570 ἐδείκνυ
2495 1516 2594 1586 τὴν
2628 1515 2762 1568 ίδίαν
2789 1513 3015 1583 Θεὸτητα
3033 1532 3046 1544 ·
3076 1515 3210 1567 Τότε
3228 1513 3316 1577 δὲ,
3349 1513 3550 1583 φησὶν,
3579 1511 3843 1581 ἐμφανῶς

2267 1607 2416 1673 ἣξει,
2447 1606 2543 1660 καὶ
2566 1607 2637 1659 οὐ
2664 1604 3208 1672 παρασιωπήσεται.
3235 1602 3653 1676 Προλαμὸἀνον
3699 1603 3753 1656 δὲ
3789 1603 3843 1656 τὸ

2267 1697 2374 1769 πῦρ
2404 1697 2498 1768 τὴν
2521 1696 2684 1756 αὑτοῦ
2717 1695 2988 1766 βασιλείαν
3023 1696 3294 1767 καθαίρει,
3340 1697 3537 1748 πᾶσαν
3564 1693 3700 1765 ῦλην
3726 1712 3846 1746 καυ-

2269 1790 2396 1860 στὴν
2415 1787 2716 1850 ἀναλίσκον,
2749 1788 2882 1858 πρὸς
2910 1786 2970 1839 τὸ
2997 1787 3069 1858 μὴ
3095 1786 3245 1853 ξύλα,
3273 1787 3347 1858 μὴ
3379 1787 3608 1858 χόρτον,
3651 1785 3724 1856 μὴ
3751 1803 3843 1838 κα-

597 1876 699 1940 lea,
736 1885 861 1932 ante
892 1886 1248 1948 conspectum
1283 1880 1404 1948 ejus
1430 1892 1712 1951 appareat.
1740 1885 1941 1956 Arguet
1982 1897 2158 1942 autem

2271 1879 2450 1950 λάμην
2485 1880 2588 1950 πρὸ
2627 1876 2913 1950 προσώπου
2943 1877 3105 1933 αὑτοῦ
3137 1877 3450 1946 φαίνεσθαι.
3521 1876 3760 1944 Ἐλέγξει
3791 1876 3842 1928 δὲ

596 1965 756 2021 simul
785 1974 839 2021 et
881 1969 1222 2037 approbabit,
1259 1971 1381 2025 aliis
1421 1957 1629 2037 dicens,
1667 1973 1866 2037 Venite,
1906 1976 2160 2030 benedicti

597 2057 778 2111 Patris
806 2061 904 2112 mei
923 2059 966 2090 ³⁸
989 2077 1003 2124 ;
1037 2060 1158 2116 aliis
1201 2077 1353 2125 vero,
1397 2061 1660 2116 Discedite
1689 2081 1722 2117 a
1749 2082 1830 2119 me
1847 2066 1912 2121 ”.
1940 2065 2082 2137 Ignis
2106 2069 2160 2122 in

595 2162 869 2218 conspectu
894 2151 1007 2218 ejus
1041 2151 1362 2206 exardescet.
1405 2151 1588 2220 Ignem
1628 2171 1743 2208 vent
1777 2161 1979 2211 mittere
2009 2173 2162 2225 super

598 2241 874 2294 terram“.
918 2240 1096 2310 Ignem
1134 2241 1223 2296 hic
1277 2250 1434 2296 vocat
1473 2244 1782 2300 doctrinam
1823 2245 1915 2302 Dei
1951 2245 2109 2303 Verbi
2143 2265 2156 2302 :

543 2343 548 2350 '
596 2333 724 2402 quia
761 2333 900 2402 ignis
925 2332 1146 2402 quidem
1176 2348 1374 2403 pravos
1422 2335 1642 2391 habitus
1679 2336 1973 2403 comburit,
2004 2353 2165 2391 mun-

597 2427 696 2481 dos
725 2432 904 2479 autem
937 2425 1148 2494 probat.
1192 2424 1483 2495 Propterea
1523 2428 1579 2481 in
1615 2429 1843 2482 circuitu
1889 2429 2001 2498 ejus
2043 2439 2164 2484 tem-

596 2523 772 2583 pestas
817 2511 1014 2566 valida.
1062 2511 1343 2584 Quotquot
1375 2517 1522 2570 enim
1575 2519 1755 2571 volunt
1798 2519 1881 2586 pie
1927 2520 2089 2573 vivere
2109 2521 2162 2572 in

598 2603 830 2664 Christo,
851 2603 1256 2672 persecutionem
1290 2606 1611 2672 patientur“
1631 2625 1647 2670 ;
1667 2607 1760 2662 sed
1776 2608 1941 2662 etiam
1965 2609 2160 2679 inquit,

601 2695 1012 2758 Tribulationem
1035 2695 1285 2749 habebitis
1314 2700 1369 2750 in
1402 2697 1592 2752 mundo
1607 2699 1671 2754 “.

668 2784 834 2840 Vens.
865 2786 919 2849 4,
956 2786 1009 2841 5.
1041 2785 1327 2840 Aduocabit
1349 2789 1533 2841 calum
1559 2787 1856 2850 desursum,
1889 2800 1936 2844 et
1969 2801 2164 2846 terram

599 2879 896 2933 discernere
927 2878 1178 2947 populum
1229 2896 1402 2932 suum.
1459 2878 1778 2951 Congregate
1823 2883 1906 2936 illi
1954 2895 2164 2940 sanctos

2259 1972 2292 2042 ἢ
2326 1971 2658 2037 ἀποδέξεται,
2686 1973 2798 2033 τοῖς
2831 1969 2927 2040 μὲν
2962 1969 3132 2038 λέγων
3157 1987 3169 2000 ο
3204 1969 3406 2033 Δεῦτε,
3428 1972 3488 2022 οἱ
3522 1966 3844 2038 εὐλογημέ-

2259 2080 2352 2116 νοι
2392 2062 2498 2116 τοῦ
2529 2062 2756 2130 Πατρός
2771 2079 2912 2130 μου,
2944 2063 3054 2124 τοῖς
3081 2060 3158 2123 δὲ,
3179 2063 3532 2128 Πορεύεσθε
3561 2060 3665 2113 ἀπ’
3684 2059 3840 2128 ἐμοῦ.

2260 2153 2385 2222 Πῦρ
2411 2153 2688 2207 ἐναντίον
2717 2151 2902 2208 αὑτοῦ
2934 2150 3326 2217 καυθήσεταιο
3367 2152 3499 2220 πῦρ
3533 2147 3730 2220 ἦλθον
3741 2150 3845 2214 ,ϐαι

2260 2245 2392 2299 λεῖν
2414 2246 2512 2298 ἐπὶ
2535 2245 2650 2313 τὴν
2665 2243 2802 2314 γῆν.
2841 2244 2957 2317 Πῦρ
2997 2246 3052 2298 δὲ
3098 2243 3330 2298 ἐνταῦθα
3353 2243 3458 2314 τὴν
3491 2241 3842 2296 διδασκαλίαν

2262 2336 2353 2390 τοῦ
2380 2335 2513 2389 Θεοῦ
2536 2336 2706 2405 Λόγου
2731 2336 2899 2404 λέγει’
2935 2337 3016 2389 ὅτι
3046 2353 3150 2407 περ
3171 2334 3280 2407 πῦρ
3309 2335 3460 2388 καίει
3497 2333 3602 2404 μὲν
3628 2332 3727 2395 τὰς
3751 2348 3842 2401 μο-

2262 2426 2464 2496 χθηρὰς
2497 2425 2658 2490 ἔξεις,
2693 2426 2974 2498 δοκιμάζει
2997 2425 3051 2479 δέ
3077 2426 3202 2489 τοὺς
3251 2423 3561 2496 καθαρούς.
3612 2421 3711 2474 Διὰ
3743 2420 3841 2491 γὰρ

2261 2516 2438 2581 τοῦτο,
2481 2517 2683 2583 κύκλῳ
2703 2516 2889 2570 αὑτοῦ
2923 2517 3186 2585 καταιγὶς
3237 2515 3482 2584 σφόδρα
3509 2531 3524 2543 ·
3564 2514 3683 2566 ὅσοι
3742 2511 3842 2580 γὰρ

2263 2608 2508 2663 θέλουσι
2544 2608 2806 2674 εὐσεϐῶς
2834 2598 3024 2669 ζῆνέν
3067 2606 3322 2676 Χριστῷ,
3363 2603 3839 2675 διωχθήσονταιο

2263 2701 2398 2755 ἀλλὰ
2429 2701 2523 2755 καὶ
2545 2701 2772 2769 θλίψιν,
2807 2700 2989 2769 φησιν,
3013 2699 3178 2764 ἕξετε
3207 2699 3276 2750 ὲν
3295 2697 3376 2763 τῷ
3409 2697 3650 2764 κόσμῳ.

2333 2789 2818 2860 Προσκαλέσεται
2853 2789 2960 2842 τὸν
2991 2788 3250 2856 οὐρανὸν
3277 2788 3421 2850 ἄνω,
3460 2786 3564 2839 καὶ
3596 2784 3714 2851 τὴν
3737 2777 3844 2851 γῆν

2264 2884 2556 2952 διακρῖναι
2577 2883 2684 2936 τὸν
2709 2880 2865 2935 λαὸν
2888 2879 3093 2934 αὑτοῦ.
3117 2877 3494 2948 Συναγάγετε
3523 2874 3689 2939 αὐτῷ
3711 2870 3842 2936 τοὺς

598 2972 732 3040 ejus,
769 2972 858 3041 qui
897 2972 1146 3025 ordinant
1172 2981 1538 3027 testamentum
1559 2974 1673 3038 ejus
1702 2990 1856 3042 super
1877 2977 2158 3045 sacriﬁcia.

2265 2974 2470 3044 ἁγίους
2496 2971 2703 3037 αὑτοῦ,
2730 2970 2871 3036 τοὺς
2911 2968 3351 3038 διατιθεμένους
3392 2968 3515 3033 τὴν
3550 2963 3845 3029 Διαθήκην

599 3065 721 3118 Alio
749 3064 930 3126 modo,
984 3064 1184 3134 prioris
1231 3066 1414 3134 pepuli
1449 3067 1726 3135 proprium
1771 3067 2036 3136 judicium
2069 3068 2158 3124 de-

2267 3064 2449 3118 αύτοῦ
2479 3063 2576 3116 ἐπὶ
2610 3063 2867 3128 θυσίαις.
2903 3061 3130 3124 Ἀλλως,
3163 3059 3256 3112 τοῦ
3286 3060 3563 3130 προτέρου
3593 3052 3843 3158 λαοῦὶτὲἓν

600 3157 793 3224 clarat,
840 3157 1038 3211 cmlum
1071 3158 1342 3213 advocatis
1377 3166 1428 3213 et
1459 3165 1680 3226 terram,
1736 3162 1991 3230 quoniam
2043 3177 2158 3217 cum

2269 3155 2449 3226 κρίσιν
2479 3153 2784 3218 ἰδιάζουσαν
2809 3153 3068 3214 δείκνυσι,
3107 3151 3197 3204 τὸν
3229 3150 3461 3223 οὐρανὸν
3507 3145 3844 3220 προσκαλοῦ-

601 3251 772 3321 legem
812 3264 908 3320 per
939 3248 1178 3320 Moysem
1211 3251 1550 3313 tradidisset,
1581 3228 1793 3306 dicebat
1819 3272 1832 3306 :
1872 3251 2053 3306 Testor
2082 3270 2158 3306 vo-

2274 3265 2428 3318 μενος
2469 3246 2560 3298 καὶ
2593 3246 2690 3317 τὴν
2737 3244 2874 3314 γῆνο
2913 3244 3098 3315 ἐπειδὴ
3126 3243 3220 3296 τὸν
3243 3243 3406 3312 νόμον
3439 3241 3534 3294 διὰ
3574 3236 3846 3298 Μωῦσέως

604 3340 680 3393 bis
710 3340 862 3394 hodie
890 3340 1074 3394 caelum
1113 3350 1163 3394 et
1193 3350 1386 3396 terram
1412 3343 1476 3396 ³³.
1510 3341 1587 3396 Ac
1618 3358 1834 3397 rursum
1875 3344 1928 3396 in
1975 3359 2158 3414 magno

2272 3337 2596 3410 παραδιδοὺς
2631 3335 2782 3404 ἔλεγε
2803 3352 2816 3364 ο
2846 3335 3221 3402 Μαρτύρομαι
3243 3332 3386 3401 ὑμῖν
3421 3330 3705 3400 σήμερον
3747 3326 3849 3379 τόν

602 3431 819 3490 cantico
848 3449 862 3484 :
893 3429 1136 3493 Attende,
1170 3432 1379 3494 cwl‘um,
1411 3441 1458 3485 et
1490 3432 1674 3502 toquar
1698 3449 1715 3493 ,'
1741 3443 1788 3485 et
1823 3433 2006 3486 audiat
2030 3443 2158 3487 terra

2269 3452 2334 3488 τε
2365 3432 2624 3500 οὐρανὸν
2640 3432 2735 3484 καὶ
2766 3430 2880 3498 τὴν
2906 3429 3022 3500 γῆν
3040 3447 3054 3460 ο
3083 3429 3178 3483 καὶ
3207 3428 3366 3482 πάλιν
3393 3430 3452 3480 ἐν
3481 3424 3695 3522 μεγάλῃ

603 3522 758 3576 verba
791 3538 856 3577 ex
885 3539 973 3576 ore
1001 3539 1112 3578 meo
1134 3522 1199 3576 “.
1238 3521 1600 3588 Quamobrem
1641 3525 1713 3578 ait
1755 3524 1923 3579 Isaias
1951 3544 1963 3578 :
2008 3525 2158 3587 Audi,

2270 3527 2558 3594 Πρόσεχε,
2587 3523 2823 3592 οὐρανέ,
2853 3523 2950 3576 καί
2991 3521 3275 3586 λαλήσω·
3312 3520 3408 3572 καὶ
3453 3516 3725 3573 ἀκουέτω
3773 3516 3846 3581 τῆ

604 3612 873 3673 calum,“
899 3611 1114 3666 auribus
1135 3614 1525 3679 percipe,terra,
1550 3616 1806 3669 Dominus
1832 3616 2032 3669 locutus
2055 3625 2158 3669 est.

2265 3617 2503 3686 ῥήματα
2529 3615 2596 3668 ἐκ
2620 3616 2914 3683 στόματός
2938 3631 3078 3682 μου.
3105 3612 3195 3664 Διὸ
3211 3612 3303 3664 καὶ
3331 3611 3592 3672 Ἡσαΐας,
3626 3609 3844 3664 Ἄκουε,

605 3703 778 3757 Filios
809 3704 961 3773 genui
983 3713 1030 3757 et
1063 3705 1311 3767 exattavi,
1349 3707 1448 3772 ipsi
1487 3715 1660 3759 autem
1678 3716 1975 3774 spreverunt
2008 3708 2158 3762 me".

2273 3710 2455 3779 φησιν,
2489 3705 2726 3776 οὐρανὲ,
2751 3706 2845 3758 καὶ
2874 3703 3174 3767 ὲνωτίζου,
3211 3705 3249 3770 ἡ
3275 3702 3371 3774 γῆ,
3414 3706 3448 3755 ὁ
3479 3703 3702 3769 Κύριος
3717 3694 3847 3750 ἐλά-

605 3791 761 3846 Nunc
794 3809 1012 3864 quoque
1049 3794 1266 3849 eosdem
1321 3796 1568 3850 evocabit
1601 3804 1769 3852 testes
1799 3815 1814 3864 ;
1871 3812 1934 3851 ac
1979 3814 2158 3868 quem-

2271 3805 2495 3868 λησεν’
2537 3799 2706 3864 Υἱοὺς
2734 3798 3034 3866 ἐγέννησα
3062 3798 3158 3849 καὶ
3187 3796 3424 3863 ὕψωσα,
3457 3792 3634 3848 αὐτοὶ
3683 3785 3750 3842 δέ
3772 3802 3844 3855 με

607 3885 898 3939 admodum
923 3883 1181 3940 Servatur
1203 3887 1256 3940 in
1287 3886 1598 3957 Evangeliis
1621 3888 1763 3943 ovile
1785 3903 1942 3944 suum
1973 3888 2158 3944 discer-

2271 3887 2594 3956 ἠθέτησαν.
2613 3887 2722 3940 Καὶ⁸
2756 3886 2850 3938 νῦν
2870 3886 3048 3938 τοίνυν
3071 3886 3197 3948 τοὺς
3232 3885 3427 3947 αὐτοὺς
3465 3878 3843 3936 ἐπικαλέσεται

603 3980 708 4038 nit.
767 3979 978 4035 scilicet
1029 3995 1126 4034 eos
1158 3984 1249 4049 qui
1282 3979 1538 4036 Ecclesiae
1588 3990 1738 4045 sunt,
1767 3997 1896 4037 oves
1929 3990 2158 4038 statuens

2279 3981 2557 4050 μάρτυρας
2580 3995 2593 4008 '
2631 3979 2724 4030 καὶ
2753 3977 2942 4048 ὥσπερ
2969 3979 2997 4029 ὁ
3023 3977 3212 4048 Σωτὴρ
3267 3977 3326 4027 ἐν
3374 3971 3734 4043 Εὑαγγελίοις
3785 3965 3846 4018 τὸ

606 4089 635 4125 a
664 4073 895 4136 dextris,
954 4073 1138 4128 haedos
1176 4082 1355 4128 autem
1387 4088 1417 4127 a
1477 4073 1756 4141 sinistris;
1788 4075 1975 4130 eodem
2013 4075 2158 4130 modc

2276 4070 2522 4140 ποίμνιον
2555 4069 2718 4122 αὑτοῦ
2751 4069 3035 4140 διακρίνει,
3066 4067 3265 4136 δηλαδὴ
3293 4067 3421 4128 τοὺς
3457 4066 3562 4134 τῆς
3622 4059 3843 4127 Ἐκκλη-

605 4165 723 4234 ipse
773 4164 1037 4221 Dominus
1083 4166 1196 4235 jam
1247 4166 1512 4220 discernit
1559 4167 1818 4237 populum
1851 4183 2030 4222 suum.
2068 4166 2146 4222 H‘e

2277 4161 2416 4223 σίας,
2449 4159 2516 4211 τὰ
2554 4159 2799 4230 πρόϐατα
2837 4157 2932 4226 μὲν
2965 4155 3126 4209 ἱστῶν
3147 4158 3210 4208 ὲκ
3239 4153 3450 4220 δεξιῶν,
3486 4155 3555 4207 τὰ
3585 4152 3643 4206 δέ
3670 4149 3844 4237 ἐρίφια

605 4257 852 4316 braicum
883 4259 1161 4328 exemplar
1202 4265 1255 4312 et
1282 4259 1511 4328 reliqui,
1543 4236 1855 4329 congregate
1901 4260 2050 4325 mihi,
2089 4261 2158 4314 in-

2276 4251 2333 4316 ἐξ
2369 4250 2686 4319 εὐωνύμων·
2717 4251 2806 4300 τὸν
2839 4248 3001 4300 αὐτὸν
3023 4247 3221 4318 τρόπον
3251 4247 3280 4296 ὁ
3312 4245 3474 4308 αὐτὸς
3507 4245 3713 4314 Κύριος
3756 4236 3844 4329 καὶι

613 4350 820 4418 quiunt.
857 4348 1011 4404 Sicut
1062 4351 1205 4405 enim
1257 4352 1311 4405 in
1359 4328 1656 4420 Evangelio
1703 4328 1908 4407 dictum
1939 4361 2022 4407 est
2055 4372 2068 4406 :
2107 4352 2158 4404 E.

2276 4341 2370 4394 νῦν
2419 4341 2677 4410 διακρίνει
2728 4340 2817 4391 τὸν
2841 4339 2966 4393 λαὸν
2997 4337 3184 4392 αὐτοῦ.
3227 4339 3300 4390 Τὸ
3335 4335 3628 4406 Ἐϐραῖκὸν
3661 4331 3753 4384 καὶ
3797 4328 3843 4378 oi

606 4441 778 4495 mittet
809 4441 1019 4511 angelos
1047 4459 1190 4507 suos,
1221 4453 1269 4496 et
1291 4443 1676 4512 congregabunt
1703 4461 1877 4499 omnes
1902 4455 2075 4515 gentes
2102 4446 2158 4496 ⁸⁸η

2277 4435 2468 4497 λοιποὶ,
2498 4432 2870 4501 Συναγάγετὲ
2896 4449 3016 4499 μοι,
3053 4429 3214 4498 φασιν
3239 4446 3252 4458 ·
3289 4429 3365 4492 ὠς
3386 4428 3494 4498 γὰρ
3521 4430 3578 4480 ἐν
3614 4426 3844 4523 Euan?-

605 4535 681 4587 ita
736 4540 789 4588 et
816 4547 964 4588 nunc
1000 4533 1194 4588 iisdem
1244 4534 1507 4603 praecipit.
1557 4534 1684 4588 Vult
1733 4543 1913 4588 autem
1953 4544 2158 4591 sanctos

2278 4524 2409 4588 λίοις
2443 4525 2691 4593 εἴρηται·
2721 4522 2826 4574 Καὶ
2859 4517 3184 4573 ἀποστελεῖ
3213 4517 3354 4583 τοὺς
3401 4517 3700 4584 ἀγγέλους
3743 4517 3844 4561 αὑ-

2355 4615 2380 4624 -
2520 4615 2530 4624 .
2716 4612 2726 4624 ο
2744 4613 2768 4624 ..
3013 4609 3023 4624 ο
3226 4609 3235 4624 ι
3290 4610 3347 4624 νη
3511 4606 3532 4621 -ο
3646 4602 3731 4624 --.Α
3755 4596 3844 4624 ..πη

606 4626 762 4695 prius
803 4640 965 4696 quam
997 4626 1195 4696 impios
1230 4627 1527 4698 segregari,
1565 4634 1753 4696 utpote
1783 4629 1878 4697 qui
1907 4628 2158 4697 promiss:

2278 4615 2406 4678 τοῦ,
2437 4615 2536 4668 καὶ
2570 4612 2910 4676 συνάξουσι
2945 4609 3141 4663 πάντα
3180 4609 3249 4663 τὰ
3281 4610 3424 4674 ἔθνη
3443 4625 3454 4636 ·
3479 4606 3622 4659 οὕτω
3645 4602 3737 4655 καὶ
3755 4602 3846 4650 νῦν

607 4695 869 4790 consequi
899 4695 1149 4774 debeant.
1297 4695 1316 4698 ν
1395 4695 1411 4698 ν
1630 4695 1642 4696 7
1801 4695 1816 4697 —
1908 4695 1925 4697 _

2277 4710 2388 4770 τοίς
2438 4707 2622 4768 αὐτοῖς
2654 4703 2949 4757 ἐπιτάττει.
2987 4699 3240 4773 Πρώτους
3277 4699 3333 4752 δέ
3384 4698 3632 4768 βούλεται
3665 4695 3844 4790 ἀφορι-

2279 4798 2470 4868 σθῆναι
2501 4796 2605 4868 πρὸ
2653 4796 2760 4848 τῶν
2787 4793 2998 4846 ἀσεϐῶν
3043 4793 3169 4854 τοὺς
3206 4791 3386 4854 ὁσίους
3421 4789 3586 4842 αὐτοῦ
3611 4827 3628 4852 ,
3667 4781 3841 4852 τυχεῖν

2277 4889 2386 4941 τῶν
2420 4887 2842 4958 ἐπηγγελμένων
2868 4883 3197 4952 ὀφείλοντας.

682 4975 848 5031 Vens.
887 4979 973 5033 15.
1014 4977 1264 5048 Nunquid
1306 4980 1633 5034 manducabo
1664 4998 1847 5035 carnes
1880 4993 2151 5038 taurorum

2349 4979 2444 5044 Μὴ
2464 4978 2721 5048 φάγομαι
2757 4975 2906 5043 κρέα
2936 4977 3188 5043 ταύρων,
3218 4974 3255 5041 ἢ
3298 4971 3442 5042 αζμα
3466 4972 3693 5042 τράγων
3719 4964 3840 5017 πίο-

609 5078 700 5123 aut
729 5071 1038 5140 sanguinem
1077 5072 1343 5126 hircorum
1376 5073 1616 5140 potabo?
1665 5071 1802 5128 Esca
1851 5073 1944 5129 Dei
1993 5086 2076 5131 est
2110 5077 2158 5130 dt

2273 5088 2415 5141 μαι;
2443 5069 2628 5142 Τροφὴ
2651 5070 2706 5122 δὲ
2733 5067 2868 5121 Θεοῦ
2903 5069 3029 5138 περὶ
3061 5063 3130 5138 ἦς
3159 5064 3309 5120 εἶπεν
3329 5083 3343 5095 ·
3381 5066 3715 5122 Ἐπείνασα,
3752 5053 3842 5108 καὶ

607 5176 715 5230 qua
761 5160 942 5217 dixit:
999 5161 1230 5227 Esurivi,
1280 5173 1330 5217 et
1376 5164 1593 5218 dedistis
1638 5166 1765 5219 mihi
1816 5165 2158 5229 manducare

2275 5163 2534 5220 ἐδώκατέ
2565 5181 2667 5232 μοι
2688 5161 2898 5231 φαγεῖν
2922 5179 2933 5191 ·
2975 5159 3260 5228 ἐδίψησα,
3291 5158 3389 5211 καὶ
3417 5149 3731 5210 ἐποτίσατέ
3750 5162 3836 5217 με·

608 5252 771 5314 sitivi,
807 5260 857 5306 et
885 5250 1103 5305 dedistis
1145 5252 1272 5306 mihi
1306 5251 1474 5308 bibere
1501 5254 1567 5316 ",
1589 5263 1720 5321 etc.;
1750 5271 1780 5308 a
1813 5255 2012 5324 quibus
2042 5271 2158 5311 euut

2281 5259 2368 5326 ὑφ’
2399 5252 2473 5311 ὢν
2500 5258 2830 5329 τρεφόμενος
2851 5257 3025 5322 λέξωο
3067 5256 3184 5324 Ἐφ’
3213 5255 3364 5308 ὅσον
3412 5253 3733 5321 ἐποιήσατε
3758 5242 3838 5296 ἐνὶ

609 5343 773 5398 tritus
796 5342 994 5397 dicam:
1020 5342 1088 5396 In
1117 5354 1371 5414 quantum
1392 5344 1593 5413 fecistis
1617 5346 1707 5398 uni
1735 5361 1799 5399 ex
1815 5346 1896 5400 his
1921 5347 2153 5400 minimis

2283 5352 2507 5403 τούτων
2541 5348 2658 5402 τῶν
2686 5349 3041 5416 ἐλαχίστων,
3073 5347 3201 5416 ἐμοὶ
3233 5345 3574 5413 ἐποιήσατε.
3613 5344 3761 5396 Ἐστι
3787 5333 3838 5387 δὲ

610 5436 742 5489 mihi
768 5435 970 5504 fecistis
993 5437 1058 5489 ⁸⁸.
1111 5435 1382 5492 lmmolari
1414 5444 1593 5490 autem
1633 5446 1812 5507 potest
1842 5455 1936 5509 per
1965 5439 2158 5492 divino:

2287 5439 2447 5492 θῦσαι
2484 5438 2714 5508 λογικῶς
2767 5439 2860 5491 καὶ
2891 5438 2981 5491 διὰ
3015 5438 3292 5505 θεολογίας
3343 5437 3436 5489 καὶ
3468 5430 3834 5506 εὐχαριστίας⁶

611 5543 894 5585 sermones
923 5543 987 5582 ac
1017 5528 1314 5598 gratiarum
1366 5529 1680 5596 actionem;
1736 5547 1859 5584 cum
1907 5531 2158 5600 quispian

2285 5532 2378 5584 καὶ
2405 5531 2523 5583 ἐπεὶ
2550 5531 2595 5581 δ’
2630 5531 2695 5584 ἄν
2715 5547 2796 5593 τις
2815 5529 2892 5599 τῷ
2915 5529 3034 5598 Θεῷ
3059 5529 3260 5598 πρέπον
3285 5525 3648 5596 ὑποσχόμενος
3672 5521 3840 5590 ἔργοις

575 5597 586 5716 1
686 5688 730 5719 ³⁶
771 5686 947 5741 Galat.
985 5704 1055 5756 IV,
1086 5687 1179 5740 96.
1258 5688 1297 5716 ³⁷
1343 5685 1647 5756 ΙΙριιικνχιι,
1676 5687 1765 5740 9.2.
1807 5669 1810 5672 i

567 5756 704 5811 ’12.
783 5757 1020 5812 “Joan.
1085 5770 1203 5810 χιι.
1271 5759 1355 5811 3'5.

632 5830 673 5864 ‘7
710 5826 900 5883 Matth.
940 5846 1062 5892 xxv,
1094 5829 1277 5882 δδμειι.

2523 5687 2564 5717 ³³
2605 5685 2734 5739 Luc.
2769 5701 2880 5746 χιι,
2917 5684 3002 5738 69.
3113 5683 3153 5713 ³ο
3196 5682 3326 5736 ibid.
3431 5683 3470 5710 “
3514 5680 3555 5731 ll
3591 5677 3723 5730 Tim.
3753 5683 3834 5746 ιιι.

1871 5689 1912 5718 ³⁸
1957 5686 2142 5741 Matth.

1903 5757 1985 5811 19.
2067 5757 2158 5808 "'l

2263 5703 2304 5747 ιν,
2338 5687 2424 5739 54.
2523 5687 2564 5717 ³³
2605 5686 2734 5739 Luc.
2769 5701 2880 5746 χιι,
2917 5686 3002 5738 69.
3113 5686 3153 5713 ³ο
3196 5686 3326 5736 ibid.
3431 5686 3470 5710 "
3515 5686 3553 5731 ll
3592 5686 3723 5730 Tun.
3760 5686 3832 5726 ιιι.

2264 5766 2301 5810 t.
2365 5773 2542 5818 χχχιι,
2605 5758 2653 5811 1.
2733 5757 2773 5787 ³⁵
2817 5756 2917 5810 lsa.
2965 5773 3011 5818 I,
3070 5754 3122 5806 2.
3201 5755 3243 5784 ³⁸⁵
3274 5751 3461 5804 Matth.
3523 5765 3690 5810 ιχιν,
3752 5740 3832 5793 Si.

1436 5759 1477 5785 ⁸⁸³
1520 5755 1670 5809 llcut.
1708 5774 1842 5810 χχχ,
1903 5757 1985 5811 19.
2067 5758 2105 5790 ⁸³
2151 5757 2301 5812 Deut.
2365 5773 2542 5818 χχχιι,
2605 5758 2653 5811 1.

1358 5828 1398 5857 ⁵³
1432 5828 1556 5880 ἰὶιίιί.
1595 5829 1679 5884 4⁸).
