4100 6442
386 253 496 309 437

1509 260 2006 321 COMMENTARIA
2045 269 2110 324 IN
2149 270 2484 327 PSALMOS.

3507 276 3618 334 458

387 360 768 430 ὲπίτελέσειεν.
809 370 986 442 Εὗχάς
1031 372 1141 446 γὰρ
1173 375 1206 446 ὴ
1246 373 1438 448 Γραφὴ
1477 375 1577 442 τὰς
1619 381 1937 451 ἐπαγγελίας

2053 403 2174 458 quae
2226 389 2336 444 Deo
2383 389 2663 459 pollicitus
2708 395 2813 454 est,
2861 403 3025 461 opere
3050 388 3420 460 compleverit.
3475 390 3612 448 Vota

395 460 572 531 φησιν,
603 460 680 525 ὡς
713 463 770 515 ἐν
799 463 875 533 τῷ
898 481 911 494 ο
955 465 1095 522 Ἐὰν
1122 467 1271 536 εὔξῃ
1303 469 1516 538 εὐχὴν,
1535 470 1622 540 μὴ
1646 474 1937 544 βραδύνας

2052 481 2198 535 enim
2229 482 2622 550 promissiones
2670 479 2950 550 Scriptura
2997 487 3173 543 vocat,
3226 488 3285 535 ut
3331 495 3452 535 cum
3487 483 3561 536 ait
3597 501 3611 515 ο

395 550 733 607 ὶποδοῦναι.
778 553 1002 622 Ἀγαθὸν
1031 556 1094 615 τὸ,
1119 558 1192 628 μὴ
1225 557 1502 624 εὔξασθαι,
1536 561 1568 632 ἢ
1600 561 1662 614 τὸ
1700 562 1933 630 εθξασθα

2054 572 2114 626 Si
2143 581 2314 625 votum
2347 589 2552 636 voveas,
2583 589 2644 626 ne
2659 571 2835 625 tardes
2861 570 3075 626 reddere
3099 572 3188 624 ιε’.
3221 570 3412 627 Melius
3444 572 3614 641 siqui-

395 643 476 696 ιιαὶ
515 643 588 714 μὴ
610 644 919 700 ἀποδοῦναι.
954 647 1138 711 Οὕτως
1159 645 1251 702 οὖν
1293 651 1523 722 σπείρας
1569 655 1648 717 είς
1683 655 1953 711 δικαιοσύ-

395 749 505 803 ιην,
541 733 724 800 ἔλπιζε
743 739 1036 808 τρυγήσειν
1065 741 1273 810 καρπὸν
1300 743 1464 817 ζωῆς.

463 918 546 984 Τῷ
559 919 627 972 δὲ
649 921 972 989 ἁμαρτωλῷ
985 920 1155 979 εἶπεν
1169 929 1203 980 ὁ
1231 929 1374 995 Θεός
1389 947 1402 960 ·
1421 930 1545 985 ἰνα
1570 935 1629 987 τί
1657 935 1738 988 σὺ
1767 936 1945 1006 διηγῇ

387 1008 458 1063 τὰ
480 1009 834 1081 δικαιώματά
861 1031 999 1083 μου,
1030 1017 1124 1070 καὶ
1176 1019 1633 1089 ἀντιλαμϐάνεις
1676 1025 1791 1092 τὴν
1823 1030 1952 1080 Δια-

385 1101 578 1170 θήκην
601 1121 719 1172 μου
758 1105 857 1159 διὰ
898 1107 1002 1161 τοῦ
1037 1111 1333 1178 στόματός
1361 1127 1518 1178 crov;
1567 1117 1878 1173 Μετάϐασιν
1921 1121 1950 1172 ὁ

384 1191 539 1261 λόγος
585 1193 697 1263 ἔχει
744 1195 850 1248 ἀπὸ
885 1195 979 1249 τοῦ
1015 1197 1122 1250 τῶν
1164 1199 1387 1255 δικαίων
1429 1204 1706 1275 τάγματος
1751 1208 1844 1260 ἐπὶ
1888 1209 1950 1262 τὸ

382 1284 567 1354 τάγμα
597 1279 705 1338 τῶν
733 1285 1002 1357 πονηρῶν,
1051 1288 1254 1344 Ἐκεῖνο
1281 1291 1388 1364 γάρ
1406 1311 1458 1347 τι
1485 1295 1645 1350 πλέον
1674 1297 1818 1368 ἔσχε,
1849 1299 1948 1369 τῆς

383 1375 578 1446 καινῆς
606 1375 877 1448 Διαθήκης
906 1377 1006 1448 τὴν
1030 1379 1361 1454 ἐπιστήμην.
1420 1385 1761 1458 Ἀμαρτωλδν
1797 1390 1852 1446 δὲ
1886 1391 1945 1444 οὐ

382 1465 476 1518 τὸν
502 1466 775 1538 ἀλλότριον
806 1467 913 1522 τῶν
941 1468 1194 1540 Γραφῶν,
1227 1471 1363 1526 ἀλλὰ
1384 1475 1476 1529 τὸν
1509 1479 1832 1552 παραϐάτην
1859 1499 1950 1535 κα-

381 1555 482 1611 λεῖ.
525 1558 764 1628 Ἑλέγχει
795 1559 850 1612 δὲ
884 1561 1046 1614 αὐτὸν
1070 1563 1170 1616 οὐκ
1193 1565 1285 1618 ἐπὶ
1322 1568 1631 1639 παραϐάσει
1668 1571 1949 1628 σαϐϐάτων

383 1649 418 1720 ἢ
445 1649 662 1712 θυσιῶν,
703 1651 978 1722 ἢτοιῶνδε
1013 1652 1336 1726 βρωμάτων,
1367 1659 1502 1714 ἀλλὰ
1553 1661 1663 1717 τῶν
1711 1666 1950 1734 φυσικῶν

2052 659 2173 714 dem
2205 665 2289 714 est
2313 675 2421 714 non
2449 675 2666 727 vovere,
2709 675 2872 731 quam
2912 675 3111 715 vovere
3139 670 3193 715 et
3225 676 3335 716 non
3367 659 3609 716 reddere.

2054 748 2145 804 Sic
2176 750 2342 821 igitur
2376 766 2497 805 cum
2531 751 2887 808 seminaveris
2918 752 2984 807 ad
3012 752 3306 828 justitiam,
3338 768 3525 824 speres
3559 759 3612 807 te

1955 880 1960 884 ρ
2051 839 2287 895 fructum
2324 841 2448 896 vita:
2477 843 2856 897 collecturum.

2120 932 2285 990 Vsus.
2325 922 2409 988 I6:
2448 934 2724 990 Peccatori
2751 946 2924 990 autem
2955 936 3090 990 dixit
3123 935 3257 991 Deus
3286 951 3304 989 :
3346 935 3522 1003 Quare
3557 944 3609 988 tu

2047 1043 2265 1080 enarras
2278 1026 2522 1095 justitias
2548 1043 2710 1090 meas,
2739 1038 2787 1081 et
2808 1029 3033 1083 assumis
3058 1036 3421 1083 testamentum
3444 1044 3611 1081 meum

2046 1132 2136 1185 per
2165 1133 2222 1170 os
2254 1118 2446 1170 tuum?
2475 1115 2880 1172 Transitionem
2918 1134 3098 1173 sermo
3132 1119 3292 1173 habet
3323 1119 3392 1172 ab
3423 1119 3614 1172 ordine

2043 1207 2318 1277 justorum
2378 1208 2444 1262 ad
2485 1207 2733 1262 ordinem
2771 1209 3168 1278 improborum.
3203 1208 3296 1264 Ille
3337 1208 3482 1264 enim
3515 1209 3615 1262 ali-

2047 1299 2176 1371 quid
2200 1299 2433 1370 amplius
2453 1298 2664 1364 habuit,
2691 1299 2901 1354 scilicet
2928 1300 3054 1354 novi
3081 1299 3414 1357 Testamenti
3436 1300 3616 1354 scien-

2047 1389 2200 1444 tiam.
2233 1388 2582 1445 Pcccatorem
2613 1397 2815 1452 autem,
2839 1404 2948 1442 non
2977 1390 3212 1445 alienum
3234 1405 3263 1443 a
3290 1388 3608 1460 Scripturis,

2049 1477 2144 1533 sed
2179 1478 2655 1548 prazvaricatorem
2685 1485 2865 1532 vocat.
2899 1476 3164 1548 lllumque
3190 1478 3457 1549 coarguit,
3503 1493 3611 1533 non

2049 1569 2115 1625 de
2149 1569 2588 1639 transgressione
2640 1568 2788 1624 circa
2828 1569 3056 1624 sabbata
3103 1578 3196 1624 aut
3239 1570 3464 1634 hostias,
3520 1578 3613 1624 aut

2050 1662 2257 1718 similes
2280 1677 2436 1718 escas
2466 1700 2482 1726 ,
2510 1661 2604 1716 sed
2635 1661 2702 1716 de
2730 1663 2907 1732 legum
2938 1663 3270 1717 naturalium
3298 1663 3609 1725 violatione,

383 1746 580 1812 νόμων,
616 1743 701 1811 ἐφ’
725 1737 805 1806 οἷς
833 1744 1036 1814 ἀνόητα
1062 1741 1131 1816 ἦν
1162 1747 1309 1820 αὑτῷ
1348 1751 1440 1804 τοῦ
1487 1751 1623 1807 Θεοῦ
1672 1755 1740 1810 τὰ
1776 1757 1937 1829 μαθή-

2051 1768 2282 1825 quarum
2317 1753 2664 1826 disciplinam
2714 1770 2743 1809 a
2801 1753 2912 1808 Deo
2967 1755 3220 1808 traditam
3267 1769 3364 1825 pro
3420 1755 3612 1809 insana

384 1849 557 1904 ματα·
604 1831 774 1886 ταῦτα
808 1833 915 1904 γὰρ
973 1835 1301 1908 ἁμαρτάνων
1347 1841 1674 1914 ἀπέρριπτε.
1717 1847 1946 1911 Φυσικὸς

384 1923 491 1997 γάρ
527 1927 557 1979 ό
584 1925 747 1996 νόμος
783 1926 843 1979 τὸ
879 1927 953 1999 μή
982 1927 1094 1982 δεῖν
1130 1935 1322 2000 ποιεῖν,
1347 1933 1382 1988 ἆ
1413 1933 1476 2008 δὴ
1513 1937 1702 1991 παθεῖν
1733 1939 1796 1993 οὐ
1827 1940 1948 2011 βου-

381 2017 600 2089 λόμεθα.
627 2020 819 2089 Μοιχοὶ
850 2020 907 2074 δὲ
952 2025 1045 2079 καὶ
1085 2029 1134 2080 οἱ
1175 2026 1323 2082 ἄθεοι
1365 2029 1774 2104 είδωλολάτραι”
1826 2031 1948 2088 κλέ-

383 2123 511 2160 πται
538 2106 594 2159 es
623 2105 716 2159 καὶ
741 2109 789 2159 οι
837 2109 1162 2179 κλέπτοντες
1191 2115 1289 2188 τὴν
1327 2117 1603 2190 ἀλήθειαν.
1654 2121 1790 2176 Ποτέ
1847 2123 1944 2193 μὲν

381 2195 470 2254 ὤν
491 2241 506 2264 ,
553 2203 1009 2276 Ἐωρῤησιάζου,
1059 2207 1212 2277 φησι,
1238 2211 1303 2279 τῇ
1336 2208 1523 2281 κακίᾳ,
1571 2210 1700 2264 ποτὲ
1733 2212 1810 2274 δὲ,
1845 2215 1942 2266 Δο-

380 2292 507 2357 λίως
556 2294 928 2360 ἐπεϐούλευες,
974 2299 1300 2369 προσεποιοῦ
1357 2301 1412 2354 δέ
1463 2302 1700 2374 γνησίως
1747 2305 1839 2358 καὶ
1869 2305 1943 2370 ὼς

381 2384 624 2452 ἀδελφοῖς
675 2388 883 2458 ὁμιλεῖν
908 2429 923 2451 ,
989 2388 1163 2461 λάθρα
1205 2391 1408 2446 τούτων
1458 2394 1771 2448 καταλαλῶν
1793 2413 1806 2424 ·
1855 2397 1942 2448 ὲν-

277 2527 282 2530 .
379 2477 600 2549 ήδρευες
640 2479 697 2533 δέ
753 2481 846 2534 καὶ
876 2483 1002 2545 τοὺς
1023 2483 1088 2536 ἐκ
1118 2483 1218 2554 τῆς
1241 2485 1408 2556 αὐτῆς
1439 2503 1518 2539 σοι
1551 2487 1775 2559 μητρὸς,
1825 2488 1942 2560 ἦτοι

377 2573 714 2644 συναγωγῆς,
742 2573 776 2644 ἦ
807 2575 900 2628 καὶ
945 2574 1238 2646 ἐκκλησίας
1257 2594 1272 2608 ·
1320 2578 1404 2647 ἐφ’
1431 2575 1512 2642 οἷς
1541 2579 1673 2650 ἐμοῦ
1705 2581 1944 2635 σιωπῶν-

374 2677 463 2726 τος
489 2663 649 2733 ἡνίκα
678 2667 1072 2740 ἐνηνθρώπησα
1090 2687 1104 2700 ο
1131 2670 1163 2741 ἢ
1195 2671 1288 2724 καὶ
1313 2670 1515 2736 ἄλλως·
1570 2672 1692 2726 Ἐπὶ
1729 2673 1790 2726 τὸ
1831 2675 1942 2745 χεῖ-

379 2771 470 2826 ρον
498 2754 739 2822 ἐϐάδιζες
771 2763 1126 2834 ναταφρονῶν
1155 2763 1250 2833 τῆς
1283 2763 1422 2835 ἐμῆς
1454 2765 1815 2836 χρηστότητος
1847 2768 1940 2821 καὶ

375 2847 474 2917 τῆς
527 2848 722 2919 ἀνοχῆς
775 2851 996 2922 καὶτῆς
1055 2853 1467 2924 μακροθυμίας·
1502 2854 1583 2907 διὸ
1614 2854 1800 2909 λοιπὸν
1842 2857 1941 2910 οὐκ

373 2937 649 3009 ἀνέξομαι.
691 2940 802 2994 Καὶ
829 2941 937 3013 γὰρ
962 2941 1194 2995 διέκεισό
1226 2959 1291 3013 με
1323 2941 1422 3006 τὰς
1456 2943 1554 3007 σὰς
1586 2943 1940 3015 ἀποδέχεσθαι

2051 1845 2324 1900 habebat:
2367 1845 2510 1899 hanc
2561 1846 2705 1900 enim
2759 1844 3037 1915 peccando
3085 1845 3304 1914 abiecit.
3339 1845 3613 1901 Naturalis

2046 1937 2248 2008 quippe
2281 1937 2367 1992 lex
2391 1953 2454 1993 ea
2477 1944 2584 2000 est,
2616 1937 2818 1992 nemini
2851 1936 3030 1991 facere
3057 1951 3178 2006 qua:
3206 1937 3321 2006 pati
3351 1937 3607 1997 nolimus.

2045 2026 2240 2084 Μαιοὴί
2270 2035 2448 2082 autem
2481 2035 2627 2091 sunt,
2662 2027 2811 2097 impii
2842 2027 3140 2082 idololatra:
3165 2071 3180 2094 ,
3217 2035 3272 2083 et
3306 2027 3474 2094 fures,
3510 2027 3608 2099 qui

2043 2119 2325 2173 veritatem
2378 2116 2737 2173 suﬂ‘urantur.
2769 2117 2927 2173 Modo
2960 2119 3127 2189 igitur
3157 2119 3233 2173 ait
3263 2138 3275 2174 :
3313 2120 3370 2173 In
3404 2119 3609 2174 malitia

2043 2209 2382 2278 conﬁdebas;
2407 2226 2559 2266 mox:
2591 2210 2784 2267 Dolose
2805 2210 3176 2274 insidiabaris,
3204 2211 3610 2282 simulabasque

2041 2309 2096 2357 te
2129 2302 2343 2357 sincere
2371 2310 2424 2357 et
2457 2302 2616 2373 quasi
2645 2317 2768 2358 cum
2804 2301 3070 2357 fratribus
3103 2301 3364 2371 colloqui,
3397 2302 3609 2357 etclam

2042 2391 2110 2448 iis
2139 2392 2540 2460 maledicebas;
2569 2393 2798 2449 insidias
2825 2393 3079 2449 struebas
3113 2393 3182 2449 iis
3205 2393 3390 2464 qui‘ex
3419 2394 3608 2449 eadem

2041 2499 2204 2554 quam
2237 2491 2293 2538 tu
2323 2492 2498 2540 matre
2526 2485 2633 2539 orti
2665 2492 2813 2550 sunt,
2842 2484 2956 2539 sive
2975 2500 3040 2540 ex
3071 2483 3375 2556 Synagoga,
3401 2484 3516 2539 sive
3543 2499 3609 2539 ex

2043 2574 2287 2632 Ecclesia
2318 2595 2332 2632 :
2363 2576 2431 2632 de
2476 2577 2678 2648 quibus
2715 2592 2815 2648 ego
2845 2576 3096 2643 silebam,
3149 2575 3368 2648 quando
3415 2576 3610 2631 huma-

2040 2679 2164 2719 nam
2196 2667 2468 2739 assumpsi
2502 2677 2773 2721 naturam.
2804 2666 2929 2721 Sive
2953 2665 3061 2720 alio
3083 2667 3245 2723 modo
3271 2685 3285 2722 :
3316 2667 3397 2722 Ad
3423 2665 3609 2737 pejora

2039 2755 2378 2826 gradiebare,
2415 2758 2917 2820 mansuetudinem,
2946 2757 3257 2827 patientiam
3287 2766 3341 2813 et
3370 2757 3609 2812 tolerano

2041 2849 2168 2903 tiam
2198 2865 2372 2905 meam
2399 2851 2710 2920 despiciens
2737 2869 2750 2904 :
2789 2865 2960 2920 quare
2996 2849 3229 2905 ulterius
3261 2863 3371 2904 non
3408 2849 3604 2922 patiar.

2038 2939 2173 2994 Nam
2209 2943 2289 2996 sic
2309 2941 2537 2996 ail‘ectus
2561 2957 2706 3006 eras,
2733 2949 2792 2996 ut
2821 2949 3043 3012 putares
3068 2956 3154 2995 me
3179 2949 3329 3011 gesta
3377 2941 3608 3010 probare

372 3028 620 3100 πράξεις,
646 3031 679 3102 ἢ
710 3032 803 3084 καὶ
836 3032 1041 3103 μηδένα
1074 3032 1276 3087 τούτων
1305 3034 1631 3106 μεμνῆσθαι,
1664 3035 1801 3088 Ἀλλ’
1827 3035 1937 3104 ἐγώ

2041 3041 2152 3097 tua,
2188 3043 2281 3088 aut
2310 3033 2582 3088 neminem
2610 3049 2800 3089 eorum
2834 3033 3274 3089 recordaturum.
3321 3034 3388 3086 At
3422 3049 3522 3104 ego
3557 3041 3608 3088 te

375 3137 435 3174 σε
462 3121 748 3194 διελέγχων
771 3124 874 3196 πρὸ
901 3102 1011 3179 τῶν
1040 3124 1146 3178 σῶν
1184 3102 1482 3197 ὀφθαλμῶν,
1511 3128 1724 3182 ἅπαντα
1766 3102 1933 3201 θήσω,

2039 3139 2297 3196 arguens,
2332 3126 2513 3180 omnia
2545 3125 2645 3179 tibi
2670 3126 2740 3180 ob
2764 3127 2953 3182 oculos
2986 3140 3204 3197 ponam,
3246 3133 3323 3191 ut,
3364 3125 3448 3181 his
3477 3141 3607 3179 con-

343 3255 348 3259 .
371 3214 521 3280 ὅπως
553 3215 696 3278 ὁρῶν
723 3219 1035 3292 αἰσχυνθῇς.

506 3346 614 3400 ΕΙΣ
652 3345 740 3403 ΤΟ
775 3349 1321 3423 ΤΕΛΟΣ,ΨΑΛΜοΣ
1360 3352 1445 3407 ΤΩ
1482 3354 1679 3406 ΔΑΥῘΔ
1719 3354 1801 3410 N'.

383 3436 485 3501 Ἑν
512 3439 591 3505 τῷ
625 3441 822 3515 ἐλθεῖν
856 3444 1217 3515 πρὸςαῠτὸν
1236 3445 1439 3499 Ναϐὰν
1465 3445 1579 3498 τὸν
1599 3445 1932 3515 προφήτην,

677 3513 858 3580 ἡνίκα
884 3513 1132 3574 εἰσῆλθε
1153 3515 1303 3583 πρὸς
1326 3515 1646 3584 Βηρσαϐεέ.

453 3624 744 3692 Ἐλέησόν
769 3643 865 3696 με,
903 3631 936 3681 d
966 3628 1129 3694 θεὸς,
1152 3632 1304 3685 κατὰ
1333 3629 1397 3684 τὸ
1420 3629 1572 3701 μέγα
1599 3630 1770 3695 ἔλεός
1795 3647 1930 3686 σου.

381 3716 468 3780 Ὣς
491 3718 580 3770 ἐπὶ
600 3719 819 3790 μεγάλῳ
839 3719 894 3780 δὲ
920 3719 1094 3792 ψυχῆς
1127 3721 1396 3794 τραύματι
1455 3723 1689 3795 μεγάλου
1729 3723 1933 3776 δεῖσθαι

369 3806 517 3860 ἐλέου
544 3807 810 3878 ὁμολογεῖ.

451 3897 572 3950 Ἐπὶ
596 3897 809 3952 πλεῖον
851 3899 1086 3954 πλῦνον
1103 3919 1182 3971 με
1209 3901 1326 3957 ἀπὸ
1357 3901 1465 3971 τῆς
1502 3904 1752 3974 ἀνομίας
1791 3923 1929 3974 μου,

367 3986 465 4041 καὶ
493 3987 608 4042 ἀπὸ
637 3987 743 4056 τῆς
769 3989 1055 4059 ἁμαρτίας
1068 4011 1188 4062 μου
1221 3993 1548 4062 καθάρισον
1567 4012 1664 4064 με.
1698 3995 1836 4066 Ὅρα
1877 3995 1933 4048 δὲ

366 4079 503 4150 πρὸς
527 4079 587 4132 τὸ
621 4081 854 4152 Χριστοῦ
887 4083 1045 4137 πάλιν
1075 4087 1401 4158 μυστήριονο
1425 4085 1524 4158 τήν
1547 4087 1656 4158 γάρ
1699 4086 1758 4141 ὲν
1784 4087 1934 4159 νόμῳ

366 4171 630 4242 κάθαρσιν
659 4173 808 4244 ήτοῦ
841 4175 1212 4247 βαπτίσματος
1251 4177 1649 4249 ὑπερϐαίνουσα
1682 4178 1930 4250 δύναμις,

363 4264 458 4317 καὶ
481 4265 682 4338 ταύτης
710 4267 808 4338 τῆς
833 4266 1012 4337 ψυχῆς
1044 4268 1332 4338 ἐργάζεται
1376 4269 1660 4342 κάθαρσιν.
1720 4270 1931 4340 Ἐκείνη

363 4356 472 4429 γὰρ
499 4357 633 4428 πρὸς
663 4359 760 4429 τῆς
790 4359 964 4430 ψυχῆς
989 4361 1462 4431 προσελαμϐάνετο
1493 4361 1859 4433 καθαρότητα.

2038 3217 2262 3288 spectis,
2297 3215 2504 3285 pudore
2535 3217 2808 3272 aﬂiciaris.

2218 3350 2269 3402 1.
2308 3347 2377 3402 ΙΝ
2413 3346 2990 3410 FINEM,PSALMUS
3034 3346 3244 3404 DAYID
3279 3348 3347 3405 L.

2113 3443 2167 3497 2.
2199 3441 2329 3498 Cum
2361 3444 2495 3498 venit
2521 3441 2589 3496 ad
2615 3459 2732 3496 eum
2769 3442 2987 3513 Ναίῆοη
3018 3442 3292 3513 propheta,
3317 3443 3527 3513 quando

2507 3514 2718 3586 intravit
2747 3513 2816 3566 ad
2849 3512 3127 3570 Bersabee.

2105 3622 2272 3678 Vens.
2305 3623 2357 3679 5.
2395 3622 2647 3678 Miserere
2683 3624 2804 3688 mei,
2843 3623 3006 3688 Deus,
3041 3623 3324 3682 secundum
3358 3639 3604 3694 magnam

2035 3712 2452 3768 misericordiam
2487 3723 2652 3767 tuam.
2687 3711 2856 3780 Quasi
2901 3727 3000 3782 pro
3029 3727 3229 3783 magno
3259 3712 3455 3766 animm
3487 3712 3604 3766 vul-

2034 3821 2186 3868 nere,
2218 3820 2412 3876 magna
2444 3804 2821 3880 misericordia
2851 3819 2989 3875 opus
3017 3819 3146 3859 esse
3173 3802 3484 3859 conﬁtetur.

2106 3897 2272 3954 Vsus.
2307 3899 2361 3952 4.
2388 3898 2628 3966 Amplius
2660 3898 2779 3954 lava
2806 3913 2887 3950 me
2918 3895 3294 3966 abiniquitate
3323 3912 3459 3958 mea,
3490 3905 3538 3949 et
3570 3912 3603 3948 a

2033 3999 2242 4058 peccato
2273 4005 2386 4042 meo
2419 3988 2617 4043 munda
2655 4004 2755 4041 me.
2794 3986 3028 4056 Respice
3073 3987 3266 4040 iterum
3303 3985 3370 4037 ad
3399 3983 3601 4038 Christi

2034 4081 2350 4152 mysterium
2379 4099 2392 4146 ;
2446 4095 2570 4134 nam
2603 4079 2926 4150 purgatione
2951 4078 3088 4147 legis
3118 4077 3464 4146 praestantior
3506 4076 3603 4130 ba-

2033 4174 2216 4242 ptismi
2241 4173 2438 4234 virtus,
2473 4171 2634 4240 hujus
2664 4173 2856 4225 anima:
2882 4167 3327 4224 emundationem
3363 4166 3596 4236 perﬁcit.

2032 4263 2165 4318 Nam
2191 4264 2279 4317 illa
2302 4261 2367 4318 ad
2390 4262 2582 4316 anima:
2615 4263 2903 4332 puritatem
2938 4259 3166 4314 advecta
3193 4264 3296 4314 est.

436 4449 538 4507 Σοὶ
563 4450 726 4519 μόνῳ
747 4450 1011 4520 ἥμαρτον
1040 4452 1136 4505 καὶ
1167 4451 1231 4505 τὸ
1255 4453 1520 4521 πονηρὸν
1545 4453 1801 4507 ἐνώπιόν
1817 4466 1932 4506 σου

2107 4444 2271 4500 Vens.
2305 4444 2358 4499 6.
2395 4444 2511 4498 Tibi
2536 4443 2868 4512 solipeccavi
2895 4452 2942 4497 et
2967 4441 3166 4496 malum
3197 4454 3375 4494 coram
3403 4449 3450 4491 te
3478 4437 3598 4507 feci,

361 4539 638 4608 ἐποίησα,
675 4541 834 4608 ὅπως
854 4541 930 4596 ἂν
956 4542 1274 4612 δικαιωθῇς
1300 4544 1369 4596 ἐν
1393 4544 1517 4610 τοῖς
1551 4546 1755 4612 λόγοις
1792 4559 1930 4606 σου,

361 4632 460 4686 καὶ
488 4626 748 4701 νίκήσῃς
778 4633 850 4687 ἐν
879 4633 958 4700 τῷ
982 4636 1292 4703 κρίνεσθαί
1317 4652 1409 4690 σε.
1436 4637 1510 4690 Οὐ
1547 4635 1704 4689 τοῦτό
1745 4653 1926 4706 φησιν,

360 4721 442 4774 ὅτι
462 4721 552 4776 τὸν
573 4723 774 4795 Οὐρίαν
801 4724 901 4778 οὑκ
933 4725 1194 4796 ⁴ήδίκεησα·
1243 4725 1357 4779 ἀλλ’
1385 4727 1468 4780 ὅτι
1510 4727 1607 4799 τὴν
1669 4726 1928 4798 μεγίστην

361 4815 704 4886 παρανομίαν
733 4817 812 4879 είς
839 4815 997 4869 αὑτὸν
1027 4816 1326 4888 τετόλμηκε
1355 4817 1446 4870 τὸν
1469 4817 1620 4882 Θεὸν,
1655 4817 1762 4871 ἀπὸ
1790 4834 1925 4889 προ-

358 4904 572 4965 ϐατέως-
617 4905 714 4977 μὲν
762 4907 1053 4978 γενόμενος
1099 4909 1370 4979 βασιλεὺς,
1401 4911 1681 4982 κρατήσας
1730 4910 1786 4964 δέ
1817 4909 1925 4963 τῶν

357 4995 589 5068 ἐχθρῶν,
614 4997 974 5062 παντοδαποῖς
1007 4999 1062 5052 δέ
1091 5001 1388 5072 κοσμηθεὶς
1411 5001 1654 5071 ἀγαθοῖς,
1690 5002 1783 5056 καὶ
1817 5019 1926 5055 τοι-

355 5084 534 5149 ούτοις
557 5086 651 5139 τὸν
681 5087 976 5160 εὐεργέτην
1002 5089 1392 5161 ἀμειψάμενος.
1442 5091 1514 5144 Τὸ
1551 5091 1630 5157 δὲ,
1670 5089 1926 5145 ἐνώπιόν

358 5189 496 5240 σου,
527 5177 621 5230 καὶ
647 5177 704 5228 ἐν
724 5179 788 5247 τῇ
809 5177 1022 5248 ἱστορίᾳ
1046 5178 1338 5250 δεδήλωται
1360 5195 1372 5205 ·
1408 5179 1721 5260 Ὠφθηχὰρ
1770 5181 1923 5252 φησὶ,

357 5272 428 5327 τὸ
451 5269 694 5338 γεγονὸς
727 5270 992 5338 πονηρὸν
1026 5270 1282 5326 ἐνώπιον
1316 5273 1558 5341 Κυρίου.
1602 5274 1675 5326 ’Ἡ
1719 5272 1890 5336 οὕτως
1913 5291 1925 5304 ’

367 5359 618 5414 Ἑδόκουν
648 5378 732 5423 τις
761 5357 898 5414 εἶναι
924 5361 1090 5415 πάλαι
1115 5365 1445 5436 σκεπόμενος
1475 5364 1580 5418 ὑπὸ
1609 5363 1724 5418 σοῦ.
1757 5363 1926 5416 Νενό-

362 5469 498 5523 μικα
519 5451 778 5506 δὲλοιτιὸν
805 5455 1094 5519 ἀσάλευτος
1121 5452 1261 5512 εἶναι
1287 5499 1302 5522 ,
1343 5459 1515 5527 λέγων
1543 5459 1613 5512 ὲν
1639 5457 1714 5526 τῇ
1755 5459 1927 5523 εὐθη-

359 5547 462 5610 ria
500 5559 619 5608 μου
643 5584 657 5598 .
695 5546 776 5598 Οὐ
813 5548 900 5613 μὴ
934 5531 1250 5612 ’σαλευθῷυ
1310 5550 1389 5603 διὸ
1427 5551 1811 5619 ἀπέστρεψας
1858 5547 1927 5601 τὸ

2037 4547 2094 4590 ιιι
2117 4536 2428 4606 justiﬁceris
2465 4537 2518 4594 in
2544 4533 2867 4590 sermonibus
2897 4535 3000 4594 tuis
3031 4541 3080 4588 et
3110 4532 3286 4587 vincas
3316 4546 3434 4584 eum
3449 4528 3602 4598 judi-

2036 4629 2199 4683 caris.
2239 4625 2358 4682 Non
2389 4626 2490 4680 hoc
2540 4625 2652 4680 ait:
2689 4624 2833 4678 Uria:
2867 4623 3124 4692 injuriam
3177 4635 3286 4676 non
3317 4617 3462 4676 feci.
3505 4618 3600 4672 sed

2001 4771 2004 4776 .
2033 4721 2162 4790 quia
2191 4733 2462 4791 magnum.
2494 4719 2674 4774 scelus
2717 4718 2772 4772 in
2806 4716 2975 4772 Deum
3025 4713 3240 4785 aggredi
3287 4726 3456 4766 ausus
3483 4720 3562 4764 cst
3584 4746 3599 4769 ,

2032 4812 2124 4883 qui
2154 4827 2222 4866 ex
2251 4819 2470 4884 pastore
2501 4826 2605 4866 rex.
2623 4809 2869 4873 eﬂ‘ectus,
2893 4806 3132 4862 inimicis
3162 4803 3412 4867 devictis,
3441 4807 3602 4870 atque

2001 4887 2198 4958 inullis
2229 4917 2336 4957 non
2365 4911 2592 4956 ornatus
2617 4897 2921 4960 beneﬁciis,
2947 4895 3190 4951 beneﬁco
3209 4909 3305 4964 per
3331 4891 3439 4946 tale
3470 4891 3604 4944 iaci-

2031 5007 2138 5047 nus
2180 4992 2410 5063 gratiam
2453 4991 2785 5062 rependerit.
2820 4987 2956 5043 Illud
3009 4994 3188 5044 autem
3230 5000 3408 5041 coram
3444 4991 3514 5047 te,
3547 4982 3600 5035 in

2032 5086 2261 5142 historia
2284 5085 2631 5156 explicatur:
2669 5082 2852 5138 Visum
2877 5091 2977 5145 est,
3010 5076 3372 5151 inquit,quod
3402 5077 3600 5146 [aetum

2026 5190 2126 5245 est,
2160 5180 2360 5234 malum
2385 5195 2564 5233 coram
2594 5177 2823 5232 Domino
2849 5175 2918 5231 υ.
2949 5173 3048 5228 Vel
3079 5172 3158 5229 sic
3191 5168 3598 5241 interpreteris:

2025 5271 2262 5330 Videbar
2293 5269 2496 5340 aliquis
2522 5285 2644 5326 esse
2676 5284 2800 5324 cum
2847 5275 2964 5322 ate
2993 5275 3328 5336 protegerer,
3361 5259 3600 5315 aestima-

2027 5367 2261 5435 bamque
2292 5361 2509 5418 demum
2550 5377 2637 5417 me
2664 5360 3000 5416 immobilem
3032 5372 3176 5422 esse,
3201 5369 3326 5411 cum
3360 5352 3598 5407 dicerent

2027 5457 2081 5509 in
2113 5456 2443 5509 abundantia
2472 5467 2632 5509 mea:
2666 5451 2790 5506 Non
2831 5450 3107 5512 movebar;
3159 5460 3326 5517 quare
3366 5439 3598 5496 αυετιίδίέ

2030 5547 2218 5615 faciem
2256 5556 2398 5600 tuam
2440 5565 2470 5600 a
2508 5565 2588 5601 me
2621 5555 2667 5601 et
2711 5545 2883 5615 factus
2928 5557 3041 5597 sum
3084 5537 3428 5594 conturbatus
3455 5531 3535 5584 ":
3565 5546 3598 5585 a

433 5703 492 5734 “‘
536 5702 688 5760 Deut.
727 5719 880 5770 mn,
913 5704 1000 5756 2|.
1082 5705 1122 5737 ⁸³
1164 5705 1203 5759 II
1241 5704 1369 5772 Reg.
1404 5722 1492 5772 χι,
1522 5705 1609 5760 ΞΤ.
1688 5708 1731 5738 ⁵⁵
1772 5703 1916 5759 Ρεειι.
1961 5720 2085 5759 xxix
2112 5744 2124 5762 .
2165 5704 2214 5774 7,
2249 5709 2259 5750 ἓ

4077 4049 4098 4950 ή

4095 5727 4097 5772 l
