4100 6442
513 264 625 323 459

512 383 897 441 misericordia
926 393 1020 442 tua
1062 385 1141 442 sic
1172 385 1425 449 edoctus,
1466 384 1591 440 Nisi
1630 385 1887 440 Dominus
1918 384 2091 454 a-diﬁ-
2120 386 2165 444 Α

520 478 718 532 caverit
759 477 997 544 domum,
1035 477 1091 531 in
1135 494 1327 532 uanum
1375 477 1749 532 laborarerunt
1793 478 1883 548 qui
1925 477 2096 546 a'diﬁ—

524 577 647 624 cant
671 569 741 626 ".

595 746 762 806 Vens.
817 750 872 804 7.
928 749 1062 804 Ecce
1111 751 1251 804 enim
1302 750 1355 805 in
1401 751 1771 822 iniquitatibus
1820 763 2093 819 conceptus

528 858 661 906 sum,
692 853 742 897 et
778 844 832 897 in
864 844 1095 912 peccatis
1122 846 1355 912 concepit
1384 861 1466 899 me
1491 854 1661 899 mater
1688 862 1820 900 mea.
1853 845 1977 902 Haec
2015 848 2092 903 si-

527 934 671 995 miiia
706 935 907 990 l'uerint
955 935 1026 993 iis
1075 952 1198 1007 qua:
1246 937 1301 992 in
1330 935 1433 991 Job
1462 937 1760 1009 leguntur:
1806 937 2094 993 Maledicta

526 1023 630 1080 ﬁes
649 1027 703 1080 in
726 1043 830 1095 qua
852 1036 1009 1082 natus
1037 1045 1178 1090 sum,
1210 1039 1261 1083 et
1298 1044 1402 1083 nox
1428 1030 1482 1083 in
1511 1046 1615 1100 qua
1644 1029 1889 1087 dixerunt
1914 1044 1934 1083 :
1962 1029 2096 1085 Ecce

490 1094 789 1183 ;masculus
836 1119 905 1174 ".
936 1117 1048 1173 Cur
1080 1121 1394 1187 maledicta,
1431 1094 1538 1177 nisi
1571 1123 1700 1193 quia
1730 1122 1786 1176 in
1836 1122 2095 1192 iniquita-

492 1205 497 1283 ξ
524 1204 669 1261 tibus
697 1218 1000 1279 conceptus
1041 1218 1126 1264 est
1146 1210 1175 1264 ἓ
1211 1210 1571 1283 Consequens
1598 1213 1745 1270 enim
1778 1219 1895 1268 erat
1926 1215 2096 1270 male-

522 1295 814 1353 dictionem
851 1299 1112 1371 subsequi
1149 1310 1455 1372 peccatum.
1489 1302 1685 1360 Iisdem
1737 1320 1872 1362 usus
1910 1305 2095 1363 verbis

522 1397 604 1447 est
651 1387 960 1449 Jeremias:
1000 1392 1292 1451 Maledicta
1348 1397 1463 1451 dies
1513 1397 1569 1452 in
1610 1414 1717 1468 qua
1746 1407 1903 1453 natus
1935 1415 2091 1464 sum,

521 1490 567 1536 st
602 1499 709 1538 nox
742 1485 796 1538 in
845 1502 950 1556 qua
995 1488 1231 1557 concepit
1270 1504 1352 1542 me
1402 1500 1573 1543 mater
1615 1506 1731 1544 mea
1753 1491 1821 1546 ⁸³.
1870 1489 2093 1546 Beatum

521 1574 667 1629 enim
721 1575 937 1641 fuisset,
996 1595 1106 1635 non
1152 1596 1383 1650 peccare
1412 1581 1645 1652 primam
1688 1580 1993 1646 mulierem,
2040 1590 2095 1638 et

521 1675 795 1739 corrupta:
824 1671 961 1739 proli
996 1686 1217 1742 operam
1248 1688 1357 1728 non
1391 1673 1544 1737 dare.
1573 1688 1637 1729 ac
1666 1689 1886 1729 manere
1914 1674 1968 1728 in
2000 1690 2094 1744 pa-

522 1757 707 1815 radiso
735 1759 939 1817 divinis
972 1764 1187 1835 angelis
1214 1764 1448 1820 similem
1474 1782 1491 1832 ;
1523 1764 1619 1821 sed
1664 1764 1864 1820 invidia
1893 1764 2096 1820 diaboli

522 1866 665 1905 mors
697 1850 913 1906 intravit
947 1854 1002 1907 in
1050 1854 1302 1908 mundum
1331 1856 1398 1910 “.
1449 1854 1741 1912 Generatio
1768 1868 1946 1912 autem
1999 1872 2096 1927 per

522 1940 845 2010 sanguinem
878 1950 933 1997 et
959 1958 1182 1999 carnem
1226 1944 1392 1999 morti
1421 1943 1791 2008 ministrabat,
1822 1944 1890 1999 ad
1916 1944 2096 1998 conti-

521 2048 688 2087 nuam
725 2036 976 2091 mortalis
1016 2037 1231 2107 generis
1262 2036 1694 2092 successionem.
1729 2034 2095 2102 Quamobrem

522 2124 830 2194 conceptio,
865 2134 1054 2196 utpote
1085 2128 1247 2181 morti
1273 2128 1543 2198 subjecta,
1575 2143 1606 2182 a
1634 2128 1813 2185 beatis
1844 2128 1978 2184 viris
2005 2128 2093 2181 in-

519 2214 835 2273 cusabatur.
867 2215 1229 2287 Symmachus
1279 2234 1427 2283 vero,
1468 2220 1525 2273 in
1573 2219 1895 2290 injustitiam
1947 2229 2094 2273 utero

518 2315 752 2376 gestatus
777 2325 917 2374 sum,
943 2319 993 2364 et
1020 2311 1070 2363 in
1100 2312 1327 2379 peccatis
1353 2313 1635 2380 parturivit
1654 2329 1735 2367 me
1762 2322 1930 2367 mater
1955 2328 2091 2365 mea.

518 2396 579 2451 In
612 2408 791 2465 utero,
820 2399 1021 2469 inquit,
1053 2409 1299 2471 gestatus
1328 2392 1472 2465 sum,
1508 2411 1567 2458 ut
1593 2404 1883 2459 transirem
1911 2403 1981 2458 ad
2010 2403 2095 2457 in-

516 2490 807 2562 iustitiam,
862 2491 1030 2564 idque
1062 2500 1123 2548 ut
1171 2494 1229 2549 in
1280 2494 1523 2567 peccatis
1556 2504 1741 2559 natus,
1791 2493 2092 2551 secundum

514 2582 663 2640 banc
693 2583 969 2655 cogitandi
998 2585 1265 2641 rationem
1300 2600 1517 2658 arguar.
1556 2585 1673 2642 Non
1703 2587 1758 2641 in
1787 2587 2095 2659 iniquitati-

514 2673 623 2730 bus
671 2675 866 2731 matris
900 2691 1054 2740 mete,
1112 2677 1311 2749 inquit,
1361 2689 1660 2749 conceptus
1698 2694 1843 2746 sum,
1897 2697 2008 2737 non
2039 2683 2094 2738 in

515 2764 908 2836 iniquitatibus
937 2768 1055 2824 suis
1102 2768 1221 2839 ipsa
1270 2770 1560 2840 parturivit
1592 2787 1677 2827 me
1709 2790 1725 2840 ;
1760 2772 1857 2829 sed
1899 2788 2001 2847 ego
2035 2774 2096 2831 in

515 2853 859 2928 iniquitatem
915 2868 1079 2915 natus
1107 2874 1254 2923 sum,
1288 2859 1505 2914 mortali
1541 2860 1768 2918 indutus
1800 2876 1965 2918 carne
1994 2872 2095 2931 ,ει

514 2947 632 3005 hac
658 2949 801 3021 dico,
834 2950 1088 3024 quoniam
1126 2954 1396 3007 veritatem
1429 2949 1687 3009 dilexisti.

584 3036 752 3097 Vens.
791 3038 845 3094 9.
900 3042 1156 3112 Asperges
1220 3058 1302 3097 me
1351 3041 1598 3112 hyssopo,
1649 3052 1700 3098 et
1755 3044 2093 3101 mandabat:

517 3128 717 3187 iurabis
749 3146 849 3197 me,
882 3139 933 3185 et
963 3148 1120 3198 super
1145 3133 1312 3187 nivem
1344 3131 1651 3189 dealbabor.
1688 3132 1971 3207 Hyssopus
2000 3154 2095 3193 va-

516 3218 739 3276 cuitatis
766 3219 1057 3277 adectuum
1090 3224 1397 3295 symbolum
1421 3233 1526 3290 est,
1556 3234 1612 3281 et
1644 3226 1853 3282 ablutio
1912 3231 2097 3301 cogni-

515 3309 725 3367 tionem
746 3312 1020 3382 signiticat
1042 3332 1055 3368 :
1082 3329 1182 3384 per
1203 3315 1533 3371 vacuitatem
1558 3317 1850 3374 affectuum
1865 3322 2099 3377 munda-

513 3417 660 3470 mur,
701 3412 759 3459 et
805 3419 905 3474 per
945 3405 1314 3475 cognitionem
1345 3407 1685 3463 dealbamur.

595 3493 758 3551 Vens.
800 3496 887 3550 11.
919 3496 1105 3551 Averte
1137 3497 1327 3567 facient
1361 3510 1508 3554 tuam
1543 3518 1576 3555 a
1603 3503 1830 3570 peccatis
1862 3504 2012 3570 meis,
2044 3515 2095 3560 et

516 3601 696 3643 omnes
727 3587 1034 3658 iniquitates
1074 3606 1218 3646 meas
1254 3591 1389 3647 dele.
1423 3593 1543 3647 Alia
1573 3595 1814 3662 ratione,
1844 3598 1938 3667 qui
1976 3599 2097 3652 ani-

516 3693 665 3733 mam
691 3693 723 3733 a
752 3679 895 3734 mala
921 3682 1259 3739 conscientia
1288 3692 1573 3756 purgatam
1602 3686 1785 3751 habet,
1816 3685 1923 3742 Deo
1948 3688 2096 3745 dixe-

515 3770 628 3825 rit”:
681 3767 900 3825 Faciem
954 3781 1122 3838 tuam,
1178 3774 1424 3841 Domine,
1456 3777 1745 3848 requiram,
1796 3796 1859 3837 ne
1887 3793 2093 3838 avertas

516 3858 705 3933 [aciem
758 3873 905 3917 tuam
953 3880 987 3917 a
1029 3881 1109 3920 me
1133 3866 1201 3921 ⁸⁸.
1235 3866 1340 3934 Qui
1390 3884 1519 3924 vero
1567 3870 1764 3927 anima:
1806 3878 2092 3933 vulnerum

515 3950 819 4009 fmditatem
873 3956 1165 4027 conspicit,
1218 3973 1340 4014 sese
1392 3962 1677 4018 occultans
1724 3965 1849 4033 jure
1896 3981 2094 4038 magno

512 4043 685 4116 judici
718 4046 834 4104 ait:
872 4049 1057 4104 Averte
1102 4049 1295 4119 {aciem
1329 4062 1479 4107 tuam
1512 4071 1545 4108 a
1574 4058 1797 4124 peccatis
1833 4060 2002 4123 meis;
2037 4069 2094 4115 at

514 4152 625 4194 non
656 4153 686 4193 a
714 4139 925 4211 meipso
950 4182 965 4207 ,
997 4142 1091 4197 sed
1122 4145 1280 4217 quasi
1309 4159 1513 4218 aegrum
1547 4156 1759 4204 curato.

586 4404 753 4464 Vens.
789 4410 878 4465 Μ.
907 4409 1089 4467 Redde
1106 4415 1235 4472 mihi
1261 4417 1509 4473 (mitium
1530 4420 1788 4477 salutaris
1813 4425 1909 4478 tui.
1935 4425 2090 4493 Quod
2125 4431 2171 4487 D

513 4497 810 4557 discrimen
831 4503 975 4574 apud
1001 4504 1257 4566 Hebraeos
1283 4510 1355 4566 sit
1386 4510 1530 4568 inter
1551 4512 1705 4578 illud,
1738 4515 1931 4572 salutis
1962 4529 2086 4586 tum,

513 4592 662 4662 quod
712 4591 1032 4668 frequenter
1076 4602 1320 4657 occurrit
1345 4643 1361 4669 ,
1404 4612 1461 4659 et
1508 4605 1662 4671 illud,
1701 4609 1957 4666 salutaris
1991 4613 2088 4679 tui,

514 4684 846 4747 declaratur.
897 4688 1033 4746 Nam
1072 4694 1228 4761 illud,
1275 4696 1513 4754 salutare
1555 4710 1723 4763 tuum,
1775 4704 1918 4772 apud
1968 4704 2091 4761 illos

514 4780 798 4849 scribitur,
825 4781 1076 4851 lesuactt,
1099 4789 1244 4859 quod
1270 4791 1560 4848 manifeste
1587 4794 1887 4853 Salvatoris
1915 4800 2089 4854 nostri

511 4866 645 4928 Jesu
678 4887 877 4929 nomen
901 4877 1178 4947 exprimit,
1210 4880 1291 4935 sic
1326 4882 1475 4937 enim
1504 4900 1695 4942 omnes
1721 4887 2086 4961 interpretan-

510 4966 642 5030 tur;
673 4963 807 5020 illud
832 4981 984 5032 vero,
1014 4968 1209 5024 salutis
1237 4981 1343 5027 tua:
1372 4971 1588 5032 Isuaclt.

586 5052 752 5112 Vsus.
788 5057 873 5112 19.
902 5056 1241 5131 Sacriﬁcium
1271 5062 1382 5120 Deo
1409 5067 1625 5135 spiritus
1654 5071 2041 5128 contribulatus
2064 5089 2084 5127 :

504 5164 596 5202 cor
637 5149 924 5203 contritum
974 5161 1025 5206 ct
1054 5152 1416 5222 humiliatum,
1462 5157 1602 5215 Deus
1662 5178 1768 5217 non
1812 5163 2082 5234 despiciet.

503 5238 660 5293 Alius
713 5237 889 5293 dixit:
948 5238 1112 5298 Sanis
1164 5244 1387 5315 quidem
1450 5254 1703 5306 convenit
1751 5252 2082 5309 sacriﬁcium

507 5327 686 5385 laudis
720 5347 738 5397 ,
784 5329 946 5401 aegris
989 5347 1142 5398 vero,
1190 5336 1521 5393 sacriﬁcium
1555 5341 1737 5398 cordis
1769 5344 1992 5400 contriti
2030 5354 2083 5400 et

479 5475 492 5569 θ’
580 5481 625 5515 ¹¹
664 5481 811 5541 Psal.
846 5502 1040 5556 curn,
1070 5489 1122 5544 t.
1196 5490 1243 5523 ³³
1279 5489 1383 5549 Job
1413 5494 1571 5562 "1,5.
1646 5495 1695 5528 ⁵³
1731 5497 1843 5555 Jer.
1885 5515 1996 5567 xx,
2034 5500 2120 5557 14.

591 5620 669 5690 (ί)
710 5621 850 5698 Lege
882 5627 1114 5698 Ἰσουάχ.
1146 5630 1313 5686 Hebr.

522 5706 660 5762 ριον,
700 5694 961 5765 salutare,
992 5694 1093 5755 νεῖ
1111 5694 1934 5780 σωτηρίαξιαίιιξς,ἐχυιίοιιιυιξ.

1226 268 1495 327 susum
1530 262 2009 326 cmssmsusrs
2047 266 2201 323 orn.
2239 266 2425 325 PARS
2462 267 2550 325 ιιι.
2589 296 2660 311 -
2697 239 3117 323 exsomnes.

3734 256 3843 313 410

2194 385 2519 452 πρόσωπόν
2533 401 2649 438 σου
2668 383 2769 438 ἀπ’
2790 381 2959 452 ἐμοῦ,
2982 383 3079 436 και
3100 382 3233 452 ire:
3247 382 3296 453 ᾖ
3308 381 3445 445 θην
3472 374 3839 444 τεταραπιέ·

2194 493 2300 542 νος
2320 494 2333 507 ·
2364 475 2634 546 διδαχθεὶς
2663 476 2797 547 ὲλὲῳ
2816 474 2894 546 τῷ
2916 474 2995 546 σῷ
3017 492 3030 505 ·
3068 474 3211 528 Ἐὰν
3229 467 3337 541 μὴ
3382 466 3635 533 Κύριος
3682 467 3840 519 σιω.

2193 566 2433 638 δομήσῃ
2473 562 2681 632 οἷκον,
2718 569 2806 633 είς
2845 566 3051 637 μάτην
3096 563 3486 620 ἐκοπίασαν
3514 560 3576 611 οι
3609 554 3869 659 οίλιοιῖο-¹

2188 657 2467 729 μοεῦντες.

2280 749 2425 803 Ἰδοὺ
2486 748 2597 818 γὰρ
2648 748 2720 801 ἑν
2763 747 3038 815 ἀνομίαις
3075 741 3563 812 συνελήφθην,
3612 736 3720 791 καὶ
3776 737 3847 791 ἐν

2193 838 2503 909 ἁμαρτίαις
2533 836 2833 905 ἐκίσσησέ
2853 852 2933 906 με
2958 837 2998 905 ἠ
3024 834 3228 904 μήτηρ
3247 849 3420 904 μου.
3462 831 3686 901 Ὅμοια
3707 828 3753 882 δ’
3778 828 3843 883 ἂν

2194 925 2278 996 εἴη
2306 926 2402 979 καὶ
2441 922 2616 978 ταῦτα
2651 926 2766 988 τοῖς
2797 923 2949 996 παρὰ
2994 922 3074 995 τῷ
3117 922 3244 978 Ἰὼϐ
3268 941 3287 955 ·
3331 917 3843 988 Ἐπικατάρατος

2192 1020 2233 1087 ἠ
2270 1016 2460 1087 ἡμέρα
2488 1016 2560 1071 ἐν
2595 1011 2637 1089 ᾗ
2659 1014 3023 1087 ἐγεννήθην,
3052 1016 3151 1070 καί
3180 1018 3218 1085 ἠ
3260 1013 3403 1079 νὺξ
3429 1012 3515 1066 ἐν
3552 1005 3600 1084 ᾖ
3635 1006 3843 1066 εἶπαν·

2206 1109 2353 1165 Ἰδοὺ
2383 1109 2592 1179 ἄρσεν.
2623 1108 2724 1163 Διὰ
2746 1109 2805 1163 τί
2832 1110 2942 1182 γὰρ
2967 1106 3037 1174 ἦν
3069 1109 3523 1179 ὲπικατάρατος
3540 1144 3560 1171 ,
3611 1105 3737 1158 ἀλλ’
3760 1106 3845 1160 ὅτι

2193 1205 2252 1257 ὲν
2281 1203 2532 1273 ἀνομίαις
2556 1201 2860 1274 συνελήφθη
2886 1219 2901 1265 ;
2954 1201 3265 1258 Ἄκόλουθον
3295 1200 3431 1273 γὰρ
3463 1193 3547 1271 ἦν
3584 1198 3837 1271 κατάραι

2191 1294 2419 1349 ἶπεσθαι
2464 1294 2732 1367 ἁμαρτία.
2763 1295 2889 1359 Τοῖς
2934 1296 3118 1358 αυτοῖς
3181 1291 3500 1364 Ἱερεμίας
3559 1291 3847 1363 ἐχρήσατο

2194 1388 2373 1458 φήσας
2392 1403 2406 1416 ·
2449 1384 2910 1455 Ἐπικατάρατος
2939 1387 2980 1455 ἡ
3008 1385 3199 1456 ἡμέρα
3223 1386 3307 1440 ἐν·
3351 1379 3403 1457 ᾗ
3436 1383 3727 1452 ἐτέχθην
3772 1384 3841 1438 ἐν

2191 1481 2367 1549 αὐτῇ,
2406 1481 2504 1536 καὶ
2558 1482 2598 1549 ἠ
2625 1479 2744 1544 νὺξ
2766 1481 2838 1534 ἐν
2881 1473 2923 1552 ᾖ
2965 1478 3269 1534 συνέλωϐἐ
3318 1494 3413 1548 με
3440 1474 3671 1546 μήτηρ
3694 1493 3841 1544 μου.

2192 1573 2479 1645 Μακάρων
2503 1571 2613 1645 γὰρ
2635 1567 2704 1643 ἦν
2737 1571 2801 1624 τδ
2830 1571 2962 1643 μηδὲ
2989 1572 3089 1643 τὴν
3132 1569 3379 1641 πρώτην
3432 1570 3697 1638 γυναῖκα
3730 1584 3838 1621 πα-

2201 1664 2444 1737 ραϐᾶσαν
2471 1668 2539 1737 τῇ
2574 1664 2787 1737 φθαρτῇ
2827 1663 3037 1733 γενέσει
3079 1658 3547 1734 διακονήσασθαι
3577 1699 3594 1724 ,
3654 1658 3837 1730 μένειν

2126 1729 2169 1784 Β
2197 1729 2255 1812 in
2283 1758 2341 1810 ὲν
2387 1729 2700 1829 παραδείσω
2725 1729 2889 1819 θείοις
2925 1729 3301 1827 ὁμοιωθείσαν
3333 1729 3665 1823 ἀγγέλοις·
3702 1750 3837 1806 ἀλλὰ

2196 1850 2396 1919 φθόνῳ
2416 1849 2700 1903 διαϐόλου
2715 1847 2972 1914 θάνατος
2992 1845 3276 1915 εἰσῆλθεν
3287 1849 3395 1913 είς
3420 1844 3550 1899 τὸν
3566 1845 3805 1913 κόσμον
3818 1886 3832 1899 .

2196 1943 2423 2013 Θανάτῳ
2445 1941 2502 1995 δὲ
2529 1944 2562 2013 ἡ
2587 1940 2654 1995 δι’
2688 1940 2935 2013 αἱμάτων
2958 1940 3052 1994 καὶ
3083 1939 3286 2011 σαρκὸς
3338 1940 3713 2010 ὑπηρετεῖτο
3744 1936 3835 2006 γε·

2196 2049 2341 2095 νεσις
2364 2033 2447 2094 εἰς
2467 2029 2563 2084 τοῦ
2585 2030 2781 2102 θνητοῦ
2800 2030 2991 2100 γένους
3020 2029 3301 2101 διαμονήν.
3348 2028 3459 2082 Διὸ
3489 2028 3597 2082 καὶ
3626 2030 3665 2099 ἡ
3702 2026 3829 2081 σύλ-

2196 2122 2386 2195 ληψις,
2417 2122 2618 2177 ὡσανεὶ
2665 2122 2878 2195 θανάτῳ
2917 2121 3282 2193 ὑποκειμένη,
3330 2123 3466 2185 τοῖς
3521 2120 3831 2193 μακαρίοις

2194 2214 2521 2271 διεϐάλλετο.
2538 2215 2597 2270 '0
2620 2215 2678 2269 δὲ
2701 2214 2995 2287 Σύμμαχος
3010 2232 3025 2245 ·
3053 2216 3158 2281 Είς
3180 2213 3443 2267 ἀδικίαν
3457 2211 3822 2280 ὠδυνήθην,

2196 2310 2294 2362 καὶ
2326 2310 2397 2363 ἐν
2429 2308 2742 2379 ἁμαρτίαις
2777 2306 3003 2376 ἐκύησέ
3125 2309 3164 2376 ἡ
3202 2307 3418 2377 μήτηρ
3468 2325 3625 2375 μου.
3675 2305 3827 2359 Ὤδυ-

2194 2399 2365 2472 νήθην
2392 2399 2501 2472 γὰρ
2522 2400 2618 2453 καὶ
2642 2398 2900 2471 ὲκυήθην,
2937 2399 3122 2469 φησὶν,
3160 2399 3247 2452 ἶνα
3278 2397 3569 2471 παρέλθω
3599 2399 3688 2461 είς
3714 2396 3822 2450 ἀδι-

2195 2491 2340 2555 κίαν,
2372 2491 2467 2544 καὶ
2495 2490 2600 2555 ἵνα,
2627 2491 2687 2543 ὲν
2716 2489 3011 2560 ἁμαρτίαις
3040 2489 3350 2561 γενόμενος,
3381 2487 3656 2560 ἐλεγχθῶ
3678 2488 3821 2541 κατὰ

2194 2582 2400 2655 ταύτην
2425 2582 2524 2655 τὴν
2554 2581 2761 2636 ἔννοιαν
2780 2599 2794 2612 ·
2824 2582 2936 2636 Ούκ
2957 2583 3015 2635 ἐν
3037 2582 3307 2653 ἀνομίαις,
3329 2581 3503 2653 φησι,
3542 2581 3652 2652 τῆς
3675 2579 3816 2651 ἐμῆς

2198 2674 2535 2748 συνελήφθην
2563 2675 2789 2748 μητρὸς,
2818 2674 2939 2728 οὐδὲ
2962 2677 3084 2739 ταῖς
3103 2675 3301 2746 ἑαυτῆς
3342 2675 3631 2745 ἀνομίαις
3666 2671 3818 2725 ὲκίσ-

2198 2767 2330 2838 σησέ
2362 2784 2429 2838 με
2450 2783 2465 2797 ·
2496 2765 2744 2836 ἀλλ’ὲγὼ
2784 2768 2862 2829 είς
2895 2766 3107 2820 ἀδικίαν
3153 2767 3467 2838 ἐγεννήθην
3492 2804 3509 2830 ,
3567 2762 3810 2836 θνητὴν,

2196 2859 2650 2932 περιϐαλλόμενος
2706 2859 2885 2932 σάρκα
2945 2860 3038 2913 καὶ
3083 2858 3259 2913 ταῦτά
3311 2875 3468 2930 φημι
3495 2898 3513 2925 ,
3556 2857 3812 2923 ἐπείπερ

2194 2950 2485 3021 ἀλήθειαν
2512 2950 2851 3022 ἠγάπησας.

2278 3043 2558 3111 Ῥαντιεῗς
2614 3061 2693 3114 με
2745 3041 3014 3112 ὑσσώπῳ
3062 3042 3163 3098 καί
3224 3040 3774 3113 καθαρισθήσομαι
3789 3079 3806 3105 ,

2196 3136 2450 3202 πλυνεῖς
2488 3153 2566 3206 με
2604 3135 2707 3190 καί
2737 3134 2891 3204 ὑπὲρ
2932 3136 3108 3207 χιόνα
3130 3133 3669 3206 λευκανθήσομαι.
3735 3130 3805 3186 Τὸ

2197 3226 2448 3282 ὕσσωπόν
2469 3227 2584 3281 ἐστι
2609 3225 2876 3298 σύμϐολον
2899 3226 3184 3292 ἀπαθείας,
3215 3227 3311 3281 καὶ
3340 3229 3374 3299 ἡ
3414 3225 3632 3290 πλύσις
3658 3221 3807 3294 γνῶ·

2198 3337 2281 3374 σιν
2332 3320 2604 3392 σημαίνει·
2640 3321 2736 3374 καὶ
2769 3318 2857 3373 διὰ
2900 3318 2999 3390 μὲν
3033 3318 3302 3383 ἀπαθείας
3340 3314 3798 3390 καθαριζὸμεθα,

2193 3410 2283 3466 διὰ
2313 3411 2371 3464 δὲ.
2394 3412 2494 3482 τῆς
2522 3411 2775 3480 γνώσεως
2798 3410 3215 3483 λευκαινόμεθα.

2278 3503 2692 3571 Ἀπόστρεψον
2711 3500 2779 3555 τὸ
2807 3501 3133 3570 πρόσωπόν
3152 3518 3272 3556 σου
3303 3501 3426 3557 ἀπὸ
3455 3500 3586 3556 τῶν
3608 3500 3798 3571 ἁμαρρ

2194 3595 2333 3649 τιῶν
2347 3613 2487 3666 μου,
2515 3594 2613 3649 καί
2641 3593 2844 3661 πάσας
2858 3593 2966 3662 τὰς
2991 3595 3244 3664 ἀνομίας
3265 3613 3387 3664 μου
3421 3593 3788 3662 ὲξάλειψον.

2198 3687 2426 3751 Ἄλλως,
2450 3689 2479 3740 ὁ
2504 3687 2602 3759 μὲν
2629 3685 2728 3759 τὴν
2758 3686 2933 3758 ψυχὴν
2976 3686 3387 3758 κεκαθαρμένος
3440 3686 3562 3742 ἀπὸ
3610 3699 3792 3739 συνει-

2193 3779 2400 3850 δήσεως
2440 3779 2682 3851 πονηρᾶς
2729 3778 2874 3832 εἴποι
2915 3775 2982 3833 ἂν
3021 3776 3100 3849 τῷ
3131 3777 3284 3849 Θεῷ·
3337 3778 3409 3832 Τὸ
3453 3773 3789 3848 πρόσωπόν

2193 3887 2331 3935 σου,
2358 3871 2555 3940 Κύριε,
2583 3869 2849 3944 ζητήσω,
2906 3868 2993 3939 μὴ
3044 3869 3440 3939 ἀποστρέψῃς
3485 3868 3558 3924 τὸ
3602 3866 3790 3936 πρόσ-

2191 3962 2357 4015 ωπόν
2378 3978 2495 4015 σου
2520 3960 2622 4016 ἀπ’
2641 3960 2788 4030 ἐμοῦ
2807 3978 2821 3992 ·
2855 3961 2884 4014 ὁ
2908 3959 2965 4017 δὲ
2991 3959 3053 4012 τὸ
3077 3960 3298 4031 αἰσχρὸν
3327 3960 3436 4014 τῶν
3463 3961 3569 4032 τῆς
3608 3956 3785 4030 ψυχῆς

2192 4054 2523 4127 τραυμάτων
2549 4053 2691 4127 ὁρῶν
2725 4053 3199 4125 ὲκκαλυπτὸμενος
3240 4053 3471 4117 εἰκότως
3520 4052 3678 4121 λέγει
3708 4046 3784 4119 τῷ

2197 4145 2416 4217 μεγάλῳ
2441 4148 2618 4218 ικριτῇ
2638 4163 2651 4175 ·
2700 4146 3118 4215 Ἀπόστρεψον
3162 4144 3231 4199 τὸ
3284 4145 3622 4214 πρόσωπόν
3662 4154 3781 4196 σου

2193 4237 2312 4293 ἀπὸ
2355 4235 2473 4291 τῶν
2507 4235 2804 4307 ἁμαρτιῶν
2829 4255 2969 4308 μου,
2998 4238 3134 4292 ἀλλὰ
3173 4237 3248 4311 μὴ
3282 4236 3346 4305 ἐξ
3374 4238 3528 4312 ,ἐμοῦ
3576 4234 3739 4292 αὑτοῦ
3760 4251 3777 4266 ·

2195 4330 2308 4389 ἀλλ’
2340 4330 2417 4395 ὡς
2442 4329 2700 4384 νοσοῦντα
2722 4329 3078 4403 θεράπευσον.
3138 4376 3143 4383 .
3632 4320 3643 4327 ’

2277 4421 2529 4489 Ἀπόδος
2544 4440 2647 4492 μοι
2669 4422 2784 4490 τὴν
2802 4423 3167 4494 ἀγαλλίασιν
3183 4423 3288 4478 τοῦ
3311 4425 3617 4494 σωτηρίου
3639 4436 3773 4475 σου.

2199 4514 2465 4586 Πλείστης
2488 4515 2547 4573 δὲ
2570 4518 2696 4587 παρ’
2727 4517 2998 4591 Ἑϐραίοις
3023 4517 3134 4589 τῆς
3148 4518 3452 4591 κοινότερον
3474 4515 3783 4586 σωτηρίας

2197 4625 2314 4664 σου
2347 4609 2647 4682 λεγομένης
2674 4610 2770 4665 καὶ
2796 4610 2904 4666 τοῦ
2925 4611 3223 4680 σωτηρίου
3245 4626 3362 4666 σου
3381 4610 3652 4683 δηλοῦται·
3662 4606 3774 4660 δια-

2198 4703 2358 4774 φορά.
2394 4701 2669 4774 Γράφεται
2695 4701 2805 4775 γὰρ
2830 4701 2897 4758 τὸ
2929 4704 3028 4776 μὲν
3050 4701 3346 4772 σωτήριόν
3373 4717 3490 4757 σου
3514 4701 3647 4773 παρ’
3672 4698 3767 4751 αὐ-

2195 4795 2326 4858 τοῖς,
2372 4791 2677 4862 Ἰησουὰχ,
2714 4791 2900 4861 σαφῶς
2924 4792 3119 4863 δηλοῦν
3144 4792 3383 4865 τοῦνομα
3400 4791 3501 4849 τοῦ·
3518 4791 3773 4863 Σωτῆρος

2195 4885 2350 4959 ἡμῶν
2388 4884 2591 4957 Ἰησοῦ·
2639 4882 2945 4955 συμφώνως
3004 4883 3114 4955 γὰρ
3144 4865 3334 4948 ὀὕτως
3379 4882 3769 4957 ἑρμηνεύουσιν

2192 4979 2428 5041 ἅπαντας
2446 4995 2460 5011 ο
2493 4976 2652 5040 τὸδὲ,
2683 4976 2945 5045 σωτηρία
2969 4992 3109 5041 σου,
3140 4976 3401 5032 Οὶσουάθ
3423 4978 3519 5051 (1).

2264 5070 2457 5127 θυσία
2474 5068 2553 5136 τῷ
2569 5068 2690 5136 Θεῷ
2704 5069 2939 5138 πνεῦμα
2958 5068 3464 5139 συντετριμμένον
3480 5086 3496 5101 ο
3518 5066 3763 5138 καρδίαν

2194 5160 2712 5233 συντετριμμένην
2733 5162 2834 5216 καί
2866 5161 3379 5231 τεταπεινωμένην
3413 5165 3447 5218 ὀ
3480 5161 3624 5227 Θεὸς
3655 5158 3765 5211 οὐκ

2187 5252 2601 5319 ἐξουδενώσει.
2631 5252 2821 5316 Ἄλλος
2863 5249 3016 5307 εἶπεν
3040 5270 3054 5284 ·
3097 5253 3304 5321 ’Υγιέσι
3367 5253 3466 5324 μὲν
3509 5249 3755 5325 ἁρμόττει

2186 5347 2286 5418 τῆς
2305 5344 2564 5411 αἰνέσεως
2596 5346 2631 5417 ἡ
2660 5344 2851 5398 θυσία·
2889 5344 3105 5398 νοσοῦσι
3132 5344 3189 5397 δὲ
3221 5347 3255 5415 ἡ
3289 5343 3378 5397 διὰ
3399 5345 3496 5415 τῆς
3519 5356 3757 5397 τεταπεις

2200 5500 2247 5532 ⁸⁸
2288 5496 2417 5569 Sap.
2454 5514 2531 5567 ιι,
2563 5497 2656 5553 24.
2731 5497 2779 5531 ⁸⁸
2818 5462 2964 5555 Issa].
2997 5514 3125 5554 nrt
3215 5497 3334 5561 {,9.

1345 5636 1541 5716 -σν-ηξν,
1571 5651 1693 5706 qua:
1718 5646 1899 5716 tamen
1930 5655 2033 5695 vox
2067 5640 2565 5708 indiscriminatim,
2596 5645 2789 5696 contra
2815 5654 2979 5710 quam
2998 5636 3130 5695 dicit
3151 5635 3439 5703 Eusebius,
3474 5638 3558 5695 vel
3592 5630 3743 5703 σωτήυ
