4100 6442
533 347 650 404 MS

1233 340 1505 400 EUSEBII
1539 338 2016 401 CESABIENSIS
2051 339 2204 399 OPP.
2243 339 2428 397 PARS
2463 338 2554 396 Πῐ.
2600 369 2672 382 ——
2707 338 3121 398 EXEGETICA.

3684 344 3804 401 us

535 475 716 516 omnes
741 462 881 531 ﬁlios
902 459 1073 530 patris
1097 459 1214 530 ejus
1245 459 1542 515 sacerdotes
1576 461 1631 514 in
1663 457 1840 523 Noba,
1867 460 1957 530 qui
1983 458 2105 512 uni-

2212 455 2398 527 ἠρώτα
2431 455 2592 523 αὐτῷ
2623 456 2720 510 διὰ
2755 457 2863 512 τοῦ
2894 457 3062 522 Θεοῦ,
3093 456 3196 511 καὶ
3235 456 3621 528 ἐπισιτισμὸν
3645 458 3802 513 ἔδω-

533 553 672 608 versi
706 562 950 607 venerunt
979 551 1049 605 ad
1066 568 1233 623 regem
1258 555 1326 610 σθ.
1361 550 1643 621 Tuncque,
1673 551 1896 620 jubente
1919 549 2102 615 Saule,

537 643 659 714 ipse
703 643 849 700 Doec
895 643 1102 699 occidit
1141 643 1459 699 sacerdotes
1496 641 1714 697 Domini
1761 651 2013 695 trecentos
2056 648 2108 694 et

541 740 768 806 quinque
797 738 934 790 viros
976 736 1201 805 ferentes
1243 733 1429 803 ephod,
1485 742 1536 787 et
1589 732 1799 786 Nobam
1845 732 2106 786 civitatem

539 827 874 883 sacerdotum
921 828 1186 897 percussit
1229 827 1284 879 in
1313 841 1402 880 ore
1431 825 1598 896 gladii
1627 843 1658 878 a
1689 825 1800 878 viro
1829 840 1993 894 usque
2037 823 2106 875 ad

540 922 836 983 mulierem,
868 938 898 973 a
934 935 1096 988 puero
1140 935 1306 989 usque
1345 918 1414 971 ad
1454 919 1760 980 iactantem,
1805 926 1852 969 et
1887 915 2107 968 vitulum

540 1020 590 1065 et
616 1012 824 1064 asinum
851 1020 899 1064 et
927 1011 1162 1065 ovem“.
1211 1009 1335 1065 Haec
1377 1025 1500 1064 cum
1537 1010 1777 1064 audisset
1812 1006 1979 1061 David
2013 1006 2104 1059 tali

540 1104 702 1158 modo
725 1111 873 1173 gesta
903 1120 1044 1164 esse,
1079 1103 1180 1158 hos
1215 1101 1423 1173 profert
1468 1117 1770 1166 sermones,
1800 1102 1890 1170 qui
1931 1115 2106 1169 neque

539 1197 837 1258 canticum,
886 1210 1063 1265 neque
1108 1195 1363 1266 hymnus,
1414 1209 1588 1264 neque
1637 1193 1766 1263 quid
1802 1192 1981 1248 simile
2023 1192 2108 1245 in—

540 1288 876 1342 scribuntur.
943 1287 1044 1353 Qui
1089 1288 1232 1342 enim
1289 1287 1487 1357 potuit,
1541 1287 1595 1340 in
1644 1294 1724 1340 tot
1763 1285 2108 1340 Sacerdotium

540 1381 876 1444 calamitate,
919 1381 1136 1435 cantica
1185 1386 1279 1432 aut
1325 1381 1568 1450 psalmos
1614 1395 1712 1449 pro
1755 1379 1824 1432 iis
1866 1377 2112 1436 canere?

539 1469 721 1535 Quare
742 1471 924 1525 nullus
949 1471 1260 1540 hujusmodi
1296 1471 1488 1525 titulus
1512 1469 1828 1540 praemissus
1857 1476 1976 1533 est,
2015 1467 2110 1523 sed

540 1561 717 1614 solum
752 1561 804 1614 in
831 1563 988 1630 ﬁnem
1013 1562 1234 1624 dicitur,
1260 1569 1312 1616 et
1335 1561 1654 1623 intellectus,
1683 1562 1812 1631 quia
1849 1576 1972 1630 qua:
2000 1559 2110 1614 sub

540 1652 704 1708 ﬁnem
735 1653 1006 1708 habentur
1050 1654 1191 1708 bona
1236 1655 1574 1717 renuntiant,
1603 1654 1690 1707 ubi
1731 1652 1959 1710 dicitur:
1996 1650 2108 1723 Ego

543 1755 717 1800 autem
749 1747 885 1800 sicut
941 1745 1080 1801 oliva
1122 1746 1423 1816 fructifera,
1455 1755 1510 1800 et
1561 1754 1776 1800 caetera.
1825 1743 2108 1799 lntellectu

2205 569 2312 606 κεν
2338 551 2629 617 αὐτῷλίαι
2656 550 3011 605 ἀπέστειλεν
3032 553 3065 604 ό
3085 548 3384 614 βασιλεὺς
3407 549 3660 604 καλέσαι
3686 550 3804 604 τὸν

2219 641 2514 711 Ἀϐιμέλεχ
2542 640 2650 693 τὸν
2687 640 2862 707 ιερέα,
2909 641 3008 694 καὶ
3053 640 3286 706 πάντας
3314 639 3455 706 τοὺς
3485 641 3657 706 υἱοὺς
3689 639 3802 698 τοῦ

2207 731 2430 798 πατρὸς
2479 731 2666 784 αὐτοῦ
2723 729 2864 794 τοὺς
2911 729 3086 796 ἱερεῖς
3137 730 3243 783 τοῦ
3287 731 3506 797 Kvplov
3546 730 3686 796 τεὺς
3730 731 3804 784 ὲν

2205 825 2434 886 Νοσὰν,
2464 822 2561 875 καὶ
2603 821 2998 891 παρεγένοντο
3031 819 3250 886 πάντες
3297 821 3446 897 εςρὸς
3479 821 3586 873 τὸν
3609 822 3802 885 βασι-

2206 915 2337 969 .Iéa'
2373 915 2502 968 Ὅτε
2523 912 2877 975 κελεύσαντος
2921 909 3013 964 τοῦ
3053 911 3256 978 Σαοὺλ,
3306 912 3467 976 αὐτὸς
3514 913 3724 976 ἐκεῖνος
3773 915 3804 966 6

2208 1007 2363 1079 Δωὴκ
2385 1048 2400 1072 ,
2443 1007 2748 1061 ἐθανάτωσε
2796 1006 2923 1069 τοὺς
2972 1007 3136 1077 ἱερεῖς
3172 1004 3265 1059 τοῦ
3301 1005 3508 1077 Κυρίου
3538 1013 3585 1058 τ’
3623 1007 3724 1060 καὶ
3757 1024 3789 1060 ε

2208 1098 2431 1168 ἄνδρας
2477 1099 2772 1168 φέροντας
2821 1097 3028 1167 ἐφοὺδ,
3078 1098 3176 1152 καί
3219 1097 3335 1166 τὴν
3365 1097 3564 1152 Νοϐὰν
3615 1101 3805 1155 πόλιν

2208 1191 2328 1244 τῶν
2371 1191 2572 1260 ἱερέων
2597 1190 2894 1255 ἐπάταξεν
2936 1191 3006 1244 ὲν
3053 1191 3302 1260 στόματι
3335 1192 3636 1259 ῥομφαίας
3671 1192 3800 1246 ἀπὸ

2208 1281 2427 1350 ἀνδρὸς
2465 1282 2574 1349 ἓως
2616 1283 2918 1353 γυναικὸς,
2949 1283 3064 1338 ἀπὸ
3102 1283 3322 1349 νηπίου
3355 1282 3468 1348 ἕως
3505 1282 3799 1351 θηλὰζον-

2210 1392 2332 1440 τος,
2358 1374 2454 1428 καὶ
2478 1377 2713 1444 μόσχου
2741 1376 2836 1428 καὶ
2865 1375 3010 1428 ὄνου
3035 1375 3132 1428 καὶ
3157 1373 3477 1442 προϐάτου.
3507 1375 3670 1428 Ταῦτ’
3699 1370 3800 1429 οὖν

2213 1465 2398 1537 μαθὼν
2438 1466 2599 1520 Δαυῖδ
2638 1467 2826 1520 τοῦτον
2872 1468 3240 1538 πεπραγμένα
3292 1467 3384 1520 τὸν
3420 1467 3646 1538 τρόπον,
3666 1468 3800 1533 τοὺς

2211 1559 2605 1630 προκειμένους
2650 1558 3014 1630 προσφέρεται
3063 1559 3272 1628 λόγους,
3297 1557 3420 1611 οὔτε
3637 1576 3800 1632 περι-

2211 1648 2454 1719 έχοντας,
2487 1648 2609 1702 οὔτε
2645 1648 2832 1720 ὕμνον,
2875 1647 2998 1702 οὕτε
3041 1648 3168 1702 ἄλλο
3209 1647 3467 1706 τοιοῦτον.
3517 1649 3642 1714 Πῶς
3683 1650 3802 1720 γὰρ

2212 1743 2307 1796 καὶ
2345 1737 2455 1795 οἷόν
2493 1759 2551 1795 τε
2583 1738 2650 1813 ἦν
2683 1742 2777 1796 ἐπὶ
2814 1743 3069 1813 συμφορᾷ
3105 1741 3374 1795 τοσούτων
3407 1742 3619 1814 ἱερέων,
3650 1743 3801 1814 ᾠδὰς

542 1844 724 1892 autem
758 1853 822 1892 ex
855 1837 965 1892 Deo
993 1847 1112 1909 eget
1137 1837 1485 1908 praesentium
1529 1851 1842 1892 sermonum
1889 1843 2106 1890 senten-

2212 1835 2389 1889 αὐτῶν
2429 1836 2523 1888 καὶ
2557 1835 2804 1907 ψαλμοὺς
2845 1835 3022 1906 ᾄδειν;
3067 1834 3149 1888 διὸ
3197 1833 3360 1888 οὐδὲν.
3389 1833 3628 1889 τοιοῦτον
3675 1836 3800 1888 ἐπι.-

541 1927 636 1979 tia.
691 1925 826 1980 Cum
860 1928 1042 1998 itaque
1065 1927 1206 1997 apud
1241 1926 1557 1982 Abimelecb
1589 1926 1981 1982 sacerdotalem
2011 1941 2108 1996 gu-

543 2018 708 2073 Stavit
751 2019 955 2082 cibum,
1012 2026 1222 2073 mutato
1249 2026 1412 2080 gustu
1466 2033 1588 2081 suo,
1626 2021 1742 2073 sive
1789 2033 1940 2074 more
1985 2033 2110 2084 suo,

543 2111 840 2164 secundum
895 2111 1232 2181 reliquorum
1301 2110 1830 2180 tnterpretationem,
1893 2111 2115 2166 benedi-

543 2202 752 2256 cationes
782 2209 836 2256 et
868 2205 1166 2272 gratiarum
1216 2203 1459 2257 actiones
1507 2199 1620 2256 Deo
1665 2202 1848 2257 emisit
1885 2202 2110 2257 dicens:

545 2291 862 2346 Benedicam
887 2293 1174 2348 Dominum
1219 2295 1273 2347 in
1307 2293 1450 2348 omni
1478 2304 1724 2363 tempore,
1762 2310 1965 2362 semper
1996 2295 2113 2349 laus

2207 1929 2546 2001 γέγραπται·
2579 1929 2738 2000 μόνον
2767 1929 2823 1982 δὲ
2857 1931 2944 1994 εὶς
2968 1927 3035 1982 τὸ
3061 1927 3237 1993 τέλος
3262 1928 3477 1999 εἴρηται
3519 1928 3614 1980 καὶ
3639 1943 3798 1982 συν-

2208 2021 2420 2089 έσεως·
2438 2022 2638 2094 ἐπειδὴ
2667 2022 2735 2076 τά
2758 2021 3038 2076 τελευταῖα
3063 2019 3170 2072 τῶν
3193 2019 3367 2088 λόγων
3401 2019 3627 2088 ἀγαθῶν⁴
3645 2022 3801 2073 ἐστιν

2214 2093 2589 2184 ἀπαγγελτικά
2630 2093 2700 2168 γὲν
2746 2109 2828 2180 οἷς
2887 2133 3050 2185 φησιν
3071 2131 3084 2144 °
3132 2113 3274 2184 Ἐγὼ
3320 2112 3390 2166 δὲ
3433 2114 3574 2168 ὡσεὶ
3622 2115 3803 2170 ἐλαία

2219 2207 2620 2276 κατάκαρπος,
2652 2209 2744 2262 καὶ
2769 2208 2835 2261 τὰ
2869 2207 3015 2278 ἑξῆς.
3051 2206 3163 2260 Καὶ
3209 2205 3474 2270 συνέσεως
3505 2205 3562 2258 δὲ
3599 2207 3702 2277 τῆς
3735 2207 3803 2259 ἐκ

2219 2295 2354 2349 Θεοῦ
2384 2296 2553 2351 δεῖται
2588 2298 2621 2368 ή
2655 2281 2761 2351 τῶν
2791 2296 3178 2369 ἐμφερομένων
3204 2295 3375 2365 λόγων
3401 2295 3624 2349 διάνοια.
3669 2297 3802 2348 Ὅτε

553 2383 667 2452 ejus
697 2384 751 2437 in
782 2401 870 2438 ore
916 2401 1052 2450 meo,
1077 2393 1130 2440 et
1155 2394 1351 2440 caetera
1376 2386 1440 2441 ⁸³.
1474 2383 1628 2440 Nunc
1662 2396 1864 2450 autem,
1895 2387 2106 2456 cognito

2222 2390 2320 2462 μὲν
2351 2382 2443 2442 οὖν
2473 2391 2622 2460 παρὰ
2665 2390 2740 2461 τῷ
2775 2390 3058 2460 Ἀὃιμέλεχ
3104 2390 3410 2460 γενόμενος,
3455 2389 3554 2460 τῆς
3597 2390 3804 2459 ἱερατι-

545 2475 960 2531 calumniatoris
1005 2476 1148 2531 Doec
1199 2476 1460 2540 facinore,
1509 2493 1618 2548 quo
1667 2485 1826 2548 pacto
1883 2478 2112 2542 scilicet,

543 2564 820 2621 diabolico
863 2583 996 2622 usus
1032 2568 1256 2632 scelere,
1299 2575 1376 2623 tot
1419 2569 1733 2624 sacerdotes
1779 2568 2112 2637 occidisset;

541 2667 839 2728 praesentes
883 2676 1162 2716 sermones
1197 2661 1264 2716 ad
1299 2661 1475 2731 ipsum
1505 2659 1690 2740 dirigit
1717 2661 1945 2717 dicens:

2216 2479 2318 2549 κῆς
2347 2479 2686 2548 ἀπεγεύσατο
2718 2481 2940 2550 τροφῆς,
2976 2478 3272 2542 ἀλλοιώσας
3295 2479 3393 2550 τὴν
3417 2477 3602 2547 γεῦσιν
3630 2476 3800 2530 αὑτοῦ

2215 2572 2247 2642 ἢ
2283 2571 2374 2626 τὸν
2401 2573 2596 2644 τρόπον
2629 2571 2792 2626 αὐτοῦ
2816 2571 2955 2629 κατὰ
2986 2571 3082 2642 τὴν
3111 2571 3219 2623 τῶν
3244 2571 3444 2624 λοιπῶν
3478 2571 3798 2642 ἑρμηνείανν

2213 2663 2463 2734 εὐλογίας
2491 2665 2588 2718 καὶ
2605 2664 2957 2737 εὐχαριστίας
2989 2663 3301 2735 ἀνέπεμπεν
3331 2661 3409 2732 τῷ
3438 2662 3556 2733 Θεῷ
3588 2663 3761 2730 λέγων
3783 2679 3798 2692 ·

541 2752 873 2824 Εὐλογήσω
889 2752 994 2805 τὸν
1022 2753 1240 2820 Κύριον
1262 2753 1332 2806 ἐν
1355 2752 1532 2806 παντὶ
1548 2753 1750 2822 καιρῷ,
1776 2754 2100 2824 διαπαντὸς
2120 2758 2157 2826 ἡ
2177 2759 2410 2825 αἵνεσις
2429 2756 2615 2812 αὐτοῦ
2641 2756 2802 2822 ἐντῷ
2828 2756 3076 2825 στόματί
3099 2774 3240 2825 μου,
3273 2755 3367 2809 καὶ
3395 2753 3463 2808 τὰ
3481 2755 3627 2826 ἑξῆς.
3663 2755 3802 2810 Νυνὶ

539 2843 618 2910 δὲ,
656 2847 743 2900 ὅτε
777 2843 869 2899 τοῦ
907 2843 1154 2897 διαϐόλου
1195 2843 1352 2916 Δωὴκ
1382 2847 1480 2919 τὴν
1528 2846 1724 2917 πρᾶξιν
1768 2847 1940 2918 ἔγνω,
1981 2852 2074 2904 καὶ
2115 2851 2190 2915 ὡς
2226 2851 2510 2917 τοσούτους
2554 2851 2760 2906 ἀνεῖλεν
2809 2849 3179 2922 legem-£9719
3211 2848 3492 2920 διαϐολικῴ
3520 2849 3801 2920 χρησάμε-

541 2953 662 3002 νος,
711 2937 788 3000 ὡς
839 2935 975 3009 πρὸς
1025 2935 1184 2988 αὐτὸν
1232 2936 1513 2992 συντάττει
1554 2940 1683 3003 τοὺς
1729 2941 2120 3012 προκειμένους
2156 2944 2345 3014 λόγους
2369 2946 2619 3015 φάσκων·

613 3045 780 3105 Vens.
823 3049 878 3105 5.
916 3047 1056 3116 Quid
1077 3049 1325 3120 gloriaris
1353 3051 1406 3104 in
1430 3051 1662 3117 malitia,
1688 3053 1778 3124 qui
1805 3064 1986 3124 potens
2013 3057 2108 3112 es?

2291 3059 2352 3112 Τί
2414 3055 2682 3127 ἐγκαυχᾷ
2735 3057 2804 3110 ἐν
2859 3055 3056 3125 κακίᾳ,
3115 3058 3148 3110 ό
3201 3055 3496 3122 δυνατός;-
3542 3055 3803 3126 ἀνομίαν

541 3141 872 3213 iniquitatem
924 3150 1035 3195 tota
1085 3141 1170 3196 die
1203 3151 1252 3195 et
1283 3141 1597 3210 injustitiam
1617 3146 1869 3214 cogitavit
1924 3146 2106 3218 lingua

2212 3149 2364 3218 ὅλην
2411 3149 2527 3218 τὴν
2571 3147 2798 3218 ἡμέραν
2820 3187 2835 3206 .
2910 3146 3010 3200 καὶ
3071 3145 3311 3200 ἀδικίαν
3381 3146 3700 3216 ἐλογίσατο
3752 3147 3790 3216 ἡ

541 3245 655 3289 tua.
699 3233 764 3287 Et
813 3233 924 3288 lucc
959 3233 1176 3304 quidem
1218 3235 1390 3289 multo
1419 3244 1546 3292 ante
1573 3237 1716 3291 dicta
1759 3245 1908 3301 sunt,
1943 3255 2107 3309 quam

541 3323 772 3378 historia
817 3323 1260 3393 quinquagesimi
1311 3325 1502 3394 psalmi
1555 3327 1915 3398 contingeret.
1972 3327 2105 3383 Nam

542 3418 723 3472 adhuc
778 3418 1071 3488 superstite
1115 3415 1278 3471 Saule
1322 3429 1376 3473 et
1427 3419 1580 3489 prius
1610 3436 1774 3490 quam
1819 3419 1990 3476 David
2025 3439 2109 3479 re~

539 3514 752 3578 gnaret,
791 3515 842 3561 et
870 3522 957 3561 res
985 3514 1157 3577 gesta,
1191 3514 1244 3561 et
1269 3507 1514 3577 psalmus
1549 3509 1729 3564 dictus
1760 3517 1864 3566 est.
1894 3509 1972 3565 Ac
1995 3511 2110 3572 diu-

544 3599 723 3653 turnis
772 3609 958 3670 postea
1016 3598 1380 3668 temporibus,
1441 3607 1566 3669 post
1621 3599 1801 3658 Saulis
1873 3601 2104 3670 obitum,

541 3690 944 3762 postremisque
996 3691 1146 3760 regni
1198 3691 1285 3746 sui
1339 3693 1520 3755 annis,
1589 3693 1994 3750 confessionem
2052 3694 2107 3748 in

542 3781 998 3852 quinquagesimo
1048 3781 1260 3851 psalmo
1293 3797 1609 3852 expressam
1661 3783 1829 3840 David
1859 3786 2106 3856 protulit,

543 3887 705 3943 quam
759 3883 937 3927 tamen
984 3873 1111 3926 huic
1162 3873 1372 3942 psalmo
1406 3876 1688 3945 praemisit,
1720 3885 1942 3948 propter
1988 3878 2108 3948 ejus

541 3979 667 4018 cum
699 3963 1119 4034 quadragesimo
1165 3979 1311 4018 nono
1365 3967 1577 4034 psalmo
1635 3969 1978 4035 atlinitatem,
2029 3969 2110 4024 uti

537 4056 651 4127 jam
701 4063 1191 4110 commonstratum
1243 4063 1346 4111 est.
1413 4057 1614 4112 Psalmi
1673 4075 1804 4114 vero
1861 4075 1974 4114 au
2041 4059 2108 4114 ad

541 4165 670 4212 ιιι,
707 4148 902 4219 viginti
953 4164 1205 4213 numero,
1275 4148 1496 4206 Davidis
1565 4151 1851 4224 inscripti,‘
1892 4154 1960 4208 ab
2002 4154 2110 4208 alio

543 4241 815 4310 principio
860 4250 1240 4310 argumentum
1273 4243 1507 4296 mutuati
1549 4253 1712 4309 sunt,
1750 4246 2108 4319 videnturque

543 4331 762 4386 vivente
789 4331 968 4386 adhuc
1004 4330 1167 4386 Saule
1201 4335 1541 4402 pronuntiati
1589 4335 1780 4402 fuisse,
1815 4348 2105 4409 antequam

544 4423 712 4479 David
753 4434 1022 4495 regnaret.
1109 4424 1242 4478 Nam
1294 4427 1362 4490 is,
1408 4443 1568 4496 quem
1618 4429 1729 4497 jam
1785 4437 2104 4493 tractamus,

2216 3240 2464 3312 γλῶσσά
2506 3255 2642 3294 σου.
2691 3239 2802 3293 Καὶ
2839 3237 3084 3291 λέλεκται
3136 3239 3234 3309 μὲν
3286 3237 3357 3290 τὰ
3425 3238 3561 3309 μετά
3607 3240 3798 3309 χεῖρας

2217 3330 2351 3383 πολὺ
2394 3331 2656 3402 πρότερον
2717 3334 2828 3394 τοῖς
2879 3330 3089 3402 χρόνοις
3149 3329 3250 3400 τῆς
3312 3329 3554 3400 ἱστορίας
3601 3329 3697 3383 τοῦ
3754 3318 3799 3384 ν’

2215 3419 2452 3492 ψαλμοῦ.
2506 3421 2624 3473 Ἔτι
2659 3419 2765 3491 γὰρ
2793 3419 2993 3485 ζῶντος
3023 3419 3118 3473 τού
3155 3419 3348 3484 Σαοὺλ,
3412 3421 3506 3474 καὶ
3558 3420 3667 3491 πρὸ
3697 3420 3793 3474 τοῦ

2219 3513 2529 3585 βασιλεῦσαι
2558 3513 2648 3566 τὸν
2673 3512 2854 3578 Δαυῖδ,
2887 3513 2982 3565 καὶ
3008 3513 3294 3584 πέπρακτο
3327 3513 3418 3565 καὶ
3450 3512 3655 3583 εἴρητο.
3681 3515 3798 3567 Μα-

2215 3609 2369 3679 κροῖς
2403 3605 2460 3657 δὲ
2495 3605 2718 3676 ὕστερον
2761 3605 2991 3676 χρόνοις,
3029 3603 3166 3675 μετά
3208 3603 3296 3656 τὸν
3331 3601 3559 3657 θάνατον
3597 3605 3794 3667 Σαοὺλ,

2216 3698 2310 3753 καὶ
2360 3698 2495 3770 πρὸς
2531 3701 2644 3762 τοῖς
2689 3696 3017 3761 τελευταίοις
3065 3696 3165 3766 τῆς
3218 3695 3382 3750 αὐτοῦ
3425 3695 3718 3766 βασιλείας,
3767 3701 3798 3752 6

2216 3787 2378 3842 Δαυῒδ
2408 3787 2506 3859 τὴν
2551 3789 2608 3840 ὲν
2638 3786 2716 3857 τῷ
2745 3793 2785 3840 ν’
2825 3789 3054 3840 ποιεῖται
3105 3785 3509 3858 ἐξομολόγησιν,
3537 3787 3604 3859 ἥν
3626 3787 3797 3860 προύο

2217 3879 2347 3946 ταξε
2421 3879 2510 3934 διά
2569 3878 2667 3950 τὴν
2707 3878 2840 3946 πρὸς
2885 3880 2978 3932 τὸν
3033 3877 3120 3950 μθ⁹
3174 3877 3386 3948 ψαλμὸν
3443 3878 3792 3945 ἀκολουθίαν,

2215 3969 2402 4040 ὥσπερ
2440 3965 2533 4022 οὖν
2570 3970 2663 4022 καὶ
2706 3967 3096 4022 ἀποδέδεικται.
3140 3970 3202 4020 Oi
3250 3967 3293 4020 δ’
3334 3967 3442 4021 ἀπὸ
3487 3967 3580 4020 τοῦ
3614 3975 3663 4021 α’
3699 3969 3794 4022 καὶ

2215 4068 2258 4116 v'
2296 4062 2388 4115 τὸν
2437 4061 2666 4133 ἀριθμὸν
2711 4060 2902 4123 εἴκοσι,
2953 4057 3048 4112 τοῦ
3096 4057 3256 4112 Δαυῒδ
3301 4060 3788 4131 ἐπιγεγραμμένοι.

2219 4155 2381 4226 μέχρι
2411 4153 2504 4206 τοῦ
2544 4159 2584 4206 ά
2625 4151 2684 4217 ἐξ
2726 4152 2914 4222 ἑτέρας
2946 4151 3120 4222 ἀρχῆς
3150 4150 3245 4222 τὴν
3279 4152 3534 4206 ὑπόθεσιν
3568 4153 3791 4225 εἰλήφει.

2217 4259 2334 4296 σιν·
2379 4243 2587 4295 ἐοίκασι
2623 4242 2753 4310 γοῦν
2787 4242 2866 4296 ἔτι
2909 4241 3108 4306 ζῶντος
3149 4241 3320 4296 Σαοὺλ
3359 4242 3628 4313 εἰρῆσθαι,
3660 4246 3789 4315 πρὶν

2215 4334 2247 4406 ἢ
2285 4332 2595 4404 βασιλεῦσαι
2621 4332 2711 4385 τὸν
2753 4333 2932 4386 Δαυΐδ.
2967 4335 3034 4387 ’Ὀ
3071 4351 3132 4387 τε
3161 4333 3270 4406 γὰρ
3302 4334 3440 4404 μετὰ
3488 4337 3675 4407 χεῖρας
3706 4338 3786 4389 ἔτι

2216 4423 2411 4489 ζῶντος
2457 4424 2626 4478 Σαοὺλ
2670 4423 2861 4496 ἐλέχθη
2886 4466 2900 4490 ,
2935 4426 3032 4479 Ἐν
3082 4425 3163 4492 τῷ
3205 4425 3406 4480 ἐλθεῖν
3461 4426 3628 4496 Δωὴκ
3681 4428 3788 4482 τὸν

542 4517 762 4574 vivente
802 4515 965 4572 Saule
993 4519 1173 4574 dictus
1201 4527 1307 4582 est,
1344 4516 1476 4573 Cum
1501 4521 1636 4574 venit
1667 4519 1801 4576 Doec
1834 4521 2106 4578 Idumam:

2221 4517 2551 4586 Ἰδουμαῖον
2593 4517 2689 4570 καὶ
2723 4517 3068 4588 ἀναγγεῖλαι
3116 4517 3196 4583 τῷ
3244 4517 3463 4583 Σαοὺλ,
3502 4520 3591 4572 ὅτι
3637 4514 3784 4590 ἦλθε

541 4618 590 4663 et
619 4609 880 4663 nuntiavit
927 4606 1101 4672 Sauli,
1129 4627 1190 4663 ac
1217 4611 1354 4664 dixit
1384 4613 1449 4666 'ei
1470 4627 1488 4664 :
1533 4611 1680 4666 Venit
1714 4613 1886 4668 David
1930 4615 1984 4669 in
2011 4615 2108 4670 do-

544 4716 687 4754 mum
716 4700 1096 4755 Abimelech".
1141 4701 1247 4757 Sed
1273 4705 1437 4760 etiam
1463 4719 1583 4768 Lm,
1618 4713 1751 4760 tunc
1780 4710 2106 4777 pronuntia-

543 4803 632 4848 tus
657 4799 762 4858 est,
792 4791 924 4847 Cum
953 4794 1208 4848 venissent
1237 4794 1460 4864 Ziphazi,
1491 4807 1540 4851 et
1567 4796 1826 4854 dixissent
1847 4799 1916 4853 ad
1940 4798 2104 4856 Saul:

546 4883 734 4939 Nonne
772 4883 944 4938 David
971 4884 1308 4940 absconditus
1336 4899 1414 4942 est
1441 4889 1580 4958 apud
1602 4907 1694 4944 nos
1711 4890 1793 4944 ⁸⁸⁸2
1831 4890 2108 4962 Quinqua-

542 4978 785 5048 gesimus
809 4992 938 5033 vero
966 4978 1190 5048 quintus
1233 4979 1313 5034 sic
1367 4982 1665 5054 inscriptus
1693 4991 1814 5038 est:
1863 4983 1996 5039 Cum
2029 4993 2109 5039 te-

542 5077 766 5124 nuerunt
794 5068 946 5122 illum
975 5071 1242 5142 Allopliyli
1277 5073 1330 5128 in
1367 5073 1532 5129 Geth:
1563 5090 1672 5144 quo
1705 5085 1948 5146 tempore
1967 5093 2104 5132 non-

541 5159 670 5214 dum
697 5161 957 5232 regnabat
995 5161 1187 5228 David,
1222 5163 1384 5221 Saule
1403 5167 1713 5236 superstite.
1756 5166 2104 5240 Quinquage-

543 5253 717 5309 simus
743 5261 923 5308 autem
956 5263 1143 5311 sextus
1166 5256 1245 5311 sic
1273 5257 1488 5310 titulum
1525 5257 1705 5318 habet,
1745 5256 1934 5324 David,
1981 5274 2100 5312 cum

541 5348 740 5418 fugeret
760 5362 792 5398 a
818 5345 953 5414 facie
973 5346 1106 5402 Saul
1128 5350 1180 5401 in
1209 5351 1528 5417 speluncam.
1560 5346 1821 5403 Similiter
1851 5358 1904 5404 et
1942 5365 2095 5412 Lvm,

543 5435 770 5504 Quando
804 5437 945 5491 misit
978 5437 1128 5500 Saul,
1163 5439 1258 5502 ait,
1307 5448 1355 5492 et
1395 5437 1671 5491 custodiuit
1703 5439 1916 5492 domum
1961 5439 2096 5508 ejus,

542 5541 599 5586 ut
646 5547 764 5586 eum
793 5531 1124 5600 interﬁceret.
1179 5527 1680 5600 Quinquagcsitnus
1722 5546 1849 5586 vero
1899 5546 2098 5595 nouus,

543 5622 756 5678 etiamsi
790 5633 913 5692 post
965 5631 1194 5675 mortem
1239 5621 1420 5677 Saulis
1479 5623 1867 5691 pronuntiatus
1912 5622 2096 5684 fuerit,

2211 4609 2392 4664 Δαυῒδ
2430 4613 2516 4676 εις
2543 4609 2650 4662 τὸν
2689 4606 2857 4663 οἶκον
2897 4609 3222 4680 Ἀϐιμέλεχ.
3269 4609 3427 4664 Ἀλλὰ
3471 4611 3566 4665 καὶ
3607 4613 3635 4666 6
3671 4618 3782 4682 νγ”

2224 4701 2320 4755 Ἐν
2363 4700 2442 4766 τῷ
2490 4701 2688 4755 ἐλθεῖν
2745 4701 2884 4767 τοὺς
2933 4701 3249 4770 Ζιφαίους,
3318 4700 3415 4754 καὶ
3467 4701 3658 4755 εἰπεῖν
3691 4700 3783 4768 τῷ

2211 4793 2438 4847 Σαούλο
2489 4793 2635 4860 Οὐχὶ
2671 4791 2799 4845 ἰδοὺ
2829 4792 3008 4845 Δαυτδ
3055 4790 3381 4860 κέκρυπται
3429 4791 3565 4859 παρ’
3603 4791 3784 4862 ήμῑν;

2211 4886 2412 4956 εἴρητο.
2452 4884 2562 4937 Καὶ
2598 4887 2627 4939 6
2667 4891 2707 4937 ε’
2740 4885 2798 4938 δὲ
2836 4886 2930 4938 καὶ
2956 4891 3029 4938 ν’·
3060 4886 3198 4938 Ὅτε
3227 4884 3567 4953 ἐκράτησαν
3597 4885 3785 4939 αὐτὸν

2211 4979 2268 5031 ol
2304 4978 2652 5046 Ἁλλόφυλοι
2699 4978 2771 5032 ἐν
2810 4977 2948 5041 Γὲθ,
2988 4977 3421 5050 ἐπιγέγραπται·
3470 4975 3538 5050 ἦν
3578 4978 3636 5032 δὲ
3685 4978 3782 5034 καὶ

2209 5065 2362 5132 οὗτος
2393 5077 2422 5128 6
2457 5070 2645 5142 χρόνος
2689 5071 2718 5122 6
2759 5069 2864 5141 πρὸ
2911 5070 3011 5141 τῆς
3051 5070 3321 5140 βασιλείας
3351 5069 3444 5124 τοῦ
3484 5069 3664 5134 Δαυῒδ,
3697 5070 3779 5122 ἔτι

2209 5160 2301 5213 τοῦ
2337 5161 2506 5214 Σαοὺλ
2545 5161 2826 5231 περιόντος
2854 5160 2932 5231 τῷ
2969 5160 3086 5232 βίῳ,
3125 5162 3218 5214 καὶ
3254 5165 3281 5214 ὁ
3325 5168 3409 5226 νς¹
3455 5162 3776 5232 ἐπιγράφ;ι·

2215 5253 2300 5320 Τῷ
2332 5254 2528 5318 Δαυῒδ,
2556 5255 2626 5308 ἐν
2648 5252 2726 5318 τῷ
2762 5254 2946 5306 αὑτέν
2972 5252 3432 5321 ἀποδιδράσκειν
3453 5253 3568 5308 ἀπὸ
3594 5269 3780 5321 προσ-

2205 5345 2368 5400 ώπου
2423 5345 2621 5400 Σαοὺλ
2671 5349 2760 5412 εις
2800 5345 2864 5398 τὸ
2913 5345 3234 5412 σπήλαιον.
3281 5345 3552 5408 Ὡσαύτως
3599 5346 3693 5398 καὶ
3749 5345 3780 5398 6

2208 5445 2319 5509 νηό
2351 5438 2580 5503 Ὁπότε,
2623 5438 2809 5507 φησὶν,
2852 5437 3170 5493 ἀπέστειλε
3208 5439 3440 5502 Σαοὺλ,
3479 5437 3586 5492 καὶ
3635 5437 3778 5506 ἐφύη

2208 5530 2357 5593 ληεε
2385 5529 2491 5583 τὸν
2521 5526 2688 5583 οἷκον
2715 5529 2919 5594 αὐτοῦ,
2959 5530 3064 5584 τοῦ
3103 5529 3436 5583 θανατῶσαι
3471 5531 3678 5584 αὐτόν.
3709 5529 3777 5581 Ὅ

2210 5638 2270 5688 γε
2315 5620 2419 5691 μὴν
2466 5621 2630 5684 νϐ’,εί
2665 5622 2758 5675 καὶ
2811 5621 2949 5692 μετά
2992 5621 3082 5674 τὸν
3125 5621 3350 5694 Θάνατον
3377 5620 3545 5676 Σαοὺλ
3569 5620 3774 5693 εἴρητο,

615 5778 658 5812 ⁸⁸
695 5779 716 5832 1
750 5777 878 5848 Reg.
911 5794 1042 5844 xui,
1076 5779 1223 5833 9-“.
1303 5779 1341 5810 ⁸¹
1385 5777 1516 5833 ibid.
1558 5777 1754 5840 18,19.
1833 5779 1876 5808 ⁶’
1913 5775 2056 5832 Psal.
2096 5793 2106 5826 τ

2212 5793 2303 5842 ιιι,
2337 5777 2388 5830 2.
2469 5778 2510 5808 “3
2551 5775 2568 5829 l
2601 5776 2731 5849 Reg.
2769 5794 2880 5846 ut,
2920 5778 2969 5832 1.
3048 5778 3090 5810 "°
3131 5777 3262 5832 ibid.
3300 5776 3381 5831 ll.
