4100 6442
343 378 459 435 443
1467 379 1900 437 COMMENTAB'

2004 382 2072 438 IN
2111 382 2451 440 PSALMOS.
3474 387 3592 445 ηε

341 498 448 570 ἥδη
483 497 850 568 βασιλευοντος
879 494 970 551 τοῦ
1001 495 1180 562 Δαυῒδ,
1204 497 1345 552 and:
1381 498 1474 551 καὶ
1502 500 1662 566 αὐτὸς
1690 501 1794 571 πρὸ
1817 503 1900 573 τῆς

2012 503 2125 571 jam
2155 510 2419 574 regnante
2459 502 2662 560 Davide
2698 524 2713 572 ;
2745 512 2802 559 at
2827 505 2942 576 ipse
2977 519 3193 576 quoque
3222 516 3356 561 ante.
3377 506 3582 562 admis-

341 590 487 645 κατὰ
513 590 604 643 τὸν
637 590 836 661 Οὐρίαν
866 588 1114 661 πράξεως
1132 607 1146 620 ·
1177 588 1206 641 ὃ
1237 590 1300 662 δὴ
1332 591 1652 662 σημαίνεται
1676 594 1781 646 ἀπὸ
1805 595 1900 663 τῆς

2015 609 2136 649 sum
2163 595 2218 649 in
2259 595 2445 651 Uriam
2479 594 2693 652 facinus
2725 597 2907 653 editus
2939 607 3050 653 est:
3083 597 3229 668 quod
3260 613 3324 653 ex
3372 597 3578 655 inscri-

341 680 690 751 προγραφῆς,
713 680 832 750 ἥτις
856 680 1003 751 δηλοῖ
1026 680 1115 734 τὸν
1144 681 1330 752 χρόνον
1356 681 1635 749 φάσκουσα
1653 700 1666 714 ’
1707 684 1900 737 Ὁπότε

2011 686 2194 756 ptione
2241 687 2600 756 signiﬁcatur,
2657 690 2923 759 temporis
2993 696 3178 743 notam
3236 689 3443 744 ferente
3493 688 3578 744 his

339 772 659 840 ἐνεπύρισε
704 770 818 839 τὴν
857 770 1316 841 Μεσοποταμίαν
1361 773 1610 840 Συρίας,
1654 773 1750 826 καὶ
1796 772 1900 840 τὴν

2011 775 2226 830 verbis:
2276 773 2408 830 Cum
2451 777 2720 830 succendit
2767 776 3214 847 Mesopotamiam
3275 776 3467 848 Syria,
3525 787 3576 831 et

343 863 566 930 Συρίαν
609 861 773 916 Σωϐᾶ
795 904 808 928 ,
857 863 953 916 καὶ
999 862 1380 931 ἀπέστρεψεν
1422 865 1579 918 Ἰωὰϐ
1624 867 1721 919 καί
1769 865 1900 920 ἐπά-

2011 864 2225 935 Syriam
2271 864 2412 920 Soba
2457 883 2476 921 :
2509 878 2559 922 et
2596 884 2872 923 conversus
2908 867 3045 923 Joab
3093 871 3347 938 percussit
3388 869 3577 923 vallem

345 955 486 1022 ταξε
528 954 644 1022 τὴν
673 953 942 1025 φάραγγα
985 955 1104 1008 τῶν
1119 956 1318 1021 Ἁλῶν,
1351 957 1574 1011 δώδεκα
1607 959 1905 1027 χιλιάδας.

341 1045 526 1098 Ταῦτα
572 1044 628 1097 δὲ
666 1047 779 1107 τοῖς
812 1045 1022 1116 χρόνοις
1065 1045 1293 1117 προάγει
1332 1048 1428 1118 τὴν
1458 1048 1514 1099 ἐν
1537 1046 1612 1118 τῷ
1637 1054 1679 1100 ν’
1709 1047 1907 1119 ψαλμῴ

342 1137 742 1208 ἐξομολόγησιν.
774 1138 893 1190 Ἔτι
925 1137 1030 1208 μὴν
1062 1139 1153 1191 καὶ
1183 1140 1211 1190 6
1239 1138 1316 1205 ξδ’
1353 1139 1564 1211 ψαλμὸς
1605 1140 1795 1212 ἐλέχθη
1829 1140 1906 1212 τῷ

341 1226 500 1280 Δαυῒδ
524 1229 592 1280 ἐν
624 1225 702 1292 τῷ
726 1223 878 1281 εἶναι
919 1228 1105 1281 αὑτὸν
1145 1230 1213 1282 ἐν
1250 1229 1322 1297 τῇ
1363 1230 1556 1298 ἐρήμῳ
1586 1230 1696 1298 τῆς
1733 1231 1906 1285 Ἰδου-

340 1320 534 1384 μαίας,
566 1315 765 1381 ζῶντος
807 1318 884 1370 ἔτι
925 1319 1016 1372 τοῦ
1053 1319 1238 1373 Σαούλ.
1268 1320 1376 1373 Καὶ
1407 1320 1503 1374 θέα
1544 1321 1690 1384 ὅπως
1723 1322 1905 1392 σχεδὸν

339 1412 386 1462 οἱ
422 1410 657 1462 πλεῖστοι
687 1409 780 1463 τοῦ
808 1409 1054 1483 δευτέρου
1091 1412 1287 1483 μέρους
1311 1413 1410 1482 τῆς
1438 1412 1616 1483 βίϐλου
1636 1412 1745 1468 τῶν
1770 1413 1904 1483 ψαλ-

340 1501 456 1572 μῶν
481 1499 572 1554 τοῦ
590 1501 769 1565 Δαυῒδ,
795 1505 1061 1574 παρεκτὸς
1081 1505 1172 1556 τοῦ
1208 1511 1270 1568 ν’,
1300 1506 1426 1568 τοὺς
1457 1504 1732 1576 πρόπαλαι
1755 1507 1906 1578 είρη-

339 1591 534 1662 μένους
565 1594 711 1664 αὐτῷ
739 1595 842 1665 πρὸ
877 1594 985 1648 τῶν
1019 1596 1222 1666 χρόνων
1253 1596 1351 1667 τῆς
1390 1595 1531 1650 κατὰ
1571 1597 1660 1650 τὸν
1705 1598 1905 1670 Οὐρίαν

336 1685 588 1756 πράξεως
621 1686 1017 1756 περιειλήφασι.
1052 1687 1124 1740 Τό
1145 1704 1208 1756 γε
1242 1687 1346 1759 μὴν
1375 1689 1587 1760 πρῶτον
1619 1689 1779 1761 μέρος
1806 1691 1905 1762 τῆς

335 1777 508 1846 αὐτῆς
539 1776 718 1846 βίϐλου
757 1777 816 1831 τὸ
860 1779 968 1832 ἀπὸ
1013 1778 1228 1851 πρώτου
1274 1780 1367 1834 καὶ
1403 1781 1562 1852 μέχρι
1599 1789 1650 1852 μ’
1693 1783 1793 1853 τὴν
1821 1783 1904 1835 ἐν-

333 1867 522 1921 αντίαν
554 1864 665 1939 εἶχε
701 1869 884 1934 τάξιν·
919 1871 1045 1934 τοὺς
1081 1869 1189 1942 γὰρ
1220 1871 1359 1942 μετά
1397 1873 1494 1944 τὴν
1523 1873 1904 1946 ἐξομολόγησιν
1935 1895 1976 1948 Β

331 1957 430 2011 τοῦ
464 1966 504 2011 ν’
537 1960 710 2012 ἐκεῖνο
739 1964 978 2032 περιεῖχε
1007 1962 1068 2015 τὸ
1103 1963 1283 2034 μέρος.
1332 1963 1388 2017 '0
1413 1965 1542 2033 γοῦν
1573 1965 1752 2037 τρίτος
1772 1966 1904 2036 ψαλ-

336 2050 438 2120 μὸς
479 2048 697 2102 λέλεκτο
749 2051 826 2121 τῷ
864 2051 1056 2116 Δαυῒδ,
1095 2054 1272 2108 ὁπότε
1311 2053 1747 2123 ἀπεδίδρασκεν
1784 2057 1903 2110 ἀπὸ

334 2143 657 2212 προσώπου
695 2146 1069 2211 Ἀϐεσσαλὼμ
1114 2147 1219 2202 τοῦ
1260 2148 1392 2202 υἱοῦ
1425 2148 1629 2204 αὐτοῦ.
1666 2151 1902 2220 Ἐφευγε

331 2234 390 2288 δὲ
422 2236 510 2288 τὸν
533 2237 646 2288 υίὸν
679 2235 816 2307 μετὰ
842 2236 936 2308 τὴν
953 2238 1187 2309 ἱστορίαν
1199 2239 1291 2292 τοῦ
1320 2241 1536 2312 Οὐρίου.
1555 2240 1713 2294 Ἀλλὰ
1727 2241 1820 2296 καὶ
1844 2244 1902 2295 ἐν

330 2325 411 2396 τῷ
439 2333 487 2390 ς’
516 2328 614 2398 τῆς
635 2329 803 2396 αὐτῆς
833 2329 990 2382 ἕνεκα
1011 2331 1259 2399 πράξεως
1285 2331 1619 2403 ἀπεκλάετοῙ(
1629 2333 1682 2404 1)
1698 2333 1897 2402 λέγων·

345 2419 666 2472 Ἐκοπίασα
690 2419 759 2471 ἐν
786 2417 864 2483 τῷ
889 2418 1197 2488 στεναγμῷ
1217 2439 1332 2490 μου
1350 2461 1365 2486 ,
1396 2423 1598 2476 λούσω
1631 2424 1757 2476 καθ’
1775 2423 1906 2477 ἐκά-

329 2526 490 2578 στην
516 2513 703 2565 νύκτα
727 2512 841 2579 τὴν
865 2513 1081 2580 κλίνην
1102 2530 1241 2583 μου,
1265 2513 1335 2566 ἐν
1365 2512 1620 2582 δάκρυσί
1642 2531 1761 2583 μου
1788 2515 1902 2582 τὴν

331 2603 651 2672 στρωμνήν
669 2621 788 2674 μου
809 2604 1026 2672 βρέξω.
1063 2606 1170 2658 Καὶ
1191 2607 1220 2658 6
1246 2604 1288 2668 ζ’
1313 2605 1368 2658 δέ
1390 2622 1404 2635 ·
1451 2605 1616 2674 Ὑπὲρ
1656 2605 1776 2660 τῶν
1801 2607 1902 2660 λό-

332 2712 454 2764 γων
505 2695 690 2749 Χουσὶ
737 2696 870 2750 υἱοῦ
909 2697 1136 2766 Ἰεμινεὶ
1179 2695 1497 2767 λελεγμένος
1520 2738 1534 2762 ,
1573 2696 1680 2750 τῶν
1722 2697 1899 2750 αὐτῶν

334 2785 422 2856 εἴη
453 2785 518 2840 ἂν
548 2787 772 2858 χρόνων.
809 2789 974 2841 Χουσὶ
1010 2787 1118 2860 γὰρ
1151 2790 1492 2860 ὰρχιεταϊρος
1529 2787 1767 2858 γεγονὼς
1805 2790 1898 2843 τοῦ

335 2879 515 2942 Δαυῒδ,
559 2879 635 2950 τῷ
677 2880 1026 2951 Ἀϐεσσαλὼμ
1073 2881 1404 2949 συνεγένετο.
1451 2882 1570 2934 Ἔτι
1605 2882 1709 2953 μὴν
1751 2884 1843 2936 καὶ
1871 2885 1899 2936 6

337 2967 402 3034 ιζ’
438 2970 804 3024 ἀποδέδεικται
850 2973 976 3042 περὶ
1007 2970 1073 3024 τὰ
1107 2971 1388 3026 τελευταῖα
1425 2973 1524 3042 τῆς
1571 2973 1714 3044 ζωῆς
1741 2973 1899 3027 Δαυῒδ

331 3060 671 3132 λελεγμένος.
713 3062 871 3116 Ἀλλὰ
924 3065 1018 3116 καὶ
1063 3065 1092 3116 6
1143 3062 1239 3128 λζ’,
1295 3065 1765 3136 ἐπιγεγραμμένος
1811 3068 1900 3132 είς

331 3152 688 3222 ἀνάμνησιν,
716 3153 810 3224 τὴν
835 3153 1002 3224 αὐτὴν
1035 3153 1171 3225 ἔχων
1195 3154 1431 3208 διάνοιαν
1459 3155 1536 3226 τῷ
1565 3157 1642 3220 ς’,
1674 3155 1897 3228 ἄρχεται

2011 955 2344 1023 εαέἱηανιιιη,
2378 958 2653 1013 duodecim
2698 960 2888 1016 millia.
2938 960 3064 1016 Haec
3119 976 3285 1030 porro
3325 969 3576 1031 tempore

2007 1054 2334 1116 praevertunt
2361 1049 2758 1104 confessionem
2801 1050 2857 1103 in
2899 1066 2932 1104 ι.
2983 1051 3192 1121 psalmo
3216 1048 3442 1120 factam.
3480 1050 3562 1100 ιι..

2008 1151 2174 1205 super
2210 1151 2320 1190 Lxu
2355 1151 2384 1189 a
2440 1136 2643 1192 Davide
2665 1137 2845 1192 dictus
2871 1145 2976 1202 est,
2993 1154 3109 1192 cum
3136 1145 3268 1191 esset
3297 1136 3578 1190 in-deserto

2009 1227 2282 1292 Idumam,
2320 1231 2535 1284 vivente
2591 1230 2771 1284 adhuc
2815 1230 2999 1286 Saule.
3053 1232 3133 1286 Ac
3162 1230 3300 1284 mihi
3343 1244 3578 1300 perpen-

2005 1319 2105 1375 das
2139 1320 2320 1383 velim,
2361 1337 2471 1391 quo
2515 1328 2674 1391 pacto
2714 1323 2962 1392 plerique
3011 1323 3066 1376 in
3124 1321 3363 1378 secunda
3419 1328 3574 1392 parte

2004 1411 2151 1473 libri,
2183 1415 2516 1481 psalmorum
2577 1412 2800 1468 Davidis
2851 1413 3014 1484 positi
3069 1412 3287 1484 psalmi,
3341 1418 3576 1482 excepto

2004 1505 2487 1576 quinquagesimo,
2515 1522 2612 1562 eos
2657 1507 2751 1577 qui
2798 1507 2867 1562 ab
2916 1506 3037 1576 ipso
3071 1505 3164 1559 diu
3195 1513 3322 1560 ante
3358 1513 3577 1575 tempus

2003 1596 2141 1666 gesti
2174 1597 2229 1650 in
2263 1594 2443 1650 Uriam
2481 1595 2741 1653 facinoris
2787 1595 3123 1666 pronuntiati
3164 1594 3399 1658 fuerant,
3431 1609 3573 1663 pra:—

2005 1687 2415 1756 occupaverint.
2490 1687 2673 1742 Prima
2731 1703 2863 1744 sane
2911 1703 3038 1758 pars
3085 1686 3328 1756 ejusdem
3381 1685 3504 1739 libri
3541 1700 3574 1738 ιι

2005 1778 2182 1848 primo
2229 1779 2296 1833 ad
2331 1779 2836 1850 quadragesimum,
2868 1780 3208 1834 contrarium
3231 1777 3393 1832 habet
3421 1775 3574 1832 ordi.

2005 1884 2162 1923 nem:
2200 1884 2434 1939 namque
2456 1885 2584 1940 pars
2620 1871 2710 1923 illa
2739 1885 2856 1933 eos,
2880 1869 2974 1939 qui
3006 1876 3130 1940 post
3171 1865 3572 1922 confessionem

2002 1960 2438 2030 quinquagesimi
2491 1961 2686 2031 psalmi
2749 1961 2880 2016 dicti
2937 1969 3087 2026 sunt,
3163 1957 3569 2029 complectitur.

2005 2050 2222 2108 Tertius
2253 2053 2436 2122 itaque
2467 2053 2710 2124 psalmus
2749 2067 2780 2106 a
2803 2050 3002 2108 Davide
3044 2051 3433 2120 pronuntiatus
3461 2057 3570 2111 est.

2003 2161 2121 2198 eum
2163 2146 2362 2218 fugeret
2391 2164 2424 2200 a
2446 2147 2583 2214 facie
2621 2145 2906 2200 Absalonis
2945 2144 3046 2214 ﬁlii
3077 2143 3180 2198 sui.
3214 2141 3374 2214 Fugit
3391 2149 3572 2196 autem

2003 2251 2034 2289 a
2070 2236 2182 2291 filio
2215 2248 2340 2307 post
2387 2238 2680 2293 historiam
2735 2235 2898 2292 Uriaa.
2949 2234 3062 2290 lmo
3095 2236 3261 2291 etiam
3307 2233 3361 2287 in
3418 2240 3572 2288 sexto

2001 2346 2102 2402 pro
2141 2333 2329 2388 eodem
2389 2332 2636 2388 facinore
2684 2332 2848 2388 flebat
2919 2331 3148 2386 dicens:
3201 2328 3460 2383 Laboravi
3515 2327 3571 2380 in

2000 2426 2194 2496 gemitu
2247 2441 2400 2480 meo:
2460 2425 2647 2479 lavabo
2708 2440 2800 2495 per
2867 2423 3103 2492 singulas
3153 2431 3327 2475 noctes
3381 2419 3572 2473 lectum

2001 2531 2208 2581 meum;
2276 2516 2524 2587 lacrymis
2596 2515 2723 2569 meis
2792 2523 3018 2569 stratum
3074 2528 3244 2566 meum
3300 2507 3479 2580 rigabo
3503 2508 3569 2563 ⁸⁸.

2003 2607 2278 2678 Septimus
2337 2607 2506 2670 item,
2554 2623 2648 2675 pro
2720 2607 2889 2661 verbis
2966 2603 3130 2659 Chusi
3189 2602 3290 2672 ﬁlii
3374 2599 3574 2654 Jemini

2000 2696 2200 2761 dictus,
2236 2695 2481 2766 ejusdem
2531 2695 2795 2764 temporis
2827 2692 3011 2747 fuerit.
3065 2690 3234 2746 Chusi
3285 2687 3434 2744 enim
3478 2685 3572 2757 qui

1999 2787 2252 2857 princeps
2295 2787 2596 2842 amicorum
2649 2784 2816 2838 David
2861 2782 3075 2845 fuerat,
3130 2795 3254 2836 cum
3301 2777 3572 2832 Ahsalone

1995 2878 2223 2948 junctus
2255 2885 2358 2932 est.
2389 2877 2456 2930 Et
2476 2878 2588 2947 jam
2618 2876 2836 2946 quidem
2868 2879 3354 2930 commonstratum
3378 2878 3463 2946 est
3478 2870 3573 2924 de-

1999 2970 2198 3025 cimum
2230 2969 2522 3038 septimum
2541 2969 2704 3038 ,circa
2728 2967 2888 3022 finem
2917 2967 3041 3021 vitae
3060 2965 3229 3020 David
3253 2965 3458 3018 dictum
3489 2961 3573 3016 fu-

1999 3059 2128 3115 isse.
2182 3057 2554 3128 Similiterque
2586 3057 2898 3112 tricesimus
2942 3054 3237 3125 septimus,
3273 3052 3572 3122 inscriptus

1999 3150 2053 3202 in
2086 3148 2590 3212 rememorationcm,
2622 3145 2867 3202 eamdem
2908 3143 3203 3216 praeferens
3245 3157 3406 3214 quam
3449 3157 3573 3197 sex-

333 3244 432 3316 μὲν
461 3244 569 3297 ἀπὸ
606 3244 712 3299 τῶν
737 3245 911 3299 αὐτῶν
952 3247 1208 3318 ῥημάτων
1240 3246 1410 3316 λέγων
1429 3264 1442 3278 ·
1479 3248 1672 3315 Κύριε,
1702 3247 1787 3318 μὴ
1819 3246 1898 3313 τῷ

1999 3248 2089 3295 tus
2113 3238 2464 3302 sententiam,
2499 3238 2693 3292 iisdem
2736 3236 2919 3292 verbis
2973 3234 3163 3306 incipit
3197 3233 3384 3288 dicens
3412 3251 3426 3286 :
3460 3231 3570 3285 Do-

331 3335 492 3406 θυμῷ
519 3351 636 3390 σου
660 3337 911 3406 ἐλέγξῃς
931 3356 1027 3407 με,
1062 3337 1216 3408 μηδὲ
1246 3338 1321 3407 τῇ
1347 3339 1493 3410 ὀργῇ
1525 3358 1641 3393 σου
1667 3337 1897 3394 παιδεύ-

327 3442 450 3496 σῃς
470 3445 564 3498 με.
597 3429 805 3500 Προϊὼν
859 3430 915 3483 δὲ
964 3431 1062 3501 τὴν
1104 3431 1272 3503 αὐτὴν
1321 3431 1703 3502 ἐξομολόγησιν
1737 3435 1802 3503 τῇ
1839 3434 1896 3485 ὲν

325 3519 408 3592 τῷ
427 3527 468 3573 ν’
496 3521 766 3592 φερομένῃ
801 3525 1028 3575 ποιεῖται
1064 3521 1120 3574 ἐν
1151 3540 1210 3575 τε
1243 3526 1354 3586 τοῖς
1387 3523 1566 3587 ἄλλοις
1597 3525 1690 3577 καὶ
1720 3524 1788 3578 δι’
1821 3518 1896 3578 ὧν

327 3628 524 3681 φησιν’
558 3613 682 3665 Ὅτι
713 3616 769 3665 ai
809 3613 1042 3682 ἀνομίαι
1071 3631 1188 3682 μου
1224 3611 1539 3683 ὑπερῆσαν
1569 3613 1683 3682 τὴν
1713 3633 1895 3684 κεφα-

324 3703 449 3771 λὴν
475 3719 618 3773 μου.
647 3702 1034 3773 Προσώζὶῖσαν
1060 3704 1158 3756 καὶ
1185 3703 1506 3772 ἐσάπησαν
1531 3709 1584 3759 οἱ
1609 3703 1894 3776 μωωπές

320 3814 442 3866 μου
481 3796 601 3850 ἀπὸ
629 3797 947 3865 προσώπου
982 3795 1090 3864 τῆς
1126 3797 1472 3866 ἀφροσύνης
1496 3815 1634 3866 μου.
1675 3799 1784 3852 Καὶ
1831 3799 1894 3851 σὺ

325 3887 372 3939 δ’
405 3887 470 3941 ἂν
499 3888 638 3942 κατὰ
672 3890 865 3942 σαυτὸν
902 3888 1221 3958 συναγαγὼν
1254 3889 1433 3960 εὕροις
1466 3889 1532 3944 ἂν
1570 3889 1638 3943 τὰ
1673 3889 1896 3944 πλεῖστα

324 3979 434 4032 τῶν
460 3981 516 4032 ὲν
537 3980 615 4052 τῷ
646 3980 844 4052 πρώτῳ
875 3982 1028 4051 μέρει
1071 3981 1177 4035 τῶν
1209 3981 1437 4053 ψαλμῶν
1464 3981 1600 4052 μετὰ
1624 3982 1750 4046 τοὺς
1773 3983 1896 4053 χρό-

325 4089 450 4136 νους
488 4073 586 4143 τῆς
617 4073 752 4126 κατᾶ
778 4075 869 4126 τὸν
900 4073 1099 4144 Οὐρίαν
1139 4073 1380 4145 ἱστορίας
1420 4073 1702 4146 εἰρημένα,
1734 4074 1802 4128 τὰ
1838 4074 1895 4126 δὲ

327 4161 467 4234 μετὰ
489 4163 581 4215 τὸν
607 4170 650 4215 ν’
679 4166 789 4227 τοῖς
815 4165 1024 4236 χρόνοις
1049 4163 1357 4236 προάγοντα
1380 4163 1476 4236 τὴν
1509 4164 1649 4218 κατὰ
1677 4165 1767 4218 τὸν
1793 4165 1895 4218 Οὐ-

330 4253 448 4323 ρίαν
476 4253 689 4325 πρᾶξιν.
719 4253 783 4305 Τί
809 4253 1006 4325 δήποτε
1030 4250 1122 4309 οὖν
1155 4257 1216 4308 οὐ
1254 4254 1395 4308 κατὰ
1427 4255 1525 4324 τὴν
1553 4255 1662 4308 τῶν
1690 4255 1894 4328 χρόνων

323 4343 643 4398 ἀκολουθίαν
669 4346 716 4397 οἱ
742 4343 944 4416 πρῶτοι
977 4347 1087 4409 τοῖς
1122 4346 1330 4416 χρόνοις
1362 4345 1567 4418 πρῶτοι
1597 4346 1895 4416 κατετάγη-

327 4451 455 4488 σαν·
481 4434 594 4488 ἀλλ’
619 4435 670 4488 οἱ
704 4434 802 4506 τὴν
829 4435 1033 4506 πρῶτοι
1057 4434 1368 4505 λελεγμένοι
1395 4436 1474 4488 έτι
1505 4435 1703 4500 ζῶντος
1726 4435 1894 4489 Σαοὺλ

325 4526 384 4577 ὲν
408 4524 485 4596 τῷ
503 4525 736 4597 δευτέρῳ
760 4524 915 4596 μέρει
939 4525 1046 4578 τῶν
1067 4525 1324 4596 ψαλμῶψ
1351 4528 1407 4578 ἐν
1431 4525 1487 4578 δὲ
1512 4525 1590 4595 τῷ
1619 4523 1818 4596 πρώτῳ
1843 4526 1892 4577 oi

1998 3331 2170 3394 mine,
2216 3346 2280 3384 ne
2307 3329 2362 3384 in
2387 3329 2566 3399 furore
2598 3339 2686 3382 tuo
2718 3344 2913 3398 arguas
2944 3342 3058 3390 me,
3094 3341 3254 3395 neque
3281 3325 3337 3378 in
3366 3324 3448 3377 ira
3478 3331 3571 3377 tua

1997 3421 2256 3489 corripias
2286 3436 2387 3476 me.
2419 3419 2475 3473 ln
2496 3419 2854 3489 sequentibus
2877 3431 3006 3471 vero
3030 3416 3298 3478 eamdem,
3329 3428 3490 3484 quam
3515 3414 3570 3466 in

1998 3511 2207 3582 psalmo
2235 3510 2694 3582 quinquagesimo
2713 3548 2728 3573 ,
2760 3507 3160 3563 confessionem
3189 3505 3336 3569 edit,
3371 3506 3484 3560 sive
3515 3504 3572 3558 in

1998 3602 2153 3667 aliis,
2204 3603 2318 3658 sive
2347 3603 2402 3656 in
2437 3602 2541 3656 hoc
2579 3602 2723 3656 dicto
2759 3619 2772 3654 :
2810 3600 3074 3665 Quoniam
3107 3598 3411 3668 iniquitates
3444 3612 3573 3650 mea:

1997 3708 2345 3763 supergressa:
2391 3701 2514 3747 sunt
2559 3700 2716 3761 caput
2767 3707 2956 3743 meum.
3015 3689 3336 3742 Putruerunt
3370 3695 3419 3740 et
3454 3703 3572 3739 cor-

1997 3793 2166 3855 ruptae
2196 3797 2316 3839 sunt
2343 3785 2616 3839 cicatrices
2638 3800 2766 3838 mea:
2795 3801 2827 3836 a
2851 3783 2986 3852 facie
3014 3780 3332 3848 insipientia:
3351 3795 3478 3834 mea:
3504 3779 3567 3834 “.

1993 3877 2073 3932 Ac
2105 3877 2150 3932 si
2181 3877 2368 3932 eadem
2401 3891 2500 3948 per
2527 3883 2578 3929 te
2605 3874 2833 3944 colligas
2855 3911 2870 3936 ,
2914 3871 3082 3925 multa
3129 3871 3183 3923 in
3220 3869 3394 3940 prima
3419 3879 3573 3939 parte

1995 3967 2121 4022 libri
2151 3967 2486 4038 psalmorum
2511 3963 2913 4035 deprehendas,
2947 3976 3068 4032 quas
3091 3967 3214 4030 post
3241 3967 3456 4029 tempus
3486 3960 3572 4013 hi-

1995 4059 2178 4114 storiae
2223 4058 2291 4112 de
2345 4057 2476 4112 Uria
2519 4057 2732 4128 prolata
2785 4061 2952 4120 sunt,
3006 4059 3170 4121 atque
3209 4065 3273 4106 ea
3296 4066 3416 4120 quae
3448 4059 3571 4120 post

1993 4148 2504 4218 quinquagesimum
2537 4146 2712 4217 posita
2745 4150 2910 4209 sunt,
2955 4150 3166 4212 gestum
3197 4141 3251 4194 in
3279 4138 3462 4193 Uriam
3488 4138 3570 4194 fa-

1993 4241 2151 4295 cinus
2200 4249 2442 4310 tempore
2484 4249 2810 4310 praevertere
2853 4233 3182 4306 comperies.
3235 4230 3376 4298 Quid
3404 4231 3570 4301 igitur

1994 4347 2173 4386 causa:
2202 4340 2305 4396 est,
2347 4330 2495 4401 quod
2537 4344 2645 4384 non
2679 4326 2980 4383 secundum
3011 4333 3317 4395 temporum
3345 4323 3564 4386 seriem,

1993 4423 2086 4494 qui
2112 4423 2281 4494 primi
2313 4429 2557 4491 tempore
2583 4427 2714 4476 sunt
2737 4461 2752 4486 ,
2781 4417 2943 4488 primi
2973 4416 3136 4487 positi
3171 4415 3313 4479 sint,
3343 4415 3438 4470 sed
3474 4416 3566 4484 qui

1995 4493 2178 4584 primi,
2215 4513 2512 4584 superstite
2538 4511 2703 4566 Saule
2727 4510 2861 4565 dicti
2892 4517 3039 4573 sunt,
3075 4507 3130 4562 in
3158 4505 3396 4563 secunda
3421 4507 3570 4577 psal-

325 4617 434 4678 τοῖς
460 4614 668 4686 χρόνοις
713 4613 967 4679 ὐστατοι;
1015 4614 1252 4686 ἡγοῦμαι
1283 4615 1338 4668 δὲ
1379 4614 1581 4684 ταύτην
1617 4615 1890 4686 εἰληφέναι

1999 4623 2209 4662 morum
2243 4612 2398 4677 parte
2432 4605 2543 4659 sint
2575 4604 2890 4668 constituti;
2917 4610 2971 4658 et
3002 4602 3056 4656 in
3083 4600 3280 4671 prima,
3311 4599 3404 4670 qui
3432 4607 3570 4653 tem-

321 4703 421 4775 τὴν
465 4704 636 4770 τάξιν,
675 4704 748 4767 ὼς
791 4705 856 4759 ἂν
901 4705 974 4776 μὴ
1013 4706 1120 4759 ἀπὸ
1170 4704 1278 4758 τῶν
1331 4705 1652 4777 κρειττόνων
1695 4706 1786 4758 ἐπὶ
1828 4705 1896 4758 τὰ

325 4797 490 4867 χείρω
515 4797 730 4867 φέροιτο
760 4799 788 4850 6
824 4796 979 4865 λόγος
996 4814 1009 4826 °
1039 4797 1100 4852 τὸ
1120 4797 1248 4869 γὰρ,
1275 4800 1361 4863 εἰς
1387 4797 1451 4850 τὸ
1479 4795 1651 4862 τέλος
1671 4797 1757 4866 μὴ
1773 4797 1897 4850 δια-

323 4886 590 4956 φθείρῃς,
627 4889 718 4943 καὶ
764 4887 854 4940 ἐπὶ
894 4887 992 4956 τῆς
1017 4886 1124 4939 τῶν
1157 4887 1384 4958 ψαλμῶν
1415 4887 1620 4951 τάξεως
1660 4886 1899 4956 πεφυλά-

322 4976 448 5047 χθαι
468 4977 660 5034 ἔοικεν.
696 4978 785 5032 Διὸ
827 4980 918 5032 καὶ
950 4979 1018 5032 τὰ
1050 4979 1470 5052 σκυθρωπότερα
1507 4979 1698 5051 πρῶτα
1727 4978 1896 5032 τέθει-

321 5083 438 5120 ται·
475 5067 561 5122 ἴνα
591 5068 816 5140 δεύτερα
848 5068 915 5121 τὰ
939 5070 1275 5140 χρηστότερα
1317 5068 1581 5140 φυλαχθῇ,
1623 5068 1892 5121 καλυπτο-

324 5158 500 5228 μένων
533 5159 1109 5231 καὶέξαφανιζομένων
1136 5159 1244 5213 τῶν
1274 5161 1551 5231 χειρόνων,
1581 5159 1669 5212 διὰ
1691 5159 1797 5212 τῶν
1835 5159 1893 5212 ὲν

319 5251 433 5312 τοῖς
479 5249 749 5320 δευτέροις
801 5252 1140 5320 κρειττόνων.
1201 5251 1359 5315 Εἰκὸς
1407 5250 1461 5304 δὲ
1506 5250 1598 5303 τὸν
1632 5247 1793 5302 Δαυῗδ
1833 5249 1894 5302 τὸ

319 5338 708 5413 πλημμεληθὲν
733 5343 881 5414 αὐτῷ
915 5342 1137 5414 ὕστερον
1168 5343 1254 5396 διὰ
1279 5341 1386 5394 τῶν
1420 5342 1696 5414 προτέρων
1730 5339 1892 5395 αὐτοῦ

317 5433 757 5504 κατορθωμάτων
785 5437 986 5490 ἐθέλειν
1016 5433 1328 5490 καλύπτειν.
1350 5433 1504 5487 Εἴποι
1523 5435 1567 5488 δ’
1590 5434 1654 5487 ἄν
1681 5451 1786 5497 τις,
1812 5433 1894 5485 ὃτι

389 5593 440 5626 ⁸⁸
476 5591 619 5648 Psal.
653 5609 738 5656 vr,
780 5591 831 5643 7.
909 5591 954 5622 “
991 5589 1135 5644 Psal.
1171 5607 1388 5654 xxxvii,
1426 5591 1478 5656 5,
1521 5591 1573 5645 6.

1996 4712 2130 4768 pore
2157 4697 2487 4766 posteriores
2508 4695 2696 4750 erant?
2726 4692 2840 4764 Ego
2866 4707 2994 4748 vero
3023 4693 3259 4747 arbitror
3281 4691 3402 4745 ideo
3423 4689 3569 4744 hunc

1997 4787 2242 4843 ordinem
2275 4796 2551 4858 sumptum
2583 4799 2727 4850 esse,
2757 4795 2819 4838 ut
2851 4798 2919 4838 ne
2949 4797 2979 4836 a
3008 4780 3478 4853 praastantioribus
3499 4781 3567 4836 ad

1997 4877 2187 4948 pejora
2242 4892 2424 4933 sermo
2455 4875 2778 4930 declinaret.
2827 4869 2964 4926 Illud
2997 4869 3141 4925 enim
3176 4888 3189 4924 :
3223 4867 3288 4922 In
3317 4869 3473 4938 ﬁnem
3505 4885 3570 4924 ne

1999 4967 2299 5040 disperdas,
2322 4967 2486 5022 etiam
2516 4981 2617 5038 pro
2641 4965 2974 5035 psalmorum
3007 4960 3198 5016 ordine
3221 4959 3565 5015 observatum

2001 5064 2240 5120 videtur.
2301 5059 2482 5129 Quare
2511 5059 2754 5115 tristiora
2783 5056 2960 5128 primo
2988 5053 3163 5125 posita
3187 5060 3346 5117 sunt,
3379 5060 3437 5106 ut
3465 5052 3567 5106 mi-

1999 5157 2143 5211 tiora
2170 5171 2270 5227 pro
2312 5152 2570 5211 secundis
2597 5157 2966 5213 servarentur,
3006 5145 3294 5202 occultatis
3320 5151 3374 5200 et
3405 5143 3566 5199 oblit—

1997 5250 2194 5304 teratis
2223 5246 2501 5318 peioribus
2529 5259 2627 5315 per
2656 5241 2877 5297 meliora
2915 5239 3006 5293 illa
3052 5237 3292 5296 secundo
3320 5238 3439 5292 loco
3468 5252 3566 5307 po-

2000 5342 2127 5396 sita.
2158 5338 2480 5414 Verisimile
2511 5344 2690 5393 autem
2717 5341 2800 5390 est
2827 5331 3081 5386 Davidem
3114 5331 3180 5385 ab
3210 5346 3266 5386 se
3291 5337 3565 5400 patratum

2000 5439 2189 5508 postea
2213 5431 2428 5488 facinus
2457 5446 2554 5502 per
2581 5429 2763 5500 priora
2785 5425 2878 5480 illa
2907 5423 3048 5478 bona
3074 5437 3235 5495 opera
3262 5429 3442 5494 tegere
3470 5433 3566 5474 vo-

401 5744 471 5815 (Ι)
511 5745 937 5820 Ιιιιλῐι-οίιυοηιθῐ·
980 5747 1031 5800 in
1065 5755 1164 5802 hoc
1211 5750 1606 5806 commentario
1650 5749 1900 5813 inmunia

2003 5789 2014 5812 ,
2056 5764 2155 5819 pro
2188 5747 2555 5818 ἀποκλείομαι
2605 5747 2827 5816 legitur,
2857 5751 2911 5798 et
2956 5738 3180 5812 quidem
3219 5737 3270 5791 in
3305 5733 3563 5792 omnibus

328 5817 750 5888 manuscriptis.
