4100 6442
535 329 640 382 ΛΠ
1219 331 1488 388 EUSEBII
1528 329 2009 388 CASSARIENSIS
2045 332 2196 389 OPP.
2231 333 2410 390 PARS
2450 334 2538 392 ΙΙΙ.
2577 363 2652 382 --
2688 322 3120 399 EXEGETICA.‘
3679 341 3803 406 ΗΒ

549 451 734 505 luisse.
786 455 972 506 Potest
1005 450 1170 505 etiam
1211 451 1342 515 dici,
1373 468 1438 508 ex
1482 451 1700 507 sublimi
1733 452 1934 523 pietate
1959 450 2113 508 Davi-

2224 455 2346 508 καθ’
2375 454 2677 525 ὑπερϐολὴν
2702 453 2983 522 εὐλαϐείας
3009 452 3229 525 πρώτας
3261 457 3446 510 ἔταττε
3481 454 3580 520 τὰς
3609 454 3820 524 ἐξομο-

546 543 664 598 dem
697 543 1076 599 confessiones
1107 558 1237 600 suas
1266 545 1474 614 primas
1494 546 1775 610 statuisse,
1796 547 1924 616 quia
1938 545 2113 615 justus

2221 545 2470 616 λογήσεις
2502 543 2725 597 ἑαυτοῦο
2763 542 2995 610 Ἐπειδὴ
3025 543 3254 610 δίκαιος
3289 545 3505 602 ἑαυτοῦ
3545 548 3820 617 κατήγο-

546 635 595 688 in
627 636 888 705 principio
917 637 1176 690 sermonis
1207 645 1490 690 accusator
1516 647 1595 692 est
1622 639 1706 692 sui
1721 637 1786 691 ⁸⁷.
1811 637 1948 693 Cum
1971 645 2122 694 tanta

546 741 709 798 porro
739 728 809 784 de
832 727 1027 784 ordine
1072 727 1408 798 psalmorum
1443 744 1473 782 a
1499 713 1658 786 nobis
1689 731 1963 801 exquisita
2005 731 2124 786 fue-

544 819 682 883 rint,
728 820 843 890 jam
867 829 1081 891 tempus
1107 829 1194 878 est
1216 821 1286 877 ad
1307 822 1619 894 propositas
1651 837 1702 876 LI
1739 822 1934 893 psalmi
1960 837 2123 879 voces

546 914 824 970 accedere.

611 1004 739 1061 Haec
787 1007 973 1078 itaque
1023 1009 1257 1075 scribit,
1295 1024 1421 1064 cum
1457 1009 1776 1067 edidicisset
1817 1026 1939 1083 quae
1978 1009 2124 1066 Doee

542 1095 736 1168 Syrus,
756 1099 986 1153 structis
999 1107 1190 1154 contra
1211 1116 1271 1156 se
1291 1100 1606 1166 calumniis,
1621 1109 1884 1172 gesserat.
1919 1100 2123 1168 Quam-

542 1190 726 1245 obrem
766 1205 868 1246 ceu
913 1191 1094 1262 ipsum
1143 1192 1434 1264 alloquens
1463 1195 1579 1249 ait:
1614 1195 1756 1260 Quid
1787 1194 2036 1266 gloriaris
2065 1199 2123 1249 in

541 1283 780 1349 malitia,
823 1285 916 1355 qui
944 1295 1127 1352 potem
1175 1285 1274 1340 es?
1324 1289 1439 1342 sive
1469 1286 1632 1341 etiam
1662 1287 1937 1341 diabolum
1972 1303 2122 1342 com-

540 1376 722 1446 pellat,
756 1378 850 1446 qui
881 1377 936 1432 in
967 1379 1086 1448 ipso
1121 1379 1475 1449 operabatur.
1525 1377 1645 1434 Non
1673 1380 1954 1435 nesciebat
1974 1381 2120 1436 enim

539 1467 689 1520 illum
729 1467 832 1523 sibi
870 1485 1088 1540 semper
1121 1470 1494 1525 adversarium
1527 1487 1684 1534 esse,
1711 1480 1766 1528 et
1797 1473 2020 1528 assidue
2062 1488 2123 1528 se

539 1575 876 1628 impugnare,
924 1562 1086 1615 modo
1113 1577 1210 1631 per
1236 1561 1481 1624 Saulem,
1532 1567 1696 1617 modo
1733 1579 1830 1633 per
1857 1563 2118 1628 Doecum,

539 1663 600 1702 ac
633 1651 952 1721 plerumque
973 1653 1205 1706 aliorum
1239 1655 1569 1710 ministerio.
1623 1654 1726 1722 Qui
1757 1672 1888 1727 ergo
1923 1657 1980 1712 in
2006 1672 2123 1712 ma-

541 1741 653 1793 litia
689 1741 961 1806 infirmus,
997 1744 1270 1800 invalidus
1303 1761 1368 1800 ac
1396 1747 1592 1803 debilis
1625 1757 1744 1813 est,
1771 1764 1896 1804 cum
1931 1751 2122 1805 melio-

2213 655 2325 706 ρος
2343 637 2414 690 ἐν
2435 637 2824 706 πρωτολογίᾳ.
2849 637 3009 691 ’Λλλά
3028 637 3297 691 τοσούτων
3317 639 3447 708 ἡμῖν
3469 642 3546 703 εἰς
3563 641 3663 712 τὴν
3681 644 3820 695 irro-

2220 728 2462 783 δοθεῖσαν
2501 727 2656 793 τάξιν
2698 729 3192 801 γεγυμνασμένων,
3239 729 3426 800 καιρὸς
3453 731 3558 802 ἤδη
3589 733 3685 786 καί
3714 731 3820 786 ἐπὶ

2220 820 2320 886 τὰς
2349 819 2719 891 προκειμένας
2748 819 2937 889 φωνὰς
2961 819 3055 872 τοῦ
3094 827 3174 873 να⁹
3207 819 3520 890 παρελθεῖν.

2291 1004 2495 1076 Γράφει
2537 1003 2715 1060 τοίνυν
2749 1007 2876 1070 τοὺς
2921 1006 3314 1079 προκειμένους
3362 1007 3572 1076 λόγους,
3617 1007 3820 1080 μαθὼν

2220 1100 2379 1154 ὁποῖα
2411 1100 2736 1174 διεπράξατο
2776 1101 2934 1174 Δωὴκ
2964 1105 2993 1157 6
3035 1103 3205 1174 Σύρος
3241 1104 3299 1156 ὲν
3337 1106 3455 1167 ταῖς
3484 1107 3606 1158 κατ’
3638 1104 3820 1159 αὑτοῦ

2220 1192 2513 1258 διαϐολαῖς.
2565 1194 2657 1247 Διὸ
2701 1193 2778 1258 ὡς
2821 1194 2958 1266 πρὸς
2997 1195 3161 1248 αὐτὸν
3207 1196 3543 1249 ἀποτείνεται
3593 1196 3815 1266 λέγων·

2229 1285 2288 1338 Τί
2331 1282 2598 1354 ἐγκαυχᾷ
2637 1284 2707 1338 ὲν
2731 1285 2927 1352 κακίᾳ,
2965 1289 2999 1339 ό
3035 1285 3325 1352 δυνατός;
3356 1279 3504 1358 ῆ’ὡς
3539 1289 3677 1360 πρὸς
3719 1290 3818 1342 τὸν

2222 1379 2593 1450 ἐνεργήσαντα
2637 1379 2694 1431 ὲν
2743 1379 2892 1450 αὐτῷ
2940 1379 3200 1434 διάϐολον.
3239 1384 3312 1436 Ού
3355 1382 3462 1452 γὰρ
3492 1385 3674 1453 ἠγνόει
3721 1385 3816 1437 τὸν

2222 1471 2452 1524 πάντοτε
2501 1469 2648 1541 αύτῷ
2686 1472 3078 1544 ἀντικείμενον,
3127 1476 3221 1529 καὶ
3267 1475 3353 1528 διὰ
3397 1478 3596 1540 παντὸς
3642 1477 3816 1530 αὑτὸν

2221 1560 2580 1632 πολεμοῦντα,
2613 1561 2743 1614 ποτὲ
2776 1563 2874 1633 μὲν
2905 1563 2994 1617 διὰ
3025 1563 3117 1617 τοῦ
3144 1565 3338 1629 Σαοὺλ,
3362 1567 3477 1620 νυνὶ
3505 1567 3560 1620 δὲ
3591 1567 3680 1621 διὰ
3713 1567 3816 1622 τοῦ

2221 1655 2400 1726 Δωὴκ,
2433 1655 2525 1708 καὶ
2549 1655 2733 1710 ἄλλοτε
2765 1655 2937 1720 ἄλλως
2969 1656 3036 1708 δι’
3068 1657 3291 1730 ἐτέρων.
3324 1651 3384 1712 Ὀ
3421 1659 3517 1730 μὲν
3556 1655 3648 1713 οῦν
3677 1659 3798 1713 ἀδύ-

2221 1763 2379 1809 νατος
2413 1747 2505 1800 καὶ
2529 1745 2714 1808 ἄτονος
2749 1745 2841 1798 καὶ
2877 1745 3056 1814 ὀλίγος
3098 1748 3155 1799 ὲν
3199 1747 3386 1818 κακίᾳ,
3421 1747 3812 1813 πλεονάζοντος

539 1847 624 1885 res
654 1833 707 1884 in
735 1833 854 1902 ipso
887 1851 1067 1888 mores
1103 1839 1456 1906 pr.evaleant,
1508 1847 1698 1910 utpote
1730 1843 1826 1912 qui
1869 1841 1924 1895 in
1969 1843 2113 1896 mali-

2221 1839 2279 1890 ὲν
2309 1836 2457 1907 αὐτῷ
2491 1838 2585 1890 τοῦ
2621 1839 2928 1909 κρείττονος
2953 1839 3176 1910 τρόπου,
3213 1839 3289 1903 ὼς
3319 1839 3384 1894 ἂν
3418 1840 3812 1914 ἀσθενέστερος

537 1924 609 1976 tia
654 1923 922 1980 infirmior
951 1928 1058 1993 sit,
1100 1930 1230 1984 dum
1280 1940 1470 1999 peccat
1526 1948 1651 1988 sese
1698 1933 2032 2000 occultabit,
2063 1942 2118 1989 et

536 2025 808 2087 pungente
833 2021 1172 2076 conscientia
1202 2022 1437 2080 fortasse
1469 2027 1776 2096 resipiscet,
1805 2035 1968 2097 atque
2001 2043 2119 2081 ma-

537 2105 664 2168 litive
703 2130 817 2169 suae
857 2118 1158 2173 remedium
1195 2136 1290 2190 per
1318 2121 1723 2176 confessionem
1757 2137 1821 2174 ac
1847 2121 2116 2175 sinceram

537 2209 908 2278 paenitentiam
939 2213 1290 2282 excogitabit.
1329 2211 1437 2268 Sed
1467 2214 1560 2283 qui
1595 2221 1791 2283 potens
1824 2214 1988 2268 estin
2015 2213 2118 2266 ini-

539 2298 774 2367 quitate,
808 2300 861 2354 in
901 2300 1020 2370 ipsa
1051 2302 1300 2371 superbit
1332 2311 1387 2358 et
1419 2304 1719 2374 gloriatur,
1747 2311 1802 2359 et
1828 2305 1986 2375 quasi
2010 2321 2120 2358 ma-

538 2405 643 2461 gno
677 2391 825 2446 edito
852 2391 1098 2448 facinore
1119 2409 1242 2449 sese
1284 2402 1542 2450 ostentat.
1594 2395 1673 2449 Ae
1716 2396 1930 2451 videtur
1961 2394 2115 2459 mihi,

538 2498 589 2536 in
620 2484 873 2552 praesenti
899 2501 1152 2540 sermone
1181 2486 1518 2541 contrarium
1545 2487 1784 2543 describi
1809 2502 2036 2552 morem,
2067 2487 2118 2542 ei

539 2574 625 2643 qui
658 2574 713 2628 in
744 2577 954 2645 psalmo
984 2592 1014 2630 ι.
1044 2577 1112 2632 de
1159 2579 1456 2635 confitente
1505 2579 1851 2650 designatur.
1916 2577 1976 2634 In
2024 2579 2120 2634 illo

535 2683 770 2738 namque
817 2669 911 2738 qui
959 2670 1130 2726 semel
1177 2670 1234 2725 in
1285 2673 1552 2726 malitiam
1597 2673 1786 2744 lapsus
1839 2680 1979 2742 erat,
2014 2674 2120 2729 ali-

536 2758 753 2827 quando
789 2758 1181 2830 resipiseebat,
1213 2775 1278 2816 ac
1308 2777 1431 2818 sese
1480 2764 1793 2818 macerabat
1821 2763 1875 2818 in
1901 2763 2120 2820 confes-

535 2850 711 2912 sione,
765 2864 975 2920 suaque
1017 2850 1172 2905 mala
1225 2850 1482 2911 deflebat.
1539 2854 1612 2908 At
1641 2855 1689 2910 ei
1717 2854 1784 2910 de
1815 2869 1924 2926 quo
1973 2872 2120 2911 nunc

534 2958 735 3006 sermo,
770 2945 824 2998 in
853 2945 1058 3000 malitia
1083 2947 1300 3020 degenti
1323 2947 1531 3004 dicitur
1561 2968 1574 3005 :

605 3036 766 3093 Vens.
837 3039 947 3094 7-9.
1013 3038 1082 3094 Et
1146 3043 1326 3096 eradet
1382 3051 1430 3096 te
1479 3040 1564 3106 de
1601 3040 1942 3096 tabernacu!o
2006 3051 2119 3106 tuo,

2224 1932 2282 1984 ὲν
2315 1929 2501 2002 κακίᾳ,
2529 1929 2894 1999 ὲγκαλύψεται
2923 1931 3270 2001 ἁμαρτάνων,
3304 1933 3394 1985 καὶ
3422 1933 3526 1986 ὑπὸ
3556 1934 3658 2004 τῆς
3688 1952 3803 1986 συν-

2223 2023 2482 2094 ειδήσεως
2535 2023 2926 2093 κεντούμενος,
2985 2027 3368 2095 μετανοήσειεν
3419 2025 3518 2088 ἂν,
3566 2027 3660 2080 καὶ
3709 2027 3808 2096 τῆς

2223 2111 2416 2168 ἑαυτοῦ
2455 2113 2651 2177 κακίας
2682 2115 3054 2186 περινοήσειεν
3088 2115 3266 2186 ἐαυτῷ
3297 2115 3586 2188 φάρμακον
3617 2116 3682 2169 δι’
3719 2116 3800 2181 ἐξ.

2223 2204 2596 2276 ομολογήσεως
2630 2205 2722 2258 καὶ
2752 2205 3073 2278 εἰλικρινοῦς
3097 2207 3384 2277 μετανοίας
3405 2224 3418 2238 ο
3443 2209 3473 2260 6
3494 2207 3551 2260 δὲ
3584 2207 3804 2262 δυνατὸς

2223 2299 2282 2351 ὲν
2309 2297 2480 2368 κακίᾳ
2500 2297 2762 2366 τυφοῦται
2795 2299 2881 2350 ἐπ’
2907 2298 3066 2370 αὐτῇ,
3099 2300 3190 2352 καὶ
3224 2299 3580 2369 ὲγκαυχᾶται,
3611 2300 3687 2363 ὼς
3718 2302 3803 2352 ἐπὶ

2227 2391 2448 2464 μεγάλῳ
2480 2390 2863 2464 κατορθώματι
2913 2394 3330 2463 σεμνυνόμενος.
3378 2393 3486 2446 Καί
3529 2411 3619 2464 μοι
3661 2392 3820 2447 δοκεῖ

2221 2482 2316 2536 τὸν
2363 2482 2606 2537 ἐναντίον
2645 2483 2845 2555 τρόπον
2889 2482 3208 2554 διαγράφειν
3245 2486 3273 2536 6
3308 2483 3498 2556 παρὼν
3538 2485 3696 2554 λόγος
3730 2487 3800 2557 τᾷ-

2224 2572 2850 2647 προεξομολογησαμένῳ
2884 2577 2942 2628 ὲν
2966 2573 3045 2645 τῷ
3076 2582 3116 2627 ν’
3149 2574 3366 2647 ψαλμῷ.
3384 2576 3472 2629 Ἐν
3497 2576 3690 2648 ἐκείνῳ
3710 2579 3798 2648 μὲι

2222 2667 2332 2738 γὰρ
2374 2665 2663 2738 ὀλισθήσας
2713 2670 2771 2721 ὲν
2822 2667 2993 2740 κακίᾳ
3036 2667 3200 2733 ἅπαξ,
3241 2668 3372 2722 ποτὲ
3417 2667 3788 2739 μετεγίνωσκε

2224 2761 2318 2815 καὶ
2345 2761 2534 2814 ἑαυτὸν
2565 2761 2796 2815 ἔκοπτεν
2827 2760 3334 2834 ἐξομολογούμενος,
3377 2761 3480 2815 καὶ
3512 2761 3580 2816 τὰ
3614 2763 3799 2817 ἑαυτοῖ

2223 2853 2371 2905 κακά
2403 2849 2810 2924 ἀποκλαόμενος
2843 2851 2962 2923 (sic)
2981 2868 2995 2882 ·
3025 2853 3054 2906 6
3094 2850 3153 2905 δὲ
3191 2849 3380 2924 παρὼν
3424 2854 3482 2907 ὲν
3533 2854 3703 2926 κακίᾳ
3733 2856 3816 2910 ὧν

2223 2959 2357 3014 φησι
2379 2959 2394 2974 ·

2293 3036 2404 3091 Καὶ
2473 3036 2771 3102 ἀποξύσει
2821 3053 2897 3092 σε
2963 3037 3083 3093 ἀπὸ
3121 3038 3233 3108 τῆς
3287 3039 3546 3109 σκηνῆς,
3583 3039 3682 3094 καὶ
3711 3040 3784 3094 ἐκ

531 3139 577 3185 et
609 3130 897 3185 eradicabit
956 3141 1004 3186 te
1035 3134 1099 3187 de
1139 3142 1282 3188 terra
1323 3135 1602 3189 viventium
1651 3136 1707 3188 in
1739 3144 2024 3199 wternum;
2064 3143 2113 3188 ut

2218 3128 2447 3199 ριᾷίισει
2475 3143 2549 3185 σε
2589 3131 2657 3184 ἐκ
2693 3129 2806 3199 τῆς
2847 3129 3074 3192 ζώντων
3101 3132 3309 3186 είσαεὺ
3341 3133 3428 3187 ἵνα
3456 3132 3654 3186 δίκαιοι
3683 3132 3795 3204 βλέε

532 3223 780 3280 videntes
826 3226 964 3294 justi
1049 3243 1266 3298 semper
1313 3229 1580 3293 timeant,
1632 3230 1920 3300 ipsumque
1973 3229 2118 3283 deri-

531 3313 726 3379 deant,
763 3331 825 3368 ac
861 3317 1046 3371 dicant
1081 3337 1092 3372 :
1133 3319 1267 3373 Ecce
1295 3320 1471 3383 homo,
1495 3320 1586 3390 qui
1611 3337 1715 3374 non
1745 3321 1918 3388 posuit
1950 3319 2118 3374 Deum

531 3412 772 3464 virtutem
803 3428 989 3475 suam,
1040 3413 1130 3467 sed
1177 3419 1404 3482 speravit
1456 3417 1510 3467 in
1539 3414 1874 3468 multitudine
1901 3415 2119 3470 divitia-

532 3518 651 3558 rum
699 3519 942 3566 suarum,
989 3515 1039 3558 et
1072 3507 1350 3574 prwvaluit
1401 3507 1456 3559 in
1505 3505 1812 3560 calamitate
1841 3524 1958 3562 sua.
1994 3506 2118 3562 Haac

532 3610 696 3665 porro
722 3596 880 3666 quasi
912 3597 980 3651 de
1010 3597 1154 3652 Doce
1184 3597 1328 3652 diem
1358 3610 1506 3662 sunt,
1540 3600 1632 3669 qui
1667 3615 1864 3670 genere
1897 3601 2116 3670 quidem

533 3687 707 3757 Syrus
751 3694 890 3752 erat,
923 3687 1018 3743 sed
1063 3689 1118 3742 in
1152 3690 1335 3745 medio
1363 3691 1581 3746 lsraelis
1617 3689 1969 3756 versabalur;
2008 3692 2118 3746 imo

531 3778 766 3834 fortasse
791 3780 936 3851 piam
963 3781 1278 3852 religionem
1316 3784 1604 3846 simulans,
1637 3797 1745 3838 una
1777 3797 1901 3836 cum
1934 3783 2118 3836 multi-

529 3872 721 3927 tudine
771 3874 824 3927 in
872 3873 1286 3928 tabernaculum
1320 3874 1412 3930 Dei
1446 3884 1814 3930 concesserat.
1881 3875 1942 3929 Et
1985 3891 2116 3931 sane

529 3965 674 4021 dicta
700 3976 830 4022 sunt
860 3967 1049 4022 isthaze
1081 3967 1146 4021 ad
1191 3984 1463 4039 quemque
1490 3970 1543 4022 in
1577 3969 1786 4023 malitia
1816 3977 2112 4040 potentem,

528 4059 618 4128 qui
651 4058 832 4128 lingua
865 4074 963 4130 pro
1001 4059 1184 4129 gladio
1231 4067 1414 4113 utatur
1466 4057 1532 4112 ad
1577 4058 1882 4112 animarum
1931 4059 2116 4130 perni-

527 4151 688 4217 ciem,
714 4166 874 4221 quem
905 4166 1004 4206 ceu
1030 4151 1321 4222 quamdam
1359 4166 1601 4204 amaram
1631 4161 1686 4206 et
1711 4151 1996 4206 exitiosam
2021 4167 2112 4205 ra-

527 4241 729 4306 dicem,
757 4243 1065 4296 animarum
1101 4241 1340 4312 agricola
1370 4241 1595 4307 evellet,
1623 4241 1836 4298 etiamsi
1866 4242 2115 4297 videatur

529 4333 594 4388 ad
634 4333 798 4388 breve
834 4342 1047 4404 tempus
1090 4333 1145 4388 in
1187 4333 1544 4388 tabernaculo
1576 4332 1669 4389 Dei
1695 4340 1747 4388 et
1784 4335 1839 4388 in
1870 4332 2112 4388 Ecclesia

528 4427 702 4499 Ipsius
731 4427 1012 4496 plantatus
1046 4423 1236 4480 fuiSse.
1305 4424 1542 4481 Evulsus
1578 4433 1758 4480 autem
1795 4426 1920 4480 talis
1949 4427 2112 4482 homo

2223 3240 2416 3287 ποντες
2453 3224 2541 3277 ἀεὶ
2575 3223 2866 3293 φοϐῶνται,
2899 3225 2992 3278 καὶ
3029 3225 3403 3294 καταγελῶσιν
3427 3225 3591 3279 αὐτοῦ
3624 3225 3796 3294 λέγονι

2220 3333 2337 3380 τες’
2377 3315 2522 3370 Ἰδοὺ
2574 3317 2883 3386 ἄνθρωπος
2906 3356 2922 3380 ,
2979 3315 3047 3384 ὃς
3085 3319 3157 3371 οὐ
3203 3317 3480 3385 προέθετο
3518 3318 3626 3371 τὸν
3661 3318 3794 3373 Θεὸν

2223 3409 2408 3479 ἰσχὺν
2447 3409 2666 3464 αὑτοῦ·
2717 3411 2856 3464 ἀλλ’
2904 3410 3268 3477 ἐπεποίθησε
3315 3409 3394 3476 τῷ
3442 3410 3658 3479 πλήθει
3700 3413 3808 3467 τοῦ

2219 3502 2488 3556 πλούτου
2529 3500 2736 3564 αὐτοῦ,
2772 3501 2870 3554 καὶ
2909 3501 3383 3570 ἐνισχυρεύοατο
3413 3498 3490 3568 τῇ
3528 3497 3808 3570 συμφροᾷ

2220 3591 2455 3646 ἑαυτοῦ.
2480 3591 2741 3646 Λέλεκται
2769 3593 2826 3645 δὲ
2855 3592 3026 3645 ταῦτα
3071 3593 3147 3656 ὡς
3174 3591 3308 3664 πρὸς
3341 3593 3430 3646 τὸν
3471 3593 3652 3664 Δωὴκ,
3676 3593 3809 3646 ὄντα

2223 3684 2322 3755 μὲν
2350 3683 2519 3757 Σύρον
2551 3683 2612 3737 τὸ
2635 3684 2810 3753 γένος,
2843 3685 3320 3755 ἀναστρεφόμενον
3353 3683 3408 3736 δὲ
3435 3685 3493 3737 ὲν
3529 3684 3682 3755 μέσῳ
3708 3683 3792 3736 rei

2232 3777 2447 3849 Ἰσραήλ
2467 3794 2481 3807 ·
2512 3777 2606 3831 καί
2640 3795 2742 3830 που
2773 3777 2914 3849 τάχα
2961 3779 3056 3830 καὶ
3091 3776 3507 3847 παραϐάλλοντα
3547 3777 3685 3848 μετά
3711 3777 3791 3831 τοῖ

2218 3871 2458 3944 πλήθους
2477 3872 2556 3935 είς
2584 3871 2683 3942 τὴν
2711 3871 2915 3943 σκηνὴν
2939 3870 3033 3924 τοῦ
3065 3871 3221 3934 Θεοῦ,
3255 3870 3525 3924 θεοσεϐεῖν
3550 3889 3609 3923 τε
3638 3888 3781 3943 προσ

2217 3964 2557 4037 ποιούμενον.
2586 3963 2852 4017 Λέλεκται
2886 3963 2942 4016 δὲ
2991 3964 3086 4016 καὶ
3120 3964 3254 4034 πρὸς
3294 3963 3470 4017 πάντα
3497 3962 3588 4016 τὸν
3609 3965 3669 4016 ὲν
3701 3981 3802 4019 κα·

2217 4059 2312 4130 κίᾳ
2351 4057 2595 4122 δυνατὸν,
2629 4059 2695 4128 τῇ
2739 4055 2961 4130 γλώσσῃ
3001 4054 3281 4128 χρώμενον
3324 4057 3444 4110 ἀντὶ
3485 4055 3672 4127 ξίφους
3711 4056 3794 4110 ιτι

2215 4151 2402 4222 ψυχῶν
2432 4151 2696 4222 ἀπωλείᾳ,
2727 4149 2916 4220 ὥσπερ
2947 4150 3071 4203 τινὰ
3112 4149 3314 4221 πικρὰν
3344 4151 3440 4204 καὶ
3468 4149 3800 4222 λυμαντικὴν

2218 4246 2394 4318 ῥίζαν,
2423 4247 2452 4298 6
2482 4245 2590 4299 τῶν
2617 4243 2805 4316 ψυχῶν
2832 4243 3075 4314 γεωργὸς
3115 4243 3344 4306 ὲκτίλαι,
3370 4244 3474 4298 κᾶν
3506 4243 3634 4316 δοκῇ
3667 4244 3799 4316 πρὸς

2219 4337 2424 4411 βραχύν
2452 4355 2570 4391 τινα
2603 4337 2791 4409 χρόνον
2834 4337 2891 4389 ἐν
2931 4335 3008 4408 τῷ
3039 4335 3358 4406 σκηνώματι
3400 4333 3494 4388 τοῦ
3536 4335 3673 4393 Θεοῦ
3711 4333 3801 4388 καὶ

2216 4437 2274 4488 ἐν
2304 4436 2370 4506 τῇ
2413 4433 2706 4504 Ἐκκλησία.
2732 4430 2895 4485 αὐτοῦ
2937 4428 3328 4500 πεφυτεῦσθαι.
3369 4427 3648 4490 Ἐκταλεὶς
3679 4428 3786 4499 (sic‘

527 4536 590 4575 ac
623 4519 814 4591 procul
847 4518 1198 4573 tabernaculo
1249 4525 1564 4573 sanctorum
1598 4519 1828 4588 ejectus,
1863 4518 1918 4572 in
1945 4517 2112 4572 mise-

2218 4522 2269 4575 δὲ
2296 4525 2324 4576 6
2354 4521 2592 4584 τοιοῦτος
2621 4523 2714 4574 καὶ
2750 4519 2964 4593 μακρὰν
2997 4519 3326 4593 ἀπορριφεὶς
3352 4517 3447 4572 τοῦ
3486 4517 3594 4572 τῶν
3627 4518 3784 4587 ἀγίωι

527 4616 698 4671 rabile
725 4613 1091 4685 spectaculum
1123 4619 1356 4683 ponetur
1378 4612 1446 4666 ad
1477 4614 1765 4666 utilitatem
1795 4621 1849 4667 et
1875 4613 2108 4683 castiga-

526 4711 732 4765 tionem
761 4707 1059 4763 videntium
1111 4724 1124 4761 :
1181 4706 1274 4777 qui
1314 4706 1554 4760 terribile
1583 4705 1675 4760 Dei
1706 4705 1971 4760 adversus
1999 4704 2104 4758 hu-

525 4801 764 4873 iusmodi
809 4801 1085 4856 hominem
1113 4799 1383 4870 judicium
1410 4799 1585 4854 oculis
1622 4797 1987 4868 percipientes
2007 4839 2021 4863 ,
2052 4798 2105 4852 id

525 4894 823 4955 curabunt,
861 4894 912 4948 id
964 4892 1258 4956 cavebunt,
1297 4899 1356 4946 ut
1397 4906 1465 4946 ne
1515 4891 1571 4945 in
1625 4891 1779 4961 paria
1833 4890 2102 4946 incidant.

526 4982 731 5040 Deinde
767 4983 1048 5053 pristinam
1083 4984 1318 5053 potentis
1358 4983 1410 5037 in
1455 4985 1656 5040 malitia
1691 4989 2093 5059 arrogantiam,

527 5077 910 5136 sublimitatem
959 5085 1013 5130 et
1069 5077 1378 5146 superbiam
1439 5080 1700 5134 memoria
1756 5089 2095 5150 repetentes,

522 5179 689 5241 atque
731 5170 1072 5226 advertentes
1104 5187 1247 5235 eam,
1282 5187 1403 5242 qua:
1443 5184 1626 5242 postea
1670 5174 1843 5243 ipsum
1873 5175 2090 5237 invasit,

525 5261 884 5333 abjectionem
913 5277 976 5315 ac
1000 5264 1318 5332 perniciem,
1338 5262 1446 5317 risu
1472 5263 1694 5334 dignum
1721 5266 2092 5331 aestunabnnt,

523 5356 936 5412 considerantes
959 5373 1024 5410 ex
1051 5355 1306 5426 qualibus
1337 5355 1392 5408 in
1417 5355 1599 5425 qualia
1628 5357 1925 5426 deciderit;
1953 5358 2103 5428 judi-

523 5451 667 5506 cium
704 5450 798 5505 Dei
843 5450 1188 5520 probabunt,
1225 5449 1547 5520 justumque
1595 5466 1718 5507 esse
1763 5450 2100 5509 fatebuntur.

524 5542 638 5597 Sub
662 5542 776 5597 haec
806 5541 1178 5597 calamitatum
1204 5541 1358 5614 impii
1403 5557 1601 5600 causas
1641 5544 1981 5614 expendent,
2019 5560 2101 5600 re-

520 5646 668 5691 ctum
722 5651 846 5692 esse
884 5637 1153 5708 judicium
1210 5636 1305 5694 Dei
1347 5639 1727 5708 priedicantes.
1773 5638 2099 5710 Oportuerat

593 5813 636 5845 "
677 5812 836 5870 Prov.
882 5832 1012 5872 xvm
1038 5857 1052 5883 ,
1090 5816 1179 5871 l7.

2215 4613 2606 4687 σκηνώματος,
2657 4613 2834 4685 θέαμα
2885 4613 3126 4666 κείσεται
3173 4611 3390 4684 οἰκτρὸν
3441 4611 3527 4665 ἐπ’
3567 4610 3801 4680 ὠφελείᾳ.

2213 4710 2308 4762 καὶ
2339 4706 2701 4778 σωφρονισμῷ
2729 4706 2836 4759 τῶν
2867 4704 3138 4776 ὁρώντων,
3164 4705 3235 4767 οἳ,
3269 4703 3368 4774 τὴν
3399 4704 3672 4774 ἀπότομον
3704 4704 3782 4756 τοὶ

2211 4799 2347 4854 Θεοῦ
2375 4799 2516 4854 κατὰ
2547 4799 2640 4852 τοῦ
2668 4799 2907 4852 τοιούτου
2937 4797 3117 4868 κρίσιν
3138 4779 3440 4866 ’ὀφθαλμοῖς
3465 4794 3802 4866 παραλαϐόν-

2210 4911 2301 4958 τες
2321 4934 2336 4959 ,
2375 4893 2737 4962 ἀγωνιάσηυσι
2793 4891 2886 4944 καὶ
2930 4889 3252 4960 φυλάξονται
3301 4889 3374 4960 μὴ
3429 4890 3542 4951 τοῖς
3590 4886 3784 4958 ὁμοίοιι

2211 4989 2548 5058 περιπεσεῖν.
2591 4981 2726 5038 Εἶτα
2763 4983 3126 5055 ἀναφέροντες
3151 4984 3217 5054 τῇ
3251 4982 3439 5053 μνήμῃ
3471 4981 3569 5051 τὴν
3599 4978 3792 5052 πρατέ-

2211 5097 2312 5152 ραν
2359 5079 2453 5133 τοῦ
2495 5077 2718 5132 δυνατοῦ
2759 5079 2816 5130 ὲν
2851 5075 3018 5148 κακίᾳ
3050 5075 3442 5147 μεγαλαυχίαν,
3469 5074 3530 5127 τό
3568 5091 3629 5127 τε
3662 5072 3785 5144 ὕψος

2211 5175 2305 5230 καὶ
2334 5174 2432 5246 τὴν
2461 5171 2838 5244 ὑπερηφανίαν
2865 5168 3052 5231 αὑτοῦ,
3078 5169 3309 5240 ὁρῶντες
3331 5167 3388 5220 δὲ
3419 5167 3514 5221 καὶ
3533 5167 3632 5238 τὴν
3657 5167 3802 5238 μετὰ

2210 5265 2383 5320 ταῦτα
2423 5262 2786 5336 μετελθοῦσαν
2828 5260 2990 5315 αὑτὸν
3027 5258 3354 5313 ταπείνωσίν
3395 5276 3455 5311 τε
3503 5259 3597 5312 καὶ
3641 5257 3779 5311 ﬁmi)

2206 5361 2376 5423 λειαν,
2421 5357 2824 5426 καταγέλαστον
2869 5355 3028 5407 αὑτὸν
3079 5355 3395 5424 ἡγήσονται,
3431 5351 3489 5418 ἐξ
3537 5351 3663 5404 οἴων
3714 5353 3800 5403 εἰς

2203 5447 2289 5504 οἷα
2326 5449 2720 5521 μεταπέπτωκε
2748 5446 3038 5515 θεώμενοισ
3067 5441 3413 5508 ἀποδέξονται
3448 5441 3505 5494 δὲ
3536 5438 3628 5492 τοῦ
3655 5438 3804 5491 Θεοό,

2202 5545 2300 5615 τὴν
2331 5542 2531 5614 κρίσιν,
2562 5540 2778 5594 δικαίαν
2826 5538 2996 5608 αὐτὴν
3035 5531 3172 5590 εἶναι
3215 5533 3618 5606 ὁμολογοῦντες.
3656 5526 3797 5587 Εἷτῦ

2203 5638 2294 5691 καὶ
2327 5636 2424 5701 τὰς
2458 5635 2638 5699 αἰτίας
2673 5631 3055 5696 διελεύσσνται,
3090 5631 3156 5682 δι’
3199 5629 3264 5693 ἃς
3301 5627 3474 5682 ταῦτα
3522 5625 3772 5680 πέπονθε·
