4100 6442
335 289 448 344 449

1461 287 1964 344 COMMENTARIA
2003 287 2067 344 IN
2115 285 2457 345 PSALMOS.

3492 281 3595 340 450

332 405 364 458 ό
396 401 616 473 ἀσεϐὴς,
645 401 973 465 δικαιοῦντες
1004 399 1102 472 τὴν
1130 402 1224 456 τοῦ
1258 400 1394 455 Θεοῦ
1427 401 1626 474 κρίσιν.
1653 402 1783 456 Δέον
1806 403 1911 476 γὰρ

2017 401 2163 456 enim
2205 417 2315 457 non
2363 411 2473 457 tam
2515 401 2695 458 efferri
2740 402 2810 458 de
2835 401 3208 467 divitiis,-nec
3255 399 3324 455 de
3358 409 3601 456 vanitate

336 493 414 565 μὴ
442 493 533 545 ἐπὶ
564 491 778 564 πλούτῳ
803 492 942 562 μέγα
965 495 1200 562 φρονεῖν,
1229 491 1349 563 μηδ’
1374 492 1466 545 ἐπὶ
1491 495 1557 563 τῇ
1596 492 1918 564 ματαιότητι

331 583 428 638 τοῦ
462 583 725 655 παρόντος
759 582 875 654 βίου
921 582 1240 654 ἐπαίρεσθαι
1265 623 1280 647 ,
1338 583 1501 654 μόνον
1544 583 1602 637 δέ
1648 583 1740 637 τδν
1785 583 1918 639 Θεὸν

330 675 522 728 ἐλπίδα
555 676 648 729 καὶ
674 674 866 747 βοηθὸν
896 674 1060 729 αὑτοῦ
1098 674 1362 736 τίθεσθαι.
1395 677 1491 729 καὶ
1512 675 1606 729 ἐπὶ
1638 675 1811 749 ταύτῃ
1842 676 1916 748 μὴ

331 767 579 821 σαλεύειν
614 770 680 838 τῇ
713 767 923 820 ἐλπίδι·
968 769 997 820 ό
1039 766 1096 820 δὲ
1145 768 1244 838 τὴν
1279 767 1377 838 μὲν
1415 767 1624 839 ἀγαθὴν
1671 767 1917 840 ἄγκυραν

329 859 432 928 τῆς
484 857 678 912 ἐαυτοῦ
734 858 910 929 ψυχῆς
960 858 1346 912 καταλέλοιπεν
1367 899 1382 922 ,
1439 859 1534 911 ἐπὶ
1593 859 1806 929 ματαίῳ
1859 859 1916 912 δὲ

331 949 546 1021 πλούτῳ
605 949 706 1013 τὰς
765 949 984 1013 ἐλπίδας
1048 950 1358 1021 ἀναρτήσας
1381 990 1394 1015 ,
1445 947 1636 1001 ἐαυτὸν
1691 947 1913 1012 ἔπαιξε,

331 1043 494 1098 πλέον
538 1042 754 1113 ούδὲνῆ
799 1042 1011 1112 γέλωτα
1059 1041 1302 1112 ὀφλήσας
1345 1041 1439 1094 ἐπὶ
1477 1043 1544 1112 τῇ
1599 1039 1765 1094 αὑτοῦ
1810 1057 1915 1112 μα-

331 1134 464 1206 ταίᾳ⁵
489 1135 582 1188 καὶ
609 1135 803 1206 ἄφρονι
840 1134 1198 1206 μεγαλαυχίᾳ.

414 1227 557 1298 Ἐγὼ
594 1227 682 1292 δὲ,
725 1227 868 1282 ὡσεί
912 1227 1088 1281 ἐλαία
1127 1225 1510 1295 κατάκαρπος
1545 1225 1618 1280 ἐν
1650 1222 1731 1291 τῷ
1772 1225 1917 1289 οίκφ

332 1319 442 1374 τοῦ
471 1319 639 1384 Θεοῦ,
671 1319 906 1388 ἤλπισα
933 1318 1032 1372 ἐπὶ
1062 1318 1130 1372 τὸ
1163 1319 1334 1386 ἕλεος
1369 1317 1474 1372 τοῦ
1514 1316 1662 1372 Θεοῦ
1700 1318 1788 1383 είς
1808 1315 1916 1370 τὸν

331 1407 534 1474 αἰῶνα,
573 1408 671 1462 καὶ
707 1411 794 1475 εὶς
836 1408 944 1462 τὸν
995 1407 1181 1463 αἰῶνα
1225 1408 1331 1463 τοῦ
1365 1407 1600 1476 αἰῶνος.
1635 1408 1696 1462 Ὃ
1729 1407 1827 1479 μὲν
1855 1409 1914 1461 ἐν

331 1500 500 1571 κακίᾳ
534 1499 756 1563 δυνατὸς
799 1499 983 1554 ὁποίου
1031 1499 1222 1564 τέλους
1255 1499 1526 1566 τεύξεται,
1564 1499 1653 1554 διὰ
1685 1500 1793 1554 τῶν
1833 1502 1915 1554 εί-

329 1592 584 1664 ρημένων
645 1591 1058 1664 μεμαθήκαμεν.
1120 1591 1261 1662 Ἐγὼ
1309 1591 1387 1656 δὲ,
1437 1593 1601 1664 φησὶν
1647 1594 1677 1646 ό
1730 1591 1911 1658 Δαυίδ,

326 1683 504 1738 ταῦτα
546 1683 854 1747 παιδευθεὶς
890 1684 1026 1758 πρὸς
1071 1683 1164 1738 τοῦ
1207 1685 1365 1754 ἁγίου
1408 1683 1744 1755 Πνεύματος,
1787 1683 1911 1739 οὔτε

2020 494 2145 549 vitae
2174 495 2458 563 praesentis
2489 494 2709 561 extolli;
2737 494 2833 550 sed
2863 509 3032 549 unum
3060 492 3229 548 Deum
3273 492 3328 546 in
3363 507 3510 562 spem
3542 499 3602 546 et

2019 586 2280 641 auxilium
2336 587 2441 642 sibi
2484 602 2716 658 ponere,
2775 595 2938 658 atque
2978 586 3036 640 in
3083 585 3176 639 tali
3224 599 3321 654 spe
3351 599 3463 638 non
3491 583 3597 637 flu-

2017 687 2229 736 ctuare.
2270 679 2364 734 Ille
2392 694 2522 734 vero
2550 680 2692 734 bona
2717 679 2912 734 animae
2941 693 3055 734 sua:
3073 677 3316 732 anchora
3344 674 3595 740 dimissa,

2017 779 2180 840 atque
2224 771 2279 825 in
2318 770 2525 826 divitiis
2553 770 2811 824 inanibus
2841 784 2937 840 spe
2972 769 3235 838 reposita,
3267 766 3374 822 sibi
3400 764 3504 835 ipsi
3530 763 3599 818 il-

2017 863 2176 929 lusit;
2221 863 2466 933 nihilque
2512 862 2662 916 aliud
2709 862 2779 917 de
2819 876 2960 916 vana
3001 861 3094 914 illa
3131 868 3185 915 et
3221 859 3412 913 insana
3442 866 3598 911 arro-

2015 956 2200 1027 gantia
2232 955 2436 1022 retulit,
2465 971 2629 1026 quam
2657 953 2804 1025 quod
2834 970 2894 1010 se
2921 953 3210 1008 ridiculum
3237 950 3540 1022 praeberet.

2086 1230 2254 1286 Vens.
2300 1228 2389 1286 10.
2446 1226 2560 1298 Ego
2613 1233 2788 1280 autem
2837 1226 2973 1278 sicut
3020 1223 3158 1278 oliva
3205 1222 3487 1292 fructifera
3540 1219 3601 1276 in

2013 1323 2170 1378 domo
2201 1321 2331 1386 Dei,
2382 1319 2588 1390 speravi
2631 1319 2685 1372 in
2733 1316 3099 1371 misericordia
3129 1314 3226 1369 Dei
3254 1317 3308 1368 in
3340 1324 3598 1369 azteruum

2013 1427 2062 1470 et
2091 1417 2145 1470 in
2175 1414 2427 1470 saeculum
2457 1411 2660 1466 swculi.
2714 1407 2818 1476 Qui
2846 1408 2970 1464 finis
3009 1407 3224 1462 futurus
3249 1407 3323 1461 sit
3352 1407 3474 1474 ejus
3497 1399 3596 1476 qui

2014 1515 2209 1578 potens
2243 1511 2328 1560 est
2364 1504 2419 1557 in
2463 1501 2774 1572 iniquitate,
2817 1515 2882 1554 ex
2910 1498 3023 1567 jam
3049 1496 3212 1551 dictis
3243 1496 3595 1551 edidicimus.

2013 1597 2127 1670 Ego
2151 1595 2448 1661 autem,ait
2477 1593 2666 1657 David,
2691 1592 2778 1646 his
2801 1589 3052 1646 eruditus
3087 1605 3116 1642 a
3141 1586 3347 1658 Spiritu
3380 1595 3595 1650 sancto.

2013 1705 2191 1761 neque
2238 1688 2307 1744 de
2351 1685 2700 1742 multitudine
2740 1692 3220 1753 temporanearum
3257 1680 3597 1745 divitiarum,

329 1775 426 1828 ἐπὶ
473 1774 664 1846 πλήθει
712 1773 940 1827 πλούτου
1003 1774 1339 1846 προσκαίρου
1398 1774 1697 1847 ἐπαρθείην
1749 1776 1911 1841 ποτὲ,

2019 1796 2194 1853 neque
2239 1781 2306 1836 de
2351 1779 2594 1835 vanitate
2642 1776 2890 1831 mortalis
2937 1775 3063 1829 vita;
3117 1789 3359 1844 unquam
3423 1772 3600 1829 extol-

325 1865 452 1920 οὔτε
501 1867 595 1920 ἐπὶ
645 1866 962 1937 ματαιότητι
1007 1865 1100 1920 τοῦ
1150 1864 1345 1937 θνητοῦ
1395 1866 1542 1938 βίου·
1579 1869 1916 1936 Ματαιότης

326 1961 441 2030 γὰρ
490 1959 897 2030 ματαιοτήτων
918 1998 934 2023 ,
981 1959 1054 2014 τὰ
1101 1959 1298 2014 πάντα
1349 1961 1695 2029 ματαιότης.
1757 1959 1916 2014 Ἀλλά

328 2052 427 2105 καὶ
484 2051 699 2122 φεύγων
749 2053 850 2125 τὴν
882 2053 1003 2107 ὁδὸν
1043 2051 1137 2106 τοῦ
1194 2052 1421 2108 δυνατοῦ
1476 2053 1536 2106 ἐν
1566 2053 1754 2125 κακίᾳ,
1813 2053 1915 2125 τὴν

327 2141 567 2212 ἐμαυτοῦ
619 2142 864 2212 γλῶτταν
919 2145 1015 2198 καὶ
1075 2143 1144 2197 τὰ
1197 2145 1419 2216 ῥήματα
1481 2144 1582 2198 οὐκ
1634 2145 1715 2208 είς
1764 2144 1916 2198 ἀπώ-

324 2235 479 2291 λειαν
505 2235 704 2308 ἐτέρων
756 2237 1108 2308 ἀκονήσαιμι,
1133 2236 1249 2291 ἀλλ’
1298 2237 1387 2289 ἐπ’
1413 2237 1652 2309 ὠφελείᾳ
1703 2236 1911 2308 ψυχῶν,

326 2330 426 2383 καὶ
456 2332 534 2393 είς
555 2329 829 2384 διακονίαν
856 2330 1139 2402 σωτηρίων
1175 2329 1368 2399 λόγων.
1421 2331 1532 2384 Καὶ
1549 2333 1670 2392 ταῖς
1700 2331 1914 2394 λοιπαῖς

322 2421 386 2474 δὲ
415 2420 676 2493 πράξεσιν
707 2421 880 2486 οὕτως
913 2421 980 2477 ἂν
1006 2422 1266 2494 γενοίμην
1303 2422 1536 2495 εὐθαλὴς
1589 2423 1682 2476 καὶ
1710 2421 1912 2494 εὔκαρ-

326 2531 452 2579 mg,
498 2515 576 2578 ὡς
624 2514 1067 2588 παραϐάλλεσθαί
1128 2533 1228 2588 μου
1289 2515 1388 2588 τὴν
1440 2514 1616 2587 ψυχὴν
1675 2514 1918 2569 ἀειθαλεῖ

343 2607 428 2661 καὶ
464 2607 798 2679 πολυκάρπῳ
830 2608 982 2681 φυτῷ
1037 2611 1095 2663 ἐν
1133 2609 1267 2680 οἴκῳ
1314 2608 1449 2662 Θεοῦ
1495 2608 1910 2681 πεφυτευμένῳ.

327 2699 422 2752 Διό
455 2715 615 2770 φημι·
659 2698 806 2770 Ἐγὼ
831 2699 900 2753 δὲ
930 2700 1075 2754 ὡσεὶ
1095 2699 1268 2754 ἐλαία
1315 2699 1693 2770 κατάκαρπος
1720 2701 1791 2755 ἐν
1831 2703 1913 2768 τῷ

323 2793 476 2856 οικῳ
500 2792 608 2846 τοῦ
633 2791 803 2846 Θεοῦ·
835 2794 868 2864 ἢ
895 2794 1035 2848 κατά
1054 2793 1144 2847 τὸν
1170 2793 1483 2866 Σύμμαχον·
1518 2793 1660 2864 Ἐγὼ
1679 2793 1749 2847 δὲ
1769 2793 1914 2848 ὡσεί

327 2881 788 2950 statuebam-91g
825 2883 894 2936 ἐν
920 2881 1002 2948 τῷ
1033 2885 1180 2948 οἴκῳ
1239 2884 1348 2940 τοῦ
1399 2884 1570 2938 Θεοῦ.
1623 2885 1760 2939 Οὐδὲ
1803 2886 1912 2959 γάρ

328 2973 590 3028 ἀπένευον
620 2973 713 3028 τοῦ
740 2973 891 3028 οἴκου
942 2973 1038 3028 τοῦ
1098 2974 1254 3030 Θεοῦ·
1315 2975 1432 3030 ἀλλ’
1479 2976 1629 3030 ἐνδον
1669 2979 1728 3030 ἐν
1761 2976 1913 3049 αὐτῷ

324 3067 519 3140 ῶσπερ
542 3072 599 3124 ἐν
627 3067 880 3141 γεωργίῳ
905 3067 1040 3122 Θεοῦ
1077 3068 1507 3138 πεφυτευμένης,
1539 3069 1634 3121 καὶ
1679 3068 1790 3122 τῶν
1819 3086 1913 3124 να-

2017 1875 2094 1928 lar
2152 1891 2167 1928 τ
2222 1886 2347 1926 nam
2403 1872 2612 1925 vanitas
2660 1869 2994 1931 vauitatum,
3047 1867 3226 1921 omnia
3270 1866 3479 1920 vanitas
3528 1865 3598 1917 ⁸⁸.

2016 1964 2130 2018 lino
2156 1979 2286 2020 vero
2338 1965 2480 2018 viam
2516 1962 2754 2033 potentis
2802 1961 2856 2014 in
2907 1960 3190 2030 iniquitate
3223 1959 3459 2029 fugiens,
3493 1958 3598 2012 lin-

2015 2073 2176 2130 gnam
2200 2064 2254 2113 et
2279 2058 2443 2112 verba
2475 2073 2593 2112 mea
2624 2072 2734 2112 non
2786 2057 2839 2109 in
2887 2054 3183 2125 perniciem
3237 2054 3468 2107 aliorum
3501 2066 3601 2107 ex-

2015 2165 2243 2217 acuam;
2279 2148 2375 2205 sed
2409 2151 2473 2204 ad
2503 2150 2790 2204 utilitatem
2826 2148 3131 2202 animarum
3161 2154 3214 2199 et
3244 2146 3310 2198 ad
3349 2144 3600 2198 ministe-

2013 2242 2155 2294 rium
2186 2240 2443 2295 salutaris
2470 2240 2766 2294 sermonis.
2791 2236 2856 2290 Et
2890 2237 2944 2290 in
2969 2237 3196 2306 reliquis
3228 2234 3486 2305 operibus
3517 2233 3602 2289 sic

2014 2333 2218 2389 virens.
2272 2331 2354 2386 sic
2386 2328 2635 2385 fructifei'
2666 2328 2912 2390 evadam,
2960 2332 3019 2379 ut
3044 2325 3225 2379 anima
3259 2339 3376 2378 mea
3414 2321 3602 2378 arbori

2013 2439 2226 2494 semper
2268 2423 2466 2478 virenti
2507 2437 2571 2476 ac
2615 2419 2914 2476 fructiferae
2939 2419 2993 2472 in
3027 2418 3192 2472 domo
3222 2416 3314 2471 Dei
3348 2417 3601 2485 plantaue

2013 2526 2384 2588 comparetur.
2451 2514 2816 2583 Quamobrem
2867 2512 2992 2566 dico
3041 2528 3055 2565 :
3106 2508 3217 2580 Ego
3255 2520 3431 2563 autem
3463 2512 3597 2564 sicut

2013 2610 2154 2665 oliva
2183 2610 2466 2680 fructifera
2503 2610 2554 2663 in
2583 2607 2740 2660 domo
2768 2603 2902 2668 Dei;
2937 2603 3074 2667 sive,
3102 2601 3401 2657 secundum
3436 2600 3599 2672 Symo

2012 2704 2294 2768 machum,
2322 2702 2438 2774 Ego
2472 2711 2648 2756 autem
2671 2701 2810 2754 sicut
2839 2697 2978 2751 oliva
3005 2697 3175 2750 virens
3202 2696 3258 2750 in
3292 2694 3448 2750 domo
3484 2695 3597 2752 Dei.

2011 2796 2198 2868 Neque
2231 2797 2375 2850 enim
2417 2793 2640 2848 domum
2681 2791 2777 2847 Dei
2822 2789 3170 2854 abnuebam;
3217 2788 3311 2844 sed
3360 2788 3510 2842 intus
3542 2790 3599 2842 in

2012 2889 2132 2959 ipsa
2161 2888 2321 2960 quasi
2357 2886 2414 2941 in
2446 2900 2576 2958 agro
2601 2883 2697 2940 Dei
2723 2883 3022 2954 plantatus,
3075 2886 3130 2935 et
3175 2879 3312 2934 rivis
3343 2878 3513 2936 fontis
3542 2882 3599 2935 in

2011 2979 2176 3036 domo
2199 2977 2296 3034 Dei
2333 2975 2691 3034 scaturientis
2741 2974 2953 3038 fruens,
2998 2971 3248 3028 fructifer
3288 2987 3352 3026 ac
3385 2987 3600 3041 semper

2011 3070 2202 3126 virens
2223 3069 2396 3131 evasi,
2421 3066 2676 3137 exemplo
2704 3065 2920 3120 arboris
2947 3064 3124 3128 olivae,
3150 3078 3272 3134 qua:
3299 3064 3441 3118 inter
3461 3078 3600 3118 sem-

331 3159 519 3228 μάτων
544 3161 643 3231 τῆς
678 3161 736 3214 ἐν
764 3158 844 3230 τῷ
879 3160 1014 3232 οἴκῳ
1064 3159 1157 3214 τοῦ
1203 3159 1338 3214 Θεοῦ
1367 3159 1552 3232 πηγῆς
1598 3161 1908 3227 ἀπολαύων,

2015 3177 2112 3234 per
2129 3162 2369 3216 virentes
2396 3166 2815 3216 annumeratur.
2843 3157 3116 3212 Observes
3146 3157 3308 3211 velim
3336 3155 3600 3210 Davidem

329 3251 680 3324 πολύκαρπος
707 3251 968 3324 ἐγινόμην
1004 3252 1096 3306 καὶ
1149 3251 1427 3323 ἀειθαλὴς,
1462 3253 1605 3307 κατά
1631 3253 1694 3307 τὸ
1733 3255 1910 3323 παρά-

323 3345 526 3415 δειγμα
542 3345 636 3398 τοῦ
664 3345 762 3417 τῆς
785 3345 972 3410 ἐλαίας
1005 3345 1197 3415 φυτοῦ,
1228 3347 1366 3418 ὅπερ
1405 3348 1464 3400 ἐν
1495 3349 1607 3412 τοῖς
1635 3347 1910 3402 ἀειθαλέσι

327 3436 714 3508 παρείληπται.
761 3438 930 3509 Τήρει
961 3437 1038 3502 δὲ,
1097 3437 1179 3492 ὃτι
1229 3438 1402 3492 ταῦτα
1448 3438 1621 3507 λέγων
1661 3439 1690 3491 ὁ
1723 3438 1906 3503 Δαυτδ,

327 3527 453 3581 οὔτε
499 3529 592 3582 ἐπὶ
641 3529 742 3599 τῆς
783 3528 1137 3602 Ἰερουσαλὴμ
1169 3528 1496 3600 ἐτύγχανεν,
1551 3531 1618 3601 ἡν
1661 3527 1909 3600 ἐνόμιζον

327 3616 471 3676 εἶναι
512 3621 780 3676 Ἰουδαίων
830 3622 1014 3686 παῖδες
1067 3619 1214 3676 οἷκον
1279 3623 1370 3677 τοῦ
1416 3622 1572 3676 Θεοῦ·
1623 3622 1749 3676 οὔτε
1799 3624 1908 3695 γάρ

324 3713 658 3786 ᾠκοδόμητο·
695 3714 809 3768 ἀλλ’
841 3713 962 3767 οὐδὲ
1009 3717 1067 3768 ἐν
1099 3716 1164 3786 τῇ
1195 3717 1365 3786 σκηνῇ
1394 3717 1460 3786 τῇ
1496 3715 1601 3768 ὑπὸ
1631 3715 1910 3778 Μωῦσέως

329 3805 828 3879 κατεσκευασμένῃ,
868 3805 1037 3859 εἰσέτι
1075 3805 1196 3859 τότε
1246 3805 1403 3878 παρά
1451 3806 1722 3870 Ἰουδαίοις
1748 3805 1904 3879 οὔσῃ.

325 3897 549 3967 ⁴Ιδεύγων
575 3898 682 3968 γὰρ
715 3898 805 3952 τὸν
841 3896 1012 3950 Σαοὺλ
1054 3898 1182 3969 παρ’
1226 3897 1432 3968 ἐτέροις
1474 3895 1574 3960 τὰς
1624 3897 1908 3969 διατριϐὰς

331 3994 587 4044 ἐποιεῖτο·
611 3991 760 4061 ὅμως
785 3989 828 4042 δ’
849 3985 943 4043 οὖν
974 3989 1076 4042 οὐκ
1106 3989 1290 4059 ἠγνόει
1336 3988 1527 4043 ἐαυτὸν
1561 3991 1618 4043 ἐν
1667 3989 1746 4061 τῷ
1775 3989 1909 4060 οίκῳ

327 4080 425 4134 τοῦ
451 4081 586 4134 Θεοῦ
620 4080 1041 4152 πεφυτευμένον·
1078 4075 1226 4133 οἶκον
1249 4079 1385 4133 Θεοῦ
1409 4079 1547 4134 νοῶν
1573 4081 1635 4134 τὸ
1659 4080 1908 4145 θεοσεϐὲς

331 4172 652 4244 πολίτευμα.
669 4174 779 4227 Καὶ
807 4173 1102 4244 ἐπειδήπερ
1130 4173 1506 4245 κατάκαρπος,
1532 4173 1652 4227 οὐδὲ
1679 4175 1908 4246 πικροὺς

325 4267 513 4334 φέρων
533 4267 797 4337 καρποὺς,
834 4265 1049 4334 γλυκεῖς
1084 4264 1142 4318 δὲ
1172 4264 1269 4318 καὶ
1299 4265 1500 4338 πολλῆς
1523 4266 1793 4337 γέμοντας
1821 4283 1907 4334 φι-

325 4358 698 4430 λανθρωπίας,
734 4358 957 4421 εἰκότως
977 4357 1160 4422 ἐλαίας
1185 4359 1338 4431 φυτῷ
1363 4359 1709 4430 κατακάρπῳ
1760 4375 1906 4430 παρ-

331 4449 606 4515 εϐάλλετο,
635 4449 728 4504 τὸν
759 4451 838 4513 είς
868 4449 996 4512 τοὺς
1027 4448 1198 4513 πέλας
1232 4449 1380 4504 ἔλεον
1406 4450 1780 4532 σημαίνοντος,
1815 4451 1909 4504 καὶ

2016 3256 2133 3311 haec
2171 3255 2444 3310 dicentem
2473 3267 2586 3307 non
2621 3250 2794 3306 fuisse
2841 3250 2898 3304 in
2939 3247 3266 3315 Jerusalem,
3305 3264 3469 3319 quam
3499 3248 3600 3303 do-

2016 3362 2165 3402 mum
2192 3345 2287 3400 Dei
2317 3360 2440 3400 esse
2478 3343 2892 3399 arbitrabantur
2935 3339 3145 3406 Judaei;
3178 3343 3420 3396 nondum
3452 3341 3599 3395 enim

2015 3437 2282 3494 mdificata
2312 3437 2516 3502 fuerat;
2553 3436 2649 3492 sed
2684 3451 2862 3506 neque
2889 3435 2946 3489 in
2981 3434 3384 3489 tabernaculoa
3414 3431 3602 3504 Moyse

2017 3535 2251 3590 structo,
2281 3526 2427 3597 quod
2459 3524 2637 3580 adhuc
2668 3540 2838 3596 penes
2863 3524 3084 3580 Judteos
3114 3531 3251 3580 erat.
3282 3523 3418 3579 Cum
3452 3524 3601 3578 enim

2017 3622 2229 3693 fugeret
2277 3638 2307 3676 a
2335 3622 2520 3685 Saule,
2572 3622 2715 3692 apud
2759 3621 2900 3677 alios
2935 3621 3296 3676 morabatur:
3331 3627 3386 3675 et
3416 3627 3599 3674 tamen

2019 3731 2125 3768 non
2162 3715 2443 3784 ignorabat
2469 3730 2528 3769 se
2567 3714 2621 3768 in
2665 3713 2828 3768 domn
2854 3713 2949 3768 Dei
2983 3715 3285 3784 plantatum
3316 3728 3476 3779 esse;
3513 3715 3600 3767 in-

2017 3806 2266 3875 telligens
2308 3804 2530 3860 domum
2573 3803 2668 3860 Dei
2713 3804 3029 3875 religiosum
3081 3820 3204 3860 esse
3259 3804 3595 3860 institutum.

2016 3899 2082 3952 Et
2111 3900 2366 3968 quoniam
2396 3897 2646 3952 fructifer
2683 3909 2818 3962 erat,
2862 3915 3039 3968 neque
3069 3913 3311 3962 amaros,
3343 3898 3438 3953 sed
3468 3899 3596 3951 dul-

2015 4008 2110 4047 ces
2131 4001 2186 4046 et
2215 3992 2551 4047 humanitate
2579 3993 2769 4062 plenos
2813 3992 3026 4048 fructus
3056 3992 3282 4058 ferebat,
3330 3992 3454 4061 jure
3479 3991 3598 4044 fru-

2015 4094 2223 4140 ctuosae
2266 4086 2448 4140 arbori
2491 4085 2646 4140 oliva:
2677 4087 3120 4158 comparabatur,
3157 4088 3405 4155 exemplo
3429 4086 3597 4141 mise-

2016 4177 2310 4232 ricordiam
2339 4178 2392 4231 in
2424 4179 2723 4248 proximos,
2777 4187 2832 4233 et
2877 4178 3272 4233 humanitatem
3319 4179 3375 4233 in
3402 4194 3597 4234 omnes

2016 4268 2376 4340 significante.
2434 4268 2634 4340 Utpote
2662 4271 2828 4341 igitur
2863 4271 2957 4341 qui
2989 4277 3070 4325 tot
3097 4271 3257 4328 bonis
3287 4272 3597 4327 instructus

2015 4368 2185 4426 esset,
2223 4371 2626 4433 consequenter
2661 4363 2824 4419 infert
2856 4382 2869 4419 :
2898 4363 3118 4433 Speraui
3151 4365 3204 4418 in
3227 4365 3596 4420 misericordia

2018 4451 2114 4506 Dei
2143 4453 2198 4506 iu
2228 4440 2484 4508 retentum
2509 4464 2559 4508 et
2593 4454 2648 4507 in
2675 4455 2928 4509 swculum
2952 4458 3163 4512 seaculi.

331 4542 429 4614 τὴν
466 4543 547 4604 εἰς
603 4541 846 4605 ἅπαντας
897 4541 1305 4614 φιλανθρωπίαν
1332 4541 1426 4596 τοῦ
1461 4539 1918 4615 παραδείγματος.
1971 4542 2056 4607 Ὧς
2089 4539 2181 4598 οὗν
2210 4545 2483 4610 τοσούτοις
2540 4545 2741 4616 βρίθων
2800 4547 3046 4616 ἀγαθοῖς,
3077 4546 3385 4613 ἀκολούθως
3411 4547 3597 4604 ἐπιλέ-

331 4651 438 4706 γει·
467 4637 735 4690 Ἦλπισα
757 4634 855 4688 ἐπὶ
887 4634 952 4688 τὸ
982 4634 1154 4702 ἕλεος
1174 4634 1283 4690 τοῦ
1305 4634 1453 4690 Θεοῦ
1481 4638 1568 4701 είς
1595 4633 1702 4688 τὸν
1720 4633 1906 4690 αἰῶνα
1941 4636 2040 4690 καί
2063 4641 2152 4704 είς
2181 4638 2288 4692 τὸν
2313 4637 2497 4693 αἰῶνα
2527 4637 2634 4693 τοῦ
2655 4638 2889 4706 αἰῶνος.

405 4729 512 4783 Τοῦ
541 4730 639 4801 μὲν
657 4729 765 4803 γάρ
791 4730 850 4784 ἐν
881 4731 1050 4802 κακίᾳ
1097 4729 1326 4785 δυνατοῦ
1349 4729 1410 4783 τὺ
1434 4729 1588 4793 τέλος
1621 4729 1911 4801 ἐκρίζωσιν

2087 4730 2222 4785 Nam
2245 4732 2392 4788 illius
2416 4733 2660 4804 quidem,
2711 4733 2807 4804 qui
2857 4740 3053 4803 potens
3081 4741 3167 4789 est
3195 4733 3250 4787 in
3277 4733 3591 4804 iniquitate,

331 4820 481 4892 αύτῷ
530 4821 624 4875 καὶ
673 4821 978 4891 ἀφανισμὸν
1011 4819 1216 4892 ἐδήλου.
1267 4819 1466 4892 Ἐχρῆν
1519 4820 1624 4892 γὰρ
1665 4818 1764 4891 τὴν
1800 4817 1910 4872 τῶν

334 4911 545 4984 πικρῶν
573 4912 817 4986 οίστικὴν
853 4911 1008 4984 ῥίζαν
1036 4912 1266 4985 καρπῶν
1312 4912 1450 4985 πρὸς
1480 4910 1576 4966 τοῦ
1616 4910 1726 4966 τῶν
1771 4911 1910 4966 ὅλων

335 5005 499 5074 σοφοῦ
524 5005 772 5079 γεωργοῦ
799 5005 1170 5076 ἀποκταλῆναι
1187 5005 1283 5078 (1).
1313 5007 1370 5061 '0
1383 5006 1442 5060 δὲ
1470 5004 1602 5058 ὡσεὶ
1622 5005 1778 5060 ἐλαία
1809 5021 1909 5059 κα-

329 5101 614 5172 τάκαρπος
639 5101 699 5155 ἐν
727 5098 808 5171 τῷ
829 5101 964 5171 οἴκῳ
990 5098 1084 5153 τοῦ
1111 5098 1270 5164 Θεοῦ,
1295 5098 1521 5170 ἤλπισεν
1547 5097 1640 5150 ἐπὶ
1670 5096 1733 5150 τὸ
1760 5096 1907 5161 ἔλεος

329 5191 426 5246 τοῦ
450 5191 588 5247 Θεοῦ
620 5194 699 5256 είς
720 5191 810 5245 τὸν
841 5191 1014 5245 αίῶνα
1040 5190 1134 5244 καὶ
1159 5191 1240 5253 εἰς
1267 5190 1357 5244 τὸν
1377 5187 1547 5242 αίῶνα
1565 5185 1658 5241 τοῦ
1690 5186 1904 5251 αἰῶνος,

331 5283 632 5340 αθανασίαν
672 5283 770 5337 καὶ
798 5281 942 5354 ζωὴν
986 5282 1201 5336 αἰώνιον
1260 5279 1613 5351 ποριζόμενος
1646 5279 1756 5332 ἀπὸ
1807 5278 1908 5348 τῆς

332 5373 547 5446 ἀγαθῆς
593 5373 806 5436 ἐλπίδος
829 5412 845 5438 ,
901 5368 971 5446 ἦς
1029 5370 1225 5426 οὔποτε
1269 5372 1600 5424 ἐκπεσεῖται·
1675 5370 1742 5425 Ἦ
1795 5370 1906 5441 γὰρ

331 5465 532 5534 tath
572 5467 712 5522 κατά
743 5465 837 5520 τδν
882 5463 1223 5526 Ἀπόστολον,
1251 5465 1322 5516 οὺ
1362 5462 1766 5530 καταισχύνει.
1789 5456 1903 5514 Εἶθ’

332 5560 410 5625 ὡς
430 5559 518 5614 ἐπ’
543 5559 766 5630 ἀγαθοῖς
799 5559 1052 5631 καρποῖς,
1087 5555 1294 5624 ἀγαθὰς
1314 5555 1532 5618 ἐλπίδας
1565 5554 1743 5626 ἐαυτῷ
1769 5555 1902 5608 ὑπο-

407 5682 454 5714 ⁶¹¹
491 5681 668 5738 Eccle.
706 5698 756 5744 ι,
785 5681 841 5734 2.
917 5679 963 5711 ⁸⁸
1000 5677 1156 5732 Rom.
1194 5691 1249 5739 v,
1281 5675 1333 5730 5.

408 5772 485 5841 (1)
529 5771 978 5842 ’Δποχταλῆναι.
1022 5773 1175 5828 Anne
1208 5765 1613 5837 ἀποκταθῆναιῖ
1636 5763 1795 5819 Enn.

2021 4825 2179 4880 finem
2201 4826 2544 4897 signiﬁcabat
2575 4841 2699 4882 esse
2725 4824 3150 4881 eradicationem
3179 4833 3233 4881 et
3258 4825 3590 4882 destructio-

2017 4932 2178 4984 nem;
2224 4917 2461 4972 radicem
2495 4918 2640 4972 enim
2676 4933 2988 4974 amarorum
3019 4917 3296 4973 fructuum
3328 4917 3589 4987 feracem,

2015 5023 2048 5061 a
2077 5009 2326 5078 sapiente
2380 5007 2627 5062 omnium
2684 5007 2924 5080 agricola
2977 5007 3248 5064 eradicari
3279 5010 3584 5078 oportebat.

2015 5099 2118 5168 Qui
2153 5116 2284 5172 vero
2307 5102 2451 5158 sicut
2477 5101 2620 5158 oliva
2649 5100 2934 5157 fructifera
2964 5102 3018 5156 in
3049 5101 3213 5158 domo
3247 5099 3364 5165 Dei,
3394 5117 3588 5172 spera-

2011 5194 2089 5248 vit
2113 5194 2167 5248 in
2203 5192 2578 5249 misericordia
2616 5193 2710 5249 Dei
2763 5195 2816 5248 in
2867 5203 3129 5248 aeternum
3154 5201 3208 5248 et
3238 5195 3290 5246 in
3324 5195 3584 5248 saeculum

2013 5287 2218 5351 saeculi,
2244 5286 2708 5341 immortalitatem
2755 5294 2810 5340 et
2845 5287 3012 5340 vitam
3030 5293 3290 5340 aeternam
3319 5285 3486 5340 refert
3513 5285 3586 5338 ob

2012 5378 2212 5432 bonam
2245 5393 2419 5448 spem,
2453 5395 2560 5450 qua
2596 5394 2875 5448 nunquam
2907 5377 3160 5442 excidet;
3191 5392 3318 5430 nam
3339 5416 3353 5438 ,
3386 5392 3584 5429 securi.

2010 5466 2142 5522 dum
2174 5468 2517 5539 Apostolutn,
2575 5487 2690 5540 spes
2734 5487 2838 5524 non
2892 5467 3165 5536 confundit
3224 5467 3309 5529 ";
3361 5465 3580 5525 deinde,

2013 5566 2201 5630 utpote
2235 5560 2304 5616 de
2331 5561 2490 5618 bonis
2526 5561 2820 5630 fructibus,
2872 5562 3070 5616 bonam
3119 5558 3221 5613 sibi
3255 5573 3405 5627 spem
3445 5571 3584 5611 eou-
