4100 6442
599 328 666 383 45
677 330 695 382 l

1259 323 1529 381 EUSEBII
1565 320 2041 380 CESARIENSIS
2087 319 2238 377 OPP.
2285 321 2468 376 PARS
2529 321 2619 376 Ill.
2660 347 2728 361 α-
2769 321 3106 377 EXEGEYIL

3739 319 3870 380 452

599 448 848 515 signans,
886 455 1080 499 uorum
1125 458 1348 498 causam
1381 443 1650 498 bonorum
1683 442 1928 496 omnium
1962 441 2163 496 submi-

2269 441 2680 510 τυπωσάμενος,
2727 440 2824 510 τὴν
2883 439 3063 493 αἰτίαν
3117 439 3335 504 ἐξάπτει
3367 438 3444 510 τῷ
3485 440 3706 493 πάντων
3743 439 3870 492 τῶν

601 532 884 588 nistratori
930 532 1154 587 ascribit
1185 531 1374 586 dicens
1407 551 1421 586 :
1463 530 1766 600 Conﬁtebor
1796 530 1893 584 tibi
1920 533 1976 584 in
2001 548 2171 585 saecu-

603 623 734 684 lum,
763 622 890 691 quia
923 621 1115 690 fecisti.
1143 619 1331 690 Neque
1351 619 1495 674 enim
1523 635 1649 690 ego,-
1677 619 1875 690 inquit,
1913 635 2001 675 me
2031 620 2175 675 sicut

603 711 1160 769 olivam-fructiferam
1189 711 1492 780 composui,
1527 710 1622 766 sed
1643 719 1700 764 tu
1729 709 1906 765 fecisti
1949 727 1962 761 :
1993 709 2090 766 abs
2121 720 2175 764 te

603 806 750 862 enim
775 804 948 875 gratia
973 821 988 870 ;
1014 819 1182 874 quare
1219 819 1498 874 nunquam
1531 805 1690 857 linem
1713 801 1906 856 faciam
1934 801 2032 856 tibi
2050 818 2175 872 gra-

603 897 711 954 tias
742 897 975 952 habendi
1011 912 1099 951 ‘ac
1139 896 1435 952 confitendi
1473 913 1486 948 :
1531 896 1624 951 sed
1682 904 1971 966 postquam
2005 895 2174 950 semel

605 991 820 1062 speravi
843 991 898 1044 in
918 990 1295 1045 misericordia
1338 988 1454 1056 Dei,
1482 988 1791 1054 exspectabo
1819 1005 2003 1044 nomen
2035 989 2169 1058 ejus.

602 1081 738 1137 Nam
769 1097 894 1136 cum
921 1081 1066 1137 bona
1090 1097 1215 1152 spes
1257 1081 1456 1145 subsit,
1493 1081 1756 1152 patientia
1807 1081 1966 1136 nobis
2009 1095 2169 1152 opus.

602 1172 946 1243 Quapropter
972 1173 1280 1242 exspectabo
1333 1189 1518 1226 nomen
1573 1182 1743 1236 tuum,
1795 1173 1890 1236 ait,
1921 1175 2171 1244 quoniam

603 1267 794 1320 bonum
810 1275 887 1321 est
916 1269 970 1320 in
994 1277 1274 1334 conspectu
1298 1275 1602 1320 sanctorum
1654 1275 1903 1328 tuorum;
1935 1265 2050 1321 sive
2079 1280 2171 1320 se-

602 1358 844 1412 cundum
891 1357 1300 1428 Symmachum,
1334 1358 1598 1424 Quoniam
1622 1357 1811 1410 bonum
1854 1365 1933 1410 est
1984 1373 2172 1410 nomen

604 1449 832 1518 tuumju
849 1458 1123 1516 conspectu
1138 1457 1438 1502 sanctorum
1463 1457 1691 1500 tuorum.
1716 1447 1931 1503 Gnarus
1987 1447 2173 1517 itaque

604 1538 784 1610 ipsum
810 1539 1015 1594 bonum
1057 1553 1180 1593 esse
1225 1547 1279 1593 et
1304 1539 1571 1592 bonorum
1590 1545 1888 1602 auctorem,
1930 1552 2040 1591 non
2073 1553 2172 1608 po-

600 1630 843 1686 tantibus
881 1631 938 1684 in
969 1630 1197 1693 malitia,
1247 1645 1358 1684 non
1405 1629 1636 1698 abjectis
1687 1627 2023 1693 hominibus,
2077 1627 2172 1683 sed

603 1723 847 1788 sanctis;
887 1722 1012 1792 jure
1048 1721 1355 1791 exspectabo
1399 1739 1586 1776 nomen
1643 1730 1820 1786 tuum,
1878 1721 2019 1776 bona
2076 1738 2174 1793 spe

2274 527 2492 595 ἀγαθῶν
2528 527 2747 598 χορηγῷ
2779 528 2974 595 λέγων’
3031 527 3576 598 Ἐξομολογήσομαί
3633 543 3734 583 σοι
3765 531 3868 595 εἰς

2274 619 2380 673 τὸν
2410 619 2614 682 αἰῶνα,
2654 620 2745 672 ὅτι
2804 621 3118 688 ἐποίησας.
3175 623 3249 675 Ού
3309 621 3417 693 γὰρ
3475 621 3607 690 ἐγὼ,
3663 623 3870 693 φησὶν,

2273 714 2505 785 ἐποίησα
2539 715 2772 782 ἐμαυτὸν
2803 714 2935 767 ὡσεὶ
2967 714 3148 767 ἐλαίαν
3184 715 3557 785 κατάκαρπον,
3613 715 3754 768 ἀλλά
3789 717 3872 769 σὺ

2273 804 2551 874 ἐποίησας·
2581 804 2732 874 παρά
2769 803 2864 857 σοῦ
2884 805 2992 875 γὰρ
3017 807 3049 875 ἡ
3083 806 3258 875 χάρις·
3292 805 3372 859 διὸ
3422 806 3682 859 οὐδέποτε
3709 789 3888 875 παῦ-ἰ

2274 897 2436 965 σομαί
2460 913 2544 948 σοι
2577 895 2674 966 τὴν
2702 895 2859 967 χάριν
2890 895 3061 959 εἰδὼς,
3089 897 3180 949 καί
3229 913 3310 949 σοι
3335 896 3864 968 ἐξομολογούμενος

2273 987 2418 1053 ἅπαξ
2447 988 2505 1041 δέ
2528 989 2752 1050 ἐλπίσας
2777 988 2868 1040 ἐπὶ
2897 987 2957 1040 τὸ
2986 987 3132 1050 ἕλεος
3151 985 3247 1039 τοῦ
3271 987 3428 1051 Θεοῦ,
3465 986 3750 1056 ὑπομενῶ
3789 987 3864 1040 τέ

2271 1079 2458 1149 ὄνομα
2490 1079 2696 1133 αὑτοῦ.
2716 1079 2828 1148 Τῆς
2851 1078 2959 1152 γὰρ
2984 1078 3194 1149 ἀγαθῆς
3223 1078 3433 1143 ἐλπίδος
3458 1081 3870 1151 ὑποκειμένης,

2270 1173 2547 1244 ὑπομονῆς
2575 1175 2707 1243 ἡμῖν
2740 1172 2915 1243 χρεία.
2941 1171 3035 1228 Διὸ
3058 1169 3334 1240 ὑπομενῶ
3374 1173 3441 1224 τὸ
3488 1172 3676 1242 ὄνομά
3711 1189 3868 1236 σου,

2270 1267 2454 1336 φησιν,
2473 1264 2561 1318 ὅτι
2589 1264 2858 1334 χρηστόν
2875 1263 3044 1320 ἐστιν
3061 1263 3339 1316 ἐναντίον
3357 1261 3476 1316 τῶν
3505 1265 3693 1317 ὁσίων
3712 1281 3870 1318 σουο

2269 1357 2302 1428 ἢ
2333 1356 2474 1409 κατά
2496 1355 2586 1408 τὸν
2620 1353 2934 1425 Σύμμαχον,
2963 1355 3082 1405 Ὅτι
3118 1353 3344 1423 ἀγαθὸν
3370 1354 3436 1407 τὸ
3491 1355 3678 1424 ὄνομά
3731 1372 3868 1409 σου

2270 1449 2553 1516 ἄντικρυς
2611 1446 2728 1501 τῶν
2763 1447 2950 1500 ὀσίων
2995 1460 3132 1498 σου.
3188 1445 3357 1510 Εἰδὼς
3386 1442 3500 1508 οὖν,
3526 1448 3607 1500 ὅτι
3637 1445 3864 1517 ἀγαθόν

2271 1541 2406 1602 ἐστι,
2438 1540 2532 1591 καὶ
2564 1537 2784 1607 ἀγαθῶν
2807 1537 3107 1606 ποιητικὸν,
3144 1537 3204 1589 ού
3235 1541 3346 1601 τοίς
3385 1539 3628 1603 δυνατοῖς
3657 1541 3720 1592 ἐν
3751 1557 3866 1594 και

2270 1631 2383 1702 κίᾳ,
2412 1630 2531 1683 ούδέ
2583 1633 2696 1693 τοῖς
2745 1629 3071 1702 ἀποόλήτοις
3121 1630 3230 1682 τῶν
3289 1629 3524 1696 ζώντων,
3577 1632 3718 1685 ἀλλά
3738 1637 3864 1696 τοῖς

2269 1722 2456 1785 ὁσίοις,
2485 1722 2708 1785 εἰκότως
2737 1720 3012 1791 ὑπομενῶ
3047 1721 3113 1774 τὸ
3139 1720 3324 1790 ὄνομά
3347 1739 3482 1786 σου,
3524 1722 3746 1788 εὔελπις
3774 1725 3862 1778 ὢν

603 1813 793 1869 fruens
823 1829 909 1870 me
947 1829 1224 1882 nunquam
1271 1814 1550 1884 lapsurum
1589 1828 1621 1867 a
1649 1813 2022 1869 misericordia
2053 1822 2163 1867 tua.

2274 1813 2484 1882 μήποτε
2540 1814 2790 1866 ἐκπεσεῖν
2844 1813 2937 1866 τοῦ
2976 1811 3068 1865 σοῦ
3133 1811 3336 1876 ἐλέους.
3381 1811 3540 1866 Οὕτω
3585 1815 3718 1883 γοῦν
3749 1816 3857 1887 ῆλ-

603 1907 698 1964 Sic
727 1908 911 1978 itaque
940 1908 996 1962 in
1027 1907 1147 1977 ipso
1179 1909 1394 1977 speravi
1437 1907 1493 1962 in
1523 1915 1787 1962 αξιοι-ηοω
1825 1918 1878 1963 et
1902 1907 1959 1962 in
1989 1923 2163 1964 sascu-

601 1999 714 2052 lum
742 2001 948 2057 saeculi.

603 2108 655 2163 1.
696 2108 764 2163 ΙΝ
813 2107 1058 2174 FINEM,
1095 2108 1236 2164 PRO
1274 2108 1685 2175 MAHELETH,
1725 2109 2169 2166 INTELLIGEN-

764 2206 770 2211 -
1119 2179 1256 2235 '1'le
1295 2178 1502 2233 DAVID
1541 2180 1648 2235 Lll.

672 2273 837 2329 Vsus.
863 2273 983 2328 2-6.
1019 2271 1170 2327 Dixit
1198 2273 1446 2341 insipiens
1494 2274 1550 2328 in
1595 2273 1749 2328 corde
1771 2290 1868 2329 suo
1896 2291 1914 2328 :
1945 2273 2069 2330 Non
2087 2285 2166 2330 est

599 2366 762 2420 Deus.
791 2364 1039 2434 Corrupti
1063 2375 1181 2419 sunt
1218 2375 1268 2419 et
1293 2364 1669 2419 abominabiles
1691 2365 1820 2433 [acti
1839 2375 1960 2420 sunt
1984 2367 2039 2420 in
2064 2368 2167 2420 ini-

598 2458 908 2530 quitatibus,
931 2474 1035 2510 non
1077 2467 1157 2513 est
1195 2459 1285 2528 qui
1324 2457 1490 2527 faciat
1521 2457 1733 2513 bonum.
1765 2457 2168 2530 Quinquagesi~

597 2563 722 2602 mus
749 2549 993 2618 psalmus
1025 2547 1384 2603 confessionis
1412 2549 1632 2604 modum
1676 2551 1817 2620 ejus,
1875 2567 2037 2623 quem
2071 2552 2167 2607 ad-

597 2638 751 2693 missi
789 2637 997 2708 peccati
1036 2639 1281 2708 ptenitet,
1313 2639 1734 2708 complectitur;
1782 2656 2017 2712 sequens
2037 2657 2166 2698 vero

598 2731 656 2784 in
681 2731 885 2785 malitia
901 2731 1134 2801 potentis
1160 2739 1216 2788 et
1247 2731 1398 2801 impii
1431 2733 1601 2787 moris
1661 2733 1932 2788 insaniam
1965 2735 2168 2790 deseri-

596 2821 716 2889 bit;
746 2837 811 2876 ac
829 2823 1179 2893 qualis,~cum
1207 2823 1394 2888 istum,
1426 2832 1540 2877 tum
1569 2825 1830 2894 priorem,
1858 2825 1981 2882 linis
2006 2843 2168 2883 exce-

597 2916 758 2984 perit.
791 2915 924 2969 Nam
955 2917 1002 2972 ei
1022 2918 1114 2987 qui
1139 2918 1194 2972 in
1230 2919 1389 2974 malis
1420 2921 1536 2974 suis
1569 2922 1906 2991 gloriabatur
1959 2924 2166 2979 dictum

594 3015 680 3060 est
708 3023 722 3059 :
759 3004 1046 3076 Propterea
1081 3007 1217 3062 Deus
1241 3008 1474 3064 destruet
1513 3020 1562 3065 te
1590 3012 1645 3065 in
1679 3013 1857 3081 linem,
1889 3015 2071 3069 evellet
2094 3027 2163 3081 te,

593 3107 644 3153 et
665 3099 940 3170 emigrabit
972 3110 1020 3154 te
1034 3100 1100 3155 de
1144 3101 1482 3158 tabernaculo
1500 3105 1583 3169 7°;
1614 3123 1680 3160 ex
1712 3123 1944 3177 persona
1983 3119 2164 3166 autem

2268 1921 2402 1958 πισα
2435 1904 2521 1957 ἐπ’
2544 1904 2694 1976 αὐτῷ
2726 1907 2804 1969 εἷς
2858 1906 2948 1959 τὸν
2997 1903 3167 1958 αίῶνα
3198 1907 3288 1958 καὶ
3320 1908 3400 1969 εἰς
3441 1907 3528 1959 τὸν
3554 1909 3727 1963 αἰῶνα
3753 1910 3858 1964 τοῦ

2267 1993 2484 2057 αἰῶνος.

2271 2105 2379 2160 ΕΙΣ
2417 2106 2504 2160 ΤΟ
2545 2107 2790 2176 ΤΕΛΟΣ,
2831 2108 3722 2233 ΥἰέῐῖἐᾶίλῒηεέξΕΘΣΥΝΕΣΕΩΣ
3762 2115 3858 2168 ΤΩ

2335 2288 2521 2346 Εἶπεν
2557 2292 2762 2362 ἄφρων
2777 2295 2848 2347 ἐν
2879 2295 3090 2364 καρδίᾳ
3113 2299 3319 2353 αὑτοῦ·
3356 2300 3476 2351 Οὐκ
3503 2299 3636 2352 ἔστι
3676 2301 3852 2367 Θεός.

2269 2381 2680 2450 Διεεεθάρττσαν
2705 2383 2802 2436 καὶ
2829 2384 3284 2454 ἐϐδελύχθησαν
3312 2389 3382 2441 ἐν
3407 2389 3702 2458 ἀνομίαις,
3735 2393 3854 2444 οὐκ

2267 2472 2399 2526 ἐστι
2426 2471 2611 2526 ποιῶν
2639 2474 2886 2543 ἀγαθόν.
2927 2475 2984 2528 '0
3019 2477 3117 2546 μὲν
3157 2485 3198 2531 ν’
3224 2479 3608 2551 ἐξομολόγησιν
3639 2482 3850 2552 τρόπου

2271 2564 2764 2635 μεταγινώαοντος
2819 2569 2904 2638 ἐφ’
2937 2563 3018 2633 οἷς
3073 2571 3342 2642 ἥμαρτεν,
3404 2577 3699 2645 περιεῖχεν⁸
3737 2576 3854 2629 όδὲ

2269 2655 2395 2725 ἐξῆς
2424 2656 2592 2727 αὐτῷ,
2623 2657 2879 2712 ἀπόνοιαν
2905 2661 3000 2714 τοῦ
3031 2662 3089 2716 ἐν
3119 2663 3286 2734 κακίᾳ
3307 2665 3528 2719 δυνατοῦ
3559 2667 3655 2721 καὶ
3681 2667 3851 2721 ἀθέου

2266 2749 2487 2820 τρόπου⁸
2535 2749 2716 2802 ὁποῖόν
2776 2768 2835 2803 τε
2884 2751 3069 2807 τοῦτον
3113 2754 3378 2825 διεδέχετο
3433 2756 3494 2810 τὸ
3545 2756 3719 2822 τέλος,
3756 2761 3856 2814 καὶ

2267 2841 2449 2894 ὁποῖον
2469 2841 2560 2894 τὸν
2604 2841 2886 2915 πρότερον.
2920 2844 3010 2914 Τῷ
3045 2846 3143 2916 μὲν
3164 2846 3271 2918 γὰρ
3311 2849 3714 2922 καυχησαμένῳ
3755 2851 3852 2905 ἐπὶ

2267 2933 2379 2994 τοῖς
2401 2930 2596 2984 ἐαυτοῦ
2623 2935 2810 2996 κακοῖς
2836 2933 3067 3004 ἐλέγετο·
3096 2936 3405 2990 Δεὰ“τοῦτο
3448 2941 3481 2992 ὀ
3529 2940 3674 3006 Θεὸς
3702 2945 3852 2994 καθ-ο

2277 3023 2409 3076 ελεῖ
2425 3039 2502 3076 σε
2527 3027 2615 3090 είς
2644 3024 2834 3091 τέλος,
2857 3025 3082 3080 suum
3110 3045 3184 3081 σε
3213 3029 3313 3082 καὶ
3357 3033 3853 3100 μεταναστεῦσαι

2268 3128 2342 3166 σε
2369 3112 2487 3166 ἀπὸ
2513 3113 2926 3183 σκηνώματος·
2959 3117 3026 3169 ἐκ
3075 3118 3366 3189 προσώπου
3393 3121 3450 3174 δέ
3479 3122 3572 3176 τοῦ
3591 3124 3851 3194 ἐξομολο-

594 3191 908 3246 conlitentis
925 3193 1292 3264 subiungitur,
1314 3193 1425 3266 Ego
1453 3205 1626 3251 autent
1654 3199 1786 3252 sicut
1806 3203 1942 3254 oliva
1973 3203 2162 3268 fructi-

2267 3205 2580 3276 γησαμένου
2611 3207 2848 3277 ἐπήγετο
2877 3207 3002 3280 ἑξῆς
3057 3210 3140 3275 τὸ,
3204 3212 3344 3282 Ἐγὼ
3379 3213 3448 3267 δὲ
3495 3216 3636 3270 ὡσεὶ
3669 3191 3850 3272 ἐλαία

596 3287 712 3352 fer‘a
728 3287 781 3340 in
799 3285 955 3340 domo
984 3282 1100 3350 Dei,
1133 3287 1334 3354 speravi
1355 3286 1412 3340 in
1445 3289 1809 3344 misericordia
1829 3292 1941 3361 ejus
1967 3295 2020 3348 in
2059 3313 2162 3350 sie-

593 3375 865 3430 culum“.
903 3373 1002 3428 Hic
1036 3389 1160 3430 vero
1227 3376 1321 3446 qui
1371 3379 1616 3448 psalmus
1669 3396 1777 3436 non
1831 3392 1936 3448 est,
1987 3401 2164 3456 neque

594 3469 738 3524 enim
771 3467 844 3521 ita
878 3467 1230 3535 inscribitur;
1277 3469 1374 3525 sed
1423 3486 1599 3541 neque
1630 3475 1902 3530 canticum
1927 3517 1942 3541 ,
1987 3495 2162 3549 neque

592 3561 725 3633 quid
761 3560 971 3626 simile,
1034 3561 1291 3618 salutaris
1341 3561 1438 3618 Dei
1493 3566 1762 3623 adventus
1818 3572 2159 3641 pr0pbetiam

594 3651 838 3708 continet
869 3689 886 3714 ,
935 3665 1097 3720 quem
1133 3651 1288 3706 multi
1319 3655 1594 3723 prOpbctae
1628 3663 1682 3711 et
1707 3657 1840 3726 justi
1873 3662 2161 3718 voluerunt

509 3773 512 3776 ~
591 3741 792 3798 videre.
824 3741 1072 3810 Praesens
1091 3742 1292 3813 itaque,
1319 3747 1478 3816 quasi
1509 3747 1564 3801 in
1605 3751 1847 3805 omnium
1878 3751 2159 3810 hominum

593 3832 776 3898 ruina,
803 3841 858 3888 et
882 3833 1036 3903 quasi
1097 3833 1152 3887 in
1183 3837 1457 3890 communi
1489 3839 1774 3911 naufragio
1820 3842 1936 3898 hac
1966 3859 2158 3914 preca-

593 3933 684 3979 tur
708 3943 722 3980 :
751 3923 886 3990 Quis
906 3924 1054 3978 dabit
1083 3941 1149 3980 ex
1178 3926 1307 3980 Sion
1337 3926 1588 3984 Salutare
1629 3930 1847 3988 Israel?
1886 3953 2003 3988 cum
2035 3954 2159 3991 con-

590 4017 798 4071 verterit
830 4016 1084 4071 Dominus
1131 4019 1485 4085 captivitatem
1505 4023 1671 4091 plebis
1706 4042 1838 4090 suae,
1869 4028 2159 4083 exsultabit

589 4109 757 4163 Jacob
789 4118 836 4162 et
865 4107 1136 4162 lwtabitur
1158 4107 1369 4165 Israel:
1401 4114 1620 4182 quando
1669 4117 1936 4173 conﬁtens
1977 4119 2157 4174 decla-

594 4213 832 4268 ransque
856 4207 1076 4269 peccata
1101 4214 1218 4265 sua,
1252 4216 1348 4271 per
1373 4205 1669 4261 salutarem
1716 4205 1812 4262 Dei
1861 4208 2155 4265 adventum

589 4291 965 4363 purgationem
991 4300 1390 4350 consecuturus
1421 4303 1578 4362 erat;
1607 4298 1826 4368 quando
1849 4300 1999 4371 impii
2022 4314 2075 4357 et
2099 4303 2155 4358 in

589 4381 795 4434 malitia
826 4387 1072 4451 potentes
1120 4381 1398 4438 hominum
1457 4401 1660 4454 mores,
1711 4405 1819 4444 non
1864 4406 1960 4460 per
1989 4395 2153 4448 alium

586 4489 753 4544 quam
803 4489 901 4544 per
954 4489 1122 4530 unum
1176 4474 1537 4544 Salvatorem,
1599 4482 1692 4550 qui
1756 4481 2153 4541 insanabilibus

2265 3296 2644 3365 κατάκαρπος
2676 3297 2746 3351 ὲν
2776 3297 2857 3364 τῷ
2883 3299 3026 3365 οἴκῳ
3049 3302 3154 3355 τοῦ
3196 3303 3365 3368 Θεοῦ,
3391 3304 3627 3373 ἤλπισα
3648 3308 3750 3360 ἐπὶ
3777 3307 3846 3361 τὸ

2261 3385 2433 3452 ἕλεος
2463 3388 2649 3442 αὑτοῦ
2671 3391 2759 3455 είς
2787 3389 2894 3443 τὸν
2943 3391 3146 3446 αἰῶνα.
3192 3394 3250 3447 '0
3298 3395 3355 3448 δὲ
3413 3397 3599 3469 παρὼν
3643 3401 3848 3455 οὐκῶν

2260 3477 2494 3549 ψαλμὸς,
2524 3481 2585 3533 οὐ
2632 3481 2741 3554 γὰρ
2775 3481 2947 3548 οὕτως
2979 3486 3401 3559 ἐπιγέγραπται,
3434 3491 3549 3544 ἀλλ’
3570 3492 3844 3566 ούδέᾠδὴ,

2259 3571 2380 3624 οὐδέ
2405 3589 2455 3624 τι
2486 3572 2594 3625 τῶν
2618 3573 2894 3641 τοιούτων,
2941 3581 3274 3649 προφητείαν
3306 3583 3550 3654 περιέχει
3599 3585 3699 3656 τῆς
3739 3602 3849 3640 σω-

2258 3663 2448 3733 τηρίου
2477 3665 2810 3733 θεοφανείας,
2869 3670 2936 3741 ἢν
2973 3671 3154 3725 πολλοὶ
3201 3674 3474 3745 προφῆται
3531 3677 3626 3729 καὶ
3645 3677 3846 3733 δίκαιοι

2260 3755 2615 3828 ἐπεθύμησαν
2647 3761 2792 3815 ίδεῖν.
2831 3763 3039 3836 Ὥσπερ
3065 3762 3158 3820 οὖν
3187 3768 3281 3820 καὶ
3309 3768 3338 3819 ὁ
3373 3768 3509 3838 μετά
3534 3771 3723 3842 χεῖρας
3754 3773 3848 3824 ἐπὶ

2259 3851 2326 3920 τῇ
2355 3851 2572 3906 πάντων
2622 3853 2920 3928 ἀνθρώπων
2981 3859 3294 3925 διαπτώσει,
3358 3862 3450 3916 καὶ
3507 3861 3696 3935 ῶσπερ
3749 3865 3845 3918 ἐπὶ

2260 3942 2424 4013 κοινῷ
2457 3946 2700 4017 ναυαγίῳ
2733 3949 3025 4020 εὐχόμενος
3058 3953 3150 4004 καὶ
3196 3952 3388 4022 λέγων·
3432 3955 3526 4021 Τίς
3561 3955 3740 4012 δώσει
3771 3959 3844 4012 ἐκ

2260 4035 2415 4088 Σιὼν
2445 4037 2512 4090 τὸ
2547 4038 2846 4107 Σωτήριον
2869 4042 2977 4096 τοῦ
3019 4044 3295 4112 Ἰσραήλ;
3342 4047 3413 4099 ἐν
3459 4046 3540 4113 τῷ
3571 4049 3846 4120 ἐπιστρέ-

2257 4129 2368 4194 ⁸ξόκιι
2400 4129 2618 4196 Κύριον
2663 4132 2779 4200 τὴν
2823 4137 3243 4203 αἰχμαλωσίαν
3300 4140 3406 4192 τοῦ
3445 4142 3600 4195 λαοῦ
3631 4145 3842 4209 αὑτοῦ,

2266 4221 2698 4290 ἀταλλιάσεται
2724 4225 2940 4288 Ἰακὼϐ,
2959 4227 3055 4281 καί
3070 4229 3545 4297 εὐφρανθήσεται
3575 4235 3838 4304 Ἰσραήλ·

2267 4312 2355 4365 ὅτε
2400 4313 2529 4385 γὰρ,
2574 4315 3064 4390 ἐξομολογούμενος
3107 4324 3202 4376 καὶ
3250 4324 3587 4398 ἐξαγορεύων
3617 4327 3686 4382 τά
3715 4332 3841 4383 ἐαυο

2257 4404 2350 4456 τοῦ
2381 4405 2754 4478 ἁμαρτήματα
2799 4409 2886 4464 διὰ
2918 4411 3016 4480 τῆς
3045 4415 3314 4485 σωτηρίου
3366 4417 3706 4490 θεόφανείας,
3739 4440 3840 4476 κα*

2259 4494 2502 4568 θάρσεως
2535 4499 2724 4569 ἔμελλε
2773 4501 3074 4568 τεύξεσθαι·
3111 4507 3200 4560 ὅτε
3246 4509 3400 4574 ἄθεος
3431 4514 3489 4566 ἐν
3533 4513 3840 4586 ἀνθρώποις

587 4565 786 4620 anima:
837 4567 1041 4622 morbis
1096 4566 1299 4622 mederi
1344 4559 1506 4637 valet,
1558 4573 1739 4627 curari
1774 4584 2044 4645 poterant.
2087 4579 2153 4633 Et

591 4655 701 4678 ι..-
732 4656 791 4678 Δ..
822 4657 956 4678 ,Α-ἑ-
992 4658 1125 4678 ,ΙΞΑιᾼ
1152 4660 1188 4678 -9
1236 4667 1249 4678 ι

2331 4559 2342 4568 .
2483 4559 2497 4562 -
2567 4559 2578 4569 .
2881 4559 2899 4568 -
3432 4559 3481 4566 η
3534 4559 3834 4586 “ﬁrm...

2265 4588 2352 4640 καὶ
2372 4589 2430 4642 ἐν
2453 4592 2621 4664 κακίᾳ.
2671 4593 2896 4659 δυνατὸς
2925 4597 3124 4668 τρόπος
3161 4600 3267 4653 οὐδ’
3311 4601 3485 4667 ἄλλως
3527 4599 3638 4667 οἷός
3678 4623 3736 4659 τε
3769 4602 3836 4678 ἦν

589 4655 703 4712 haec
728 4656 796 4712 de
819 4657 960 4714 serie
986 4658 1133 4713 dicta
1146 4660 1274 4715 sint.

657 4920 894 4979 Observa
957 4942 1118 4996 porro
1176 4930 1314 4987 hanc
1370 4937 1710 5007 prophetiam
1774 4941 1860 5000 bis
1913 4960 1968 4998 in
2012 4945 2152 5002 libro

583 5008 926 5071 Psalmorum
963 5018 1112 5084 ferri,
1169 5020 1223 5076 in
1279 5024 1452 5094 prima
1487 5039 1660 5098 parte,
1718 5036 1928 5102 psalmo
1989 5040 2150 5094 tertio

584 5104 831 5174 decimo;
870 5109 924 5162 in
955 5113 1216 5178 secunda,
1239 5131 1305 5171 eo
1336 5133 1496 5187 quem
1515 5120 1627 5190 jam
1657 5131 1978 5184 tractamus.
2008 5129 2144 5187 Nam

583 5211 615 5250 a
650 5197 918 5270 principio
947 5202 1015 5257 ad
1047 5205 1227 5271 linem,
1259 5207 1451 5265 iisdem
1481 5211 1592 5268 fere
1618 5216 1799 5271 verbis
1830 5218 1978 5288 jacet
2001 5222 2152 5278 deci-

582 5305 705 5345 mus
740 5292 934 5347 tertius
966 5309 1030 5350 ac
1067 5312 1319 5374 praesens
1351 5303 1629 5374 psalmus;
1666 5307 1752 5363 his
1790 5311 1970 5370 verbis
2018 5315 2153 5371 inci-

582 5383 758 5452 piens,
791 5383 938 5439 Dixit
970 5388 1222 5458 insipiens
1249 5392 1303 5446 in
1343 5397 1499 5452 corde
1529 5415 1624 5453 suo
1647 5417 1666 5455 :
1692 5400 1818 5458 Non
1861 5415 1940 5460 est
1970 5407 2148 5475 Deus;

581 5473 666 5530 his
684 5491 811 5531 vero
826 5475 1102 5545 desinens,
1124 5483 1254 5549 Quis
1276 5484 1430 5540 dabit
1442 5505 1502 5541 ea:
1522 5489 1650 5546 Sion
1661 5493 1911 5552 Salutare
1932 5497 2105 5556 Israel

573 5579 698 5618 eum
720 5570 1026 5624 converterit
1056 5570 1313 5630 Dominus
1337 5581 1698 5648 captivitatem
1713 5585 1878 5654 plebis
1891 5606 2022 5662 sum,
2053 5609 2148 5648 ex-

644 5723 694 5756 "
738 5722 883 5784 Psal.
919 5745 1006 5799 LI,
1043 5729 1093 5786 7.
1171 5733 1214 5766 ⁷³
1253 5733 1384 5792 ibid.
1423 5737 1510 5794 10.

2259 4679 2293 4749 ἦ
2327 4680 2414 4734 διὰ
2451 4683 2608 4754 μόνου
2636 4685 2729 4739 τοῦ
2769 4688 3017 4760 Σωτῆρος
3043 4690 3340 4762 θεραπείας
3369 4698 3574 4765 τυχεῖν,
3613 4697 3708 4750 τοῦ
3746 4703 3840 4754 καὶ

2257 4774 2326 4826 τὰ
2355 4775 2549 4830 ἀνίατα
2569 4777 2668 4849 τῆς
2695 4779 2871 4851 ψυχῆς
2903 4783 3048 4854 πάθη
3088 4784 3340 4838 ἰάσασθαι
3366 4787 3683 4858 δυναμένου.
3729 4792 3838 4846 Καὶ

2253 4866 2427 4920 ταῦτα
2463 4870 2558 4940 μὲν
2579 4873 2658 4935 εἰς
2679 4873 2774 4944 τὴν
2799 4877 3116 4933 ἀκολουθίαν
3150 4882 3268 4952 είρή
3279 4881 3407 4936 σθω.

2329 4959 2616 5034 Σημειώσῃ
2639 4964 2718 5028 δέ,
2755 4967 2836 5019 ὄτι
2869 4967 3118 5040 δεύτερον
3143 4972 3243 5041 ἤδη
3269 4974 3301 5042 ἡ
3329 4976 3666 5047 προκειμένη
3701 4994 3834 5049 προο

2259 5050 2454 5119 φητεία
2488 5049 2730 5120 ἔγκειται
2752 5057 2818 5126 τῇ
2851 5055 3018 5129 βίϐλῳ
3049 5061 3158 5115 τῶν
3210 5063 3473 5134 Ψαλμῶν·
3513 5068 3569 5118 ἐν
3603 5066 3700 5136 μὲν
3758 5069 3835 5138 τῷ

2259 5143 2456 5216 πρώτῳ
2483 5147 2638 5218 μέρει
2689 5147 2830 5202 κατά
2867 5148 2956 5202 τὸν
2992 5157 3080 5220 ιγ’,
3124 5154 3181 5206 ἐν
3221 5155 3279 5207 δὲ
3304 5156 3381 5227 τῷ
3409 5156 3646 5230 δευτέρῳ
3692 5163 3832 5216 κατά

2257 5235 2324 5288 τὰ
2347 5237 2696 5307 προκείμενα.
2747 5239 2941 5309 Σχεδὸν
2969 5243 3077 5314 γὰρ
3115 5246 3296 5310 αὐτοῖς
3323 5250 3562 5320 ῥήμασιν
3594 5253 3688 5305 ἀπ’
3734 5254 3832 5325 ἀρσ-

2257 5329 2358 5397 χῆς
2386 5329 2546 5400 μέχρι
2586 5329 2773 5395 τέλους
2804 5334 2896 5386 καὶ
2932 5336 2961 5387 ὁ
2997 5343 3062 5406 ιγ’
3096 5336 3298 5408 ὁμοίως
3323 5340 3436 5411 ἔχει
3469 5341 3546 5412 τῷ
3575 5341 3824 5415 παρόντι.

2254 5418 2554 5489 ἀρχόμενος
2593 5421 2691 5492 μὲν
2716 5423 2823 5476 ἀπὸ
2863 5424 2979 5478 τοῦδ
3033 5425 3221 5482 Εἶπεν
3268 5429 3472 5499 ἄφρων
3512 5433 3585 5486 ἐν
3619 5435 3828 5503 καρδίᾳ

2255 5510 2459 5564 αὐτοῦ·
2496 5514 2619 5566 Οὐκ
2670 5513 2802 5568 ἐστι
2850 5519 3012 5584 Θεός·
3077 5520 3343 5575 τελευτῶν
3394 5522 3449 5577 δὲ
3477 5513 3567 5589 εἰς
3606 5526 3689 5580 τό’
3734 5528 3827 5594 Τίς

2255 5597 2432 5656 δώσει
2462 5600 2529 5656 ἐκ
2564 5601 2717 5659 Σιὼν
2739 5607 2806 5660 τὸ
2841 5609 3142 5682 Σωτήριον
3162 5611 3268 5667 τοῦ
3321 5615 3607 5691 Ἰσραή.1;
3655 5617 3824 5688 ἐν,τῷ
