4100 6442
377 365 482 420 653

1511 352 2014 412 CUSIMENTARIA
2047 353 2113 406 IN
2153 353 2493 410 I’SALMOS.

3519 353 3624 410 656

377 479 732 548 ἐπιστρέψαι
791 477 1010 545 Κύριον
1041 472 1154 542 τὴν
1202 475 1618 546 αἰχμαλωσίαν
1656 472 1764 527 τοῦ
1793 472 1946 526 λαοῦ

2057 469 2270 524 sultabit
2301 470 2468 525 Iacob
2527 480 2578 525 et
2637 468 2906 526 laetabitur
2935 467 3128 525 Israel.
3181 467 3408 526 Modicis
3436 477 3622 525 autem
3649 492 3659 512 ο

375 571 583 633 αὑτοῦ,
609 569 1039 639 ἀγαλλιάσεται
1103 567 1310 634 Ιακὼό,
1351 567 1449 620 καί
1475 564 1948 636 εὐφρανθήσεται

345 660 653 727 ςἸσραήλ.
707 660 966 730 Βραχεῖαι
1029 658 1086 712 δὲ
1135 657 1307 725 λέξεις
1349 657 1446 730 τὴν
1506 660 1563 710 ἐν
1619 657 1948 728 ἀμφοτέροις

371 750 634 822 διαφορὰν
666 748 1009 821 ἐργάζονται.
1056 749 1143 802 Ἐν
1179 749 1276 820 μὲν
1327 747 1436 818 γὰρ
1485 750 1552 819 τῇ
1605 749 1894 819 προγραφῇ
1922 748 1950 799 6

338 858 349 866 '
376 842 476 913 μὲν
509 847 575 910 ιγ’
599 843 687 907 εἰς
710 841 775 894 τὸ
805 843 980 906 τέλος
1021 839 1100 906 τῷ
1137 839 1317 894 Δαυϊδ
1343 840 1576 909 ἐλέγετο·
1615 842 1645 893 6
1673 839 1731 892 δὲ
1759 837 1950 910 παρὼν

371 933 487 1004 ἔχει
513 935 610 1005 μὲν
630 933 728 1005 τὴν
753 933 924 1004 αὐτὴν
957 933 1134 1004 ῥῆσιν,
1172 933 1455 997 πλεονάζει
1474 931 1531 984 δὲ
1563 933 1620 986 ἐν
1647 931 1725 1003 τῷ
1743 929 1946 999 λέγειν,

371 1026 529 1094 ὑπὲρ
552 1025 810 1090 Μαελὲθ,
841 1025 1167 1092 συνέσεως.
1207 1027 1268 1078 '0
1295 1025 1395 1097 μὲν
1439 1023 1692 1087 Ἀκύλας,
1725 1024 1824 1077 ἐπὶ
1851 1043 1950 1094 χο·-

372 1121 526 1188 ρείᾳ,
559 1121 921 1191 ήρμήνευσεψ
957 1120 986 1173 6
1014 1120 1072 1173 δὲ
1111 1119 1428 1192 Σύμμαχος,
1463 1118 1561 1172 διὰ
1607 1117 1812 1188 χοροῦσ
1843 1119 1872 1170 6
1894 1117 1952 1170 δὲ

373 1211 685 1276 Θεοδοτίων,
718 1211 868 1280 ὑπὲρ
897 1211 1007 1280 τῆς
1025 1213 1281 1282 χορείας,
1309 1212 1403 1265 καὶ
1431 1214 1464 1283 ὴ
1491 1211 1714 1283 πεμπτὴ
1742 1209 1953 1275 ἐκδοσις

373 1303 658 1367 ὡσαύτως.
708 1304 1042 1374 ’Λναγκαίως
1082 1305 1138 1358 δὲ
1191 1305 1474 1377 πρόκειται
1516 1305 1597 1368 τὸ,
1621 1305 1949 1370 συνέσεωςο

373 1397 674 1467 ἐπειδήπερ
699 1398 960 1461 συνέσεως
982 1399 1111 1468 ἡμῖν
1136 1396 1214 1449 δεῖ
1234 1397 1366 1468 πρὸς
1394 1398 1451 1450 τὸ
1477 1396 1666 1467 νοῆσαι
1693 1396 1777 1458 τίς
1806 1397 1952 1448 ἐστιν

378 1491 412 1558 ἡ
445 1489 630 1561 χορεία
662 1490 694 1559 ἡ
723 1488 808 1541 διὰ
849 1490 946 1559 τῆς
991 1489 1316 1560 προγραφῆς
1379 1488 1700 1559 δηλουμένη,
1741 1489 1834 1541 καὶ
1869 1487 1953 1552 τίς

374 1583 406 1634 6
435 1582 611 1651 λόγος,
635 1581 754 1635 καθ’
785 1582 842 1634 ὃν
871 1581 1014 1644 ἅπαξ
1071 1579 1455 1652 προλεχθείσης
1480 1581 1578 1649 τῆς
1618 1579 1954 1650 προφητείας

375 1675 519 1728 κατὰ
553 1675 641 1727 τὸν
678 1673 746 1742 ιγ’
777 1672 1027 1742 δεύτερον
1073 1670 1306 1724 ἐνταῦθα
1353 1671 1738 1742 παρείληπται.
1772 1671 1844 1724 Τὸ
1873 1671 1952 1735 δέ,

378 1770 466 1830 εἰς
485 1767 678 1830 τέλος,
705 1768 761 1818 ἐν
779 1764 1104 1836 ἀμφοτέροις
1122 1761 1388 1833 κείμενον,
1417 1763 1744 1832 σημαντικὸν
1772 1762 1836 1816 ἂν
1865 1761 1948 1834 εἴη

2055 563 2237 617 verbis
2270 563 2430 618 ambo
2461 562 2740 619 differunt.
2787 562 2921 618 Nam
2956 564 3009 617 in
3041 563 3200 618 titulo
3239 562 3486 618 decimus
3514 547 3654 619 ter-ﬁ

3648 615 3658 654 ,
3715 622 3719 626 .

2055 655 2166 708 tius
2211 655 2265 708 in
2299 655 2457 723 ﬁnem
2497 653 2666 708 David
2710 655 2895 719 habet,
2946 655 3036 709 hic
3063 669 3194 710 vero
3215 653 3461 709 eamdem
3503 654 3657 724 quiv

2052 745 2176 800 dem
2221 746 2543 800 sententiam
2576 746 2826 816 prmiert;
2875 745 2970 803 sed
3019 745 3135 802 haec
3174 746 3400 816 insuper
3451 737 3660 809 addit,'

2050 852 2146 906 pro
2162 835 2450 905 Malteletb,
2468 839 2848 909 intelligentiae.
2881 839 3098 908 Aquila,
3131 853 3286 907 super
3302 837 3514 903 chorea,
3540 836 3625 890 in-

2054 937 2384 1000 terpretatus
2405 937 2489 986 est
2515 948 2528 997 ;
2563 929 2946 1003 Symmachus,
2977 945 3068 998 per
3101 930 3315 983 chorum
3335 946 3353 994 ;
3377 927 3626 985 Theodo-

2053 1023 2151 1087 tio,
2188 1039 2282 1092 pro
2300 1023 2488 1078 chorea
2508 1063 2523 1086 ,
2546 1033 2600 1079 et
2622 1023 2812 1094 quinta
2847 1024 3017 1080 editio
3049 1024 3320 1081 similiter.
3356 1024 3628 1084 Necessa-

2055 1114 2137 1169 rio
2169 1123 2351 1170 autem
2401 1114 2763 1185 intelligentiae
2824 1114 3059 1182 dicitur;
3093 1116 3221 1186 quia
3268 1115 3627 1187 intelligentia

2054 1205 2215 1262 nobis
2237 1221 2397 1278 opus,
2425 1215 2485 1263 ut
2510 1208 2791 1278 capiamus
2811 1223 2932 1278 qua:
2961 1207 3034 1263 sit
3081 1207 3173 1262 illa
3205 1207 3424 1276 chorea,
3465 1208 3522 1262 in
3551 1207 3625 1261 ti-

2055 1303 2170 1356 tulo
2201 1303 2478 1370 indicata;
2513 1313 2566 1357 et
2595 1317 2702 1373 qua
2730 1301 2798 1356 de
2832 1317 3019 1370 causa,
3070 1301 3235 1357 semel
3267 1302 3476 1373 prolata
3501 1315 3629 1372 pro-

2057 1397 2239 1466 phetia
2285 1398 2340 1450 in
2364 1397 2578 1467 psalmo
2609 1395 2823 1450 decimo
2855 1396 3040 1460 tertio,
3071 1395 3314 1450 secundo
3355 1395 3442 1449 hic
3471 1409 3630 1464 repe-

2055 1497 2220 1544 tatur.
2254 1487 2389 1544 lllud
2423 1498 2623 1551 autem,
2667 1488 2722 1541 in
2757 1488 2934 1556 ﬁnem,
2965 1487 3112 1557 quod
3143 1487 3199 1540 in
3222 1493 3452 1555 utroque
3494 1484 3631 1556 legi-

2055 1588 2165 1643 tur,
2199 1588 2410 1650 tempus
2445 1592 2554 1649 quo
2599 1576 2810 1646 impleri
2848 1575 3048 1631 debent
3105 1590 3226 1646 quae
3268 1575 3322 1628 in
3345 1574 3630 1644 prophetia

2057 1669 2306 1724 feruntur
2336 1667 2746 1740 significaverit.
2803 1666 2942 1734 Quia
2993 1667 3138 1723 enim
3192 1667 3247 1722 iu
3280 1680 3630 1722 consumma-

2055 1765 2205 1818 tione
2231 1763 2439 1826 saaculi,
2473 1761 2724 1816 Salutare
2747 1760 2841 1816 Dei
2867 1760 3011 1832 quod
3042 1761 3096 1814 in
3119 1769 3262 1815 terra
3317 1757 3631 1814 hominibus

377 1858 475 1911 τοῦ
501 1857 690 1928 χρόνου
719 1855 838 1910 καθ’
859 1856 916 1908 ὃν
943 1855 1173 1927 ἧμελλεν
1220 1853 1594 1908 ἀποτελεῖσθαι
1640 1853 1709 1906 τὰ
1742 1872 1951 1925 προφη-

2057 1853 2252 1918 illuxit,
2284 1853 2541 1907 choream
2575 1852 2862 1907 constituit
2913 1867 2978 1907 ex
3007 1850 3261 1906 omnibus
3290 1849 3544 1922 gentibus
3573 1848 3631 1903 in

379 1950 665 2021 τευόμενα.
728 1948 945 2020 Ἐπειδὴ
989 1947 1098 2020 γὰρ
1146 1947 1289 2001 κατὰ
1332 1948 1432 2020 τὴν
1489 1946 1799 2000 συντέλειαν
1855 1947 1949 2000 τοῦ

2057 1945 2294 2001 Ecclesia
2323 1945 2494 2015 ipsius
2525 1953 2931 2016 congregatam,
2962 1943 3031 1998 ad
3058 1944 3292 2016 hymnos
3319 1953 3372 1998 et
3400 1941 3631 2014 gloriam

377 2039 594 2104 αἰῶνος,
617 2039 676 2092 τὸ
700 2041 973 2109 Σωτήριον
1002 2039 1096 2093 τοῦ
1123 2037 1279 2101 Θεοῦ,
1308 2038 1570 2107 ἐπιφανὲν
1599 2039 1711 2100 τοῖς
1741 2038 1831 2090 ἐπὶ
1849 2037 1952 2108 γῆς

2057 2038 2196 2093 Patri
2228 2039 2401 2109 ipsius
2423 2036 2803 2104 referendam;
2829 2037 2954 2107 jure
2981 2037 3048 2091 ad
3075 2037 3202 2091 talis
3228 2036 3442 2091 chorea
3472 2035 3635 2090 intel-

379 2129 710 2203 ἀνθρώποις,
763 2132 978 2202 χορείαν
1039 2131 1401 2201 συνεστήσατο
1449 2131 1547 2202 τὴν
1597 2129 1656 2195 ἐξ
1700 2131 1954 2185 ἁπάντων

377 2221 486 2275 τῶν
515 2221 684 2275 ἐθνῶν
713 2223 770 2274 ἐν
803 2225 867 2293 τῇ
916 2224 1208 2296 Ἐκκλησία
1235 2222 1400 2278 αὐτοῦ
1453 2221 1950 2293 συγκροτουμένην,

379 2316 458 2377 εἰς
481 2313 681 2385 ὕμνους
707 2315 800 2366 καὶ
841 2313 1145 2385 δοξολογίας
1170 2315 1265 2369 τοῦ
1292 2315 1454 2369 αὐτοῦ
1484 2315 1714 2387 Πατρός·
1733 2315 1956 2379 εἰκότως

379 2406 473 2458 ἐπὶ
495 2404 708 2459 σύνεσιν
736 2407 880 2477 ἡμᾶς
902 2406 1106 2477 ταύτης
1135 2408 1232 2479 τῆς
1270 2407 1488 2479 χορείας
1508 2409 1536 2460 6
1563 2406 1718 2475 λόγος
1748 2423 1955 2478 παρορ-

376 2498 480 2568 μᾷ.
504 2498 613 2551 Καὶ
634 2498 737 2570 ὅρα
761 2499 822 2551 τὸ
852 2499 1179 2570 παράδοξονο
1203 2498 1647 2571 προγράφειημὲν
1677 2497 1786 2570 γὰρ
1803 2497 1957 2567 ὑπὲρ

377 2587 491 2657 τῆς
517 2589 837 2663 χορείας-,ἢ
874 2590 1027 2660 ὑπὲρ
1067 2591 1172 2646 τοῦ
1209 2589 1414 2661 χοροῦ,
1441 2591 1729 2660 εἰσάγειδέ
1764 2589 1955 2644 οὐδένα

380 2681 472 2733 ἐπί⁵
505 2681 607 2752 γῆς
635 2682 918 2754 ἄνθρωπον
952 2684 1174 2752 ἀγαθὸν,
1191 2684 1312 2738 οὐδὲ
1340 2683 1594 2737 ποιοῦντα
1614 2683 1954 2755 χρηστότητα

379 2770 484 2836 ἕως
532 2774 668 2838 ἐνὸς,
719 2774 891 2844 λέγων
937 2775 1081 2846 ἐξῆςο
1132 2777 1345 2842 Κύριος
1402 2775 1470 2828 ἐκ
1523 2773 1628 2828 τοῦ
1692 2773 1954 2841 οὐρανοῦ

379 2861 667 2932 διέκυψεν
690 2866 787 2920 ἐπὶ
816 2866 956 2932 τοὺς
977 2866 1143 2933 υἱοὺς
1173 2869 1289 2922 τῶν
1312 2867 1653 2935 ἀνθρώπων,
1679 2867 1782 2922 τοῦ
1806 2866 1953 2921 ἰδεῖν

2049 2131 2328 2202 ligentiam
2356 2145 2457 2186 nos
2483 2146 2663 2187 sermo
2709 2131 2966 2185 concitat.
2993 2128 3058 2183 Et
3087 2131 3210 2184 vide
3241 2129 3398 2192 mihi,
3422 2143 3630 2200 quaso,

2051 2239 2166 2280 rem
2203 2224 2492 2295 permiram
2522 2244 2534 2278 :
2566 2223 2695 2278 dum
2725 2222 2870 2277 enim
2899 2223 3046 2277 hunc
3073 2223 3290 2276 titulum
3342 2222 3494 2287 edit,
3537 2235 3635 2290 pro

2058 2317 2246 2370 chorea
2266 2319 2349 2371 vel
2371 2333 2466 2387 pro
2511 2316 2698 2380 choro,
2751 2315 2962 2370 nullum
3013 2330 3136 2371 esse
3184 2316 3407 2370 interra
3430 2315 3633 2370 bonum

2059 2405 2357 2475 hominem,
2419 2423 2485 2463 ac
2521 2423 2589 2463 ne
2620 2409 2703 2463 vel
2739 2423 2906 2462 unum
2958 2408 3050 2478 qui
3111 2408 3272 2463 faciat
3335 2407 3635 2462 bonitatem

2057 2502 2328 2565 enuntiat.
2353 2502 2542 2558 dicens
2590 2504 2647 2557 in
2693 2503 3049 2573 sequentibus
3080 2519 3092 2554 :
3129 2501 3391 2557 Dominus
3414 2501 3476 2556 de
3507 2501 3637 2556 casio

2057 2594 2325 2663 prospexit
2343 2610 2500 2664 super
2529 2595 2672 2665 ﬁlios
2705 2595 2998 2658 hominum,
3053 2606 3111 2648 ut
3160 2594 3333 2648 videat
3371 2594 3418 2648 si
3447 2601 3524 2647 est
3554 2592 3635 2646 in-

2057 2686 2296 2758 telligens
2330 2698 2423 2742 aut
2457 2689 2725 2759 requirens
2782 2687 2966 2744 Deum.
2999 2688 3191 2743 Omnes
3220 2688 3635 2747 declinaverunt,

2055 2779 2218 2832 simul
2246 2780 2457 2834 inutiles
2485 2780 2616 2849 facti
2644 2789 2804 2844 sunt;
2839 2796 2941 2833 non
2971 2789 3049 2833 est
3083 2781 3173 2850 qui
3222 2780 3389 2848 faciat
3420 2779 3634 2841 bonum,

2056 2886 2159 2922 non
2198 2879 2276 2923 est
2315 2887 2476 2940 usque
2503 2870 2571 2923 ad
2599 2887 2782 2925 unum.

375 2959 434 3010 εἰ
464 2956 593 3010 ἐστι
633 2958 862 3012 συνιὼν
922 2959 1018 3012 καὶ
1072 2957 1330 3027 ἐκζητῶν
1381 2959 1486 3013 τὸν
1536 2960 1700 3014 Θεόν.
1770 2958 1999 3026 Πάντες
2034 2959 2390 3027 ἐξέκλιναν,
2445 2961 2568 3031 ἅμα
2616 2960 3067 3031 ἠχρειὼθησαν,
3114 2963 3225 3015 οὐκ
3274 2960 3406 3014 ἔστι
3451 2957 3634 3015 ποιῶν

373 3051 624 3123 ἀγαθὸν,
672 3053 784 3106 οὐκ
810 3052 982 3108 ἐστιν
1006 3053 1118 3120 ἕως
1134 3053 1292 3119 ἑνός.

451 3167 513 3218 Εἰ
539 3165 597 3218 δὲ
625 3159 718 3218 οὖν
737 3166 958 3220 τοιαῦτα
976 3161 1041 3238 ἦν
1067 3165 1135 3219 τὰ
1185 3167 1242 3219 ἐν
1282 3165 1609 3240 ἀνθρώποις,
1643 3167 1718 3230 ὼς
1753 3166 1954 3240 μηδένα

2132 3167 2190 3223 Si
2216 3167 2400 3239 itaque
2430 3169 2510 3223 sic
2542 3182 2601 3224 se
2630 3183 2718 3224 res
2757 3166 3031 3223 habebant
3073 3168 3212 3238 apud
3251 3168 3502 3225 homines
3525 3210 3538 3232 ,
3578 3181 3634 3226 ut

379 3256 583 3326 ἀγαθὸν
609 3256 957 3328 εὑρίσκεσθαι
985 3259 1041 3310 ἐν
1063 3261 1174 3322 τοῖς
1202 3259 1335 3322 υἱοῖς
1364 3258 1472 3312 τῶν
1488 3257 1808 3330 ἀνθρώπων,
1838 3260 1954 3324 πῶς

379 3349 520 3420 ὑπὲρ
551 3348 647 3419 τῆς
673 3349 891 3419 χορείας
926 3349 998 3402 τὰ
1047 3349 1147 3419 τῆς
1197 3350 1520 3421 προγραφῆς
1579 3349 1830 3418 λέγεσθαι
1862 3367 1956 3422 ση-

384 3440 590 3511 μαίνεις
650 3440 789 3493 Ἀλλ’
848 3443 1010 3510 ἐρεῖς,
1053 3441 1156 3506 ὅτι,
1200 3441 1387 3512 ἐπειδὴ
1435 3442 1634 3504 πάντες
1683 3439 1954 3507 ἐξέκλιναν

379 3535 484 3599 ἕως
505 3536 643 3599 ἐνὸς,
672 3535 1040 3608 διεφθάρησαν
1061 3553 1120 3589 τε
1152 3539 1202 3590 οἰ
1253 3538 1346 3591 ἐπὶ
1371 3538 1473 3609 γῆς
1499 3539 1593 3592 καὶ
1631 3537 1954 3609 ἐϐδελύχθη-

383 3643 482 3680 σαν
504 3629 562 3680 ἐν
594 3626 864 3698 ἁνομίαις,
913 3625 1136 3691 εἰκότως
1189 3629 1218 3681 6
1268 3629 1550 3700 προφήτης
1602 3628 1874 3698 ἐπηύξατο
1899 3631 1956 3682 ἐν

375 3721 490 3783 τοῖς
512 3719 652 3790 μετὰ
691 3718 863 3772 ταῦτα
907 3717 1096 3772 εἰπών·
1129 3719 1225 3786 Τίς
1245 3719 1422 3774 δώσει
1465 3721 1534 3773 ἐκ
1561 3718 1716 3773 Σιὼν
1742 3719 1808 3773 τὸ
1834 3722 1953 3774 Σω-

375 3810 584 3879 τήριον
625 3812 730 3867 τοῦ
774 3811 1048 3880 Ἰσραήλ;
1089 3812 1160 3866 ὲν
1204 3811 1286 3878 τῷ
1323 3811 1678 3882 ἐπιστρέψαι
1738 3813 1958 3880 Κύριον

377 3903 495 3971 τὴν
517 3904 932 3974 αἰχμαλωσίαν
953 3904 1059 3958 τοῦ
1086 3903 1240 3958 λαοῦ
1272 3903 1478 3969 αὑτοῦ,
1527 3902 1958 3974 ἀγαλλιάσεται

392 3993 609 4059 Ἰακὼϐ,
644 3993 744 4049 καὶ
781 3991 1258 4063 εὐφρανθήσεται
1294 3992 1547 4062 Ἰσραήλ.
1606 3995 1818 4049 Συνεῖδε
1849 3997 1957 4066 γὰρ

371 4089 448 4158 τῇ
504 4085 809 4158 προγνώσει
860 4086 955 4141 τοῦ
990 4087 1300 4158 πνεύματος
1353 4088 1448 4142 τοῦ
1492 4088 1853 4161 πῳφητικοῦ,
1881 4089 1954 4153 ὡς

381 4180 490 4249 ἄρα
520 4179 611 4233 διὰ
660 4179 756 4233 τοῦ
786 4180 1059 4251 Σωτηρίου
1111 4179 1342 4251 ἤμελλεν
1384 4183 1418 4253 ἡ
1470 4181 1815 4254 αἰχμαλωσία
1860 4183 1956 4236 τοῦ

384 4265 510 4323 λαοῦ
539 4271 886 4342 ἐπιστρέφειν
941 4271 1034 4324 καὶ
1061 4270 1474 4344 ἐλευθεροῦσθαι
1510 4274 1610 4346 τῆς
1648 4273 1757 4328 τῶν
1795 4273 1956 4327 πολε-

385 4362 522 4432 μίων
573 4363 904 4426 δυναστείας·
939 4360 1014 4420 ὧν
1036 4365 1487 4437 ἐπιτελουμένων,
1516 4367 1549 4437 ἡ
1579 4367 1672 4420 τοῦ
1701 4365 1835 4420 Θεοῦ
1869 4383 1959 4438 χο-

373 4454 504 4526 ρεία
533 4455 813 4510 συνίστατο
832 4457 891 4522 ἐξ
918 4458 1096 4512 αὐτῶν
1116 4458 1338 4512 ἐκείνων
1363 4458 1470 4512 τῶν
1489 4458 1958 4530 ἐλευθερουμένων

380 4545 481 4616 τῆς
527 4548 924 4619 αίχμαλωσίας.
979 4550 1217 4612 Εἰκότως
1267 4545 1358 4603 οὖν
1409 4551 1488 4614 εἰς
1519 4551 1580 4603 τὸ
1628 4549 1779 4614 τέλος
1828 4552 1957 4604 ἀνα-

378 4637 658 4708 πέμπεται
704 4640 772 4694 τὰ
820 4641 1106 4712 λεγόμενα,
1155 4645 1250 4696 καὶ
1284 4643 1437 4710 ὑπὲρ
1476 4642 1742 4706 Μαελὲθ,
1802 4659 1956 4695 τουτ-

381 4731 530 4784 έστιν
562 4731 714 4800 ὑπὲρ
752 4732 861 4799 τῆς
888 4736 1146 4802 χορείας,
1170 4735 1435 4789 λέλεκται·
1463 4736 1594 4788 ὡσεὶ
1623 4735 1954 4808 σαφέστερον

381 4823 708 4893 ήρμήνευτο,
728 4825 865 4896 ὑπὲρ
883 4825 989 4878 τῶν
1017 4826 1601 4900 ἐλευθερωθησομένων
1629 4833 1727 4901 τῆς
1757 4831 1954 4901 αἰχμαι

381 4913 596 4978 λωσίας·
632 4916 816 4988 διόπερ
877 4918 969 4970 καὶ
1023 4920 1101 4981 εἰς
1149 4920 1359 4974 σύνεσιν
1423 4923 1569 4991 ἡμᾶς
1619 4921 1952 4992 ἀναπέμπει.

379 5005 612 5077 Ἐἴρηται
659 5008 748 5072 δὲ,
798 5009 878 5074 τῷ
927 5011 1126 5074 Δαυῒδ,
1189 5016 1222 5083 ἡ
1272 5013 1604 5085 προφητεία,
1647 5015 1737 5067 ὑπ’
1790 5013 1955 5068 αὑτοῦ

381 5098 650 5169 λεχθεῖσα.
681 5102 771 5153 Διὸ
800 5102 954 5174 παρὰ
1009 5108 1120 5169 τοῖς
1176 5107 1376 5170 λοιποῖς
1433 5109 1815 5178 ἐρμηνευταῖς,
1851 5106 1957 5161 τοῦ

380 5191 582 5256 Δαυτδ,
609 5194 1033 5264 ἐπιγέγραπται.
1073 5200 1180 5252 Καὶ
1230 5199 1376 5252 ἐστιν
1399 5200 1574 5253 εἰπεῖν
1619 5200 1694 5263 ὡς
1719 5200 1826 5270 ἄρα
1859 5200 1958 5251 αὐ-

378 5283 470 5345 τὸς
500 5284 528 5335 6
574 5283 755 5347 Δαυῖδ,
806 5290 1091 5359 προφήτας
1147 5290 1226 5342 τό·
1267 5288 1413 5358 Ἐγὼ
1463 5290 1531 5342 δὲ
1581 5291 1723 5344 ὠσεί
1781 5289 1957 5343 ἐλαία

375 5373 759 5443 κατάκαρπος
784 5378 854 5431 ἐν
877 5378 958 5445 τῷ
984 5381 1127 5446 οῑκῳ
1156 5382 1262 5436 τοῦ
1297 5382 1466 5447 Θεοῦ,
1501 5383 1735 5452 ἤλπισα
1765 5382 1864 5437 ἐπὶ
1888 5382 1957 5436 τὸ

371 5467 553 5534 ἕλεος
581 5470 688 5524 τοῦ
716 5473 887 5538 Θεοῦ,
931 5475 1033 5527 οὐκ
1081 5475 1256 5540 ἄλλως
1287 5475 1572 5541 τεύξεσθαι
1633 5476 1727 5530 τοῦ
1773 5475 1957 5540 ἐλέους

378 5558 648 5628 ἠπίστατο
677 5561 710 5632 ἢ
743 5563 833 5617 διὰ
861 5565 955 5619 τοῦ
997 5569 1472 5640 προφητευομένου
1521 5569 1808 5640 σωτηρίου.
1867 5569 1958 5622 Διὸ

378 5655 438 5705 ἐν
468 5653 567 5724 μὲν
593 5655 670 5727 τῷ
697 5664 740 5712 ν’
764 5657 967 5728 ἐλεγενο
1015 5660 1265 5728 Ἀπόδος
1303 5680 1405 5732 μοι
1449 5661 1563 5730 τὴν
1593 5661 1958 5733 ἀγαλλίασιν

454 5811 499 5842 τ’
540 5810 686 5866 Psal.
722 5828 784 5880 ι,
825 5814 909 5868 l6.

411 5960 458 5975 ‘—

1989 4599 2032 4654 ι)

2061 3261 2244 3316 nullus
2274 3260 2330 3314 in
2366 3257 2491 3314 ﬁliis
2529 3257 2812 3312 hominum
2840 3257 3019 3312 bonus
3063 3259 3430 3328 reperiretur,
3467 3276 3636 3330 quare

2059 3369 2158 3424 pro
2190 3352 2388 3407 chorea
2420 3351 2690 3422 psalmum
2726 3348 2835 3404 dici
2868 3349 3153 3418 inscriptio
3186 3352 3490 3420 signiﬁcat?
3532 3350 3636 3408 Ve.

2060 3461 2181 3500 rum
2231 3445 2422 3509 dicas,
2471 3443 2598 3514 quia
2649 3457 2841 3499 omnes
2889 3441 3297 3498 declinaverant
3340 3460 3514 3514 usque
3566 3445 3635 3499 ad

2062 3551 2251 3602 unum,
2286 3551 2351 3590 ac
2375 3533 2618 3604 corrupti
2657 3541 2814 3588 erant
2843 3533 2938 3604 qui
2969 3533 3024 3600 in
3055 3543 3203 3590 terra
3234 3537 3596 3591 versabantur
3617 3577 3635 3601 ,

2056 3637 2112 3683 et
2139 3627 2533 3682 abominabiles
2563 3625 2694 3680 facti
2714 3633 2872 3681 erant
2905 3626 2961 3680 in
2992 3627 3410 3697 iniquitatibus;
3441 3631 3636 3685 merito

2058 3719 2377 3792 prophetam
2407 3720 2461 3774 in
2481 3718 2836 3789 sequentibus
2867 3728 3146 3790 precatum
3181 3719 3266 3776 his
3289 3721 3471 3776 verbis
3490 3737 3633 3787 esse,

2059 3813 2189 3880 Quis
2209 3811 2356 3865 dabit
2394 3825 2459 3865 ea:
2488 3809 2618 3864 Sion
2645 3808 2896 3865 Salutare
2928 3808 3145 3866 Israel?
3171 3827 3289 3864 cum
3329 3814 3636 3868 converterit

2057 3905 2315 3960 Dominus
2341 3904 2697 3973 captivitatem
2745 3902 2908 3972 plebis
2934 3918 3066 3968 cute,
3107 3905 3394 3958 exsultabit
3433 3903 3634 3971 Iacob,

2056 4007 2106 4052 et
2144 3997 2412 4053 lmtabitur
2451 3995 2645 4051 Israel.
2678 3994 2812 4049 Nam
2849 3995 3148 4066 prophetici
3180 3998 3409 4066 spiritus
3451 3999 3635 4054 amatu

2059 4099 2308 4154 noverat,
2339 4104 2435 4160 per
2471 4089 2722 4143 Salutare
2755 4087 2886 4141 illud
2907 4128 2921 4150 ,
2950 4089 3316 4158 captivitatem
3345 4091 3519 4160 plebis
3549 4108 3637 4148 re-

2058 4198 2340 4239 versuram
2372 4189 2426 4236 et
2454 4180 2793 4236 liberandam
2821 4196 2944 4236 esse
2971 4197 3034 4236 ex
3085 4181 3428 4242 inimicorum
3459 4183 3636 4240 domi-

2059 4284 2213 4332 natu.
2245 4274 2455 4341 Quibus
2485 4272 2752 4328 absolutis
2777 4311 2792 4334 ,
2845 4271 2938 4327 Dei
2974 4273 3232 4329 choream
3278 4291 3342 4329 ex
3377 4275 3567 4330 iisdem
3603 4293 3634 4332 a

2060 4369 2373 4440 captivitate
2402 4367 2647 4422 liberatis
2669 4365 3108 4421 constituendam
3135 4382 3278 4423 esse.
3311 4366 3443 4424 Jure
3472 4370 3633 4440 igitur

2059 4462 2173 4516 haec
2189 4461 2335 4516 dicta
2349 4459 2415 4514 ad
2446 4459 2606 4514 linem
2630 4459 2999 4522 remittuntur,
3023 4474 3118 4527 pro
3140 4459 3421 4526 Maheleth,
3441 4461 3495 4516 id
3524 4469 3630 4526 est,

2059 4569 2154 4623 pro
2185 4553 2372 4606 chorea
2424 4550 2569 4604 dicta
2617 4559 2746 4605 sunt
2778 4570 2790 4606 :
2832 4567 2895 4605 ac
2926 4552 2968 4607 si
3001 4552 3204 4607 clarius
3239 4553 3632 4623 explicaretur,

2060 4663 2160 4717 pro
2192 4646 2260 4702 iis
2291 4645 2383 4715 qui
2416 4644 2680 4699 liberandi
2709 4651 2838 4698 sunt
2885 4660 2915 4698 a
2958 4644 3298 4715 captivitate;
3331 4660 3500 4715 quare
3531 4661 3634 4702 nos

2061 4739 2130 4793 ad
2159 4737 2571 4808 intelligentiam
2606 4737 2852 4791 remittit.
2886 4735 3036 4790 Dicta
3074 4744 3252 4790 autem
3276 4746 3360 4791 est
3394 4738 3632 4808 prophe-

2061 4831 2158 4896 tia,
2187 4830 2398 4892 Davidi,
2448 4830 2573 4901 quia
2609 4829 2677 4884 ab
2728 4829 2842 4898 ipso
2879 4828 3078 4884 Davide
3110 4831 3356 4900 prolata;
3393 4845 3635 4902 quapro-

2063 4931 2183 4994 pter
2215 4922 2359 4993 apud
2412 4923 2737 4991 interpretes
2761 4961 2775 4982 .
2821 4920 3039 4975 Davidis
3061 4962 3076 4987 ,
3112 4921 3371 4992 inscripta
3411 4933 3512 4978 est.
3554 4924 3633 4980 Ae

2063 5015 2172 5070 dici
2202 5023 2381 5085 potest
2412 5012 2670 5067 Davidem
2694 5051 2710 5077 ,
2743 5013 2832 5082 qui
2867 5021 2993 5067 ante
3019 5012 3265 5079 dixerat,
3315 5012 3428 5084 Ego
3457 5024 3634 5070 autem

2063 5107 2200 5161 sicut
2229 5107 2368 5160 oliva
2418 5104 2697 5175 fructifera
2730 5105 2782 5158 in
2815 5103 2970 5159 domo
3005 5104 3125 5170 Dei,
3159 5108 3360 5176 speravi
3387 5108 3443 5160 in
3473 5108 3634 5162 mise-

2063 5198 2300 5254 ricordia
2330 5198 2450 5263 Dei,
2486 5199 2622 5253 bene
2651 5197 2869 5253 novisse
2907 5212 2966 5252 se
2997 5212 3107 5253 non
3137 5199 3244 5253 alio
3273 5198 3436 5253 modo
3465 5200 3634 5255 mise-

2061 5293 2356 5348 ricordiam
2401 5297 2828 5352 consecuturum
2858 5305 3013 5356 esse,
3070 5305 3232 5361 quam
3268 5307 3364 5362 per
3395 5293 3634 5348 salutare

2061 5382 2196 5438 illud
2224 5382 2370 5453 quod
2415 5381 2471 5436 in
2517 5380 2776 5436 vaticinio
2823 5379 3117 5436 ferebatur.
3163 5381 3529 5448 Quamobrem
3579 5383 3633 5436 in

2062 5473 2516 5546 quinquagesimo
2544 5472 2793 5528 dicebat:
2829 5471 3004 5527 Redde
3031 5473 3160 5526 mihi
3211 5473 3452 5527 laztitiam
3472 5472 3632 5528 Salu-

2065 5568 2195 5623 taris
2229 5568 2305 5620 tui
2331 5567 2410 5630 7‘;
2453 5566 2508 5620 in
2538 5565 2642 5621 hoe
2672 5574 2874 5628 autem,
2903 5564 3033 5631 Quis
3049 5564 3195 5618 dabit
3223 5579 3287 5618 ea:
3315 5562 3444 5618 Sion
3473 5563 3632 5619 Salu-

2066 5669 2178 5714 tare
2211 5656 2425 5714 Israel?
2453 5655 2699 5728 liogabat
2738 5655 2938 5726 quippe
2965 5669 3255 5710 commune
3286 5655 3487 5709 bonum
3531 5654 3635 5710 sibi
