4100 6442
551 374 659 429 4255
1261 369 1349 426 EU
1356 367 1530 426 SEBll
1561 362 1927 426 CAESARIEN
1935 361 2040 419 SI'S
2076 360 2109 419 Ο

2215 405 2229 418 .
2259 354 2444 416 PARS
2480 352 2658 416 “L—
2682 354 3068 416 EXEGETICA
3540 365 3545 369 '
3710 357 3839 414 456

549 506 772 565 quoque
799 489 1052 563 erogari.
1108 489 1370 546 Decimus
1420 488 1618 544 tertius
1671 487 1833 541 etiam
1877 499 2109 557 magnan

2230 480 2338 535 τοῦ
2376 478 2674 547 Σωτηρίου
2688 494 2824 533 σουο
2858 478 2918 531 ὲν
2946 475 3098 548 seco
3123 471 3459 548 προκειμένῃ
3486 471 3617 540 ’τίς
3632 470 3837 528 δώσει

549 599 679 641 cum
709 583 1054 656 praecedenti,
1089 581 1301 638 scilicet
1321 596 1446 636 cum
1469 579 1815 643 duodecimo,
1848 579 2011 635 habet
2043 579 2109 635 ab

2233 577 2303 630 ἐκ
2330 574 2484 630 Σιὼν
2531 574 2597 628 τὸ
2631 572 2936 642 Σωτήρων
2990 572 3097 627 τοῦ
3138 570 3415 640 Ἰσραήλ;
3466 568 3676 640 Ηύχετο
3703 570 3835 641 γὰρ

553 672 837 736 llnitatem.
873 656 1007 730 Nam
1052 680 1343 746 postquam
1371 673 1585 745 rogavit
1620 673 1760 728 idem
1810 672 1865 727 in
1919 672 2109 729 duode

2232 667 2329 722 καὶ
2357 664 2506 737 αύτῷ
2531 664 2747 737 δοθῆναι
2771 665 2833 719 ’ὡ
2857 664 3035 719 κοινὸν
3053 663 3274 733 ἀγαθόν.
3305 662 3416 717 Καὶ
3444 664 3474 716 ὁ
3498 668 3569 731 ιγ’
3598 661 3658 716 δὲ
3679 660 3836 733 πρὸς

546 768 718 831 cinno,
749 782 814 823 ac
854 765 1012 831 dixit,
1053 764 1360 838 Usquequo,
1413 764 1662 831 Domine,
1694 764 2016 820 obliviscaris
2047 783 2109 820 m4

2232 757 2325 811 τὸν
2349 757 2454 830 πρὸ
2484 754 2675 821 αὐτοῦ,
2697 755 2842 825 λέγω
2863 755 2921 808 δὲ
2947 755 3040 810 τὸν
3064 755 3155 811 ιϐ’.
3182 753 3382 826 πολλὴν
3404 748 3552 826 εἶχεν
3582 753 3831 807 ἀκολουδ

547 860 607 914 in
636 862 837 931 finem?
875 875 1140 930 usquequo
1182 859 1372 913 avertis
1432 858 1621 930 faciem
1669 867 1813 913 tuam
1854 875 1888 913 a
1929 875 2010 914 me
2042 859 2109 891 "‘

2230 850 2374 905 θίαν.
2407 849 2717 921 Εύξάμενος
2743 846 2852 920 γὰρ
2898 849 2959 901 ἐν
2985 845 3064 918 τῷ
3094 846 3184 909 ιδ’,
3210 847 3240 900 ό
3296 844 3461 910 αὐτὸς
3492 846 3589 900 καὶ
3615 844 3830 899 εἰπών’

551 951 879 1023 quibusdam
910 959 1102 1024 postea
1134 949 1357 1015 additis,
1400 951 1475 1005 ita
1522 951 1766 1006 claudit:
1801 949 1911 1021 Ego
1953 959 2109 1005 auten

2233 945 2388 1011 Ἕως
2423 945 2588 1006 πότε,
2622 941 2822 1009 Κύριε,
2859 938 3130 1007 ἐπιλήσῃ
3170 956 3290 1009 μου
3341 940 3431 1004 εὶς
3453 936 3629 1024 τέλος
3653 953 3674 1001 ;
3700 936 3834 1003 ἕως

543 1044 605 1097 in
635 1043 1001 1099 misericordia
1039 1051 1133 1096 tua
1160 1043 1382 1111 spenavi.
1415 1041 1719 1096 Exsultabit
1748 1059 1839 1097 cor
1869 1059 2039 1097 meum
2068 1043 2109 1096 is

2229 1037 2376 1089 πότε
2403 1031 2800 1102 ἀποστρέφεις
2845 1030 2913 1085 τὸ
2971 1031 3296 1101 πρόσωπόν
3328 1042 3445 1084 σου
3488 1022 3591 1084 ἀπ’
3619 1025 3779 1097 ἐμοῦ
3804 1041 3835 1090 ;
3862 1082 3869 1095 ,

550 1136 797 1193 Salutari
839 1147 930 1193 tuo
950 1138 1016 1195 ".
1043 1137 1110 1193 Et
1135 1140 1263 1210 quia
1293 1138 1348 1192 in
1376 1137 1700 1193 duodecimo
1712 1136 1965 1193 Salutare
1990 1138 2109 1194 illud

2230 1127 2327 1181 καὶ
2358 1125 2426 1180 τὰ
2484 1124 2696 1190 τούτοις
2728 1123 2858 1195 ἑξῆς
2888 1122 3163 1192 συνάψας,
3231 1120 3491 1189 ἐπιλέγει·
3537 1116 3693 1188 Ἐγὼ
3742 1114 3833 1170 δὲ

546 1230 889 1297 memoravit,
905 1232 962 1287 in
991 1231 1206 1288 decimo
1230 1230 1390 1286 tertio
1420 1240 1819 1303 consequenter
1837 1213 1953 1286 ait:
1991 1232 2109 1299 Qui:

2228 1215 2326 1269 ἐπὶ
2355 1214 2437 1282 τῷ
2457 1214 2615 1270 ἐλέει
2650 1228 2769 1269 σου
2803 1213 3057 1284 ἤλπισα.
3096 1211 3551 1283 Ἀγαλλιάσεται
3587 1211 3627 1278 ἡ
3666 1225 3832 1278 καρδ-

541 1322 697 1379 dabit
716 1339 782 1380 ea:
802 1322 933 1380 Sion
964 1322 1213 1379 Salutare
1249 1323 1463 1379 lsrael?

2228 1308 2332 1362 δία
2352 1325 2472 1379 μου
2500 1308 2599 1362 ἐπὶ
2621 1308 2702 1374 τῷ
2733 1308 3007 1376 Σωτηρίῳ
3024 1322 3160 1362 σου.
3192 1305 3302 1361 Καὶ
3322 1304 3617 1377 ἐπειδήπερ
3642 1304 3831 1374 ἐμνηο

542 1417 778 1490 μόνευσε
810 1418 905 1474 τοῦ
944 1420 1218 1492 ἃυτηρίου
1245 1419 1308 1474 εν
1338 1418 1418 1490 τῷ
1442 1418 1529 1485 ιϐ’,
1583 1420 1646 1474 ὲν
1693 1420 1768 1492 τῷ
1795 1428 1862 1490 ιγ’
1892 1422 2201 1491 ἀκολούθως
2237 1425 2370 1498 φησί
2388 1443 2401 1456 ·
2461 1426 2557 1494 Τίς
2614 1425 2795 1481 δώσει
2852 1426 2923 1481 ἐκ
2984 1424 3141 1480 Σιὼν
3205 1423 3275 1480 τὸ
3339 1421 3639 1492 Σωτήρων
3702 1418 3831 1475 τοῦ

548 1512 797 1581 ’Ἰσραήλ
815 1531 837 1581 ;

614 1529 642 1569 r
756 1519 837 1581 .1;

614 1515 910 1681 litigi-iptio
941 1608 1147 1680 itaque,
1178 1623 1301 1680 quae
1348 1607 1519 1663 multa
1552 1615 1674 1680 eget
1724 1608 2109 1681 intelligentia,

2230 1664 2235 1670 ,
2308 1610 2371 1665 Ἦ
2412 1607 2514 1682 μὲν
2535 1604 2628 1664 οὖν
2654 1608 2973 1682 προγραφὴ,
3004 1606 3204 1678 πολλῆς
3253 1607 3519 1671 συνέσεως
3553 1606 3825 1679 δεομένη⁹

538 1714 647 1770 pro
689 1699 888 1754 chorea
929 1698 1213 1755 dicebatur
1258 1713 1360 1769 per
1390 1695 1642 1772 Salutare
1699 1699 1753 1755 in
1805 1700 2109 1757 hominibus

2229 1700 2370 1774 ὑπὲρ
2398 1701 2495 1773 τῆς
2533 1700 2750 1774 χορείας
2789 1700 3025 1770 ἐλέγετο,
3081 1697 3183 1771 τῆς
3237 1697 3536 1770 μελλούσης
3593 1698 3684 1753 διὰ
3715 1698 3825 1752 τοῦ

542 1791 951 1857 constituenda,
980 1806 1045 1847 ac
1075 1799 1200 1863 post
1229 1788 1534 1848 Salvatoris
1562 1794 1739 1849 nostri
1759 1792 1889 1849 Jesu
1920 1793 2106 1851 Christ

2226 1792 2503 1865 Σωτηρίου
2534 1792 2883 1847 συνίστασθαι
2917 1794 2975 1846 ὲν
3024 1789 3351 1864 ἀνθρὼποις’
3388 1791 3511 1862 ἥτις
3540 1790 3692 1864 ἔργῳ
3714 1792 3826 1846 ἐπ-

536 1883 838 1940 adventum
884 1898 1050 1955 opere
1093 1883 1365 1954 perlecta";
1418 1899 1516 1955 per
1567 1900 1731 1955 quem
1780 1884 1836 1940 in
1868 1888 2109 1942 universi

2225 1883 2482 1955 ετελέσθη
2518 1886 2659 1955 μετὰ
2705 1885 2805 1955 τὴν
2855 1884 3173 1953 ἐπιφάνειαν
3211 1882 3307 1937 τοῦ
3345 1881 3596 1955 Σωτῆρος
3649 1883 3823 1954 ἡμῶν

540 1976 678 2032 orbe
710 1991 817 2030 una
840 1975 1089 2032 constitit
1121 1975 1232 2032 Deo
1253 1976 1476 2041 chorea,
1494 1977 1672 2047 qualis
1693 1975 1810 2031 visa
1841 1993 2109 2051 nunquam

2237 1976 2412 2050 Ἰησοῦ
2449 1977 2707 2051 Χριστοῦ·
2735 1975 2804 2031 δι’
2833 1972 2893 2034 οὗ
2910 1977 3030 2031 καθ’
3058 1976 3187 2047 ὅλης
3214 1976 3312 2048 τῆς
3348 1975 3675 2049 οἰκουμένης
3711 1977 3821 2048 μία

542 2067 745 2134 fuerat,
777 2068 988 2125 scilicet
1013 2068 1288 2125 catholica
1312 2067 1556 2125 Ecclesia
1584 2068 1699 2135 Dei,
1726 2085 1891 2141 supra
1916 2070 2123 2125 ﬁrmam

542 2160 988 2233 immobilemque
1005 2160 1265 2217 salutaris
1295 2162 1444 2217 verbi
1476 2171 1686 2233 petram
1714 2160 2125 2229 fundata-Qua:

538 2258 727 2306 autem
756 2251 915 2307 initio
957 2251 1257 2322 prophetiae
1288 2253 1584 2317 dicuntur,
1640 2253 1886 2308 omnium
1937 2255 2031 2324 qui
2066 2253 2122 2307 in

538 2349 690 2397 terra
742 2351 871 2399 sunt
904 2343 1188 2399 hominum
1221 2345 1383 2414 quasi
1433 2345 1778 2417 naufragium
1829 2345 2119 2400 inducunt.

538 2430 679 2489 Nam
709 2434 826 2490 ait:
871 2434 1025 2490 Dixit
1076 2436 1330 2505 insipiens
1378 2437 1434 2491 in
1483 2438 1639 2493 corde
1679 2455 1776 2492 suo
1803 2454 1822 2493 :
1874 2437 2000 2492 Non
2040 2447 2118 2493 est

540 2524 706 2583 Deus.
738 2526 989 2599 Corrupti
1040 2539 1167 2585 sunt
1219 2539 1269 2585 et
1312 2530 1694 2587 abominabiles
1742 2532 1874 2601 facti
1908 2541 2030 2586 sunt
2064 2533 2119 2587 in

537 2619 818 2690 iniquitate
847 2635 867 2673 :
898 2635 1003 2674 non
1044 2629 1122 2674 est
1154 2620 1246 2687 qui
1283 2619 1447 2688 faciat
1498 2620 1712 2677 bonum.
1756 2620 1955 2676 Eadem
1988 2637 2121 2678 vero

540 2711 600 2767 in
632 2726 731 2766 xm
790 2710 1102 2778 habentur,
1141 2712 1378 2768 maxime
1430 2713 1730 2768 secundum
1792 2712 2117 2771 Hebraicam

538 2803 821 2875 linguam,
863 2803 921 2858 in
957 2818 1067 2874 qua
1111 2803 1302 2860 eadem
1354 2805 1542 2868 verba,
1579 2806 1782 2861 eaedem
1835 2806 2027 2863 littera:
2061 2809 2117 2863 in

536 2894 808 2952 ambobus
843 2895 1070 2966 psalmis
1097 2894 1379 2962 feruntur;
1411 2899 1511 2953 etsi
1564 2898 1618 2953 in
1646 2899 1897 2954 versione
1928 2909 2118 2956 nostra

534 2984 804 3058 quasdam
831 2986 1079 3043 diversas
1106 3003 1269 3044 voces
1318 2989 1574 3059 praeferre
1619 2990 1924 3048 videantur.
1980 2991 2117 3048 Nam

535 3093 636 3150 pro
664 3079 790 3146 illo,
825 3077 1077 3148 Corrupti
1106 3087 1229 3134 sunt
1256 3090 1305 3134 et
1341 3079 1725 3137 abominabiles
1744 3082 1876 3151 facti
1904 3092 2028 3137 sunt
2058 3083 2117 3138 in

2227 2069 2460 2143 συνέστη
2518 2069 2595 2142 τῷ
2632 2071 2750 2143 Θεῴ
2790 2072 3002 2145 χορεία,
3034 2070 3123 2124 οἶα
3171 2067 3534 2132 οὐδεπώποτε,
3585 2071 3620 2140 ὴ
3674 2069 3819 2123 καΘο

2225 2162 2384 2236 ολικὴ
2408 2160 2505 2215 τοῦ
2533 2161 2669 2217 Θεοῦ
2712 2162 3011 2234 Ἐκκλησία
3034 2158 3129 2215 ἐπὶ
3166 2160 3264 2233 τὴν
3294 2160 3509 2232 ἀρραγῆ
3532 2160 3628 2213 καὶ
3648 2159 3778 2215 ἇσει
3804 2195 3819 2204 ο

2225 2269 2350 2307 στον
2381 2252 2588 2326 πέτραν
2620 2252 2716 2307 τοῦ
2745 2252 3014 2325 σωτηρίου
3045 2251 3204 2320 λόγου
3233 2250 3695 2323 τεθεμελιωμένη.
3723 2251 3815 2305 Τὰ

2221 2344 2279 2399 δὲ
2306 2346 2364 2398 ὲν
2389 2346 2532 2418 ἀρχῇ
2578 2345 2678 2417 τῆς
2726 2344 3061 2417 προφητείας
3097 2342 3368 2415 λεγόμενα
3398 2343 3653 2398 ἁπάντων
3694 2343 3813 2396 τῶν

2221 2437 2315 2490 ἐπὶ
2350 2436 2454 2508 γῆς
2488 2434 2792 2509 ἀνθρώπων
2820 2434 3011 2508 ὥσπερ
3039 2453 3091 2490 τι
3121 2434 3378 2504 ναυάγιον
3407 2435 3636 2504 εἰσάγει.
3664 2431 3810 2490 Eius

2219 2529 2349 2601 γάρ’
2382 2528 2582 2598 Φησὶν
2607 2527 2811 2598 ἄφρων
2859 2528 2931 2582 ἐν
2982 2526 3200 2597 καρδίᾳ
3228 2527 3436 2583 αὐτοῦ’
3495 2530 3617 2582 Οὐκ
3666 2528 3806 2582 ἐστι

2221 2620 2386 2687 Θεός.
2411 2618 2828 2690 Διεεοθάρησαν
2849 2618 2949 2672 καὶ
2979 2617 3436 2687 ἐϐδελύχθησαν
3463 2615 3534 2671 ἐν
3558 2617 3805 2686 (impigr

2218 2713 2331 2767 οὐκ
2355 2710 2489 2765 ἔστι
2526 2708 2713 2764 ποιῶν
2768 2708 3012 2780 ἀγαθόν.
3046 2708 3129 2763 Τὰ
3162 2708 3302 2764 αὐτὰ
3322 2706 3379 2762 δὲ
3400 2709 3496 2763 καὶ
3528 2710 3587 2761 ἂν
3623 2707 3704 2779 τῷ
3732 2713 3804 2776 ιγ

2219 2800 2494 2875 ἐδηλοῦτο,
2525 2800 2761 2873 μάλιστα
2785 2800 2929 2856 κατὰ
2967 2800 3067 2872 τὴν
3115 2799 3408 2874 Ἐδραῖκὴν
3429 2799 3706 2870 γλῶσσαν,
3742 2802 3805 2853 ὲν

2218 2889 2254 2970 ᾖ
2288 2896 2343 2949 αἱ
2369 2895 2532 2951 αύταὶ
2557 2894 2731 2962 λέξεις
2756 2895 3089 2968 ὲμφέρονται
3145 2894 3240 2950 καὶ
3281 2895 3349 2949 τὰ
3377 2895 3517 2948 αὐτὰ
3559 2898 3803 2965 στοιχεῖα

2217 2990 2275 3042 ὲν
2309 2987 2671 3059 ἀμφοτέροις·
2713 2989 2762 3041 εί
2800 2988 2895 3042 καὶ
2921 2986 3155 3058 μάλιστα
3180 2988 3278 3058 τῆς
3298 2987 3428 3056 παρ’
3465 2988 3599 3058 ἡμῖν
3632 2986 3807 3059 iam}.

2215 3080 2386 3144 νείας,
2442 3078 2617 3145 λέξεις
2651 3079 2804 3144 τινὰς
2843 3078 3251 3151 ἐνηλλαγμένας
3301 3079 3579 3151 περιέχειν
3628 3080 3796 3135 δοκεῖ.

534 3171 852 3244 iniquitate;
893 3171 1140 3227 decimus
1179 3174 1401 3238 tertius,
1453 3173 1705 3244 Corrupti
1750 3187 1874 3230 sunt
1914 3185 1967 3230 et
2021 3175 2109 3231 ab-

2228 3171 2375 3225 ’Δντὶ
2410 3170 2520 3243 γὰρ
2545 3169 2661 3234 τοῦ,
2709 3166 3055 3240 Διέφθειραν
3092 3170 3192 3225 καὶ
3228 3160 3687 3240 ὲϐὃελύχθησαν
3728 3172 3803 3224 ἐγ

531 3262 848 3319 ominabiles
885 3263 1019 3333 facti
1058 3272 1182 3319 sunt
1221 3264 1497 3320 in‘studiis
1529 3266 1578 3298 ⁷⁸
1608 3284 1619 3321 ;
1651 3282 1719 3321 ac
1762 3283 1982 3323 rursum
2017 3283 2115 3338 pro

535 3356 659 3418 illo,
704 3353 827 3409 Non
846 3355 1036 3425 estqui
1065 3354 1230 3420 faciat
1257 3354 1470 3420 bonum,
1498 3357 1660 3413 habet
1692 3358 1783 3414 ille
1804 3397 1821 3422 ,
1876 3356 1999 3413 Non
2039 3369 2117 3414 est

530 3447 624 3518 qui
657 3446 823 3515 faciat
850 3446 1138 3501 bonitatem
1162 3447 1208 3479 ⁷⁸
1234 3465 1248 3502 :
1286 3462 1411 3501 nam
1442 3447 1733 3505 diversitas
1764 3449 1908 3519 apud
1940 3450 2107 3506 inter-

534 3544 719 3610 pretes
765 3537 941 3593 solum
987 3536 1179 3593 fertur.
1204 3535 1301 3593 His
1343 3554 1510 3610 porro
1552 3541 1897 3612 signiﬁcatur
1926 3546 2113 3616 lapsas

533 3644 767 3701 prorsus
792 3626 963 3683 fuisse
988 3641 1310 3686 communes
1349 3629 1420 3686 de
1447 3629 1557 3687 Deo
1585 3633 1975 3704 cogitationes;
2025 3646 2113 3691 at-

530 3736 643 3791 que
668 3721 887 3791 impiam
918 3720 1389 3793 irreligiosamque
1412 3724 1659 3779 omnium
1680 3726 1959 3782 hominum
1986 3744 2114 3786 sen-

533 3813 763 3870 tentiam
792 3822 918 3870 ante
936 3813 1237 3873 Salvatoris
1248 3816 1433 3873 nostri
1462 3816 1756 3873 adventum
1781 3821 2106 3879 obtinuisse.

529 3904 672 3961 Nam
733 3919 859 3961 cum
926 3905 1069 3962 Deus
1125 3906 1182 3961 in
1240 3907 1627 3965 communibus
1687 3911 2111 3980 cogitationibus

532 3998 679 4054 bona
710 3998 1035 4070 cognitionis
1065 4013 1179 4055 suae
1226 4000 1434 4056 semina
1458 4000 1654 4071 jecerit
1683 4046 1698 4070 ,
1748 4020 2021 4075 quemque
2053 4007 2109 4061 in

532 4090 847 4146 hominibus
882 4090 1229 4161 insipientem
1269 4099 1422 4146 tanta
1474 4093 1762 4151 subversio
1805 4110 2111 4168 occupave-

532 4193 639 4251 rat,
669 4190 730 4238 ut
762 4182 985 4253 impiam
1024 4185 1351 4240 sententiam
1394 4186 1451 4241 in
1481 4197 1663 4244 mente
1695 4203 1795 4243 sua
1830 4198 2106 4257 servaret,

531 4291 597 4331 ac
629 4275 841 4331 nullum
883 4289 1028 4341 esse,
1069 4291 1171 4332 nec
1200 4277 1258 4334 in
1305 4280 1563 4336 universo
1597 4282 1881 4338 exstitisse
1908 4282 2104 4349 Deum,

528 4370 817 4440 cogitaret.
856 4369 925 4426 Et
952 4371 1044 4426 hic
1076 4387 1210 4427 sane
1240 4386 1367 4427 vere
1397 4374 1592 4429 atheus
1630 4383 1686 4429 et
1716 4389 1943 4444 prorsus
1971 4376 2107 4432 uisi-

528 4461 687 4533 piens
722 4470 864 4529 erat,
894 4463 990 4535 qui
1024 4480 1204 4537 neque
1230 4466 1627 4537 providentiam
1660 4468 1846 4522 omnia
1892 4470 2133 4540 prospi-'

2216 3265 2454 3334 ἀνομίᾳ,
2481 3264 2510 3317 ὁ
2538 3270 2626 3333 ιγ’,
2651 3262 3072 3334 Διεςοθάρησαν
3109 3264 3205 3317 καὶ
3235 3260 3693 3334 ἑϐδελύχθησαν
3727 3264 3803 3317 ἐν

2215 3355 2665 3424 ἐπιτηδεύμασι·
2693 3357 2787 3417 καὶ
2812 3355 2973 3409 πάλιν
3004 3356 3124 3409 ἀντὶ
3150 3354 3266 3420 τοῦ,
3299 3357 3422 3410 Οὐκ
3451 3356 3582 3411 ἐστι
3610 3354 3801 3409 ποιῶν

2214 3447 2459 3517 ἀγαθὸν,
2498 3449 2619 3501 οὐκ
2648 3447 2781 3501 ἐστι
2832 3445 3021 3501 ποιῶν
3075 3447 3478 3517 χρηστότητα,
3526 3446 3794 3520 περιέχειο

2215 3537 2369 3609 παρὰ
2397 3537 2506 3608 γὰρ
2542 3538 2669 3602 τοὺς
2696 3537 3142 3610 ἑρμηνεύσαντας
3173 3540 3207 3610 η
3237 3538 3501 3610 ὲναλλαγὴ
3541 3539 3791 3610 φέρεται.

2214 3627 2475 3699 Σημαίνει
2506 3628 2563 3681 δὲ
2590 3628 2678 3683 διὰ
2728 3628 2931 3682 τούτων
2957 3630 2986 3682 ὁ
3012 3627 3169 3697 λόγος
3214 3628 3312 3701 τὴν
3351 3628 3625 3683 ἔκπτωσιν
3685 3629 3797 3683 τῶν

2214 3719 2409 3774 κοινῶν
2458 3721 2587 3793 περὶ
2632 3720 2768 3774 θεοῦ
2806 3719 3024 3775 ἐννοιῶν
3043 3762 3058 3786 ,
3124 3721 3219 3773 καὶ
3267 3718 3360 3775 τὸν
3407 3720 3641 3792 δυσσεϐῆ
3696 3721 3794 3775 καὶ

2214 3811 2372 3866 ἄθεον
2389 3812 2648 3884 λογισμὸν
2690 3813 2791 3884 τῆς
2822 3812 3243 3884 ἁνθρωπότητος
3273 3811 3492 3882 ἁπάσης
3532 3812 3639 3885 πρὸ
3690 3814 3793 3885 τῆς

2210 3904 2307 3958 τοῦ
2331 3906 2579 3979 Σωτῆρος
2608 3905 2767 3977 ἡμῶν
2799 3906 3121 3975 ἐπιφανείας
3153 3906 3618 3978 ἐπικρατήσαντα.
3681 3905 3791 3958 Τοῦ

2210 3995 2319 4069 γὰρ
2344 3995 2480 4050 Θεοῦ
2514 3999 2635 4061 ταῖς
2674 3999 2879 4061 κοιναῖς
2907 3997 3134 4061 ἐννοίαις
3166 3995 3348 4066 ἀγαθὰ
3372 3997 3661 4067 σπέρματα
3688 3995 3793 4067 τῆς

2211 4091 2341 4162 περὶ
2387 4089 2552 4144 αὑτοῦ
2590 4090 2846 4159 γνώσεως
2893 4088 3389 4161 καταϐαλλομένου,
3428 4088 3666 4160 τοσαύτη
3706 4106 3791 4154 τις

2209 4186 2474 4257 κατέσχεν
2491 4184 2789 4257 διαστροφὴ
2812 4184 2989 4239 πάντα
3020 4183 3113 4237 τὸν
3147 4185 3206 4237 ὲν
3227 4181 3535 4257 ἀνθρώποις
3555 4183 3785 4254 ἄφρονα,

2208 4278 2462 4345 ὡςδόξαν
2502 4276 2662 4332 ἄθεον
2711 4278 2770 4332 ὲν
2792 4275 2871 4348 τῷ
2901 4274 3095 4330 ἑαυτοῦ
3160 4274 3407 4347 λογισμῷ
3458 4273 3785 4347 κτήσασθαι,

2207 4372 2303 4427 καὶ¹
2330 4373 2413 4426 ὅτι
2451 4371 2637 4444 μηδείς
2668 4372 2784 4424 ἐστι
2821 4368 2956 4442 μηδὲ
2998 4367 3300 4438 ὑφέστηκεν
3336 4369 3397 4421 ὲν
3423 4366 3502 4439 τῷ
3556 4367 3721 4422 παντὶ
3757 4368 3787 4422 ό

2206 4466 2338 4531 θεὸς
2356 4463 2722 4537 διανοηθῆναι.
2772 4458 2943 4527 Οὗτος
2999 4461 3096 4534 μὲν
3124 4455 3219 4515 οὖν
3265 4460 3482 4532 ἀληθῶς
3512 4459 3673 4525 eoeo;
3696 4474 3786 4525 τις

525 4555 787 4624 cientem,
815 4571 994 4629 neque
1029 4569 1264 4615 mentem
1294 4559 1443 4614 illam
1482 4528 1907 4625 universalem;
1926 4528 2105 4632 neq-ue

2210 4548 2275 4629 ἦν
2302 4528 2398 4611 καὶ
2447 4528 2724 4620 παντελῶς
2776 4528 3012 4628 ἄφρων,⁷
3044 4551 3177 4607 οὕτε
3210 4528 3467 4626 πρόνοιαν
3507 4552 3576 4607 τὰ
3606 4553 3785 4607 πάντα

525 4644 892 4703 substantiam
927 4646 1113 4703 omnia
1144 4658 1563 4719 exsuperantem
1598 4651 1954 4721 omniumque
1984 4652 2104 4722 opi-

526 4737 724 4802 ﬁcem,
765 4737 1035 4795 exsistere
1081 4738 1355 4796 deﬁniret.
1409 4738 1626 4810 Reliqui
1674 4754 1803 4795 vero
1848 4740 2102 4798 homines

525 4827 823 4885 multorum
841 4830 1128 4885 numinum
1145 4831 1319 4887 errori
1350 4847 1449 4902 per
1467 4831 1770 4888 idololatria
1779 4849 1827 4887 ιιι
1847 4849 1969 4890 sese
1987 4842 2103 4889 tras

521 4919 741 4986 dentes,
772 4921 880 4976 alio
904 4920 1233 4992 insipientia;
1256 4922 1421 4977 modo
1449 4923 1502 4978 in
1532 4925 1735 4980 nullius
1764 4923 1860 4982 Dei
1892 4927 2099 4981 cultum

525 5011 764 5082 prolapsi
795 5018 958 5068 sunt:
991 5012 1083 5083 qui
1122 5013 1285 5068 etiam
1333 5028 1525 5084 sparsa
1564 5015 1654 5069 illa
1694 5016 1748 5069 in
1798 5032 1857 5072 se
1886 5017 1955 5072 de
1995 5016 2103 5071 Deo

522 5116 657 5158 sana
689 5104 897 5158 semina
925 5104 1308 5159 exstinxerunt
1331 5144 1348 5168 ,
1389 5120 1453 5159 ac
1487 5114 1824 5160 mortuorum
1873 5108 2097 5163 simula-

517 5211 744 5251 urorum
796 5196 1190 5251 abominationi
1239 5212 1300 5252 se
1344 5195 1691 5261 dediderunt,
1721 5214 1842 5269 qua:
1890 5198 2097 5255 nullius

518 5288 683 5359 pretii
701 5295 756 5343 et
778 5302 905 5343 vere
933 5288 1267 5344 exsecranda
1287 5299 1469 5353 erant,
1501 5291 1763 5346 colentes.
1796 5290 1977 5357 Quare
2006 5290 2096 5345 di-

512 5393 669 5437 ctum
705 5389 830 5437 est:
862 5381 1111 5450 Corrupti
1148 5393 1337 5437 suntet
1366 5384 1748 5438 abominabiles
1798 5385 1931 5453 facti
1971 5394 2094 5438 sunt

512 5477 567 5530 in
605 5475 899 5545 iniquitate.
955 5473 1111 5540 Quod
1158 5475 1361 5531 clarius
1408 5476 1797 5546 interpretatus
1843 5475 2092 5548 Symma-

512 5568 651 5622 chus
684 5573 771 5622 est
802 5565 888 5619 his
916 5565 1135 5631 verbis,
1169 5564 1419 5636 Corrupti
1457 5579 1576 5621 sunt
1618 5577 1669 5622 et
1710 5566 2095 5622 abominatioui

513 5660 829 5714 studuerunt
845 5657 1267 5728 cuminiquitate.
1286 5659 1691 5715 Abominationi
1715 5674 1951 5731 namque
1977 5668 2096 5716 stu-

2203 4647 2512 4721 ὲφορῶσαν,
2546 4645 2673 4701 οὔτε
2694 4644 2819 4701 νοῦν
2836 4645 2931 4700 τὸν
2953 4643 3206 4709 καθόλου,
3225 4643 3351 4698 οὕτε
3406 4643 3504 4716 τὴν
3528 4644 3784 4699 ἐπέκεινα

2204 4738 2314 4793 τῶν
2343 4738 2480 4793 ὅλων
2500 4737 2690 4793 ούσίαν
2742 4736 2840 4810 τὴν
2866 4735 3122 4791 ἁπάντων
3144 4734 3453 4807 ποιητικὴν,
3489 4734 3782 4804 ὑφεστάναι

2202 4834 2539 4907 ὁριζόμενος·
2593 4833 2644 4887 oi
2685 4831 2744 4885 δὲ
2796 4829 2975 4886 λοιποὶ
3015 4829 3124 4884 τῶν
3163 4828 3487 4902 ἀνθρώπων,
3536 4828 3783 4901 πολυθέῳ

2206 4926 2383 4999 πλάνῃ
2412 4928 2477 4998 τῇ
2511 4924 2652 4980 κατὰ
2675 4925 2774 4997 τὴν
2795 4921 3235 4996 εἰδωλολατρείαν
3264 4922 3491 4986 ἑαυτοὺς
3514 4921 3779 4986 ἐκδόντες,

2205 5018 2377 5090 ἑτέρῳ
2403 5014 2713 5090 ἀφροσύνης
2757 5015 2941 5087 τρόπῳ
2973 5016 3051 5078 εἰς
3099 5012 3367 5085 ἀθεότητα
3404 5011 3778 5066 πεπτώκασιν

2201 5111 2250 5164 οἳ
2281 5112 2375 5165 καὶ
2401 5110 2553 5165 αὐτοὶ
2587 5108 2899 5179 διέφθειραν
2930 5106 2998 5160 τὰ
3026 5105 3300 5176 σπαρέντα
3352 5106 3410 5159 ὲν
3448 5105 3632 5167 αὐτοῖς
3652 5104 3778 5175 ύγιῆ

2200 5201 2329 5273 περὶ
2353 5198 2487 5253 Θεοῦ
2522 5199 2833 5271 σπέρματα,
2863 5195 2959 5250 καὶ
3013 5197 3079 5266 τῇ
3133 5194 3241 5248 τῶν
3277 5193 3488 5267 νεκρῶν
3545 5193 3779 5249 εἰδώλων

2203 5290 2456 5364 βδελυρία
2474 5292 2700 5355 ἑαυτοὺς
2746 5288 3216 5363 παραδεδώκασιν,
3249 5288 3420 5359 ἄτιμα
3447 5287 3542 5341 καὶ
3563 5287 3777 5360 ἀληθῶς

2199 5381 2543 5453 βδελύγματα
2585 5381 2961 5445 σεϐασθέντες.
3016 5379 3108 5433 Διὸ
3158 5381 3389 5452 εἴρηται·
3434 5378 3777 5449 Διέφθειραν

2195 5477 2293 5531 καὶ
2323 5474 2778 5544 ἐΰδελύχθησαν
2827 5473 2898 5526 ἐν
2957 5472 3193 5542 ἀνομίᾳ·
3255 5469 3284 5523 ό
3334 5469 3398 5542 δὴ
3446 5470 3775 5542 σαφέστερον

2197 5567 2542 5637 ἡρμήνευσεν
2597 5566 2624 5619 b
2660 5565 2954 5636 Σύμμαχος
2994 5561 3180 5616 εἰπών·
3218 5559 3634 5630 Διεςοθάρησαν
3674 5562 3771 5615 καὶ

2191 5659 2529 5730 ,ϐδελιφιαν
2563 5657 2979 5726 ἐπετήδευσαν
3016 5654 3168 5726 μετὰ
3214 5653 3467 5720 ἀδικίας.
3541 5653 3772 5731 Ἐπετηε

584 5816 632 5847 ⁷⁸
672 5813 815 5872 Psal.
848 5830 959 5886 xli,
994 5816 1047 5873 1.
1121 5816 1168 5849 ⁷⁵
1206 5815 1336 5872 ibid.
1372 5814 1426 5871 6.
1504 5816 1551 5849 τ’
1590 5814 1735 5871 Psal.
1772 5830 1902 5883 xui,
1944 5814 1993 5871 l.
2072 5815 2118 5846 ⁷⁸
2154 5813 2287 5870 ibid.
2321 5814 2373 5870 5.
