4100 6442
368 316 479 370 ‘57

1508 320 2008 377 COMMENTARIA
2047 321 2112 378 ΙΝ
2155 321 2280 379 PSA
2291 323 2490 380 ωιοε.

3435 331 3441 336 ’
3513 320 3618 374 638

361 435 557 488 δευοίαν
601 432 711 502 γὰρ
755 431 852 502 τὴν
900 429 1203 503 βδελυρίαν,
1245 433 1310 485 τὰ
1341 435 1416 503 μὴ
1447 435 1576 486 ὅντα·
1606 435 1680 498 ὼς
1714 435 1841 488 ὄντα
1873 436 1939 488 ἂν

2044 437 2301 499 duerunt,
2335 438 2400 492 iis
2423 451 2544 506 qua:
2575 451 2682 489 non
2716 440 2892 496 erant,
2917 449 2978 488 ac
3002 433 3044 488 si
3075 433 3420 494 exsisterent,
3443 433 3616 487 simu--

362 528 872 597 είδωλοποιήσαντες
899 528 1036 597 μετά
1060 530 1158 599 τῆς
1174 530 1432 583 ἀνωτάτω
1469 530 1698 593 ἀδικίας.
1716 532 1813 594 Τίς
1835 532 1943 604 γάρ

361 616 427 670 ἂν
454 616 664 685 γένοιτο
696 618 904 688 ταύτης
927 619 1087 690 ἑτέρα
1119 621 1317 691 χείρων
1352 623 1552 682 ἀδικία,
1583 625 1704 678 καθ’
1747 627 1812 696 ἢν
1838 626 1942 694 φά-

362 723 582 770 σκοντες
607 703 744 760 εἶναι
765 709 938 777 σοφοὶ,
961 709 1406 779 ἐμωράνθησαν,
1426 715 1522 767 καὶ
1543 715 1818 783 ἤλλαξαν
1833 716 1946 784 τὴν

361 799 549 863 δόξαν
568 797 674 851 τοῦ
702 799 1007 867 ἀφθάρτου
1038 801 1187 854 Θεοῦ
1234 801 1302 854 ἐν
1332 803 1648 871 ὁμοιώματι
1710 807 1944 872 εικόνος

360 890 625 960 φθαρτοῦ
685 890 1023 959 ἀνθρώπου,
1085 892 1185 946 καί
1249 894 1553 959 πετεινῶν,
1590 896 1688 948 καὶ
1740 913 1942 964 τετρα-

361 981 580 1046 πόδων,
635 982 732 1035 καὶ
784 983 1076 1050 ἑρπετῶν,
1133 985 1275 1038 κατὰ
1320 986 1414 1040 τὸν
1481 987 1624 1056 ἱερὸν
1687 990 1942 1042 Ἀπόστο-

361 1089 484 1133 nov;
1849 1110 1857 1120 .

430 1159 550 1216 Εἶτ’
574 1164 878 1217 ἀκόλουθα
900 1162 1158 1232 δρῶντες
1177 1165 1299 1230 τοῖς
1321 1164 1519 1233 ἀθέοις
1539 1167 1636 1220 καὶ
1662 1167 1938 1236 διαστρό-

361 1271 492 1320 φοις
502 1238 1222 1324 ἑαυτῶν-ἐπιτηδεύμασιν,
1239 1259 1325 1322 εις
1345 1253 1467 1310 πᾶν
1502 1254 1660 1322 εἶδος
1681 1258 1825 1320 ,βίου
1842 1277 1944 1328 μο-

361 1345 607 1413 χθηρίας
638 1345 1138 1412 περιπεπτώκασι.
1169 1347 1258 1399 Διὸ
1276 1347 1584 1415 ὲπιλέγεται
1615 1349 1770 1416 ἑξῆς·
1821 1351 1940 1402 Οὐκ

363 1435 492 1486 ἔστι
503 1431 690 1486 ποιῶν
699 1436 939 1504 ἀγαθόν.
958 1437 1012 1488 '0
1027 1439 1170 1500 Θεὸς
1183 1434 1250 1489 ἐκ
1267 1435 1371 1489 τοῦ
1385 1437 1642 1504 οὐρανοῦ
1655 1437 1944 1504 διέκυψεν

362 1523 454 1577 ἐπὶ
483 1527 624 1590 τοὺς
643 1525 813 1591 υιοὺς
843 1524 961 1578 τῶν
991 1525 1335 1593 ἀνθρώπων,
1372 1526 1478 1580 τοῦ
1514 1527 1664 1580 ἰδεῖν
1702 1528 1754 1582 εί
1805 1527 1940 1580 ἐστι

361 1617 589 1670 συνιὼν
621 1617 658 1682 ἢ
681 1616 939 1684 ἐκζητῶν
981 1616 1088 1669 τὸν
1133 1618 1298 1670 Θεόν.
1347 1617 1572 1683 Πάντες
1598 1618 1938 1681 ἐξέκλιναν,

361 1705 477 1775 ἅμα
505 1707 936 1777 ἠγρειώθησαν,
991 1709 1104 1761 οὐκ
1163 1707 1296 1761 ἐστι
1342 1707 1527 1760 ποιῶν
1566 1709 1944 1776 χρηστότητα

361 1797 469 1863 ἕως
503 1798 658 1863 ἑνός.
701 1798 760 1850 '0
796 1797 894 1868 μὲν
917 1799 1105 1868 ἄφρων
1130 1798 1318 1867 ηπάτα
1355 1798 1564 1862 ἑαυτὸν,
1596 1797 1770 1864 λέγων
1792 1799 1848 1850 ὲν
1874 1802 1939 1869 τῇ

361 1889 555 1959 καρδίᾳ
590 1887 780 1941 ἑαυτοῦ
816 1887 890 1958 μὴ
923 1885 1059 1941 εἶναι
1088 1888 1241 1941 Θεόν·
1299 1888 1395 1940 καὶ
1448 1890 1498 1941 ol
1527 1887 1701 1942 λοιποὶ
1723 1889 1778 1942 δὲ
1810 1889 1943 1942 πάν-

360 1995 448 2042 τες
471 1979 872 2051 ἐϐδελύχθησαν
923 1979 1206 2051 βδελυρίαν
1263 1978 1728 2050 ἐπιτηδεύσαντες.
1779 1981 1836 2032 ’0
1884 1980 1942 2034 δὲ

360 2069 561 2141 ἀληθὴς
594 2065 750 2138 λόγος
787 2071 877 2124 τὸν
911 2073 1005 2124 ἐπὶ
1047 2071 1267 2124 πάντων
1295 2070 1428 2123 Θεὸν
1471 2070 1566 2124 καὶ
1595 2070 1798 2141 Κύριον
1843 2072 1940 2141 οὐχ

359 2159 656 2226 ὑφεστάναι
691 2159 851 2228 μόνον
881 2159 976 2212 καὶ
1003 2160 1070 2212 τὰ
1121 2161 1294 2213 πάντα
1353 2161 1652 2230 περιέχειν,
1682 2159 1816 2214 ἀλλὰ
1843 2162 1936 2213 καὶ

359 2251 559 2320 ὲτ;ρᾷν
584 2252 677 2302 καὶ
702 2250 1148 2315 ἐπισκέπτεσθαι,
1181 2251 1241 2302 οὐ
1300 2249 1369 2302 τὰ
1395 2251 1621 2303 καθόλου
1647 2249 1788 2321 μέρη
1843 2249 1934 2303 τοῦ

359 2340 560 2401 παντὸς
594 2340 775 2410 μόνον,
804 2339 938 2393 ἀλλά
971 2341 1062 2393 καὶ
1091 2339 1160 2392 τὰ
1187 2340 1329 2393 κατά
1352 2339 1538 2411 μέρος,
1575 2341 1668 2396 καὶ
1692 2342 1818 2403 τοὺς
1845 2341 1938 2394 ὲπὶ

358 2431 456 2500 τῆς
483 2431 584 2501 γῆς
605 2431 704 2494 τὰς
733 2431 1012 2504 διατριϐὰς
1041 2432 1396 2502 ποιουμένους
1415 2433 1564 2495 υἱοὺς
1593 2433 1702 2485 τῶν
1731 2433 1938 2504 ἀνθρώ-

359 2535 495 2580 πων,
526 2519 786 2573 διδάσκει.
835 2519 948 2573 Εἶτ’
981 2520 1276 2590 ἐπειδήπερ
1312 2521 1567 2590 πρόνοιαν
1619 2521 1938 2591 ποιούμενος

358 2607 464 2660 τῶν
489 2607 619 2660 υίῶν
660 2607 774 2660 τῶν
831 2605 1154 2679 ἀνθρώπων,
1184 2609 1276 2662 τοῦ
1320 2609 1450 2661 ἰδίου
1508 2609 1768 2680 μεγέθους
1803 2611 1935 2663 ὑπο-

357 2695 578 2760 ϐαίνων,
631 2699 728 2750 καὶ
781 2697 970 2768 ὥσπερ
998 2697 1055 2762 ἐξ
1103 2697 1441 2769 ὑψηλοτάτης
1485 2700 1790 2770 ἀκρωρείας
1839 2700 1940 2770 τῆς

357 2787 616 2840 ἀνωτάτω
650 2788 743 2840 καὶ
765 2788 905 2860 ὑπὲρ
939 2788 1117 2841 πάντα
1144 2788 1424 2859 δυνάμεως
1446 2789 1666 2851 ἑαυτοῦ,
1683 2790 1937 2860 καθίησιν

358 2880 451 2931 ἐπὶ
473 2877 570 2948 τὴν
600 2877 868 2949 διάκρισιν
899 2879 1008 2930 τῶν
1037 2880 1129 2932 ἐπὶ
1156 2879 1261 2948 γῆς
1282 2878 1607 2950 ἀνθρώπων,
1624 2879 1940 2935 ἐπισκοπῶν

358 2968 412 3019 εί
440 2967 541 3020 πιού
582 2967 666 3030 τίς
709 2970 824 3021 ὲττι
850 2969 950 3038 τῆς
982 2968 1147 3022 αὑτοῦ
1199 2971 1456 3040 προνοίας
1509 2972 1610 3041 τὴν
1670 2970 1938 3041 διοίκησιν

359 3056 576 3122 συνιὼν,
631 3060 725 3112 καὶ
756 3058 810 3111 εί
832 3058 933 3112 πού
965 3077 1068 3124 τις,
1106 3060 1284 3112 πάντα
1335 3060 1562 3130 δεύτερα
1597 3060 1820 3132 θέμενος
1868 3061 1940 3115 τὰ

357 3147 456 3217 τῆς
484 3147 578 3200 τοῦ
603 3147 716 3217 βίου
745 3149 980 3220 ἀπάτης,
1004 3150 1103 3220 τὴν
1137 3165 1202 3203 πε
1213 3151 1264 3219 pl.
1293 3151 1457 3204 αὑτοῦ
1479 3149 1704 3222 ζήτησιν
1732 3151 1939 3222 ἀνείλη-

360 3254 428 3305 φε
449 3280 461 3293 .
503 3239 614 3293 Καὶ
641 3240 850 3310 ἐπειδὴ,
887 3239 1084 3310 ζητῶν,
1113 3241 1307 3295 οὐδένα
1335 3241 1572 3295 τοιοῦτον
1619 3234 1797 3313 εὗρεν,
1857 3241 1942 3312 τῷ

362 3329 565 3391 πάντας
587 3329 854 3392 ἐκκλῖναι,
882 3331 1019 3400 ὁμοῦ
1046 3347 1103 3382 τε
1159 3331 1254 3384 καὶ
1282 3331 1421 3385 κατά
1459 3333 1521 3385 τὸ
1550 3332 1938 3403 αὺτδεάχρειω-

359 3417 540 3488 θῆναι,
572 3420 649 3484 ὼς
673 3423 746 3492 μὴ
778 3421 1034 3475 ποιοῦντα
1057 3420 1262 3489 ἀγαθὸν
1287 3421 1392 3485 ἕως
1416 3422 1534 3485 ἑνὸς
1561 3423 1757 3493 εὑρεῖν·
1791 3422 1938 3476 clud-

358 3526 466 3573 τως
490 3512 774 3565 ὲπαπειλεῐ
799 3516 910 3577 τοῖς
939 3512 1309 3580 διαφθείρασιν
1341 3514 1557 3578 αὐτοὺς,
1583 3513 1659 3567 ’τά
1699 3513 1824 3584 ἑξῆς
1849 3513 1940 3570 li:-

358 3617 488 3667 γωνο
525 3601 670 3670 Οὐχὶ
703 3602 1034 3671 γνώσονται
1083 3601 1306 3669 πάντες
1327 3606 1386 3674 οι
1419 3602 1788 3674 ἐργαζόμενοι
1814 3602 1932 3671 τὴν

357 3692 634 3761 ἀνομίαν,
662 3697 714 3746 ol
747 3694 1056 3759 ἐσθίοντες
1097 3694 1205 3748 τὸν
1249 3695 1404 3749 λαόν
1420 3712 1540 3763 μου
1577 3694 1802 3764 ,βρώσει
1830 3694 1938 3764 ἀρ-

358 3800 500 3848 του;
548 3784 657 3838 Τόν
675 3785 896 3851 Κύριον
932 3786 1043 3838 οὐκ
1092 3784 1562 3840 ἐπεκαλέσαντο·
1597 3785 1723 3839 ἐκεῖ
1757 3788 1940 3854 φοϐη-

358 3872 647 3939 θήσονται
676 3873 840 3939 φόϐῳ
867 3868 940 3930 οὗ
970 3875 1082 3933 οὐκ
1108 3868 1188 3941 ἦν
1224 3874 1430 3940 φόϐος.
1481 3873 1722 3943 Ἐπειδὴ,
1746 3873 1936 3927 διακύ-

356 3960 463 4028 ψας
499 3961 562 4013 ὲκ
589 3957 686 4012 τοῦ
710 3960 842 4013 ἰδίου
870 3962 1292 4032 κατοικητηρίου
1315 3963 1344 4014 ὁ
1390 3960 1542 4034 Θεὸς,
1575 3963 1846 4015 τουτέστιν
1873 3966 1939 4018 ἐκ

355 4048 452 4102 τοῦ
480 4049 730 4121 οὐρανοῦ,
765 4050 894 4103 ἔνθα
926 4055 1198 4118 κατοικεζν
1226 4051 1442 4120 λέγεται
1485 4051 1575 4104 διὰ
1599 4053 1725 4116 τοὺς
1751 4053 1936 4106 αὐτόθι

357 4140 668 4212 χωροῦντας
719 4140 885 4195 αὑτοῦ
936 4141 1033 4212 τὴν
1068 4141 1364 4211 βασιλείαν,
1417 4141 1622 4205 πάντας
1664 4138 1769 4195 εἶδε
1815 4145 1937 4206 τοὺς

357 4233 506 4296 υἱοὺς
531 4231 643 4284 τῶν
676 4231 978 4302 ἀνθρώπων
1025 4231 1424 4301 ἀχρειωθέντας
1483 4232 1575 4284 καὶ
1600 4232 1702 4302 τῆς
1725 4232 1938 4296 εὐθείας

357 4325 454 4378 καὶ
477 4323 644 4394 ὀρθῆς
667 4323 1067 4386 ἀποκλίναντας
1086 4322 1226 4376 ὁδοῦο
1257 4323 1480 4385 εἰκότως
1505 4317 1595 4377 οἷά
1615 4339 1700 4386 τις
1732 4323 1936 4394 ποιμὴν

2049 528 2194 582 lacra
2223 528 2498 597 erigentes
2536 541 2662 580 cum
2713 541 2966 596 suprema
3016 525 3261 580 omnium
3310 524 3613 593 iniquitate.

2047 617 2229 687 Ecqua
2269 619 2412 672 enim
2448 617 2537 671 illa
2563 618 2801 672 deterior
2832 617 3112 686 iniquitas,
3145 631 3250 687 qua
3284 616 3529 670 dicentes
3557 631 3615 668 so

2046 709 2318 778 sapientes
2341 723 2484 772 esse,
2508 709 2659 762 stulti
2689 710 2822 778 facti
2849 716 2990 772 sunt,
3020 719 3068 762 et
3119 691 3463 761 mutaverunt.
3494 707 3612 777 glo-

2045 798 2182 850 riam
2238 798 2654 865 incorruptibilis
2711 799 2807 852 Dei
2849 799 2904 851 in
2937 796 3335 850 similitudinem
3364 794 3613 865 imaginis

2045 889 2276 955 corrupti
2292 889 2539 951 hominis,
2561 899 2610 941 ct
2629 889 2917 955 volucrum,
2935 899 2982 941 et
3000 887 3418 958 quadrupedum,
3434 897 3480 940 et
3499 903 3613 940 ser-

2040 983 2296 1048 pentiam,
2317 981 2616 1036 secundum
2663 989 2910 1036 sanctum
2940 979 3259 1051 Apostolum
3290 979 3367 1031 ’7?

2115 1155 2320 1209 Deinde
2367 1165 2740 1224 consequenter
2795 1162 3002 1224 agentes
3063 1152 3130 1205 ad
3188 1152 3348 1220 impia
3397 1160 3448 1225 et
3494 1165 3613 1218 per-

2043 1261 2193 1301 versa
2240 1246 2420 1300 studia
2469 1263 2588 1312 sua,
2638 1247 2692 1299 in
2744 1263 2948 1300 omnem
2995 1244 3344 1313 improbitatis
3392 1244 3612 1312 speciem

2042 1338 2182 1406 lapsi
2219 1349 2364 1392 sunt.
2407 1337 2586 1404 Quare
2613 1339 2812 1393 dehinc
2844 1338 3192 1407 subjungitur
3223 1354 3236 1390 :
3277 1333 3396 1392 Non
3423 1343 3503 1387 est
3524 1333 3613 1402 qui

2042 1429 2210 1497 faciat
2255 1427 2468 1482 bonum.
2521 1427 2659 1482 Deus
2698 1429 2762 1481 de
2799 1428 2926 1482 caelo
2967 1428 3231 1496 prospexit
3269 1441 3425 1494 super
3471 1423 3612 1492 ﬁlios

2043 1519 2313 1573 hominum
2335 1560 2350 1583 ,
2379 1530 2436 1573 ut
2465 1519 2634 1574 rideat
2659 1522 2705 1573 si
2731 1529 2808 1574 est
2838 1520 3154 1590 intelligens,
3211 1529 3302 1599 aut
3344 1517 3611 1585 requirens

2043 1612 2232 1668 Deum.
2289 1612 2480 1667 Omnes
2535 1613 2949 1675 declinaverunt,
3006 1610 3166 1664 simul
3214 1610 3424 1662 inutiles
3479 1605 3613 1675 facti

2044 1715 2187 1765 sunt,
2219 1720 2320 1756 non
2351 1714 2432 1756 est
2471 1705 2562 1773 qui
2597 1703 2762 1772 faciat
2811 1702 3092 1756 bonitatem
3136 1716 3296 1770 usque
3326 1701 3393 1752 ad
3426 1714 3607 1754 unum.

1976 1767 2017 1821 Β
2043 1793 2314 1863 insipiens
2360 1809 2495 1849 sane
2543 1808 2664 1849 sese
2709 1793 2942 1862 decepit,
2989 1792 3176 1846 dicens
3221 1791 3274 1844 in
3319 1787 3482 1844 corde
3511 1805 3612 1843 suo

2043 1899 2152 1938 non
2187 1899 2309 1940 esse
2358 1883 2527 1939 Deum
2564 1903 2578 1939 :
2621 1898 2687 1938 ac
2734 1885 2933 1954 reliqui
2982 1898 3174 1938 omnes
3216 1881 3611 1936 abominabiles

2043 1978 2172 2034 facti
2196 1989 2344 2046 sunt,
2381 1978 2775 2034 abominationi
2807 1977 3110 2034 studentes.
3145 1979 3212 2031 At
3235 1991 3416 2032 sermo
3448 1990 3612 2036 verus

2042 2071 2202 2124 docet
2232 2085 2379 2134 eum,
2415 2069 2510 2138 qui
2545 2083 2710 2139 supra
2752 2070 2934 2123 omnia
2965 2078 3068 2134 est,
3109 2067 3280 2123 Deum
3319 2082 3384 2121 ac
3429 2065 3611 2120 Domi-

2041 2176 2193 2226 num,
2225 2176 2334 2215 non
2371 2161 2638 2216 exsistere
2666 2161 2829 2216 modo
2857 2169 2911 2218 et
2951 2161 3133 2236 omnia
3163 2158 3445 2228 complecti
3472 2175 3487 2224 ;
3511 2157 3608 2211 sed

2039 2252 2203 2305 etiam
2237 2251 2552 2320 prospicere
2570 2259 2628 2307 et
2662 2250 3037 2313 considerare,
3065 2266 3174 2305 non
3208 2250 3384 2305 solum
3417 2246 3608 2318 pracci-

2040 2356 2178 2410 puas
2207 2339 2449 2395 universi
2484 2347 2690 2408 partes,
2714 2339 2810 2396 sed
2857 2341 3071 2410 singula
3118 2353 3356 2409 quoque,
3383 2346 3438 2392 et
3468 2337 3608 2390 lilios

2038 2435 2320 2489 hominum
2343 2435 2403 2490 in
2426 2443 2572 2490 terra
2603 2441 2904 2488 versantes.
2935 2431 3140 2487 Deinde
3163 2429 3290 2500 quia
3333 2429 3457 2483 ﬁliis
3505 2427 3606 2483 ho~

2041 2528 2248 2580 minum
2275 2526 2644 2598 prospiciens,
2663 2539 2727 2580 ex
2745 2524 2965 2594 propria
2985 2521 3358 2593 magnitudine
3378 2519 3607 2576 descen-

2038 2616 2196 2680 dens,
2225 2617 2384 2686 quasi
2410 2632 2475 2672 ex
2501 2616 2770 2671 altissimo
2798 2613 3082 2669 cacumine
3111 2613 3328 2666 virtutis
3355 2625 3470 2666 sua:
3487 2626 3608 2664 om-

2039 2707 2202 2762 nibus
2234 2707 2652 2777 praeminente,
2684 2704 2968 2762 descendit
3012 2705 3078 2759 ad
3110 2719 3226 2768 eos,
3261 2704 3352 2772 qui
3376 2703 3432 2756 in
3461 2713 3606 2756 terra

2037 2804 2232 2862 erant,
2291 2798 2540 2854 homines
2587 2795 3078 2859 internoscendos,
3126 2795 3420 2865 explorans
3473 2810 3604 2848 num

2036 2887 2162 2958 quis
2205 2895 2351 2943 esset
2394 2887 2488 2956 qui
2519 2886 2876 2957 providentiae
2917 2900 3031 2942 sua:
3075 2883 3600 2937 administrationem

2038 2978 2399 3048 intelligeret,
2429 2986 2481 3032 et
2511 2991 2640 3031 num
2672 2977 2831 3047 quis,
2863 2973 3184 3044 postpositis
3214 2972 3470 3026 omnibus
3502 2971 3604 3024 hu-

1963 3097 2005 3156 c
2035 3069 2126 3139 jus
2157 3070 2282 3124 vitae
2311 3066 2566 3156 fallaciis,
2589 3065 2677 3156 ad
2716 3079 2798 3156 se
2820 3060 3244 3156 perquirendum
3277 3059 3602 3156 intenderet.

2040 3158 2292 3227 Cumque
2314 3153 2627 3225 huiusmodi
2658 3152 2930 3208 neminem
2961 3148 3246 3206 lustrando
3281 3149 3602 3208 invenisset,

2037 3247 2186 3318 quod
2225 3261 2417 3301 omnes
2457 3245 2827 3298 declinassent
2879 3248 2934 3296 et
2989 3240 3152 3295 simul
3194 3239 3415 3294 inutiles
3473 3237 3602 3293 facti

2038 3337 2292 3401 fuissent,
2320 3337 2396 3391 ita
2431 3342 2491 3390 ut
2521 3349 2589 3390 ne
2619 3335 2702 3389 vel
2731 3348 2899 3387 unum
2936 3332 3027 3404 qui
3056 3331 3260 3386 faceret
3283 3330 3484 3384 bonum
3518 3344 3605 3384 re—

2036 3427 2276 3498 periret;
2304 3425 2429 3495 jure
2456 3424 2827 3479 comminatur
2854 3424 2923 3477 iis
2949 3422 3042 3492 qui
3068 3437 3191 3477 sese
3221 3426 3604 3490 corruperant,

2035 3532 2158 3588 qua:
2181 3523 2487 3586 sequuntur
2515 3514 2802 3585 proferens
2836 3533 2850 3568 :
2888 3511 3078 3568 Nonne
3113 3514 3275 3566 scient
3313 3527 3490 3565 omnes
3517 3511 3608 3580 qui

2037 3616 2322 3676 operantur
2368 3607 2735 3676 iniquitatem,
2769 3605 2861 3676 qui
2894 3604 3146 3659 devorant
3191 3602 3389 3672 plebem
3435 3617 3604 3654 meam

2037 3701 2350 3754 comestione
2380 3699 2577 3768 panis?
2607 3697 2896 3752 Dominum
2929 3713 3034 3751 non
3065 3696 3432 3750 invocaverunt
3457 3708 3474 3745 :
3497 3693 3609 3746 illic

2037 3791 2430 3860 trepidaverunt
2473 3789 2663 3843 timore
2719 3788 2811 3841 ubi
2852 3803 2957 3842 non
3002 3796 3116 3842 erat
3158 3788 3336 3842 timor.
3361 3787 3502 3852 Quia
3537 3799 3604 3838 cx

2037 3879 2260 3950 proprio
2279 3879 2558 3936 domicilio
2579 3879 2922 3948 prospiciens
2947 3877 3114 3941 Deus,
3137 3876 3190 3932 id
3219 3885 3326 3940 est,
3347 3891 3412 3930 ex
3441 3875 3604 3934 caelo.

2038 3969 2129 4024 ubi
2148 3968 2406 4023 habitare
2426 3968 2628 4023 dicitur
2658 3975 2878 4037 propter
2901 3981 2997 4022 eos
3011 3967 3104 4036 qui
3133 3965 3207 4021 ibi
3238 3980 3465 4034 regnum
3485 3964 3607 4033 ejus

2037 4057 2362 4128 possident,
2421 4071 2615 4112 omnes
2660 4057 2800 4112 tilios
2855 4056 3138 4110 hominum
3197 4054 3329 4109 vidit
3382 4054 3606 4110 inutiles

2037 4145 2232 4210 factos,
2287 4161 2316 4199 a
2369 4154 2516 4201 recta
2550 4147 2640 4201 via
2683 4145 3176 4214 deelinasse;jure
3223 4158 3322 4198 ceu
3380 4141 3606 4214 quidam

2037 4247 2226 4308 pastor
2258 4237 2436 4294 bonus
2467 4253 2685 4307 gregem
2715 4253 2876 4294 suum
2904 4237 2958 4292 in
2989 4235 3304 4292 hominibus
3327 4235 3604 4293 exsisten-

1993 4349 1998 4353 ·
2036 4337 2148 4385 tem
2192 4344 2419 4394 curans,
2469 4329 2838 4399 perversionis
2879 4327 3196 4384 auctoribus
3243 4327 3607 4382 comminatur

357 4420 559 4488 ἀγαθὸς
585 4423 883 4494 κηδόμενος
925 4423 1023 4493 τῆς
1079 4424 1135 4474 ὲν
1168 4420 1472 4492 ἀνθρώποις
1493 4421 1658 4475 αὑτοῦ
1710 4421 1932 4492 ἀγέλης,

2038 4420 2265 4476 dicens:
2308 4418 2500 4476 Nonne
2545 4428 2852 4491 cognoscent
2890 4419 2980 4488 qui
3019 4427 3304 4488 operantur
3349 4415 3610 4488 iniquita-

356 4511 640 4566 ὲπαπειλεῖ
681 4517 796 4576 τοῖς
824 4513 1016 4576 αἰτίοις
1043 4513 1144 4583 τῆς
1171 4511 1518 4584 διαστροφῆς,
1559 4511 1749 4578 λέγων’
1785 4513 1944 4582 οὐχὶν
1981 4593 1986 4598 ἢ

355 4601 686 4670 γνώσονται
715 4606 770 4657 al
789 4602 1161 4673 ἐργαζόμενοι
1183 4603 1300 4670 τὴν
1321 4603 1598 4670 ἀνομίαν,
1621 4605 1676 4655 ol
1700 4603 1934 4657 ἐσθίον-

357 4709 456 4760 τες
483 4693 590 4748 τὸν
624 4697 778 4749 λαόν
820 4713 941 4764 μου
979 4694 1205 4763 ,ϐρώσει
1270 4693 1488 4761 ἀρτου;
1535 4693 1644 4747 Καί
1671 4711 1762 4763 μοι
1786 4692 1934 4748 δοκεῖ

354 4781 529 4836 ταῦτα
556 4785 684 4854 περὶ
744 4785 1024 4855 δυνάμεων
1083 4783 1472 4853 ἀντικειμένων
1527 4781 1780 4850 λέγεσθαι
1823 4782 1932 4836 τῶν

354 4870 604 4941 ἀοράτων
665 4874 877 4944 ἐχθρῶν
929 4874 1026 4928 καὶ
1071 4872 1348 4944 πολεμίων
1373 4871 1468 4925 τοῦ
1492 4871 1682 4939 γένους
1704 4871 1798 4926 τοῦ
1832 4873 1932 4926 ἀν-

356 4957 646 5030 θρωπείου.
675 4955 834 5016 Οὗτοι
874 4963 983 5034 γὰρ
1005 4962 1068 5016 τὸ
1103 4961 1210 5015 τῶν
1235 4959 1536 5032 ἀνθρώπων
1577 4960 1734 5029 γένος
1762 4961 1932 5017 κατά-

357 5049 553 5120 6ρωμα
582 5055 794 5118 ἑαυτοῖς
817 5057 1160 5124 ἐποιήσαντο,
1186 5051 1274 5109 οἶα
1294 5056 1457 5110 δεινοὶ
1485 5055 1649 5128 θῆρες
1691 5055 1789 5119 τὰς
1825 5055 1931 5125 ψυ-

2036 4519 2162 4573 tem,
2193 4510 2284 4578 qui
2334 4508 2587 4562 devorant
2628 4508 2830 4578 plebem
2861 4524 3031 4562 meam
3071 4509 3385 4562 comestione
3410 4508 3562 4576 panis
3581 4509 3607 4562 1'

2037 4598 2104 4651 Et
2147 4599 2265 4654 hzec
2298 4599 2554 4654 videntur
2589 4600 2720 4653 mihi
2760 4599 2827 4653 de
2866 4598 3198 4654 adversariis
3243 4601 3606 4668 potestatibus

2039 4687 2398 4744 invisibilium
2417 4689 2762 4742 inimicorum
2791 4695 2845 4743 et
2870 4687 3106 4743 hostium
3137 4689 3352 4758 generis
3382 4690 3604 4742 humani

2043 4778 2191 4836 dicta
2221 4793 2365 4836 esse.
2404 4776 2637 4842 Hiienim
2660 4778 2942 4834 hominum
2961 4794 3134 4849 genus
3163 4779 3344 4835 cibum
3387 4779 3492 4836 sibi
3527 4779 3608 4832 fec

2036 4878 2261 4936 serunt,
2301 4885 2400 4926 ceu
2449 4871 2718 4928 immanes
2757 4871 2885 4928 ferae
2943 4873 3156 4928 animas
3198 4885 3391 4926 eorum
3435 4869 3607 4925 devo-

2037 4970 2244 5027 rantes,
2287 4971 2352 5016 ut
2390 4963 2446 5016 in
2475 4964 2790 5034 .prophetiis
2823 4963 3030 5020 dictum
3066 4971 3148 5020 est
3181 4961 3329 5030 τρυε
3354 4962 3606 5020 devorant

2038 5055 2292 5140 pqpulum
2315 5071 2484 5109 meum
2515 5064 2623 5109 toto
2652 5055 2828 5111 ore".

357 5143 456 5210 κάς
528 5145 708 5199 αὐτῶν
769 5145 1161 5213 κατεσθίοντες,
1201 5145 1343 5200 κατὰ
1380 5147 1440 5199 τὸ
1493 5146 1780 5219 εἰρημένον
1811 5149 1870 5199 ὲν
1903 5145 2276 5216 προφητείαις·
2327 5149 2390 5199 οι
2434 5146 2850 5212 κατεσθίοντες
2875 5146 2981 5200 τὸν
3006 5147 3162 5201 λαόν
3196 5163 3316 5215 μου
3366 5143 3492 5210 ὅλῳ
3527 5145 3610 5211 τῷ

355 5235 626 5301 στόματι.

425 5323 584 5380 Οὗτοι
611 5320 704 5380 οὖν
745 5329 900 5382 αὐτοὶ
938 5328 1035 5383 νῦν
1070 5328 1189 5399 μὲν,
1239 5330 1434 5400 φησὶν,
1481 5329 1557 5394 ὡς
1587 5330 1688 5383 οὐκ
1718 5329 1785 5383 ἂν
1838 5329 1932 5382 τὸν

353 5415 488 5469 Θεὸν
528 5415 633 5486 πρὸ
652 5416 946 5488 ὀφθαλμῶν
973 5417 1214 5487 θέμενοι,
1266 5419 1438 5473 ταῦτα
1472 5419 1613 5473 κατὰ
1657 5417 1751 5473 τοῦ
1798 5418 1926 5472 λαοῦ

355 5507 450 5559 καὶ
471 5506 614 5559 κατά
639 5507 739 5576 τῆς
767 5508 907 5578 ιμῆς
948 5509 1006 5560 ὲν
1033 5505 1340 5578 ἀνθρώποις
1367 5507 1590 5576 λογικῆς
1623 5509 1822 5579 ἀγέλης
1851 5509 1929 5563 δι-

431 5658 475 5690 "
519 5656 677 5711 Rom.
719 5679 768 5721 ι,
802 5657 896 5712 ‘22.
971 5658 1017 5689 "'
1058 5657 1163 5712 lsa.
1199 5675 1284 5718 ιτ,
1323 5659 1404 5713 12.

675 5752 945 5813 Parnm“
972 5752 1362 5829 Gn._XXlll.

2109 5326 2176 5381 lli
2211 5327 2399 5399 igitur,
2433 5328 2628 5399 inquit,
2665 5337 2852 5401 utpote
2880 5330 2974 5401 qui
3005 5328 3170 5386 Deum
3194 5329 3470 5386 oboculos
3493 5344 3602 5384 nun

2035 5428 2258 5488 ponant,
2289 5418 2405 5489 jam
2447 5429 2643 5476 contra
2696 5423 2956 5492 populum
3008 5431 3063 5479 et
3097 5432 3290 5478 contra
3327 5437 3506 5478 meum
3547 5423 3601 5475 in

2033 5510 2344 5567 hominibus
2381 5513 2759 5574 rationabilem
2781 5530 2996 5587 gregem
3038 5514 3152 5574 hac
3179 5523 3425 5586 egerunt.
3456 5515 3598 5570 Num

3330 5772 3404 5833 15
