4100 6442
499 339 600 400 459

1210 329 1480 388 EUSEBII
1513 321 1991 383 CESARIENSIS
2013 321 2166 382 UPP.
2197 321 2380 380 PARS
2415 324 2501 383 Ill.
2539 358 2607 370 -—
2642 327 3048 387 EXEGETICA.
3647 335 3749 390 ωε

493 475 626 531 ergo
663 471 880 528 semper
918 455 999 511 sic
1032 462 1253 525 agentes
1294 447 1758 522 perseverabunt?
1787 447 1920 502 Esto
1960 447 2050 516 jan

2179 443 2502 513 ἐπράξαντο.
2531 447 2678 516 Μήτι
2701 443 2793 500 οὖν
2822 449 2916 501 καὶ
2932 449 3011 510 εἰς
3033 448 3094 501 τὸ
3113 449 3372 511 παντελὲς
3385 448 3555 502 ταῦτα
3575 451 3751 520 πράτ-

501 549 671 607 Deum
705 564 816 604 non
850 547 1276 610 invocaverunt,
1313 541 1422 596 Deo
1451 539 1724 596 contraria
1764 545 1818 593 et
1854 537 2073 592 inimica

495 645 730 714 operati,
765 654 950 704 annon
980 637 1216 708 quodam
1253 643 1494 703 tempore
1542 639 1874 702 cognoscent
1912 628 2076 682 ultio-

495 751 621 792 nem
671 733 807 805 ipsis
859 727 1228 787 inferendam?
1272 725 1416 781 Sane
1461 734 1676 794 tempus
1718 724 1822 779 erit
1859 723 1914 777 in
1963 735 2073 792 quo

437 824 443 830 ’
495 825 849 896 trepidabunt
898 823 1116 876 timore.
1171 818 1457 885 Quodnam
1489 816 1660 879 illud,
1701 814 1810 871 nisi
1851 813 2070 884 quando

494 916 850 970 illucescente
889 909 1152 974 Salutari,
1182 905 1369 962 nullus
1399 907 1543 962 ultra
1577 911 1754 960 metus
1777 903 2070 973 pecoribus

496 1006 630 1062 meis
665 1003 878 1067 aderit,
911 1003 1032 1057 illas
1077 1009 1258 1055 autem
1302 999 1571 1054 immanes
1611 997 1774 1060 feras,
1820 996 2068 1052 occultos

493 1103 548 1150 et
566 1093 867 1150 invisibiles
885 1093 1160 1161 daemones
1189 1091 1352 1144 timor
1376 1088 1672 1158 corripiet,
1703 1087 1794 1142 ubi
1829 1102 1937 1142 non
1965 1087 2070 1142 erit

493 1185 720 1241 timendi
750 1184 940 1239 locus?
980 1181 1136 1237 Tunc
1181 1182 1325 1237 enim
1379 1181 1447 1236 iis
1488 1181 1709 1251 quidem
1765 1182 1859 1251 qui
1909 1179 2070 1235 bonis

491 1286 654 1333 erunt
697 1277 846 1348 digni
889 1277 1077 1332 nullus
1125 1274 1242 1330 erit.
1261 1283 1472 1341 metus;
1501 1274 1571 1330 iis
1607 1287 1762 1340 vero,
1816 1274 1910 1344 qui
1952 1273 2066 1343 jam

491 1379 683 1426 contra
710 1369 969 1440 populum
993 1383 1170 1423 meum
1201 1368 1511 1434 eriguntur,
1536 1365 1750 1435 ingruet
1780 1365 1942 1418 timor
1971 1363 2066 1419 ira;

492 1464 642 1532 ipsos
673 1461 964 1523 invasurae,
997 1474 1118 1529 quae
1148 1462 1382 1521 instans,
1417 1455 1701 1525 dissipabit
1725 1471 1846 1509 ossa
1883 1469 2065 1509 eorum

489 1552 579 1623 qui
633 1550 930 1605 hominibus
971 1548 1215 1617 placent;
1265 1561 1372 1616 qua
1443 1542 1880 1606 confundentur;
1932 1539 2061 1610 quia

489 1655 623 1700 tunc
654 1643 899 1698 omnium
931 1641 1096 1711 judex
1127 1641 1275 1710 ipsos
1307 1637 1461 1693 nihili
1497 1635 1679 1690 faciet.
1701 1633 1807 1688 Pro
1842 1634 1934 1688 illo
1961 1647 2062 1686 auo

2175 553 2359 601 τοντες
2380 538 2814 604 διατελέσουσινς
2871 540 3052 592 Ἔστω
3092 538 3149 591 δέ
3194 537 3318 602 νῦν,
3361 539 3451 591 τὸν
3483 539 3616 592 Θεὸν
3652 541 3752 592 οὐκ

2177 629 2602 693 ἐπεκαλέσαντο,
2633 629 2893 685 τάναντία
2920 629 2997 700 τῷ
3034 629 3152 700 Θεῷ
3186 631 3278 684 καὶ
3309 629 3376 683 sa
3405 629 3575 700 ἐχθρὰ
3601 631 3752 701 αὐτῷ

2174 721 2544 793 ἐνεργοῦντες,
2573 722 2647 792 μὴ
2675 715 2795 792 οὐχὶ
2827 721 3123 790 γνώσονται
3148 720 3324 791 καιρῷ
3349 739 3454 774 τινι
3503 721 3602 792 τὴν
3653 723 3755 775 ἐπ-

2172 811 2536 884 ελευσομένην
2559 813 2740 876 αὐτοῖς
2765 812 2950 882 δίκηνς
2982 813 3092 866 Καὶ
3127 814 3234 883 μὴν
3263 812 3414 867 ἐσται
3446 814 3657 883 καιρὸς,
3693 815 3752 867 ἐν

2170 896 2215 971 ᾧ
2245 904 2642 974 φοϐηθήσονται
2693 903 2878 973 φόϐον.
2932 905 3092 968 Ποϊος
3153 904 3198 958 δ’
3260 905 3327 958 ἂν
3373 905 3457 975 εἴη
3505 898 3667 968 abso;
3715 906 3750 976 ἢ

2171 995 2376 1059 ἐκεῖνος
2417 993 2538 1047 καθ’
2562 995 2621 1048 ὃν
2665 994 3070 1066 ἐπιλάμψαντος
3101 993 3194 1046 τοῦ
3236 995 3530 1066 Σωτηρίου,
3565 994 3750 1047 οὐκέτι

2169 1089 2284 1150 τοῖς
2307 1088 2462 1157 ἐμοῖς
2505 1085 2787 1158 θρέμμασι
2827 1086 2988 1156 φόϐος
3029 1087 3402 1156 ἐπιστήσεται·
3449 1087 3644 1147 αὐτοὺς
3689 1086 3748 1138 δέ

2167 1178 2294 1240 τοὺς
2321 1177 2527 1241 δεινοὺς
2560 1177 2734 1250 θῆρας
2780 1179 2878 1232 καὶ
2911 1179 3036 1242 τοὺς
3084 1177 3308 1246 ἀφανεῖς
3349 1177 3443 1230 καὶ
3485 1177 3751 1247 ἀοράτους

2167 1265 2426 1336 δαίμονας
2459 1265 2620 1334 φόϐος
2650 1266 2880 1337 λήψεται
2926 1267 3042 1318 ἐκεῖ
3098 1260 3159 1318 ab
3210 1266 3311 1318 οὒκ
3352 1265 3502 1319 ἔσται
3546 1265 3749 1333 φόϐος;

2167 1356 2301 1408 Τότε
2326 1354 2436 1427 γὰρ
2463 1358 2575 1419 τοῖς
2608 1355 2706 1426 μὲν
2725 1354 2834 1408 τῶν
2884 1354 3101 1424 ἀγαθῶν
3131 1353 3304 1418 ἀξίοις
3328 1354 3428 1406 ούκ
3468 1354 3615 1407 ἐσται
3651 1354 3750 1422 φό-

2166 1445 2280 1510 ϐος,
2305 1449 2416 1510 τοῖς
2445 1445 2501 1500 δὲ
2532 1446 2626 1498 νῦν
2646 1446 3028 1517 ἐπαιρομένοις
3049 1445 3190 1499 κατὰ
3223 1445 3315 1499 τοῦ
3336 1445 3466 1498 λαοῦ
3501 1462 3600 1515 μου
3626 1447 3748 1498 ἐπι-

2165 1541 2411 1592 πεσεῖται
2450 1537 2612 1608 φόϐος
2650 1540 2679 1591 6
2705 1538 2806 1608 τῆς
2843 1537 3305 1608 μετελευσομένης
3337 1537 3532 1601 absab;
3549 1535 3747 1607 ὀργῆς,

2164 1632 2287 1702 ήτις
2352 1631 2624 1684 ἐπιστᾶσα
2699 1630 3121 1699 διασκορπισει
3198 1629 3350 1684 ὀστᾶ
3427 1630 3744 1697 ἀνθρωπα-

489 1743 618 1799 tem,
649 1734 914 1801 Quoniam
945 1731 1080 1786 Deus
1109 1729 1387 1798 dissipavit
1437 1744 1559 1782 ossa
1596 1741 1801 1788 eorum,
1840 1725 1928 1795 qui
1969 1723 2050 1777 ho-

2158 1721 2419 1789 ρέσκων·
2477 1723 2537 1774 ἐν
2567 1715 2717 1794 ﬁnal.
2749 1720 3325 1792 καταισχυνθήσονται,
3377 1719 3562 1790 ἐπειδὴ
3617 1721 3744 1773 τότε

487 1791 717 1880 minibus
749 1824 975 1893 placent,
1014 1791 1375 1892 Symmachus
1409 1818 1483 1872 ita
1523 1791 1910 1885 interpretatus
1935 1822 2050 1869 est:

2165 1812 2364 1876 absab;
2394 1814 2422 1866 6
2461 1791 2843 1893 τῶν-ἀπάντων
2888 1791 3234 1877 ἐξουδενώσει
3262 1812 3475 1882 κριτής.
3515 1811 3659 1863 ’Δντὶ
3683 1809 3745 1863 δὲ

491 1911 635 1967 Nam
671 1913 807 1966 Deus
833 1909 1115 1978 dissipabit
1143 1923 1266 1963 ossa
1311 1920 1492 1961 eorum
1537 1905 1628 1974 qui
1665 1911 2058 1958 castrametan-

487 2015 572 2058 tur
603 2006 747 2058 circa
777 2013 823 2057 te
850 2018 866 2056 :
889 1999 1232 2070 confunderis
1260 1998 1386 2068 quia
1424 1995 1561 2050 Deus
1611 1994 1909 2062 reprobavit
1945 2009 2053 2048 eos.

483 2096 678 2166 Aquila
730 2101 910 2148 autem
986 2092 1161 2146 eidem
1251 2087 1539 2145 sententiae
1584 2086 1753 2140 haeret
1817 2085 2052 2140 dicens:

485 2184 750 2253 Quoniam
799 2183 939 2238 Deus
989 2181 1264 2250 dissipavit
1317 2196 1440 2235 ossa
1484 2194 1665 2232 eorum
1705 2179 1794 2247 qui
1851 2186 2057 2231 castra-

483 2277 667 2332 metati
688 2285 809 2330 sunt
832 2277 974 2328 circa
998 2284 1046 2328 te
1068 2291 1084 2327 :
1109 2275 1358 2342 confusus
1378 2288 1455 2338 es,
1477 2271 1726 2341 quoniam
1743 2269 1881 2324 Deus
1913 2269 2058 2338 abje-

484 2369 554 2421 cit
586 2384 697 2422 eos.
724 2365 1006 2420 Sermonis
1031 2373 1210 2420 autem
1255 2363 1527 2419 sententia
1569 2361 1832 2426 declarat,
1859 2360 2056 2432 praedi-

484 2464 697 2508 ctorum
731 2453 912 2524 populi
963 2452 1370 2520 insidiatorum,
1394 2451 1652 2506 videlicet
1698 2450 2054 2504 invisibilium

481 2545 828 2602 inimicorum
881 2554 936 2598 et
983 2544 1325 2599 occultorum
1379 2543 1641 2607 hostium,
1681 2542 1915 2597 virtutes
1959 2539 2055 2595 de-

480 2637 672 2693 lendas
695 2652 839 2692 esse.
872 2635 1007 2690 Nam
1045 2651 1172 2691 ossa
1201 2634 1549 2690 inimicorum
1589 2633 1874 2703 dissipata,
1899 2630 2056 2685 mali-

476 2729 567 2785 tis
609 2743 800 2784 eorum
843 2728 1075 2783 virtutes
1113 2727 1346 2790 fuerint,
1399 2740 1536 2796 quas
1573 2732 1762 2779 notato
1809 2730 2055 2792 tempore

478 2819 646 2875 Deum
677 2819 1068 2890 dissipaturum
1105 2818 1490 2873 comminatur.
1515 2815 1670 2870 Tunc
1697 2828 1862 2884 porro
1887 2813 2051 2869 etiam

476 2909 902 2970 confundentur.
932 2925 1057 2963 cum
1101 2908 1243 2965 Deus
1284 2925 1380 2964 eos
1440 2907 1838 2978 reprobaverit,
1863 2921 1928 2962 ac
1957 2905 2052 2962 de-

475 3001 734 3072 spexerit,
781 3000 916 3055 nihil
954 3016 1050 3056 eos
1087 3016 1211 3056 esse
1252 3000 1636 3070 comprobans.
1681 2997 1806 3052 Haec
1855 2997 2050 3052 merito

476 3094 862 3150 Interminatus
909 3100 992 3148 est
1040 3093 1321 3147 hominum
1367 3101 1590 3145 curator
1634 3089 1728 3146 Dei
1782 3090 2044 3156 verbum;

475 3185 733 3256 quoniam
782 3184 1124 3256 prospiciens
1169 3183 1237 3238 de
1277 3182 1416 3238 caelo
1466 3197 1632 3252 super
1683 3181 1825 3236 lllios
1871 3181 2048 3236 homi-

473 3292 626 3338 num,
652 3291 716 3331 ac
756 3276 1096 3346 perlustrans
1134 3288 1266 3328 num
1306 3273 1430 3343 quis
1470 3280 1616 3328 esset
1663 3273 1806 3328 inter
1834 3287 1929 3329 eos
1965 3273 2048 3328 in-

473 3368 724 3438 telligens
759 3375 852 3421 aut
881 3366 1165 3435 requirens
1199 3364 1390 3429 Deum,
1429 3365 1639 3419 nullum
1674 3365 1913 3433 invenit;
1951 3365 2046 3421 sed

473 3456 832 3526 deprehendit
863 3472 1056 3512 omnes
1100 3456 1318 3513 insidiis
1358 3457 1706 3511 inimicorum
1737 3457 2047 3514 declinasse

472 3557 536 3597 ac
577 3543 798 3598 inutiles
843 3543 1015 3599 factos
1058 3559 1200 3608 esse,
1243 3553 1303 3599 ut
1349 3560 1418 3599 ne
1463 3545 1548 3601 vel
1600 3561 1743 3601 unus
1789 3547 2044 3604 residuus

471 3641 618 3689 esset
645 3633 804 3690 bonis
835 3635 1095 3705 operibus
1122 3634 1362 3690 deditus.
1403 3635 1593 3691 Priora
1629 3637 1814 3708 itaque
1848 3639 2043 3696 tertius

469 3726 718 3782 decimus
759 3726 922 3780 etiam
960 3727 1342 3796 complectitur
1374 3747 1384 3781 :
1412 3743 1534 3798 quas
1575 3737 1881 3798 sequuntur
1916 3744 2044 3785 vero

469 3817 614 3871 inter
640 3832 699 3872 se
723 3815 1001 3872 dillerunt.
1026 3815 1162 3871 Nam
1187 3818 1243 3872 in
1273 3817 1487 3873 decimo
1508 3820 1670 3874 tertio
1699 3819 1785 3874 his
1814 3819 2044 3890 subiun-

467 3907 614 3978 gitur
636 3907 800 3962 illud:
834 3907 1096 3972 Quoniam
1126 3908 1270 3963 Deus
1301 3911 1357 3963 in
1378 3911 1715 3980 generatione
1754 3911 1909 3976 justa
1938 3921 2039 3976 est,

467 3999 747 4052 consilium
785 3999 957 4068 inopis
988 3999 1326 4068 con/adistis,
1357 4001 1607 4070 quoniam
1642 4000 1899 4056 Dominus
1922 4018 2040 4072 spes

465 4090 580 4159 ejus
608 4091 778 4156 est";
827 4091 916 4146 hic
945 4106 1096 4155 vero,
1131 4091 1396 4157 Quoniam
1430 4091 1570 4146 Deus
1604 4091 1879 4160 dissipavit
1915 4110 2040 4148 ossa

465 4185 646 4232 eorum
672 4180 762 4249 qui
797 4179 1095 4234 hominibus
1120 4183 1348 4248 placent,
1379 4181 1588 4249 confusi
1620 4190 1743 4236 sunt
1786 4184 2040 4252 quoniam

466 4265 607 4320 Deus
661 4268 852 4334 sprevit
891 4284 1001 4324 eos.
1035 4267 1141 4324 Sed
1171 4286 1293 4340 quae
1334 4271 1554 4326 tertium
1595 4271 1867 4326 decimum
1915 4288 2040 4342 spe-

465 4363 618 4410 ctant
645 4358 761 4413 suis
789 4358 924 4412 locis
947 4361 1167 4430 propria
1186 4361 1632 4430 interpretatione
1663 4363 1864 4418 donata
1885 4372 2035 4422 sunt.

2158 1904 2273 1958 τοῦ·
2309 1906 2438 1958 Ὅτι
2481 1906 2514 1958 ὀ
2563 1889 2708 1970 Θεὸς
2762 1903 3187 1972 διεσκόρπισεν
3242 1900 3392 1958 ὀστᾶ
3428 1903 3714 1971 ἀνθρωπα

2150 1996 2412 2063 ρέσκων,
2442 1994 2471 2045 6
2503 1994 2795 2064 Σύμμαχος
2825 1992 3014 2047 τοῦτον
3041 1995 3352 2067 ἡρμήνευσε
3381 1993 3472 2047 τδν
3512 1994 3742 2062 τρόπον’

2169 2087 2222 2138 '0
2254 2085 2364 2155 γὰρ
2404 2084 2548 2152 Θεὸς
2585 2085 3004 2154 διασκορπίσει
3046 2083 3198 2140 ὀστᾶ
3236 2085 3355 2139 τῶν
3399 2087 3742 2154 παρεμϐαλ-

2154 2179 2388 2232 λόντων
2431 2177 2564 2246 περί
2622 2177 2714 2231 σέ·
2778 2176 3298 2245 καταισχυνθήσῃ,
3349 2176 3436 2230 ὅτι
3498 2179 3533 2230 ὀ
3591 2175 3742 2241 Θεὸς

2153 2267 2604 2336 ἀπεδοκίμασεν
2627 2268 2866 2333 αὐτούς.
2925 2267 3035 2320 Καὶ
3096 2269 3124 2321 6
3165 2266 3394 2329 Ἀκύλας
3420 2265 3477 2320 δέ
3510 2267 3608 2337 τῆς
3638 2267 3742 2320 αὐ-

2153 2361 2252 2431 τῆς
2286 2359 2466 2431 ἔχεται
2498 2360 2736 2424 διανοίας
2763 2361 2957 2429 λέγων·
2993 2361 3111 2414 Ὅτι
3135 2363 3167 2414 ὀ
3201 2359 3346 2425 Θεὸς
3369 2359 3740 2426 ἐσκόρπισεν

2154 2440 2306 2506 ὀστᾶ
2333 2455 2904 2522 παρεμϐεϐληκότων
2924 2469 3060 2506 σουο
3092 2453 3392 2520 ᾔσχυνας,
3422 2449 3512 2504 ὅτι
3531 2454 3565 2505 ὀ
3588 2451 3739 2518 Θεὸς

2153 2543 2482 2612 ἁπέρῤιψεν
2511 2545 2752 2610 αὐτούς.
2795 2544 2860 2598 Ἦ
2913 2544 2970 2598 δέ
3012 2541 3106 2596 τοῦ
3154 2543 3312 2612 λόγου
3355 2542 3561 2596 διάνοια
3599 2560 3736 2615 παρ-

2157 2631 2337 2703 ίστησι
2360 2631 2467 2685 τῶν
2501 2631 2903 2704 προλεχθέντων
2935 2631 3232 2685 ἐπιϐούλων
3253 2631 3346 2685 τοῦ
3364 2631 3516 2696 λαοῦ,
3534 2631 3738 2703 δηλαδὴ

2153 2720 2261 2773 τῶν
2287 2721 2532 2792 ἀοράτων
2578 2719 2788 2792 ἐχθρῶν
2812 2722 2906 2774 καὶ
2937 2720 3046 2774 τῶν
3060 2721 3280 2790 ἀφανῶν
3313 2721 3606 2792 πολεμίων,
3633 2721 3736 2784 τὰς

2151 2812 2408 2883 δυνάμεις
2431 2811 2943 2883 καθαιρεθήσεσθαι.
3010 2814 3172 2866 Ὀστᾶ
3209 2813 3318 2884 γάρ
3356 2811 3734 2882 διασκορπιζό-

2155 2917 2291 2975 μενα
2314 2904 2422 2957 τῶν
2452 2904 2661 2976 ἐχθρῶν
2687 2900 2794 2958 εἶεν
2820 2903 2886 2958 ἂν
2913 2905 2969 2959 αἰ
2991 2906 3090 2977 τῆς
3119 2905 3315 2970 κακίας
3360 2905 3537 2959 αὐτῶν
3567 2905 3735 2960 δυνά-

2155 3015 2295 3068 μεις,
2317 2997 2384 3061 ἀς
2409 2996 2814 3069 διασκορπίζειν
2843 2995 2983 3050 κατά
3030 2997 3122 3050 τὸν
3170 2997 3566 3068 σημαινόμενον
3613 3015 3713 3052 και

2154 3089 2246 3160 ρὸν
2274 3091 2303 3142 6
2323 3088 2480 3157 λόγος
2509 3089 2743 3142 ἀπειλεῖ.
2768 3086 2899 3141 Τότε
2931 3088 2986 3140 δέ
3018 3090 3112 3142 καὶ
3155 3089 3732 3160 καταισχυνθήσονται,

2149 3180 2370 3234 ἐπειδὰν
2390 3181 2767 3254 ἀποδοκιμάσῃ
2795 3183 2991 3247 absab;
3016 3183 3044 3235 6
3062 3182 3194 3246 Θεὸς
3215 3182 3248 3254 ἢ
3279 3181 3628 3255 ἐξουθενήσῃ,
3660 3183 3728 3236 sb

2150 3273 2320 3345 μηθὲν
2351 3275 2551 3339 absab;
2587 3270 2726 3330 εἶναι
2755 3274 3058 3338 ἀποδείξας.
3094 3273 3279 3327 Ταῦτα
3322 3274 3549 3336 εἰκότως
3573 3273 3730 3342 ἠπεί-

2145 3367 2308 3438 λησεν
2332 3369 2360 3420 6
2383 3366 2493 3420 τῶν
2540 3365 2840 3438 ἀνθρώπων
2899 3365 3148 3437 κηδεμὼν
3199 3365 3292 3419 τοῦ
3348 3365 3483 3419 Θεοῦ
3545 3366 3728 3434 λόγος’

2147 3457 2333 3528 ἐπειδὴ
2357 3456 2622 3529 διακύψας
2659 3459 2724 3510 ἐκ
2775 3456 2870 3510 τοῦ
2898 3456 3127 3525 ούρανοῦ
3155 3457 3247 3509 ἐπὶ
3280 3459 3405 3522 τοὺς
3445 3458 3592 3520 υἰοὺς
3618 3457 3730 3512 τῶν

2144 3547 2469 3619 ἀνθρώπων,
2503 3548 2742 3618 ζητήσας
2785 3565 2845 3600 τε
2895 3548 2954 3600 ἐν
2991 3547 3173 3611 αὐτοῖς
3199 3549 3248 3601 εἰ
3294 3548 3409 3601 ἐστι
3440 3547 3634 3601 συνιὼν
3689 3547 3725 3618 ἢ

2145 3638 2323 3710 ζητῶν
2353 3639 2445 3692 τὸν
2471 3638 2624 3701 Θεὸν,
2653 3638 2844 3693 οὐδένα
2874 3631 3020 3712 εὗρε·
3053 3638 3319 3692 κατέλαϐε
3356 3639 3412 3692 δέ
3439 3640 3562 3702 τοὺς
3582 3638 3726 3690 πάν-

2141 3748 2242 3796 τας
2261 3733 2318 3798 ἐξ
2344 3731 2638 3802 ἐπιϐουλῆς
2664 3730 2875 3803 ἐχθρῶν
2896 3729 3240 3793 ἐκκλίνοντας
3277 3730 3369 3783 καὶ
3395 3729 3726 3800 ἀχρειωθέν-

2143 3839 2262 3886 τας,
2293 3823 2369 3886 ὼς
2407 3823 2542 3894 μηδέ
2575 3823 2679 3886 ἕως
2713 3823 2831 3886 ἐνὸς
2853 3821 3263 3894 περιλείπεσθαι
3295 3819 3517 3889 ἀγαθῶν
3543 3820 3725 3892 ἔργων

2145 3915 2396 3985 ποιητήν.
2429 3900 2508 3967 Τά
2542 3914 2640 3984 μὲν
2662 3909 2754 3966 οὖν
2778 3912 2967 3983 πρῶτα
2996 3911 3197 3982 ὁμοίως
3238 3913 3332 3966 καὶ
3381 3912 3410 3964 6
3456 3919 3524 3980 ιγ’
3563 3928 3724 3982 περι-

2145 4003 2278 4074 έχει⁸
2307 4003 2682 4074 παρήλλακται
2699 4002 2755 4056 δέ
2778 4002 2845 4056 τά
2872 4001 3017 4074 ἐξῆς.
3034 4003 3122 4056 Ἐν
3143 4004 3239 4074 μὲν
3266 4003 3374 4074 γὰρ
3393 4002 3470 4074 τῷ
3498 4010 3565 4071 ιγ’
3595 4020 3722 4055 συν-

2141 4089 2311 4160 ἧπται
2357 4090 2568 4153 τούτοις
2623 4091 2704 4156 τὸ,
2745 4091 2872 4144 ’Ὅτι
2916 4094 2949 4144 ὀ
2979 4091 3122 4157 Θεὸς
3147 4092 3218 4144 ἐν
3271 4088 3446 4160 γενεᾷ
3495 4089 3716 4156 δικαίᾳ,

2135 4179 2384 4248 ,ϐουλὴν
2413 4180 2652 4251 πτωχοῦ
2699 4181 3138 4248 κατῃσχύνατε,
3169 4179 3257 4233 ὅτι
3299 4181 3512 4247 Κύριος
3539 4181 3718 4246 ἐλπίς

2141 4271 2328 4324 αὐτοῦ
2368 4271 2558 4325 ἐστιν·
2595 4271 2831 4325 ἐνταῦθα
2855 4271 2934 4334 δὲ,
2971 4273 3090 4324 Ὅτι
3120 4275 3152 4325 ὀ
3202 4270 3347 4337 Θεὸς
3378 4270 3719 4338 διεσκόρπι-

2141 4373 2253 4413 σεν
2281 4359 2432 4414 ὀστᾶ
2465 4359 2998 4430 ἀνθρωπαρέσκων,
3033 4362 3549 4431 κατῃσχύνθησαν
3564 4403 3579 4426 ,
3627 4363 3718 4417 ὅτι

465 4444 598 4512 Qua:
623 4461 754 4501 vero
779 4446 892 4516 jam
927 4456 1253 4512 tractantur,
1287 4466 1394 4520 qua
1430 4452 1643 4509 ratione
1672 4454 2032 4524 explicueri-

2151 4453 2173 4504 ό
2212 4449 2357 4517 Θεὸς
2376 4450 2787 4515 ἐξουδένωσεν
2805 4453 3044 4518 αὐτούς.
3085 4451 3246 4505 Ἀλλά
3275 4451 3372 4523 μὲν
3409 4454 3488 4516 εἰς
3506 4452 3598 4506 τὸν
3649 4460 3716 4521 ιγ’

465 4553 610 4604 mus,
643 4539 840 4610 cuique
867 4539 1060 4614 legenti
1090 4541 1267 4611 palam
1292 4551 1394 4598 est.

541 4797 702 4855 Vens.
739 4800 788 4857 7.
810 4801 941 4868 Quis
967 4801 1114 4856 dabit
1141 4818 1206 4858 ex
1237 4801 1366 4859 Sion
1394 4801 1646 4859 Salutare
1675 4803 1848 4860 Israel
1865 4807 1890 4862 .’
1917 4823 2036 4861 cum

462 4893 772 4947 converterit
807 4892 948 4948 Deus
979 4895 1335 4961 captivitatem
1366 4896 1529 4964 plebis
1566 4913 1678 4952 sua:
1698 4938 1713 4964 ,
1747 4899 2035 4964 exsultabit

461 4979 630 5036 Iacob
665 4994 715 5038 et
748 4983 1017 5040 lambitur
1053 4985 1247 5044 Israel.
1281 4989 1420 5044 Cum
1463 4986 1736 5060 Propheta
1775 5007 1842 5046 ex
1879 5007 2034 5049 reve-

461 5074 666 5130 latione
708 5075 946 5148 Spiritus
994 5082 1170 5136 sancti
1222 5096 1419 5153 magna
1461 5083 1803 5153 concepisset
1844 5085 2031 5160 animo

464 5162 532 5219 de
579 5167 824 5236 pernicie
860 5168 1206 5225 inimicorum
1253 5170 1480 5226 humani
1532 5174 1787 5242 generis,
1837 5174 2034 5230 deinde

460 5255 669 5313 addidit
711 5259 880 5325 illud,
913 5260 1046 5327 Quis
1086 5263 1232 5317 dabit
1277 5281 1342 5319 ea:
1387 5265 1515 5320 Sion
1544 5267 1794 5322 Salutare
1818 5267 1844 5320 .’
1885 5283 1950 5322 ac
1981 5268 2028 5321 si

458 5345 702 5413 diceret,
733 5351 858 5420 quis
895 5351 1048 5407 dabit
1077 5354 1192 5409 lnec
1216 5357 1328 5426 jam
1361 5372 1525 5426 opere
1567 5357 1873 5426 compleri?
1912 5357 2030 5412 Non

459 5444 606 5498 cnim
640 5445 747 5499 alia
781 5447 994 5502 ratione
1025 5449 1276 5506 liberatio
1327 5466 1358 5504 a
1402 5451 1560 5505 malis
1601 5462 1720 5504 rata
1763 5453 1868 5506 erit
1903 5451 2030 5508 llliis

459 5533 742 5592 hominum
767 5578 782 5605 ,
810 5539 915 5595 nisi
943 5553 1039 5611 per
1063 5541 1238 5596 solum
1264 5542 1557 5598 adventum
1590 5543 1862 5600 Salutaris
1893 5542 2025 5610 Dei,

526 5711 572 5746 τ’
616 5712 758 5770 Psal.
796 5730 932 5782 xm,
966 5714 1020 5773 6.

2141 4542 2347 4606 οἰκείας
2375 4541 2564 4613 ἔτυχεν
2587 4544 2884 4614 ἑρμηνείας
2913 4543 3054 4598 κατὰ
3079 4545 3204 4606 τοὺς
3233 4543 3467 4607 οἰκείους
3491 4544 3713 4608 τόπουςο
3739 4581 3742 4584 ~

2141 4631 2212 4685 τά
2266 4632 2323 4685 δέ
2379 4634 2738 4704 προκείμενα,
2772 4635 2920 4699 ὅπως
2953 4636 3084 4706 ἡμῖν
3127 4632 3394 4705 παρέστη,
3429 4634 3714 4705 πρόκειται

2138 4727 2253 4787 τοῖς
2280 4725 2722 4796 ἐντυγχάνουσιν.

2213 4814 2310 4880 Τίς
2336 4812 2514 4869 δώσει
2533 4815 2601 4869 ἐκ
2629 4814 2784 4869 Σιὼν
2803 4815 2867 4869 τὸ
2891 4813 3188 4883 Σωτήριον
3205 4815 3312 4870 τοῦ
3355 4816 3624 4885 Ἰσραήλ;
3644 4818 3715 4871 ἐν

2135 4899 2216 4966 τῷ
2251 4902 2610 4972 ἐπιστρέψαι
2641 4902 2750 4957 τὸν
2780 4902 2928 4957 Θεὸν
2973 4902 3088 4971 τὴν
3131 4905 3550 4973 αἰχμαλωσίαν
3604 4905 3712 4960 τοῦ

2134 4993 2291 5048 λαοῦ
2311 4995 2518 5059 αὐτοῦ,
2539 4991 2964 5064 ἀγηλλιάσεται
2992 4994 3220 5059 Ἰακὼϐ,
3256 4996 3352 5048 καί
3376 4997 3714 5064 εὐφρανθή-

2138 5101 2308 5140 σεται
2345 5085 2614 5154 ἰσραήλ.
2657 5085 2882 5154 Μεγάλα
2907 5085 3233 5154 φαντασθεὶς
3269 5087 3298 5138 6
3324 5085 3618 5158 Προφήτης
3645 5088 3710 5140 ἐκ

2133 5177 2232 5248 τῆς
2269 5176 2364 5230 τοῦ
2391 5177 2546 5246 ἀγίου
2568 5175 2882 5246 Πνεύματος
2917 5177 3307 5247 ἀποκαλύψεως
3340 5179 3466 5249 περὶ
3489 5178 3588 5248 τῆς
3611 5180 3710 5231 ἀπ-

2134 5267 2331 5330 ωλείας
2355 5266 2464 5320 τῶν
2494 5265 2702 5338 ἐχθρῶν
2730 5265 2824 5318 τοῦ
2861 5266 2969 5330 τῶν
3009 5266 3312 5338 ἀνθρώπων
3339 5267 3550 5336 γένους,
3583 5267 3708 5338 ἐξῆς

2136 5361 2386 5431 ἐπήγαγε
2410 5359 2494 5423 s6,
2531 5360 2627 5425 Τις
2647 5357 2825 5412 δώσει
2852 5357 2920 5411 ἐκ
2950 5357 3098 5411 Σιὼν
3117 5359 3183 5412 τὸ
3208 5359 3502 5427 Σωτήρων
3517 5374 3537 5422 ;
3573 5359 3707 5411 ὡσεὶ

2134 5449 2320 5518 ἐλεγεο
2353 5450 2448 5513 Τίς
2489 5447 2650 5502 δώσει
2690 5447 2789 5519 ήδη
2834 5447 2965 5501 ποτέ
3003 5447 3179 5501 ταῦτα
3213 5447 3282 5501 δι’
3323 5447 3501 5519 ἔργων
3526 5447 3705 5518 χωρῆ-

2135 5558 2254 5608 σαι;
2290 5541 2365 5596 Οὐ
2393 5540 2502 5612 γὰρ
2529 5539 2704 5604 ἄλλως
2744 5538 3016 5596 σεσῶσθαι
3037 5538 3225 5596 κακῶν
3250 5539 3565 5611 ἐλευθερίαν
3593 5539 3704 5602 τοίς
