4100 6442
497 352 603 411 ωε

1211 352 1481 411 EUSEBII
1520 346 2000 413 CESARIEN’SIS
2038 358 2191 416 OPP.
2230 357 2411 413 PARS
2440 357 2528 414 Ιιι.
2565 388 2633 403 -ρ
2673 354 3078 413 EXEGETICA.

3648 360 3757 417 ωε

497 478 621 536 τοι,
649 468 817 541 alium
843 482 1036 524 eorum
1067 469 1159 540 qui
1192 468 1251 522 iu
1280 461 1662 539 captivitatem
1704 471 1927 527 abducti
1965 489 2060 528 non

2178 464 2339 526 Οὗτοι
2373 471 2482 544 γὰρ
2523 470 2991 544 ετῦφρανθήσονται
3032 473 3099 525 ὲν
3137 470 3214 542 τῷ
3253 472 3602 542 ἐπιστρέφειν
3638 475 3759 529 Κύ-

496 567 656 627 sunt;
689 560 854 644 alium
884 574 1075 615 eorum
1091 559 1184 630 qui
1206 559 1423 615 abducti
1450 560 1669 629 quidem
1689 571 1837 623 sunt,
1858 563 1955 619 sed
1976 580 2072 635 per

497 650 749 715 Salutate
774 649 1080 707 libertatem
1109 656 1237 706 sunt
1253 650 1555 707 consecuti.
1579 648 1738 707 Dicas
1762 651 1929 727 igitur
1949 654 2072 710 illos

494 742 625 797 olim
659 742 957 813 prophetas
978 781 994 807 ,
1031 741 1214 812 iustos
1240 781 1255 807 ,
1294 742 1673 812 pattiarcbas,
1705 752 1759 799 et
1803 752 2072 815 quotquot

494 834 565 889 sb
607 848 794 890 errore
822 833 1143 888 idololatriae
1176 832 1301 904 puri
1330 831 1584 895 fuerunt,
1617 833 1768 906 ipsos
1813 849 1936 891 esse
1977 835 2077 906 qui

495 924 553 980 in
602 925 974 996 captivitatem
1027 938 1058 978 a
1117 923 1499 994 spiritualibus
1557 925 1798 982 inimicis
1848 926 2069 981 abducti

495 1031 604 1072 non
636 1026 764 1073 sunt
791 1035 806 1072 :
841 1030 938 1072 eos
971 1030 1102 1073 vero
1131 1030 1197 1071 ex
1233 1016 1487 1088 gentibus
1515 1018 1608 1088 qui
1644 1017 1701 1071 in
1738 1017 1945 1085 nullius
1974 1017 2069 1077 Dei

494 1108 705 1165 cultum
751 1122 875 1164 sese
922 1115 1252 1172 verterunt;
1297 1122 1394 1162 eos
1445 1107 1575 1161 item
1625 1107 1719 1177 qui
1770 1107 2067 1163 multorum

493 1198 780 1254 numinum
822 1198 999 1255 errori
1038 1213 1099 1255 se
1140 1197 1481 1264 subdidere;
1525 1198 1642 1253 sive
1676 1197 1842 1254 etiam
1875 1199 1970 1269 qui
1999 1214 2065 1255 es

490 1278 912 1346 circumcisione
942 1288 1187 1360 peccatis
1217 1287 1334 1344 suis
1367 1288 1570 1343 venditi
1608 1296 1777 1351 sunt;
1813 1297 1978 1360 atque
2012 1290 2067 1343 in

490 1395 705 1437 summa
732 1395 924 1436 omnes
942 1422 956 1445 ,
991 1379 1060 1435 de
1087 1380 1289 1450 quibus
1316 1380 1571 1449 superius
1600 1379 1806 1435 dictum
1833 1388 1947 1445 est,
1982 1379 2068 1436 Di-

490 1471 574 1526 xit
606 1471 859 1540 insipiens
893 1471 947 1527 in
978 1471 1134 1527 corde
1167 1487 1264 1525 suo
1289 1487 1308 1525 :
1355 1469 1477 1527 Non
1509 1479 1587 1525 est
1623 1469 1801 1535 Deus;
1834 1470 2091 1540 corrupti

489 1570 616 1617 sunt
651 1572 717 1617 et-
745 1561 1126 1617 abominabiles
1165 1561 1299 1631 [acti
1333 1572 1457 1617 sunt
1496 1563 1551 1616 in
1586 1562 1902 1632 iniquitate,
1933 1577 2065 1629 eos,

489 1652 716 1723 inquam
739 1693 754 1719 ,
783 1668 908 1708 esse
932 1651 1026 1722 qui
1068 1651 1437 1735 captivitatem
1480 1651 1632 1723 passi
1673 1659 1825 1708 sunt.
1856 1650 2068 1718 Quibus

489 1760 588 1815 per
618 1744 914 1801 salutarem
946 1742 1244 1799 adventum
1274 1744 1526 1800 liberatis
1545 1784 1562 1811 ,
1594 1743 1799 1800 chorus
1829 1743 2067 1815 prophe-

2176 581 2290 635 ριον
2314 562 2412 635 τὴν
2439 562 2813 635 αἰχμαλωσίαν
2841 561 2935 616 τοῦ
2968 562 3095 617 λαοῦ
3127 563 3310 618 αὑτοῦ.
3342 564 3450 619 Δύο
3465 564 3647 621 τοίνυν
3666 565 3761 621 διὰ

2172 654 2379 709 τούτων
2419 653 2749 726 παρίσταται
2778 654 3055 725 τάγματα,
3089 654 3152 708 τὸ
3179 655 3277 725 μὲν
3305 654 3416 709 τῶν
3448 655 3529 727 μὴ
3549 656 3761 711 ὑποπε-

2174 745 2468 799 πτωκότων
2498 747 2566 816 τῇ
2592 744 2960 816 αἰχμαλωσίᾳ,
2989 744 3050 798 τὺ
3075 745 3132 799 δὲ
3152 746 3261 801 τῶν
3278 746 3759 806 ὑποπεπτωκότων

2176 834 2298 907 μὲν,
2325 833 2641 906 ἐλευθερίας
2676 833 2735 888 δὲ
2769 834 3147 906 τετυχηκότων
3192 835 3280 891 διὰ
3320 836 3414 890 τοῦ
3448 836 3755 909 Σωτηρίου.

2186 927 2362 997 Ἐρεῖς
2405 920 2498 981 οὖν
2538 926 2665 989 τοὺς
2702 925 2800 996 μὲν
2836 924 3005 979 πάλαι
3038 929 3323 998 προφήτας
3353 928 3446 981 καὶ
3480 927 3752 991 δικαίους,

2172 1016 2266 1069 καὶ
2292 1015 2657 1088 πατριάρχας,
2676 1016 2771 1069 καὶ
2800 1015 3007 1080 πάντας
3021 1017 3147 1081 τοὺς
3175 1016 3449 1089 καθαροὺς
3478 1017 3576 1088 τῆς
3598 1016 3760 1073 εἰδω-

2173 1107 2439 1180 λολάτρου
2476 1107 2685 1179 πλάνης
2712 1108 3061 1178 ⁴γενομένους,
3093 1108 3292 1173 αὐτοὺς
3329 1104 3469 1163 εἶναι
3513 1109 3639 1172 τοὺς
3675 1108 3757 1179 μὴ

2171 1199 2639 1262 ὑποπεπτωκότας
2678 1200 2746 1271 τῇ
2789 1197 2897 1251 τῶν
2943 1198 3150 1269 νοητῶν
3202 1199 3475 1271 πολεμίων
3517 1198 3751 1254 ἁλώσει·

2170 1288 2297 1350 τοὺς
2321 1287 2378 1341 δὲ
2407 1284 2472 1352 ἐξ
2510 1287 2680 1341 ἐθνῶν
2719 1289 2800 1350 είς
2831 1287 3100 1359 ἀθεότητα
3142 1289 3597 1362 περιτραπέντας,
3623 1288 3759 1355 τούς

2169 1392 2229 1428 τε
2268 1376 2335 1446 τῇ
2367 1374 2610 1447 πολυθέῳ
2638 1375 2815 1448 πλάνῃ
2843 1376 3369 1443 καταδουλωθέντας,
3401 1378 3435 1449 ἢ
3486 1380 3579 1441 καὶ
3620 1379 3759 1442 τοὺς

2170 1467 2233 1519 ἐκ
2263 1468 2564 1539 περιτομῆς
2587 1467 2713 1532 τοὺς
2757 1469 2878 1531 ταῖς
2914 1467 3124 1522 ἑαυτῶν
3172 1468 3468 1541 ἁμαρτίαις
3511 1468 3755 1541 πραθένο

2168 1576 2288 1624 τας,
2313 1560 2407 1613 καὶ
2433 1559 2770 1626 ἁπαξαπλῶς
2790 1559 3056 1625 ἅπαντας,
3091 1562 3220 1634 περὶ
3243 1554 3320 1616 ὧν
3354 1561 3609 1634 ἀνωτέρω
3631 1561 3757 1616 ἐλέ-

2169 1665 2295 1717 γετο
2315 1666 2328 1678 ·
2375 1645 2564 1703 Εἶπεν
2589 1648 2795 1718 ἄφρων
2821 1649 2891 1704 ἐν
2921 1650 3139 1719 καρδίᾳ
3175 1650 3362 1714 αὐτοῦ
3381 1668 3397 1682 ⁸
3449 1652 3573 1707 οὐκ
3614 1650 3757 1708 ἐστι

2172 1739 2339 1805 Θεὸς,
2392 1739 2731 1809 διέφθειραν
2757 1740 2854 1795 καί
2909 1741 3366 1811 ἐϐδελύχθησαν
3406 1742 3755 1812 ἐνὰνομια,

488 1834 634 1891 ticus
663 1834 759 1905 qui
788 1834 902 1904 iam
939 1833 1069 1905 olim
1102 1832 1160 1887 in
1200 1831 1311 1888 Deo
1342 1832 1649 1904 requievit,
1683 1832 1888 1904 quippe
1936 1847 2060 1903 pro-

2166 1830 2387 1894 τούτους
2414 1832 2704 1901 τυγχάνειν
2728 1832 2856 1894 τοὺς
2876 1832 2973 1902 τὴν
2994 1831 3369 1903 αἰχμαλωσίαν
3389 1831 3753 1898 πεπονθότας.

406 1910 419 1919 ”
488 1923 607 1994 prie
632 1904 803 1981 Jacob
830 1932 883 1981 et
916 1904 1082 1981 Israel
1102 1963 1118 1988 ,
1149 1924 1220 1980 ob
1252 1939 1339 1983 res
1371 1939 1469 1995 per
1498 1923 1722 1981 nomina
1749 1922 2066 1995 bujusmodi

2173 1917 2277 1975 Ὧν
2309 1921 2781 1995 ἐλευθερουμένων
2819 1923 2911 1977 διά
2936 1923 3035 1994 τῆς
3064 1922 3161 1978 τοῦ
3193 1924 3470 1997 Σωτηρίου
3514 1923 3755 1995 ἐπιλάμ-

485 2013 856 2084 signilieatas,
893 2016 1222 2087 appellatur,
1252 2014 1551 2071 exsultabit
1581 2022 1637 2070 et
1680 2006 1975 2076 testabitur,
2006 2021 2060 2067 ut

2170 2011 2336 2082 ψεως,
2367 2015 2396 2068 ὁ
2427 2012 2594 2069 πάλαι
2631 2013 2784 2085 παρὰ
2820 2013 2940 2086 Θεῷ
2970 2015 3071 2086 ἤδη
3113 2015 3567 2088 ἀναπεπαυμένος
3613 2033 3756 2089 προ-

486 2105 726 2177 propriis
772 2108 1035 2164 membris
1074 2107 1384 2178 gratulatus
1428 2105 1497 2161 iis
1539 2106 1635 2176 qui
1670 2120 1769 2175 per
1812 2105 2060 2160 Salutare

2172 2106 2401 2177 φητικὸς
2427 2107 2609 2180 χορὸς,
2654 2105 2849 2161 Ἰακὼϐ
2878 2108 2973 2162 καὶ
3011 2109 3227 2181 Ἰσραὴλ
3257 2109 3462 2181 κυρίως
3492 2108 3755 2181 ὀνομαζό-

486 2195 792 2252 libertatem
820 2198 969 2252 nacti
1002 2204 1154 2253 sunt.
1586 2260 1589 2263 ν

2173 2213 2330 2268 μενος
2360 2196 2448 2251 διὰ
2476 2197 2547 2252 τὰ
2566 2199 2630 2253 ὲκ
2661 2197 2768 2253 τῶν
2782 2197 3060 2268 ὀνομάτων
3082 2200 3455 2271 σημαινόμενα
3487 2199 3753 2271 πράγμα-

484 2302 588 2352 τα,
633 2286 1025 2356 ἀγαλλιάσεται
1056 2288 1152 2360 καὶ
1176 2287 1645 2360 εὐφρανθήσεται,
1683 2288 2085 2361 συγχαίρωνὼς
2121 2289 2337 2353 οἰκείοις
2369 2290 2553 2362 μέλεσι
2572 2294 2682 2355 τοῖς
2711 2289 2798 2345 διὰ
2823 2290 2916 2345 τοῦ
2948 2291 3224 2363 Σωτηρίου
3258 2290 3753 2365 ἐλευθερουμένοις.

486 2427 537 2480 1.
570 2425 647 2497 IN
686 2426 899 2483 FINEM
934 2428 1003 2483 IN
1044 2428 1328 2494 HYMNIS,
1357 2428 1839 2484 INTELLECTUS
1877 2428 2060 2483 DAVI-

2171 2432 2280 2486 ΕΙΣ
2334 2434 2421 2486 ΤΟ
2476 2434 2698 2488 ΤΕΔΟΣ
2750 2434 2842 2488 EN
2897 2434 3198 2497 ΥΜΝυιΣ,
3253 2432 3605 2488 ΣΥΝΕΣΕΩΣ
3662 2430 3754 2486 ἸὩ

556 2496 642 2553 Dl.
683 2498 738 2554 2.
780 2497 926 2553 CUM
968 2498 1354 2554 VENISSENT
1395 2499 1683 2563 ZIPHIEI,
1728 2499 1815 2554 ET
1857 2498 2060 2553 [)le8-

2239 2503 2438 2556 ΔΑΥΙΔ
2462 2541 2477 2565 ,
2514 2504 2607 2557 ΕΝ
2646 2502 2734 2556 ΤΩ
2772 2503 3022 2558 ΕΔΘΕΙΝ
3062 2496 3240 2557 ΤΟΥΣ
3276 2502 3591 2559 ΖῘΦΔΙΟΥΣ
3626 2502 3751 2555 ΚΔῙ

555 2565 736 2621 SENT
782 2567 876 2621 AD
930 2567 1111 2624 SAUL
1153 2588 1168 2624 :
1211 2567 1443 2624 NONNE
1498 2567 1708 2623 DAV'ID
1763 2568 2060 2626 ABSCON-

2238 2572 2475 2626 EIDEIN
2526 2573 2615 2625 ΤΩ
2668 2573 2921 2628 ΣΑΟΥΛο
2963 2573 3103 2629 υΥΚ
3155 2572 3312 2627 ΙΔΟΥ
3367 2572 3568 2627 ΔΔΥΙΔ
3622 2571 3753 2625 KE-

557 2635 764 2692 DiTUS
801 2633 937 2691 EST
973 2634 1160 2694 APUD
1199 2636 1376 2694 ΝυΒῖ
1410 2637 1542 2693 LIII.
1640 2676 1648 2681 -

2240 2642 2551 2696 ΚΡΥΙΙΤΑΙ
2590 2643 2746 2697 IIAP‘
2785 2644 2966 2697 HMIN
2985 2659 3001 2709 ;
3043 2643 3165 2697 NI".

553 2747 724 2806 Vsus.
756 2750 809 2817 5,
835 2752 889 2805 ι.
931 2750 1074 2806 Deus
1109 2752 1165 2806 in
1209 2754 1418 2808 nomine
1457 2761 1548 2808 tuo
1581 2753 1785 2808 salvum
1823 2770 1904 2809 me
1941 2756 2059 2824 fac,

2250 2750 2305 2801 '0
2336 2750 2500 2816 Θεὸς,
2522 2751 2593 2806 ἐν
2619 2751 2699 2818 τῷ
2727 2752 2977 2822 ὀνόματί
2998 2768 3115 2807 σου
3158 2753 3365 2808 σῶσον
3399 2770 3498 2823 με,
3540 2754 3641 2808 καί
3676 2755 3751 2808 ἐν

481 2849 530 2893 et
564 2840 620 2895 in
658 2842 853 2897 virtute
887 2851 979 2897 tua
1011 2843 1202 2914 judira
1240 2860 1342 2901 me.
1389 2840 1562 2899 Sicuti
1606 2845 1852 2915 psalmos
1878 2845 1974 2916 qui
2004 2845 2060 2903 in

2169 2837 2244 2907 τῇ
2277 2838 2605 2911 δυναστείᾳ
2628 2858 2747 2897 σου
2777 2842 2985 2912 κρῖνόν
2998 2861 3095 2914 με.
3120 2845 3331 2916 Ὥσπερ
3363 2844 3753 2899 ἀπεδείκνυντο

485 2932 661 3000 prima
711 2943 863 3003 parte
915 2933 1038 2989 libri
1091 2943 1260 3002 sunt,
1306 2941 1430 3006 post
1469 2934 1686 3006 lapsum
1729 2935 1787 2990 in
1832 2949 2058 2992 uxorem

2167 2933 2217 2986 oi
2275 2933 2418 2988 κατὰ
2463 2934 2526 2988 τὸ
2547 2934 2763 3007 πρῶτον
2809 2936 2975 3008 μέρος
3005 2936 3107 3008 τῆς
3138 2936 3320 3008 βίϐλου
3362 2937 3470 2993 τῶν
3496 2938 3750 3011 Ψαλμῶν

490 3021 634 3078 Uria:
664 3024 1050 3096 pronuntiatos
1081 3025 1257 3083 fuisse
1289 3043 1356 3081 ex
1390 3026 1735 3097 singulorum
1774 3026 1937 3082 titulo
1965 3025 2060 3082 de-

2171 3024 2308 3096 μετὰ
2340 3025 2402 3079 τὸ
2433 3029 2679 3098 πταῖσμα
2709 3028 2770 3081 τὸ
2803 3030 2883 3093 είς
2907 3027 3007 3100 τὴν
3035 3027 3131 3082 τοῦ
3161 3028 3358 3101 Οὐρίου
3401 3029 3626 3098 γεγονὸς
3652 3030 3750 3084 λε-

410 3138 421 3145 ι
484 3120 847 3170 monstratum
905 3126 1035 3182 est;
1098 3117 1174 3172 ita
1228 3132 1381 3172 nunc.
1430 3131 1652 3189 quoque
1715 3118 2056 3190 singulorum

2168 3115 2420 3187 λεγμένοι
2466 3119 2530 3172 ὲκ
2577 3119 2680 3189 τῆς
2725 3119 2809 3188 ἐφ’
2833 3118 3048 3190 ἑκάστῳ
3081 3121 3338 3191 κειμένης
3383 3120 3746 3192 προγραφῆς·

483 3205 821 3275 psalmorum
889 3204 1313 3279 inscriptiones,
1377 3216 1563 3264 notam
1626 3209 1888 3280 temporis
1950 3224 2060 3281 quo

2165 3207 2309 3262 οὓτω
2334 3210 2429 3263 καὶ
2456 3208 2553 3263 νῦν
2589 3212 2645 3265 ai
2668 3209 2792 3264 καθ’
2814 3210 3044 3264 ’ἑκαστον
3066 3209 3278 3281 ψαλμὸν
3306 3211 3621 3281 προγραφαὶ
3642 3211 3745 3282 δη·

422 3282 427 3289 ’
480 3296 694 3350 recitati
735 3303 887 3363 sunt,
928 3297 1247 3368 praeferunt.
1297 3296 1551 3365 Praesens
1590 3297 1775 3369 itaque
1814 3299 2060 3370 psalmus

481 3400 584 3442 uos
622 3387 809 3443 statim
848 3387 1080 3442 remittit
1108 3386 1177 3444 ad
1206 3388 1444 3459 primum
1475 3384 1789 3458 Regnorum
1825 3389 2059 3455 librum,

481 3484 543 3533 ut
579 3476 706 3533 inde
747 3475 1065 3544 discamus,
1111 3480 1311 3550 quibus
1354 3479 1423 3536 de
1468 3480 1639 3537 rebus
1691 3478 1840 3535 bunc
1900 3481 2059 3553 hymv

482 3582 612 3623 ωηο
644 3565 811 3621 David
840 3567 1102 3624 emiserit.
1138 3568 1378 3627 Historia
1409 3585 1574 3641 porro
1608 3570 1690 3627 sic
1736 3569 1900 3627 habet
1937 3590 1950 3626 :
1990 3568 2060 3624 Et

479 3657 627 3712 sedes
648 3655 874 3713 habebat
907 3656 1075 3713 Dauid
1100 3659 1155 3713 in
1177 3659 1381 3714 deserto
1412 3657 1658 3715 llasedec
1689 3659 1745 3715 in
1772 3661 2011 3730 angustis
2039 3677 2057 3715 :

477 3759 529 3803 et
556 3747 870 3803 morabatur
887 3749 942 3805 in
969 3761 1164 3817 monte,
1198 3751 1253 3805 in
1279 3750 1485 3807 deserto
1518 3750 1655 3820 Ziph
1678 3751 1745 3808 ".
1769 3750 1976 3809 Deinde
2000 3762 2062 3807 ut

481 3842 622 3896 venit
649 3838 926 3896 lonatltan
955 3840 1104 3913 ﬁlius
1149 3838 1284 3897 Saul
1332 3838 1404 3897 ad
1446 3842 1641 3912 ipsum,
1675 3850 1726 3897 et
1757 3841 1897 3897 dixit
1927 3842 2012 3898 illi
2041 3858 2060 3897 :

484 3932 569 3990 Ne
592 3935 813 3999 timeas;
835 3950 997 4006 neque
1015 3935 1155 3988 enim
1182 3942 1230 3987 te
1259 3934 1483 3990 inveniet
1514 3951 1703 3990 manus
1734 3933 1868 3990 Saul
1891 3935 2061 4004 patris

480 4024 584 4083 mei
617 4039 636 4079 :
663 4034 715 4080 et
758 4034 813 4079 tu
840 4022 1084 4096 regnabis
1110 4039 1268 4093 super
1299 4022 1498 4088 Israel,
1520 4032 1571 4077 et
1594 4040 1687 4094 ego
1723 4041 1814 4079 ero
1848 4023 1944 4079 tibi
1976 4040 2060 4081 se-

475 4114 764 4177 cundus,et
786 4114 920 4170 Saul
945 4123 1096 4182 pater
1122 4131 1266 4168 meus
1288 4114 1387 4169 scit
1404 4114 1499 4168 hoc
1509 4114 1575 4166 ⁸⁸.
1596 4113 1664 4168 Et
1691 4122 2060 4184 percusserunt

475 4203 631 4261 ambo
654 4204 825 4274 {cedas
853 4219 1034 4258 curant
1063 4202 1312 4267 Domino,
1338 4203 1633 4274 mansitque
1658 4202 1852 4270 David,
1880 4214 1931 4259 et
1958 4202 2059 4258 Jo-

474 4293 678 4350 nathnn
714 4293 845 4347 abiit
891 4294 946 4348 in
976 4292 1190 4348 domum
1225 4310 1401 4350 suam.
1436 4292 1650 4361 Quibus
1682 4294 1879 4351 deinde
1922 4294 2059 4351 sub-

470 4385 654 4458 jungit
680 4403 694 4440 :
728 4382 793 4438 Et
825 4384 1174 4439 ascenderunt
1201 4383 1404 4454 Ziphazj
1431 4399 1496 4439 ex
1516 4384 1669 4440 arido
1691 4384 1806 4441 loco
1830 4385 1899 4441 ad
1923 4384 2060 4443 Saul

474 4479 531 4532 in
557 4476 745 4532 collem
791 4474 1024 4530 dicentes
1054 4491 1072 4529 :
1108 4474 1297 4531 Nonne
1327 4491 1443 4531 ecce
1488 4475 1662 4531 David
1702 4476 1882 4532 latitat
1912 4477 2054 4546 apud

2164 3300 2393 3355 λωτικαὶ
2423 3301 2752 3371 τυγχάνουσι
2780 3300 2875 3354 τοῦ
2919 3301 3115 3373 χρόνου
3144 3300 3266 3356 καθ’
3317 3301 3377 3356 ὃν
3420 3300 3741 3372 ἐλέχθησαν.

2162 3389 2372 3446 Λύτίκα
2405 3390 2538 3461 γοῦν
2562 3391 2656 3446 καὶ
2687 3392 2717 3445 ό
2751 3393 3108 3463 προκείμενος
3160 3391 3474 3463 ἀνέπεμψεν
3516 3392 3610 3445 ἐπὶ
3639 3391 3747 3464 τὴν

2163 3481 2385 3554 πρώτην
2413 3482 2592 3554 βίϐλον
2613 3482 2722 3538 τῶν
2751 3482 3074 3537 Βασιλειῶνο
3105 3483 3181 3548 ὡς
3213 3482 3280 3538 ἂν
3313 3483 3520 3538 ἐκεῖθεν
3548 3482 3744 3556 μάθοι-

2165 3588 2286 3641 μεν,
2319 3573 2402 3642 ὲφ*
2450 3573 2584 3636 οἵοις
2629 3572 2918 3644 πράγμασι
2950 3572 3043 3627 τὸν
3099 3571 3459 3644 προκείμενον
3492 3570 3661 3643 ὕμνον
3712 3574 3747 3627 ό

2162 3660 2327 3716 Δαυῖδ
2347 3662 2683 3734 ἀνέπεμψεν.
2707 3665 2860 3733 Ἔχει
2892 3662 2948 3716 δὲ
2972 3664 3005 3735 ἡ
3041 3664 3251 3735 ἱστορία
3282 3665 3469 3719 τοῦτον
3495 3665 3588 3718 τὸν
3615 3665 3743 3735 τρό·

2161 3768 2260 3804 πον
2281 3768 2295 3782 ·
2325 3751 2435 3805 Kal
2465 3752 2708 3808 ἐκάθισε
2730 3752 2912 3806 Δαυῒδ
2941 3753 3014 3806 ἐν
3035 3751 3109 3823 τῇ
3140 3752 3339 3823 ἐρήμῳ
3364 3752 3643 3808 Μασεδέκ
3669 3753 3746 3806 ἐν

2161 3838 2283 3906 τοῖς
2308 3840 2549 3908 στενοῖς
2565 3857 2580 3871 ο
2610 3840 2709 3895 καί
2732 3837 2988 3909 ἐκάθητο
3008 3840 3078 3894 ἐν
3099 3840 3181 3908 τῷ
3204 3840 3325 3911 ὄρει
3345 3842 3417 3896 ἐν
3440 3840 3516 3910 τῇ
3542 3840 3745 3912 ἐρήμῳ

2160 3931 2329 4000 Ζείςο.
2359 3928 2474 3985 Είθ’
2501 3931 2578 3996 ὡς
2596 3928 2786 4003 ἦλθεν
2822 3932 3099 3988 ἰωνάθαν
3118 3934 3152 3986 ὁ
3182 3931 3315 3999 υίὸς
3346 3932 3548 3987 Σαοὺλ
3586 3931 3741 4000 πρὸς

2159 4021 2366 4086 αὑτὸν,
2390 4024 2488 4079 καί
2512 4024 2682 4079 εἶπεν
2702 4022 2863 4089 αὐτῷ
2879 4039 2894 4053 ο
2916 4022 3017 4092 Μὴ
3041 4022 3249 4093 φοϐοῦ,
3273 4021 3362 4079 ὅτι
3393 4025 3465 4081 οὐ
3478 4022 3567 4097 μὴ
3589 4022 3737 4091 εὕρῃ

2159 4126 2234 4167 σε
2268 4113 2305 4180 ἡ
2331 4114 2463 4183 χεὶρ
2494 4113 2695 4169 Σαοὺλ
2730 4112 2837 4168 τοῦ
2865 4114 3089 4182 πατρός
3108 4131 3249 4183 μου,
3277 4114 3377 4169 καί
3423 4113 3506 4169 σὺ
3549 4114 3737 4178 ,βασι-

2158 4204 2404 4271 λεύσεις
2425 4205 2524 4259 ἐπὶ
2567 4203 2834 4273 Ἰσραὴλ,
2867 4205 2965 4259 καί
2990 4202 3109 4275 ἐγὼ
3130 4205 3349 4275 ἔσομαί
3378 4219 3481 4260 σοι
3500 4208 3586 4271 είς
3607 4203 3741 4259 δεό-

2158 4311 2352 4363 τερον,
2388 4293 2490 4348 καί
2518 4292 2719 4349 Σαοὺλ
2750 4296 2784 4347 ὀ
2811 4291 3006 4361 πατήρ
3023 4309 3139 4362 μου
3180 4288 3346 4346 οἶδεν
3375 4292 3585 4358 οὕτως.
3624 4292 3735 4347 Kal

2159 4385 2489 4439 συνέθεντο
2519 4383 2839 4453 ἀμφότεροι
2867 4381 3163 4451 διαθήκην
3192 4380 3451 4437 ἐνώπιον
3489 4375 3733 4451 Κύριον,

2158 4474 2259 4529 καί
2284 4470 2466 4529 Δαυῒᾶ
2485 4472 2763 4541 ἐκάθητο,
2791 4472 2893 4527 καὶ
2923 4471 3205 4527 Ἰωνάθαν
3225 4469 3497 4540 ἀπῆλθον
3516 4475 3604 4539 είς
3627 4472 3736 4527 τὸν

472 4586 569 4625 nos
616 4570 671 4625 in
711 4564 931 4624 Mesara
967 4569 1023 4623 in
1050 4570 1313 4640 angustis,
1338 4570 1394 4625 in
1432 4585 1567 4625 nova
1596 4570 1688 4624 "2
1737 4569 1896 4637 Quod
1923 4585 2051 4627 cum

2162 4562 2326 4622 οἷκον
2351 4565 2538 4623 αὐτοῦ
2559 4581 2572 4595 ’
2596 4558 2678 4629 οἷς
2707 4562 2837 4635 ἑξῆς
2868 4563 3137 4632 ἐπιλέγει·
3172 4563 3280 4617 Kal
3327 4563 3635 4632 ἀνέϐησαν
3675 4566 3733 4619 οι

472 4659 759 4717 didicisset
805 4657 960 4724 Saul,
995 4658 1066 4717 ad
1110 4658 1369 4716 Davidem
1421 4657 1819 4730 insequendum
1857 4675 2051 4716 versus

471 4759 579 4808 est.
603 4749 833 4822 Jamque
853 4750 1163 4821 proximum
1193 4757 1313 4806 erat
1340 4756 1401 4805 ut
1442 4766 1568 4809 eum
1599 4757 1861 4822 caperet;
1915 4751 2053 4807 scri-

470 4850 626 4914 ptum
650 4843 796 4898 enim
826 4849 912 4897 est
937 4861 951 4897 :
983 4841 1138 4909 Quod
1161 4858 1280 4899 eum
1303 4841 1540 4898 audisset
1571 4840 1726 4905 Saul,
1748 4851 2049 4911 persecutus

469 4945 551 4990 est
585 4935 759 4991 David
799 4936 855 4990 in
904 4934 1111 4991 deserto
1162 4934 1347 4990 Moon.
1396 4934 1467 4990 Et
1516 4935 1664 4991 ibant
1697 4935 1832 4992 Saul
1871 4946 1922 4992 et
1951 4937 2052 4992 riri

468 5028 586 5099 ejus
619 5043 686 5083 ea:
712 5036 864 5098 parte
888 5028 1082 5084 montis
1109 5027 1269 5099 hujus
1297 5044 1316 5082 :
1346 5037 1397 5083 et
1434 5036 1551 5083 erat
1585 5027 1759 5083 David
1791 5028 2049 5095 obtectus,

470 5126 528 5173 ut
557 5117 727 5173 abiret
756 5133 790 5172 a
810 5115 950 5187 [acia
979 5115 1143 5181 Saul;
1166 5126 1216 5171 et
1240 5115 1378 5172 Saul
1405 5126 1456 5173 et
1492 5116 1592 5172 viri
1621 5116 1737 5187 ejus
1758 5126 2051 5173 castrame-

470 5205 725 5263 tabantur
747 5214 935 5260 contra
968 5204 1139 5260 David
1164 5217 1212 5260 et
1243 5206 1383 5262 viros
1412 5205 1553 5277 ejus,
1576 5215 1633 5261 ut
1664 5216 1905 5275 caperent
1934 5223 2044 5261 eos.

471 5296 543 5355 Et
574 5299 792 5354 nuntius
832 5298 969 5353 venit
1007 5297 1078 5355 ad
1114 5298 1250 5355 Saul
1285 5298 1463 5354 dicens
1504 5312 1523 5352 .°
1556 5296 1780 5354 Festina
1807 5307 1855 5353 et
1910 5299 2050 5365 ueni,

465 5393 596 5461 quia
650 5391 956 5460 irruperunt
1011 5389 1269 5462 allophyli
1310 5390 1366 5445 in
1426 5390 1656 5444 terram!
1702 5388 1772 5444 Et
1809 5406 2051 5445 reuersus

464 5490 545 5537 est
574 5480 731 5550 Saul,
756 5482 1014 5539 desistens
1037 5483 1277 5554 persequi
1303 5481 1477 5537 David
1505 5496 1526 5535 :
1550 5490 1600 5536 et
1626 5482 1852 5552 perrexit
1880 5481 1935 5535 in
1959 5496 2050 5535 oe-

465 5588 679 5626 cursum
721 5574 1111 5647 allOpItylorunt
1149 5574 1217 5629 ³⁸.
1254 5572 1382 5629 llaec
1413 5579 1544 5628 sunt
1592 5585 1716 5643 qua:
1760 5570 2048 5626 historiam

542 5746 627 5802 "l
659 5748 792 5820 Reg.
819 5766 975 5817 mn,
1002 5749 1088 5805 il.
1160 5750 1205 5783 ⁸⁸
1245 5749 1380 5807 ibid.
1412 5746 1599 5805 Μία-18.
1682 5746 1726 5780 ⁸⁸
1765 5745 1898 5802 ibid.
1936 5746 2020 5802 i9.

2156 4657 2388 4728 Ζιφαῖοι
2410 4658 2481 4712 ἐκ
2507 4654 2617 4727 τῆς
2647 4653 3003 4726 αὐχμώδους
3041 4653 3191 4723 πρὸς
3232 4654 3434 4709 Σαοὺλ
3475 4655 3574 4709 ἐπι
3624 4656 3734 4710 τὸν

2145 4748 2402 4813 βουνὸν,
2419 4747 2727 4817 λέγοντεςο
2745 4748 2866 4801 οὐκ
2890 4744 3020 4799 ιὸοὺ
3039 4743 3229 4798 Δαιιΐδ·
3246 4744 3570 4812 κέκρυπται
3593 4745 3730 4813 παρ’

2152 4836 2298 4907 ἡμῖν
2316 4836 2401 4891 ’ἐν
2425 4835 2674 4905 Μεσαρᾱ
2693 4836 2763 4890 ἐν
2785 4832 2911 4900 τοῖς
2934 4832 3192 4900 στενοῖς,
3219 4834 3291 4886 ἐν
3314 4832 3389 4903 τῇ
3417 4833 3637 4903 καινῇ;
3666 4836 3730 4889 Ὃ

2152 4928 2217 5002 δὴ
2242 4928 2427 5001 μαθὼν
2452 4928 2627 4983 Σαοὺλ
2653 4929 2748 4982 ἐπὶ
2770 4925 2952 4991 δίωξιν
2999 4925 3214 4999 ἐτράπη
3247 4926 3339 4980 τοῦ
3375 4927 3556 4984 Δαυῖδ.
3586 4928 3730 5000 Ἤδη

2150 5038 2212 5075 τε
2236 5020 2428 5101 ,λοιπὸν
2459 5019 2626 5089 ἐγγὺς
2655 5015 2724 5092 ἦν
2754 5018 2849 5074 τοῦ
2881 5020 3064 5074 λαϐεῖν
3086 5019 3249 5073 αὐτὸν
3270 5018 3606 5091 ὑποχείριον·
3634 5019 3729 5088 γέ-

2151 5130 2394 5185 γραπται
2415 5113 2559 5184 γάρ·
2588 5111 2700 5167 Kal
2726 5110 2957 5181 ἤκουσε
2984 5112 3184 5168 Σαοὺλ
3222 5112 3321 5167 καί
3373 5111 3731 5178 κατεδίωξεν

2153 5202 2346 5256 ὀπίσω
2375 5200 2555 5256 Δαυῒδ
2588 5204 2677 5268 εὶς
2702 5200 2818 5270 τὴν
2838 5201 3064 5271 ἔρημον
3082 5200 3282 5257 Madv.
3311 5200 3424 5256 Kal
3451 5201 3728 5270 πορεύον-

2152 5309 2246 5346 ται
2270 5292 2471 5349 Σαοὺλ
2518 5293 2614 5347 καί
2647 5295 2703 5347 ol
2736 5290 2952 5361 ἄνδρες
2997 5291 3184 5351 αὐτοῦ
3229 5292 3297 5347 ἐκ
3339 5290 3563 5363 μέρους
3618 5291 3728 5347 τοῦ

2149 5384 2329 5455 ὄρους
2374 5387 2591 5440 τούτου
2609 5402 2622 5415 ’
2670 5383 2767 5440 καὶ
2799 5383 3035 5455 ἐγένετο
3069 5384 3250 5439 Δαυῒδ
3289 5382 3728 5453 exserade

2150 5477 2511 5545 πορεύεσθαι
2536 5474 2655 5530 ἀπὸ
2680 5475 3003 5544 προσώπου
3026 5475 3225 5528 Σαούλ
3248 5487 3263 5502 ⁸
3290 5472 3392 5527 καί
3412 5472 3610 5527 Σαοὺλ
3626 5471 3728 5526 καί

2148 5570 2203 5622 οι
2245 5566 2459 5637 ἄνδρες
2502 5565 2686 5621 αὐτοῦ
2740 5565 3194 5636 παρενέϐαλλον
3244 5564 3343 5618 ἐπὶ
3392 5560 3579 5619 Annio
3623 5563 3722 5618 καὶ
3780 5569 3792 5579 ’

2096 5745 2143 5778 ’θ
2182 5744 2313 5801 ibid.
2344 5743 2536 5800 23-28.
