4100 6442
3531 363 3636 418 66⁸3

371 469 518 534 τοὺς
541 467 766 538 ἄνδρας
795 467 1004 532 αὑτοῦ,
1025 469 1360 526 συλλαϐεῖν
1404 474 1647 539 αὐτούς.
1701 475 1814 528 Καὶ
1858 474 1927 544 dy

2030 529 2032 536 _
2063 485 2328 546 spectant.
2359 475 2574 544 Quibus
2605 475 2674 532 de
2695 477 2880 534 causis
2909 485 3130 550 ereptus
3161 479 3328 542 David
3361 497 3428 538 ex
3471 495 3634 538 manu

369 561 552 626 τελος
569 555 716 628 ἦλθε
735 557 886 626 πρὸς
905 559 1106 612 Σαοὺλ
1120 559 1316 628 λέγων
1331 578 1346 592 ·
1377 561 1610 616 Σπεῦδε
1631 563 1728 616 καὶ
1757 562 1927 630 δεῦρο

2061 564 2246 622 Saulis
2293 567 2436 624 hunc
2479 567 2740 637 hymnum
2783 569 2990 638 scripto
3031 571 3278 634 tradidit,
3313 581 3515 628 notans
3541 588 3638 642 per

369 649 462 702 ὅτι
493 647 774 704 ἐπέθεντο
821 649 1162 720 ἀλλόφυλοι
1193 649 1292 704 ἐπὶ
1343 651 1458 718 τὴν
1705 651 1816 704 Kal
1849 653 1927 704 ἀν

2057 657 2472 728 inscriptionem
2511 667 2728 730 tempus
2757 675 2822 716 ac
2858 675 2971 716 rem
3003 665 3198 732 ipsam.
3235 661 3416 728 Quare
3443 665 3512 718 ad
3551 664 3636 718 in-

367 739 628 810 έστρεψε
659 740 858 796 Σαοὺλ
875 741 962 810 μὴ
993 741 1380 796 καταδιώκειν
1399 743 1592 796 ὀπίσω
1611 743 1790 798 Δαυῒδ
1811 782 1824 806 ,
1855 761 1927 798 κα

2055 747 2328 800 tellectum
2359 748 2438 802 rei
2475 763 2597 818 quae
2625 757 2882 804 narratur
2913 765 3014 806 nos
3065 759 3346 820 provocat,
3381 752 3574 810 dicens
3613 771 3626 808 :

367 823 662 899 ἐπορεύθη
681 835 770 898 είς
799 831 1183 901 συνάντησιν
1205 831 1338 902 τῶνξ
1359 834 1746 902 ἀλλοφύλων.
1769 835 1927 890 Tati-rt

2053 837 2120 892 In
2147 839 2328 907 finem,
2358 839 2412 894 in
2457 839 2688 910 hymnis,
2723 841 3020 898 intellectus
3055 843 3266 900 Doridi.
3321 843 3630 900 Secundum

371 921 472 992 μὲν
495 921 566 974 τὰ
597 923 706 976 ἀπὸ
739 923 840 992 τῆς
877 925 1140 996 ἱστορίας.
1189 924 1302 994 Ἐφ’
1339 921 1422 988 οἷς
1467 925 1558 978 τὸν
1587 925 1927 996 προκείμενα

2049 929 2298 1000 Aquilam
2329 945 2482 994 vero.
2531 929 2770 986 Victoria:
2799 935 3028 996 auctori,
3065 935 3118 988 in
3147 935 3388 1004 psalmis,
3417 935 3630 990 scientia

373 345 486 398 465
1511 349 1650 406 CUM
1663 351 2018 408 MENTARIA
2059 351 2126 406 IN
2167 353 2342 409 PSAL
2351 355 2506 422 310$.

369 1013 540 1084 ὕμνον
570 1013 854 1078 διασωθεὶς
881 1017 946 1068 ὲκ
973 1015 1156 1088 χειρὸς
1181 1015 1352 1070 Σαοὺλ
1377 1019 1406 1070 ὁ
1441 1016 1602 1072 Δαυῒδ
1635 1019 1820 1088 γραφῇ
1849 1035 1952 1084 πα-

371 1105 678 1176 ραδίδωσιν,
697 1105 1180 1178 ἐπισημηνάμενος
1199 1107 1289 1162 τὸν
1311 1107 1500 1180 καιρὸν
1529 1107 1622 1160 καὶ
1645 1107 1704 1160 τδ
1721 1109 1950 1180 πρᾶγμα

365 1195 614 1266 δηλώσας
667 1195 760 1250 διὰ·
783 1197 882 1266 τῆς
917 1197 1266 1270 προγραφῆς.
1327 1199 1418 1252 Διὸ
1449 1198 1542 1250 καὶ
1595 1197 1688 1251 ἐπὶ
1735 1197 1950 1252 σύνεσιν

369 1283 514 1354 ἡμᾶς
539 1285 798 1356 παρορμᾷ
819 1284 926 1338 τῶν
943 1286 1364 1358 ἐμφερομένων,
1381 1285 1554 1354 λέγων
1579 1305 1592 1317 ·
1627 1289 1728 1352 Εις
1747 1287 1812 1340 τὸ
1853 1287 1948 1342 τέ-

359 1377 470 1440 .ιος
493 1374 564 1426 ἐν
615 1376 820 1444 ὕμνοις
847 1377 1158 1444 συνέσεως
1189 1375 1268 1442 τῷ
1295 1378 1494 1434 Δαυΐὸ.
1549 1377 1704 1432 Κατὰ
1745 1379 1804 1432 δὲ
1851 1380 1942 1434 τὸν

375 1465 604 1518 ’Λκύλαν
625 1485 636 1497 ·
675 1465 758 1532 Τῷ
793 1469 1078 1534 νικοποιῷ
1123 1469 1194 1522 ἐν
1231 1469 1494 1538 ψαλμοῖς
1537 1469 1944 1540 ἐπιστήμονος

361 1555 468 1610 τοῦ
495 1557 704 1610 Δαυΐδ’
733 1559 872 1610 κατὰ
897 1559 954 1612 δὲ
979 1559 1074 1612 τὸν
1101 1560 1398 1632 Σύμμαχον
1417 1577 1430 1590 ·
1491 1561 1818 1614 Ἐπινικιον
1847 1561 1944 1616 διὰ

309 1679 314 1686 -
361 1651 708 1720 ψαλτηρίων
735 1652 866 1719 περί
899 1651 1208 1718 συνέσεως
1235 1653 1342 1708 τοῦ
1359 1653 1558 1708 Δαυΐδ.
1605 1653 1820 1725 Ἐπειδὴ
1847 1655 1944 1708 καὶ

2047 1017 2304 1084 Daoidis;
2359 1019 2664 1074 secundum
2713 1019 3100 1092 Symmachum
3147 1031 3352 1090 autem,
3419 1023 3632 1078 Trium-

2045 1107 2222 1176 phale,
2258 1123 2350 1177 per
2379 1109 2656 1178 psalteria,
2707 1109 2772 1164 de
2819 1111 3166 1182 intelligentia
3203 1112 3446 1170 Doridis.
3491 1113 3630 1182 Quia

2047 1199 2288 1270 fugiens,
2335 1208 2394 1256 et
2441 1199 2722 1256 desertum
2781 1209 3192 1270 trallscurrens,
3239 1220 3340 1276 pro
3371 1205 3629 1276 praesidio

2047 1291 2290 1372 psalterii
2352 1293 2780 1348 instrumentum
2817 1307 3004 1348 secum
3057 1295 3270 1366 agebat,
3323 1295 3442 1364 ipso
3469 1311 3624 1360 usus,

2047 1390 2212 1452 atque
2245 1383 2478 1454 hymnos
2507 1398 2604 1452 per
2651 1381 2784 1436 illud
2833 1381 2946 1436 Deo
2977 1385 3232 1439 amittens
3263 1404 3276 1438 :
3311 1385 3526 1452 cantica
3571 1394 3628 1442 et

2047 1473 2292 1542 psalmos
2325 1473 2640 1543 spirituales
2675 1487 2774 1542 pro
2818 1472 3090 1528 sacriﬁcio
3133 1475 3482 1544 perSolvens;
3525 1490 3626 1544 pro

2045 1563 2400 1634 thymiamate
2431 1571 2614 1618 autem
2649 1563 2774 1618 boni
2801 1563 3010 1628 odoris,
3037 1579 3134 1634 per
3155 1565 3430 1622 orationes
3461 1567 3624 1636 spir‘c

2047 1655 2196 1708 male
2223 1653 2592 1710 ministerium
2623 1654 2838 1710 obiens.

361 1735 578 1808 φεύγων
603 1743 698 1796 καὶ
733 1743 830 1814 τὴν
857 1745 1062 1814 ἔρημον
1097 1744 1462 1814 μεταδιώκων,
1497 1747 1618 1800 ἀντὶ
1657 1747 2024 1818 φυλακτηρίου
2087 1747 2324 1818 ἐπήγετο
2383 1747 2446 1800 τὸ
2505 1745 2598 1800 τοῦ
2661 1746 2958 1818 ψαλτηρίου
2981 1745 3232 1818 ὄργανον,
3275 1725 3424 1820 αὐτῷ
3475 1747 3622 1820 χρῶ-

363 1847 516 1900 μενος
573 1833 666 1884 καὶ
705 1835 816 1896 τοῖς
849 1833 916 1886 δι’
979 1834 1146 1888 αὐτοῦ
1191 1837 1274 1898 είς
1313 1835 1446 1888 Θεὸν
1515 1835 1992 1906 ἀναπεμπομένας
2030 1834 2219 1904 ὕμνοις
2245 1851 2260 1864 ·

2315 1834 2412 1888 καὶ
2469 1833 2632 1904 ᾠδαῖς
2667 1833 2768 1904 μὲν
2823 1835 2917 1886 καὶ
2947 1833 3184 1904 ψαλμοῖς
3228 1837 3620 1906 πνευματικοῖς

357 1925 478 1980 ἀντὶ
509 1925 700 1990 θυσίας
723 1925 1024 1998 χρώμενος,
1057 1928 1178 1980 ἀντὶ
1213 1929 1272 1981 δὲ
1317 1928 1550 1992 εὐώδους
1591 1927 1936 2000 θυμιάματος
1971 1929 2038 1982 δι’
2077 1927 2252 1999 εὐχῶν
2292 1927 2389 2000 τὴν
2421 1927 2796 2000 πνευματικὴν
2845 1928 3122 1982 ἀποτελῶν
3151 1929 3510 2002 λειτουργίαν.

439 2019 536 2070 Ἐν
565 2015 646 2086 τῷ
665 2015 868 2070 ἐλθεῖν
893 2018 1102 2072 τοίνυν
1119 2017 1262 2084 τοὺς
1289 2019 1574 2088 Ζιφαίους
1615 2019 1712 2074 καὶ
1749 2016 1927 2072 εἰπεῖν

2115 2017 2248 2072 Cum
2275 2019 2528 2072 venissent
2557 2035 2682 2088 ergo
2713 2017 2934 2088 Ziphwi,
2971 2035 3032 2072 ac
3059 2019 3316 2074 dixissent
3341 2019 3410 2072 ad
3437 2019 3570 2074 Saul
3597 2034 3620 2072 :

355 2109 438 2176 τῷ
473 2111 674 2166 Σαούλ
695 2125 712 2142 ·
737 2113 860 2165 οὐκ
891 2111 1018 2164 ιδοὺ
1041 2109 1222 2166 Δαυῒδ
1255 2113 1582 2180 κέκρυπται
1607 2113 1746 2180 παρ’
1769 2111 1936 2180 mir;

354 2199 528 2256 Τοῦτο
551 2201 740 2272 μαθὼν
761 2205 790 2256 ό
819 2202 984 2256 Δαυτδ
1013 2203 1130 2274 ἤτοι
1153 2203 1212 2268 ἐξ
1231 2203 1628 2272 ἀποκαλύψεως
1653 2203 1748 2258 τοῦ
1783 2203 1938 2258 πνεύ-

355 2309 524 2362 ματος
553 2293 648 2346 τοῦ
679 2291 1018 2364 προφητικοῦ
1053 2293 1086 2363 ἢ
1117 2293 1184 2346 ἐκ
1215 2310 1356 2358 τινος
1387 2293 1496 2348 τῶν
1537 2293 1638 2356 τὰς
1679 2294 1936 2358 τοιαύτας

353 2381 694 2452 ἀπαγγελίας
717 2383 990 2438 διακονεῖν
1015 2384 1318 2450 εἰωθότων,
1365 2385 1424 2438 τὸ
1469 2384 1766 2458 ψαλτήριον
1795 2385 1936 2456 μετά

351 2475 430 2542 χεῖ
439 2491 540 2544 ρας
563 2475 904 2546 παραχρῆμα
929 2475 1130 2540 λαϐὼν,
1161 2475 1228 2530 δι’
1254 2473 1418 2528 αὐτοῦ
1435 2477 1512 2546 τῷ
1527 2475 1646 2546 Θεῷ
1665 2475 1762 2547 τὴν
1787 2477 1934 2546 λογι-

353 2566 454 2638 κὴν
473 2565 738 2638 ἀναφέρει
763 2567 952 2620 Θυσίαν
967 2567 1140 2636 λέγων
1155 2567 1222 2621 τά
1241 2567 1596 2638 προκείμενα,
1613 2567 1679 2620 δι’
1699 2561 1774 2620 ὧν
1795 2567 1938 2632 ἀξιοῖ

229 2643 248 2656 ’
353 2655 594 2726 σωθῆναι
619 2657 724 2710 ὑπὸ
747 2656 842 2710 τοῦ
873 2655 1030 2722 Θεοῦ,
1053 2657 1154 2712 οὐκ
1181 2658 1354 2720 ἄλλως
1388 2657 1420 2729 ἢ
1449 2657 1536 2712 διὰ
1561 2657 1656 2712 τοῦ
1671 2659 1932 2730 ὀνόματος

349 2747 514 2802 αὐτοῦ
529 2765 542 2776 ·
567 2746 646 2799 διό
665 2763 848 2816 φησιν’
885 2747 946 2800 '0
975 2747 1220 2814 Θεός,ὲν
1238 2747 1318 2812 τῷ
1331 2749 1574 2816 ὀνόματι
1593 2765 1709 2802 σου
1727 2749 1934 2804 σῶσόν

347 2853 422 2905 με
439 2853 452 2866 ·
481 2835 598 2906 ⁴ᾔδει
615 2835 726 2906 γὰρ
739 2829 876 2890 εἶναί
895 2853 946 2890 τι
965 2837 1136 2908 ὄνομα
1151 2838 1210 2890 τὸ
1231 2839 1370 2910 ὑπὲρ
1387 2840 1494 2892 πᾶν
1507 2839 1696 2908 ὄνομα.
1724 2839 1932 2910 ’Ὥσπερ

349 2929 458 3002 γάρ
477 2927 592 2982 ἐστί
613 2945 734 2980 τινα
751 2931 810 2980 ὲν
835 2929 956 2996 ταῖς
981 2929 1218 3000 ἐπῳδαῖς
1235 2929 1374 2984 κατά
1391 2929 1498 2984 τῶν
1515 2929 1750 2982 »ἰοϐόλων
1777 2932 1936 3002 ἑρπε-

347 3017 458 3072 τῶν
479 3017 698 3088 ῥήματα
719 3019 812 3070 καὶ
839 3019 1100 3088 ὀνόματα,
1124 3019 1392 3090 τοσαύτην
1419 3020 1748 3092 ἐμφαίνοντα
1777 3019 1932 3074 δυνά-

351 3123 496 3175 μεως
521 3106 696 3174 ἰσχὺν,
729 3105 806 3168 ὡς
827 3105 1235 3178 κατακοιμίζειν
1267 3109 1300 3178 ἢ
1319 3110 1413 3162 καὶ
1439 3109 1664 3182 νεκροῦν
1687 3109 1756 3162 τὰ
1773 3109 1930 3178 φοϐε-

349 3193 566 3265 ρώτατα
587 3193 696 3246 τῶν
721 3195 964 3266 ἑρπετῶν
981 3213 994 3225 ⁸
1031 3195 1120 3252 τὸν
1151 3197 1314 3250 αὐτὸν
1333 3197 1534 3269 τρόπον
1572 3199 1744 3250 καὶτὸ
1761 3199 1930 3270 ὄνομα

345 3285 408 3338 τὸ
441 3285 580 3356 ὑπὲρ
613 3287 721 3339 πᾶν
755 3287 924 3356 ὄνομα
957 3287 1226 3356 ἠπίστατο
1259 3273 1524 3360 σωτήριον
1571 3289 1672 3360 μὲν
1719 3289 1928 3360 τυγχά-

345 3395 458 3432 νειν
499 3377 609 3432 τῶν
653 3379 928 3450 σωτηρίας
955 3378 1138 3442 ἀξίων,
1165 3379 1272 3432 τῶν
1303 3379 1360 3432 δὲ
1391 3381 1600 3452 ἐχθρῶν
1631 3383 1726 3436 καὶ
1774 3385 1924 3438 ὲναν-
1953 3371 1994 3426 C

345 3469 476 3522 τίων
501 3469 782 3540 δυνάμεων
805 3461 1154 3523 ἀπελατικόν.
1194 3469 1478 3524 Ἐϐούλετο
1523 3471 1702 3524 τοίνυν
1749 3471 1924 3542 σωθῆ-

347 3577 434 3612 ναι
462 3561 519 3612 ὲν
549 3557 628 3628 τῷ
651 3559 874 3630 ὀνόματι
897 3557 990 3612 τοῦ
1011 3555 1168 3620 Θεοῦ,
1197 3559 1289 3610 καὶ
1309 3559 1408 3612 οὐκ
1435 3559 1674 3630 ἀκρίτως
1695 3575 1752 3612 τε
1775 3559 1924 3612 ἐϐού-

347 3651 468 3704 λετο
486 3669 500 3682 ο
527 3649 640 3704 ἀλλ’
665 3651 714 3702 εί
735 3649 884 3716 ἄξιος
909 3651 1218 3724 εὑρίσκοιτο
1241 3649 1340 3720 τῆς
1361 3653 1654 3724 σωτηρίας.
1683 3653 1774 3706 Διὸ
1801 3655 1921 3706 ἐπι-

344 3741 518 3812 λέγει·
551 3743 660 3796 Καὶ
711 3743 780 3794 ἐν
827 3741 902 3811 τῇ
935 3741 1262 3809 δυναστείᾳ
1297 3759 1414 3798 σου
1471 3744 1690 3812 κρινεῖς
1729 3745 1918 3816 μοιοῆ

345 3831 488 3884 κατά
509 3833 634 3894 τοὺς
665 3831 884 3894 λοιποὺς
911 3831 1270 3902 ἐρμηνευτάς.
1317 3831 1586 3898 δικάσεις
1617 3851 1738 3902 μοι.
1781 3835 1922 3904 Πρό-

341 3939 500 3994 τερον
527 3921 636 3994 γάρ
675 3921 814 3986 ἀξιοί
841 3921 1118 3994 κρίνεσθαι
1149 3923 1242 3975 καὶ
1265 3921 1582 3988 δικάζεσθαι
1627 3923 1762 3994 πρὸς
1795 3925 1920 3986 τοὺς

343 4011 666 4074 ἐλαύνοντας
698 4012 730 4082 ἥ
755 4013 849 4066 καὶ
877 4011 1304 4082 διαϐεϐληκότας
1325 4013 1488 4068 αὐτόν
1505 4031 1518 4044 ⁸
1549 4011 1647 4066 εἷθ’
1671 4013 1842 4078 οὕτως
1871 4015 1920 4066 εἰ

343 4101 528 4172 φάνειε
555 4103 906 4174 ἀδικούμενος
935 4103 1268 4174 ἐκδικήσεως
1291 4107 1474 4174 τυχεῖν
1497 4105 1596 4175 τῆς
1639 4105 1790 4176 παρά
1823 4103 1918 4158 τοῦ

341 4191 552 4264 κριτοῦ,
585 4197 982 4266 μετερχομένου
1011 4198 1136 4259 τοὺς
1153 4194 1494 4258 ἀδικοῦντας.
1527 4193 1693 4250 Ταῦτ’
1723 4193 1916 4260 εἰπὼν,

343 4283 662 4354 προστίθησι
695 4285 868 4352 λέγων
891 4301 904 4314 ⁸
943 4287 996 4338 Ὀ
1029 4285 1192 4346 Θεὸς,
1211 4284 1580 4340 εἰσάκουσον
1602 4284 1713 4352 τῆς
1733 4301 1920 4350 προσ-

339 4373 528 4444 ευχῆς
567 4389 708 4444 μου,
755 4373 1032 4430 ἐνώτισαι
1079 4377 1150 4430 τὰ
1187 4377 1428 4446 ῥήματα
1472 4377 1578 4430 τοῦ
1621 4377 1918 4446 στόματός

334 4481 486 4534 μου’
541 4465 730 4536 ὥσπερ
763 4465 1126 4534 δικαιολογίαν
1174 4467 1492 4536 ποιούμενος
1549 4465 1780 4518 ἐνώπιον
1821 4465 1916 4520 τοῦ

345 4557 618 4628 κρίνοντος
651 4557 800 4626 αὐτῷ
829 4575 890 4610 τε
923 4557 1016 4612 καὶ
1045 4561 1158 4620 τοῖς
1185 4557 1460 4612 ἀδικοῦσιν
1487 4559 1672 4612 αὐτόν.
1695 4557 1806 4612 Καὶ
1833 4558 1918 4610 ἵνα

343 4665 406 4716 γε
441 4647 510 4702 τὰ
535 4649 632 4718 τῆς
657 4649 1020 4718 δικαιολογίας
1047 4649 1381 4722 παραδεχθῇ,
1429 4649 1524 4720 τὴν
1565 4649 1732 4720 εὐχὴν
1783 4651 1885 4703 ἀνα
1905 4681 1916 4689 -

2041 2109 2232 2164 Nonne
2271 2125 2386 2164 ecce
2419 2109 2590 2164 David
2627 2109 2966 2166 absconditus
3006 2121 3086 2166 est
3135 2111 3276 2180 apud
3311 2113 3450 2166 nos?
3491 2111 3620 2168 Ilaec

2037 2215 2162 2254 cum
2197 2199 2386 2264 David,
2413 2199 2530 2256 sive
2553 2215 2620 2256 ex
2663 2201 2994 2258 revelatione
3029 2201 3257 2272 spiritus
3289 2201 3616 2272 prophetici,

2037 2293 2153 2346 sive
2193 2307 2258 2346 ex
2309 2293 2566 2362 qquiam
2607 2293 2732 2348 talia
2783 2293 3038 2348 nuntiare
3087 2293 3250 2348 solito
3277 2293 3614 2356 edidicisset,

2037 2393 2264 2454 accepto
2297 2384 2482 2438 statim
2523 2399 2634 2454 prae
2685 2385 2938 2440 manibus
2989 2385 3272 2452 psalterio,
3331 2401 3426 2454 per
3479 2385 3616 2442 illud

2037 2473 2148 2530 Deo
2185 2474 2508 2529 rationabile
2565 2475 2896 2528 sacriﬁcium
2957 2473 3138 2540 offert,
3191 2475 3306 2530 haec
3361 2477 3612 2546 loquens,

2035 2566 2234 2636 quibus
2257 2581 2290 2620 ιι
2319 2564 2428 2620 Deo
2455 2565 2684 2620 salutem
2709 2565 2974 2629 obtinere,
3007 2581 3118 2620 non
3151 2581 3244 2636 per
3265 2566 3410 2622 aliud
3439 2566 3614 2638 quod-

2035 2657 2202 2726 piam,
2237 2671 2402 2728 quam
2445 2671 2542 2726 per
2593 2671 2790 2712 nomen
2833 2655 2952 2726 ejus
3000 2659 3260 2728 postulat,
3290 2673 3462 2728 quare
3487 2659 3564 2714 ait
3595 2679 3610 2714 :

2035 2746 2196 2810 Deus,
2229 2747 2282 2802 in
2311 2747 2518 2802 nomine
2551 2755 2640 2800 tuo
2669 2746 2874 2800 salvum
2895 2763 2976 2802 me
3006 2747 3130 2816 fac;
3163 2763 3366 2818 gnarus
3399 2749 3612 2826 scilicet

2031 2852 2154 2892 esse
2187 2837 2460 2906 quoddam
2503 2851 2740 2900 nomen,
2785 2837 2928 2906 quod
2967 2847 3052 2894 est
3099 2853 3264 2910 super
3297 2853 3460 2894 omne
3513 2855 3614 2896 no—

2034 2943 2180 2982 men.
2221 2927 2692 2994 Quemadmodum
2721 2926 2868 2982 enim
2895 2927 2950 2982 in
2981 2927 3448 2984 incantationibus
3476 2945 3610 2984 con-

2033 3025 2114 3072 tra
2149 3019 2364 3088 reptilia
2401 3033 2696 3084 venenosa,
2729 3017 2974 3088 quaedam
3025 3017 3300 3086 assignata
3345 3017 3610 3072 vocabula

2030 3117 2086 3164 et
2135 3109 2356 3164 nomina
2417 3118 2566 3172 sunt,
2621 3115 2770 3162 tanta
2803 3107 2852 3160 vi
2887 3107 3174 3176 potestatis
3223 3105 3512 3169 instructa,
3551 3113 3610 3160 ut

2033 3201 2306 3270 reptilium
2333 3199 2736 3256 terribilissima
2759 3197 2844 3252 vel
2871 3197 3090 3267 sopiunt
3115 3197 3198 3252 vel
3225 3197 3606 3268 exstinguant;

2031 3293 2112 3346 sic
2139 3299 2194 3346 et
2235 3290 2326 3346 ille
2367 3289 2535 3362 probe
2579 3289 2788 3344 sciebat
2829 3303 3026 3344 nomen
3063 3287 3196 3342 illud
3247 3301 3411 3356 super
3447 3301 3608 3342 omne

2029 3397 2250 3446 nomen,
2288 3369 2777 3451 salutare-quidem
2827 3379 2894 3434 iis
2925 3393 3050 3434 esse
3091 3378 3186 3448 qui
3233 3377 3408 3434 salute
3455 3375 3606 3448 digni

2030 3481 2196 3538 sunt,
2231 3473 2482 3528 inimicos
2525 3485 2654 3526 vero
2694 3481 2746 3526 et
2793 3469 3136 3526 adversarius
3179 3475 3475 3540 potestates
3519 3465 3608 3520 fu-

2027 3579 2176 3634 gare.
2207 3561 2436 3618 Volebat
2471 3561 2660 3632 itaque
2687 3561 2916 3616 salutem
2945 3561 3002 3616 in
3031 3559 3252 3614 nomine
3287 3557 3378 3614 Dei
3409 3571 3605 3612 conse-

2027 3654 2144 3722 qui,
2193 3654 2354 3726 idque
2379 3669 2490 3708 non
2521 3654 2642 3709 sine
2673 3653 2966 3726 examine;
2999 3652 3092 3707 sed
3129 3652 3176 3706 si
3201 3651 3400 3722 dignus
3428 3649 3606 3704 salute

2027 3741 2540 3812 deprehenderetur.
2581 3741 2947 3808 Quamobrem
2991 3739 3162 3814 addit,
3201 3737 3266 3792 Et
3313 3741 3366 3792 in
3413 3739 3605 3792 virtute

2027 3843 2119 3888 tua
2149 3833 2408 3898 iudicabis
2441 3833 2608 3896 mihi;
2645 3833 2760 3888 sive
2795 3831 3098 3888 secundum
3143 3831 3386 3900 reliquos
3427 3829 3582 3884 inter.

2027 3931 2208 3992 pretes
2241 3941 2256 3978 :
2273 3925 2369 3991 jus
2411 3923 2552 3976 dices
2595 3921 2741 3974 mihi.
2779 3917 2914 3973 Nam
2969 3919 3121 3988 prius
3163 3921 3320 3986 rogat
3367 3913 3599 3984 judicari

2025 4031 2085 4070 se
2123 4023 2176 4068 et
2201 4014 2292 4082 jus
2331 4013 2440 4068 dici
2487 4011 2590 4067 sibi
2651 4009 2916 4064 adversus
2945 4005 3268 4076 impulsores
3295 4011 3350 4058 et
3391 4003 3602 4056 calum-

2025 4102 2268 4156 niatores
2333 4120 2346 4156 :
2401 4115 2466 4154 ac
2493 4099 2690 4154 deinde
2735 4099 2782 4153 si
2821 4097 3020 4166 injuria
3052 4093 3276 4148 aﬂ‘ectus
3299 4091 3596 4154 videretur,

2025 4205 2056 4246 a
2093 4191 2278 4262 judice
2317 4189 2604 4252 vindicari,
2640 4189 2734 4258 qui
2765 4187 2968 4256 injuria
2999 4199 3058 4240 se
3087 4183 3386 4238 allicientes
3411 4181 3596 4236 adori-

2025 4289 2196 4336 retur.
2243 4281 2339 4336 llis
2372 4281 2536 4336 dictis
2583 4277 2820 4348 adjicit:
2855 4277 3020 4340 Deus,
3065 4269 3260 4330 exaudi
3305 4273 3598 4327 orationem

2023 4386 2216 4434 meam,
2247 4370 2468 4424 auribus
2497 4371 2704 4438 percipe
2740 4367 2894 4422 verba
2918 4368 3026 4422 oris
3057 4361 3200 4428 mei;
3231 4363 3392 4434 quasi
3419 4363 3602 4418 disce-

2023 4473 2184 4534 ptans
2211 4477 2310 4534 pro
2341 4476 2508 4516 causa
2535 4477 2634 4518 sua
2683 4461 2738 4514 in
2787 4465 3085 4528 conspectu
3125 4455 3210 4512 sui
3253 4463 3308 4510 et
3343 4453 3600 4508 inimico-

2023 4570 2144 4608 rum
2177 4569 2402 4608 suorum
2427 4552 2652 4622 judicis.
2689 4551 2756 4604 L‘t
2785 4559 2966 4605 autem
2993 4547 3238 4604 defensio
3261 4561 3362 4602 sua
3397 4545 3628 4606 admita

2025 4651 2190 4708 tatur,
2227 4645 2558 4710 orationem,
2599 4657 2762 4712 quam
2791 4639 3040 4696 exaudiri
3077 4645 3256 4708 rogat,
3285 4635 3486 4690 emittit
3509 4633 3596 4688 di-
3645 4701 3652 4708 γ

339 4713 568 4808 πέμπει,
583 4713 650 4810 ἦν
681 4741 776 4792 καί
793 4713 1212 4810 εἰσακουσθῆναι
1244 4713 1388 4804 ἀξιοῖ
1405 4713 1578 4808 λέγων
1601 4757 1612 4770 ·
1747 4740 1910 4806 Θεὸς,

2030 4749 2152 4788 cens
2195 4753 2208 4789 :
2255 4733 2420 4796 Deus,
2473 4730 2691 4794 exaudi,
2727 4739 2844 4786 ‘etc.
2899 4729 3042 4796 Quid
3069 4743 3232 4798 porro
3280 4725 3384 4780 sibi
3439 4725 3598 4780 vellet

333 4825 720 4891 εἰσάκουσον,
751 4829 844 4882 καὶ
875 4829 941 4882 τὰ
973 4828 1120 4898 ἑξῆς.
1155 4829 1218 4880 Τί
1239 4827 1281 4880 δ’
1307 4829 1372 4882 ἀν
1401 4827 1654 4884 ἐϐούλετο
1681 4831 1714 4900 ή
1741 4845 1910 4898 προσ-

335 4913 488 4986 ευχὴ,
533 4916 624 4968 καὶ
659 4915 818 4970 ποίαν
859 4915 1221 4984 δικαιολογίαν
1251 4912 1398 4986 εἶχε,
1437 4915 1564 4986 ἑξῆς
1613 4915 1908 4986 παρίστησι

335 5005 508 5072 λέγων
523 5023 536 5036 ·

393 5098 522 5150 ’Ότι
549 5098 850 5166 ὠίιίότριοι
883 5099 1312 5166 ἐπανέστησαν
1349 5097 1440 5150 ἐπ’
1471 5097 1598 5166 ἐμὲ,
1637 5099 1732 5150 καὶ
1763 5113 1908 5164 κρασ-

329 5189 478 5244 ταιοί
537 5187 840 5256 ἐζήτησαν
907 5191 1022 5258 τὴν·
1079 5189 1294 5258 ψυχήν
1333 5205 1476 5257 μου,
1511 5188 1612 5240 καὶ
1657 5187 1730 5240 οὐ
1763 5202 1908 5254 προ-

329 5279 534 5336 έθεντο
555 5281 664 5334 τὸν
695 5279 842 5334 Θεὸν
861 5279 1117 5334 ἐνώπιον
1147 5277 1364 5334 αὐτῶν.
1395 5275 1560 5330 Ταῦτ’
1588 5273 1656 5348 ἦν
1685 5277 1752 5330 τὰ
1809 5277 1920 5356 τῆς¹

329 5373 716 5444 δικαιολογίας.
749 5374 860 5428 Καὶ
883 5375 986 5444 ὅρα
1019 5371 1138 5436 πῶς
1167 5371 1228 5424 οὐ
1280 5369 1370 5424 διὰ
1409 5369 1633 5442 μακρῶν
1677 5370 1908 5422 ἐκτείνει

330 5465 456 5528 τοὺς
470 5463 686 5532 λόγους,
711 5463 826 5516 ἀλλ’
855 5462 952 5516 ἅτε
990 5459 1108 5532 Θεῷ
1141 5459 1218 5530 τῷ
1249 5459 1424 5514 πάντα
1461 5459 1623 5512 εἰδότι
1659 5457 1904 5526 διαλεγό-

335 5571 516 5622 μενος,
549 5553 700 5632 αὺτῴ
731 5553 890 5624 μόνον
919 5552 1222 5622 ὑπόμνησιν
1253 5553 1500 5612 ποιεῖται,
1549 5551 1642 5620 τὴν
1689 5547 1906 5620 μακρὰν

329 5643 438 5696 τῶν
469 5645 808 5714 πραγμάτων
843 5641 1173 5696 ἀποσιωπῶν
1193 5639 1558 5694 διδατκαλίαν.
1585 5641 1810 5710 Μήποτε
1844 5637 1902 5690 δὲ

335 5734 460 5790 τοὺς
487 5733 582 5786 μὲν
599 5733 910 5792 ἀλλοτοίους
927 5731 1176 5792 ἠνξσσετο
1197 5731 1318 5792 τοὺς
1342 5727 1598 5794 Ζισαίους
1617 5731 1742 5794 τοὺς
1769 5727 1902 5792 ποὺς

2019 4825 2218 4888 oratio,
2249 4833 2304 4880 et
2330 4839 2494 4894 quam
2541 4821 2920 4878 defensionem
2965 4821 3300 4882 institueret,
3339 4815 3441 4871 sub
3481 4815 3596 4868 ba:c

2014 4917 2250 4986 explicat
2283 4915 2370 4972 his
2397 4914 2580 4970 verbis
2607 4933 2618 4968 :

2084 5089 2250 5148 Vnus.
2287 5091 2424 5148 5-7.
2465 5091 2728 5158 Quoniam
2775 5089 2936 5144 alieni
2967 5089 3373 5142 insurrexerunt
3407 5081 3594 5136 adver-

2015 5200 2132 5238 sum
2167 5200 2268 5248 me,
2301 5193 2350 5236 et
2381 5183 2544 5252 fortes
2565 5181 2884 5252 quasierunt
2913 5179 3146 5232 animum
3183 5191 3375 5239 meam,
3411 5183 3460 5228 et
3491 5189 3593 5228 non

2015 5281 2393 5342 proposuerunt
2446 5273 2614 5326 Deum
2667 5281 2788 5324 ante
2841 5277 3174 5338 conspectum
3233 5281 3400 5320 suum.
3471 5263 3594 5318 Haec

2015 5373 2132 5422 erat
2167 5365 2514 5434 disceptatio.
2553 5363 2632 5418 Ac
2669 5363 2792 5418 vide
2822 5361 2954 5416 mihi
2987 5375 3096 5432 quo
3123 5367 3284 5430 pacto
3329 5373 3438 5413 non
3469 5357 3592 5410 lon-

2021 5471 2146 5530 gum
2181 5455 2423 5526 proferat
2461 5469 2764 5510 sermonem
2793 5451 2816 5520 ;’
2845 5453 2942 5508 sed
2984 5461 3170 5524 utpote
3199 5451 3368 5506 Deum
3413 5447 3590 5502 omni-

2017 5545 2190 5600 scium
2246 5545 2554 5615 alloquens,
2613 5559 2726 5598 rem
2791 5543 2896 5614 ipsi
2941 5543 3116 5596 solum
3173 5549 3586 5602 commemorat,

2019 5637 2346 5706 longamque
2397 5635 2602 5706 negotii
2645 5633 3060 5704 explicationem
3109 5629 3326 5686 silentio
3367 5629 3584 5698 premit.

2011 5725 2150 5782 Num
2203 5743 2328 5782 vero
2387 5741 2484 5796 per
2542 5725 2750 5782 alienos
2809 5723 3120 5780 subindicat
3171 5719 3443 5792 Ziphazos,
3488 5717 3582 5790 qui
