4100 6442
489 383 596 442 467

1194 382 1460 442 EUSEBII
1497 376 1975 438 CAESARIENSIS
2011 374 2163 433 OPP.
2204 374 2386 432 PARS
2423 373 2507 430 ill.
2538 403 2610 416 -—
2646 370 3054 427 EXECETEA.

3653 367 3770 424 ιω

491 503 672 574 ipsum
697 502 843 572 apud
881 502 1100 557 Saulem
1132 501 1566 558 incusaverant?
1592 499 1670 554 Ac
1693 514 1788 569 per
1815 504 1984 551 sortes
2004 499 2070 548 ιι-

2184 495 2264 548 ιὸν
2297 495 2468 548 Σαοὺλ
2511 491 2950 552 ἐνδιαϐάλλοντας
2978 489 3178 552 αὐτόν;
3211 487 3334 549 τοὺς
3361 486 3418 538 δὲ
3466 487 3772 555 κραταιοὺς

491 587 576 648 ibs
609 595 848 648 animam
893 594 1069 664 ipsius
1119 601 1454 664 quaerentes,
1490 590 1710 645 Saulem
1749 597 1803 644 et
1846 587 2076 642 comites

491 686 633 755 ejus,
670 685 765 756 qui
799 685 968 741 Deum
999 702 1106 740 non
1147 692 1514 757 proponentes
1547 691 1674 738 ante
1719 688 2074 750 conspectum

492 792 680 840 suum,
731 777 1164 848 insequebantur
1201 793 1323 832 eum
1378 776 1471 846 qui
1525 774 1660 832 nihil
1715 772 1818 828 sibi
1864 769 2078 840 injuriae

492 867 803 936 intulisset;
837 884 902 923 ac
949 885 1016 926 eo
1049 885 1171 925 sese
1226 867 1507 930 fallebant,
1538 864 1686 936 quod
1723 871 1980 935 putarent
2017 875 2078 916 se

492 977 656 1032 posse
693 970 889 1034 praeter
919 961 1011 1017 Dei
1058 963 1390 1017 voluntatem
1425 957 1634 1030 aliquid
1671 957 1747 1010 illi
1779 955 1906 1010 mali
1935 952 2078 1008 iniii-

494 1053 664 1122 gere?
695 1052 749 1106 Id
781 1068 913 1106 sane
947 1063 1065 1108 erat
1097 1052 1380 1106 hominum
1409 1051 1502 1120 qui
1543 1063 1652 1104 non
1677 1051 2079 1118 proposuerant

493 1141 667 1202 Deum
703 1150 830 1199 ante
862 1150 1219 1213 conspectum
1250 1156 1435 1197 suum.

499 1277 502 1280 .
568 1233 698 1289 Hec
736 1250 894 1302 porro
926 1236 1125 1302 scripta
1147 1243 1291 1299 sunt,
1323 1231 1499 1302 inquit
1533 1229 1846 1300 Apostolus,
1885 1227 1940 1281 in
1976 1225 2076 1279 ad-

494 1326 836 1380 monitionem
889 1334 1126 1379 nostram
1174 1325 1243 1384 ",
1299 1331 1357 1375 ut
1412 1322 1714 1375 imitatores
1763 1325 2077 1373 sanctorum

493 1415 813 1483 eliiciamur,
847 1419 893 1472 si
921 1416 1142 1486 quando
1174 1415 1228 1469 in
1281 1413 1485 1468 sim'lia
1534 1405 1910 1466 inciderimus.
1957 1406 2079 1461 Non

493 1517 579 1566 est
617 1523 751 1563 sane
798 1517 1039 1578 tempus,
1072 1522 1182 1576 quo
1231 1505 1325 1576 qui
1372 1503 1564 1558 volunt
1614 1502 1701 1573 pie
1736 1502 1920 1554 vivere
1968 1513 2078 1552 non

495 1599 940 1668 persecutionem
974 1599 1271 1668 patiantur,
1309 1605 1364 1651 et
1405 1611 1517 1650 non
1547 1593 1676 1648 odio
1727 1592 1931 1662 injuste
1982 1589 2082 1643 ha-

495 1689 729 1749 beantur
753 1689 822 1743 ab
851 1689 942 1752 iis,
972 1689 1068 1758 qui
1102 1688 1438 1743 contrariam
1471 1687 1595 1739 vitae
1621 1684 1889 1738 rationem
1922 1679 2080 1736 insti-

494 1787 738 1839 tuerunt.
765 1779 830 1834 Et
852 1795 982 1835 vero
1008 1778 1317 1835 necessaria
1340 1778 1456 1832 haec
1478 1776 1637 1831 nobis
1659 1782 1788 1831 sunt
1814 1773 1881 1828 ad
1911 1772 2080 1827 disci-

495 1871 725 1941 plinam,
758 1878 818 1924 ut
849 1870 1058 1926 scilicet
1083 1885 1186 1924 nos
1211 1883 1431 1943 quoque
1453 1869 1554 1922 hac
1582 1882 1684 1922 ceu
1713 1865 2081 1920 incantatione

498 1974 753 2024 utamur;
795 1962 1113 2033 hujusmodi
1153 1977 1318 2018 voces
1361 1961 1469 2018 Deo
1499 1960 1833 2020 amittentes,
1864 1971 1988 2012 cum
2023 1955 2080 2011 in

496 2070 694 2115 manus
741 2054 1092 2136 inimicorum
1127 2053 1364 2124 delapsi,
1418 2068 1609 2108 eorum
1649 2049 1865 2105 insidiis
1903 2059 1956 2103 et
1985 2061 2080 2102 ca-

495 2148 718 2233 lumniis
771 2163 896 2228 cum
949 2146 1193 2217 periculo
1247 2146 1591 2216 impetimur;
1658 2142 1904 2214 persuasi
1967 2155 2078 2195 non

495 2232 708 2291 inutilia
746 2236 861 2292 fore
888 2237 1155 2292 orationis
1189 2237 1375 2301 verba,
1411 2235 1505 2291 sed
1531 2233 1738 2288 auxilio
1764 2232 1923 2286 nobis
1957 2245 2078 2284 ma-

496 2344 604 2410 gno
637 2328 846 2395 futura,
884 2336 1072 2409 utpote
1103 2329 1197 2398 qui
1247 2329 1405 2402 primi
1442 2326 1679 2382 orationi
1725 2340 1824 2379 nos
1863 2323 2080 2378 dederi-

498 2437 645 2476 mus.
678 2421 802 2476 llrec
837 2430 1093 2491 precatus
1146 2422 1328 2491 itaque
1362 2419 1555 2485 David,
1592 2417 1854 2480 continuo
1892 2414 2079 2486 propi-

495 2513 634 2566 tium
663 2513 854 2567 habuit
883 2513 1074 2576 Deum,
1108 2520 1163 2567 et
1188 2513 1310 2583 ejus
1345 2527 1450 2582 ope
1489 2510 1749 2582 dignatus
1795 2517 1897 2564 est.
1942 2506 2078 2560 Nam

495 2617 622 2657 cum
655 2605 960 2672 proximum
996 2611 1158 2659 esset
1183 2610 1243 2656 ut
1269 2609 1561 2672 caperetur
1597 2609 1653 2656 et
1691 2599 1874 2654 Saulis
1901 2600 2081 2654 mani-

495 2692 599 2749 bus
637 2693 966 2758 traderetur,
1017 2694 1298 2763 insperato
1335 2700 1587 2748 servatur
1632 2707 1662 2746 a
1705 2690 1836 2755 Deo,
1885 2690 2082 2746 nuntio

499 2781 718 2839 Saulem
764 2785 830 2842 ad
866 2783 971 2844 alia
1017 2784 1232 2854 negotia
1270 2783 1610 2851 abducente,
1661 2783 1960 2839 secundum
1997 2780 2077 2834 hi-

496 2876 725 2930 storiam
771 2875 884 2944 jam
937 2883 1272 2929 enarratam.
1316 2873 1682 2941 Quamobrem
1725 2874 1802 2927 ait
1846 2880 2077 2944 postea:

499 2964 634 3022 Ecce
658 2966 797 3019 enim
839 2964 981 3020 Deus
1010 2964 1232 3035 adjuvat
1262 2982 1363 3026 me,
1399 2965 1660 3019 Dominus
1689 2973 1961 3032 susceptor
2005 2972 2082 3017 est

497 3057 690 3118 anima:
721 3073 867 3111 metu.
905 3055 1117 3110 Arcrtet
1148 3057 1292 3110 m'hla
1323 3057 1557 3109 inimicis
1588 3056 1740 3116 meis,
1779 3064 1828 3109 et
1859 3056 1912 3108 in
1948 3054 2082 3109 reri-

2178 584 2276 657 τὴν
2308 585 2487 656 ψυχὴν
2516 584 2682 639 αὐτοῦ
2709 582 3004 654 ζητοῦντας
3030 579 3191 632 αὐτὸν
3210 579 3300 630 τὸν
3325 577 3497 630 Σαοὺλ
3520 579 3616 629 καὶ
3637 579 3774 640 τοὺς

2181 677 2280 729 σὺν
2313 675 2464 746 αὑτῷ
2487 715 2502 736 ,
2534 675 2584 729 οἳ
2605 716 2620 739 ,
2653 675 2726 745 μὴ
2761 672 3084 745 προθέμενοι
3110 670 3204 723 τὸν
3245 669 3378 721 Θεδν
3403 665 3634 720 ἐνώπιον
3663 667 3772 720 αὺ-

2177 767 2315 832 τῶν,
2347 767 2577 839 ἤλαυνον
2603 766 2695 819 τὸν
2723 764 2888 836 μηδὲν
2931 763 3128 825 αὐτοὺς
3155 759 3454 830 ἠδικηκότα
3478 798 3493 823 ,
3535 759 3776 822 ἑαυτοὺς

2179 857 2499 920 ἀπατῶντες
2513 856 2602 927 ’τῷ
2626 853 2889 926 νομίζειν,
2917 855 2998 907 ὅτι
3029 853 3120 906 καὶ
3135 850 3288 926 παρὰ
3311 852 3372 903 τὸ
3397 849 3645 920 βούλημα
3671 848 3778 902 τοῦ

2181 942 2318 1001 Θεοῦ
2348 941 2668 1014 δυνήσονταί
2695 959 2748 995 τι
2773 940 2894 994 κατ’
2922 939 3088 993 αὑτοῦ
3112 957 3128 1005 ;
3163 939 3332 992 Τοῦτο
3363 939 3407 991 δ’
3445 934 3514 1010 ἦν
3554 938 3776 1010 ἀνδρῶν

2183 1035 2258 1107 μὴ
2294 1035 2649 1107 προθεμένων
2680 1035 2772 1088 τὸν
2804 1034 2936 1088 Θεὸν
2959 1032 3188 1086 ἐνώπιον
3217 1031 3414 1086 αὐτῶν.

2263 1232 2526 1303 Ἔποάφη
2549 1232 2619 1286 δὲ
2645 1232 2850 1297 ταῦτα,
2877 1234 3040 1306 φησὶν
3063 1233 3093 1285 ό
3134 1231 3455 1296 Ἀπόστολος
3472 1272 3487 1295 ,
3514 1233 3601 1298 εις
3620 1247 3776 1287 roo-

2182 1326 2396 1380 θεσίαν
2414 1324 2601 1395 ἡμῶν,
2633 1325 2706 1390 ὡς
2736 1325 2800 1379 ἃν
2828 1327 3062 1397 μιμηταὶ
3087 1324 3406 1395 γιγνοίμεθα
3435 1324 3544 1377 τῶν
3566 1325 3776 1393 ἁγίων,

2181 1417 2364 1469 είποτε
2398 1419 2512 1480 τοῖς
2543 1416 2751 1486 ὁμοίοις
2782 1417 3226 1487 περιπίπτοιμεν.
3249 1417 3364 1469 Οὐκ
3391 1415 3504 1468 ἐστι
3535 1416 3644 1485 γὰρ
3671 1416 3773 1468 ὅτε

2183 1506 2383 1568 πάντες
2415 1507 2460 1557 οἱ
2483 1504 2728 1568 θέλοντες
2754 1503 2994 1568 εὐσεϐῶς
3027 1504 3125 1574 ζῇν
3157 1504 3278 1574 οὐχὶ
3317 1503 3630 1568 διώκονται,
3668 1505 3775 1557 καὶ

2186 1595 2260 1666 μὴ
2292 1595 2574 1667 μισοῦνται
2608 1599 2765 1666 μῖσος
2796 1594 2982 1648 ἄδικον
3017 1593 3121 1647 ὑπὸ
3153 1594 3263 1648 τῶν
3282 1594 3376 1647 τὸν
3405 1594 3646 1647 ἐναντίον
3677 1595 3773 1646 αξ-

2185 1703 2278 1759 ρου
2287 1687 2462 1756 μένων
2492 1685 2626 1756 βίον.
2659 1684 2770 1739 Καὶ
2792 1684 3065 1752 ἀναγκαῖά
3088 1700 3151 1753 γε
3177 1686 3310 1754 ἡμῖν
3332 1682 3403 1736 τὰ
3426 1682 3774 1752 προκείμενα

2184 1780 2266 1840 είς
2300 1777 2648 1831 διδασκαλίαν
2668 1794 2681 1807 '
2717 1777 2791 1841 ῶς
2821 1775 2887 1830 ἂν
2921 1780 3016 1830 καὶ
3044 1777 3198 1832 αὐτοὶ
3217 1777 3376 1848 δίκην
3395 1775 3608 1846 ἐπῳδῆς
3638 1778 3774 1828 ἐαυ-

2181 1871 2294 1932 τοῖς
2327 1868 2618 1940 ὲπᾲδοιμεν
2646 1875 2746 1932 τας
2760 1866 3016 1931 τοιαύτας
3047 1867 3230 1936 φωνὰς
3247 1867 3665 1938 ἀναπέμποντες
3684 1865 3773 1936 τῷ

2181 1958 2322 2030 Θεῷ,
2360 1958 2581 2012 ἐπειδὰν
2611 1957 2826 2030 ὲχθροῖς
2865 1959 3253 2029 περιπεσόντες
3284 1956 3772 2027 ὲπιϐουλευοὶμεθα

2183 2053 2275 2105 ὑπ’
2316 2051 2524 2118 αὐτῶν,
2571 2053 2666 2105 καὶ
2716 2051 3160 2122 διαϐαλλοίμεθα,
3193 2053 3288 2106 καὶ
3326 2052 3766 2122 κινδυνεύοιμενα

2183 2143 2540 2214 πεπεισμένοι
2571 2145 2670 2197 οὐκ
2700 2143 2846 2216 ἀργὰ
2871 2142 3090 2196 ἔσεσθαι
3114 2142 3182 2196 τὰ
3215 2143 3435 2214 ῥήματα
3464 2143 3562 2214 τῆς
3594 2159 3770 2215 προσ-

2182 2236 2366 2307 ευχῆς,
2392 2237 2458 2290 τὰ
2492 2237 2702 2307 μεγάλα
2733 2237 2790 2290 δὲ
2823 2235 3226 2308 συμϐαλοῦνται
3255 2237 3407 2306 ἡμῖν,
3451 2235 3640 2307 ὥσπερ
3670 2230 3770 2290 οὖν

2183 2328 2277 2381 καὶ
2303 2327 2486 2391 αὐτοῖς
2511 2330 2625 2391 τοῖς
2653 2326 2891 2398 πρώτοις
2917 2327 3258 2399 εὐξαμένοις.
3289 2327 3496 2380 Λύτίκα
3522 2327 3654 2397 γοῦν
3678 2327 3768 2380 εὖ·

2185 2419 2414 2492 ξάμενος
2453 2421 2623 2475 ταῦτα
2663 2423 2692 2474 ό
2718 2420 2910 2486 Δαυῒδ,
2936 2423 3278 2494 παραχρῆμα
3329 2421 3567 2491 ἐπηκόου
3603 2420 3766 2492 ἔτυχε

2179 2514 2274 2567 τοῦ
2326 2513 2484 2576 Θεοῦ,
2525 2514 2616 2568 καὶ
2663 2512 2905 2578 ἀξιοῦται
2950 2513 3052 2582 τῆς
3097 2515 3228 2584 παρ’
3278 2511 3440 2567 αὐτοῦ
3489 2511 3763 2582 βοηθείας.

2187 2604 2326 2673 Ἤδη
2382 2605 2491 2674 γὰρ
2525 2602 2734 2673 μέλλων
2779 2602 3096 2656 ἁλίσκεσθαι
3139 2601 3234 2654 καὶ
3280 2604 3402 2664 ταῖς
3449 2600 3543 2654 τοῦ
3589 2601 3766 2655 Σαοὺλ

2181 2694 2337 2765 χερσὶ
2390 2692 2797 2764 παραδίδοσθαι,
2860 2691 3179 2763 παραδόξως
3236 2693 3301 2744 ὲκ
3328 2691 3462 2744 Θεοῦ
3508 2690 3764 2756 σώζεται,

2181 2785 2438 2853 ἀγγελίας
2467 2784 2554 2838 τὸν
2569 2785 2741 2838 Σαοὺλ
2767 2783 3161 2855 ἀπαγαγούσης
3185 2785 3270 2854 ἐφ’
3295 2783 3486 2854 ἑτέρας
3507 2783 3767 2854 ἀσχολίας

2183 2874 2324 2928 κατὰ
2374 2876 2470 2947 τὴν
2510 2874 2915 2946 παρατεθεῖσαν
2967 2874 3225 2946 ἱστορίαν.
3269 2873 3361 2926 Διδ
3388 2873 3516 2942 ἑξῆς
3564 2860 3761 2942 φησιν

2194 2967 2340 3021 Ἰδοὺ
2364 2968 2473 3037 γὰρ
2507 2970 2540 3021 ό
2570 2967 2714 3033 Θεὸς
2733 2965 2954 3034 ,βοηθεῖ
2960 2984 3082 3035 μοι,
3124 2967 3338 3034 Κύριος
3383 2963 3764 3031 ἀντιλήπτωρ

2181 3053 2290 3130 τῆς
2309 3055 2517 3129 ψυχῆς
2529 3073 2670 3125 μου.
2709 3055 3091 3126 Ἀποστρέψει
3110 3055 3182 3108 τὰ
3203 3055 3357 3108 κακὰ
3382 3054 3508 3120 τοῖς
3529 3053 3765 3123 ἐχθροῖς

497 3155 606 3200 tate
629 3157 720 3199 tua
751 3145 994 3216 disperde
1019 3145 1160 3200 illos.
1193 3145 1528 3214 Diapsalma.
1560 3145 1875 3217 Diapsalma
1909 3153 2081 3199 muta-

2184 3164 2318 3216 μου,
2343 3148 2441 3206 καὶ
2465 3148 2537 3201 ἐν
2553 3146 2628 3215 τῇ
2647 3148 2897 3216 ἀληθείᾳ
2914 3163 3030 3202 σου
3051 3146 3494 3215 ἐξολόθρευσον
3513 3147 3761 3212 αὐτούς.

496 3238 699 3299 tionem
733 3237 1017 3293 sententia:
1047 3237 1280 3294 induxit.
1308 3238 1401 3291 Illa
1432 3237 1577 3292 enim
1603 3253 1700 3293 ceu
1733 3237 1941 3292 orando
1972 3236 2081 3292 Deo

2184 3237 2517 3307 Διὰψαλμα.
2547 3238 2621 3291 Τὸ
2646 3238 2923 3308 διάψαλμα
2973 3237 3273 3310 μεταϐολὴν
3318 3237 3613 3308 εἰργάσατο
3661 3237 3766 3305 τῆς

437 3355 440 3359 ·
492 3330 795 3396 emiserat;
844 3329 960 3383 haec
1019 3344 1143 3388 vere
1197 3327 1354 3399 quasi
1406 3328 1724 3398 prophetice
1776 3328 2078 3398 subjungit,

495 3438 620 3503 quae
647 3422 879 3482 salutem
923 3421 1171 3490 precanti
1221 3423 1624 3490 praenuntiant,
1660 3421 1898 3475 inimicis
1927 3434 2078 3481 vero,

497 3527 529 3571 θ
560 3525 796 3590 quorum
833 3509 1088 3566 manibus
1136 3509 1275 3579 eripi
1320 3509 1554 3579 rogavit,
1587 3509 1908 3578 perniciem.
1953 3506 2083 3562 Haec

500 3601 668 3680 igitur
705 3599 947 3670 Spiritus
999 3599 1179 3655 sancti
1231 3599 1413 3654 aniatu
1465 3599 1831 3665 vaticinatur;
1884 3599 1970 3654 his
2017 3612 2082 3652 ea

500 3690 820 3768 signiﬁcans
851 3706 972 3760 quae
995 3706 1053 3746 se
1080 3699 1394 3761 spectarent
1427 3710 1439 3744 :
1478 3689 1611 3744 Ecce
1637 3690 1778 3744 enim
1816 3689 1958 3744 Deus
1986 3689 2083 3743 ειδ-

494 3785 645 3850 juvat
677 3799 777 3846 me,
815 3781 1071 3836 Dominus
1116 3792 1386 3851 susceptor
1416 3792 1494 3838 es!
1541 3784 1734 3837 anima:
1767 3799 1916 3836 meae.
1952 3781 2085 3847 Qua:

501 3892 632 3940 vero
689 3875 755 3930 ad
814 3876 1069 3939 inimicos
1134 3892 1268 3932 suos
1301 3878 1595 3954 pertinent,
1645 3878 1858 3933 scilicet
1893 3877 1961 3932 ad
1995 3876 2085 3930 Zi-

504 3966 712 4046 phans,
745 3964 839 4040 qui
878 3964 1058 4040 ipsum
1099 3965 1244 4043 apud
1283 3964 1505 4028 Saulcm
1537 3966 1853 4030 calumniati
1911 3973 2080 4030 sunt;

500 4051 619 4114 sive
649 4050 716 4104 ad
749 4051 1065 4125 spirituales
1097 4053 1365 4124 quosdam
1396 4063 1450 4110 et
1473 4055 1724 4112 occultos
1753 4055 1961 4119 hostes,
1989 4055 2082 4124 qui

497 4143 620 4224 ejus
662 4141 963 4198 secundum
996 4141 1165 4198 Deum
1211 4143 1482 4213 profectui
1539 4143 1878 4208 invidebant,
1920 4151 2085 4213 atque

503 4232 627 4294 ideo
653 4233 1118 4305 conspirationem
1155 4234 1421 4289 adversus
1461 4248 1584 4288 eum
1624 4233 1966 4298 conﬂabant,
1999 4234 2084 4288 his

501 4323 684 4390 verbis
717 4324 874 4390 ell'ert
910 4326 1150 4378 :Arertet
1186 4324 1329 4378 mala
1357 4326 1582 4379 inimicis
1613 4326 1764 4389 meis,
1793 4335 1843 4379 et
1873 4326 1926 4378 in
1949 4326 2085 4379 ueri-

502 4421 613 4467 tate
660 4421 753 4470 tua
799 4414 1045 4483 disperde
1089 4415 1233 4474 illos.
1289 4415 1604 4473 Secundum
1647 4433 1776 4472 vero
1831 4415 2086 4488 Symma-

2183 3330 2442 3392 διανοίας.
2471 3328 2552 3382 Τὰ
2597 3329 2696 3400 μὲν
2744 3329 2852 3401 γὰρ
2881 3329 2957 3393 ὡς
2995 3331 3054 3383 ὲν
3100 3332 3375 3401 προσευχῇ
3416 3327 3768 3399 ἀνεπέμπετο

2182 3420 2260 3490 τῷ
2280 3420 2399 3491 Θεῷ
2417 3437 2431 3452 ·
2458 3421 2527 3477 τὰ
2555 3421 2612 3474 δὲ
2640 3420 2997 3495 προφητικῶς
3022 3421 3263 3489 ἐπιλέγει
3285 3461 3299 3484 ,
3333 3421 3402 3474 τὰ
3440 3420 3768 3482 θεσπίζοντα

2185 3511 2460 3581 σωτηρίαν
2494 3510 2591 3580 μὲν
2613 3508 2691 3581 τῷ
2723 3509 3025 3585 εὐξαμένῳ,
3058 3509 3264 3563 πτῶσιν
3296 3510 3354 3563 δὲ
3383 3513 3496 3573 τοῖς
3523 3508 3766 3582 ἐχθροῖς,

2185 3601 2278 3671 ἀφ’
2305 3596 2380 3654 ὧν
2404 3602 2666 3673 ῥωσθῆναι
2693 3602 2912 3674 ηὔξατο.
2939 3602 3103 3656 Ταῦτ’
3129 3599 3221 3656 οῦν
3252 3602 3312 3666 ὲξ
3333 3602 3484 3671 ἁγίου
3511 3602 3769 3673 Πνεῦμα-

2183 3709 2274 3756 τος
2312 3685 2674 3764 προφητεύει,
2732 3693 2803 3746 τὰ
2859 3693 2958 3763 μὲν
3010 3694 3140 3764 περὶ
3170 3693 3332 3746 αὑτὸν
3379 3694 3657 3764 σημαίνων
3705 3694 3768 3747 ὲν

2182 3780 2394 3844 τούτοις
2417 3799 2430 3812 ’
2474 3782 2619 3836 Ἰδοὺ
2653 3781 2762 3852 γὰρ
2798 3787 2830 3837 ό
2853 3782 2996 3849 Θεὸς
3015 3782 3234 3849 ,βοηθεῖ
3250 3800 3373 3852 μοι,
3416 3783 3631 3849 Κύριος
3659 3782 3768 3836 ἀμ

2185 3872 2481 3941 ταιῇπτωρ
2510 3872 2619 3941 τῆς
2644 3872 2850 3942 ψυχῆς
2866 3892 2986 3943 μου
3003 3891 3016 3905 ·
3041 3874 3110 3927 τὰ
3135 3874 3192 3927 δὲ
3214 3875 3342 3944 περ)⁵
3374 3872 3481 3926 τῶν
3508 3873 3768 3926 ἐναντίων

2185 3963 2355 4034 αὐτῷ,
2409 3965 2527 4034 ἦτοι
2560 3966 2689 4030 περ).
2752 3965 2859 4018 τῶν
2895 3966 3135 4034 Ζιφαίων
3180 3963 3289 4016 τῶν
3330 3963 3768 4034 διαϐεϐληκότων

2185 4055 2346 4108 αὐτὸν
2394 4057 2534 4128 πρὸς
2581 4057 2672 4109 τὸν
2722 4057 2930 4120 Σαοὺλ,
2979 4057 3137 4128 ﬂuat
3169 4055 3376 4124 νοητῶν
3418 4072 3576 4108 τινων
3604 4056 3636 4126 ἢ
3669 4057 3766 4107 καὶ

2185 4135 2407 4218 ἀερανῶν
2438 4129 2645 4222 ἐχθρῶν
2677 4149 2785 4202 τῶν
2818 4149 3287 4219 διαφθονουμένων
3319 4145 3484 4201 αὑτοῦ
3526 4151 3593 4218 τῇ
3621 4147 3768 4202 κατὰ

2185 4238 2317 4292 Θεὸν
2348 4243 2618 4310 προκοπῇ,
2647 4240 2738 4294 καὶ
2769 4240 2859 4293 διὰ
2889 4240 3046 4294 τοῦτο
3070 4239 3550 4310 συσκευαζομένων
3576 4239 3762 4299 αὑτὸν,

2186 4331 2244 4383 ὲν
2264 4329 2342 4400 τῷ
2363 4370 2377 4389 ,
2415 4330 2798 4399 Ἀποστρέψει
2826 4331 2898 4384 τὰ
2927 4332 3086 4386 κακὰ
3106 4331 3227 4396 τοῖς
3241 4331 3477 4400 ἐχθροῖς
3499 4348 3638 4399 μου,
3663 4331 3762 4382 καὶ

2183 4419 2254 4473 ἐν
2284 4419 2359 4489 τῇ
2378 4421 2627 4490 ἀληθείᾳ
2654 4437 2770 4475 σου
2792 4423 3233 4490 ἐξολόθρευσον
3253 4424 3493 4488 αὐτούς.
3521 4421 3678 4475 Κατὰ
3705 4423 3764 4476 δὲ

501 4505 707 4561 chum:
749 4503 1037 4569 Retribuat,
1071 4507 1268 4575 inquit,
1301 4507 1444 4560 mala
1492 4509 1558 4561 iis
1604 4509 1693 4577 qui
1728 4508 1856 4561 mihi
1902 4525 2081 4562 muros

2187 4511 2279 4564 τὸν
2319 4512 2612 4591 Σύμμαχον
2632 4529 2645 4544 ’
2705 4511 3152 4574 Ἀνταποδώσει,
3211 4515 3376 4584 φησι,
3434 4514 3592 4566 κακὰ
3640 4513 3766 4579 τοῖς

502 4595 801 4664 auferunt:
843 4597 896 4649 in
931 4598 1148 4651 veritate
1206 4607 1299 4650 tua
1356 4598 1512 4652 silere
1565 4598 1652 4666 fac
1699 4615 1806 4652 eos.
1845 4598 1910 4652 Et
1938 4598 2082 4662 vide,

503 4701 633 4750 num
695 4688 812 4746 haec
874 4703 998 4741 cum
1055 4689 1284 4742 historia
1346 4690 1638 4759 quadrent.
1697 4688 1830 4744 Nam
1882 4689 2086 4759 Ziphaai

504 4778 683 4858 ipsum
717 4779 861 4857 apud
889 4796 949 4842 se
979 4781 1194 4843 latitare
1227 4781 1519 4842 volentem,
1551 4781 1711 4854 quasi
1745 4781 2086 4838 denudantes

502 4875 557 4922 et
587 4885 774 4924 muros
807 4871 910 4940 ipsi
943 4871 1276 4934 auferentes,
1309 4873 1486 4940 ipsum
1515 4873 1805 4932 calumniis
1831 4881 1884 4927 et
1905 4874 2087 4930 verbis

503 4960 792 5016 diabolicis
836 4962 1173 5032 impctebant
1223 4961 1367 5032 apud
1422 4959 1641 5017 Saulem
1680 4983 1694 5018 :
1737 4978 1908 5034 quare
1963 4964 2088 5018 illos

500 5054 626 5122 jure
649 5053 1020 5119 subindicavit
1052 5054 1136 5108 his
1163 5054 1346 5110 verbis
1383 5071 1396 5107 :
1427 5052 1696 5108 Retribuet
1729 5055 1874 5108 mala
1904 5055 1970 5108 iis
1999 5055 2088 5124 qui

505 5144 634 5210 mihi
686 5159 865 5198 muros
914 5146 1187 5214 auferunt,
1228 5155 1276 5208 et
1313 5146 1366 5200 in
1397 5146 1612 5208 veritate
1654 5154 1748 5197 tua
1801 5146 1956 5198 silere
2000 5145 2088 5214 [ac

503 5253 614 5301 eos.
649 5235 856 5302 Bonum
896 5237 1030 5306 ipsis
1081 5237 1355 5292 silentium
1390 5241 1494 5299 est,
1540 5244 1600 5291 ut
1654 5253 1723 5290 ne
1753 5235 1955 5298 talibus
1986 5219 2087 5290 ad—

506 5345 722 5384 versum
763 5345 848 5384 me
897 5330 1190 5386 calumniis
1243 5338 1488 5386 utantur.
1543 5329 1848 5383 Admodum
1905 5337 2087 5384 autem

506 5429 874 5491 congruenter
901 5419 1071 5476 Deum
1103 5427 1506 5490 susceptorem,
1543 5419 1657 5480 sive
1695 5419 1928 5488 fulcrum
1969 5419 2090 5472 ani-

507 5527 610 5572 mae
665 5527 802 5576 sum,
858 5511 1163 5567 secundum
1223 5512 1612 5594 Symmachum
1674 5512 1902 5567 vocavit.
1947 5511 2085 5578 Quia

510 5601 652 5665 enim
698 5601 954 5682 superius
981 5600 1151 5668 fortes
1175 5602 1492 5684 quaerebant
1539 5599 1775 5664 animam
1805 5600 1960 5678 ejus;
1991 5615 2090 5656 nc-

585 5779 627 5820 ”
670 5777 688 5841 Ι
724 5780 849 5840 Cor.
891 5798 946 5848 κ,
995 5783 1055 5842 ii

2187 4602 2630 4671 ἀποτειχίῶυσί
2658 4620 2755 4672 με,
2789 4605 2859 4656 ὲν
2887 4602 2959 4671 τῇ
2988 4603 3238 4670 ἀληθείᾳ
3265 4620 3382 4656 σου
3417 4600 3764 4668 ἀποσιώπη-

2187 4708 2304 4748 σον
2321 4697 2561 4760 αὐτούς.
2589 4696 2699 4748 Καὶ
2727 4695 2830 4766 ὅρα
2848 4696 2896 4746 εί
2925 4693 2999 4765 μὴ
3020 4695 3302 4764 συμφωνεῖ
3331 4692 3504 4746 ταῦτα
3525 4695 3590 4763 τῇ
3623 4693 3766 4744 ἱστο-

2191 4781 2303 4852 ρίᾳ.
2335 4781 2665 4853 Ἐπειδήπερ
2688 4784 2738 4834 οἱ
2764 4783 2976 4851 Ζιφαῖοι
3001 4781 3323 4852 βουλόμενον
3346 4781 3508 4834 αὐτὸν
3539 4780 3769 4851 κρύπτε-

2191 4872 2313 4926 σθαι
2338 4877 2466 4944 παρ’
2489 4874 2691 4938 αὐτοῖς,
2720 4873 2908 4945 ῶσπερ
2932 4873 3375 4945 ἀπογυμνοῦντες
3414 4875 3507 4927 καὶ
3545 4875 3766 4928 ἀποτει-

2188 4964 2449 5034 χίζοντες,
2477 4963 2751 5017 διέϐαλλον
2787 4965 2922 5034 πρὸς
2950 4965 3040 5017 τὸν
3076 4965 3270 5027 Σαοὺλ,
3307 4964 3484 5033 λόγοις
3528 4963 3766 5018 διαϐολιο·

2191 5058 2304 5119 κοῖς
2335 5057 2455 5108 κατ’
2482 5054 2645 5109 αὐτοῦ
2673 5055 2978 5128 χρώμενον
3008 5047 3198 5128 διόπερ
3222 5056 3437 5119 αὐτοὺς,
3487 5055 3563 5118 ὡς
3595 5055 3763 5118 είκδς,

2189 5148 2554 5217 αἰνιττόμενος
2581 5147 2763 5216 ἔλεγεν
2781 5134 2806 5176 θ’
2845 5146 3269 5200 Ἀνταποδὼσει
3291 5147 3446 5198 κακὰ
3469 5143 3590 5208 τοῖς
3619 5144 3767 5197 d10-

2189 5235 2508 5304 τειχίζουσι
2536 5253 2632 5305 με,
2679 5235 2776 5290 καὶ
2799 5237 2868 5289 ἐν
2889 5234 2966 5304 τῇ
2989 5236 3242 5304 ἀληθείᾳ
3273 5249 3390 5287 σου
3415 5229 3730 5299 ἀποσιώπη
3748 5260 3765 5272 -

2188 5343 2305 5382 σον
2319 5329 2560 5393 αὐτούς.
2598 5327 2752 5398 Καλὴ
2786 5327 2892 5398 γὰρ
2922 5328 3106 5390 αὐτοῖς
3129 5328 3162 5396 ὴ
3191 5325 3390 5395 σιωπὴ,
3425 5324 3514 5376 ἴνα
3552 5323 3626 5393 μὴ
3649 5336 3764 5374 τοι·

2190 5420 2382 5483 αὐταις
2411 5419 2648 5492 χρῶνται
2671 5421 2792 5472 κατ’
2831 5418 2965 5489 ἐμοῦ
2997 5417 3292 5481 διαϐολαῖς.
3310 5416 3521 5486 Σφόδρα
3547 5415 3605 5470 δὲ
3632 5431 3767 5468 κατ-

2191 5513 2435 5584 αλλήλως
2465 5513 2556 5566 τὸν
2578 5511 2710 5564 Θεὸν
2742 5509 3130 5580 ἀντιλήπτορα,
3167 5509 3200 5578 ἢ
3225 5507 3577 5576 ὑπέρεισμα,
3626 5506 3769 5559 κατὰ

2189 5606 2281 5672 τὸν
2307 5605 2624 5687 Σύμμαχον,
2657 5602 2908 5680 ὠνόμασε
2929 5601 3028 5674 τῆς
3068 5599 3259 5654 ἑαυτοῦ
3292 5598 3489 5670 ψυχῆς.
3549 5595 3770 5667 Ἐπειδὴ
