4100 6442
372 391 482 446 46⁸.)
1507 386 2010 441 ('OMMEN'I‘ARIA
2049 387 2117 442 IN
2158 386 2497 441 PSALMOS.
3518 393 3623 440 470

373 503 486 575 γὰρ
516 503 774 575 ἀνωτέρω
800 503 847 556 οἱ
879 500 1130 573 κραταιοὶ
1156 499 1384 572 ἐζήτουν
1409 497 1507 568 τὴν
1546 499 1725 570 ψυχὴν
1760 499 1947 564 αὐτοῦ,
1979 525 1992 560 ε

2003 505 2022 559 ι
2051 516 2160 570 que
2185 500 2259 554 ita
2285 498 2504 568 corpori
2547 496 2777 553 insidias
2809 506 3020 554 struere
3050 497 3385 567 cogitabant,
3421 509 3476 551 ttt
3506 501 3622 552 ani-

372 598 474 665 οὐχ
495 594 666 657 οὕτως
687 592 1064 648 ἐπιϐουλεῦσαι
1093 589 1260 644 αὐτοῦ
1290 587 1367 659 τῷ
1388 587 1602 658 σώματι
1630 607 1841 661 προῃρη
1851 591 1947 661 μέ-

2053 605 2185 655 maa;
2216 590 2414 644 merito
2441 589 2559 658 ipse
2580 587 2873 642 Dominum
2895 594 3268 656 susceptorent
3295 585 3490 640 animae
3513 601 3624 640 sua:

375 703 478 748 νοι,
503 683 579 748 ὠς
604 686 672 754 τῇ
707 683 850 754 ψυχῇ
876 699 890 712 ·
917 683 1144 744 εἰκότως
1167 679 1262 734 καὶ
1288 677 1450 742 αὐτὸς
1471 678 1564 732 τὸν
1607 677 1812 748 Κύριον
1859 679 1952 733 ἀν-

2054 681 2410 750 nuncupavit.
2461 679 2606 734 Nihil
2652 678 2852 748 quippc
2882 677 2950 732 de
2979 691 3210 747 corpore
3236 691 3410 747 neque
3441 675 3509 731 de
3534 691 3623 731 re-

373 773 674 843 τιλήπτορα
703 771 803 842 τῆς
825 768 1019 825 ἑαυτοῦ
1044 769 1221 841 ψυχῆς
1258 767 1559 841 ὠνόμαζεν.
1610 767 1812 838 Ἔμελε
1842 766 1952 838 γὰρ

2054 774 2159 829 bus
2187 781 2342 828 extra
2388 773 2583 843 positis
2622 770 2889 827 sollicitus
2915 779 3054 834 erat,
3089 785 3264 840 neque
3301 767 3369 825 de
3418 777 3623 840 tempo-

376 863 527 932 αὐτῷ
555 861 705 914 οὐδὲν
744 859 839 914 τοῦ
883 858 1154 930 σώματος,
1187 859 1308 913 οὐδὲ
1334 859 1444 913 τῶν
1489 857 1647 922 ἐκτὸς
1680 857 1951 927 ὑπαρχόν-

1592 857 1647 922 bc
1680 857 1951 927 ὑπαρχόν·
2054 879 2220 922 ranea
2250 864 2354 920 hac
2387 865 2529 919 vita:
2563 863 2660 918 sed
2688 863 2756 918 de
2776 863 2958 918 anima
2983 871 3211 918 tantum.

375 970 505 1015 των,
535 951 656 1005 οὐδὲ
677 952 776 1021 τῆς
801 950 1134 1022 προσκαίρου
1160 950 1363 1022 ταύτης
1391 949 1555 1021 ζωῆς,
1588 948 1755 1019 μόνης
1772 947 1830 1001 δὲ
1855 949 1954 1018 τῆς

375 1042 573 1097 ἑαυτοῦ
597 1042 794 1113 ψυχῆς.

464 1132 781 1196 Ἑκουσίως
795 1131 960 1184 θύσω
981 1144 1100 1195 σοι,
1113 1129 1627 1201 ἐξομολογήσομαι
1649 1130 1730 1197 τῷ
1744 1131 1956 1199 ὀνόμα-

2125 1129 2292 1185 Vens.
2320 1128 2374 1190 8,
2404 1128 2458 1182 9.
2515 1128 2822 1182 Voluntaria
2847 1127 3161 1197 sacriﬁcabo
3197 1127 3312 1192 tibi,
3341 1124 3620 1194 conﬁtebor

380 1223 439 1276 τι
460 1237 600 1285 σου,
624 1223 820 1288 Κύριε,
845 1221 934 1274 ὅτι
971 1221 1215 1290 ἀγαθόν.
1248 1221 1348 1275 Διά
1377 1221 1486 1275 τῶν
1513 1221 1743 1293 πρώτων
1771 1222 1954 1292 δέησιν

2055 1221 2260 1276 nomini
2289 1230 2398 1283 tuo,
2431 1219 2672 1283 Domine,
2706 1221 2958 1290 quoniam
2987 1219 3180 1273 bonum
3208 1227 3306 1273 est.
3330 1217 3465 1272 Cum
3490 1215 3621 1287 prio-

380 1314 474 1368 καὶ
502 1313 781 1384 ἱκετηρίαν
807 1312 1135 1383 ἀναπέμψας
1166 1312 1244 1383 τῷ
1275 1313 1416 1383 Θεῷ,
1444 1313 1537 1366 καὶ
1559 1311 1656 1382 τὴν
1687 1313 1955 1366 δικαιολο-

2057 1310 2212 1365 ribus
2236 1311 2420 1366 verbis
2451 1311 2894 1366 obsecrationem
2935 1318 2990 1365 et
3037 1309 3489 1380 supplicationem
3519 1306 3626 1362 Deo

378 1401 504 1469 γίαν
525 1399 692 1453 αὐτοῦ
725 1398 1014 1469 ἐκθέμενος
1037 1438 1052 1461 ,
1085 1400 1144 1452 ὲν
1169 1400 1279 1462 τοῖς
1310 1397 1603 1468 δευτέροις,
1649 1395 1958 1468 πληρωθεὶς

2057 1401 2351 1465 emisisset,
2378 1417 2442 1457 ac
2464 1402 2918 1472 disceptationem
2949 1415 3104 1456 suam
3134 1401 3510 1470 exposuisset;
3544 1413 3625 1453 se-

376 1491 474 1544 τοῦ
502 1490 831 1561 πνεύματος,
864 1488 1107 1554 θεσπίζει
1145 1491 1214 1543 τά
1245 1506 1304 1542 τε
1336 1490 1464 1559 περὶ
1489 1488 1652 1542 αὐτὸν
1698 1488 1960 1559 μέλλοντα

2059 1493 2277 1558 cundis,
2310 1508 2432 1564 quat
2459 1493 2584 1558 sibi,
2619 1509 2742 1564 qua:
2769 1491 3008 1547 inimicis
3039 1492 3153 1548 suis
3183 1497 3443 1546 eventura
3473 1495 3625 1544 erant

378 1579 599 1634 ἔσεσθαι
621 1619 637 1644 ,
688 1580 759 1634 τά
813 1596 872 1632 τε
903 1583 1018 1642 τοῖς
1048 1579 1264 1652 ἐχθροῖς
1308 1579 1474 1635 αὐτοῦ
1529 1579 1953 1650 συμϐησόμεναο

2061 1585 2257 1655 spiritu
2327 1586 2521 1656 plenus
2567 1584 2904 1640 vaticinatur
2941 1608 2954 1638 ;
2994 1583 3189 1638 deinde
3237 1592 3625 1652 consequenter

379 1666 480 1725 εἷθ’
512 1671 640 1742 ἑξῆς
668 1671 762 1725 καὶ
788 1670 1096 1734 ἀκολούθως
1130 1673 1189 1725 ὲν
1232 1670 1312 1742 τῷ
1359 1671 1530 1742 τρίτῳ
1576 1670 1734 1742 μέρει
1769 1669 1961 1734 θυσίας

2063 1676 2225 1730 tertio
2277 1676 2396 1730 Ioco
2447 1675 2659 1731 hostias
2707 1683 2764 1730 et
2807 1675 3108 1745 gratiarum
3156 1673 3400 1728 actiones
3433 1688 3494 1729 se
3522 1671 3628 1728 Deo

382 1763 474 1814 καὶ
501 1761 855 1833 εὐχαριστίας
885 1759 1105 1815 ἀνύσειν
1142 1761 1536 1829 ἐπαγγέλλεται
1579 1760 1655 1831 τῷ
1703 1759 1824 1831 Θεῷ
1872 1755 1960 1829 ἐφ’
1989 1834 2001 1837 _

2008 1834 2014 1837 μ
2063 1781 2161 1835 pro
2189 1765 2466 1822 beneﬁciis
2488 1767 2894 1837 persoluturum
2924 1765 3229 1835 pollicetur.
3260 1762 3396 1817 Nam
3427 1771 3486 1816 ut
3514 1778 3627 1818 erc-

378 1847 461 1916 οἷς
492 1848 551 1906 εὖ
586 1850 872 1905 πέπονθεν.
921 1851 1006 1914 Ὠς
1027 1850 1137 1922 γὰρ
1159 1850 1223 1922 δὴ
1257 1849 1541 1915 διασωθεὶς
1573 1850 1666 1904 καὶ
1710 1851 1808 1922 τῆς
1845 1849 1954 1903 τῶν
1989 1834 1997 1888 ¹

2010 1835 2028 1887 ³
2061 1834 2186 1927 ptus
2213 1862 2268 1912 et
2295 1857 2361 1910 ab
2385 1834 2732 1911 inimicorum
2777 1834 2996 1912 insidiis
3021 1854 3325 1920 liberatus;
3358 1869 3532 1923 neque
3564 1851 3629 1906 ol'

377 1943 586 2015 ἐχθρῶν
614 1943 902 2014 ἐπιϐουλῆς
921 1941 1382 2014 ὴλευθερωμένος,
1408 1943 1470 1996 οὐ
1496 1943 1676 2014 μόνον,
1703 1941 1838 1997 ἀλλά
1859 1943 1954 1996 καὶ

2063 1946 2115 2000 id
2151 1947 2350 2008 solum.
2381 1946 2475 2002 sed
2501 1947 2628 2018 quia
2680 1946 3026 2001 inimicorum
3060 1945 3288 2000 exitium
3336 1942 3628 2014 prospicie-

377 2027 717 2106 τδν’δλεθρον
745 2035 852 2087 τῶν
888 2033 1100 2105 ἐχθρῶν
1127 2033 1346 2098 ἐπιδὼν,
1371 2033 1520 2087 θύειν
1563 2033 1659 2088 καὶ
1704 2033 1953 2106 ἐξομολο-

2063 2038 2174 2102 bat,
2202 2052 2260 2094 se
2301 2038 2706 2093 immolaturum
2741 2044 2796 2092 et
2829 2035 3233 2092 confessionem
3285 2033 3490 2091 nomini
3528 2031 3628 2086 Do-

377 2125 651 2197 τήσασθαι
695 2125 774 2196 τῷ
805 2126 1029 2196 ὀνόματι
1057 2123 1150 2179 τοῦ
1177 2125 1385 2196 Κυρίου
1435 2125 1776 2195 ὑπισχνεῖται
1795 2142 1808 2156 ·
1859 2126 1954 2178 καὶ

2062 2129 2194 2184 mini
2247 2129 2519 2185 editurum
2573 2129 2843 2200 promittit
2899 2149 2912 2183 :
2974 2137 3138 2199 atque
3173 2128 3287 2182 haec
3326 2126 3629 2182 vaticinans

377 2216 552 2270 τοίτα
597 2217 852 2286 προλέγει
881 2213 1152 2280 θεσπίζων
1187 2215 1293 2287 πρὸ
1335 2215 1433 2286 τῆς
1458 2216 1565 2268 τῶν
1615 2216 1954 2287 πραγμάτων

2061 2227 2187 2274 ante
2217 2235 2400 2274 rerum
2429 2229 2680 2274 eventum
2713 2219 2976 2290 praedicit.
3009 2217 3141 2272 Nam
3169 2234 3290 2273 cum
3332 2217 3533 2287 Zipbtei
3568 2216 3630 2270 ad

380 2307 679 2370 ἐκϐάσεως.
711 2309 839 2361 Ὅτε
869 2308 978 2378 γὰρ
1023 2307 1072 2359 οἱ
1095 2308 1316 2376 -Ζιφαῖοι
1370 2306 1614 2371 ἐλθόντες
1671 2307 1809 2379 πρὸς
1861 2309 1953 2362 τὸν

2063 2305 2280 2366 Saulem
2331 2310 2654 2366 accedentes
2699 2309 2959 2364 dixerunt
3004 2328 3018 2364 :
3061 2307 3194 2363 Ecce
3218 2307 3388 2362 David
3412 2307 3629 2360 abscon-

380 2399 551 2453 Σαοὺλ
596 2394 773 2450 εἷπονο
828 2396 974 2452 Ἰδοὺ
1021 2397 1203 2451 Δαυΐό
1234 2399 1561 2466 κέκρυπται
1593 2399 1730 2466 παρ’
1771 2398 1916 2469 ἡμῖν
1936 2415 1950 2432 ⁸

2059 2402 2203 2456 ditus
2232 2411 2310 2456 est
2338 2400 2478 2470 apud
2509 2415 2640 2462 nos;
2670 2415 2796 2454 cum
2842 2415 2932 2455 res
2982 2399 3037 2454 in
3089 2399 3317 2454 historia
3374 2405 3630 2453 enarrata

379 2489 552 2569 ἀρχὴν
579 2490 652 2543 ἐτ’
681 2489 912 2561 ἐχούσης
940 2490 1040 2562 τῆς
1062 2491 1180 2544 κατ’
1216 2489 1395 2544 αὐτῶν
1438 2490 1680 2555 ἱστορίας
1721 2492 1814 2544 καὶ
1846 2491 1954 2545 τῶν

2061 2495 2390 2565 inciperent,
2425 2501 2480 2548 et
2515 2493 2644 2548 dum
2677 2492 2856 2547 adhuc
2892 2491 3093 2564 Ziphaﬁ
3130 2490 3309 2561 ipsum
3333 2489 3631 2546 calumnia-

377 2579 615 2655 Ζιφαίων
635 2580 780 2656 ἄρττ
792 2579 1226 2656 ἆτασεὸληκότων
1247 2580 1438 2646 αὐτὸν,
1470 2582 1590 2636 τότε
1623 2581 1689 2652 δὴ
1729 2582 1800 2636 τὰ
1824 2581 1952 2654 τέλη

2060 2593 2271 2648 rentur,
2303 2592 2436 2640 tunc
2469 2583 2585 2654 ipse
2633 2598 2815 2639 rerum
2848 2583 3054 2638 exitum
3105 2582 3475 2646 vaticinatur;
3518 2595 3631 2651 qua

379 2677 490 2731 τῶν
528 2678 867 2750 πραγμάτων
920 2678 1082 2742 αὐτὸς
1119 2677 1361 2741 θεσπίζει
1396 2717 1410 2740 ,
1439 2675 1510 2730 τὰ
1559 2673 1782 2744 ὕστερόν
1825 2689 1954 2728 ποτε

2061 2684 2250 2747 postea
2284 2683 2546 2731 eventura
2577 2685 2736 2731 erant
2767 2676 2924 2745 quasi
2949 2675 3063 2745 jam
3097 2674 3239 2731 facta
3281 2683 3614 2745 pmvertens

378 2767 720 2840 γενησόμενα
753 2767 1147 2840 προλαμϐάνων
1173 2768 1247 2832 ὡς
1273 2767 1374 2838 ἤδη
1398 2765 1678 2836 γεγονότα.
1723 2764 1815 2819 Διό
1848 2782 1952 2836 φη-

2060 2766 2241 2834 Quare
2269 2768 2344 2821 ait
2387 2786 2399 2820 :
2445 2767 2712 2833 Quoniam
2743 2782 2811 2821 ea:
2851 2768 2995 2820 omni
3027 2766 3367 2821 tribulatione
3398 2766 3633 2834 eripuisti

381 2875 497 2912 σιν·
529 2861 658 2912 Ὀτι
690 2859 760 2912 ἐκ
811 2859 1015 2926 πάσης
1068 2860 1330 2927 θλίψεως
1356 2857 1588 2926 ἐρῤύσω
1621 2877 1718 2930 με,
1755 2858 1852 2912 καὶ
1884 2859 1956 2912 ἐν

2061 2876 2160 2923 me,
2226 2868 2272 2914 et
2305 2873 2462 2928 super
2507 2859 2748 2914 inimicos
2782 2875 2922 2912 meos
2975 2857 3211 2926 despexit
3255 2857 3632 2911 oculus‘meus.

381 2949 504 3016 τοῖς
529 2949 766 3019 ἐχθροῖς
782 2967 901 3018 μου
931 2948 1168 3003 ἐπεῖδεν
1200 2953 1233 3003 ό
1259 2951 1565 3020 ὀφθαλμός
1585 2968 1724 3020 μου.
1769 2950 1955 3005 Ταῦτα

2061 2948 2187 3004 Ha-c
2224 2950 2427 3020 quippe
2469 2958 2594 3019 post
2628 2950 2742 3004 haec
2782 2956 2932 3019 gesta
2969 2956 3129 3014 sunt;
3163 2946 3259 3002 sed
3302 2955 3484 3002 tamen
3516 2946 3632 3017 Spi-

379 3039 489 3111 γάρ
509 3040 735 3111 ὕστερον
772 3040 869 3111 μέν
899 3056 1026 3094 ποτε
1062 3039 1283 3108 γέγονεν
1303 3058 1315 3070 ·
1364 3041 1514 3111 ὅμως
1543 3041 1601 3095 δὲ
1651 3040 1954 3114 προγνώσει

2060 3039 2201 3095 ritus
2238 3038 2413 3094 sancti
2473 3039 2838 3109 praascientia,
2889 3047 2948 3091 ut
2975 3036 3087 3106 jam
3126 3036 3274 3091 edita
3304 3036 3540 3099 nuntiat,
3572 3035 3632 3089 (Ir

381 3127 474 3181 τοῦ
501 3129 659 3196 ἀγίου
691 3127 1005 3200 Πνεύματος
1040 3128 1116 3192 ὡς
1159 3128 1258 3201 ἠδη
1297 3129 1435 3184 αὐτά
1475 3130 1738 3200 γεγονότα
1771 3131 1953 3201 ἀπαγ-
1986 3184 2000 3202 Α

2013 3182 2026 3202 ,
2062 3131 2239 3202 iisque
2269 3131 2472 3200 gratias
2495 3131 2627 3200 agit,
2659 3143 2722 3183 ac
2753 3128 3190 3186 sacriﬁcaturum
3212 3126 3632 3183 confessionem-

380 3218 577 3286 γέλλει,
611 3220 706 3273 καὶ
734 3220 820 3273 ἔπ’
853 3221 1039 3282 αὐτοῖς
1062 3221 1408 3292 εὐχαριστεῖ,
1445 3223 1539 3276 καὶ
1577 3222 1956 3292 θύσεινοὲπαγ-
1985 3217 1999 3238 ‘

2013 3217 2027 3238 ‘
2062 3238 2168 3294 que
2223 3220 2334 3277 Deo
2380 3221 2712 3277 emissurum
2745 3219 3054 3291 pollicetur,
3094 3218 3288 3276 dicens
3321 3236 3336 3273 :
3383 3217 3632 3272 Volunta-

381 3306 648 3376 τέλλεται,
701 3309 797 3361 καὶ
824 3306 1314 3379 ὲξομολογήσεσθαι
1368 3308 1448 3381 τῷ
1474 3310 1663 3381 Κυρίῳ
1686 3351 1701 3376 ,
1754 3309 1952 3379 λέγων·

2061 3320 2138 3374 rie
2163 3317 2479 3388 sacriﬁcabo
2514 3316 2646 3381 tibi;
2675 3315 2870 3386 Aquila
2902 3330 3032 3371 vero
3062 3314 3141 3370 ait
3167 3332 3180 3369 :
3209 3313 3406 3385 Sponte
3429 3312 3630 3382 sacriﬁ-

394 3400 720 3468 Ἑκουσίως
776 3401 942 3454 θύσω
985 3414 1102 3453 σοι.
1151 3400 1210 3454 '0
1257 3400 1313 3454 δὲ
1374 3400 1625 3465 Ἀκύλας,
1669 3401 1763 3454 Ἐν
1787 3401 1958 3455 ἐκου-

2059 3409 2189 3463 cabo
2222 3409 2336 3464 tibi.
2393 3407 2532 3475 Quia
2563 3408 2709 3464 enim
2758 3409 2877 3462 sine
2923 3405 3107 3470 domo,
3155 3405 3275 3461 sine
3328 3403 3481 3469 urbe,
3521 3403 3634 3458 sine

381 3490 640 3560 σιασμῷ,
688 3492 841 3561 φησὶ,
869 3491 1142 3546 θυσιάσω
1187 3507 1308 3546 σοι.
1358 3491 1576 3562 Ἐπειδὴ
1623 3491 1732 3564 γὰρ
1774 3492 1959 3558 ἄοικος

2061 3502 2194 3562 lare,
2228 3501 2284 3555 in
2331 3498 2567 3557 desertis
2599 3499 2812 3571 agebat,
2865 3511 3068 3552 novum
3122 3495 3378 3550 sacrificii
3419 3494 3633 3549 modum

383 3582 476 3635 καὶ
497 3583 690 3646 άπολις
729 3583 823 3636 καὶ
858 3583 1102 3645 ἀνέστιος
1125 3582 1220 3646 ὣν,
1251 3584 1309 3635 έν
1331 3584 1450 3644 ταῖς
1475 3582 1572 3653 ὲρή
1581 3599 1702 3654 μοις
1722 3584 1961 3636 ἐποιεῖτο

2058 3591 2406 3662 excogitavit.
2441 3590 2708 3657 Quisnam
2750 3589 2841 3644 ille
2885 3587 3046 3643 erat?
3079 3587 3293 3658 Sponte,
3320 3587 3518 3657 inquit,
3552 3602 3635 3638 sa-

381 3672 483 3735 τάς
513 3671 816 3757 όιατριεὰς,
845 3673 1028 3726 καινὸν
1055 3671 1244 3742 ἐξεῦρε
1290 3671 1490 3743 τρόπον
1545 3671 1753 3736 θυσίας.
1780 3673 1877 3757 Ἱςίς
1913 3672 1958 3725 δ’

2059 3682 2309 3752 criﬁcabo
2345 3683 2460 3738 tibi.
2495 3681 2707 3737 Sullicit
2742 3682 2943 3752 quippe
2989 3680 3240 3734 voluntas
3285 3686 3339 3735 et
3383 3676 3634 3750 preposi-

381 3757 452 3831 ἦν
480 3755 634 3824 οὗτος
660 3777 675 3827 ;
741 3763 836 3815 Ἐν
860 3759 1243 3829 ἐκουσιασμῷ
1261 3800 1276 3822 ,
1306 3761 1440 3830 φησὶ
1462 3798 1477 3822 ,
1531 3755 1955 3817 θυσιάσωσοι.

2061 3780 2199 3834 ιιηιι,
2233 3787 2344 3842 quo
2383 3771 2478 3826 tibi
2522 3771 2855 3826 sacriﬁcium
2905 3769 3149 3825 olferam.
3183 3767 3301 3824 Non
3355 3768 3634 3841 ignorabat

398 3851 584 3923 ’Δρκεῖ
615 3850 723 3922 γὰρ
756 3852 790 3920 ἡ
820 3849 1136 3918 ἑκουσιότης
1189 3851 1284 3902 καὶ
1324 3851 1356 3920 ὴ
1388 3849 1703 3921 προαίρεσις
1727 3889 1743 3916 ,
1791 3851 1858 3904 δι’
1891 3846 1961 3923 ἦς

2059 3862 2354 3932 siquidem,
2388 3861 2558 3917 Deum
2597 3869 2859 3916 cruentas
2887 3868 2940 3915 et
2965 3859 3282 3914 animalium
3316 3874 3458 3914 nece.
3489 3858 3640 3913 obla-

383 3941 690 4012 ἀναπέμψω
721 3957 805 3994 σοι
829 3939 928 4011 τὴν
957 3939 1167 3992 θυσίαν.
1203 3941 1276 3993 Οὐ
1321 3939 1429 4012 γὰρ
1463 3941 1646 4011 ἠγνόει
1687 3943 1778 3997 τὸν
1828 3944 1958 3998 Θεὸν

2059 3963 2143 4010 tas
2204 3955 2414 4010 hostias
2477 3954 2739 4016 abnuere,
2805 3952 3074 4007 rationale
3133 3967 3262 4006 vero
3307 3951 3637 4006 sacriﬁcium

385 4032 821 4103 παραιτούμενον
851 4031 949 4102 μὲν
971 4029 1067 4094 τὰς
1085 4031 1149 4084 δι’
1174 4031 1426 4102 αἱμάτων
1446 4033 1541 4086 καὶ
1564 4033 1717 4098 ζώων
1744 4038 1958 4107 σφαγῆς

2059 4045 2238 4100 laudis
2265 4046 2602 4116 approbare;
2629 4052 2818 4114 utpote
2838 4043 2933 4112 qui
2959 4044 3071 4112 jam
3104 4042 3422 4098 edidicisset
3452 4042 3584 4096 illud
3623 4059 3637 4094 :

385 4123 595 4187 θυσίας,
627 4121 850 4194 λογικὴν
875 4122 930 4175 δὲ
961 4122 1152 4176 θυσίαν
1193 4121 1292 4193 τὴν
1319 4121 1386 4175 δι’
1431 4123 1690 4188 αίνέσεως
1720 4125 1959 4189 ἀσπαζό-

2062 4135 2294 4191 Immola
2324 4137 2434 4190 Deo
2464 4137 2791 4206 sacriﬁcium
2834 4134 3034 4198 laudis,
3066 4144 3115 4188 et
3164 4133 3318 4187 redde
3363 4132 3640 4188 Altissimo

389 4230 575 4283 μενον,
611 4211 706 4266 ac;
739 4209 1185 4283 προμεμαθηκὼς
1229 4211 1309 4276 τὸ,
1347 4211 1550 4266 Θῦσον
1580 4212 1660 4279 τῷ
1699 4213 1820 4280 Θεῷ
1856 4219 1958 4270 θυ-

2059 4237 2180 4282 vota
2214 4237 2305 4281 tua
2333 4229 2398 4280 ".
2435 4225 2609 4292 IIanc,
2637 4225 3146 4298 inquit,voluntarie
3173 4225 3266 4278 tibi
3291 4225 3523 4279 hostiam
3553 4240 3640 4281 sa-

383 4306 529 4356 σίαν
569 4302 874 4368 αίνέσεως,
909 4305 1009 4356 καί
1034 4301 1261 4368 ἀπόδος
1283 4302 1364 4368 τῷ
1387 4304 1584 4371 Κυρίῳ
1637 4304 1745 4371 τὰς
1771 4305 1958 4374 εὐχάς

2156 4315 2344 4379 licabo,
2379 4315 2553 4385 ipsam
2583 4316 2946 4380 voluntatem,
2981 4313 3322 4384 propositum
3357 4321 3411 4369 et
3457 4313 3640 4370 consi-
3717 4319 3720 4322 ’
3767 4297 3775 4306 ί

383 4409 521 4447 σου.
555 4395 771 4463 Ταύτην
803 4389 921 4456 οὖν,
953 4393 1137 4462 φησὶν,
1168 4392 1427 4456 ἑκουσίως
1453 4392 1600 4447 θύσω
1629 4412 1712 4448 σοι
1740 4396 1839 4468 τὴν
1866 4397 1957 4450 θυ-

2061 4405 2193 4459 lium
2228 4421 2410 4459 meum
2444 4405 2542 4460 tibi
2575 4421 2890 4476 apponens;
2936 4420 2999 4459 ac
3029 4403 3331 4475 gratiarum
3366 4406 3638 4460 actionem

385 4484 527 4547 σίαν,
562 4484 693 4538 αὐτὸ
716 4484 778 4536 τὸ
801 4485 889 4537 ἐπ’
915 4483 1040 4552 ἐμοὶ
1061 4481 1318 4551 έκούσιον
1361 4483 1456 4535 καὶ
1498 4483 1560 4536 τὸ
1609 4483 1824 4557 θέλημά
1853 4505 1955 4558 μου
1991 4509 2004 4564 ι

2021 4516 2032 4559 ι
2063 4509 2160 4562 pro
2189 4493 2368 4549 hostia
2399 4494 2496 4549 tibi
2527 4494 2782 4550 oﬂ‘erens.
2808 4495 2990 4561 Quare
3019 4496 3216 4554 deinde
3248 4497 3436 4554 subdit
3465 4515 3480 4552 :
3507 4495 3640 4550 Con-

385 4577 478 4629 καὶ
498 4575 595 4646 τὴν
628 4574 766 4646 ἐμὴν
795 4572 1112 4646 προαίρεσιν
1147 4573 1418 4636 ἀνατιθείς
1452 4591 1557 4640 σοι,
1591 4576 1690 4647 τήν
1717 4595 1776 4630 τε
1799 4579 1958 4649 εὐχα-

2062 4585 2253 4656 ﬁtebor
2297 4587 2498 4640 nomini
2539 4596 2649 4654 tuo,
2707 4585 2950 4651 Domine,
2995 4589 3246 4658 quoniam
3296 4588 3487 4643 bonum
3539 4596 3637 4642 est.

385 4666 597 4737 ριστίαν
629 4665 796 4735 αὐτὴν
817 4663 936 4718 ἀντὶ
961 4662 1151 4726 θυσίας
1192 4679 1274 4716 σοι
1311 4665 1658 4736 προσφέρων.
1705 4668 1795 4722 Διὸ
1840 4686 1966 4722 συν..

2060 4675 2425 4747 Apertissime
2458 4686 2641 4732 autem
2678 4676 2731 4731 in
2774 4677 3031 4748 praesenti
3069 4678 3345 4735 confessio
3374 4695 3475 4750 pro
3513 4694 3638 4750 gra-

383 4756 545 4808 άπτει
579 4755 704 4826 ἑξῆς
731 4754 938 4823 λέγων’
981 4754 1526 4823 Ἑξομολογήσομαι
1586 4755 1666 4822 τῷ
1715 4759 1963 4828 ὀνόματί

2063 4769 2262 4822 tiarum
2287 4769 2505 4823 actione
2535 4769 2824 4838 accipitur.
2850 4769 2989 4836 Quia
3020 4771 3166 4826 enim
3191 4788 3256 4828 ex
3287 4772 3435 4827 omni
3463 4773 3639 4829 tribu-

382 4860 518 4908 σου,
546 4847 742 4912 Κύριε,
763 4844 854 4898 ὅτι
877 4845 1127 4913 ἀγαθόν·
1163 4845 1474 4914 σαφέστατα
1527 4846 1621 4899 ἐπὶ
1653 4847 1742 4901 τοῦ
1772 4851 1964 4921 παρόν-

2063 4855 2266 4910 latione
2309 4865 2536 4926 ereptus
2589 4866 2694 4925 est,
2739 4867 2794 4914 et
2851 4875 3015 4929 super
3068 4861 3320 4918 inimicos
3359 4877 3492 4918 suos
3544 4863 3639 4918 de-

381 4950 471 4996 τος
493 4936 591 5005 τῆς
629 4934 1065 5022 ὲξομολογήσεως
1115 4935 1234 5004 ἀντὶ
1275 4936 1625 5009 εὐχαριστίας
1671 4939 1958 5012 παραλαμ-

2064 4948 2242 5015 spexit
2272 4948 2470 5003 oculus
2499 4949 2695 5018 ipsius,
2726 4951 3027 5022 gratiarum
3063 4953 3307 5010 actiones
3335 4955 3558 5018 emittit,
3587 4963 3638 5008 ct

382 5022 702 5094 δανομένης.
739 5025 856 5092 Ἐφ’
887 5018 968 5088 οἷς
995 5023 1104 5096 γὰρ
1133 5025 1198 5077 ὲκ
1218 5025 1400 5096 πάσης
1429 5026 1661 5096 θλίψεως
1687 5030 1950 5103 ὲρῤύσθη,

2061 5037 2367 5092 voluntaria
2440 5018 2750 5095 sacriﬁciav
2791 5058 2851 5097 se
2925 5044 3264 5100 redditurum
3317 5042 3428 5100 Deo
3480 5044 3638 5118 polli-

383 5115 474 5166 καὶ
531 5116 588 5166 ὲν
637 5116 749 5176 τοῖς
811 5113 1022 5185 ὲχθροτς
1078 5114 1243 5168 αὐτοῦ
1309 5116 1520 5170 ἐπεῖδεν
1581 5120 1610 5171 ὁ
1671 5119 1949 5192 ὀφθαλμὸς
2057 5137 2234 5183 cetur.

381 5203 567 5267 αὐτοῦ,
606 5206 698 5258 ἐπὶ
750 5205 960 5268 τούτοις
1014 5205 1361 5278 εὐχαριστίας
1411 5209 1745 5279 ἀναπέμπει,
1807 5217 1900 5270 καὶ
1948 5217 2047 5282 τὰς
2102 5221 2196 5275 τοῦ
2236 5225 2598 5296 ἐκουσιασμοῦ
2648 5227 2835 5292 θυσίας
2890 5230 3278 5300 ἐπαγγέλλεται
3338 5230 3638 5296 ἀποδώσειν

382 5296 460 5350 τῶ
483 5296 620 5350 Θεῶ.

382 5314 460 5366 τῳ
483 5314 620 5366 υεῳ.

417 5387 524 5440 ΕΙΣ
563 5388 648 5441 ΤΟ
687 5387 907 5440 ΤΕΛΟΣ
1425 5394 1793 5461 ΣΥΝΕΣΕΩΣ,
1829 5399 1915 5450 Ti)

2139 5405 2184 5459 I.
2231 5406 2295 5460 IN
2337 5407 2546 5464 FINEM
2574 5452 2588 5474 ,
2632 5411 2694 5466 IN
2753 5413 3047 5478 IIYMNIS,
3089 5413 3565 5475 INTELLECTUS

2636 5481 2864 5538 DAVIDI
2905 5483 3039 5539 LIV.

465 5547 791 5608 Ένώτισαι,
817 5550 850 5600 ό
875 5546 1041 5612 Θεὸς,
1064 5548 1178 5616 τὴν
1205 5564 1433 5618 προσευ
1436 5554 1558 5622 χήν
1580 5572 1719 5623 μου,
1752 5556 1846 5609 καὶ
1862 5556 1949 5624 μὴ

2134 5563 2297 5623 Vens.
2329 5569 2403 5624 2-
2426 5572 2476 5625 6.
2539 5573 2773 5639 Exaudi,
2828 5576 2989 5642 Deus,
3035 5579 3327 5633 orationem
3363 5597 3552 5646 meam,
3584 5592 3633 5636 ct

383 5639 671 5707 ὐπερίδῃς
699 5639 804 5706 τὴν
835 5638 1051 5707 δέησίν
1071 5661 1211 5710 μου.
1269 5644 1358 5709 Ὠς
1391 5647 1488 5716 μὲν
1521 5651 1656 5719 πρὸς
1681 5650 1777 5720 τὴν
1807 5653 1947 5703 ἱστο-

2061 5672 2122 5709 ne
2149 5657 2448 5728 despexeris
2491 5665 2904 5735 deprecationem
2958 5688 3144 5725 meam.
3191 5671 3498 5728 Secundum
3550 5677 3633 5730 lii-

455 5755 499 5785 "
540 5753 684 5809 Psal.
725 5772 870 5819 xm,
920 5758 1004 5812 Η.
