4100 6442
233 396 364 452 επ.
1389 394 1852 452 COMMENTABI.

1933 394 1997 449 ΙΝ
2037 393 2375 454 ρδΑωιοε.
2645 395 2648 398 ’
3407 403 3513 458 4τὸ

237 511 349 563 τὸν
373 509 613 582 εἴληφεν,
661 513 720 578 ἐξ
751 513 922 584 αὐτῆς
949 515 1223 568 δείκνυται
1272 514 1372 584 τῆς
1401 514 1659 586 ἱστορίας.
1717 512 1826 566 Καὶ
1855 564 1856 567 η

1894 555 1897 566 .
1929 516 2068 564 state
2095 510 2304 566 habuit.
2372 510 2437 565 Et
2467 509 2519 565 in
2544 491 2899 581 sequentibus
2931 511 3084 566 addit
3118 531 3130 567 :
3163 511 3362 568 Molliti
3391 525 3513 567 sunt

239 599 464 669 προῖὼν
495 601 553 655 δὲ
582 602 856 670 ἐπιλέγει·
896 604 1354 670 Ἠπιαύνθησαν
1385 606 1439 657 οἱ
1457 605 1624 673 λόγοι
1646 601 1833 658 αὐτοῦ

1935 616 2199 668 sermones
2215 600 2328 670 ejus
2345 617 2502 670 super
2523 600 2717 666 oleum,
2735 612 2784 656 et
2813 603 2912 671 ipsi
2927 613 3048 656 sunt
3063 602 3276 672 jacula.
3311 603 3514 670 Quem-

241 687 412 757 ὑπὲρ
438 691 666 752 ἔλαιον,
692 693 790 745 καὶ
811 694 988 747 αὐτοί.
1014 694 1132 746 εισι
1175 691 1444 758 βολίδες.
1477 692 1609 745 Τίνα
1645 688 1739 745 οὖν
1767 692 1833 746 ἀν

1934 703 2062 743 nam
2096 687 2341 758 proferre
2371 691 2497 760 quis
2528 691 2705 745 valeat
2734 693 2826 762 qui
2870 691 2983 746 haec
3016 693 3070 746 in
3110 692 3364 748 Davidem
3395 708 3515 763 ege—

237 796 340 842 τις
367 780 478 850 ἔχοι
515 780 684 846 δεῖξαι
710 783 800 834 τὸν
828 783 999 836 ταῦτα
1025 784 1105 854 τῷ
1132 782 1291 836 Δαυῒδ
1320 783 1689 854 πεποιηκότα;
1744 781 1832 847 Ἐξ

1933 779 2039 832 rit?
2065 778 2140 832 Es
2169 779 2371 848 quibus
2395 781 2650 836 munibus
2682 788 2892 836 :estimo
2923 799 3032 836 non
3067 799 3229 852 posse
3260 783 3325 837 ad
3357 781 3514 836 Davi-

238 864 331 924 ὦν
357 872 611 925 ἁπάντων
641 873 878 944 ἡγοῦμαι
925 875 998 946 μὴ
1051 875 1235 946 χώραν
1269 875 1414 946 ιχειν
1458 874 1829 946 ἀναφέρεσθαι

1930 870 2017 926 dis
2043 886 2332 938 personam
2378 873 2492 928 haec
2524 873 2752 940 relcrri;
2793 876 2887 930 sed
2942 877 3260 944 prophetica
3290 876 3342 930 vi
3371 877 3510 930 arbi-

237 963 324 1017 τὰ
360 965 696 1034 προκείμενα
727 967 821 1019 ἐπὶ
845 968 906 1020 τὸ
933 968 1028 1021 τοῦ
1059 968 1221 1024 Δαυῒδ
1250 970 1539 1040 πρόσωπον
1561 986 1577 1000 ⁶
1615 987 1831 1041 προφη-

1929 971 2046 1016 tror
2097 963 2244 1017 dicta
2294 978 2438 1026 esse.
2491 974 2545 1018 et
2592 965 2647 1018 in
2702 981 2810 1019 uno
2841 965 3123 1021 Salvatore
3179 975 3232 1022 et
3278 965 3509 1020 Domino

239 1059 382 1127 τικῇ
414 1057 471 1110 δὲ
498 1053 652 1129 οἶμαι
674 1060 898 1130 δυνάμει
925 1061 1172 1131 λελέχθαι
1207 1061 1344 1115 αὐτά
1368 1100 1384 1122 ,
1413 1063 1506 1116 καὶ
1545 1063 1639 1116 ἐπὶ
1671 1063 1829 1133 μόνον

1928 1062 2120 1110 nostro
2148 1055 2438 1123 completa,
2469 1055 2692 1125 quando
2723 1055 2964 1112 Iudaica:
2993 1057 3172 1127 gentis
3207 1057 3507 1127 principes,

239 1145 347 1199 τὸν
380 1148 604 1220 Σωτῆρα
628 1150 722 1203 καὶ
752 1149 954 1220 Κύριον
979 1151 1134 1221 ήμῶν
1157 1151 1506 1206 συνίστασθαι
1533 1153 1826 1222 πεπληρω-

1929 1148 2316 1219 llicrosolymzr
2339 1149 2393 1202 in
2411 1165 2579 1203 unmu
2603 1151 2941 1219 congregati,
2959 1165 3280 1206 consessum
3305 1166 3368 1204 ac
3383 1166 3509 1204 cono

243 1236 417 1305 μένα,
441 1240 550 1303 ὅτε,
581 1242 720 1294 κατά
737 1241 798 1294 τὸ
832 1241 964 1295 αὐτὸ
986 1243 1336 1312 συναχθέντες
1356 1245 1405 1296 οἱ
1432 1244 1525 1298 τοῦ
1562 1245 1826 1298 Ἰουδαίων

1927 1241 2109 1294 silium
2161 1241 2438 1303 inierunt,
2466 1241 2740 1309 quomodo
2776 1256 2897 1295 eum
2931 1242 3222 1310 perderent
3259 1259 3271 1294 :
3319 1241 3372 1295 in
3399 1257 3507 1310 quo

241 1327 440 1391 ἔθνους
494 1330 753 1401 ἄρχοντες
807 1333 898 1384 ἐπὶ
948 1333 1048 1403 τῆς
1111 1334 1486 1404 Ἰερουσαλὴμ,
1551 1335 1826 1407 συνέδριον

1927 1331 2017 1385 alii
2047 1330 2266 1401 quidem
2305 1331 2504 1401 capitis
2530 1331 2896 1395 damnabant;
2931 1332 3023 1386 alii
3053 1332 3414 1394 obsistebant,
3449 1340 3508 1386 ut

239 1421 583 1490 ἐποιήσαντο
602 1423 697 1475 καὶ
729 1423 940 1492 σκέψιν,
984 1425 1130 1488 ὅπως
1163 1426 1326 1478 αὑτὸν
1357 1426 1692 1480 ἀπολέσωσιν
1714 1444 1727 1457 ·
1766 1430 1826 1480 ὲν

1927 1421 2256 1477 Nicodemus
2278 1422 2370 1490 qui
2400 1421 2617 1475 dicebat
2647 1441 2662 1476 :
2700 1419 2955 1490 Nunquid
2983 1421 3065 1474 lca:
3089 1431 3277 1476 nostra
3293 1420 3505 1490 judicat

236 1504 292 1578 ᾧ
323 1514 372 1563 οί
407 1513 504 1581 μὲν
547 1514 774 1568 θάνατον
806 1515 970 1569 αὑτοῦ
1020 1518 1492 1588 κατεψηφίσαντοο
1534 1518 1715 1590 ἕτεροι
1769 1519 1825 1572 δὲ

1925 1515 2208 1577 hominem,
2243 1516 2348 1568 nisi
2376 1515 2524 1582 prius
2551 1513 2780 1567 audierit
2816 1514 2880 1567 ab
2906 1516 3016 1580 ipso
3039 1515 3127 1570 ".9
3170 1512 3294 1568 Haec
3323 1513 3505 1583 itaque

235 1606 556 1674 ἀντέλεγον,
611 1608 688 1670 ὡς
738 1609 766 1660 ὁ
814 1609 1118 1679 Νικόδημος
1175 1607 1378 1677 λέγων’
1427 1608 1524 1676 Μὴ
1566 1613 1599 1662 ὁ
1643 1611 1826 1678 νόμος

1926 1607 2240 1676 prophetice
2272 1607 2511 1676 Spiritus
2555 1614 2782 1661 sanctus
2817 1607 2970 1660 hisce
3014 1606 3200 1660 verbis
3246 1605 3505 1660 vaticina-

239 1693 421 1762 ἡμῶν
439 1697 778 1763 κατακρίνει
806 1697 913 1750 τὸν
950 1697 1283 1766 ἄνθρωπον,
1317 1701 1371 1751 εἰ
1385 1699 1472 1767 μή
1503 1716 1556 1752 τι
1588 1700 1823 1767 ἀκούσῃ

1928 1711 2032 1758 tur.
2071 1701 2334 1766 Quoniam
2362 1701 2468 1754 vidi
2499 1699 2829 1768 iniquitatem
2856 1707 2904 1751 et
2947 1696 3415 1750 contradictionem
3449 1696 3505 1749 in

236 1786 384 1851 παρ’
413 1787 635 1850 actor“);
671 1787 833 1840 Ταῦτ’
879 1785 972 1842 οἷν
1007 1789 1362 1860 προφητικῶς
1391 1790 1454 1842 τὸ
1507 1789 1730 1861 Πνεῦμα
1760 1790 1822 1843 τὸ

1888 1856 1892 1861 λ
1925 1793 2136 1846 civitate
2171 1791 2256 1845 die
2299 1809 2363 1845 ac
2404 1800 2570 1845 nocte.
2619 1792 2817 1860 Aperte
2863 1803 3026 1858 porro
3059 1787 3335 1856 Evangelii
3373 1789 3507 1841 seri-

235 1849 406 1939 ᾰγιον
437 1849 790 1940 ἀποθεσπίζει
821 1875 908 1929 διὰ
940 1849 1063 1932 τῶν.
1075 1849 1447 1948 προκειμένων
1474 1879 1630 1946 λέγον
1646 1849 1666 1909 ί
1692 1881 1820 1933 Ὅτι

1887 1855 1893 1897 ⁸
1925 1889 2080 1952 ptura
2109 1880 2447 1950 prophetiam
2475 1849 2691 1939 asserit:
2717 1877 2828 1930 haec
2855 1849 2920 1930 de
2943 1849 3382 1945 proditorevJuda
3413 1889 3506 1928 ac.-

231 1960 408 2016 εἶδον
429 1965 686 2033 ἀνομίαν
706 1968 802 2020 καὶ
823 1969 1175 2038 ἀντιλογίαν
1199 1970 1270 2023 ἐν
1295 1969 1370 2036 τῇ
1396 1971 1568 2024 πόλει
1597 1969 1821 2040 ἡμέρας

1921 1973 2129 2042 cipiens
2151 2012 2166 2035 ,
2217 1973 2278 2026 Si
2301 1972 2549 2024 inimicus
2573 1985 2717 2022 meus
2750 1967 3116 2021 maledixisset
3157 1965 3309 2027 mihi,
3347 1967 3507 2020 susti-

233 2056 342 2106 aral
369 2058 607 2122 νυκτός.
642 2058 831 2126 Σαφῶς
852 2059 909 2113 δὲ
952 2062 1044 2114 καὶ⁵
1078 2061 1110 2130 ἡ
1137 2061 1229 2113 τοῦ
1269 2062 1600 2129 Εὐαγγελίου
1634 2063 1820 2134 γραφὴ

1921 2064 2148 2117 nuissem
2167 2063 2345 2132 utique
2371 2078 2388 2115 :
2420 2070 2468 2116 et
2493 2062 2540 2114 si
2566 2061 2609 2114 is
2632 2060 2722 2129 qui
2753 2059 2936 2112 oderat
2965 2074 3065 2123 me,
3098 2073 3254 2125 super
3280 2072 3360 2110 me
3386 2073 3503 2110 ma-

237 2150 514 2219 μαρτυρεῑ
559 2153 624 2220 τῇ
677 2152 1017 2222 προφητείᾳ,
1055 2154 1148 2206 ἐπὶ
1177 2153 1268 2205 τὸν
1314 2154 1578 2224 προδότην
1619 2153 1819 2207 Ἰούδαν

1919 2173 2023 2225 gna
2085 2156 2293 2208 locutus
2355 2155 2578 2223 fuisset,
2617 2151 3006 2206 abscondissem
3055 2167 3136 2204 me
3181 2149 3408 2218 forsitan
3437 2149 3503 2202 ab

229 2238 548 2292 ὲκλαῦοὖσα
572 2240 652 2302 τὸ,
676 2243 743 2292 El
776 2245 810 2294 ὀ
841 2242 1054 2309 ἐχθρὸς
1082 2241 1357 2295 ὠνείδισέ
1373 2259 1452 2310 με
1469 2283 1483 2307 ,
1510 2242 1820 2311 ὑπήνεγκα

1918 2262 1998 2300 eo.
2066 2245 2144 2299 Tu
2174 2261 2291 2299 vero
2321 2244 2476 2298 homo
2520 2243 2824 2303 unanimis,
2877 2249 2931 2294 et
2956 2248 3174 2296 caetera.
3231 2238 3500 2305 Quoniam

227 2329 349 2380 ἀν’
385 2329 482 2381 καὶ
517 2332 570 2382 εὶ
591 2333 625 2382 ὁ
647 2329 847 2398 μισῶν
875 2348 973 2399 με,
1005 2332 1097 2384 ἐπ’
1126 2331 1232 2400 ἐμὲ
1268 2333 1820 2402 ἐμεγαλορῤημόνη-

1918 2349 2049 2404 crgo
2077 2335 2368 2389 verborum
2408 2333 2604 2387 seriem
2637 2347 2745 2385 non
2775 2330 2881 2384 alio
2912 2329 3096 2392 modo,
3131 2345 3295 2400 quam
3324 2331 3378 2383 in
3406 2330 3503 2382 ad-

227 2437 372 2482 σεν,
401 2421 664 2489 ἐκρύϐην
695 2420 775 2474 ἂν
801 2423 901 2475 ἀπ’
925 2421 1134 2476 αὑτοῦ.
1165 2423 1248 2476 Σὺ
1276 2423 1363 2486 δὲ,
1399 2423 1672 2491 ἄνθρωπε
1701 2426 1818 2477 10'6-

1918 2425 2106 2480 missis
2147 2433 2340 2478 contra
2401 2422 2740 2476 Salvatorem
2792 2420 3169 2483 facinoribus,
3223 2419 3499 2489 impletain

227 2514 423 2579 ψυχε,
449 2512 544 2565 καὶ
571 2511 639 2565 τά
677 2511 825 2583 ἑξῆς.
876 2513 1027 2566 Ἐπεὶ
1055 2514 1235 2566 τοίνυν
1281 2515 1376 2567 καὶ
1415 2517 1448 2584 ἡ
1504 2515 1818 2585 σύμφρασις

1916 2530 2040 2569 esse
2067 2515 2490 2583 comprobatur;
2538 2520 2703 2582 atque
2731 2511 3062 2582 evangelicae
3104 2511 3387 2566 sententia:
3420 2517 3502 2564 te.

229 2599 349 2652 τῶν
373 2600 547 2668 λόγων
583 2601 684 2654 οὐκ
729 2602 902 2664 ἄλλως
945 2603 1337 2674 πεπληρῶσθαι
1373 2604 1812 2675 ἀποδείκνυταιῆ

1917 2606 2233 2660 stimonium
2291 2613 2647 2661 memoratam
2703 2604 2952 2658 lectionis
2988 2611 3198 2674 partem
3233 2603 3298 2657 ad
3323 2602 3493 2671 prodi-

225 2689 326 2743 διὰ
347 2689 453 2742 τῶν
479 2693 558 2754 είς
581 2691 671 2742 τὸν
697 2691 924 2761 Σωτῆρα
946 2693 1372 2762 πεπραγμένων,
1397 2694 1431 2763 ἥ
1451 2709 1511 2745 τε
1543 2695 1814 2767 μαρτυρία

1917 2707 2087 2750 torem
2118 2697 2314 2762 refert;
2345 2705 2774 2751 consentaneum
2809 2711 2943 2750 sane
2967 2696 3132 2749 fuerit
3151 2709 3254 2748 nos
3280 2709 3500 2762 quoque

226 2782 337 2851 τῆς
365 2780 724 2850 εὐαγγελικῆς
753 2783 1107 2854 παραθέσεως
1133 2785 1226 2837 ἐπὶ
1262 2785 1352 2838 τὸν
1378 2785 1642 2856 προδότην
1688 2788 1816 2840 ἀνα-

1915 2783 1981 2838 de
2005 2792 2251 2854 tempore
2275 2783 2544 2839 Salutaris
2573 2783 2848 2854 passionis
2871 2783 3011 2836 hanc
3033 2781 3372 2852 prophetiam
3407 2797 3501 2836 ac-

227 2870 475 2940 φέρειτδ
499 2869 789 2941 προλεχθὲν
830 2871 995 2942 μέρος
1038 2870 1133 2924 τοῦ
1175 2871 1634 2942 ἀναγνώσματος·
1686 2872 1816 2924 ἀκύ-

1914 2884 2298 2942 cipere,atque
2327 2880 2765 2928 commonstrare
2791 2872 3003 2941 singula
3039 2872 3112 2926 ibi
3147 2871 3332 2936 allata,
3362 2878 3500 2925 teni--

228 2957 427 3011 λουθον
453 2960 518 3011 ἂν
552 2959 634 3028 εἴη
660 2958 755 3011 καὶ
778 2959 926 3029 ἡμᾶς
954 2960 1047 3013 ἐπὶ
1070 2960 1162 3012 τὸν
1194 2961 1382 3031 καιρὸν
1414 2961 1506 3013 τοῦ
1533 2961 1812 3034 Σωτηρίου

1915 2979 2046 3033 pore
2073 2963 2396 3018 insidiarum
2426 2970 2618 3017 contra
2649 2963 2988 3016 Salvatorem
3018 2969 3302 3022 nostrum,
3339 2961 3497 3014 tinem

229 3049 444 3111 πάθους
469 3050 568 3119 τὴν
595 3048 874 3118 παροῦσαν
899 3050 1147 3102 ἐκλαϐεῖν
1174 3049 1529 3120 προφητείαν,
1557 3052 1725 3117 δεῖξαί
1751 3069 1810 3107 τε

1915 3053 2214 3122 accepisse.
2249 3051 2630 3122 inscriptionis
2663 3053 2846 3120 itaque
2873 3051 3036 3105 verba
3059 3051 3172 3119 jam
3204 3051 3271 3104 ad
3298 3049 3499 3104 intelli-

228 3141 445 3191 ἕκαστα
475 3138 582 3190 τῶν
617 3141 674 3192 έν
705 3139 876 3211 ταύτῃ
898 3139 1210 3210 φερομένων
1239 3141 1296 3193 ὲν
1339 3140 1514 3212 καιρῷ
1543 3141 1640 3210 τῆς
1671 3142 1810 3195 κατά
1838 3187 1847 3229 1

1878 3145 2150 3228 1pentiam
2185 3145 2456 3198 dictorum
2506 3158 2607 3197 nos
2655 3150 2972 3213 provocant,
3010 3149 3174 3212 atque
3222 3141 3291 3195 ad
3337 3141 3497 3195 tinem

227 3229 330 3281 τοῦ
361 3229 606 3300 Σωτῆρος
630 3229 785 3299 ἡμῶν
811 3229 1102 3300 ἐπιϐουλῆς
1131 3230 1315 3293 τέλους
1340 3232 1696 3300 τετυχηκότα.
1732 3231 1813 3285 Τά

1916 3235 2218 3298 remittunt,
2253 3235 2380 3304 quia
2417 3233 2530 3287 haec
2564 3235 2616 3286 in
2644 3233 3120 3288 consummatione
3151 3232 3336 3287 saeculi
3379 3231 3498 3300 ipso

231 3318 338 3387 μὲν
385 3313 478 3369 οὖν
522 3318 618 3387 τῆς
650 3318 970 3388 προγραφῆς
1015 3319 1109 3370 καὶ
1156 3317 1250 3370 νῦν
1291 3319 1438 3388 ἡμᾶς
1471 3319 1563 3372 ἐπὶ
1599 3319 1815 3373 σύνεσιν

1915 3339 2082 3394 opere
2117 3323 2358 3394 perfecta
2394 3332 2542 3378 sunt.
2611 3321 2822 3375 Dictum
2858 3337 2986 3375 vero
3016 3330 3101 3377 est
3122 3361 3136 3386 ,
3170 3323 3224 3374 in
3249 3321 3499 3390 hymnis;

226 3408 488 3480 διεγείρει
517 3409 624 3463 τῶν
662 3408 1070 3480 ἐμφερομένων,
1113 3409 1205 3461 καὶ
1234 3412 1314 3472 είς
1347 3410 1408 3462 τὸ
1439 3410 1590 3477 τέλος
1614 3411 1670 3464 δὲ
1705 3429 1812 3463 πα-

1915 3419 2051 3479 sive,
2090 3415 2391 3470 secundum
2421 3414 2710 3483 Aquilam,
2747 3415 2800 3466 in
2831 3414 3088 3481 psalmis;
3125 3413 3274 3478 sive,
3300 3426 3498 3467 secun-

232 3500 538 3569 ραπέμπει,
573 3499 660 3552 διά
685 3500 746 3552 τὸ
773 3501 865 3552 ἐπὶ
888 3500 1165 3571 συντελείᾳ
1194 3499 1289 3552 τοῦ
1319 3499 1513 3562 αἰῶνος
1539 3501 1607 3553 δι’
1635 3501 1815 3571 ἔργων

1917 3509 2046 3562 ιΙυηι
2081 3505 2493 3577 Symmachum,
2528 3519 2618 3572 per
2646 3504 2903 3572 psalteria
2925 3543 2938 3566 ,
2979 3503 3107 3572 quia
3135 3502 3258 3556 linis
3285 3503 3498 3572 passio-

231 3590 380 3644 αὐτά
407 3589 817 3661 πεπληρῶσθαι.
846 3592 1072 3662 Εἴρηται
1129 3591 1186 3643 δὲ
1235 3591 1330 3642 καὶ
1369 3591 1439 3643 ἐν
1475 3591 1718 3659 ὕμνοιςο
1752 3592 1805 3660 ἢ,

1917 3599 2003 3652 nis
2033 3597 2325 3655 Salutaris,
2355 3605 2577 3664 propter
2614 3593 3077 3648 resurrectionem
3110 3607 3174 3646 ac
3197 3592 3501 3661 redempto-

233 3681 382 3733 κατά
411 3681 498 3733 τὸν
540 3682 790 3747 Ἀκύλαν,
820 3685 888 3736 ἐν
924 3684 1178 3754 ψαλμοῖς
1207 3703 1220 3716 ο
1251 3686 1308 3756 ἢ,
1338 3685 1479 3738 κατά
1531 3688 1622 3738 τὸν
1661 3686 1806 3757 Σύμ-

1919 3703 2039 3742 rum
2063 3687 2317 3749 salutem,
2353 3685 2590 3753 hymnis,
2617 3681 2892 3751 psalteriis
2913 3689 2966 3735 et
2999 3681 3229 3735 canticis
3255 3680 3499 3735 celebra-

235 3787 432 3842 μαχον,
465 3771 560 3824 διὰ
586 3774 935 3840 ψαλτηρίων
953 3791 965 3804 ·
1003 3775 1190 3844 ἐπειδὴ
1217 3775 1276 3828 τὸ
1305 3775 1456 3838 τέλος
1483 3775 1574 3828 τοῦ
1607 3777 1811 3842 πάθους

1414 3793 1456 3838 ›ς
1483 3775 1574 3828 τοῦ
1607 3777 1811 3842 πάθους
1921 3788 2028 3833 tur.
2066 3776 2132 3830 Et
2166 3776 2280 3830 hac
2308 3773 2529 3844 quidem
2561 3774 2628 3826 de
2654 3772 3033 3840 inscriptione.

230 3864 332 3917 τοῦ
363 3865 636 3936 Σωτηρίου
663 3866 845 3938 ὓμνων
867 3868 960 3920 καὶ
984 3867 1320 3938 ψαλτηρίων,
1362 3869 1456 3923 καὶ
1487 3870 1640 3939 ᾠδῶν
1689 3877 1902 3944 μετεῖχε
1963 3874 2063 3943 τῆς
2112 3888 2171 3923 τε
2237 3867 2588 3930 ἀναστάσεως
2629 3865 2794 3918 αὑτοῦ
2857 3866 3019 3918 ἕνεκα
3053 3866 3148 3919 καὶ
3185 3865 3286 3935 τῆς
3325 3882 3498 3937 σωτηο

233 3957 362 4028 ρίας
391 3959 497 4011 τῶν
524 3960 590 4011 δι’
619 3961 788 4030 αὐτῆς
815 3960 1254 4032 λελυτρωμένων.
1298 3964 1408 4016 Καὶ
1449 3965 1672 4018 τοιαῦτα
1713 3967 1812 4036 μὲν
1850 3969 1916 4020 τά
1942 3968 2039 4036 τῆς
2060 3964 2410 4036 προγραφῆςο

311 4051 393 4103 Τὰ
417 4053 473 4104 δὲ
500 4054 598 4122 τῆς
619 4055 956 4122 προφητείας
988 4054 1298 4126 παρακαλεῖ
1318 4056 1409 4108 τὸν
1451 4058 1585 4110 Θεὸν
1628 4059 1816 4111 ἐνωτί-

1990 4058 2144 4123 Quod
2172 4055 2511 4126 prophetiam
2544 4068 2675 4107 vero
2703 4060 2948 4122 spectat,
2987 4059 3140 4121 rogat
3176 4049 3342 4104 Deum
3365 4088 3380 4113 ,
3418 4049 3494 4103 uti

236 4142 436 4196 σασθαι
470 4143 562 4196 τοῦ
593 4143 862 4212 λέγοντος,
891 4147 984 4199 καὶ
1018 4145 1162 4199 τοῦτ’
1188 4147 1337 4217 αὐτῴ
1375 4148 1591 4219 πρῶτον
1639 4167 1816 4221 παρα-

1922 4167 1980 4202 se
2011 4149 2316 4216 loquentem
2351 4144 2646 4205 exaudiat,
2681 4153 2734 4196 et
2766 4143 2868 4195 hoc
2897 4142 3130 4210 primum
3177 4140 3281 4194 sibi
3312 4139 3497 4192 confe-

236 4235 389 4302 σχεῖν
411 4251 423 4264 ·
455 4230 572 4287 εἶτα
602 4234 870 4305 δεύτερον,
901 4235 1102 4303 γνῶναι
1132 4236 1229 4307 τὴν
1258 4237 1344 4291 διὰ
1375 4239 1472 4310 τῆς
1506 4241 1814 4310 προσευχῆς

1922 4249 2034 4305 rat;
2066 4237 2328 4298 secundo,
2359 4245 2417 4290 ut
2445 4236 2692 4290 attcndat
2723 4233 3089 4288 obsecrationi
3127 4249 3191 4289 ac
3221 4231 3494 4302 supplica-

231 4309 700 4393 ἀναπεμπομένην
727 4323 909 4392 δέησιν
939 4325 1032 4376 καὶ
1064 4326 1346 4397 ἱκετηρίαν
1371 4364 1385 4388 ,
1424 4309 1497 4396 μὴ
1537 4309 1814 4397 ὑπεριδεῖν

1876 4313 1888 4358 ⁵
1921 4327 2054 4382 lioni
2086 4327 2155 4378 ab
2179 4341 2235 4380 se
2266 4341 2361 4393 per
2402 4326 2706 4378 orationem
2741 4321 2976 4384 emissae,
3015 4337 3114 4374 nec
3143 4335 3262 4373 eam
3312 4319 3495 4388 despi-

233 4429 296 4466 τε
326 4414 494 4484 αὐτήν
515 4430 529 4443 ·
563 4415 656 4466 καὶ
675 4415 878 4486 τρίτον,
909 4416 1007 4486 τὴν
1037 4416 1371 4468 κατάστασιν
1400 4405 1693 4470 θεάσασθαι
1719 4417 1811 4470 τοῦ

1917 4419 2054 4481 ciat;
2088 4417 2280 4477 tertio,
2315 4416 2525 4469 orantis
2571 4413 2820 4466 allectum
2863 4413 3206 4472 consideret,
3236 4419 3288 4465 ct
3315 4413 3386 4464 ita
3412 4413 3496 4465 di-

233 4504 338 4572 τὴν
371 4497 674 4575 προσευχὴν
700 4506 1132 4574 ἀναπέμποντος,
1168 4507 1260 4559 καὶ
1285 4505 1456 4568 οὕτως
1485 4507 1643 4559 αὑτὸν
1682 4524 1812 4559 κατ-

1917 4517 2116 4576 gnetur
2153 4521 2336 4559 aurem
2371 4505 2610 4573 praebere
2633 4543 2647 4565 ,
2681 4518 2849 4572 quare
2879 4504 2958 4556 sic
2987 4503 3230 4566 claudit,
3274 4502 3491 4560 Intende

236 4592 466 4657 ἀξιῶσαι
498 4596 598 4664 τῆς
635 4595 834 4648 ἑαυτοῦ
866 4598 1066 4667 ἀκοῆς⁸
1103 4597 1184 4650 διὸ
1226 4598 1467 4665 ἐπιλέγει
1493 4615 1506 4628 ·
1539 4599 1813 4665 Πρόσχες

1917 4598 2044 4650 mini
2091 4607 2140 4650 et
2186 4595 2382 4649 exaudi
2432 4611 2533 4650 me.
2586 4593 2719 4647 Nam
2763 4595 2856 4662 qui
2899 4596 3200 4648 orationem
3239 4591 3487 4658 eﬂundit,

228 4702 335 4752 μοι
366 4686 463 4738 καὶ
497 4685 866 4739 εὶσάκοιισόν
896 4705 1034 4755 μου.
1073 4690 1281 4758 Ὥσπερ
1314 4689 1420 4758 γὰρ
1456 4689 1694 4741 δυσωπεῖ
1720 4689 1811 4742 τὸν

1915 4690 2071 4758 quasi
2102 4687 2210 4741 Deo
2236 4701 2356 4742 sese
2385 4685 2830 4754 conspiciendum
2856 4685 3124 4752 praebens,
3157 4685 3408 4738 obsecrat
3437 4695 3489 4738 et

234 4775 370 4828 θεὸν
421 4777 609 4828 ἑαυτὸν
657 4777 864 4841 δεικνὺς
897 4780 925 4830 ὁ
961 4778 1058 4848 τὴν
1095 4780 1403 4849 προσευχὴν
1451 4779 1810 4849 ἀναπέμπων,

1916 4777 1992 4829 ait
2022 4777 2148 4844 ipsi,
2187 4773 2407 4828 Intende
2436 4775 2563 4827 mihi
2594 4790 2613 4827 :
2646 4781 2959 4842 statumque
2991 4789 3148 4827 suum
3182 4783 3370 4843 postea
3392 4774 3488 4828 de-

235 4867 332 4920 καὶ
378 4868 549 4935 λέγων
593 4869 671 4940 τῷ
705 4869 854 4941 Θεῷο
895 4872 1168 4940 Πρόσχες
1203 4886 1340 4939 μοι·
1391 4870 1487 4941 τὴν
1521 4870 1576 4922 δὲ
1622 4871 1810 4923 ἑαυτοῦ

1916 4869 2088 4922 clarat
2134 4870 2320 4922 dicens
2363 4888 2377 4922 :
2427 4866 2788 4920 Contristatus
2832 4883 2947 4919 sum
2999 4867 3052 4918 in
3110 4866 3487 4920 exercitatione

236 4957 567 5011 κατάστασιν
595 4960 890 5030 παρίστησι
920 4961 1010 5012 καὶ
1049 4962 1176 5029 ἑξῆς
1216 4960 1418 5028 λέγων·
1471 4960 1814 5028 Ἐλυπήθην

1915 4976 2052 5020 mea,
2083 4969 2130 5012 et
2161 4959 2501 5012 conturbatus
2535 4965 2712 5011 sum'a
2747 4974 2864 5012 race
2887 4958 3108 5020 inimici,
3135 4967 3183 5010 et
3214 4974 3245 5009 a
3273 4956 3496 5008 tributa-

233 5049 308 5100 ἐν
340 5045 414 5115 τῇ
438 5048 766 5118 ἀδολεσχίᾳ
792 5068 934 5119 μου,
967 5051 1064 5104 καὶ
1090 5051 1424 5119 ἐταράχθην
1453 5052 1570 5105 ἀπὸ
1611 5051 1814 5120 φωνῆς

1919 5052 2058 5104 tione
2100 5052 2410 5119 peccatoris.
2474 5049 2608 5102 Nam
2655 5050 2898 5104 dolorem
2929 5064 3087 5103 suum
3117 5047 3226 5101 Deo
3260 5049 3480 5102 exhibet

236 5141 474 5208 ἐχθροῦ,
503 5141 598 5193 καὶ
621 5140 741 5194 ἀπὸ
772 5143 1032 5210 θλίψεως
1055 5143 1424 5212 ἀμαρτωλοῦ.
1454 5143 1562 5214 Τὴν
1593 5142 1702 5214 γὰρ
1725 5143 1815 5195 λύ-

1922 5157 2135 5196 necnon
2193 5142 2664 5195 conturbationem
2690 5180 2704 5202 ,
2737 5150 2789 5194 ct
2814 5157 2933 5194 eam
2959 5155 3122 5208 quam
3153 5145 3312 5193 vocat
3337 5155 3489 5192 exer-

239 5247 347 5299 πην
380 5231 572 5292 ἑαυτοῦ
601 5232 839 5284 δείκνυσι
868 5233 946 5302 τῷ
971 5233 1089 5307 Θεῷ
1119 5235 1211 5286 καὶ
1257 5235 1357 5305 τὴν
1397 5237 1640 5307 ταραχὴν
1661 5276 1676 5300 ,
1721 5238 1815 5289 καὶ

1918 5234 2271 5297 citationem,
2319 5240 2505 5302 utpote
2553 5249 2672 5301 qua:
2716 5231 2881 5301 digna
2941 5233 3051 5285 sint
3105 5229 3494 5300 conspectibus

238 5322 303 5391 ῆν
328 5337 490 5390 φησιν
512 5323 824 5394 ἀδολεσχίαν
849 5366 864 5390 ,
900 5325 992 5378 καὶ
1023 5325 1098 5388 ὡς
1129 5324 1254 5390 ἄξια
1304 5327 1404 5396 τῆς
1447 5327 1639 5380 ἑαυτοῦ
1683 5327 1817 5380 θεω-

1918 5327 2060 5394 ejus.
2098 5325 2300 5393 Quare,
2337 5325 2446 5388 his,
2481 5327 2678 5394 inquit,
2711 5324 2948 5386 intende,
2986 5322 3260 5392 quomodo
3291 5322 3486 5375 contri-

238 5415 378 5483 ρίας.
412 5415 521 5478 Διὸ,
552 5414 781 5479 τούτοις,
822 5417 1006 5487 φησὶν,
1032 5418 1286 5486 πρόσχες,
1329 5420 1475 5482 ὅπως
1504 5418 1802 5490 ἐλυπήθην,

1920 5427 2096 5472 status
2129 5417 2255 5480 sim,
2294 5417 2570 5485 quomodo
2606 5417 2986 5480 conturbatus,
3023 5423 3078 5468 ct
3106 5412 3495 5468 exercitatione

237 5506 383 5567 ὅπως
432 5506 760 5577 ἐταράχθην,
818 5508 966 5570 ὅπως
1033 5507 1341 5578 ἀδολεσχίας
1410 5509 1810 5580 πεπλήρωμαι·

1920 5509 2159 5576 repletus
2197 5525 2208 5559 :
2247 5516 2410 5576 atque
2464 5507 2550 5561 his
2601 5506 2918 5574 acceptatis,
2963 5503 3161 5560 exaudi
3206 5516 3310 5555 me.
3372 5499 3495 5552 Ηιυο

236 5594 639 5665 ἀποδεξάμενός
685 5615 743 5650 τε
788 5598 978 5664 ταῦτα,
1023 5598 1325 5652 ἐπάκουσύν
1382 5617 1503 5670 μου.
1555 5601 1715 5669 Λέγει
1761 5600 1815 5653 δὲ

1926 5613 2091 5670 porro
2125 5591 2345 5670 Spiritu
2369 5599 2554 5654 divino
2587 5597 2798 5654 aliiatus
2841 5598 3100 5668 propheta
3136 5596 3302 5658 dicit,
3352 5593 3496 5646 futu-

310 5751 356 5784 ’³
395 5750 554 5807 Joan.
585 5767 661 5807 vn
683 5792 699 5818 ,
733 5755 822 5812 Si.
