4100 6442
633 397 741 454 475
1273 393 1540 450 EUSEBH
1574 391 2048 449 CESABIENSIS
2084 393 2234 448 OPP.
2273 392 2451 447 PARS
2487 391 2572 448 Ill.
2614 421 2682 431 —
2722 389 3129 448 EXEGETICA.
3801 394 3900 448 676

633 529 727 568 ros
770 511 1082 566 Iudaeorum
1125 515 1315 565 contra
1345 509 1540 564 Filium
1573 507 1666 565 Dei
1700 524 1867 566 ausus
1893 511 2051 581 quasi
2085 510 2182 578 jaa

2299 510 2471 562 ταῦτα
2494 509 2766 577 Πνεύματι
2796 507 2926 578 θείῳ
2957 511 2986 562 ὁ
3006 510 3320 580 προφήτης,
3353 509 3418 562 τὶ
3450 506 3618 562 κατὰ
3643 507 3748 562 τοῦ
3780 509 3901 563 Υίοῦ

633 606 930 671 praesentes
983 599 1321 669 prospiciens
1355 616 1369 653 :
1402 598 1605 668 quibus
1636 597 1902 654 contusus
1930 609 1984 652 et
2011 599 2171 652 turba

2305 598 2396 652 τοῦ
2422 597 2557 651 Θεοῦ
2595 597 2854 668 μέλλοντα
2875 598 2981 650 ὑπὸ
3018 598 3284 652 Ἰουδαίων
3323 599 3677 670 τολμᾶσθαι,
3699 599 3782 661 ὼς
3809 601 3905 669 ήδη

634 702 722 747 ιιιε
743 730 758 753 .
793 691 982 747 dolore
1010 697 1064 745 et
1094 690 1344 759 angustia
1363 729 1379 754 ,
1429 705 1592 759 quam
1634 688 2080 745 exercitationem
2111 705 2182 743 vo

2307 690 2550 759 παρόντα
2569 689 2812 758 βλέπωνο
2848 689 2934 758 ἐφ’
2960 683 3041 753 οἷς
3087 691 3444 761 συγχεόμενος
3478 692 3596 745 καὶ
3631 691 3907 761 ταραττόι

634 792 744 846 cat,
778 783 1018 852 repletur
1051 782 1300 852 degebat.
1335 780 1709 836 Contristatus
1737 795 1888 851 ergo,
1909 779 2182 835 conturbat

2307 796 2485 850 μενος,
2512 778 2688 850 λύπης
2707 796 2766 831 τε
2787 777 3160 850 πληρούμενος
3187 780 3280 833 καὶ
3302 781 3659 851 ἀμηχανίας,
3703 779 3774 848 ἢν
3795 780 3913 834 i50-

635 881 747 936 tus,
794 872 1184 928 exercitatione
1215 879 1269 925 et
1298 871 1551 939 angustia
1605 872 1796 940 plenus
1823 877 1940 924 erat
1970 869 2041 924 ob
2073 869 2182 924 facit

2303 868 2522 939 λεσχίαν
2543 868 2812 939 ὠνόμασε,
2845 867 3090 921 διετέλει.
3135 867 3411 922 Ἑλυπεῖτο
3437 869 3587 937 γοῦν
3634 868 3742 921 καὶ
3788 868 3909 922 ἐτα-

635 979 791 1030 nora,
821 979 940 1032 quae
967 977 1091 1016 mox
1130 971 1378 1016 recenset
1405 960 1596 1016 dicens
1645 979 1660 1016 :
1723 960 1843 1014 Vidi
1875 961 2182 1030 iniquitaten

2306 959 2552 1030 ράττετο,
2572 959 2667 1011 καὶ
2690 957 2968 1028 ήδολέσχει
2977 959 3271 1028 ἀμηχανῶν
3285 959 3378 1013 καὶ
3405 959 3652 1030 ἀπορῶν
3675 959 3780 1011 ἐπὶ⁵
3804 963 3909 1022 τοῖς

2301 1048 2688 1120 τολμωμένοις,
2734 1048 2770 1103 ἃ
2822 1050 3013 1121 μικρὸν
3061 1050 3285 1121 ὕστερον
3336 1050 3568 1116 διέξεισι
3639 1050 3906 1117 φάσκων·

2303 1135 2484 1195 Εἶδον
2505 1139 2759 1208 ἀνομίαν
2786 1140 2885 1193 καὶ
2905 1141 3339 1210 ἀνταογίανέν
3365 1139 3439 1208 τῇ
3467 1141 3693 1200 πόλει,
3726 1141 3828 1192 καὶ
3847 1142 3909 1194 τὰ

2302 1225 2458 1303 ἑξῆς·
2514 1232 2676 1303 ἅπερ,
2733 1231 2958 1303 ὕστερόν
3005 1250 3134 1286 ποτε
3181 1233 3246 1285 δι’
3285 1231 3460 1303 ἔργων
3491 1232 3908 1302 κεχωρηκότα,

2304 1322 2587 1394 προλαϐὼν
2633 1323 2711 1394 τῷ
2758 1323 3034 1395 Πνεῦματι
3085 1321 3163 1394 τῷ
3196 1322 3334 1394 ἁγίῳ
3357 1324 3384 1376 ὁ
3414 1324 3755 1394 προφήτης.
3787 1320 3908 1374 ιἐλιι⁴

2302 1416 2454 1466 πεϊτο
2480 1414 2574 1466 καὶ
2601 1411 2927 1484 ἐταράττετο
2967 1414 3059 1468 καὶ
3078 1413 3354 1483 ήδολέσχει
3376 1453 3392 1476 ,
3435 1411 3704 1483 ἀθυμίας
3743 1415 3910 1482 ἐμπιο

2302 1497 2572 1575 πλάμενος
2596 1509 2687 1560 ἐπὶ
2717 1509 2828 1571 τοῖς
2879 1506 2947 1560 τὰ
2977 1506 3200 1559 τοιαῦτα
3219 1504 3474 1574 τολμῶσι.
3520 1503 3633 1556 Διὸ
3682 1503 3782 1556 καὶ
3821 1503 3906 1556 τὸν

629 1593 924 1660 despexeris
950 1592 1364 1660 deprecationem
1387 1609 1553 1645 meam
1579 1609 1596 1645 :
1629 1592 1835 1646 intende
1879 1592 2004 1646 mihi
2032 1600 2081 1646 et
2111 1607 2182 1646 ex,

2301 1595 2430 1648 Θεὸν
2449 1582 2689 1667 ἐπόπτην
2717 1597 2815 1666 τῆς
2838 1597 3030 1650 ἐαυτοῦ
3057 1591 3439 1658 καταστάσεως
3472 1593 3762 1662 γενέσθαι
3801 1611 3906 1647 πα-

629 1681 756 1735 audi
789 1699 889 1736 me.
945 1681 1002 1736 In
1036 1683 1138 1736 hac
1166 1683 1480 1736 conditione
1503 1699 1686 1737 rerum
1719 1683 1930 1753 positus
1951 1723 1966 1748 ,
1997 1682 2078 1737 sic
2102 1683 2182 1737 de-

2305 1687 2530 1759 ρακαλεῖ
2555 1687 2724 1756 λέγων
2743 1705 2756 1718 ο
2793 1687 3113 1751 Ἐνώτισαι,
3135 1690 3168 1741 ό
3188 1686 3352 1752 Θεὸς,
3376 1686 3492 1753 τὴν
3517 1684 3906 1753 προσευχήν

629 1771 757 1828 inde
787 1774 1114 1842 precabatur
1149 1793 1162 1827 :
1207 1771 1489 1840 Prtecipita
1509 1813 1524 1838 ,
1552 1773 1791 1835 Domine,
1821 1785 1869 1828 et
1897 1773 2069 1828 divide
2097 1775 2182 1827 lin-

2295 1794 2436 1845 μου,
2471 1777 2567 1830 καὶ
2591 1777 2674 1845 μὴ
2706 1777 2996 1846 ὑπερίδῃς
3026 1777 3140 1846 τὴν
3169 1776 3385 1845 δέησίν
3413 1794 3532 1845 μου
3553 1793 3571 1806 ·
3617 1776 3904 1843 πρόσχες

625 1856 760 1932 guas
788 1878 989 1917 eorum.
1032 1861 1197 1928 Qneis
1233 1870 1386 1933 rogat
1417 1877 1605 1916 eorum
1635 1871 1825 1917 contra
1859 1863 2182 1919 Salvatorem

2296 1842 2394 1939 μοι
2424 1869 2521 1922 καὶ
2552 1842 2916 1923 εἰσακουσόν
3134 1868 3222 1920 Ἐν
3262 1842 3490 1938 *τοιαυτῃ
3535 1868 3604 1920 δὲ
3651 1842 3906 1934 γεγονὼς

627 1947 977 2003 concordiam
1008 1949 1284 2018 dissipari.
1323 1951 1634 2019 superbiam
1661 1958 1716 2006 et
1757 1954 2078 2023 arrogantiae
2108 1961 2182 2007 tu-

2301 1961 2653 2024 καταστάσει,
2680 1960 2830 2029 ήξίου
2862 1959 3035 2028 λέγων
3061 1958 3214 2030 ἑξῆς
3251 1958 3756 2019 Καταπόντισον,
3788 1957 3903 2009 Κύ.

627 2054 834 2094 morem
862 2039 1110 2109 deprimi,
1143 2055 1210 2095 ne
1242 2040 1356 2110 ipse
1381 2048 1726 2107 attereretur,
1748 2053 1801 2097 et
1835 2044 1977 2097 mala
2005 2058 2182 2098 eorum

2294 2066 2408 2118 ριε,
2442 2051 2542 2104 καὶ
2579 2048 2891 2104 καταδιελε
2938 2049 3046 2114 τὰς
3100 2047 3388 2118 γλώσσας
3439 2045 3688 2101 αὐτῶνθ
3727 2045 3800 2097 δι’
3827 2037 3901 2096 ὧν

626 2138 974 2202 augerentur.
1023 2129 1157 2184 Cum
1185 2145 1350 2200 porro
1386 2130 1584 2184 rationi
1609 2140 1973 2188 consentanea
2009 2141 2182 2204 postu-

2304 2141 2512 2194 ἱκέτευε
2537 2140 2638 2212 τὴν
2677 2141 2991 2211 συμφωνίαν
3024 2139 3201 2195 αὐτῶν
3219 2139 3319 2211 τὴν
3340 2138 3478 2192 κατά
3499 2137 3602 2192 τοῦ
3629 2137 3898 2206 Σωτῆρος

626 2221 795 2285 laret,
845 2221 1188 2292 supplicabat
1217 2235 1285 2274 ne
1313 2220 1723 2290 despiceretur;
1771 2224 1864 2276 sed
1909 2223 2073 2278 etiam
2099 2225 2182 2279 do

2299 2228 2764 2298 διασκεδασθῆναι,
2799 2230 2897 2300 τήν
2935 2245 3016 2281 τε·
3043 2226 3408 2300 μεγαλαυχίαν
3441 2226 3633 2280 αὐτῶν
3684 2225 3790 2278 καὶ
3836 2223 3897 2274 τὸ

625 2311 760 2373 lore,
811 2310 1255 2379 perturbatione,
1306 2310 1697 2366 exercitatione
1738 2313 2069 2382 replehatur,
2113 2315 2182 2369 di-

2299 2320 2398 2388 τῆς
2437 2318 2750 2383 ἀλαζονείας
2786 2318 3009 2388 ἔπαρμα
3048 2316 3482 2387 ταπεινωθῆναι,
3525 2317 3683 2386 πρὸς
3719 2316 3787 2367 τὸ
3822 2315 3894 2384 μή

624 2415 778 2466 cens,
812 2402 854 2454 Α
887 2416 1005 2455 voce
1029 2401 1230 2454 inimici
1256 2409 1306 2454 et
1335 2417 1369 2454 a
1388 2400 1727 2456 tribulatione
1748 2405 2059 2471 peccatoris,
2086 2405 2182 2460 ini-

2301 2408 2693 2479 ἐπιτρίϐεσθαι,
2725 2410 2817 2462 καὶ
2841 2410 3022 2474 αὖξειν
3051 2410 3226 2463 αὐτῶν
3241 2409 3310 2463 τὰ
3330 2410 3496 2463 κακά.
3528 2389 3764 2474 cetera
3787 2407 3898 2458 τοί-

625 2492 752 2546 mici
799 2492 1012 2546 scilicet
1057 2500 1112 2546 et
1159 2492 1463 2560 peccatoris
1511 2493 1698 2561 populi
1752 2513 1766 2547 :
1817 2509 1942 2548 nam
1977 2495 2182 2564 spiritui

2301 2515 2394 2551 νυν
2427 2498 2610 2561 αἰτῶν,
2640 2497 2727 2551 διὰ
2755 2500 2854 2569 τῆς
2878 2499 3114 2570 δεήσεως
3135 2491 3284 2568 ήξίου
3319 2497 3392 2568 μή
3425 2495 3890 2568 ὑπεροραθῆνει·

625 2580 944 2650 prophetico
968 2581 1272 2634 molestiam
1296 2579 1602 2635 inferebant
1623 2583 1715 2651 qui
1748 2582 1877 2636 talia
1899 2585 2182 2640 audebant.

2300 2587 2436 2640 ἀλλά
2466 2589 2558 2640 καὶ
2602 2587 2778 2658 λύπης
2803 2589 3103 2660 ἐπληροῦτο
3131 2589 3223 2643 καὶ
3255 2590 3525 2660 ταραχῆς,
3563 2587 3672 2642 καὶ
3705 2585 3893 2640 ἀδολε-

625 2670 830 2726 Deinde
878 2671 1160 2742 subjungit
1205 2691 1217 2726 :
1273 2671 1536 2737 Quoniam
1591 2673 1987 2728 declinaverunt
2033 2677 2088 2730 in
2117 2694 2182 2731 mt

2303 2678 2479 2746 σχίας,
2506 2678 2729 2746 φάσκων
2748 2693 2763 2708 ·
2810 2678 2946 2731 Ἀπὸ
2975 2677 3175 2746 φωνῆς
3213 2677 3430 2747 ἐχθροῦ
3463 2679 3560 2731 καὶ
3598 2678 3737 2732 ἀπὸ
3764 2676 3888 2730 θλί-

2300 2770 2461 2833 ψεως
2493 2764 2845 2834 ἁμαρτωλοῦ
2866 2805 2881 2829 ,
2921 2765 3114 2836 ἐχθροῦ
3165 2764 3363 2836 δηλαδή
3406 2765 3499 2841 καὶ
3543 2761 3888 2834 ἀμαρτωλοῦ

2301 2855 2458 2908 λαοῦ·
2499 2855 2675 2925 θλίψιν
2723 2855 2828 2927 γὰρ
2855 2860 3110 2928 παρεῖχον
3141 2855 3218 2926 τῷ
3249 2855 3514 2925 πνεύματι
3543 2855 3626 2925 τῷ
3660 2868 3886 2926 προφη-

622 2941 799 3012 Atque
827 2957 892 2996 ex
921 2940 1220 2998 Salvatoris
1253 2959 1484 3013 persona
1504 2953 1736 3015 possunt
1765 2961 1888 3000 cum
1923 2947 2026 3001 alia
2060 2948 2182 3013 dici,

2299 2944 2435 3014 τικῷ
2474 2945 2613 2997 οίτά
2642 2944 2866 2998 τοιαῦτα
2897 2945 3220 3016 τολμῶντες.
3266 2939 3378 2998 Εἶτ’
3417 2943 3665 3013 ἐπιλέγει
3715 2943 3883 3012 ἐξῆςο

623 3044 738 3086 tum
771 3033 900 3086 illud
933 3052 946 3087 :
977 3033 1238 3099 Quoniam
1275 3034 1666 3090 declinaverunt
1716 3037 1768 3090 in
1822 3052 1901 3091 me
1945 3037 2182 3108 iniquita-

2305 3035 2428 3086 Ὀτι
2453 3033 2769 3098 ἐξέκλιναν
2792 3035 2883 3088 ἐπ’
2903 3034 3008 3103 ἐμὲ
3030 3035 3304 3104 ἀνομίαν,
3340 3033 3438 3088 καὶ
3489 3034 3560 3088 ἐν
3595 3030 3757 3102 ὁρτῇ
3785 3032 3884 3084 ἐν·

517 3118 526 3126 ’
624 3133 724 3177 tzm
746 3163 761 3187 ,
805 3133 856 3176 et
886 3124 943 3177 in
976 3125 1060 3177 ira
1085 3124 1291 3178 molesti
1319 3136 1470 3179 erant
1499 3127 1655 3190 mihi;
1699 3127 1816 3181 sive
1835 3166 1850 3190 ,
1892 3127 2182 3183 secundum

2300 3125 2551 3180 εκότουν
2584 3143 2704 3194 μοι,
2733 3125 3151 3195 ίδιοποιούμενον
3201 3125 3270 3178 τά
3308 3124 3450 3179 κατὰ
3486 3119 3577 3178 τοῦ
3617 3123 3879 3192 Σωτῆρος

625 3213 1032 3285 Symmachum,
1069 3215 1329 3282 Quoniam
1353 3218 1730 3285 inscripserunt
1759 3229 1944 3272 contra
1983 3236 2063 3273 me
2093 3221 2182 3272 im-

2295 3215 2688 3286 τετολμημένα.
2711 3218 2833 3269 Καὶ
2855 3217 2918 3268 ἐκ
2937 3213 3227 3286 προσώπου
3249 3213 3307 3267 δέ
3328 3216 3421 3267 τοῦ
3443 3213 3702 3284 Σωτῆρος
3720 3211 3878 3264 δύνα-

620 3303 887 3372 pietatem,
919 3313 970 3356 et
1003 3321 1120 3358 cum
1147 3307 1230 3358 ira
1257 3308 1513 3360 contrarii
1543 3308 1689 3374 [uere
1721 3308 1868 3362 mihi.
1891 3309 1998 3363 Cor
2027 3327 2182 3363 meum

2295 3323 2381 3359 ται
2401 3305 2651 3374 λέγεσθαι
2682 3305 2752 3360 τά
2774 3322 2831 3358 τε
2857 3305 2989 3360 ἀλλα
3019 3304 3114 3358 καὶ
3143 3303 3202 3356 τό
3223 3321 3235 3333 ’
3275 3303 3395 3356 ’Ότι
3421 3301 3759 3366 ἐξέκλιναν
3783 3297 3872 3352 ἐπ’

621 3392 994 3446 conturbatum
1021 3404 1098 3447 est
1131 3395 1186 3447 in
1213 3411 1314 3458 me,
1346 3404 1396 3450 et
1425 3397 1653 3464 formido
1684 3400 1870 3452 mortis
1895 3400 2080 3453 cecidit
2103 3417 2182 3454 su-

2292 3393 2397 3462 ἐμὲ
2415 3394 2687 3462 ἀνομίαν,
2702 3393 2799 3447 καὶ
2817 3394 2888 3446 ἐν
2903 3391 3050 3463 ὀργῇ
3071 3392 3390 3446 ὲνεκότουν
3404 3408 3506 3460 μοι
3520 3408 3534 3422 ο
3558 3391 3592 3461 ἢ
3616 3387 3764 3443 κατά
3786 3386 3874 3442 τὸν

621 3497 715 3552 per
742 3500 842 3546 me,
867 3491 920 3538 et
944 3491 1158 3538 caetera.
1205 3484 1328 3540 Haec
1357 3487 1537 3540 omnia
1562 3502 1781 3556 passum
1815 3505 1874 3544 se
1904 3491 2182 3547 conlitetut

2293 3485 2612 3556 Σύμμαχον·
2658 3485 2785 3537 Ὅτι
2811 3483 3158 3552 ἐπέγραψαν
3201 3484 3326 3536 κατ’
3365 3480 3511 3548 ἐμοῦ
3557 3481 3866 3542 ἀσέϐειαν.

622 3574 910 3644 propheta,
939 3575 1084 3644 quod
1113 3575 1308 3644 spiritu
1344 3578 1659 3647 prophetico
1690 3581 2043 3648 praavidisset,
2079 3599 2182 3638 me-

2293 3575 2391 3630 καὶ
2414 3575 2540 3643 μετ’
2576 3572 2756 3643 ὀργῆς
2771 3571 3230 3640 ἠναντιώθησαν
3249 3589 3370 3642 μοι.
3414 3571 3483 3625 Ἠ
3503 3571 3724 3638 καρδία
3746 3588 3867 3639 μου

623 3671 889 3718 moratam
941 3675 1127 3736 postea
1189 3667 1464 3722 civitatem
1529 3668 1844 3738 iniquitate,
1913 3673 2182 3727 contradi-

2290 3663 2580 3732 ἐταράχθη
2607 3664 2676 3715 ἐν
2698 3663 2849 3732 ἐμοὶ,
2885 3663 2982 3716 καί
3032 3663 3225 3716 δειλία
3256 3661 3515 3717 θανάτου
3559 3662 3868 3716 ἐπέπεσεν

621 3755 825 3819 ctione,
859 3756 1063 3819 labore,
1089 3757 1277 3812 dolore
1308 3766 1362 3812 et
1397 3759 1665 3826 iniustitia
1701 3762 1996 3832 repletam;
2028 3771 2182 3833 atque

2289 3754 2381 3806 ἐπ’
2401 3753 2523 3822 ἐμὲ,
2569 3753 2662 3806 καὶ
2689 3752 2758 3806 τὰ
2815 3751 2995 3808 λοιπά.
3030 3752 3216 3806 Πάντα
3266 3751 3808 3806 ταῦτα²πεπονθέναι
3835 3752 3864 3803 ὁ

622 3847 932 3902 unanimem
966 3849 1117 3902 illum
1142 3857 1194 3904 et
1217 3857 1405 3904 notum
1435 3851 1726 3916 Salvatori,
1749 3854 1863 3923 pari
1893 3862 2058 3924 atque
2087 3856 2182 3910 in‘i«

2289 3846 2573 3915 προφήτης
2616 3844 2884 3914 ὁμολογεῖ,
2928 3845 3016 3898 διὰ
3045 3845 3106 3897 τὸ
3143 3843 3552 3916 προεωρακέναι
3586 3844 3667 3913 τῷ
3698 3841 3864 3895 πνεὺ-

621 3938 746 3991 mici
781 3945 836 3991 et
864 3939 1050 3996 hostes
1081 3940 1262 3994 animo
1309 3940 1657 3996 instructum.
1721 3941 1884 3996 Suam
1923 3945 2068 3999 enim
2102 3945 2187 4000 his

633 1065 682 1110 et
715 1054 1183 1110 contradictionem
1214 1053 1268 1105 in
1289 1052 1519 1115 civitate,
1546 1059 1600 1106 et
1623 1058 1842 1113 caetera.
1875 1066 1994 1120 quae
2019 1060 2203 1120 postea

633 1159 797 1214 opere
831 1143 1096 1213 completa
1129 1150 1277 1198 sunt.
1333 1141 1670 1196 Praevertens
1708 1141 1877 1211 igitur
1910 1141 1964 1196 in
1998 1140 2202 1210 Spiritu

633 1244 821 1291 sancto
836 1234 1115 1303 propheta,
1133 1232 2028 1298 contristabatur,conturbabatur,
2050 1246 2206 1285 exer-

631 1327 920 1390 citabatur,
949 1326 1138 1380 dolore
1164 1326 1358 1395 plenus
1387 1323 1442 1378 in
1475 1339 1570 1380 eos
1601 1323 1692 1394 qui
1725 1323 1852 1377 talia
1895 1323 2203 1393 aggressuri

632 1423 807 1469 erant.
823 1411 1372 1482 QuamobremlDeum
1393 1420 1567 1467 status
1588 1413 1672 1466 sui
1696 1413 2056 1482 inspectorem
2081 1427 2204 1466 esse

631 1512 788 1574 rogat
802 1504 988 1558 dicens
1019 1522 1032 1556 :
1067 1501 1298 1566 Exaudi,
1328 1502 1488 1566 Deus,
1515 1503 1808 1558 orationem
1837 1519 2028 1566 meam,
2065 1513 2114 1556 et
2140 1519 2203 1557 ne

623 2763 977 2833 iniquitatem,
1009 2772 1055 2815 et
1080 2762 1135 2816 in
1163 2763 1244 2815 ira
1272 2762 1476 2816 molesti
1495 2773 1645 2816 erant
1678 2764 1826 2827 mihi,
1857 2780 1979 2834 qua:
2005 2773 2196 2820 contra

627 2852 965 2907 Salvatorem
1019 2861 1170 2922 gesta
1220 2862 1348 2908 sunt
1395 2862 1448 2908 ut
1503 2855 1721 2924 propria
1748 2856 1852 2910 sibi
1889 2857 2193 2916 ascrihens.

2290 3951 2418 4002 ματι
2442 3933 2518 4004 τῷ
2546 3933 2866 4004 προφητικῷ
2893 3933 2990 4004 τὴν
3029 3933 3156 4002 ἐξῆς
3187 3931 3518 4003 δηλουμένην
3544 3931 3700 3984 πόλιν
3731 3933 3858 3984 ἀνο-

617 4027 686 4081 de
714 4027 879 4082 rebus
909 4029 1438 4084 commiserationem
1476 4029 1583 4085 Deo
1606 4033 1878 4096 declarat,
1905 4042 2067 4104 atque
2097 4050 2186 4087 ra-

618 4118 750 4170 tioni
777 4127 1199 4174 consentaneam
1232 4119 1688 4188 perturbationem
1736 4137 1897 4190 quam
1943 4122 2186 4191 patiebao

616 4218 726 4272 tur,
759 4208 826 4262 dc
855 4225 964 4278 qua
999 4211 1251 4278 superius
1273 4211 1488 4265 dicebat
1532 4230 1545 4266 :
1583 4211 1943 4266 Contristatus
1983 4230 2100 4268 sum
2129 4217 2184 4268 in

611 4300 984 4353 exercitatione
1025 4316 1172 4364 mea,
1202 4310 1250 4354 et
1291 4301 1633 4356 conturbatus
1663 4319 1811 4366 sum;
1835 4311 1889 4358 et
1913 4303 2023 4372 jam
2062 4320 2174 4358 rur-

611 4403 734 4442 sum
764 4405 778 4441 :
813 4387 918 4442 Cor
948 4405 1117 4442 meum
1137 4391 1505 4444 conturbatum
1532 4401 1608 4444 est
1639 4393 1690 4444 in
1724 4408 1837 4455 me;
1880 4395 2178 4449 secundum

2289 4024 2417 4093 μίας
2448 4024 2552 4094 πλη
2563 4040 2652 4094 pou
2661 4024 2826 4093 μένην
2861 4024 2956 4077 καὶ
2989 4023 3292 4091 ἀντιλογίας
3308 4061 3322 4086 ,
3368 4023 3461 4075 καὶ
3493 4023 3664 4074 κόπου
3683 4061 3701 4086 ,
3763 4020 3856 4072 καὶ

2285 4114 2470 4178 πόνου,
2523 4115 2616 4166 καὶ
2663 4115 2904 4178 ἀδικίας·
2955 4114 3050 4166 καὶ
3081 4114 3171 4166 τὸν
3199 4113 3448 4183 ἰσόψυχον
3473 4112 3568 4166 καὶ
3611 4110 3854 4180 γνωστὸν

2283 4202 2376 4256 τοῦ
2408 4206 2656 4276 Σωτῆρος
2707 4203 2864 4274 ήμῶν
2891 4204 2960 4258 τὰ
2999 4204 3206 4275 ἐχθρῶν
3245 4204 3406 4258 αὐτὸν
3437 4204 3532 4256 καὶ
3580 4203 3853 4273 πολεμίων

2282 4288 2582 4342 δατιθέντα.
2650 4292 2772 4343 Ἐπὶ
2801 4291 3007 4354 τούτοις
3037 4291 3144 4362 γάρ
3169 4291 3267 4363 τὴν
3302 4291 3642 4361 συμπάθειαν
3681 4288 3847 4344 αὑτοῦ

2281 4379 2518 4433 δείκνυσι
2548 4381 2625 4451 τῷ
2647 4381 2784 4452 Θεῷ,
2816 4383 2909 4436 καὶ
2935 4385 2998 4453 ῆν
3027 4382 3314 4452 ὑπέμεινεν
3337 4380 3554 4451 εὔλογον
3581 4383 3844 4454 ταραχήν·

609 4479 861 4548 Aquilam
890 4495 1015 4534 vero
1044 4481 1139 4546 ait,
1175 4479 1281 4535 Cor
1309 4499 1478 4535 meum
1497 4484 1778 4551 parturivit
1809 4484 1862 4536 in
1893 4485 2176 4538 visceribus

2284 4471 2408 4540 περὶ
2457 4465 2524 4540 ἦς
2573 4471 2668 4524 καὶ
2717 4471 2972 4542 ἀνωτέρω
3005 4471 3218 4538 ἔλεγεν
3286 4471 3624 4538 Ἐλυπήθην
3661 4473 3734 4526 ὲν
3773 4468 3846 4537 τῇ

608 4569 773 4631 meis;
804 4569 1103 4624 secundum
1134 4585 1262 4624 vero
1287 4571 1695 4642 Symmachum,
1747 4570 1854 4626 Cor
1890 4589 2057 4626 meum
2086 4589 2179 4628 ea:-

607 4658 912 4728 agitabatur
943 4660 1087 4712 intra
1107 4676 1206 4713 me.
1247 4659 1352 4714 Sed
1384 4662 1544 4714 etiam
1560 4659 1796 4715 formido
1814 4664 2005 4719 mortis
2030 4663 2176 4718 ccci-

605 4748 685 4802 dit
714 4763 880 4817 super
923 4764 1046 4803 eum
1068 4788 1083 4812 ,
1134 4750 1186 4804 id
1217 4758 1322 4814 est,
1352 4749 1620 4807 Salutaris
1651 4753 1864 4818 mortis,
1891 4752 1962 4806 ob
1989 4767 2173 4822 quam,

602 4835 874 4907 Propheta
923 4838 1160 4895 humana
1208 4841 1536 4911 cogitatione
1583 4851 1924 4910 commotus,
1960 4843 2075 4898 sive
2104 4843 2177 4898 ob

603 4936 830 4982 mortem
882 4929 1209 4994 animarum,
1265 4947 1386 5001 quae
1438 4946 1537 5002 pro
1586 4932 1679 4984 tali
1742 4949 1880 4988 ausu
1921 4935 2175 5004 peritura:

601 5023 778 5080 erant,
832 5019 1028 5075 timore
1065 5023 1392 5091 replebatur.
1451 5021 1564 5076 lmo
1611 5038 1740 5077 vero
1786 5025 1952 5078 timor
1977 5031 2033 5079 et
2064 5033 2174 5079 tre-

603 5119 746 5170 mor,
777 5106 846 5160 ob
871 5108 1088 5176 pietatis
1117 5111 1487 5171 eminentiam.
1527 5110 1724 5164 cecidit
1751 5125 1915 5180 super
1938 5111 2172 5182 prophe-

602 5203 733 5257 tam,
765 5211 889 5251 cum
921 5197 1128 5252 videret
1156 5199 1414 5254 Dilectum
1452 5199 1543 5256 Dei
1582 5201 1710 5256 talia
1743 5200 1813 5255 ab
1857 5202 2039 5272 impiis
2072 5216 2171 5273 pa-

595 5287 842 5342 tientem.
892 5286 1151 5343 Tenebrae
1200 5297 1379 5343 autem
1422 5298 1787 5345 contexerunt
1826 5306 1987 5354 eum,
2031 5292 2166 5354 sive,

596 5374 894 5429 secundum
943 5374 1236 5445 Aquilam,
1289 5377 1622 5440 convolutio;
1673 5387 1807 5444 aut,
1866 5380 2166 5435 secundum

2277 4558 2609 4628 ἀδολεσχίᾳ
2645 4577 2797 4629 μου,
2844 4562 2941 4614 καὶ
2972 4559 3338 4629 ἐταράχθην·
3389 4561 3482 4613 καὶ
3529 4560 3623 4614 νῦν
3655 4560 3841 4615 πάλινο

2290 4644 2358 4698 Ἠ
2381 4647 2595 4715 καρδία
2605 4666 2722 4716 μου
2742 4647 3034 4717 ἐταράχθη
3049 4649 3118 4700 ἐν
3136 4649 3268 4716 ἐμοί
3285 4664 3298 4677 ·
3328 4648 3470 4701 κατὰ
3496 4647 3551 4700 δὲ
3571 4647 3661 4699 τὸν
3689 4644 3844 4699 Ἀκύ-

2279 4738 2400 4799 λαν,
2445 4739 2514 4792 Ἦ
2539 4738 2753 4805 καρδία
2775 4755 2917 4807 μου,
2960 4739 3143 4808 φησὶν,
3173 4736 3468 4804 ὡδίνησεν
3511 4737 3581 4790 ἐν
3615 4737 3843 4806 έγηιὰτῳ

2269 4845 2422 4898 μουι
2460 4828 2601 4882 κατὰ
2632 4828 2688 4881 δέ
2723 4828 2814 4882 τὸν
2841 4828 3152 4898 ⁴Σύμμαχον
3179 4845 3194 4858 ο
3256 4828 3315 4882 Ἡ
3357 4827 3570 4894 καρδία
3606 4844 3726 4896 μου
3768 4826 3845 4877 δι-

2274 4918 2620 4993 εστρωεοᾶτο
2645 4919 2824 4974 ἔνδον
2839 4937 2981 4990 μου.
3000 4918 3158 4971 Ἀλλά
3180 4918 3272 4972 καὶ
3296 4917 3467 4972 δειλία
3481 4918 3706 4972 θανάτου
3729 4921 3840 4971 εἰσ-

2275 5008 2470 5060 έπεσεν
2502 5009 2589 5062 ἐπ’
2617 5010 2782 5068 αὐτόν
2803 5025 2817 5038 ’
2851 5011 2969 5084 ήτοι
3015 5007 3106 5060 τοῦ
3143 5009 3416 5080 Σωτηρίου
3458 5007 3718 5070 θανάτου,
3757 5009 3838 5075 ἐφ’

2270 5091 2314 5165 ᾧ
2341 5097 2540 5162 δειλίας
2555 5100 2583 5151 ὁ
2605 5100 2889 5169 προφήτης
2913 5098 3233 5170 ἐπληροῦτο,
3251 5098 3573 5170 ἀνθρωπίνῳ
3599 5096 3838 5168 λογισμῷ

2272 5191 2614 5260 κινούμενος,
2661 5190 2692 5259 ἢ
2727 5189 2823 5242 τοῦ
2847 5189 2952 5242 τῶν
2985 5189 3169 5260 ψυχῶν
3207 5189 3434 5248 θανάτου
3471 5189 3582 5245 τῶν
3613 5189 3839 5245 ἀπόλλυ-

2271 5280 2392 5333 σθαι
2417 5281 2716 5352 μελλόντων
2740 5281 2826 5334 διὰ
2851 5281 2918 5334 τὰ
2942 5281 3163 5334 τοιαῦτα
3186 5280 3525 5356 τολμήματα.
3565 5279 3724 5336 Ἀλλά
3747 5278 3836 5333 καὶ

2270 5372 2433 5439 φόϐος
2465 5373 2559 5426 καὶ
2584 5373 2785 5442 τρόμος
2813 5373 2882 5425 δι’
2911 5371 3216 5443 ὑπερϐολήν
3249 5369 3536 5436 εὐλαϐείας
3569 5372 3833 5426 ἐπέπιπτε

596 5463 1005 5535 Symmachum,
1036 5467 1242 5535 horror,
1273 5477 1460 5539 utpote
1508 5470 1602 5539 qui
1628 5469 1900 5526 horrenda
1928 5487 1992 5525 ac
2015 5480 2168 5526 tene-

2284 5462 2344 5534 τῷ
2382 5465 2654 5536 προφήτῃ,
2678 5463 2874 5533 ὁρῶντι
2891 5463 2980 5516 τὸν
3009 5465 3315 5535 Ἀγαπητὸν
3342 5463 3434 5518 τοῦ
3461 5463 3595 5517 Θεοῦ
3615 5461 3835 5522 τοιαῦτα

594 5557 706 5612 bris
733 5557 894 5628 digna
921 5567 1113 5612 contra
1159 5559 1492 5615 Salvatorem
1524 5569 1676 5631 gesta
1705 5571 1970 5616 cerneret.
2038 5561 2165 5617 Haec

592 5660 757 5713 porro
783 5647 927 5702 dicta
971 5664 1159 5703 eorum
1189 5651 1458 5720 exemplo,
1493 5667 1616 5721 qua:
1645 5651 1804 5706 nobis
1847 5651 1900 5704 in
1931 5652 2161 5707 somniis

590 5735 929 5803 contingunt,
963 5739 1248 5804 intelligas.
1298 5737 1430 5793 Nam
1457 5741 1775 5808 plerumque
1798 5737 2156 5802 somniantes,

2267 5555 2372 5608 ὑπὸ
2401 5555 2506 5607 τῶν
2526 5554 2736 5607 ἀσεϐῶν
2771 5553 3066 5624 πάσχοντα.
3112 5553 3408 5607 Ἐκάλυπτέ
3439 5569 3496 5606 τε
3529 5552 3692 5606 αὑτὸν
3715 5549 3834 5606 σκό-

2266 5664 2374 5710 τος,
2415 5646 2470 5717 ῆ,
2504 5645 2642 5698 κατά
2674 5646 2764 5699 τὸν
2800 5647 3058 5710 Ἀκύλαν,
3093 5644 3458 5712 είλίνδησιςο
3483 5644 3540 5714 ἢ,
3568 5643 3709 5700 κατά
3745 5643 3831 5694 τὸν

2265 5737 2578 5808 Σύμμαχον,
2613 5740 2793 5805 φρίκη
2817 5754 2831 5768 ο
2862 5737 3060 5790 ὡσανεὶ
3086 5734 3290 5808 φρικτά
3321 5737 3412 5789 καὶ
3444 5735 3665 5798 σκότους
3704 5733 3830 5802 ἁλη-
