4100 6442
208 389 334 445 ‘77

1355 391 1860 450 COMMENTABIA
1898 392 1965 449 ΙΝ
2004 390 2346 450 ΡδΑωίοε.

3365 389 3470 450 478

200 499 334 566 θῶς
363 500 488 566 ἀξια
513 501 580 556 τά
617 501 756 556 κατά
773 503 868 557 τοῦ
894 503 1146 576 Σωτῆρος
1171 505 1424 578 δρώμενα
1463 503 1789 578 θεωροῦντα.

1911 520 1958 560 ιο
1971 505 2216 572 quadam
2229 501 2492 560 terribilia
2508 500 2970 564 cernentes,verbi
2994 500 3170 572 gratia
3187 501 3472 574 insequen-

201 589 450 663 Νοήσεις
472 593 529 645 δέ
548 591 617 646 τά
635 583 904 663 λεγόμενα
932 596 995 648 ἐκ
1037 595 1478 666 παραδείγματος
1515 594 1622 648 τῶν
1657 595 1799 650 κατά

199 681 348 745 τοὺς
393 681 636 752 ὀνείρους
678 683 809 753 ἡμῖν
869 683 1303 754 συμϐαινόντων·
1362 685 1486 738 ἐπεὶ
1543 684 1802 749 πολλάκις

199 770 650 843 ὀνειρώττοντες,
690 774 926 830 κάπειτά
950 793 1071 829 τινα
1107 775 1341 847 δρῶντες
1365 775 1589 848 φοϐερὰ,
1638 777 1672 848 ἢ
1705 775 1802 847 θῆ-

203 879 326 932 ρας
349 861 662 926 διώκοντας,
689 863 1023 936 ἢέρπετά,ἢ
1054 865 1344 936 πολεμίους
1365 867 1619 930 ἐπιόντας
1645 868 1797 937 ἡμῖν,

201 951 599 1024 θορυϐούμεθα
621 953 718 1024 τὴν
755 955 932 1025 ψυχὴν
963 955 1059 1008 καὶ
1088 955 1436 1026 ἐξιστάμεθα.
1470 956 1672 1026 τρόμου
1701 958 1795 1011 καὶ

200 1042 480 1112 ἀγωνίας,
495 1046 591 1099 καὶ
619 1045 845 1116 ἱδρῶτος
872 1046 1301 1117 ἐμπιπλάμενοι.
1327 1046 1484 1099 Κατά
1512 1047 1600 1100 τὸν
1629 1048 1792 1100 αὐτὸν

203 1135 350 1206 γὰρ.
388 1131 562 1206 οἶμαι.
601 1137 802 1208 τρόπον
851 1138 942 1191 καὶ
987 1139 1086 1208 τὴν
1131 1138 1225 1192 τοῦ
1291 1139 1572 1210 προφήτου
1613 1139 1792 1210 ψυχὴν

202 1226 328 1280 τῶν
387 1228 610 1299 μηδέπω
665 1229 948 1301 παρόντων
967 1268 982 1292 ,
1043 1229 1341 1300 μελλόντων
1391 1229 1448 1283 δέ
1506 1230 1790 1298 γίγνεσθαι

1903 604 1986 652 tes
2005 595 2170 660 feras,
2197 595 2277 650 vel
2317 594 2529 664 reptilia
2549 592 2666 658 ,vel
2691 592 2942 647 inimicos
2980 591 3271 657 irruentes,
3289 595 3476 649 animo

1902 688 2188 742 turbamur
2215 696 2270 742 et
2289 685 2758 755 obstupescimus,
2796 695 3028 748 terrore,
3065 685 3476 740 concertatione

1900 794 1964 832 ac
1989 777 2191 833 sudore
2220 777 2434 847 repleti.
2495 775 2699 830 Eodem
2727 775 2968 829 arbitror
3009 775 3173 829 modo
3199 775 3476 846 propheta:

1900 868 2161 928 animam,
2196 881 2319 935 quae
2348 865 2589 920 nondum
2622 864 2968 935 praesentium
2991 903 3006 926 ,
3039 863 3133 918 sed
3166 862 3476 918 futurarum

1901 973 2084 1014 rerum
2115 957 2643 1025 contemplationem
2674 969 2993 1025 expressam
3029 955 3330 1024 prophetici
3365 955 3476 1024 spi-

1899 1048 2039 1103 ritus
2071 1047 2270 1101 lumine
2300 1047 2356 1100 in
2387 1046 2586 1102 mentis
2601 1046 2777 1101 oculis
2802 1044 3160 1115 percipiebat,
3181 1045 3474 1107 turbatam,

1899 1148 2061 1211 atque
2089 1138 2160 1193 ob
2199 1138 2466 1192 malorum
2509 1152 2629 1206 quae
2658 1135 2873 1190 videbat
2907 1134 3380 1205 exsuperantiam,
3409 1135 3479 1188 ti-

1898 1244 2068 1292 more,
2094 1235 2242 1283 metu
2273 1234 2589 1296 terroreqne
2619 1227 2878 1295 repletam
2905 1239 3048 1280 esse.

205 1319 580 1388 πραγμάτων,
637 1319 735 1393 τῂν
770 1319 1000 1390 Θεωρίαν
1043 1321 1184 1390 φωτὶ
1224 1319 1317 1372 τοῦ
1361 1319 1700 1392 προφητικοῧ
1758 1319 2070 1391 πνεύματος
2128 1321 2243 1381 τοῖς
2283 1319 2382 1390 τῆς
2434 1316 2669 1380 διανοίας
2723 1313 3023 1384 ὀφθαλμοῖς
3071 1311 3478 1384 ἐντυπουμένην

203 1407 432 1477 ὁρῶντα
444 1408 791 1480 τεταράχθαι,
816 1409 911 1463 καὶ
927 1409 1092 1478 φόϐου
1120 1408 1212 1462 καὶ
1233 1409 1461 1488 δειλίας,
1486 1411 1582 1464 καὶ
1606 1411 1809 1482 τρόμου
1849 1409 2242 1479 πεπληρῶσθαι
2274 1408 2363 1462 διά
2389 1409 2489 1479 τὴν
2527 1409 2635 1461 τῶν
2668 1405 3056 1479 θεωρουμένων
3078 1405 3264 1459 κακῶν
3304 1407 3478 1476 ὑπερ-

205 1499 404 1571 ϐολήν.

289 1589 408 1646 Εἶθ’
433 1593 622 1664 ὥσπερ
656 1593 818 1664 μέσος
840 1591 1175 1662 ἀποληφθεὶς
1201 1592 1308 1646 τῶν
1331 1589 1502 1646 ταῦτα
1521 1586 1796 1660 δρώντων,

212 1682 496 1754 μηδεμίαν
534 1701 592 1736 τε
625 1682 764 1755 ἔχων
797 1683 1108 1755 ἀποφυγὴν,
1145 1683 1278 1754 μηδὲ
1301 1683 1424 1735 ὅποι
1449 1680 1636 1740 κλίνας
1667 1678 1797 1729 ἐαυ-

206 1773 312 1825 τὸν
333 1773 489 1836 ἐκτὸς
512 1771 622 1824 τῶν
655 1773 840 1827 κακῶν
889 1773 1116 1842 γένοιτο,
1147 1770 1362 1843 εὔχεται
1399 1769 1669 1842 μετέωρος
1697 1765 1797 1840 ἀρ-

209 1861 405 1933 θῆναι,
441 1864 640 1932 πτηνός
667 1880 726 1917 τε
768 1863 833 1918 δι’
867 1863 1028 1935 ἀέρος
1071 1865 1350 1933 ἐκφυγεῖν.
1393 1860 1484 1914 Διὸ
1522 1857 1795 1925 ἐπιλέγειο

289 2039 401 2096 Kal
423 2035 583 2094 εἶπαο
608 2039 703 2104 Τίς
716 2037 892 2093 δώσει
907 2056 1011 2108 μοι
1024 2037 1320 2108 πτέρυγας
1339 2030 1800 2104 ώςπεριστερᾶς,

211 2132 322 2187 καὶ
376 2130 848 2200 πετασθήσομαι,
875 2131 974 2184 καὶ
1025 2131 1423 2193 καταπαύσω;
1469 2127 1803 2199 Περιστερᾶς

211 2223 335 2294 γὰρ
361 2223 517 2292 δίκην
547 2221 756 2275 ἀκάκου
792 2220 1069 2293 πτέρυγας
1109 2220 1368 2291 ἐκφεῦξαι
1401 2219 1494 2273 καὶ
1525 2217 1802 2288 πετασθῆ-

212 2330 336 2375 ναι,
368 2313 444 2375 ὼς
477 2312 544 2366 ἀν
578 2312 738 2381 φύγοι
769 2313 837 2366 τά
871 2312 1038 2376 κακά,
1071 2311 1245 2382 ἠξίου.
1281 2311 1488 2366 Οὐκοῦν
1533 2311 1625 2364 καὶ
1675 2311 1803 2381 περὶ⁷

213 2402 412 2457 τούτου
439 2401 698 2473 ἀνωτέρω
717 2401 870 2470 έλεγε
902 2401 992 2466 τδ,
1041 2401 1343 2456 Ἐνώτισαι
1367 2443 1382 2468 ,
1426 2405 1458 2456 ό
1489 2401 1653 2466 Θεὸς,
1689 2398 1804 2466 τὴν

213 2490 578 2560 προσευχήν
595 2509 736 2560 μου,
767 2491 843 2554 ὼς
877 2491 944 2545 ἂν
970 2491 1122 2562 τύχοι
1143 2491 1432 2564 πτερύγων
1476 2491 1803 2562 περιστερᾶς

215 2591 324 2642 καὶ
347 2587 670 2658 πετασθείη⁸
704 2587 880 2658 μόνως
927 2586 1036 2657 γὰρ
1060 2585 1263 2649 οὕτως,
1311 2586 1406 2642 καὶ
1443 2585 1563 2638 οὐδέ
1605 2584 1799 2649 ἄλλως,

216 2681 418 2753 πόρρω
447 2678 694 2748 γίνεσθαι
714 2681 814 2750 τῆς
842 2679 950 2732 τῶν
977 2677 1190 2732 ἀσεϐῶν
1221 2678 1425 2741 πόλεως
1471 2673 1583 2739 οἷός
1623 2692 1682 2729 τε
1711 2672 1798 2747 ἦν.

219 2772 387 2826 Κατά
413 2771 471 2824 δέ
490 2771 579 2825 τὸν
606 2771 900 2842 Σύμμαχον
922 2783 938 2799 ⁸
973 2770 1081 2824 Καὶ
1100 2766 1300 2824 εἷπον·
1337 2769 1431 2834 Τίς
1476 2767 1656 2822 δώσει
1698 2784 1801 2836 μοι

218 2862 522 2931 πτέρυγας
555 2863 635 2928 ὡς
659 2861 1032 2930 περιστερᾶς,
1063 2859 1432 2928 πετασθῆναι
1457 2899 1472 2922 ,
1505 2857 1600 2912 καὶ
1633 2857 1802 2926 ἐδρα-

219 2953 488 3019 σθῆναυ
511 2954 710 3022 Πόρῤω
738 2953 816 3006 ἂν
839 2953 1098 3021 ἐποίησα
1123 2951 1236 3018 τὴν
1261 2949 1648 3020 ἀναχώρησιν
1660 2966 1802 3017 μου,

221 3039 558 3110 ηὐλιζόμην
579 3041 655 3094 ἂν
680 3042 749 3095 ἐν
778 3040 852 3110 τῇ
888 3039 1106 3110 ἐρήμῳ.
1137 3038 1429 3110 Ἐξαίφνης
1471 3038 1537 3092 ἂν
1571 3037 1804 3107 ἐποίησα

1973 1583 2181 1640 Deinde
2205 1585 2364 1655 quasi
2392 1584 2604 1640 medius
2635 1583 2969 1656 interceptus
2991 1587 3088 1643 .ille
3120 1587 3262 1644 inter
3289 1590 3480 1646 talium

1903 1675 2208 1731 facinorum
2243 1684 2518 1740 auctores,
2567 1692 2692 1732 cum
2729 1677 2937 1732 nullum
2971 1677 3278 1752 perfugium
3314 1681 3482 1738 habe-

1902 1774 2007 1828 ret,
2056 1782 2236 1836 neque
2281 1783 2391 1837 quo
2435 1766 2738 1822 declinaret
2786 1768 2854 1822 ab
2887 1767 3271 1840 ingruentibus
3299 1773 3478 1837 malis,

1905 1861 2160 1923 precatur
2183 1869 2243 1910 se
2267 1854 2554 1909 sublimem
2587 1855 2810 1919 elevari,
2846 1863 3009 1926 atque
3033 1859 3274 1916 volucris
3307 1859 3484 1917 instar

1904 1960 2002 2016 per
2027 1960 2207 2001 aerem
2233 1945 2491 2018 eﬁ‘ugere.
2525 1945 2891 2012 Quamobrem
2923 1948 2999 2002 ait
3031 1967 3046 2004 :

1972 2033 2140 2091 Vens.
2175 2035 2352 2090 7-12.
2395 2034 2463 2088 Et
2486 2035 2602 2088 dixi
2632 2036 2802 2103 :Quis
2818 2036 2966 2090 dabit
2995 2039 3123 2092 mihi
3145 2054 3343 2107 pennas
3371 2040 3483 2096 sic-

1903 2134 1960 2179 ut
1994 2126 2270 2189 columbae,
2297 2135 2348 2182 et
2380 2126 2586 2192 volabo,
2617 2137 2665 2181 et
2691 2129 3015 2198 requiescam
3037 2129 3293 2186 7Pennas
3309 2131 3486 2186 instar

1903 2213 2166 2268 columbae
2196 2213 2432 2268 innoxiae
2461 2214 2530 2268 ad
2562 2214 2877 2284 fugiendum
2908 2223 2963 2270 et
2999 2218 3292 2272 volandum
3332 2229 3482 2289 pete-

1904 2305 2020 2370 bat,
2064 2311 2123 2358 ut
2152 2305 2311 2360 malis
2338 2320 2396 2360 se
2427 2306 2753 2376 proriperet.
2811 2306 3045 2377 Ideoque
3091 2309 3349 2378 superius
3381 2309 3487 2365 hac

1903 2396 1970 2452 de
2001 2411 2166 2452 causa
2189 2397 2426 2461 dicebat,
2467 2397 2713 2462 Exaudi,
2747 2396 2888 2452 Deus
2908 2441 2924 2464 ,
2958 2401 3251 2454 orationem
3291 2417 3482 2462 meam,

1903 2499 1964 2545 ut
1987 2491 2102 2546 alas
2129 2490 2398 2546 columba:
2425 2491 2724 2554 obtineret,
2766 2499 2820 2546 et
2859 2493 3069 2548 volaret
3103 2511 3117 2547 :
3149 2493 3258 2548 hoc
3283 2493 3488 2566 quippe

1903 2579 2068 2634 modo
2092 2586 2328 2644 tantum,
2362 2587 2418 2636 et
2441 2595 2549 2635 non
2573 2582 2702 2646 alio,
2728 2596 2757 2636 a
2779 2581 3003 2637 civitate
3037 2583 3329 2654 impiorum
3359 2598 3489 2654 pro-

1903 2667 1994 2721 cul
2040 2667 2297 2722 recedere
2332 2676 2565 2736 poterat.
2608 2669 2921 2724 Secundum
2969 2670 3357 2742 Symmachum
3388 2687 3489 2727 au-

1903 2763 2010 2812 tem
2046 2773 2059 2809 :
2099 2755 2165 2810 Et
2193 2756 2310 2810 dixi
2341 2771 2360 2809 :
2391 2757 2524 2824 Quis
2548 2757 2698 2811 dabit
2721 2758 2848 2812 mihi
2866 2773 3065 2827 pennas
3082 2760 3216 2813 sicut
3232 2759 3490 2816 columba:

1905 2846 1974 2900 ad
2004 2846 2284 2900 volandum
2313 2857 2363 2901 et
2403 2847 2778 2902 insidendum?
2825 2846 3001 2916 Longe
3041 2849 3283 2918 fecissem
3319 2865 3481 2904 seces-

1905 2937 2105 2990 sionem
2147 2953 2340 3001 meam,
2386 2937 2699 2990 mansissem
2732 2938 2786 2990 in
2815 2936 3122 2994 solitudine.
3183 2936 3486 2993 Confestim

1904 3025 2217 3095 eﬂ'ugissem
2247 3025 2496 3080 elevante
2526 3041 2612 3081 me
2643 3025 2868 3095 spiritu;
2901 3026 3060 3096 longe
3089 3026 3291 3096 quippe
3321 3026 3488 3081 fecis-

220 3129 326 3200 τὴν
353 3129 602 3200 ἔκφευξξν
628 3148 728 3201 μου
765 3131 873 3184 ἀπὸ
896 3131 1204 3200 πνεύματος
1233 3131 1549 3200 ἐπαίροντος
1571 3146 1583 3158 ·
1616 3126 1804 3198 πόρρω

1911 3131 2022 3172 sem
2057 3116 2424 3170 secessionem
2465 3129 2663 3178 meam,
2699 3115 2797 3178 ait,
2856 3115 2902 3169 si
2951 3116 3067 3170 alas
3106 3116 3486 3179 obtinuisscm,

223 3221 341 3292 ἶγὰρ
371 3221 435 3274 ἀν
461 3221 708 3291 ἐποίησα,
743 3223 895 3291 φησὶ,
924 3220 1023 3291 τὴν
1048 3218 1394 3304 ἀναχώρησιν
1430 3235 1528 3288 μου
1552 3257 1566 3277 .
1601 3219 1650 3270 εί
1685 3217 1805 3270 ἐτυ-

225 3329 324 3386 χον
346 3313 653 3384 πτερύγων,
679 3313 894 3382 φεύγων
917 3313 1042 3373 τοὺς
1065 3312 1134 3365 τὰ
1160 3309 1526 3381 προλεχθέντα
1567 3306 1808 3377 τολμῶν-

225 3421 351 3467 τας,
391 3405 606 3467 καὶτὰς
647 3405 884 3474 ἐρήμους
923 3404 1119 3474 μᾶλλον
1144 3403 1241 3473 τῆς
1265 3401 1561 3473 εἰρημένης
1600 3399 1808 3461 πόλεως

227 3494 563 3566 προετίμων.
594 3494 778 3556 Οὕτως
802 3511 862 3546 τε
893 3496 950 3546 ἐν
974 3497 1038 3564 τῇ
1080 3493 1271 3565 ἐρήμῳ
1313 3489 1581 3560 γεγονὼς,
1625 3503 1810 3570 προσ-

227 3583 529 3653 εδεχόμην
560 3583 636 3636 ἂν
661 3583 765 3636 τὸν
799 3580 1060 3642 σώζοντά
1089 3598 1166 3650 με
1205 3580 1322 3634 ἀπὸ
1369 3577 1480 3645 τῆς
1507 3577 1807 3647 γενομένης

234 3691 330 3743 μοι
377 3663 943 3741 όλιγοψυχίαςξκαὶ
976 3671 1096 3725 ἀπὸ
1119 3669 1228 3737 τῆς
1273 3667 1688 3738 καταλαϐούσης
1729 3682 1809 3736 ,με

231 3762 594 3832 καταιγίδος.
622 3762 1092 3824 Κατοπόντισον,
1125 3762 1318 3828 Κύριε,
1360 3759 1457 3812 καὶ
1498 3756 1811 3811 καταδιελε

231 3856 346 3922 τὰς
365 3855 648 3925 γλώσσας
669 3852 886 3915 αὐτῶν,
922 3853 1013 3905 καὶ
1044 3851 1111 3904 τὰ
1133 3851 1278 3920 ἐξῆς.
1309 3849 1418 3920 Τὴν
1451 3847 1627 3902 αἰτίαν
1651 3845 1715 3898 δι’
1745 3846 1811 3916 ἢν

233 3927 442 4017 ηὔξατο
461 3943 748 4013 πτερύγων
773 3945 977 4011 τυχεῖν,
1007 3941 1084 4004 ὼς
1104 3940 1169 3993 ἂν
1191 3937 1481 4006 πετασθείη
1511 3935 1604 3988 καὶ
1627 3935 1808 4003 φύγοι,

233 4036 444 4108 ἐρημόν
464 4051 522 4087 τε
560 4033 757 4104 μᾶλλον
783 4034 951 4085 οἰκεῖν
982 4030 1197 4085 ἑλέσθαι
1245 4030 1279 4100 ἢ
1328 4029 1426 4099 τὴν
1478 4025 1812 4098 δηλουμένην

232 4128 414 4191 πόλιν,
445 4126 534 4180 διά
559 4125 666 4179 τῶν
707 4125 1080 4196 προκειμένων
1103 4121 1560 4188 διδάσκειλέγωνο
1601 4116 1812 4186 Ἐπειδὴ

231 4219 366 4274 τάδε
397 4219 488 4274 καὶ
513 4217 638 4272 τάδε
671 4214 975 4288 προγνώσει
996 4213 1090 4266 τοῦ
1135 4209 1469 4283 προφητικοῦ
1508 4207 1814 4278 πνεύματος

236 4309 553 4380 ἐθεασάμην
583 4305 1006 4380 πραχθησόμενα
1035 4306 1092 4357 ἐν
1118 4306 1184 4375 τῇ
1215 4303 1398 4366 πόλει,
1433 4299 1624 4354 τούτου
1655 4298 1814 4368 χάριν

236 4399 492 4452 ἐντεῦθεν
551 4399 647 4468 ήδη
677 4397 899 4467 φεύγειν
942 4395 1290 4464 διανενόημαι
1337 4393 1436 4464 τὴν
1487 4389 1595 4443 τῶν
1625 4387 1814 4442 κακῶν

1910 3205 2124 3276 fugiens
2153 3205 2220 3259 ab
2246 3205 2313 3260 iis
2344 3205 2436 3274 qui
2463 3205 2578 3274 jam
2611 3204 2757 3258 dicta
2806 3206 3027 3275 aggredi
3061 3206 3368 3268 audebant,
3405 3215 3490 3260 at-

1906 3310 2013 3364 que
2041 3293 2367 3350 solitudines
2393 3293 2632 3363 praefatae
2655 3287 2862 3348 civitaii
2887 3298 3285 3352 antetulissem.
3319 3295 3411 3351 Sic
3434 3298 3491 3354 in

1907 3385 2126 3440 deserto
2171 3385 2509 3439 constitutus
2561 3385 2934 3453 exspectabam
2972 3403 3126 3451 eum,
3168 3389 3256 3457 qui
3283 3388 3492 3442 salvum

1909 3492 1990 3529 me
2019 3476 2150 3545 facit
2187 3493 2219 3530 a
2244 3475 2694 3545 pusillanimitate
2737 3492 2858 3547 quae
2891 3492 2978 3532 me
3019 3478 3344 3544 invadebat,
3373 3488 3422 3532 et
3457 3498 3490 3533 a

1911 3575 2216 3637 tempestate
2259 3583 2381 3637 quae
2429 3582 2516 3621 me
2563 3569 2944 3638 interceperat,
3011 3560 3335 3637 Priecipita,
3381 3568 3485 3624 Do-

1911 3661 2071 3722 mine,
2095 3668 2144 3713 et
2177 3657 2349 3712 divide
2380 3658 2587 3727 linguas
2631 3673 2836 3722 eorum,
2876 3665 2931 3713 et
2971 3668 3187 3714 extera.
3256 3657 3490 3713 Causam

1911 3747 2086 3819 aperit
2131 3762 2232 3802 cur
2275 3747 2390 3802 alas
2440 3746 2690 3802 obtinere
2715 3748 2988 3818 rogaverit
3019 3746 3086 3800 ad
3115 3747 3408 3801 volandum
3437 3756 3494 3802 et

1910 3837 2300 3908 eﬂ‘ugiendum,
2323 3844 2378 3892 et
2401 3853 2500 3892 cur
2525 3837 2840 3893 solitudinis
2869 3836 3262 3891 habitationem
3288 3852 3488 3892 memo-

1911 3935 2043 3980 ratae
2095 3925 2306 3980 civitati
2357 3926 2694 3990 antetulerit,
2746 3925 2832 3979 bis
2881 3932 3041 3978 utens
3095 3924 3494 3991 νει-Μειρυο-

1911 4015 2060 4068 niam
2086 4014 2201 4070 hazc
2239 4022 2292 4069 et
2332 4014 2426 4068 illa
2459 4031 2524 4070 ex
2557 4013 2860 4085 prophetici
2891 4013 3122 4082 Spiritus
3137 4015 3484 4083 praescientia

1914 4107 1968 4159 in
1998 4105 2221 4161 civitate
2241 4105 2478 4175 gerenda
2501 4120 2624 4160 esse
2649 4104 2878 4175 cognovi
2902 4121 2916 4168 ;
2946 4104 3068 4158 ideo
3099 4104 3228 4158 hinc
3257 4103 3495 4173 effugere

1913 4204 1968 4252 et
2000 4196 2266 4251 malorum
2301 4195 2637 4251 multitudini
2658 4211 2742 4250 me
2761 4193 3065 4250 subducere
3096 4194 3350 4264 cogitavi.
3371 4193 3492 4248 Pri-

1915 4303 2060 4342 mam
2085 4288 2228 4343 enim
2262 4288 2594 4358 impietatem
2635 4286 2943 4340 futurorum
2976 4285 3222 4352 ejusdem
3253 4286 3494 4342 civitatis

1916 4377 2255 4440 incolarum,
2302 4393 2369 4432 es
2419 4375 2603 4446 lingua
2653 4391 2843 4430 eorum
2891 4374 3259 4445 profecturam
3313 4375 3491 4431 video.

239 4489 470 4562 πληθύν.
503 4465 724 4560 Πρῶτον
756 4489 864 4558 γὰρ
892 4486 1144 4555 ἀσέϐημα
1167 4482 1274 4536 τῶν
1306 4481 1402 4553 τὴν
1432 4476 1807 4551 προλεχθεῖσαν

1917 4472 2120 4524 Omnes
2149 4467 2350 4538 quippe
2385 4468 2440 4522 in
2465 4468 2606 4521 malo
2627 4466 3056 4528 consentientes,
3077 4465 3314 4536 linguam
3339 4481 3493 4520 suam

239 4580 398 4634 πόλιν
445 4581 782 4649 οίκησάντων
817 4577 927 4648 ὁρῶ
968 4576 1030 4628 τὸ
1063 4578 1126 4628 ἐκ
1175 4573 1276 4643 τῆς
1319 4571 1562 4641 γλώττης
1610 4566 1811 4621 αὐτῶν.

240 4670 450 4733 Πάντες
481 4669 589 4740 γὰρ
621 4668 830 4732 ὢξυναν
855 4665 1060 4719 ἑαυτῶν
1091 4665 1182 4719 ἐπὶ
1225 4660 1380 4731 κακῷ
1421 4659 1815 4730 συμφωνήσαν-

238 4778 335 4826 τες
361 4763 461 4824 τὰς
488 4761 735 4828 γλώττας
757 4758 901 4813 κατά
923 4757 1018 4812 τοῦ
1048 4757 1178 4810 Υἱοῦ
1227 4753 1323 4808 τοῦ
1371 4750 1507 4806 Θεοῦ
1533 4768 1545 4781 °
1579 4748 1681 4812 διδ,
1738 4747 1814 4818 μὴ

241 4852 424 4922 φέρων
450 4851 628 4904 αὐτῶν
649 4850 746 4920 τὴν
773 4849 1050 4921 μοχθηρὰν
1081 4845 1285 4916 ταύτην
1328 4845 1423 4896 καὶ
1453 4840 1627 4910 ἀσεϐῆ
1679 4855 1816 4908 συμ-

242 4941 472 5014 φωνίαν,
493 4941 721 5011 εὔχομαι
764 4939 965 5007 λέγων’
993 4933 1060 4989 Ὦ
1103 4937 1280 5004 Κύριε
1300 4975 1315 5000 ,
1373 4931 1817 4987 καταπόντισον

243 5033 344 5085 καὶ
371 5031 683 5085 καταδίελε
712 5029 817 5095 τὰς
847 5027 1130 5098 γιιώσσας
1157 5024 1373 5082 αὐτῶν.
1408 5024 1502 5085 Ἢ,
1548 5019 1691 5074 κατά
1725 5017 1818 5070 τὸν

244 5121 564 5191 Σύμμαχονο
599 5117 1159 5185 Καταποντισθῆναι
1188 5116 1450 5183 ποίησον
1474 5152 1489 5175 ,
1519 5111 1816 5171 Δέσποτα,

243 5213 344 5266 καὶ
388 5213 756 5281 ἀσύμφωνον
797 5211 1060 5277 ποίησον
1108 5207 1224 5276 τὴν
1266 5205 1556 5277 γλῶσσαν
1597 5199 1816 5254 αὐτῶν.

244 5302 357 5373 Τῆς
379 5301 488 5372 γάρ
521 5301 800 5371 μοχθηρᾶς
833 5299 1149 5370 συμφωνίας
1183 5297 1315 5351 πολὺ
1345 5297 1588 5367 κρεῖττον
1625 5289 1819 5360 γένοιτ’

244 5392 311 5446 ἂν
343 5394 377 5462 ἡ
403 5391 760 5461 ἀσυμφωνία,
791 5390 1126 5460 ἀτονωτέραν
1155 5388 1250 5441 καὶ⁸
1286 5382 1678 5451 ἀσθενεστέραν
1718 5397 1820 5438 καη

245 5485 371 5538 κίαν
401 5482 843 5555 ἀπεργαζομένη.
867 5481 1036 5533 Τοῦτο
1064 5481 1161 5550 μὲν
1185 5475 1280 5532 οὖν
1301 5478 1363 5530 τὸ
1385 5474 1601 5551 πρῶτον
1632 5467 1700 5544 ἧν
1724 5470 1822 5523 αὐο

246 5573 355 5626 τῶν
384 5575 573 5628 κακόν.
611 5574 757 5627 οἵτε
789 5571 899 5644 γὰρ
921 5570 1016 5624 τοῦ
1038 5569 1221 5634 ἔθνους
1250 5565 1588 5640 προεστῶτες
1613 5600 1627 5623 .
1659 5574 1821 5629 νομο-

247 5663 556 5724 διδάσκαλοι
591 5666 685 5718 xui
732 5665 1031 5736 ἀρχιερεῖς,
1069 5663 1162 5715 καὶ
1198 5662 1373 5714 λοιποὶ
1419 5660 1677 5730 ἄρχοντες
1729 5651 1822 5705 τοῦ

249 5755 400 5822 λαοῦ,
428 5756 613 5828 δολίως
634 5755 781 5828 αύτῷ
809 5758 1143 5828 προσιόντες,
1172 5754 1445 5827 πειράζειν
1479 5750 1641 5807 αὐτὸν
1673 5744 1822 5800 ἐτόλ-

1918 4567 2257 4616 exacuerunt
2320 4566 2511 4612 contra
2566 4554 2760 4609 Filium
2827 4553 2918 4609 Dei
2985 4572 2998 4608 :
3057 4569 3229 4623 quare
3272 4553 3494 4622 impiam

1919 4666 2108 4706 eorum
2150 4656 2204 4704 et
2252 4649 2572 4703 sceleratam
2610 4643 2958 4700 concordiam
2992 4661 3100 4698 non
3139 4643 3341 4707 ferens,
3382 4643 3497 4696 haec

1922 4756 2117 4810 precor
2150 4758 2162 4792 :
2197 4738 2240 4793 Ο
2271 4737 2512 4796 Domine.
2562 4735 2836 4805 pra'czpita
2883 4744 2931 4786 et
2957 4733 3130 4786 divide
3163 4733 3373 4802 linguas
3410 4748 3499 4785 eo-

1923 4847 2076 4894 rum;
2122 4832 2256 4892 sive,
2310 4828 2608 4886 secnndnm
2664 4825 3070 4897 Symmachum,
3111 4822 3220 4876 Fac
3245 4823 3497 4892 demergi,

1925 4923 2169 4986 Domine,
2190 4933 2238 4975 et
2259 4920 2552 4975 discordem
2578 4936 2707 4989 pone
2733 4918 2970 4988 linguam
2989 4932 3190 4970 eorum.
3209 4913 3344 4968 Nam
3376 4929 3468 4968 ace
3484 4943 3499 4954 -

1925 5017 2094 5068 lerata
2120 5012 2411 5066 concordia
2443 5010 2613 5063 multo
2635 5007 2980 5079 prmstantior
3007 5005 3284 5059 discordia
3315 5004 3498 5067 fuerit,

1924 5118 2046 5172 quae
2100 5101 2454 5155 inﬁrmiorem
2509 5097 2941 5166 debilioremque
2985 5095 3250 5148 malitiam
3289 5093 3500 5146 reddat.

1928 5195 2042 5250 Hoc
2071 5193 2304 5265 primum
2323 5191 2586 5245 malorum
2609 5190 2784 5244 inerat
2814 5187 2967 5257 ipsis.
2995 5183 3128 5239 Nam
3150 5184 3504 5254 magistratus

1927 5287 2125 5359 gentis,
2147 5285 2280 5355 legis
2301 5283 2554 5338 doctores
2573 5321 2588 5345 ,
2608 5279 2883 5350 principes
2914 5275 3257 5332 sacerdotum
3285 5289 3346 5328 ac
3375 5273 3504 5328 reli-

1927 5379 2018 5448 qui
2040 5374 2216 5448 populi
2234 5373 2508 5444 principes
2531 5371 2596 5426 ad
2614 5387 2736 5426 eum
2755 5385 2878 5425 cum
2894 5367 3018 5422 dolo
3035 5364 3502 5431 adeuntes,ipsum

1930 5478 2138 5523 tentare
2164 5467 2456 5527 audebant,
2486 5462 2830 5517 occasionem
2861 5463 3167 5527 captantes,
3193 5461 3248 5510 et
3279 5453 3505 5508 insidias

1929 5562 1984 5615 in
2009 5576 2131 5616 eum
2163 5571 2458 5615 struentes.
2521 5555 2676 5624 Quod
2713 5553 2855 5607 alius
2884 5563 3102 5620 quoque
3124 5543 3506 5602 subindicabat

1931 5629 2193 5722 psalmus,
2242 5666 2310 5706 ex
2338 5649 2584 5718 ejusdem
2618 5657 2851 5716 persona
2880 5640 3010 5722 talia
3040 5638 3184 5692 fatus
3209 5654 3223 5690 :
3257 5633 3502 5688 Circum~

1932 5719 2185 5798 dederunt
2227 5759 2305 5797 me
2342 5742 2482 5796 tauri
2521 5738 2698 5802 multi,
2738 5735 2889 5790 vituli
2926 5719 3141 5805 pingues
3194 5725 3506 5781 obsederunt
