3982 6432
147 395 233 450 481

1260 387 1756 446 COMMENTAMA
1799 391 1864 446 IN
1904 393 2243 452 PSALMOS.

3271 411 3379 465 48.!

147 510 246 574 νά(-
283 524 387 576 pos
431 506 730 572 ἐδέσματα
755 543 770 567 ,
821 505 890 560 ἐν
941 523 1020 570 τῳ
1067 507 1210 570 οἴκῳ
1241 509 1346 562 τοῦ
1381 509 1528 562 Θεοῦ
1574 509 1710 562 ἐπο-

1816 527 1956 565 meus
1981 524 2032 566 et
2061 525 2214 568 natus
2247 531 2392 568 meus
2420 531 2438 569 :
2462 519 2552 585 qui
2578 520 2738 573 simul
2767 537 2964 575 mecum
3009 523 3188 578 dulces
3215 528 3380 596 capie-

139 601 422 670 ρεύθιυιεν
445 598 520 652 ἐν
548 599 808 667 ὁμονοίᾳ.
849 598 944 660 Et;
972 597 1164 651 ἑαυτοῦ
1196 599 1482 670 πρόσωπον
1509 600 1708 653 ἀναλα-

145 693 246 744 ϐὼν
283 693 312 744 ὀ
339 691 636 760 Προφήτης
665 689 734 742 τὰ
761 689 902 743 κατὰ
925 689 1022 742 τοῦ
1053 691 1301 761 Σωτῆρος
1329 691 1486 762 ἡμῶν
1509 691 1710 763 τολμη-

145 785 402 855 θησύμενα
427 822 442 847 ,
501 783 728 846 εἰκότως
755 783 958 851 ἔφασκε
1009 783 1338 854 τεταράχθαι
1390 786 1483 838 καὶ
1509 785 1708 848 δειλίας

145 878 352 934 θανάτου
386 875 804 946 πεπληρῶσθαι.
858 876 1108 929 Μάλιστα
1144 877 1242 945 μὲν
1273 875 1382 946 γὰρ
1415 877 1509 929 καὶ
1537 879 1704 943 πᾶσα,

145 967 308 1040 φησιν,
336 969 370 1037 ἡ
397 967 558 1029 πόλις
579 967 906 1038 πεπλήρωτο
928 967 1156 1036 ἀνομίας
1179 967 1274 1019 καὶ
1295 968 1620 1036 ἀντιλογίας,
1645 969 1706 1020 οὐ

143 1061 200 1112 δι’
227 1060 430 1130 ἡμέρας
462 1058 648 1128 μόνον,
700 1057 834 1110 ἀλλά
864 1058 956 1110 καὶ
989 1057 1077 1110 διὰ
1108 1059 1302 1121 νυκτός
1327 1075 1339 1088 ·
1386 1057 1454 1111 τὰ
1481 1059 1524 1111 δ’
1552 1059 1708 1122 ἐκτὸς

143 1153 228 1222 τῆς
252 1149 456 1211 πόλεως
483 1149 634 1219 ἀμφὶ
665 1148 733 1202 τά
765 1148 916 1219 τείχη
947 1148 1115 1218 αὐτῆς
1147 1150 1376 1219 ἀνομίας
1407 1148 1616 1220 ἔμπλεα
1641 1145 1706 1221 ἦν

145 1241 224 1294 καὶ
247 1239 436 1307 ὀδύνης
461 1240 560 1291 καὶ
585 1239 956 1308 ταλαιπωρίας
971 1253 988 1270 ο
1054 1240 1114 1291 ού
1153 1239 1258 1310 μὴν
1279 1239 1415 1292 ἀλλά
1447 1241 1542 1294 καὶ
1569 1241 1706 1294 πάν-

143 1349 234 1382 των
255 1328 430 1382 αὐτῶν
457 1330 518 1381 αἱ
544 1329 716 1400 ψυχαὶ
742 1329 944 1399 ζημίας
976 1329 1270 1399 ἐτύγχανον
1301 1332 1393 1384 καὶ
1414 1331 1708 1394 ἐπιθέσεως

149 1420 338 1492 μεσταί.
392 1419 468 1472 Τδ
491 1420 554 1473 δὲ
579 1422 796 1474 πάντων
822 1421 1094 1490 χείριστον
1115 1461 1130 1485 ,
1184 1422 1266 1474 ὅτι
1299 1421 1394 1475 καλ⁸
1423 1422 1530 1474 τῶν
1559 1423 1707 1492 ἐμῶν

145 1511 389 1581 ίσοψύχων
407 1506 521 1574 εἷς,
557 1510 668 1564 τῶν
691 1527 750 1564 τε
780 1511 982 1581 σφόδρα
1011 1512 1301 1583 γνωρίμων
1333 1514 1428 1566 καὶ
1451 1515 1707 1581 γνωστῶν

147 1605 250 1673 ἐμοὶ
271 1643 286 1666 ,
325 1602 556 1655 τοιαῦτα
584 1604 706 1655 κατ’
735 1603 868 1673 ὲμου
901 1604 1298 1673 πεπαρῴνηκεν
1320 1643 1335 1666 ,
1363 1605 1440 1667 ὡς
1461 1605 1707 1677 ἀφόρητα

146 1689 262 1743 εἶναι
289 1729 303 1752 ,
337 1691 432 1744 καὶ
477 1692 588 1743 οὐκ
615 1690 787 1744 οἱστά.
862 1691 946 1742 Τά
978 1692 1074 1760 μὲν
1107 1691 1216 1762 γὰρ
1261 1693 1351 1745 ὑπ’
1377 1693 1585 1764 ἐχθρῶν
1615 1697 1708 1748 καὶ

147 1781 526 1853 ὁμολογούντων
557 1780 928 1834 ἐναντιοῦσθαι
952 1782 1048 1835 καὶ
1079 1786 1256 1852 μισεῖν
1284 1786 1348 1836 ὲκ
1376 1785 1468 1837 τοῦ
1504 1802 1708 1856 προφα-

147 1873 270 1936 νοῦς,
285 1872 436 1926 oio-si
459 1873 527 1925 ἂν
543 1873 788 1941 γένοιντο
803 1887 932 1924 ποτε
949 1888 962 1900 ·
987 1873 1109 1925 ἐπεὶ
1127 1874 1220 1926 καὶ
1239 1873 1706 1944 προφυλάττεσθαι

147 1963 254 2026 sub;
277 1963 502 2034 ἐχθροὺς
531 1962 878 2033 κρύπτεσθαί
909 1979 968 2015 τε
1001 1963 1094 2014 ἀπ’
1127 1963 1306 2016 αὐτῶν
1337 1963 1582 2028 δυνατὸν,
1613 1965 1708 2017 καὶ

152 2054 293 2124 μηδὲν
321 2053 468 2119 ξένον
495 2052 757 2123 ἡγεῖσθαι
779 2053 905 2115 τοὺς
931 2052 1042 2105 τῶν
1081 2052 1294 2124 ἐχθρῶν
1333 2053 1668 2124 ὁνειδισμούς
1687 2071 1702 2086 ο

149 2145 256 2198 ὃταν
279 2145 334 2198 δὲ
369 2144 522 2212 φίλος
561 2144 814 2213 ἰσόψυχος
837 2182 850 2207 ,
887 2144 1014 2196 ὅταν
1044 2146 1072 2197 ὁ
1107 2145 1206 2214 τῆς
1234 2147 1363 2216 παρ’
1391 2146 1514 2215 ἐμοὶ
1543 2146 1706 2216 τιμῆς

149 2251 198 2286 τι
227 2236 310 2288 καὶ
329 2233 566 2304 ἐκλογῆς
591 2231 997 2302 κατηξιωμένος
1015 2273 1029 2296 ,
1057 2233 1184 2286 ὅταν
1206 2233 1580 2305 ὁμοτράπεζος
1605 2251 1707 2302 μα·

151 2321 324 2393 θητὴς,
347 2325 476 2376 ὅταν
505 2325 536 2375 ὁ
567 2322 924 2376 συνεισελθὼν
954 2324 1078 2392 ἐμοὶ
1109 2323 1370 2385 πολλάκις
1398 2325 1476 2385 είς
1497 2323 1588 2375 τὸν
1613 2323 1706 2375 τοῦ

151 2413 266 2466 Θεοῦ
289 2409 452 2476 οἷκον,
486 2412 1046 2484 συμπροσευξάμενός
1071 2430 1133 2465 τε
1159 2413 1254 2466 καὶ
1281 2413 1546 2484 μυστικῆς
1575 2415 1708 2466 ἀπο-

153 2503 328 2564 λαύσας
351 2505 598 2574 τροφῆς,
635 2503 808 2571 λόγων
837 2519 896 2555 τε
929 2505 1254 2574 ἀπορρήτων
1299 2503 1409 2556 τῶν
1449 2505 1578 2573 περὶ
1609 2503 1708 2572 τῆς

157 2595 398 2664 βασιλείας
417 2595 526 2649 τῶν
559 2595 802 2666 οὐρανῶν
836 2595 1150 2664 μετασχὼν,
1181 2593 1406 2649 τοιαῦτα
1427 2596 1545 2648 κατ’
1573 2595 1706 2665 ἐμοῦ

153 2684 304 2755 ὅριῖιν,
331 2685 504 2738 οὐκέτ’
529 2685 602 2738 ἂν
631 2686 839 2753 γένοιτο
867 2685 1087 2739 ἀνεκτά.
1119 2685 1306 2740 Ταῦτα
1325 2687 1380 2739 δὲ
1403 2685 1708 2749 ἀκολούθως

159 2775 276 2844 μεεά
299 2776 362 2828 τά
395 2776 768 2847 προλεχθὲντα
803 2778 931 2847 περὶ
959 2775 1065 2829 τῶν
1099 2776 1156 2828 ἐν
1178 2779 1244 2848 τῇ
1277 2776 1426 2828 πόλει
1450 2777 1710 2846 τετολμη-

157 2865 329 2932 μένων,
361 2867 502 2929 ἰδίως
549 2868 680 2938 περὶ
719 2867 812 2920 τοῦ
861 2867 1120 2937 προδότου
1162 2867 1329 2920 Ἰούδα
1372 2866 1706 2929 ἐθεσπίζετο.

161 2957 218 3008 Ἀ
229 2955 284 3026 δὴ
304 2957 388 3010 καὶ
411 2956 562 3012 αὐτὰ
577 2955 763 3011 τοῦτον
787 2959 814 3010 ὁ
831 2957 1120 3028 Σύμμαχος
1142 2959 1452 3029 ἡρμήνευσε
1473 2957 1562 3010 τὸν
1584 2957 1679 3026 τρό
1693 2987 1708 2996 ο

157 3063 267 3100 πον·
303 3051 378 3102 Οὐ
429 3049 552 3118 γὰρ
584 3049 800 3118 ἐχθρὸς
825 3047 1272 3116 προεπηλάκισέ
1298 3066 1408 3118 με,
1461 3049 1560 3102 ἵνα
1597 3049 1710 3112 ,ϐα-

158 3137 357 3203 στάξω’
414 3139 565 3194 οὐδὲ
594 3140 691 3193 διὰ
735 3140 958 3209 μίσους
983 3157 1086 3208 μοι
1117 3139 1209 3192 ἐπ’
1238 3139 1342 3208 ἐμὲ
1382 3139 1711 3210 apex-divus
1739 3170 1780 3226 ο

161 3230 510 3298 magnoper,
547 3231 652 3284 ἵνα
687 3232 980 3298 κρύϐωμαι
1009 3230 1215 3286 αὐτόν.
1263 3231 1440 3284 Ἀλλὰ
1469 3231 1572 3294 σὺ,
1605 3229 1711 3284 ἄν·

161 3322 348 3388 θρωπε,
371 3323 762 3392 ὁμοιότροπος
793 3337 902 3390 μοι
923 3359 938 3386 ,
988 3320 1262 3390 συνήθης
1289 3321 1389 3376 καὶ
1423 3320 1712 3392 γνώριμός

159 3430 272 3480 μοι,
301 3415 507 3482 οἵτινες
546 3415 1086 3484 ἐκοινολογούμεθα
1116 3412 1404 3483 γλυκεῖαν
1435 3413 1708 3482 similar

162 3503 220 3554 ἐν
245 3502 316 3568 τῷ
339 3505 476 3570 οικφ
511 3504 626 3558 τοῦ
657 3504 804 3558 Θεοῦ
837 3505 1329 3573 ἀναστρεφόμεθα
1361 3501 1712 3558 συνδιαιτώ-

161 3609 318 3659 μενοι.

235 3686 462 3740 Ἐ.ισέτω
491 3688 754 3754 θάνατος
781 3689 870 3740 ἐπ’
893 3685 1134 3752 αὐτοὺς,
1164 3687 1262 3739 καὶ
1285 3685 1715 3752 καταϐήτωσαν

167 3779 238 3840 εἰς
263 3778 396 3843 ᾅδου
434 3779 649 3846 ζῶντες
677 3797 690 3808 ’
727 3779 814 3832 ὅτι
842 3780 1097 3846 πονηρία
1118 3779 1188 3832 ἐν
1226 3777 1355 3843 ταῖς
1379 3777 1714 3844 suspendat;-

168 3867 352 3932 αὐτῶν,
371 3871 439 3923 ἐν
455 3871 630 3940 μέσῳ
649 3870 866 3924 αὐτῶν.
903 3870 1042 3940 Ἤδη
1069 3869 1324 3933 πολλάκις
1351 3871 1482 3939 ἡμῖν
1508 3869 1601 3920 καὶ
1628 3867 1716 3920 διά

168 3958 258 4012 τῶν
305 3961 618 4032 ἔμπροσθεν
659 3961 1074 4024 ἀποδέδεικται,
1125 3963 1206 4014 ὅτι
1251 3961 1320 4014 τὰ
1371 3959 1714 4032 προρῤητικά

169 4054 516 4124 προστακτικῷ
539 4055 729 4125 τρόπῳ
749 4054 869 4118 ἔθος
887 4058 952 4126 τῇ
975 4054 1096 4124 θείᾳ
1111 4054 1298 4124 Γραφῇ
1313 4052 1680 4124 προφέρεσθαι
1698 4068 1712 4083 ·

171 4140 248 4192 καὶ
275 4143 494 4197 ἐνταῦθα
527 4145 710 4198 τοίνυν
743 4146 862 4198 ἀντὶ
903 4145 994 4198 τοῦ
1014 4184 1029 4208 ,
1087 4145 1426 4198 Ἐλεύσεται
1461 4143 1714 4209 θάνατος

171 4231 246 4284 ἐπ’
279 4237 486 4303 αὐτοὺς
510 4278 524 4300 ,
577 4237 674 4290 καὶ
715 4237 1156 4304 καταϐήσονται
1191 4239 1276 4302 εις
1308 4235 1454 4302 ᾅδου
1482 4233 1714 4298 ζῶντες,

172 4327 556 4390 προστακτικῶς
604 4327 816 4397 εἴρηται
867 4326 932 4380 τὰ
964 4326 1317 4397 προκείμενα.
1347 4324 1629 4389 "Decutiat.
1660 4325 1718 4376 δὲ

179 4411 221 4462 τὸ
255 4413 460 4486 Πνεῦμα
493 4420 556 4472 τὸ
589 4418 746 4485 ἅγιον
784 4418 854 4472 τὰ
885 4417 1272 4488 συμϐησόμενα
1317 4420 1428 4480 τοῖς
1479 4415 1546 4468 τὰ
1577 4432 1714 4487 προ-

1809 605 1904 654 bas
1933 602 2099 667 cibos,
2133 605 2190 656 in
2217 605 2373 657 domo
2407 605 2506 660 Dei
2536 608 2918 665 ambulavimus
2947 629 3066 666 cum
3098 629 3377 672 consensu.

1809 693 1888 747 Ad
1937 694 2020 748 sui
2075 711 2364 764 personam
2405 699 2649 755 referens
2688 699 2958 773 Propheta
3008 705 3379 765 admittendos

1809 791 2000 836 contra
2035 783 2370 842 Salvatorem
2407 797 2652 844 nostrum
2685 807 2871 854 ausus,
2905 795 3032 863 jure
3062 797 3138 850 ait
3179 813 3238 852 se
3265 809 3378 853 tur-

1809 871 1996 925 batum
2038 881 2093 928 et
2131 875 2423 932 formidine
2462 881 2656 934 mortis
2687 883 2953 950 repletum
2981 897 3123 939 esse.
3159 885 3222 939 Et
3249 901 3376 942 vero

1815 969 1950 1024 tota,
2002 961 2202 1033 inquit,
2255 967 2450 1022 civitas
2493 969 2780 1038 iniquitate
2835 980 2888 1026 ct
2940 977 3378 1034 contradictione

1809 1054 1967 1122 plena
2001 1065 2139 1120 erat,
2189 1071 2296 1110 non
2327 1057 2415 1111 die
2455 1061 2654 1124 solum,
2697 1064 2788 1117 sed
2822 1065 2986 1118 etiam
3035 1078 3212 1122 nocte.
3247 1067 3378 1134 Qum

1809 1154 1988 1199 autem
2019 1153 2172 1199 extra
2201 1146 2498 1214 civitatem,
2528 1152 2674 1204 circa
2697 1168 2882 1208 muros
2905 1154 3042 1223 ejus,
3067 1155 3374 1228 iniquitate,

1808 1233 1994 1288 dolore
2025 1245 2078 1289 ct
2117 1237 2338 1291 miseria
2384 1242 2585 1308 repleta
2619 1254 2808 1310 erant;
2847 1246 2958 1298 imo
2987 1247 3149 1301 etiam
3182 1263 3374 1304 eorum

1809 1327 2050 1378 omnium
2084 1327 2280 1384 animae
2306 1330 2505 1386 damno
2537 1341 2590 1388 et
2616 1334 2824 1389 insultu
2865 1337 3096 1393 refertae.
3130 1339 3197 1393 At
3227 1339 3376 1410 quod

1807 1417 2050 1466 omnium
2079 1417 2376 1483 pessimum
2416 1431 2553 1484 erat,
2585 1439 2730 1477 unus
2753 1441 2816 1480 ex
2861 1427 2927 1481 iis
2960 1429 3050 1497 qui
3089 1432 3377 1486 unanimes

1807 1512 1860 1557 et
1902 1504 2194 1560 admodum
2243 1509 2360 1562 noti
2407 1512 2540 1565 mibi
2584 1523 2760 1580 erant,
2797 1519 3000 1573 talibus
3051 1529 3241 1575 contra
3289 1537 3376 1579 me

1809 1593 2176 1652 debacchatus
2201 1607 2303 1662 est,
2333 1617 2452 1670 qua:
2477 1603 2838 1659 intolerabilia
2867 1617 2920 1662 et
2951 1609 3265 1667 nullatenus
3296 1613 3378 1668 fe-

1809 1685 1976 1741 renda
2016 1689 2146 1742 sint.
2180 1689 2391 1746 Etenim
2417 1694 2486 1748 ab
2524 1695 2762 1751 inimicis
2791 1707 2844 1752 et
2875 1699 2942 1752 iis
2975 1701 3067 1768 qni
3113 1717 3172 1756 se
3197 1705 3374 1771 palam

1811 1775 2153 1834 adversarios
2201 1788 2254 1835 et
2303 1782 2548 1839 infensos
2593 1801 2715 1842 esse
2759 1787 3102 1856 profitentur,
3153 1791 3378 1847 ferenda

1811 1862 2040 1920 forsitan
2069 1879 2274 1935 essent,
2309 1873 2438 1940 quia
2475 1873 2728 1929 inimicos
2770 1891 2968 1932 cavere
3013 1880 3082 1933 ab
3110 1879 3290 1949 iisque
3317 1861 3396 1936 se.

1807 1957 2086 2010 oceultare
2123 1959 2178 2012 in
2209 1971 2462 2030 promptu
2493 1973 2596 2030 est,
2634 1975 2796 2036 atque
2832 1970 3124 2037 opprobria
3167 1971 3377 2025 inimici

1809 2062 1918 2102 non
1947 2065 2045 2116 pro
2073 2067 2132 2106 re
2160 2054 2336 2106 aliena
2377 2064 2430 2109 et
2459 2056 2716 2111 inusitata
2753 2059 3037 2115 habentur.
3071 2061 3138 2114 At
3169 2075 3294 2116 cum
3329 2065 3378 2120 is

1809 2143 1902 2209 qui
1929 2142 2138 2198 amicus
2171 2147 2468 2211 unanimis,
2515 2163 2638 2202 cum
2670 2151 2716 2205 is
2750 2152 2843 2220 qui
2877 2167 2905 2204 a
2951 2167 3037 2208 me
3085 2154 3292 2209 honore
3321 2161 3376 2209 et

1808 2233 2071 2288 electione
2103 2233 2358 2304 dignatus
2399 2245 2503 2300 est,
2533 2225 2655 2292 cum
2705 2251 2906 2296 mean
2935 2257 3164 2300 consors
3200 2227 3376 2300 disci-

1809 2322 1992 2389 pulus,
2035 2324 2127 2392 qui
2152 2325 2206 2378 in
2244 2327 2464 2380 domum
2507 2327 2600 2381 Dei
2651 2345 2791 2398 sa-pe
2841 2347 3052 2386 mecum
3095 2335 3376 2401 ingressus

1807 2422 1912 2477 est,
1957 2421 2120 2482 atque
2165 2430 2272 2468 una
2323 2428 2598 2485 p:ecatus,
2645 2423 2876 2490 mystico
2925 2423 3047 2478 cibo
3095 2442 3250 2490 usus,
3282 2427 3374 2498 qui

1809 2503 2010 2560 a‘rcaua
2049 2505 2118 2560 de
2161 2521 2328 2577 regno
2374 2509 2636 2562 caelorum
2686 2512 2854 2566 verba
2900 2526 3206 2582 acceperat,
3249 2518 3378 2570 talia

1809 2603 2000 2649 contra
2033 2611 2118 2651 me
2140 2599 2310 2668 egerit
2333 2616 2347 2664 ;
2374 2615 2436 2652 ea
2469 2615 2598 2654 sane
2636 2617 2744 2656 non
2775 2603 3019 2658 ferenda.
3057 2605 3182 2660 Haec
3213 2623 3382 2678 porro

1809 2695 2209 2755 consequenter
2234 2696 2356 2758 post
2401 2705 2465 2742 ea
2498 2706 2618 2759 qua:
2662 2693 2728 2747 de
2772 2693 3112 2751 facinoribus
3155 2697 3210 2750 in
3243 2697 3382 2752 civi-

1811 2785 1922 2834 tate
1941 2777 2200 2856 admissis
2222 2779 2484 2847 praedicta
2513 2790 2662 2844 sunt,
2695 2784 2761 2838 de
2783 2786 3060 2852 proditore
3087 2785 3226 2841 Iuda
3253 2803 3374 2858 spe-

1810 2867 1991 2922 ciatim
2041 2869 2460 2924 vaticinabatur.
2512 2871 2642 2936 Quae
2675 2871 3034 2942 Symmachus
3067 2875 3170 2930 hoc
3215 2885 3382 2944 pacto

1813 2959 2204 3028 interpretatus
2225 2969 2354 3018 Bst:
2403 2961 2524 3013 Non
2555 2963 2796 3016 inimicus
2831 2965 3140 3034 vituperavit
3177 2983 3278 3030 me,
3323 2977 3376 3020 ut

1812 3051 2010 3119 feram;
2049 3068 2209 3122 neque
2243 3067 2334 3118 per
2366 3051 2546 3104 odium
2585 3055 2686 3106 mei
2733 3056 3086 3123 magniﬁcavit
3127 3072 3282 3124 super
3300 3075 3384 3112 me

1812 3143 2314 3212 supplantationem,
2355 3152 2410 3196 ut
2434 3143 2729 3198 abscondar
2770 3145 2834 3198 ab
2875 3162 2955 3200 eo.
3001 3145 3102 3200 Sed
3136 3157 3190 3200 tu
3217 3135 3382 3202 'ho'mo

1815 3236 1970 3288 unius
2007 3235 2191 3296 moris,
2221 3235 2512 3301 fanti/iuris
2540 3243 2588 3288 et
2618 3245 2772 3288 notus
2805 3236 2954 3296 mihi,
2983 3237 3073 3307 qui
3093 3237 3244 3292 dulce
3272 3239 3384 3292 col-

1815 3324 2045 3393 loquium
2078 3325 2422 3378 miscebamus
2457 3341 2475 3376 :
2509 3327 2564 3380 in
2605 3327 2760 3381 domo
2795 3327 2891 3380 Dei
2921 3343 3192 3382 versamur
3223 3328 3388 3386 simul

1811 3419 2054 3472 viventes.

1889 3684 2054 3740 Vens.
2087 3683 2174 3740 16.
2223 3683 2408 3737 Veniat
2438 3699 2578 3736 mors
2623 3699 2776 3751 super
2802 3683 2944 3744 illos.
2985 3693 3032 3738 et
3069 3683 3386 3738 descendant

1817 3777 1872 3830 in
1901 3776 2168 3844 infernum
2207 3777 2425 3829 vit-entes
2449 3791 2467 3826 :
2519 3777 2766 3844 quoniam
2807 3777 3036 3844 nequitia
3080 3777 3134 3828 in
3177 3776 3388 3830 habita-

1816 3865 2045 3918 tionibus
2093 3881 2296 3924 eorum,
2327 3865 2380 3916 in
2434 3864 2604 3917 medio
2641 3880 2844 3919 eorum.
2888 3862 3008 3914 Jam
3060 3865 3316 3933 superius
3357 3881 3388 3918 a

1817 3957 1977 4011 nobis
2010 3957 2329 4024 plerumque
2373 3955 2806 4008 demonstratum
2854 3963 2958 4017 est,
2995 3953 3176 4007 futura
3213 3957 3386 4024 impe-

1816 4047 1992 4100 rativo
2039 4045 2198 4098 modo
2241 4045 2480 4099 divinam
2519 4043 2860 4114 Scripturam
2891 4043 3138 4112 proferre
3171 4047 3390 4112 solere;

1818 4136 1907 4190 hic
1937 4136 2103 4206 igitur
2125 4136 2244 4188 loco
2279 4135 2446 4196 illius,
2486 4133 2662 4186 Veniet
2696 4149 2836 4186 mors
2864 4147 3018 4200 super
3043 4133 3186 4196 illos,
3220 4143 3268 4187 et
3299 4133 3390 4188 de-

1818 4227 2061 4282 scendent
2113 4226 2167 4278 in
2213 4225 2476 4294 infernum
2523 4225 2765 4286 viventes,
2821 4223 3007 4278 eadem
3068 4224 3390 4292 imperativo

1819 4318 1980 4374 tnodo
2019 4309 2161 4371 dicta
2185 4329 2328 4372 sunt.
2359 4315 2699 4370 Vaticinatur
2723 4329 2884 4384 porro
2908 4313 3145 4384 Spiritus
3167 4323 3394 4369 sanctus

1820 4427 1941 4482 qua:
1973 4417 2235 4465 eventura
2263 4409 2372 4462 sint
2395 4408 2484 4470 iis,
2521 4409 2613 4476 qui
2648 4421 2812 4476 supra
2841 4414 3138 4462 memorata
3169 4407 3390 4476 aggredi

175 4501 394 4574 λεχθέντα
425 4509 834 4581 τετολμηκὸσιν.
906 4510 962 4562 ’0
1001 4508 1130 4571 γοῦν
1176 4509 1402 4571 Ἀκύλας
1434 4506 1712 4578 ὀρθότερον

1827 4497 1946 4552 ausi
1982 4504 2132 4551 sunt.
2185 4495 2380 4563 Aquila
2433 4504 2580 4548 certe
2627 4493 2833 4547 rectius
2877 4493 3265 4560 interpretatus
3307 4501 3392 4546 cst.

175 4595 478 4666 ἡρμήνευσεν
524 4599 724 4654 είπὼν·
791 4598 1023 4664 Ἐπάξει
1055 4600 1318 4654 θάνατον
1348 4599 1439 4652 ἐπ’
1473 4600 1714 4664 αὐτούς.

177 4682 254 4748 Τίς
281 4687 330 4740 δὲ
353 4689 582 4745 θάνατον
609 4691 796 4757 ἐπάξει
846 4691 930 4743 ἐπ’
961 4692 1156 4754 αὐτοὺς
1184 4691 1218 4762 ἢ
1246 4693 1312 4744 τὰ
1342 4690 1478 4762 ἔργα
1505 4689 1715 4754 αὐτῶν;

177 4775 300 4830 Δύτά
321 4780 418 4851 γάρ
446 4783 630 4846 αὐτοῖς
651 4783 799 4835 αττια
823 4783 1109 4852 γεγένηται
1143 4781 1394 4841 θανάτου.
1419 4782 1454 4852 ἢ
1475 4785 1504 4834 ὁ
1526 4781 1716 4853 κρίνας

179 4867 342 4934 αὐτοὺς
357 4872 584 4928 θανάτου
605 4876 786 4941 ἀξίους
805 4875 891 4928 διὰ
913 4876 1010 4939 τὰς
1030 4875 1244 4938 ἀσεϐεῖ-ς
1267 4874 1494 4944 πράξεις
1515 4872 1714 4925 αὐτῶν.

180 4953 384 5026 Θάνατος
417 4964 474 5018 δὲ
505 4968 632 5029 τοὺς
670 4966 882 5030 ἀσεϐεῖς
918 4967 1311 5038 μετερχόμενος
1351 4968 1450 5035 οὐχ
1481 4969 1508 5018 ὁ
1541 4965 1718 5027 κοινὸς

183 5043 237 5097 ἂν
257 5047 448 5118 λέγοιτο
463 5073 474 5085 ·
501 5051 654 5120 οὗτος
679 5057 786 5128 γὰρ
815 5059 908 5110 καὶ
933 5059 1058 5121 τοὺς
1081 5057 1322 5121 δικαίους
1351 5057 1597 5119 ἅπαντας
1627 5073 1720 5126 με-

183 5131 374 5200 τῆλθεν·
414 5143 462 5195 οἶ
508 5145 604 5197 καὶ
647 5145 784 5214 μετὰ
814 5145 903 5200 τὸν
951 5147 1125 5200 κοινὸν
1153 5147 1378 5200 θάνατον
1408 5143 1541 5209 ζῶσι
1570 5145 1719 5214 παρά

185 5221 250 5290 τῷ
262 5224 392 5298 Θεῷ·
419 5231 606 5306 ὥσπερ
626 5230 718 5288 οὖν
740 5235 974 5303 ἐδίδαξεν
992 5239 1020 5291 ὁ
1045 5237 1234 5308 Σωτὴρ
1261 5236 1454 5291 εἰπών’
1491 5237 1552 5289 '0
1576 5235 1720 5300 Θεὸς

197 5313 444 5391 Ἀϐραὰμ,
473 5326 570 5380 καὶ
603 5331 636 5382 ό
661 5329 804 5396 Θεὸς
845 5330 1049 5384 Ἰσαὰκ
1069 5371 1082 5394 ,
1113 5331 1210 5384 καὶ
1245 5333 1278 5383 ό
1306 5329 1451 5394 Θεὸς
1495 5327 1718 5392 Ἰακὼϐ,

190 5407 281 5459 οὐκ
313 5411 432 5468 ἔστι
477 5421 620 5485 Θεὸς
645 5420 872 5488 νεκρῶν
896 5463 910 5482 ,
946 5421 1106 5474 ἀλλὰ
1139 5420 1365 5480 ζώντων
1384 5439 1396 5450 ·
1456 5419 1640 5490 ψυχῶν
1666 5419 1722 5472 δὲ

193 5492 385 5568 θάνατος
415 5511 502 5561 καὶ
538 5511 690 5582 παρὰ
713 5511 792 5582 τῷ
831 5512 1079 5584 Ἑζεκιὴλ
1106 5513 1399 5583 δεδήλωται
1427 5513 1688 5581 φάσκοντι
1706 5528 1720 5540 ’

197 5587 344 5660 Ψυκῆ
397 5599 816 5669 ἁμαρτάνουσα
841 5643 856 5668 ,
909 5603 1060 5670 αὕτη
1113 5603 1514 5658 ἀποθανεῖται.
1575 5603 1726 5656 Ἐπεὶ

257 5770 292 5800 ’⁵
329 5773 500 5832 Matth.
533 5791 693 5846 utt’,
717 5780 814 5835 52.
891 5785 935 5816 ’³
980 5781 1176 5836 Ezcclt.
1213 5797 1378 5846 xvttt,
1416 5782 1470 5834 4.

1828 4592 1912 4645 bis
1940 4588 2122 4643 verbis
2152 4607 2166 4642 :
2195 4585 2414 4640 Iuducet
2447 4597 2666 4638 mortem
2699 4599 2854 4651 super
2874 4600 2980 4636 eos.
3011 4581 3144 4648 Quis
3172 4582 3394 4636 inducet

1825 4690 2056 4736 mortem
2086 4695 2250 4750 super
2275 4693 2394 4740 eos,
2427 4677 2530 4732 nisi
2573 4691 2736 4746 opera
2769 4675 3050 4744 ipsorum?
3079 4672 3203 4727 Hanc
3245 4674 3394 4727 enim

1824 4774 1958 4845 ipsis
2001 4773 2192 4827 mortis
2242 4785 2406 4825 causa
2459 4777 2622 4824 erunt
2675 4767 2875 4837 potius,
2909 4781 3071 4835 quam
3123 4764 3168 4820 is
3199 4765 3291 4834 qui
3324 4764 3396 4818 ob

1827 4867 1990 4935 impia
2041 4871 2192 4936 gesta
2241 4872 2415 4917 morte
2447 4861 2640 4930 dignos
2679 4858 2963 4928 judicavit.
3018 4856 3163 4911 Mors
3213 4865 3396 4910 autem

1827 4958 2024 5028 impios
2058 4955 2342 5017 invadens,
2375 4967 2483 5006 non
2523 4948 2830 5004 communis
2876 4946 3232 5012 aestimanda;
3269 4961 3393 4999 nam

1825 5064 1888 5103 ea
1912 5048 2091 5117 justos
2122 5059 2338 5116 quoque
2363 5055 2553 5095 omnes
2583 5040 2736 5104 adiit,
2766 5038 2861 5107 qui
2887 5037 3050 5091 etiam
3094 5043 3218 5107 post
3248 5050 3402 5088 com-

1827 5155 2046 5194 munem
2091 5144 2321 5191 mortcm
2375 5134 2566 5187 vivunt
2603 5131 2744 5202 apud
2787 5129 2988 5194 Deum;
3039 5126 3401 5196 quemadmo-

1825 5234 1954 5287 dum
1993 5231 2178 5284 docuit
2205 5227 2454 5282 Salvator
2484 5225 2672 5279 diccns
2701 5241 2714 5278 :
2741 5223 2878 5276 Deus
2917 5219 3212 5282 Abraham,
3259 5216 3400 5270 Deus

1831 5325 2010 5387 Isaac,
2047 5333 2095 5377 et
2125 5323 2264 5376 Deus
2296 5318 2484 5383 Iacob,
2528 5334 2630 5371 non
2659 5325 2736 5370 est
2763 5314 2904 5368 Deus
2935 5322 3286 5372 mortuorum,
3311 5305 3398 5360 sed

1830 5416 2127 5471 vivorum"
2171 5423 2268 5469 :ct
2315 5411 2458 5483 apud
2509 5408 2844 5464 Ezcclticlcnn
2892 5421 3041 5460 mors
3096 5404 3400 5456 animarum

1832 5509 2138 5566 declaratur
2169 5507 2253 5561 his
2284 5504 2466 5561 verbis
2503 5521 2515 5556 :
2543 5503 2734 5556 Anima
2783 5517 2899 5570 quw
2943 5494 3252 5566 peccaverit,
3287 5492 3401 5559 ipsa

1833 5601 2087 5654 morietur
2108 5600 2174 5652 ”.
2203 5596 2472 5666 Quoniam
2505 5595 2668 5668 igitur
2705 5595 2762 5656 ii,
2802 5591 2869 5664 de
2910 5589 3108 5662 quibus
3149 5597 3336 5654 supra,
3371 5595 3404 5636 a
