4100 6442
617 399 723 453 48⁸3

1297 393 1566 454 EUSEBIl
1601 391 2075 454 casaatsusts
2111 371 2486 454 manans
2521 395 2610 454 Ill.
2650 427 2718 440 ..-
2753 393 3168 452 exsomnes.

3803 391 3897 448 L81

617 513 729 564 vita
784 507 996 580 seipsos
1035 516 1414 586 segregarunt,
1451 508 1812 579 Salvatorque
1859 518 2046 565 noster
2075 508 2175 564 vita

2287 511 2467 563 τοίνυν
2499 509 2722 571 ἑαυτοὺς
2753 507 2851 578 τῆς
2883 505 3030 577 ζωῆς
3051 506 3100 559 οἱ
3131 502 3448 576 δηλούμενοι
3483 499 3897 572 κεχωρίκασινς

615 608 774 668 erat;
805 616 931 655 nam
959 601 1100 671 quod
1133 602 1332 670 factum
1363 611 1440 656 est
1474 603 1530 655 in
1556 601 1670 670 ipso
1703 601 1811 655 vita
1839 612 1976 664 erat,
1997 611 2047 656 et
2077 603 2184 656 vita

614 701 732 745 erat
763 691 856 744 lux
875 691 1146 744 hominum
1170 693 1185 722 ¹
1213 709 1228 757 ;
1258 691 1381 760 jure
1418 705 1542 745 cum
1571 706 1692 746 sese
1721 692 1789 746 ab
1813 692 1933 761 ipso
1967 707 2187 761 separa-

616 781 815 846 verint,
857 781 1018 834 morti
1068 781 1263 836 animae
1317 780 1504 834 traditi
1545 787 1850 835 sunt:.non
1879 780 2024 850 quod
2067 780 2186 850 ipsa

616 879 1001 942 corrumpatur
1029 879 1124 925 aut
1155 872 1422 932 deleatur,
1459 871 1512 925 in
1545 872 1777 926 nihilum
1813 871 2061 939 redacta;
2091 872 2185 927 sed

615 961 762 1032 quod
800 963 988 1017 vivens
1033 961 1125 1015 illa
1167 971 1222 1017 et
1263 961 1559 1016 immortali
1610 968 1804 1016 natura
1839 961 2087 1032 praedita,
2131 962 2184 1016 in

616 1051 874 1122 praedicta
901 1060 1077 1106 morte
1103 1059 1374 1106 versetur.
1404 1050 1585 1117 Quare
1618 1051 1825 1105 dictum
1849 1059 1932 1106 est
1961 1070 1974 1105 :
2005 1051 2082 1104 Et
2094 1050 2186 1105 de-

614 1143 866 1198 scendant
889 1145 943 1197 in
975 1145 1238 1213 infernum
1270 1145 1509 1198 viventes.
1547 1142 1667 1199 Non
1694 1145 1839 1199 enim
1877 1145 2182 1198 animarum

612 1234 1042 1290 destructionem
1077 1234 1162 1288 bis
1213 1235 1554 1305 signiﬁcabat
1588 1253 1606 1289 τ
1642 1234 1828 1289 Veniat
1853 1253 1994 1290 mors
2032 1252 2184 1304 super

611 1325 770 1390 illos;
823 1326 917 1381 sed
972 1325 1372 1396 separationem
1433 1342 1462 1380 a
1514 1326 1645 1387 vita,
1704 1343 1825 1397 qua:
1884 1327 2183 1382 secundum

611 1413 780 1469 Deum
820 1423 923 1481 est,
970 1423 1024 1470 et
1057 1415 1453 1472 habitationem
1499 1415 1555 1470 in
1603 1415 1838 1471 inferno.
1871 1415 2011 1470 Num
2047 1415 2186 1470 forte

610 1505 845 1568 dicatur,
887 1505 994 1560 alio
1039 1506 1202 1560 modo
1229 1507 1475 1562 viventes
1505 1509 1656 1576 ipsos
1699 1508 1754 1561 in
1786 1507 2058 1562 infernum
2091 1506 2188 1561 de-

610 1596 913 1658 scendisse,
949 1596 1002 1650 in
1028 1595 1219 1651 notitia
1250 1595 1460 1652 scilicet
1492 1604 1808 1665 peccantes,
1840 1611 1904 1650 ac
1945 1596 2185 1651 scientes

608 1687 828 1757 quidem
873 1686 1214 1741 Salvatoretn
1253 1703 1376 1744 esse
1419 1686 1699 1742 Christum
1757 1686 1885 1750 Dei,
1933 1688 2027 1742 sed
2075 1701 2183 1742 non

607 1794 732 1833 esse
768 1778 1129 1834 simulantes?
1159 1779 1340 1844 Quare
1395 1778 1621 1848 perinde
1667 1788 1830 1848 atque
1873 1779 2085 1833 Dathan
2129 1787 2184 1834 et

2283 597 2352 672 ἦν
2383 602 2440 654 δὲ
2461 603 2490 654 ὁ
2517 600 2706 672 Σαηὴρ
2732 597 2886 669 ἡμῶν
2917 599 2952 668 ὴ
2976 596 3122 668 ζωή·
3161 599 3230 649 '0
3251 596 3457 666 γέιυνε
3485 594 3620 664 γὰρ
3647 591 3728 645 ἐν
3751 593 3902 658 αὐτῷ

2287 692 2400 759 ζωὴ
2436 689 2514 762 ἦν
2538 732 2552 755 ,
2603 692 2700 745 καὶ
2749 693 2788 759 ἡ
2831 688 2942 758 ζωὴ
2991 686 3070 760 ἦν
3098 695 3163 743 τὸ
3198 688 3323 758 φῶς
3358 687 3482 742 τῶν·
3513 681 3898 751 ἀνθρώπων·

2287 783 2539 846 εἰκότως,
2566 779 2971 851 ἀποτμηθέντες
3001 779 3166 833 αὑτοῦ
3183 818 3198 844 ,
3228 779 3306 850 τῷ
3331 779 3431 848 τῆς
3451 777 3669 848 ψυχῆς
3692 775 3903 846 θανάτῳ

2288 871 2660 944 παρεδόθησαν
2679 888 2693 901 ο
2712 871 2810 941 οὐχ
2829 870 2969 923 ὥστε
2987 869 3261 940 φθαρῆναι
3276 869 3576 941 αὐτὴνκαὶ
3594 864 3904 936 ἀφανισθῆο

2287 982 2372 1017 ναι
2401 965 2481 1026 είς
2503 964 2565 1016 τὸ
2595 962 2670 1033 μὴ
2690 961 2748 1014 ὸν
2769 962 3097 1032 χωρήσασαν
3119 998 3134 1022 ,
3168 959 3282 1012 ἀλλ’
3315 958 3456 1012 ὥστε
3487 956 3711 1022 ζῶσαν
3741 956 3906 1027 αὐτὴν

2287 1057 2381 1110 καὶ
2413 1055 2675 1108 ἀθάνατον
2707 1054 2806 1125 τὴν
2836 1052 3023 1105 ούσίαν
3057 1050 3402 1121 κεκτημένην
3433 1051 3490 1102 ἐν
3525 1046 3624 1117 τῷ
3654 1045 3907 1117 λεχθέντι

2287 1145 2502 1216 θανάτῳ
2533 1144 2760 1212 διάγειν.
2827 1143 2921 1196 Διὸ
2953 1141 3208 1195 λέλεκται
3231 1157 3244 1172 ·
3298 1141 3406 1195 Kal
3433 1137 3907 1205 καταὸήτωσαν

2285 1241 2370 1303 είς
2402 1236 2549 1303 ᾅδου
2581 1235 2809 1301 ζῶντες.
2859 1235 2932 1288 Ού
2989 1233 3080 1287 τὸν
3111 1231 3417 1302 ἀφανισμὸν
3446 1229 3664 1301 ψυχῶν
3714 1228 3907 1299 ἐδήλου

2285 1327 2459 1396 λέγων
2479 1344 2492 1357 ·
2535 1325 2790 1381 Ἐλθέτω
2815 1324 3071 1390 θάνατος
3094 1323 3186 1377 ἐπ’
3211 1323 3433 1388 αὐτοὺς
3452 1361 3466 1385 ,
3492 1320 3656 1375 ἀλλὰ
3681 1320 3783 1372 τὸν
3805 1321 3909 1372 ἀπὸ

2286 1419 2386 1488 τῆς
2413 1416 2552 1472 κατά
2580 1416 2712 1470 Θεὸν
2743 1413 2887 1486 ζωῆς
2915 1413 3192 1485 χωρισμὸν
3213 1451 3229 1476 ,
3259 1412 3354 1466 καὶ
3385 1413 3486 1483 τὴν
3512 1411 3611 1474 εἰς
3642 1409 3749 1462 τὸν
3776 1409 3910 1479 ᾅδην

2286 1509 2621 1580 κατοίκησιν.
2672 1509 2896 1578 Μήποτε
2939 1506 2995 1558 δέ
3027 1505 3122 1560 καὶ
3153 1504 3327 1568 ἄλλως
3372 1503 3586 1568 ζῶντες
3622 1503 3719 1565 είς
3776 1500 3906 1572 ᾅδου

2285 1599 2556 1669 κατῄεσαν
2579 1635 2594 1659 ,
2629 1598 2685 1649 ἐν
2715 1594 2914 1664 γνώσει
2938 1595 3340 1666 ἁμαρτάνοντες
3358 1632 3375 1660 ,
3407 1593 3502 1646 καὶ
3529 1591 3771 1653 ειδότες
3810 1589 3908 1660 μιν

2283 1689 2375 1743 τὸν
2405 1689 2630 1760 Σωτῆρα
2655 1687 2731 1750 ὡς
2762 1687 2922 1750 αὐτὸς
2948 1681 3000 1738 εἶ
3024 1687 3054 1738 ὁ
3085 1685 3317 1757 Χριστὸς
3347 1683 3441 1737 τοῦ
3469 1682 3625 1737 Θεοῦ
3655 1723 3671 1746 ,
3735 1697 3907 1752 προσ-

2285 1781 2596 1852 ποιούμενοι
2620 1779 2676 1832 δὲ
2706 1779 2780 1849 μὴ
2811 1772 2950 1831 εἶναι
2971 1793 2985 1840 ;
3015 1775 3106 1829 Διὸ
3128 1776 3220 1829 καὶ
3246 1775 3447 1846 ὁμοίως
3471 1776 3602 1836 τοῖς
3632 1772 3781 1843 περὶ
3799 1773 3904 1823 Δα-

607 1867 814 1922 Abiron
835 1868 854 1898 ¹
882 1867 1030 1938 ipsos
1067 1866 1468 1936 deglutiendos,
1501 1876 1665 1937 atque
1708 1870 1763 1923 iu
1794 1868 2068 1923 infernum
2101 1869 2175 1923 vi-

2282 1872 2382 1927 θάν
2411 1873 2507 1926 καὶ
2550 1869 2797 1943 Ἀϐηρὼν
2851 1867 3327 1939 καταποθήσεσθαι
3359 1869 3453 1920 καὶ
3501 1867 3768 1928 αὐτοὺς,
3824 1865 3908 1926 είς

607 1966 795 2010 ventes
830 1955 1194 2010 descensuros
1236 1972 1360 2012 esse
1392 1957 1740 2026 praenuntiat.
1790 1957 1896 2011 Pro
1945 1959 2038 2011 illo
2079 1961 2180 2012 a'u-

607 2055 736 2112 tem,
765 2045 1030 2116 Nequitia:
1057 2048 1111 2100 in
1138 2047 1556 2103 habitationibus
1585 2066 1787 2111 eorum,
1815 2052 1868 2103 in
1899 2051 2070 2104 medio
2096 2066 2185 2104 ro-

607 2153 768 2201 rum;
798 2153 924 2192 nam
967 2148 1271 2195 conventus
1297 2147 1351 2194 et
1375 2141 1610 2194 concilia
1637 2140 1904 2195 adversus
1938 2139 2184 2196 Salvato-

606 2243 720 2281 rem
758 2228 1004 2298 improba
1046 2228 1218 2292 fuere,
1254 2229 1450 2299 Aquila
1495 2230 1629 2284 dicit
1661 2249 1674 2284 :
1708 2229 1972 2296 Quoniam
2007 2233 2183 2302 nequi-

605 2320 696 2372 tia
721 2319 773 2371 in
801 2320 1193 2373 conversatione
1215 2336 1417 2376 eorum.
1445 2320 1583 2386 Quia
1613 2336 1742 2391 ergo
1773 2337 1880 2375 non
1917 2338 2016 2392 pro
2035 2323 2182 2376 bono

603 2411 1033 2477 conveniebant,
1085 2420 1140 2464 et
1185 2412 1636 2466 conversationes
1682 2412 2028 2482 conciliaque
2076 2412 2181 2466 im-

567 2497 772 2564 -proba
805 2496 1038 2562 inibant,
1066 2497 1191 2568 jure
1218 2498 1549 2552 vaticinatur
1587 2498 1678 2568 qui
1733 2497 1857 2554 linis
1895 2514 1990 2556 eos
2026 2515 2180 2556 exce-

603 2595 800 2655 pturus
835 2587 928 2643 sit.
1015 2629 1018 2634 .

675 2784 840 2840 Vens.
876 2786 1058 2842 "-20.
1101 2785 1214 2858 Ego
1253 2786 1324 2840 ad
1355 2785 1518 2840 Deum
1543 2785 1792 2852 clamavi,
1823 2795 1873 2840 et
1920 2786 2176 2840 Dominus

601 2878 826 2930 saluauit
860 2895 959 2943 me,
986 2887 1040 2932 et
1069 2887 1285 2933 caetera.
1321 2876 1569 2940 Etiamsi,
1612 2877 1811 2946 inquit,
1839 2877 2033 2947 spiritu
2061 2891 2180 2946 pro-

600 2969 820 3037 phetico
871 2969 1202 3033 illustrante,
1256 2968 1495 3022 futuram
1538 2968 1593 3021 in
1637 2975 1938 3022 memorata
1960 2966 2178 3022 civitate

599 3059 942 3130 iniquitatem
980 3060 1340 3131 prospiciens,
1388 3059 1684 3114 admodum
1719 3061 2085 3114 contristatus
2119 3057 2175 3112 in

598 3153 994 3208 exercitatione
1020 3169 1160 3218 mea,
1188 3163 1242 3209 et
1273 3155 1636 3209 conturbatus
1671 3152 1812 3218 sim;
1839 3159 2078 3208 attamen
2114 3151 2180 3206 ll-

2288 1962 2414 2033 ᾅδου
2445 1978 2505 2014 τε
2535 1961 2744 2025 ζῶντας
2775 1957 3177 2030 καταϐήσεσθαι
3211 1956 3604 2029 προαγορεύει.
3653 1955 3818 2007 ’Δντὶ
3846 1954 3902 2006 δὲ

2285 2052 2381 2105 τοῦ
2402 2094 2416 2118 ,
2450 2052 2736 2120 Πονηρίαι
2766 2051 2837 2103 ὲν
2857 2048 2989 2114 ταῖς
3019 2048 3353 2116 παροικίαις
3381 2043 3588 2102 αὐτῶν
3623 2043 3708 2096 ἐν
3727 2042 3903 2112 μέσῳ

2286 2139 2514 2196 αῠτῶν-
2548 2140 2658 2192 τῶν
2708 2139 2818 2211 γὰρ
2866 2136 3008 2191 κατὰ
3047 2135 3142 2188 τοῦ
3179 2135 3432 2206 Σωτῆρος
3464 2132 3811 2203 γενομένων
3843 2133 3899 2184 αι

2289 2229 2578 2292 συστάσεις
2610 2228 2706 2282 καὶ
2729 2230 2786 2280 αἱ
2819 2228 2962 2279 κατὰ
3009 2224 3071 2277 τὸ
3101 2223 3235 2277 αὐτὸ
3261 2223 3465 2276 σύνοδοι
3498 2221 3768 2292 πονηραὶ
3801 2235 3900 2288 γε·-

2287 2320 2512 2388 γόνασι,
2541 2318 2622 2371 διὸ
2649 2320 2745 2372 καὶ
2772 2318 2801 2370 ὁ
2841 2315 3074 2378 Ἀκύλας
3102 2313 3268 2386 φησίν
3287 2331 3301 2345 ⁸
3334 2315 3452 2368 Ὀτι
3488 2314 3798 2380 πονηρίαι
3826 2311 3898 2366 ἐν*

2285 2407 2604 2478 συστροφῇ
2661 2406 2878 2462 αὐτῶν.
2955 2406 3108 2459 Ἐπεὶ
3173 2406 3350 2458 τοίνυν
3413 2405 3514 2458 οὐκ
3556 2404 3665 2456 ἐπὶ
3737 2400 3897 2472 καλῷ

2287 2499 2635 2569 συνήρχοντο,
2693 2497 3001 2569 συστροφάς
3047 2513 3110 2549 τε
3156 2496 3251 2549 καὶ
3289 2495 3580 2558 συστάσεις
3627 2493 3893 2564 πονηρὰς

2285 2589 2597 2654 ἐποιοῦντο,
2653 2588 2879 2652 είκότως
2935 2587 3220 2642 ἐθέσπισεν
3259 2588 3442 2642 ὁποῖον
3500 2586 3718 2650 αὐτοὺς
3767 2584 3890 2637 δια·

2285 2677 2512 2749 λήψεται
2545 2679 2714 2742 τέλος.

2367 2791 2514 2861 Ἐγὼ
2542 2791 2691 2860 πρὸς
2715 2793 2863 2846 Θεὸν
2889 2790 3202 2860 ἐκέκραξα,
3233 2791 3332 2844 καὶ
3361 2792 3395 2845 ὁ
3425 2794 3649 2859 Κυριος
3673 2788 3886 2844 ἔσωσέ

2278 2899 2355 2952 με
2375 2921 2390 2948 ,
2421 2882 2515 2936 καὶ⁸
2548 2882 2617 2936 τὰ
2644 2882 2792 2952 ἑξῆς.
2829 2883 2892 2935 Ei
2921 2884 3013 2936 καὶ
3039 2882 3109 2935 τά
3139 2882 3391 2952 μάλιστα,
3425 2883 3582 2952 φησὶ,
3607 2883 3694 2954 τῷ
3719 2880 3884 2934 πνεύ-

2287 2991 2417 3045 ματι
2461 2975 2539 3046 τῷ
2571 2974 2893 3048 προφητικῷ
2919 2975 3018 3047 τὴν
3050 2975 3347 3046 μέλλουσαν
3378 2973 3715 3046 γενήσεσθαι
3750 2975 3879 3028 ἀνο-

2285 3064 2414 3136 μίαν
2447 3065 2503 3119 ἐν
2525 3068 2590 3136 τῇ
2615 3063 2972 3137 προλεχθείσῃ
3003 3063 3156 3116 πόλει
3183 3063 3544 3132 θεασάμενος,
3577 3061 3874 3134 ἐλυπήθηι

2281 3157 2338 3209 ἐν
2370 3159 2434 3228 τῇ
2483 3153 2767 3227 ἀδολεσχίᾳ
2814 3171 2913 3227 μου
2934 3194 2949 3219 ,
2986 3156 3079 3208 καὶ
3109 3153 3442 3226 ἐταράχθην·
3477 3155 3631 3225 ὅμως
3660 3153 3712 3206 δ’
3749 3139 3870 3218 οὖν,

599 3259 723 3299 nem
752 3244 1068 3314 exitumque
1107 3259 1290 3299 rerum
1332 3244 1708 3314 conspicatus,
1749 3244 1887 3298 bene
1919 3245 2045 3298 novi
2086 3258 2174 3300 me

2278 3245 2343 3298 τὰ
2376 3245 2504 3315 τέλη
2537 3244 2763 3299 συνιδὼν
2789 3243 2897 3296 τῶν
2927 3243 3298 3313 πραγμάτων,
3330 3236 3388 3294 εὗ
3421 3237 3536 3305 οἷδ’,
3576 3240 3657 3293 δτι
3686 3278 3704 3302 ,
3740 3238 3872 3310 βοή-

598 3339 925 3392 clamantem
957 3337 1023 3389 ad
1056 3334 1244 3398 Deum,
1279 3350 1387 3389 non
1414 3335 1733 3389 derelictum
1761 3335 1862 3399 iri;
1899 3335 1994 3390 sed
2023 3349 2176 3390 com-

602 3428 786 3482 munis
831 3425 1132 3480 Salvatoris
1161 3426 1337 3496 gratia
1369 3426 1436 3479 ad
1464 3442 1549 3481 me
1583 3441 1758 3496 usque
1800 3427 2172 3496 perveniente,

599 3518 829 3571 salutem
870 3531 1152 3586 assequar.
1190 3516 1312 3570 Haec
1356 3525 1538 3571 autem
1568 3515 1839 3587 Propheta
1872 3517 2173 3572 secundum

598 3605 740 3660 LXX
766 3606 918 3672 dicit,
950 3606 1096 3676 quod
1126 3605 1367 3660 futurum
1392 3613 1512 3662 erat
1538 3608 1692 3676 quasi
1721 3606 2055 3677 praeteritum
2081 3623 2176 3662 ex-

598 3698 848 3766 plicans;
875 3711 1046 3766 quare
1073 3697 1280 3751 dictum
1324 3705 1408 3752 est
1436 3714 1447 3748 :
1471 3695 1582 3766 Ego
1625 3696 1694 3750 ad
1727 3697 1892 3752 Deum
1922 3698 2172 3764 clamavi,

596 3795 645 3838 et
674 3785 931 3838 Dominus
963 3785 1184 3839 saluauit
1220 3801 1300 3838 me
1334 3801 1351 3838 :
1379 3793 1433 3838 at
1476 3786 1778 3840 secundum
1812 3789 2051 3858 reliquos
2087 3789 2175 3842 in-

597 3885 886 3948 terpretes,
920 3878 1035 3932 haec
1069 3878 1250 3932 futura
1279 3879 1630 3933 vaticinatur.
1663 3879 1857 3949 Aquila
1887 3889 2035 3935 certe
2057 3881 2170 3934 ait:

598 3969 710 4040 Ego
733 3970 803 4022 ad
831 3970 994 4023 Deum
1018 3972 1228 4035 uocabo,
1253 3980 1300 4024 et
1327 3969 1582 4024 Dominus
1605 3969 1832 4024 salvabit
1859 3986 1970 4034 me;
1995 3971 2175 4026 Theo-

595 4065 752 4119 dotio
795 4071 979 4118 autem
1016 4061 1162 4132 :Ego
1199 4061 1268 4115 ad
1302 4062 1470 4116 Deum
1505 4062 1769 4125 clamabo,
1819 4072 1867 4116 et
1912 4061 2172 4116 Dominus

595 4154 820 4210 salvabit
883 4169 983 4208 me.
1029 4151 1166 4206 Cum
1215 4153 1358 4207 enim
1407 4152 1536 4206 talia
1591 4163 1781 4206 contra
1831 4152 2171 4207 Salvatorem

596 4243 960 4313 perpetranda
985 4245 1115 4308 sint,
1139 4260 1239 4315 ego
1265 4245 1356 4315 qui
1382 4247 1533 4314 prius
1551 4243 1816 4308 dixeram,
1878 4242 1980 4297 Cor
2005 4259 2172 4296 meum

594 4334 968 4385 conturbatum
995 4343 1074 4387 est
1103 4336 1156 4388 in
1183 4351 1283 4398 me,
1311 4346 1356 4389 et
1386 4333 1617 4404 formido
1644 4334 1829 4386 mortis
1864 4333 2050 4386 cecidit
2079 4349 2171 4386 su-

590 4439 684 4491 per
717 4439 838 4478 me:
867 4425 1024 4478 timor
1056 4435 1104 4479 et
1137 4435 1332 4480 ιιτηιον
1358 4435 1606 4480 venerunt
1645 4441 1802 4494 super
1838 4441 1940 4489 me,
1973 4436 2021 4478 et
2048 4441 2172 4479 οοιιο

595 4526 834 4570 texerunt
867 4533 947 4571 me
979 4517 1230 4581 tenebrae;
1266 4518 1379 4572 haec
1414 4531 1611 4586 passus
1640 4520 1710 4570 ob
1737 4517 2165 4587 speculationem

2280 3353 2379 3400 σας
2412 3336 2547 3407 πρὸς
2573 3335 2664 3390 τὸν
2689 3334 2823 3388 Θεὸν
2845 3373 2858 3398 ,
2907 3333 3504 3404 ού”καταλειφθήσομαι
3525 3371 3540 3397 ,
3593 3327 3868 3402 τεύξομαι

2275 3426 2332 3480 δὲ
2368 3427 2673 3498 σωτηρίας,
2716 3425 2817 3496 τῆς
2863 3425 2959 3478 τοῦ
2989 3424 3166 3478 κοινοῦ
3205 3425 3456 3494 Σωτῆρος
3485 3425 3714 3494 χάριτος
3771 3422 3868 3476 καὶ

2279 3519 2470 3590 μέχρις
2498 3517 2632 3588 ἐμοῦ
2667 3516 3078 3588 διαδησομένης.
3115 3517 3276 3584 Λέγει
3304 3515 3361 3568 δὲ
3387 3514 3560 3568 ταῦτα
3591 3516 3620 3568 ὁ
3650 3514 3868 3585 προφή-

2275 3625 2374 3680 της
2392 3648 2407 3665 .
2436 3607 2577 3662 κατά
2601 3609 2698 3679 μὲν
2729 3608 2854 3671 τοὺς
2886 3607 3312 3678 Ἐὁδομήκοντα,
3335 3606 3396 3659 τὸ
3425 3605 3616 3676 μέλλον
3635 3603 3866 3658 ἔσεσθαι

2275 3698 2352 3762 ώς
2385 3697 2712 3770 παρῳχηκὸς
2736 3696 3052 3769 ἑρμηνεύων
3071 3713 3084 3726 °
3118 3696 3197 3749 διὸ
3224 3695 3492 3748 λέλεκται·
3539 3692 3678 3762 Ἐγνῖυ
3707 3690 3864 3760 πρὸς

2274 3789 2380 3842 τὸν
2406 3788 2554 3842 Θεὸν
2577 3787 2891 3856 ἐκέκραξα,
2921 3786 3020 3840 καὶ
3046 3771 3078 3841 ὸ
3110 3787 3323 3854 Κύριος
3347 3784 3544 3839 ἔσωσέ
3565 3801 3642 3854 με
3659 3801 3673 3814 ·
3715 3781 3863 3838 κατὰ

2271 3878 2330 3932 δὲ
2355 3879 2482 3942 τοὺς
2503 3878 2720 3942 λοιποὺς
2745 3877 3084 3950 ἐρμηνευτάς
3107 3917 3122 3941 ,
3156 3876 3494 3948 μελλητικῶς
3519 3873 3860 3946 προφητεύει

2273 3970 2367 4021 καὶ
2397 3968 2589 4022 ταῦτα.
2647 3968 2704 4022 '0
2736 3967 2866 4035 γοῦν
2912 3967 3142 4029 Ἀκύλας
3170 3967 3332 4037 φησιν
3351 3983 3365 3996 ·
3401 3963 3549 4034 Ἐγὼ
3569 3964 3722 4032 πρὸς
3749 3963 3861 4017 τὸν

2275 4061 2423 4114 Θεὸν·
2441 4060 2700 4125 καλέσω,
2715 4060 2810 4113 καὶ
2829 4061 3043 4128 Κύριος
3062 4059 3246 4113 σώσει
3261 4074 3357 4127 με·
3376 4058 3470 4110 καὶ
3484 4060 3512 4110 ὁ
3525 4055 3820 4109 Θεοδοτίων
3838 4069 3855 4086 ⁸

2285 4152 2432 4222 Ἐγὼ
2448 4151 2599 4221 πρὸς
2617 4152 2723 4206 τὸν
2740 4154 2882 4206 Θεὸν
2901 4151 3258 4219 κεκράξομαι
3273 4189 3288 4214 ,
3311 4149 3408 4202 καὶ
3431 4150 3649 4216 Κύριος
3667 4146 3857 4202 σώσει

2265 4261 2362 4313 με.
2420 4245 2541 4297 Τῶν
2585 4245 2695 4316 γὰρ
2732 4244 2875 4298 κατά
2923 4242 3018 4296 τοῦ
3062 4241 3316 4314 Σωτῆρος
3360 4241 3856 4313 τολμηθησομένων

2271 4335 2525 4390 τοιούτων
2548 4335 2716 4389 ὄντων
2733 4377 2747 4400 ,
2774 4333 2884 4402 ἐγὼ
2909 4336 2937 4388 ὁ
2965 4333 3227 4405 πρότερον
3249 4330 3485 4402 εἰρηκὼς
3505 4370 3519 4393 ,
3550 4331 3621 4384 Ἦ
3637 4330 3857 4398 καρδία

2265 4444 2386 4497 μου
2410 4426 2704 4495 ἐταράχθη
2731 4426 2802 4479 ἐν
2829 4423 2980 4495 ἐμοὶ,
3009 4424 3109 4477 καὶ
3131 4423 3326 4476 δειλία
3354 4420 3614 4475 θανάτου
3636 4421 3853 4476 ἐπέπε-

2273 4533 2387 4570 σεν
2408 4518 2501 4571 ἐπ’
2517 4515 2622 4586 ἐμέ
2635 4532 2650 4547 ·
2698 4517 2882 4586 φόϐος
2903 4514 3001 4569 καί
3029 4515 3244 4583 τρόμος
3261 4509 3450 4584 ἦλθεν
3471 4513 3564 4566 ἐπ’
3583 4512 3689 4581 ἐμὲ
3709 4553 3725 4579 ,
3751 4511 3852 4568 και

593 4609 956 4662 revelatarum
1002 4624 1210 4672 rerum,
1263 4609 1331 4664 ad
1384 4608 1550 4664 Deum
1604 4607 1858 4664 clamavi.
1905 4607 1998 4662 Ille
2043 4623 2169 4664 vero

2278 4607 2541 4676 ἐκάλυψέ
2554 4624 2632 4678 με
2653 4609 2904 4674 σκότος,
2927 4604 3102 4660 ταῦτα
3126 4604 3311 4661 παθὼν
3336 4604 3422 4659 διὰ
3450 4605 3549 4677 τὴν
3576 4604 3686 4659 τῶν
3715 4606 3854 4660 ἀπο·

592 4711 702 4749 nou
749 4696 1080 4768 despiciens,
1114 4697 1371 4768 dignatus
1403 4705 1488 4752 est
1535 4697 1648 4752 haec
1684 4697 1816 4751 mihi
1867 4699 2168 4767 conspicua

591 4802 817 4856 ponere,
860 4797 919 4842 ut
949 4789 1193 4844 tristiora
1229 4792 1380 4860 prius
1409 4790 1806 4856 declaraverat,
1847 4790 1928 4845 sic
1959 4790 2167 4845 laetiora

584 4879 700 4948 jam
733 4878 963 4944 obtulit;
1005 4895 1201 4948 nempe
1249 4879 1558 4933 Salvatoris
1589 4881 2077 4945 resurrectionem,
2113 4890 2167 4936 et

589 4971 709 5039 ejus
746 4971 889 5042 apud
923 4969 1140 5024 Patrem
1180 4971 1430 5040 gloriam.
1464 4971 1647 5040 Atque
1683 4970 1798 5024 haec
1823 4970 2050 5038 videns;
2071 4988 2163 5028 sa-

589 5060 756 5114 lutem
786 5070 981 5116 nactus
1022 5075 1142 5114 sunt
1171 5078 1184 5113 :
1210 5075 1382 5130 quare
1409 5060 1551 5122 dico,
1588 5058 1698 5129 Ego
1729 5060 1798 5112 ad
1845 5059 2013 5114 Deum
2046 5061 2161 5114 cla-

587 5152 746 5214 mari,
776 5161 824 5205 et
858 5151 1110 5206 Dominus
1134 5151 1356 5205 salvavit
1383 5167 1482 5205 me.
1509 5149 1757 5205 Salutem
1783 5167 1912 5206 vero
1940 5162 2159 5219 nactus,

584 5243 825 5298 nondum
878 5252 1058 5300 tamen
1115 5243 1360 5316 quiesco,
1420 5260 1594 5314 neque
1643 5259 1864 5300 cessare
1901 5260 2160 5314 possum;

583 5337 678 5390 sed
714 5337 950 5406 praedico
972 5337 1336 5405 omnibusque
1368 5335 1682 5389 hominibus
1705 5336 1992 5400 annuntio,
2026 5351 2157 5390 nar-
2192 5355 2200 5364 ο

580 5443 712 5484 rans
754 5429 986 5500 singulis
1037 5428 1231 5482 diebus
1267 5435 1322 5480 et
1352 5427 1523 5487 horis.
1565 5435 1730 5497 atque
1762 5429 2018 5484 omnibus
2071 5444 2158 5483 rc-

580 5521 840 5576 nuntians
883 5519 1155 5574 mirabilia
1194 5527 1248 5574 et
1283 5518 1575 5588 stupenda,
1606 5534 1726 5588 qua
1773 5520 1827 5573 in
1879 5531 2071 5575 sancto
2101 5528 2156 5576 et

580 5613 899 5684 prophetico
930 5610 1129 5684 spiritu
1159 5611 1560 5680 contemplatus
1605 5625 1750 5665 sum.
1782 5610 2152 5678 Quamobrem

653 5767 669 5798 ¹
710 5764 866 5822 Joan.
904 5782 956 5833 ι,
995 5765 1047 5833 3,
1074 5764 1127 5820 4.
1205 5766 1225 5798 ¹
1264 5763 1423 5824 Num.
1457 5778 1619 5831 xxvr,
1652 5764 1733 5836 9.3

2271 4698 2650 4768 καλυφθέντων
2684 4716 2774 4770 μοι
2806 4698 2933 4751 θέαν
2959 4737 2973 4762 ,
3003 4697 3140 4768 πρὸς
3170 4695 3261 4750 τὸν
3283 4696 3415 4750 Θεὸν
3451 4693 3742 4768 ἐκέκραξα.
3790 4695 3849 4747 ὐ

2268 4791 2346 4855 δὲ,
2385 4792 2460 4862 μὴ
2485 4791 2728 4864 παριδών
2763 4809 2850 4862 με,
2884 4789 3186 4861 κατηξίωσε
3210 4788 3421 4860 φανερά
3456 4804 3546 4859 μοι
3574 4785 3849 4857 καταστῆ-

2271 4900 2392 4948 σαι,
2416 4883 2606 4956 ὥσπερ
2623 4883 2693 4937 τά
2717 4879 2850 4936 σκυθ
2860 4881 3014 4953 ρωπά
3041 4880 3304 4952 πρότερον
3328 4879 3537 4932 ἐδείκνυ
3557 4919 3572 4943 ,
3590 4879 3732 4932 οὕτω
3752 4878 3847 4932 καὶ

2268 4975 2337 5028 τά
2368 4975 2694 5047 φαιδρότερα
2717 4990 2730 5004 ·
2766 4973 2908 5041 λέγω
2935 4972 2992 5025 δὲ
3021 4973 3117 5025 καὶ
3151 4971 3249 5042 τὴν
3281 4971 3577 5024 ἀνάστασιν
3605 4969 3698 5022 τοῦ
3729 4970 3844 5022 Σω-

2268 5066 2430 5136 τῆρος
2461 5066 2555 5119 καὶ
2591 5065 2686 5137 τὴν
2717 5064 2869 5136 παρά
2899 5062 2977 5132 τῷ
3011 5062 3186 5133 Πατρὶ
3211 5060 3387 5128 δόξαν.
3445 5062 3556 5115 Καὶ
3586 5059 3756 5114 ταῦτα
3786 5059 3843 5113 δὲ

2273 5152 2396 5208 ίδὼν
2416 5194 2430 5218 ,
2462 5153 2668 5224 ἐσώθην
2689 5170 2702 5184 '
2731 5153 2811 5206 διό
2842 5167 3016 5224 φημι·
3062 5151 3208 5221 Ἐγὼ
3236 5151 3386 5219 πρὸς
3412 5150 3518 5205 τὸν
3547 5151 3697 5204 Θεὸν
3717 5149 3844 5203 ἐκέ-

2268 5245 2479 5313 κραεα,
2508 5247 2606 5299 καὶ
2626 5246 2842 5312 Κύριος
2862 5243 3059 5298 ἐσωσέ
3078 5260 3174 5312 με.
3194 5242 3393 5306 Σωθεὶς
3420 5242 3478 5295 δὲ
3501 5242 3682 5294 οὐκέτι
3709 5242 3840 5311 ἡρε-

2269 5337 2353 5409 μῶ
2377 5379 2392 5402 ,
2428 5337 2546 5391 ούδέ
2573 5336 2800 5408 ἡσυχίαν
2821 5336 2972 5403 ἄγειν
2999 5334 3234 5406 δύναμαι
3251 5351 3264 5364 ·
3316 5333 3453 5388 ἀλλά
3473 5333 3726 5404 κηρύττω
3749 5328 3840 5385 καὶ

2265 5430 2470 5492 πάντας
2497 5425 2816 5500 ἀνθρώπους
2857 5426 3314 5496 εὐαγγελίζομαι,
3361 5422 3717 5494 διηγούμενος
3752 5424 3838 5492 ἐφ’

2263 5521 2499 5590 ἑκάστης
2531 5521 2742 5591 ἡμέρας
2774 5518 2869 5573 καὶ
2895 5517 3042 5591 ὥρας
3067 5557 3082 5582 ,
3117 5516 3474 5586 ἀπαγγέλλων
3505 5533 3564 5568 τε
3596 5518 3675 5579 είς
3703 5515 3837 5568 πάν-

2262 5628 2359 5676 τας
2388 5611 2531 5682 ὄιπερ
2563 5613 2621 5666 ἐν
2657 5612 2794 5683 ἁγίῳ
2824 5611 3092 5685 πνεύματι
3119 5609 3198 5680 τῷ
3226 5608 3547 5681 προφητικῷ
3572 5607 3834 5679 τεθέαμαι

4025 1 4064 700 ι
