3982 6432
144 367 237 422 485

1241 361 1746 423 COMMENTARIA
1783 361 1849 418 IN
1876 365 2217 426 PSALMOS.

3248 388 3354 446 486

145 488 408 561 θαυμαπά
436 487 534 543 καὶ
557 485 852 558 παράδοξα.
904 487 996 541 Διό
1028 504 1197 558 φημιο
1258 489 1546 558 Ἐσπέρας
1581 488 1676 542 καὶ

1783 487 1908 542 dico
1935 508 1946 543 :
1978 490 2194 560 Vespere
2221 503 2270 549 et
2300 510 2451 550 mane
2477 506 2526 552 et
2550 499 2783 566 meridie,
2815 504 3047 560 narrabo
3073 516 3124 561 et
3147 526 3356 566 annuno
3401 554 3412 563 τ

143 583 271 651 πρωὶ
302 581 397 635 καί
421 580 795 649 μεσημϐρίας
822 578 1183 648 διηγήσομαι
1217 581 1314 636 καὶ
1347 580 1682 650 ἀπαγγελῶ.

154 675 299 746 Ἐμοῦ
323 674 376 727 δέ
405 672 576 726 ταῦτα
607 671 832 741 βοῶντος
859 674 939 735 είς
963 673 1169 743 πάντας
1195 673 1340 739 ἐξότε
1369 675 1463 728 καὶ
1495 674 1688 746 μέχρις

144 766 354 834 ἑσπέρας
373 803 389 821 .
422 765 481 816 ἐν
523 766 673 836 αὐτῷ
711 783 771 818 τε
801 764 879 834 τῷ
916 765 1265 834 ἀκμαιοτάτῳ
1296 765 1434 833 φωτὶ
1463 767 1561 836 τῆς
1599 783 1688 835 με-

145 853 420 924 σημϐρινῆς
473 853 692 924 ἡμέρας
722 854 789 906 τὰ
842 855 1084 924 σωτήρια
1133 853 1263 923 τέλη
1293 853 1683 925 κηρύττοντος,

141 943 531 997 εισακούσεται
550 944 662 1012 τῆς
685 945 888 1013 φωνῆς
905 961 1023 1012 μου
1042 947 1070 996 6
1094 944 1296 1015 ταύτης
1315 944 1416 1013 τῆς
1435 943 1687 1013 γνώσεως

145 1032 478 1097 καταξιώσαςο
499 1031 598 1085 καὶ
619 1033 796 1085 οὐκέτι
823 1033 920 1103 μὲν
934 1033 1293 1102 ταράττεσθαι
1315 1036 1370 1086 ἐν
1393 1034 1516 1104 ἐμοὶ
1537 1033 1684 1087 ἐάσει

142 1122 224 1190 τὴν
248 1107 464 1190 καρδίαν
499 1138 607 1190 μου
627 1160 642 1184 ,
684 1121 804 1174 οὐδὲ
836 1121 932 1191 τὴν
960 1120 1156 1174 δειλίαν
1179 1121 1275 1174 τοῦ
1309 1120 1534 1174 θανάτου
1565 1123 1686 1174 ἐπι·

145 1211 326 1266 κεῖσθαί
355 1229 466 1282 μοι.
496 1211 684 1265 Ταῦτα
701 1213 756 1265 δὲ
773 1213 947 1266 πάντα
966 1211 1302 1283 παραγαγὼν
1325 1253 1338 1277 ,
1358 1215 1452 1266 καὶ
1471 1213 1687 1268 διασκε-

143 1305 281 1366 δάσας
301 1303 396 1372 τῆς
431 1304 574 1374 ἐμῆς
613 1303 820 1372 ψυχῆς,
855 1303 1185 1374 λυτρώσεται
1211 1305 1379 1376 αὐτὴν
1405 1306 1462 1356 ἐν
1494 1306 1684 1378 εἰρήνῃ

143 1397 231 1450 ἀπὸ
245 1395 341 1448 τῶν
358 1395 607 1466 Θορυϐεἰν
626 1395 794 1466 αὐτὴν
811 1395 1116 1449 ἐθελόντων.
1141 1396 1232 1448 Διό
1265 1413 1424 1466 φημι
1455 1396 1685 1464 Λυτρώ-

142 1503 280 1542 σεται
301 1486 413 1553 τὴν
431 1485 787 1554 ψυχήν’μου
811 1485 881 1537 ἐν
909 1487 1113 1553 εἰρήνῃ
1141 1484 1258 1538 ἀπὸ
1289 1485 1406 1538 τῶν
1431 1487 1685 1556 ἐγγιζόν-

144 1595 238 1631 των
259 1594 352 1646 μοι
370 1593 384 1606 ·
417 1575 507 1628 ὅτι
533 1576 606 1628 ἐν
651 1575 904 1641 πολλοῖς
931 1572 1094 1644 ἦσαν
1137 1575 1258 1629 σὺν
1286 1574 1416 1644 ἐμοί
1433 1591 1448 1605 ·
1479 1575 1593 1628 ἀνθ’
1623 1570 1684 1630 οὗ

143 1667 364 1732 ἐξέδωκεν
375 1669 402 1719 6
418 1665 715 1737 Σύμμαχος
732 1683 746 1696 ο
765 1663 1102 1719 Πῡῖιλοστοί
1118 1665 1227 1735 γὰρ
1241 1664 1518 1735 ἐγένοντο
1536 1665 1684 1732 πρὸς

143 1758 241 1828 ἐμὲ.
295 1762 354 1811 οι
379 1758 488 1827 τὰρ
536 1759 812 1826 θορυϐεῖν
844 1756 1154 1822 ἐθέλοντές
1175 1775 1293 1824 μου
1322 1756 1437 1824 τὴν
1473 1755 1684 1826 ψυχήν

142 1938 334 1992 αίώνων
361 1937 652 2008 ὑπάρχων
681 1936 1027 1991 ταπεινώσει
1049 1977 1065 2004 ,
1099 1937 1209 2007 τῆς
1237 1937 1388 2007 ἐμῆς
1415 1936 1677 2009 κραυγῆς

142 2029 469 2094 ἐπακούσας.

197 2118 359 2170 Ταῦτα
390 2119 489 2189 μὲν
514 2114 610 2172 οὖν
645 2119 720 2183 ὡς
750 2117 844 2172 τοῦ
875 2120 1156 2191 Προφήτου
1191 2117 1250 2185 ἐξ
1279 2120 1478 2174 οἰκείου
1510 2137 1680 2192 προσ-

144 2209 265 2263 timeo
291 2211 381 2274 τάς
414 2211 784 2282 προκειμένας
818 2211 1000 2279 φωνάς
1027 2211 1512 2282 προενηνεγμένου.
1541 2213 1603 2264 El
1625 2212 1681 2264 δὲ

143 2299 191 2364 ἐξ
215 2301 358 2352 αὐτοῦ
383 2301 475 2354 τοῦ
505 2302 762 2372 Σωτῆρος
784 2301 954 2356 ταῦτα
985 2301 1194 2369 λέγοιτο
1225 2301 1312 2354 διὰ
1342 2301 1436 2354 τοῦ
1468 2319 1681 2372 προφη-

144 2388 268 2440 τικυῦ
293 2389 614 2458 πνεύματος,
646 2389 941 2460 ἐπειδήπερ
973 2388 1030 2452 ἐξ
1062 2387 1227 2441 αὐτοῦ
1259 2388 1472 2457 ἐλέγετο
1501 2390 1582 2449 τὸ,
1613 2392 1683 2442 Ei

141 2479 320 2546 ἐχθρός
358 2478 634 2534 ὠνείδισέ
658 2497 736 2548 με
758 2519 773 2543 ,
807 2478 1117 2547 ὑπήνεγκα
1149 2479 1226 2530 ἂν
1248 2519 1263 2542 ,
1311 2480 1404 2531 καὶ
1436 2481 1504 2532 τὰ
1535 2479 1679 2548 έξῆςν

146 2569 408 2632 ἀκολούθως
439 2571 533 2623 καὶ⁸
572 2569 746 2622 ταῦτα
788 2571 1008 2639 φήσειεν
1056 2567 1122 2620 ἂν
1163 2567 1191 2617 6
1220 2567 1441 2636 Σωτήρ·
1503 2567 1679 2618 Ὅτιό

147 2659 224 2728 μὲν
244 2661 330 2711 οὐκ
353 2660 539 2731 ἐχθρὸς
559 2700 574 2724 ,
610 2659 746 2713 άλλά
777 2659 926 2726 φίλος
947 2673 961 2688 ·
995 2657 1088 2711 καὶ
1113 2657 1210 2726 οὐχ
1240 2658 1268 2708 6
1304 2656 1476 2725 μισῶν
1499 2694 1514 2718 ,
1564 2655 1678 2708 ἀλλ’

145 2751 167 2800 6
194 2748 348 2819 μικρῷ
378 2750 612 2820 πρόσθεν
651 2749 907 2817 ἀγαπῶν,
934 2746 1162 2800 τοιαῦτα
1186 2746 1304 2800 κατ’
1334 2744 1466 2816 ἐμοῦ
1498 2745 1679 2797 τετόλ-

148 2856 307 2908 μηκεν.
369 2839 507 2909 Ἐγὼ
549 2841 608 2893 δὲ
644 2841 802 2892 πλέον
845 2839 996 2890 οὐδὲν
1029 2838 1294 2908 ἔπραττον
1315 2879 1329 2903 ,
1367 2837 1480 2889 ἀλλ’
1510 2837 1678 2890 ἐϐόων

147 2928 256 2998 πρὸς
285 2931 365 2982 τδν
389 2930 517 2983 Θεόν
537 2948 550 2960 ο
582 2925 728 2999 εἶχόν
760 2947 817 2982 τε
849 2929 1010 2982 αὑτὸν
1037 2925 1124 2981 οἷα
1166 2928 1387 2998 Πατέρα
1415 2928 1671 2997 ἐπήκοον.

156 3018 286 3071 Ἀλλά
309 3019 395 3072 καὶ
421 3022 467 3072 οί
495 3021 597 3089 μὲν
624 3017 973 3072 ἐπεϐούλευον
996 3017 1141 3087 ἐμοὶ,
1159 3023 1187 3070 6
1211 3017 1268 3068 δὲ
1291 3015 1458 3080 ἔσωζέ
1487 3031 1573 3085 με’
1598 3015 1677 3068 διὸ

146 3107 195 3160 οὐ
219 3109 467 3179 παύσομαι
500 3107 742 3178 ἐσπέρας
771 3107 864 3160 καὶ⁵
895 3107 1038 3176 πρωὶ
1077 3106 1171 3158 καὶ⁸
1205 3105 1548 3176 μεσημϐρίας
1579 3103 1676 3166 τὰς
1703 3139 1747 3196 c

146 3196 221 3249 τοῦ
239 3199 427 3270 [ἰατρὸς
447 3199 650 3271 ἀρετὰς
679 3197 1030 3267 διηγούμενος
1057 3198 1136 3259 είς
1168 3197 1400 3259 πάντας,
1433 3197 1675 3248 εἰσακου-

149 3288 246 3338 σιόν
286 3305 338 3340 τε
389 3291 549 3342 πᾶσιν
603 3287 907 3358 ἀνθρώποις
954 3287 1236 3359 κηρύττων
1295 3287 1354 3340 τὸ
1411 3288 1672 3358 σωτήριον

148 3375 455 3446 Εὖαγγέλιον·
489 3383 586 3434 καὶ
618 3379 820 3450 ταύτης
857 3397 956 3449 μου
988 3380 1084 3450 τῆς
1110 3379 1292 3449 φωνῆς
1313 3378 1620 3440 ἐπακούσας
1645 3379 1674 3430 6

149 3465 302 3538 Πατὴρ
317 3510 330 3533 ,
357 3471 718 3538 λυτρὼσεται
740 3469 809 3522 ἐν
825 3467 1032 3536 εἰρήνῃ
1055 3467 1168 3535 τὴν
1187 3466 1398 3535 ψυχήν
1412 3483 1530 3534 μου
1554 3465 1672 3519 ἀπὸ

149 3557 243 3609 τῶν
259 3561 582 3630 ἐγγιζόντων
603 3578 725 3630 μοι,
762 3559 1039 3612 τουτέστιν
1061 3558 1169 3611 ἀπὸ
1189 3557 1296 3610 τῶν
1319 3556 1547 3626 ἐγγύθεν
1577 3555 1672 3609 καὶ

148 3650 451 3721 οὑπόῤῥωθέν
475 3670 540 3722 με
584 3650 958 3720 πολεμούντων
975 3665 989 3678 ·
1007 3644 1343 3718 οἶτινεςῆσαν
1361 3646 1668 3700 πολλοστοί·

149 3742 224 3805 οὓς
260 3746 340 3797 καὶ
380 3743 702 3798 ταπεινώσει
731 3746 759 3796 6
792 3742 1159 3816 προῦπάρχων
1188 3742 1294 3812 πρὸ
1320 3743 1428 3794 τῶν
1461 3741 1671 3796 αἰώνων

149 3831 269 3896 Θεὸς.
296 3836 414 3888 osa:
437 3837 544 3908 γὰρ
575 3839 609 3907 ἡ
634 3836 768 3906 πρὸς
791 3835 968 3902 ὀλίγον
988 3833 1169 3895 αὐτοῖς
1196 3833 1458 3904 γενομένη
1483 3834 1669 3886 εὐκαι-

153 3927 251 3996 ρία,
295 3931 402 3982 καθ’
429 3932 492 4002 ἦν
547 3929 1001 4001 ἐμεγαλαύχησαν
1025 3967 1040 3992 ,
1093 3927 1185 3980 καὶ
1218 3926 1538 3999 ἐπλήρωσαν
1570 3927 1670 3998 τὴν

151 4019 320 4075 ἑαυτῶν
367 4025 510 4077 πόλιν
550 4023 780 4095 ἀνομίας
829 4022 922 4074 καὶ
971 4019 1311 4088 ἀντιλογίας,
1367 4021 1671 4089 παραμενεῖ

152 4112 327 4175 αὑτοῖς·
363 4116 476 4169 ὅσον
502 4116 563 4170 δέ
588 4115 741 4168 οὔπω
767 4111 1262 4182 ταπεινωθήσονται
1279 4149 1293 4173 ,
1329 4109 1426 4180 τῆς
1451 4112 1514 4161 ἐκ
1533 4107 1667 4160 Θεοῦ

151 4203 288 4272 ὀργῆς
315 4207 762 4277 μετελευσομένης
797 4205 994 4266 αὐτοὺς
1020 4203 1114 4255 καὶ
1143 4201 1242 4272 τὴν
1267 4200 1417 4253 πόλιν
1457 4200 1664 4263 αὐτῶν,

151 4291 210 4356 ὡς
233 4298 410 4350 καὶτὸν
434 4301 487 4352 ἐν
517 4299 658 4368 αὐτῇ
702 4295 982 4365 διαϐόητον
1010 4293 1142 4346 νεὼν
1187 4290 1544 4360 ἀφανισθῆναι
1575 4290 1668 4342 καὶ

153 4387 293 4438 πᾶσαν
322 4390 408 4459 τὴν
443 4393 497 4444 ἐν
540 4387 687 4459 αὐτῷ
717 4385 1137 4456 ἐπιτελουμένην
1165 4383 1416 4454 λατρείαν
1445 4381 1670 4435 καταλυ-

136 1806 241 1915 ;;;;
255 1806 493 1916 ,θρᾇἐῇ
538 1806 703 1912 ἓιῑες
732 1843 926 1918 ἦσαν,
960 1847 1067 1912 οὓς
1098 1806 1304 1914 δ’ὁεδς
1333 1806 1510 1916 δ’πρέ
1562 1806 1755 1922 ζῶν-Β

1787 575 1951 630 liabo.
2000 578 2082 634 Me
2129 591 2308 636 autem
2356 585 2484 639 talia
2534 590 2789 645 omnibus
2829 592 3100 649 clamante
3141 612 3206 651 ex
3252 600 3356 654 hac

1787 660 1919 750 hora
1953 679 2124 735 usque
2163 668 2230 721 ad
2263 685 2566 740 vesperam,
2609 684 2772 746 atque
2806 678 2861 732 in
2909 682 3353 750 splendidissima

1787 749 1912 806 luce
1961 761 2016 806 et
2071 755 2124 808 in
2173 759 2416 814 ηιιξισὶιιίιξ,Δ
2437 762 2731 818 salutarem
2781 749 2949 821 ﬁnem
2999 773 3349 840 praedicante,

1784 841 2029 897 exaudiet
2067 861 2238 899 vocem
2269 864 2460 916 meam,
2504 854 2598 922 qui
2629 855 2724 909 tali
2754 872 2839 912 me
2866 860 3061 915 notitia
3092 863 3352 934 dignatus

1785 939 1907 986 εει·
1934 949 2108 1004 neque
2159 937 2301 992 sinet
2335 941 2474 994 ultra
2505 944 2711 998 turbari
2762 947 2816 1002 in
2868 964 2954 1003 me
3004 966 3102 1005 cor
3146 970 3348 1020 meum,

1784 1036 1963 1092 neque
2014 1023 2359 1082 formidinem
2401 1033 2592 1089 mortis
2633 1036 2838 1094 instare
2870 1042 3021 1100 mihi.
3063 1042 3161 1099 llis
3187 1059 3357 1114 porro

1783 1113 2040 1168 omnibus
2067 1115 2317 1172 abductis
2333 1127 2386 1172 et
2406 1119 2686 1191 dissipatis
2723 1142 2791 1181 ex
2827 1130 3007 1185 anima
3034 1113 3354 1197 mea,iredi-

1784 1208 1893 1253 met
1923 1216 2043 1255 eam
2084 1204 2136 1257 in
2182 1220 2314 1274 pace
2378 1209 2447 1261 ab
2483 1210 2551 1265 iis
2595 1215 2687 1284 qui
2729 1231 2847 1270 eam
2893 1224 3219 1279 conturbare
3262 1240 3355 1279 vo-

1786 1290 2002 1348 luerint.
2037 1293 2217 1359 Quare
2239 1298 2363 1353 dico
2390 1319 2401 1354 :
2431 1299 2660 1358 Redimet
2695 1289 2749 1359 in
2768 1323 2896 1374 pace
2923 1313 3156 1366 animam
3181 1332 3350 1370 meam

1785 1378 1850 1430 ab
1881 1380 1968 1443 iis,
2007 1383 2097 1450 qui
2140 1388 2564 1457 appropinquant
2588 1393 2750 1456 mihi;
2780 1401 3026 1464 quoniam
3057 1401 3193 1455 inter
3211 1405 3350 1457 mul-

1785 1477 1864 1520 tos
1893 1481 2046 1524 erant
2069 1475 2401 1531 mecum.Pro
2426 1495 2534 1548 quo
2566 1481 2926 1552 Symmachus
2954 1490 3124 1544 edidit
3148 1507 3162 1543 :
3187 1492 3349 1548 Multi

1783 1557 1921 1610 enim
1970 1563 2283 1619 accedebant
2315 1566 2385 1619 ad
2421 1585 2522 1624 me.
2553 1569 2697 1624 Nam
2737 1575 2827 1643 qui
2858 1577 3070 1633 turbare
3110 1582 3347 1636 volebant

1785 1649 2018 1702 animam
2068 1669 2259 1716 meam,
2303 1658 2506 1711 minimi
2537 1661 2753 1730 quidam
2800 1677 2972 1731 erant,
3013 1685 3141 1739 quos
3181 1670 3344 1736 Deus,

1783 1741 1873 1808 qui
1923 1752 2045 1796 ante
2084 1747 2280 1801 sa’cula
2326 1759 2426 1814 est,
2474 1749 2794 1819 humiliabit,
2839 1759 3124 1814 clamorem
3175 1777 3346 1816 meum

1781 1829 2089 1886 exaudiens.

1854 2112 1979 2168 Haec
2011 2115 2196 2186 itaque
2233 2121 2392 2189 quasi
2425 2136 2455 2175 a
2489 2121 2758 2189 Propheta
2795 2127 2940 2184 dicta
2981 2130 3204 2199 fuerint,
3245 2151 3346 2192 ceu

1782 2215 1846 2255 ex
1900 2204 2118 2272 propria
2164 2221 2396 2274 persona
2444 2225 2608 2266 voces
2657 2215 2961 2283 propositas
3015 2220 3344 2288 proferente.

1784 2289 1940 2355 Quod
1978 2294 2022 2346 si
2056 2294 2124 2347 ab
2156 2295 2276 2365 ipso
2320 2295 2604 2354 Salvatore
2634 2317 2731 2369 per
2761 2305 3136 2374 propheticum
3183 2311 3348 2379 spiri-

1785 2392 1897 2435 tum
1932 2383 2045 2436 haac
2068 2385 2214 2438 dicta
2246 2387 2481 2450 fuerint;
2516 2390 2782 2458 siquidem
2817 2409 2883 2448 ex
2914 2395 3086 2465 ipsius
3114 2414 3347 2467 persona

1783 2471 2066 2525 dicebatur
2098 2475 2251 2538 illud,
2277 2475 2338 2530 Si
2373 2478 2617 2534 inimicus
2656 2483 3014 2540 maledixisset
3046 2489 3194 2556 mihi,
3228 2507 3349 2544 sus-

1784 2559 2054 2616 tinuissem
2110 2567 2306 2635 utique.
2369 2576 2425 2623 et
2472 2578 2698 2639 cetera;
2769 2590 3167 2647 consequenter
3215 2596 3348 2638 sane

1783 2649 1898 2705 haec
1933 2651 2184 2710 Salvator
2216 2657 2416 2714 dixerit
2448 2679 2462 2714 :
2489 2660 2756 2726 Quoniam
2789 2681 2898 2720 non
2931 2668 3210 2737 inimicus,
3248 2672 3347 2728 sed

1782 2741 2023 2809 amicus;
2060 2759 2166 2798 non
2199 2747 2290 2815 qui
2324 2749 2449 2802 odio
2491 2751 2735 2806 haberet.
2772 2756 2864 2810 sed
2898 2757 2991 2818 qui
3021 2759 3184 2824 paulo
3221 2769 3350 2818 ante

1781 2830 2050 2902 diligeret,
2085 2837 2214 2889 talia
2241 2851 2431 2892 contra
2467 2856 2552 2895 me
2578 2857 2747 2898 ausus
2778 2853 2880 2899 est.
2915 2845 3022 2916 Ego
3053 2856 3234 2903 autem
3260 2853 3348 2905 ni-

1779 2919 1856 2973 hil
1896 2923 2018 2990 plus
2062 2925 2306 2994 agebam.
2338 2942 2498 2995 quam
2526 2931 2668 2999 quod
2715 2932 3013 2986 clamabam
3045 2935 3112 2988 ad
3146 2935 3348 3005 Deum;

1779 3023 2013 3079 eumque
2053 3021 2241 3082 utpote
2275 3012 2511 3080 Patrem,
2555 3019 2848 3088 propitium
2902 3021 3188 3076 habebam.
3241 3023 3348 3080 Sed

1780 3100 1856 3153 illi
1903 3102 2121 3171 quidem
2171 3104 2573 3161 insidiabantur
2622 3109 2785 3175 mihi;
2833 3110 2923 3165 hic
2949 3126 3082 3167 vero
3133 3114 3347 3170 salvum

1781 3190 2014 3245 faciebat
2049 3209 2134 3246 me
2168 3212 2180 3246 :
2209 3210 2378 3262 quare
2408 3211 2655 3264 vespere,
2689 3213 2848 3252 mane
2878 3208 2933 3252 et
2978 3200 3204 3256 meridie
3237 3218 3347 3259 non

1781 3281 1942 3335 ﬁnem
1991 3281 2185 3336 iaciam
2237 3282 2416 3338 Patris
2457 3286 2688 3339 virtutes
2737 3287 3026 3342 enarrandi
3056 3291 3344 3358 omnibus;

1779 3381 1941 3442 atque
1982 3375 2222 3428 salutare
2263 3374 2613 3445 Evangelium
2661 3375 2727 3430 ad
2773 3393 2935 3434 aures
2967 3381 3344 3436 universorum

1775 3464 2058 3518 hominum
2107 3463 2432 3534 praedicandi
2479 3485 2491 3520 :
2532 3481 2762 3536 eamque
2809 3483 2997 3522 vocem
3047 3472 3347 3527 exaudiens

1776 3556 1961 3623 Pater,
2008 3556 2225 3611 redimet
2256 3559 2310 3610 in
2357 3573 2485 3625 pace
2529 3559 2764 3612 animam
2814 3577 2984 3613 meam
3028 3561 3092 3613 ab
3135 3563 3220 3624 iis,
3254 3565 3344 3633 qui

1777 3651 2196 3719 appropinquant
2227 3650 2377 3715 mihi,
2410 3650 2460 3704 id
2495 3657 2580 3704 est
2616 3650 2686 3703 ab
2719 3651 2786 3706 iis
2814 3653 2905 3720 qui
2942 3653 3211 3722 proxime,
3232 3669 3343 3708 non

1777 3740 1990 3808 procul,
2032 3741 2350 3810 impugnant
2397 3754 2519 3806 me;
2553 3741 2704 3794 multi
2747 3756 2878 3796 sane
2917 3758 3167 3809 numero,
3201 3759 3342 3812 quos

1777 3828 2084 3883 humiliabit
2125 3831 2216 3899 qui
2249 3837 2334 3883 est
2376 3838 2502 3884 ante
2534 3831 2732 3886 saecula
2780 3831 2943 3888 Deus.
2977 3831 3162 3902 Neque
3194 3849 3342 3889 enm:

1776 3919 1866 3972 illa
1889 3919 1956 3973 ad
1983 3919 2146 3973 breve
2169 3927 2380 3988 tempus
2412 3918 2548 3988 ipsis
2574 3920 2698 3972 data
2720 3921 3123 3989 opportunitas.
3153 3922 3209 3975 in
3233 3937 3340 3990 qua

1776 4009 1988 4078 gloriati
2022 4017 2171 4069 sunt.
2209 4015 2263 4062 et
2287 4009 2560 4063 civitatem
2598 4024 2753 4063 suam
2795 4010 3083 4079 iniquitate
3114 4021 3168 4066 et
3205 4026 3341 4065 eon-

1773 4102 2096 4156 tradictione
2119 4101 2484 4170 repleverunt,
2509 4101 2604 4155 diu
2630 4103 2996 4172 permanebit;
3023 4103 3118 4158 sed
3143 4120 3341 4174 prope-

1774 4193 1917 4248 diem
1944 4192 2398 4254 humiliabuntur,
2433 4190 2644 4278 ira’Dei
2677 4193 2826 4260 ipsos
2855 4199 2910 4246 et
2937 4189 3213 4248 civitatem
3244 4211 3340 4250 eo-

1774 4300 1893 4338 rum
1926 4283 2232 4345 invadente,
2265 4283 2338 4335 ita
2376 4290 2436 4335 ut
2467 4282 2729 4352 templum
2761 4283 2894 4338 illud
2934 4285 3146 4355 insigne
3185 4285 3238 4338 in
3274 4302 3338 4339 ea

1773 4373 2008 4442 positum
2039 4371 2310 4434 diruatur,
2351 4379 2404 4424 et
2428 4372 2608 4426 cultus
2648 4372 2844 4426 ibidem
2877 4375 3107 4442 persolvi
3142 4375 3338 4430 solitus

156 4473 294 4546 θῆναι.
319 4480 484 4545 Οὕτως
517 4476 633 4542 οὖν,
663 4479 761 4550 τῆς
797 4479 932 4548 ἐμῆς
966 4473 1276 4537 ἐπακούσας
1303 4475 1330 4526 ὀ
1353 4472 1484 4536 Θεὸς
1515 4471 1665 4542 βοῆς,

1777 4460 1839 4515 de
1887 4462 2067 4514 medio
2101 4461 2341 4514 tollatur.
2377 4458 2469 4514 Sic
2502 4461 2688 4529 itaque
2737 4460 2881 4517 Deus
2920 4477 3005 4516 me
3038 4464 3336 4518 exaudiens

153 4569 420 4623 ταπεινώσει
443 4570 653 4633 αὐτούς.

212 4657 278 4708 Οὐ
320 4658 419 4727 γάρ
464 4662 638 4713 ἐστιν
677 4655 878 4720 αὐτοῖς
923 4651 1334 4719 ἀντάλλαγμα,
1399 4649 1498 4702 καὶ
1557 4649 1668 4702 οὐκ

155 4746 484 4820 ἐφοϐήθησαν
533 4753 639 4806 τὸν
679 4752 846 4814 Θεὸν,
883 4749 976 4801 καὶ
1021 4746 1088 4800 τὰ
1136 4745 1281 4816 ἐξῆς.
1329 4741 1666 4797 Ταπεινώσει

155 4839 252 4903 τοὺς
277 4844 643 4915 προλεχθέντας
687 4841 900 4903 ἀσεϐεῖς
934 4841 962 4892 6
995 4835 1364 4910 προῦπάρχων
1409 4835 1516 4905 πρὸ
1558 4833 1666 4885 τῶν

157 4928 322 4984 αἰώνων
351 4934 501 4999 Θεός·
553 4933 763 4987 ἔσονταί
798 4948 860 4984 τε
905 4929 1151 4982 ταπεινοὶ
1195 4929 1287 4980 καὶ
1325 4923 1664 4995 διαμενοῦσιν

159 5018 230 5071 ἐπὶ
259 5025 486 5094 μήκιστον
507 5026 737 5080 τοιοῦτοι
762 5041 775 5054 ο
805 5021 923 5075 ἐπεὶ
953 5019 1136 5090 μηδεὶς
1162 5017 1312 5070 ἔσται
1340 5018 1368 5069 6
1401 5015 1538 5086 ὑπὲρ
1568 5015 1662 5067 αύ-

158 5108 241 5163 τῶν
260 5113 405 5182 διδοὺς
431 5117 798 5186 ἀντάλλαγμα.
837 5111 1018 5177 Ἀπαξ
1046 5112 1156 5182 γὰρ
1183 5110 1212 5161 6
1245 5109 1372 5171 Υἱὸς
1407 5107 1500 5160 τοῦ
1527 5105 1663 5160 Θεοῦ

157 5194 309 5272 λύτρον
328 5207 502 5262 ἑαυτὸν
519 5209 690 5273 διδοὺς
713 5209 804 5261 καὶ
825 5205 1176 5274 ἀντάλλαγμα
1201 5201 1340 5272 ὑπὲρ
1363 5200 1470 5253 τῶν
1495 5201 1666 5272 ἁμαρ-

159 5290 321 5359 τωλῶν,
340 5299 452 5363 τοὺς
479 5301 575 5372 μέν
604 5302 681 5365 εἰς
705 5298 864 5353 αὐτὸν
892 5285 1318 5356 πεπιστευκότας
1341 5292 1661 5363 ἐξηγόρασε,

161 5380 331 5438 πάντων
351 5404 404 5440 τε
423 5391 614 5454 αὐτοὺς
634 5389 743 5442 τῶν
773 5386 1052 5459 προτέρων
1079 5383 1490 5455 ἁμαρτημάτων
1517 5382 1665 5452 ἠλευ-

164 5465 378 5540 θέρωσεν·
410 5483 527 5545 τοὺς
562 5481 619 5534 δέ
653 5480 804 5534 εἴασε
835 5477 1146 5540 ταπεινοὺς,
1203 5474 1325 5527 ἐπεὶ
1373 5474 1447 5544 μὴ
1490 5489 1661 5544 προσ-

163 5561 318 5630 iimmo
356 5573 445 5645 τὴν
473 5574 609 5646 ὺπέρ
657 5570 834 5626 αὐτῶν
863 5569 1106 5623 δοθεῖσαν
1141 5567 1325 5637 τιμὴν,
1363 5564 1497 5636 μηδέ
1540 5563 1661 5616 ἐπί-

170 5665 347 5711 στευσαν
380 5664 452 5727 εἰς
491 5664 552 5718 τὸ
589 5662 765 5734 τίμιον
797 5657 937 5731 αἷμα
973 5659 1067 5712 τοῦ
1114 5657 1328 5711 πάντων
1360 5653 1661 5726 ἀνθρώπων

169 5741 398 5810 Αντρωτοῦ
423 5757 510 5809 καὶ
541 5755 806 5824 Σωτῆρος.
843 5752 932 5805 Διό
973 5766 1105 5820 φησι
1139 5750 1266 5817 περὶ
1308 5745 1487 5800 αὐτῶν
1513 5746 1539 5797 6
1572 5744 1658 5798 λό-

1771 4550 2077 4605 bumiliabit
2105 4566 2220 4605 eos.

1844 4637 2006 4695 Vens.
2039 4640 2130 4702 21,
2156 4639 2247 4693 22.
2286 4637 2410 4692 Non
2447 4639 2584 4692 enim
2613 4647 2690 4692 est
2723 4639 2830 4693 illis
2862 4642 3202 4696 commutatio
3223 4682 3237 4703 .
3285 4651 3335 4695 et

1769 4747 1872 4786 non
1901 4733 2182 4784 timuerunt
2241 4729 2426 4792 Deum,
2458 4737 2511 4784 et
2539 4736 2754 4784 caetera.
2785 4729 3109 4785 Memoralos
3141 4733 3335 4802 impios

1766 4822 2076 4876 humiliabit
2103 4821 2194 4891 qui
2225 4827 2308 4876 est
2349 4828 2473 4874 ante
2504 4821 2700 4874 saecula
2737 4818 2902 4886 Deus,
2933 4830 3204 4892 eruntque
3233 4825 3335 4877 hu.

1767 4915 1943 4976 miles,
1970 4929 2034 4967 ac
2063 4914 2200 4966 tales
2252 4910 2344 4963 diu
2402 4909 2818 4977 permanebunt,
2860 4911 2988 4979 quia
3017 4913 3202 4968 nullus
3228 4915 3349 4968 erit‘

1766 5004 1860 5074 qui
1891 5005 1981 5059 det
2020 5018 2118 5073 pro
2157 5001 2264 5055 illis
2291 5001 2794 5054 commutationem.
2838 4999 2972 5055 Nam
2993 5017 3131 5090 _cum
3166 5006 3332 5060 semel

1766 5096 1860 5152 Dei
1893 5094 2064 5150 Filius
2088 5109 2207 5149 sese
2237 5090 2446 5146 dederit
2469 5089 2521 5142 in
2554 5089 3066 5160 redemptionem’et
3087 5108 3334 5148 commu-

1764 5189 2021 5244 tationem
2073 5203 2170 5256 pro
2221 5182 2634 5254 peccatoribus;
2689 5197 2785 5237 eos
2812 5184 3028 5252 quidem
3059 5186 3150 5254 qui
3187 5184 3240 5239 in
3273 5203 3333 5241 se

1763 5280 2108 5338 crediderunt
2141 5275 2359 5339 exeruit,
2386 5285 2546 5344 atque
2579 5289 2608 5327 a
2643 5273 2887 5342 pristinis
2918 5274 3134 5330 delictis
3161 5276 3334 5329 omni-

1765 5373 1867 5428 bus
1918 5369 2204 5435 liberavit;
2257 5368 2395 5421 alios
2451 5381 2581 5420 vero
2640 5366 2859 5435 reliquit
2906 5366 3170 5435 abiectos,
3204 5366 3330 5435 quia

1764 5466 1995 5536 pretium
2031 5477 2129 5533 pro
2159 5477 2218 5516 se
2245 5459 2432 5514 datum
2460 5474 2567 5513 non
2611 5456 2970 5520 admiserunt,
3000 5471 3172 5526 neque
3205 5471 3330 5510 cre-

1763 5557 2019 5611 diderunt
2062 5555 2114 5608 in
2145 5553 2442 5624 pretiosum
2489 5549 2810 5620 sanguinem
2846 5546 3223 5617 Redemptoris
3273 5557 3330 5600 et

1766 5645 2064 5700 Salvatoris
2098 5645 2340 5699 omnium
2376 5642 2676 5697 hominum.
2727 5637 3085 5703 Quamobrem
3123 5637 3190 5690 de
3224 5636 3330 5690 illis

1764 5737 1994 5792 dicitur:
2031 5735 2152 5792 Non
2176 5735 2312 5791 enim
2339 5744 2416 5789 est
2443 5732 2550 5787 illis
2565 5729 2924 5786 commutatio.
2944 5726 3121 5792 Quare
3145 5731 3326 5779 autem
