4100 6442
545 355 556 364 ’
639 359 747 414 ι87

1385 358 1654 416 EUSEBII
1689 359 2164 416 CESARIENSIS
2203 361 2354 416 OPP.
2389 358 2568 416 PARS
2600 359 2688 415 111.
2725 359 3218 416 —-EXEGETICA.

3623 0 3770 280 1

3715 281 3750 352 τ

3809 358 3913 412 888

641 491 752 533 non
777 474 848 530 sit
874 473 982 528 illis
1005 473 1357 528 commutatio
1377 513 1390 534 ,
1429 464 1618 542 postea
1668 473 1828 527 docet
1879 476 1966 531 bis
1991 475 2177 530 verbis
2204 529 2218 553 ,

2326 493 2444 544 γος·
2487 476 2570 528 Οὐ
2596 473 2708 543 γάρ
2741 473 2908 528 ἐστιν
2933 475 3140 538 αὐτοῖς
3167 471 3575 549 divinantes.
3609 471 3730 524 Διά
3775 471 3830 522 τί
3858 472 3913 524 ὢ

640 567 768 636 quia
804 581 904 618 non
935 565 1220 617 timuerunt
1261 562 1446 618 Deum.
1481 561 1575 615 Ille
1599 564 1767 626 enim,
1802 572 1986 632 utpote
2016 566 2214 626 bonus,

642 672 767 712 cum
802 657 962 710 vellet
985 668 1176 707 omnes
1199 653 1448 706 homines
1478 652 1661 706 salvos
1697 653 1836 716 ﬁeri,
1864 662 1916 707 et
1945 655 1999 707 in
2027 655 2219 724 cogni-

643 748 845 801 tionem
880 743 1130 800 veritatis
1159 743 1346 796 venire
1369 743 1390 773 ³
1409 782 1424 804 ,
1452 743 1682 796 extendit
1705 758 1919 796 manum
1949 760 2101 797 suam
2131 759 2222 798 sa-

643 838 893 898 lutarem,
919 841 976 886 ut
1006 833 1071 887 iis
1103 833 1242 886 bona
1279 846 1379 887 sua
1413 832 1762 886 retribueret.
1804 831 1884 885 Illi
1941 848 2070 887 vero
2098 849 2158 888 ea
2188 847 2222 886 a

645 927 865 982 dextera
897 923 988 978 Dei
1015 923 1196 976 oblata
1235 937 1344 978 non
1373 928 1730 990 acceperunt;
1760 923 1855 976 sed
1886 926 2224 978 contamina-

643 1026 825 1072 serunt
857 1025 1225 1069 testamentum
1257 1014 1394 1082 ejus,
1427 1029 1623 1067 novant
1651 1023 1706 1069 et
1734 1016 2102 1085 evangelicam
2145 1018 2222 1071 le-

645 1125 763 1179 gem
789 1115 1126 1176 respuentes.
1156 1106 1338 1172 Quare
1365 1105 1666 1162 secundum
1701 1105 2090 1177 Symmachum
2136 1107 2224 1160 di-

645 1207 792 1252 ctum
820 1207 903 1253 est
930 1214 944 1250 :
973 1197 1226 1251 Extendit
1266 1213 1478 1250 manum
1519 1213 1672 1249 suam
1703 1195 1778 1248 ad
1807 1212 1895 1250 eos
1919 1198 2008 1266 qui
2041 1211 2223 1265 pacem

645 1290 903 1344 habebant
929 1305 1102 1343 secum
1128 1304 1148 1341 :
1179 1288 1496 1358 transgressi
1525 1297 1648 1340 sunt
1679 1287 1886 1354 (rudus;
1921 1288 2221 1342 secundum

643 1379 895 1447 Aquilam
917 1393 1045 1434 vero
1071 1394 1084 1428 :
1111 1377 1264 1431 Misit
1291 1394 1504 1431 manum
1532 1393 1684 1431 suam
1714 1378 1769 1430 in
1799 1379 2050 1447 paciﬁcos
2076 1395 2219 1432 suos.

645 1467 767 1537 Ipse
834 1483 1068 1539 namque
1101 1468 1384 1538 paciﬁcam
1440 1467 1716 1522 dexteram
1771 1469 2014 1537 porrexit
2069 1482 2224 1523 acce—

645 1560 903 1614 dentibus
935 1558 1002 1612 ad
1055 1574 1242 1629 pacem
1279 1559 1455 1628 ipsius
1510 1558 1921 1628 accipiendam;
1982 1559 2061 1612 illi
2094 1573 2224 1613 vero

644 1649 974 1718 transgressi
1019 1656 1148 1700 sunt
1197 1653 1578 1702 testamentum
1611 1646 1770 1715 ejus,
1829 1646 2068 1700 oblatam
2119 1645 2222 1700 sibi

644 1752 832 1806 pacem
887 1751 997 1794 non
1051 1737 1398 1804 accipientes.
1465 1734 1668 1800 Quare,
1723 1750 1856 1805 pace
1903 1750 2030 1788 cum
2083 1735 2249 1799 bello_

2319 565 2419 617 οὐκ
2446 564 2591 617 ἐστιν
2618 565 2800 626 αὐτοῖς
2828 564 3198 634 ἀντάλλαγμα,
3243 543 3373 630 ἑξῆς
3399 563 3640 616 διδάσκει
3691 563 3876 630 λέγων
3895 581 3909 594 α

2320 657 2441 708 ἐπεὶ
2481 656 2568 724 μὴ
2609 655 2997 724 ἐφοϐήθησαν
3035 655 3140 708 τὸν
3185 655 3352 708 Θεόν.
3395 656 3453 707 '0
3489 655 3588 725 μὲν
3630 655 3782 722 γὰρ,
3821 654 3914 707 ita

2320 745 2543 811 ἀγαθὸς,
2579 745 2786 807 πάντας
2819 743 3138 816 ἀνθρώπους
3171 744 3338 798 θέλων
3385 744 3649 813 σωθῆναι,
3691 743 3801 795 καὶ
3841 747 3917 806 εἰς

2321 835 2614 902 ἐπίγνωσιν
2647 834 2902 905 ἀληθείας
2931 835 3125 898 ἐλθεῖν,
3164 834 3418 898 ἐξέτεινε
3449 835 3562 902 τὴν
3591 833 3786 902 χεῖρα
3816 836 3917 886 αὺ-

2321 923 2426 976 τοῦ
2441 924 2540 994 τὴν
2559 925 2824 993 σωτήριον
2844 923 3004 993 εἰςιτὸ
3021 925 3114 975 καὶ
3131 923 3327 986 αὐτοὺς
3347 923 3419 991 (Ι)
3438 920 3780 992 μεταδοῦναι
3809 921 3916 972 τῶν

2323 1013 2516 1067 ἑαυτοῦ
2546 1013 2794 1081 ἁγαθῶν”
2826 1014 2876 1065 οἱ
2899 1014 2955 1066 δὲ
2986 1014 3086 1066 οὐκ
3115 1013 3362 1078 ἐδέξαντο
3406 1015 3555 1082 παρὰ
3591 1013 3704 1080 τῆς
3733 1010 3922 1073 δεξιᾶς

2321 1105 2416 1157 τοῦ
2431 1104 2565 1158 Θεοῦ
2588 1105 3001 1174 προτεινόμενα,
3028 1105 3140 1158 ἀλλ’
3163 1103 3546 1167 ἐϐεϐήλωσαν
3569 1101 3692 1169 τὴν
3708 1100 3923 1166 διαθή-

2322 1212 2440 1263 κην
2457 1195 2665 1258 αὑτοῦ,
2686 1195 2776 1248 τὸν
2807 1197 2990 1248 καινὸν
3021 1196 3185 1265 νόμον
3221 1195 3310 1246 τὸν
3335 1193 3702 1262 εὐαγγελικὸν
3729 1208 3920 1261 παρα-

2323 1287 2704 1357 κρουσάμενοι.
2749 1287 2840 1339 Διὸ
2881 1286 3021 1338 κατὰ
3051 1286 3141 1338 τὸν
3172 1284 3466 1355 Σύμμαχον
3495 1283 3724 1355 εἴρηται
3748 1300 3762 1312 ⁸
3803 1283 3924 1345 Ἐξ-

2323 1380 2508 1432 έτεινε
2550 1379 2664 1445 τὴν
2702 1377 2869 1447 χεᾷνα
2913 1377 3098 1430 αὑτοῦ
3150 1379 3236 1442 εἰς
3286 1376 3427 1440 τοὺς
3482 1376 3925 1442 εἰρηνεύοντες

2324 1467 2472 1536 πρὸς
2497 1471 2714 1522 αὐτόν·
2751 1469 3099 1535 παρέϐησαν
3130 1465 3449 1532 συνθήκην
3472 1482 3484 1494 ·
3523 1465 3617 1517 καὶ
3645 1463 3807 1516 κατὰ
3833 1463 3922 1516 τὸν

2337 1559 2602 1612 Ἀκύλανο
2643 1558 2976 1612 Ἀπέστειλε
3021 1558 3187 1626 χεῖρα
3230 1555 3416 1610 αὑτοῦ
3457 1545 3528 1608 ἐν
3574 1552 3922 1622 εἰρηνικοῖς

2324 1649 2531 1704 αὑτοῦ.
2569 1650 2740 1712 Αὐτὸς
2790 1649 2888 1719 μὲν
2922 1649 3030 1718 γὰρ
3076 1648 3357 1720 εἰρηνικὴν
3399 1647 3578 1710 δεξιὰν
3611 1643 3924 1715 προῦτεινε

2327 1740 2462 1810 πρὸς
2497 1738 2750 1800 ἐλθόντας
2794 1737 3192 1808 παραδέχεσθαι
3234 1738 3333 1807 τὴν
3385 1739 3513 1808 παρ’
3545 1735 3722 1788 αὑτοῦ
3765 1735 3924 1804 εἰρή-

643 1834 1000 1888 commutata,
1023 1826 1178 1879 divisi
1205 1835 1326 1879 sunt
1355 1824 1419 1878 ab
1447 1827 1526 1876 ira
1551 1825 1723 1877 vultus
1748 1825 1882 1893 ejus.
1905 1825 2044 1890 Quia
2071 1825 2218 1878 enim

2326 1848 2451 1902 νην’
2482 1833 2531 1883 οί
2556 1831 2611 1882 δὲ
2652 1828 2971 1900 παρέϐησαν
2996 1828 3094 1898 τὴν
3116 1829 3378 1898 διαθήκην
3412 1828 3596 1892 αὑτοῦ,
3630 1829 3717 1898 μὴ
3751 1845 3924 1880 κατα-

643 1916 871 1984 gratiam
901 1930 1009 1968 non
1044 1914 1408 1975 admiserunt,
1439 1917 1634 1965 merito
1667 1913 1760 1965 ira:
1790 1912 1998 1976 traditi,
2031 1911 2220 1980 procul

643 2005 896 2074 dispersi,
925 2012 978 2058 et
1003 2005 1057 2058 in
1085 2019 1276 2057 omnes
1305 2010 1493 2072 gentes
1535 2001 1786 2069 dissipati
1819 2010 1965 2056 sunt.
2001 2000 2105 2055 Pro
2129 2000 2221 2053 illo

643 2106 846 2161 autem,
881 2095 948 2149 Et
1011 2096 1444 2164 appropinquavit
1495 2109 1585 2147 cor
1631 2093 1798 2147 illius.
1842 2091 2039 2162 Molliti
2097 2102 2221 2145 sunt

642 2204 907 2242 sermones
935 2187 1047 2255 ejus
1076 2202 1230 2253 super
1267 2186 1459 2239 oleum.
1494 2193 1543 2237 et
1574 2183 1671 2250 ipsi
1706 2194 1828 2236 sunt
1853 2183 2042 2251 jacula
2062 2223 2076 2244 ,
2109 2183 2223 2236 cla-

643 2279 758 2332 rius
784 2275 1144 2347 Symmachus
1173 2275 1562 2342 interpretatus
1583 2282 1665 2327 est
1696 2291 1708 2325 :
1747 2271 2002 2325 Dulciora
2035 2272 2221 2342 butyro

644 2383 740 2419 ora
772 2381 952 2420 eorum
979 2381 997 2419 :
1035 2373 1234 2434 pugnat
1268 2379 1385 2416 vero
1409 2379 1499 2416 cor
1526 2362 1936 2430 uniuscujusque
1964 2363 2218 2429 ipsorum.

644 2452 916 2506 Mulliores
949 2461 1069 2505 sunt
1121 2467 1382 2505 sermones
1415 2451 1528 2519 ejus
1559 2451 1693 2514 oleo,
1727 2465 1845 2502 cum
1874 2451 1979 2502 sint
2025 2449 2223 2502 discin-

643 2543 844 2594 dentcs.
887 2539 1023 2594 Vide
1053 2539 1184 2592 mihi
1221 2554 1329 2608 quo
1361 2546 1520 2606 pacto
1554 2538 1644 2591 hic
1675 2538 1838 2590 etiam
1866 2538 1976 2590 duo
2001 2537 2222 2592 ordines

643 2633 1024 2696 declarentur;
1061 2631 1203 2685 alius
1251 2631 1545 2684 multorum
1585 2629 1897 2692 confertim,
1922 2629 1990 2701 de
2023 2630 2222 2701 quibus

645 2724 700 2775 in
724 2722 920 2792 plurali
952 2721 1118 2774 dicit:
1149 2719 1399 2773 Dulciora
1431 2720 1620 2788 butyro
1649 2735 1746 2772 ora
1771 2735 1995 2772 eorum:
2027 2728 2223 2789 pugnat

645 2830 761 2868 uero
822 2829 913 2867 cor
954 2812 1360 2882 uniuscujusque
1415 2826 1630 2873 eorum;
1687 2810 1830 2866 alius
1882 2825 2009 2864 vero
2065 2810 2223 2880 quasi

643 2909 807 2963 unius
836 2915 1078 2970 tantum,
1114 2906 1182 2962 de
1214 2922 1325 2976 quo
1356 2907 1670 2977 singulatim
1695 2907 1922 2970 claudit,
1947 2906 2224 2962 Molliores

643 3009 765 3052 sunt
801 3013 1060 3052 sermones
1097 2997 1210 3065 ejus
1242 2997 1388 3059 oleo,
1445 3013 1562 3050 cum
1603 2997 1708 3050 sint
1739 2997 2108 3053 discindentes.
2162 2999 2226 3052 Et

647 3091 700 3144 bi
733 3093 844 3144 duo
875 3088 1096 3144 ordines
1125 3095 1282 3143 erant
1310 3087 1565 3156 superius
1595 3087 1819 3142 indicati
1841 3129 1854 3149 .
1888 3089 2098 3145 scilicet
2131 3105 2226 3145 eo-

2324 1921 2606 1991 δεξάμενοι
2649 1921 2752 1991 τὴν
2792 1919 3213 1991 προτεινομένην
3263 1921 3446 1982 αὐτοῖς
3496 1920 3756 1990 εἰρήνην.
3808 1918 3922 1978 Διὸ,

2327 2011 2560 2081 πόλεμον
2613 2008 3196 2078 ἀντικαταλλαξάμενοι
3243 2010 3486 2079 εἰρήνης,
3535 2008 3924 2076 διεμερίσθη-

2326 2117 2446 2155 σαν
2486 2101 2603 2156 ἀπὸ
2659 2099 2838 2168 ὀργῆς
2874 2098 2980 2152 τοῦ
3023 2097 3345 2166 προσώπου
3369 2099 3575 2152 αὑτοῦ.
3614 2099 3784 2150 Ἐπεὶ
3812 2096 3922 2164 γὰρ

2330 2189 2404 2260 μὴ
2444 2189 2833 2260 προσεδέξαντο
2871 2187 2969 2259 τὴν
3009 2189 3188 2260 χάριν,
3219 2188 3461 2251 εἰκότως,
3496 2188 3630 2258 ὀργῇ
3671 2187 3922 2257 παραδο-

2328 2277 2532 2340 θέντες,
2570 2279 2785 2348 μακρὰν
2821 2277 3336 2348 διεσκορπίσθησαν,
3370 2277 3465 2329 καὶ
3503 2278 3583 2338 εἰς
3620 2276 3816 2328 πάντα
3855 2274 3918 2326 τὰ

2327 2369 2455 2438 ἔθνη
2505 2369 2983 2431 διασκεδασθέντες
3035 2367 3426 2438 διεσπάρησαν.
3480 2367 3624 2420 ‘Avsi.
3679 2366 3742 2418 δὲ
3799 2365 3918 2426 τοῦ,

2327 2461 2437 2516 Καὶ
2481 2461 2730 2529 ἤγγισεν
2771 2463 2809 2527 ἡ
2844 2459 3056 2528 καρδιά
3101 2460 3307 2513 αὑτοῦ.
3355 2460 3834 2524 Ἠπαλύνθησαν
3867 2459 3920 2510 οἱ

2326 2551 2493 2617 λόγοι
2523 2549 2710 2603 αὑτοῦ
2736 2549 2888 2617 ὑπὲρ
2919 2551 3146 2612 ἔλαιον,
3165 2551 3261 2603 καὶ
3287 2550 3458 2603 αὐτοί
3485 2551 3602 2602 εισι
3631 2547 3917 2613 βολίδες,

2331 2640 2665 2709 σαφέστερον
2710 2641 3054 2710 ἡρμήνευσεν
3087 2642 3116 2692 ὁ
3158 2641 3453 2709 Σύμμαχος
3502 2641 3708 2691 εἰπών·
3749 2640 3920 2692 Asid-

2330 2747 2468 2798 τερα
2491 2731 2796 2797 ,Βουτύρου
2825 2730 2897 2782 τὰ
2928 2731 3195 2796 στόματα
3223 2729 3450 2783 αὐτῶνθ
3480 2729 3738 2797 πολεμεῖ
3769 2729 3842 2781 δὲ
3881 2729 3916 2795 ἡ

2331 2819 2544 2888 καρδία
2571 2819 2830 2873 ἑκάστου
2855 2818 3072 2872 αὐτῶν.
3117 2803 3498 2886 Ἁξπαλώτεροι
3519 2822 3572 2872 ot
3603 2820 3782 2888 λόγοι
3815 2821 3916 2871 αὺ-

2331 2907 2436 2962 τοῦ
2461 2907 2692 2968 ἐλαίου,
2724 2907 2894 2971 ὄντες
2922 2907 3313 2976 ἀνατμητικοί
3343 2907 3445 2976 (ε).
3511 2907 3654 2975 Ὅρα
3691 2907 3754 2958 δὲ
3794 2907 3917 2959 τίνα

2330 2995 2535 3071 τρόπον
2551 2996 2831 3052 κάνταῦθα
2845 2997 2938 3050 δύο
2966 2981 3223 3067 τάγματα
3255 2996 3619 3067 παρίστησινὸ
3637 2995 3801 3062 λόγος
3825 3012 3839 3024 ο
3860 2994 3916 3044 ἓν

2337 3091 2431 3162 μὲν
2465 3088 2677 3143 πολλῶν
2711 3087 2922 3160 ἀθρόως
2959 3088 3101 3142 κατὰ
3129 3087 3190 3140 τὸ
3222 3086 3372 3151 αὐτὸ,
3407 3087 3538 3156 περὶ
3565 3079 3639 3139 ὧν
3667 3085 3913 3154 πληθυν-

646 3197 766 3234 rum
796 3181 889 3250 qui
933 3180 987 3233 in
1027 3179 1250 3233 civitate
1281 3178 1621 3242 habitabant,
1645 3179 1713 3233 de
1765 3179 1967 3248 quibus
2011 3180 2224 3235 diceba-

2331 3181 2498 3244 τικῶς
2549 3198 2681 3251 φησι
2701 3198 2714 3210 ·
2751 3181 3029 3247 Λειότερα
3065 3180 3370 3246 ,ϐουτύρολυ
3403 3178 3476 3231 τὰ
3508 3178 3781 3245 στόματα
3810 3179 3914 3231 αὐ·-

649 3282 780 3325 tur:
826 3271 1091 3336 Quoniam
1149 3269 1258 3322 uidi
1310 3269 1638 3340 iniquitatem
1669 3277 1719 3322 et
1759 3271 2226 3323 contradictionem

645 3365 700 3414 in
735 3361 976 3423 civitate;
1016 3367 1071 3414 ct
1103 3360 1444 3428 proditoris”.
1499 3375 1660 3428 quem
1707 3367 1956 3428 spectant
1990 3360 2179 3414 isthmc
2211 3380 2223 3415 :

649 3452 912 3517 Quoniam
943 3453 990 3504 si
1027 3451 1271 3504 inimicus
1323 3449 1680 3504 maledixisset
1728 3449 1887 3513 mihi,
1941 3451 2229 3504 sustinuis-

647 3559 754 3596 sem
776 3543 971 3610 utique.
1015 3539 1113 3594 Hic
1160 3541 1344 3610 itaque
1375 3541 1632 3609 quoniam
1684 3541 1960 3609 principes
2017 3542 2226 3597 .lndaici

651 3632 831 3701 populi
872 3646 995 3684 cum
1033 3630 1379 3685 simulatione
1406 3630 1827 3699 adulationeque
1861 3631 1928 3684 ad
1978 3631 2226 3687 Salvato-

649 3738 764 3776 rem
800 3731 1186 3786 accesserunt;
1223 3721 1385 3776 modo
1417 3721 1739 3790 magistrum
1791 3736 1890 3775 nec
1913 3737 2038 3775 cum
2092 3739 2228 3792 puro

653 3813 823 3867 corde
855 3812 1278 3882 compellantes;
1332 3812 1493 3866 modo
1541 3811 1786 3866 dicentes
1835 3813 1976 3882 ipsi:
2020 3811 2228 3868 Scimus

647 3908 771 3976 quia
805 3921 961 3959 verax
987 3921 1062 3967 es,
1087 3915 1134 3958 et
1161 3905 1370 3960 verbum
1416 3903 1514 3958 Dei
1561 3905 1615 3956 in
1644 3903 1861 3957 veritate
1897 3903 2080 3967 doces,
2137 3921 2228 3959 nec

647 4009 724 4052 est
766 3997 860 4052 tibi
890 4013 1020 4050 cura
1044 3996 1107 4052 de
1135 3997 1352 4068 aliqua:
1380 4014 1482 4051 non
1515 3998 1653 4050 enim
1685 3999 1900 4066 respicis
1948 4013 2226 4066 personam

647 4090 870 4143 hominis
901 4090 961 4156 ‘;
999 4089 1123 4159 jure
1155 4091 1223 4145 de
1260 4090 1326 4144 iis
1366 4089 1455 4143 hic
1497 4090 1722 4150 dicitur,
1760 4089 2010 4142 Dulciora
2040 4089 2226 4158 butyro

648 4198 743 4234 ora
769 4169 948 4236 eorum
974 4198 992 4233 :
1032 4192 1232 4252 pugnat
1257 4197 1374 4236 vero
1409 4197 1497 4233 cor
1525 4179 1936 4250 uniuscuiusque
1974 4182 2225 4243 illorum;

651 4271 996 4339 peculiariter
1026 4286 1241 4326 rursum
1271 4269 1340 4325 tle
1370 4270 1668 4338 proditore,
1695 4271 1822 4338 quia
1849 4269 2020 4324 Rabl~i
2048 4272 2226 4340 ipsum

650 4371 704 4414 et
733 4361 1054 4430 magistrum
1086 4361 1334 4424 vocabat,
1363 4370 1416 4414 et
1466 4377 1589 4414 cum
1625 4360 1988 4429 proditionem
2023 4361 2227 4412 maelii-

2330 3271 2448 3326 τῶν
2470 3289 2482 3302 ⁸
2532 3271 2784 3340 πολεμεῖ
2806 3270 2874 3323 δὲ
2905 3273 2941 3338 ἠ
2976 3269 3189 3338 καρδία
3220 3266 3483 3322 ἑκάστου
3526 3259 3728 3320 αὐξῶν
3747 3284 3760 3296 °
3799 3267 3912 3320 ἔτει

2331 3379 2424 3432 ρον
2452 3362 2508 3416 δὲ
2543 3362 2731 3434 ὥσπερ
2758 3362 2876 3426 ἑνὸς
2915 3355 3322 3432 μεμονωμένου,
3351 3360 3478 3430 περὶ
3516 3351 3576 3410 οὗ
3620 3358 3769 3422 ἰδίως
3793 3361 3914 3412 ὲπι-

2329 3453 2474 3518 λὲγει
2493 3472 2505 3484 ·
2547 3453 2929 3520 ’,ἁπαλώτεροι
2972 3456 3026 3506 οἱ
3060 3453 3226 3521 λόγοι
3258 3451 3446 3504 αὐτοῦ
3473 3450 3702 3514 ἐλαίου,
3739 3450 3911 3514 ὄντες

2301 3543 2734 3612 ἀνατμητικοί.
2766 3545 2874 3596 Καὶ
2905 3542 3053 3596 ταῦτ’
3081 3538 3148 3612 ἦν
3192 3542 3259 3594 τὰ
3298 3541 3390 3594 δύο
3418 3542 3674 3610 τάγματα
3719 3540 3792 3593 τὰ
3824 3539 3910 3592 διὰ

2327 3636 2436 3688 τῶν
2460 3636 2768 3706 ἔμπροσθεν
2811 3634 3134 3705 δηλούμενα,
3167 3633 3228 3687 τό
3249 3651 3305 3686 τε
3338 3633 3446 3686 τῶν
3488 3633 3589 3704 τὴν
3633 3632 3790 3685 πόλιν
3832 3635 3912 3684 οἱ-

2330 3725 2586 3788 κούντων,
2615 3726 2744 3797 περὶ
2788 3718 2864 3778 ὧν
2895 3725 3112 3793 ἐλέγετο
3134 3741 3147 3754 ·
3183 3725 3300 3776 Ὅτι
3332 3721 3498 3776 εἶδον
3525 3724 3781 3790 ἀνομίαν
3812 3723 3908 3775 καί

2329 3815 2779 3884 ἀντιλογίαν-ἐν
2822 3813 2894 3883 τῇ
2939 3817 3110 3868 πόλει
3130 3831 3143 3844 ο
3181 3816 3276 3866 καὶ
3308 3814 3368 3866 τὸ
3414 3815 3538 3884 περὶ
3571 3812 3664 3866 τοῦ
3708 3811 3908 3882 προδό-

2327 3923 2440 3968 του,
2473 3907 2602 3977 περ“ι
2629 3900 2689 3957 οὗ
2717 3906 2952 3974 ἔφασκεν
2979 3906 3007 3956 ό
3035 3904 3222 3972 λόγος·
3260 3895 3399 3966 Ὅτι,
3431 3907 3482 3957 εί
3515 3903 3728 3971 ἐχθρὸς
3749 3903 3911 3956 ὠνεί-

2328 3993 2460 4047 δισέ
2481 4013 2576 4062 με,
2617 3995 2928 4064 ὑπήνεγκα
2961 3996 3054 4048 ἄν.
3090 3996 3199 4048 Καὶ
3227 3991 3460 4047 ἐνταῦθα
3492 3993 3689 4055 τοίνυν,
3718 3991 3910 4062 ἐπειδὴ

2329 4086 2639 4156 προσῄεσαν
2672 4087 2748 4157 τῷ
2796 4086 3010 4157 Σωτῆρι
3059 4085 3175 4156 μεθ’
3216 4086 3556 4156 ὑποκρίσεως
3605 4083 3699 4136 καὶ
3747 4083 3909 4137 κολα-

2329 4179 2481 4240 κείας
2513 4179 2563 4230 ot
2616 4178 2875 4248 ἄρχοντες
2921 4176 3014 4228 τοῦ
3060 4176 3326 4228 Ἰουδαίων
3374 4174 3581 4238 ἔθνους,
3617 4173 3749 4224 ποτὲ
3805 4172 3908 4240 μὲν

2327 4268 2641 4321 διδάσκαλον
2689 4267 3089 4326 ἀποκαλοῦντες
3140 4266 3201 4318 οὐ
3257 4266 3356 4318 σὺν
3406 4265 3621 4334 καθαρᾷ
3681 4262 3903 4333 καρδίᾳ,

2329 4359 2458 4410 ποτὲ
2479 4343 2546 4409 ’δὲ
2591 4357 2839 4425 λέγοντες
2887 4355 3068 4426 αὐτῷ’
3111 4356 3385 4424 Οἴδαμεν,
3433 4355 3523 4408 ὅτι
3560 4351 3796 4420 ἀληθὴς
3831 4348 3906 4412 εἴ,

652 4459 935 4511 narentur.
961 4450 1188 4505 aﬂ‘ectus
1209 4458 1263 4505 et
1285 4451 1536 4505 amicitiae
1553 4451 1796 4520 symbola
1825 4451 2010 4511 dabat,
2030 4451 2224 4503 merito

2329 4447 2564 4501 καὶτὸν
2595 4450 2782 4517 λόγον
2828 4447 2932 4501 τοῦ
2977 4448 3125 4502 Θεοῦ
3159 4449 3228 4500 ἐν
3270 4447 3523 4516 ἀληθείᾳ
3565 4444 3902 4510 διδάσκεις’

649 4540 858 4594 dictum
890 4549 996 4600 est,
1028 4538 1078 4591 Μ
1088 4540 1300 4592 altiores
1329 4548 1451 4592 sunt
1481 4555 1741 4591 sermones
1780 4540 1893 4607 eius
1926 4539 2036 4592 oleo
2058 4579 2074 4601 ,
2103 4555 2224 4592 cum

2327 4539 2424 4591 καί
2466 4541 2537 4592 οὐ
2564 4540 2733 4606 μέλει
2779 4556 2875 4591 σοι
2910 4538 3043 4605 περὶ
3085 4538 3364 4602 οὐδενός·
3417 4538 3489 4590 οὐ
3518 4535 3629 4604 γὰρ
3651 4533 3907 4598 ,βλέπεις

649 4631 754 4682 sint
797 4628 1183 4690 discindeutes;
1241 4627 1363 4682 sive
1414 4627 1712 4682 secundum
1757 4627 1899 4680 LXX
1955 4629 2227 4696 Interpre.

649 4729 752 4780 tes.
781 4719 977 4774 Molliti
1005 4728 1127 4773 sunt
1159 4735 1421 4772 sermones
1465 4719 1579 4788 ejus
1611 4733 1764 4785 super
1794 4718 1962 4772 oleum
1982 4759 1996 4783 ,
2048 4727 2097 4771 et
2125 4718 2224 4786 ipsi

648 4819 770 4862 sunt
790 4809 999 4878 jacula.

2325 4630 2412 4692 είς
2441 4628 2762 4694 πρόσωπον
2791 4627 3104 4694 ἀνθρώπου
3127 4643 3140 4656 -
3173 4625 3399 4687 εἰκότως
3429 4623 3554 4694 περὶ
3592 4620 3774 4675 αὐτῶν
3799 4638 3905 4691 φη-

2329 4735 2412 4770 σιν
2441 4716 2671 4770 ἐνταῦθα
2713 4719 2741 4770 ό
2782 4717 2938 4784 λόγος
2960 4733 2972 4746 ·
3010 4717 3284 4783 Λειότερα
3321 4715 3628 4780 βουτύρου
3657 4709 3730 4763 τὰ
3761 4711 3904 4763 στό-

2324 4824 2482 4876 ματα
2529 4807 2758 4862 αὐτῶν
2801 4808 3048 4876 πολεμεῖ
3077 4807 3145 4860 δὲ
3175 4808 3212 4875 ή
3255 4804 3467 4871 καρδία
3502 4803 3764 4856 ἑκάστου
3801 4803 3906 4854 αὐ-

652 4900 792 4953 τῶν.
849 4900 1014 4964 Ἰδίως
1038 4899 1098 4962 δὲ
1132 4899 1292 4952 πάλιν
1321 4897 1452 4969 περὶ
1484 4897 1576 4950 τοῦ
1607 4897 1887 4968 προδότου,
1916 4898 2101 4969 ἐπειδὴ
2125 4899 2219 4952 καὶ
2264 4900 2515 4954 Ῥαϐὅεὶν
2551 4901 2713 4954 αὑτὸν
2753 4901 2847 4952 καὶ
2879 4899 3198 4953 διδάσκαλον
3232 4898 3514 4960 ἀποκαλεῖ,
3544 4893 3791 4966 σύμϐολὰ
3845 4911 3903 4945 τε

645 4991 936 5055 διαθέσεως
976 4993 1071 5043 καὶ
1134 4990 1313 5059 φιλίας
1381 4989 1632 5059 παρεῖχε,
1685 4990 1783 5060 τὴν
1842 4989 2128 5062 προδοσίαν
2162 4991 2502 5063 ποιούμενος,
2545 4993 2768 5056 εἰκότως
2815 4991 2944 5061 περὶ
2987 4990 3151 5044 αὐτοῦ
3191 4990 3473 5043 λέλεκται’
3517 4985 3903 5054 Ἀπιαῑώτεροι

645 5085 700 5135 οι
749 5081 918 5150 λόγοι
979 5080 1164 5133 αὐτοῦ
1206 5079 1412 5132 ἐλαίου
1440 5116 1454 5140 ,
1507 5079 1676 5142 ὄντες
1700 5078 2085 5148 ἁνατμητικοί
2103 5098 2116 5111 ·
2178 5082 2212 5151 ἢ
2251 5081 2390 5136 κατά
2431 5084 2556 5146 τοὺς
2620 5081 3041 5154 Ἑϐδομήκοντα·

645 5169 832 5227 αὑτοῦ
875 5169 1024 5237 ὑπὲρ
1057 5170 1284 5232 ἔλαιον,
1319 5167 1416 5220 καί
1450 5169 1620 5222 αὐτοί
1645 5171 1765 5223 εἰσι
1798 5169 2068 5237 βολίδες.

721 5261 882 5318 Vsus.
911 5261 1102 5322 25,2l.
1121 5258 1280 5313 Jacta
1304 5274 1454 5326 super
1480 5258 1760 5313 Dominum
1776 5276 1956 5314 curam
1986 5273 2154 5327 tuam,
2171 5273 2221 5316 et

647 5357 756 5426 ipse
785 5365 832 5409 te
860 5355 1124 5408 cnutriet:
1158 5369 1260 5405 non
1291 5351 1438 5404 dabit
1466 5352 1518 5404 in
1543 5363 1794 5405 a’ternum
1824 5354 2222 5421 ﬂuctuationem

650 5452 820 5510 iusto,
861 5456 914 5500 et
939 5453 1154 5499 callera.
1188 5444 1266 5497 llli
1308 5442 1525 5513 quidem
1579 5461 1704 5498 cum
1741 5444 1868 5499 dolo
1905 5453 1959 5500 et
1995 5447 2222 5501 simula-

720 5565 738 5596 ³
777 5562 796 5615 1
830 5561 971 5616 Tim.
1013 5576 1086 5622 Il,
1115 5562 1168 5616 4.
1247 5561 1268 5592 ι
1306 5559 1492 5615 Matth.
1528 5575 1672 5620 xxu,
1711 5559 1798 5614 16.

3121 5083 3590 5146 Ἡπαλύνθησαν
3637 5081 3694 5131 οι
3734 5077 3902 5146 λόγοι

2412 5265 2754 5332 Ἐπίρῤιψον
2783 5264 2881 5318 ἐπὶ
2910 5264 3129 5331 Κύριον
3165 5260 3280 5329 τὴν
3311 5250 3605 5330 μέριμναν
3629 5259 3774 5321 σου,
3802 5259 3898 5312 καί

2329 5358 2510 5421 αὑτός
2539 5371 2616 5409 σε
2653 5355 2955 5424 διαθρέψει
2977 5370 2990 5385 °
3027 5357 3099 5409 οὐ
3129 5353 3305 5408 δώσει
3331 5356 3418 5418 εἰς
3451 5351 3558 5404 τὸν
3582 5347 3768 5403 αἰῶνα
3793 5347 3901 5404 σά-

2328 5451 2442 5500 λον
2484 5447 2562 5513 τῷ
2587 5429 2826 5512 Ιδικαίῳ,
2861 5447 2956 5500 καὶ
2995 5446 3068 5500 τὰ
3117 5445 3262 5516 ἑξῆς.
3309 5445 3371 5497 υἰ
3431 5442 3529 5514 μὲν
3579 5442 3677 5495 σὺν
3715 5438 3898 5527 ἀπᾴτὲ

721 5657 794 5720 (ti
825 5657 1068 5718 Aormic.
1095 5639 1450 5707 Et'sententia
1475 5660 1524 5704 ct
1553 5663 1846 5723 syntaxcos
1877 5661 2014 5708 ratio
2039 5651 2224 5722 postult

2326 5653 2507 5716 ιύτοίς.
2548 5654 2682 5708 Ent't‘
2695 5699 2706 5711 .

721 5725 796 5795 (τὶ)
831 5725 984 5779 (ἷιιίὶ).
1020 5725 1176 5780 habet
1206 5722 1585 5794 ἀπονμητικοί.
