4100 6442
295 367 402 423 489

1428 373 1937 433 COMMENTARIA
1975 378 2040 434 ΙΝ
2083 377 2424 444 PSALMOS’.

3027 419 3068 470 ο
3446 396 3552 452 tuo

291 483 390 537 καὶ
422 481 708 553 ὑποκρίσει
752 480 1120 551 άπαλύνοντες
1167 484 1379 542 ἑαυτῶν
1422 491 1548 555 τοὺς
1590 490 1782 562 λόγους
1812 494 1871 548 ὲκ

1979 496 2127 554 tione
2158 500 2466 557 mollientes
2500 502 2676 573 palam
2733 520 3015 564 sermones
3048 525 3204 575 suos,
3246 511 3373 568 dum
3405 513 3550 572 intus

289 573 385 628 τοῦ
429 573 688 644 φανεροῦ,
722 574 923 630 ἔσωθεν
963 577 1022 631 δὲ
1066 579 1263 644 αὐτοὺς
1308 581 1690 650 άκοντίσαντες
1735 587 1877 660 ὑπὲρ

289 666 532 738 βολίδας,
581 665 718 721 ἀλλὰ
765 669 859 722 καὶ
898 670 1062 734 αὐτὸς
1103 674 1131 726 ὀ
1171 673 1436 745 προδότης
1482 677 1722 745 γεγονὼς
1780 679 1875 735 τοῦ

287 761 566 831 Σωτῆρος,
600 760 789 815 ὁποίου
816 762 1004 829 τέλους
1042 763 1322 830 τεύξονται
1355 765 1682 839 δεδήλωταιο
1713 771 1776 824 σὺ
1817 767 1875 824 δὲ

281 854 318 908 ὀ
368 851 572 905 τούτων
618 853 988 926 ἀκροώμενος,
1042 857 1431 929 σωφρονισθεὶς
1471 860 1580 914 ἀπὸ
1623 861 1718 916 τοῦ
1767 862 1876 916 τῶν

286 941 739 1013 προλελεγμένων
791 946 1005 1010 τέλους,
1058 948 1153 1001 καὶ
1198 951 1226 1002 ὀ
1279 948 1356 1021 τῷ
1414 953 1876 1025 προφητευομένῳ

283 1033 408 1087 ὅλον
440 1034 638 1089 σαυτὸν
679 1037 972 1102 ἐπιδιδοὺς,
1005 1039 1218 1112 Θάρσει,
1248 1041 1348 1114 τὴν
1385 1042 1583 1097 σαυτοῦ
1617 1041 1876 1116 φροντίδα

285 1127 586 1198 ὲπιρῤίψας
623 1129 710 1181 ἐπ’
758 1129 942 1194 αὑτὸν,
976 1125 1064 1184 οἷα
1108 1133 1286 1204 Καινῇ
1317 1134 1560 1210 Διαθήκῃ
1605 1136 1876 1209 μαθητευ-

285 1217 424 1285 θεὶς,
459 1220 526 1273 δι’
555 1215 623 1293 ἧς
653 1222 816 1287 αὐτὸς
849 1225 879 1278 ὁ
903 1224 1093 1298 Σωτὴρ
1121 1225 1368 1280 παιδεύει
1391 1227 1564 1298 λέγων
1585 1247 1598 1262 ·
1633 1229 1731 1298 Μὴ
1777 1248 1878 1300 μευ

281 1311 616 1381 (λιμνήσητε
669 1313 726 1367 τί
775 1313 1020 1384 φάγητε,
1061 1315 1217 1386 μηδὲ
1264 1319 1321 1372 τί
1371 1319 1575 1388 πίητεο
1619 1321 1734 1387 καὶ,
1773 1322 1873 1390 Μὴ

283 1403 598 1472 κτήσησθε
639 1406 874 1473 χρυσὸν
913 1407 1070 1477 μηδὲ
1121 1409 1400 1481 ἄργυρον,
1443 1412 1600 1482 μηδὲ
1644 1414 1876 1485 χαλκὸν

283 1499 380 1564 εὶς
435 1498 542 1564 τὰς
572 1496 755 1565 ζώνας
800 1498 984 1568 ὑμῶν.
1023 1500 1186 1556 Ταῦτ’
1220 1500 1312 1558 οὖν
1359 1505 1619 1573 φυλάξας,
1652 1506 1875 1576 ἐπιρρι-

281 1592 413 1659 ψον
439 1589 536 1643 ἐπὶ
571 1590 792 1658 Κύριον
817 1590 934 1659 τὴν
967 1593 1262 1663 μέριμναν
1293 1610 1432 1659 σου,
1459 1596 1554 1649 καί
1595 1598 1777 1665 αὐτός
1801 1613 1874 1652 σε

279 1680 614 1752 διαθρέψει,
645 1682 734 1736 τὸν
767 1682 932 1756 ἄρτον
978 1703 1061 1739 σοι
1093 1686 1269 1752 διδοὺς
1312 1687 1404 1741 τὸν
1447 1689 1742 1755 ἐπιούσιον,
1779 1690 1874 1745 καὶ

1979 601 2306 646 exacuerth
2342 593 2464 662 plus
2488 611 2649 664 quam
2682 596 2820 664 tela,
2854 599 2962 652 iuro
2996 601 3159 656 etiam
3213 603 3329 674 ipse
3364 604 3551 660 Salva-

1979 680 2115 736 toris
2143 682 2412 752 proditor,
2449 701 2609 756 quem
2646 687 2807 743 linem
2850 693 3064 748 nacturi
3093 693 3201 747 sint
3243 696 3349 761 iam
3381 697 3556 752 decla-

1976 777 2155 826 ratum
2185 781 2305 840 est;
2342 784 2398 829 tu
2432 791 2562 831 vero
2587 778 2679 848 qui
2723 778 2836 834 haec
2865 783 3166 845 auscultas.
3193 799 3382 840 eorum
3415 803 3555 857 quos

1977 864 2320 920 narravimus
2349 867 2496 922 exitu
2534 869 2774 939 prudens
2798 871 3026 928 effectus
3051 915 3065 938 ,
3111 883 3164 928 et
3201 876 3451 947 quisquis
3500 876 3549 934 ei

1976 954 2070 1021 qui
2114 953 2168 1007 in
2200 953 2456 1010 vaticiuio
2494 957 2663 1013 fertur
2715 966 2768 1015 te
2825 967 2998 1016 totum
3029 961 3268 1030 dedisti,
3315 966 3549 1032 confide,

1975 1043 2413 1100 edoctusaNovo
2443 1045 2790 1105 Testamento
2821 1067 3008 1106 curam
3029 1059 3176 1108 tuam
3211 1069 3376 1125 super
3402 1055 3554 1110 illum

1970 1133 2203 1203 jactare,
2239 1135 2329 1190 ubi
2363 1137 2480 1206 ipse
2516 1136 2766 1195 Salvator
2816 1141 2958 1198 hanc
2996 1141 3302 1200 doctrinam
3345 1145 3548 1201 tradit:

1979 1222 2162 1280 Nolite
2194 1227 2412 1281 solliciti
2442 1245 2554 1284 esse
2580 1231 2704 1301 quid
2738 1233 3086 1300 manducetis,
3123 1247 3215 1290 aut
3249 1236 3374 1308 quid
3405 1237 3552 1291 biba-

1978 1316 2047 1370 tis
2079 1318 2100 1348 ⁵
2128 1335 2142 1383 ;
2198 1327 2252 1373 et
2296 1337 2309 1373 :
2354 1318 2534 1375 Nolite
2558 1323 2824 1390 possidere
2863 1342 3050 1380 aurum
3071 1367 3086 1392 ,
3119 1343 3210 1382 nec
3247 1340 3549 1398 argentum,

1977 1425 2138 1480 neque
2169 1427 2241 1466 ws
2271 1413 2324 1466 in
2373 1414 2520 1468 zonis
2551 1425 2735 1470 vestris
2770 1417 2809 1472 ⁸.
2843 1415 2969 1475 Htec
3001 1419 3183 1490 itaque
3212 1437 3335 1476 cum
3367 1437 3553 1478 serva-

1975 1503 2142 1566 veris,
2171 1504 2325 1573 jacta
2359 1518 2514 1575 super
2539 1505 2823 1562 Dominum
2851 1526 3032 1565 curam
3060 1521 3226 1576 tuam,
3268 1525 3318 1568 et
3358 1515 3466 1585 ipse
3503 1521 3553 1570 te

1974 1597 2206 1650 enutriet
2236 1635 2250 1659 ,
2300 1597 2438 1653 dans
2469 1599 2567 1653 tibi
2616 1615 2808 1670 panem
2845 1605 3425 1674 supersubstantialem
3450 1646 3466 1670 ,
3500 1617 3556 1663 et

1975 1687 2296 1743 rationalem
2362 1689 2752 1764 ccelestemque
2825 1693 3058 1763 cibum;
3127 1697 3554 1755 subministrans

279 1772 389 1843 τὴν
432 1773 656 1844 λογικὴν
706 1772 800 1826 καὶ
843 1775 1166 1848 ἐπουράνιον
1222 1777 1463 1850 τροφήν·
1513 1778 1773 1852 ἐπαρκῶν
1816 1779 1871 1833 δὲ

1976 1795 2196 1850 quoque
2229 1795 2291 1836 ea
2335 1797 2456 1852 quae
2494 1794 2621 1840 sunt
2649 1785 2715 1840 ad
2745 1786 2907 1843 vitam
2940 1789 3290 1846 necessaria:
3330 1791 3381 1846 id
3407 1792 3552 1847 enim

279 1841 381 1923 καὶ
399 1868 466 1922 τὰ
483 1841 624 1941 πρὸς
636 1869 727 1923 τὸν
749 1870 861 1941 βίον
878 1841 1133 1942 χρειώδη.
1154 1841 1348 1944 Τούτιρ
1451 1871 1560 1945 γάρ
1601 1841 1871 1946 ἐπήγγελ-

1974 1869 2250 1939 pollicitus
2272 1871 2358 1928 his
2389 1873 2573 1929 verbis
2605 1884 2689 1931 est
2716 1894 2729 1930 :
2759 1875 2870 1932 Scit
2909 1880 3048 1934 enim
3086 1881 3250 1936 Pater
3275 1891 3440 1938 vester
3461 1900 3557 1939 ea:-

276 1975 376 2013 ται
416 1961 626 2031 φήσας·
677 1958 810 2016 Οῒδε
851 1965 964 2033 γὰρ
1004 1966 1038 2018 ὀ
1078 1963 1283 2033 Πατὴρ
1314 1965 1480 2034 ὑμῶν
1523 1967 1556 2020 ὀ
1590 1964 1870 2035 οὐράνιος

274 2045 373 2106 ὧν
396 2054 609 2123 χρείαν
636 2053 804 2124 ἔχετε
834 2055 949 2123 πρὸ
981 2053 1088 2109 τοῦ
1120 2073 1173 2109 τι
1201 2056 1386 2110 αὑτὸν
1416 2054 1656 2124 αἰτῆσαι
1691 2056 1866 2127 ὑμᾶς.

277 2145 479 2212 Αὐτός
516 2159 590 2200 σε
632 2145 702 2200 δὲ
740 2145 1066 2216 διαθρέψει,
1115 2147 1190 2212 ὡς
1251 2147 1346 2202 καὶ
1398 2139 1576 2202 πάντα
1621 2147 1827 2204 δίκαιον
1850 2165 1866 2182 ο

274 2235 474 2290 οὐδένα
513 2237 622 2310 γάρ
667 2237 886 2292 πώποτε
935 2237 1044 2291 τῶν
1076 2237 1300 2291 δικαίων
1332 2238 1744 2305 καταλέλοιπεν,
1794 2239 1871 2304 ὡς

277 2313 577 2403 ὑπομεῖναι
611 2333 773 2388 αὑτὸν
808 2333 970 2387 σάλον
1009 2333 1146 2406 πρὸς
1188 2333 1249 2386 τὸ
1297 2333 1622 2404 σαλευθῆναι
1660 2334 1754 2387 καὶ⁴
1787 2334 1872 2388 ὲκ-

275 2427 493 2479 πεσεῖν.
524 2424 616 2478 Atb
649 2424 896 2480 λέλεκται
927 2423 1055 2496 ἑξῆς
1078 2441 1092 2456 ·
1129 2427 1212 2481 Οὐ
1235 2424 1415 2480 δώσει
1447 2428 1533 2494 είς
1554 2424 1661 2480 τὸν
1686 2425 1872 2480 αιῶνα

276 2514 484 2570 σάλον
523 2516 604 2583 τῷ
651 2515 891 2584 δικαίῳο
940 2516 974 2587 ἢ
1022 2517 1164 2572 κατὰ
1214 2517 1307 2573 τὸν
1354 2517 1685 2590 Σύμμαχονο
1747 2520 1870 2573 οὐκ

277 2605 537 2661 ἐκδώσει
582 2608 669 2674 εὶς
695 2607 883 2661 αἰῶνα
925 2608 1282 2678 κλεισθῆναι
1335 2607 1585 2664 δίκαιον.
1644 2609 1736 2663 Διὸ
1785 2609 1874 2664 λέ-

281 2695 474 2752 λεκται
521 2700 579 2751 ὲν
621 2699 828 2770 ἑτέροις
851 2716 864 2729 ·
914 2699 1210 2768 Νεώτερος
1252 2699 1566 2770 ἐγενόμην,
1616 2701 1713 2756 καὶ
1763 2701 1872 2772 γὰρ

276 2790 576 2859 ἐγήρασα,
617 2793 714 2847 καὶ
745 2794 857 2847 οὐκ
896 2788 1060 2847 εἶδον
1087 2792 1320 2848 δίκαιον
1342 2793 1873 2864 ἐγκαταλελειμμέ-

278 2899 418 2946 νον,
455 2883 598 2937 οὐδὲ
625 2882 692 2937 τὸ
719 2883 958 2954 σπέρμα
979 2883 1166 2942 αὐτοῦ
1196 2885 1411 2954 ζητοῦν
1434 2885 1674 2954 ἄρτους.
1704 2886 1870 2941 Ταῦτ’

279 2972 478 3035 εἰπὼν,
509 2974 637 3044 ἑξῆς
679 2975 875 3044 ἐπάγει
907 2976 1036 3048 περὶ
1082 2976 1189 3030 τῶν
1237 2977 1538 3032 ἐπιϐούλων
1566 2977 1662 3032 τοῦ
1690 2981 1872 3052 Σωτῆ-

281 3082 382 3136 ρος
405 3065 488 3130 τὸ,
521 3067 605 3120 Σὺ
639 3067 707 3120 δὲ
749 3071 783 3122 ὁ
827 3068 972 3134 Θεὸς
1011 3068 1288 3136 κατάξεις
1317 3069 1540 3138 αὐτοὺς
1565 3073 1653 3138 εις
1686 3072 1872 3142 φρέαρ

1971 1960 2118 2014 testis
2141 1977 2365 2032 quorum
2395 1979 2523 2033 opus
2561 1965 2784 2033 habetis,
2811 1979 3089 2042 antequam
3112 1973 3235 2043 quid
3256 1991 3342 2028 vos
3364 1973 3554 2044 petatis

1973 2051 2039 2106 ab
2068 2053 2180 2122 ipso
2209 2055 2252 2110 ".
2287 2053 2408 2124 Ipse
2443 2066 2490 2112 te
2509 2060 2754 2123 enutriet,
2791 2071 2851 2116 ut
2895 2071 2948 2116 et
2982 2066 3282 2135 quemlibet
3315 2067 3550 2138 justum;

1972 2147 2244 2203 neminem
2275 2150 2421 2204 enim
2460 2149 2738 2222 justorum
2782 2169 3021 2226 unquam
3081 2157 3153 2212 ita
3201 2159 3452 2231 reliquit,
3493 2169 3556 2216 ut

1971 2239 2380 2298 ﬂuctuationem
2427 2253 2725 2314 pateretur,
2764 2262 2828 2302 ac
2878 2249 3161 2305 vacillaret
3215 2259 3269 2307 et
3311 2250 3550 2308 caderet.

1973 2332 2154 2400 Quare
2178 2335 2281 2390 sub
2311 2335 2426 2392 haec
2452 2337 2658 2393 dictum
2695 2347 2817 2395 est:
2860 2339 2982 2396 Non
3026 2341 3172 2396 dabit
3205 2344 3260 2397 in
3299 2352 3555 2399 a'ternum

1973 2425 2371 2493 ﬂuctuationem
2391 2427 2568 2493 iusto;
2593 2428 2707 2485 sive
2733 2437 2790 2482 ut
2819 2429 3217 2502 Symmachus:
3254 2431 3373 2488 Non
3405 2435 3554 2489 dabit

1973 2515 2028 2569 in
2057 2525 2308 2572 wternum
2331 2517 2509 2573 claudi
2523 2520 2750 2590 justum.
2781 2519 2906 2577 Ideo
2935 2522 3064 2577 alibi
3088 2523 3290 2579 dicitur
3316 2542 3330 2580 :
3359 2519 3554 2580 Iunior

1974 2604 2289 2674 fui,etenim
2319 2610 2498 2676 senui,
2543 2621 2591 2664 et
2635 2627 2737 2665 non
2792 2611 2899 2665 vidi
2945 2611 3153 2681 justum
3207 2611 3550 2682 derelictum,

1973 2711 2066 2749 nec
2094 2711 2266 2752 semen
2295 2698 2408 2768 ejus
2437 2717 2674 2771 φατι-τηε
2723 2717 2882 2771 panes
2932 2703 2972 2757 ³.
3033 2701 3128 2759 His
3161 2705 3386 2774 prolatis
3411 2747 3426 2773 ,
3484 2703 3554 2762 de

1973 2784 2386 2846 insidiatoribus
2413 2788 2715 2850 Salvatoris
2735 2793 2838 2848 hoc
2862 2794 3050 2864 adjicit
3075 2814 3087 2849 :
3124 2794 3203 2849 Tu
3225 2809 3360 2864 vero,
3392 2795 3551 2864 Deus,

1972 2877 2194 2936 deduces
2237 2898 2324 2937 eos
2371 2884 2425 2937 in
2463 2894 2676 2954 puteum
2727 2887 3007 2949 interitus;
3047 2887 3190 2952 sive,
3249 2889 3549 2944 secundum

1975 2968 2382 3042 Symmachum,
2418 2973 2496 3028 Tu
2527 2991 2665 3041 vero,
2700 2975 2876 3041 Deus,
2919 2976 3131 3047 dejicies
3162 2993 3246 3032 eos
3277 2979 3329 3032 in
3374 2977 3551 3032 larum

1972 3061 2216 3118 interitus
2247 3067 2310 3119 ἐ
2365 3065 2432 3120 de
2480 3082 2590 3138 quo
2629 3068 2750 3122 lacu
2803 3077 3058 3124 sexcenta
3113 3068 3364 3138 superius
3405 3068 3549 3122 dicta

282 3157 610 3227 διαφθορᾶς
633 3176 646 3189 °
682 3159 716 3230 ἢ
750 3159 893 3244 κατά
919 3161 1010 3214 τὸν
1051 3161 1379 3234 Σύμμαχον·
1413 3164 1498 3218 Σὺ
1537 3165 1606 3218 δὲ
1649 3168 1684 3220 ό
1726 3167 1866 3234 Θεὸς

1976 3164 2138 3221 sunt,
2175 3158 2406 3228 exempli
2437 3159 2610 3230 gratia
2638 3179 2650 3214 :
2688 3158 3012 3228 Exspectans
3043 3161 3334 3229 exspectari
3365 3159 3551 3214 Domi-

283 3248 663 3318 κατενέγκεις
702 3239 926 3317 αὑτοῦς
957 3253 1042 3318 είς
1068 3251 1302 3306 λάκκον
1343 3253 1699 3324 διαφθορᾶς·
1748 3258 1876 3329 περὶ

282 3332 346 3393 οὗ
374 3339 576 3394 λάκκου
611 3342 781 3412 μυρία
809 3341 900 3396 διὰ
926 3341 1034 3396 τῶν
1067 3343 1375 3417 ἔμπροσθεν
1408 3345 1621 3418 εἴρηται
1641 3363 1656 3378 ο
1680 3345 1870 3421 ὥσπερ

287 3433 348 3484 ὲν
394 3432 500 3503 τῷο
561 3433 896 3504 Ὑπομένων
943 3435 1235 3506 ὑπέμεινα
1290 3437 1397 3492 τὸν
1453 3440 1676 3508 Κύριον
1697 3480 1712 3504 ,
1775 3440 1872 3495 καὶ

283 3521 597 3596 προσέσχε
626 3545 749 3596 μοι,
795 3529 895 3583 καὶ
932 3527 1196 3600 ἀνήγαγέ
1221 3547 1298 3600 με
1321 3531 1390 3584 ἐκ
1411 3531 1644 3587 λάκκου
1672 3537 1874 3588 ταλαι-

285 3619 532 3686 πωρίας,
579 3619 680 3673 καὶ
713 3620 834 3674 ἀπὸ
866 3621 1065 3690 πηλοῦ
1113 3623 1281 3690 ἰλύος
1302 3640 1315 3653 ·
1369 3625 1463 3678 καὶ
1499 3625 1662 3679 πάλιν
1683 3643 1697 3656 ·
1749 3627 1874 3698 Μή-

281 3725 435 3763 ποτε
470 3712 953 3782 παρασιωπήσῃς
977 3713 1078 3787 ἀπ’
1105 3713 1272 3784 ἐμοῦ,
1303 3717 1402 3770 καὶ
1433 3719 1873 3789 ὀμοιωθήσομαι

278 3801 412 3869 τοῖς
453 3805 919 3860 καταϐαίνουσιν
961 3808 1049 3872 εις
1079 3806 1340 3861 λάκκον·
1379 3809 1475 3862 καὶ
1525 3804 1711 3874 αὖθιςο
1754 3811 1870 3864 Κύ-

271 3909 392 3959 ριε,
421 3893 720 3965 ἀνήγαγες
755 3895 826 3961 ἐξ
856 3896 1005 3963 ᾅδου
1045 3897 1162 3966 τὴν
1199 3898 1414 3968 ψυχήν
1453 3917 1594 3970 μου,
1628 3899 1873 3968 ἕσωσάς

275 4001 357 4052 με
385 3984 507 4038 ἀπὸ
546 3985 664 4039 τῶν
710 3989 1192 4042 καταϐαινόντων
1225 3991 1313 4054 εις
1356 3987 1610 4044 λάκκον.
1672 3990 1810 4045 Ἀλλ’
1843 3992 1871 4044 ὁ

279 4076 388 4146 μὲν
419 4075 627 4142 δίκαιος
655 4077 977 4141 διασώζεται
1012 4078 1147 4151 πρὸς
1175 4080 1238 4133 τὺ
1273 4079 1347 4152 μὴ
1381 4081 1771 4154 κατενεχθῆναι
1792 4081 1872 4146 είς

1971 3265 2116 3311 num,
2144 3259 2192 3303 et
2217 3250 2443 3304 intendit
2472 3251 2620 3315 mihi,
2637 3261 2686 3306 et
2714 3252 2894 3326 eduxit
2925 3269 3005 3308 me
3030 3252 3092 3307 de
3114 3253 3230 3307 lacu
3257 3253 3478 3307 miserim
3498 3263 3549 3308 et

1975 3337 2039 3392 de
2066 3342 2175 3392 luto
2197 3338 2346 3408 {teris
2382 3340 2456 3408 ¹⁶;
2479 3356 2544 3395 ac
2575 3356 2794 3397 rursum
2828 3358 2842 3394 :
2875 3339 3168 3413 Nequanrlo
3195 3351 3370 3395 tareas
3394 3357 3426 3394 a
3447 3355 3547 3404 me,

1972 3438 2023 3484 et
2050 3429 2387 3486 assimilabor
2410 3430 2841 3488 descendentibus
2871 3434 2925 3488 in
2965 3433 3138 3488 lacum
3184 3433 3260 3496 “;
3322 3433 3551 3488 iterum.

1973 3539 2116 3595 que:
2153 3523 2392 3590 Domine,
2425 3524 2656 3580 eduxisti
2692 3525 2756 3580 ab
2802 3525 3006 3596 inferno
3049 3527 3282 3580 animum
3341 3542 3508 3580 meam
3530 3565 3546 3589 .

1973 3615 2196 3670 salvasti
2227 3632 2308 3670 me
2341 3633 2373 3670 a
2401 3615 2829 3670 descendentibus
2873 3615 2928 3670 in
2979 3616 3174 3670 lacum.
3224 3615 3330 3671 Sed
3365 3616 3550 3687 justus

1974 3708 2191 3777 quidem
2217 3709 2450 3774 eruitur,
2481 3716 2541 3764 ut
2569 3724 2636 3764 ne
2685 3709 2740 3763 in
2790 3717 3148 3765 memoratum
3183 3709 3359 3765 lacum
3399 3707 3551 3766 defo-

1972 3807 2160 3868 ratur;
2191 3800 2341 3871 impii
2373 3814 2500 3856 vero
2547 3800 2601 3855 in
2627 3800 2803 3872 ipsum
2836 3800 3189 3870 dejiciuntur,
3217 3817 3247 3856 a
3273 3801 3384 3859 Deo
3418 3817 3553 3874 prae-

1973 3892 2183 3962 cipitati
2213 3891 2370 3964 quasi
2420 3891 2476 3947 in
2522 3902 2909 3965 congruentem
2942 3893 3046 3949 sibi
3081 3894 3280 3949 locum.
3343 3891 3548 3949 Lacum

1973 3993 2154 4040 autem
2185 3985 2450 4048 miseriae,
2481 3986 2652 4040 lutum
2689 3984 2836 4040 faecis
2890 3992 2944 4040 et
2995 3993 3216 4055 puteum
3249 3986 3505 4041 interitus
3527 4025 3547 4048 .

1974 4079 2166 4133 mortis
2209 4077 2386 4133 locum
2418 4093 2616 4133 vocare
2669 4078 2806 4133 solet
2841 4075 3142 4148 Scriptura.
3179 4077 3233 4132 in
3263 4093 3424 4148 quem
3457 4076 3552 4132 de-

277 4166 377 4220 τδν
403 4167 733 4239 δηλούμενον
756 4169 990 4223 λάκκονο
1021 4172 1071 4223 οἱ
1097 4171 1156 4224 δὲ
1186 4171 1404 4236 ἀσεϐεῖς
1435 4173 1587 4227 κάτω
1617 4173 1870 4246 φέρονται

1974 4169 2236 4239 iiciuntur
2284 4170 2480 4224 animae
2512 4169 2834 4240 impiorum,
2881 4169 3054 4225 instar
3091 4183 3279 4223 eorum
3335 4167 3428 4239 qui
3477 4167 3551 4222 ab

277 4261 368 4322 sl;
391 4260 574 4323 αὑτὸν,
601 4260 706 4314 ὑπὸ
730 4261 824 4315 τοῦ
850 4261 987 4315 Θεοῦ
1010 4264 1598 4336 καταρασσόμενοι.έώς
1626 4268 1708 4331 εἰς
1739 4285 1871 4322 κατ-

279 4351 514 4423 άλληλον
550 4353 735 4417 αὐτοῖς
773 4355 994 4425 χωρίον.
1029 4355 1246 4408 Λάκκον
1285 4356 1343 4410 δὲ
1366 4357 1745 4430 ταλαιπωρίας
1778 4360 1870 4413 καὶ

281 4445 458 4514 πηλὸν
504 4445 668 4510 ἰλύος,
714 4449 808 4500 καὶ
841 4449 1021 4521 φρέαρ
1047 4449 1344 4521 διαφθορᾶς
1379 4451 1472 4504 τὸν
1496 4451 1590 4504 τοῦ
1635 4451 1867 4506 θανάτου

279 4535 452 4591 τόπον
483 4539 668 4596 καλεῖν
717 4540 906 4594 εἴωθεν
935 4541 965 4593 ὁ
1008 4541 1197 4610 λόγος·
1225 4544 1306 4606 είς
1345 4543 1406 4596 ὃν
1439 4544 1868 4599 καταϐάλλονται

279 4628 442 4699 δίκην
481 4630 592 4683 τῶν
640 4629 849 4684 ἄνωθεν
889 4633 1350 4705 καταφερομένων
1391 4635 1448 4688 ὲν
1490 4636 1603 4698 τοῖς
1645 4635 1870 4700 λάκκοις

281 4717 496 4773 ὑδάτων
540 4722 596 4774 αἱ
642 4720 753 4774 τῶν
796 4722 1008 4775 ἀσεϐῶν
1037 4723 1228 4793 ψυχαί.
1283 4725 1394 4790 Καὶ
1434 4726 1734 4799 ἑταιδήπερ
1781 4727 1870 4781 διά

277 4807 394 4860 τῶν
434 4809 746 4880 ἔμπροσθεν
787 4811 914 4875 τοὺς
956 4812 1220 4881 φονευτὰς
1266 4813 1362 4867 τοῦ
1410 4814 1663 4888 Σωτῆρος
1710 4817 1868 4888 ἡμῶν

283 4900 494 4972 ἐδήλου,
527 4901 841 4966 ἀκολούθως
873 4903 966 4956 καὶ
996 4903 1093 4959 νῦν
1122 4905 1252 4978 περὶ
1295 4905 1406 4959 τῶν
1437 4907 1617 4961 αὐτῶν
1666 4925 1862 4979 φησιν·

286 4992 527 5061 Ἄνδρες
556 4993 819 5063 αἱμάτων
845 4995 941 5048 καὶ
969 4995 1316 5064 ὄολιότητος
1337 5014 1351 5028 ο
1383 5001 1457 5053 οὐ
1481 4999 1570 5069 μὴ
1615 5001 1866 5070 ἠμτσεύο

279 5101 438 5140 σωσι
480 5087 587 5152 τὰς
620 5086 843 5155 ἡμέρας
879 5087 1078 5142 αὐτῶν
1095 5105 1110 5119 ·
1154 5091 1188 5162 ἢ
1224 5090 1366 5144 κατά
1396 5091 1488 5146 τὸν
1528 5093 1824 5164 Σύμμαχον
1847 5110 1862 5123 ο

281 5180 604 5246 Μιαιςρόνοι
651 5178 752 5232 καὶ
783 5178 974 5232 δόλιοι
1002 5182 1118 5250 οὐχ
1153 5182 1533 5250 ήμισεύσωσι
1580 5184 1688 5251 τὰς
1727 5187 1868 5255 ήμέο

275 5287 394 5338 ρας
422 5267 623 5323 αὐτῶν
640 5286 654 5300 ·
684 5270 717 5341 ἢ
745 5269 888 5323 κατὰ
910 5270 1002 5323 τὸν
1037 5271 1265 5325 ’Δκύλαν
1285 5291 1299 5303 ’
1339 5273 1582 5343 Ἄνδρες
1606 5275 1868 5346 αἱμάτων

283 5361 382 5414 καὶ
425 5360 750 5428 ἐπιθέσεως
791 5363 906 5429 οὐχ
942 5361 1358 5429 ἡμισεύσωσιν
1388 5365 1612 5436 ἡμέρας
1646 5366 1864 5424 αὐτῶν.

283 5452 522 5523 Νοὴσεις
550 5453 608 5506 δὲ
636 5454 786 5516 ὅπως
828 5453 1164 5525 ἐπληροῦντο
1190 5457 1288 5510 καὶ
1321 5457 1496 5512 ταῦτα
1542 5459 1866 5530 ἐπιστήσας,

285 5545 365 5609 ὡς
397 5546 738 5618 παραχρῆμα
772 5545 868 5598 καὶ
896 5547 1013 5618 μετ’
1039 5547 1103 5600 ού
1137 5547 1304 5603 πολὺν
1349 5551 1540 5622 χρόνον
1582 5558 1680 5622 τῆς
1725 5553 1878 5634 κατὰ,

358 5657 614 5758 1.2“?-
650 5673 710 5758 ξι
920 5657 1334 5758 ﬂeui-il
1443 5663 1466 5694 ⁷
1502 5659 1634 5758 “'9-
1671 5661 1884 5723 “"3”-

287 5743 477 5790 ιτιιτ,
539 5730 589 5784 Ι.
667 5730 710 5760 ¹⁸
748 5727 891 5784 Psal.
928 5744 1094 5793 xxxx,
1127 5728 1183 5784 ι.

364 5821 444 5892 (ί)
481 5823 694 5882 Τούτῳ.
735 5819 1010 5890 lnterpres
1035 5820 1234 5890 legisse
1263 5819 1482 5876 videtur
1515 5801 1702 5874 τουτο(
1737 5815 1896 5876 Eutr.

627 5915 902 5978 Pauor.
936 5915 1053 5979 Gs.
1086 5912 1330 5979 XXIII.

1898 4590 1948 4648 υ

1973 4262 2085 4316 alto
2119 4263 2238 4316 loco
2291 4261 2348 4318 in
2393 4262 2572 4316 lacum
2621 4275 2886 4332 aquarum
2937 4259 3369 4331 praecipitantur.
3408 4259 3548 4326 Quia

1973 4369 2102 4410 vero
2134 4353 2386 4425 superius
2410 4353 2712 4410 Salvatoris
2737 4353 2914 4410 nostri
2940 4353 3322 4409 interfectores
3349 4367 3547 4409 memo-

1972 4448 2136 4512 ravit,
2161 4453 2561 4517 consequenter
2587 4445 2699 4516 jam
2729 4444 2796 4501 de
2823 4445 3016 4500 iisdem
3042 4444 3116 4499 ait
3142 4461 3154 4498 :
3199 4443 3311 4497 Viri
3340 4445 3550 4515 sangui-

1974 4556 2100 4592 num
2129 4548 2178 4593 et
2205 4539 2378 4593 dolosi
2409 4555 2514 4593 non
2536 4537 2894 4591 dimidiabunt
2921 4536 3032 4591 dies
3062 4549 3218 4601 suos;
3263 4535 3410 4600 sive,
3462 4550 3552 4591 ιε·-

1975 4630 2214 4686 cundum
2250 4629 2670 4702 Symmachum,
2710 4629 3055 4701 Sanguinarii
3081 4639 3128 4684 et
3153 4627 3326 4682 dolosi
3347 4645 3450 4683 non
3477 4627 3554 4680 dio

1973 4722 2272 4777 midiabunt
2300 4721 2413 4777 dies
2437 4737 2594 4786 suos;
2631 4722 2718 4778 vel
2763 4721 3064 4778 secundum
3116 4721 3402 4791 Aquilam,
3436 4718 3552 4773 Vin

1974 4815 2287 4884 sanguinum
2314 4822 2364 4870 et
2381 4814 2608 4868 insultas
2629 4829 2732 4867 non
2749 4812 3101 4867 dimidiabunt
3120 4811 3230 4867 dies
3254 4827 3400 4867 suos.
3425 4807 3554 4864 Hart:

1975 4915 2034 4960 ut
2064 4906 2284 4977 impleta
2316 4905 2543 4972 fuerint,
2577 4905 2869 4977 intelliges,
2899 4905 2943 4960 si
2976 4904 3310 4975 perpendas,
3341 4903 3548 4964 statim.

1974 5012 2076 5052 nec
2103 4996 2288 5066 elapso
2315 4995 2486 5050 multo
2504 5005 2747 5066 tempore
2776 4994 2846 5049 ab
2870 4993 3082 5048 insidiis
3101 5000 3288 5047 contra
3305 4989 3552 5045 Salvato-

1974 5104 2090 5144 rem
2113 5097 2384 5155 nostrum,
2407 5095 2580 5143 totum
2604 5101 2774 5158 genus
2813 5092 3240 5142 memoratorum
3266 5082 3549 5137 hominum

1976 5181 2234 5251 perniciei
2268 5180 2517 5236 funditus
2545 5180 2807 5235 traditum
2829 5194 2983 5244 esse,
3019 5175 3307 5232 invadente
3347 5188 3442 5230 eos
3471 5173 3554 5228 ira

1977 5274 2032 5328 in
2081 5272 2366 5329 obsidione
2421 5271 2687 5328 Romanis
2731 5271 2931 5327 bellum
2993 5265 3351 5324 inferentibus
3385 5263 3550 5318 facta.

1977 5363 2092 5420 lmo
2131 5365 2297 5421 etiam
2341 5366 2396 5419 in
2457 5365 2714 5437 presenti
2745 5374 2991 5434 tempore
3028 5359 3274 5415 mortalis
3324 5354 3554 5425 hujusce

1977 5462 2122 5522 vitae,
2150 5471 2276 5513 cum
2297 5472 2366 5512 ne
2400 5456 2686 5513 dimidium
2719 5457 2939 5528 quidem
2971 5451 3184 5507 dierum
3218 5453 3552 5520 exegissent,

1977 5548 2290 5621 huiusmodi
2325 5550 2588 5621 perniciei
2619 5549 2717 5605 viri
2775 5549 2850 5604 illi
2889 5545 3214 5618 sanguinem
3269 5548 3326 5596 et
3371 5537 3556 5596 dolosi

3317 5651 3362 5683 “
3399 5635 3553 5712 Psal.

1999 5663 2022 5692 "
2059 5659 2206 5720 Psal.
2241 5661 2534 5730 xxxrr,25.
2634 5661 2656 5694 '
2695 5658 2843 5718 Psal.
2876 5671 3120 5722 unm,
3154 5653 3211 5711 7.

3189 5909 3264 5970 16
