4100 6442
327 423 432 480 4ῦῖ

1451 423 1962 482 (ΣΟΜΜΕΝΤΑΒΙΑ
1999 425 2064 478 ΙΝ
2105 423 2442 482 PSALMOS.

3477 429 3582 484 ιρι

325 560 436 614 χον.
479 541 630 594 Ἐπεὶ
667 541 842 594 τοίνυν
867 541 928 594 τὸ
953 539 1176 612 Πνεῦμα
1203 539 1264 594 τδ
1307 541 1458 610 ἆγιον
1489 543 1548 596 τὸ
1581 543 1640 594 ἐν
1671 541 1748 612 τῷ
1771 543 1904 614 Προ-

2013 559 2324 614 nocensque
2355 545 2446 606 sit,
2483 559 2512 598 a
2551 541 2714 598 Saule
2745 541 3004 598 Davidem
3051 541 3376 612 insequente
3419 547 3588 614 pelle-

323 635 470 704 φήτῃ
495 629 770 704 ἐνεργοῦν,
797 631 826 684 ὃ
851 633 946 686 καὶ
969 633 1027 684 ἐν
1053 631 1182 686 εῖδει
1209 635 1538 704 περιστερᾶς
1567 633 1660 686 ἐπὶ
1681 633 1772 688 τὸν
1801 635 1906 688 Σω-

321 727 462 798 τῆρα
503 723 928 796 κατεληλυθέναι
961 729 1344 798 μαρτυρεῖται,
1390 727 1662 800 τρυφερὸν
1705 727 1764 782 ὂν
1809 729 1906 782 καὶ

319 821 548 882 ἄκακον,
601 817 866 888 ἠλαύνετο
917 819 1024 872 ὑπὸ
1071 819 1166 872 τοῦ
1217 819 1390 874 Σαοὺλ
1427 819 1760 892 διωκομένου
1809 819 1902 874 τοῦ

317 909 498 972 Δαυῒδ,
531 907 886 980 ἐλαυνόμενὸν
907 927 968 962 τε
1001 909 1102 962 οὐκ
1129 909 1386 980 ἠμύνετο,
1413 909 1528 964 ἀλλ’
1553 909 1714 980 ἐῴκει
1746 927 1906 982 περι-

317 1003 484 1074 στερᾷ
507 1001 690 1072 ἀλάλῳ
731 1001 1120 1076 μακρυνομένη
1153 1003 1248 1056 καὶ
1269 1001 1636 1076 ἀπωθουμὲνῃ
1667 1003 1772 1058 ὑπὸ
1793 1003 1902 1058 τῶν

317 1095 622 1150 διωκόντων
644 1111 656 1124 ·
691 1093 886 1148 τούτου
921 1095 1080 1166 χάριν
1111 1095 1252 1150 κατὰ
1305 1095 1432 1160 τοὺς
1471 1093 1696 1158 λοιποὺς
1729 1097 1904 1168 ἑρμη-

321 1189 530 1252 ιτευτάς,
553 1187 706 1256 ὑπὲρ
731 1185 840 1254 τῆς
859 1185 1232 1256 περιστερᾶς,
1257 1187 1490 1260 εἴρηται.
1527 1189 1672 1244 Ἀντί
1697 1189 1754 1242 δὲ
1785 1189 1900 1254 τοῦ,

315 1283 404 1348 εὶς
441 1281 914 1351 στηλογραρίαν,
959 1281 988 1332 6
1035 1281 1134 1352 μὲν
1183 1279 1434 1346 Ἀκύλας,
1487 1283 1770 1336 ταπεινοῦ
1807 1299 1900 1336 τε·

319 1375 488 1428 ,λείου
509 1391 522 1404 ·
581 1375 610 1426 6
655 1373 714 1428 δέ
759 1373 1072 1444 Σύμμαχος,
1125 1373 1232 1428 τοῦ
1277 1375 1744 1444 taxare-opposta;-
1801 1375 1898 1430 καί

315 1469 582 1538 ἀμώμου,
611 1469 978 1540 ήρμήνευσεν,
1021 1467 1114 1522 τὸν
1157 1467 1358 1538 τρόπον
1403 1467 1686 1540 δηλοῦντες
1731 1467 1798 1522 δι’
1839 1469 1900 1522 ὃν

315 1559 508 1632 ὥσπερ
535 1559 734 1632 στήλης
763 1559 858 1614 καὶ
883 1559 1108 1624 αίωνίας
1145 1561 1366 1632 μνήμης
1393 1559 1608 1632 ἠξιοῦτο
1645 1559 1794 1632 παρὰ
1821 1559 1898 1630 τῷ

313 1653 438 1726 Θεῷ
483 1653 642 1726 ἡτοῦ
691 1653 978 1724 Προφὴτου
1009 1653 1196 1724 ἀρετή.
1241 1652 1316 1706 Τὸ
1359 1651 1468 1724 γάρ
1511 1653 1766 1724 μέγιστον
1801 1651 1898 1706 τοῦ

315 1743 480 1798 Δαυῒδ
509 1743 840 1816 κατόρθωμα
867 1747 900 1816 ἡ
927 1745 1250 1816 ταπεινότης
1273 1741 1342 1816 ἦν
1363 1745 1458 1798 καὶ
1486 1745 1520 1816 ἡ
1543 1761 1898 1816 ταπεινοφρο-

2009 638 2187 700 batur.
2217 637 2518 706 pulsusque
2565 651 2674 690 non
2723 633 3064 698 obsistebat,
3113 633 3210 690 sed
3245 635 3438 692 similis
3469 647 3586 692 erat

2005 727 2272 784 columba:
2301 735 2466 782 muta:
2496 725 2684 796 procul
2717 725 2942 790 abactae,
2971 731 3026 780 et
3053 725 3122 780 ab
3165 725 3587 796 insequentibus

2007 819 2286 890 depulsae;
2315 819 2436 880 ideo
2465 835 2494 872 a
2521 819 2748 890 reliquis
2773 818 3162 888 interpretibus
3199 833 3294 888 pro
3343 819 3586 874 columba

2007 911 2214 966 dictum
2245 921 2350 968 est.
2379 911 2486 966 Pro
2521 913 2613 966 illo
2637 919 2850 972 autem,
2875 913 2928 966 in
2965 911 3106 964 tituli
3155 911 3548 982 inscriptionem
3569 951 3584 972 ,

2007 1005 2222 1074 Aquila.
2259 1005 2474 1058 humilis
2507 1005 2764 1074 perfecti;
2801 1003 3162 1076 Symmachus
3191 1019 3342 1068 vero,
3371 1003 3586 1058 Immitis

2003 1107 2054 1152 et
2089 1097 2362 1166 inrulpati.
2391 1097 2732 1168 interpretati
2765 1107 2926 1162 sunt;
2959 1097 3330 1168 signiﬁcantes
3361 1113 3470 1166 qua
3499 1112 3589 1152 ra-

1997 1191 2152 1246 tione
2171 1189 2454 1260 Propheta:
2483 1191 2676 1254 virtus.
2701 1191 2858 1262 quasi
2879 1191 3058 1260 cippo.
3093 1191 3160 1246 ad
3189 1199 3444 1246 :eternam
3471 1207 3588 1246 me-

2005 1285 2234 1338 moriam
2261 1283 2400 1354 apud
2437 1283 2604 1338 Deum
2637 1284 2835 1342 donata
2871 1285 2961 1338 sit.
2991 1281 3281 1340 Enimvero
3313 1281 3586 1354 praecipua

2007 1375 2224 1432 Davidis
2263 1375 2526 1446 perfectio
2577 1383 2698 1434 erat
2753 1375 3030 1430 humilitas
3089 1383 3142 1430 et
3189 1375 3444 1444 abjcctio,
3479 1389 3586 1446 qua

2005 1469 2310 1524 absolutam
2347 1471 2606 1526 virtutem
2651 1469 2790 1524 nulli
2835 1469 3244 1538 reprehensioni
3293 1467 3584 1522 obnoxiam

2003 1563 2316 1618 exhibebat.
2359 1560 2540 1628 Quare
2567 1561 2668 1616 hos
2711 1575 3012 1624 sermones,
3041 1559 3334 1616 eminentis
3361 1573 3426 1614 ac
3463 1573 3588 1628 per-

2003 1653 2158 1710 lecta:
2225 1655 2552 1712 humilitatis
2607 1655 2878 1708 rationem
2947 1651 3414 1720 complectentes.
3477 1649 3585 1706 Deo

2002 1747 2228 1806 emittit.

317 1837 474 1910 σύνη,
509 1837 630 1892 καθ’
699 1839 764 1908 ἥν
799 1835 1010 1890 τελείαν
1079 1837 1424 1890 ἐπεδείκνυτο
1473 1835 1694 1908 ἀρετὴν,
1741 1835 1930 1890 οὐδένα
1969 1839 2158 1910 μῶμον
2215 1841 2578 1912 ἐπαγομένην.
2619 1841 2708 1892 Διὸ
2741 1841 2868 1902 τοὺς
2929 1837 3320 1912 προκειμένους
3369 1835 3580 1906 λόγους,

313 1927 764 2000 ὑπερϐαλλούσης
821 1927 918 1982 καὶ
967 1927 1180 1990 τελείας
1231 1925 1736 1998 ταπεινοφροσύνης
1791 1925 2059 2000 δείγματα
2091 1931 2460 2002 περιέχοντας,
2499 1931 2784 2002 ἀνέπεμπε
2831 1931 2910 2002 τῷ
2943 1931 3060 2004 Θεῴ
3097 1933 3270 2002 λέγων
3295 1949 3308 1962 ·

401 2025 690 2092 Ἐλέησόν
725 2040 822 2094 με,
871 2027 904 2078 ὁ
945 2021 1110 2090 Θεὸς,
1147 2022 1236 2076 ὅτι
1281 2019 1658 2090 κατεπάτησέ
1683 2039 1760 2092 με
1797 2021 1902 2076 ἇν-

2077 2025 2326 2080 Miserere
2355 2027 2478 2086 mei.
2499 2027 2660 2090 Dens,
2679 2027 2928 2096 quoniam
2953 2027 3282 2082 conculcarit
3301 2043 3380 2082 me
3401 2025 3581 2080 Itontov

315 2125 572 2188 θρωπος,
609 2117 686 2182 ὡς
723 2117 861 2189 πρὸς
903 2115 1004 2188 τὴν
1045 2115 1192 2180 λέξιν
1238 2117 1330 2168 τὸν
1375 2115 1548 2170 Σαοὺλ
1597 2114 1900 2186 σημαίνων,

315 2191 670 2264 ἐπαναϐάντα
713 2209 882 2280 αὐτῷ,
935 2208 1030 2262 καὶ
1061 2209 1122 2262 ού
1175 2207 1304 2278 μίαν
1347 2207 1582 2280 ἡμέραν,
1631 2207 1770 2260 ἀλλὰ
1813 2207 1906 2260 καὶ

315 2301 522 2366 πολλάς
549 2301 872 2372 ἐπιθέμενον
897 2299 976 2371 τῷ
1017 2301 1134 2354 κατ’
1171 2297 1340 2352 αὑτοῦ
1373 2299 1632 2370 πολέμῳ·
1667 2299 1748 2353 διὸ
1787 2303 1906 2354 ἐπι-

313 2395 496 2464 λέγει·
545 2397 730 2464 Ὅλην
777 2393 892 2462 τὴν
939 2391 1170 2462 ἡμέραν
1221 2391 1502 2462 πολεμῶν
1549 2393 1762 2462 ἔθλιψέ
1805 2411 1900 2462 με.

315 2487 434 2546 Εἶτ’
469 2489 766 2560 ἐπειδήπερ
801 2487 880 2560 τῷ
927 2487 1056 2558 θείῳ
1091 2487 1372 2556 Πνεύματι
1399 2485 1648 2558 συνεώρα
1679 2487 1776 2556 οὐχ
1815 2487 1906 2540 οὖ-

315 2599 428 2646 τως
451 2583 544 2636 τὸν
577 2581 750 2636 Σαοὺλ
781 2579 954 2635 αἴτιον
985 2581 1114 2634 ὂντα
1139 2579 1240 2650 τῆς
1281 2581 1552 2650 τοσαύτης
1591 2579 1708 2632 κατ’
1739 2575 1904 2632 αὐτοῦ

319 2675 576 2746 σπουδῆς,
627 2675 752 2728 ὅσον
791 2673 1018 2742 ἀφανεῖς
1065 2689 1218 2735 τινας
1269 2671 1362 2726 καὶ
1413 2671 1638 2740 νοητοὺς
1675 2669 1904 2741 ἐχθροὺς

317 2771 608 2842 ἀοράτους,
641 2767 842 2840 δηλαδὴ
881 2767 1142 2838 δυνάμεις
1193 2767 1286 2820 καὶ
1325 2763 1612 2836 πνεύματα
1667 2761 1900 2834 πονηρά,

315 2861 410 2916 τὸν
443 2861 614 2914 Σαοὺλ
659 2859 988 2930 ἐνεργοῦντα
1025 2861 1118 2914 καὶ
1153 2857 1488 2928 διεγείροντα
1519 2857 1612 2909 ἐπὶ
1651 2855 1742 2908 τὸν
1781 2857 1902 2908 κατ’

319 2955 484 3010 αὖτοῦ
545 2955 810 3026 πόλεμον,
863 2953 1088 3016 είκότως
1133 2951 1402 3020 ἐπιλέγει·
1465 2947 1904 3016 Κατεπάτησάν

315 3065 394 3120 με
425 3053 478 3104 ol
518 3047 720 3118 ἐχθροί
755 3063 874 3116 μου
915 3045 1070 3112 ὅλην
1101 3045 1216 3110 τὴν
1259 3042 1514 3112 ἡμέραν·
1551 3041 1584 3110 ἢ
1633 3037 1776 3094 κατὰ
1815 3039 1904 3092 τὸν

319 3141 648 3212 Σύμμαχον·
697 3137 1032 3206 Ἑπέτριϐοτ·
1061 3141 1114 3190 οἱ
1145 3135 1452 3200 antem-tte
1491 3151 1570 3204 με
1613 3135 1760 3186 κατὰ
1789 3131 1904 3186 πᾶ-

315 3249 442 3286 σαν
473 3232 722 3302 ἡμέραν.
753 3231 912 3294 Τίνες
937 3229 992 3284 δὲ
1021 3231 1068 3282 οἱ
1103 3227 1286 3302 ἐχθροὶ
1320 3229 1414 3282 καὶ
1437 3229 1484 3280 οἱ
1511 3225 1784 3289 Θλίϐοντες
1807 3225 1904 3276 αύ-

315 3325 430 3388 τδν,
461 3327 512 3378 οί
541 3325 630 3376 τὸν
659 3321 832 3377 Σαοὺλ
857 3321 1226 3394 ἐνεργοῦντες,
1261 3319 1516 3386 διασαφεῖ
1549 3315 1676 3388 ἑξῆς
1697 3315 1898 3386 λέγων·

319 3419 442 3472 Ὅτι
479 3417 694 3476 πολλοὶ
741 3419 794 3470 οἱ
839 3412 1246 3484 πολεμοῦντές
1280 3429 1356 3480 με
1401 3409 1520 3465 ἀπὸ
1555 3409 1770 3478 ὕψους.
1825 3411 1900 3462 Ού

317 3509 430 3582 γάρ
465 3511 670 3580 ἠγνόει,
695 3507 774 3572 ὡς
811 3509 912 3561 οὐκ
939 3503 1006 3578 ἦν
1041 3505 1246 3576 αύτῷή
1285 3503 1428 3574 πάλη
1465 3501 1600 3574 πρὸς
1635 3495 1776 3572 αἷμα
1809 3503 1904 3554 καὶ

321 3603 524 3676 σάρκα,
545 3601 681 3660 ἀλλὰ
703 3602 840 3673 πρὸς
867 3599 966 3664 τὰς
994 3597 1168 3670 ἀρχὰς
1197 3597 1290 3650 καὶ
1319 3595 1588 3662 ἐξουσίας,
1615 3597 1754 3666 πρὸς
1777 3595 1902 3656 τοὺς

319 3696 768 3768 κοσμοκράτορας
799 3693 892 3746 τοῦ
935 3693 1158 3754 σκότους
1202 3687 1416 3752 τούτου,
1451 3687 1590 3758 πρὸς
1639 3685 1708 3738 τά
1743 3701 1904 3738 πνευ-

321 3788 528 3862 ματικά
557 3789 658 3858 τῆς
701 3785 984 3858 πονηρίας,
1015 3783 1106 3852 ὑφ’
1133 3777 1208 3834 ὧν
1237 3783 1266 3835 6
1319 3779 1492 3834 Σαοὺλ
1531 3777 1900 3848 ἁκονὼμενος,

317 3881 412 3944 τὸν
441 3879 606 3952 μηδὲν
647 3877 796 3948 αὐτῷ
835 3873 1176 3946 λελυπηκότα
1216 3872 1436 3926 πώποτε
1479 3871 1655 3942 μάτην
1707 3869 1902 3940 ἤλαυνε

319 3975 416 4029 καὶ
449 3971 726 4042 ἐπολέμει.
763 3965 876 4024 Εἴθ’
903 3967 1030 4038 ἑξῆς
1053 3983 1248 4038 φησιν·
1291 3963 1536 4034 Ἡμέρας
1567 3961 1906 4032 φοϐηθήσο-

313 4085 442 4138 μαι,
471 4063 586 4134 ἐγὼ
608 4063 676 4118 δὲ
703 4061 890 4118 ἐλπιῶ
915 4061 1016 4114 ἐπὶ
1045 4059 1138 4114 σέ.
1183 4059 1248 4112 Ὀ
1278 4057 1342 4128 δὴ
1369 4055 1696 4126 διεσάφησεν
1721 4057 1748 4108 6
1769 4053 1907 4124 Σύμο

323 4177 494 4234 μαχος
539 4155 744 4210 εἰπών·
789 4149 948 4226 Ἐνῇ
993 4153 1072 4208 ἂν
1109 4153 1300 4222 ’ἡμέρᾳ
1343 4149 1602 4218 φοϐηθῶ,
1651 4147 1748 4200 col
1801 4145 1904 4200 πέ-

319 4257 518 4307 ποιθα.
561 4251 624 4304 El
666 4249 774 4321 γάρ
807 4249 902 4302 καὶ
931 4247 1000 4300 τά
1049 4247 1278 4318 μάλιστα
1320 4243 1466 4296 δοκεῖ
1510 4239 1796 4311 ἄνθρωπός
1838 4255 1906 4308 με

321 4341 866 4413 καταπεπατηκέναι,
927 4339 1092 4402 πολὺς
1155 4337 1444 4407 γενόμενος
1505 4333 1626 4386 κατ’
1683 4331 1816 4404 ἐμοῦ
1877 4333 1904 4385 ὀ

323 4435 520 4502 Σαοὺλ,
566 4435 679 4488 ἀλλ’
729 4435 776 4486 οἱ
825 4429 1010 4502 ἐχθροί
1060 4447 1160 4500 μου
1207 4429 1300 4482 καὶ
1341 4429 1390 4478 οἱ
1435 4423 1796 4495 πολεμούντές
1839 4441 1906 4494 με

325 4527 552 4590 ἄνωθεν,
587 4525 696 4580 ἀπὸ
743 4524 910 4592 ὕψους
943 4521 1014 4574 τὰ
1059 4519 1266 4574 ἑαυτῶν
1303 4517 1430 4588 βέλη
1465 4517 1608 4572 κατά
1639 4516 1738 4586 τῆς
1769 4515 1906 4586 ἐμῆς

329 4623 614 4694 βάλλοντες
665 4617 844 4690 ψυχῆς
897 4615 1136 4668 πλεῖστοι
1185 4611 1528 4682 τυγχάνουσι,
1579 4607 1796 4662 Τούτων
1853 4609 1910 4662 δὲ

2007 2119 2210 2176 diserte
2241 2121 2398 2192 quasi
2429 2119 2648 2176 Sanlem
2689 2121 2960 2182 indicans.
2995 2121 3090 2190 qui
3141 2121 3193 2174 in
3231 2135 3290 2176 se
3321 2119 3582 2190 impetum

2007 2211 2260 2276 faciebat,
2291 2229 2470 2284 neque
2507 2229 2620 2268 uno
2649 2223 2884 2278 tantum,
2917 2213 3012 2268 sed
3047 2213 3234 2268 multis
3279 2211 3476 2266 diebus
3513 2209 3584 2266 ad

2007 2306 2210 2360 bellum
2261 2307 2366 2362 sibi
2417 2305 2760 2362 inferendum
2811 2307 3198 2366 incumbebat:
3247 2319 3420 2376 quare
3453 2303 3586 2360 sub-

2001 2399 2206 2470 jungit,
2241 2399 2466 2456 dicens:
2519 2399 2562 2452 Τ
2563 2409 2654 2454 ota
2699 2399 2786 2454 die
2821 2399 3134 2470 impugnans
3175 2397 3450 2452 tribulavit
3479 2411 3581 2452 me.

2007 2491 2214 2548 Deinde
2269 2493 2398 2562 quia
2445 2491 2656 2562 Spiritu
2719 2499 2912 2548 sancto
2947 2499 3291 2546 menstrante
3341 2488 3582 2548 videbat.

2007 2601 2114 2640 non
2139 2593 2248 2638 tam
2281 2583 2502 2638 Saulem
2552 2583 2688 2638 tanti
2721 2581 3014 2638 adversum
3057 2597 3116 2636 se
3149 2579 3448 2634 moliminis
3481 2594 3582 2632 au-

2007 2683 2216 2732 ctorem
2247 2691 2392 2740 esse.
2423 2689 2586 2745 quam
2612 2673 2862 2728 occultos
2891 2671 3156 2742 quosdam
3187 2679 3240 2724 et
3267 2669 3584 2740 spirituales

2007 2767 2424 2838 invisibilesque
2489 2765 2764 2830 inimicos,
2835 2763 3090 2818 videlicet
3155 2769 3456 2832 potestates
3517 2773 3582 2814 ac

2005 2861 2234 2930 spiritus
2275 2859 2546 2928 malignos
2573 2857 2792 2912 Saulem
2823 2855 3164 2924 exagitantes
3191 2861 3248 2908 et
3275 2851 3582 2908 excitantes

2007 2954 2072 3008 ad
2105 2953 2308 3008 bellum
2357 2951 2460 3008 sibi
2503 2949 2866 3011 movendum.
2908 2947 3032 3018 jure
3085 2945 3164 3000 sic
3205 2943 3416 3014 pergit:
3451 2943 3586 2996 Con-

2005 3045 2342 3098 cnlcarerunt
2367 3057 2448 3095 me
2469 3041 2672 3094 inimici
2701 3041 2804 3094 mei
2823 3047 2936 3092 tota
2965 3037 3084 3100 die';
3119 3039 3256 3100 sive,
3279 3035 3580 3092 secundum

2007 3137 2418 3208 Symmachum,
2453 3133 2766 3188 Atterebant
2807 3149 2889 3186 me
2917 3131 3006 3204 qui
3037 3129 3364 3184 tribulabant
3397 3145 3478 3182 me
3493 3141 3586 3194 per

2007 3245 2210 3282 omnem
2255 3229 2412 3282 diem.
2475 3225 2710 3291 Quinam
2745 3239 2876 3278 vero
2915 3221 3122 3276 inimici
3175 3227 3362 3276 essent
3401 3219 3608 3274 tribur

2007 3323 2184 3377 lantes
2241 3323 2444 3390 ipsum,
2501 3319 2594 3390 qui
2653 3317 2876 3371 Saulem
2939 3315 3276 3378 excitabant,
3327 3313 3584 3382 deinceps

2007 3413 2272 3476 declarat,
2303 3411 2490 3467 dicens
2519 3429 2532 3466 :
2569 3409 2832 3474 Quoniam
2857 3407 3012 3462 multi
3027 3405 3280 3460 bellantes
3305 3405 3582 3460 adversum

2007 3525 2090 3560 me
2137 3505 2202 3558 ab
2261 3503 2565 3558 altitudine.
2611 3501 2726 3556 Non
2763 3501 2908 3556 enim
2947 3501 3236 3572 ignorabat
3289 3515 3398 3554 non
3455 3513 3582 3554 esse

2009 3599 2112 3654 sibi
2149 3599 2350 3652 lnctam
2401 3597 2668 3650 adversus
2699 3607 2920 3648 carnem
2965 3599 3020 3646 et
3067 3591 3422 3662 sanguinem;
3485 3589 3582 3646 sed

2009 3691 2272 3746 adversus
2317 3687 2658 3759 principatus
2687 3693 2740 3740 et
2765 3691 3086 3756 potestates.
3125 3693 3370 3738 rectores
3393 3681 3582 3736 mundi

2009 3783 2362 3838 tenebrarum
2395 3779 2612 3840 harum.
2645 3787 2838 3834 contra
2887 3775 3192 3846 spiritualia
3235 3773 3514 3844 nequitiae,
3549 3789 3578 3826 ιτ

2009 3873 2212 3944 quibus
2255 3869 2384 3924 Sanl
2419 3869 2746 3932 concitatus,
2797 3881 2922 3922 eum
2954 3867 3046 3936 qui
3087 3867 3192 3922 sibi
3223 3865 3362 3920 nihil
3391 3865 3582 3920 damni

2011 3965 2308 4028 intulisset,
2333 3961 2450 4016 sine
2467 3975 2630 4014 causa
2649 3957 2880 4028 pellebat
2901 3965 2954 4012 et
2985 3955 3354 4026 impugnabat.
3383 3953 3586 4010 Deinde

2011 4057 2086 4110 ait
2127 4075 2138 4108 :
2185 4053 2284 4108 Die
2309 4053 2520 4118 timebo,
2547 4069 2640 4122 ego
2671 4067 2788 4105 raro
2817 4053 2870 4104 in
2917 4059 2964 4104 te
2993 4047 3234 4118 sperabo.
3283 4047 3440 4115 Quod
3471 4049 3584 4104 cla-

2009 4151 2126 4202 rius
2153 4147 2518 4218 Symmachus
2551 4141 2848 4214 explicavit
2871 4141 2958 4196 his
2987 4139 3171 4196 verbis
3209 4157 3222 4190 :
3261 4137 3328 4192 In
3355 4155 3586 4210 quacun-

2008 4259 2106 4312 que
2129 4241 2212 4294 die
2243 4239 2450 4300 timebo.
2501 4239 2556 4292 in
2603 4245 2648 4290 te
2677 4233 2902 4304 speravi.
2955 4231 3182 4288 Etiamsi
3221 4231 3366 4286 enim
3397 4231 3572 4286 homo

2011 4351 2096 4388 me
2129 4335 2472 4402 impugnare,
2527 4329 2770 4398 Saulque
2817 4327 2984 4380 multa
3043 4333 3236 4380 contra
3269 4339 3358 4380 me
3401 4325 3582 4380 moliri

2011 4427 2302 4491 videatur;
2345 4425 2440 4480 sed
2491 4421 2704 4477 inimici
2745 4419 2874 4484 mei,
2909 4427 2964 4474 et
3003 4417 3096 4488 qui
3135 4419 3202 4472 ab
3229 4419 3341 4472 alto
3365 4433 3454 4472 me
3479 4418 3584 4472 im-

2013 4525 2278 4590 pngnant.
2323 4517 2428 4572 tela
2475 4531 2574 4570 sua
2607 4515 2871 4568 adversus
2903 4511 3136 4566 animam
3173 4525 3346 4564 meam
3379 4509 3588 4562 immit-

2011 4621 2212 4674 tentes.
2245 4613 2398 4666 multi
2437 4621 2666 4664 numero
2715 4615 2864 4662 sunt.
2903 4603 3013 4660 Hos
3043 4619 3208 4674 porro
3241 4617 3434 4656 omnes
3461 4615 3592 4670 pro-

325 4690 542 4768 πάντων
571 4707 932 4778 καταφρονεῖν
963 4701 1256 4776 μεμάθηκα
1285 4701 1372 4754 διὰ
1405 4701 1464 4753 σὲ
1491 4699 1582 4752 τὸν
1615 4697 1747 4769 ἐμὸν
1775 4697 1904 4768 πρό-

2017 4711 2136 4774 pter
2177 4713 2230 4758 te
2259 4707 2722 4772 propugnatorem
2777 4703 2830 4750 et
2873 4705 3234 4765 protectorem
3269 4707 3448 4746 meum
3487 4690 3586 4742 dc-

329 4821 500 4874 μαχον
535 4801 628 4856 καὶ
667 4797 1100 4872 ύπερασπιστήν.
1134 4795 1224 4848 Σοὶ
1255 4791 1364 4866 γὰρ
1399 4789 1692 4854 πεποιθὼς,
1721 4789 1908 4844 εἴποτε

325 4896 556 4966 ἐμπέσοι
593 4891 754 4962 φόϐος
782 4893 850 4962 τῇ
884 4891 990 4962 ἐμῇ
1021 4885 1558 4960 ψυχῇ,διακρούομαι
1581 4883 1790 4948 τοῦτον,
1825 4885 1908 4938 σοὶ

309 4990 386 5064 τῷ
437 4987 820 5060 ὑπερασπιστῇ
863 5001 964 5056 μου
993 4981 1232 5054 θαρρῶν.

353 5080 384 5108 ·’
407 5089 506 5140 Ἐν
535 5079 616 5146 τῷ
659 5080 857 5148 Κυρίῳ
886 5075 1184 5130 ἐπαινέσω
1213 5073 1356 5142 τοὺς
1385 5072 1608 5144 λόγους
1644 5089 1786 5142 μου,
1807 5069 1910 5124 ἐπὶ

309 5181 388 5246 τῷ
437 5177 560 5244 Θεῷ
605 5175 868 5246 ἤλπισα·
903 5171 976 5226 οὐ
1009 5167 1422 5240 φοϐηθήσομαι
1457 5167 1516 5222 τί
1543 5165 1782 5232 ποιήσει
1807 5181 1910 5234 μοι

311 5273 508 5343 σάρξ.
547 5269 692 5324 Ἀντί
741 5265 858 5328 τοῦ,
901 5265 970 5319 ἐν
1009 5261 1088 5329 τῷ
1123 5261 1244 5328 Θεῷ
1279 5259 1578 5314 ἐπαινέσω
1617 5259 1760 5324 τοὺς
1807 5257 1910 5312 λό-

327 5383 476 5434 γους
501 5379 642 5434 μου,
671 5361 700 5414 6
731 5359 831 5432 μὲν
859 5355 1178 5426 Σύμμαχος,
1209 5353 1306 5406 διὰ
1331 5353 1438 5408 τοῦ
1473 5351 1620 5406 Θεοῦ
1659 5349 1912 5420 ὑμνήσω

325 5457 436 5512 τὸν
483 5457 672 5526 λόγον
721 5449 942 5506 αὐτοῦ·
999 5450 1030 5502 6
1079 5447 1138 5502 δὲ
1209 5443 1440 5510 Ἀκύλας
1469 5463 1482 5475 ·
1535 5445 1606 5498 ὲν
1661 5443 1742 5508 τῷ
1790 5439 1914 5506 Θεῷ

327 5547 584 5618 ὑμνήσω
631 5545 868 5614 ῥήματα
901 5539 1090 5596 αὑτοῦ
1109 5555 1122 5570 ·
1173 5539 1270 5592 καὶ
1313 5539 1348 5608 ἡ
1387 5537 1614 5606 πέμπτη
1661 5533 1870 5596 ἔκδοσις
1895 5547 1908 5560 ·

331 5639 404 5694 ἐν
445 5639 528 5706 τῷ
573 5635 696 5704 Θεῷ
726 5631 1030 5691 ἐπαινέσω
1077 5631 1184 5686 τὸν
1219 5629 1408 5697 λόγον
1435 5645 1574 5699 μου,
1605 5625 1908 5680 ἐπιδεδώκα-

333 5749 438 5788 σιν.
471 5731 540 5784 Εἴ
571 5745 722 5792 ποτε,
771 5727 928 5798 φησι,
961 5721 1126 5794 φόϐος
1149 5723 1214 5776 ἐκ
1257 5721 1360 5792 τῆς
1393 5719 1500 5774 τῶν
1531 5715 1910 5788 πολεμούντων

335 5839 404 5894 με
431 5821 674 5896 ταραχῆς
715 5817 974 5874 ἐνέπιπτέ
1011 5833 1122 5888 μοι,
1165 5813 1522 5884 διεκρουόμην
1557 5809 1720 5864 αὐτὸν
1763 5809 1914 5864 ἐλπίς

337 5915 446 5978 ζων
497 5913 590 5966 ἐπὶ
637 5909 696 5966 σέ
721 5929 734 5944 ο
781 5909 874 5964 καὶ
927 5907 1048 5962 ἀντὶ
1097 5905 1312 5976 ἐπῳδῆς
1355 5905 1450 5960 καὶ
1507 5901 1910 5976 φυλακττρίων,

2011 4795 2226 4864 spicere
2253 4793 2436 4848 didici.
2473 4789 2610 4846 Nam
2643 4789 2696 4844 in
2727 4797 2780 4842 te
2807 4787 3068 4850 conlisus,
3095 4785 3140 4840 si
3165 4783 3386 4856 quando
3407 4789 3588 4836 metus

2011 4887 2064 4940 in
2091 4885 2326 4938 animam
2361 4879 2570 4936 incidat
2609 4893 2810 4940 meam,
2862 4877 3008 4930 hunc
3057 4875 3290 4944 depello,
3325 4872 3424 4928 tibi
3457 4885 3588 4940 pro-

2013 4975 2302 5048 pngnatori
2335 4989 2456 5028 meo
2485 4973 2726 5028 innixus.

2089 5067 2248 5122 Vens.
2285 5067 2338 5128 εἰ,
2369 5063 2424 5120 6.
2467 5063 2528 5118 1η
2581 5063 2800 5118 Domino
2833 5059 3062 5114 laudabo
3103 5071 3370 5110 sermones
3419 5069 3582 5112 meos.

2015 5161 2066 5214 in
2095 5159 2204 5216 Deo
2243 5147 2464 5228 sperari.
2499 5173 2600 5210 non
2631 5155 2818 5208 timebo
2871 5151 2996 5224 quid
3037 5151 3204 5220 faciat
3259 5147 3388 5202 mihi
3435 5161 3582 5200 caro.

2015 5253 2120 5308 Pro
2154 5253 2268 5314 illo,
2303 5253 2358 5304 in
2407 5249 2516 5304 Deo
2547 5247 2775 5300 laudabo
2807 5259 3068 5300 sermones
3101 5259 3240 5298 meos
3267 5257 3286 5304 ;
3331 5239 3584 5310 Symma-

2013 5345 2172 5404 chus.
2198 5359 2290 5413 per
2315 5341 2484 5396 Deum
2537 5337 2810 5394 celebrabo
2852 5351 3140 5392 sermonem
3181 5335 3338 5404 ejus;
3389 5329 3584 5400 Aquila

2013 5449 2162 5494 vero.
2201 5433 2254 5486 in
2303 5431 2412 5486 Deo
2463 5427 2732 5484 celebrabo
2765 5429 2918 5482 verba
2975 5427 3128 5496 ejus;
3173 5425 3364 5494 quinta
3393 5421 3584 5480 editio.

2015 5529 2068 5580 in
2121 5525 2230 5580 Deo
2281 5523 2512 5578 laudabo
2571 5537 2858 5576 sermonem
2897 5535 3114 5582 meum;
3147 5517 3462 5574 ediderunt.
3525 5511 3586 5570 Si

2015 5619 2256 5691 quando,
2311 5617 2506 5688 inquit,
2535 5633 2600 5674 ex
2637 5615 2982 5670 inimicorum
3015 5625 3262 5668 meorum
3301 5609 3588 5680 perturba-

2023 5713 2168 5766 tione
2199 5717 2376 5765 metus
2417 5710 2648 5764 instaret
2699 5705 2854 5768 mihi.
2915 5703 3096 5776 ipsum
3137 5703 3274 5758 inte
3315 5699 3588 5770 sperando

2023 5803 2440 5876 propulsabam.
2503 5815 2566 5857 ae
2621 5815 2720 5872 pro
2773 5797 3150 5854 incantatione
3199 5803 3252 5852 et
3311 5793 3586 5876 amnletis.

2019 5899 2254 5968 hymnos
2279 5893 2694 5968 persolvebam;
2737 5907 2860 5948 nam
2909 5907 3034 5948 cum
3089 5889 3422 5948 celebrarent
3459 5901 3588 5944 ser-
