4100 6442
555 421 660 476 695

1265 413 1534 472 EL’SEBII
1568 411 2044 470 CESARIENSIS
2083 412 2230 469 OPP.
2276 411 2452 467 PARS
2491 411 2578 469 Ill.
2621 443 2690 454 —
2729 412 3136 472 EXEGETICA.

3694 418 3816 476 ιςσ

541 547 770 590 ‘tnonem
791 528 971 598 tuum',
1002 531 1234 602 juva’bar
1267 541 1326 586 ut
1367 549 1397 586 a
1428 539 1871 603 persequentium
1906 533 2117 589 nemine

2223 531 2426 604 ῦμνους
2459 531 2689 604 διεξῄειν
2709 550 2723 562 ’
2761 533 2942 603 ὑμνῶν
2973 534 3082 604 γὰρ
3107 533 3196 587 τὸν
3228 534 3381 602 λόγον
3417 549 3511 588 σου
3541 533 3818 608 ἐϐοηθοῦ-

555 635 855 680 arerlerem
908 639 1013 678 me.
1057 620 1134 676 ita
1197 637 1424 692 sperans
1475 622 1531 676 in
1557 619 1687 690 Deo,
1734 634 1790 678 et
1838 636 2122 678 sermones

554 718 674 786 eius
712 717 766 771 in
795 731 890 771 ore
921 730 1042 771 meo
1075 712 1277 777 ferens,
1327 728 1518 770 omnes
1556 713 1844 769 hominum
1887 713 2122 769 insidias

553 809 950 880 tlespiciebam,
994 823 1100 862 non
1147 807 1346 862 timens
1397 805 1524 878 quid
1570 806 1738 877 faciat
1792 808 1920 861 mihi
1973 823 2120 868 caro.

554 902 697 969 Quid
744 903 888 958 enim
924 903 1098 972 possit
1126 916 1256 956 caro
1295 909 1352 955 et
1405 901 1630 972 sanguis
1685 907 1877 956 contra
1948 899 2120 956 Deum

554 994 954 1065 Opitulantem?
987 992 1122 1047 Nam
1163 994 1209 1048 si
1257 991 1397 1047 Deus
1436 1008 1530 1061 pro
1571 992 1741 1057 nobis,
1792 992 1907 1063 quis
1936 1000 2123 1046 contra

553 1103 646 1139 nos
667 1086 770 1139 “'1
812 1087 988 1156 inquit
1039 1087 1354 1158 Apostolus.
1404 1085 1547 1141 Caro
1599 1093 1780 1142 autem
1821 1097 1937 1142 erat
1966 1085 2119 1154 Saul,

552 1179 643 1246 qui
688 1192 750 1232 ea
775 1193 896 1247 qua:
923 1178 1108 1233 carnis
1138 1187 1266 1233 sunt
1297 1178 1575 1249 sapiebat:
1607 1179 1752 1249 quod
1776 1193 1910 1234 sane
1939 1179 2121 1234 decla-

552 1277 638 1323 rat
667 1268 963 1340 Apostolus
995 1272 1061 1326 ad
1091 1272 1410 1328 Corinthios
1457 1273 1742 1329 scribens:
1800 1271 1932 1327 Cum
1981 1273 2120 1327 enim

552 1361 619 1414 sit
657 1361 791 1415 inter
819 1378 906 1416 vos
940 1361 1084 1416 zelus
1111 1371 1159 1416 et
1184 1365 1469 1429 contentio,
1502 1380 1672 1418 nonne
1703 1365 1946 1419 carnales
1968 1365 2116 1430 estis,

549 1462 600 1505 et
644 1453 925 1507 secundant
963 1453 1226 1508 hominem
1260 1455 1547 1511 ambulatis
1571 1457 1652 1511 “?
1705 1455 1805 1512 Hic
1831 1473 1961 1513 vero
1983 1456 2121 1512 Sau-

551 1547 656 1601 lem
695 1561 912 1618 quoque
942 1548 1060 1603 zelo
1098 1556 1153 1602 et
1183 1551 1536 1605 contentione
1565 1550 1810 1620 plenum,
1861 1552 1958 1622 qui
1993 1550 2118 1607 ideo

536 1636 808 1692 'Davidem
849 1639 1100 1707 pellebat,
1149 1653 1367 1695 carnem
1405 1642 1638 1705 vocavit,
1678 1641 1866 1696 dicens
1919 1660 1933 1696 :
1993 1640 2119 1695 Non

552 1726 740 1779 timebo
767 1726 893 1795 quid
929 1727 1095 1796 faciat
1131 1728 1260 1782 mihi
1288 1745 1435 1784 caro.
1477 1729 1681 1786 Deinde
1705 1731 1814 1785 ait:
1854 1730 1991 1785 Tota
2032 1729 2117 1786 die

541 1818 702 1872 verba
730 1836 845 1873 mea
872 1820 1303 1886 exsecrabantur,
1347 1820 1624 1876 adversum
1659 1839 1740 1877 me
1771 1839 1946 1878 omnes
1976 1825 2118 1895 cogi-

2229 642 2356 696 μην,
2401 625 2477 688 ὼς
2513 625 2714 696 μηδένα
2746 626 2853 679 τῶν
2882 626 3186 680 διωκόντων
3220 627 3660 698 ἐπιστρέφεσθαι.
3694 628 3806 684 0'5-

2222 735 2330 781 τως
2362 718 2453 770 ἐπί
2482 716 2560 787 τῷ
2586 716 2704 788 Θεῷ
2729 717 2984 782 ἐλπίζων,
3015 717 3108 770 καὶ
3133 719 3260 782 τοὺς
3283 716 3472 786 λόγους
3503 719 3668 774 αὐτοῦ
3700 719 3820 791 9&-

2225 827 2332 881 ρων
2366 810 2423 862 ἐν
2465 809 2543 880 τῷ
2589 810 2817 880 στόματί
2867 826 2989 880 μου,
3033 810 3214 881 πάσης
3261 811 3358 881 τῆς
3403 810 3463 878 ἐξ
3494 812 3824 884 ἀνθρώπων

2223 902 2513 974 ἐπιϐουλῆς
2556 902 2942 974 κατεφρόνουν,
2986 902 3047 955 οὐ
3082 901 3411 972 φοϐούμενος
3459 905 3516 957 τι
3554 904 3819 971 ποιήσει

2215 1011 2319 1063 μοι
2349 994 2526 1063 σάρξ.
2576 995 2641 1048 Τί
2693 994 2802 1065 γὰρ
2849 994 2915 1047 ἂν
2963 994 3055 1047 καὶ
3095 993 3308 1047 δύναιτο
3357 994 3489 1066 σὰρξ
3522 995 3616 1049 καὶ
3656 991 3819 1066 αἷμα

2222 1085 2360 1156 πρὸς
2390 1085 2522 1139 Θεὸν
2554 1085 2781 1158 βοηθόν;
2817 1087 2883 1138 El
2915 1083 3022 1156 γάρ
3065 1086 3097 1138 ὀ
3128 1083 3271 1152 Θεὸς
3299 1084 3450 1154 ὑπὲρ
3482 1084 3670 1155 ἡμῶν,
3702 1087 3816 1153 τις

2221 1177 2348 1230 καθ’
2371 1174 2568 1245 Mair;
2596 1175 2756 1246 φησὶν
2776 1176 2804 1228 6
2836 1173 3177 1237 Ἀπόστολος.
3208 1172 3352 1244 Σάρξ
3374 1173 3431 1226 δὲ
3456 1168 3525 1244 ἦν
3545 1175 3573 1226 6
3596 1173 3812 1240 Σαοὺλ,

2219 1268 2286 1321 τά
2316 1269 2415 1338 τῆς
2451 1268 2652 1340 σαρκὸς
2680 1265 2922 1338 φρονῶν·
2953 1265 2982 1318 δ
3015 1264 3080 1336 δὴ
3113 1264 3437 1336 παρίστησιν
3470 1268 3498 1319 6
3538 1266 3817 1320 Ἀπόστο-

2219 1358 2308 1423 λος
2341 1359 2566 1430 γράφων
2595 1358 2899 1430 Κορινθίοις
2921 1373 2936 1390 ο
2971 1357 3160 1412 Ὅπου
3193 1355 3303 1427 γὰρ
3329 1357 3398 1410 ἐν
3432 1357 3574 1427 ὑμῖν
3608 1356 3812 1426 ζῆλος

2218 1448 2318 1502 καὶ
2344 1448 2488 1518 ἔρις,
2513 1449 2647 1518 οὐχί
2687 1446 2960 1516 σάρκινοι
2985 1448 3144 1512 ἐστε,
3178 1446 3275 1501 καὶ
3308 1449 3458 1501 κατὰ
3478 1447 3811 1516 ἄνθρωπον

2219 1539 2628 1609 περιπατεῖτε;
2663 1539 2722 1592 '0
2754 1539 2810 1593 δέ
2844 1540 2936 1593 καὶ
2967 1539 3056 1592 τὸν
3090 1537 3261 1592 Σαοὺλ
3295 1539 3458 1610 ζήλου
3496 1540 3808 1611 πεπληρω-

2223 1633 2382 1703 μένον
2420 1633 2514 1687 καὶ
2564 1631 2756 1704 ἔριδος,
2799 1631 2893 1686 καὶ
2942 1631 3029 1685 διὰ
3070 1631 3243 1685 ταῦτα
3290 1631 3380 1685 τὸν
3425 1631 3587 1686 Δαυῒδ
3632 1630 3808 1686 ἐλαύ-

2218 1741 2406 1789 νοντα,
2455 1723 2634 1797 σάρκα
2677 1723 2957 1794 ὠνόμασεν
3005 1723 3206 1776 εἰπών·
3252 1726 3335 1778 Οὐ
3377 1723 3806 1794 φοϐηθήσομαι

2218 1814 2276 1868 τί
2306 1813 2543 1880 ποιήσει
2567 1831 2667 1884 μοι
2700 1813 2857 1883 σάρξ
2865 1857 2877 1870 .
2909 1809 3044 1868 Εἶτά
3073 1830 3235 1884 φησιν
3254 1831 3266 1844 ·
3302 1816 3486 1882 Ὅλην
3510 1815 3622 1883 τὴν
3647 1815 3812 1884 ὴμέ-

553 1911 774 1964 taliones
802 1927 984 1964 eorum
1010 1911 1065 1964 in
1097 1912 1319 1968 malum.
1359 1910 1516 1978 Quod
1543 1927 1676 1968 sane
1713 1914 1921 1970 clarius
1946 1916 2117 1971 inter-

2215 1922 2330 1974 ραν
2360 1905 2502 1972 τοὺς
2537 1906 2760 1976 λόγους
2803 1924 2923 1976 μου
2969 1904 3430 1971 ἐϐδελύσσοντο,
3477 1906 3602 1959 κατ’
3639 1906 3802 1975 ἐμοῦ

539 2011 796 2074 Ῥι-οιαιυε
823 2010 908 2058 est
942 2002 1324 2075 Symmachus,
1353 2003 1579 2060 dicens:
1614 2004 1720 2060 Per
1742 2022 1945 2060 omnem
1977 2007 2118 2062 diem

449 2141 454 2146 .
537 2110 810 2149 sermones
839 2093 904 2149 de
931 2111 1010 2150 me
1041 2095 1296 2150 curabant
1325 2111 1342 2150 :
1383 2106 1569 2151 contra
1597 2113 1678 2152 me
1708 2099 1877 2152 omnis
1912 2100 2116 2169 cogita-

537 2188 626 2242 ‘tio
646 2205 836 2243 eorum
867 2189 921 2243 in
951 2189 1173 2244 malum.
1227 2191 1305 2242 Ac
1340 2188 1386 2246 si
1424 2189 1570 2244 enim
1605 2189 1746 2245 nihil
1779 2189 1928 2245 aliud
1980 2189 2116 2261 ipsis

549 2277 820 2348 agendum
855 2285 1195 2349 suppeteret,
1231 2295 1410 2351 neque
1467 2279 1536 2336 de
1583 2280 1710 2335 aliis
1761 2295 1946 2337 sermo
1999 2297 2118 2336 mo-

540 2367 757 2424 .vendus
800 2377 978 2436 esset;
1033 2369 1206 2424 otium
1237 2385 1398 2426 suum
1441 2377 1615 2426 totum
1656 2371 1713 2425 in
1761 2371 2033 2442 loquendo
2063 2379 2117 2427 et

549 2459 841 2530 cogitando
879 2458 946 2515 de
977 2475 1064 2514 me
1089 2461 1458 2529 insumebant,
1486 2462 1622 2518 nihil
1652 2462 1780 2519 boni
1807 2464 1864 2518 in
1894 2479 1980 2519 me
2004 2479 2118 2520 mo-

549 2549 772 2618 lientes;
802 2551 898 2606 sed
925 2551 980 2605 in
1013 2552 1217 2607 malum
1266 2562 1320 2609 et
1363 2568 1468 2625 pro
1512 2554 1656 2610 malo
1714 2563 1884 2610 totam
1923 2570 2114 2611 curam

535 2642 932 2712 impendebant
961 2659 1149 2702 suam.

619 2816 787 2875 Vens.
822 2820 874 2884 7,
901 2819 958 2875 8.
983 2819 1376 2877 inhabitabant
1407 2832 1458 2878 et
1491 2823 1837 2892 abscondent,
1870 2825 1974 2896 ipsi
2001 2826 2116 2880 cal-

537 2925 766 2964 caneum
796 2928 967 2965 meum
1009 2911 1375 2968 obseruabant.
1412 2914 1560 2970 Sicut
1589 2919 1952 2973 sustinuerunt
1996 2918 2115 2973 ani-

546 3017 690 3054 mam
719 3018 884 3056 meam
917 3019 1012 3072 pro
1035 3004 1201 3059 nihilo
1230 3005 1403 3060 salvos
1435 3007 1600 3075 facies
1631 3009 1786 3074 illos;
1818 3010 1874 3064 in
1915 3010 1997 3064 ira
2027 3026 2116 3080 po-

531 3093 696 3161 pulos
728 3094 1046 3166 confringes,
1080 3094 1243 3151 Deus.
1295 3094 1421 3152 Haec
1455 3099 1691 3156 obscure
1715 3100 1857 3171 apud
1884 3098 2114 3172 Septua-

545 3184 696 3255 ginta
736 3184 1065 3258 [interpretes
1098 3187 1266 3255 dicta,
1297 3191 1545 3260 apertius
1581 3194 1973 3264 interpretatus
2026 3199 2112 3249 est

2217 1997 2438 2064 πάντες
2457 2000 2511 2052 ol
2535 1995 2910 2068 διαλογισμοὶ
2949 1995 3147 2051 αὐτῶν
3173 1999 3258 2062 εις
3289 1997 3506 2049 κακόνο
3537 1997 3565 2049 δ
3595 1996 3659 2067 δὴ
3688 2014 3826 2050 eam

2216 2087 2476 2158 φέστερον
2504 2088 2847 2160 ἡρμήνευσεν
2869 2089 2897 2140 6
2924 2088 3216 2159 Σύμμαχος
3239 2087 3433 2143 εἰπών·
3461 2087 3562 2141 Διὰ
3581 2087 3803 2155 πάσης

2215 2180 2440 2250 ἡμέρας
2467 2181 2689 2250 λόγους
2728 2179 2860 2249 περὶ
2901 2180 3047 2250 ἐμοῦ
3076 2179 3440 2249 ἐφρόντιζονο
3484 2181 3608 2234 κατ’
3639 2179 3804 2250 ἐμοῦ

2215 2269 2334 2336 πᾶς
2357 2270 2746 2342 διαλογισμὸς
2772 2272 2970 2326 αὐτῶν
2993 2274 3082 2340 είς
3107 2274 3312 2326 κακόν.
3355 2273 3441 2338 Ὠς
3474 2273 3584 2346 γὰρ
3620 2273 3804 2345 μηδὲν

2215 2360 2428 2431 ἔχοντες
2459 2361 2646 2432 ἕτερον
2686 2362 2966 2434 πράττειν,
3005 2362 3137 2434 μηδὲ
3179 2361 3308 2434 περὶ
3346 2362 3548 2434 ἐτέρων
3594 2363 3802 2432 λόγους

2214 2457 2403 2517 κινεῖν,
2433 2453 2530 2526 τὴν
2561 2455 2740 2509 πᾶσαν
2768 2453 2978 2508 ἐαυτῶν
3005 2454 3198 2525 σχολὴν
3227 2456 3340 2518 τοῖς
3371 2454 3500 2526 περὶ
3530 2455 3665 2526 ἐμοῦ
3699 2456 3801 2510 λό-

2213 2564 2330 2616 γοις
2359 2546 2454 2601 καὶ
2490 2549 2601 2611 τοῖς
2641 2547 2762 2600 κατ’
2800 2545 2934 2617 ἐμοῦ
2966 2546 3242 2617 λογισμοῖς
3272 2547 3603 2611 ἀνετίθεσαν,
3634 2548 3799 2604 οὐδὲν

2213 2638 2415 2707 ἀγαθὸν
2469 2639 2596 2711 περὶ
2644 2637 2778 2710 ἐμοῦ
2833 2638 3228 2710 βουλευόμενοι.
3290 2639 3433 2693 Ἀλλ’
3489 2641 3568 2704 είς
3613 2639 3797 2697 κακὸν

2213 2731 2309 2785 καὶ
2343 2731 2434 2784 ἐπὶ
2461 2729 2616 2802 κακῷ
2644 2731 2742 2802 τὴν
2772 2729 2980 2786 ἑαυτῶν
3013 2731 3394 2796 ἀναλίσκοντες
3421 2731 3675 2804 σπουδήν.

2283 2821 2732 2891 Παροικήσουσι
2773 2823 2870 2876 καὶ
2913 2823 3424 2892 κατακρύψουσιν,
3460 2823 3627 2877 αὐτοὶ
3669 2825 3799 2892 τὴν

2214 2913 2476 2981 πτέρναν
2530 2930 2649 2983 μου
2707 2912 3067 2984 φυλάξουσι.
3131 2913 3407 2983 Καθάπερ
3459 2914 3796 2985 ὺιντιὲμειναι⁹

2212 3001 2328 3070 τὴν
2363 3003 2574 3074 ψυχήν
2611 3021 2750 3074 μου,
2797 3003 2950 3073 ὑπὲρ
2977 3001 3085 3057 τοῦ
3124 3003 3384 3074 μηδενὸς
3424 3003 3642 3072 σώσεις
3680 3009 3796 3061 αὑ-

2213 3094 2354 3162 τούς
2373 3111 2387 3125 ·
2413 3095 2486 3150 ἐν
2507 3094 2655 3166 ὀργῇ
2682 3095 2870 3162 λαοὺς
2901 3094 3197 3162 κατάξεις,
3222 3098 3256 3152 ό
3283 3097 3446 3163 Θεός.
3479 3098 3588 3150 Καὶ
3611 3097 3794 3153 ταῦτα

2212 3189 2437 3259 ἀσαφῶς
2469 3189 2730 3262 εἰρημένα
2758 3189 2909 3262 παρὰ
2927 3192 3037 3255 τοῖς
3073 3190 3490 3263 Ἑϐδομήκοντα,
3530 3191 3790 3245 λευκότε-

541 3275 910 3348 Symmachus
957 3280 1042 3336 his
1072 3281 1253 3337 verbis
1288 3301 1304 3338 :
1335 3280 1722 3340 Conveniebant
1759 3285 1921 3346 clam,
1953 3293 2002 3339 et
2031 3301 2114 3340 ve-

2217 3297 2310 3351 ρον
2349 3279 2744 3352 διηρμήνευσεν
2782 3283 2811 3334 6
2849 3280 3160 3353 Σύμμαχος,
3198 3281 3400 3335 εἰπών’
3444 3281 3793 3352 Συνήνοντο

543 3371 705 3440 stigia
735 3388 850 3425 mea
883 3370 1251 3440 observabant,
1278 3386 1635 3445 exspectantes
1666 3377 1899 3430 animam
1944 3393 2114 3432 meam
2141 3403 2152 3414 -

543 3471 760 3531 propter
790 3463 1148 3532 iniquitatem.
1201 3466 1391 3522 Libera
1415 3467 1480 3520 ab
1524 3468 1657 3533 illis,
1696 3469 1750 3522 in
1781 3469 1866 3523 ira
1893 3470 2112 3539 populos

541 3554 801 3624 deprime,
863 3555 1027 3614 Deus.
1075 3559 1154 3613 Ita
1195 3560 1363 3625 enim,
1408 3560 1606 3631 inquit,
1661 3569 1776 3617 tota
1839 3562 1926 3618 die
1979 3563 2112 3617 mihi

541 3647 938 3722 {6hservando}
980 3651 1268 3716 vacabant,
1293 3667 1574 3709 sermones
1595 3652 1661 3709 de
1690 3669 1777 3709 me
1807 3662 2111 3721 moventes,

545 3748 605 3795 et
629 3748 749 3796 tota
773 3743 1033 3814 cogitatio
1063 3759 1255 3799 eorum
1277 3752 1491 3800 contra
1539 3761 1626 3802 me
1651 3754 1804 3814 erat;
1841 3754 1901 3802 ut
1921 3747 2114 3803 stude-

546 3838 670 3884 rent
712 3847 820 3886 una
855 3831 1018 3886 simul
1057 3833 1348 3889 adversum
1371 3849 1456 3888 me
1485 3835 1952 3906 conspirationem
1987 3851 2115 3892 con-

545 3920 716 3977 ﬂare:
754 3937 930 3992 neque
957 3924 1323 3981 eo-sisterent
1362 3926 1632 3997 gradum;
1667 3926 1763 3983 sed
1802 3928 1964 3982 etiam
1998 3930 2112 3984 cal-

545 4028 778 4070 caneum
813 4015 938 4071 sive
967 4016 1094 4070 vitae
1124 4031 1374 4087 gressum
1408 4018 1786 4087 observarent,
1816 4036 1946 4076 num
1981 4036 2113 4093 sup-

546 4105 845 4177 plantando
891 4105 1130 4177 dejicere
1184 4122 1272 4163 me
1313 4115 1558 4178 possent.
1609 4106 1857 4180 Vestigia
1889 4126 2111 4182 quoque

545 4211 688 4261 mea,
718 4205 774 4252 et
825 4212 934 4267 quo
983 4213 1288 4269 pergerem,
1345 4199 1735 4268 observabant,
1785 4209 1847 4256 ut
1892 4219 2113 4276 quoquo

545 4286 708 4342 modo
755 4302 842 4343 me
874 4287 1420 4358 comprehenderent.
1467 4288 1597 4346 Haec
1631 4291 1710 4346 illi
1749 4293 1843 4362 qui
1876 4309 1964 4351 me
1994 4295 2114 4351 sine

543 4392 713 4434 causa
739 4379 1210 4450 persequebantur
1236 4389 1428 4436 contra
1472 4396 1560 4438 me
1593 4382 1971 4454 designabant.
2029 4385 2112 4442 Tu

543 4476 751 4537 autem,
785 4466 1034 4534 Domine,
1063 4485 1190 4540 spes
1244 4486 1388 4538 mea,
1423 4487 1511 4528 me
1563 4472 1634 4528 ab
1683 4473 1891 4544 injusta
1920 4491 2111 4532 eorum

538 4560 950 4632 conspiratione
986 4562 1231 4629 liberes;
1286 4563 1437 4633 ipsos
1477 4573 1658 4621 autem
1707 4566 1791 4621 ira
1821 4574 1914 4622 tua
1956 4569 2112 4624 inva-

2213 3371 2425 3439 λάθρα,
2460 3371 2559 3426 καὶ
2587 3374 2658 3426 τὰ
2690 3373 2828 3443 ιχνη
2848 3391 2967 3443 μου
3010 3371 3384 3442 παρετήρουν
3409 3371 3794 3440 προσδοκῶν-

2213 3479 2312 3528 τες
2346 3461 2461 3530 τὴν
2499 3463 2712 3532 ψυχήν
2739 3481 2858 3534 μου
2891 3464 2988 3520 διὰ
3017 3451 3133 3532 τὴν
3158 3465 3415 3519 ἀδικίαν.
3456 3465 3654 3519 Ῥῦσαι
3680 3465 3789 3520 ἀπ’

2215 3553 2432 3620 αὐτῶν,
2471 3556 2542 3609 ἐν
2584 3555 2731 3626 ὀρτῇ
2771 3557 2960 3624 λαοὺς
2992 3556 3305 3626 κατάγαγε,
3352 3559 3385 3610 d
3415 3559 3573 3623 Θεός.
3601 3557 3792 3623 Οὕτως

2215 3645 2344 3718 γάρ,
2381 3647 2536 3718 φησὶ,
2571 3647 2660 3701 διὰ
2703 3649 2882 3720 πάσης
2912 3648 3125 3722 ἡμέρας
3163 3648 3284 3720 ἐμοὶ
3317 3647 3625 3719 ἐσχόλαζον,
3658 3651 3789 3714 τοὺς

2216 3756 2280 3791 πε
2291 3738 2344 3811 pl.
2368 3737 2499 3809 ἐμοῦ
2529 3737 2718 3807 λόγους
2747 3739 3040 3805 κινοῦντες,
3069 3739 3163 3794 καὶ
3184 3741 3294 3803 πᾶς
3320 3739 3666 3810 διαλογισμὸς
3689 3739 3790 3794 a6-

2211 3829 2320 3881 τῶν
2348 3829 2470 3882 κατ’
2511 3826 2647 3898 ἐμοῦ
2682 3827 2954 3897 ἐγίγνετο·
2988 3828 3063 3893 ὡς
3097 3828 3417 3895 σπουδάζειν
3458 3829 3787 3898 συνάγεσθαι

2215 3920 2412 3983 αὐτοὺς
2436 3918 2570 3989 ὁμοῦ
2600 3921 2865 3984 συσκευάς
2890 3936 2903 3950 ⁸
2928 3919 3023 3974 καὶ
3055 3919 3130 3992 μὴ
3168 3920 3327 3995 μέχρι
3349 3922 3536 3976 τούτου
3564 3925 3782 3994 χωρεῖν,

2213 4010 2349 4064 ἀλλὰ
2382 4012 2474 4064 καὶ
2508 4011 2962 4083 περιεργάζεσθαί
2994 4028 3092 4082 μου
3121 4011 3219 4085 τὴν
3249 4013 3505 4085 πτέρναν,
3538 4013 3785 4067 τουτέστι

2211 4102 2310 4172 τὴν
2334 4100 2428 4155 τοῦ
2465 4101 2580 4172 βίου
2621 4102 2869 4175 πορείαν,
2905 4102 2960 4154 εἴ
2988 4121 3104 4167 πως
3133 4103 3474 4168 σκελίσαντες
3511 4103 3784 4176 δυνηθεῖεν

2214 4195 2536 4249 καταϐαλεῖν
2567 4213 2656 4267 με.
2688 4197 2797 4249 Καὶ
2820 4195 2890 4250 τά
2922 4195 3041 4267 ἴχνη
3065 4196 3120 4250 δέ
3147 4214 3248 4268 μου
3275 4199 3638 4270 παρετήρουν,
3659 4200 3782 4252 ὅποι

2213 4288 2279 4342 ἂν
2321 4287 2611 4358 βαδίζοιμι,
2645 4289 2738 4343 καί
2781 4289 2846 4342 ἶν’
2875 4290 3024 4352 ὅπως
3063 4288 3401 4368 ἐπιλάϐοιντό
3444 4307 3564 4361 μου.
3597 4291 3784 4346 Ταῦτα

2214 4380 2312 4450 μὲν
2341 4375 2433 4434 οὖν
2460 4381 2511 4432 οἱ
2541 4379 2718 4450 μάτην
2749 4379 3033 4447 διώκοντες
3060 4385 3181 4436 κατ’
3210 4382 3346 4455 ἐμοῦ
3387 4384 3671 4456 ἔπραττον.
3707 4386 3780 4439 Σὺ

2211 4470 2288 4536 δὲ,
2339 4470 2532 4543 Κύριε,
2564 4473 2598 4542 ἡ
2629 4471 2737 4544 ἐμὴ
2767 4473 2939 4540 ἐλπὶς,
2970 4475 3070 4545 ἐμὲ
3103 4477 3200 4546 μέν
3240 4475 3340 4547 τῆς
3382 4476 3566 4530 ἀδίκου
3600 4477 3782 4530 αὐτῶν

2217 4562 2484 4633 συπευῆς
2541 4563 2722 4634 ῥῦσαι,
2771 4565 2964 4630 αὐτοὺς
3013 4566 3070 4620 δὲ
3123 4567 3393 4638 μετελθὼν
3439 4570 3504 4640 τῇ
3552 4569 3782 4622 σεαυτοῦ

542 4620 700 4718 dens:
730 4669 794 4710 ex
820 4669 884 4710 ea
912 4657 1222 4726 arrogantia
1247 4620 1591 4730 et.superbia
1633 4659 1808 4729 dejice
1835 4679 1849 4715 :
1875 4661 1930 4716 id
1963 4662 2111 4717 enim

2215 4651 2372 4724 ὀργῇ,
2405 4620 2676 4706 κατάϐαλε
2705 4620 2805 4726 τῆς
2839 4620 3206 4728 μεγαλαυχίας
3232 4620 3323 4711 καὶ
3348 4620 3784 4730 τῆςὲψηιὸφρὸζ

541 4745 679 4816 ipsis
714 4747 844 4804 utile
865 4748 990 4804 erit.
1043 4747 1322 4820 Siquidem
1354 4751 1486 4808 elati
1512 4766 1577 4807 ac
1615 4759 1912 4817 tumentes,
1952 4752 2009 4808 id
2049 4754 2107 4808 in

541 4852 699 4892 suam
741 4839 1040 4909 perniciem
1083 4841 1353 4912 agebant:
1413 4842 1618 4899 etenim
1674 4841 1819 4898 Deus
1869 4843 2108 4913 superbis

544 4930 763 4998 resistit,
795 4931 1082 4986 humilibus
1106 4943 1282 4987 autem
1304 4933 1399 4988 dat
1425 4935 1656 5005 gratiam
1673 4933 1752 4991 “z
1784 4950 1953 5005 quare
1975 4950 2110 5007 rogo

543 5035 735 5077 omnes
779 5022 1130 5093 insurgentes
1167 5023 1231 5078 in
1272 5040 1359 5081 me
1399 5025 1710 5095 dcprimas;
1736 5026 1872 5091 sive,
1910 5041 2111 5082 secun-

541 5113 672 5168 dum
705 5113 979 5184 Aquilam,
1031 5113 1253 5184 dejicias
1271 5134 1290 5180 ,'
1315 5124 1376 5171 ut
1402 5116 1705 5174 modestius
1731 5125 1895 5190 atque
1925 5119 2112 5174 humi-

544 5206 652 5262 lius
682 5207 1006 5275 sentientes,
1037 5224 1296 5280 magnam
1329 5211 1622 5268 utilitatem
1661 5213 1992 5284 percipiant.

611 5400 777 5458 Vens.
814 5400 870 5467 9,
918 5402 1004 5458 10.
1050 5401 1225 5457 Vitam
1274 5419 1445 5458 meam
1487 5404 1798 5459 annuntiavi
1853 5403 1970 5468 tibi,
2015 5419 2111 5473 po-

541 5495 696 5550 suisti
726 5494 990 5564 lacrymas
1030 5510 1170 5549 meas
1215 5495 1271 5548 in
1317 5504 1595 5564 conspectu
1626 5506 1750 5560 tuo;
1774 5495 1908 5550 sicut
1951 5503 2002 5549 et
2051 5494 2106 5548 in

537 5587 1022 5655 promissionetua,
1052 5596 1410 5642 convertentur
1441 5587 1642 5641 inimici
1669 5588 1769 5642 mei
1795 5597 2102 5651 retrorsum,

533 5678 592 5731 in
620 5694 925 5751 quacunque
946 5679 1031 5734 die
1049 5679 1352 5736 invocavero
1377 5689 1445 5735 te.
1471 5677 1596 5735 Habe
1623 5680 1827 5736 clarius
1859 5677 2108 5751 Symma—

2217 4741 2408 4814 σύνης·
2456 4745 2613 4799 τοῦτο
2644 4745 2753 4816 γὰρ
2793 4746 2974 4812 αὐτοῖς
3026 4748 3278 4802 συνοίσει.
3313 4749 3631 4821 ’Υψούμενοι
3670 4749 3782 4823 γάρ

2215 4833 2308 4887 καὶ
2342 4836 2712 4907 ἐπαιρόμενοι,
2744 4837 2829 4889 ἐπ’
2853 4835 3057 4910 ὀλέθρῳ
3080 4837 3158 4910 τῷ
3179 4839 3387 4893 ἑαυτῶν
3412 4840 3560 4894 ταῦτ’
3588 4840 3783 4912 ἔπρατ-

2213 4941 2302 4976 τον
2323 4941 2334 4953 ⁶
2350 4927 2382 4978 ό
2397 4925 2503 4996 γὰρ
2535 4924 2678 4991 Θεὸς
2693 4925 3095 4994 ὑπερηφάνοις
3107 4926 3549 4993 ἀντιτάσσεται,
3580 4945 3782 4985 ταπει-

2205 5014 2646 5080 Δνοῒςδὲδίδωσι
2668 5017 2874 5087 χάριν*
2929 5017 3030 5082 διὸ,
3085 5019 3334 5084 ἱκετεύω,
3387 5021 3595 5086 πάντας
3653 5025 3782 5088 τοὺς

2214 5109 2672 5180 ἐπανισταμένους
2702 5127 2792 5181 μοι
2809 5110 3083 5182 κατάγαγε
3105 5128 3121 5142 ·
3152 5111 3207 5184 ἢ,
3237 5112 3380 5167 κατά
3405 5112 3496 5168 τδν
3532 5114 3780 5178 Ἀκύλαν,

2214 5201 2643 5256 καταϐίϐασονο
2689 5203 2766 5264 ὠς
2811 5201 2898 5267 ἂν,
2945 5202 3184 5275 μέτριον,
3216 5205 3470 5277 φρόνημα
3527 5205 3782 5271 λαϐόντες

2212 5293 2306 5346 καί
2332 5293 2564 5349 ταπεινά
2597 5294 2940 5367 φρονοῦντες,
2979 5296 3048 5350 τὰ
3082 5297 3294 5367 μεγάλα
3325 5297 3672 5369 ὠφεληθεῖεν.

2287 5407 2407 5477 Τὴν
2429 5408 2581 5476 ζωήν
2603 5427 2722 5480 μου
2751 5410 3070 5483 smn-esz
3099 5429 3218 5476 σοι,
3267 5413 3406 5468 ἐθου
3445 5415 3518 5468 τὰ
3551 5413 3781 5482 δάκρυά

2205 5516 2325 5570 μου
2354 5499 2610 5555 ἐνώπιόν
2644 5517 2780 5557 σουο
2830 5504 2910 5570 ὡς
2948 5504 3049 5558 καὶ
3092 5504 3162 5559 ἐν
3189 5503 3264 5574 τῇ
3297 5505 3618 5576 ἐπαγγελίᾳ
3639 5520 3776 5570 σου,

2205 5592 2685 5661 ἐπιστρέφουσιν
2713 5597 2766 5649 ol
2795 5595 2997 5666 ἐχθροί
3030 5614 3150 5668 μου
3179 5600 3265 5664 είς
3288 5597 3360 5651 τὰ
3388 5599 3597 5664 ὀπίσω,
3634 5598 3704 5652 ἐν
3738 5592 3780 5670 ᾖ

2209 5684 2292 5737 ἂν
2327 5684 2511 5753 ἠμέρςι
2535 5685 2974 5757 ἐπικαλέσωμαι
2989 5703 3081 5744 σε.
3103 5689 3213 5744 Καὶ
3231 5689 3402 5746 ταῦτα
3429 5693 3455 5745 6
3488 5689 3779 5762 Σύμμαχος

615 5836 659 5866 ’⁵
697 5835 861 5894 Rom.
893 5853 1008 5902 vm,
1039 5837 1128 5894 51.
1223 5837 1263 5869 ’⁸
1299 5835 1469 5894 lCor.
1508 5852 1588 5914 In,
1625 5836 1679 5892 ὅ.
1760 5838 1776 5872 ⁸
1820 5834 2024 5892 lPetr.
2062 5853 2116 5902 ν,
2154 5839 2203 5892 5.
