4100 6442
358 368 462 422 ιθτ

1493 364 1998 425 COMMENTARIA
2042 369 2107 425 l.\'
2149 365 2490 426 PSALMOS.

3507 363 3612 422 ωδ

355 482 688 554 σαφέστερον
709 482 1075 553 ήρμήνευσεν,
1104 484 1277 549 οὕτως
1317 483 1595 539 εἰπών·ΐά
1620 484 1931 576 Matutae

2060 491 2174 545 :hus
2230 490 2620 558 interpretatus
2665 491 2749 540 est
2794 483 2881 540 his
2913 483 3093 540 verbis
3132 502 3143 538 :
3189 482 3449 540 Interiora
3501 500 3616 539 mea

356 576 770 645 έξηρίθμησας
792 593 806 605 ·
869 575 952 630 σὺ
1010 576 1153 632 ἔθου
1186 577 1258 631 τὰ
1283 575 1515 645 δάκρυά
1536 595 1657 648 μου
1687 575 1944 634 ἐιτὶιπιόν

356 682 496 723 σου.
525 665 623 733 Μὴ
651 665 788 735 οὐχι
842 665 990 720 ὅταν
1027 665 1372 736 ἐξαριθμῇς,
1403 667 1536 720 τότε
1558 667 1946 737 ἀποστραφή-

358 777 568 816 vortat
600 763 654 814 οι
691 761 894 829 ἐχθροί
940 779 1060 830 μου
1105 757 1317 826 ὀπίσω,
1346 755 1388 832 ᾖ
1419 759 1497 813 ἂν
1527 760 1718 830 ἡμέρᾳ
1737 761 1942 816 ἐπικα-

358 853 626 921 λέσωμαι
652 868 770 916 σε;
817 853 881 906 Οί
907 854 1006 924 μὲν
1052 853 1236 924 ἐχθροί
1267 870 1388 923 μου,
1415 853 1567 922 φησι,
1619 852 1707 906 διὰ
1764 851 1945 921 πάσης

360 947 574 1015 ημέρας
597 942 787 1012 λόγους
813 945 943 1016 περὶ
992 943 1128 1015 ἐμοῦ
1160 944 1461 1007 ἀνεκίνουν,
1510 944 1604 998 καὶ
1661 945 1781 998 κατ’
1809 942 1944 1014 ἐμοῦ

361 1035 564 1099 πάντες
585 1037 634 1088 οἱ
661 1035 1000 1106 διαλογισμοὶ
1057 1034 1235 1089 αὐτῶν
1280 1030 1440 1106 ἦσαν·
1491 1034 1601 1105 ἐγὼ
1646 1036 1701 1089 δέ
1729 1036 1944 1100 ὁποίους

361 1124 669 1198 ἐνέμαυτῷ
701 1127 930 1195 συνῆγον
958 1125 1250 1196 λογισμοὺς
1283 1127 1376 1180 καὶ
1399 1126 1592 1190 ὁποίας
1620 1126 1947 1199 ἐνθυμήσεις

362 1213 533 1289 εἶχον,
561 1219 624 1270 σὺ
681 1218 863 1282 αὐτὸς,
903 1218 980 1282 ώς
1013 1215 1452 1289 καρδιογνώστης
1491 1216 1644 1282 Θεὸς,
1673 1214 1840 1282 οἶδας.
1867 1216 1950 1270 Τὰ

363 1311 472 1381 γὰρ
497 1310 643 1364 ἔνδον
679 1327 780 1381 μου
806 1308 1178 1382 ἐξηρίθμησας
1199 1308 1396 1373 πάντα,
1419 1310 1511 1363 καὶ
1530 1310 1598 1364 τά
1623 1311 1829 1383 κρύφιά
1847 1329 1947 1383 μου

362 1404 460 1457 καὶ
485 1403 583 1466 τὰς
608 1401 928 1474 ἐνθυμήσεις
954 1402 1054 1472 τῆς
1077 1400 1253 1473 ψυχῆς
1291 1419 1391 1473 μου
1418 1400 1733 1470 γινώσκεις·
1758 1402 1950 1474 διόπερ

363 1494 487 1548 ἔθου
510 1493 578 1546 τὰ
602 1492 814 1564 δάκρυά
848 1509 951 1563 μου
978 1492 1207 1548 ἐνώπιόν
1242 1509 1359 1556 σου,
1399 1492 1492 1545 καὶ
1534 1492 1634 1546 ούκ
1678 1493 1953 1564 ἀπεστρά-

363 1603 473 1656 φης
503 1585 657 1638 αύτά’
691 1583 804 1636 ἀλλ’
831 1582 1033 1653 ὥσπερ
1066 1586 1124 1639 ἐν
1147 1586 1211 1656 τῇ
1235 1583 1536 1655 ἐπαγγελίᾳ
1570 1601 1662 1638 σου
1687 1584 1951 1656 ὑπισχνοῦ

362 1671 555 1740 λέγων·
584 1671 706 1722 Ἔτι
754 1671 1092 1738 λαλοῦντός
1133 1688 1250 1726 σου
1285 1670 1416 1740 ἐρῶ·
1490 1671 1645 1727 Ἰδοὺ
1695 1672 1950 1743 πάρειμι,

364 1761 537 1825 οὕτως
563 1761 831 1815 ἀκόλουθα
855 1761 1110 1833 πράττων
1135 1765 1255 1826 ταῖς
1279 1765 1397 1827 σαῖς
1421 1763 1797 1832 ἐπαγγελίαις,
1812 1765 1952 1820 έθου

2041 580 2409 634 enumerasti:
2452 584 2505 629 tu
2547 574 2772 644 posuisti
2819 574 3083 645 lacrymas
3131 589 3273 628 meas
3332 589 3508 626 coram
3545 583 3611 626 te-

2042 672 2230 725 Annon
2262 686 2380 724 cum
2427 668 2828 732 enumerareris,
2858 676 2979 721 tunc
3022 675 3380 721 convertentur
3419 665 3618 720 inimici

2043 765 2145 818 mei
2175 771 2486 826 retrorsum,
2523 761 2579 814 in
2618 776 2925 831 quacunque
2949 759 3033 814 die
3067 761 3371 815 inroravere
3398 760 3486 816 te?
3529 756 3616 814 In-

2045 855 2192 910 imici
2222 853 2441 925 quidem
2476 854 2604 917 mei,
2639 852 2839 924 inquit,
2869 859 2983 907 tota
3015 851 3102 908 die
3125 867 3407 907 sermones
3439 850 3507 907 de
3533 865 3618 906 me

2044 949 2361 1012 movebant,
2387 955 2441 1004 et
2466 955 2658 1002 contra
2697 961 2782 1001 me
2810 945 3175 1016 cogitationes
3212 959 3399 1000 eorum
3424 951 3616 1010 erant;

2045 1056 2145 1114 ego
2167 1055 2297 1096 vero
2324 1040 2504 1111 qualia
2528 1041 2580 1095 in
2613 1056 2700 1096 me
2733 1039 3019 1095 ratiocinia
3048 1039 3384 1112 collegerint,
3409 1048 3461 1095 et
3483 1053 3621 1110 qua-

2045 1132 2127 1189 les
2163 1131 2524 1202 cogitationes
2555 1131 2858 1196 habuerim,
2895 1138 2976 1196 tu,
3015 1139 3200 1202 utpote
3235 1131 3481 1186 cordium
3527 1145 3630 1200 00-.

2048 1225 2232 1296 gnitor
2277 1223 2442 1289 Deus,
2477 1223 2644 1278 nosti.
2675 1222 2808 1278 Nam
2857 1238 2978 1294 qua:
3035 1225 3172 1279 intra
3206 1238 3291 1278 me
3325 1231 3454 1277 sunt
3485 1237 3620 1278 enu-

2047 1315 2274 1371 merasti
2304 1314 2508 1378 omnia,
2541 1321 2594 1369 et
2621 1313 2835 1368 occulta
2858 1328 2977 1369 mea
3007 1314 3476 1385 cogitationesque
3501 1311 3620 1368 ani-

2048 1421 2152 1462 ma
2179 1421 2311 1461 mete
2339 1407 2625 1477 cognoscis
2660 1425 2672 1462 :
2700 1405 3051 1476 quamobrem
3091 1405 3321 1476 posuisti
3353 1405 3621 1478 lacrymas

2049 1512 2202 1553 meas
2233 1497 2287 1552 in
2314 1504 2614 1566 conspectu
2644 1503 2760 1560 tuo,
2795 1511 2898 1551 nec
2945 1502 3229 1550 aversatus
3270 1509 3364 1550 eas
3394 1509 3489 1560 es;
3526 1493 3620 1550 sed

2051 1593 2188 1647 sicut
2229 1597 2284 1646 et
2335 1590 2392 1644 in
2441 1589 2807 1660 promissione
2839 1598 2928 1644 tua
2971 1587 3252 1658 professus
3274 1603 3353 1652 es,
3386 1587 3572 1642 dicens
3604 1601 3619 1639 :

2051 1682 2238 1737 Adhuc
2269 1693 2317 1736 te
2349 1681 2586 1752 loquente
2619 1679 2794 1734 dicam
2833 1695 2849 1734 :
2893 1678 3026 1733 Ecce
3069 1678 3258 1733 adsum
3284 1679 3358 1746 ";
3388 1678 3467 1734 sic
3492 1691 3624 1733 con-

2055 1778 2344 1841 sequenter
2374 1770 2440 1826 ad
2469 1769 2740 1840 promissa
2776 1777 2888 1832 tua,
2916 1770 3139 1839 posuisti
3183 1767 3448 1839 lacrymas
3481 1785 3624 1826 meas

364 1855 439 1908 τὰ
458 1853 688 1923 δάκρυά
732 1872 852 1924 μου
903 1853 1161 1908 ἐνώπιόν
1213 1870 1350 1909 σου.
1385 1856 1494 1908 Καὶ
1544 1856 1686 1910 κατά
1712 1857 1811 1929 τὴν
1837 1857 1946 1911 τῶν

2060 1862 2106 1915 in
2141 1869 2418 1930 conspectu
2481 1869 2588 1916 tuo.
2647 1858 2725 1914 Ac
2775 1858 3075 1914 secundum
3123 1859 3622 1930 interpretationem

379 1943 781 2014 Ἑϐδομήκοντα
827 1943 885 1998 δέ
916 1942 1232 2015 ἑρμηνείαν,
1264 1941 1384 2011 Τὴν
1407 1942 1560 2010 ζωήν
1579 1962 1720 2014 μου,
1759 1945 1943 2015 φησὶν,

366 2032 686 2104 ἐξήγγειλά
737 2049 856 2099 σοι,
913 2034 989 2098 ώς
1034 2033 1101 2089 ἂν
1163 2034 1469 2106 παρρησίαν
1525 2033 1673 2103 ἄγων
1733 2037 1824 2088 καὶ
1872 2035 1947 2108 μὴ

368 2126 824 2198 ἐπαισχυνόμενος
849 2125 942 2179 ἐπὶ
964 2127 1030 2198 τῇ
1055 2125 1291 2197 ἐμαυτοῦ
1320 2124 1456 2196 ζωῇ.
1490 2124 1562 2177 Σύ
1603 2143 1664 2179 τε
1683 2125 1945 2196 ἀποδεχό-

373 2219 530 2290 μενός
554 2236 654 2290 μου
687 2218 785 2291 τὴν
810 2218 976 2290 ζωὴν,
1028 2217 1098 2272 τά
1127 2217 1339 2288 δάκρυά
1371 2235 1472 2288 μου
1503 2218 1603 2271 οὐκ
1651 2216 1946 2283 ἀπεσείσω,

372 2309 505 2364 ἀλλά
530 2308 635 2382 πρὸ
660 2309 770 2363 τῶν
797 2310 906 2364 σῶν
928 2307 1219 2379 ὀφθαλμῶν
1251 2308 1374 2364 ἐθου
1401 2309 1560 2374 αύτά,
1593 2308 1949 2380 πιστούμενος

372 2401 470 2466 τάς
492 2402 590 2465 σὰς
613 2399 960 2470 ἐπαγγελίας.
978 2399 1068 2453 Διὸ
1091 2399 1421 2462 συνέϐαινεν,
1448 2397 1580 2471 ἐμοῦ
1603 2399 1952 2468 είσακουομέ-

374 2508 488 2558 νου,
521 2492 647 2556 τοὺς
694 2489 918 2564 ἐχθρούς
984 2507 1083 2562 μου
1120 2491 1199 2554 είς
1225 2489 1295 2543 τά
1345 2490 1520 2544 ὀπίσω
1569 2492 1784 2561 χωρεῖν·
1829 2489 1951 2544 ὅθεν

375 2580 535 2652 φημί·
573 2582 670 2634 Ἐν
689 2575 728 2652 ᾖ
759 2579 836 2634 ἂν
871 2577 1066 2648 ἡμέρᾳ.
1088 2577 1531 2648 ἐπικαλέσωμαι
1553 2593 1647 2643 σε,
1682 2579 1953 2648 ἐπιστρέ-

373 2674 603 2740 φουσιν
624 2673 675 2726 οι
697 2671 897 2740 ἐχθροί
917 2687 1037 2739 μου
1086 2671 1174 2735 εις
1198 2668 1270 2724 τὰ
1306 2669 1518 2725 ὀπίσω·
1554 2669 1697 2724 κατὰ
1743 2669 1802 2723 δέ
1856 2671 1952 2724 τὸν

374 2762 687 2833 Σύμμαχον·
724 2760 822 2828 Μὴ
860 2759 996 2831 οὐχί
1030 2759 1198 2824 ὅταν,
1227 2761 1412 2832 φησὶν,
1446 2759 1791 2831 έξαριθμῇς,
1821 2762 1954 2815 τότε

373 2850 945 2920 ἀποστραφήσονται
971 2852 1023 2903 οἱ
1048 2850 1250 2918 εχθοοί
1284 2866 1404 2918 μου
1439 2849 1666 2912 dalata;
1704 2849 1954 2904 Ἐπειδὰν

375 2941 710 3014 φυλοκρινῶν
727 2939 1061 3013 διακαθάρης
1075 2940 1346 3011 ἀφορίζων
1359 2940 1484 3003 τοὺς
1506 2939 1732 2993 σεαυτοῦ
1750 2939 1952 3007 ἀξίους,

376 3033 472 3086 καὶ
503 3033 856 3106 ἐξαρίθμησιν
897 3029 1217 3102 ποιούμενος
1267 3029 1375 3086 τῶν
1415 3031 1716 3102 μελλόντων
1767 3033 1847 3096 είς
1887 3030 1958 3084 τὰ

373 3121 524 3186 δεξιά
578 3121 847 3188 ἵστασθαι,
903 3121 998 3174 καὶ
1023 3119 1134 3174 τῶν
1187 3120 1267 3184 είς
1311 3119 1576 3191 ἀριστερά
1617 3119 1956 3192 χωρούντων,

2052 1951 2192 2006 LXX
2217 1992 2232 2016 ,
2280 1951 2455 2006 Vitam
2484 1968 2674 2016 meam,
2712 1951 2910 2022 inquit,
2938 1951 3248 2005 annuntiaui
3290 1949 3402 2014 tibi,
3439 1957 3626 2022 utpote

2053 2043 2145 2116 qui
2176 2059 2300 2098 cum
2337 2042 2530 2098 fiducia
2551 2057 2790 2114 agerem.
2827 2057 2928 2097 nec
2961 2043 3028 2098 de
3049 2042 3160 2098 vita
3197 2056 3316 2098 mea
3337 2043 3626 2098 erubesce-

2055 2149 2192 2190 rem.
2226 2132 2309 2188 Tu
2341 2149 2468 2189 vero
2498 2133 2623 2188 c'um
2656 2132 2824 2188 vitam
2855 2134 3192 2205 approbares
3220 2150 3419 2202 meam,
3452 2135 3626 2208 Iacry-

2055 2240 2175 2282 mas
2230 2240 2382 2280 meas
2431 2240 2540 2280 non
2590 2224 2862 2296 repulisti,
2895 2224 2992 2280 sed
3043 2225 3115 2282 ob
3159 2226 3349 2282 oculos
3395 2225 3627 2298 posuisti

2055 2324 2200 2380 tuos.
2235 2316 2316 2372 sic
2349 2315 2638 2388 promissis
2687 2316 2797 2371 tuis
2851 2315 3010 2372 fidem
3063 2316 3384 2373 concilians.
3449 2315 3630 2384 Quare

2056 2407 2305 2479 contigit,
2338 2422 2464 2463 cum
2495 2408 2784 2465 exauditus
2831 2423 3030 2476 essem,
3060 2407 3315 2464 inimicos
3364 2424 3514 2465 meos
3542 2425 3630 2466 re-

2057 2503 2143 2550 tro
2173 2496 2367 2552 cedere
2393 2514 2410 2565 ;
2443 2496 2564 2552 ideo
2593 2497 2718 2552 dico
2751 2515 2766 2554 :
2795 2496 2860 2552 In
2881 2513 3186 2570 quacunque
3213 2498 3297 2554 die
3326 2498 3628 2555 invocavero

2059 2597 2126 2652 te,
2184 2597 2546 2644 convertentur
2580 2590 2784 2646 inimici
2829 2591 2929 2646 mei
2966 2603 3284 2656 retrorsum;
3327 2593 3629 2649 secundum

2061 2678 2446 2752 Symmachum
2464 2697 2592 2737 vero
2621 2702 2634 2738 :
2659 2683 2847 2737 Annon
2869 2700 2986 2738 cum
3005 2686 3409 2746 enrtmeraoeris.
3431 2684 3628 2756 inquit,

2059 2783 2421 2828 convertentur
2440 2775 2644 2828 inimici
2672 2775 2771 2828 mei
2799 2778 3130 2831 retrorsum?
3158 2773 3293 2831 Cum
3319 2790 3412 2846 per
3442 2775 3630 2848 singu-

2059 2864 2143 2918 las
2173 2864 2350 2919 tribus
2377 2865 2695 2929 secernens,
2720 2879 2816 2920 eos
2845 2864 2939 2935 qui
2971 2871 3023 2920 te
3052 2865 3202 2936 digni
3253 2873 3380 2920 sunt
3427 2865 3631 2938 selcgc-

2061 2955 2161 3019 ris,
2180 2961 2237 3011 et
2260 2954 2673 3011 enumeraveris
2702 2969 2798 3010 eos
2825 2954 2916 3025 qui
2936 2955 3002 3010 ad
3028 2953 3307 3011 dexteram
3331 2954 3629 3020 statuendi,

2061 3053 2117 3103 et
2143 3061 2240 3102 eos
2273 3047 2365 3117 qui
2397 3047 2463 3102 ad
2495 3045 2777 3102 sinistram
2827 3045 3103 3104 recessuri
3155 3056 3304 3112 sunt,
3330 3055 3474 3112 tunc,
3505 3061 3630 3101 cum

2063 3139 2228 3195 talem
2273 3138 2744 3196 enumerationem
2785 3139 2988 3205 facies,
3035 3147 3398 3194 convertentur
3434 3136 3632 3194 inimici

375 3214 543 3282 τότε,
605 3215 662 3268 ἐν
715 3213 794 3285 τῷ
851 3212 912 3266 σέ
962 3212 1061 3283 τὴν
1103 3209 1458 3284 ἐξαρίθμησιν
1517 3210 1718 3284 ταύτην
1789 3213 1961 3266 ποιεῖ·
1987 3222 2028 3281 ρ
2062 3232 2163 3286 ,ηεξ
2197 3239 2512 3286 "granum.

376 3305 539 3374 σθαι,
590 3303 1158 3375 ἀποστραφήσονται
1211 3306 1266 3358 oi
1323 3303 1526 3373 ἐχθροί
1575 3321 1694 3374 μου
1747 3305 1834 3370 εις
1881 3302 1954 3359 τὰ

378 3395 595 3452 ὀπίσω.

463 3509 608 3565 Ἰδοὺ
635 3510 848 3581 ἔγνων,
875 3509 964 3564 ὅτι
989 3511 1134 3576 Θεός
1157 3510 1262 3580 μοί
1291 3507 1482 3564 ἐστιν.
1544 3509 1675 3566 Ἐπὶ
1725 3509 1806 3577 τῷ
1833 3509 1956 3578 Θεῷ

383 3601 601 3656 αινέσω
620 3602 804 3672 ῥῆμα,
829 3603 926 3656 ἐπὶ
963 3601 1044 3668 τῷ
1086 3603 1281 3670 Κυρίῳ
1318 3601 1538 3657 αίνέσω
1593 3603 1798 3672 λόγον·
1855 3604 1955 3659 ἐπί

384 3692 464 3759 τῷ
488 3695 678 3762 Κυρίῳ
713 3693 963 3762 ἤλπισα,
982 3696 1054 3748 οὐ
1080 3692 1494 3764 φοϐηθήσομαι
1515 3694 1573 3748 τί
1594 3693 1834 3762 ποιήσει
1855 3713 1959 3766 μοι

383 3785 709 3855 ἄνθρωπος.
756 3786 913 3840 Κατά
973 3786 1032 3840 δὲ
1063 3786 1154 3840 τὸν
1204 3785 1500 3856 Σύμμαχον
1552 3785 1714 3840 τοῦτό
1769 3804 1953 3858 φησιν·

387 3873 551 3942 οῖδα,
579 3879 667 3933 ὅτι
689 3879 820 3933 ἐστι
848 3879 990 3945 Θεός
1017 3897 1137 3949 μοι.
1178 3877 1289 3932 Τὸν
1337 3878 1486 3933 Θεὸν
1538 3879 1958 3951 ὑμνολογήσω,

383 3969 484 4025 διὰ
541 3969 648 4025 τοῦ
715 3970 861 4025 Θεοῦ
919 3969 1400 4040 ὑμνοποιήσομαι
1445 3972 1652 4041 λόγον·
1691 3970 1773 4038 τῷ
1805 3970 1961 4038 -Θεῷ

386 4062 660 4123 πέποιθα,
694 4064 764 4116 οὐ
791 4063 1203 4132 φοϐηθήσομαι
1236 4063 1294 4117 τι
1336 4062 1577 4130 ποιήσει
1603 4081 1704 4133 μοι
1741 4063 1962 4132 ἄνθρω-

386 4167 520 4219 πος.
549 4152 737 4216 Ᾱύτοῖς
761 4152 961 4222 ἔργοις,
987 4153 1140 4224 φησι,
1161 4153 1493 4225 παρείληφα,
1512 4154 1606 4206 καὶ
1636 4152 1808 4221 ἔγνων
1837 4153 1964 4225 ἀλη-

389 4245 519 4311 θῶς,
540 4246 620 4299 δτι
647 4247 745 4299 ούκ
768 4245 860 4298 ἐπὶ
895 4245 1104 4316 ματαίῳ
1156 4245 1380 4316 ἦλπισα·
1428 4243 1565 4299 ἀλλά
1610 4244 1741 4298 Θεὸν
1774 4243 1964 4315 βοηθὸν

388 4339 723 4410 ἐκτησάμην.
748 4337 949 4391 Τούτου
969 4337 1025 4391 δὲ
1052 4337 1291 4408 ἔλεγχος,
1323 4337 1445 4390 ἐπεὶ
1468 4337 1609 4392 ἔθου
1641 4336 1715 4390 τὰ
1735 4333 1966 4404 δάκρυά

386 4449 505 4501 μου
537 4429 791 4484 ἐνώπιόν
821 4446 956 4484 σου.
987 4425 1120 4482 Εἶτα
1166 4427 1301 4499 ἐμοῦ
1334 4429 1432 4499 μὲν
1462 4429 1696 4499 ἐπήκοος
1719 4427 1962 4496 ἐγίγνου,

390 4523 441 4576 οἱ
466 4523 522 4576 δέ
548 4521 727 4593 ἐχθροί
779 4539 878 4592 μου
907 4519 1144 4593 ἐχώρουν
1187 4521 1268 4583 εἰς
1317 4519 1387 4573 τὰ
1409 4519 1604 4573 ὀπίσω·
1636 4519 1718 4572 διὸ
1753 4518 1854 4572 ἐπὶ
1885 4516 1966 4584 τῷ

396 4613 517 4680 Θεῷ
539 4612 757 4667 αινέσω
770 4612 954 4682 ρἦα·
1013 4613 1071 4684 ἢ,
1105 4612 1246 4666 κατά
1274 4612 1366 4666 τὸν
1406 4611 1639 4664 ’Δκύλαν
1660 4627 1674 4641 ·
1717 4610 1820 4664 Ἐν
1851 4610 1973 4676 Θεῷ

395 4705 771 4774 καυχήσομαι
817 4703 1001 4773 ῥῆμα·
1063 4703 1204 4758 κατά
1260 4703 1317 4756 δέ
1364 4702 1454 4756 τὸν
1494 4702 1825 4773 Σύμμαχον·
1860 4700 1972 4754 Τὸν

397 4797 546 4851 Θεὸν
568 4795 980 4865 ὐμνολογήσω·
995 4796 1130 4850 ἀλλά
1153 4797 1244 4850 καὶ
1264 4797 1362 4850 ἐπι
1392 4795 1499 4848 τὸν
1513 4791 1971 4861 Κύρωνάινέσω

395 4885 596 4954 λόγον·
633 4884 692 4955 ἢ,
736 4883 878 4938 κατὰ
920 4883 1012 4939 τδν
1069 4885 1321 4950 Ἀκύλαν,
1370 4884 1440 4938 ἐν
1481 4883 1677 4951 Κυρίῳ
1719 4880 1970 4952 ὑμνήσω

397 4979 598 5047 λόγον·
628 4979 684 5050 ἦ,
709 4978 851 5032 κατά
870 4978 1285 5050 τὸνιΣύμμαχον,
1307 4978 1405 5031 διὰ
1427 4976 1534 5032 τοῦ
1556 4976 1779 5044 Κυρίου
1798 4978 1972 5045 ὑμνο-

399 5069 720 5138 ποιήσομαι
746 5071 948 5140 λόγον·
993 5072 1088 5124 καὶ
1110 5071 1292 5135 πάλιν,
1317 5070 1394 5134 ῶς
1424 5070 1681 5141 ἀνωτέρω
1706 5085 1793 5139 μοι
1817 5066 1984 5139 εἴρηα-

399 5175 512 5212 ται·
557 5160 681 5213 Ἐπὶ
724 5159 804 5227 τῷ
861 5159 982 5227 Θεῷ
1041 5161 1293 5229 ἤλπισα,
1342 5164 1415 5215 οὐ
1449 5159 1862 5231 φοϐηθήσομαι
1910 5159 1969 5212 τί

401 5250 637 5312 ποιήσει
657 5268 758 5319 μοι
806 5251 982 5320 σάρξ·
1041 5253 1133 5305 καὶ
1184 5252 1280 5305 νῦν
1332 5270 1494 5324 φημι,
1550 5252 1676 5305 Ἐπὶ
1726 5249 1807 5316 τῷ
1850 5248 1974 5315 Θεῷ

401 5340 658 5410 ἤλπισα,
697 5343 769 5396 οὐ
801 5342 1212 5411 φοϐηθήσομαι
1244 5343 1301 5397 τι
1326 5342 1567 5408 ποιήσει
1621 5358 1720 5411 μοι
1753 5339 1980 5407 ἄνθρω-

402 5448 536 5498 30¢:-
573 5431 718 5502 Σὰρξ
737 5432 846 5504 γὰρ
893 5433 986 5486 καὶ
1035 5433 1321 5504 ἄνθρωπος
1351 5434 1408 5487 ἓν
1441 5434 1536 5487 καὶ
1585 5431 1780 5486 ταυτόν
1805 5431 1976 5492 ἐστιν,

403 5521 590 5592 ἐπειδὴ
622 5521 888 5576 λέλεκται·
929 5523 1128 5593 ’Υμεῖς
1165 5523 1235 5576 δὲ
1279 5525 1360 5590 ὠς
1391 5524 1684 5592 ἄνθρωποι
1715 5519 1978 5586 ἀποθνή-

405 5626 606 5666 σκετε·
648 5613 762 5676 καὶ,
802 5614 977 5667 ὀταν
1007 5615 1118 5684 γὰρ
1143 5609 1187 5685 ᾖ
1211 5615 1284 5668 ἐν
1313 5614 1453 5683 ὑμῖν
1489 5612 1664 5683 ζῆλος
1703 5613 1798 5668 καί
1831 5614 1978 5682 ἔρις,

483 5771 522 5800 δ’
560 5769 682 5827 lui.
719 5786 884 5841 ιτιη,
912 5773 972 5828 9.
1045 5774 1108 5806 "‘
1137 5771 1281 5829 Psal.
1309 5788 1488 5838 uni,
1517 5773 1568 5830 'l.

2134 3525 2298 3584 Vsus.
2326 3528 2413 3585 li.
2439 3526 2573 3583 Ecce
2603 3544 2818 3599 cognovi
2838 3527 3085 3599 quoniam
3117 3523 3258 3581 Deus
3286 3523 3412 3580 mihi
3434 3530 3530 3578 est.
3567 3517 3635 3578 In

2061 3609 2174 3685 ι)εὸ
2201 3628 2432 3684 laudabo
2464 3629 2696 3696 verbum,
2722 3630 2776 3684 in
2802 3627 3030 3684 Domino
3051 3626 3280 3682 laudabo
3304 3638 3590 3682 sermonem
3614 3636 3634 3678 :

2063 3731 2120 3785 in
2145 3729 2369 3785 Domino
2386 3731 2607 3800 speravi,
2632 3746 2736 3785 non
2753 3729 2939 3784 timebo
2967 3727 3092 3800 quid
3117 3727 3281 3798 faciat
3305 3724 3435 3812 mihi
3459 3725 3635 3780 homo.

2066 3828 2381 3886 Secundum
2415 3827 2800 3902 Symmachum
2844 3835 3024 3884 autem
3060 3829 3140 3884 sic
3181 3826 3257 3882 ait
3287 3845 3302 3883 :
3328 3824 3466 3882 Novi
3498 3823 3638 3896 quod

2064 3927 2134 3983 sit
2166 3925 2306 3982 Deus
2339 3925 2488 3980 mihi.
2526 3924 2692 3980 Deum
2715 3925 3006 3990 celebrabo,
3035 3941 3125 3996 per
3153 3923 3320 3978 Deum
3349 3938 3640 3978 sermonem

2066 4020 2123 4075 in
2153 4019 2406 4091 hymnum
2444 4027 2779 4083 concertant;
2809 4019 2862 4073 in
2889 4016 2998 4072 Deo
3031 4016 3256 4085 speravi,
3306 4031 3408 4071 non
3449 4014 3638 4069 timebo

2066 4111 2192 4185 quid
2222 4111 2381 4180 faciet
2414 4111 2542 4166 mihi
2565 4111 2738 4167 homo.
2765 4109 2903 4181 Ipsis
2929 4109 3212 4181 operibus,
3232 4107 3428 4178 inquit,
3453 4105 3641 4176 accepi

2068 4215 2124 4262 et
2149 4221 2278 4262 vere
2311 4205 2436 4261 novi
2484 4220 2572 4261 me
2619 4219 2732 4260 non
2769 4202 2975 4258 frustra
3026 4216 3280 4274 sperasse
3305 4242 3320 4268 ,
3351 4198 3444 4256 sed
3469 4197 3642 4254 Deum

2070 4294 2376 4365 adjutorem
2428 4293 2757 4350 obtinuisse.
2783 4291 3076 4362 Cujus-rei
3125 4296 3502 4361 argumentum
3533 4293 3640 4353 est,

2071 4389 2218 4460 quod
2247 4389 2471 4460 posuisti
2497 4389 2762 4459 lacrgmas
2783 4403 2926 4441 meas
2950 4386 3005 4440 in
3029 4391 3308 4454 conspectu
3346 4391 3456 4437 tuo.
3477 4379 3642 4438 Dein-

2072 4478 2143 4534 de
2173 4479 2307 4535 mibi
2336 4477 2560 4550 quidem
2611 4477 2885 4550 propitius
2921 4474 3110 4542 fuisti;
3139 4473 3346 4530 inimici
3387 4485 3516 4528 vero
3537 4473 3656 4528 mei.

1940 4563 2048 4642 Ξι)
2075 4577 2224 4627 retro
2278 4577 2612 4627 cesserunt:
2660 4585 2833 4642 quare
2878 4568 2934 4624 in
2979 4567 3088 4624 Deo
3121 4566 3351 4622 laudabo
3401 4563 3644 4628 verbum,-

2078 4661 2214 4726 sive,
2232 4662 2533 4718 secundum
2553 4661 2804 4734 Aquilam
2823 4679 2837 4716 :
2861 4658 2928 4715 In
2945 4659 3054 4714 Deo
3071 4657 3378 4730 gloriﬁcabo
3399 4653 3606 4710 uerbum
3626 4671 3644 4718 ;

2077 4751 2378 4809 secundum
2431 4750 2816 4825 Symmachum
2869 4759 3051 4805 autem
3085 4767 3098 4803 :
3141 4747 3310 4802 Deum
3339 4745 3646 4800 celebrabo:

2074 4841 2170 4897 sed
2213 4844 2378 4898 etiam
2410 4843 2467 4896 in
2513 4841 2746 4896 Domino.
2779 4838 3009 4894 laudabo
3041 4840 3511 4900 sermonem;.aut,
3561 4848 3650 4889 se-

2074 4939 2316 4987 cundum
2344 4932 2622 5002 Aquilam,
2649 4933 2705 4986 in
2738 4929 2968 4986 Domina
3009 4927 3280 4983 celzbrabo
3334 4939 3648 4988 sermonem.

2072 5023 2210 5092 sive,
2226 5024 2522 5080 secundum
2542 5024 2945 5096 Symmachum,
2957 5039 3048 5093 per
3061 5021 3346 5076 Dominum
3361 5034 3648 5075 sermonem

2072 5116 2138 5167 in
2179 5114 2427 5185 hymnum
2486 5123 2780 5168 convertam
2813 5129 2834 5168 :
2894 5128 2960 5168 ac
3003 5125 3242 5176 rursum,
3303 5116 3364 5164 ut
3397 5109 3650 5180 superius

2073 5204 2186 5260 dixi
2223 5225 2235 5259 :
2270 5203 2338 5260 In
2385 5204 2496 5260 Deo
2528 5205 2755 5274 speravi,
2791 5221 2894 5259 non
2925 5201 3114 5258 timebo
3155 5200 3281 5272 quid
3319 5201 3486 5270 faciat
3522 5199 3651 5254 mihi

2077 5311 2238 5349 caro:
2280 5295 2362 5350 sic
2398 5295 2512 5364 jam
2554 5294 2679 5350 dico
2719 5312 2732 5348 :
2773 5292 2838 5348 In
2895 5292 3005 5348 Deo
3053 5293 3280 5362 speravi,
3311 5307 3414 5345 non
3463 5289 3652 5344 timeba

2080 5397 2206 5467 quid
2228 5398 2386 5466 faciet
2420 5396 2548 5450 mihi
2573 5396 2750 5456 homo.
2780 5397 2926 5452 Caro
2966 5396 3114 5452 enim
3135 5405 3190 5450 et
3225 5394 3387 5448 homo
3413 5391 3648 5462 ldipsum

2084 5509 2233 5568 sunt,
2255 5502 2696 5573 quandoquidem
2725 5500 2936 5556 dictum
2973 5507 3100 5556 est:
3151 5497 3252 5552 Vos
3291 5503 3466 5550 autem
3515 5493 3648 5547 sicut

2083 5609 2316 5665 homines
2337 5608 2634 5665 moriemini
2669 5607 2772 5674 ⁸1⁸,
2825 5613 2901 5676 ει,
2947 5603 3081 5662 Cum
3131 5604 3267 5660 enim
3303 5601 3374 5656 sit
3417 5597 3559 5654 zelus
3597 5611 3648 5658 et
