4100 6442
461 313 568 371 ιεσρ

1176 312 1265 371 El]
1275 312 1449 369 SEBll
1480 306 1957 368 CrESARIESSlS
1993 302 2056 360 Cl

2187 305 2393 361 PARS.
2433 304 2525 360 Ill.
2564 335 2639 349 -—
2673 304 3083 363 EXEGETICA.

460 432 723 486 contentio
754 431 891 486 inter
910 420 1020 493 eoi.
1046 450 1217 489 nonne
1237 433 1481 489 carnales
1504 434 1654 499 estis,
1678 442 1727 486 et
1749 428 2036 485 secundum

2158 429 2273 498 >012
2297 430 2573 499 σαρκικοί
2610 429 2771 495 ἐστε,
2801 429 2901 483 καί
2939 429 3091 484 κατὰ
3118 427 3518 497 ἄνθρωπον
3562 437 3835 493 38pm-

459 521 727 576 hominem
761 521 1052 579 ambulatis
1073 524 1118 557 ¹⁸
1140 524 1165 579 2

535 632 701 691 Vens.
736 635 934 703 12,13.
959 635 1026 692 In
1056 654 1138 693 me
1164 646 1308 704 sunt,
1328 637 1494 706 Deus,
1520 648 1639 694 vota
1656 655 1772 710 quo:
1800 636 2043 701 reddam,

463 727 802 784 laudationes
848 729 965 785 tibi.
1018 730 1284 797 Quoniam
1339 733 1584 803 eripuisti
1611 732 1845 785 animam
1874 746 2043 784 meam

462 816 527 870 de
560 828 747 886 morte,
780 829 831 873 et
863 819 1017 889 pedes
1040 837 1180 876 meos
1210 820 1276 875 de
1305 822 1479 891 lapsu,
1506 833 1562 876 ut
1590 824 1829 892 placeam
1862 837 2043 875 coram

464 905 575 962 Deo
608 907 663 963 in
687 909 885 965 lumine
916 910 1217 967 viventium.
1249 910 1358 968 Pro
1385 913 1480 967 illo
1506 932 1519 968 ε
1548 911 1614 966 In
1645 928 1725 966 me
1750 922 1871 966 sunt
1902 910 2044 966 Deus

466 1009 609 1064 tota,
638 1016 757 1073 qua:
791 1001 1009 1057 reddam
1065 1002 1395 1059 laudationis
1452 1005 1566 1068 tibi,
1591 1004 1836 1073 apertius
1883 1000 2045 1075 Sym-

466 1092 695 1151 machus
745 1094 1138 1167 interpretatus
1188 1105 1295 1163 est,
1329 1097 1555 1153 dicens:
1593 1095 1825 1165 Recipio,
1878 1095 2043 1159 Deus,

467 1201 586 1257 quae
631 1197 880 1255 precatus
908 1204 1025 1243 sum
1050 1201 1071 1242 .‘
1107 1189 1326 1244 reddam
1360 1188 1693 1244 laudationes
1750 1189 1868 1247 tibi.
1924 1188 2045 1244 Non

467 1277 617 1333 enim
642 1280 870 1345 oblitus,
895 1282 994 1345 ait,
1020 1296 1214 1339 eorum
1248 1297 1370 1353 quae
1395 1291 1652 1352 precatus
1680 1298 1800 1338 sum
1826 1300 1841 1351 ;
1870 1281 1966 1338 sed
1993 1283 2046 1336 in

468 1384 555 1424 me
575 1378 726 1436 sunt,
755 1380 810 1427 et
847 1372 1033 1426 omnia
1063 1371 1120 1427 in
1152 1373 1415 1427 memoria
1449 1373 1659 1428 retineo
1706 1388 2048 1444 quaecunque

466 1465 743 1533 precando
790 1467 1017 1535 promisi
1068 1483 1082 1519 :
1134 1482 1256 1537 qua:
1307 1481 1407 1523 ceu
1454 1464 1729 1536 quoddam
1776 1465 2046 1531 debitum,

467 1554 675 1611 hostias
701 1555 879 1612 laudis
908 1555 1185 1613 oll'erendo
1233 1556 1562 1628 persolvant,
1602 1556 1905 1612 secundum
1934 1557 2050 1611 elo-

465 1647 657 1719 quium
683 1648 816 1705 illud
837 1669 850 1705 :
873 1648 1105 1705 Immola
1128 1649 1236 1704 Deo
1254 1650 1575 1719 sacri/icium
1600 1649 1801 1714 laudis,
1820 1659 1871 1705 et
1893 1650 2050 1706 redde

467 1738 696 1794 Domino
727 1752 847 1796 vota
878 1751 969 1795 tua
991 1743 1057 1799 ¹⁹.
1080 1741 1314 1798 Oﬁ‘cram
1337 1741 1521 1813 itaque
1543 1743 1640 1797 tibi
1669 1742 1907 1797 hostiam
1930 1743 2050 1797 lau-

467 1830 579 1898 dis,
609 1837 801 1903 utpote
827 1833 1088 1889 conscius
1118 1848 1207 1888 me
1240 1833 1410 1888 multa
1440 1848 1540 1904 pro
1575 1834 1755 1890 salute
1787 1849 1907 1889 mea
1946 1832 2047 1890 de-

470 1920 623 1977 bere.
654 1918 835 1992 lpsam
864 1932 1015 1979 certe
1029 1922 1269 1978 animam
1292 1938 1471 1980 meam
1503 1938 1535 1977 a
1566 1932 1743 1980 morte
1778 1923 2045 1980 liberasti.

468 2008 606 2067 Nam
639 2011 849 2071 inimici
900 2015 1008 2071 mei
1057 2030 1158 2085 pro
1191 2015 1402 2071 viribus
1445 2016 1624 2087 ipsam
1668 2016 1966 2088 pellebant,
1995 2023 2051 2072 et

468 2116 667 2174 magna
691 2103 746 2159 vi
776 2105 1047 2161 curabant
1074 2121 1194 2162 eam
1232 2106 1288 2161 in
1316 2114 1552 2163 mortem
1586 2107 1849 2177 dejicere.
1867 2107 2050 2179 Siqui-

470 2193 596 2250 dem
621 2193 750 2250 dum
778 2211 867 2251 me
893 2196 1178 2267 pellerent,
1204 2205 1573 2269 cogerentque
1604 2198 1675 2255 ad
1694 2198 2050 2255 habitandum

471 2284 527 2340 in
561 2284 742 2341 medio
770 2285 1175 2359 allophylorum
1213 2297 1268 2344 et
1290 2289 1750 2361 alienigenarum,
1783 2299 2049 2362 quantum

473 2377 533 2430 in
558 2375 694 2446 ipsis
726 2385 846 2433 erat
869 2379 1110 2435 animam
1142 2381 1448 2437 enecabant
1480 2398 1656 2438 meam
1682 2401 1698 2450 ;
1737 2384 2051 2454 proximum

472 2467 673 2540 quippe
695 2476 814 2525 erat
841 2479 899 2525 ut
927 2470 997 2526 ad
1029 2471 1429 2546 allophylorum
1480 2474 1845 2532 idololatriam
1894 2492 2054 2535 acce-

473 2558 683 2626 derem,
738 2561 793 2617 in
840 2564 1021 2620 medio
1063 2580 1255 2621 eorum
1316 2566 1752 2640 habitanszquo
1808 2577 2055 2643 tempore

474 2648 621 2721 apud
645 2650 834 2709 Acbus
875 2651 932 2707 in
960 2653 1111 2710 'Geth
1143 2662 1197 2710 et
1223 2655 1370 2726 apud
1414 2657 1723 2730 allophylos
1764 2659 2049 2731 degebam,

470 2740 587 2814 jam
615 2742 825 2815 pridem
878 2744 949 2800 ab
1002 2760 1090 2811 ea,
1115 2763 1237 2818 qua:
1272 2763 1441 2818 penes
1470 2758 1524 2806 te
1553 2758 1658 2816 est,
1692 2751 1804 2806 vita
1842 2752 2050 2823 lapsus,

477 2836 663 2890 anima
689 2844 942 2893 mortuus
969 2851 1146 2894 essem
1172 2855 1186 2893 :
1218 2838 1315 2895 sed
1363 2840 1540 2910 gratia
1588 2847 1644 2896 et
1672 2841 2051 2898 misericordia

479 2935 574 2984 tua
602 2927 658 2984 id
690 2930 1008 3001 contingere
1036 2944 1147 2986 non
1169 2931 1451 3001 permisit;
1470 2933 1915 3004 quandoquidem
1942 2949 2049 2999 me,

478 3020 643 3076 etiam
695 3020 840 3093 apud
889 3021 1195 3094 allophylos
1236 3031 1572 3091 versantem,
1614 3028 1959 3098 protegebas,
1993 3034 2053 3081 ust

2142 519 2235 573 τεῖ
2232 535 2294 574 τε
2306 535 2328 583 ;

2208 637 2312 690 Ἐν
2333 634 2484 705 ἐμοι,
2502 637 2537 689 δ
2551 632 2716 700 Θεὸς,
2733 635 2797 688 at
2812 633 3009 703 εὐχαὶ,
3028 633 3103 701 ἀς
3126 631 3493 689 ἀποδώσω
3518 618 3859 698 αινέσεώςτ

2142 745 2261 782 σοι.
2300 727 2421 780 Ὅτι
2469 726 2703 794 emno-ai
2756 724 2873 793 τὴν
2898 708 3112 793 ψῖιχήν
3148 741 3293 795 μου
3358 723 3451 776 ἐκ
3516 719 3837 785 θανάτου,

2142 820 2241 874 καί
2270 819 2412 885 τοὺς
2434 817 2627 885 πόδας
2644 834 2763 886 μου
2802 814 2873 880 ἐξ
2910 815 3376 887 ὀλισθήματος,
3428 811 3565 867 τοῦ
3615 812 3840 879 drape-

2144 911 2369 981 στῆσαι
2402 908 2662 965 ἐνώπιον
2684 909 2792 964 τοῦ
2816 909 2965 963 Θεοῦ
2999 910 3070 962 ἐν
3100 910 3251 978 φωτὶ
3308 905 3627 969 (uitiatur.
3681 904 3839 956 Ἀντί.

2142 1004 2259 1068 τοῦ,
2300 1006 2397 1057 Ἐν
2418 1003 2573 1073 ἐμοὶ,
2606 1004 2640 1055 ό
2672 1002 2835 1067 Θεὸς,
2862 1003 2923 1054 al
2940 1001 3136 1069 εὐχαί,
3170 999 3245 1067 ἇς
3276 995 3652 1053 ἀποδώσω
3674 994 3820 1049 αίνέ

2146 1098 2301 1164 and»;
2338 1114 2459 1162 σοι,
2495 1096 2826 1169 σαφέστερον
2859 1096 3204 1168 ἠρμήνευσεν
3259 1096 3299 1148 ὁ
3356 1093 3723 1163 Σύμμαχος
3750 1092 3834 1143 εξ-

2145 1190 2283 1244 πὼν’
2368 1188 2769 1258 Ἁναδέχομαι,
2818 1186 2945 1252 Θεέ,
2998 1185 3038 1240 ἁ
3079 1185 3423 1256 ηὐξάμηνο
3499 1179 3833 1237 ἀποδώσω

2143 1283 2407 1348 αἱνέσεις
2432 1296 2551 1335 σοι.
2580 1280 2656 1334 Οὐ
2697 1281 2808 1352 γὰρ
2835 1277 3216 1349 ἐπιλέλησμαι,
3262 1277 3464 1348 φησι,
3507 1268 3601 1328 ὧν
3645 1274 3831 1343 ηε.ξά-

2149 1389 2277 1444 μην⁸
2304 1371 2421 1427 ἀλλ’
2449 1374 2510 1426 ἐν
2534 1372 2659 1444 ἐμοί
2686 1373 2814 1435 εἰσι,
2866 1370 2961 1423 καὶ
2999 1369 3213 1440 κατέχω
3241 1371 3319 1440 τῇ
3364 1369 3501 1439 pavi;
3512 1381 3607 1438 μῃ
3639 1366 3828 1419 πάντα

2144 1467 2246 1519 ὅσα
2270 1465 2683 1537 ἐπηγγειλάμην
2716 1462 3032 1535 εὐξάμενος*
3066 1462 3102 1517 ἃ
3130 1463 3223 1515 καὶ
3251 1462 3493 1532 ὥσπερ
3523 1476 3589 1511 τι
3650 1459 3827 1528 χρέος

2146 1557 2431 1623 ἀποδώσω,
2458 1557 2650 1621 θυσίας
2676 1557 2964 1629 ἀναφέρων
2982 1556 3082 1619 τὰς
3095 1556 3163 1609 δι’
3181 1556 3511 1617 αἰνέσεως,
3533 1552 3650 1604 καὶ
3672 1550 3823 1605 κατὰ

2146 1653 2208 1707 τὸ
2239 1646 2445 1722 φάσκον
2500 1650 2698 1720 λόγιον·
2758 1651 2962 1705 Θῦσον
3013 1649 3093 1716 τῷ
3142 1648 3265 1715 Θεῷ
3313 1647 3600 1702 θυσίαν
3643 1643 3818 1697 αῑνέ-

2150 1760 2324 1809 σεως,
2343 1741 2442 1797 καὶ
2464 1741 2691 1808 ἀπόδος
2709 1741 2790 1807 τῷ
2820 1741 3016 1810 Κυρίῳ
3034 1738 3143 1807 τὰς
3177 1738 3383 1810 εὐχάς
3422 1752 3595 1790 σου.
3642 1736 3817 1787 Ἀπο-

2147 1835 2306 1891 δώσω
2363 1835 2545 1889 τοίνυν
2594 1833 2853 1898 αἰνέσεως
2883 1848 2986 1886 σοι*
3043 1831 3232 1904 ἐπειδὴ
3288 1829 3499 1884 πολλὰ
3573 1826 3815 1881 σύνοιδα

2148 1928 2369 2001 ἐμαυτῷ
2388 1928 2657 2000 ὀφείλοντι
2685 1927 2827 1999 ὑπὲρ
2844 1927 2945 1998 τῆς
2965 1924 3206 1997 ἐμαυτοῦ
3235 1921 3582 1995 σωτηρίας.
3614 1919 3813 1990 Αὐτὴν

2147 2025 2278 2095 γοῦν
2309 2023 2408 2095 τὴν
2433 2021 2613 2093 ψυχήν
2646 2037 2748 2092 μου
2778 2018 2996 2091 ἐρῤύσω
3021 2018 3086 2071 ἐκ
3115 2015 3378 2072 Θανάτου.
3426 2016 3503 2069 0i
3536 2013 3653 2084 μὲν
3689 2011 3807 2081 γὰρ

2148 2113 2331 2184 ἐχθροί
2358 2129 2461 2184 μου
2501 2112 2564 2165 τὸ
2610 2112 2735 2165 ὅσον
2779 2102 2865 2163 ἐπ’
2918 2109 3104 2172 αὐτοῖς
3151 2106 3391 2177 ἤλαυνον
3426 2103 3659 2172 αὐτὴν,
3705 2102 3808 2155 καὶ

2149 2203 2487 2270 ἐξεϐιὰζοντο
2536 2203 2616 2265 είς
2657 2200 2886 2254 θάνατον
2936 2199 3211 2252 ἐκπεσεῖν.
3262 2194 3673 2258 ’Ἑλαύνοντές
3726 2208 3797 2262 με

2150 2293 2278 2366 γὰρ,
2299 2293 2395 2346 καὶ
2429 2291 2593 2363 μέσον
2627 2287 2938 2359 ἀλλοφύλων
2980 2287 3077 2341 καὶ
3120 2282 3442 2355 ἀλλογενῶν
3480 2280 3683 2336 ἐθνῶν
3717 2280 3802 2332 oi-

2151 2390 2267 2440 κεῖν
2291 2383 2815 2453 καταναγκάζοντες,
2845 2381 2908 2434 τδ
2952 2380 3038 2433 ἐπ’
3063 2378 3251 2443 αὐτοῖς
3275 2377 3377 2450 τὴν
3432 2376 3648 2447 ψυχήν
3684 2388 3789 2444 μου

2151 2480 2467 2535 ἐθανάτουν·
2498 2478 2666 2549 ἡγουν
2701 2472 2936 2547 ἤμελλον
2981 2471 3357 2526 συνάπτεσθαι
3383 2472 3463 2541 τῇ
3501 2468 3630 2521 τῶν
3686 2464 3791 2519 ἀλ·-

2151 2571 2395 2642 λοφύλων
2444 2565 2876 2639 είδωλολατρείᾳ,
2934 2564 3097 2637 μέσος
3149 2563 3327 2618 αὐτῶν
3381 2560 3604 2623 οἰκῶν,
3657 2556 3788 2612 καθ’

2152 2664 2246 2728 οὓς
2287 2663 2513 2735 χρόνους
2560 2658 2713 2731 παρὰ
2761 2657 2840 2729 τῷ
2898 2655 3089 2728 Ἀχοῧς
3122 2654 3242 2727 (sic)
3282 2654 3376 2708 καὶ
3418 2654 3490 2705 ἐν
3546 2652 3623 2720 τῇ
3675 2646 3781 2701 Γέθ

2153 2755 2306 2828 παρὰ
2333 2755 2446 2818 τοῖς
2466 2750 2782 2821 ἀλλοφύλοις
2803 2748 3101 2820 ἐποιούμην
3129 2746 3228 2811 τὰς
3248 2743 3577 2815 διατριϐὰς,
3604 2739 3789 2794 πάλαι

2152 2846 2220 2903 ἂν
2246 2847 2345 2919 τὴν
2369 2843 2549 2917 ψυχήν
2603 2860 2703 2916 μου
2760 2839 3062 2912 τεθνήκειν,
3121 2838 3222 2909 τῆς
3278 2834 3434 2906 παρὰ
3490 2832 3588 2888 σοὶ
3624 2830 3777 2898 ζωῆς

2154 2935 2425 2993 ἐκπεσώνσ
2462 2934 2577 2990 ἀλλ’
2610 2936 2645 3006 ἡ
2682 2933 2750 3005 σὴ
2779 2932 2940 3004 χάρις
2967 2930 3062 2984 καὶ
3106 2928 3170 2983 τὸ
3198 2928 3289 2982 σὺν
3317 2926 3475 2992 ἕλεος
3532 2925 3604 2979 οὐ
3646 2937 3777 2974 συν-

2153 3029 2399 3103 εχώρησε
2430 3027 2587 3082 τοῦτο
2613 3025 2885 3095 γενέσθαι’
2906 3021 3029 3076 ἐπεὶ
3063 3020 3159 3074 καὶ
3185 3017 3336 3092 παρὰ
3360 3019 3482 3081 τοῖς
3515 3010 3769 3082 ἀλλοφύ-

478 3110 617 3167 nihil
642 3112 777 3167 mihi
817 3111 1128 3169 detrimenti
1158 3127 1225 3170 ex
1270 3128 1460 3170 eorum
1500 3117 1775 3172 consortio
1835 3117 2054 3173 accede-

2158 3122 2264 3189 λοις
2301 3138 2367 3194 με
2410 3121 2541 3175 ὄντα
2590 3117 3005 3191 περιέφραττες,
3057 3112 3132 3176 ὼς
3169 3111 3334 3182 μηδὲν
3362 3106 3770 3163 καταϐλάπτε-

479 3210 586 3259 ret.
639 3202 984 3274 Quapropter
1017 3202 1185 3259 dico:
1222 3203 1430 3260 Eruisti
1479 3209 1715 3261 animam
1768 3224 1937 3262 meam
1991 3208 2054 3263 de

2158 3215 2277 3270 σθαι
2311 3215 2377 3267 ἐκ
2409 3213 2508 3284 τῆς
2545 3209 2750 3265 τούτων
2779 3206 3085 3270 συνουσίας.
3130 3205 3221 3258 Διό
3274 3217 3440 3274 φημι“
3481 3199 3765 3269 Ἐῤῥύσω

479 3302 678 3360 morte;
707 3295 838 3365 quin
866 3294 1031 3349 etiam
1061 3295 1256 3351 eruisti
1279 3296 1436 3365 pedes
1459 3313 1598 3353 meos
1624 3297 1689 3352 de
1720 3298 1891 3366 lapsu.
1920 3300 2054 3366 Quis

2155 3306 2270 3375 τὴν
2296 3303 2509 3375 ψυχήν
2534 3319 2654 3374 μου
2676 3301 2747 3355 ἐκ
2772 3297 3053 3356 θανάτου·
3087 3295 3223 3351 ἀλλὰ
3249 3295 3342 3349 καὶ
3376 3292 3530 3360 τοὺς
3559 3288 3765 3353 πόδας

480 3385 628 3441 enim
684 3399 796 3440 non
840 3400 1134 3455 perversus
1185 3394 1377 3452 esset,
1423 3402 1525 3444 ceu
1575 3389 1634 3443 in
1682 3390 1859 3445 lutum
1914 3391 2056 3445 dela-

2158 3416 2269 3470 μου
2296 3396 2510 3469 ἐρῤύσω
2537 3393 2608 3459 ἐξ
2636 3391 3061 3462 ὀλισθήματος.
3112 3389 3210 3452 Τίς
3264 3386 3372 3459 γὰρ
3396 3386 3503 3439 οὐκ
3549 3382 3620 3437 ἂν
3674 3379 3755 3433 δι-

481 3489 639 3546 psus,
664 3481 721 3529 et
747 3473 959 3531 lubrica
1010 3475 1067 3529 in
1116 3475 1235 3531 loca
1276 3476 1545 3547 deiectus,
1574 3479 1786 3536 medius
1829 3480 2056 3536 relictus

2158 3486 2393 3559 ετράπη,
2447 3483 2635 3554 ὥσπερ
2680 3484 2761 3545 εἰς
2789 3479 2959 3552 πηλὸν
3010 3477 3186 3549 ἐμϐὰς
3209 3515 3225 3541 ,
3280 3479 3373 3531 καὶ
3430 3473 3761 3546 ὀλισθηροῖς

483 3567 631 3622 inter
658 3573 742 3621 tot
764 3565 957 3622 atbeos
980 3574 1036 3622 et
1072 3565 1396 3626 idololatras
1419 3569 1607 3626 viros?
1628 3568 1831 3627 Verum
1868 3570 1924 3626 in
1953 3571 2059 3628 hac

484 3672 668 3717 rerum
691 3655 1008 3713 conditione
1032 3656 1220 3715 aderat
1250 3659 1630 3717 misericordia
1653 3668 1708 3718 et
1734 3663 1909 3734 gratia
1940 3671 2057 3729 tua,

491 3766 692 3808 eruens
722 3748 892 3824 pedes
932 3766 1084 3810 meos
1112 3751 1181 3808 de
1208 3752 1397 3825 lapsu;
1448 3764 1627 3826 neQue
1676 3756 1823 3811 enim
1869 3756 2060 3813 virtuti

488 3845 605 3902 huc
629 3844 849 3904 ascribo
878 3859 1045 3914 meae;
1079 3844 1208 3916 quia
1243 3859 1352 3901 non
1380 3845 1457 3901 ita
1492 3845 1651 3904 fortis
1683 3847 1868 3903 animo
1886 3860 2058 3918 eram,

488 3938 932 3997 utimmutabills
959 3950 1258 4004 manerem,
1283 3952 1410 3995 cum
1452 3938 1511 3995 in
1558 3938 1800 3995 medium
1828 3947 1910 3996 tat
1954 3940 2059 3996 ho-

487 4030 701 4088 minum
750 4030 1044 4087 devolutus
1094 4044 1293 4097 essem,
1322 4030 1431 4088 nisi
1486 4038 1547 4087 tu
1588 4032 1794 4089 auxilio
1826 4030 2059 4090 'l‘uisses.

490 4122 672 4194 Quare
692 4126 960 4183 confitens
988 4124 1194 4196 gratias
1224 4140 1347 4197 ago,
1383 4125 1644 4197 quoniam
1682 4126 1933 4197 eripuisti
1965 4142 2062 4198 pe-

490 4219 589 4275 des
630 4230 781 4273 meos
805 4216 873 4273 de
912 4217 1091 4289 lapsu.
1138 4215 1374 4289 Haecque
1400 4216 1538 4273 mihi
1567 4216 1944 4275 misericordia
1970 4227 2064 4274 tua

492 4308 793 4374 concessit,
814 4317 873 4362 ut
893 4308 1130 4379 placeam
1162 4324 1343 4364 coram
1363 4316 1413 4364 te
1441 4309 1497 4363 in
1520 4309 1717 4364 lumine
1746 4310 2063 4377 viventium;

492 4403 630 4469 sive,
665 4400 966 4458 secundum
1007 4400 1418 4474 Symmachum,
1448 4410 1506 4456 ut
1540 4401 1783 4458 incedam
1833 4404 1889 4458 in
1936 4419 2065 4458 con-

2160 3576 2470 3653 περιπεσὼν
2530 3575 2769 3648 χωρίοις,
2843 3571 3006 3644 μέσος
3058 3568 3329 3624 τοσούτων
3386 3561 3755 3635 ἀπολειφθεὶς

2158 3671 2332 3726 ἀθέων
2365 3671 2459 3723 καὶ
2486 3661 2886 3737 εἰδωλολατρῶν
2929 3663 3168 3735 ἁνδρῶν;
3212 3661 3352 3716 ’Δλλ’
3381 3656 3449 3733 ἧν
3487 3659 3605 3732 ἄρα
3654 3653 3754 3710 καὶ

2161 3766 2219 3818 ὲν
2241 3760 2415 3832 τούτῳ
2439 3760 2501 3815 τὸ
2530 3760 2620 3813 σὺν
2653 3758 2821 3821 ἕλεος,
2852 3755 2945 3810 καὶ
2969 3757 3003 3828 ἡ
3048 3755 3117 3827 σὴ
3147 3754 3307 3827 χάρις
3343 3752 3587 3823 ῥυομένη
3643 3762 3746 3819 μου

2160 3854 2287 3917 τοὺς
2314 3853 2479 3917 πόδας
2513 3851 2573 3917 ἐξ
2593 3849 2971 3922 ὀλισθήματος
3002 3849 3063 3902 ού
3111 3847 3220 3920 γὰρ
3250 3844 3487 3917 ἐμαυτοῦ
3515 3842 3747 3911 δυνάμει

2162 3946 2452 4017 ἐπιγράψω
2504 3943 2697 3998 ταῦτα’
2735 3943 2857 3996 ἐπεὶ
2919 3940 3040 4013 μηδ’
3090 3937 3264 4002 οὕτως
3312 3937 3459 4008 ήμην
3515 3930 3747 4006 στερρὸς

2161 4035 2260 4109 τὴν
2282 4036 2460 4108 ψυχὴν
2484 4035 2560 4099 ὡς
2579 4033 2901 4105 ἀδιὰτρεπος
2924 4032 3122 4102 μένειν,
3151 4030 3207 4081 ἐν
3225 4026 3304 4098 τῷ
3324 4024 3528 4097 μεταξὺ
3558 4018 3747 4077 τοσού-

2162 4146 2270 4183 των
2302 4127 2567 4199 εἱλῆσθαι,
2601 4128 2650 4180 εί
2685 4125 2760 4196 μὴ
2806 4124 2871 4177 σὺ
2913 4119 3057 4193 ἦσθα
3090 4120 3301 4193 βοηθός.
3365 4116 3452 4172 Διὸ
3491 4112 3746 4186 ἐξομολο-

2164 4221 2428 4290 γούμενος
2454 4215 2780 4289 εὐχαριστῶ,
2802 4216 2885 4268 ὅτι
2930 4213 3145 4287 ἐρῤύσω
3182 4213 3308 4275 τοὺς
3337 4209 3503 4272 πόδας
3557 4224 3658 4281 μου
3683 4203 3741 4270 ἐξ

2165 4308 2544 4380 ὀλισθήματος.
2594 4307 2703 4361 Καὶ
2730 4304 2907 4359 ταῦτά
2934 4320 3024 4375 μοι
3079 4303 3138 4356 τὺ
3169 4302 3260 4355 σὺν
3284 4300 3433 4365 ἔλεος
3465 4300 3739 4371 ἐδωρεῖτο,

2166 4399 2319 4470 ὑπὲρ
2346 4399 2452 4455 τοῦ
2473 4396 2875 4467 εὐαρεστῆσαι
2910 4394 3166 4451 ἐνώπιόν
3193 4409 3309 4448 σου
3331 4393 3403 4447 ἐν
3432 4393 3579 4462 φωτὶ
3609 4387 3741 4451 (ibr-

492 4504 671 4567 spectat
695 4493 795 4550 Dei
821 4509 913 4565 per
927 4472 1103 4549 lumen
1124 4495 1265 4551 vitae.
1288 4492 1472 4552 Maras
1502 4494 1666 4568 igitur
1692 4495 1899 4553 faciens
1919 4495 2056 4569 apud

2170 4510 2305 4549 τωνο
2327 4492 2389 4564 ἢ,
2418 4490 2558 4547 κατὰ
2590 4490 2681 4544 τὸν
2705 4489 3018 4562 Σύμμαχον,
3040 4488 3121 4554 ὡς
3159 4485 3227 4541 τὸ
3267 4484 3499 4540 ὁδεύειν
3529 4483 3742 4553 ἔμπρο-

493 4587 821 4659 nllophylos,
856 4600 888 4641 a
934 4594 1083 4642 recta
1109 4595 1163 4642 et
1194 4588 1342 4660 regia
1372 4588 1461 4642 via
1501 4603 1612 4644 non
1640 4588 1910 4657 declinat;
1944 4588 2061 4654 sed,

494 4686 571 4742 ait
601 4704 617 4743 :
649 4682 773 4742 Tibi
803 4684 1005 4756 placito
1042 4698 1196 4741 more
1220 4684 1536 4742 incedebam
1568 4684 1768 4742 ductus
1797 4686 1896 4743 abs
1933 4695 1986 4742 te
2012 4694 2066 4742 et

494 4776 838 4847 illuStratus;
869 4793 979 4835 non
1013 4780 1136 4835 luce
1167 4778 1345 4835 solum
1400 4779 1492 4835 illa
1525 4778 1807 4835 communi
1852 4779 2063 4845 fruens,

495 4871 751 4929 omnibus
777 4878 1067 4943 prasente,
1099 4872 1519 4929 rationabilibus
1548 4879 1602 4929 et
1625 4873 1827 4939 brutis,
1858 4870 1990 4929 feris
2011 4880 2067 4928 et

496 4962 804 5035 reptilibus,
845 4962 1078 5019 mortuis
1115 4970 1170 5018 et
1229 4963 1585 5031 inanimatis;
1615 4962 1711 5020 sed
1758 4962 1851 5018 illa
1900 4964 2067 5020 etiam

495 5069 617 5127 qua:
648 5060 863 5109 tantum
888 5052 976 5119 iis,
1005 5052 1099 5124 qui
1138 5051 1283 5124 apud
1321 5059 1376 5109 te
1404 5053 1615 5118 vivunt,
1647 5053 1920 5109 destinata
1962 5061 2067 5109 est.

497 5145 706 5201 Lumen
732 5158 897 5217 porro
929 5143 1062 5200 illud
1087 5144 1410 5210 viventium,
1451 5160 1559 5216 quo
1599 5142 1770 5201 David
1799 5153 1853 5201 et
1879 5158 2073 5201 omnes

498 5235 612 5292 Deo
632 5235 1145 5308 acceptipropbeta
1164 5241 1220 5292 et
1234 5235 1372 5307 justi
1400 5235 1661 5292 illustrati
1709 5241 1839 5291 sunt
1876 5233 2075 5290 intelli-

496 5344 615 5403 ges,
643 5327 692 5386 si
724 5327 978 5385 attendas
1015 5327 1363 5401 evangelista;
1395 5326 1599 5383 dicenti
1635 5346 1655 5387 ι
1681 5326 1835 5394 Quod
1869 5326 2072 5398 factum

497 5431 579 5480 est
624 5423 679 5479 in
726 5422 842 5492 ipso
860 5420 927 5487 “,
958 5421 1167 5480 scilicet
1200 5418 1297 5479 Dei
1323 5419 1506 5479 Verbo
1539 5422 1683 5494 quod
1715 5423 1769 5477 in
1801 5422 2074 5494 principio

502 5515 651 5589 apud
689 5513 861 5571 Deum
893 5523 1035 5582 erat,
1066 5515 1177 5574 rita
1218 5523 1356 5582 erat,
1394 5524 1446 5570 et
1496 5515 1607 5571 vita
1638 5524 1753 5572 erat
1791 5520 1886 5570 tua;
1911 5514 2075 5570 Itami-

503 5625 630 5664 trum
658 5609 701 5643 ³¹
734 5622 845 5664 :ac
873 5622 1141 5666 rursum:
1178 5602 1315 5665 Erat
1359 5606 1454 5662 tua:
1486 5622 1607 5662 vera
1656 5623 1773 5678 qua:
1807 5608 2075 5664 illuminat

2170 4591 2321 4644 σθεν
2347 4586 2454 4643 τοῦ
2508 4584 2656 4640 Θεοῦ
2704 4582 2803 4637 διὰ
2832 4580 3028 4653 φωτὸς
3064 4578 3175 4648 τῆς
3229 4576 3395 4647 ζωῆς.
3443 4574 3739 4648 Διατρίϐων

2172 4677 2300 4747 γοῦν
2328 4678 2423 4732 καὶ
2445 4674 2598 4749 παρά
2617 4678 2729 4740 τοῖς
2761 4672 3100 4743 ἀλλοφύλοις,
3126 4672 3226 4741 τῆς
3272 4668 3441 4742 ὀρθῆς
3467 4668 3560 4721 καὶ
3586 4666 3737 4737 βασι-

2170 4770 2326 4842 λικῆς
2355 4768 2476 4824 ὀδοῦ
2504 4768 2565 4822 ού
2597 4764 2925 4840 παρέξεισιν
2944 4764 3078 4818 ἀλλὰ
3105 4763 3187 4817 σοὶ
3214 4760 3520 4833 εὐαρέστως
3548 4757 3738 4811 ὥδευον

2173 4862 2280 4917 ὑπὸ
2304 4860 2399 4915 σοῦ
2433 4856 2834 4929 ποδηγούμενος
2887 4853 2984 4906 καὶ
3045 4848 3430 4923 φωτιζόμενος,
3460 4849 3639 4919 φωτός
3684 4860 3737 4897 τε

2176 4951 2599 5027 μεταλαγχάνων
2622 4950 2683 5003 ού
2708 4945 2803 5002 τοῦ
2847 4944 3026 5001 κοινοῦ
3077 4944 3173 4999 καὶ
3207 4944 3373 4997 πᾶσιν
3404 4940 3734 5011 ἐγκειμένου,

2171 5047 2407 5117 λογικοῖς
2430 5060 2490 5098 τε
2514 5042 2609 5097 καὶ
2642 5039 2873 5109 ἀλόγοις,
2908 5037 3118 5111 θηρίοις
3142 5052 3201 5090 τε
3245 5035 3339 5089 καὶ
3362 5035 3631 5107 ἑρπετοῖς,
3661 5045 3739 5084 νε-

2174 5140 2325 5210 κροῖς
2350 5152 2410 5190 τε
2435 5135 2528 5189 καὶ
2567 5131 2811 5204 ἀψύχοις,
2842 5128 2977 5183 ἀλλὰ
3007 5128 3100 5183 τοῦ
3134 5128 3313 5199 μόνοις
3338 5128 3449 5190 τοῖς
3478 5123 3628 5196 παρὰ
3651 5118 3735 5177 σοῦ

2175 5230 2339 5296 ζῶσιν
2366 5224 2770 5298 ἀφωρισμένου.
2800 5223 3030 5294 Νοήσεις
3053 5216 3109 5275 δὲ
3140 5221 3200 5274 τὸ
3231 5219 3345 5290 φῶς
3371 5217 3476 5273 τῶν
3505 5214 3736 5281 ζώντων,

2177 5328 2234 5381 ἐν
2252 5318 2297 5394 ᾧ
2319 5325 2411 5380 καὶ⁵
2436 5319 2599 5378 Δαυῒδ
2626 5320 2721 5374 καὶ
2751 5317 2947 5397 πάντες
2975 5317 3026 5370 οἱ
3057 5315 3323 5385 θεοφιλεῖς
3353 5304 3627 5385 προφῆται
3651 5307 3739 5376 θοαὶ

2177 5417 2374 5473 δίκαιοι
2406 5414 2806 5488 ἐφωτίσθησαν,
2837 5414 3134 5485 ἐπιστήσας
3169 5409 3247 5482 τῷ
3272 5406 3627 5477 εύαγγελιστῇ
3669 5400 3741 5457 λέ-

2180 5526 2347 5579 γοντι⁸
2395 5510 2457 5562 ’Ὀ
2487 5490 2735 5578 γέγονεν
2771 5506 2842 5561 ἐν
2866 5503 3046 5572 αὐτῷ,
3107 5502 3307 5575 δηλαδὴ
3358 5498 3437 5569 τῷ
3469 5498 3625 5568 Λόγῳ
3650 5490 3739 5550 τοῦ

2181 5601 2315 5657 Θεοῦ
2342 5600 2418 5675 τῷ
2451 5603 2508 5656 ἐν
2530 5601 2671 5672 ἀρχῇ
2708 5597 2840 5669 πρὸς
2867 5595 2957 5651 τὸν
2990 5594 3118 5650 Θεὸν
3143 5593 3275 5658 am,
3305 5590 3415 5661 ζωὴ
3440 5586 3537 5663 ἦν,
3579 5586 3675 5643 καὶ
3704 5585 3740 5653 ἠ

581 5763 627 5798 ⁸⁸
662 5763 840 5824 lCor.
874 5779 973 5836 ιιι,
1010 5764 1066 5822 5.
1144 5765 1186 5799 ⁸³
1223 5762 1372 5823 Psal.
1404 5778 1569 5835 ιιιιιι,
1603 5763 1688 5826 14.
1769 5765 1815 5800 ³⁸
1852 5761 2012 5823 loan.
2050 5781 2056 5823 ι

2158 5764 2193 5832 ι,
2228 5761 2285 5819 t.
2358 5762 2401 5796 ιι
2443 5758 2583 5818 ibid.
