4100 6442
291 355 396 410 501

1429 357 1936 422 COMMENTABIA
1977 371 2046 426 ΙΝ
2083 369 2422 428 PSALMOS.

3427 375 3536 438 ΕΗ.

287 457 402 534 (ἱνῆ
423 461 500 538 ἦν
547 465 614 519 τὸ
645 465 770 534 φῶς
821 465 938 520 τῶν
985 467 1328 536 ἀνθρώπων·
1391 471 1486 524 καὶ
1541 473 1720 528 πάλιν·
1755 471 1843 530 Ἦν

1944 501 2168 550 ,ρπιηεηι
2223 477 2498 538 hominem
2541 483 2820 538 venientem
2869 485 2924 538 in
2963 485 3100 540 hunc
3155 489 3426 546 mundum.
3471 493 3538 548 In

283 555 356 610 τὸ
383 553 510 626 φῶς
533 555 600 610 τὸ
631 557 940 624 ἀληθινὸν,
975 557 1042 612 τὸ
1067 559 1316 628 φωτίζον
1343 559 1536 614 πάντα
1551 563 1843 632 ἅνθρωποι

1967 579 2160 632 mundo
2207 585 2345 640 erat,
2387 585 2438 630 et
2487 577 2714 630 mundus
2772 593 2864 645 per
2915 579 3082 646 ipsum
3139 579 3310 648 [actus
3355 591 3454 650 est,
3487 597 3534 640 et

279 649 612 718 ἐρχόμενον
647 653 732 716 εἰς
757 652 864 704 τὸν
879 653 1128 722 κόσμον.
1165 655 1262 708 Ἐν
1289 655 1369 722 τῷ
1401 657 1606 726 κόσμῳ
1631 655 1728 730 ἦν,
1765 663 1866 716 καὶ

279 745 318 798 ό
353 743 580 812 κόσμος
605 743 680 796 δι’
699 743 888 798 αὑτοῦ
913 746 1166 816 ἐγένετο,
1199 749 1298 802 καὶ
1345 753 1378 804 ό
1431 753 1658 822 κόσμος
1679 755 1864 808 αὐτὸν

279 836 396 888 οὐκ
423 835 592 904 ἔγνω.
617 835 824 890 Οὐκοῦν
847 833 914 908 ἦν
939 839 994 891 ὲν
1023 837 1098 910 τῷ
1125 841 1326 912 κόσμῳ·
1351 843 1586 916 κάκείνῳ
1617 845 1692 914 τῷ
1723 849 1862 916 φωτὶ

277 927 334 980 oi.
361 927 459 994 τῆς
491 928 638 998 παρὰ
667 929 744 1000 τῷ
767 929 886 1000 Θεῷ
909 931 1052 1002 ζωῆς
1081 933 1490 1004 καταξιούμενοι
1515 937 1856 1006 ἐφωτίζοντο.

281 1017 554 1088 ’Ὕστερον
579 1019 634 1072 δὲ
663 1021 754 1072 καὶ
785 1023 872 1088 εις
913 1021 982 1074 τὰ
1041 1023 1162 1076 ἴδια
1209 1021 1414 1094 ἦλθεν·
1457 1027 1590 1082 ὅσοι
1639 1045 1700 1084 τε
1737 1029 1862 1084 ἐδέ-

279 1109 470 1174 ξαντο
505 1111 692 1164 αὑτὸν
719 1111 944 1166 ἔδωκεν
961 1115 1165 1182 αὐτοῖς
1183 1117 1474 1180 ἐξουσίαν
1501 1119 1680 1175 τέκνα
1715 1123 1860 1178 Θεοῦ

283 1197 580 1266 γενέσθαι.
635 1201 878 1273 Τοσαύτη
933 1203 1160 1274 δύναμις
1215 1209 1394 1278 παρῆν
1433 1207 1510 1280 τῷ
1565 1211 1702 1278 φωτὶ
1751 1215 1860 1268 τῶν

279 1285 522 1352 (cinctos,
557 1289 632 1352 ὡς
653 1289 818 1344 τέκνα
847 1291 982 1344 Θεοῦ
1042 1295 1450 1364 ἀπεργάζεσθαι
1475 1299 1600 1362 τοὺς
1637 1301 1862 1355 καταδε-

1965 667 2192 722 mund-us
2221 685 2336 722 cum
2358 685 2460 722 non
2485 669 2722 738 cognovit
2743 669 2810 724 ".
2843 669 2974 724 Erat
3011 671 3178 740 igitur
3215 671 3270 726 in
3295 677 3532 732 mundo:

1961 765 2016 814 et
2071 759 2172 814 hoc
2219 761 2442 822 lumine.
2485 761 2580 832 qui
2631 763 2740 816 vita
2793 761 2884 816 illa
2933 763 3072 832 apud
3129 763 3298 819 Deum
3347 767 3532 824 donati

1959 859 2136 914 erant,
2169 849 2628 906 illuminabantur.
2667 851 2866 908 Deinde
2911 853 2964 906 in
3007 855 3220 922 propria
3263 857 3434 920 venit;
3483 867 3534 924 et

1961 951 2220 1012 quotquot
2253 953 2552 1010 receperunt
2601 943 2900 1008 eum,dedit
2931 945 3006 998 eis
3049 955 3358 1013 potestatem
3391 947 3532 1016 ﬁlios

1959 1032 2058 1087 Dei
2081 1035 2218 1102 ﬁeri.
2245 1033 2418 1090 Tanta
2447 1037 2622 1092 virtus
2657 1037 2850 1090 lumini
2895 1037 3184 1092 viventium
3241 1039 3438 1102 inerat,
3475 1047 3538 1092 us

1961 1139 2056 1180 eos
2086 1125 2176 1194 qui
2211 1141 2272 1180 se
2297 1127 2604 1196 reciperent
2637 1127 2776 1180 ﬁlios
2801 1127 2895 1182 Dei
2925 1127 3156 1184 cniccrct
3195 1147 3208 1182 :
3235 1129 3380 1198 quod
3407 1143 3530 1184 cum

1957 1217 2122 1270 sciret
2157 1215 2348 1278 David.
2387 1219 2440 1272 in
2469 1227 2596 1274 voto
2625 1219 2836 1284 habuit,
2859 1227 2918 1274 ut
2951 1222 3190 1290 placeret
3223 1237 3400 1276 coram
3421 1219 3530 1276 Deo

1959 1307 2014 1360 in
2042 1307 2240 1363 lumine
2265 1309 2562 1366 viventium.

277 1381 546 1480 ζομὲνους
593 1385 746 1437 αὐτοι
795 1387 932 1458 ὅπερ
995 1387 1148 1452 εὶὸὼς
1191 1391 1220 1442 ὁ
1265 1389 1428 1444 Aetola
1481 1393 1548 1446 δι’
1583 1395 1750 1464 εὐχῆς
1807 1391 1930 1468 εἶχεν
1957 1401 2052 1455 τοῦ
2103 1404 2464 1476 εὐαρεστῆσαι
2537 1403 2791 1460 ἐνώπιον
2873 1405 2978 1462 τοῦ
3031 1407 3178 1462 Θεοῦ
3243 1407 3312 1461 ἐν
3377 1393 3526 1480 ςρωτι

279 1473 532 1536 ζώντων.

802 1621 912 1694 ΜΠ
963 1625 1382 1694 ΔΙΑΦΘΕῙΡΗΣ,
1409 1631 1494 1684 ΤΩ
1525 1635 1720 1688 ΔΑΥΙΔ
1751 1637 1856 1690 ΕΙΣ

355 1687 878 1758 grumorum.“
921 1695 1008 1746 EN
1041 1695 1126 1748 το
1163 1687 1394 1752 .Ar'roN'
1445 1687 1856 1758 ΑΠυΔιΔΡᾸὲΣ

353 1757 518 1810 unus
555 1759 690 1812 suo
733 1761 1094 1818 upoanor
1144 1767 1368 1824 mors
1427 1773 1532 1828 E12
1579 1773 1662 1828 T0
1695 1757 1854 1830 sui.

351 1827 750 1898 annuaque-2

1965 1639 2016 1690 1.
2059 1636 2128 1690 ΙΝ
2163 1637 2395 1698 FINEM,
2435 1635 2526 1690 NE
2563 1637 2982 1700 DlSPERDAS,
3035 1639 3242 1694 DAVID
3303 1641 3370 1696 IN
3427 1643 3522 1700 ΤΙ..

2033 1707 2192 1762 TULI
2255 1707 2824 1770 INSCRIPTIONEM,
2883 1710 3030 1766 CUM
3101 1711 3424 1772 FUGERET
3479 1719 3526 1770 Α

2027 1777 2232 1834 FACIE
2273 1777 2450 1834 SAUL
2487 1777 2554 1832 IN
2599 1779 3032 1836 SPELUNCAM.
3075 1781 3208 1837 LVI.

363 1919 650 1988 Ἐλέησόν
677 1939 774 1992 με,
807 1927 840 1978 ό
865 1925 1028 1992 Θεὸς,
1072 1927 1332 1996 ἐλέησόν
1359 1951 1458 2002 με,
1491 1933 1578 1988 ὅτι
1625 1937 1720 1990 ἐπὶ
1756 1939 1843 1992 σοὶ

2027 1935 2196 1992 Vens.
2221 1935 2276 1992 2.
2309 1935 2562 1992 Miserere
2603 1939 2726 2002 mei,
2755 1941 2914 2004 Deus,
2963 1941 3208 1994 miserere
3238 1941 3360 2004 mei,
3393 1959 3526 2012 quo.

271 2009 564 2064 πέποιθεν
591 2015 630 2082 ἡ
677 2015 846 2084 ψυχή
897 2035 1037 2086 μου.
1085 2021 1292 2094 ’Ὠσπερ
1347 2025 1454 2078 ἀπὸ
1492 2027 1590 2098 τῆς
1618 2029 1856 2100 ἱστορίας

273 2101 550 2157 ἐδείκνυτο
576 2105 826 2178 δεύτερον
867 2111 1148 2182 γινόμενος
1193 2117 1222 2168 ὁ
1263 2115 1426 2170 Δαυῖδ
1463 2119 1614 2190 παρά
1641 2127 1750 2186 τοῖς
1797 2125 1854 2176 ἐν

271 2193 380 2248 Γὲθ
409 2195 742 2266 ἀλλοφύλοις,
775 2205 902 2272 παρ’
931 2199 1010 2268 οἷς
1035 2205 1322 2278 διατρίϐων
1347 2211 1436 2264 τὸν
1457 2219 1528 2264 νε¹
1549 2213 1854 2286 ἀναγέγρα-

271 2301 406 2340 πται
451 2287 664 2360 ψαλμὸν
689 2291 944 2362 εἰρηκώς·
965 2293 1106 2349 οὕτω
1133 2297 1214 2362 δὶς
1239 2301 1486 2368 φαίνεται
1519 2305 1574 2356 ὲν
1607 2305 1684 2376 τῷ
1711 2323 1851 2378 σπη-

271 2375 412 2450 λαίῳ
433 2379 724 2452 ἐληλυθώς·
755 2385 898 2452 ἅπαξ
925 2385 1172 2454 μὲν,ὄτε,
1203 2391 1396 2460 μανίαν
1443 2375 1848 2466 προσποτηθεὶξ,

273 2471 376 2534 τὰς
409 2475 596 2544 χεῖρας
649 2475 742 2528 τοῦ
803 2477 1030 2548 Ἀγχοῦς
1079 2479 1196 2550 (sic)
1239 2483 1334 2536 καὶ
1385 2483 1492 2536 τῶν
1537 2487 1594 2540 ὲν
1631 2487 1726 2540 Γὲῦ
1757 2487 1852 2542 ἁλ-

271 2559 520 2630 λοφὺλων
549 2565 848 2636 διαφεύγει·
885 2571 1138 2624 κάκεῖθεν
1161 2573 1480 2649 διασώζεται
1507 2579 1586 2640 εἰς
1607 2577 1668 2630 τὸ
1719 2579 1852 2650 σπή-

281 2653 436 2708 λαιον
467 2657 526 2710 τὸ
571 2657 850 2730 Ὀδολλὰμ,
873 2659 1000 2716 ἔνθα
1033 2663 1254 2732 πάντες
1277 2669 1332 2720 οἱ
1365 2667 1612 2738 ἀδελφοὶ
1639 2669 1846 2736 αὑτοῦ,

273 2743 374 2798 real
401 2743 520 2812 πᾶς
549 2749 580 2800 d
607 2747 772 2814 οἶκος
799 2749 904 2804 τοῦ
931 2751 1154 2818 πατρὸς
1203 2753 1388 2808 αὐτοῦ
1421 2755 1848 2808 καταϐαίνουσι

271 2835 426 2904 πρὸς
463 2839 666 2892 αὐτόν.
721 2841 1064 2912 Συνήτοντό
1113 2861 1178 2898 τε
1219 2847 1352 2914 παρ’
1409 2847 1566 2912 αὐτῷ
1629 2845 1746 2914 πᾶς
1777 2847 1850 2900 ἐν

269 2927 504 2998 ἀνάγκῃ
535 2929 640 2992 ὢν,
683 2931 780 2984 καὶ
817 2931 936 3000 πᾶς
985 2935 1314 3004 ὑπόχρεως,
1361 2939 1458 2994 καὶ
1499 2939 1666 2994 πᾶσα
1709 2957 1848 2994 κατ-

267 3019 494 3084 ὡδυνος
521 3023 710 3092 ψυχή·
729 3027 824 3079 καὶ
849 3023 928 3096 ἦν
943 3029 1036 3080 ἐπ’
1063 3029 1260 3084 αὐτῶν
1277 3033 1625 3102 ἡγούμενος.
1645 3029 1848 3086 'Haar

266 3113 340 3168 et
375 3115 456 3182 ὠς
477 3119 840 3186 τετρακόσιοι
871 3119 1086 3190 ἄνδρες
1107 3139 1122 3154 ο
1155 3123 1404 3196 δεύτερον
1437 3125 1514 3190 δὲ,
1587 3125 1686 3180 ὅτε
1734 3125 1842 3180 ἀν-

263 3205 564 3278 έστρεψεν
595 3213 628 3264 ό
655 3211 852 3266 Σαοὺλ
875 3213 994 3267 ἀπὸ
1028 3215 1276 3270 ὄπισθεν
1299 3215 1420 3270 τῶν
1454 3219 1839 3286 ἀλλοφύλων,

1955 2029 2098 2082 niam
2149 2029 2202 2082 in
2257 2039 2304 2082 te
2333 2031 2548 2100 conﬁdit
2585 2033 2766 2084 anima
2813 2049 2948 2086 nica.
2983 2029 3140 2086 Sicut
3182 2049 3250 2088 ex
3293 2033 3538 2088 historia-

1951 2129 2418 2178 commonstratur
2465 2123 2722 2180 Davidem
2765 2125 2848 2182 bis
2911 2123 3052 2194 apud
3107 2125 3406 2196 allaphylos
3463 2127 3520 2180 iu

1951 2209 2088 2265 Gcth
2129 2211 2322 2276 fuisse,
2353 2213 2538 2284 ibique
2565 2215 2848 2284 degentem
2893 2217 3164 2286 psalmum
3191 2231 3258 2270 LV
3293 2217 3524 2272 recitas—

1951 2319 2010 2360 se
2039 2305 2302 2376 scriptum
2341 2313 2462 2362 est:
2495 2307 2572 2362 sic
2621 2307 2704 2362 bis
2735 2307 2792 2362 in
2847 2309 3164 2378 speluncam
3195 2311 3410 2366 venisse
3439 2311 3524 2364 vi-

1951 2395 2140 2462 detur;
2175 2395 2352 2466 primo
2381 2413 2540 2460 cum,
2571 2397 2786 2450 insania
2843 2397 3120 2460 simulata,
3155 2413 3350 2452 manus
3407 2399 3522 2450 Au-

1949 2485 2090 2538 chus
2131 2493 2186 2539 et
2241 2483 2586 2540 Gethamrum
2643 2485 3042 2558 allophylorum
3099 2487 3308 2558 ell'ugit,
3355 2495 3520 2557 atque

1947 2575 2074 2630 inde
2103 2577 2156 2630 in
2187 2577 2502 2646 speluncam
2537 2575 2782 2632 Odollam
2821 2593 2880 2632 sc
2903 2577 3186 2640 subduxit,
3219 2579 3314 2632 ubi
3341 2593 3518 2635 0:33:36

1947 2669 2143 2738 fratres
2181 2669 2296 2738 ejus
2337 2679 2386 2724 et
2435 2669 2680 2722 universa
2720 2669 2906 2722 domus
2935 2669 3102 2738 patris
3133 2669 3246 2738 ejus
3273 2685 3390 2722 eum
3419 2683 3520 2722 ..δα

1947 2761 2138 2816 ierunt.
2171 2759 2240 2814 Et
2263 2771 2610 2816 convenerunt
2659 2761 2728 2816 ad
2779 2777 2896 2816 eum
2931 2777 3108 2815 omnes
3137 2761 3226 2830 qui
3269 2767 3422 2814 erant
3459 2759 3516 2816 in

1947 2853 2196 2924 angustia
2220 2853 2515 2914 constituti,
2543 2863 2592 2908 et
2617 2855 2850 2924 oppressi
2889 2869 2990 2908 tere
3025 2853 3218 2916 alieno,
3251 2861 3300 2906 et
3329 2867 3514 2906 amaro

1945 2941 2122 2992 animo
2153 2949 2242 2994 :et
2271 2951 2384 2995 erat
2407 2959 2586 2996 eorum
2613 2943 2742 2998 dux.
2771 2941 2940 2996 Erant
2969 2951 3144 2996 autem
3188 2943 3342 3012 quasi
3383 2959 3518 3012 qua-

1943 3035 2208 3104 dringenti
2259 3035 2358 3088 viri
2387 3035 2454 3088 ‘3.
2489 3033 2746 3090 Secundo
2771 3043 2976 3098 autem,
3025 3051 3142 3088 cum
3169 3051 3404 3088 reversus
3433 3043 3518 3090 est

1945 3123 2081 3179 Saul
2107 3125 2304 3194 fugatis
2347 3125 2650 3196 allopltylis,
2680 3135 2730 3178 et
2777 3125 3076 3178 nuntiatum
3123 3135 3200 3178 est
3251 3125 3342 3180 ei:
3379 3125 3518 3180 Ecce

1945 3215 2118 3270 David
2167 3219 2220 3270 in
2275 3215 2480 3272 deserto
2531 3215 2740 3282 Gaddi;
2771 3227 2818 3272 et
2849 3219 3138 3286 assumpsit
3185 3233 3360 3272 secum
3409 3219 3516 3272 tria

265 3301 368 3354 real
397 3301 704 3372 ἀπηγγέλη
733 3298 914 3371 αὐτῷ,
943 3307 1030 3358 ὅτι
1065 3305 1210 3362 Ἰδοὺ
1251 3309 1434 3364 Δαυῒδ
1449 3311 1520 3362 ἐν
1547 3285 1623 3378 τῇ
1641 3309 1838 3378 ἐιρήμῳ

1944 3309 2114 3364 millia
2145 3309 2428 3362 electorum
2463 3325 2528 3362 ea:
2561 3307 2758 3372 Israel,
2787 3309 3118 3394 perrexitque
3165 3307 3234 3360 ad
3275 3323 3516 3378 quaren-

263 3391 346 3460 τῇ
373 3393 578 3450 Γαδδί·
613 3397 710 3452 καὶ
761 3399 942 3452 ἔλαϐε
975 3401 1104 3468 μεθ’
1127 3401 1344 3456 ἑαυτοῦ
1375 3403 1532 3472 τρεῖς
1567 3409 1842 3478 χιλτιὲδας

261 3483 502 3556 ἀνδρῶν
531 3488 828 3542 ἐκλεκτῶν
869 3491 936 3544 ἐκ
979 3491 1086 3546 τοῦ
1123 3493 1378 3562 Ἰσραὴλ,
1423 3497 1520 3550 καὶ
1549 3499 1838 3572 ἐπορεύθη

263 3571 458 3644 ζητῶν
507 3579 612 3632 τὸν
661 3581 842 3636 Δαυῒδ
915 3585 1012 3636 καὶ
1059 3585 1200 3650 τοὺς
1253 3585 1476 3656 ἄνδρας
1513 3593 1698 3646 αὐτοῦ
1739 3571 1838 3648 ἐπὶ

261 3673 590 3738 πρόσωπον
617 3675 840 3728 Αῑλείν.
877 3677 986 3730 Καὶ
1019 3673 1206 3748 ἦλθεν
1231 3681 1318 3746 εις
1345 3681 1452 3748 τὰς
1475 3683 1696 3752 ἀγέλας
1721 3687 1842 3742 τῶν

261 3763 554 3830 ποιμνίων
579 3765 684 3830 τὰς
717 3765 816 3818 ἐπὶ
863 3765 974 3836 τῆς
1007 3767 1170 3824 ὀδοῦ.
1235 3771 1344 3824 Καὶ
1381 3767 1460 3840 ἦν
1507 3773 1636 3826 ἐκεῖ
1675 3775 1838 3842 σπή-

259 3857 460 3920 λαιον,
495 3857 588 3910 καὶ
621 3857 870 3926 εἰσῆλθε
891 3861 1090 3914 Σαοὺλ
1119 3863 1716 3930 παρασκευάσασθαι·
1739 3869 1836 3922 καὶ

259 3947 446 4000 Δαυῒδ
485 3947 580 4004 καὶ
611 3953 664 4004 ol
695 3949 898 4020 ἄνδρε(
971 3953 1152 4008 αὐτοῦ
1207 3953 1484 4025 ἐσώτεροι
1541 3959 1645 4012 τοῦ
1681 3977 1840 4028 σπη-

257 4041 442 4092 λαίου
465 4039 776 4108 ἐκάθηντο.
827 4045 936 4098 Καὶ
961 4043 1138 4100 εΐπαν
1161 4049 1216 4100 ol
1247 4047 1462 4117 ἄνδρες
1483 4049 1664 4104 Δαυῒδ
1687 4051 1838 4120 πρὸς

259 4133 468 4186 αὐτόν’
519 4133 672 4188 Ἰδοὺ
697 4138 734 4204 ἡ
763 4137 948 4206 ἡμέρα
975 4139 1144 4208 αὕτη,
1171 4139 1253 4208 ἣν
1287 4139 1416 4196 εἷπε
1451 4145 1662 4212 Κύριος
1687 4143 1834 4212 πρὸς

259 4223 360 4290 σὲ,
395 4225 760 4294 παραδοῦναι
803 4229 909 4284 τὸν
958 4231 1176 4299 ἐχθρόν
1203 4249 1318 4288 σου
1375 4237 1462 4300 εἰς
1499 4235 1606 4300 τὰς
1635 4235 1836 4304 χεῷάς

259 4333 402 4380 σου,
435 4319 532 4372 καὶ
563 4319 836 4387 ποιήσεις
863 4319 1022 4392 αὐτῷ
1047 4325 1128 4390 ὡς
1167 4325 1390 4394 ἀγαθὸν
1415 4327 1484 4380 ἐν
1507 4327 1834 4396 ὀφθαλμοῖς

259 4425 400 4464 σου.
439 4411 548 4464 Kal
579 4411 804 4480 ἀνέστη
833 4413 1014 4468 Δαυῒδ
1039 4415 1138 4468 καὶ
1167 4417 1374 4484 ἀφεῖλε
1402 4417 1470 4470 τὸ
1523 4419 1836 4488 πτερύγιον

259 4501 374 4568 τῆς
415 4501 726 4572 διπλοΐδος
785 4507 980 4560 Σαοὺλ
1041 4509 1352 4576 λαθραίως.
1411 4511 1520 4564 Kal
1581 4509 1832 4580 ἐγενήθη

1943 3401 2070 3455 dum
2101 3399 2270 3454 David
2299 3409 2350 3454 et
2395 3401 2532 3454 uiros
2563 3401 2700 3470 ejus,
2725 3399 2792 3454 ad
2821 3399 3012 3470 facient
3053 3397 3228 3452 /Elin.
3261 3397 3330 3450 Et
3377 3400 3534 3454 cenit-

1941 3491 2012 3546 αα
2041 3509 2218 3562 greges
2243 3493 2478 3556 acilium,
2522 3509 2638 3564 qua:
2675 3501 2824 3546 erant
2873 3493 2926 3544 in
2961 3501 3104 3546 terra
3135 3491 3246 3546 vite.
3277 3489 3518 3561 Eratque-

1939 3585 2012 3640 ibi
2047 3587 2316 3654 spelunca,
2347 3593 2396 3638 et
2449 3585 2718 3654 ingressus
2755 3591 2832 3636 est
2861 3581 2996 3636 Saul
3039 3583 3108 3636 ad
3151 3599 3206 3636 se
3245 3597 3510 3652 apparan-

1939 3677 2064 3730 dum
2089 3677 2162 3750 (l)
2193 3717 2208 3744 ,
2245 3685 2292 3730 et
2337 3675 2504 3730 David
2533 3687 2580 3730 et
2607 3677 2702 3730 viri
2731 3677 2846 3746 ejus
2875 3677 2928 3730 in
2961 3675 3204 3730 interiore
3223 3684 3374 3744 parte
3395 3689 3514 3744 spe-

1941 3769 2108 3824 luncte
2125 3767 2392 3822 sedebant.
2411 3765 2478 3820 Et
2497 3767 2744 3822 dixerunt
2773 3767 2872 3820 viri
2895 3765 3060 3822 David
3091 3765 3158 3820 ad
3183 3781 3300 3846 eum
3325 3781 3344 3820 :
3377 3763 3510 3820 Ecce

1937 3861 2072 3924 dies,
2103 3863 2166 3914 de
2195 3877 2298 3926 qua
2325 3861 2532 3914 locutus
2567 3859 2826 3912 Dominus
2851 3857 2918 3912 ad
2943 3867 3012 3920 te,
3045 3857 3184 3926 quod
3205 3857 3382 3910 tradat
3405 3859 3510 3912 ini-

1937 3957 2128 4009 micam
2161 3965 2306 4010 tuum
2337 3957 2392 4010 in
2415 3969 2600 4008 manus
2623 3963 2764 4014 tuas,
2787 3963 2846 4006 ut
2873 3951 3046 4020 facias
3073 3951 3122 4004 ei
3143 3951 3510 4018 sicutplacue-

1939 4049 2008 4102 rit
2041 4051 2098 4103 in
2141 4049 2310 4102 oculis
2355 4049 2482 4102 tuis.
2519 4047 2766 4102 Surrexit
2795 4061 2918 4114 ergo
2951 4041 3122 4098 David
3169 4053 3218 4098 et
3263 4041 3506 4113 pra'cidit

1937 4157 2086 4194 orant
2115 4139 2368 4210 diploidis
2399 4139 2578 4194 Saulis
2615 4137 2774 4192 clam.
2821 4135 2886 4188 Et
2913 4137 3114 4206 factum
3145 4141 3222 4188 est
3249 4141 3428 4203 postea
3455 4137 3508 4182 et

1935 4235 2192 4304 percussit
2215 4233 2470 4288 Davidem
2499 4249 2592 4286 cor
2619 4231 2754 4300 ejus,
2774 4231 2898 4300 quia
2927 4227 3218 4282 abstulerat
3247 4241 3396 4278 oram
3421 4223 3508 4276 di-

1933 4325 2126 4393 ploidis
2169 4325 2360 4392 ipsius.
2409 4321 2662 4392 Dixitque
2683 4319 2854 4374 David
2887 4321 2954 4374 ad
2983 4321 3122 4374 uiros
3155 4333 3278 4372 suos
3305 4333 3322 4370 :
3357 4315 3508 4370 Absit

1935 4417 2064 4470 mihi
2097 4433 2130 4470 a
2177 4415 2428 4478 Domino,
2457 4413 2504 4466 si
2546 4411 2746 4482 faciam
2789 4409 2926 4464 hanc
2961 4427 3070 4464 rem
3125 4411 3338 4464 domino
3367 4423 3502 4470 meo,

1937 4509 2136 4564 christo
2175 4507 2414 4570 Domini,
2449 4513 2508 4558 ut
2543 4505 2772 4574 inferam
2815 4518 3032 4556 manum
3067 4517 3238 4556 meam
3265 4501 3320 4554 in
3343 4513 3504 4562 eum;

257 4595 408 4664 μετὰ
435 4595 620 4652 ταῦτα
639 4637 654 4662 ,
703 4599 800 4652 καὶ
849 4598 1108 4664 ἐπάταξε
1137 4599 1350 4668 καρδία
1395 4601 1576 4656 Δαυῒδ
1625 4603 1830 4670 αὐτὸν,

1944 4599 2060 4670 quia
2089 4597 2330 4652 Christus
2355 4593 2570 4650 Domini
2591 4601 2666 4648 est
2695 4593 2798 4648 hic.
2835 4589 2904 4644 Et
2942 4593 3204 4662 persuasit
3225 4589 3400 4644 Dauid
3425 4591 3506 4644 ui-

259 4687 346 4738 ὅτι
383 4687 588 4754 ἀφεῖλε
643 4687 708 4742 τὸ
765 4691 1082 4760 πτερύγιον
1133 4689 1244 4758 τῆς
1289 4692 1596 4760 διπλοΐδος
1623 4695 1828 4750 αὑτοῦ.

255 4779 370 4834 Kal
396 4775 526 4834 εἶπε
553 4781 734 4834 Δαυῖδ
753 4783 900 4852 πρὸς
927 4785 1068 4852 τοὺς
1109 4783 1334 4854 ἄνδρας
1385 4785 1592 4842 αὐτοῦ’
1639 4787 1836 4854 Μηδα-

249 4869 382 4942 μῶς
403 4891 504 4940 μοι
537 4875 696 4942 παρὰ
725 4877 1048 4944 ΚιιρΙου,,εὶ
1075 4879 1306 4944 ποιήσω
1339 4879 1404 4934 τὸ
1455 4877 1618 4948 ῥῆμα
1653 4879 1830 4934 τοῦτο

255 4963 336 5028 τῷ
369 4967 550 5034 κιφίῳ
597 4985 716 5036 μου
761 4961 842 5034 τῷ
899 4963 1122 5037 κριστῷ
1177 4971 1432 5038 Kvpiov,
1485 4971 1830 5042 ἐπενεγκεῖν

253 5055 424 5124 χεῖρὰ
445 5073 564 5126 μου
591 5059 684 5112 ἐπ’
721 5061 926 5114 αὐτόν·
980 5061 1070 5114 ὅτι
1101 5061 1354 5130 Χριστος
1387 5065 1608 5131 Κυρίου
1655 5061 1830 5116 ἐστὶν

255 5145 456 5212 οὗτος.
493 5151 604 5204 Kal
651 5151 856 5206 ἔπεισε
895 5155 1078 5208 Δαυῒδ
1099 5153 1238 5220 τοὺς
1279 5155 1502 5224 ἄνδρας
1551 5153 1730 5210 αὑτοῦ
1757 5155 1828 5208 ἐν

255 5241 488 5312 λόγοις,
549 5248 644 5324 real
697 5249 808 5300 οὐκ
869 5247 1092 5302 ἔδωκεν
1155 5249 1374 5314 αὐτοὺς
1447 5247 1826 5316 ἀναστάντας

255 5331 594 5386 θανατῶσαι
621 5335 728 5390 τὸν
751 5337 970 5390 Σαούλ.
1019 5337 1286 5408 Ζητητέον
1347 5333 1438 5392 οὖν
1475 5337 1614 5392 κατὰ
1639 5339 1828 5402 ποίους

253 5421 482 5492 χρονους
507 5425 604 5496 τὴν
627 5425 992 5498 προκειμένην
1017 5427 1414 5498 στηλογραφέαν
1443 5429 1470 5480 ὁ
1523 5427 1682 5482 Δαυῒδ
1729 5431 1824 5482 ἀν-

253 5513 484 5586 ἔγραιῖμε,
505 5519 600 5570 καὶ
625 5519 682 5571 ὲν
713 5519 852 5590 ποίῳ
877 5517 1126 5590 σπηλαίῳ
1163 5519 1470 5588 διατρὶϐων·
1509 5519 1736 5590 πότερον
1767 5521 1824 5572 ἐν

1939 4691 2012 4744 ris
2035 4691 2144 4744 suis
2169 4687 2516 4754 sermonibus,
2541 4695 2588 4740 et
2613 4701 2716 4740 non
2743 4683 2978 4754 permisit
3009 4693 3066 4736 ut
3089 4685 3416 4752 insurgerent
3445 4683 3502 4736 in

1937 4781 2074 4836 Saul
2103 4783 2172 4834 ad
2197 4779 2540 4836 occidendum
2571 4795 2690 4834 eum
2717 4779 2782 4834 “.
2811 4777 3172 4844 Quaerendum
3207 4775 3374 4844 igitur
3391 4789 3502 4844 quo

1935 4883 2198 4944 tempore,
2229 4881 2284 4928 et
2313 4875 2368 4926 in
2399 4887 2506 4942 qua
2535 4871 2794 4942 Spelunca
2817 4869 3040 4940 degens.
3075 4869 3214 4922 hanc
3249 4865 3394 4920 tituli
3425 4865 3504 4920 in-

1933 4967 2288 5036 scriptionem
2303 4965 2474 5020 David
2503 4963 2822 5032 scripserit;
2863 4977 2932 5016 an
2963 4963 3018 5016 in
3045 4961 3308 5032 spelunca
3337 4955 3504 5014 Odoi-

1933 5059 2062 5120 lam,
2093 5075 2162 5112 an
2187 5059 2242 5112 in
2273 5059 2536 5128 spelunca
2565 5055 2828 5128 Engaddi.
2849 5053 3050 5110 Verum
3075 5054 3202 5122 quia
3223 5049 3332 5104 duo
3357 5049 3504 5119 psal-

1931 5151 2006 5206 mi
2035 5151 2106 5206 ab
2131 5149 2272 5206 eoin
2297 5151 2556 5219 spelunca
2597 5147 2730 5202 dicti
2769 5155 2932 5214 sunt;
2955 5145 3044 5198 hic
3075 5143 3288 5198 scilicet
3307 5141 3402 5212 qui
3429 5141 3502 5194 ti—

1931 5241 2028 5296 tuli
2061 5241 2348 5312 inscriptio
2379 5247 2484 5306 est,
2533 5249 2586 5294 et
2623 5253 2774 5300 esu.
2813 5239 3152 5308 inscriptus:
3191 5231 3500 5288 Intellectus

1931 5331 2126 5386 Dacidi
2169 5333 2222 5386 in
2261 5333 2526 5400 spelunca,
2567 5333 2778 5394 oratio;
2825 5335 3250 5384 consentaneum
3271 5333 3354 5382 est
3381 5323 3498 5379 dis-

1927 5425 2156 5496 quirere
2179 5465 2194 5492 ,
2233 5441 2304 5480 an
2341 5425 2380 5478 ii
2411 5425 2602 5480 eodem
2643 5433 2886 5494 tempore
2913 5421 3250 5494 pronuntiati
3269 5417 3494 5482 fuerint,

1931 5529 1986 5574 et
2005 5537 2136 5574 num
2161 5521 2216 5576 in
2239 5521 2502 5592 spelunca
2531 5535 2756 5578 versans
2783 5527 3076 5592 utrumque
3103 5511 3496 5588 composuerit.

329 5653 376 5682 "
415 5651 546 5708 ibid.
583 5653 738 5722 9,i0.
815 5657 858 5688 ’³
899 5659 920 5710 l
955 5655 1088 5726 Reg.
1119 5673 1268 5724 xm,
1301 5659 1428 5722 με.
1505 5663 1550 5692 ³⁸
1587 5659 1610 5714 l
1643 5659 1954 5732 Reg.,xxtv,
1993 5659 2112 5714 2-8.

327 5767 406 5838 ll)
449 5767 502 5827 Id
536 5781 640 5840 est,
673 5775 740 5828 ad
769 5775 944 5832 alvum
973 5785 1378 5832 exonerandam.
