4100 6442
593 391 701 447 5υὸ

1299 399 1572 459 EUSEBII
1608 393 2082 455 CESARIENSIS
2113 393 2263 451 OPP.
2298 394 2480 451 PARS
2515 396 2605 454 lli.
2638 427 2706 437 —
2743 395 3152 459 EXEGETICA.

3745 393 3861 448 τοι

597 518 826 576 Videtur
855 533 987 590 ergo
1027 517 1183 582 mihi,
1237 519 1586 576 moventibus
1627 517 1917 588 utriusque
1972 516 2154 588 psalmi

2269 515 2352 588 τῷ
2383 517 2630 587 σπηλαίῳ
2691 514 2772 586 τῷ
2845 515 3128 587 Ὀδολλὰμ,
3172 515 3205 588 ἢ
3263 516 3320 570 ἐν
3361 514 3440 586 τῷ
3486 515 3744 587 σπηλαίῳ
3773 515 3860 586 τῷ

592 613 797 680 verbis,
826 612 969 668 banc
999 612 1140 665 tituli
1177 611 1589 682 inscriptionem
1621 611 1679 666 in
1705 610 1969 681 spelunca
2005 606 2172 663 Odol-

590 706 698 760 lam
729 705 928 761 dictam
963 704 1172 769 fuisse;
1209 705 1514 759 orationem
1560 719 1688 758 vero
1708 704 1764 758 in
1803 717 1924 756 cm
1954 702 2164 772 psalmo

589 798 847 868 positam,
872 794 929 850 in
959 794 1219 864 spelunca
1247 793 1511 865 Engaddi,
1535 810 1682 857 cum,
1718 792 1885 848 Saule
1909 807 2033 846 sese
2068 806 2164 861 ap-

577 897 840 958 parante,
873 888 928 941 in
970 887 1230 957 spelunca
1281 888 1458 942 latens
1491 886 1869 957 deprehensus
1900 895 2006 941 est.
2048 883 2166 940 Sic-

572 997 694 1053 que
725 981 853 1035 mihi
889 995 1208 1050 persuasum
1239 987 1324 1034 est
1348 995 1414 1035 ex
1436 980 1598 1033 dictis
1625 979 1911 1049 utriusque
1945 977 2160 1049 psalmi.

579 1074 642 1127 lit
695 1072 916 1143 quidem
964 1087 1089 1126 cm
1126 1071 1340 1126 videtur
1383 1071 1516 1126 mihi
1567 1079 1700 1125 tunc
1738 1071 2007 1141 prolatus,
2036 1085 2160 1124 cum

577 1165 756 1220 David
782 1166 836 1220 in
871 1165 1125 1236 angustia
1161 1180 1355 1236 magna
1385 1171 1440 1219 et
1469 1164 1878 1219 concertatione
1907 1163 2160 1233 degeret;

579 1258 661 1312 sic
695 1257 840 1311 enim
867 1257 942 1311 ibi
975 1257 1218 1327 loquitur
1250 1275 1263 1310 :
1304 1253 1437 1310 Voce
1471 1271 1586 1309 mea
1625 1253 1695 1308 ad
1725 1253 2008 1308 Dominum
2051 1253 2164 1305 cla.

581 1349 744 1416 mavi,
775 1364 896 1402 voce
913 1364 1028 1402 mea
1055 1347 1123 1400 ad
1156 1345 1441 1402 Dominum
1464 1344 1775 1416 deprecatus
1804 1361 1942 1399 sum.
1974 1342 2164 1412 Effun-

578 1439 646 1491 do
695 1439 752 1491 in
801 1447 1077 1506 conspectu
1122 1436 1236 1504 ejus
1267 1436 1561 1490 orationem
1604 1451 1775 1489 meam
1806 1450 1824 1487 :
1856 1433 2158 1488 tribulatio-

580 1544 700 1580 nem
761 1543 933 1581 meam
978 1535 1100 1580 ante
1131 1528 1303 1594 ipsum
1333 1523 1712 1594 pronuntiabo.
1769 1523 1835 1579 In
1874 1524 2160 1594 deiicienda

580 1631 645 1671 ex
676 1632 756 1670 me
776 1617 1025 1684 spiritum
1054 1631 1244 1680 meum,
1265 1624 1314 1668 et
1338 1624 1393 1668 tu
1432 1615 1717 1686 cognovisti
1747 1615 1964 1669 semitas
1994 1632 2156 1670 meas.

585 1707 652 1761 In
682 1710 767 1762 via
814 1708 936 1770 hac,
962 1724 1066 1778 qua
1096 1706 1458 1773 ambulabant,
1489 1706 1877 1762 absconderunt
1915 1707 2160 1778 laqueum

583 1799 712 1852 mihi
736 1799 803 1856 ’⁸.
845 1797 944 1854 His
980 1799 1181 1870 quippe
1211 1800 1522 1870 angustiam
1547 1815 1654 1870 qua
1687 1801 2036 1870 premebatur
2064 1798 2157 1854 de-

581 1891 754 1944 clarat
774 1906 788 1956 ;
810 1889 1042 1944 maxime
1065 1896 1246 1944 autem
1270 1890 1326 1944 in
1362 1891 1718 1962 sequentibus
1752 1890 1902 1946 hisce
1927 1890 2107 1946 verbis
2139 1907 2152 1943 :

583 1981 752 2035 Periit
779 1981 907 2053 fuga
933 1999 964 2035 a
988 1998 1088 2036 me.
1113 1980 1414 2039 Obsidente
1431 1997 1668 2053 namque
1693 1981 1856 2038 Saule
1883 1983 2157 2053 speluncae

581 2074 806 2136 ostium,
843 2075 990 2129 intus
1027 2075 1204 2130 latens
1240 2075 1378 2146 ipse,
1418 2073 1656 2146 effugere
1685 2090 1744 2130 sc
1773 2089 1936 2144 posse
1965 2074 2158 2144 despe-

580 2164 759 2219 rabat.
790 2163 1060 2219 Caeterum
1083 2180 1206 2220 cum
1230 2165 1296 2220 de
1331 2166 1456 2237 fuga
1479 2165 1820 2235 desperaret,
1853 2165 1920 2220 ad
1951 2165 2158 2221 saluta-

579 2269 695 2309 rem
726 2264 949 2325 portum
999 2256 1278 2328 confugit;
1315 2273 1486 2328 quare
1528 2255 1821 2327 subjungit
1853 2275 1865 2310 :
1916 2256 2158 2312 Clamavi

580 2347 650 2401 sd
702 2356 771 2412 te,
818 2348 1062 2412 Domine,
1109 2348 1222 2403 dixi
1267 2366 1285 2403 :
1340 2349 1418 2404 Tu
1466 2365 1519 2404 es
1555 2364 1669 2418 spes
1725 2364 1877 2411 mea;
1933 2360 1987 2403 et
2042 2348 2158 2404 haec

581 2437 770 2508 adjicit
805 2458 818 2493 :
854 2437 1003 2492 Educ
1032 2437 1094 2494 de
1138 2439 1384 2494 custodia
1440 2440 1676 2494 animam
1739 2455 1929 2496 meam.
1962 2438 2156 2494 Vidcn‘

581 2529 854 2599 quomodo
910 2545 1066 2584 suam
1120 2529 1174 2585 in
1239 2532 1499 2602 spelunca
1555 2531 1964 2587 conclusionem
2016 2531 2159 2587 indi-

580 2621 707 2675 cat?
739 2619 870 2677 lure
923 2622 1108 2693 itaque
1160 2624 1275 2679 lucc
1320 2625 1467 2680 dicta
1521 2626 1826 2682 orationem
1881 2626 2154 2692 inscribit,

579 2721 796 2784 tempus
826 2714 1182 2786 inscriptione
1222 2717 1313 2772 illa
1343 2717 1646 2776 declarans.
1673 2719 1765 2774 Ait
1817 2719 1984 2790 igitur
2013 2738 2026 2774 :
2063 2719 2158 2774 In-

579 2804 815 2860 tellectus
847 2806 1061 2873 Davidi,
1110 2824 1228 2862 cum
1258 2820 1392 2863 esset
1444 2810 1498 2864 in
1545 2809 1818 2879 spelunca,
1864 2813 2057 2865 oratio.
2090 2809 2157 2864 Et

576 2898 696 2953 haec
730 2900 948 2970 quidem
984 2908 1173 2956 notato
1221 2910 1464 2972 tempore
1501 2912 1755 2973 precatus
1801 2911 1906 2969 est,
1959 2919 2156 2975 magno

579 2990 634 3044 in
672 2992 916 3061 periculo
963 2994 1321 3050 constitutus.
1364 2993 1490 3050 llaec
1523 3010 1654 3050 vero
1693 2995 1837 3051 tituli
1868 2997 2156 3069 inscriptio

577 3083 650 3137 ab
676 3099 741 3138 eo
769 3084 996 3140 recitata
1021 3092 1124 3150 est,
1154 3095 1212 3140 ut
1240 3086 1471 3152 aestimo,
1495 3100 1618 3142 cum
1642 3095 1788 3144 esset
1815 3089 1871 3144 in
1894 3089 2153 3161 spelunca

577 3173 850 3240 Odollam,
885 3191 949 3231 ac
975 3178 1268 3248 recepisset
1300 3193 1491 3234 omnes
1519 3178 1717 3236 fratres
1759 3195 1912 3246 suos,
1945 3195 2152 3252 cogna-

2277 607 2537 676 Ἐνγαδδί.
2611 607 2771 660 Ἀλλά
2816 608 2912 661 καὶ
2960 608 3144 679 ἐπειδὴ
3198 607 3290 661 δύο
3339 608 3582 680 εἴρηνται
3637 609 3860 679 ψαλμοὶ

2266 699 2411 770 αύτῷ
2434 702 2492 752 ἐν
2517 697 2594 770 τῷ
2621 698 2888 770 σπηλαίῳ,
2910 699 2938 752 ό
2965 699 3064 770 μὲν
3092 699 3451 770 προκείμενος
3468 699 3860 773 στηλογραφίσ.

2263 790 2567 860 τυγχάνων,
2615 791 2646 843 ὁ
2692 789 2748 842 δὲ
2783 796 2910 861 ρμα¹
2960 791 3469 864 ἐπιγεγραμμένος,
3528 792 3859 857 Συνέσεως

2263 880 2344 952 τῷ
2380 884 2560 938 Δαυῒδ
2600 886 2668 938 ἐν
2716 880 2796 952 τῷ
2841 887 3124 953 σπηλαίῳ
3155 884 3483 954 προσευχή·
3507 884 3751 957 ζητήσαι
3785 885 3858 939 ἂν

2262 993 2346 1040 τις
2394 975 2628 1044 εὐλόγως
2653 979 2700 1028 εί
2734 975 2873 1030 κατὰ
2907 976 2998 1029 τὸν
3028 976 3188 1030 αὑτὸν
3231 978 3474 1048 εἴρηνται
3507 977 3720 1049 χρόνον,
3753 975 3859 1029 καὶ

2262 1071 2310 1122 εί
2329 1071 2386 1122 ἐν
2411 1069 2490 1140 τῷ
2514 1069 2762 1140 σπηλαίῳ
2793 1069 3077 1140 τυγχάνων
3129 1071 3471 1140 άμψοτέρους
3526 1069 3854 1134 συνέταξεν.

2261 1159 2419 1211 Δοκεῖ
2441 1159 2618 1212 τοίνυν
2646 1159 2791 1230 ἐμοὶ,
2826 1159 3127 1230 κινουμένῳ
3155 1160 3217 1212 ἐκ
3241 1160 3349 1213 τῶν
3377 1161 3434 1212 ἐν
3462 1160 3710 1231 ἐκατέρῳ
3746 1177 3858 1228 φε-

2265 1253 2506 1325 ρομένων
2526 1253 2720 1322 λόγων,
2760 1254 2794 1324 ἡ
2828 1252 2927 1323 μὲν
2963 1252 3100 1322 μετὰ
3146 1253 3336 1323 χεῖρας
3375 1251 3762 1323 στηλογραφίσ.
3794 1254 3858 1304 ἐν

2259 1343 2339 1415 τῷ
2369 1344 2618 1414 σπηλαίῳ
2637 1343 2716 1416 τῷ
2747 1342 3010 1414 Ὀδολλὰμ
3038 1342 3310 1414 εἰρῆσθαι,
3341 1345 3374 1414 ἡ
3401 1343 3458 1396 δέ
3497 1344 3556 1396 ἐν
3582 1343 3661 1413 τῷ
3687 1349 3856 1414 ρμα’,

2261 1435 2556 1507 προσευχὴ,
2586 1437 2644 1490 ἐν
2670 1436 2747 1507 τῷ
2771 1436 3018 1508 σπηλαίῳ
3042 1437 3119 1508 τῷ
3133 1435 3395 1505 Ἐνγαδδί,
3411 1437 3523 1502 ὅτε,
3551 1435 3642 1489 τοῦ
3666 1435 3860 1490 Σαοὺλ

2260 1528 2835 1600 παρασκευαζομένου,
2864 1530 2922 1582 ἐν
2946 1529 3025 1600 τῷ
3069 1528 3315 1600 σπηλαίῳ
3345 1528 3490 1581 ἔνδον
3522 1527 3854 1600 κρυπτόμε-

2259 1635 2348 1682 νος
2372 1619 2620 1691 εὕρηται.
2647 1621 2800 1676 Οὕτω
2826 1620 2882 1674 δέ
2912 1639 3000 1693 μοι
3029 1621 3275 1692 παρέστη
3325 1620 3594 1691 κινηθέντι
3625 1623 3690 1673 ἐκ
3731 1619 3852 1674 τῶν

2260 1711 2388 1782 παρ’
2422 1711 2668 1782 ἐκατέρῳ
2695 1711 3009 1784 φερομένων
3042 1711 3236 1780 λόγων.
3281 1712 3338 1765 '0
3368 1711 3465 1781 μὲν
3494 1719 3618 1782 ρμα¹
3651 1712 3850 1781 φαίνε-

2257 1815 2347 1853 ται
2369 1800 2655 1872 εἰρημένος
2685 1803 2742 1853 ἐν
2769 1799 2934 1872 πολλῇ
2957 1803 3153 1872 συνοχῇ
3180 1800 3273 1854 καὶ
3321 1801 3492 1870 ἀγῶνι
3518 1802 3846 1872 τυγχάνοντι

2257 1889 2335 1962 τῷ
2358 1892 2538 1946 Δαυῖδσ
2572 1893 2708 1965 φησὶ
2732 1891 2862 1962 γοῦν
2888 1895 2946 1946 ἐν
2975 1893 3139 1965 αὐτῷ’
3181 1893 3355 1962 Φωνῇ
3387 1912 3505 1963 μου
3542 1893 3690 1962 πρὸς
3717 1897 3842 1948 Κύ-

2247 1998 2386 2050 ριον
2427 1983 2739 2053 ἐκέκραξα·
2785 1983 2954 2054 φωνῇ
3000 2002 3120 2055 μου
3171 1985 3320 2054 πρὸς
3352 1986 3458 2040 τὸν
3497 1986 3646 2039 Θεὸν
3671 1985 3845 2052 ἐδεή-

2255 2079 2387 2145 θην.
2435 2075 2648 2146 Ἑκχεῶ
2672 2075 2926 2131 ἐνώπιον
2967 2078 3152 2133 αὑτοῦ
3172 2078 3285 2146 τὴν
3310 2077 3525 2145 δέησίν
3556 2096 3694 2148 μου·
3722 2078 3845 2146 τὴν

2255 2169 2466 2237 θλίψιν
2512 2187 2632 2239 μου
2681 2168 2938 2224 ἐνώπιον
2987 2172 3172 2225 αὑτοῦ
3236 2170 3569 2241 ἀπαγγελῶ.
3623 2172 3726 2226 ἐν
3757 2171 3845 2238 τῷ

2253 2264 2557 2318 ἐκλείπειν
2595 2264 2665 2330 ἐξ
2687 2265 2836 2334 ἐμοῦ
2874 2265 2938 2317 τὸ
2974 2265 3210 2335 ,τενεῦμὰ
3252 2283 3393 2335 you,
3439 2265 3539 2319 καὶ
3588 2266 3670 2320 σὺ
3717 2266 3848 2334 ἐτί-

2253 2371 2487 2423 νωσκες
2536 2355 2644 2424 τὰς
2701 2359 2940 2426 τρίϐους
2987 2376 3124 2428 μου.
3195 2360 3298 2413 Ἐν
3363 2351 3483 2425 ὀδῷ
3535 2361 3743 2426 ταύτῃ,
3801 2353 3844 2428 ᾗ

2254 2451 2646 2523 ἐπορευόμην,
2673 2454 2950 2523 ἔκρυψαν
2973 2451 3194 2522 παγίδα
3215 2469 3337 2522 μοι.
3371 2452 3470 2506 Διὰ
3492 2451 3700 2505 τούτων
3726 2453 3846 2522 γὰρ

2255 2543 2351 2615 τὴν
2382 2543 2608 2616 συνοχὴν
2637 2546 2694 2598 ἐν
2750 2539 2784 2619 ᾗ
2813 2543 3102 2616 ἐξητάζετο
3131 2545 3444 2617 παρίστησι·
3475 2544 3568 2598 καὶ
3591 2544 3672 2597 ἔτι
3701 2545 3841 2614 μᾶλ-

2253 2637 2343 2691 λον
2372 2639 2438 2692 δι’
2466 2631 2540 2692 ὧν
2567 2638 2762 2707 ἐπάγει
2785 2638 2958 2707 λέγων
3008 2638 3156 2708 ἐξῆςο
3196 2636 3481 2692 Ἀπώλετο
3542 2636 3704 2707 φυγὴ
3733 2635 3841 2690 ἀπ’

2251 2729 2417 2799 ἐμοῦ·
2435 2730 2540 2802 πρὸ
2562 2730 2670 2784 τῶν
2694 2729 2873 2802 θυρῶν
2902 2728 3011 2802 γὰρ
3033 2730 3128 2782 τοῦ
3163 2728 3428 2801 σπηλαίου
3462 2728 3840 2799 καθεζομένου

2253 2822 2347 2876 τοῦ
2372 2823 2562 2886 Σαοὺλ,
2588 2822 2734 2876 ἔνδον
2791 2821 3186 2894 κρυπτόμενος,
3222 2819 3534 2889 ἀπεγνώκει
3575 2820 3672 2890 τὴν
3705 2820 3838 2872 ἐαυο

2253 2915 2346 2970 τοῦ
2378 2916 2573 2987 φυγήν.
2596 2914 2744 2984 Πλὴν
2764 2915 2864 2984 τὴν
2893 2913 3069 2984 φυγὴν
3090 2913 3382 2980 ἀπογνοὺς,
3415 2911 3506 2964 ἐπὶ
3535 2912 3625 2965 τὸν
3658 2913 3840 2979 σωτήο

2257 3025 2369 3082 ριον
2402 3007 2594 3079 λιμένα
2651 3006 3007 3077 καταφεύγειο
3055 3005 3136 3058 διὸ
3186 3004 3446 3072 ἐπιλέγει·
3510 3003 3838 3072 Ἐκέκραξα

2254 3098 2404 3168 πρὸς
2435 3099 2530 3164 σὲ,
2591 3099 2805 3167 Κύριε,
2863 3093 3029 3151 ebur
3095 3097 3180 3150 Σὺ
3221 3096 3277 3150 εἴ
3329 3095 3507 3160 ἐλπίς
3554 3111 3707 3164 μουο
3738 3094 3837 3146 καὶ

2255 3190 2578 3264 προστίθησι
2652 3188 2848 3258 λέγων·
2931 3187 3211 3258 Ἐξὰγατε
3265 3187 3334 3240 ἐκ
3393 3183 3674 3255 φυλακῆς
3719 3184 3838 3252 τὴν

577 3275 666 3323 tos
713 3268 840 3324 item
897 3284 963 3324 ac
1008 3271 1248 3341 reliquos
1304 3271 1600 3342 fugitivos;
1649 3273 1744 3344 qui
1796 3272 2032 3330 fortasse
2063 3276 2150 3332 sui

2254 3283 2464 3354 ψυχήν
2507 3301 2646 3354 μου.
2703 3283 2868 3355 Ὁρᾷς
2908 3282 3056 3346 ὅπως
3088 3281 3180 3336 τὸν
3237 3279 3368 3333 είσω
3419 3277 3514 3331 τοῦ
3567 3277 3838 3348 σπηλαίου

576 3376 746 3418 causa
777 3362 992 3418 insidiis
1023 3363 1207 3419 Saulis
1234 3365 1668 3437 appetebantur;
1701 3367 1998 3436 quinetiam
2028 3369 2152 3439 qui-

576 3452 666 3507 vis
695 3452 930 3508 afllictus
955 3452 1136 3507 animo
1160 3461 1216 3508 et
1242 3453 1498 3524 injuriam
1526 3471 1740 3525 passus,
1775 3456 1910 3528 fugae
1931 3457 2151 3515 Davidis

578 3559 808 3600 consors
840 3552 978 3599 erat.
1018 3543 1153 3599 Nam
1185 3561 1308 3601 eum
1369 3547 1547 3602 virum
1574 3549 1806 3619 justum,
1852 3565 1882 3603 a
1913 3549 2023 3606 Deo
2052 3551 2152 3607 bo-

580 3642 856 3700 noratum,
913 3633 1114 3704 injuria
1165 3650 1196 3689 a
1245 3634 1408 3692 Saule
1441 3639 1657 3708 pulsum
1703 3640 2036 3707 videntibus,
2086 3657 2150 3698 ea

578 3725 718 3796 ipsis
742 3728 1049 3806 consolatio
1071 3727 1125 3782 in
1156 3729 1316 3786 malis
1339 3738 1478 3786 erat.
1511 3730 1649 3786 Tum
1679 3732 1780 3802 ipsi
1809 3749 2026 3804 quoque
2056 3736 2150 3806 qui

579 3793 617 3874 ά
647 3793 973 3876 laedentibus
1001 3835 1060 3876 se
1087 3820 1386 3892 fugiebant,
1426 3821 1616 3878 Davidi
1658 3793 1970 3890 studebant,
2001 3793 2151 3898 ejus-

578 3927 686 3983 que
711 3919 894 3983 partes
927 3912 1435 3983 amplectebantur;
1463 3915 1842 3988 malebantque
1867 3918 1992 3988 pelli
2023 3934 2149 3973 cum

576 4003 720 4074 ipso,
767 4018 932 4074 quam
977 4003 1289 4074 insequenti
1350 4007 1572 4063 haerere.
1624 4006 1762 4063 Cum
1800 4024 1932 4080 ergo
1975 4010 2150 4066 otium

577 4102 762 4165 ageret
799 4095 854 4149 in
893 4096 1154 4166 spelunca
1200 4096 1466 4164 Odollam,
1517 4110 1839 4169 praisetitem
1889 4101 2037 4157 tituli
2068 4103 2152 4158 in-

576 4189 932 4260 scriptionem
963 4193 1226 4247 exaravit.
1251 4192 1406 4259 Quod
1431 4208 1563 4250 sane
1591 4193 1871 4251 declarant
1899 4204 2012 4251 tum
2044 4198 2149 4252 alia

576 4297 700 4352 qua:
733 4282 942 4352 adjicit,
976 4291 1090 4338 tum
1121 4285 1310 4340 istliaec
1339 4304 1352 4340 :
1381 4283 1532 4341 Misit
1561 4286 1626 4341 de
1654 4289 1803 4348 caelo.
1830 4298 1880 4343 et
1909 4289 2149 4344 liberavit

576 4388 699 4430 me:
726 4390 790 4430 ac
815 4391 1034 4432 rursum
1067 4396 1082 4432 :
1113 4377 1263 4433 Misit
1289 4378 1429 4434 Deus
1459 4380 1876 4436 misericordiam
1921 4399 2072 4436 suam
2101 4393 2152 4438 et

578 4467 848 4530 ueritatem
878 4483 1054 4532 suam,
1100 4477 1150 4522 et
1175 4471 1368 4537 eripuit
1403 4471 1638 4526 animam
1675 4490 1843 4528 meam
1887 4473 1951 4528 de
1981 4473 2150 4529 medio

579 4558 876 4612 catulorum
907 4558 1137 4616 leonum.
1178 4558 1343 4618 Vides
1370 4577 1518 4627 eum,
1565 4579 1690 4619 cum
1723 4563 1976 4622 Gethaeos
2015 4567 2151 4622 allo-

579 4649 772 4720 pbylos
800 4649 1105 4721 effugisset,
1139 4660 1324 4722 utpote
1349 4653 1404 4706 in
1438 4662 1557 4709 tuto
1588 4656 1850 4726 positum,
1882 4672 1948 4712 ac
1975 4657 2146 4712 otium
2180 4685 2224 4740 ο

577 4751 846 4811 agentem,
898 4741 1213 4812 hujusmodi
1267 4758 1434 4800 voces
1472 4747 1745 4813 emisisse,
1797 4763 1860 4804 ac
1909 4749 2144 4806 maxime

577 4834 818 4892 omnium
845 4848 940 4889 eas
971 4849 1092 4904 quae
1126 4845 1452 4906 sequuntur,
1487 4845 1542 4893 et
1582 4838 1663 4894 sic
1691 4839 1932 4896 habent:
1969 4841 2144 4895 Para-

575 4936 684 4982 tum
721 4942 811 4982 cor
840 4943 1032 4992 meum,
1075 4927 1238 4995 Deus,
1272 4929 1496 4984 cantabo
1543 4940 1594 4987 et
1637 4931 1900 5001 psalmum
1945 4932 2140 4990 dicam.

575 5015 836 5088 Exsurge,
867 5019 1040 5101 gloria
1066 5035 1201 5084 mea,
1226 5037 1468 5092 exsurge,
1497 5022 1810 5092 psalterium
1839 5035 1888 5079 et
1911 5024 2138 5092 cithara,

574 5123 855 5180 exsurgant
885 5109 1144 5167 di.uculo.
1175 5111 1478 5182 Conﬁtebor
1509 5115 1562 5169 in
1610 5117 1846 5185 populis,
1895 5116 2140 5185 Domine,

573 5201 834 5261 psalmum
863 5202 1038 5260 dicam
1075 5206 1170 5263 tibi
1203 5206 1259 5261 in
1285 5207 1544 5278 gentibus.
1579 5207 1705 5265 Hac
1731 5209 1876 5265 enim
1910 5211 2139 5268 multum

574 5293 768 5357 otium,
818 5294 928 5350 imo
974 5297 1140 5354 etiam
1189 5300 1357 5357 animi
1408 5301 1762 5371 voluptatem,
1811 5302 2140 5374 significant.

575 5384 663 5441 Ait
689 5385 855 5457 igitur
889 5403 1044 5445 sacer
1073 5392 1353 5461 apostolus
1379 5409 1392 5445 :
1425 5390 1790 5448 Contristatur
1815 5395 1934 5465 quis
1967 5396 2020 5449 in
2050 5411 2142 5450 vo-

574 5476 703 5536 bis?
747 5489 878 5536 oret.
910 5480 1089 5552 JEquo
1132 5483 1308 5537 animo
1350 5485 1474 5542 est?
1502 5484 1769 5542 psallat“
1827 5483 1933 5540 Sed
1969 5502 2146 5556 neque

575 5580 786 5641 poterat
818 5573 935 5644 haec
961 5575 1161 5643 dicere,
1191 5591 1315 5630 cum
1343 5576 1397 5630 in
1433 5577 1690 5647 spelunca
1721 5577 1966 5650 Engaddi
2004 5577 2145 5634 deti-

577 5674 797 5721 neretur
831 5681 862 5721 a
915 5665 1078 5724 Saule
1126 5675 1250 5724 ante
1298 5669 1498 5724 ostium
1547 5667 1787 5726 sedente.
1821 5669 1950 5737 Qua
2000 5668 2142 5732 enim

648 5847 692 5886 "
733 5847 875 5906 Psal.
914 5867 1069 5916 cm,
1102 5851 1215 5908 2-4.
1332 5853 1374 5889 ιθ
1414 5851 1527 5911 lac.
1567 5869 1616 5920 v,
1655 5854 1739 5910 15.

2251 3377 2619 3448 άποκλεισμδν
2645 3375 2933 3447 σημαίνει;
2985 3373 3223 3436 Εἰκότως
3245 3367 3338 3426 οὖν
3370 3370 3463 3424 καὶ
3526 3369 3836 3441 προσευχὴν

2250 3470 2544 3540 ἐπιγράφει
2591 3468 2719 3532 τοὺς
2760 3467 2973 3535 λόγους,
3000 3465 3175 3536 δηλῶν
3225 3463 3316 3518 διὰ
3373 3462 3472 3533 τῆς
3507 3461 3836 3534 προγραφῆς

2250 3561 2342 3616 τὸν
2383 3559 2592 3631 καιρόν.
2654 3558 2816 3627 Λέγει
2848 3557 2999 3626 γοῦν·
3036 3553 3346 3620 Συνέσεως
3401 3548 3478 3620 τῷ
3517 3551 3718 3613 Δαυῒδ.
3762 3552 3838 3605 ὲν

2251 3648 2329 3720 τῷ
2354 3647 2505 3705 εἷναι
2533 3649 2720 3704 αὐτὸν
2753 3648 2822 3702 ἐν
2850 3639 2931 3714 τῷ
2959 3645 3240 3716 σπηλαίῳ
3257 3685 3272 3708 ,
3302 3643 3632 3713 προσευχὴ.
3670 3641 3836 3695 Ἀλλὰ

2250 3743 2420 3798 ταῦτα
2449 3743 2545 3812 μέν
2604 3739 2947 3822 προσηύξατο
3007 3741 3066 3794 ἐν
3123 3737 3343 3810 μεγάλῳ
3364 3735 3624 3810 περιστὰς
3656 3733 3834 3803 ἀγῶνι

2252 3836 2394 3891 κατὰ
2423 3835 2514 3889 τὸν
2537 3816 2844 3906 δηλωθέντα
2891 3832 3100 3905 χρόνονσ
3145 3833 3178 3900 ή
3235 3829 3292 3884 δὲ
3325 3829 3460 3901 μετὰ
3487 3831 3675 3900 χεῖρας
3705 3845 3835 3899 στη-

2251 3926 2521 3999 λογραφία
2547 3925 2766 3978 λέλεκτο
2813 3921 2981 3992 αὐτῷ,
3026 3921 3102 3984 ὡς
3143 3916 3318 3991 οἶμαι,
3347 3919 3460 3972 δντι
3486 3921 3544 3971 ἐν
3576 3917 3652 3988 τῷ
3688 3934 3835 3986 σπη-

2252 4021 2388 4090 λαίῳ
2432 4018 2511 4090 τῷ
2553 4017 2834 4088 Ὀδολλὰμ,
2864 4015 3071 4078 πάντας
3112 4031 3168 4068 τε
3196 4010 3573 4082 ύποδεχομένῳ
3610 4010 3736 4073 τούς
3769 4025 3832 4061 τε

2251 4109 2514 4180 ἀδελφοὺς
2541 4108 2704 4164 αὑτοῦ
2754 4110 2848 4163 καὶ
2890 4109 3016 4172 τοὺς
3045 4107 3322 4174 συγγενεῖς
3347 4104 3440 4156 καὶ
3464 4103 3588 4165 τοὺς
3609 4101 3833 4164 λοιποὺς

2254 4201 2516 4270 φυγάδας,
2548 4201 2688 4272 τάχα
2717 4217 2818 4254 που
2869 4199 2936 4252 δι’
2966 4197 3127 4251 αὑτὸν
3172 4192 3687 4263 ἐπιϐουλευομένους
3723 4190 3832 4244 ὑπὸ

2252 4293 2346 4347 τοῦ
2373 4293 2564 4348 Σαούλ*
2611 4291 2747 4346 ἀλλὰ
2781 4291 2874 4345 καὶ
2921 4290 3028 4354 πᾶς
3069 4285 3372 4349 κατὼδυνος
3403 4283 3548 4355 ψυχὴ
3577 4283 3672 4337 καὶ
3722 4283 3832 4344 πᾶς

2253 4384 2601 4456 ἀδικούμενος
2625 4382 2876 4446 κοινωνὸς
2898 4380 3142 4450 ἐγίγνετο
3180 4379 3276 4448 τῆς
3306 4377 3401 4430 τοῦ
3438 4375 3598 4429 Δαυῒδ
3627 4374 3828 4445 φυγῆς.

2254 4474 2470 4530 Δίκαιον
2497 4473 2605 4546 γὰρ
2627 4473 2795 4545 ἄνδρα
2847 4473 2940 4529 καὶ
2993 4471 3144 4544 παρὰ
3167 4469 3245 4540 τῷ
3277 4469 3397 4540 Θεῷ
3443 4468 3826 4540 τετιμημένον,

2255 4566 2606 4638 ἐλαυνόμενον
2639 4566 2742 4621 ὑπὸ
2770 4567 2863 4620 τοῦ
2895 4563 3067 4619 Σαοὺλ
3097 4563 3294 4626 ἀδίκως
3331 4561 3584 4633 ὁρῶντες,
3614 4559 3680 4612 τὰ
3701 4561 3828 4613 ἐαυ-

2254 4659 2362 4713 τῶν
2395 4659 2808 4732 παρεμυθοῦντο
2849 4655 3013 4712 κακά.
3059 4651 3190 4710 Εἶτα
3218 4656 3314 4708 καὶ
3366 4653 3519 4707 αὐτοὶ
3556 4654 3679 4716 τοὺς
3708 4652 3826 4705 ἀδι-

2251 4751 2479 4816 κοῦντας
2543 4752 2737 4815 αὐτοὺς
2788 4747 3078 4818 φεύγοντές
3113 4763 3193 4810 τε,
3249 4747 3342 4800 τὸν
3387 4743 3548 4797 Δαυῖδ
3581 4743 3824 4813 ἐζήλουν,

2247 4843 2550 4915 ἠσπάζοντό
2575 4860 2636 4896 τε
2661 4842 2758 4913 τὴν
2784 4841 2878 4894 σὺν
2912 4838 3060 4909 αὐτῷ
3095 4856 3161 4909 με
3172 4837 3308 4909 ρίδα,
3353 4836 3551 4908 μᾶλλον
3571 4834 3823 4902 ἀγαπῶν-

2247 4951 2338 4996 τες
2367 4932 2683 4987 ἐλαύνεσθαι
2714 4932 2808 4985 σὺν
2831 4928 3000 4999 αὐτῷ,
3045 4928 3080 4999 ἢ
3124 4927 3202 4997 τῷ
3254 4926 3530 4980 ἐλαύνοντι
3561 4926 3821 4978 συνεῖναι.

2261 5023 2384 5076 Ἐπὶ
2423 5021 2614 5093 σχολῆς
2640 5021 2816 5076 τοίνυν
2845 5019 3046 5087 διάγων
3080 5019 3137 5070 ἐν
3158 5016 3234 5088 τῷ
3256 5016 3502 5088 σπηλαίῳ
3524 5015 3603 5086 τῷ
3648 5013 3824 5069 Ὀδολ-

2246 5117 2360 5188 λὰμ
2381 5117 2478 5189 τὴν
2502 5113 2781 5186 παροῦσαν
2815 5112 3022 5185 ἔγραφε
3058 5110 3481 5183 στηλογραφίαν.
3523 5107 3828 5178 Παρίστησι

2247 5210 2304 5264 δὲ
2329 5207 2488 5262 τοῦτο
2519 5208 2588 5262 τὰ
2618 5204 3001 5276 ἐπιλεγόμενα,
3038 5205 3108 5259 τά
3133 5221 3192 5257 τε
3235 5203 3369 5257 άλλα
3404 5202 3499 5256 καὶ
3524 5201 3589 5255 δι’
3615 5195 3689 5255 ὧν
3718 5217 3824 5271 φη-

2250 5319 2352 5356 σιν·
2393 5298 2848 5366 Ἐξιιπέστειλεν
2891 5297 2959 5362 ἐξ
3003 5297 3285 5364 οὐρανοῦ,
3332 5295 3429 5349 καὶ
3481 5293 3678 5366 ἔσωσέ
3724 5305 3825 5362 με’

2249 5394 2343 5448 καὶ
2372 5392 2552 5446 πάλιν·
2601 5389 3062 5456 Ἐξαπέστειλεν
3101 5391 3134 5443 ὀ
3175 5387 3318 5454 Θεὸς
3343 5386 3410 5441 τὸ
3434 5385 3606 5451 ἕλεος
3632 5380 3822 5439 αὑτοῦ

2251 5485 2349 5540 καί
2377 5483 2491 5552 τὴν
2531 5482 2819 5550 ἀλήθειαν
2851 5480 3057 5546 αὐτοῦ,
3086 5479 3187 5534 καὶ
3221 5479 3513 5547 ἐρρύσατο
3549 5475 3665 5543 τὴν
3707 5477 3823 5544 ψυ-

2251 5576 2371 5649 χήν
2420 5594 2538 5647 μου
2563 5576 2631 5630 ἐκ
2663 5575 2852 5642 μέσου
2898 5575 3202 5644 σκύμνων.
3239 5573 3420 5644 Ὀρᾷς,
3471 5571 3541 5634 ὡς
3590 5569 3717 5632 τοὺς
3762 5567 3822 5621 ἐν

2251 5668 2356 5724 Γέθ
2405 5667 2734 5740 άλλοιξύλους
2789 5666 3092 5739 διαφυγὼν,
3164 5665 3258 5721 ἆτε
3318 5663 3382 5735 δὴ
3443 5666 3500 5719 ἐν
3553 5657 3824 5732 ἀσφαλείᾳ
