4100 6442
313 291 444 348 505

1462 285 1963 342 COMMENTABIA
2002 287 2069 343 IN
2109 287 2476 372 PSALMOS.

3483 302 3590 358 506

303 398 637 471 τυγχάνων,
685 399 778 453 καὶ
802 401 859 453 ἐν
903 400 1083 453 ἀνέσει
1116 399 1212 464 ὣν,
1241 400 1493 464 τοιαύτας
1524 401 1671 470 ὴφίει
1703 401 1895 471 φωνὰς.

2009 411 2143 460 tunc
2193 405 2579 476 opportunitas
2623 407 2693 463 ad
2741 407 3062 480 psalterium
3121 411 3496 484 accipiendum
3538 431 3594 474 et

305 496 425 548 καὶ
452 493 531 547 ἔτι
564 493 763 565 μᾶλλον
786 493 883 557 τάς
911 493 1037 566 ἐξῆς
1066 494 1466 566 ἐπιφερομένας
1493 494 1560 547 δι’
1579 489 1653 548 ὧν
1672 496 1904 566 είρηταιο

323 583 576 653 Ἐτοίμη
597 584 636 652 ἠ
660 582 871 651 καρδία
889 600 1030 652 μου,
1054 585 1086 637 ὀ
1109 583 1275 649 Θεὸς,
1319 582 1540 652 ᾄσομαι
1576 585 1673 638 καὶ
1709 583 1906 653 ψαλῶ.

2009 495 2276 549 citharam
2303 497 2374 556 ei,
2411 497 2504 566 qui
2558 497 2612 552 in
2661 499 2939 568 speluncae
2972 503 3166 558 intimo
3203 504 3448 561 latebat?
3473 517 3531 562 ut
3559 523 3592 565 ο

2010 588 2292 642 contrario
2321 589 2470 642 nulla
2503 589 2646 643 ratio
2697 590 2908 654 fuisset,
2957 595 3011 648 in
3052 595 3164 650 OliO
3193 603 3246 650 et
3275 599 3591 669 tranquilli-

325 673 713 744 Ἕξεγφρθητι
750 674 788 742 -ἠ
827 673 975 738 δόξα
1012 692 1152 745 μου,
1191 673 1534 745 ἐξεγέρθητι
1575 673 1895 744 ψαλτήριον

2010 685 2121 732 tate
2151 677 2433 748 degentem
2468 681 2522 734 in
2565 682 2824 752 spelunca
2859 681 3130 753 Odollam,
3159 703 3282 742 cum
3329 691 3593 759 quadrin-

307 767 424 819 καὶ
457 770 689 834 κιθάρα,
733 766 1194 838 ἐξεγερθήσομιιι
1237 768 1472 836 ὄρθρου.
1515 769 1908 838 Ἐξομολογή-

306 875 510 928 σομαι
550 860 620 913 ἐν
671 859 861 925 λαοῖς,
921 861 1118 928 Κύριε,
1167 859 1342 929 ψαλῶ
1399 875 1497 914 σοι
1553 860 1623 913 ἐν
1683 862 1906 916 ἔθνεσι.

2011 770 2190 837 gentis
2219 771 2375 833 viris,
2407 772 2591 827 dicere
2626 793 2638 828 :
2672 773 2838 828 Periit
2862 780 2989 848 luga
3029 795 3061 832 a
3090 796 3169 834 me
3197 781 3281 848 ²⁷;
3314 791 3407 838 et:
3440 783 3591 840 Educ

2009 859 2073 914 de
2101 861 2348 915 custodia
2380 865 2611 916 animam
2639 880 2805 918 meam
2831 868 2894 920 “.

306 950 514 1006 Ταῦ’.α
550 951 658 1024 γάρ
716 950 914 1022 πολλῆς
965 951 1160 1022 σχολῆς
1212 951 1492 1023 ἐμφατικά
1522 951 1798 1022 τυγχάνει,
1831 951 1966 1005 ἀλλὰ
2005 952 2098 1004 καὶ
2121 951 2405 1023 Θυμηδίας.
2436 954 2599 1022 Λέγει
2628 956 2756 1023 γοῦν
2789 959 2817 1010 6
2849 958 2991 1030 ἱερὸς
3053 961 3370 1028 ἀπόστολος·
3402 968 3590 1019 Κακο-

306 1046 508 1100 παθεῖ
532 1064 619 1112 τις
662 1047 732 1099 ἐν
781 1046 960 1115 (mir;
1013 1046 1458 1116 προσευχέσθω
1513 1046 1759 1115 εὐθυμεῖ
1781 1063 1906 1112 τις;
1943 1045 2213 1114 ψαλάτω.
2261 1045 2400 1098 Ἀλλ’
2431 1046 2551 1099 οὐδὲ
2579 1042 2690 1110 οἷός
2728 1065 2787 1100 τε
2829 1045 2896 1120 ἦν
2919 1050 3089 1103 ταῦτα
3121 1051 3296 1120 λέγειν
3385 1056 3442 1107 ἐν
3513 1055 3588 1127 τῷ

307 1136 576 1209 σπηλαίῳ
629 1137 706 1208 τῷ
753 1137 989 1206 Ἐνγαδδί
1050 1138 1401 1209 συνεχόμενος
1436 1139 1542 1191 ὑπὸ
1599 1137 1694 1190 τοῦ
1724 1137 1895 1191 Σαοὺλ
1933 1137 2040 1208 πρὸ
2069 1136 2171 1206 τῆς
2203 1136 2409 1190 εἰσόδου
2468 1138 2854 1209 καθεζομένου.
2898 1142 3032 1194 Ποία
3062 1143 3170 1216 γὰρ
3202 1141 3270 1216 ἦν
3332 1146 3587 1219 εὐκαιρία

303 1233 465 1298 τότε,
501 1233 575 1297 ὡς
600 1233 891 1306 ψαλτήριον
915 1233 1316 1304 ἀναλαμϐάνειν
1373 1235 1467 1287 καὶ
1523 1232 1774 1304 κιθάραν,
1844 1231 2290 1305 κρυπταζόμενον
2337 1232 2603 1286 ἐνδοτάτω
2647 1234 2742 1287 τοῦ
2799 1235 3102 1307 σπηλαίου;
3157 1239 3233 1302 ώς
3272 1237 3352 1311 αὖ
3423 1241 3586 1297 πάλιν

303 1327 421 1382 οὐκ
449 1323 560 1398 εἶχε
587 1327 760 1396 λόγον,
797 1328 854 1379 ἐν
905 1326 1064 1397 σχολῇ
1115 1326 1208 1380 καὶ
1241 1326 1422 1380 ἀνέσει
1455 1325 1705 1394 διάγοντα
1774 1325 1930 1379 αὐτὸν
1968 1326 2026 1378 ἐν
2057 1323 2136 1396 τῷ
2168 1323 2415 1395 σπηλαίῳ
2444 1323 2521 1395 τῷ
2571 1325 2829 1397 Ὀδολλὰμ
2878 1329 3017 1398 μετά
3072 1332 3433 1401 τετρακοσίων
3493 1335 3586 1387 ἀν’

301 1421 455 1494 δρῶν
524 1422 632 1476 τῶν
697 1421 963 1475 συνόντων
1017 1421 1187 1494 αύτῷ,
1232 1422 1430 1491 λέγειν·
1477 1421 1762 1476 Ἀπώλετο
1798 1420 1961 1492 φυγὴ
1999 1421 2100 1476 ἀπ’
2145 1421 2314 1490 ἐμοῦ,
2365 1421 2479 1487 καὶ,
2527 1422 2812 1494 Ἐξάγαγε
2857 1425 2926 1479 ἐκ
2968 1427 3247 1496 φυλακῆς
3303 1429 3418 1499 τὴν
3465 1433 3586 1501 ψυ-

299 1513 442 1583 χήν
466 1531 602 1581 μου.

390 1627 575 1682 Ταῦτα
627 1629 724 1700 μὲν
770 1624 862 1684 οὖν
890 1631 1128 1703 εἰρήσθω
1177 1633 1257 1696 εἰς
1302 1632 1401 1703 τὴν
1460 1631 1723 1706 διαφορὰν
1788 1632 1896 1686 τῶν

2072 1627 2199 1684 Haec
2217 1643 2383 1700 porro
2403 1629 2549 1684 dicta
2573 1629 2684 1686 sint
2711 1629 2778 1686 de
2802 1630 3122 1688 discrimine
3145 1644 3578 1706 pr0posuorum.

299 1722 708 1793 προκειμένων.
759 1724 956 1794 Ἴωμεν
1006 1723 1063 1777 δὲ
1126 1724 1218 1778 ἐπὶ
1269 1724 1364 1796 τὴν
1397 1724 1491 1778 τοῦ
1524 1726 1661 1798 μετά
1710 1729 1895 1800 χεῖρας

2000 1719 2118 1776 Jam
2143 1721 2491 1791 prtesentinm
2516 1737 2711 1776 vocum
2734 1723 3150 1792 explicationem
3175 1730 3578 1799 aggrediamur.

299 1812 591 1885 ἐξήγησιν.
627 1815 732 1880 Είς
763 1812 830 1868 τὸ
867 1813 1060 1880 τέλος,
1081 1814 1168 1884 μὴ
1201 1814 1568 1885 διαφθείρῃς,
1599 1811 1679 1885 τῷ
1709 1816 1888 1871 Δαυῒδ

2000 1813 2069 1868 In
2097 1815 2277 1883 finem,
2329 1830 2392 1868 ne
2423 1813 2719 1882 disperdas,
2750 1813 2944 1869 Davidi
2990 1818 3046 1871 in
3085 1819 3228 1872 tituli
3277 1822 3580 1892 inscriptio-

297 1908 400 1972 εἰς
455 1908 924 1977 στηλογραςρίαν,
977 1908 1072 1962 καὶ
1123 1909 1190 1964 τὰ
1256 1908 1400 1980 ἑξῆς.
1459 1910 1695 1964 Ἦλαυνε
1742 1911 1840 1982 μὲν
1864 1911 1893 1962 6

296 1997 488 2051 Σαοὺλ
519 1999 608 2052 τὸν
642 1999 821 2053 Δαυῖδ·
845 2001 872 2052 6
894 1999 939 2052 δ’
973 2000 1155 2072 ἔργοις
1180 2000 1444 2054 ἐπιτελῶν
1476 2001 1558 2066 τὸ,
1593 2003 1734 2057 Ἐὰν
1760 2002 1893 2056 διώ-

294 2103 501 2143 κωσιν
525 2088 680 2159 ὑμᾶς
706 2091 776 2144 ἐκ
828 2090 940 2160 τῆς
970 2094 1202 2158 πόλεως
1248 2093 1488 2160 ταύτης,
1516 2095 1765 2164 φεύγετε
1806 2098 1894 2162 είς

295 2179 426 2249 τὴν
450 2181 676 2250 ἑτέραν,
703 2182 1117 2254 ἀπεδίδρασκεν,
1153 2183 1228 2248 ὡς
1269 2183 1335 2238 ἂν
1377 2185 1452 2256 μὴ
1495 2185 1684 2259 παρὼν
1712 2185 1892 2256 ἐρεθί-

297 2271 390 2338 ζοι
415 2274 507 2327 τὸν
539 2273 750 2346 ἐχθρὸν,
785 2275 956 2339 αίτιός
986 2291 1045 2328 τε
1092 2274 1240 2346 αὑτῷ
1270 2276 1512 2346 γίγνοιτο
1560 2277 1889 2348 μιαιφονίας.

297 2366 382 2419 Τὸ
412 2365 542 2438 γὰρ,
570 2370 628 2420 Μ
635 2367 667 2434 ὴ
693 2367 896 2421 ἕκκαιε
925 2367 1227 2435 ἄνθρακας
1277 2368 1651 2438 ἁμαρτωλοῦ,
1676 2370 1892 2424 πάντων

302 2457 510 2530 μᾶλλον
539 2457 700 2512 Δαυῒδ
723 2458 1009 2528 ἠπίστατο·
1035 2459 1126 2514 διὸ·
1143 2459 1417 2532 ὑπεχώρει
1441 2462 1536 2515 καὶ
1557 2461 1888 2537 παρεχώρει,

301 2551 514 2622 καίπερ
535 2550 900 2623 ἀγαπώμενος
918 2553 1024 2606 ὑπὸ
1037 2553 1237 2618 παντὸς
1258 2552 1352 2608 τοῦ
1377 2554 1584 2621 ἔθνους,
1605 2556 1890 2622 πλείστους

297 2659 364 2696 τε
398 2643 536 2714 ἔχων
559 2645 684 2708 τοὺς
719 2645 1140 2715 συμπάσχοντας
1166 2647 1258 2699 καὶ
1286 2647 1705 2716 συναλγοῦντας,
1731 2648 1890 2702 δυνα-

306 2737 502 2806 μένους
529 2753 588 2790 τε
620 2736 782 2789 αὐτὸν
808 2737 946 2790 οίκοι
980 2739 1111 2810 παρ’
1145 2739 1356 2802 ἑαυτοῖς
1380 2739 1734 2810 ὑποδέχεσθαι
1794 2743 1887 2796 καὶ

1998 1922 2135 1969 item,
2171 1915 2225 1960 et
2259 1914 2475 1961 caetera.
2530 1904 2772 1961 Pellebat
2803 1907 2932 1962 Saul
2978 1907 3236 1964 Davidem
3289 1914 3382 1982 qui
3441 1915 3576 1973 illttd

1995 2015 2158 2070 opere
2184 1999 2485 2070 complens,
2513 1997 2572 2053 Si
2600 2017 2688 2054 vos
2711 2012 3094 2071 persequantur
3115 2019 3181 2057 ea:
3211 2004 3310 2058 hac
3340 2007 3570 2075 civitate,

1995 2088 2158 2160 fugite
2193 2093 2249 2143 in
2290 2091 2454 2144 aliam
2499 2091 2566 2155 ",
2605 2091 2838 2163 aufugit,
2886 2108 2954 2148 ne
3002 2109 3243 2163 praesens
3287 2096 3573 2154 inimicum

1993 2183 2257 2246 irritaret,
2290 2181 2511 2254 ipsique
2529 2182 2696 2238 caedis
2728 2197 2893 2238 causa
2925 2191 3090 2239 esset.
3121 2183 3259 2240 lilud
3287 2188 3454 2252 enim,
3487 2188 3574 2246 Ne

1993 2269 2252 2324 arcendas
2301 2270 2552 2324 carbones
2600 2274 2893 2340 peccatoris
2940 2274 3006 2338 ⁸ο,
3069 2275 3265 2330 melius
3315 2279 3571 2335 omnibus

1992 2361 2200 2416 sciebat
2225 2360 2396 2416 David
2425 2379 2438 2415 :
2464 2377 2636 2431 quare
2667 2363 2897 2418 cedebat
2925 2372 2978 2418 et
3013 2365 3321 2430 secedebat,
3349 2369 3569 2426 etiamsi

1990 2467 2021 2507 a
2053 2459 2166 2506 tota
2206 2460 2365 2522 gente
2433 2451 2773 2524 diligeretur,
2825 2460 2880 2522 et
2927 2455 3127 2509 multos
3197 2455 3422 2512 haberet
3472 2457 3567 2528 qui

1991 2547 2045 2602 in
2080 2555 2289 2617 partem
2324 2546 2530 2604 doloris
2568 2548 2985 2620 aﬂlictionisque
3033 2552 3154 2620 ejus
3187 2555 3456 2617 venirent,
3507 2563 3567 2610 et

1988 2647 2214 2708 possent
2253 2653 2377 2692 eum
2413 2638 2558 2693 domi
2595 2639 2736 2708 apud
2792 2655 2851 2694 se
2879 2641 3148 2710 excipere,
3182 2651 3236 2696 et
3265 2644 3564 2700 occultare.

1989 2725 2094 2780 Sed
2122 2727 2168 2781 is
2196 2743 2263 2781 ne
2289 2738 2343 2782 et
2374 2729 2497 2782 aliis
2527 2729 2827 2798 periculum
2861 2739 3092 2795 crearet,
3121 2733 3174 2786 in
3206 2733 3422 2787 deserta
3445 2734 3566 2790 loca

301 2831 584 2904 κρύπτειν.
633 2830 791 2886 Ἀλλά
820 2831 906 2885 ἵνα
954 2831 1028 2902 μὴ
1071 2833 1166 2886 καὶ
1195 2832 1402 2905 ἑτέροις
1425 2833 1598 2899 αἴτιος
1648 2835 1887 2904 γίγνοιτο

1996 2815 2252 2888 fugiebat,
2279 2829 2333 2874 et
2361 2819 2418 2874 in
2452 2821 2726 2889 specubus
2773 2821 3022 2876 habitare
3051 2825 3366 2894 cooptabat.
3399 2824 3566 2881 Vide-

301 2925 581 2990 κινδύνων,
617 2923 815 2994 ἔφυγεν
837 2925 930 2978 ἐπὶ
971 2924 1070 2989 τὰς
1113 2925 1354 2996 ἐρήμους
1412 2925 1615 2998 χώρας,
1653 2928 1746 2982 καὶ
1785 2929 1884 2992 τὰς

1996 2919 2187 2980 Lurque
2243 2912 2378 2967 mihi
2437 2913 2754 2967 memoriam
2825 2913 2946 2982 ejus
3007 2914 3268 2970 refricare
3337 2925 3563 2973 sanctus

301 3017 360 3070 ἐν
385 3019 497 3080 τοῖς
523 3015 806 3087 σπηλαίοις
829 3013 1104 3086 ἠσπάζετο
1128 3016 1424 3088 διατριϐάς.
1457 3018 1566 3072 Καί
1601 3035 1692 3090 μοι
1733 3021 1882 3075 δοκεῖ

1996 3001 2286 3072 Apostolus
2330 3002 2420 3058 bis
2448 3003 2666 3057 verbis:
2707 3001 2772 3056 In
2807 3003 3178 3058 solitudinibus
3209 3017 3465 3070 errantes,
3510 3016 3562 3060 et

299 3107 394 3162 καὶ
425 3105 586 3160 αὐτοῦ
637 3105 736 3177 τὴν
789 3108 1008 3178 μνήμην
1063 3107 1393 3161 αἰνίττεσθαι
1447 3108 1624 3177 λέγων
1673 3111 1702 3163 6
1737 3111 1880 3183 ἱερὸς

1996 3091 2286 3155 montibus,
2345 3101 2396 3146 et
2450 3092 2734 3160 speluncis,
2761 3101 2810 3146 et
2875 3093 3228 3162 foraminibus
3299 3106 3453 3152 terra:
3489 3096 3558 3154 ³⁸.

313 3198 654 3270 Ἀπόστηλρς.
696 3200 798 3252 ἐν
840 3198 1108 3268 ἐρημίαις
1139 3197 1519 3268 πλανώμενοι
1569 3201 1666 3254 καὶ
1713 3201 1881 3270 ὄρεσι
1983 3183 2453 3252 Quemadmodum
2484 3198 2613 3238 vero
2639 3184 2732 3254 qui
2761 3183 2906 3238 hunc
2936 3186 3213 3254 praecedit,
3259 3204 3367 3244 non
3413 3194 3561 3261 psal-

300 3292 397 3346 και
421 3265 746 3358 σπηλαίοις
783 3265 882 3344 καί
924 3265 1052 3357 ταῖς
1074 3290 1249 3356 ὀπαῖς
1274 3265 1382 3357 τῆξ
1412 3291 1546 3360 γῆς.
1591 3265 1798 3365 Ὥσπερ
1821 3293 1878 3346 δὲ

1996 3291 2106 3330 mus
2145 3281 2283 3340 erat,
2316 3273 2410 3330 sed
2442 3274 2587 3327 tituli
2631 3275 2927 3344 inscriptio,
2964 3278 3108 3347 quod
3161 3277 3356 3350 Aquila
3388 3284 3560 3340 inter-

297 3385 327 3439 ὁ
350 3382 787 3454 προτεταγμένος
812 3381 907 3435 τοῦ
934 3381 1224 3453 παρόντος,
1247 3381 1460 3453 ψαλμὺς
1475 3383 1576 3436 ούκ
1614 3378 1704 3455 ἦν,
1743 3384 1880 3438 ἀλλά

1996 3375 2244 3437 pretatur,
2275 3365 2490 3419 humilis
2518 3367 2775 3436 perfecti;
2808 3367 3168 3439 Symmachus
3195 3388 3343 3437 vero,
3377 3375 3557 3431 Immi-

297 3476 728 3545 στηλογραςοία,
746 3475 882 3548 ὅπερ
903 3475 1242 3547 ήρμήνευσεν
1261 3476 1290 3527 6
1324 3475 1574 3540 Ἀκύλας,
1595 3477 1877 3531 ταπεινοῦ

1996 3458 2045 3512 is
2075 3467 2124 3511 et
2170 3457 2427 3526 inculpati
2451 3474 2471 3523 ;
2526 3457 2599 3511 ita
2634 3457 2724 3513 hic
2758 3474 2960 3523 sermo,
3009 3476 3277 3516 summam
3332 3463 3555 3524 Davidis

298 3568 552 3622 τελείου·
593 3569 622 3620 6
646 3567 705 3621 δέ
741 3566 1056 3638 Σύμμαχος,
1103 3564 1208 3620 τοῦ
1266 3567 1736 3636 ταπεινόφρονος
1777 3568 1874 3622 καὶ

1996 3549 2418 3604 nansuetudinis
2439 3556 2493 3603 et
2518 3550 2822 3605 tolerantia:
2857 3551 3112 3608 virtutem
3147 3554 3418 3621 indicans,
3451 3557 3555 3612 htt-

297 3656 556 3727 ἀμώμου·
611 3656 788 3720 οὕτως
819 3659 915 3711 καὶ
945 3659 973 3710 6
1007 3657 1196 3731 παρὼν
1259 3657 1437 3727 λόγος,
1467 3659 1567 3731 τὴν
1601 3661 1680 3724 είς
1708 3661 1876 3732 ἀκρον

1996 3642 2121 3698 nilis
2160 3641 2388 3712 perfecti
2440 3648 2545 3706 est,
2600 3652 2654 3696 et
2688 3643 2910 3700 humilis
2941 3650 2996 3698 et
3044 3645 3381 3700 immaculati
3416 3664 3430 3713 ;
3486 3664 3553 3704 ac

297 3750 600 3823 πραότητος
634 3751 728 3803 καὶ
756 3749 1102 3816 ἀνεξικακίας
1130 3748 1224 3804 τοῦ
1245 3750 1406 3804 Δαυῒδ
1437 3750 1656 3822 ἀρετὴν,
1683 3731 1874 3806 ταπει-

1998 3748 2220 3803 nsuper,
2249 3731 2407 3803 quasi
2430 3743 2633 3787 aeterna
2662 3735 2918 3792 memoria
2947 3734 3164 3805 dignam
3191 3736 3550 3794 humilitatem

297 3841 388 3900 toﬁ
423 3842 648 3907 τελείου,
684 3841 1100 3913 ταπεινόφρονος
1137 3843 1233 3895 καὶ
1263 3841 1517 3913 ἀμώμουο
1540 3837 1638 3895 εἷθ’
1685 3842 1872 3914 ὥσπερ

1996 3825 2194 3880 :xhibet
2224 3825 2368 3879 tituli
2399 3825 2708 3895 inscriptio.
2737 3823 2849 3880 Hac
2875 3825 3000 3881 item
3029 3832 3227 3880 virtute
3259 3829 3548 3897 praeditum

298 3935 512 3991 αἰωνίου
554 3938 774 4007 μνήμης
824 3936 925 4006 τὴν
954 3935 1454 4007 ταπεινοφροσύνην
1496 3935 1652 4002 ἀξίαν
1689 3934 1874 3988 ἀνατί-

1996 3917 2199 3989 iloysen
2236 3916 2409 3972 fuisse
2451 3917 2769 3972 testimonio
2809 3917 3006 3983 fertur,
3041 3918 3108 3972 ad
3141 3933 3368 3988 eamque
3417 3921 3547 3975 hor-

299 4028 419 4100 θησι
453 4025 842 4098 στηλογραφία.
877 4025 999 4079 Ἐπὶ
1019 4026 1190 4097 ταύτῃ
1222 4026 1280 4079 δέ
1308 4030 1374 4098 τῇ
1408 4027 1576 4098 ἀρετῇ
1601 4025 1696 4080 καὶ
1710 4028 1872 4080 Μωῦ-

1997 4010 2190 4064 abatur
2241 4008 2492 4064 Salvator
2538 4019 2592 4065 et
2644 4008 2906 4064 Dominus
2952 4017 3139 4064 noster
3181 4009 3265 4064 bis
3317 4012 3537 4068 verbis:

301 4120 394 4191 σῆς
417 4121 796 4191 ἐμαρτυρεῖτο,
834 4117 928 4171 καὶ
957 4119 986 4171 6
1011 4117 1202 4189 Σωτὴρ
1230 4117 1288 4170 δὲ
1323 4117 1418 4171 καὶ
1452 4116 1652 4190 Κύριος
1713 4118 1870 4189 ἡμῶν

1996 4101 2174 4156 Discite
2221 4119 2254 4155 a
2304 4119 2386 4156 me
2433 4102 2561 4172 quia
2599 4102 2741 4155 mitis
2797 4117 2911 4154 sum
2959 4109 3008 4156 et
3043 4100 3258 4155 humilis
3293 4103 3450 4157 corde
3473 4103 3539 4158 ".

299 4212 386 4267 ἐπὶ
411 4211 612 4283 ταύτην
637 4208 936 4281 παρεκάλει
974 4207 1166 4276 λέγων·
1201 4207 1430 4264 Μάθετε
1455 4208 1558 4262 ἀπ’
1579 4208 1757 4283 ἶέμοῦ,
1781 4209 1871 4262 ὅτι

1996 4193 2108 4262 ξιιία
2137 4208 2271 4249 vero
2320 4194 2723 4264 perseverantia
2754 4202 2808 4248 et
2852 4191 3107 4246 diuturna
3140 4195 3389 4247 custodia
3425 4195 3542 4251 haec

299 4302 479 4372 πρᾶός
541 4282 655 4372 εἶμι
711 4301 810 4356 καὶ
875 4298 1157 4366 ταπεινὸς
1206 4299 1284 4368 τῇ
1325 4282 1761 4366 καρδία-Ἐπεὶ
1811 4299 1869 4352 δέ

1996 4288 2147 4342 νίνῑιιε
2163 4301 2301 4357 opus
2333 4285 2566 4340 habebat
2588 4285 2734 4354 (nam
2759 4283 2848 4354 qui
2873 4284 3274 4353 perseveraverit
3303 4300 3464 4355 usque
3484 4286 3541 4340 in

300 4397 459 4450 ἐδεῖτο
479 4394 803 4467 παραμονῆς
826 4393 920 4448 καὶ⁵
973 4393 1071 4464 τῆς
1096 4391 1188 4445 ἐπὶ
1239 4392 1500 4464 μήκιστον
1530 4392 1774 4462 φυλακῆς
1833 4393 1868 4462 ή

1996 4379 2148 4441 iuem,
2183 4379 2266 4432 hic
2294 4378 2472 4432 salvus
2519 4377 2618 4430 erit
2637 4375 2736 4446 ³³),
2773 4375 2894 4430 ideo
2938 4374 3258 4444 inscriptum
3289 4385 3416 4431 est:
3471 4375 3539 4432 In

299 4487 511 4559 τοιαύτη
535 4465 702 4559 ἀρετὴ
735 4488 791 4554 (ό
834 4484 943 4557 γὰρ
964 4483 1294 4552 ὑπομείνας
1323 4485 1411 4548 εὶς
1437 4481 1644 4548 τέλος,
1690 4478 1865 4549 οὗτος

1996 4471 2150 4535 inem,
2178 4486 2241 4523 ne
2280 4467 2578 4538 disperdas.
2614 4465 2764 4520 Multi
2816 4480 3052 4536 namque
3079 4482 3138 4522 re
3171 4467 3310 4522 bene
3357 4479 3538 4536 empta

300 4555 624 4646 σωθήσεται
643 4555 803 4650 ·)-διά
825 4555 982 4630 τούτο
1003 4575 1428 4645 ἐπιγέγραπται,
1457 4576 1562 4638 Εἰς
1581 4573 1644 4626 τὸ
1667 4571 1860 4641 τέλος,

1996 4579 2076 4618 ton
2123 4568 2546 4634 perseverantur
2599 4574 2773 4628 usque
2825 4557 2879 4611 in
2917 4559 3120 4622 tinem;
3170 4556 3264 4613 sed
3301 4555 3538 4627 Spiritus

297 4669 372 4740 μὴ
414 4648 775 4739 διαφθείρῃς.
825 4668 1015 4722 Πολλοὶ
1070 4667 1200 4739 γὰρ,
1247 4665 1426 4729 καλῶς
1453 4665 1768 4736 ἀρξάμενοι,
1799 4665 1860 4719 ού

1999 4667 2190 4710 anetus
2216 4653 2437 4708 Davidis
2464 4651 2668 4721 fugam,
2692 4663 2872 4703 tnoras
2901 4649 2955 4702 in
2985 4648 3236 4712 desertis,
3269 4649 3535 4704 diutinam

299 4739 575 4829 διήρκεσαν
600 4759 680 4823 είς
708 4757 880 4822 τέλος.
922 4756 1080 4810 Ἀλλά
1107 4756 1168 4811 τὸ
1220 4754 1444 4826 Πνεῦμα
1468 4753 1528 4809 τὸ
1565 4756 1739 4824 ἅγιον,
1765 4755 1859 4809 τοῦ

1996 4746 2111 4799 llam
2144 4753 2199 4799 et
2232 4752 2575 4800 constantem
2608 4743 2993 4798 habitationem
3031 4740 3084 4793 in
3119 4739 3400 4810 speluncis
3437 4755 3537 4810 ap-

299 4848 443 4903 Aau‘l6
474 4850 570 4919 τὴν
605 4850 782 4921 φυγὴν
815 4850 906 4904 καὶ
931 4848 1030 4920 τὴν
1055 4850 1112 4902 ἐν
1136 4847 1393 4920 ἐρημίαις
1423 4845 1724 4917 διατριόήν,
1757 4848 1858 4917 τήν

1996 4835 2224 4899 ιῐοῢιιηε,
2279 4835 2354 4889 ait
2399 4833 2506 4888 illi:
2543 4831 2610 4887 In
2655 4834 2833 4903 ﬁnem,
2882 4848 2944 4886 ne
2986 4829 3282 4893 disperdas,
3320 4845 3534 4900 semper

299 4951 350 4994 τε
372 4940 426 4992 ἐν
455 4939 743 5010 σπηλαίοις
794 4938 1271 5012 καρτερικωτάτην
1295 4937 1508 5006 οίκησιν
1530 4935 1864 5014 ἀποδεχόμε-

1996 4929 2090 4984 alis
2120 4943 2364 4994 maneas,
2398 4935 2456 4982 ut
2498 4928 2639 4982 tituli
2682 4926 3092 4994 inscriptionem
3125 4931 3178 4977 et
3212 4923 3532 4977 memoriam

301 5047 397 5102 νον,
425 5030 589 5101 φησὶν
631 5029 798 5102 αὐτῷ,
857 5032 962 5096 Είς
993 5028 1061 5083 τὸ
1126 5028 1321 5094 τέλος,
1364 5025 1450 5097 μὴ
1490 5025 1856 5095 διαφθείρῃς,

1996 5027 2216 5074 :ternam
2244 5019 2512 5074 obtineas.
2546 5017 2649 5084 Qui
2681 5025 2859 5072 autem
2909 5015 2962 5070 in
2996 5017 3081 5069 his
3119 5020 3368 5068 versatur
3421 5029 3531 5069 non

303 5097 414 5192 μένε
529 5120 594 5174 δι’
611 5120 734 5175 ὅλου
750 5097 1022 5181 τοιοῦτος,
1051 5117 1127 5181 ὡς
1149 5116 1214 5171 ἂν
1246 5115 1432 5188 τύχοις
1455 5115 1859 5188 στηλογραφίας

1996 5111 2290 5183 lynicorum
2325 5124 2496 5173 more,
2529 5111 2621 5181 qui
2651 5108 2973 5180 sapientiam
3000 5105 3166 5174 hujus
3197 5104 3378 5160 saeculi
3412 5120 3533 5173 pro-

299 5213 381 5267 καὶ
406 5214 625 5284 μνήμης
650 5211 889 5266 αἰωνίου.
927 5210 986 5264 ’0
1015 5209 1072 5263 δὲ
1102 5210 1196 5262 ἐπὶ
1235 5207 1466 5271 τούτοις,
1490 5209 1551 5260 οὐ
1578 5207 1720 5261 κατὰ
1741 5209 1857 5261 Κυ-

1996 5208 2208 5264 tentur,
2271 5207 2484 5256 tumore
2537 5200 2756 5267 elatus;
2809 5214 2990 5268 neque
3039 5198 3206 5250 altum
3265 5195 3526 5266 sapiens,

299 5308 465 5371 υικοὺς
495 5305 602 5358 τῶν
630 5305 729 5376 τὴν
763 5303 957 5373 σοφίαν
992 5301 1087 5356 τοῦ
1143 5301 1338 5365 αἰῶνος
1365 5299 1557 5353 τούτου
1596 5316 1856 5370 μετερχο-

1996 5292 2394 5363 itperbiensque
2417 5292 2484 5347 de
2502 5291 2788 5347 tolerantia
2820 5291 2977 5358 vitae;
3003 5303 3180 5358 neque
3205 5287 3276 5342 ob
3334 5295 3526 5341 astan-

302 5397 463 5468 μένων
492 5396 827 5466 τυφούμενος
853 5391 994 5464 (sic),
1019 5391 1141 5445 οὐδὲ
1174 5391 1317 5462 μέγα
1343 5388 1554 5462 φρονῶν
1583 5389 1676 5442 καὶ
1699 5389 1856 5460 βρεν-

1996 5401 2064 5440 3m
2095 5393 2425 5440 sectatorum
2457 5393 2509 5440 et
2538 5385 2930 5454 discipulorum
2959 5379 3193 5436 instituti
3229 5377 3316 5432 sui
3344 5377 3528 5432 multi-

301 5489 540 5560 θυόμενος
563 5489 657 5542 ἐπὶ
679 5491 747 5560 τῇ
777 5486 872 5541 τοῦ
903 5485 1018 5558 βίου
1048 5482 1334 5556 καρτερίᾳ,
1360 5483 1469 5536 οὐδ’
1500 5483 1581 5535 ὅτι
1635 5481 1854 5546 πλείους

1996 5479 2203 5535 udinem
2236 5476 2475 5548 inflatus,
2510 5493 2684 5549 neque
2716 5477 2784 5532 iis
2808 5490 2906 5531 ceu
2938 5471 3264 5530 satellitibus
3291 5475 3346 5526 et
3369 5483 3523 5524 com-

363 5647 403 5680 "
440 5643 588 5700 Psal.
619 5641 840 5702 cxu,5.
916 5640 960 5674 "
999 5637 1133 5696 ibid.
1170 5638 1224 5696 8.
1300 5637 1345 5671 "
1390 5634 1578 5694 Matth.
1614 5635 1775 5693 χ.εᾶ
1856 5636 1895 5669 ⁸⁸

1996 5635 2110 5693 ccli.
2145 5650 2274 5700 vui,
2313 5635 2397 5690 15.
2477 5633 2515 5666 ³⁸
2561 5631 2724 5689 llcbr.
2767 5631 2950 5703 x5138.
3027 5629 3073 5662 ³¹
3109 5625 3398 5691 "attinuit,
3426 5622 3522 5682 29.

305 5717 342 5750 ³³
371 5715 552 5772 Matth.
588 5731 622 5770 ι
643 5753 658 5779 ,
691 5713 782 5768 ‘2‘2.

2313 5708 2378 5762 ,Τ

2313 5803 2378 5855 /(J

2348 5808 2384 5854 0
