4100 6442
602 331 705 387 5θ7

1270 331 1537 388 EUSEBII
1562 329 2039 389 CESAMENSIS
2074 330 2228 386 OPP.
2268 329 2447 388 PARS
2478 329 2569 387 III.
2606 362 2678 375 -
2708 330 3119 393 EXEGETICA.
3822 329 3903 385 508

600 450 945 509 militonibus
974 450 1258 507 conlidens
1291 469 1306 518 ;
1358 453 1454 509 sed
1484 460 1829 519 mansuetum
1874 468 1956 519 se,
2000 452 2174 509 humi-

2280 452 2406 515 τοὺς
2434 452 2562 524 παρ’
2594 449 2742 520 αὐτῷ
2794 448 3173 521 συνηγμένους
3214 453 3515 516 μιμητάς
3543 457 3651 495 και
3696 444 3906 516 μαθητὰς

602 545 708 600 lem
740 544 1046 613 perfectum
1076 559 1142 598 ac
1168 559 1295 599 vere
1338 545 1429 600 sui
1454 544 1846 615 despicientem
1896 556 1952 603 et
1983 548 2177 602 imma-

596 636 843 690 culatum
874 651 1040 706 opere
1060 636 1419 698 exhibens,ad
1443 637 1610 692 Deum
1634 640 1926 705 clamabat,
1951 640 2174 696 dicens:

602 724 858 783 lli-arere
904 728 1028 787 mei,
1065 727 1229 791 Deus,
1275 729 1527 799 quoniam
1558 730 1613 783 in
1649 738 1700 784 te
1743 731 1961 801 conﬁdit
1998 733 2181 786 anima

596 835 741 882 mea,
782 829 834 874 et
880 822 933 874 in
982 820 1171 876 umbra
1220 822 1435 876 alarum
1487 832 1700 876 tuarum
1748 822 1989 891 sperabo.
2043 822 2179 880 Novi

600 912 749 967 enim
775 912 891 968 alas
916 920 1039 966 tuas
1069 920 1124 968 et
1167 920 1539 984 tegumentum
1578 923 1733 967 tuum
1768 913 2028 984 perfectis
2059 914 2178 969 ani-

604 1004 800 1058 mabus
830 1003 1099 1059 destinata
1126 1018 1250 1058 esse
1276 1023 1289 1058 :
1322 1020 1422 1070 rgo
1453 1018 1583 1059 vero
1619 1019 1817 1073 parvus
1848 1010 1903 1058 et
1930 1002 2175 1067 humilis,

602 1111 711 1151 non
743 1096 797 1150 iu
828 1097 930 1152 alis
971 1095 1101 1157 tuis,
1126 1095 1223 1152 sed
1266 1097 1319 1150 in
1353 1096 1541 1149 umbra
1574 1099 1780 1150 alarum
1808 1104 2021 1149 tuarum
2062 1112 2180 1163 spe-

601 1187 767 1249 rabo.
825 1187 987 1242 donec
1057 1198 1295 1243 transeat
1354 1189 1648 1259 iniquitas;
1706 1187 1840 1250 sive,
1875 1186 2176 1242 secundum

600 1280 878 1350 Aquilam.
910 1281 1074 1335 donec
1102 1289 1378 1335 transeant
1432 1279 1680 1341 insidia;
1727 1279 1835 1341 vel,
1872 1278 2175 1333 secundum

602 1371 988 1443 Symmachum
1019 1411 1034 1430 ,
1093 1371 1258 1425 donec
1310 1381 1547 1425 transeat
1612 1371 1987 1426 calumniator.
2038 1368 2175 1424 Cum

596 1473 782 1518 autem
829 1464 1107 1518 transierit
1150 1464 1434 1534 iniquitas,
1480 1471 1643 1534 atque
1675 1465 1888 1520 insidia:
1921 1464 2051 1518 mihi
2084 1479 2181 1534 pa-

600 1563 776 1619 ratae,
836 1554 1034 1623 illeque
1081 1554 1446 1608 calumniator
1496 1554 1719 1619 dictus;
1772 1561 1903 1609 tunc
1952 1569 2060 1608 non
2121 1553 2175 1607 in

600 1645 829 1711 umbra,
882 1646 977 1701 sed
1031 1645 1084 1700 in
1136 1645 1271 1716 ipsis
1326 1646 1429 1701 alis
1482 1645 1631 1706 tuis.
1691 1653 1877 1715 utpote
1926 1645 2177 1716 profectu

2278 542 2373 596 τοῦ
2397 541 2597 595 οἰκείου
2646 541 2847 612 τρόπου
2876 539 3138 610 ἐκέκτητο
3214 532 3459 608 χαυνού
3470 549 3666 603 μενος·
3695 534 3809 587 οὐδὲ
3850 539 3907 601 ὡς

2280 633 2372 686 ἐπὶ
2393 632 2712 703 δορυφόροις
2744 631 2839 686 καὶ
2868 631 3181 702 συμμάχοις
3224 625 3512 699 θαρσῶνο
3548 624 3651 678 τὸν
3678 623 3735 678 δέ
3765 629 3909 699 πρᾶον

2278 725 2374 777 καὶ
2401 723 2676 786 ταπεινὸν,
2696 721 2875 776 τέλεόν
2896 739 2956 775 τε
2990 722 3085 775 καὶ
3115 721 3195 786 ὡς
3238 716 3502 789 ἀληθῶς
3531 718 3910 789 ταπεινόςρωα

2279 815 2374 868 καὶ
2403 814 2631 886 ἄμωμον
2664 814 2809 886 ἔργῳ
2840 813 3132 884 παριστὰς,
3171 811 3336 866 ἐϐόα
3382 808 3544 881 πρὸς
3574 810 3674 860 τὸν
3696 808 3822 863 Θεὸν
3845 813 3910 867 λέ-

2279 924 2409 976 γων’
2454 906 2748 975 Ἐλέησόν
2779 922 2875 976 με,
2907 908 2940 960 ό
2968 905 3132 971 Θεὸς,
3173 904 3283 958 ὅτι
3344 901 3463 955 ἐπὶ
3507 901 3618 955 σοι
3657 902 3911 959 πέποιθεν

2278 1000 2317 1067 ἢ
2344 997 2514 1069 ψυχή
2551 1017 2692 1068 μου,
2730 998 2826 1052 καὶ
2862 997 2932 1051 ἐν
2978 995 3053 1065 τῇ
3085 994 3238 1064 σκιᾷ
3284 991 3431 1047 τῶν
3464 993 3797 1063 πτερύγων
3816 1012 3910 1052 σου

2276 1091 2483 1146 ἐλπιῶ.
2510 1087 2640 1144 Οἶδα
2672 1089 2771 1159 μὲν
2805 1088 2914 1160 γὰρ
2944 1088 3043 1152 τὰς
3064 1086 3161 1151 σὰς
3194 1085 3532 1156 πτέρυγας
3563 1083 3665 1137 καὶ
3700 1085 3797 1155 τὴν
3832 1090 3910 1157 σὴν

2281 1183 2489 1253 σκέπην
2521 1180 2753 1245 τελείαις
2779 1180 2977 1251 ψυχαῖς
3007 1177 3463 1250 ἀφωρισμένας·
3489 1175 3616 1243 ἐγὼ
3640 1175 3721 1233 δέ,
3744 1178 3911 1247 μικρὰς

2277 1272 2354 1328 ὢν
2385 1276 2479 1329 καὶ
2500 1274 2769 1337 ταπεινὸς,
2808 1274 2908 1326 οὐκ
2965 1272 3058 1325 ἐπὶ
3095 1274 3214 1334 ταῖς
3257 1272 3408 1332 σαῖς
3464 1266 3769 1339 πτέρυξιν,

2277 1366 2375 1420 ἐπὶ
2416 1364 2491 1434 τῇ
2533 1363 2679 1432 σκιᾷ
2729 1365 2847 1420 τῶν
2877 1366 3183 1435 πτερύγων
3236 1380 3383 1418 σου
3425 1360 3666 1424 ἐλπιῶ,
3704 1360 3815 1425 ἕως
3850 1362 3912 1414 ἂν

2280 1459 2549 1527 παρέλθῃ
2578 1459 2615 1525 ἡ
2646 1458 2883 1528 ἀνομίασ
2912 1457 2968 1528 ἢ,
3012 1457 3151 1511 κατὰ
3202 1456 3311 1510 τὸν
3361 1452 3656 1518 Ἀκύλαν,
3711 1453 3814 1519 ἕως
3844 1453 3910 1508 dr

2274 1549 2543 1619 παρέλθῃ
2579 1551 2617 1616 ἡ
2639 1550 2951 1615 ἐπιϐουλιῩ
2984 1549 3123 1602 κατὰ
3155 1548 3213 1601 δέ
3264 1548 3377 1602 τὸν
3407 1546 3763 1616 Σύμμαχον,
3815 1546 3908 1612 ἕως

2279 1643 2356 1697 ἂν
2377 1640 2645 1710 παρέλθῃ
2673 1638 3076 1709 ἐπηρειιστής.
3130 1638 3412 1693 Ἐπειδὰν
3466 1638 3533 1691 δέ
3576 1636 3828 1710 παρέλθῃ
3877 1641 3902 1708 ἡ

599 1743 797 1791 auctus
834 1736 1208 1807 liberatusque
1237 1736 1306 1791 ab
1349 1736 1497 1792 omni
1535 1738 1750 1792 actione
1800 1736 1988 1808 iniqua
2039 1746 2095 1793 et
2145 1752 2174 1792 a

2278 1734 2498 1806 ἀνομία,
2524 1734 2615 1788 καὶ
2638 1735 2671 1804 ἡ
2698 1734 2818 1787 κατ’
2849 1732 2982 1804 ἐμοῦ
3015 1732 3300 1803 ἐπιῖουλὴ,
3366 1730 3480 1785 καὶ
3524 1732 3558 1784 ὁ
3588 1729 3905 1799 ὠνομασμὲ-

599 1835 846 1897 peecato,
878 1828 1130 1897 sperabo.

2208 1806 2250 1862 Β
2279 1843 2369 1891 νος
2407 1825 2772 1898 ἐπηρεαστὴς,
2828 1825 3010 1878 οὐκέτι
3043 1827 3100 1878 ἐν
3127 1826 3193 1895 τῇ
3222 1825 3395 1895 σκιᾷ,
3450 1822 3587 1876 ἀλλ’
3622 1822 3687 1874 ἐν
3732 1821 3903 1884 αὐταῖς

596 1922 717 1983 ταῖς
751 1923 873 1984 σαῖς
926 1917 1204 1993 πτέρυξιν,
1244 1922 1320 1986 ὡς
1383 1920 1449 1976 ἂν
1516 1919 1796 1993 προκόψας
1846 1920 1943 1975 καὶ
1992 1918 2439 1992 ὴλευθερωμένος
2491 1918 2674 1991 πάσης
2735 1918 2940 1990 ἀνόμου
2985 1917 3236 1990 πράξεώς
3283 1934 3356 1972 τε
3418 1915 3534 1970 καὶ
3616 1914 3901 1986 ἁμαρτω⁹

597 2008 791 2063 ἐλπιῶ⁸

673 2106 839 2165 Vens.
883 2107 938 2169 5,
962 2106 1017 2161 4.
1045 2104 1302 2162 Clamabo
1333 2105 1404 2160 ad
1433 2105 1598 2161 Deum
1627 2107 1972 2171 altissimum,
2004 2108 2173 2163 Deum

598 2202 689 2274 qui
720 2200 968 2271 benefecit
1004 2201 1150 2255 mihi.
1188 2199 1340 2256 Misit
1387 2199 1451 2255 de
1510 2199 1637 2255 caelo
1688 2209 1739 2256 et
1790 2201 2012 2256 saluauit
2069 2219 2172 2267 me,

599 2294 745 2349 dedit
774 2295 827 2347 in
880 2292 1217 2362 opprobrium
1261 2292 1627 2346 conculcantes
1676 2309 1775 2349 me.
1835 2292 2171 2363 Diapsalma.

601 2384 887 2441 Clamores
915 2391 969 2439 et
993 2382 1417 2439 vociferationes
1445 2385 1695 2439 emittere
1724 2382 1834 2439 Deo
1866 2385 2044 2441 solent
2073 2385 2176 2440 viri

596 2476 754 2545 justi,
793 2490 902 2531 non
948 2476 1057 2529 alta
1096 2490 1250 2539 voce,
1286 2474 1381 2530 sed
1421 2474 1683 2531 eminenti
1711 2476 1906 2531 animae
1952 2476 2174 2533 virtute.

601 2568 783 2635 Quare
811 2568 975 2625 etiam
1007 2567 1232 2624 silentes
1254 2566 1596 2638 plerumque,
1626 2567 1820 2639 spiritu
1845 2568 2176 2625 clamabant.

600 2659 723 2731 Ipse
783 2675 1018 2730 namque
1090 2658 1326 2730 Spiritus
1386 2658 1665 2729 gemitibus
1727 2658 2178 2715 inenarrabilibus

598 2750 833 2821 postulat
862 2749 1050 2815 Deo“,
1071 2749 1370 2806 secundum
1386 2747 1829 2819 Apostolum.Sic
1858 2749 2041 2820 itaque
2074 2748 2179 2804 Da-

601 2842 692 2898 vid
748 2843 815 2898 ad
869 2841 1037 2897 Deum
1072 2841 1361 2896 clamabat.
1414 2839 1638 2907 Deinde,
1675 2847 1736 2895 ut
1779 2841 1876 2912 qui
1922 2842 2178 2913 pleraque

599 2936 972 3006 experimenta
1027 2931 1335 2990 Servatoris
1380 2933 1466 2989 sui
1505 2933 1733 3004 ceperit,
1782 2941 1939 3005 grato
1989 2935 2174 2991 animo

601 3027 799 3098 pergit,
832 3024 996 3081 Deum
1025 3026 1116 3095 qui
1143 3024 1394 3094 benefecit
1428 3024 1576 3079 mihi.
1606 3025 1742 3079 Cum
1787 3024 1921 3080 dicit
1970 3035 2173 3094 autem,

602 3118 753 3174 Hisit
782 3116 846 3174 de
866 3118 1013 3183 caelo,
1041 3126 1091 3172 et
1121 3116 1344 3172 saluauit
1371 3133 1481 3182 me;
1513 3116 1743 3172 missum
1775 3132 1805 3171 a
1842 3115 1952 3173 Deo
1987 3116 2178 3173 Salva-

601 3222 774 3268 torem
804 3208 1096 3282 quemdam
1134 3209 1360 3265 indicat.
1393 3208 1527 3276 Quis
1552 3225 1680 3265 vero
1706 3209 1779 3264 sit
1808 3210 1898 3265 ille
1922 3209 2036 3280 jam
2064 3226 2176 3267 non

600 3303 866 3375 declarat,
895 3317 1084 3358 verum
1107 3302 1162 3356 in
1191 3302 1300 3358 alio
1328 3302 1509 3365 docet,
1532 3302 1622 3356 ubi
1653 3301 1758 3356 ait:
1782 3299 1932 3356 Misit
1964 3303 2175 3357 verbum

600 3412 779 3461 suum,
806 3404 857 3449 et
887 3394 1096 3450 sanauit
1126 3410 1236 3457 eos,
1272 3403 1321 3448 et
1351 3394 1543 3464 eripuit
1570 3410 1659 3449 eos
1693 3393 1758 3448 de
1786 3395 2175 3450 interitionibus

599 3504 782 3544 eorum
800 3487 867 3542 ³⁸.
904 3485 1142 3543 Verbum
1178 3485 1361 3557 itaque
1389 3484 1485 3540 Dei
1518 3491 1658 3549 erat,
1700 3484 1847 3555 quod
1879 3486 2008 3541 olim
2042 3486 2172 3540 mit-

600 3580 863 3642 tebatur,
911 3586 967 3633 et
1022 3591 1212 3632 eorum
1265 3577 1359 3647 qui
1409 3582 1565 3632 erant
1624 3577 1800 3632 salute
1825 3576 1946 3646 ejus
1996 3576 2169 3647 digni,

602 3671 856 3728 Salvator
881 3668 1132 3726 eﬂectum
1160 3676 1264 3725 est.
1294 3669 1450 3736 Quod
1477 3684 1602 3724 cum
1630 3670 1799 3740 probe
1838 3678 2027 3726 nosset
2070 3669 2173 3725 Da-

599 3764 713 3828 vid,
759 3764 971 3825 aiebat:
1007 3762 1155 3816 Misit
1184 3761 1248 3817 de
1292 3762 1440 3827 coelo,
1471 3772 1520 3817 et
1570 3761 1793 3818 saluauit
1842 3778 1944 3818 me.
1988 3760 2172 3832 Itaque

599 3855 779 3914 salute
830 3854 1054 3925 dignum
1109 3868 1206 3924 per
1259 3851 1601 3908 Salvatorem
1667 3852 1878 3908 salvum
1934 3850 2172 3907 faciebat

595 3946 957 4003 Altissimus:
991 3946 1218 4017 ipseque
1237 3944 1385 4015 juste
1422 3945 1700 4016 judicans,
1734 3944 2079 4013 insurgentes
2114 3949 2171 3999 et

590 4037 988 4093 conculcantes
1012 4036 1223 4105 justum
1251 4034 1416 4090 dabat
1442 4034 1498 4089 in
1534 4033 1885 4104 cpprobrium
1915 4051 1928 4086 :
1960 4033 2169 4087 utinam

596 4136 653 4185 et
689 4128 945 4184 meliores
973 4126 1321 4191 reddidisset,
1353 4124 1776 4196 opprobriisque
1803 4122 1950 4195 ipsos
1977 4124 2171 4195 resipi-

598 4236 756 4278 scere
790 4220 1014 4276 lccisset
1040 4221 1053 4274 l

2348 2108 2723 2178 Κεκράεομαι
2772 2106 2922 2177 πρὸς
2948 2107 3056 2162 τὸν
3084 2105 3234 2161 Θεὸν
3289 2104 3417 2160 τὸν
3460 2105 3775 2174 ὕψιστον,
3808 2103 3901 2158 τὸν

2280 2199 2433 2255 Θεὸν
2445 2199 2550 2254 τὸν
2565 2198 3041 2269 εὐεργετήσαντά
3052 2215 3147 2267 με.
3186 2197 3706 2263 Ἐξαπέστειλεν
3733 2194 3804 2259 ἐξ
3813 2197 3899 2249 aiio

2272 2290 2465 2362 ρανοῦ
2519 2291 2616 2344 καὶ
2664 2291 2860 2346 ἐσωσέ
2895 2307 2992 2361 με,
3022 2290 3246 2344 ἔδωκεν
3311 2293 3415 2356 εὶς
3470 2288 3730 2355 ὄνειδος
3772 2287 3896 2352 τοὺς

2282 2381 2774 2445 καταπατοῦντάς
2797 2399 2894 2452 με.
2931 2382 3267 2452 Διάψαλμα.
3312 2381 3619 2453 Κραυγάς
3650 2381 3749 2434 καὶ
3779 2379 3893 2450 βοὰς

2281 2472 2533 2527 είώθασιν
2577 2475 2624 2527 οἱ
2653 2473 2850 2526 δίκαιοι
2879 2471 2957 2544 τῷ
3006 2473 3125 2542 Θεῷ
3156 2472 3431 2543 πέμπειν,
3486 2470 3557 2523 οὐ
3590 2468 3887 2539 γεγωνῷτῇ

2283 2570 2433 2639 φωνῇ
2453 2566 2554 2638 (1),
2569 2566 2867 2637 δυνάμειδέ
2880 2566 3057 2639 ψυχῆς
3078 2564 3648 2639 ὑπερϐαλλούσῃΔιὸ
3669 2564 3765 2617 καὶ
3780 2578 3891 2615 σιω·

2282 2659 2493 2722 πῶντες
2525 2657 2783 2722 πολλάκις
2805 2657 2885 2729 τῷ
2916 2658 3186 2729 πνεύματι
3239 2657 3439 2711 ἐϐόων·
3510 2655 3658 2711 αὐτὸ
3696 2655 3803 2725 γὰρ
3830 2652 3884 2705 τὸ

2279 2751 2523 2821 Πνεῦμα
2564 2750 2921 2822 στεναγμοῖς
2983 2748 3314 2817 ἀλαλήτοις
3351 2744 3883 2819 ὑπερεντυγχάνει

2279 2836 2362 2910 τῷ
2393 2838 2533 2912 Θεῷ,
2591 2843 2734 2898 κατά
2784 2844 2875 2899 τὸν
2915 2843 3253 2897 Ἀπὸστολον.
3305 2842 3515 2907 Οὕτως
3574 2837 3677 2896 οὖν
3725 2841 3818 2893 καὶ
3852 2840 3877 2890 6

2279 2934 2443 2989 Δαυῖδ
2467 2936 2758 3008 ἐκεκράγει
2786 2936 2920 3007 πρὸς
2942 2935 3035 2989 τὸν
3055 2935 3204 2990 Θεόν.
3225 2931 3336 2989 Εῐθ’
3378 2934 3608 2989 ὡσανεὶ
3630 2931 3877 2992 πολλάκις

2282 3030 2480 3100 πεῖραν
2519 3027 2755 3098 είληφὼς
2798 3026 2892 3080 τοῦ
2945 3026 3138 3081 ἑαυτοῦ
3185 3027 3465 3099 Σωτῆρος,
3518 3023 3871 3094 εὐγνωμόνως

2285 3120 2481 3188 ἐπάγει
2536 3120 2731 3189 λέγων,
2787 3120 2895 3174 τὸν
2933 3119 3083 3174 Θεὸν
3118 3118 3226 3174 τὸν
3245 3113 3756 3190 εὐεργετήσαντά
3784 3128 3871 3182 με.

2284 3210 2469 3265 Εἰπὼν
2496 3212 2574 3276 δὲ,
2632 3212 3090 3277 Ἐξαπέστειλεν
3138 3212 3208 3278 ἐξ
3227 3212 3496 3281 οὐρανοῦ
3561 3203 3869 3264 auulsam!

2277 3320 2376 3373 με,
2408 3304 2662 3374 ἐμφαίνει
2691 3304 3025 3359 ἀπεστάλθαι
3054 3303 3177 3357 τινὰ
3231 3303 3469 3375 Σωτῆρα
3497 3305 3581 3387 ἐξ
3594 3300 3694 3354 τοῦ
3722 3294 3865 3351 Θειιῦ.

2283 3395 2416 3450 Τίνα
2447 3396 2506 3450 δὲ
2534 3396 2721 3451 τοῦτον
2750 3395 2843 3451 νῦν
2869 3397 2968 3468 μέν
2989 3398 3048 3450 οὐ
3083 3395 3450 3467 παρέστησεν,
3505 3395 3569 3447 ἐν
3627 3391 3795 3462 ἑτέρῳ
3813 3388 3863 3442 δὲ

2279 3490 2543 3554 διδάσκει,
2561 3490 2688 3545 ἔνθα
2717 3491 2900 3562 φησίνο
2941 3490 3277 3547 Ἀπέστειλε
3300 3490 3407 3544 τὸν⁴
3436 3490 3642 3560 λόγον
3666 3483 3859 3547 αὐτοῦ.

2279 3583 2377 3636 καὶ
2412 3583 2621 3639 ἰάσατο
2647 3583 2887 3650 αὐτοὺς,
2929 3584 3027 3637 καὶ
3063 3583 3354 3652 ὲρῤὐσατο
3382 3581 3624 3648 αὐτοὺς
3661 3578 3729 3633 ἐκ
3756 3573 3860 3628 τῶν

2272 3671 2611 3743 διαφθορῶν
2627 3673 2846 3728 αὐτῶν.
2884 3672 3094 3727 Οὐκοῦν
3143 3671 3304 3741 λόγος
3352 3668 3420 3745 ἦν
3456 3673 3627 3738 Θεοῦ,
3680 3671 3709 3724 ὁ
3772 3665 3856 3721 καὶ

2275 3762 2442 3817 πάλαι
2474 3762 3061 3834 ἀποστελλόμενος,καὶ
3081 3763 3192 3817 τῶν
3222 3761 3384 3828 ἀξίων
3416 3765 3524 3835 τῆς
3555 3759 3727 3817 αὑτοῦ
3759 3776 3853 3811 σίου

2272 3854 2465 3925 τηρίας
2496 3853 2685 3925 Σωτὴρ
2736 3855 3076 3925 γιγνόμενος,
3124 3856 3186 3909 ὃν
3230 3857 3379 3910 καὶὸ
3424 3855 3598 3909 Δαυῒδ
3624 3849 3852 3917 ἀκρισιῦς

2271 3944 2426 4009 εἰδὼς
2452 3944 2656 4013 ἔλεγεν·
2690 3944 3144 4011 Ἐξαπέστειλεν
3160 3947 3230 4012 ἐξ
3249 3948 3512 4016 οὐρανοῦ
3540 3946 3645 4001 καὶ
3666 3939 3854 3998 sum

2269 4051 2363 4105 με.
2397 4035 2500 4089 Τὸν
2530 4036 2629 4107 μὲν
2656 4031 2750 4091 οὖν
2788 4038 3065 4109 σωτηρίας
3093 4038 3242 4104 ἀξιον
3269 4037 3436 4102 ἔσωζε
3467 4039 3561 4094 διὰ
3596 4036 3690 4092 τοῦ
3740 4036 3844 4088 Σω-

2274 4128 2436 4199 τῆρος
2459 4130 2487 4182 ὁ
2519 4129 2801 4199 Ὗψιστος*
2831 4132 2859 4184 ὁ
2902 4129 2958 4184 δὲ
2988 4131 3169 4195 αὐτὸς,
3218 4130 3400 4185 δίκαια
3447 4131 3678 4204 κρίνων,
3733 4124 3847 4186 τοὺς

2275 4219 2735 4291 ἐπανισταμένους
2764 4221 2857 4275 καὶ
2903 4221 3351 4287 καταπατοῦντας
3379 4223 3470 4278 τὸν
3511 4224 3720 4278 δίκαιον
3748 4213 3842 4271 ἐδι-

596 4315 690 4372 800
740 4316 839 4380 εἰς’
866 4314 1097 4379 ὄνειδος,
1137 4312 1344 4384 ὤφελον
1386 4311 1481 4366 καὶ
1521 4310 1760 4383 βελτίους
1790 4308 2257 4386 ἀπεργαζόμενος,
2287 4312 2377 4367 διὰ
2430 4314 2524 4368 τοῦ
2585 4316 2865 4381 ὀνειδίζειν
2888 4316 2981 4372 καὶ
3026 4318 3376 4389 ἐπιστρέφειν
3408 4320 3491 4384 είς
3520 4316 3740 4374 ἑαυτόν.

667 4409 838 4467 Vens.
868 4410 923 4466 5.
958 4409 1107 4465 Misit
1138 4408 1277 4464 Deus
1306 4407 1725 4464 misericordiam
1754 4425 1908 4463 suam
1953 4418 2003 4462 et
2039 4409 2172 4463 ueri-

2358 4410 2816 4475 Ἐξαπέστειλεν
2847 4416 2881 4468 ό
2908 4413 3053 4481 Θεὸς
3083 4412 3150 4467 τὸ
3182 4413 3355 4479 ἕλεος
3380 4414 3572 4469 αὑτοῦ
3611 4411 3708 4468 καί
3736 4406 3837 4475 τὴν

600 4514 763 4561 tatem
792 4519 968 4567 suam,
1010 4512 1059 4556 et
1089 4502 1281 4570 eripuit
1311 4502 1548 4555 animam
1581 4517 1750 4556 meam
1780 4499 1844 4554 de
1873 4499 2043 4555 medio
2081 4517 2173 4553 ca-

602 4596 835 4653 tulorum
864 4595 1092 4660 leonum,
1123 4600 1179 4649 et
1217 4599 1433 4648 ca-tera.
1480 4590 1815 4647 Sententiam
1851 4606 1973 4662 quae
2010 4608 2177 4662 supe-

600 4690 721 4747 rius
747 4687 1034 4744 dellciebat
1081 4685 1167 4741 bis
1197 4685 1467 4756 exposuit.
1501 4683 1637 4738 Cum
1665 4691 1999 4754 quaereretur
2024 4683 2172 4739 enim

600 4794 894 4852 quemnam
926 4778 1166 4833 misisset
1191 4775 1260 4832 de
1291 4776 1433 4830 uelo
1455 4774 1521 4829 ad
1544 4774 1883 4846 eripiendum
1915 4772 2173 4829 Davidem

600 4870 693 4927 hic
742 4868 1023 4923 declarat:
1082 4864 1232 4920 Misit
1284 4864 1422 4919 Deus
1471 4863 1891 4918 misericordiam
1940 4879 2095 4919 suam
2124 4872 2175 4917 et

600 4960 875 5019 ueritatem
893 4972 1067 5013 suam.
1093 4955 1465 5011 Misericordia
1487 4962 1666 5011 autem
1697 4963 1751 5011 et
1776 4954 1981 5010 veritas
2006 4955 2171 5010 missa

601 5062 853 5122 quaenam
882 5046 1086 5101 iuerint
1112 5045 1218 5101 nisi
1247 5044 1341 5101 Dei
1371 5045 1703 5109 verbuln,de
1730 5059 1842 5115 quo
1863 5045 2168 5111 dicebatur,

602 5140 756 5197 Misit
801 5138 1013 5194 uerbum
1049 5153 1226 5199 suum,
1245 5147 1295 5193 et
1327 5139 1534 5193 sanauit
1564 5147 1743 5201 eos,et
1768 5139 1959 5208 eripuit
1992 5155 2079 5193 eos
2107 5137 2172 5194 de

601 5231 993 5288 interitionibus
1023 5247 1205 5286 eorum
1229 5230 1254 5284 ?
1277 5227 1567 5301 Ipsumque
1600 5230 1851 5286 similiter
1879 5232 1970 5285 lux
2004 5231 2172 5286 missa

600 5323 804 5380 dicitur
845 5321 901 5377 in
952 5321 1163 5392 psalmo
1191 5319 1284 5391 qui
1338 5320 1457 5374 ait:
1504 5319 1697 5374 Emitte
1729 5321 1895 5375 lucem
1930 5331 2077 5375 tuam
2121 5331 2171 5377 et

599 5416 870 5472 ueritatem
920 5421 1088 5475 tuam,
1134 5412 1256 5481 ipsa
1310 5428 1391 5467 me
1416 5411 1667 5466 deducent
1692 5413 1757 5467 ³⁸.
1812 5412 1933 5469 Lux
1988 5422 2167 5470 autem

598 5507 804 5565 writas
838 5512 902 5560 et
952 5504 1201 5570 verbum,
1237 5504 1405 5560 missa
1439 5505 1509 5561 ab
1561 5504 1829 5560 altissimo
1873 5504 2003 5574 Deo,
2056 5522 2168 5562 non

669 5662 714 5695 “
751 5660 913 5718 Rom.
946 5676 1077 5729 vui,
1107 5659 1197 5717 '26.
1270 5660 1318 5694 ⁸³
1354 5659 1500 5719 Psal.
1532 5675 1646 5725 cvi,
1677 5660 1769 5716 20.

2272 4503 2563 4571 ἀλήθειαν
2593 4505 2800 4570 αὑτοῦ,
2830 4507 2928 4560 καὶ
2972 4507 3265 4576 applicato
3312 4506 3428 4574 τὴν
3474 4506 3688 4579 ψυχήν
3729 4516 3836 4573 μου

2271 4595 2341 4649 ἐκ
2362 4595 2558 4665 μέσου
2583 4597 2894 4666 σκύμνων,
2925 4597 3019 4651 καὶ
3048 4597 3116 4652 τὰ
3144 4598 3290 4667 ἑξῆς.
3323 4598 3434 4670 Τὴν
3464 4598 3717 4669 ἀνωτέρω
3739 4591 3832 4646 λεί-

2274 4704 2480 4741 πουσαν
2517 4686 2752 4742 διάνοιαν
2783 4687 2874 4742 διὰ
2928 4688 3039 4743 τῶν
3092 4690 3467 4761 προκειμένων
3521 4686 3830 4745 ἀποδέδωκε.

2275 4778 2617 4850 Ζητουμένου
2648 4777 2756 4851 γὰρ
2796 4780 2916 4833 τίνα
2969 4777 3347 4843 ἐξαπέστειλεν
3374 4781 3440 4834 ἐκ
3472 4780 3567 4833 τοῦ
3596 4771 3826 4850 οὐρανοῦ.

2278 4867 2371 4921 καὶ
2400 4867 2569 4920 ἔσωσε
2598 4868 2689 4921 τὸν
2729 4868 2910 4934 Δαυῖδ,
2966 4870 3307 4941 παρέστησεν
3360 4869 3595 4924 ἐνταῦθα
3654 4862 3824 4921 εἰπών’

2290 4957 2752 5022 Ἐξαπέστειλεν
2789 4964 2821 5015 d
2850 4960 2992 5027 Θεὸς
3032 4959 3099 5015 τὸ
3126 4961 3300 5029 ἔλεος
3345 4963 3531 5017 αὐτοῦ
3586 4959 3681 5016 καὶ
3727 4953 3829 5021 τὴν

2276 5048 2564 5116 ἀλήθειαν
2592 5050 2798 5105 αὑτοῦ.
2847 5052 3035 5116 Ἔλεος
3061 5051 3118 5106 δέ
3141 5052 3235 5106 καὶ
3266 5052 3489 5124 ἀλήθεια
3528 5046 3825 5118 ἐξαποστελ-

2277 5139 2476 5212 λομένη
2493 5141 2576 5206 τίς
2600 5141 2666 5196 ἂν
2695 5142 2779 5214 εἴη
2805 5142 2839 5215 ἢ
2872 5145 2900 5196 ὁ
2925 5142 3018 5196 τοῦ
3049 5144 3185 5197 Θεοῦ
3226 5144 3403 5215 λόγος,
3462 5146 3588 5217 περὶ
3643 5136 3701 5198 οὗ
3729 5136 3823 5192 ἐλέ-

2277 5250 2423 5303 γετο,
2472 5234 2894 5300 Ἐξαπέστειλε
2912 5235 3019 5290 τὸν
3059 5238 3248 5307 λόγον
3264 5237 3469 5300 αὐτοῦ,
3504 5237 3600 5291 καὶ
3633 5234 3818 5289 ἰάσατο

2275 5324 2518 5392 αὐτοὺς,
2552 5326 2651 5380 καὶ
2676 5325 2967 5395 ὲρῤύσατο
2991 5328 3212 5395 αὐτοὺς
3259 5328 3328 5382 ἐκ
3364 5326 3484 5382 τῶν
3511 5319 3820 5396 διαφθοράν

2274 5415 2506 5481 alimur;
2545 5417 2602 5471 Ὀ
2634 5416 2678 5470 δ’
2709 5418 2869 5483 αὐτὸς
2895 5418 3094 5490 ὁμοίως
3119 5420 3213 5472 καὶ
3240 5417 3355 5488 φῶς
3381 5415 3814 5487 ἀποστελλόμενον

2274 5509 2489 5580 εἴρηται
2516 5511 2574 5563 ἐν
2597 5507 2676 5580 τῷ
2712 5510 2971 5579 φάσκοντι
3017 5510 3237 5583 ψαλμῷ*
3273 5510 3727 5578 Ἐξαπόστειλον
3758 5499 3815 5555 τὸ

1879 5661 1926 5694 ³⁸
1960 5659 2106 5718 Psal.
2145 5677 2289 5729 xm,
2319 5662 2377 5722 '5.

674 5754 750 5827 (I)
790 5752 1039 5827 Γεγπωνῷ
1058 5751 1133 5824 τῇ
1153 5751 1341 5825 φωνῇ.
1370 5752 1446 5810 lta
1475 5752 1811 5811 correximus
1841 5753 1986 5826 quod
2020 5753 2152 5809 editi

2277 5754 2436 5811 libent
2467 5757 2723 5827 γεγονοτῇ
2756 5758 2930 5827 φωνῇ.
2962 5754 3121 5812 Εοιτ.

4034 1061 4035 1103 ι

4042 2376 4043 2471 ψ

4043 2744 4045 2806 ι
