4100 6442
169 363 316 422 509

1339 353 1842 414 COMMENTA'RIA
1879 353 1946 408 ΙΝ
1987 353 2326 410 PSALMOS.

3353 355 3458 410 5l0

171 481 338 554 φῶς
357 497 474 536 σου
499 495 596 534 κα.
627 479 738 546 τὴν
767 475 1056 542 ἀλήθειάν
1091 489 1230 538 σου,
1281 473 1436 528 αὐτὰ
1465 489 1544 544 με
1565 469 1776 540 ὁδηγοῖ-

1885 467 2006 524 sine
2059 469 2320 534 essentia,
2373 481 2476 524 nec
2535 467 2656 524 sine
2709 469 3016 524 substantia
3053 475 3224 526 sunt:
3281 485 3458 540 neque

171 593 322 630 σει.
351 573 470 636 ⁴ιιῶς
501 571 556 624 δὲ
601 573 692 624 καὶ
743 569 970 640 ἀλήθεια
1011 569 1105 622 καὶ
1159 567 1314 635 λόγος
1347 565 1780 636 ἀποστελλόμενα

175 665 358 738 παρά
383 669 478 718 τοῦ
537 663 758 732 ὑψίστου
817 659 972 722 Θεοῦ,
1009 661 1106 714 οὑκ
1139 659 1390 716 ἁνούσια,
1429 657 1550 710 οὑδὲ
1579 657 1778 712 ἀνυπό-

183 773 400 812 στατα·
429 755 488 808 οὐ
523 753 630 824 γὰρ
653 749 762 806 οἷόν
783 769 842 804 τε
867 749 934 823 ἦν
983 753 1214 824 πρᾶγμα
1257 751 1624 804 ἀνυπόστατον
1651 751 1780 802 ἁπο-

181 843 540 898 στέλλεσθαι.
571 845 778 914 ’Ὠσπερ
797 843 854 896 δὲ
883 843 1052 910 Λόγος
1089 845 1286 894 νοεῖται
1331 839 1524 900 ἰάσεως
1557 839 1648 892 καὶ
1673 857 1778 890 σω-

179 937 400 1007 τηρίας
427 937 726 1006 ποιητικὸς,
783 933 956 1000 οὕτως
991 935 1082 986 ἐπὶ
1125 933 1218 986 τοῦ
1259 932 1526 1003 παρόντος
1555 933 1584 984 6
1615 931 1778 994 αὐτὸς

183 1026 352 1092 ἔλεος
383 1027 714 1098 ὠνόμασται,
737 1027 814 1090 ὡς
843 1027 906 1080 ἂν
945 1025 1272 1096 ὑπηρετικὸς
1299 1023 1372 1076 ὢν
1417 1025 1514 1094 τῆς
1545 1023 1638 1076 τοῦ
1667 1025 1778 1076 [Ια-

185 1117 332 1186 στρὸς
357 1115 782 1188 φιλανθρωπίας·
829 1117 1028 1188 ὁμοίως
1075 1117 1130 1170 δὲ
1177 1117 1270 1168 καὶ
1303 1113 1548 1186 ἀλήθεια,
1603 1115 1678 1178 ὡς
1713 1113 1776 1166 ἂν

187 1209 422 1280 ἀληθῶς
451 1209 696 1278 ὑφεστὼς
723 1211 816 1262 καὶ
849 1211 970 1262 κατ’
1001 1209 1276 1280 ἐνέργειαν
1323 1209 1674 1278 οὑσιωμένος.
1719 1207 1776 1260 Ὁ

183 1299 332 1370 γοῦν
357 1299 624 1370 ἡμέτερος
649 1301 804 1370 λόγος
841 1299 936 1358 ὢν.
965 1299 1252 1364 συλλαϐαῖς
1301 1299 1392 1352 καὶ
1419 1303 1624 1370 ῥήμασι
1683 1299 1776 1352 καὶ

183 1393 428 1462 ὀνόμασι
459 1391 556 1462 τὴν
583 1393 878 1446 ὑπόστασιν
929 1393 1089 1464 ἔχων,
1121 1393 1214 1446 καὶ
1265 1391 1352 1446 διὰ
1411 1391 1652 1462 γλώττης
1683 1391 1776 1444 καὶ

183 1485 386 1554 φωνῆς
413 1483 792 1554 ὲξηχούμενος,
823 1485 922 1538 οὑκ
955 1485 1020 1538 ἂν
1055 1485 1268 1554 λεχθείη
1295 1485 1498 1554 κυρίως
1523 1483 1615 1536 καὶ
1639 1483 1774 1552 ἀλη-

183 1573 308 1638 θῶς
347 1573 520 1642 λόγος.
559 1575 710 1644 Ἔχει
759 1573 886 1642 γοῦν
949 1573 1132 1644 ἕτερον
1165 1573 1254 1625 τὸν
1291 1570 1564 1640 γεννῶντα
1591 1571 1772 1630 αὑτὸν,

181 1665 250 1720 ὃν
283 1667 382 1720 καὶ
415 1665 618 1738 κυρίως
675 1667 740 1720 ἄν
775 1685 858 1730 τις
889 1667 1030 1720 εἴποι
1075 1665 1250 1737 ἀληθῆ
1295 1665 1468 1732 λόγον·
1519 1665 1706 1718 τοῦτον
1729 1665 1774 1718 δ’

181 1753 336 1812 εἷναί
363 1775 492 1828 φασι
549 1759 638 1812 τὸν
667 1757 988 1812 ἐνδιάθετον.
1017 1759 1230 1828 ’Ὠσπερ
1256 1753 1348 1810 οὖν
1385 1760 1414 1810 6
1445 1759 1502 1810 ὲν
1533 1759 1662 1826 ἡμῖν
1697 1757 1776 1808 sv-

1885 561 2030 614 enim
2067 569 2282 630 poterat
2311 575 2400 616 res
2433 561 2552 616 sine
2587 561 2890 616 substantia
2915 562 3076 618 mitti.
3099 561 3462 626 Quemadmo-

1885 649 2016 704 dum
2073 661 2252 704 autem
2297 649 2534 706 Verbum
2571 651 2896 720 intelligitur
2927 651 3230 704 curationis
3263 659 3316 704 et
3371 669 3460 706 sa-

1885 739 2016 794 lutis
2047 739 2312 806 eﬂ'ector;
2363 743 2442 796 sic
2473 751 2526 794 et
2565 741 2618 794 in
2667 741 2916 810 praesenti
2959 741 3098 794 idem
3145 743 3454 796 misericor-

1883 833 1972 886 dia
1995 841 2240 892 vocatur.
2263 843 2448 902 utpote
2471 841 2706 902 paternae
2735 851 2782 886 et
2799 849 2860 902 ga
2891 835 3140 888 homines
3163 835 3460 888 clementia:

1883 925 2174 980 minister:
2207 927 2458 980 sitmliter
2485 934 2538 980 et
2575 927 2774 978 veritas
2801 927 3020 986 dicitur,
3057 935 3112 978 ut
3163 943 3288 980 vere
3327 925 3452 980 sub-

1885 1021 2108 1082 sistens,
2155 1029 2208 1074 et
2241 1019 2540 1076 setumlum
2583 1021 2772 1090 agendi
2811 1021 2918 1072 vim
2971 1021 3274 1074 substantia
3323 1035 3458 1086 pra:-

1883 1113 2080 1166 ditum.
2110 1111 2368 1166 Nostrum
2409 1111 2592 1178 itaque
2623 1113 2870 1174 verbum,
2908 1111 3152 1180 syllabis,
3193 1111 3372 1164 verbis
3407 1119 3458 1162 et

1885 1206 2200 1260 numinibus
2261 1205 2622 1260 substantiam
2679 1205 2904 1266 habens,
2969 1205 3148 1272 lingua
3207 1213 3258 1256 et
3323 1219 3456 1256 voce

1881 1299 2166 1360 emissum,
2221 1313 2330 1352 non
2393 1297 2608 1366 proprie
2657 1311 2720 1350 ac
2772 1311 2898 1350 vere
2953 1297 3174 1350 verbum
3220 1297 3450 1352 tilCﬂlUl‘.

1887 1387 2056 1444 liabet
2109 1390 2252 1444 enim
2291 1389 2434 1442 aliud
2477 1405 2536 1444 se
2571 1389 2817 1458 gignens.
2877 1389 3020 1456 quod
3071 1389 3195 1456 quis
3245 1389 3458 1458 proprie

1881 1495 1946 1534 ac
1999 1497 2126 1536 vere
2173 1481 2400 1536 verbum
2453 1481 2824 1550 appellaverit,
2859 1481 3000 1548 quod
3039 1481 3192 1532 aiuot
3231 1481 3452 1532 insitum

1879 1589 2024 1628 esse.
2063 1573 2216 1628 Sit-ut
2249 1575 2472 1628 insitum
2507 1573 2558 1626 in
2591 1573 2750 1628 nobis
2783 1573 3032 1636 verbum,
3065 1571 3210 1640 quod
3237 1571 3452 1640 proprie

1881 1667 2106 1722 verbum
2139 1667 2358 1730 dicitur,
2389 1667 2752 1720 substantiam
2785 1665 2964 1726 habet,
2995 1681 3118 1716 cum
3157 1665 3456 1718 secundant

1879 1759 2174 1812 essentiam
2209 1758 2504 1820 subsistat,
2547 1757 2804 1824 aliudque
2853 1757 2922 1808 sit
2975 1755 3042 1808 ab
3077 1771 3142 1808 eo
3185 1755 3276 1822 qui
3311 1755 3456 1808 misit

181 1847 440 1912 διὰθετος
461 1847 614 1916 λόγος
631 1847 730 1916 (1),
747 1851 774 1902 ό
793 1849 888 1900 καὶ
921 1847 1126 1920 κυρίως
1153 1847 1218 1900 ἂν
1237 1847 1422 1918 ῥηθεὶς
1443 1845 1656 1916 ἀληθῶς
1687 1845 1774 1898 λό-

1881 1851 2054 1920 ip~uut
2085 1891 2098 1906 .
2135 1867 2306 1920 quare
2337 1849 2592 1918 snperins
2617 1849 2924 1904 dicebatur.
2965 1847 3112 1900 Misit
3139 1847 3200 1900 de
3229 1847 3378 1906 cwto,
3409 1857 3458 1900 ct

183 1955 310 2008 τος,
339 1940 640 2002 ὑπόστατος
673 1939 950 2008 τυγχάνει,
993 1941 1112 1992 κατ’
1145 1939 1332 1992 οὑσίαν
1367 1937 1636 2004 ὑφεστὼς,
1659 1937 1776 1990 ’ἐτε-

183 2029 288 2100 ρός
321 2045 382 2082 τε
423 2029 500 2082 ὢν
537 2029 686 2100 παρᾶ
715 2029 806 2082 τὸν
857 2029 1252 2084 ἀποστέλλοντα
1287 2029 1468 2082 αὑτόν·
1510 2029 1588 2082 διὸ
1639 2029 1776 2082 ἀνω-

181 2121 340 2194 τέρω
365 2121 464 2192 μὲν
513 2123 744 2190 ἐλέγετο,
793 2121 1246 2184 Ἐξαπέστειλεγ
1281 2121 1350 2186 ἐξ
1379 2121 1638 2190 οὐρανοῦ
1679 2119 1776 2174 καὶ

181 2211 392 2267 ἔσωσέ
445 2229 542 2282 με.
579 2213 714 2266 Τίνα
739 2213 796 2266 δὲ
851 2211 1214 2278 ἐξαπέστειλε,
1258 2213 1351 2268 ἐπὶ
1383 2213 1474 2266 τοῦ
1513 2213 1776 2284 παρόντος

181 2305 434 2360 διδάσκει
495 2305 736 2376 φάσκων·
785 2307 1204 2370 Ἐξαπέστειλε
1259 2305 1326 2360 τὸ
1381 2307 1554 2371 ἕλεος
1589 2305 1776 2360 αὐτοῦ

181 2399 292 2454 καὶ
333 2399 448 2466 τὴν
471 2397 758 2464 dividatur
787 2397 992 2464 αὐτοῦ,
1041 2399 1138 2453 καὶ
1183 2399 1474 2466 ἑρῤὐσατο
1517 2397 1630 2464 τὴν
1661 2401 1778 2466 ψυ-

179 2491 316 2560 χήν
346 2507 460 2559 μου
507 2489 574 2544 ἐκ
617 2489 806 2558 μέσου
833 2491 1136 2560 σκύμνων·
1167 2483 1242 2542 ὧν
1301 2489 1462 2558 μέσος
1487 2487 1776 2558 γενόμενος

179 2583 536 2654 ἐκοιμήθην,
567 2583 720 2654 φησὶ,
777 2581 1226 2652 τεταραγμένος.
1259 2581 1438 2644 Μέσος
1496 2579 1600 2650 γὰρ
1643 2581 1776 2634 ἀπο-

179 2675 420 2746 ληφθεὶς
455 2675 708 2744 σκύμνων
733 2673 842 2728 τῶν
873 2675 930 2726 ἐν
983 2675 1020 2726 Γ
1025 2673 1084 2726 ὲθ
1121 2671 1452 2740 ἀλλοφύλων,
1479 2671 1510 2742 ἥ
1543 2671 1648 2724 τῶν
1677 2671 1774 2724 ἄλ-

179 2769 300 2830 λως
325 2767 704 2840 πολεμούντων
749 2783 812 2838 με
859 2765 1090 2836 ἐχθρῶν,
1145 2765 1206 2818 τὸ
1255 2765 1376 2818 ὅσον
1413 2763 1498 2816 ἐπ’
1525 2763 1648 2834 ἐμοὶ
1681 2763 1776 2816 καὶ

179 2865 256 2934 τῇ
289 2859 604 2934 ἀνθρωπίνῃ
655 2859 924 2930 ἀσθενείᾳ,
957 2857 1282 2927 ἐκοιμήθηι·
1319 2853 1772 2923 τεταραγμένος.

195 2953 262 3008 ‘0
291 2953 352 3008 δὲ
383 2953 606 3024 ὕψιστος
649 2951 800 3014 Θεὸς.
861 2951 950 3006 τὸν
1017 2948 1382 3022 προλεχθέντα
1427 2947 1584 3016 λόγον
1607 2945 1772 3000 αὑτοῦ

183 3043 288 3098 καὶ
319 3043 420 3114 τὴν
453 3041 712 3112 ἀλήθειαν
743 3053 834 3096 και
857 3043 950 3094 τον
969 3041 1118 3094 ἔλεον
1169 3039 1576 3106 ἐξαποστείλας,
1615 3037 1776 3110 ἐρρύ-

185 3151 328 3190 σατο
357 3133 456 3206 τὴν
477 3133 654 3206 ψυχήν
685 3151 805 3206 μου,
839 3133 914 3198 ὡς
942 3133 1104 3204 μηδὲν
1121 3129 1292 3202 αὐτὴν
1319 3129 1510 3184 παθεῖν
1555 3131 1620 3182 ὲκ
1677 3129 1776 3200 τῆς
1799 3169 1844 3228 c

183 3229 436 3300 ταραχῆς
479 3227 586 3282 τῶν
619 3227 890 3298 σκύμνων.
935 3225 1092 3280 Κατά
1119 3225 1174 3278 δὲ
1199 3227 1326 3288 τοὺς
1356 3223 1572 3286 λοιποὺς
1595 3223 1770 3294 ἑρμη-

183 3319 406 3384 νεοτάς·
447 3319 520 3374 Ού
573 3317 994 3402 τεταραγμένος,
1039 3316 1222 3388 φησὶν,
1277 3315 1562 3370 ἐκάθευδον
1611 3315 1774 3384 μέσος

185 3411 530 3484 ἀποληφθεὶς
587 3411 836 3474 λεόντων,
889 3409 1004 3464 ἀλλ’
1041 3409 1307 3478 ἀπτόητος
1347 3409 1494 3478 ήμην
1563 3407 1656 3460 καὶ
1685 3405 1774 3458 εὑο

189 3503 422 3576 θαρσής.
457 3505 618 3572 Λέγει
647 3501 778 3572 γοῦν
805 3503 832 3556 6
871 3499 1120 3562 Ἀκύλας·
1168 3501 1264 3552 Ἐν
1309 3499 1480 3570 μέσῳ
1517 3495 1774 3552 deacribi-

189 3595 628 3666 xorpnailo'oyat
665 3593 918 3664 λάϐρων·
947 3595 976 3646 6
1001 3593 1058 3646 δὲ
1109 3591 1426 3663 Σύμμαχος·
1469 3593 1572 3648 Ἐν
1602 3593 1772 3660 μέσῳ

189 3691 458 3746 λεόντων
475 3687 784 3758 εὐθαρσῶν
815 3685 1160 3756 ἐκοιμήθην.
1211 3685 1366 3748 Τίνες
1421 3685 1478 3738 δὲ
1535 3681 1676 3756 ἦσαν
1717 3687 1768 3738 οἱ

223 3779 426 3842 ἐοντες.
457 3779 490 3848 ἢ
517 3779 566 3832 οἱ
613 3777 844 3848 σκύμνοι
899 3779 994 3832 καὶ
1025 3777 1082 3830 αἱ
1107 3775 1336 3840 λέαιναι,
1363 3775 1616 3846 διασαφεῖ
1645 3775 1772 3846 ἑξῆς

195 3873 384 3942 λέγων·
415 3873 534 3926 Υἱοὶ
565 3871 892 3940 ἀνθρώπων
935 3873 992 3924 οἱ
1043 3869 1286 3936 ὀδόντες
1337 3871 1535 3924 αὐτῶν
1579 3869 1774 3922 ὅπλον

195 3963 292 4018 καὶ
318 3962 502 4028 βέλη,
531 3963 628 4014 καὶ
653 3963 692 4032 ἡ
751 3959 1000 4032 γλῶσσα
1041 3959 1240 4015 αὐτῶν
1261 3961 1526 4030 μάχαιρα
1586 3959 1768 4024 ὀξεῖα.

197 4055 400 4120 Παντὸς
421 4055 528 4126 γὰρ
561 4053 724 4126 θηρὸς
751 4053 940 4126 ἀγρίου
979 4051 1182 4106 ἰοϐόλον
1213 4069 1272 4105 τε
1297 4053 1546 4124 ἑρπετοῦ,
1578 4052 1772 4124 χείρων

199 4145 264 4200 ἂν
297 4147 508 4214 γένοιτο
533 4145 734 4216 φαῦλος
761 4145 854 4200 καὶ
881 4144 1116 4216 πονηρὸς
1149 4143 1458 4215 ἄνθρωπος,
1487 4143 1720 4216 μάλιστα
1745 4145 1772 4198 6

199 4239 466 4303 διαϐολαῖς
521 4239 614 4292 καὶ
669 4239 1020 4302 καταλαλιαῖς
1053 4239 1346 4308 σχολάζων,
1385 4239 1478 4292 καὶ
1519 4241 1640 4302 ταῖς
1665 4237 1772 4290 τῶν

202 4327 458 4400 θεοφιλῶν
481 4329 676 4400 ψυχαῖς
699 4329 1084 4392 ἐπιϐουλεύων,
1133 4329 1232 4398 οὑχ
1259 4327 1442 4392 ὅπλοις
1473 4327 1530 4380 δὲ
1560 4329 1652 4380 καὶ
1683 4327 1770 4380 δύ-

205 4439 348 4494 ρασι,
379 4423 774 4494 κεκρυμμένοις
795 4423 852 4476 δὲ
875 4423 968 4476 καὶ
999 4420 1318 4474 λανθάνουσι
1349 4425 1460 4484 τοῖς
1487 4421 1574 4474 διὰ
1601 4419 1770 4488 λόγων

1877 1943 2102 1996 intravit
2129 1959 2228 1996 me.
2275 1941 2444 2008 Quem
2479 1957 2606 1996 vero
2635 1941 2868 2006 tniser:t,
2921 1939 2974 1992 in
3007 1941 3256 2008 prmsenti
3299 1939 3458 1990 docet

1875 2033 2106 2090 dicens:
2169 2035 2318 2088 Misit
2375 2035 2794 2088 misericordiam
2849 2049 3034 2094 suam,
3083 2043 3132 2084 et
3189 2032 3458 2084 veritati-"nt

1875 2143 2050 2188 suam,
2081 2129 2314 2180 animant
2341 2143 2506 2180 meam
2529 2127 2718 2194 eripuit
2739 2125 2802 2178 de
2833 2125 3002 2178 medio
3025 2123 3322 2176 catulorum
3351 2123 3456 2176 leo-

1875 2233 2042 2272 nam:
2093 2219 2146 2272 in
2181 2235 2414 2288 quorum
2473 2217 2654 2272 medio
2689 2217 3022 2276 consistens.
3069 2215 3182 2268 ait:
3219 2213 3456 2268 Dormiri

1875 2311 2241 2364 conturbatus.
2304 2309 2438 2364 Nam
2495 2311 2548 2364 in
2617 2309 2796 2362 medio
2851 2307 3158 2362 catulorum
3233 2307 3454 2358 leonum

1875 2399 2216 2454 Getlueorum
2249 2401 2460 2454 scilicet
2505 2399 2898 2470 allopbylorum
2929 2395 3326 2464 deprehensus.
3359 2409 3456 2448 seu

1877 2491 2226 2546 inimicorum
2259 2507 2342 2544 me
2375 2491 2478 2544 alia
2529 2491 2740 2544 ratione
2771 2487 3232 2556 iutpugnantium,
3283 2501 3458 2554 quan-

1879 2591 1992 2634 tum
2025 2581 2158 2634 mihi
2195 2595 2287 2650 per
2315 2581 2606 2634 humanam
2637 2579 3004 2632 inlirtuitatem
3035 2575 3210 2636 licuit,
3235 2573 3458 2628 dormivi

1875 2671 2244 2728 con-turbatus.
2287 2671 2606 2726 Altissimus
2645 2685 2774 2724 vero
2807 2667 2950 2724 Deus
2983 2669 3300 2736 praedictum
3337 2685 3380 2722 νε
3407 2683 3458 2720 ι·-

1877 2761 2034 2824 bunt,
2081 2761 2514 2816 misericordiam
2571 2767 2624 2814 et
2675 2761 2958 2812 veritatem
3009 2773 3164 2812 suam
3213 2757 3454 2820 mittens,

1875 2853 2080 2922 eripuit
2111 2851 2348 2904 animam
2385 2865 2584 2914 meam,
2617 2857 2674 2904 ut
2705 2865 2768 2902 ex
2801 2847 3214 2918 perturbatione
3241 2847 3458 2898 catulo-

1875 2959 1996 2996 rum
2049 2943 2264 2996 leonum
2321 2941 2456 2996 nihil
2509 2949 2806 3010 pateretur.
2861 2939 3172 2994 Secundum
3217 2937 3458 3006 reliquos

1875 3041 2058 3088 autem
2097 3033 2466 3100 interpretes:
2507 3031 2624 3084 Non
2657 3029 3050 3090 conturbatus,
3085 3029 3282 3096 inquit,
3329 3027 3458 3080 dor-

1877 3125 2112 3180 miebam
2145 3123 2201 3178 in
2233 3123 2408 3177 medio
2431 3123 2648 3176 leonum
2681 3121 3096 3190 deprehensus;
3131 3119 3224 3172 sul
3257 3119 3460 3188 imper-

1879 3217 2104 3270 territus
2147 3223 2200 3270 et
2232 3213 2510 3268 conlidens
2561 3227 2732 3268 erant.
2769 3213 2860 3265 Ait
2909 3211 3076 3282 igitur
3121 3211 3315 3280 Aquila
3347 3229 3362 3266 :
3391 3209 3456 3264 In

1877 3305 2044 3360 medio
2093 3305 2380 3358 lea'narum
2427 3303 2695 3358 dormiam
2731 3305 3040 3366 voracium;
3093 3299 3456 3372 Symmachus

1873 3415 2004 3454 vero
2035 3415 2048 3452 :
2085 3397 2150 3450 In
2195 3395 2364 3450 ntedio
2399 3399 2606 3450 leonum
2635 3393 2900 3462 conﬁdens
2945 3393 3186 3446 dormivi.
3221 3391 3454 3458 Quinam

1873 3499 2060 3548 essent
2091 3493 2300 3554 leones,
2353 3487 2436 3544 vel
2465 3487 2633 3540 catuli
2683 3487 2902 3540 leonum
2949 3493 3002 3539 et
3035 3485 3234 3544 lezenie,
3269 3493 3458 3552 postea

1875 3585 2140 3642 declarat.
2163 3583 2352 3636 dicens
2376 3599 2388 3634 :
2421 3579 2550 3632 Filii
2579 3577 2850 3630 hominum
2879 3577 3056 3628 dentes
3083 3591 3262 3628 eorum
3297 3577 3456 3626 telum

1873 3687 1922 3730 et
1959 3677 2190 3746 sagitta’,
2223 3683 2272 3728 et
2321 3673 2500 3740 lingua
2543 3687 2720 3726 eorum
2753 3668 2961 3738 gladius
3003 3677 3208 3720 acutus.
3267 3665 3456 3734 Siqui-

1873 3769 1996 3825 dem
2027 3767 2176 3822 omni
2215 3765 2326 3820 fera
2355 3761 2580 3834 agresti,
2615 3775 2888 3816 venenosa
2917 3767 2972 3812 et
3013 3757 3188 3826 reptili
3223 3755 3464 3808 deterior

1877 3863 2042 3918 luerit
2071 3859 2354 3930 improbus
2383 3865 2438 3910 et
2469 3869 2700 3924 nequam
2729 3855 2912 3912 homo,
2967 3849 3312 3916 maximeque
3361 3847 3456 3916 qui

1875 3951 2168 4008 calumniis
2195 3957 2248 4004 et
2279 3947 2584 4002 tnaledictis
2619 3953 2798 4007 vacat,
2827 3949 2880 3996 et
2909 3939 3002 4010 qui
3039 3937 3310 4004 religiosis
3339 3937 3458 3992 ani-

1873 4045 2070 4098 mabus
2105 4039 2418 4100 insidiatur,
2459 4053 2566 4090 non
2603 4035 2722 4090 telis
2761 4041 2816 4086 et
2849 4029 3044 4090 hastis,
3093 4027 3190 4082 sed
3225 4027 3462 4082 occultis

1873 4143 1928 4192 et
1979 4133 2278 4188 latentibus
2331 4131 2624 4186 verborum
2677 4123 3002 4196 perniciosis
3049 4119 3454 4174 instrumentis.

1877 4227 1940 4282 ili
1969 4229 2154 4296 itaque
2187 4225 2432 4280 dentium
2463 4221 2666 4275 ambitu
2701 4217 2856 4286 quasi
2893 4213 3062 4268 armis
3097 4219 3328 4264 utuntur
3355 4209 3460 4262 cir-

1875 4315 2418 4376 ctnnmunientibus,
2471 4317 2524 4364 et
2575 4303 3034 4362 com-ludentibus
3087 4301 3248 4356 verba
3315 4301 3454 4354 intra

1875 4407 2120 4463 dentium
2153 4413 2366 4476 septum
2395 4401 2650 4464 latentia;
2685 4401 2866 4468 lingua
2897 4409 3028 4448 vero
3055 4391 3458 4460 calumniisque

205 4481 564 4586 ἀναιρετικοῖς
581 4481 850 4586 όργάνοις.
885 4513 1196 4585 Κέχρηνται
1225 4511 1354 4582 γοῦν
1381 4481 1688 4566 οῖ-τοιοῦτοι⁹
1707 4515 1770 4582 τῇ

1879 4515 1944 4554 οι
1971 4515 2034 4554 ea
2063 4497 2304 4560 emissis,
2335 4511 2432 4550 ceu
2477 4489 2804 4564 quibusdam
2855 4487 2980 4542 telis
3011 4485 3326 4554 jaculautur
3381 4481 3456 4534 Ea

211 4609 304 4680 μὲν
329 4607 436 4660 τῶν
461 4607 684 4662 ὀδόντων
733 4605 990 4680 περιϐολῇ
1039 4605 1226 4676 ὥσπερ
1273 4606 1380 4658 τινὶ
1429 4605 1580 4674 ὅπλῳ
1623 4621 1780 4676 περι-

207 4697 510 4768 φράττοντι,
539 4699 634 4750 καὶ
667 4695 1026 4768 περικλείοντι
1055 4695 1180 4760 τοὺς
1233 4697 1364 4748 είσω
1407 4695 1518 4748 τῶν
1551 4695 1780 4748 ὀδόντων

209 4787 610 4858 κρυπτομένους
643 4787 852 4858 λόγους·
881 4789 946 4858 τῇ
971 4787 1028 4840 δὲ
1053 4785 1266 4858 γλώττῃ
1303 4785 1398 4838 καὶ
1421 4791 1540 4849 ταῖς
1563 4787 1626 4838 ἐκ
1649 4785 1780 4838 ταύ-

209 4893 304 4948 της
330 4877 794 4948 διαπεμπομέναις
825 4875 1126 4942 διαϐολαῖς,
1173 4873 1362 4948 ὥσπερ
1397 4875 1506 4928 τισὶ
1571 4873 1780 4946 βέλεσιν

213 4967 654 5038 ἀκοντιζομένοις.
703 4969 769 5022 Ἠ
829 4967 876 5020 δ’
905 4969 1042 5038 αὑτὴ
1101 4967 1210 5020 τῶν
1257 4965 1515 5020 τοιούτων
1569 4963 1782 5036 γλῶττα

217 5061 480 5130 μαχαίρας
511 5059 772 5128 ὀξυτάτης
794 5061 944 5114 οἰδὲν
969 5059 1034 5114 ἂν
1063 5059 1313 5130 διαφέροι
1341 5057 1650 5130 κεντούσης,
1688 5061 1782 5112 καὶ

215 5151 278 5204 τὰ
301 5151 434 5222 πρὸς
461 5151 687 5206 θάνατον
719 5151 1062 5222 ἐνεργούσης.
1105 5149 1244 5204 Ἀλλ’
1279 5152 1326 5202 οἱ
1365 5149 1462 5220 μὲν
1507 5149 1780 5222 ἀνθρώπιο-

217 5261 290 5300 νοι
317 5245 528 5310 λέοντες
549 5247 642 5298 καὶ
663 5245 1036 5316 ὠνομασμένοι
1067 5243 1294 5314 σκύμνοι
1337 5241 1586 5296 τοιοῦτοι.
1639 5241 1778 5312 Ἐγὼ

217 5337 268 5390 δὲ
289 5337 462 5392 αὐτῶν
507 5337 752 5410 διέφερον
807 5337 902 5408 τὴν
951 5335 1262 5408 ἐπιϐουλὴν,
1311 5335 1396 5388 διὰ
1447 5337 1536 5388 τὸν
1591 5337 1656 5388 ἐκ
1683 5333 1778 5388 τοῦ

1881 4611 2012 4652 vero
2039 4597 2156 4666 ipsa
2179 4609 2367 4648 eorum
2401 4591 2606 4658 lingua,
2635 4601 2664 4638 a
2699 4583 2880 4656 gladio
2909 4589 3070 4634 acuto
3101 4587 3154 4632 et
3187 4581 3458 4648 pungente

1881 4687 2192 4756 aedemque
2221 4687 2590 4756 perpetrante,
2621 4679 2754 4734 nihil
2791 4675 3024 4730 differat.
3063 4671 3206 4726 Sane
3235 4667 3458 4738 quidem

1883 4779 2020 4832 tales
2049 4783 2180 4831 sunt
2211 4773 2434 4828 humani
2471 4773 2676 4830 leones,
2721 4775 2774 4822 et
2811 4765 3098 4820 meumrati
3141 4759 3306 4814 catuli
3341 4759 3456 4812 leo-

1885 4885 2034 4924 num.
2071 4867 2182 4936 Ego
2211 4881 2344 4920 vero
2367 4879 2556 4918 eorum
2593 4857 2820 4914 insidias
2851 4853 3118 4912 declinavi
3155 4847 3458 4906 Salvatoris

1885 4977 1914 5015 a
1941 4959 2052 5014 Deo
2083 4958 2240 5012 missi
2279 4971 2466 5026 opera,
2517 4953 2610 5024 qui
2661 4951 2864 5020 eripuit
2897 4949 3132 5002 animam
3181 4959 3356 4998 meam
3389 4941 3458 4998 de

1885 5051 2064 5108 medio
2093 5051 2398 5104 catulorum
2437 5049 2675 5102 leonum.
2709 5045 2790 5098 An
2821 5045 2936 5096 hinc
2971 5041 3038 5094 de
3071 5037 3234 5092 Sanle
3261 5037 3456 5090 dican-

1883 5157 1992 5208 tur,
2045 5143 2158 5199 sive
2189 5141 2256 5196 de
2281 5141 2348 5194 iis
2389 5139 2482 5210 qui
2531 5135 2786 5190 Davidem
2819 5133 2958 5204 apud
3001 5131 3218 5184 Saulem
3249 5129 3456 5180 calum-

1879 5235 2012 5292 niati
2065 5239 2232 5296 sunt,
2291 5233 2406 5286 sive
2455 5229 2524 5284 de
2583 5227 2872 5297 aIIOpbylis
2941 5221 3200 5282 Gothi-eis,
3249 5235 3344 5272 seu
3391 5215 3460 5272 de

1883 5325 2252 5384 invisibilibus
2289 5321 2566 5386 inimicis;
2593 5331 2646 5372 tu
2683 5319 2798 5388 ipse
2831 5313 3134 5388 perpendas
3167 5311 3348 5364 velim.

219 5431 344 5486 θεοῦ
365 5433 766 5504 ἀπεσταλμένον
793 5451 884 5506 μοι
937 5433 1188 5503 Σωτῆρα,
1219 5431 1308 5484 τον
1339 5431 1650 5502 ῥυσάμενον·
1671 5429 1768 5500 τὴν
1803 5427 1982 5498 ψυχήν
2009 5437 2110 5492 μου
2134 5421 2198 5472 ἐκ
2227 5419 2390 5490 μέσου
2419 5417 2690 5488 σκύμνων·
2721 5413 2846 5466 Εἴτε
2867 5411 2924 5464 δὲ
2973 5409 3146 5464 ταῦτα
3175 5405 3300 5478 περὶ
3365 5401 3454 5506 ι’ῗῦ

221 5521 382 5578 Σαοὺλ
405 5523 642 5594 ἐλέγετο,
675 5525 784 5580 εἴτε
805 5523 1068 5596 περὶτῶν
1119 5521 1510 5576 διαϐαλλόντων
1563 5517 1830 5574 τὸνΔαυῖδ
1867 5513 2018 5586 παρὰ
2057 5513 2150 5564 τὸν
2199 5509 2392 5574 Σαοὺλ,
2457 5509 2564 5562 εἴτε
2619 5507 2748 5580 περὶ
2803 5505 2912 5558 τῶν
2961 5505 3018 5556 ἓν
3065 5499 3164 5554 Γὲθ
3221 5491 3454 5562 ἀλλοφύ⁶

219 5619 338 5686 λων,
363 5621 470 5674 εἴτε
519 5619 648 5690 περὶ
703 5617 950 5688 ἀοράτων
1001 5613 1230 5688 ἐχθρῶν,
1291 5613 1386 5668 καὶ
1443 5613 1604 5676 αὑτὸς
1665 5611 2000 5680 ἐπιστήσεις.

286 5767 358 5832 (l)
407 5763 774 5826 ‘Erdtcwetoc
787 5759 988 5832 ἶζόγος,
1019 5757 1234 5812 insitum
1253 5753 1480 5818 verbum,
1501 5751 1700 5808 dicitur
1729 5769 1776 5808 at

1878 5749 2190 5806 ilTerenliam
2221 5745 2310 5802 τοὶ
2339 5723 2692 5818 προφορικοῦ,
2723 5743 2936 5814 prolati.
2963 5739 3164 5794 ﬂorum
3197 5733 3454 5804 frequens

225 5831 356 5910 apud
383 5835 570 5892 Patres
597 5851 748 5892 usus.
785 5831 942 5888 Eon.
