4100 6442
709 345 811 402 3H
887 339 892 344 ’

783 460 951 518 Vens.
987 462 1041 528 6,
1069 462 1121 517 7.
1162 460 1419 516 Exaltare
1458 475 1615 530 super
1641 459 1820 524 calas,
1854 459 2017 525 Deus,
2048 468 2097 514 et
2127 476 2284 530 super
2315 472 2359 525 Α

709 571 916 609 omnem
944 563 1159 618 terram,
1192 554 1367 625 gloria
1411 564 1524 616 tua,
1554 561 1610 609 et
1648 560 1864 608 caetera.
1917 551 2142 607 Missum
2177 553 2282 607 sibi

712 647 782 700 ab
815 646 1096 702 Altissimo
1135 646 1439 716 adjutorem
1469 652 1524 700 et
1554 644 1924 710 Servatorem,
1961 649 2151 713 utpote
2189 644 2281 714 qui

712 755 774 796 se
811 738 1180 794 humiliaverit
1210 754 1303 809 per
1335 753 1496 794 suum
1528 737 1593 792 ad
1636 737 1888 792 homines
1931 735 2282 802 descensum,

711 838 769 886 et
820 830 1056 884 animam
1111 844 1266 885 suam
1314 829 1577 899 eripuerit
1624 827 1692 883 de
1747 825 1927 882 medio
1976 826 2284 881 catulorum

713 925 957 986 leonum,
993 924 1078 978 bis
1118 923 1298 978 verbis
1332 921 1601 993 Propheta
1651 922 1942 991 compellat
1971 940 1985 976 :
2017 921 2286 989 Quoniam

711 1031 778 1070 ex
811 1019 1026 1086 prOpria
1071 1015 1446 1086 magnitudine
1493 1014 1852 1077 descendens,
1891 1021 2051 1084 teque
2107 1015 2284 1086 ipsum

714 1124 938 1178 parvum
987 1107 1246 1171 eﬂicieus,
1299 1107 1622 1162 humilitatis
1679 1121 1812 1162 mese
1851 1121 2041 1160 curam
2099 1123 2289 1162 susce-

713 1199 865 1265 pisti,
893 1208 948 1254 et
981 1199 1232 1270 eripuisti
1265 1198 1505 1252 animam
1551 1213 1727 1252 meam
1780 1199 1848 1255 de
1880 1199 2056 1254 medio
2088 1199 2286 1269 praedi-

712 1299 950 1354 ctorum,
1006 1292 1247 1346 exaltare
1296 1289 1538 1357 demum,
1595 1291 1875 1360 proprium
1912 1291 2168 1346 thronum
2222 1306 2286 1348 ac

711 1382 808 1436 tibi
856 1392 1173 1452 competens
1230 1397 1458 1452 regnum
1517 1383 1783 1437 caelorum
1842 1395 2046 1455 repete.
2101 1385 2286 1457 Neque

711 1474 856 1528 enim
905 1483 1046 1528 terra
1085 1475 1258 1545 gloria
1314 1483 1404 1528 tua
1441 1474 1766 1544 privabitur,
1797 1477 2013 1534 etiamsi
2063 1479 2117 1533 in
2147 1481 2286 1536 cmlo

711 1563 898 1634 degas.
932 1562 1399 1630 Quemadmodum
1429 1565 1576 1620 enim
1633 1566 1715 1620 sol
1746 1569 2028 1637 proprium
2061 1585 2286 1626 cursum

711 1658 1033 1722 conficiens,
1067 1671 1162 1713 eos
1190 1658 1284 1727 qui
1321 1657 1376 1712 in
1421 1664 1570 1712 terra
1597 1668 1890 1715 versantur
1925 1663 2138 1734 fulgore
2186 1679 2286 1720 suo

712 1769 822 1808 non
852 1753 1088 1817 fraudat,
1123 1753 1312 1808 eodem
1359 1753 1521 1808 modo
1565 1760 1620 1808 et
1656 1762 1736 1818 tu,
1777 1753 2026 1822 Domine,
2073 1757 2286 1814 etiamsi

712 1846 784 1900 ob
813 1860 1062 1915 magnam
1096 1844 1367 1898 mittentis
1399 1850 1454 1899 te
1497 1842 1679 1900 Patris
1731 1859 1861 1916 erga
1894 1845 2144 1902 homines
2174 1847 2288 1902 cle-

711 1936 993 1999 mentiam,
1015 1950 1189 2006 usque
1213 1936 1281 1990 ad
1306 1936 1629 2005 parvitatem
1655 1951 1831 1992 meam
1857 1945 1910 1994 te
1938 1938 2286 2006 extenderis;

713 2039 767 2083 at
796 2029 1037 2084 exaltare
1060 2028 1277 2082 demum
1306 2043 1471 2098 super
1502 2028 1695 2091 caelos,
1728 2035 1782 2082 et
1811 2028 1864 2082 in
1896 2029 2019 2083 sinu
2043 2031 2292 2085 Paterna:

715 2119 938 2176 deitatis
973 2119 1242 2185 residens,
1279 2135 1497 2174 omnem
1533 2128 1733 2173 terram
1783 2119 1957 2189 gloria
1993 2127 2084 2174 tua
2118 2120 2286 2190 reple.

715 2213 838 2268 llaec
882 2228 1046 2283 porro
1091 2212 1217 2280 jure
1259 2209 1500 2281 profero,
1558 2209 1614 2263 in
1667 2216 1786 2263 tuto
1838 2220 2034 2264 contra
2087 2211 2288 2265 malum

713 2306 996 2376 quodlibet
1019 2305 1254 2374 positus,
1284 2311 1338 2358 et
1367 2317 1398 2355 a
1428 2301 1704 2373 praedictis
1725 2301 1923 2357 catulis
1957 2309 2012 2358 et
2041 2302 2289 2359 leonibus

713 2404 809 2450 tua
847 2395 1166 2450 visitatione
1195 2400 1438 2462 ereptus,
1472 2393 1565 2464 qui
1602 2393 1814 2464 laqueos
1852 2402 2172 2463 paraverunt
2200 2409 2290 2463 pe-

713 2486 866 2540 dibus
901 2485 1051 2546 meis,
1083 2493 1158 2550 et,
1187 2491 1455 2554 quantum
1489 2483 1542 2537 in
1569 2483 1704 2554 ipsis
1725 2493 1864 2546 erat,
1889 2485 2288 2539 incurvaverunt

715 2581 948 2634 animam
1003 2591 1218 2640 meam;
1275 2576 1370 2632 sed
1418 2575 1582 2631 etiam
1633 2576 1879 2646 [oderunt
1932 2586 2053 2631 ante
2099 2577 2290 2646 faciem

713 2686 886 2725 meam
925 2669 1148 2738 foveam.
1184 2665 1293 2722 Sed
1323 2667 1436 2722 haec
1461 2668 1516 2721 in
1541 2683 1694 2722 suam
1728 2668 2050 2738 perniciem,
2083 2683 2193 2722 non
2233 2667 2289 2721 in

712 2779 914 2824 meam,
945 2771 1037 2817 tua
1068 2761 1432 2834 protect—ioue,
1486 2759 1865 2830 designarunt.
1915 2758 2024 2830 Ipsi
2053 2774 2290 2828 namque

713 2859 770 2913 in
802 2856 944 2910 banc
969 2855 1180 2909 foveam
1211 2869 1366 2909 suam
1395 2851 1556 2924 primi
1581 2851 1920 2906 ceciderunt.
1945 2851 2291 2922 Quapropter

712 2950 840 3020 quia
875 2956 931 3003 tu
963 2963 992 3002 a
1019 2947 1181 3004 Patre
1214 2947 1417 3002 missus
1467 2945 1597 3000 talia
1628 2943 1868 3012 edidisti,
1917 2943 2158 2999 exaltare
2189 2941 2287 2996 de-

711 3057 885 3105 mum,
921 3055 985 3096 ac
1009 3039 1261 3094 cmlestes
1287 3039 1410 3094 illas
1441 3039 1779 3104 mansiones,
1813 3043 1875 3092 ut
1903 3034 2004 3092 tibi
2039 3034 2289 3107 proprias

711 3142 767 3192 et
793 3133 984 3191 deitati
1011 3142 1116 3188 tua:
1141 3140 1433 3190 consuetas
1465 3130 1666 3202 recipe.

787 3446 950 3504 Vens.
968 3445 1123 3502 8-H.
1151 3445 1407 3500 Paratum
1429 3462 1522 3501 cor
1537 3459 1730 3507 meum,
1750 3440 1913 3506 Deus,
1931 3451 2177 3510 paratum
2195 3457 2287 3495 cor

712 3555 908 3605 meum,
933 3541 1155 3593 cantabo
1193 3548 1243 3592 et
1271 3538 1535 3608 psalmum
1567 3535 1764 3598 dicam,
1799 3541 1906 3590 etc.
1941 3531 2190 3588 Salvator
2227 3533 2284 3586 in

713 3643 814 3686 sua
849 3627 915 3683 ad
952 3628 1251 3698 discipulos
1275 3627 1526 3682 doctrina
1572 3627 1688 3681 haec
1735 3625 1803 3680 de
1845 3623 2052 3695 Spiritu
2093 3632 2285 3680 sancto

713 3721 887 3777 dixit:
917 3719 976 3775 Si
1005 3718 1228 3788 diligitis
1267 3734 1346 3771 me
1366 3757 1380 3782 ,
1408 3716 1666 3770 mandata
1703 3731 1818 3769 mea
1854 3725 2075 3782 servate,
2105 3724 2156 3770 et
2191 3733 2284 3787 ego

712 3812 909 3884 rogabo
949 3810 1185 3874 Patrem,
1235 3818 1283 3864 et
1325 3808 1491 3862 alium
1528 3807 1868 3861 Paracletum
1908 3805 2058 3860 dabit
2118 3807 2283 3873 vobis,

714 3915 773 3962 ut
811 3907 880 3960 sit
921 3905 1188 3960 vobiscum
1214 3904 1270 3956 in
1302 3912 1590 3960 teternum.
1632 3899 1892 3968 Spiritum
1933 3900 2172 3954 veritatis
2191 3901 2232 3933 ³⁷
2267 3920 2282 3957 :

712 4007 768 4055 et
797 4013 1056 4054 rursum:
1099 3995 1226 4050 Haec
1273 3995 1480 4050 locutus
1519 4009 1637 4048 sum
1671 3991 1814 4046 vobis
1861 3991 2001 4060 apud
2045 4009 2133 4050 vos
2177 4009 2288 4046 ma~

713 4107 841 4146 nens
870 4131 885 4154 ,
928 4088 1239 4142 Paracletus
1281 4096 1494 4150 autem,
1551 4085 1784 4154 Spiritus
1859 4093 2075 4140 sanctus
2135 4102 2287 4156 quem

711 4183 882 4236 mittet
925 4179 1088 4234 Pater
1115 4181 1171 4234 in
1202 4180 1411 4234 nomine
1439 4194 1571 4239 meo.
1603 4177 1696 4231 ille
1725 4195 1814 4232 vos
1855 4176 2056 4231 docebit
2082 4179 2281 4242 omnia,

710 4285 761 4330 ct
785 4274 1124 4345 suggeret";
1160 4287 1225 4326 ac
1248 4271 1478 4326 iterum:
1522 4268 1706 4323 Adhuc
1734 4269 1903 4324 multa
1936 4269 2098 4324 habeo
2127 4270 2282 4326 vobis

711 4365 904 4422 dicere.
935 4363 1024 4418 sed
1065 4381 1169 4417 non
1209 4363 1424 4432 potestis
1455 4371 1668 4430 portare
1702 4360 1878 4418 modo.
1932 4359 2066 4417 Cum
2105 4372 2284 4417 autem

711 4457 907 4514 venerit
938 4455 1027 4509 ille
1063 4454 1294 4524 Spiritus
1317 4454 1556 4508 veritatis
1577 4492 1594 4516 ,
1637 4453 1879 4506 riarrabit
1912 4452 2053 4507 vobis
2086 4454 2282 4508 verita-

1397 342 1668 400 EUSEBII
1704 339 2181 399 CESARIENSIS
2218 343 2370 399 OPP.
2407 343 2587 400 PARS
2617 341 2706 400 Ill.
2742 375 2811 386 --
2849 342 3270 402 EXEGETICA.
3902 345 3975 400 ιιι

2469 460 2752 530 Ὑψώθητι
2779 461 2876 516 ἐπὶ
2933 461 3077 528 τοὺς
3132 457 3499 531 οὐρανοὺς,
3537 458 3575 510 ὁ
3605 455 3774 524 Oeric,
3805 461 3888 514 καί
3909 466 3978 521 lxi

2385 552 2592 608 πᾶσαν
2613 553 2728 621 τὴν
2764 552 2882 624 γῆν
2927 556 2965 622 ἠ
3023 553 3174 618 δόξα
3227 569 3401 615 σου,
3443 551 3552 604 καὶ
3618 550 3692 603 τὰ
3752 552 3886 622 ἑξῆς.
3917 557 3980 628 Τῷ

2385 646 2932 712 ὲξαποσταλέντιύπδ
2980 647 3074 700 τοῦ
3111 646 3396 716 Ὑψίστου
3453 640 3659 713 βοηθῷ
3716 642 3894 698 ἑαυτοῦ
3915 651 3982 703 καί

2385 739 2616 810 Σωτῆρι,
2642 739 2718 803 ὼς
2745 739 2811 794 ἂν
2856 739 3043 792 ἑαυτὸν
3073 736 3542 793 ταπεινώσαντα
3590 736 3689 790 διὰ
3713 736 3814 806 τῆς
3841 740 3984 810 μέχρις

2385 827 2686 899 ἀνθρώπων
2718 828 2966 895 καθόδου,
2993 828 3290 900 ῥυσαμένῳ
3359 844 3434 882 τε
3482 826 3600 898 τὴν
3647 825 3830 898 ψυχὴν
3860 832 3982 887 αὑτοῦ

2386 921 2450 972 ὲκ
2479 921 2643 991 μέσου
2691 919 2964 991 σκύμνων,
2994 921 3290 990 ζὲπιφωνεϊ
3357 918 3568 988 λέγων
3629 920 3662 972 ό
3719 919 3984 996 Προφήτης·

2399 1011 2636 1084 Ἐπειδὴ,
2667 1011 2758 1066 τοῦ
2783 1014 2982 1067 οἰκείου
3013 1013 3276 1084 μεγέθους
3292 1010 3728 1075 ὑποκαταϐὰς,
3755 1014 3847 1065 καί
3871 1031 3986 1070 σεαυ-

2325 1123 2330 1128 ’
2385 1103 2478 1157 τὸν
2507 1103 2826 1176 σμικρύνας,
2878 1104 2976 1175 τῆς
3028 1105 3170 1176 ἐμῆς
3201 1103 3646 1176 ταπεινότητος
3689 1105 3986 1175 ἐφρόντισας,

2389 1193 2604 1266 ὲρῤύσω
2628 1212 2689 1248 τε
2713 1195 2811 1267 τὴν
2830 1194 3010 1266 ψυχήν
3046 1212 3147 1266 μου
3176 1197 3239 1248 ὲκ
3274 1197 3481 1268 μέσου
3525 1194 3650 1247 τῶν
3711 1195 3988 1266 προλεχθέν.

2387 1302 2513 1350 των,
2545 1285 2789 1357 ὑψώθητι
2830 1286 3032 1352 λοιπὸν,
3095 1287 3187 1341 καί
3236 1287 3650 1359 ἀπολάμῦανε
3706 1287 3801 1341 τὸν
3831 1292 3988 1344 σανταῦ

2388 1376 2573 1448 θρόνον
2603 1379 2696 1431 καὶ
2726 1377 2821 1451 τὴν
2848 1378 3163 1450 πρέπουσάν
3190 1396 3272 1433 σοι
3310 1381 3384 1433 ὲν
3447 1377 3697 1451 οὐρανῷ
3731 1378 3988 1449 βασιλείαν.

2388 1470 2523 1524 Οὐδὲ
2559 1469 2732 1534 οὕτως
2755 1471 2864 1543 γὰρ
2916 1472 3447 1544 ἁποστερηθήσεται
3479 1473 3516 1543 ή
3551 1471 3631 1542 γῆ
3661 1469 3767 1541 τῆς
3795 1472 3889 1542 σῆς
3924 1475 3987 1528 δό-

2390 1559 2506 1633 ξης,
2534 1560 2636 1616 κᾶν
2661 1564 2718 1616 ὲν
2751 1563 2962 1635 οὐρανῷ
2983 1563 3280 1636 διατρίϐεις.
3313 1563 3565 1634 Ὥσπερ
3599 1563 3719 1634 γὰρ
3746 1563 3905 1632 ἣλιος,
3924 1566 3988 1617 τόν

2387 1659 2586 1710 οἰκεῖον
2618 1655 2895 1710 ἀποτελῶν
2946 1655 3164 1726 δρόμον,
3219 1657 3325 1710 οὐκ
3365 1656 3717 1727 ἀποστερεῖ
3751 1657 3872 1720 τοὺς
3918 1658 3985 1710 ἐπὶ

2389 1749 2494 1820 γῆς
2512 1750 2610 1821 τῆς
2669 1748 2862 1803 ἑαυτοῦ
2897 1749 3256 1820 λαμπηδόνος·
3322 1748 3438 1804 τὸν
3473 1748 3663 1804 αὐτὸν
3697 1748 3892 1820 τρόπον
3921 1753 3986 1802 καὶ

2391 1835 2540 1904 σὺ,ὧ
2572 1841 2768 1914 Κύριε,
2802 1843 2850 1894 εἰ
2876 1841 2970 1896 καὶ
2991 1841 3060 1895 τὰ
3091 1841 3324 1912 μάλιστα
3355 1841 3440 1896 δι’
3481 1839 3816 1913 ὑπερϐολὴν
3845 1842 3980 1910 φιλᾶν

2391 1931 2637 2004 θρωπίας
2666 1933 2761 1987 τοῦ
2789 1933 3248 2006 καταπέμψαντός
3277 1952 3335 1988 σε
3412 1935 3665 2006 Πατρδς
3719 1935 3876 2006 μέχρι
3911 1935 3984 2005 τῆς

2390 2023 2530 2094 ἐμῆς
2554 2025 2912 2098 σμικρότητος
2965 2025 3288 2098 ἐξητάσθης,
3344 2025 3486 2079 ἀλλ’
3541 2025 3806 2095 ὑψώθητι
3835 2025 3982 2081 λοιπὸν

2389 2115 2482 2168 ἐπὶ
2524 2116 2650 2179 τοὺς
2668 2117 2947 2189 οὐρανοὺς,
2991 2118 3087 2171 καὶ
3122 2120 3236 2181 τοῖς
3282 2116 3539 2179 κόλποις
3564 2117 3677 2187 τῆς
3741 2117 3984 2188 Πατρικῆς

2391 2205 2640 2278 θεότητος
2661 2207 2905 2272 ὲνοικῶν,
2942 2208 3148 2280 πλήρου
3205 2209 3303 2280 τῆς
3331 2206 3564 2262 σαυτοῦ
3623 2206 3794 2278 δόξης
3843 2209 3980 2262 πᾶσαν

2387 2299 2487 2370 τὴν
2511 2300 2634 2370 γῆν.
2658 2300 2816 2370 Λέγω
2845 2300 2900 2354 δὲ
2927 2301 3099 2355 ταῦτα
3132 2301 3376 2366 εἰκότως,
3414 2301 3484 2353 ὲν
3524 2299 3849 2372 ἀμεριμνίᾳ
3874 2317 3978 2353 παν-

2388 2391 2479 2456 τὸς
2502 2392 2670 2446 κακοῦ
2713 2391 2972 2462 γεγονὼς,
2993 2393 3088 2446 καί
3122 2391 3232 2446 τῶν
3272 2391 3728 2466 προλεχθέντων
3763 2390 3978 2460 σκύμνων

2392 2486 2486 2538 καί
2504 2483 2733 2538 λεόντων
2757 2483 2845 2538 διὰ
2873 2483 2974 2554 τῆς
3000 2485 3097 2556 σῆς
3149 2486 3472 2558 ἐπισκοπῆς
3523 2483 3784 2558 ρυσθείς·
3820 2484 3976 2545 οἵτινες

2391 2573 2644 2644 παγίδας
2682 2575 3017 2644 ἡτοίμασαν
3047 2574 3168 2640 τοῖς
3221 2578 3368 2630 ποσί
3394 2595 3561 2647 μου,
3630 2577 3752 2639 καὶ,
3799 2575 3858 2629 τὸ
3885 2576 3975 2628 ὅσον

2390 2669 2476 2721 ἐπ’
2501 2667 2700 2731 αὐτοῖς,
2727 2668 3114 2737 κατέκαμψαν
3144 2668 3258 2738 τὴν
3293 2668 3529 2738 ψυχήν
3555 2685 3710 2739 μου⁸
3754 2667 3880 2721 ἀλλὰ
3903 2666 3973 2720 καὶ

2389 2759 2628 2830 ὤρυξαν
2655 2761 2768 2830 πρὸ
2801 2760 3124 2831 προσώπου
3138 2780 3268 2832 μου
3283 2763 3558 2832 βόθρον.
3579 2760 3781 2816 Ταῦτα
3805 2760 3859 2814 δὲ
3877 2757 3974 2813 καθ’

2389 2852 2618 2918 ἑαυτῶν,
2646 2854 2759 2907 ἀλλ’
2778 2855 2838 2907 οὐ
2871 2853 3142 2925 κατ’ὲμοῦ
3172 2852 3260 2907 διὰ
3293 2855 3396 2926 τὴν
3419 2855 3536 2925 σὴν
3569 2852 3793 2924 σκέπην
3815 2851 3968 2926 εἰργά-

2390 2961 2570 2998 σαντο.
2611 2945 2892 3014 Ἐφθασαν
2915 2945 3025 3018 γὰρ
3070 2947 3223 3000 αὐτοὶ
3249 2946 3454 3018 μᾶλλον
3493 2948 3587 3010 εἰς
3647 2945 3744 2998 τὸν
3794 2942 3972 2996 ἑαυτῶν

2389 3039 2787 3103 καταπεσόντες
2818 3039 3028 3111 βόθρον.
3076 3040 3275 3112 Διόπερ
3298 3041 3498 3112 ἐπειδὴ
3540 3039 3728 3094 ταῦτα
3759 3036 3964 3108 εἰργάσω

2311 3151 2359 3209 c
2390 3131 2455 3186 σὺ
2487 3133 2516 3186 ό
2545 3131 2952 3204 ἀπεσταλμένος
2973 3132 3078 3186 ὑπὸ
3101 3132 3196 3186 τοῦ
3219 3132 3457 3204 Πατρὺς,
3494 3131 3760 3203 ὑψώθητι
3792 3128 3965 3192 λοιπδν,

2385 3224 2482 3278 καὶ
2514 3224 2865 3295 ἀπολάμϐανε
2889 3224 2991 3288 τὰς
3010 3224 3311 3296 οὐρανίους,
3337 3223 3416 3287 ὼς
3447 3223 3680 3288 οἰκείας
3723 3221 3818 3276 καί
3863 3235 3961 3272 συν-

2385 3315 2536 3388 ήθεις
2562 3319 2626 3389 τῇ
2658 3320 2724 3389 σῇ
2760 3316 2972 3388 θεότητι
3000 3316 3295 3389 διατριϐάς.

2469 3427 2698 3498 Ἐ’τοίμη
2736 3430 2774 3497 ή
2814 3429 3026 3498 καρδία
3051 3446 3190 3499 μου,
3236 3430 3269 3482 ὁ
3299 3429 3484 3496 Θεὸς,
3538 3427 3755 3497 ἑτοίμη
3785 3425 3822 3492 ἠ
3850 3437 3957 3488 καρ-

2385 3521 2484 3576 δία
2499 3538 2640 3590 μου,
2668 3519 2888 3590 ᾄσομαι
2913 3520 3010 3574 καὶ
3048 3519 3246 3590 ψαλῶ,
3278 3521 3372 3574 καὶ
3409 3519 3481 3573 τὰ
3509 3519 3668 3589 ἑξῆς.
3716 3516 3775 3570 '0
3801 3511 3960 3581 Σωτὴρ

2386 3615 2444 3668 ὲν
2461 3616 2580 3678 ταῖς
2604 3611 2738 3684 πρὸς
2766 3615 2890 3677 τοὺς
2933 3612 3180 3685 μαθητὰς
3233 3611 3623 3676 διδασκαλίαις
3656 3607 3810 3663 ταῦτ’
3835 3607 3954 3674 clm-

2386 3701 2497 3766 κὼς
2530 3703 2772 3774 περὶτοῦ
2803 3701 2958 3772 ἁγίου
2985 3703 3126 3756 Πνεύ
3136 3719 3321 3774 ματος·
3371 3703 3513 3757 Ἐὰν
3551 3698 3827 3772 ἀγαπᾶτε
3851 3692 3954 3764 ἐμὲ.

2385 3793 2492 3860 τὰς
2521 3792 2772 3860 ἐντολὰς
2801 3794 2906 3860 τὰς
2933 3793 3078 3863 ἐμὰς
3098 3792 3418 3861 τηρήσατε
3438 3793 3540 3847 καὶ
3560 3790 3684 3862 ἐγὼ
3709 3784 3952 3858 ἐρωτήσω

2384 3885 2492 3941 τὸν
2515 3885 2764 3954 Πατέρα,
2809 3886 2908 3940 καὶ
2952 3885 3145 3941 ἄλλον
3170 3884 3573 3956 Παράκλητον
3618 3885 3799 3938 δώσει
3815 3875 3952 3948 ὑμῖν.

2385 3979 2486 4032 ἵνα
2511 3973 2552 4050 ᾖ
2579 3979 2707 4048 μεθ’
2746 3976 2912 4047 ὑμῶν
2931 3981 3018 4044 εὶς
3072 3977 3179 4030 τὸν
3211 3977 3418 4042 αιῶνα,
3451 3978 3521 4032 τὸ
3575 3973 3825 4043 Πνεῦμα
3862 3965 3951 4034 τῆς

2384 4071 2688 4138 ἀληθείας·
2735 4071 2828 4123 καὶ
2861 4068 3042 4124 πάλινο
3102 4069 3292 4122 Ταῦτα
3314 4067 3640 4138 λελάληκα
3673 4062 3814 4134 ὑμῖν
3833 4053 3947 4124 παρ’

2384 4161 2527 4232 ὑμῖν
2571 4162 2786 4232 μένων·
2844 4164 2876 4216 ὁ
2925 4160 2994 4214 δὲ
3038 4161 3452 4229 Παράκλητος,
3503 4160 3576 4214 τὸ
3609 4154 3854 4223 Πνεῦμα
3893 4145 3948 4199 τὸ

2384 4260 2554 4331 ἅγιον
2590 4261 2621 4314 ὃ
2642 4259 2862 4330 πέμψει
2892 4262 2924 4314 ό
2952 4257 3152 4326 Πατήρ
3180 4275 3298 4327 μου
3328 4257 3398 4310 ἐν
3429 4257 3510 4322 τῷ
3550 4250 3801 4324 ὀνόματί
3822 4263 3942 4318 μους

2383 4353 2612 4419 ἐκεῖνος
2642 4351 2798 4421 ὑμᾶς
2821 4350 3047 4416 διδάξει
3078 4349 3273 4405 πάντα
3299 4347 3400 4402 καὶ
3455 4345 3819 4417 ύπομνήσεν
3868 4335 3943 4390 καὶ

2384 4440 2558 4509 αὖθις
2595 4445 2717 4498 Ἔτι
2750 4443 2952 4498 πολλὰ
2978 4442 3096 4512 ἔχω
3147 4440 3348 4510 λέγειν
3378 4439 3543 4510 ὑμῖν,
3590 4434 3729 4492 ἀλλ’
3757 4433 3825 4486 οὐ
3857 4425 3940 4480 δύα

711 4559 837 4614 tem,
867 4548 991 4618 quia
1023 4547 1086 4600 de
1126 4563 1238 4600 meo
1287 4546 1527 4614 accipiet,
1573 4552 1623 4598 et
1680 4542 2018 4598 annuntiabit
2051 4545 2192 4600 vobis
2211 4546 2277 4600 ³³.

2384 4543 2572 4594 νασθε
2595 4537 2924 4604 βαστάζειν
2960 4536 3110 4606 ἄρτι.
3151 4535 3327 4587 Ὅταν
3353 4531 3420 4585 δὲ
3457 4532 3611 4600 ἔλθη
3642 4515 3938 4618 “El-"Cf?

713 4641 926 4708 Quibus
956 4639 1198 4694 declarat
1233 4637 1438 4706 majora
1475 4637 1565 4690 illa
1601 4651 1698 4690 sua
1730 4651 1874 4700 esse,
1911 4649 2074 4706 quam
2110 4643 2170 4690 ut
2212 4636 2280 4708 ab

712 4703 977 4802 a—p'ostolis
1021 4703 1382 4798 caperentur:
1420 4723 1540 4779 Non
1573 4725 1718 4780 enim
1759 4703 2024 4796 potestis,
2065 4703 2276 4796 inquit',

710 4832 930 4897 portare
964 4843 977 4879 :
1010 4823 1104 4878 sed
1158 4822 1424 4894 Spiritum
1481 4821 1730 4877 veritatis
1777 4837 1844 4876 ex
1899 4836 1958 4877 se
1992 4821 2178 4876 datum
2225 4827 2280 4875 et

711 4914 976 4986 apostolis
1023 4913 1092 4967 ab
1131 4927 1189 4968 se
1229 4911 1480 4975 missmn,
1528 4911 1985 4966 annuntiaturum
2027 4911 2104 4964 ait
2144 4909 2280 4980 ipsis

709 5023 928 5064 omnem
954 5005 1260 5060 veritatem.
1301 5001 1458 5070 Quod
1495 5003 1542 5059 si
1592 5003 1708 5057 haec
1748 5003 1831 5058 sic
1867 5003 2275 5074 intelligantur,

708 5099 832 5171 iure
865 5096 1056 5158 David,
1097 5105 1386 5167 postquam
1412 5094 1522 5150 Deo
1567 5093 1622 5148 in
1671 5093 1758 5150 sui
1803 5094 2065 5149 auxilium
2107 5093 2280 5148 misso

711 5189 948 5252 dixerat,
981 5187 1240 5242 Exaltare
1277 5201 1432 5254 super
1458 5186 1644 5249 caelos,
1678 5184 1842 5248 Deus,
1873 5193 1924 5240 et
1962 5200 2116 5254 super
2166 5201 2280 5239 om-

710 5299 829 5338 nem
881 5293 1076 5336 terram
1104 5281 1275 5352 gloria
1321 5289 1448 5344 tua;
1479 5285 1636 5350 rogat
1684 5277 1882 5334 exinde
1921 5277 2169 5333 eumdem
2217 5283 2279 5331 ut

709 5376 817 5433 sibi
850 5375 1031 5430 mittat
1048 5373 1310 5445 Spiritum
1339 5371 1706 5432 Paracletum,
1741 5369 2156 5440 propheticum;
2180 5383 2278 5439 pa-

710 5478 890 5528 ratum
924 5483 1046 5524 sese
1071 5467 1258 5522 dicens
1287 5464 1354 5519 ad
1377 5461 1756 5534 excipiendum
1780 5477 1904 5517 eum
1937 5479 1952 5516 :
1987 5466 2273 5532 purgatum

711 5564 921 5625 scilicet
939 5576 1064 5617 esse
1096 5559 1358 5628 templum
1382 5556 1437 5611 in
1465 5571 1524 5612 se
1559 5554 1822 5625 positum,
1849 5560 1904 5608 et
1941 5552 2137 5607 animae
2163 5567 2276 5608 sum

708 5650 1150 5722 receptaculum;
1181 5646 1440 5701 nimirum
1476 5644 1652 5717 ipsam
1682 5649 1940 5707 mentem,
1977 5656 2139 5712 quam
2166 5645 2273 5694 tro~

2385 4633 2628 4702 Πνεῦμα
2653 4630 2762 4700 τῆς
2793 4630 3098 4699 ἀληθείας,
3127 4625 3472 4697 διηγήσεται
3499 4623 3648 4694 ὑμῖν
3670 4619 3781 4686 τὴν
3810 4609 3933 4702 tibi:

2387 4700 2573 4787 θείαν,
2609 4723 2698 4777 ὅτι
2743 4724 2812 4777 ὲκ
2856 4722 2963 4777 τοῦ
3013 4719 3159 4790 ἐμοῦ
3223 4717 3429 4786 λήψει,
3487 4717 3588 4770 καὶ
3648 4700 3937 4776 ἀναγγελεῖ

2385 4816 2546 4887 ὑμῖν.
2580 4818 2658 4870 Δι’
2694 4810 2769 4870 ὧν
2800 4814 3096 4887 παρίστησι
3149 4811 3366 4883 μείζονα
3412 4808 3508 4879 μὲν
3532 4805 3674 4860 εἶναι
3728 4800 3791 4854 τὰ

2385 4909 2547 4964 αὑτοῦ
2595 4907 2690 4962 καὶ
2726 4907 2800 4979 μὴ
2862 4905 3184 4977 χωρούμενα
3209 4903 3314 4956 ὑπὸ
3354 4900 3463 4954 τῶν
3517 4893 3836 4953 ἀποστόλων·
3867 4882 3927 4979 9‘5

2385 5002 2492 5074 γὰρ
2541 4975 2798 5064 δύνασθε,⁷
2842 4975 2996 5072 φησὶ,
3059 4997 3366 5068 βαστάζειν·
3414 4994 3476 5047 τὸ
3503 4991 3560 5044 δὲ
3592 4986 3808 5056 Πνεῦμα
3841 4975 3924 5074 τῆς

2383 5067 2639 5166 ἀληθείας
2662 5093 2723 5146 τὸ
2745 5091 2805 5158 ἐξ
2831 5067 2991 5145 αὐτοῦ
3034 5067 3434 5162 χορηγούμενον
3472 5085 3568 5140 καί
3589 5085 3698 5146 τοῖς
3729 5067 3926 5133 ἀποστό-

2382 5182 2494 5248 λοις
2517 5185 2605 5238 ὑπ’
2621 5183 2784 5237 αὐτοῦ
2810 5181 3158 5254 πεμπόμενον
3189 5176 3542 5247 ἀναγγέλλειν
3571 5173 3751 5233 αὐτοῖς
3769 5166 3919 5254 πᾶσαν

2383 5268 2480 5340 τὴν
2508 5269 2778 5340 ἀλήθειαν.
2813 5248 2964 5341 Εἰδὴ
2991 5248 3083 5323 οὖν
3111 5267 3281 5322 ταῦτα
3313 5265 3575 5336 νενόηται,
3617 5260 3824 5317 εἰκότως
3843 5248 3920 5303 καὶ

2382 5360 2412 5413 ό
2436 5359 2596 5415 Δαυῒδ
2618 5360 2696 5432 τῷ
2727 5359 3116 5431 ἀπεσταλμένῳ
3148 5357 3266 5429 Θεῴ
3288 5359 3365 5420 εἰς
3383 5356 3481 5426 τὴν
3506 5351 3668 5408 αὑτοῦ
3701 5344 3918 5432 βοήθεξαν

2383 5429 2688 5528 προφήσαςζ
2727 5429 3020 5524 ’Υψιίιθητι
3059 5429 3158 5506 ἐπὶ
3209 5449 3352 5516 τοὺς
3379 5445 3689 5515 οὐρανοὺς,

2381 5546 2480 5600 καί
2539 5546 2638 5600 ἐπὶ
2689 5543 2896 5601 πᾶσαν
2950 5544 3064 5612 τὴν
3094 5541 3212 5613 γῆν
3247 5542 3284 5609 ὴ
3344 5537 3493 5602 δόξα
3547 5550 3682 5597 σου,
3718 5529 3916 5613 uas?“

2382 5638 2509 5710 ἑξῆς
2539 5638 2631 5693 τὸν
2686 5638 2850 5694 αὑτὸν
2897 5609 3249 5710 καταπέμψαι
3298 5628 3446 5703 αὑτῷ
3497 5631 3562 5686 τὸ
3604 5620 3810 5693 Πνεῦμα
3837 5609 3912 5666 τὸν

811 5805 1029 5862 ³ὀιοεη.
1065 5821 1177 5872 xiv,
1217 5803 1400 5859 lii-l7.
1479 5800 1522 5835 ³⁸
1562 5800 1693 5858 ibid.
1726 5798 1923 5864 25.20.
2001 5799 2042 5830 ³³
2068 5795 2223 5853 loan.
2261 5809 2373 5860 xw,
2403 5793 2486 5861 l2,
2513 5793 2598 5849 15.
