4100 6442
147 390 301 448 515
1325 385 1830 444 COMMENTARIA
1868 388 1934 444 IN
1975 388 2316 449 PSALMOS.
3352 401 3458 458 5H

161 505 570 581 Παράκλητον,
619 505 680 558 es
729 503 1086 576 προφητικὸν,
1133 505 1348 576 ἕτοιμον
1400 502 1536 560 εἶναι
1587 506 1772 562 ἑαυτὸν

1883 508 2004 576 pice
2042 524 2138 562 cor
2165 508 2451 580 Scriptura
2483 510 2621 567 solet
2643 512 2919 582 appellare
2947 531 2961 570 :
2991 515 3136 588 quod
3166 515 3252 572 his
3285 521 3459 591 signi-

154 598 418 666 φάσκων
449 598 529 659 εἰς
555 594 818 668 ὑποδοχὴν
839 594 1024 648 αὐτοῦ’
1063 595 1400 667 κεκαθάρθαι
1429 595 1538 670 γὰρ
1563 596 1654 650 τὸν
1712 597 1772 651 ὲν

1880 601 2026 669 licat,
2060 600 2319 657 Paratum
2347 621 2438 658 cor
2464 621 2657 668 meum,
2678 605 2841 670 Deus,
2871 619 3122 677 paratum
3147 626 3239 664 cor
3263 629 3457 672 meum.

151 689 338 762 αὐτῷ
362 689 487 744 ναὸν
515 689 610 743 καὶ
659 688 721 742 τὸ
751 689 956 760 δοχεῖον
1003 688 1102 759 τῆς
1144 688 1309 742 αὑτοῦ
1340 689 1538 761 ψυχῆς·
1570 688 1770 762 δηλαδὴ

1877 692 1988 749 Cor
2051 695 2217 766 igitur
2260 713 2462 763 meum,
2497 714 2561 753 ac
2610 699 2695 753 vis
2747 700 3084 772 intelligendi
3123 714 3310 773 parata
3351 717 3457 764 est.

149 783 285 855 τὴν
312 781 479 854 αὐτὴν
503 781 762 847 διάνοιαν,
791 783 858 853 ἢν
879 780 1152 853 τροπικῶς
1178 781 1404 854 καρδίαν
1446 779 1632 834 εῖωθεν
1657 781 1772 835 ὀνο-

1878 786 1960 840 Tu
2001 803 2132 843 vero
2185 789 2400 845 tandem
2453 793 2642 846 emitte
2680 789 2944 862 Spiritum
3003 802 3179 850 tuum.
3229 796 3454 854 Astante

155 873 383 945 μάζειν
437 877 464 928 ὁ
526 873 702 945 λόγος·
745 873 774 927 ὃ
819 873 884 945 δὴ
937 874 1232 946 παρίστησι
1282 872 1476 942 λέγων·
1535 873 1770 942 Ἐτοίμη

1878 881 2081 951 quippe
2115 881 2227 948 illo,
2247 892 2301 937 et
2332 883 2528 938 anima:
2557 901 2692 941 mea:
2723 887 3016 950 insidente,
3056 904 3156 958 pro
3189 901 3458 944 consueto

154 970 206 1038 ἡ
247 968 470 1039 καρδιά
514 986 656 1037 μου,
692 971 725 1022 ὁ
764 967 930 1033 Θεὸς,
964 967 1169 1037 ἑτοίμη
1198 969 1235 1035 ἡ
1263 965 1477 1036 καρδία
1516 984 1656 1037 μου.
1705 967 1772 1020 Ἡ

1878 991 2030 1030 more
2052 976 2276 1031 cantabo
2308 988 2357 1032 et
2397 979 2661 1048 psalmum
2691 981 2891 1045 dicam,
2915 998 3183 1052 opemque
3208 999 3382 1037 meam
3404 992 3460 1039 et

159 1063 287 1132 μὲν
345 1057 439 1116 οὖν
485 1061 594 1132 ἐμὴ
652 1061 850 1132 καρδία
906 1060 1000 1113 καὶ
1057 1061 1118 1113 τὸ
1166 1060 1504 1132 διανοητικὸν
1554 1061 1771 1131 ἕτοιμον

153 1154 465 1224 τυγχάνει,
513 1152 666 1224 φησί.
731 1153 804 1206 Σὺ
855 1152 911 1206 δὲ
957 1151 1140 1206 λοιπὸν
1185 1151 1515 1224 κατάπεμπέ
1565 1169 1669 1206 σου·
1712 1152 1772 1206 τὸ

158 1245 432 1318 Πνεῦμα.
495 1245 846 1309 Ἐπιστάντος
889 1245 998 1316 γρρ
1030 1244 1194 1299 αὐτοῦ
1249 1245 1341 1298 καὶ
1406 1244 1770 1316 ὲποχουμένου

157 1341 252 1411 τῇ
289 1341 396 1411 ὲμῇ
416 1339 585 1410 ψυχῇ,
620 1338 866 1409 συνήθως
885 1337 1106 1408 ᾄσομαι
1130 1338 1227 1392 καὶ
1252 1337 1450 1407 ψαλῶ,
1482 1339 1579 1409 την
1601 1339 1773 1408 ἐμαυ-

159 1430 282 1486 τοῦ
303 1429 571 1485 διακονίαν
595 1430 689 1483 καὶ
729 1429 1028 1502 ὑπηρεσίαν
1057 1429 1307 1500 παρέχων
1333 1431 1400 1501 τῇ
1422 1427 1646 1499 δυνάμει
1676 1427 1769 1482 τοῦ

161 1518 526 1593 προφητικοῦ
552 1519 1013 1591 Πνεύματος.Καὶ
1043 1521 1196 1575 ταῦτ’
1215 1518 1404 1583 εἰπὼν,
1428 1519 1772 1592 παραχρῆμά

161 1627 244 1665 τε
311 1611 681 1676 εἰσακουσθεὶς
734 1613 876 1666 κατά
925 1613 1018 1678 τὸ,
1075 1613 1204 1667 Ἔτι
1250 1611 1591 1680 λαλοῦντός
1653 1630 1770 1668 σου

157 1702 317 1774 ἐρῶ·
366 1705 508 1760 Ἰδοὺ
535 1704 794 1776 πάρειμι,
819 1705 1114 1776 συνήσθετο
1157 1705 1259 1777 τῆς
1297 1704 1392 1758 τοῦ
1417 1706 1571 1774 ἁγίου
1603 1705 1773 1759 Πνεύ-

167 1812 361 1866 ματος
390 1794 709 1866 παρουσίας.
745 1790 858 1848 Εἶθ’
909 1793 1097 1866 ὥσπερ
1138 1794 1230 1847 ἐπὶ
1283 1792 1476 1865 θύραις
1514 1792 1768 1857 ἑστῶτος,

1878 1069 2246 1123 ministerium
2302 1071 2492 1125 virtuti
2545 1073 2849 1143 prophetici
2889 1075 3117 1144 Spiritus
3167 1075 3455 1143 prrestabo.

1879 1159 2086 1231 Hisque
2119 1163 2304 1224 dictis.
2348 1167 2532 1220 statim
2583 1166 2896 1230 exauditus.
2949 1168 3251 1223 secundum
3300 1167 3456 1233 illud,

1877 1253 2063 1308 Adhuc
2099 1264 2148 1309 te
2187 1255 2450 1326 loquente,
2474 1257 2696 1311 dicam:
2730 1257 2864 1312 Ecce
2904 1257 3176 1320 adsum“,
3217 1257 3459 1329 Spiritus

1878 1345 2056 1400 sancti
2086 1348 2433 1415 praesentiam
2468 1348 2874 1406 animadvertit.
2907 1348 3113 1404 Deinde
3144 1351 3300 1419 quasi
3338 1351 3459 1420 ipso

1879 1439 1932 1492 in
1958 1439 2146 1507 januis
2179 1449 2383 1504 stante,
2416 1443 2758 1495 convertitur
2791 1439 3088 1510 Propheta,
3118 1457 3350 1510 seseque
3386 1441 3456 1497 ad

1879 1531 2248 1587 ministerium
2281 1532 2580 1603 prophetia:
2610 1534 2813 1587 excitat
2847 1552 2858 1586 :
2895 1549 3068 1602 quare
3117 1532 3401 1603 subjungit
3436 1551 3452 1588 :

1879 1618 2142 1692 Exsurge,
2187 1622 2359 1692 gloria
2405 1640 2541 1678 mea.
2579 1621 2763 1678 Gloria
2814 1638 2931 1677 mea
2979 1633 3064 1678 est
3105 1624 3454 1695 prophetare.

1877 1713 2040 1769 Addit
2073 1723 2284 1785 postea,
2320 1715 2581 1786 Exsurge,
2613 1717 2924 1787 psalterium
2956 1729 3003 1771 et
3029 1717 3238 1771 cithara
3259 1737 3277 1772 .·
3305 1719 3456 1788 psal-

1877 1807 2019 1860 terio
2084 1807 2347 1871 animam,
2391 1808 2602 1861 cithara
2659 1822 2860 1877 corpus
2917 1809 3458 1875 subindicans;sive

163 1890 575 1962 ἐπιστρέφεται
606 1890 634 1943 ὁ
665 1887 1090 1961 Προφήτης,καί
1108 1885 1361 1958 διεγείρει
1389 1886 1553 1950 αὐτὸς
1577 1885 1770 1940 ἑαυτὸν

1879 1897 1995 1952 ιιωο
2029 1898 2142 1968 ipsa
2167 1899 2329 1953 solita
2355 1899 2723 1952 instrumenta
2759 1875 3014 1954 inanibus
3059 1903 3352 1971 arripiens.
3386 1900 3456 1958 ad

163 1979 282 2034 ἐπὶ
331 1979 428 2053 τὴν
483 1980 758 2034 διακονίαν
800 1980 900 2050 τῆς
956 1977 1312 2051 προφητείαςο
1361 1978 1441 2033 διὸ
1497 1979 1770 2051 ἐπιφέρει·

184 2071 590 2142 Ἔξεγέρθητι,
625 2073 664 2141 ἠ
689 2070 839 2137 δόξα
852 2087 992 2141 μου.
1025 2069 1161 2136 Δόξα
1193 2087 1293 2142 μου
1323 2070 1438 2124 ἐστὶ
1471 2069 1532 2123 τὸ
1560 2087 1775 2142 προφη-

163 2166 388 2221 στεύειν,
420 2162 533 2219 Εἶτ’
559 2165 819 2233 ἐπιλέγειο
860 2163 1249 2233 Ἐξετέρθητι,
1295 2162 1635 2232 ψαλτήριον
1673 2161 1772 2216 καί

166 2258 416 2328 κιθάρα·
457 2261 556 2332 τὴν
589 2259 687 2330 μὲν
715 2257 893 2330 ψυχὴν
927 2257 1015 2311 διὰ
1065 2256 1159 2310 τοῦ
1213 2255 1535 2328 ψαλτηρίου,
1566 2255 1666 2328 τὴν
1716 2255 1774 2309 δὲ

167 2353 423 2426 κιθάραν
449 2351 558 2406 διὰΔ
587 2350 682 2404 τοῦ
713 2349 965 2422 σώματος
1015 2349 1402 2420 αἰνιττόμενος·
1442 2348 1475 2420 ἢ
1504 2349 1598 2402 καὶ
1636 2346 1776 2402 αὺτά

168 2447 255 2500 τὰ
292 2444 495 2516 συνήθη
520 2444 724 2516 ὄργανα
755 2446 875 2507 ταῖς
902 2443 1091 2515 χερσὶν
1122 2441 1543 2514 ἀναλαμϐάνων,
1572 2441 1665 2494 ἐπὶ
1695 2439 1774 2512 τῷ

169 2534 627 2609 ἀνακρούσασθαι
645 2535 714 2588 τὰ
739 2535 844 2588 ὑπὸ
871 2532 964 2587 τοῦ
993 2532 1309 2605 Πνεὺματος
1339 2532 1770 2604 ὑποϐαλλόμενα.

173 2630 298 2684 Καὶ
320 2628 533 2693 τούτοις
564 2626 887 2700 προστίθησι
909 2626 1104 2696 λέγων’
1149 2625 1640 2697 Ἐξετερθήσομαι
1679 2611 1774 2696 ὅρ-

174 2728 351 2792 θρου.
385 2724 545 2795 Ἀρτι
576 2721 685 2794 γάρ
736 2720 1025 2789 φυγεισθεὶς
1053 2720 1142 2775 διά
1183 2720 1283 2792 τῆς
1309 2719 1405 2774 τοῦ
1454 2719 1773 2790 Πνεύματος

173 2815 515 2886 παρουσίας.
570 2817 627 2868 ὲν
671 2813 854 2885 ἡμέρᾳ
907 2830 968 2866 τε
1021 2813 1166 2867 θείου
1221 2812 1398 2883 φωτὸς
1459 2812 1770 2882 γενόμενος,

173 2908 404 2979 ἕτοιμός
433 2909 548 2978 εἰμι
571 2905 954 2979 προφητεύειν,
989 2907 1099 2959 Καὶ
1121 2904 1274 2959 ταῦτ’
1299 2903 1493 2971 εἰπὼν,
1517 2902 1774 2975 ἀνατίθη-

179 3019 274 3055 σιν
299 3000 419 3054 ὅλον
448 3000 640 3054 ὲαυτδν
671 2999 748 3072 τῷ
794 2999 1089 3070 Πνεῦματι·
1135 2998 1197 3052 τὸ
1227 2997 1284 3051 δὲ
1321 2998 1397 3063 ὡς
1451 2997 1518 3052 δι’
1539 2997 1771 3070 ὀργάνου

1877 2003 1939 2043 ea
1962 1988 2228 2058 pulsanda
2263 2005 2384 2060 qua:
2420 1988 2656 2060 Spiritus
2704 1993 3058 2060 suggesserit.
3102 1991 3199 2048 His
3244 1993 3453 2064 adjicit,

1877 2079 2181 2152 Exsurgam
2203 2082 2462 2138 diluculo.
2502 2082 2660 2137 Modo
2684 2085 2830 2137 enim
2883 2082 3120 2154 Spiritus
3165 2087 3455 2156 praesentia

1874 2170 2240 2234 illuminatbs.
2267 2181 2321 2227 et
2351 2173 2405 2227 in
2430 2171 2519 2228 die
2562 2171 2762 2228 divina}
2786 2172 2927 2226 lucis
2957 2174 3193 2242 positus,
3228 2181 3454 2243 paratus

1874 2279 1994 2318 sum
2027 2265 2093 2319 ad
2152 2265 2613 2336 prophetandum.
2652 2263 2857 2335 Hisque
2885 2263 3069 2331 dictis,
3126 2280 3249 2319 sese
3275 2271 3454 2318 totum

1877 2351 2103 2424 Spiritui
2131 2355 2334 2410 addicit
2374 2373 2388 2410 :
2427 2355 2518 2410 ille
2549 2370 2677 2411 vero
2705 2369 2801 2425 per
2845 2353 3172 2424 Prnplietarn
3218 2369 3318 2408 ceu
3359 2368 3456 2424 per

1873 2445 2328 2510 instrumentum,
2366 2446 2507 2501 bona
2536 2447 2848 2507 annuntiat,
2879 2445 3247 2515 omnibusque
3283 2445 3458 2515 genti-

1873 2538 1978 2593 bus
2008 2539 2350 2610 evangelizat
2383 2538 2574 2594 dicens
2610 2558 2622 2593 :
2655 2523 2958 2607 Conﬁtebor
2997 2537 3094 2591 tibi
3133 2539 3188 2591 in
3221 2537 3454 2606 populis,

1873 2628 2116 2693 Domine,
2147 2629 2377 2699 psallam
2403 2629 2498 2683 tibi
2528 2629 2580 2682 iu
2607 2627 2870 2698 gentibus.
2902 2627 3040 2693 Quia
3071 2627 3216 2682 enim
3244 2629 3296 2682 in
3318 2643 3458 2698 pra:-

1873 2721 2015 2777 senti
2047 2719 2275 2776 Iudaica
2306 2737 2441 2794 gens
2471 2730 2524 2776 et
2546 2721 2782 2792 populus
2810 2720 3107 2790 prophetas
3134 2719 3282 2790 pellit
3305 2726 3454 2784 tuos,

1873 2822 1934 2867 ut
1998 2813 2183 2868 nullus
2235 2814 2305 2868 iis
2352 2814 2506 2868 locus
2551 2812 2784 2884 perfugii
2838 2813 3456 2882 relinquatur;eritque

1874 2913 2086 2975 tempus
2116 2920 2227 2977 quo
2258 2921 2450 2962 omnes
2482 2906 2929 2962 universmterrie
2958 2914 3150 2977 gentes
3175 2913 3230 2960 et
3261 2921 3456 2962 omnes

1874 2999 1930 3054 in
1977 2999 2292 3056 hominibus
2322 2999 2532 3069 populi.
2563 2998 2956 3054 misericordia:
3001 3005 3108 3053 tua:
3158 2998 3457 3067 participes

177 3093 277 3148 διὰ
308 3093 401 3148 τοῦ
431 3095 711 3166 προφήτου
763 3091 983 3161 ἀγαθῶν
1033 3090 1387 3160 ἀπαγγέλλει,
1441 3088 1548 3144 ἀνὰ
1607 3090 1772 3144 πᾶσιν

1875 3098 2056 3156 erunt,
2092 3091 2168 3146 ita
2200 3099 2258 3146 ut
2285 3106 2387 3162 ego
2416 3091 2772 3162 propheticus
2818 3091 3048 3161 spiritus
3091 3093 3457 3160 praenuntiata

175 3184 599 3255 εὐαγγελίζεται
641 3187 752 3249 τοῖς
807 3184 984 3239 ἔθνεσι
1020 3183 1251 3252 φάσκονο
1296 3177 1772 3251 Ἕξομολογήσο-

171 3280 295 3350 μαι
318 3295 418 3334 σοι
453 3279 525 3333 ἐν
565 3277 757 3345 λαοῖς,
811 3279 1008 3346 Κύριε,
1050 3275 1230 3346 ψαλῶ
1282 3292 1381 3330 σοι
1407 3274 1476 3327 ἐν
1505 3273 1767 3329 ἔθνεσιν.

198 3371 422 3443 Ἐπειδὴ
448 3369 558 3440 γὰρ
594 3369 689 3422 ἐπὶ
747 3367 839 3421 τοῦ
900 3366 1166 3441 παρόντος
1207 3365 1268 3419 τὸ
1327 3364 1592 3419 Ἰουδαίων
1622 3363 1772 3428 ἔθνος

179 3464 284 3519 καὶ
319 3464 349 3516 ό
378 3462 582 3516 τούτων
635 3461 761 3525 λαὸς
780 3461 907 3524 τοὺς
933 3460 1059 3523 σοὺς
1083 3458 1296 3512 ἐλαύνει
1331 3458 1637 3530 προφήτας,
1697 3456 1774 3520 ὡς

187 3555 426 3626 μηδενὸς
448 3554 613 3607 τόπου
664 3554 1011 3626 παραχωρεῖν
1057 3553 1257 3615 αὐτοῖς·
1290 3550 1441 3604 ἔσται
1485 3550 1542 3603 δὲ
1583 3548 1774 3622 καιρὸς

179 3646 317 3702 καθ’
345 3647 405 3700 ὃν
437 3647 612 3700 πάντα
639 3646 706 3699 τά
733 3646 825 3698 ὲπί
859 3647 963 3716 γῆς
993 3644 1119 3716 ἔθνη
1146 3645 1241 3697 καὶ
1273 3643 1474 3705 πάντες
1499 3644 1547 3695 οί
1592 3643 1648 3697 ὲν
1679 3642 1775 3694 ἀν-

187 3737 434 3813 θρώποις
463 3738 580 3792 λαοὶ
611 3737 704 3792 τοῦ
741 3736 834 3791 σοῦ
882 3737 1030 3790 ἐλέου
1089 3735 1426 3808 μεθέξουσιν,
1461 3734 1537 3798 ὡς
1564 3734 1664 3806 ἐμὲ
1712 3733 1774 3787 τὸ

187 3831 530 3906 προφητικὸν
557 3829 780 3901 Πνεῦμα
805 3829 1015 3892 πάντας
1034 3828 1244 3900 ἀθρόως
1283 3826 1445 3891 λαοὺς
1487 3825 1772 3898 πληρῶσαι

187 3925 372 3998 καιρῷ
401 3924 478 3997 τῷ
531 3923 924 3995 θεσπιζομένῳ,
985 3923 1275 3994 γενόμενον
1325 3923 1384 3976 ὲν
1439 3922 1643 3985 αὐτοῖς,
1679 3921 1773 3974 καὶ

189 4016 692 4089 ἐξομολογήσασθαι
725 4033 806 4069 σοι
827 4016 919 4069 καὶ
935 4013 1347 4086 εὐχαριστῆσαι,
1389 4013 1479 4069 ὅτε
1504 4014 1598 4068 καὶ
1617 4011 1774 4083 ψαλῶ

189 4125 299 4171 σοι,
331 4109 433 4162 οὐκ
461 4108 519 4162 ὲν
549 4106 628 4179 τῷ
666 4107 935 4162 Ἰουδαίων
962 4105 1097 4178 λαῷ,
1120 4105 1235 4160 ἀλλ’
1261 4107 1319 4159 ὲν
1348 4106 1482 4158 πᾶσι
1510 4107 1620 4168 τοῖς
1650 4103 1771 4157 καθ’

188 4199 320 4274 ὅλης
374 4203 471 4273 τῆς
518 4200 840 4272 οἰκουμένης
905 4199 1116 4254 ἔθνεσιο
1175 4197 1366 4251 τούτου
1421 4197 1582 4269 χάριν
1607 4194 1770 4267 φημί·

202 4292 744 4364 Ἐξομολογήσομαι
787 4309 886 4347 σοι
926 4292 996 4346 ἐν
1023 4290 1212 4358 λαοῖς,
1247 4292 1442 4360 Κύριε,
1476 4288 1653 4359 ψαλῶ
1675 4303 1776 4344 σοι

185 4389 262 4443 ὲν
289 4387 516 4444 ἔθνεσι.
551 4387 625 4440 To
651 4387 706 4442 δὲ
733 4385 928 4440 τούτου
951 4387 1145 4448 αἴτιον,
1176 4385 1321 4454 λέγω
1379 4383 1436 4436 δὲ
1459 4384 1521 4437 τὸ
1555 4385 1613 4436 ἐν
1637 4383 1773 4436 πᾶσι

187 4480 305 4542 τοῖς
339 4477 460 4530 καθ’
490 4476 618 4549 ὅλης
641 4476 740 4548 τῆς
764 4474 1088 4547 οἰκουμένης
1134 4475 1282 4538 λαοῖς
1327 4473 1423 4528 καὶ
1459 4473 1610 4545 παρά
1638 4472 1773 4525 πᾶσι

1875 3189 2120 3256 tempore
2145 3199 2337 3240 omnes
2371 3197 2478 3238 una
2503 3184 2736 3254 pepulos
2766 3183 2958 3239 adiens
2991 3182 3253 3253 repleam.
3283 3182 3458 3237 conli-

1875 3283 2103 3346 tearque
2133 3291 2197 3331 ac
2231 3276 2437 3348 gratias
2467 3290 2624 3345 agam
2658 3275 2780 3338 tibi,
2813 3275 3034 3346 quando
3068 3275 3296 3344 psallam
3332 3273 3454 3339 tibi,

1874 3383 1987 3422 non
2008 3368 2063 3422 in
2089 3367 2289 3438 populo
2311 3366 2567 3433 Iudaico,
2606 3367 2701 3422 sed
2731 3368 2785 3422 in
2815 3366 3072 3421 omnibus
3105 3382 3200 3437 per
3232 3365 3455 3421 univer-

1875 3476 1996 3517 sum
2035 3461 2225 3515 orbem
2269 3460 2561 3531 gentibus;
2590 3458 2712 3514 ideo
2735 3459 2884 3525 dico,
2933 3458 3236 3530 Couﬁtebor
3261 3459 3357 3514 tibi
3397 3460 3458 3516 iu

1873 3553 2105 3624 populis,
2139 3552 2380 3617 Domine,
2411 3551 2642 3620 psallam
2669 3550 2765 3605 tibi
2798 3552 2851 3605 in
2885 3551 3147 3622 gentibus.
3170 3551 3456 3623 Hujusque

1875 3647 1954 3703 rei
1988 3661 2216 3702 causam
2251 3660 2373 3701 esse
2404 3645 2550 3709 dico,
2585 3643 2730 3714 quod
2787 3645 2841 3699 in
2876 3645 3131 3700 omnibus
3154 3659 3250 3715 per
3268 3645 3456 3700 orbem

1873 3737 2094 3809 populis
2125 3744 2179 3792 et
2214 3734 2356 3806 apud
2393 3750 2587 3790 omnes
2617 3744 2811 3805 gentes
2845 3736 3202 3806 propheticus
3225 3736 3456 3807 spiritus

1873 3838 2144 3886 versetur.
2181 3827 2540 3899 Propheticos
2585 3835 2768 3884 autem
2803 3829 2934 3882 olim
2966 3829 3212 3898 prolatos
3240 3843 3453 3884 sermo-

1874 3941 1974 3981 nes
2019 3937 2187 3993 opere
2237 3921 2592 3992 complendus
2621 3936 2742 3976 esse
2784 3929 2907 3992 post
2940 3921 3183 3975 declarat
3212 3921 3400 3977 dicens
3433 3940 3449 3978 :

1875 4017 2142 4085 Quoniam
2178 4015 2521 4085 magniﬁcata
2554 4023 2632 4068 est
2655 4030 2820 4083 usque
2843 4013 2912 4067 ad
2953 4014 3107 4068 celos
3149 4015 3453 4071 misericor-

1873 4109 1968 4163 dia
1995 4118 2109 4172 tua,
2133 4117 2360 4179 eiusque
2381 4105 2451 4161 ad
2481 4106 2640 4162 nubes
2667 4109 2859 4162 veritas
2885 4116 2996 4160 tua.
3028 4104 3162 4160 Nam
3193 4108 3337 4177 quod
3366 4108 3454 4162 in-

1874 4199 2140 4256 credibile
2184 4200 2470 4264 videatur,
2515 4200 2756 4255 cmlestia
2807 4198 3187 4255 misericordia
3229 4199 3452 4270 dignata

1876 4291 2048 4348 fuisse
2070 4290 2219 4357 diti;
2247 4297 2490 4354 terrena,
2517 4290 2765 4346 veritate.
2801 4289 2914 4345 Etsi
2944 4291 3089 4344 enim
3127 4306 3190 4345 ea
3222 4305 3452 4362 praeser-

1876 4386 1998 4450 tim,
2034 4400 2157 4456 quae
2191 4384 2248 4438 in
2279 4383 2420 4438 coelo
2443 4390 2594 4447 sunt,
2631 4391 2861 4454 purgata
2888 4381 3201 4448 videantur,
3238 4384 3452 4453 omnia-

1875 4495 1983 4549 que
2009 4478 2270 4549 perl'ecta,
2297 4483 2352 4533 et
2376 4475 2444 4530 ad
2482 4477 2704 4530 virtutis
2723 4490 2997 4531 summum
3019 4490 3344 4546 progressa;
3375 4486 3454 4530 at-

189 4574 307 4636 τοῖς
327 4570 533 4624 ἔθνεσιν
566 4567 1014 4636 ἐμπολιτεύεσθαι
1043 4567 1106 4620 τὸ
1141 4566 1477 4640 προφητικὸν
1533 4562 1766 4634 πνεῦμα.

1879 4570 2060 4624 tamen
2089 4568 2209 4639 ipsa
2243 4583 2340 4639 per
2372 4566 2806 4623 misericordiam
2835 4573 2984 4620 tuam
3020 4566 3116 4620 tali
3161 4570 3216 4629 in
3257 4565 3452 4620 condi-

190 4663 307 4717 Καὶ
331 4663 458 4726 τοὺς
499 4661 666 4716 πάλαι
707 4659 1158 4732 ἀναφωνηθέντας
1185 4658 1556 4730 προφητικοὺς
1580 4655 1772 4725 λόγους

191 4755 276 4819 εἰς
297 4751 432 4826 ἔργα
459 4753 728 4824 χωρήσειν
757 4751 883 4818 ἑξῆς
920 4749 1176 4820 διασαφεῖ
1220 4749 1449 4819 φάσκον·
1483 4747 1614 4800 Ὅτι
1641 4745 1773 4815 ἐμε-

189 4847 463 4917 ταλύνθη
515 4845 625 4911 ἕως
671 4842 789 4898 τῶν
824 4843 1097 4913 οὐρανῶν
1148 4840 1214 4896 τὸ
1272 4841 1447 4908 ἔλεός
1492 4855 1629 4905 σου,
1673 4838 1771 4893 καὶ

189 4938 307 5006 ἕως
343 4936 460 4993 τῶν
483 4936 758 5008 νεφελῶν
789 4939 828 5008 ἠ
872 4934 1122 5004 ἀλήθειὰ
1160 4950 1300 4992 σου.
1349 4933 1424 4988 Τὸ
1460 4931 1567 5005 γὰρ
1593 4930 1774 5004 παρά-

189 5030 345 5098 δοξον
411 5029 553 5084 τοῦτ’
599 5026 686 5102 ἦν,
730 5031 813 5084 ὃτι
868 5029 936 5084 τά
989 5028 1088 5100 μὲν
1115 5027 1342 5099 οὐράνια
1394 5025 1578 5088 ὲλέους
1628 5024 1772 5096 φημὶ

193 5124 497 5194 ἀξιοῦσθαι.
521 5124 591 5179 τά
620 5125 675 5178 δὲ
697 5125 911 5194 ἐπίγεια
958 5123 1058 5194 τῆς
1090 5121 1368 5194 ἀληθείας.
1405 5120 1468 5173 Εἰ
1508 5118 1618 5191 γὰρ
1676 5118 1773 5171 καὶ

191 5219 264 5273 τὰ
305 5218 539 5291 μάλιστα
603 5218 749 5272 δοκεῖ
820 5217 889 5271 τὰ
955 5217 1014 5270 ὲν
1071 5216 1318 5288 οὐρανοῖς
1383 5211 1771 5283 κεκαθαρμένα

191 5311 502 5382 τυγχάνειν,
555 5310 651 5364 καλ⁸
686 5309 862 5363 πάντα
901 5309 1083 5362 τέλεια
1117 5309 1212 5362 καὶ
1253 5308 1333 5371 εἰς
1373 5307 1541 5378 ἄκρον
1567 5302 1772 5376 ἀρετῆς

194 5403 516 5474 ἑληλακότω
552 5405 702 5475 ὅμως
724 5404 768 5456 δ’
798 5397 890 5457 οῦν
931 5403 1026 5457 καὶ
1053 5400 1194 5456 αῦτά
1227 5400 1315 5456 διά
1373 5400 1464 5453 τὸν
1507 5398 1596 5452 σὺν
1623 5391 1772 5450 ἔλεον

196 5494 420 5550 τοιαῦτα
454 5495 582 5549 ὄντα
635 5494 989 5565 καθέστηκεν.
1021 5495 1094 5548 Οὐ
1144 5491 1254 5565 γὰρ
1302 5491 1363 5558 ἐξ
1411 5491 1612 5554 αὐτῶν,
1647 5487 1770 5543 οὐδὲ

194 5589 326 5660 παρ’
363 5585 570 5642 ἑαυτῶν
610 5589 710 5658 τῆς
758 5585 1015 5658 τοιαύτης
1074 5585 1290 5658 μετέχει
1343 5585 1767 5657 μακαριότητος,

199 5678 334 5735 ἀλ·λά
362 5679 512 5752 παρά
563 5676 658 5733 σοῦ
686 5677 781 5733 τοῦ
833 5678 1050 5732 πάντων
1114 5676 1333 5746 ἀγαθῶν
1391 5676 1647 5751 χορηγοῦ.
1698 5675 1770 5729 Ἦ

269 5862 315 5894 ⁸⁸
354 5860 456 5917 In.
497 5877 660 5928 unt,
695 5861 748 5917 ο.

1878 4662 2024 4716 tione
2057 4662 2233 4730 posita
2274 4669 2424 4717 sunt.
2449 4657 2636 4730 Neque
2657 4661 2804 4715 enim
2835 4675 2901 4714 ex
2934 4673 2992 4713 se
3030 4665 3085 4714 et
3120 4674 3219 4714 sua
3255 4659 3306 4714 vi
3354 4659 3452 4715 tali

1877 4751 2115 4822 gaudent
2144 4750 2424 4817 felicitate,
2451 4751 2544 4806 sed
2564 4751 2662 4806 abs
2684 4757 2736 4805 te
2766 4751 3008 4804 omnium
3033 4749 3298 4803 bonorum
3319 4748 3452 4805 s’ubo

1877 4844 2268 4899 ministratore.
2305 4841 2433 4898 Sive
2461 4843 2569 4897 alio
2603 4841 2785 4908 modo,
2810 4841 3074 4908 Quoniam
3105 4844 3450 4913 magni/irata

1873 4947 1952 4992 est
1977 4951 2139 5006 usque
2169 4935 2237 4989 ad
2267 4936 2424 4990 ctelos
2461 4934 2823 4990 misericordia
2852 4942 2964 4994 tua,
2990 4932 3159 4988 eﬂ‘usa
3189 4935 3243 4988 in
3275 4934 3453 4989 homi-

1875 5044 1974 5084 nes
2010 5042 2222 5083 omnes.
2261 5026 2435 5092 Quam
2459 5026 2586 5080 item
2619 5024 2872 5095 superius
2907 5025 3131 5079 missam
3156 5041 3280 5080 esse
3305 5027 3454 5082 dice-

1875 5119 2037 5174 batur
2069 5119 2156 5175 his
2185 5118 2386 5182 verbis,
2417 5116 2566 5171 Misit
2596 5116 2735 5172 Deus
2770 5117 3193 5172 misericordiam
3224 5135 3375 5172 suam
3400 5129 3451 5174 et

1874 5212 2146 5266 veritatem
2181 5226 2354 5264 suam.
2387 5207 2563 5263 Tanta
2590 5209 2735 5263 enim
2791 5207 2848 5262 in
2883 5208 3199 5263 hominibus
3235 5208 3453 5264 miseri-

1875 5304 2063 5360 cordia
2096 5303 2187 5356 illa
2219 5303 2385 5357 missa
2423 5301 2616 5362 edidit,
2653 5307 2710 5354 ut
2740 5301 2796 5355 in
2829 5300 3086 5356 omnibus
3109 5301 3326 5371 populis
3350 5316 3452 5370 ego

1876 5393 2119 5466 Spiritus
2141 5399 2371 5448 sanctus
2399 5392 2664 5447 conﬁtear
2697 5391 2819 5452 tibi,
2849 5399 2904 5446 et
2942 5391 2997 5445 in
3029 5391 3285 5454 omnibus
3312 5406 3449 5462 gen-

1873 5491 2021 5547 tibus
2052 5489 2280 5561 psallam
2310 5486 2409 5542 tibi
2438 5503 2456 5541 :
2481 5485 2628 5542 unde
2653 5483 2854 5540 factum
2890 5492 2949 5539 ut
2973 5485 3320 5556 magniﬁcan
3359 5483 3449 5536 illa

1875 5582 1947 5638 sit
1982 5596 2156 5652 usque
2190 5579 2259 5635 ad
2300 5577 2506 5644 ccelos;
2531 5577 2659 5648 quia
2691 5590 2865 5647 usque
2889 5575 2956 5630 ad
2983 5574 3153 5629 cwlos
3181 5571 3451 5642 pertraxit

1877 5675 2126 5730 homines
2154 5677 2246 5744 qui
2272 5669 2650 5744 proﬁciebant;
2675 5669 2749 5724 ita
2768 5675 2828 5722 ut
2851 5667 2985 5740 ipsis
3011 5665 3160 5738 regni
3182 5662 3448 5718 caelorum
