4100 6442
219 428 345 485 ΞΠ
1357 424 1859 481 COMMENTARIA
1897 426 1961 483 IN
1984 428 2332 487 .PSALMOS.
3372 436 3478 492 518

218 538 331 607 Οἷς
404 542 706 614 συμφώνως
743 541 835 596 καὶ
900 542 959 595 ὲν
1019 541 1098 595 οα¹
1127 541 1325 615 ψαλμῷ
1367 544 1435 598 τὰ
1473 544 1602 616 περὶ
1630 544 1723 599 τοῦ
1764 547 2000 618 Χριστοῦ
2037 548 2223 618 σαφῶς
2283 547 2950 620 διαγορεύοντῃλέλεκταν
2980 551 3322 620 Εὐλογητὸς
3356 554 3470 607 Κύ-

204 656 359 706 ριος
379 641 414 695 ὁ
439 638 583 705 Θεύς
612 636 878 706 Ἰσραὴλ,
896 636 995 692 καί
1018 637 1350 708 εὐλογητὸν
1381 638 1446 693 τὸ
1474 640 1658 709 ὄνομα
1684 640 1789 709 τῆς
1822 641 2006 711 δόξης
2031 642 2237 707 αὐτοῦ,
2294 644 2393 698 καί
2453 644 2907 713 πληρωθήσεται
2935 645 3047 715 τῆς
3070 648 3256 716 δόξης
3287 648 3472 703 αὑτοῦ

212 730 400 786 πᾶσα
434 730 476 801 ἠ
519 730 616 802 τῆ.
654 731 814 785 Ταῦτ’
860 726 952 786 οὖν
1004 733 1098 787 καὶ
1141 735 1174 804 ή
1220 733 1470 805 παροῦσα
1505 737 1807 808 προφητεία
1843 738 2295 811 ὲπισφραγίζεται
2326 739 2590 808 λέγουσα’
2633 739 2927 809 ’Υψθὼθητι
2961 742 3059 796 ἐπὶ
3112 743 3253 810 τοὺς
3299 746 3472 813 οὐρα-

208 825 335 880 νοὺ
347 846 401 894 ς,
421 828 457 881 ὁ
482 825 645 892 Θεὸς,
665 827 761 880 καὶ
780 826 881 880 ἐπὶ
909 826 1113 882 πᾶσαν
1139 826 1255 896 τὴν
1280 828 1397 898 γῆν
1425 831 1463 898 ἡ
1486 828 1635 895 δόξα
1661 846 1799 886 σου.

206 940 331 994 ΕΙΣ
377 942 465 996 ΤΟ
501 942 741 1004 ΤΕΔΟΣ,
768 944 871 996 ΜΗ
895 944 1292 998 ΔῘΑΦΘΕῘΡΗΣ
1330 946 1415 999 ΤΩ
1444 946 1660 1012 ΔΑΥΙΔ,
1694 947 1774 1000 ΕΙΣ

1902 946 1954 1000 ι.
1995 943 2062 999 IN
2102 943 2334 1009 FINEM,
2376 943 2918 1007 NE.DlSPERDAS,
2971 946 3036 1000 IN
3077 930 3313 1006 TITULI
3365 950 3466 1006 1N-

666 1012 750 1064 ΣΤ
754 1013 932 1066 ΗΛυΓ
934 1015 1187 1069 ΡΑΦῘΑΝ
1190 1054 1206 1069 .
1245 1015 1370 1070 NZ'.

298 1123 373 1176 El
397 1121 635 1191 ἀληθῶς
661 1124 777 1192 ἄρα
791 1124 1183 1195 δικαιοσύνην
1197 1128 1457 1194 λαλεῖτε,
1484 1132 1661 1187 εὐθέα
1679 1133 1804 1201 κρί-

212 1230 379 1280 νετε,
398 1214 515 1269 υἱοὶ
542 1214 661 1269 τῶν
684 1216 1026 1286 ἀνθρώπων.
1053 1219 1147 1282 El;
1171 1219 1231 1272 τὸ
1268 1220 1420 1284 τέλος
1454 1223 1530 1294 μὴ
1556 1223 1799 1294 διαφθεί-

214 1320 366 1375 ρειν,
420 1306 707 1375 φυλάττειν
748 1306 806 1361 δὲ
850 1309 1077 1362 ἕκαστον
1107 1311 1175 1364 τὰ
1223 1311 1415 1365 ἑαυτοῦ
1459 1313 1610 1385 τέλη,
1641 1316 1733 1368 καὶ
1772 1316 1802 1368 ὁ

215 1395 419 1469 παρὼν
444 1402 701 1471 παραινεῖ
728 1399 904 1470 λόγος.
942 1402 1141 1473 Ἄμφω
1171 1403 1247 1467 δὲ,
1281 1404 1310 1457 ὃ
1341 1421 1401 1457 τε
1441 1405 1578 1477 μετὰ
1614 1410 1800 1479 χεῖρας

215 1491 325 1544 καὶ
351 1492 379 1543 ὁ
405 1492 510 1564 πρὸ
540 1493 704 1547 αὑτοῦ
737 1495 835 1567 τὴν
866 1496 987 1567 ίσην
1018 1497 1198 1568 ἔχουσι
1230 1504 1571 1574 προγραφὴν,
1600 1505 1799 1575 ὁμοίως

208 1579 305 1647 τὸ,
327 1584 435 1648 Εἰς
464 1581 530 1635 τὸ
556 1583 747 1650 τέλος,
760 1584 845 1655 μὴ
875 1584 1220 1656 διαφθείρῃς
1247 1587 1326 1655 τῷ
1354 1591 1554 1657 Δαυῖδ,
1588 1594 1681 1646 καὶ
1711 1593 1793 1657 τὸ,

2346 1014 2832 1071 SCRIPTIONEM.
2875 1016 3030 1074 LVII.

1974 1126 2141 1184 Vsus.
2185 1127 2240 1190 2,
2287 1129 2341 1183 3.
2392 1126 2455 1183 Si
2484 1145 2597 1183 rere
2649 1131 2825 1200 utique
2859 1130 3129 1199 justitiam
3160 1133 3461 1204 loquimini,

1903 1229 2045 1275 recta
2082 1219 2344 1289 judicate,
2401 1219 2504 1288 ﬁlii
2569 1219 2857 1275 hominum.
2916 1221 3174 1277 Hortatur
3225 1241 3465 1295 pnesens

1901 1325 2082 1365 sermo
2108 1310 2373 1380 singulos,
2405 1318 2464 1363 ut
2498 1325 2567 1363 ne
2598 1310 2651 1364 in
2679 1310 2836 1365 tinem
2867 1312 3207 1382 disperdant,
3237 1316 3331 1370 sed
3372 1318 3466 1371 ob-

1899 1411 2077 1456 servet
2099 1403 2332 1471 quisque
2351 1403 2482 1458 ﬁnes
2496 1418 2645 1457 suos.
2666 1402 2841 1457 Ambo
2852 1405 3069 1475 quippe,
3086 1414 3199 1459 tum
3218 1407 3326 1472 hic,
3349 1419 3460 1463 tum

1898 1490 2232 1559 praecedens,
2270 1492 2500 1546 similem
2543 1494 2833 1561 prteferunt
2868 1496 3299 1564 inscriptionem,
3352 1498 3463 1551 sci-

1898 1579 2045 1643 licet,
2081 1580 2146 1635 In
2178 1584 2358 1652 ﬁnem,
2384 1599 2448 1636 ne
2469 1582 2746 1652 disperdas
2779 1584 2967 1651 David,
3008 1595 3193 1656 atque,
3230 1589 3283 1641 in
3313 1588 3458 1642 tituli

203 1673 308 1738 εις
340 1674 809 1742 στηλογραφίαν,
857 1676 1217 1746 περιέχοντες.
1247 1678 1315 1731 Ὂ
1343 1696 1406 1748 γε
1438 1679 1541 1752 μὴν
1581 1681 1771 1751 χρόνος

1895 1674 2311 1742 inscriptionem.
2368 1674 2605 1746 Tempus
2645 1686 2849 1741 autem,
2905 1680 3007 1733 etsi
3053 1695 3162 1732 non
3210 1680 3266 1734 in
3322 1695 3460 1750 prin-

203 1762 265 1814 εἱ
295 1762 391 1814 καὶ
421 1761 495 1833 μὴ
519 1763 578 1815 ὲν
602 1762 678 1835 τῷ
702 1764 945 1836 παρόντι,
964 1766 1075 1820 ἀλλ’
1101 1769 1159 1820 ὲν
1186 1767 1263 1839 τῷ
1292 1769 1395 1841 πρὸ
1424 1770 1610 1826 τούτου
1639 1772 1774 1845 δδδήε

1896 1767 2059 1827 senti.
2088 1776 2143 1820 at
2171 1767 2225 1821 in
2259 1768 2582 1838 praecedenti
2608 1768 2939 1833 declaratur,
2973 1759 3102 1825 dimi
3139 1771 3252 1826 iure
3282 1773 3455 1837 addit,

202 1850 385 1905 λωται
421 1852 562 1908 κατὰ
587 1853 684 1925 τὴν
713 1854 1028 1928 προσθήκην
1128 1876 1311 1930 φησιν,
1362 1861 1463 1915 Ἐν
1492 1862 1572 1928 τῷ
1607 1863 1774 1918 αὐτὼ

1892 1859 2025 1914 Cum
2056 1861 2257 1931 fugeret
2315 1878 2347 1915 a
2404 1862 2540 1931 facie
2575 1862 2756 1917 Saulis
2783 1865 2837 1917 in
2875 1863 3199 1933 speluncam.
3251 1864 3454 1923 Eodem

200 1942 680 2013 ἀποδιδράσκειν
710 1947 826 2001 ἀπὸ
857 1947 1179 2016 προσώπου
1215 1951 1413 2007 Σαοὺλ
1440 1956 1527 2021 εἰς
1550 1955 1613 2009 τὸ
1635 1956 1774 2025 σπή-

1891 1949 2076 2019 itaque
2140 1959 2384 2022 tempore
2446 1951 2857 2022 pronuntiatum
2916 1954 3081 2006 etiam
3133 1964 3455 2023 pt'mscntem

199 2037 410 2088 λαιον.
444 2034 600 2089 Κατὰ
652 2036 742 2091 τὸν
786 2037 944 2091 αὑτὸν
990 2035 1083 2094 οὖν
1128 2041 1375 2113 εἰρῆσθαι
1412 2044 1599 2116 χρόνον
1632 2047 1774 2100 καὶέ

1890 2039 2080 2109 fuisse,
2116 2058 2224 2097 non
2294 2044 2469 2097 solum
2530 2060 2595 2098 ex
2645 2043 2757 2112 jam
2813 2043 2998 2109 dictis,
3056 2061 3241 2100 verum
3287 2046 3452 2101 etiam

206 2127 593 2197 προκείμενος,
627 2129 688 2181 οὐ
739 2128 898 2199 μόνον
928 2133 991 2184 ὲκ
1015 2130 1122 2186 τῶν
1154 2134 1456 2206 εἰρημένων
1487 2136 1636 2190 δοκεῖ
1675 2155 1774 2208 μοι²

1886 2146 1954 2188 ex
1984 2148 2108 2187 mox
2135 2132 2424 2189 alierendis
2452 2136 2670 2204 planum
2699 2136 2830 2190 mihi
2856 2136 3094 2191 videtur.
3136 2137 3276 2203 Quia
3303 2138 3451 2192 enim

200 2216 353 2271 ἀλλὰ
382 2220 473 2273 καὶ
498 2221 561 2274 ὲκ
582 2220 688 2275 τῶν
718 2219 843 2293 ἑξῆς
873 2222 1303 2296 ἰπιφερομένων.
1353 2227 1565 2298 Ἐπειδὴ
1594 2230 1704 2301 γὰρ
1751 2231 1774 2300 ἦ

1887 2221 1941 2276 in
1972 2223 2297 2292 praecedenti
2331 2226 2471 2277 tituli
2524 2226 2809 2296 inscriptio
2856 2226 2923 2280 de
2984 2227 3109 2282 liliis
3162 2227 3449 2281 hominum

199 2310 318 2381 πρὸ
373 2310 557 2364 τούτου
606 2313 974 2384 στηλογραφία
1001 2316 1128 2386 περὶ
1153 2315 1261 2370 τῶν
1286 2315 1415 2371 υἱῶν
1437 2295 1774 2393 τῶνάνθρώέ

1885 2314 2119 2375 dicebat,
2166 2313 2296 2369 Filii
2333 2314 2625 2397 nominum,
2672 2295 2851 2371 dentes
2887 2334 3069 2372 eorum
3095 2334 3249 2371 arma
3281 2327 3332 2371 et
3362 2334 3451 2371 sa-

196 2417 323 2477 πων
338 2400 541 2471 ἔλεγεν.
557 2403 670 2457 Υἱοὶ
688 2402 1030 2472 ἀνθρώπων,
1051 2410 1102 2461 ol
1120 2406 1363 2475 ὀδόντες
1379 2410 1577 2464 αὐτῶν
1592 2410 1784 2467 ὅπλον

194 2492 302 2545 καὶ
322 2491 482 2561 ,βέλη
502 2510 515 2523 ·
542 2495 763 2559 εἰκότως
785 2497 877 2551 καὶ
899 2498 932 2569 ἡ
962 2496 1100 2567 μετὰ
1118 2501 1305 2571 χεῖρας
1320 2505 1431 2566 τοῖς
1454 2503 1633 2569 αὐτοῖς
1648 2507 1783 2571 υἱοῖς

192 2582 313 2636 τῶν
340 2583 642 2656 ἀνθρώπων
663 2586 823 2652 εὐθὺς
856 2591 914 2642 ὲν
935 2590 1073 2663 ἀρχῆ
1093 2596 1403 2662 προσφωνεῖ
1414 2594 1647 2664 λέγουσα
1667 2615 1678 2627 ·
1711 2600 1781 2652 El

194 2672 445 2741 ἀληθῶς
465 2676 580 2743 ἄρα
606 2674 999 2746 δικαιοσύνην
1017 2680 1276 2745 λαλεῖτε,
1309 2683 1486 2738 εὐθέα
1528 2686 1777 2754 κρίνετε,

193 2767 251 2817 οἱ
279 2765 400 2819 υἱοί
431 2765 548 2820 τῶν
577 2767 916 2836 ἀνθρώπων.
942 2770 1049 2823 Καὶ
1097 2773 1390 2845 ἐπειδήπερ
1435 2777 1492 2829 ὲν
1547 2776 1626 2848 τῷ
1671 2778 1779 2851 πρὸ

194 2854 394 2908 τούτου
415 2856 647 2926 ὲλέγετου
668 2860 983 2927 Ἐρῤύσιιτο
1011 2860 1124 2928 τὴν
1140 2864 1350 2933 ψυχήν
1357 2883 1476 2935 μου
1494 2866 1563 2921 ἐκ
1582 2867 1778 2937 μέσου

192 2949 508 3016 σκύμνων,
536 2949 591 3020 ἢ,
611 2951 679 3004 ἐκ
699 2951 892 3021 μέσου
918 2955 1198 3020 λεόντων,
1230 2959 1370 3012 κατὰ
1388 2960 1512 3025 τοὶς
1537 2959 1776 3030 λοιποὺς,

192 3042 431 3106 εἰκότως
462 3044 519 3095 ὲν
547 3043 624 3113 τῷ
655 3045 788 3113 μετὰ
819 3048 1008 3116 χεῖρας
1052 3047 1386 3120 ἐπιφέρεται,
1438 3055 1546 3119 Τὰς
1574 3054 1777 3123 μύλας

192 3132 325 3187 τῶν
354 3134 620 3188 λεόντων
649 3136 1001 3193 συνέθλασε
1030 3140 1263 3207 Κύριος.
1299 3143 1445 3196 Ἔδει
1485 3144 1593 3217 γὰρ
1627 3147 1775 3217 ἡμᾶς

196 3225 400 3295 μαθεῖν
426 3226 573 3290 ὅπως
601 3227 867 3299 ἐρρύσατο
892 3230 988 3302 τὴν
1014 3230 1188 3303 ψυχὴν
1218 3232 1311 3285 τοῦ
1338 3232 1500 3287 Δαυῗδ
1524 3236 1587 3288 ἐκ
1608 3237 1770 3307 μέσου

194 3317 480 3388 σκύμνων.
509 3318 615 3371 Καὶ
641 3320 798 3374 πάλιν
820 3323 945 3393 περὶ
968 3322 1076 3375 τῶν
1106 3323 1331 3378 ὀδόντων
1361 3324 1468 3378 τῶν
1497 3328 1772 3383 ἐνδιαϐαλ-

190 3407 401 3462 λόντων
432 3410 591 3464 αὐτὸν
615 3413 672 3464 ὲν
698 3412 794 3483 μὲν
823 3413 897 3483 τῷ
923 3414 1028 3486 πρὸ
1056 3414 1265 3478 τούτου,
1292 3419 1406 3470 Υἱοὶ
1426 3418 1769 3487 ἀνθρώπων,

190 3501 246 3552 οἱ
280 3498 527 3565 ὀδόντες
573 3500 769 3555 αὐτῶν
796 3501 989 3557 ὅπλον
1033 3505 1127 3559 καὶ
1152 3506 1598 3578 βέλη,·ὲλέγετο,
1631 3513 1687 3565 ὲν
1713 3511 1771 3564 δὲ

189 3591 275 3663 τῷ
314 3592 453 3663 μετὰ
478 3597 666 3666 χεῖρας
688 3612 702 3625 ·
746 3594 798 3646 '0
832 3595 975 3662 Θεὸς
994 3598 1311 3666 συντρίψει
1348 3600 1489 3668 τοὺς
1521 3601 1770 3670 ὀδόντας

190 3681 403 3736 αὐτῶν
434 3684 504 3736 ἐν
530 3683 611 3750 τῷ
641 3685 887 3754 στόματι
917 3684 1133 3740 αὐτῶν.
1168 3689 1282 3759 Ἀφ’
1322 3683 1397 3744 ὧν
1432 3690 1703 3746 δείκνυται
1736 3696 1770 3766 ἠ

189 3775 251 3830 ὲν
303 3775 638 3847 ἀμφοτέραις
692 3780 812 3842 ταῖς
850 3779 1274 3852 στηλογριιφίαις
1324 3785 1630 3854 συμφωνία.
1662 3786 1771 3840 Καὶ

190 3869 376 3934 ἄλλως
406 3870 449 3923 δ’
479 3866 570 3925 οὖν
602 3888 684 3936 τις
730 3872 892 3939 εἴποι,
942 3877 1127 3946 ἐπειδὴ
1170 3879 1203 3950 ἠ
1247 3878 1351 3950 πρὸ
1380 3878 1569 3932 τούτου
1622 3897 1773 3952 περι-

193 3961 319 4034 έχει
344 3963 445 4036 τὴν
469 3963 654 4035 κλῆσιν
674 3966 779 4019 τῶν
812 3965 999 4032 ἐθνῶν,
1025 3969 1246 4032 εἰκότως
1274 3973 1338 4041 τῇ
1367 3969 1588 4044 τοιαύτῃ
1640 3988 1773 4043 προ-

191 4054 400 4127 φητείᾳ
448 4057 481 4128 ἡ
523 4055 772 4129 παροῦσα
819 4057 1193 4131 στηλογραφὶα
1250 4060 1539 4129 συνῆπται,
1584 4064 1769 4132 διαγο-

197 4147 435 4218 ρεύουσα
461 4152 573 4213 τοῖς
606 4150 741 4212 υἱοῖς
767 4149 875 4203 τῶν
916 4149 1216 4223 ἀνθρώπων
1248 4151 1340 4205 τὸν
1370 4153 1497 4225 περὶ
1542 4154 1642 4224 τῆς
1688 4155 1769 4208 δι-

197 4238 544 4308 καιοκρισίας
575 4239 668 4292 τοῦ
696 4238 829 4293 Θεοῦ
862 4239 1037 4309 λόγον,
1075 4241 1487 4315 διαστελλομένη
1536 4260 1596 4297 τε
1638 4246 1770 4301 πᾶσι

194 4334 309 4395 τοῖς
333 4331 481 4394 λαοῖς
505 4333 599 4385 σὺν
622 4331 846 4403 ἀληθινῇ
883 4334 1196 4405 προαιρέσει
1217 4335 1312 4387 καὶ
1338 4333 1639 4406 συνειδήσει
1673 4351 1771 4389 κα-

197 4422 340 4495 θαρᾷ
384 4424 451 4494 τῇ
488 4421 581 4475 τοῦ
633 4421 788 4491 λόγου
840 4422 1120 4496 προσιέναι
1163 4422 1498 4497 διδασκαλίᾳ,
1541 4426 1635 4479 καὶ
1692 4426 1766 4497 μὴ

197 4516 693 4588 καθυποκρίνεσθαι
728 4515 826 4586 τὴν
875 4514 1205 4570 θεοσέϐειαν.
1249 4516 1338 4569 Διὸ
1377 4517 1512 4590 πρὸς
1562 4516 1770 4581 πάντας

194 4612 320 4673 τοὺς
351 4608 608 4682 ἀνωτέρω
635 4609 794 4674 λαοὺς
826 4609 1244 4681 ὠνομασμένους
1279 4609 1373 4663 καὶ
1404 4609 1540 4681 πρὸς
1593 4610 1770 4663 πάντα

194 4701 259 4754 τὰ
299 4700 449 4773 ἔθνη,
506 4702 635 4774 περὶ
682 4696 756 4756 ὧν
806 4702 1041 4771 ἐλέγετο,
1090 4702 1639 4771 Ἐξομολογήσομαί
1670 4717 1769 4755 σοι

192 4792 261 4848 ἐν
305 4794 497 4860 λαοῖς,
532 4796 729 4861 Κύριε,
760 4792 936 4863 ψαλῶ
977 4810 1077 4848 σοι
1104 4794 1174 4848 ἐν
1202 4794 1424 4856 ἔθνεσι,
1464 4792 1561 4864 τὴν
1604 4809 1770 4864 προσ-

198 4887 438 4958 φώνησιν
464 4886 797 4957 ,ποιούμενος
820 4888 847 4938 ὁ
877 4884 1065 4955 παρὼν
1114 4884 1273 4953 λόγος
1336 4883 1765 4956 διαμαρτύρεται

1880 2406 2028 2475 gittw
2047 2406 2125 2471 ";
2162 2407 2275 2461 haec
2318 2408 2444 2462 item
2478 2410 2618 2461 tituli
2656 2409 2944 2478 inscriptio
2974 2414 3158 2463 statim
3191 2411 3260 2463 ah
3286 2424 3451 2465 exor-

1880 2497 1971 2553 dio
2018 2497 2239 2554 eosdem
2282 2497 2419 2553 ﬁlios
2462 2498 2744 2555 hominum
2785 2502 3074 2570 compellat
3125 2500 3352 2557 dicens:
3384 2500 3448 2556 Si

1879 2606 1993 2644 orre
2018 2592 2195 2661 utique
2233 2590 2493 2656 iustitiam
2527 2593 2821 2663 loquimini,
2875 2606 3017 2648 recta
3042 2594 3307 2663 jurltcate.
3346 2593 3450 2663 ﬁlii

1877 2682 2168 2736 hominum.
2215 2682 2278 2737 Et
2327 2685 2584 2754 quoniam
2642 2685 2696 2740 in
2746 2687 3068 2756 pmcedenti
3123 2688 3444 2751 dicebatur,

1880 2774 2090 2845 Eripuit
2146 2778 2377 2831 animam
2438 2794 2607 2832 meam
2656 2778 2719 2831 de
2766 2779 2936 2832 medio
2994 2782 3292 2835 catulorum
3336 2781 3445 2835 leo-

1878 2881 2000 2918 num
2038 2864 2106 2928 “,
2169 2866 2317 2936 sive},
2369 2865 2432 2920 de
2479 2865 2650 2921 medio
2687 2865 2925 2927 leonum,
2989 2870 3288 2923 secundum
3352 2884 3438 2925 re-

1877 2955 2075 3026 liquos,
2117 2968 2513 3026 consequenter
2555 2957 2610 3011 in
2668 2957 2918 3026 praesenti
2967 2957 3219 3016 infertur.
3266 2958 3445 3013 Malas

1878 3047 2084 3102 leonum
2113 3049 2367 3119 confregit
2394 3049 2645 3103 Dominus
2722 3046 2974 3117 Oportuit
3002 3050 3146 3104 enim
3193 3060 3440 3105 ediscere

1876 3156 1998 3204 nos,
2031 3157 2140 3211 quo
2190 3152 2348 3212 pacto
2380 3141 2641 3211 eripuerit
2669 3141 2900 3194 animum
2928 3139 3145 3196 Davidis
3172 3141 3238 3197 de
3265 3142 3443 3198 medio

1880 3232 2190 3285 catulorum
2226 3234 2460 3284 leonum.
2513 3230 2587 3284 Ac
2633 3246 2847 3283 IUISUIII
2884 3230 2951 3284 de
2987 3232 3440 3285 calumniatoruul

1898 3337 2122 3377 suorum
2157 3321 2410 3375 dentibus
2446 3321 2497 3374 in
2522 3335 2647 3389 prae.
2667 3321 2844 3374 edenti
2886 3321 3082 3382 aiebat.
3120 3320 3247 3374 Filii
3272 3322 3443 3375 Itami-

1875 3420 2020 3475 num,
2069 3409 2244 3465 dentes
2280 3427 2458 3464 eorum
2495 3411 2654 3464 telum
2705 3419 2755 3465 et
2796 3411 3038 3479 sagittte;
3086 3412 3138 3464 in
3183 3414 3440 3481 praesenti

1876 3517 2027 3567 vero,
2067 3501 2204 3555 Deus
2240 3502 2672 3555 conteret'dentes
2713 3518 2893 3555 eorum
2947 3503 3000 3556 in
3048 3520 3135 3556 ore
3181 3506 3437 3572 ipsorum.

1876 3592 2086 3659 Quibus
2138 3594 2420 3646 ambarum
2474 3594 2611 3647 tituli
2669 3592 3087 3664 inscriptionum
3134 3612 3441 3652 consensus

1876 3690 2035 3757 plane
2083 3686 2490 3755 comprobatur.
2558 3684 2622 3739 Et
2670 3687 2772 3739 alia
2820 3702 3036 3756 quoque
3095 3692 3303 3743 ratione
3357 3690 3442 3744 di-

1875 3778 2014 3831 xerit
2067 3778 2359 3845 quiSpiam.
2397 3775 2522 3845 quia
2568 3775 2878 3845 praecedens
2910 3779 3151 3846 gentium
3207 3782 3443 3835 vocatio-

1873 3884 1996 3923 nem
2043 3869 2445 3937 complectitur,
2468 3867 2591 3935 jure
2620 3867 2934 3935 hujusmodi
2974 3869 3267 3937 prophetia:
3296 3885 3436 3938 prte-

1874 3965 2081 4012 sentem
2106 3957 2247 4010 tituli
2292 3956 2706 4025 inscriptionem
2742 3955 3055 4023 adjunctam
3088 3954 3278 4017 fuisse,
3315 3970 3439 4024 qua:

1873 4047 1997 4103 [iliis
2029 4047 2307 4100 hominum
2331 4045 2465 4115 justi
2505 4045 2695 4114 judicii
2740 4043 2832 4098 Dei
2876 4045 3142 4097 rationem
3189 4051 3431 4106 enarret,

1872 4142 2236 4209 omnibusque
2281 4137 2500 4210 populis
2531 4138 2832 4207 praecipiat,
2882 4144 2941 4189 ut
2985 4137 3194 4190 sincera
3238 4135 3437 4190 volun-

1872 4242 1983 4288 tate
2007 4241 2059 4287 et
2098 4247 2234 4301 pura
2281 4230 2620 4284 conscientia
2651 4229 2717 4282 ad
2759 4228 2910 4281 verbi
2940 4226 3246 4281 doctrinam
3275 4241 3438 4282 acce-

1870 4327 2021 4390 dant,
2048 4339 2223 4393 neque
2254 4324 2510 4393 pietatem
2553 4334 2681 4390 erga
2712 4317 2878 4372 Deum
2931 4318 3205 4373 simulent.
3255 4316 3438 4382 Quare

1871 4432 2061 4472 onnies
2114 4430 2280 4484 supra
2330 4421 2659 4467 memoratos
2716 4410 2968 4480 populos,
3033 4409 3437 4477 universasque

1870 4517 2059 4580 gentes
2082 4507 2150 4561 de
2180 4505 2381 4576 quibus
2410 4502 2713 4579 dicebatur,
2743 4499 3044 4570 Conﬁtebor
3072 4500 3165 4552 tibi
3194 4499 3246 4552 in
3279 4513 3437 4569 popu-

1872 4603 1958 4663 lis,
1992 4599 2236 4661 Domine,
2270 4596 2498 4666 psallam
2524 4595 2618 4647 tibi
2649 4595 2701 4647 in
2726 4593 2964 4664 gentibus
2981 4593 3049 4655 ⁸⁷,
3100 4591 3436 4661 compellans

1870 4707 2051 4749 sermo
2079 4705 2339 4761 praesens,
2372 4688 2681 4741 obtestatur
2731 4687 2958 4738 dicens:
3013 4681 3073 4737 Si
3112 4696 3224 4735 vere
3254 4681 3438 4750 utique

1862 4784 2133 4855 justitiam
2180 4780 2473 4852 loquimini,
2508 4787 2650 4832 recta
2687 4775 2951 4846 jndicnte,
3004 4774 3106 4844 ﬁlii
3139 4772 3429 4825 hominum.

1868 4878 2001 4932 Nam
2039 4878 2083 4931 si
2122 4891 2246 4930 vere
2270 4874 2538 4945 justitiam
2566 4872 2690 4942 quis
2712 4871 3047 4939 proﬁteatur,
3077 4880 3182 4919 non
3214 4861 3439 4919 aliunde

197 4955 401 5049 λέγων’
426 4980 495 5031 Ei
515 4955 753 5046 ἀληθῶς
771 4976 886 5044 ἄρα
905 4976 1297 5043 δικαιοσύνην
1315 4955 1575 5036 λαλεῖτε,
1592 4973 1769 5029 εὐθέα

1877 4967 2334 5040 romprobabitur,
2389 4981 2549 5034 quam
2603 4979 2669 5018 ex
2708 4977 2772 5017 eo
2805 4959 2947 5031 quod
2998 4966 3146 5013 recta
3203 4955 3433 5027 judicet.

198 5074 445 5139 κρίνετε,
486 5069 604 5125 υἱοὶ
641 5068 759 5123 τῶν
796 5068 1137 5137 ἀνθρώπων.
1178 5070 1237 5122 Et
1285 5068 1393 5138 γὰρ
1436 5066 1652 5139 ἀληθῶς
1680 5084 1765 5132 τις

1877 5062 2038 5117 Recta
2068 5076 2195 5115 vero
2217 5059 2450 5129 judicat,
2476 5057 2569 5126 qui
2603 5054 2742 5124 apud
2772 5070 2831 5109 se
2853 5051 3120 5123 judicavit
3147 5065 3212 5103 ac
3245 5049 3435 5103 decre-

197 5164 537 5236 δικαιοσύνην
569 5161 973 5231 ἐπαγγέλλοιτο,
1019 5162 1127 5215 οὐδ’
1153 5161 1372 5215 ἄλλοθεν
1404 5159 1763 5232 δειχθήσεται,

200 5258 230 5328 ἦ
265 5257 375 5310 ἀπὸ
430 5256 522 5309 τοῦ
565 5256 772 5326 κρίνειν
807 5253 987 5307 εὐθέα.
1023 5252 1211 5323 Κρὶνει
1243 5252 1299 5305 δὲ
1321 5250 1481 5304 εὐθέα
1510 5254 1538 5305 ὁ
1573 5252 1762 5321 κρίνας

201 5351 327 5420 παρ’
361 5346 537 5418 ἐαυτῷ
560 5349 657 5418 τὴν
685 5346 826 5400 κατὰ.
853 5345 943 5399 τὸν
975 5344 1131 5417 ὀρθὸν
1162 5343 1338 5411 λόγον,
1373 5344 1466 5397 καὶ
1487 5342 1619 5414 μηδὲ
1648 5359 1764 5395 σκο-

200 5438 308 5495 λιὸν
362 5439 498 5512 μηδὲ
549 5438 867 5509 διάστροφον
909 5435 1185 5507 πράττειν.
1220 5431 1333 5487 Εἶθ’
1385 5434 1459 5497 ὡς
1492 5432 1598 5486 τῶν
1630 5431 1761 5485 υἱῶν

199 5531 303 5585 τῶν
344 5529 645 5604 ἀνθρώπων
672 5528 807 5601 ὀρθὰ
831 5528 929 5600 μὲν
948 5526 1248 5581 λαλούντων
1278 5529 1388 5589 τοῖς
1420 5524 1643 5596 χείλεσι,
1672 5524 1764 5577 καὶ

200 5626 275 5697 τῷ
306 5625 530 5697 στόματι
557 5623 897 5695 δικαιοσύνην
928 5620 1430 5692 ἐπαγγελλομένων,
1465 5618 1760 5690 ἐλεγχομέ-

200 5738 302 5777 νων
346 5720 408 5777 δὲ
459 5720 567 5776 ἀπὺ
595 5721 704 5774 τῶν
724 5719 920 5792 ἔργων,
951 5718 1033 5770 ὅτι
1065 5712 1326 5769 τάναντία
1351 5709 1494 5766 κατὰ
1523 5707 1761 5765 διάνοιαν

260 5878 305 5912 ιι
342 5877 483 5936 Psal.
516 5895 636 5946 m,
665 5877 720 5935 δ.
796 5876 841 5909 ιο
880 5873 1012 5930 ibid.
1087 5869 1130 5903 ιτ
1170 5868 1304 5926 ibid.
1346 5867 1432 5922 to.

1868 5155 1966 5217 vit,
1995 5153 2267 5222 justitiam
2313 5167 2379 5205 ex
2412 5158 2559 5204 ret-ta
2592 5148 2825 5209 ratione,
2871 5160 2970 5199 nec
3001 5142 3279 5213 quidpiam
3311 5148 3423 5193 tor-

1872 5255 2090 5302 tuosum
2125 5254 2220 5299 aut
2266 5258 2582 5314 perversum
2638 5240 2820 5295 edere.
2880 5234 3085 5289 Deinde
3114 5249 3264 5295 vero,
3305 5246 3431 5285 cum

1869 5339 1963 5393 ﬁlii
1996 5338 2277 5392 hominum
2313 5334 2473 5387 labiis
2514 5330 2733 5402 quidem
2774 5335 2922 5384 recta
2961 5328 3340 5396 loquerentur,
3377 5329 3433 5375 et

1867 5447 1961 5487 ore
1987 5431 2255 5500 justitiam
2289 5426 2692 5497 proﬁterentur,
2729 5421 2822 5479 sed
2857 5421 2992 5492 ipsis
3034 5418 3292 5489 cperibus
3336 5414 3433 5468 de-

1871 5522 2338 5595 prehendereutur
2377 5519 2605 5574 adversa
2643 5517 2905 5586 cogitare,
2952 5512 3235 5580 subiungit
3275 5527 3290 5563 :
3327 5504 3429 5606 Fit-

1867 5614 2005 5670 enim
2032 5616 2085 5666 in
2125 5609 2281 5665 corde
2320 5609 2623 5679 iniquitates
2649 5604 2940 5676 operantini
2968 5604 3024 5656 in
3055 5611 3230 5655 terra:
3273 5604 3435 5662 cujus

1866 5705 1979 5773 rei,
2008 5703 2219 5777 inquit,
2250 5705 2628 5773 argumentum
2658 5705 2784 5752 sunt
2815 5708 2983 5764 opera
3031 5697 3237 5754 vestra,
3277 5684 3431 5755 Injtt-
