4100 6442
679 389 785 446 519
1338 387 1609 445 ΕυδΕΒῙΙ
1646 383 2132 450 CJESARTENSIS

2269 395 2319 451 Ρ.
2353 395 2537 456 PARS
2574 397 2666 456 Ill.
2708 432 2777 448 -—
2816 402 3225 467 EXEGETICA.
3905 424 3994 480 τεο

679 508 885 562 stitiam
921 522 1111 561 manus
1144 516 1326 562 vestra:
1372 508 1708 578 complicant.
1758 507 1928 565 Recta
1980 527 2115 584 ergo
2153 514 2167 584 j

2275 528 2320 586 Α
2347 514 2670 586 λογίζονται,
2701 521 2968 593 ἐπιλέγειο
3001 527 3110 581 Καὶ
3156 528 3272 599 γὰρ
3325 528 3413 584 ἐν
3460 528 3708 602 καρδίᾳ
3761 535 3990 608 ἀνομίας

675 597 890 662 dicate,
927 596 1023 651 lilii
1055 597 1364 660 hominum,
1409 606 1464 652 et
1505 599 1788 654 vobiscum
1822 610 2091 672 reputate,
2120 620 2167 657 ιιι

2345 608 2658 680 ἐργάζεσθε
2695 613 2766 667 ἐν
2801 615 2878 685 τῇ
2927 617 3035 689 τῇ·
3063 596 3254 676 τούτου
3290 622 3388 688 δὲ,
3430 596 3650 694 φησιν,
3674 596 3915 699 ’ἐλεγχος

673 707 960 746 sermones
1007 693 1174 746 vestri
1218 707 1341 746 cum
1389 693 1648 763 operibus
1695 702 2023 750 consonent.
2101 693 2167 749 Νι

2346 699 2610 773 ὑμέτεραι
2664 705 2918 778 πράξεις·
2967 711 3234 767 Ἀδικίαν
3267 717 3343 768 αι
3380 714 3616 784 χεῖρες
3645 693 3989 791 ὑμῶς-συμ-

671 786 718 838 si
752 785 1021 852 justitiam
1061 785 1366 853 loquimini,
1403 801 1504 838 cur
1543 803 1738 842 manus
1779 796 1978 843 vestra:
2023 787 2167 858 injus

2349 792 2664 847 πλέκουσι.
2713 796 2948 866 Κρίνατε
2991 796 3084 854 οὖν
3106 802 3293 865 εὐθέα,
3335 804 3466 856 υἱοὶ
3505 805 3631 856 τῶν
3679 807 3986 878 ἀνθρώπων,

671 875 802 928 tiam
835 875 1200 943 complicant?
1252 874 1327 930 Ex
1373 892 1482 945 quo
1510 893 1642 932 sane
1665 880 1843 948 palam
1889 890 1973 936 est
2006 896 2104 935 vos
2140 881 2167 935 ii

2353 883 2449 936 καὶ
2493 883 2778 953 λογίσασθε
2815 891 2942 960 παρ’
2967 892 3197 958 ἑαυτοῖς,
3238 898 3291 948 εί
3321 898 3461 960 τοῖς
3494 874 3815 968 ὑμετέροις
3834 874 3987 972 λόγος

665 969 904 1037 quitates
950 968 1002 1020 in
1055 967 1221 1022 corde
1272 968 1533 1038 cogitare,
1564 976 1614 1023 et
1656 969 1760 1023 alia
1790 969 2011 1040 quidem
2059 987 2167 1026 mei

2351 978 2636 1046 συμφωνεί
2678 977 2745 1031 τὰ
2789 978 2944 1050 ἔργα.
2976 982 3037 1035 Ei
3067 984 3175 1056 γὰρ
3202 985 3606 1055 δικαιοσύνην
3631 967 3982 1059 λαλεῖτε,ταῖις

665 1070 873 1125 tenere,
917 1063 1022 1116 alia
1061 1076 1156 1116 ore
1187 1064 1459 1132 proloqui.
1520 1062 1582 1116 Si
1631 1077 1762 1131 ergo
1813 1078 1926 1117 vere
1959 1063 2167 1132 justitic

2346 1065 2403 1120 at
2435 1069 2610 1138 χεῖρες
2661 1068 2812 1139 ὑμῶν
2848 1071 3060 1127 ἀδικίαν
3103 1077 3598 1146 συμπλέκουσινς
3636 1081 3761 1151 Ἀφ’
3794 1078 3853 1137 οὗ
3890 1085 3978 1138 65i-

661 1153 958 1224 loquimini.
993 1156 1126 1212 heus
1154 1157 1281 1211 vos!
1330 1165 1471 1209 recta
1494 1155 1754 1224 judicate,
1808 1163 1862 1210 et
1907 1171 2028 1224 qua
2061 1156 2167 1225 loqt

2347 1157 2545 1210 κνυσθε
2570 1159 2798 1230 ἀνομίας
2831 1164 2887 1215 ὲν
3016 1165 3213 1237 καρδία
3241 1166 3662 1239 λογιζόμενοι,
3705 1174 3804 1224 καὶ
3835 1174 3978 1245 ἕτερα

660 1249 793 1302 mini
825 1253 1087 1321 peragite.
1133 1265 1307 1319 neque
1356 1250 1410 1302 in
1467 1252 1632 1304 corde
1673 1249 1992 1319 iniquitates
2047 1264 2167 1317 oper

2355 1246 2455 1306 μὲν
2485 1247 2872 1321 διανοούμενοι,
2905 1254 3067 1326 ἕτερα
3111 1255 3168 1308 δὲ
3214 1256 3292 1328 τῷ
3360 1259 3633 1328 στόματι
3687 1261 3974 1327 λαλοῦντες.

659 1340 815 1405 mini,
884 1357 985 1396 uec
1050 1355 1244 1396 manus
1277 1348 1468 1395 vestra:
1526 1340 1848 1408 iujustitiam
1881 1337 2167 1408 complicei

2341 1339 2412 1392 El
2445 1338 2522 1409 δὴ
2555 1335 2648 1396 οὗν
2674 1343 2912 1411 ἀληθῶς
2939 1345 3345 1417 δικαιοσύνην
3393 1352 3714 1416 λαλεῖτε,
3755 1357 3976 1422 κρίνατε

655 1433 728 1487 τὰ
777 1434 976 1494 εὐθέα.
1038 1427 1082 1486 ὦ
1135 1428 1302 1496 οὗτοι,
1339 1433 1435 1486 καὶ
1472 1431 1616 1503 ἅπερ
1659 1431 1890 1495 λαλεῖτε,
1925 1429 2099 1484 ταῦτα
2142 1429 2235 1482 καὶ
2274 1433 2566 1504 πράττετε,
2613 1434 2747 1507 μηδὲ
2785 1437 2844 1490 ἐν
2893 1438 3090 1510 καρδίᾳ.
3120 1441 3364 1512 ἀνομίας
3429 1443 3795 1515 ἐργάζεσθε,
3857 1448 3972 1520 μηδὲ

650 1527 710 1579 αἱ
749 1531 932 1598 χεῖρες
962 1527 1118 1598 ὑμῶν
1150 1527 1380 1595 ἀνομίαν
1418 1526 1900 1597 συμπλεκέτωσαν.

721 1619 888 1674 Vens.
912 1621 946 1675 4
977 1619 1030 1674 6.
1065 1621 1300 1674 Alienati
1332 1631 1453 1675 sunt
1482 1631 1778 1690 peccatores
1814 1639 1845 1675 a
1883 1621 2054 1681 vulva,
2082 1637 2167 1676 err

2421 1613 3019 1688 Ἀπηλλοτριώθησαν
3054 1625 3110 1676 οἱ
3141 1625 3513 1694 ἁμαρτωλοὶ
3549 1629 3686 1682 ἀπὸ
3711 1630 3960 1700 μήτρας,

647 1723 832 1769 verunt
863 1717 927 1767 ab
953 1725 1123 1780 utero,
1149 1714 1313 1768 locuti
1349 1724 1472 1769 sunt
1503 1715 1668 1784 falsa.
1715 1714 1840 1769 Haec
1862 1729 2079 1784 quoque
2105 1715 2167 1766 lili

2327 1703 2766 1774 ἐπλανήθησαν
2815 1710 2934 1764 ἀπὸ
2979 1716 3238 1783 γαστρὸς
3259 1757 3274 1781 ,
3333 1718 3706 1783 ἐλάλησαν
3756 1725 3958 1795 ψευδῆ.

643 1804 928 1861 hominum
955 1807 1212 1876 applicat,
1243 1807 1336 1876 qui
1380 1822 1440 1862 se
1489 1807 1657 1861 Deum
1683 1807 1884 1873 colere,
1919 1813 1973 1862 et
1997 1805 2167 1876 justiti

2327 1797 2436 1852 Καὶ
2473 1799 2648 1854 ταῦτα
2693 1802 2831 1874 πρὸς
2867 1805 2993 1868 τοὺς
3021 1807 3172 1872 υἱοὺς
3216 1808 3332 1862 τῶν
3371 1811 3726 1884 ἀνθ
3760 1817 3960 1871 ἀποτεί-

644 1897 793 1968 leges
813 1898 965 1954 adire
994 1899 1339 1970 proﬁtentur,
1372 1915 1551 1970 neque
1570 1909 1749 1954 tamen
1775 1906 1924 1955 recte
1945 1899 2167 1968 judican

2269 1889 2298 1948 Β
2329 1905 2479 1944 νεται
2505 1893 2633 1956 τοὺς
2664 1893 3164 1966 ἐπαγγελλομένους
3193 1897 3503 1955 θεοσεϐεῖν
3521 1944 3537 1967 ,
3590 1905 3695 1958 καὶ
3723 1907 3848 1971 τοὺς
3869 1909 3954 1979 τῆς

641 1989 748 2046 Eos
780 1992 946 2064 igitur
1003 1993 1084 2048 sic
1113 1985 1414 2064 compellat
1449 2013 1462 2048 :
1499 1992 1644 2049 Heus
1692 1995 1822 2049 vos!
1885 1992 2090 2055 audite,
2124 2008 2167 2062 (ιι

2319 1981 2668 2056 δικαιοσύνης
2716 1986 3076 2059 μετέρχεσθαι
3119 1989 3318 2061 νόμους
3349 2031 3368 2056 ,
3413 1993 3504 2066 μὴ
3561 1996 3866 2067 κρίνοντας
3903 1999 3951 2053 δὲ

634 2083 906 2151 justitiam
931 2102 1025 2141 ore
1057 2097 1218 2142 tenus
1269 2087 1578 2158 loquimini,
1608 2087 1862 2142 manibus
1896 2099 2026 2140 vero
2077 2083 2167 2152 inji

2318 2072 2511 2144 ὀρθῶς.
2542 2077 2711 2147 Φησὶν
2735 2073 2830 2130 οὖν
2859 2079 2996 2150 πρὸς
3024 2080 3255 2146 αὐτούς’
3295 2083 3641 2140 Ἀκούσατε
3663 2130 3679 2152 ,
3706 2081 3754 2142 ὧ
3783 2085 3941 2157 οὗτοι,

635 2177 842 2232 stitiam
867 2180 1195 2249 Operamini,
1260 2182 1540 2250 multaque
1591 2181 1755 2235 simul
1805 2190 2026 2250 peccata
2065 2194 2167 2234 con

2315 2165 2366 2217 oi
2407 2165 2696 2232 λαλοῦντες
2735 2168 2836 2240 μὲν
2864 2170 3210 2243 δικαιοσύνην
3238 2173 3316 2245 τῷ
3369 2177 3681 2247 στόματι,
3733 2181 3943 2252 ἐργαζό-

634 2273 888 2343 plicatis;
911 2275 1298 2345 magnojudici
1323 2277 1454 2330 latet
1483 2275 1618 2330 nihil
1643 2289 1834 2330 eorum
1868 2289 1989 2344 qua:
2011 2273 2167 2343 singu

2320 2273 2471 2326 μενοι
2513 2257 2568 2311 δὲ
2593 2262 2714 2323 ταῖς
2755 2263 2941 2333 χερσὶν
2983 2261 3227 2330 ἀδικίαν,
3283 2267 3390 2320 καὶ
3443 2269 3674 2336 πολλὰς
3716 2275 3853 2327 κατὰ
3884 2274 3935 2328 τὸ

633 2360 689 2416 iu
708 2371 888 2417 mente
918 2372 1160 2420 versant.
1195 2363 1420 2420 Etiamsi
1473 2365 1618 2419 enim
1667 2365 1790 2434 quis
1835 2365 2010 2419 oculis
2044 2363 2167 2417 hom

2312 2348 2443 2402 αὐτὸ
2479 2351 2882 2421 συμπλέκοντες
2910 2354 3186 2428 ἁμαρτίας
3203 2373 3221 2408 .’
3247 2359 3341 2412 τὸν
3384 2360 3591 2431 μέγαν
3625 2367 3827 2435 κριτὴν
3855 2366 3932 2418 οὐ·

631 2466 762 2505 num
822 2453 988 2508 latere
1042 2454 1330 2522 videatur;
1381 2465 1435 2510 at
1491 2457 1631 2512 sciat
1686 2456 1911 2510 immani
1939 2471 1998 2511 se
2025 2470 2167 2509 erro:

2310 2439 2397 2494 δὲν
2427 2439 2676 2496 λανθάνει
2697 2443 2803 2498 τῶν
2824 2446 2967 2499 κατὰ
2998 2447 3234 2505 διάνοιαν
3259 2451 3504 2524 ἑκάστῳ
3536 2454 3922 2526 λογιζομένων.

631 2541 758 2596 duci
777 2559 1005 2614 seseque
1056 2545 1327 2618 decipere.
1359 2547 1546 2619 Neque
1567 2549 1712 2604 enim
1745 2563 1941 2618 magno
1995 2547 2167 2602 univei

2309 2530 2428 2585 Κᾶν
2457 2533 2565 2607 γὰρ
2593 2535 2723 2608 δοκῇ
2764 2554 2848 2602 τις
2894 2539 3198 2613 ἀνθρώπων
3239 2544 3591 2618 ὀφθαλμοὺς
3636 2549 3922 2621 κρύπτειν,

624 2647 813 2688 surum
837 2635 1012 2706 judici
1049 2642 1299 2696 occultus
1323 2642 1447 2705 erit,
1478 2641 1546 2697 ad
1566 2643 1726 2712 cujus
1748 2641 1985 2696 tribunal
2015 2657 2167 2698 omne

2307 2625 2422 2678 ἀλλ’
2477 2626 2644 2692 ἵστω,
2699 2631 2780 2683 ὃτι
2824 2631 3006 2705 δεινὴν
3051 2636 3261 2710 πλάνην
3308 2640 3693 2714 πεπλάνηται
3749 2642 3920 2698 ἑαυτὸν

623 2725 907 2782 sistemur.
933 2728 1221 2796 Quomodo
1249 2741 1430 2787 autem
1458 2732 1569 2788 Deo
1600 2735 1769 2790 latere
1807 2734 2043 2806 possint,
2077 2749 2167 2789 cur

2305 2717 2550 2772 ἀπατῶν.
2592 2720 2666 2774 Ού
2697 2721 2805 2794 γὰρ
2852 2723 2942 2777 τὸν
2975 2725 3149 2796 μέγαν
3187 2729 3296 2783 τῶν
3327 2731 3485 2786 ὅλων
3523 2733 3732 2808 κριτὴν
3771 2734 3915 2806 λὴσε⁸

621 2820 944 2890 priusquam
971 2824 1023 2876 in
1072 2823 1248 2878 lucem
1279 2826 1579 2895 prodirent,
1607 2826 1680 2887 ei,
1717 2826 1808 2897 qui
1839 2826 2024 2882 omnia
2050 2830 2167 2883 novi

2303 2825 2426 2875 ται,
2475 2805 2536 2866 οὗ
2579 2813 2778 2878 πάντες
2826 2815 2931 2888 πρὸ
2967 2819 3062 2872 τοῦ
3106 2819 3350 2892 βήματος
3403 2805 3906 2899 παραστησόμεθα.

621 2922 913 2985 antequam
959 2917 1116 2980 (iant,
1178 2921 1382 2991 cogniti
1425 2921 1653 2976 essent?
1705 2921 1887 2987 Quare
1907 2929 2167 2992 antequar

2302 2901 2429 2966 Πῶς
2449 2903 2493 2956 δ’
2517 2903 2582 2958 ἂν
2611 2906 2704 2960 καὶ
2741 2907 2952 2962 λάθοιεν
2975 2910 3066 2965 τὸν
3095 2912 3226 2966 Θεὸν
3253 2910 3428 2982 οὗτοι,
3467 2920 3646 2973 ὁπότε
3675 2921 3768 2974 καὶ
3791 2921 3903 2991 πρὶν

617 3004 830 3071 ﬁerent,
859 3023 975 3072 eos,
1009 3011 1165 3079 quasi
1185 3011 1298 3080 jam
1330 3012 1674 3076 exsisterent,
1700 3013 1833 3070 tales
1859 3012 1976 3069 fore
2008 3015 2167 3085 quale

2300 2994 2380 3057 είς
2405 2994 2521 3063 φῶς
2544 2997 2825 3068 προελθεῖν
2845 3000 3061 3066 αὐτοὺς,
3089 3004 3269 3059 πάντα
3296 3008 3476 3063 εἰδότι
3514 3012 3628 3082 πρὸ
3652 3011 3903 3080 γενέσεως

2298 3086 2478 3120 ..θη-ιτ...
2521 3089 2913 3120 ιν....ι-ι>’....-...
2961 3093 3044 3120 Ad.
3096 3098 3224 3120 --ιη
3269 3114 3365 3120 --_..
3396 3100 3521 3120 ,,,n-
3577 3117 3600 3120 μ
3729 3103 3775 3120 ογ
3814 3102 3824 3115 ε
3857 3119 3862 3120 ,

611 3097 722 3168 jam
740 3107 868 3154 sunt
898 3101 1296 3171 prospiciebat:
1328 3105 1524 3160 exinde
1561 3105 1816 3175 verojam
1846 3107 1991 3177 apud
2017 3109 2167 3178 ipsum

2297 3087 2478 3140 αὐτῶν
2519 3089 2915 3162 ὲγνωρίζοντο;
2955 3093 3047 3147 Διὸ
3096 3098 3224 3167 πρὶν
3269 3100 3628 3173 γεννηθῆναι
3680 3102 3894 3165 αὐτοὺς,

2298 3176 2372 3204 Α.-
2399 3178 2495 3204 ιιι..
2528 3181 2808 3204 ,0.------”⁹,-..
2828 3201 2843 3204 _
2980 3185 2994 3204 \
3035 3203 3045 3204 κ
3157 3187 3169 3203 ι
3340 3191 3364 3204 .-
3583 3189 3612 3204 ιν
3721 3194 3747 3204 ι.
3832 3194 3846 3204 .

614 3191 886 3260 reprobati
938 3201 1118 3248 erant.
1164 3193 1395 3248 Alienati
1449 3205 1572 3249 sunt
1619 3197 1784 3268 igitur
1825 3176 2122 3266 peccatores
2161 3223 2167 3251 ι

614 3281 761 3303 _,.._._
826 3281 1315 3303 .-ηημμειηηιμ
1960 3288 1973 3303 .

2297 3176 2372 3241 ὡς
2399 3178 2498 3252 ἤδη
2528 3181 2844 3250 ὑφεστῶτας
2862 3225 2876 3249 ,
2908 3185 3002 3238 καὶ
3027 3187 3300 3254 τοιούτους
3337 3191 3515 3258 ὄντας
3551 3189 3660 3248 οἷοι
3686 3194 3780 3246 νῦν
3804 3194 3893 3246 εἰσι

2296 3268 2584 3303 «arma--.
2624 3273 2722 3303 απ..
2767 3291 2823 3303 --
2875 3274 2932 3303 1.:
2976 3279 3183 3303 ι---ι-.--.
3235 3283 3396 3303 ι-ιρς
3507 3302 3510 3303 ,
3596 3280 3626 3303 τ
3779 3302 3828 3303 ρ
3874 3285 3885 3303 ι

612 3281 781 3334 vulva.
815 3281 892 3335 Ac
909 3282 1126 3337 etiamsi
1161 3282 1320 3337 hodie
1347 3284 1615 3353 justitiam
1669 3286 1926 3342 simulate
1960 3288 2161 3359 loquan

2296 3273 2584 3343 προεώρα·
2624 3273 2724 3346 ἤδη
2767 3291 2826 3328 τε
2873 3274 2932 3341 ἐξ
2975 3279 3186 3334 ἐκείνου
3229 3283 3545 3357 ἀπόϐλητοι
3591 3280 3735 3356 ἦσαν
3772 3302 3871 3356 παρ

611 3379 720 3434 tur,
754 3373 1012 3442 operibus
1055 3375 1331 3430 contraria
1378 3377 1791 3447 aggredientes;
1826 3388 1881 3433 at
1929 3396 2039 3435 non
2075 3380 2167 3450 jan

2290 3362 2460 3432 αὐτῷ.
2498 3362 3092 3436 Ἀπηλλοτριώθησαν
3118 3371 3248 3440 γοῦν
3279 3377 3334 3428 οἱ
3374 3376 3736 3447 ἁμαρτωλοὶ
3781 3373 3883 3429 ἀπὸ

607 3465 692 3536 pri
719 3481 852 3518 num
881 3469 1023 3536 apud
1048 3466 1215 3522 Deum
1244 3469 1386 3525 tales
1418 3486 1542 3526 esse
1567 3471 1856 3527 videntur:
1883 3474 1976 3528 sed
2006 3475 2167 3544 prius

2283 3454 2538 3523 μήτρας.
2563 3458 2673 3510 Καὶ
2700 3461 2747 3511 εί
2769 3460 2863 3514 καὶ
2893 3460 2962 3514 τὰ
2994 3462 3230 3532 μάλιστα
3261 3468 3516 3541 σήμερον
3544 3468 3876 3538 δικαιοσύνην

604 3573 768 3623 quam
831 3574 897 3612 ex
947 3568 1106 3614 utero
1164 3564 1479 3631 prodirent;
1513 3568 1648 3635 quin
1682 3573 1737 3620 et
1780 3575 2073 3636 antequam
2128 3568 2167 3622 it

2288 3545 2468 3599 λαλεῖν
2494 3551 2938 3621 προσποιοῦνται,
2967 3558 3078 3620 τοῖς
3105 3557 3288 3628 ἔργοις
3318 3560 3388 3614 τὰ
3431 3561 3669 3616 ἐναντία
3702 3575 3876 3632 μετερ-

601 3650 777 3704 vulvae
808 3654 1153 3723 reccpf'aculo
1174 3656 1598 3727 cunciperentur
1614 3701 1628 3722 ,
1655 3676 1720 3714 ex
1743 3677 1972 3716 numero
1993 3679 2186 3720 erran-

601 3742 738 3795 tium
765 3745 918 3798 abeo
967 3748 1383 3814 reputabantur,
1418 3753 1646 3822 etquod
1689 3755 1824 3809 tales
1876 3753 2045 3811 futuri
2095 3775 2183 3815 es-

2285 3639 2528 3709 χόμενοι,
2564 3642 2678 3695 ἀλλ’
2706 3645 2767 3697 ού
2805 3646 2899 3700 καὶ
2933 3649 3083 3720 παρὰ
3111 3649 3228 3720 Θεῷ
3261 3651 3357 3705 νῦν
3392 3655 3690 3727 ἐφάνησαν
3712 3651 3870 3706 τοιοῦ-

2284 3747 2364 3784 τοι
2391 3747 2403 3763 °
2433 3734 2562 3804 πρὶν
2588 3734 2645 3787 δὲ
2685 3737 2793 3790 ἀπὸ
2825 3740 3065 3812 γαστρὸς
3094 3742 3375 3814 προελθεῖν
3415 3748 3648 3812 αὐτοὺς,
3688 3745 3868 3818 μᾶλλον

2281 3821 2338 3874 δὲ
2369 3825 2464 3877 καὶ
2491 3826 2599 3898 πρὸ
2637 3827 2732 3881 τοῦ
2774 3830 3143 3904 συλληφθῆναι
3178 3839 3234 3890 ἐν
3279 3837 3360 3909 τῷ
3398 3840 3510 3912 τῆς
3546 3841 3761 3910 μήτρας
3787 3836 3854 3888 δο·

2280 3914 2444 3985 χείῳ,
2474 3918 2532 3970 ὲν
2564 3919 3000 3992 πεπλανημένοις
3030 3925 3386 4000 ἐλογίσθησαν
3423 3933 3561 4002 παρ’
3586 3927 3755 4000 αὐτῷ,
3777 3924 3858 3980 καὶ

2281 4005 2566 4076 μέλλοντες
2597 4009 2815 4064 ἔσεσθαι
2848 4014 3076 4069 τοιοῦτοι
3103 4019 3204 4072 οὐκ
3236 4021 3706 4090 ἠγνοοῦντο.”ὶιδη
3729 4019 3780 4072 δὲ
3803 4016 3855 4084 ἐξ

2277 4097 2484 4152 ἐκείνου
2535 4100 2610 4166 ὡς
2653 4102 2719 4157 ἂν
2766 4105 3052 4175 μέλλοντες
3100 4110 3168 4163 τὰ
3222 4111 3390 4186 ψευδῆ
3450 4113 3638 4168 λαλεῖν
3682 4107 3852 4180 ὲγινὼο

2277 4205 2467 4244 σκοντο
2486 4231 2500 4254 ,
2537 4194 2631 4247 καὶ
2654 4193 2730 4259 ὡς
2762 4195 2932 4268 θυμὸς
2964 4200 3148 4265 αὐτοῖς
3181 4203 3298 4258 ἐστι
3331 4207 3491 4261 κατὰ
3517 4205 3637 4273 τὴν
3663 4201 3848 4273 ὁμοίω-

2272 4295 2377 4335 σιν
2402 4284 2508 4338 τοῦ
2547 4285 2756 4356 ὄφεως.
2785 4288 2968 4362 Θυμὸν
2997 4292 3054 4346 δὲ
3081 4295 3174 4348 καὶ
3204 4295 3302 4366 τὴν
3337 4297 3522 4371 ψυχὴν
3555 4298 3649 4351 καὶ
3677 4293 3842 4355 παῖδες

2282 4372 2547 4446 Ἐλλήνων
2584 4378 2768 4433 καλεῖν
2811 4381 3088 4440 εἰώθασιν.
3141 4387 3293 4441 Ἐπεὶ
3332 4389 3521 4444 τοίνυν
3553 4391 3648 4443 καὶ
3691 4389 3718 4440 ὁ
3751 4402 3839 4437 πα·

2268 4462 2418 4528 λαιδς
2455 4466 2607 4537 ὄφις,
2653 4469 2752 4544 τὴν
2786 4473 2930 4529 Εὕαν
2962 4477 3280 4550 ἀπατήσας,
3331 4483 3712 4551 προσεποιεῖτο
3746 4475 3832 4548 μὲν

599 3839 724 3885 ιιι-ιη
778 3850 886 3889 non
926 3836 1211 3906 ignorabat
1265 3840 1399 3911 ipse.
1447 3840 1551 3897 Sed
1587 3842 1657 3896 ab
1697 3860 1763 3899 eo
1793 3845 1906 3915 jam
1939 3856 2182 3919 tempore

597 3934 827 3979 noverat
847 3943 942 3982 eos
967 3929 1101 3984 falsa
1124 3933 1424 3997 locuturos,
1465 3943 1520 3989 et
1560 3934 1800 3992 furorem
1833 3940 1966 4009 ipsis
1993 3958 2180 3997 secun-

593 4015 720 4070 dum
744 4020 1142 4077 similitudinem
1159 4027 1410 4094 serpentis
1437 4028 1572 4083 fore.
1601 4029 1784 4100 Θυμὸν
1797 4041 1976 4088 autem
2004 4033 2178 4092 Gmci

594 4111 775 4165 solent
801 4114 964 4168 etiam
991 4117 1231 4170 animam
1263 4119 1558 4188 appellare.
1590 4121 1858 4187 Quoniam
1883 4125 2052 4196 igitur
2074 4144 2176 4183 an-

590 4203 780 4274 tiqtms
796 4221 1023 4276 serpens
1073 4210 1167 4278 qui
1199 4209 1365 4266 Evam
1399 4214 1645 4285 decepit,
1671 4219 1828 4273 suavi
1859 4221 2081 4290 quidem
2117 4231 2172 4278 et

588 4297 767 4352 amica
798 4303 1048 4356 oratione
1099 4304 1354 4360 simulate
1381 4309 1656 4373 utebatur,
1692 4310 1784 4366 Dei
1836 4317 2168 4372 mentionem

588 4385 846 4453 faciebat,
912 4399 966 4445 et
1009 4408 1134 4446 cum
1200 4396 1437 4464 quadam
1499 4401 1717 4468 pietatis
1749 4404 1929 4472 specie
1953 4406 2169 4462 mulieri

586 4480 842 4537 dicebat:
877 4482 1054 4549 Quare
1077 4486 1215 4540 dixit
1253 4486 1432 4542 Deus:
1471 4489 1552 4545 Ne
1580 4494 1870 4549 comedatis
1911 4512 1977 4549 ea:
2024 4501 2169 4554 omni

584 4572 748 4643 ligno,
769 4576 906 4645 quod
939 4588 1017 4632 est
1040 4580 1094 4632 in
1128 4580 1382 4648 paradiso
1413 4581 1494 4638 ‘3?
1529 4599 1593 4640 ac
1652 4601 1872 4642 rursum
1902 4607 1914 4642 :
1951 4588 2160 4645 Sciebat

2269 4554 2494 4631 γλυκείᾳ
2545 4562 2638 4614 καὶ
2690 4563 2878 4638 φιλικῇ
2929 4569 3227 4644 κεχρῆσθαι
3275 4572 3495 4646 ὁμιλίᾳ,
3535 4574 3747 4646 μνήμην
3778 4583 3827 4622 τε

2269 4645 2406 4682 Ωςηῆ
2454 4651 2716 4682 "una...
2789 4657 2880 4682 ..-ι
2927 4675 3042 4682 _.-._
3072 4660 3321 4682 :_As-p__,,r
3360 4663 3412 4682 κη
3560 4663 3786 4682 umbo“

2269 4645 2406 4700 Θεοῦ
2454 4651 2754 4715 ποιεῖσθαι.
2789 4657 2880 4710 καί
2926 4675 3047 4712 τινα
3070 4660 3478 4718 ἐπιδείκνυσθαι
3523 4663 3817 4724 εὐλάϐειαν,

2266 4737 2437 4806 λέγων
2486 4745 2552 4815 τῇ
2598 4749 2850 4813 γυναικί·
2903 4752 2964 4804 Τί
2995 4751 3085 4806 ὅτι
3120 4749 3290 4809 εἶπεν
3324 4759 3356 4810 ό
3403 4760 3584 4826 Θεός⁶
3628 4759 3705 4812 Οὐ
3742 4752 3818 4825 μὴ

2263 4828 2489 4898 φάγητε
2514 4834 2631 4886 ἀπὸ
2657 4838 2886 4906 παντὸς
2910 4840 3101 4904 ξύλου
3136 4847 3328 4900 τοῦέν
3349 4847 3429 4914 τῷ
3466 4846 3813 4918 παραδείσω

2261 4921 2355 5012 καλ.
2388 4923 2580 4977 πάλιν·
2617 4926 2783 4999 ’ζίδει
2826 4931 2937 5000 γὰρ
2974 4937 3007 4988 ὁ
3033 4936 3212 5003 Θεὸς,
3244 4938 3333 4993 ὅτι
3365 4935 3404 5012 ᾗ
3442 4942 3496 4996 δ’
3529 4942 3607 4996 ἂν
3644 4937 3814 5008 ἡμέρα

2257 5009 2484 5079 φάγητε
2531 5014 2633 5069 ἀπ’
2696 5019 2916 5087 αὑτοῦ,
2979 5009 3501 5095 διανοιχθήσοιλται
3555 5028 3710 5099 ὑμῶν
3759 5024 3809 5076 οι

2257 5101 2548 5174 ὀφθαλμοὶ
2569 5144 2585 5169 ,
2629 5109 2727 5162 καὶ
2753 5110 2974 5168 ἔσεσθε
3005 5115 3086 5182 ὡς
3107 5119 3260 5184 θεοί,
3292 5122 3677 5192 γινώσκοντες
3717 5130 3805 5171 κα·

2253 5192 2370 5244 λὸν
2393 5195 2491 5248 καὶ
2518 5201 2810 5267 πονηρόν·
2843 5205 2936 5258 καὶ
2974 5207 3198 5263 τοιαῦτα
3233 5213 3331 5281 μὲν
3369 5213 3793 5288 ὑποκρινόμενοςο

2253 5284 2346 5335 καὶ
2377 5284 2467 5337 τὸν
2495 5285 2629 5341 Θεὸν
2660 5289 2857 5347 εἰδέναι
2887 5299 3386 5372 προσποιούμενος,
3417 5284 3603 5377 ὡμίλει
3631 5303 3690 5372 τῇ
3713 5314 3795 5367 γυ·

2251 5376 2430 5438 ναικὶ,
2478 5380 2536 5431 ὲν
2581 5381 2777 5455 καρδία
2822 5385 2879 5439 δὲ
2934 5389 3164 5463 ἀνομίας
3208 5376 3519 5467 εἰργάζετο,
3566 5397 3650 5451 καὶ
3694 5391 3792 5450 τοῖς

579 4668 720 4723 enim
737 4667 899 4736 Deus,
921 4672 1060 4741 quod
1074 4690 1379 4745 quacunque
1398 4677 1483 4732 die
1499 4680 1829 4736 comederitis
1855 4699 1918 4736 ex
1939 4701 2020 4750 eo,
2041 4701 2164 4754 ape-

582 4763 787 4816 rientur
802 4766 941 4819 oculi
971 4768 1146 4831 vestri,
1174 4778 1222 4822 et
1242 4772 1388 4827 eritis
1406 4773 1544 4826 sicut
1579 4773 1679 4839 dii,
1706 4776 1924 4831 scientes
1968 4779 2161 4836 bonum

580 4862 631 4907 et
662 4857 940 4915 malum".
983 4863 1047 4914 Et
1100 4864 1298 4920 talibus
1331 4867 1550 4938 quidem
1583 4869 1746 4928 dictis
1774 4873 2061 4942 simulans,
2105 4889 2159 4936 et

577 4944 746 5001 Deum
771 4966 828 5004 se
845 4966 1009 5007 nosse
1059 4955 1376 5023 praeferens,
1417 4963 1700 5020 mulierem
1738 4969 2155 5044 alloquebatur;

576 5038 632 5093 in
651 5041 818 5095 corde
839 5051 1018 5098 autem
1050 5047 1368 5118 iniquitates
1410 5058 1764 5126 operabatur,
1808 5038 1879 5118 ac
1894 5038 2153 5135 operibus

572 5131 900 5201 injustitiam
931 5142 1312 5210 complicabat.
1349 5145 1541 5204 Merito
1562 5151 1614 5206 hi
1649 5169 1867 5226 quoque
1896 5131 2156 5219 dicuntur

573 5223 815 5280 furorem
837 5237 891 5283 et
922 5232 1160 5288 animam
1194 5236 1394 5295 habere
1451 5258 1755 5304 memorato
1801 5257 2040 5324 serpenti
2077 5260 2154 5314 si-

571 5316 774 5372 milem.
799 5317 950 5386 Quod
983 5323 1160 5392 ipsum
1192 5327 1334 5387 Deus
1361 5338 1702 5403 prmscientia
1736 5359 1832 5399 sua
1867 5363 2148 5418 prteoccu-

2041 5461 2148 5549 (Ιιξθ
2247 5467 2428 5538 ἔργοις
2449 5471 2661 5528 ἀδικίαν
2688 5479 3019 5537 συνέπλεκεν
3039 5485 3293 5552 ἐἰκότως
3317 5491 3411 5544 καὶ
3439 5492 3543 5545 οἶδε
3570 5489 3786 5556 λέγονται

1396 5552 1680 5656 ξ’ἱέξξζῗῖῗζῗ
1707 5552 2144 5656 ςῖῗῖἶῗῗῗξέῗῗῗῗ
2247 5558 2417 5656 iis“
2445 5562 2589 5635 ἔχειν
2620 5572 2713 5622 και
2740 5569 2918 5644 ψυχὴν
2947 5575 3141 5646 ὁμοίαν
3169 5579 3246 5652 τῷ
3275 5584 3615 5656 προλεχθέντι
3635 5552 3778 5647 ’δινεν

565 5607 728 5652 aures
774 5602 1108 5670 occludunt,
1135 5623 1312 5680 neque
1353 5610 1665 5678 divinarum
1706 5602 2140 5689 incantation-um

565 5684 797 5746 Virtutes
830 5695 1128 5748 recipiunt.
1159 5701 1254 5748 sed
1276 5707 1483 5748 similae
1516 5721 1640 5748 mm
1675 5719 1849 5748 ..ηυξ
1880 5724 2057 5748 -.._..._
2096 5738 2138 5748 -.

2269 5602 2414 5630 ν-τυν
2445 5602 2587 5635 ..λων
2621 5602 2713 5622 οιυιι
2740 5602 2918 5644 γυχην
2947 5602 3141 5646 υμυιαν
3169 5602 3246 5652 τῳ
3275 5602 3615 5656 προλεχυεντι
3645 5602 3744 5647 οἳν⁸⁶
3769 5602 3774 5603 ⁷

2269 5676 2272 5697 ι
2303 5650 2365 5723 δη
2393 5655 2486 5708 καὶ
2517 5657 2650 5712 αὐτὸ
2675 5663 3003 5736 προείληφεν
3022 5669 3050 5720 ὁ
3082 5667 3215 5736 Θεὸς
3245 5675 3310 5746 τῇ
3349 5675 3652 5748 προγνώσει.
3674 5665 3775 5722 Τῶν
