4100 6442
321 351 428 410 521

1467 355 1974 418 (ΣΟΜΜΕΝΤΑΒΙΑ
2009 355 2076 412 IN
2119 353 2468 414 PSALMOS.

3501 349 3608 408 522

311 469 602 538 τευόμενοι
627 469 860 542 ῥήμασι,
883 473 1034 528 οὐδὲν
1067 471 1412 544 τικτήσονται
1447 473 1584 544 πρὸς
1619 473 1887 544 ὠφελείας

1987 525 1988 531 η
2019 471 2298 526 obturanti
2323 485 2486 526 aures
2515 483 2668 534 suas,
2703 477 2762 524 ut
2789 483 2900 524 non
2935 465 3190 524 exaudiat
3219 479 3384 522 voces
3413 465 3604 520 incan-

315 561 408 616 διὰ
435 562 496 614 τὺ
526 561 676 632 βύειν
697 563 766 616 τὰ
787 559 924 630 ὦτα,
947 565 1040 620 καὶ⁸
1075 566 1148 636 μὴ
1183 565 1582 636 καταδέχεσθαι
1609 565 1720 620 τῶν
1747 563 1908 618 θείων

317 651 540 722 ἐπῳδῶν
575 653 674 718 τὰς
707 654 1000 726 δυνάμεις,
1035 655 1428 728 ἀφομοιοῦσθαι
1467 657 1524 710 δὲ
1545 657 1730 712 ἀσπίδι
1749 659 1906 730 κωφῇ

315 741 412 794 καὶ
445 741 650 816 βυούσῃ
681 745 750 798 τά
781 739 898 798 ὦτα
931 737 1126 817 αὐτῆς,
1157 747 1294 820 πρὸς
1321 749 1384 802 τὸ
1417 749 1492 820 μὴ
1525 747 1756 802 ἀκοῦσαι
1791 767 1904 818 φω-

313 833 418 902 νῆς
443 833 776 906 ἐπᾳδόντων,
821 839 1236 908 φαρμακοῦται
1263 841 1338 910 (l)
1369 841 1904 910 gappaxevouérov

311 925 474 992 παρὰ
513 925 732 994 σοφοῦ.
773 927 864 998 Τῷ
893 929 994 1000 μὲν
1025 927 1118 984 οὖν
1145 931 1266 1002 ὄφει
1297 931 1662 1004 ὡμοιώθησαν
1687 933 1776 988 διὰ
1805 933 1904 1006 τὴν

309 1013 604 1086 ὑπόκρισιν
635 1017 730 1070 καὶ
751 1017 852 1088 τὴν
879 1017 1214 1072 ἐπίπλαστον
1249 1020 1378 1090 περὶ
1403 1019 1540 1074 Θεοῦ
1569 1019 1810 1092 ὁμιλίαν,
1833 1023 1902 1092 τῇ

305 1103 368 1158 δὲ
397 1105 582 1158 ἀσπίδι
613 1106 702 1160 sta
727 1109 788 1162 τὸ
825 1109 1090 1182 κρύπτειν
1115 1113 1174 1166 ὲν
1197 1111 1382 1178 αὐτοῖς
1407 1113 1498 1166 τὸν
1527 1111 1902 1186 θανατηφόρον

309 1197 412 1252 ἰόν.
455 1199 592 1252 Ἀλλ’
627 1201 678 1254 εί
711 1203 810 1272 μὲν
843 1203 1032 1268 ἁπλῶς
1055 1205 1244 1258 ἀσπίδι
1275 1205 1722 1276 παρεδλήθησαν,
1745 1207 1904 1270 ἐλπὶς

303 1287 378 1342 ἂν
401 1285 470 1360 ἦν
499 1307 630 1344 ποτε
659 1292 1140 1366 ὠφεληθήσεσθαι·
1173 1296 1294 1350 ἐπεὶ
1327 1297 1422 1350 καὶ
1451 1295 1510 1350 τὸ
1543 1295 1714 1350 δεινὸν
1739 1297 1906 1368 ἑρπε-

301 1377 400 1430 τὸν
435 1381 612 1434 ἐκείνὸ
641 1383 788 1436 ἐστιν
825 1383 912 1438 ὅτε
949 1383 1010 1448 ἐξ
1033 1383 1246 1456 ἐπῳδῆς
1283 1385 1378 1438 καὶ
1407 1385 1754 1454 κατασκευῆς
1785 1385 1904 1438 ἑτέ-

305 1487 422 1540 ρων
451 1471 614 1526 τινῶν
643 1473 976 1546 ἀπορρίπτει
1023 1477 1114 1532 τὸν
1143 1479 1240 1542 ἰὸν,
1273 1479 1366 1532 καὶ
1397 1478 1488 1532 τὸν
1515 1479 1684 1550 θυμὸν
1713 1477 1902 1532 ἀποτί-

301 1561 480 1627 θεται,
515 1565 608 1618 καὶ
639 1565 828 1638 ὥσπερ
861 1567 1262 1640 ἀπονεκροῦται
1293 1570 1392 1640 τὴν
1423 1570 1620 1624 κακίαν
1641 1587 1654 1602 ·
1689 1571 1738 1622 εἰ
1779 1569 1836 1624 δὲ
1867 1571 1900 1642 ὴ

297 1653 532 1726 τοιαύτη
581 1655 686 1726 τῆς
729 1659 960 1724 ἀσπίδος
1005 1661 1200 1734 πικρία
1243 1661 1468 1734 δυνάμει
1522 1663 1696 1732 λόγων
1739 1663 1900 1726 τινῷν

301 1749 590 1816 ἐξασθενεί
623 1753 714 1806 καὶ
743 1753 1204 1826 ἀπομαραίνεται,
1229 1757 1320 1810 τὸν
1349 1757 1426 1810 ἰόν
1445 1775 1506 1810 τε
1535 1755 1864 1828 ἀπορρίπτει
1883 1799 1896 1822 ,

2011 563 2270 626 lantiunt,
2299 577 2478 632 neque
2521 561 2752 632 recipiat
2781 559 3066 616 remedium
3117 577 3150 612 a
3187 559 3418 628 sapiente
3443 573 3606 626 para-

2011 665 2146 710 tum.
2177 655 2428 726 Serpenti
2455 655 2620 726 igitur
2643 653 2854 710 similes
2889 659 3040 718 sunt,
3087 651 3160 706 ob
3187 651 3527 724 hypocrisin,
3549 663 3606 706 et

2011 747 2330 802 simulatum
2373 747 2504 800 illud
2541 745 2610 802 de
2651 745 2760 802 Deo
2800 745 3170 816 colloquium;
3221 743 3400 816 aspidi
3445 757 3598 804 vero,

2009 841 2138 912 quia
2197 841 2356 896 letale
2413 855 2684 896 venenum
2725 839 2780 894 in
2829 854 2888 894 se
2947 837 3248 894 occultant.
3305 835 3506 892 Verum
3553 837 3598 890 si

2009 931 2186 1002 aspidi
2217 931 2488 986 duntaxat
2535 929 2892 1000 comparandi
2917 936 3126 992 essent,
3161 943 3288 998 spes
3319 927 3460 986 foret
3503 943 3600 982 eos

2007 1024 2302 1094 aliquando
2343 1023 2630 1076 utilitatem
2667 1029 3022 1094 percepturos
3059 1036 3070 1070 :
3115 1019 3387 1090 siquidem
3419 1017 3594 1074 iet-tun

2005 1117 2142 1172 illud
2183 1115 2396 1186 reptile,
2455 1129 2524 1170 ex
2583 1113 2954 1168 incantatione
2975 1119 3030 1168 et
3063 1111 3296 1168 artificio
3331 1125 3596 1182 querunt-

2005 1211 2158 1274 dam,
2207 1209 2362 1264 virus
2401 1223 2800 1278 nonnunquam
2835 1207 3048 1278 abjicit,
3105 1203 3456 1274 furoremque
3495 1203 3594 1258 dc-

2004 1302 2182 1372 ponit,
2215 1311 2268 1356 et
2303 1299 2462 1370 quasi
2495 1299 2868 1380 exstinguitur
2901 1297 3080 1370 quoad
3115 1297 3402 1354 malitiam.
3435 1295 3590 1362 Quod

2009 1392 2058 1446 si
2087 1391 2214 1446 talis
2251 1391 2524 1448 acerbitas
2571 1389 2778 1462 aspidis
2819 1391 2868 1444 vi
2903 1389 3266 1460 quorumdam
3297 1389 3589 1442 verborum

2003 1483 2322 1540 debilitatur
2345 1491 2398 1540 et
2451 1481 2766 1546 marcescit,
2809 1497 3188 1552 venenumque
3217 1479 3428 1550 abjicit,
3459 1477 3592 1548 quirl

2007 1575 2298 1632 dicendum
2331 1577 2398 1630 de
2425 1575 2610 1632 anima
2635 1573 2896 1638 hominis,
2931 1587 3052 1644 qua:
3077 1571 3142 1626 ad
3175 1571 3464 1642 imaginem
3495 1567 3590 1623 Dei

2007 1665 2148 1720 facta
2175 1675 2280 1732 est,
2315 1665 2420 1720 nisi
2449 1681 2570 1722 eam
2597 1665 2770 1720 multo
2801 1663 2984 1736 potius
3007 1677 3172 1734 quam
3207 1661 3400 1732 reptile
3455 1657 3590 1714 illud

2003 1771 2198 1828 genus,
2225 1755 2474 1826 deposito
2499 1757 2722 1812 malitiae
2751 1769 2980 1818 veneno,
3039 1755 3094 1808 in
3145 1751 3338 1806 melius
3369 1760 3592 1806 mutan-

297 1843 358 1894 τί
385 1843 490 1914 χρὴ
521 1843 700 1912 λέγειν
732 1819 872 1918 περὶ.
889 1819 1180 1918 ἀνθρώπου
1217 1847 1414 1920 ψυχῆς,
1438 1849 1538 1918 τῆς
1563 1819 1887 1904 κατ’-εἰκόνα

1999 1847 2126 1904 dam
2159 1863 2318 1916 esse;
2345 1849 2390 1904 si
2423 1855 2606 1904 tamen
2659 1861 2783 1904 sese
2831 1847 3142 1904 divinarum
3169 1841 3587 1914 disciplinarum

295 1931 440 1986 Θεοῦ
469 1933 846 2005 γεγενημένης
871 1975 886 2000 ,
911 1935 1026 1988 ἀλλ’
1057 1935 1140 1988 ὅτι
1167 1935 1262 1988 καὶ
1293 1935 1430 2006 αὑτὴ
1461 1935 1596 1990 πολὺ
1635 1935 1834 2006 μᾶλλον
1859 1937 1890 2008 ἢ

295 2021 364 2076 τὸ
411 2025 742 2094 ἑρπυστικδν
783 2027 962 2080 ἐκεῖνο
1007 2026 1162 2094 γένος
1221 2025 1514 2096 μετέὃαλεν
1571 2025 1636 2080 ἂν
1679 2027 1774 2080 ἐπὶ
1833 2027 1894 2080 τὸ

297 2117 586 2186 κρεῖττον,
631 2115 732 2186 τῆς
767 2117 966 2182 κακίας
1021 2117 1098 2170 ίδν
1145 2117 1490 2189 ἀποθεμένη,
1533 2119 1582 2170 εί
1632 2123 1892 2190 παρεῖχεν

293 2205 504 2278 ὕαυτὴν
531 2209 600 2278 τῇ
643 2207 710 2260 ἐκ
755 2207 864 2262 τῶν
899 2207 1056 2262 θείων
1097 2207 1438 2280 μαθημάτων
1473 2209 1742 2282 ὠφελείᾳ,
1797 2211 1892 2262 καὶ

295 2299 420 2362 ταῖς
449 2297 666 2372 ἀληθῶς
695 2297 1078 2364 θεοπνεύστοις
1111 2301 1346 2372 ἐπῳδαῖς
1371 2319 1386 2366 ;
1418 2301 1510 2354 Διδ
1537 2302 1602 2372 δὴ
1643 2301 1890 2376 ἀκριϐῶς

295 2391 326 2444 ό
349 2389 506 2460 λόγος
547 2393 648 2462 οὐχ
677 2391 866 2456 ante;
893 2393 1082 2448 ἀσπίδι
1125 2393 1226 2464 τὴν
1267 2393 1526 2464 τοιαύτην
1559 2393 1886 2466 παρέϐαλεν,

297 2480 414 2536 ἀλλ’
463 2481 650 2536 ἀσπίδι
697 2487 854 2556 κωφῇ
881 2523 896 2548 ,
925 2485 1026 2560 οὐκ
1071 2485 1136 2538 ἐκ
1179 2483 1394 2554 φύσεως
1443 2483 1580 2560 οὔσῃ
1627 2485 1884 2558 τοιαύτῃ,

295 2571 410 2624 ἀλλ’
449 2573 514 2624 ὲκ
547 2575 926 2646 προαιρέσεως
959 2575 1158 2646 ἑαυτὴν
1187 2575 1574 2648 ἀποκωφούσῃ.
1613 2575 1706 2628 Διὸ
1731 2575 1884 2648 εἴρη-

293 2675 418 2722 ται,
475 2661 572 2728 Ὠς
605 2659 870 2730 ἀσπίδος
913 2661 1122 2732 κωρῆς
1169 2663 1271 2718 καὶ
1321 2665 1604 2732 ,θυούσης
1651 2663 1726 2718 τὰ
1767 2659 1888 2718 ὦτα

291 2749 504 2818 αὐτῆς.
555 2751 712 2806 Οὕτω
751 2751 864 2826 γάρ
915 2769 1048 2808 ποτε
1097 2753 1194 2808 καὶ
1237 2754 1524 2826 ἄνθρωπος
1565 2755 1674 2808 τῶν
1723 2755 1884 2810 θείων

289 2843 524 2912 ἀνήκοος
553 2843 748 2914 λόγων,
775 2845 836 2898 οὐ
877 2845 1030 2918 παρά
1063 2845 1126 2898 τδ
1155 2845 1518 2916 κεκωφῶσθαι
1547 2845 1646 2920 τὴν
1677 2845 1880 2918 ψυχὴν,

289 2933 584 3008 ἐπέρηται
613 2937 712 3006 τῆς
735 2937 928 3008 ἀκοῆς,
959 2937 1112 3008 παρά
1139 2937 1196 2992 δὲ
1231 2938 1328 3008 τὴν
1351 2939 1558 2992 οἰκείαν
1589 2937 1876 3010 βούλησιν·

289 3023 438 3080 ἑκὼν
471 3026 580 3099 γὰρ
623 3027 812 3082 ἑαυτὸν
849 3031 1138 3099 ἀποκωφοϊ
1185 3029 1504 3100 βιαζόμενος
1547 3029 1642 3102 τὴν
1683 3031 1880 3084 ἑαυτοῦ

289 3117 476 3210 φῦσιν.
527 3119 662 3210 θεὸς
701 3119 814 3194 γὰρ
853 3121 1044 3194 κωφὴν
1073 3121 1252 3194 ψυχὴν
1293 3122 1392 3176 οὐκ
1433 3121 1756 3194 εἰργάσατο,
1803 3123 1880 3186 ὡς
1907 3153 1948 3210 c

283 3209 412 3262 οὐδὲ
441 3209 806 3284 τυφλὴνφῦδὲ.
827 3213 1108 3284 ἀνάπηρον
1123 3253 1138 3278 ,
1167 3211 1288 3266 οὐδὲ
1309 3213 1446 3276 ὅλως
1468 3211 1874 3286 λελωϐημένηψ

285 3303 614 3376 ἐρρωμένην
635 3304 693 3360 δὲ
721 3303 862 3360 κατά
887 3303 1066 3368 πάσας
1103 3303 1274 3374 αὐτῆς
1305 3305 1406 3368 τὰς
1429 3305 1692 3376 δυνάμεις
1713 3321 1726 3336 ·
1757 3307 1880 3360 ἐπεὶ

285 3395 412 3450 κατ’
445 3395 628 3450 εἰκόνα
653 3397 748 3450 καὶ
779 3397 900 3452 καθ’
934 3397 1194 3468 ὁμοίωσιν
1221 3395 1320 3468 τὴν
1349 3395 1514 3450 αὑτοῦ
1555 3397 1646 3452 τὸν
1671 3397 1880 3472 ἄνθρω-

287 3501 390 3540 πον
429 3487 792 3560 ὑπεστήσατο.
845 3489 1116 3552 Ἕκαστος
1143 3487 1198 3542 δὲ
1243 3487 1436 3542 ἑαυτὸν
1467 3489 1756 3558 ἀποκωςροῖ
1785 3491 1880 3544 καὶ

281 3579 518 3648 τυφλοῖ,
565 3583 660 3636 καὶ
701 3583 800 3654 τὴν
851 3583 1038 3636 οὐσίαν
1065 3584 1162 3656 τῆς
1189 3581 1384 3637 ἑαυτοῦ
1409 3583 1586 3656 ψυχῆς
1615 3585 1874 3642 λωϐᾶται.

285 3669 458 3726 Τοῦτο
483 3673 540 3726 δὲ
585 3673 673 3728 διὰ
711 3675 930 3728 Ἡσαΐου
965 3675 1058 3729 τοῦ
1091 3678 1368 3748 προφήτου
1401 3681 1430 3732 ὁ
1469 3679 1534 3732 ἐκ
1571 3681 1878 3752 περιτομῆς

283 3763 650 3834 ἀπελέγχεται
695 3767 950 3838 πράττων
989 3767 1138 3832 λαός.
1189 3769 1280 3821 Διὸ
1321 3769 1572 3824 λέλεκται
1605 3771 1742 3844 πρὸς
1779 3775 1878 3826 αὖα

281 3857 442 3922 τούς·
491 3859 830 3928 Ἐπαχύνθη
871 3861 908 3928 ἡ
941 3861 1158 3930 καρδία
1187 3861 1292 3916 τοῦ
1321 3863 1476 3916 λαοῦ
1511 3865 1748 3930 τούτου,
1773 3867 1874 3920 καὶ

283 3947 410 4014 τοῖς
439 3949 552 4004 ὠσί
591 3949 828 4020 βαρέως
873 3951 1184 4022 ἥκουσαν,
1223 3955 1320 4009 καὶ
1351 3957 1492 4024 τοὺς
1529 3957 1876 4028 ὀφθαλμοὺς-

281 4039 672 4110 ἐκάμμυσαν,
703 4043 802 4098 καί
829 4043 902 4098 τὰ
924 4039 1044 4098 ὦτα
1069 4045 1370 4114 ἐϐάρυναν
1395 4065 1408 4078 ·
1435 4048 1670 4118 μήποτε
1703 4049 1874 4106 ἴδωσι

279 4131 410 4200 τοῖς
437 4135 766 4204 ὀφθαλμοῖς
785 4175 800 4200 ,
833 4135 930 4192 καί
961 4137 1088 4204 τοῖς
1109 4139 1262 4194 ὠσὶν
1285 4141 1596 4197 ἀκούσωσι
1617 4183 1632 4206 ,
1659 4143 1760 4198 καὶ
1797 4143 1872 4212 τῇ

283 4225 498 4294 καρδίᾳ
545 4227 810 4294 συνῶσι,
859 4229 958 4284 καί
991 4231 1428 4302 ἐπιστρέψωσι,
1479 4235 1576 4288 καί
1619 4233 1872 4305 ίάσωμαι

277 4319 522 4384 αὐτούς.
547 4319 734 4388 οὕτως
757 4315 852 4378 οῦν
871 4323 1058 4376 ἀσπίδι
1083 4327 1240 4396 κωφῇ
1275 4327 1474 4398 ἑαυτὴν
1497 4329 1870 4403 ἀποκωφούσῃ

279 4409 312 4464 6
355 4407 463 4464 τῶν
507 4409 668 4464 θείων
709 4413 942 4484 ἀνήκοος
979 4413 1154 4482 λόγων
1188 4417 1600 4488 παρωμοίωται.
1647 4417 1738 4470 Διὸ
1781 4419 1868 4472 λέ-

1999 1941 2246 2008 utilitati,
2281 1949 2336 1996 et
2365 1939 2630 1996 divinitus
2645 1955 2770 1996 vere
2802 1937 3084 2008 inspiratis
3115 1933 3588 1990 incantationibus

1997 2031 2272 2104 applicet?
2331 2029 2698 2096 Quamobrem
2731 2035 2990 2084 accurate
3025 2043 3208 2084 sermo
3261 2042 3368 2080 non
3404 2025 3584 2096 aspidi

1967 2122 2320 2194 .simpliciter
2349 2123 2516 2180 talem
2577 2121 2817 2176 animam
2863 2119 3236 2194 comparavit,
3263 2119 3358 2174 sed
3405 2117 3582 2188 aspidi

1993 2211 2200 2276 surdas,
2231 2227 2354 2282 qua:
2399 2227 2510 2266 non
2561 2227 2628 2266 ex
2687 2217 2882 2266 natura
2933 2225 3032 2265 sua
3067 2205 3232 2264 surda
3265 2207 3358 2274 sit,
3395 2207 3490 2262 sed
3515 2221 3584 2262 ex

1991 2299 2216 2370 propria
2263 2301 2546 2354 voluntate
2578 2299 2704 2354 talis
2737 2299 2994 2356 evaserit.
3031 2297 3212 2364 Quare
3235 2295 3444 2352 dictum
3475 2303 3580 2362 est,

1991 2389 2140 2446 Sicut
2195 2390 2398 2460 aspidis
2431 2391 2610 2444 surda:
2661 2399 2710 2444 et
2750 2389 3049 2444 obturantis
3099 2403 3252 2442 aures
3300 2403 3448 2442 suas.
3489 2383 3582 2440 Sic

1987 2483 2136 2536 etaim
2171 2479 2466 2550 aliquando
2487 2481 2652 2536 homo
2675 2481 2836 2536 verba
2855 2479 3038 2534 divina
3069 2495 3177 2534 non
3203 2477 3452 2540 audiens,
3471 2492 3578 2530 non

1987 2570 2136 2642 quod
2163 2573 2348 2626 anima
2371 2571 2576 2628 surdus
2603 2573 2860 2634 evaserit,
2881 2571 3068 2626 auditu
3096 2569 3364 2640 privatur,
3405 2567 3500 2624 scd
3525 2569 3580 2622 id

1957 2717 1960 2720 .
1989 2664 2224 2738 propriae
2253 2663 2552 2720 voluntatis
2575 2671 2694 2730 est;
2725 2671 2921 2734 sponte
2949 2677 3186 2732 namque
3228 2667 3441 2716 natura:
3467 2659 3578 2714 vim

1988 2755 2230 2814 inferens
2247 2771 2362 2812 sua:
2389 2755 2754 2812 obsurdescit.
2777 2753 2986 2808 Etenim
3019 2751 3162 2808 Deus
3191 2767 3300 2808 non
3329 2749 3576 2814 surdam,

1985 2863 2096 2904 non
2125 2863 2350 2912 ctecam.
2383 2863 2494 2904 non
2529 2847 2772 2902 mutilam
2799 2847 2880 2901 vel
2903 2859 3150 2900 mancam
3175 2845 3448 2910 animam;
3481 2841 3576 2898 sed

1985 2939 2222 2996 validam
2259 2941 2582 3010 cunctisque
2635 2939 2752 2994 suis
2784 2935 3082 2992 virtutibus
3127 2933 3410 3006 pratditam
3443 2931 3574 2988 «τσο.

1983 3033 2090 3100 cit;
2119 3047 2248 3088 nam
2273 3034 2342 3086 ad
2373 3031 2666 3102 imaginem
2707 3035 2762 3084 et
2813 3027 3227 3084 similitudinem
3275 3041 3430 3082 suam
3473 3025 3574 3080 lto-

1987 3127 2190 3182 minem
2221 3125 2488 3182 condidit.
2549 3123 2794 3194 Quisque
2824 3135 2954 3174 vero
2984 3119 3304 3176 surditatem
3329 3119 3434 3174 sibi
3467 3133 3574 3172 cm-

1983 3221 2321 3290 citatemque
2349 3221 2632 3286 procurat,
2681 3211 2988 3282 animasque
3043 3227 3156 3266 suae
3201 3209 3568 3266 substantiam
3641 3197 3646 3208 ’

1983 3312 2292 3370 labefactat.
2319 3309 2476 3378 Quod
2513 3309 2746 3380 populus
2791 3323 2856 3362 cx
2914 3301 3338 3360 circumcisione
3375 3301 3572 3356 fecisse

1979 3421 2076 3476 per
2099 3405 2296 3460 Isaiam
2325 3403 2576 3474 arguitur
2605 3403 2692 3456 bis
2713 3399 2896 3456 verbis
2931 3417 2944 3454 :
2977 3397 3348 3454 Incrassatum
3371 3403 3448 3449 est
3479 3411 3570 3450 cor

1979 3495 2158 3562 populi
2181 3493 2362 3562 hujus,
2387 3501 2436 3546 ct
2457 3491 2674 3558 auribus
2703 3490 2936 3562 graviter
2967 3487 3274 3550 audierunt,
3305 3495 3354 3540 et
3388 3485 3568 3540 oculos

1977 3585 2316 3650 clauserunt,
2359 3602 2420 3640 ne
2459 3585 2596 3654 forte
2637 3581 2844 3638 videant
2885 3581 3076 3646 oculis,
3133 3591 3180 3634 et
3225 3577 3446 3632 auribus
3471 3595 3570 3632 au-

1979 3675 2152 3740 diant,
2177 3686 2226 3732 et
2257 3675 2412 3742 corde
2435 3675 2754 3746 intelligant,
2789 3683 2838 3730 et
2867 3681 3270 3738 convertantur,
3305 3681 3352 3724 ct
3385 3687 3568 3726 sanam

1977 3769 2158 3822 eos“.
2195 3765 2288 3822 Sic
2339 3783 2470 3838 ergo
2521 3767 2698 3838 aspidi
2733 3767 2916 3822 surda:
2959 3775 3016 3822 et
3071 3763 3350 3820 obturanti
3407 3779 3568 3818 aures

1977 3869 2352 3930 cornparatur,
2411 3861 2504 3930 qui
2527 3851 2712 3914 divina
2739 3857 2902 3914 verba
2933 3873 3044 3912 non
3069 3855 3240 3912 audit.
3273 3855 3455 3922 Quare
3487 3869 3572 3910 se-

1977 3953 2220 4008 cundum
2260 3951 2648 4024 Symmachum
2695 3949 2938 4006 dicitur:
2975 3949 3126 4004 Sicut
3147 3947 3324 4018 aspidi
3360 3945 3562 4011 sui-div,

1977 4043 2254 4098 obturanti
2281 4043 2584 4098 auriculam
2633 4059 2808 4106 suam,
2837 4051 2894 4096 ut
2929 4057 2991 4096 ne
3039 4040 3226 4094 audiat
3269 4053 3442 4092 vocem
3471 4053 3560 4092 su-

1975 4135 2330 4200 surrantium,
2359 4151 2670 4204 unoquoque
2703 4133 3094 4188 incantationes
3135 4131 3398 4198 sapienter
3433 4127 3560 4182 eda-

1975 4235 2082 4280 cto.
2115 4223 2314 4280 Verum
2349 4225 2514 4280 homo
2539 4239 2684 4278 nunc
2709 4221 3002 4286 exsistens,
3027 4219 3120 4291 qui
3149 4233 3268 4274 sese
3287 4216 3380 4272 tali
3401 4215 3564 4272 modo

1975 4315 2286 4380 constituit,
2319 4315 2450 4370 dum
2481 4315 2596 4372 haec
2629 4315 2738 4386 agit
2771 4329 2800 4368 a
2829 4313 3018 4368 multis
3047 4310 3328 4376 noscitur;
3367 4317 3422 4362 at
3449 4305 3560 4364 Deo

1973 4411 2136 4466 etiam
2171 4417 2298 4466 ante
2321 4417 2504 4466 ortum
2531 4417 2728 4476 notus;
2763 4407 2872 4462 imo
2901 4419 3030 4462 vero
3051 4405 3144 4459 diu
3181 4409 3472 4474 antequam
3503 4401 3558 4456 in

277 4499 464 4554 λεκται
519 4503 663 4556 κατά
711 4505 804 4558 τὸν
855 4504 1184 4576 Σύμμαχον·
1245 4507 1338 4572 Ὠς
1389 4507 1602 4562 ἀσπίδι
1661 4507 1864 4579 κωφῇ,

1987 4509 2132 4558 utero
2163 4502 2568 4570 conciperetur,
2609 4499 2756 4572 quod
2781 4499 2904 4554 talis
2933 4497 3152 4554 futurus
3177 4501 3342 4556 esset.
3377 4495 3447 4550 ab
3489 4507 3556 4550 eo

277 4591 522 4660 βυούσῃ
545 4591 722 4646 ὠτίον
753 4591 966 4660 αὐτῆς,
1012 4594 1114 4648 ἵνα
1137 4593 1224 4662 μὴ
1269 4595 1506 4664 ἀκούσῃ
1533 4593 1746 4664 φωνὴν
1771 4597 1868 4664 ψι-

277 4681 650 4750 θιιριζόντων,
682 4683 940 4738 ἑκάστου
973 4683 1210 4752 ἐπῳδὰς
1233 4685 1706 4754 σεσοφισμένου.
1723 4685 1864 4740 Ἀλλ’

275 4773 304 4826 ὁ
339 4773 436 4844 μὲν
465 4773 562 4826 νῦν
595 4775 846 4844 ὑφεστὼς
893 4775 1208 4846 ἄνθρωπος,
1257 4777 1353 4830 καὶ
1385 4775 1628 4830 τοιοῦτον
1671 4777 1864 4832 ἑαυτὸν

279 4863 692 4930 κατασκευάσας
713 4905 728 4928 .
759 4865 850 4920 ὅτε
881 4865 1054 4920 ταῦτα
1091 4867 1354 4940 πράττει,
1387 4869 1498 4932 τοῖς
1531 4865 1744 4931 πολλοῖς
1779 4884 1866 4936 γι-

1971 4593 2430 4666 coguoseebatur.
2465 4589 2748 4648 Incassum
2793 4605 2924 4664 ergo
2969 4589 3074 4646 sibi
3109 4589 3212 4660 ipsi
3255 4585 3435 4642 illudit
3461 4585 3556 4656 qui

1967 4687 2240 4758 justitiam
2271 4701 2366 4742 ore
2399 4683 2686 4756 profitetur
2709 4727 2726 4752 ,
2761 4683 2892 4738 dum
2949 4683 3204 4738 nianibus
3228 4679 3554 4750 injustitiam

1971 4777 2286 4848 complicat,
2315 4777 2626 4848 deindeque
2657 4775 3002 4848 iniquitatem
3033 4773 3090 4828 in
3121 4773 3286 4830 corde
3315 4769 3556 4826 occultat

1971 4885 2092 4934 suo,
2121 4883 2188 4924 ac
2211 4869 2256 4926 si
2293 4869 2348 4924 in
2379 4869 2566 4924 divino
2597 4867 2858 4926 tribunali
2885 4867 2988 4938 ipsi
3017 4865 3132 4920 Deo
3153 4865 3326 4920 latere
3355 4861 3552 4934 possit.

275 4951 544 5010 νὼσκεται
567 4969 580 4986 ·
623 4953 700 5026 τῷ
727 4954 784 5011 δὲ
817 4955 936 5028 Θεῷ
1003 4959 1098 5014 καὶ
1149 4957 1256 5032 πρὸ
1295 4957 1594 5026 γενέσεως,
1633 4959 1728 5012 καὶ
1759 4959 1894 5014 πολὺ
1933 4963 2199 5034 πρότερον
2243 4961 2350 5034 πρὸ
2380 4961 2480 5034 τῆς
2527 4961 2670 5016 κατά
2699 4959 2934 5032 γαστρὸς
2967 4955 3282 5028 συλλήψεως
3303 4993 3316 5020 ,
3379 4951 3554 5008 τοιοῦο

269 5057 366 5104 τος
402 5043 658 5112 ἐσόμενος
691 5043 1036 5116 ἐγνωρίζετο.
1071 5049 1266 5121 Μάτην
1297 5049 1405 5122 ἄρα
1435 5049 1628 5104 ἑαυτὸν
1671 5051 1858 5122 ἀπατᾷ
1893 5054 1922 5106 ὀ
1963 5051 2144 5108 λαλεῖν
2181 5053 2280 5124 μὲν
2327 5053 2678 5123 δικαιοσύνην
2729 5049 3202 5120 ἐπαγγελλόμενος
3223 5087 3237 5112 ,
3307 5049 3426 5109 ταῖς
3491 5043 3548 5100 δὲ

273 5136 462 5208 χερσὶν
501 5135 666 5190 αὑτοῦ
733 5139 1060 5210 συμπλέκων
1103 5141 1316 5196 ἀδικίαν
1335 5161 1348 5174 ·
1383 5141 1574 5198 ἔπειτα
1619 5143 1876 5214 κρύπτων
1913 5147 1972 5200 ὲν
1995 5149 2060 5220 τῇ
2125 5147 2324 5218 καρδίᾳ
2353 5145 2546 5202 ἑαυτοῦ
2585 5144 2682 5218 τὴν
2715 5143 2978 5216 ἀνομίαν,
3015 5143 3090 5208 ὠς
3149 5143 3244 5196 καὶ
3283 5141 3378 5195 τὸν
3419 5141 3552 5196 Θεὸν

273 5229 570 5300 λησόμενος
593 5231 652 5284 ὲν
675 5229 754 5304 τῷ
781 5231 912 5306 θείῳ
937 5235 1324 5310 δικαιωτηρίῳ.

361 5339 416 5392 '0
465 5341 610 5412 Θεὸς
657 5347 980 5414 συντρίψει
1007 5347 1150 5414 τοὺς
1175 5348 1426 5418 ὀδόντας
1461 5350 1662 5406 αὐτῶν
1681 5351 1752 5406 ἐν
1777 5352 1856 5418 τῷ

273 5433 528 5502 στόματι
557 5435 792 5504 αὐτῶν,
823 5439 918 5492 καὶ
945 5437 1016 5494 τά
1041 5437 1188 5508 ἑξῆς.
1227 5441 1308 5496 Τά
1347 5443 1716 5516 προλεχθέντα
1751 5461 1856 5516 μα-

349 5609 396 5642 ³⁶
435 5607 540 5668 lsa.
573 5627 658 5680 vr,
695 5613 782 5670 Ιθ.

346 5765 424 5834 (Ι)
455 5763 616 5838 Lege,
649 5769 942 5840 φαρμάκου
969 5785 1052 5823 τε.
1085 5767 1288 5838 Estque
1327 5771 1490 5828 lectio
1511 5769 1921 5830 Titeodotionis.

595 5861 860 5922 PATRUL.
909 5863 1028 5924 Gn.
1065 5861 1280 5924 XXIII.

2041 5353 2204 5410 \‘ans.
2243 5353 2296 5416 7,
2329 5351 2380 5408 8.
2445 5351 2584 5406 Deus
2631 5361 2862 5406 conteret
2895 5349 3074 5406 dentes
3131 5366 3312 5404 eorum
3359 5353 3414 5406 in
3457 5369 3548 5410 ore

1965 5447 2222 5514 ipsorum,
2263 5453 2318 5502 et
2355 5453 2570 5502 caetera.
2605 5443 2718 5500 Hac
2737 5443 2804 5499 de
2829 5441 3212 5516 peccatoribus
3241 5443 3436 5498 notitia
3459 5445 3546 5500 iu-

3151 5877 3225 5938 17
