4100 6442
595 349 712 416 Βεδ

1312 350 1580 409 susse“
1617 332 2104 408 ausumausus
2143 346 2296 406 ore.
2332 342 2514 406 usus
2553 340 2640 408 Ill.
2687 380 2757 392 —-
2803 338 3206 407 EXEGETI’CZ’
3797 351 3886 410 su

602 471 800 530 structi
841 470 936 526 (iiii
967 469 1270 538 hominum,
1303 471 1445 542 quod
1472 471 1684 527 scilicet
1727 485 1756 525 a
1801 470 1912 527 Deo
1977 487 2175 542 prauo

2285 469 2470 536 θὸντες
2504 489 2570 524 πε
2580 471 2633 543 ρὶ
2657 472 2766 526 τῶν
2807 471 3146 543 ἁμαρτωλῶν
3181 473 3230 525 oi
3262 471 3364 526 uio‘.
3391 469 3523 525 τῶν
3555 463 3888 540 ἀνθρώπων,

602 569 857 625 Brautur.
879 569 934 618 et
961 561 1108 633 quod
1151 565 1440 632 antequam
1473 562 1538 614 ad
1574 561 1825 617 homines
1858 564 2180 627 transirent,

568 721 572 727 '
604 661 794 709 notum
815 653 893 707 illi
922 663 1070 710 esset
1127 654 1260 708 tales
1302 654 1450 723 ipsos
1480 651 1728 717 futuros,
1762 651 1949 708 audite
1992 653 2182 721 cujus-

602 742 750 798 modi
777 743 882 799 line
918 743 1079 799 iidem
1134 739 1442 813 excipiendi
1466 743 1595 798 sint.
1620 741 1890 810 Quoniam
1940 743 2084 798 enim
2125 743 2183 798 li-

601 826 732 881 bera
753 834 808 882 et
837 827 922 883 sui
948 828 1161 882 arbitrii
1193 835 1388 882 natura
1420 828 1656 898 praediti,
1690 827 1740 882 vi
1770 828 2180 884 internoscendi

602 917 732 973 boni
759 927 814 974 et
849 919 1109 974 contrarii
1135 919 1412 985 instructi,
1437 930 1599 992 atque
1619 922 1844 977 liberam
1878 923 1943 977 ad
1972 931 2184 977 utrum-

602 1011 734 1066 libet
767 1012 1171 1067 inclinationem
1201 1013 1368 1076 nacti,
1395 1029 1501 1069 non
1521 1022 1666 1069 recte
1687 1014 1897 1084 judicio
1920 1031 2024 1070 suo
2051 1025 2181 1072 sunt

602 1105 711 1170 usi,
743 1119 918 1174 neque
936 1111 1141 1159 rectam
1168 1105 1334 1170 viam,
1365 1104 1468 1160 etsi
1493 1111 1675 1159 notam
1694 1105 1819 1171 sibi,
1847 1106 2176 1171 dilexerunt,

600 1213 779 1268 neque
828 1197 1090 1268 operibus
1135 1197 1407 1266 justitiam
1468 1197 1744 1261 adierunt,
1773 1252 1778 1258 ,
1806 1214 1968 1268 quam
1998 1201 2180 1255 verbis

598 1289 867 1344 duntaxat
898 1297 954 1343 et
983 1289 1141 1344 labiis
1173 1297 1302 1344 sunt
1339 1286 1595 1358 professi,
1629 1291 1914 1360 veterique
1939 1292 2178 1363 serpenti

599 1381 828 1445 similes,
865 1381 1056 1452 aspide
1091 1380 1258 1437 surda
1293 1381 1594 1437 deteriores
1620 1397 1845 1438 evasere
1869 1401 1883 1448 ;
1907 1383 2029 1438 ideo
2057 1399 2180 1454 qua:

597 1473 734 1545 ipsis
785 1483 1045 1529 eventura
1092 1474 1202 1529 sint
1231 1475 1436 1537 audite,
1484 1473 1812 1545 disciteque,
1850 1475 1919 1530 ab
1957 1476 2179 1532 univer-

598 1576 785 1618 sorum
804 1563 991 1632 judice
1012 1561 1122 1619 Deo
1149 1563 1513 1619 conterendos
1531 1579 1656 1620 esse
1686 1564 1930 1635 ipsorum
1962 1565 2175 1631 dentes,

597 1653 690 1722 qui
731 1653 865 1707 nihil
902 1669 1128 1724 prorsus
1165 1669 1195 1709 a
1242 1654 1493 1710 leonibus
1542 1655 1878 1727 discrepant,
1931 1668 1986 1714 et
2032 1660 2176 1730 quod

598 1751 720 1812 post
743 1742 856 1797 base
894 1743 1078 1797 omnia
1113 1745 1289 1799 instar
1335 1761 1492 1816 aqua:
1535 1745 1807 1804 ellluentis
1836 1748 2176 1806 dissolvendi

2293 565 2388 618 καὶ
2414 565 2490 628 ὡς
2509 603 2524 627 ,
2559 564 3001 637 προγνωσθέντες
3028 564 3133 618 ὑπὸ
3162 563 3257 617 τοῦ
3289 564 3422 618 Θεοῦ
3441 603 3462 627 ,
3508 562 3624 616 καὶ
3667 562 3798 632 πρὶν
3821 564 3891 628 είς

2291 657 2611 729 ἀνθρώπους
2662 656 2953 729 παρελθεῖν
2977 694 2992 719 ,
3035 655 3386 728 ὲγνωρίζοντο
3427 653 3612 724 αὐτῷ
3655 652 3893 723 ἐσόμενοι

2289 749 2557 814 τοιοῦτοι,
2599 749 2826 804 ἀκούετε
2873 751 3053 803 ὁποῖον
3092 750 3247 813 τέλος
3289 750 3498 812 αὐτοὺς
3549 745 3892 814 διαλήψεται.

2303 839 2519 909 Ἐπειδὴ
2572 839 2713 910 γὰρ,
2768 837 2981 913 φύσεως
3027 838 3315 908 ἐλευθέρας
3373 840 3472 892 καὶ
3535 833 3898 899 αὐτεξουσίου

2288 934 2590 1006 γενόμενοι,
2607 933 2929 1004 διακριτικοί
2952 951 3010 987 τε
3035 933 3130 986 τοῦ
3161 932 3325 986 καλοῦ
3350 933 3442 986 καὶ
3480 929 3595 983 τοῦ
3633 928 3898 986 ἐναντίου,

2288 1021 2388 1091 τήν
2415 1037 2472 1073 τε
2505 1022 2584 1084 είς
2611 1020 2850 1092 ἑκάτερα
2878 1021 3050 1092 ῥοπήν
3075 1019 3171 1091 τὴν
3191 1022 3248 1073 ὲν
3268 1021 3484 1082 ὲαυτοίς
3523 1015 3899 1086 κεκτημένα,

2286 1113 2387 1167 οὐκ
2431 1113 2603 1184 ὀρθῶς
2633 1115 2933 1184 ἐχρήσαντο
2967 1113 3045 1183 τῷ
3075 1112 3346 1184 κριτηρίῳ
3368 1149 3384 1174 ,
3407 1110 3546 1164 οὐδὲ
3593 1109 3900 1178 ἡγάτῦισαν

2284 1205 2383 1276 τὴν
2409 1205 2651 1268 εὗθεῖαν,
2687 1205 2889 1273 καίπερ
2920 1203 3128 1273 εἰδὸτης
3158 1201 3348 1272 αὐτὴν,
3371 1201 3485 1254 οὐδ’
3526 1199 3743 1270 ἔργοις
3777 1213 3900 1268 μετ·

2285 1295 2450 1366 ἦλθον
2497 1296 2598 1366 τὴν
2644 1293 3011 1364 δικαιοσύνην,
3045 1293 3112 1364 ἢν
3142 1293 3285 1362 λόγῳ
3322 1292 3468 1362 μόνῳ
3500 1289 3620 1367 καὶ
3664 1289 3900 1360 χείλεσιν

2286 1385 2700 1456 ἐπηγγέλλοντο,
2723 1385 2802 1456 τῷ
2827 1384 3041 1456 παλαιῷ
3064 1380 3121 1436 δέ
3152 1383 3276 1452 ὕφει
3297 1380 3718 1454 ὁμοιωθέντες,
3735 1381 3900 1432 ἀσπί-

2285 1475 2374 1539 δος
2407 1476 2605 1544 κωςῆς
2616 1475 2828 1545 χείρους
2849 1473 3096 1542 ἐγένοντο
3112 1491 3125 1504 ·
3151 1473 3344 1527 τούτου
3366 1473 3534 1545 χάριν
3567 1469 3901 1525 ἐπακούσα-

2283 1583 2344 1619 τε
2375 1565 2502 1619 τίνα’
2533 1565 2857 1628 καϊιαύτοὶος
2893 1564 3209 1637 περιμένει,
3260 1565 3576 1637 μαθόντες,
3602 1563 3694 1626 ὦς
3730 1563 3763 1614 ὀ
3793 1561 3899 1614 τῶν

2239 1646 2252 1651 ’
2283 1660 2420 1713 ὅλων
2445 1656 2640 1729 κριτὴς
2672 1656 2806 1720 Θεὸς
2835 1656 3112 1727 συντρίψει
3141 1657 3266 1719 τοὺς
3291 1655 3514 1718 ὀδὰντας
3545 1652 3760 1707 αὐτῶν
3781 1652 3898 1704 κατ’

2283 1752 2438 1806 οὐδὲν
2461 1749 2825 1820 διαφερόντων
2853 1749 3114 1813 λεόντων,
3145 1749 3241 1801 καὶ
3265 1747 3343 1811 ὡς
3371 1747 3512 1819 μετά
3548 1745 3760 1799 πάντα
3791 1743 3900 1796 δια-

599 1831 732 1886 sint.
761 1830 895 1886 Nam
925 1834 1069 1888 illius
1091 1835 1232 1900 loco,
1267 1835 1351 1888 Ad
1372 1837 1597 1891 nihilum
1629 1837 1899 1894 devenient
1929 1850 2175 1912 tanquam

2282 1845 2610 1918 λυθήσονται
2655 1845 2812 1915 δίκην
2855 1843 3043 1907 ὓδατος
3075 1842 3376 1915 ἐκρέοντος.
3416 1840 3576 1894 ’Δντὶ
3615 1838 3744 1912 γὰρ
3769 1838 3896 1904 τοῦ,

599 1938 738 1993 aqua
771 1923 1077 1986 decurrens,
1109 1925 1474 1997 Symmachus
1505 1930 1585 1984 sic
1616 1929 2025 2002 interpretatur,
2055 1928 2181 1990 Dis—

597 2014 872 2070 solvantur
917 2017 1054 2071 Sicut
1095 2035 1232 2087 aqua
1285 2022 1644 2088 pertransiens
1692 2023 1816 2078 sibi.
1851 2022 1987 2090 Quia
2030 2027 2178 2081 enim

595 2120 693 2162 ore
725 2114 886 2164 tenus
927 2108 1197 2177 justitiam
1222 2112 1505 2178 simulant,
1532 2113 1658 2182 jure
1687 2114 1832 2171 Deus
1859 2116 2054 2174 dentes
2079 2133 2178 2174 co-

594 2215 720 2254 rum
761 2199 816 2255 in
845 2215 940 2257 ore
961 2202 1205 2272 ipsorum
1234 2213 1500 2261 conteret.
1538 2206 1606 2260 Et
1629 2207 1756 2278 quia
1784 2223 1892 2264 non
1914 2218 2000 2264 sat
2042 2211 2179 2281 ipsis

597 2287 722 2354 fuit,
761 2290 907 2360 quod
927 2292 1167 2362 serpenti
1192 2300 1247 2346 et
1270 2305 1584 2351 memoratae
1603 2297 1778 2368 aspidi
1795 2300 1976 2355 surdte
1991 2302 2176 2358 collati

596 2388 819 2448 essent;
852 2396 976 2435 cum
1005 2382 1117 2452 jam
1147 2384 1380 2439 aliorum
1409 2387 1704 2456 perniciem
1727 2391 2035 2458 molientes,
2072 2393 2178 2448 leo-

595 2471 761 2527 nibus
790 2479 844 2528 et
867 2473 1064 2528 catulis
1081 2473 1296 2552 leonum
1322 2486 1736 2549 comparentur;
1768 2495 1798 2535 a
1827 2483 2028 2552 quibus
2057 2484 2167 2539 ani-

595 2579 740 2619 mam
771 2566 888 2620 erui
923 2581 1080 2620 suam
1146 2567 1312 2623 David
1342 2570 1416 2624 ita
1471 2580 1728 2640 precatur
1755 2573 1809 2628 in
1848 2575 2175 2644 praecedenti

596 2657 832 2728 psalmo,
853 2656 919 2711 Et
934 2660 1124 2739 eripuit
1142 2661 1373 2715 animum
1397 2679 1568 2716 meam
1592 2662 1656 2718 de
1680 2665 1850 2719 medio
1875 2667 2176 2722 catulorum

597 2749 807 2802 leonum
865 2750 944 2816 ";
986 2757 1101 2815 aut,
1149 2751 1214 2806 de
1262 2753 1431 2807 medio
1491 2754 1732 2818 leonum;
1766 2756 1941 2812 molas
1982 2773 2174 2814 eorum

596 2840 1008 2896 contracturum
1033 2857 1157 2898 esse
1201 2843 1371 2899 Deum
1407 2845 1632 2911 dicitur,
1655 2847 1909 2904 videlicet
1930 2856 2176 2920 potesta-

595 2940 680 2986 tes
738 2933 958 2987 malitia:
989 2949 1204 3001 eorum,
1245 2938 1402 3006 queis
1441 2937 1498 2992 in
1553 2939 1848 2993 multorum
1875 2941 2173 3010 perniciem

595 3024 912 3079 utebantur.
948 3024 1086 3080 Cum
1111 3037 1295 3083 autem
1327 3027 1517 3085 dentes
1539 3036 1594 3085 et
1613 3031 1787 3086 molas
1823 3047 2010 3088 eorum
2044 3048 2176 3088 con-

595 3111 812 3168 triverit
845 3113 1008 3179 Deus,
1042 3123 1175 3170 tunc
1230 3115 1449 3172 demum
1482 3133 1582 3173 ceu
1614 3120 1813 3174 mortui
1847 3120 1914 3175 ad
1942 3120 2172 3175 nihilum

2295 1936 2907 2002 Ἐξουδενωθήσονται
2949 1935 3030 2000 ὡς
3075 1934 3231 2002 ὕδωρ
3273 1931 3898 2002 παραπορευόμενον,

2279 2028 2310 2081 ὁ
2356 2027 2649 2098 Σύμμαχος
2682 2027 3030 2098 ἡρμήνευσε,
3087 2023 3559 2090 Διαλυθιῖτωσαν
3591 2021 3693 2087 ὡς
3741 2019 3897 2088 ὕδωρ

2280 2121 2725 2190 παρερχόμενον
2750 2117 2961 2182 ἐαυτῷ.
2979 2116 3192 2187 Ἐπειδὴ
3224 2113 3332 2186 γὰρ
3363 2115 3442 2185 τῷ
3471 2113 3738 2185 στόματι
3765 2111 3896 2166 καθ-

2279 2209 2659 2280 υποκρίνονται
2699 2207 2799 2278 τὴν
2840 2205 3208 2278 δικαιοσύνην,
3231 2205 3455 2269 εἰκότως
3483 2205 3629 2268 τοὺς
3663 2202 3896 2264 ὀδόντας

2279 2301 2459 2356 αὐτῶν
2495 2301 2524 2353 ὁ
2557 2300 2690 2364 Θεὸς
2732 2301 2791 2352 ἐν
2831 2298 2909 2370 τῷ
2941 2298 3170 2368 στὸματι
3204 2296 3384 2352 αὐτῶν
3415 2294 3751 2368 συντρίψει.
3786 2291 3895 2347 Καὶ

2279 2392 2403 2446 ἐπεὶ
2440 2390 2515 2461 μὴ
2550 2391 2866 2461 ἀπήρκεσεν
2905 2389 3089 2452 αὐτοῖς
3117 2386 3452 2458 ὁμοιωθῆναι
3481 2385 3560 2458 τῷ
3609 2385 3756 2454 ὃςρει
3802 2383 3895 2436 καὶ

2277 2485 2345 2554 τῇ
2379 2480 2742 2553 προλεχθείσῃ
2767 2478 2953 2532 ἀσπίδι
2980 2480 3159 2548 κωφῇ.
3183 2477 3283 2548 ἤδη
3312 2477 3368 2530 δὲ
3397 2478 3490 2532 καὶ
3513 2475 3769 2546 ἑτέρους
3801 2473 3892 2527 λιι-

2282 2572 2617 2645 μαινὸμενοι,
2654 2571 2837 2625 λέουσι
2869 2568 3290 2641 παρεσλήθησαν
3319 2569 3416 2622 καὶ
3444 2569 3756 2639 σκύμνοις,
3797 2565 3895 2634 ἄρ’

2277 2659 2354 2718 ὧν
2383 2663 2480 2734 τὴν
2510 2661 2701 2716 ἑαυτοῦ
2721 2661 2900 2733 ψυχὴν
2921 2659 3184 2733 ὲρρῠσθαι
3209 2659 3424 2730 εῠχεται
3449 2659 3479 2711 ὁ
3501 2657 3684 2712 Δαυῒδ
3708 2657 3886 2724 λέγων

2277 2755 2336 2808 ὲν
2366 2752 2446 2825 τῷ
2475 2753 2582 2824 πρὸ
2609 2752 2800 2806 τούτου
2824 2769 2838 2783 ο
2871 2751 2982 2806 Kal
3013 2752 3309 2820 ὲρῤύσατο
3345 2750 3462 2819 τὴν
3489 2749 3728 2821 ψυχήν
3765 2765 3886 2818 μου

2275 2846 2346 2899 ἐκ
2369 2843 2564 2915 μέσου
2588 2843 2897 2912 σκύμνων,
2930 2840 2986 2912 ἦ.
3007 2840 3076 2894 ἐκ
3104 2840 3298 2910 μέσου
3327 2841 3594 2894 λεόντων
3641 2838 3756 2902 τὰς
3785 2835 3884 2907 μύ-

2275 2937 2373 3001 λας
2418 2936 2599 2991 αὐτῶν
2634 2934 2953 2989 συνθλάσειν
2994 2933 3207 3002 λέγεται
3251 2933 3280 2986 ὁ
3311 2930 3444 2995 Θεὸς
3467 2970 3482 2994 ,
3518 2928 3739 3002 δηλαδὴ
3783 2925 3884 2988 τὰς

2276 3030 2377 3101 τῆς
2410 3028 2611 3092 κακίας
2637 3026 2818 3081 αὐτῶν
2864 3025 3121 3096 δυνάμεις
3140 3063 3156 3087 ,
3184 3018 3272 3087 αἶς
3299 3023 3385 3076 ἐπ’
3412 3021 3620 3092 ὀλέθρῳ
3661 3016 3880 3073 πολλῶν

2277 3124 2602 3195 ἐχρήσαντο.
2636 3119 2886 3174 Ἐπειδὰν
2917 3118 2974 3172 δὲ
3007 3119 3134 3182 τοὺς
3166 3116 3382 3180 ὀδόντας
3411 3114 3588 3170 αὐτῶν
3633 3115 3740 3168 καί
3781 3111 3880 3174 τὰς

594 3204 904 3273 devenient,
947 3215 1002 3263 et
1040 3207 1186 3263 sicut
1211 3224 1351 3280 aqua
1406 3209 1511 3265 sibi
1557 3212 1932 3281 pertransiens
1975 3213 2174 3271 dissol-

2281 3181 2739 3286 μύλας-συντρίψει
2759 3211 2788 3264 ὁ
2807 3209 2960 3276 Θεὸς,
2983 3181 3314 3263 τὸτεῗλοιπὸν
3344 3207 3876 3278 ἔξουδενωθήσονται

593 3306 813 3352 ventur.
841 3296 908 3352 Et
955 3299 1003 3354 is
1037 3299 1258 3369 quidem
1318 3301 1538 3358 futurus
1584 3302 1875 3373 impiorum
1927 3306 2172 3360 omnium

594 3388 742 3448 ﬁnis.
779 3388 935 3456 Quod
967 3405 1100 3446 sane
1121 3406 1219 3445 vos
1250 3391 1391 3446 seire
1413 3407 1638 3448 necesse
1676 3401 1781 3455 est.
1810 3409 1845 3448 o
1878 3393 1971 3450 ﬁlii
1995 3395 2168 3450 homi-

594 3494 762 3543 num,
792 3488 874 3542 ut,
927 3481 974 3533 si
1035 3497 1152 3534 vere
1202 3482 1662 3551 utiqueJustitiam
1696 3484 1992 3556 loquimini,
2030 3495 2175 3541 recta

591 3572 875 3646 iudicetis,
899 3587 1077 3644 neque
1101 3574 1485 3644 praedictorum
1534 3576 1815 3632 hominum
1842 3578 1985 3633 viam
2024 3580 2176 3634 inca-

595 3667 690 3730 tis,
735 3681 909 3736 neque
943 3665 998 3720 in
1031 3665 1199 3722 corde
1247 3667 1568 3738 iniquitates
1630 3670 1955 3741 operemini,
1997 3687 2175 3742 neque

593 3755 920 3824 iniustitiam
952 3762 1150 3814 manus
1205 3769 1402 3815 vestrae
1432 3761 1779 3830 complicent,
1828 3777 1930 3818 nec
1972 3778 2071 3819 vos
2093 3765 2173 3818 si-

592 3849 754 3904 miles
773 3850 1012 3921 serpenti
1038 3852 1365 3918 exliiheatis,
1389 3869 1487 3909 nec
1510 3855 1633 3910 sitis
1653 3855 1791 3910 sicut
1816 3856 1964 3927 aspis
1982 3857 2171 3921 surda,

593 3937 862 3994 ubturans
883 3953 1045 3994 aures
1089 3956 1239 4001 suas.
1274 3958 1376 3998 nec
1405 3959 1529 3999 cum
1579 3947 1893 4003 memoratis
1919 3948 2100 4018 impiis
2123 3960 2176 4006 et

596 4031 979 4102 peccatoribus
1033 4048 1140 4088 una
1195 4035 1583 4091 au.lucamini:
1639 4053 1778 4107 quos
1833 4040 2173 4110 pt‘azscientia

593 4137 695 4178 sua
721 4131 1053 4192 prmvertens
1075 4124 1238 4190 Deus,
1257 4134 1548 4197 antequam
1572 4128 1626 4182 in
1659 4129 1834 4184 lucem
1870 4131 2173 4200 prodirent,

594 4215 735 4271 tales
766 4215 980 4272 futuros
1006 4232 1129 4274 esse
1158 4228 1417 4287 noverat;
1449 4221 1545 4276 sed
1575 4229 1756 4277 tamen
1804 4226 2081 4282 concessit
2116 4233 2176 4284 ut

595 4314 961 4360 noscerentur
990 4321 1054 4362 ac
1089 4306 1144 4362 in
1172 4307 1345 4363 lucem
1397 4311 1667 4374 venirent,
1717 4314 1891 4382 gratia
1914 4329 2013 4368 sua
2043 4315 2177 4384 ipsis

594 4409 813 4464 quoque
847 4409 1148 4464 concessa,
1177 4403 1235 4450 ut
1261 4398 1438 4470 palam
1489 4414 1679 4454 eorum
1718 4401 2056 4471 propositum
2082 4403 2178 4459 ﬂeo

595 4492 699 4541 ret.
729 4483 1010 4555 Siquidem
1032 4493 1087 4539 et
1123 4485 1368 4540 ordinem
1391 4487 1666 4557 iustorum
1714 4497 1920 4545 rectam
1956 4506 2020 4546 ac
2071 4492 2175 4547 mi-

2276 3307 2354 3370 ὼς
2382 3307 2448 3360 ἂν
2478 3303 2861 3375 νεκρωθέντες,
2888 3302 2979 3354 καὶ
3005 3300 3416 3372 διαλυθήσονται
3441 3300 3515 3363 ὼς
3538 3298 3696 3368 ὕδωρ
3731 3313 3875 3367 παρ-

2278 3395 2573 3467 ερχόμενον
2617 3391 2814 3463 ἑαυτῷ.
2868 3391 2978 3446 Καὶ
3008 3389 3248 3445 τοιοῦτον
3283 3389 3556 3460 μενέσται
3589 3389 3710 3442 τῶν
3746 3388 3875 3440 ἀσεο

2277 3488 2386 3542 ϐῶν
2417 3487 2636 3541 πάντων
2667 3485 2728 3539 τὸ
2747 3484 2920 3548 τέλος.
2955 3486 3022 3536 Ὀ
3052 3482 3116 3553 δὴ
3142 3483 3435 3560 ἀναγκαῖον
3461 3481 3602 3551 ὑμᾶς
3631 3481 3870 3550 γνῶναι,

2275 3573 2321 3634 ὦ
2349 3580 2472 3642 υἱοὶ,
2493 3578 2602 3632 τῶν
2633 3574 2967 3650 ἀνθρώπων,
3007 3573 3072 3628 ἵν’
3093 3613 3109 3638 ,
3155 3576 3206 3627 εί
3234 3571 3472 3640 άληθῶς
3499 3572 3611 3639 ἄρα
3650 3571 3872 3625 δικαιο-

2277 3671 2478 3738 σύνην
2509 3667 2770 3734 λαλεῖτε,
2795 3663 2974 3720 εὐθέα
3005 3664 3252 3735 κρίνητε,
3286 3661 3382 3716 καὶ
3413 3662 3486 3732 μὴ
3517 3657 3869 3732 μετέρχησθε

2276 3761 2374 3834 τὴν
2394 3761 2503 3817 τῶν
2529 3759 2833 3832 εἰρημένων
2856 3756 3064 3828 ἀνδρῶν
3089 3755 3227 3819 ὁδὸν,
3253 3754 3391 3825 μηδὲ
3423 3754 3482 3806 ἐν
3508 3751 3712 3824 καρδία
3746 3749 3872 3803 ἀνοο

2282 3854 2411 3927 μίας
2437 3851 2777 3926 ὲργάζησθε,
2821 3848 2957 3921 μηδὲ
3000 3845 3213 3902 ἀδικίαν
3245 3847 3300 3898 αἱ
3324 3847 3502 3918 χεῖρες
3529 3842 3688 3914 ὑμῶν
3721 3857 3865 3911 συμο

2278 3947 2556 4011 πλέκωσι,
2603 3945 2734 4017 μηδὲ
2772 3943 2998 4005 ἑαυτοὺς
3044 3937 3492 4008 κατασκευάζητε
3525 3935 3750 4008 ὁμοίους
3787 3929 3864 4002 τῷ

2277 4039 2420 4108 ὄφει,
2458 4037 2593 4109 μηδὲ
2627 4033 2860 4107 γένησθε
2890 4033 2965 4096 ὡς
2996 4031 3161 4094 ἀσπὶς
3189 4029 3346 4101 κωτρὴ
3387 4027 3590 4099 βύουσα
3630 4025 3704 4082 τὰ
3747 4019 3862 4080 ὦτα

2280 4131 2452 4200 αὐτῆς
2471 4171 2485 4194 ,
2517 4127 2650 4200 μηδὲ
2677 4129 2790 4189 τοῖς
2816 4123 3192 4197 προλεχθεῖσιν
3215 4120 3438 4175 ἀσεϐέσι
3480 4119 3575 4173 καὶ
3600 4119 3865 4191 ἀμαρτω-

2279 4223 2393 4287 λοῖς
2417 4216 2817 4288 συναπάγοισθε
2841 4233 2854 4247 ·
2886 4213 2979 4278 οὓς
3002 4211 3288 4285 προλαϐὼν
3309 4213 3338 4265 ὁ
3360 4210 3492 4275 Θεὸς
3514 4213 3580 4281 τῇ
3611 4205 3862 4281 προγνώ-

2281 4333 2386 4380 σει,
2413 4313 2543 4385 πρὶν
2576 4312 2654 4375 εἰς
2683 4308 2800 4380 φῶς
2828 4305 3132 4379 προελθεῖν,
3155 4303 3296 4374 ἔγνω
3327 4302 3426 4374 μὲν
3447 4301 3723 4366 τοιούτους
3742 4301 3865 4354 ὲσο·

2282 4405 2480 4478 μένους
2501 4442 2517 4466 ,
2549 4396 2770 4473 ὅμως’δ¹
2792 4394 2886 4453 οὖν
2919 4394 3263 4468 συνεχώρησε
3293 4393 3616 4465 γεννηθῆναι
3656 4393 3754 4447 καὶ
3781 4391 3860 4453 είς

2281 4495 2400 4565 φῶς
2433 4493 2738 4567 προελθεῖν,
2763 4489 2863 4560 τὴν
2891 4489 3021 4561 παρ’
3048 4485 3212 4540 αὐτοῦ
3237 4485 3399 4556 χάριν
3425 4484 3520 4538 καὶ
3557 4483 3742 4547 αὐτοῖς
3763 4481 3862 4535 δω-

593 4579 743 4634 nime
772 4577 1036 4634 deﬂexam
1065 4579 1208 4632 viam
1236 4589 1431 4650 suapte
1455 4581 1735 4637 voluntate
1756 4583 2016 4640 initurum
2034 4601 2173 4657 pra:-

2282 4562 2611 4661 ρησάμενος,
2633 4585 2712 4649 εἰς
2743 4582 2803 4636 τὸ
2834 4580 3098 4652 φανεροὺς
3124 4577 3373 4648 γενέσθαι
3393 4576 3490 4649 τὴν
3515 4575 3854 4649 προαίρεσιν.

591 4678 815 4727 vertens
849 4669 994 4725 Deus
1047 4679 1294 4726 noverat.
1329 4670 1532 4728 Deinde
1580 4675 1801 4744 utrique
1831 4676 2012 4733 ordini
2039 4678 2173 4734 libe-

592 4779 716 4820 rum
742 4763 954 4818 arbitrii
979 4769 1186 4817 motum
1221 4763 1449 4829 dimisit,
1487 4764 1796 4822 concedens
1818 4773 1877 4821 ut
1904 4768 1959 4822 in
1993 4769 2173 4825 stadio

592 4875 820 4914 cursqu
843 4855 1202 4913 conﬁcerent.
1255 4857 1334 4911 Ac
1379 4871 1504 4912 cum
1540 4858 1829 4916 universos
1868 4869 2063 4916 natura
2097 4863 2173 4918 si-

591 4951 752 5005 miles
816 4947 1192 5004 constituisset
1232 4985 1248 5010 ,
1295 4948 1576 5003 voluntate
1628 4949 1850 5018 propria
1901 4966 2172 5021 quemque

591 5042 820 5097 meliora
845 5038 1083 5110 deligere
1103 5040 1312 5112 pariter
1356 5038 1626 5110 permisit.
1661 5039 1744 5094 Illi
1795 5055 1948 5108 vero,
1987 5051 2174 5113 utpote

592 5135 688 5204 qui
709 5134 794 5188 sui
819 5134 1062 5203 ipsorum
1116 5131 1347 5196 domini,
1386 5133 1470 5188 sui
1512 5133 1656 5204 juris
1686 5149 1748 5189 ac
1799 5134 1954 5191 liberi
1995 5135 2173 5206 quoad

532 5238 540 5245 ‘
593 5233 803 5280 motum
824 5233 1032 5288 esseut,
1084 5224 1350 5278 arbitratu
1386 5241 1487 5281 suo
1538 5225 1802 5296 disiuncti
1849 5236 2003 5294 sunt,
2050 5228 2174 5284 aliis

593 5324 824 5382 rectam,
873 5314 1153 5385 obliquam
1211 5316 1336 5372 aliis
1394 5317 1537 5371 viam
1585 5317 1991 5388 cooptantibus.
2049 5318 2176 5375 Ideo

589 5407 776 5476 justus
808 5405 899 5460 ille
922 5405 1112 5475 judex,
1141 5405 1360 5475 utrique
1400 5407 1582 5462 ordini
1610 5422 1710 5462 ceu
1737 5408 2056 5463 certaminis
2085 5424 2177 5463 ar-

592 5494 758 5557 biter,
791 5495 1116 5565 congruenti
1143 5509 1208 5548 ac
1229 5494 1413 5551 debito
1448 5495 1554 5551 line
1585 5495 1780 5568 dignos
1824 5507 2171 5552 remunerat:

592 5603 706 5644 non
735 5586 1017 5662 hominum
1053 5586 1160 5640 ritu
1184 5601 1252 5642 ex
1285 5597 1508 5644 actuum
1535 5595 1732 5644 eventu
1756 5587 2027 5663 cujusque
2054 5604 2174 5646 mo-

665 5731 710 5774 "
752 5733 895 5802 Psal.
936 5757 1044 5808 LVI,
1087 5742 1141 5798 ἱ

2289 4676 2442 4730 Ἐπεὶ
2469 4674 2561 4728 καὶ
2590 4673 2652 4726 τὸ
2697 4671 2806 4725 τῶν
2832 4671 3056 4726 δικαίων
3083 4668 3268 4740 τάγμα
3288 4708 3304 4731 ,
3343 4666 3404 4731 ἐξ
3429 4666 3637 4730 οἰκείας
3661 4683 3854 4736 προαι-

2278 4765 2482 4838 ρέσεως
2514 4762 2614 4835 τὴν
2641 4763 2809 4836 ὀρθὴν
2842 4762 2937 4815 καὶ
2983 4759 3339 4831 ἀδιάστροφον
3389 4756 3583 4829 μέλλον
3631 4756 3852 4822 ὁδεύειν,

2277 4855 2564 4930 προλαϐὼν
2595 4856 2625 4908 ὁ
2649 4855 2782 4918 Θεὸς
2811 4853 2972 4922 ἔγνω.
3013 4846 3126 4904 Εἶτ’
3161 4848 3487 4920 ἀμφοτέρων
3516 4846 3626 4903 τῶν
3647 4848 3857 4920 ταγμάο

2274 4967 2384 5004 των
2406 4949 2506 5022 τὴν
2538 4947 2884 5014 αὐτεξούσιον
2920 4943 3096 5017 ὁρμὴν
3125 4941 3417 5014 ἐλευθέραν
3443 4941 3666 5012 ἀνῆκεν,
3699 4940 3774 5003 ὡς
3799 4941 3854 4993 ἐν

2282 5043 2482 5114 σταδίῳ
2514 5040 2784 5094 ποιεῖσθαι
2815 5040 2908 5092 τὸν
2938 5037 3135 5107 δρόμον
3164 5033 3463 5106 ἐπιτρέψας
3496 5034 3700 5096 αὐτοῖς.
3747 5029 3854 5084 Καὶ

2279 5133 2444 5196 αὐτὸς
2477 5132 2575 5204 μὲν
2600 5129 2820 5201 ὁμοίους
2845 5128 2944 5199 τὴν
2977 5126 3138 5196 φύσιν
3166 5127 3294 5190 τοὺς
3323 5127 3531 5188 πάντας
3554 5123 3854 5192 ὑποστησά-

2282 5241 2481 5297 μενος,
2521 5219 2840 5294 προαιρέσει
2886 5218 3064 5290 οἰκείᾳ
3126 5215 3362 5289 χρῆσθαι
3407 5216 3543 5287 πρὸς
3589 5213 3686 5285 τὴν
3749 5213 3850 5267 τῶν

2280 5315 2603 5387 κρειττόνων
2633 5313 2844 5384 αἵρεσιν
2868 5314 2982 5375 τοῖς
3011 5312 3175 5368 πᾶσιν
3189 5309 3388 5380 ὁμοίως
3412 5304 3846 5378 συγκεχώρηκεν·

2279 5409 2329 5461 οἱ
2356 5407 2413 5459 δὲ
2435 5446 2449 5470 ,
2478 5406 2574 5460 ac;
2600 5404 2779 5477 κύριοι
2813 5403 3022 5460 ἑαυτῶν
3051 5400 3423 5466 καθεστῶτες,
3465 5397 3652 5468 ἀφετοί
3675 5415 3733 5451 τε
3762 5396 3850 5452 καὶ

2281 5492 2555 5565 ἐλεύθεροι
2585 5493 2682 5563 τὴν
2716 5491 2914 5564 ὁρμὴν,
2954 5489 3399 5562 αὑτοπροαιρέτῳ
3424 5485 3618 5559 γνώμῃ
3646 5487 3850 5560 διέστη-

2283 5603 2402 5655 σαν,
2433 5586 2484 5639 oi
2514 5585 2613 5656 μὲν
2644 5583 2742 5657 τὴν
2766 5582 2980 5647 εὐθεῖαν
3007 5581 3234 5652 ὁδεύειν,
3258 5582 3306 5636 οἱ
3333 5580 3392 5646 δὲ
3413 5579 3509 5654 τὴν
3535 5578 3851 5650 διάστροφον
