4100 6442
275 367 390 426 535

1431 371 1938 432 COMMENTARIA
1974 371 2044 430 ιΝ
2077 373 2418 432 PSALMOS.

269 486 544 558 ἑλόμενοι.
577 485 772 540 nimico
803 487 962 560 χάριν
985 489 1016 542 ὀ
1037 489 1246 556 δίκαιος
1267 491 1482 564 κριτὴς,
1513 493 1859 562 ἀγωνοθετῶν

1969 509 2058 550 res
2079 493 2336 550 edisecns
2356 533 2371 556 ,
2395 507 2584 548 verum
2615 499 2802 562 utpote
2825 489 2968 548 Deus
2987 489 3174 546 omnia
3209 503 3556 562 cognoscens

267 579 520 651 ἑκατέρῳ
551 579 818 650 τάγματι,
842 578 922 652 τῷ
945 581 1272 656 καταλλὴλῳ
1301 584 1398 638 καὶ
1423 587 1754 660 προσήκοντι
1777 585 1866 644 τέ-

267 671 358 724 λει
391 672 520 735 τοὺς
555 671 746 738 ἀξίους
775 673 1174 746 παραδίδωσιν
1207 677 1268 730 οὺ
1291 677 1542 750 καθάπερ
1585 677 1865 748 ἀνθρωττοι

269 763 470 834 μαθὼν
501 765 566 844 ὲκ
593 763 694 834 τῆς
735 763 846 820 τῶν
885 767 1230 838 πραγμάτων
1261 767 1586 835 ἀποϐάσεως
1615 769 1708 824 τὸν
1737 769 1866 824 ἑκά·

269 868 404 904 στου
429 851 666 924 τρόπον,
709 849 800 908 οἷα
831 853 890 908 δὲ
929 855 1064 920 θεὸς
1103 855 1196 910 καὶ
1239 856 1348 930 πρὸ
1386 857 1656 926 γενέσεως
1709 857 1866 922 εἰδὼς

267 941 512 996 ἅπαντα.
541 943 632 998 Διὸ
665 945 714 998 oi
740 945 840 1016 μὲν
865 945 1388 1022 ἀπηλλοτριώθησαν
1422 949 1554 1022 παρ’
1591 949 1742 1022 αὐτῷ
1771 953 1864 1006 καὶ

267 1035 408 1108 πρὶν
445 1035 474 1106 ἢ
511 1037 626 1100 τοῖς
659 1035 870 1102 λοιποῖς
893 1035 1238 1110 γνωσθῆναι·
1277 1040 1328 1094 oi
1354 1039 1412 1098 δὲ
1451 1041 1598 1110 ἅγιοι
1629 1041 1864 1118 ἐκλογῆς

265 1125 588 1198 ἠξιώθησαν
617 1127 822 1200 ὁμοίως
859 1129 1102 1212 Ἱερεμίᾳ
1139 1130 1218 1202 τῷ
1247 1133 1502 1206 προφήτῃ
1523 1172 1538 1196 ,
1567 1125 1612 1202 ᾧ
1641 1149 1804 1204 φησιν
1835 1135 1864 1186 ὁ

265 1217 436 1282 Θεός·
463 1219 584 1288 Πρὸ
617 1219 724 1274 τοῦ
743 1236 822 1290 με
845 1219 1080 1276 πλάσαι
1099 1235 1174 1276 σε
1197 1223 1270 1276 ὲν
1299 1225 1520 1294 κοιλίᾳ,
1537 1226 1864 1296 ἐπίσταμαί

265 1323 350 1362 σε
367 1347 382 1372 ,
411 1309 512 1364 καὶ
555 1310 672 1380 πρὸ
701 1311 810 1366 τοῦ
843 1327 918 1367 σε
945 1312 1218 1378 ἐξελθεῖν
1241 1315 1312 1370 ἐκ
1333 1315 1600 1386 μήτρας,
1643 1319 1864 1389 ἡγίακίὶ

231 1451 234 1454 .
265 1417 370 1458 σε.
399 1403 512 1456 Καὶ
535 1405 566 1458 ό
597 1403 920 1470 Ἀπόστολος
946 1403 1110 1460 τοῦτο
1153 1407 1340 1480 ἐδήλου
1369 1411 1626 1479 φάσκων
1657 1412 1864 1478 Καθὼς

265 1493 594 1560 ἐξελέξατο
617 1495 778 1566 ἡμᾶς
797 1497 869 1554 ἐν
899 1497 1064 1566 αὐτῷ
1085 1497 1202 1568 πρὸ
1233 1500 1574 1572 καταϐολῆς
1603 1505 1860 1574 κόσμου,

267 1581 428 1642 εἷναι
475 1587 636 1658 ἡμᾶς
669 1589 882 1660 ἁγίους
912 1591 1010 1646 καὶ
1043 1591 1326 1662 ἀμώμους
1361 1594 1730 1672 κατενώπιον
1757 1599 1864 1658 αὐ-

267 1677 382 1736 τοῦ
513 1681 738 1754 ἀγάπῃ,
767 1685 1098 1752 προορίσας
1129 1685 1288 1756 ἡμᾶς
1307 1688 1396 1754 είς
1425 1687 1736 1743 υἱοθεσίαν
1765 1689 1864 1746 διὰ

287 1773 480 1842 Ἰησοῦ
517 1775 774 1842 Χριστοῦ
795 1791 809 1806 ·
837 1777 932 1830 καὶ
959 1777 1122 1832 πάλιν
1139 1795 1152 1809 ·
1187 1779 1284 1832 Ἐν
1321 1772 1370 1846 ᾧ
1398 1779 1496 1835 καὶ
1524 1781 1862 1852 ἐκληρώθη-

1967 593 2094 642 ante
2111 585 2400 656 originem.
2433 583 2614 654 Quare
2635 583 2724 638 alii
2751 583 2972 656 quidem
2997 590 3294 652 antequam
3343 583 3558 636 caeteris

1967 675 2080 730 noti
2115 681 2324 740 essent,
2357 675 2428 730 ab
2455 689 2520 731 eo
2549 675 2778 730 alienati
2803 681 2966 742 sunt;
3025 675 3204 730 sancti
3237 687 3392 736 vero,
3451 671 3560 728 ele-

1965 767 2150 822 ctione
2183 766 2391 838 dignati
2419 807 2434 832 ,
2463 765 2628 822 sicuti
2659 763 2927 822 Jeremias
2957 765 3224 836 propheta
3247 805 3262 828 ,
3297 763 3386 820 cui
3413 761 3556 818 dixit

1969 857 2110 914 Deus
2149 873 2162 909 :
2195 857 2491 929 Antequam
2523 869 2570 912 te
2601 857 2978 928 formaremin
3041 865 3216 920 utero,
3251 857 3372 910 novi
3399 867 3470 920 te,
3503 865 3554 910 et

1966 959 2246 1022 antequam
2275 951 2442 1005 eiircs
2463 949 2528 1004 de
2557 950 2730 1015 uulua,
2763 949 3094 1014 sanctiﬁcaui
3119 957 3165 1002 te
3187 949 3254 1002 δ’.
3281 947 3336 1004 Id
3371 950 3550 1020 ipsum

1966 1044 2264 1114 Apostolus
2305 1044 2550 1100 declarat
2599 1043 2688 1100 his
2739 1041 2922 1098 verbis
2965 1062 2978 1098 :
3012 1039 3162 1096 Sicut
3180 1041 3336 1113 elegit
3375 1059 3470 1096 nos
3495 1041 3552 1094 in

1965 1139 2078 1208 ipso
2111 1145 2231 1192 ante
2257 1135 2438 1192 mundi
2467 1135 2918 1196 constitutionem.
2959 1143 3017 1189 ut
3051 1139 3282 1189 essenn'ts
3306 1135 3478 1190 sancti
3499 1142 3552 1188 et

1963 1229 2298 1282 immaculati
2323 1227 2378 1282 in
2407 1237 2688 1296 conspectu
2731 1226 2844 1296 ejus
2879 1227 2936 1280 in
2965 1225 3226 1284 cltaritate
3255 1243 3274 1278 :
3297 1225 3388 1293 qui
3411 1239 3554 1292 pra:-

1963 1317 2250 1372 destinavit
2303 1333 2398 1374 nos
2447 1317 2500 1370 in
2551 1313 2888 1384 adoptionem
2942 1313 3178 1384 ﬁliorum
3223 1329 3316 1390 per
3363 1311 3552 1370 Iesum

1967 1407 2334 1476 Christum“;
2357 1423 2422 1462 ac
2455 1423 2674 1464 rursum
2701 1422 2714 1458 :
2759 1405 2822 1460 In
2855 1421 2956 1476 quo
2981 1413 3031 1462 et
3068 1421 3162 1460 nos
3195 1405 3334 1476 forte
3379 1403 3552 1458 uocati

1964 1515 2167 1562 smnus,
2223 1496 2588 1568 prtrdestinati
2642 1491 2928 1549 secundant
2994 1491 3378 1562 pratscientiam
3433 1489 3551 1558 ejus

1963 1589 2052 1662 qui
2089 1597 2342 1658 operatur
2387 1588 2568 1642 omnia
2589 1579 2896 1640 secundum'
2937 1583 3216 1638 consilium
3261 1581 3550 1636 uoluntatis

1963 1697 2096 1744 sum,
2111 1689 2169 1735 ut
2201 1681 2368 1734 simus
2397 1681 2450 1734 in
2476 1677 2686 1732 tandem
2717 1667 2902 1748 gloria:
2939 1675 3054 1740 eius
3097 1673 3161 1730 “.
3191 1671 3384 1728 Videu'
3411 1687 3552 1742 quo-

1965 1773 2128 1829 modo
2170 1781 2296 1827 aute
2327 1771 2516 1826 muudi
2579 1767 3054 1832 constitutionem,
3089 1767 3296 1822 electos
3323 1771 3380 1818 et
3413 1779 3552 1834 pra:-

261 1881 388 1934 μεν
403 1866 862 1934 προορισθέντες
887 1869 1038 1926 κατὰ
1067 1871 1414 1942 πρόγνωσιν
1431 1873 1540 1928 τοῦ
1557 1873 1632 1928 τὰ
1660 1847 1859 1929 πάντα

1963 1863 2272 1920 destinatos
2296 1861 2444 1918 dicat
2478 1861 2546 1916 ad
2575 1861 2928 1932 adoptionem
2955 1859 3214 1922 ﬁliorum,
3245 1857 3548 1912 secundum

265 1951 666 2022 ἐνεργοῦντος
703 1955 802 2012 καὶ
851 1955 1004 2012 κατὰ
1063 1957 1178 2027 τὴν
1231 1959 1482 2030 βουλὴν
1521 1963 1630 2018 τοῦ
1679 1965 1858 2034 08.11-3-

261 2057 458 2112 ματος
479 2044 688 2108 αὑτοῦ,
711 2047 800 2114 εις
823 2045 891 2102 τὸ
916 2045 1072 2104 εῖναι
1106 2049 1268 2120 ἡμᾶς
1287 2053 1376 2120 εἰς
1403 2051 1656 2108 ἔπαινον
1673 2055 1862 2126 δόξης

267 2137 480 2194 αὐτοῦ.
541 2139 708 2212 Ὁρᾷς
757 2141 907 2206 ὅπως
955 2141 1062 2216 πρὸ
1113 2143 1420 2216 καταϐολῆς
1462 2145 1672 2224 κόσμου
1723 2149 1862 2220 ἐξει-

267 2227 460 2302 λέχθαι
492 2231 588 2286 καὶ⁸
621 2233 962 2306 προωρίσθαι
987 2237 1070 2300 εἰς
1101 2235 1397 2304 υἱοθεσίαν,
1431 2239 1572 2294 κατὰ
1605 2241 1860 2314 πρόθεσιν

265 2321 364 2380 τιοῦ
399 2323 576 2382 πάντα
605 2323 958 2396 ἐνεργοῦντος
979 2345 1112 2398 φησι
1133 2343 1146 2394 ;
1165 2329 1266 2400 τὴν
1285 2329 1458 2402 αὐτὴν
1482 2329 1538 2384 δὲ
1559 2331 1860 2406 παρίστησι

265 2409 508 2470 διάνοιαν
535 2417 564 2468 ὁ
595 2414 760 2480 αὐτὸς
783 2415 958 2486 λέγων
977 2433 994 2450 ο
1033 2417 1290 2488 οῑδαμεν
1327 2417 1398 2472 δὲ
1415 2459 1430 2484 ,
1455 2419 1544 2474 ὅτι
1571 2421 1698 2488 τοῖς
1715 2423 1860 2494 ἀγα-

269 2501 432 2560 man
477 2505 586 2560 τὸν
627 2507 778 2562 Θεὸν
809 2507 1008 2564 πάντα
1051 2509 1338 2580 συνεργεῖ
1359 2511 1448 2580 εἰς
1477 2511 1704 2583 ἀγαθὸν
1733 2513 1860 2582 τοῖς

269 2597 426 2652 κατὰ
457 2599 746 2666 πρόθεσιν
787 2599 1034 2670 κλητοῖς
1059 2595 1242 2656 οὖσιν
1257 2615 1276 2632 ·
1307 2602 1396 2656 ὅτι
1439 2601 1546 2670 οὓς
1591 2603 1860 2675 προέγνω

267 2689 374 2744 καί
409 2689 704 2760 «patinae
726 2693 1122 2764 συμμόρφους
1153 2693 1266 2764 τῆς
1305 2695 1540 2762 εἰκόνος
1573 2695 1682 2752 τοῦ
1721 2697 1860 2752 Υἰοῦ

265 2781 482 2848 αὐτοῦ,
501 2783 590 2850 εις
617 2783 684 2838 τὸ
711 2779 864 2838 εἶναι
887 2785 1076 2842 αὐτὸν
1105 2787 1489 2856 πρωτοτόκον
1511 2787 1586 2842 ἐν
1605 2787 1860 2856 πολλοῖς

265 2871 576 2944 ἀδελὲοῗς.
609 2873 726 2943 Οὓς
743 2875 814 2930 δὲ
833 2875 1149 2948 προώρισε,
1173 2879 1430 2948 τούτους
1454 2879 1552 2936 καὶ
1577 2879 1858 2944 ἐκάλεσε,

265 2965 370 3020 καί
403 2967 512 3034 οὓς
539 2967 800 3024 ἐκάλεσε
823 3011 838 3036 ,
867 2969 1120 3040 τούτους
1155 2971 1252 3028 καὶ
1281 2971 1596 3030 ἐδικαίωσε·
1615 3013 1630 3038 ,
1657 2971 1860 3040 οὓς,δὲ

263 3057 608 3126 ε’δικαίωσε,
637 3060 888 3128 τούτους
926 3061 1028 3118 καὶ
1063 3061 1344 3128 ἑδόξασε.
1377 3065 1460 3118 Ta
1489 3065 1654 3138 ὃμοια
1679 3063 1734 3118 δὲ
1763 3065 1860 3119 καὶ

1964 1959 2302 2032 propositum
2355 1958 2476 2028 ejus
2525 1955 2618 2026 qui
2661 1955 2792 2010 talia
2821 1951 3122 2024 operatur?
3177 1951 3549 2022 Eamdcmque

1963 2055 2080 2126 ipse
2113 2043 2440 2110 sententiam
2467 2049 2677 2122 profert
2717 2050 2804 2104 his
2843 2048 3063 2106 verbis:
3093 2045 3306 2106 Scimus
3369 2053 3548 2102 autem

1959 2147 2210 2220 quoniam
2231 2143 2572 2216 diligentibus
2603 2143 2770 2198 Deum
2791 2141 2972 2198 omnia
2991 2147 3342 2210 cooperantur
3369 2139 3428 2194 in
3456 2137 3550 2191 bo-

1961 2257 2086 2294 num
2119 2239 2186 2294 iis
2206 2239 2297 2310 qui
2325 2235 2612 2294 secundum
2659 2233 2986 2308 propasitum
3011 2232 3184 2287 uocati
3211 2239 3352 2286 sunt.
3401 2229 3546 2284 Nam

1959 2345 2090 2402 quos
2111 2329 2376 2400 pra'sciuit
2407 2335 2456 2381 et
2507 2324 2900 2398 pradestinavit
2923 2321 3216 2393 conformes
3248 2323 3366 2390 ﬁeri
3407 2323 3548 2376 ima.

1959 2419 2070 2494 gini
2097 2419 2147 2476 Ρ
2151 2421 2232 2476 itii
2247 2420 2352 2484 sui,
2381 2429 2438 2474 ut
2465 2419 2536 2476 sit
2557 2419 2670 2490 ipse
2697 2418 3080 2490 primogenitus
3121 2417 3178 2471 in
3207 2415 3394 2470 multis
3423 2415 3545 2484 [ra-

1961 2515 2080 2567 bus.
2109 2509 2257 2580 Quos
2293 2521 2468 2564 autem
2489 2507 2910 2580 praedestinavit,
2951 2507 3048 2562 hos
3100 2513 3152 2562 et
3195 2505 3444 2568 uocauit;
3495 2513 3548 2558 et

1959 2615 2092 2674 quos
2119 2599 2454 2666 uocauit,hos
2491 2607 2540 2654 et
2549 2597 2904 2668 justi/ienuit;
2953 2611 3084 2668 quos
3123 2603 3300 2650 autem
3337 2593 3550 2666 justifi-

1959 2689 2259 2754 cauit,ilios
2295 2697 2344 2744 et
2369 2687 2688 2760 glorificauit
2712 2685 2784 2742 ⁵⁵.
2813 2683 3028 2740 Similia
3051 2685 3120 2742 de
3136 2699 3196 2742 se
3225 2683 3345 2756 ipse
3359 2681 3546 2739 ὐοοιειν

1961 2789 2047 2836 rat
2067 2779 2260 2835 dicens
2291 2797 2304 2834 :
2333 2777 2470 2834 Cum
2489 2791 2666 2832 autem
2691 2774 2894 2846 placuit
2915 2775 2985 2842 ei,
3015 2777 3106 2848 qui
3139 2791 3220 2830 me
3257 2773 3546 2850 segregavit

1959 2887 2026 2927 ea:
2053 2879 2202 2928 utero
2225 2871 2414 2926 matris
2449 2887 2598 2936 meat,
2625 2871 2858 2926 reuelare
2889 2867 3094 2924 Filium
3116 2883 3274 2924 suum
3293 2869 3350 2924 in
3377 2881 3462 2924 me
3473 2865 3542 2926 ⁸⁸.

1961 2963 2430 3032 Quemadmodum
2493 2963 2662 3036 igitur
2713 2978 2838 3018 cum
2885 2977 2980 3018 eos
3009 2959 3396 3032 prmscivisset,
3449 2959 3544 3036 qui

1962 3055 2198 3112 amaturi
2225 3055 2406 3128 ipsum
2427 3063 2608 3116 erant,
2653 3055 2830 3128 etiam
2893 3049 3446 3128 prtedestinavit;sic
3490 3059 3550 3116 et

265 3149 400 3222 περὶ
443 3149 638 3208 ἑαυτοῦ
677 3151 918 3210 διδάσκει
963 3153 1022 3206 ὲν
1065 3147 1149 3218 οἷς
1177 3155 1342 3226 φησίν
1367 3171 1380 3184 ·
1412 3155 1542 3210 Ὅτε
1578 3153 1648 3210 δὲ
1680 3153 1858 3225 ηὐδό-

1963 3147 2160 3220 impios
2185 3162 2314 3204 cum
2351 3147 2695 3218 prmvidisset
2715 3147 2987 3218 justitiam
3023 3145 3328 3243 locuturos,
3357 3149 3548 3214 utpote

267 3257 466 3309 κησεν
513 3243 550 3296 δ
595 3241 898 3312 (ιφ-βρίσας
929 3261 1006 3314 με
1033 3243 1102 3298 ἐκ
1147 3247 1386 3312 κοιλίας
1423 3245 1652 3316 μητρός
1694 3263 1816 3316 μου
1839 3283 1858 3310 ,

263 3333 664 3404 ἀποκαλύψαι
699 3335 808 3391 τὸν
845 3337 984 3392 Υἱὸν
1017 3335 1205 3392 αὐτοῦ
1245 3337 1316 3390 ἑν
1339 3337 1492 3408 ἐμοί.
1523 3339 1736 3410 ’Ὠσπερ
1763 3334 1858 3392 οὖν

267 3421 498 3488 τούτους
527 3427 796 3498 προγνοὺς
831 3425 1125 3498 μέλλοντας
1161 3427 1386 3498 ἀγαπᾷν
1421 3427 1586 3482 αὐτὸν
1613 3427 1858 3504 προώρι-

269 3531 386 3578 σεν,
419 3515 564 3570 οὕτω
597 3516 834 3582 καὶτοὺς
863 3517 1080 3582 ἀσεϐεῖς
1101 3559 1118 3582 ,
1153 3517 1342 3590 ἐπειδὴ
1371 3519 1622 3590 προέγνω
1649 3519 1862 3592 μέλλον-

265 3621 372 3670 τας
413 3605 596 3661 λαλεῖν
635 3607 984 3682 δικαιοσύνην
1013 3609 1102 3664 διὰ
1131 3611 1192 3664 τὸ
1221 3609 1511 3682 γινώσκειν
1549 3611 1720 3684 αὐτὴν
1742 3652 1756 3678 ,
1795 3615 1858 3668 οὐ

273 3695 385 3768 μὴν
417 3697 511 3752 καὶ
541 3701 654 3764 τοϊς
682 3699 866 3772 ἔργοις
895 3701 1066 3774 αὐτὴν
1097 3703 1592 3776 μετελευσομένους
1611 3744 1625 3768 ,
1667 3701 1756 3760 διὰ
1797 3703 1860 3757 τὸ

269 3791 392 3852 ταῖς
423 3791 610 3862 χερσὶν
643 3791 860 3846 ἀδικίαν
881 3793 1238 3865 συμπλέκειν,
1269 3793 1460 3848 τοῦτου
1494 3793 1654 3866 χάριν
1680 3795 1860 3872 ἀπηλ-

269 3881 568 3956 λοτρίωτεν
599 3887 710 3942 ἀπὸ
739 3889 954 3960 μήτρας
971 3929 986 3952 ,
1013 3889 1110 3944 καὶ
1146 3890 1204 3942 ἐν
1231 3889 1608 3960 πλανωμένοις
1635 3889 1732 3944 καὶ
1761 3887 1860 3942 λα-

272 3971 428 4028 λοῦσι
455 3975 626 4049 ψευδῆ
649 3981 783 4052 παρ’
809 3979 989 4052 ἐαυτῷ
1019 3979 1402 4053 κατηρίθμησε
1424 3981 1556 4054 πρὶν
1581 3979 1857 4050 γενέσθαι·

277 4063 626 4138 συνεχώρησέ
653 4085 712 4120 τε
747 4067 904 4132 εἰδὼς
931 4069 1130 4134 αὐτοὺς
1158 4069 1430 4135 τοιούτους
1455 4069 1748 4142 ἐσομένους
1780 4071 1862 4134 είς

277 4157 514 4228 φανερὸν
545 4157 746 4224 ἐλθεῖν,
783 4157 860 4224 ὡς
897 4161 966 4215 ἀν
993 4161 1052 4216 τὸ
1089 4161 1348 4234 διάερορον
1371 4161 1480 4216 τῶν
1507 4161 1734 4216 δικαίων
1766 4161 1862 4216 καὶ

275 4247 546 4303 θεοσεΰῶν
575 4249 786 4319 ἀνδρῶν
819 4251 884 4304 ἐκ
923 4251 1024 4322 τῆς
1053 4253 1162 4306 τῶν
1203 4251 1460 4326 χειρόνων
1503 4251 1860 4324 παραθέσεως

273 4337 616 4411 διαλάμψειε.
641 4343 796 4407 Misit;
807 4341 918 4420 γὰρ
943 4343 1096 4408 ὄντες
1121 4343 1338 4414 φύσεως
1365 4345 1416 4397 οἱ
1445 4344 1669 4410 πάντες,
1685 4345 1734 4410 οξ
1759 4343 1858 4416 μὲν

273 4431 494 4498 ἑκόντες
525 4433 736 4494 εἵλαντο
761 4435 830 4490 τά
862 4437 1116 4508 κρείττω,
1135 4437 1184 4490 οἱ
1217 4437 1390 4508 δὲτὴν
1421 4437 1668 4492 ἐναντίαν
1691 4435 1860 4494 ὥδευε-

1963 3241 2056 3314 qui
2097 3247 2322 3296 nossent
2347 3239 2494 3294 illaut
2522 3279 2537 3306 ,
2575 3239 2670 3296 sed
2715 3239 2894 3310 ipsam
2943 3245 3125 3294 tamen
3149 3225 3260 3294 non
3283 3235 3548 3308 operibus

1961 3331 2212 3388 adituros
2243 3345 2390 3394 esse.
2417 3331 2546 3402 quia
2568 3329 2898 3400 iniustitiam
2945 3327 3202 3390 manibus
3245 3325 3548 3400 complica-

1963 3423 2072 3478 turi
2105 3435 2282 3488 erant,
2309 3423 2432 3480 ideo
2461 3421 2724 3484 alienavit
2785 3435 2880 3478 eos
2929 3433 2958 3474 a
2987 3419 3168 3482 vulva,
3200 3425 3256 3474 et
3277 3417 3365 3474 vel
3389 3424 3548 3472 ante-

1961 3531 2126 3590 quam
2191 3515 2406 3578 iiereut,
2443 3513 2840 3596 inerrantium
2895 3523 2951 3568 et
3008 3511 3292 3568 mendacia
3315 3511 3547 3582 loquen-

1961 3609 2100 3662 tium
2151 3623 2382 3664 numero
2413 3607 2468 3664 in
2518 3623 2578 3666 se
2627 3605 3004 3682 computavit;
3069 3603 3430 3676 permisitque
3463 3609 3546 3660 ta-

1962 3717 2108 3764 men,
2131 3701 2236 3758 etsi
2271 3701 2409 3756 tales
2441 3699 2658 3755 futuros
2690 3713 2816 3756 esse
2865 3705 3077 3760 nosset,
3111 3705 3170 3752 ut
3195 3695 3372 3767 palam
3415 3707 3574 3772 pro--

1961 3792 2168 3858 dirent,
2203 3809 2314 3864 quo
2373 3791 2694 3862 praestantia
2719 3789 3000 3860 justorum
3047 3789 3546 3863 religiosorumun

1963 3885 2246 3942 hominum
2271 3899 2336 3940 ex
2375 3885 2624 3954 peiorum
2665 3869 3082 3953 comparatione
3112 3881 3374 3936 elucerct.
3407 3875 3542 3932 Nam

1963 3993 2088 4034 cum
2117 3993 2182 4032 ex
2218 3991 2325 4030 una
2355 3991 2548 4032 omnes
2587 3981 2787 4030 natura
2829 3979 3188 4036 constarent,
3243 3969 3422 4024 libero
3455 3967 3542 4023 usi

1963 4061 2338 4130 arbitrio,‘a|ii
2387 4065 2610 4136 quidem
2647 4071 2844 4136 sponte
2877 4063 3080 4120 bonum
3121 4059 3424 4132 elegerunt,
3447 4057 3543 4114 alii

1961 4159 2298 4213 contrariam
2329 4157 2502 4232 iuicre
2527 4157 2692 4212 viam.
2737 4155 2808 4210 At
2835 4155 3090 4212 excelsus
3123 4159 3428 4228 etmagnus
3451 4149 3544 4214 ille

1963 4249 2345 4305 universorum
2363 4249 2556 4320 judex,
2593 4249 2814 4318 utrique
2867 4245 3050 4300 ordini
3077 4241 3404 4318 praesidens,
3439 4255 3542 4314 pro

1959 4341 2160 4397 merito
2205 4341 2408 4412 cuique
2443 4339 2658 4395 tribuit.
2707 4337 2890 4406 Quare
2933 4336 3020 4392 sui
3065 4343 3340 4394 amatores
3369 4333 3544 4406 gloria

1963 4431 2166 4496 ali'ecit,
2199 4431 2512 4496 conformes
2543 4429 2764 4502 imagini
2786 4427 3008 4484 Filiisui
3031 4423 3546 4494 cxbibens,-quippe

275 4541 394 4588 σαν,
425 4525 760 4598 αὕτεξουσίῳ
787 4529 1106 4600 προαιρέσει
1135 4527 1492 4600 χρησάμενοι.
1531 4527 1768 4600 ’Υψηλὸς
1795 4527 1854 4582 δὲ

1963 4527 2056 4600 qui
2083 4539 2326 4588 amorem
2349 4539 2476 4596 erga
2495 4539 2554 4580 se
2567 4523 2830 4594 operibus
2857 4517 3340 4590 comprobaverint
3365 4533 3382 4584 ;
3405 4515 3544 4570 alios

269 4615 298 4668 ὁ
327 4615 500 4687 μέγας
539 4617 650 4672 τῶν
675 4619 812 4682 ὅλων
842 4619 1068 4692 κριτὴς,
1103 4617 1574 4692 προκαθεζόμενος
1607 4619 1854 4694 ἐκατέρῳ

269 4707 534 4778 τάγματι,
567 4709 824 4780 βραϐεύει
867 4711 938 4776 τά
978 4711 1276 4784 πρέποντα.
1309 4709 1403 4766 Διὸ
1433 4713 1562 4776 τοὺς
1589 4711 1690 4782 μὲν
1715 4711 1854 4782 ἀγα·-

271 4801 556 4872 πήσαντας
583 4803 744 4856 αὐτὸν
771 4801 1012 4876 ὲδόξασε,
1047 4805 1406 4878 συμμόρφους
1435 4801 1724 4872 ἀποδείξας
1751 4803 1854 4878 τῆς

269 4891 478 4956 εἰκόνος
513 4893 608 4948 τοῦ
651 4895 784 4948 Υἱοῦ
827 4895 992 4950 αὑτοῦ
1013 4935 1028 4962 ,
1064 4895 1142 4960 ὡς
1175 4895 1240 4950 ἀν
1273 4895 1422 4968 ἔργῳ
1445 4893 1544 4966 τὴν
1579 4895 1660 4958 εἰς
1689 4893 1852 4958 αὐτὸν

271 4983 680 5058 ἐνδειξαμένους
711 4985 934 5058 ἀγάπην
953 5005 966 5018 ο
993 4987 1120 5052 τοὺς
1149 4987 1206 5046 δὲ
1233 4986 1528 5050 ἐναντίους,
1547 4985 1623 5050 ὡς
1647 4985 1712 5040 ἂν
1735 4985 1856 5048 ἐαυ-

269 5075 398 5138 τους
439 5075 988 5148 ἀπαλλοτριῶσαντας
1031 5077 1132 5150 τῆς
1167 5077 1334 5154 αὐτοῦ
1381 5077 1604 5150 χάριτος
1623 5117 1638 5140 ,
1685 5095 1856 5136 κατοι-

271 5163 457 5230 6άλλει
487 5167 784 5240 συντρίϐων
811 5167 990 5232 αὐτῶν
1011 5169 1138 5232 τοὺς
1159 5169 1400 5234 ὀδόντας,
1430 5163 1512 5236 οἷς
1532 5169 1592 5222 οὗ
1625 5167 1852 5232 δεόντως

271 5255 608 5330 ἐχρήσαντο,
641 5259 736 5318 καὶ
775 5259 1014 5316 συνθλῶν
1043 5259 1142 5332 τὰς
1193 5259 1366 5336 μύλας
1407 5261 1618 5326 αὐτῶν,
1661 5261 1730 5314 δι’
1775 5254 1854 5314 ὧν

1963 4633 2094 4678 vero
2123 4617 2260 4688 ipsis
2275 4617 2584 4686 oppositos,
2613 4619 2806 4684 utpote
2851 4611 2948 4683 qui
2972 4625 3096 4668 sese
3121 4609 3190 4664 ab
3219 4609 3342 4678 ejus
3365 4609 3544 4680 gratia

1965 4709 2420 4770 abalienaveriut,
2453 4705 2642 4776 dejicit
2675 4719 2690 4758 :
2723 4703 2916 4758 dentes
2937 4715 3152 4764 eorum,
3179 4699 3384 4770 quibus
3431 4715 3542 4754 non

1965 4809 2022 4856 ut
2061 4815 2162 4872 par
2185 4807 2304 4860 crat
2333 4799 2420 4856 usi
2472 4803 2626 4862 sunt,
2661 4793 2920 4856 conterit,
2983 4791 3268 4864 motasque
3323 4803 3543 4854 eormu,

1961 4891 2120 4961 queis
2155 4891 2342 4946 multis
2389 4888 2688 4960 perniciem
2741 4885 3064 4948 intulerunt,
3107 4881 3446 4958 confringit:
3479 4895 3546 4944 ac

1961 4985 2180 5039 demum
2203 4981 2258 5036 in
2273 4981 2526 5046 nihilum,
2559 4979 2616 5040 in
2640 4979 2812 5034 risum
2843 4987 2900 5034 et
2921 4975 3276 5052 opprobrium
3297 4971 3542 5034 deducit,

1959 5073 2180 5148 quando
2223 5071 2492 5134 noxarum
2537 5081 2590 5128 et
2653 5087 2764 5126 non
2821 5067 3242 5130 consistentium
3273 5079 3540 5138 attuarum

1963 5167 2138 5222 instar
2187 5163 2434 5226 deﬂuunt
2473 5163 2622 5239 :ipsi
2669 5163 2834 5220 talem
2899 5161 3060 5218 ﬁnem
3083 5159 3404 5232 exitumque
3433 5155 3542 5218 sibi

1961 5266 2350 5332 procurarunt.

271 5349 485 5420 πολλοῖς
509 5347 846 5422 ἐλυμήναντο
862 5367 876 5380 ·
895 5349 990 5406 καὶ
1017 5349 1168 5414 τέλος
1193 5353 1272 5414 εἰς
1285 5349 1634 5422 ἐξουδένωσιν
1653 5349 1849 5414 αὐτοὺς
1885 5349 2212 5422 παραδιδοὺς
2267 5347 2360 5406 καὶ
2415 5347 2611 5419 χλεύην
2649 5345 2742 5400 καὶ
2767 5343 2968 5410 ὄνειδος
2983 5359 2996 5374 '
3016 5343 3106 5398 ὅτε
3133 5341 3230 5396 καὶ
3249 5339 3410 5412 δίκην
3431 5337 3542 5402 τῶν

273 5441 514 5516 ρευστῶν
535 5439 630 5493 καὶ
659 5441 758 5510 οὐχ
785 5437 1034 5492 ἑστώτων
1061 5435 1268 5494 ὑδάτων
1291 5439 1672 5514 ἀπορρέουσιν,
1691 5439 1848 5493 αὐτοὶ
1881 5441 2094 5502 ἑαυτοῖς
2155 5437 2218 5490 τὸ
2241 5437 2480 5492 τοιοῦτον
2510 5433 2942 5508 προξενήσαντες
2969 5433 3138 5497 τέλος.

353 5531 624 5586 Ἐντενεῖ
637 5533 700 5586 τὸ
728 5531 910 5596 τόξον
925 5531 1114 5586 αὐτοῦ
1139 5531 1253 5600 ἕως
1279 5527 1352 5588 οὗ
1373 5531 1848 5600 ἀσθενήσουσιν.

279 5619 438 5678 Ὠσεί
485 5623 670 5692 κηρὸς
717 5623 918 5692 τακεὶς
975 5623 1582 5696 ἀνταναιρεθήσονται
1601 5641 1616 5656 ο
1669 5625 1854 5678 ἔπεσε

2030 5529 2200 5586 Vens.
2229 5529 2402 5594 9,10.
2449 5527 2693 5582 Intendet
2745 5543 2928 5582 arcum
2967 5543 3122 5581 suum
3177 5523 3342 5584 donec
3383 5523 3540 5592 ist/ir.

1961 5633 2188 5678 utentur.
2215 5619 2362 5676 Sicut
2391 5635 2509 5674 cera
2525 5635 2642 5690 qua:
2659 5617 2802 5688 ﬂuit,
2837 5617 3144 5688 auferentur
3161 5631 3180 5671 :
3197 5613 3538 5692 superaddit

343 5777 392 5812 "
427 5775 541 5838 Jer.
577 5795 634 5846 ι,
671 5779 728 5836 5.
803 5781 850 5814 ⁸³
889 5779 1088 5848 Ephcs.
1125 5797 1174 5846 ι,
1207 5781 1260 5836 4.
1339 5781 1386 5816 ⁸⁸
1425 5781 1558 5839 ibid.
1597 5779 1782 5838 11.12.

1963 5779 2100 5836 lom.
2140 5793 2268 5844 vm,
2301 5775 2498 5842 28-29.
2575 5777 2622 5810 “
2659 5773 2776 5834 Gal.
2818 5789 2872 5844 ι,
2907 5773 2996 5834 15.

3449 367 3558 432 528
3661 383 3668 389 ‘
