4100 6442
559 395 665 453 535

1300 386 1571 445 EUSEBII
1611 382 2098 444 CESARIENSIS
2136 386 2289 442 OPP.
2332 383 2516 440 PARS
2542 383 2636 440 111.
2676 414 2739 424 -
2774 376 3191 439 EXEGETICA.

563 524 642 567 me
669 511 836 566 libera
861 520 982 564 me:
1012 508 1153 579 eripe
1182 523 1263 563 me
1303 506 1367 561 de
1404 505 1743 576 operantibus
1769 506 2106 576 iniquitatem
2131 546 2146 572 ,

2259 503 2458 560 ὶθέλειν
2502 500 2758 573 γενέσθαι
2801 499 2897 555 τοῦ
2942 498 3162 571 ἀνδρός.
3226 496 3527 566 Ἐπειρῶτο
3596 491 3739 562 γοῦν
3784 494 3856 564 τῷ

559 613 608 659 et
635 602 700 658 de
732 602 859 658 uiris
895 600 1211 671 sanguinum
1256 599 1407 655 salva
1452 615 1550 655 me.
1594 598 1762 665 Queis
1791 606 1949 671 rogat
1977 598 2146 656 Deum

560 695 662 752 sibi
687 691 996 758 custodem,
1038 690 1344 763 adjutorem
1371 698 1427 747 et
1456 698 1794 748 servatorem
1821 706 1964 758 esse,
1988 678 2151 749 utine

562 788 632 843 ab
660 785 900 843 inimicis
934 784 1206 856 capiatur,
1232 798 1371 841 neve
1396 784 1453 840 in
1485 799 1683 840 manus
1709 798 1901 840 eorum
1930 785 2145 853 veniat;

563 879 680 936 sive
699 870 886 943 etiam,
918 892 989 936 ne
1018 880 1086 935 iis
1115 877 1315 934 similis
1344 892 1470 935 esse
1506 878 1918 949 pronuntietur,
1948 892 2057 933 neu
2091 879 2147 934 in

466 983 471 989 '
566 986 795 1028 numero
839 972 1186 1042 operantium
1243 968 1612 1041 iniquitatem,
1643 976 1736 1024 aut
1772 985 1838 1026 ex
1872 976 2028 1041 parte
2061 969 2148 1027 vi-

566 1076 753 1118 rorum
793 1064 1121 1135 sanguinum
1151 1073 1475 1126 censeatur,
1524 1062 1593 1118 de
1645 1062 1848 1134 quibus
1892 1064 2149 1135 superius

565 1154 886 1211 dicebatur:
930 1154 1046 1210 Viri
1088 1154 1410 1226 sanguinum
1444 1161 1495 1207 et
1525 1151 1701 1207 dolosi
1744 1169 1848 1209 non
1896 1153 2150 1209 dimidia-

566 1244 693 1301 burtt
735 1246 848 1302 dies
880 1262 1004 1302 suos
1034 1261 1055 1302 :
1100 1262 1192 1318 ego
1237 1254 1408 1301 autem
1460 1244 1682 1315 sperabo
1720 1246 1775 1301 in
1807 1256 1856 1301 te
1883 1247 1950 1303 ⁷⁸.
1991 1246 2148 1314 Quod

564 1344 747 1391 autem
792 1352 902 1392 non
928 1336 1173 1393 visibiles
1211 1337 1387 1393 solum
1424 1336 1697 1403 inimicos,
1735 1337 1830 1394 sed
1858 1338 2022 1395 etiam
2054 1354 2143 1395 oc~

564 1428 743 1484 cultos
776 1438 831 1484 et
876 1429 1181 1486 invisibiles
1237 1438 1630 1501 cognosceret,
1680 1430 1773 1501 qui
1825 1438 1881 1485 ct
1928 1430 2146 1487 Saulcm

564 1520 915 1591 exagitabant
937 1560 952 1583 ,
1004 1535 1128 1575 nam
1162 1518 1390 1592 spiritus
1416 1520 1595 1576 malus
1625 1521 1681 1576 in
1714 1520 1880 1577 Saule
1909 1529 2064 1584 erat,
2119 1538 2149 1577 a

565 1622 676 1680 quo
704 1618 984 1680 permotus
1030 1609 1236 1665 invidia
1287 1609 1725 1666 inﬂammabatur
1760 1610 1814 1665 in
1856 1608 2146 1678 Davidem;

563 1697 677 1769 jam
715 1700 918 1770 saepius
947 1714 976 1752 a
1002 1699 1162 1754 nobis
1190 1706 1678 1755 commonstratum
1705 1706 1807 1755 est.
1836 1694 1935 1755 llic
1968 1700 2152 1771 itaque

490 1780 499 1787 ’
566 1790 823 1847 inimicos
878 1806 1169 1861 superasse
1201 1791 1483 1856 scribitur,
1513 1806 1579 1846 ac
1608 1792 1929 1862 plerumque
1972 1791 2150 1847 victo-

2252 598 2442 669 δόρατι
2491 595 2611 649 κατ’
2662 590 2858 647 αὐτοῦ’
2911 592 2990 656 ὡς
3039 591 3086 645 δ’
3122 588 3397 660 ἠστόχησε
3437 587 3558 657 τῆς
3615 583 3855 656 πληγῆς.

2254 688 2433 744 οὐκέτ’
2486 684 3019 758 ἑπικεκρυμμὲνως,
3061 684 3127 738 ὲκ
3158 679 3217 735 δὲ
3269 681 3365 735 τοῦ
3417 676 3689 750 φανεροῦ
3731 679 3886 763 ἀπο-ς

2257 781 2475 846 στείλας
2501 782 2582 844 είς
2626 778 2717 832 τὸν
2745 773 2894 832 οἶκον
2940 775 3036 831 τοῦ
3081 773 3279 841 Δαυῒδ,
3312 769 3654 829 θανατῶσαι
3708 768 3863 825 αὑτὸν

2253 872 2506 946 ὡρμήθη.
2551 868 2610 926 '0
2636 870 2778 924 6"tv
2813 867 3041 942 τοιαύτῃ
3070 865 3406 939 ἀποληφθεὶς
3436 862 3746 936 συμφορᾷ,
3775 862 3863 931 τὴν

2257 964 2625 1039 προκειμένην
2650 961 3056 1034 στηλογραφίαν
3087 958 3390 1024 συντάττει,
3420 955 3701 1013 ἀναϐοῶν
3737 953 3865 1024 πρὶς

2255 1056 2347 1110 τὸν
2370 1056 2505 1109 Θεὸν
2549 1053 2645 1108 καὶ
2678 1051 2886 1121 λέγων’
2941 1049 3184 1115 Ἐξεάού
3220 1065 3299 1120 με
3342 1046 3415 1103 ἐκ
3459 1045 3599 1101 τῶν
3636 1041 3869 1115 ἐχθρῶν

2250 1162 2393 1217 μου,
2417 1149 2451 1199 ό
2490 1145 2657 1211 Θεὸς,
2690 1142 2792 1197 ual
2825 1142 2897 1196 ἐκ
2935 1138 3055 1195 τῶν
3083 1139 3598 1209 ἐπανισταμένων
3644 1134 3747 1189 ἐπ’
3768 1133 3869 1203 ἐμὲ

2256 1237 2563 1306 λύτρωσαί
2614 1251 2713 1305 με.
2775 1233 2991 1288 Ῥῦσαί
3034 1248 3113 1302 με
3169 1230 3240 1285 ἐκ
3281 1228 3401 1284 τῶν
3443 1222 3870 1298 ἐργαζομένων

2256 1328 2372 1398 τὴν
2394 1328 2672 1397 ἀνομίαν,
2698 1325 2799 1380 καὶ
2836 1324 2907 1390 ἐξ
2944 1322 3183 1392 ἀνδρῶν
3205 1319 3472 1392 uincitur
3501 1312 3742 1374 σῶσόν
3774 1332 3867 1385 με.

2256 1420 2489 1492 Εὔχεται
2536 1418 2595 1473 δὲ
2642 1414 2733 1472 διὰ
2772 1414 2981 1471 τούτων
3016 1408 3265 1485 φύλακος
3308 1413 3495 1484 τυχεῖν
3552 1408 3665 1464 τοῦ
3711 1407 3869 1469 Θεοῦ,

2258 1509 2457 1582 βοηθοῦ
2499 1524 2561 1563 τε
2592 1508 2691 1563 καὶ
2716 1507 2981 1580 σωτῆρος,
3010 1507 3092 1571 είς
3122 1504 3186 1558 τὸ
3226 1502 3301 1576 μὴ
3347 1502 3564 1558 ἁλῶναι
3620 1499 3741 1555 ὑπὸ
3764 1496 3871 1551 τῶν

2258 1602 2503 1675 ἐχθρῶν,
2552 1601 2676 1674 μηδ’
2712 1599 3047 1672 ’ὑποχείριον
3094 1597 3279 1661 αὐτοῖς
3330 1594 3640 1665 γενέσθαι·
3688 1592 3727 1662 ἢ
3782 1590 3872 1644 καὶ

2258 1692 2401 1765 ὑπὲρ
2423 1691 2518 1746 τοῦ
2552 1692 2627 1764 μὴ
2657 1691 2753 1747 καὶ
2798 1690 2963 1745 αὐτὸν
2993 1690 3180 1762 ὅμοιον
3225 1689 3409 1751 αὐτοῖς
3440 1682 3873 1756 ἀποφανθῆναι,

2262 1784 2395 1857 μηδὲ
2434 1782 2689 1853 γενίσθαι
2729 1782 2826 1837 ινα
2856 1782 2968 1836 τῶν
3013 1779 3401 1855 ἐργαζομένων
3446 1778 3553 1850 τὴν
3596 1775 3865 1846 ἀνομίαν.

566 1883 704 1937 riam
735 1883 803 1938 de
842 1883 1131 1955 allophylis
1177 1883 1452 1940 retulisse.
1505 1882 1712 1941 Truces
1742 1898 1906 1954 porro
1941 1898 2006 1940 ac
2036 1898 2156 1955 gra-

2263 1875 2400 1947 μηδὲ
2428 1874 2532 1946 τῆς
2559 1874 2777 1946 μερίδος
2807 1872 2919 1931 τῶν
2941 1872 3153 1946 ἀνδρῶν
3182 1871 3291 1926 τῶν
3320 1869 3601 1941 αἱμάτων,
3630 1867 3772 1938 περὶ
3794 1858 3871 1918 ὧν

562 1989 662 2028 ves
691 1981 850 2030 erant
878 1974 1081 2030 occulti
1105 1976 1225 2044 ejus
1259 1974 1466 2030 inimici
1513 1984 1568 2032 et
1601 1975 1808 2043 hostes,
1833 1992 1974 2048 quos
1998 1976 2154 2034 hisce

566 2065 730 2123 dictis
763 2064 1006 2123 declarat
1035 2087 1048 2122 :
1093 2067 1361 2135 Quoniam
1394 2084 1509 2123 ecce
1540 2069 1713 2124 venali
1757 2078 1880 2124 sunt
1916 2070 2154 2126 animum

567 2171 758 2223 meam,
793 2158 1062 2213 irruerunt
1086 2159 1141 2213 in
1172 2176 1253 2213 me
1301 2159 1488 2228 fortes.
1522 2158 1836 2216 Secundum
1869 2161 2153 2217 historiam

568 2262 702 2306 sane
752 2265 862 2305 non
911 2250 1050 2307 alios
1104 2250 1322 2305 videtur
1371 2250 1627 2315 inimicos
1680 2250 1943 2308 habuisse
1986 2267 2151 2323 quam

569 2336 812 2396 Sauvlem.
856 2338 912 2395 ld
938 2340 1084 2395 enim
1124 2338 1410 2413 Scriptura
1436 2340 1708 2411 signiﬁcat
1736 2341 1864 2397 dum
1890 2342 2153 2400 testiﬁca-

567 2440 678 2489 tur.
716 2433 895 2503 ipsum
940 2431 1011 2487 ab
1052 2433 1202 2486 omni
1250 2432 1450 2503 populo
1490 2433 1787 2501 dilectum;
1833 2448 2064 2506 eamque
2099 2435 2153 2491 in

568 2521 761 2594 primis
788 2539 1012 2581 causam
1045 2524 1262 2580 invidia:
1294 2524 1347 2580 in
1373 2526 1550 2595 ipsum
1578 2526 1768 2585 fuisse.
1795 2527 1852 2582 Si
1878 2542 2010 2599 ergo
2037 2542 2156 2582 om-

566 2630 668 2671 nes
692 2614 951 2673 Davidem
980 2616 1299 2689 diligebant,
1329 2619 1591 2691 solusque
1618 2617 1748 2674 Saul
1781 2634 1843 2675 ea
1874 2621 1941 2676 de
1990 2635 2049 2676 re
2089 2619 2156 2674 li—

566 2723 699 2763 vore
727 2707 988 2765 incensus
1015 2708 1243 2781 insidias
1293 2709 1397 2780 ipsi
1439 2710 1682 2781 parabat,
1710 2726 1812 2766 cur
1841 2708 2154 2781 hic'plura-

567 2798 694 2854 liter
718 2798 796 2855 ait
819 2817 835 2854 :
870 2797 1030 2870 Eripe
1057 2814 1137 2856 me
1173 2799 1237 2855 ile
1267 2801 1494 2857 inimicis
1522 2802 1685 2865 meisr
1704 2812 1757 2858 et
1789 2801 1855 2856 ab
1880 2801 2154 2874 insurgen-

569 2888 708 2944 tibus
733 2891 789 2944 in
819 2906 935 2955 me;
985 2904 1050 2947 ac
1084 2904 1328 2957 rursum,
1356 2890 1497 2958 Quia
1528 2906 1644 2949 ecce
1666 2893 1839 2948 renati
1871 2900 1995 2948 sunt
2040 2892 2159 2947 ανί-

2255 1966 2348 2020 καὶ
2383 1966 2443 2019 ὲν
2471 1967 2585 2027 τοῖς
2617 1963 2880 2036 ἀνωτέρω
2915 1961 3134 2032 ὲλέγετο
3152 1978 3167 1993 ·
3194 1960 3437 2029 Ἄνδρες
3461 1957 3752 2029 αἱμάτων
3772 1956 3867 2011 uni

2255 2056 2624 2127 δολιότητος,
2649 2058 2722 2111 οὐ
2740 2053 2828 2126 μὴ
2856 2054 3233 2125 muast
3254 2055 3363 2120 τὰς
3384 2051 3616 2123 ἡμέρας
3639 2048 3865 2106 αὐτῶν

2253 2149 2371 2220 ἐγὼ
2414 2149 2483 2203 δι
2528 2147 2718 2204 sanus
2757 2147 2861 2204 έπι
2906 2146 3002 2203 σέ.
3051 2146 3312 2219 Ἐχθροῦς
3351 2145 3411 2200 δι
3460 2146 3547 2200 δτι
3606 2146 3693 2217 μὴ
3744 2143 3873 2206 τοὺς

2255 2245 2486 2316 ὁρατοὺς
2521 2243 2718 2316 μόνους
2750 2242 3051 2312 ὲγίνωσκεν
3073 2281 3089 2307 ,
3123 2240 3262 2296 ἀλλά
3301 2241 3430 2306 τοὺς
3476 2240 3728 2312 ἀφανεῖς
3774 2238 3869 2293 καὶ

2256 2334 2542 2408 ἀοράτους,
2576 2335 2627 2389 οἳ
2659 2335 2755 2389 καὶ
2784 2334 2941 2388 αὐτοὶ
2968 2335 3234 2406 ἐνήργουν
3262 2332 3355 2386 τὸν
3384 2330 3598 2387 Σαούλ·
3636 2328 3869 2401 πνεῦμα

2255 2425 2366 2499 γὰρ
2410 2424 2645 2498 πονηρὸν
2673 2420 2742 2497 ἦν
2788 2425 2883 2479 ἐπὶ
2913 2424 3115 2490 Σαοὺλ,
3160 2423 3252 2494 ὑφ’
3280 2416 3344 2477 οὗ
3387 2423 3731 2496 κινούμενος
3775 2420 3863 2488 ἑξ-

2256 2516 2472 2571 εκαίετο
2519 2516 2614 2570 ἐπὶ
2640 2515 2734 2570 τὸν
2766 2515 2908 2571 κατά
2957 2514 3055 2570 τοῦ
3100 2514 3265 2570 Δαυῒδ
3307 2512 3530 2584 φθόνον·
3590 2512 3865 2575 πολλάκις

2257 2609 2389 2681 ἡμῖν
2420 2606 2820 2663 ἀποδέδεικται.
2844 2605 3143 2664 Κάνταῦθα
3175 2605 3355 2661 τοίνυν
3389 2604 3501 2661 τῶν
3543 2606 3655 2677 μὲν
3699 2601 3863 2658 πολε-

2260 2699 2400 2772 μίων
2422 2699 2846 2774 περιγενόμενος
2860 2699 3303 2773 ἀναγέγραπται,
3321 2694 3483 2771 νίκην
3503 2714 3565 2753 τε
3590 2694 3865 2761 πολλάκις

2257 2791 2534 2864 ἀράμενος
2565 2790 2713 2846 κατά
2755 2790 2866 2846 τῶν
2898 2790 3240 2863 ἀλλοφύλων.
3274 2792 3451 2845 Δεινοὶ
3474 2789 3531 2845 δὲ
3564 2787 3721 2862 ἦσαν
3754 2788 3867 2861 ἄρα

2257 2882 2447 2957 ἐχθροὶ
2484 2881 2581 2937 καὶ
2630 2881 2883 2955 πολέμιοι
2912 2883 2965 2937 oi
3015 2877 3243 2954 ἀφανεῖς
3273 2881 3439 2937 αύτοῦ
3494 2880 3727 2954 ἐχθροὶ,
3767 2878 3860 2943 οὓς

567 2997 712 3036 mam
738 2997 932 3047 meam,
955 2983 1224 3039 irruerunt
1273 2983 1329 3038 in
1363 2999 1444 3038 me
1483 2982 1646 3053 fortes
1669 2986 1696 3041 2
1728 2981 1838 3041 Sed
1887 2981 1978 3038 bic
2007 2984 2156 3038 clare

2259 2972 2534 3045 παριστὰς
2568 2971 2674 3027 καὶ
2711 2972 2801 3029 διὰ
2849 2972 2960 3028 τῶν
3011 2972 3392 3047 προκειμένων
3448 2970 3672 3042 ἔλεγενν
3732 2971 3863 3063 "ore

569 3072 887 3131 indicantur
913 3075 1113 3132 occulti
1142 3068 1198 3131 et
1229 3074 1534 3133 invisibiles
1565 3075 1773 3132 inimici
1798 3114 1815 3139 ,
1856 3072 1926 3129 de
1953 3072 2156 3144 quibus

2260 3062 2390 3118 ιδοὺ
2417 3061 2760 3133 ἐθήρευσαν
2777 3061 2894 3132 τὴν
2913 3062 3127 3134 ψυχήν
3146 3080 3289 3134 μου,
3318 3060 3604 3118 ἐπέθεντο
3626 3062 3731 3117 ἐπ’
3753 3060 3859 3132 sps

567 3164 866 3235 Apostolus
895 3166 1016 3222 ait:
1056 3164 1182 3222 Non
1234 3176 1313 3222 est
1350 3166 1501 3223 nobis
1549 3167 1857 3222 colluctatio
1903 3165 2154 3220 adversus

2259 3155 2547 3224 κραταιοί.
2585 3155 2682 3210 Ἐκ
2715 3154 2815 3227 μὲν
2848 3150 2943 3210 οὖν
2964 3155 3067 3227 τῆς
3100 3155 3342 3228 ἱστορίας
3370 3154 3696 3229 οὐδετέρους
3735 3152 3860 3224 φαί-

569 3232 781 3311 carnem
826 3264 877 3312 et
908 3258 1256 3329 sanguinem,
1296 3257 1389 3313 sed
1449 3259 1700 3313 adversus
1746 3256 2077 3327 principatus
2106 3263 2155 3310 et

2260 3265 2412 3302 νεται
2461 3246 2715 3320 ἐσχηκὼς
2757 3247 2988 3321 ἐχθροὺς
3022 3247 3056 3320 ἢ
3106 3247 3265 3320 μόνον
3308 3246 3402 3301 τὸν
3448 3247 3646 3302 Σαούλ.
3685 3244 3859 3301 Τοῦτο

568 3356 874 3415 potestates,
897 3356 949 3403 et
972 3348 1157 3403 mundi
1185 3356 1411 3405 rectores
1443 3347 1775 3405 tenebrarum
1825 3346 2015 3401 Irarum
2036 3386 2052 3412 ,
2107 3357 2157 3403 et

571 3443 760 3489 contra
801 3435 1018 3504 spiritus
1048 3437 1297 3506 nequitia:
1326 3438 1392 3490 τ’.
1419 3435 1486 3491 lli
1518 3436 1684 3508 igitur
1713 3435 1935 3493 Saulem
1970 3438 2159 3494 incon-

569 3523 774 3581 debant
805 3536 1000 3583 contra
1032 3526 1291 3585 Davidem
1319 3549 1332 3584 :
1362 3529 1595 3601 ideoque
1630 3529 1856 3602 rogabat
1885 3528 2077 3595 Deum,
2097 3538 2158 3586 ut

571 3616 738 3674 abiis
779 3616 1106 3689 eriperetur.
1157 3619 1363 3677 Contra
1396 3619 1614 3676 Goliath
1661 3621 1808 3677 enim
1859 3628 1915 3678 et
1965 3629 2158 3677 contra

572 3708 816 3779 reliquos
853 3708 1158 3782 allophylos
1188 3709 1304 3780 ipse
1342 3709 1495 3765 solus
1536 3708 1858 3773 sulliciebat,
1886 3708 2002 3778 lege
2032 3706 2159 3763 belli

572 3797 1104 3880 cunctosadortus;
1137 3808 1193 3853 at
1241 3806 1435 3854 contra
1480 3799 1727 3855 occultas
1760 3802 2060 3869 potestates
2106 3803 2161 3853 et

576 3890 882 3950 invisibiles
927 3893 1182 3949 inimicos
1231 3898 1690 3965 propugnatorem
1723 3890 1828 3946 sibi
1860 3889 2029 3946 Deum
2056 3904 2159 3960 po-

574 3982 836 4041 stulabat.
871 3980 1028 4052 Quod
1047 3993 1228 4041 autem
1259 4000 1290 4039 a
1314 3984 1641 4047 Saule,cum
1673 3984 1808 4038 nihil
1838 3982 1942 4054 ipsi
1973 3981 2157 4038 damni

576 4074 873 4142 intulisset,
901 4076 1106 4133 frustra
1138 4077 1449 4148 pelleretur.
1482 4091 1607 4131 cum
1633 4075 1864 4131 historia
1896 4078 2112 4129 enarrat
2141 4114 2157 4138 ,

576 4175 692 4246 tum
725 4168 782 4223 in
812 4168 1170 4239 sequentibus
1206 4167 1280 4223 ita
1337 4179 1586 4223 recenset
1624 4166 1778 4238 ipse:
1822 4164 2004 4237 Neque
2057 4167 2163 4221 ini-

573 4257 751 4329 quitas
793 4275 930 4325 mea,
968 4275 1130 4329 neque
1170 4266 1440 4326 peccatum
1480 4272 1650 4311 meum
1681 4271 1700 4310 :
1734 4255 1847 4310 sine
1885 4256 2163 4326 iniquitate

574 4350 790 4405 cucurri
840 4358 891 4404 et
932 4348 1124 4404 direxi.
1165 4346 1273 4405 Pro
1319 4349 1412 4403 illo
1442 4356 1657 4411 autem,
1718 4349 1831 4403 sine
1884 4348 2165 4416 iniquitate

573 4439 789 4493 cucurri
818 4448 869 4493 et
896 4437 1090 4503 direxi,
1126 4438 1488 4504 Symmachus
1528 4442 1629 4507 ait,
1651 4457 1772 4496 cum
1803 4457 1906 4496 non
1937 4441 2004 4495 sit
2039 4456 2159 4510 pec-

574 4537 752 4581 catum
779 4528 1021 4596 irruunt,
1057 4538 1115 4582 ut
1139 4529 1449 4598 pertrahunt
1480 4547 1579 4587 me.
1620 4529 1756 4586 Nam
1791 4547 1916 4587 cum
1964 4547 2031 4586 tte
2059 4531 2162 4586 mi-

2260 3339 2371 3411 γάρ
2399 3337 2748 3410 παρέστησεν
2769 3341 2803 3410 ἡ
2830 3339 3023 3413 Γραφὴ
3052 3337 3470 3411 μαρτυραμένη,
3490 3339 3574 3393 ὅτι
3594 3338 3856 3409 ἠγαπᾶτο

2258 3431 2364 3486 ὑπὸ
2389 3429 2592 3497 παντὸς
2617 3431 2712 3486 τοῦ
2745 3430 2878 3486 λαοῦ
2898 3447 2913 3462 ο
2942 3432 3038 3486 καὶ
3060 3426 3298 3503 τοῦτ’,ἦν
3324 3430 3559 3502 μάλιστα
3586 3431 3652 3486 τὸ
3679 3430 3853 3486 αττιον

2258 3522 2361 3593 τῆς
2386 3523 2508 3578 κατ’
2541 3522 2708 3579 αὐτοῦ
2738 3522 3062 3594 βασκανίας.
3090 3523 3153 3578 Ei
3186 3522 3364 3577 τοίνυν
3390 3523 3592 3588 πάντες
3621 3522 3857 3595 ἠγάπων

2258 3614 2349 3668 τὸν
2396 3612 2560 3668 Δαυῒό
2577 3652 2593 3679 ,
2635 3615 2797 3688 μόνος
2835 3614 2894 3669 δὲ
2929 3614 3103 3670 Σαοὺλ
3138 3615 3234 3670 καὶ
3292 3614 3387 3670 ἐπὶ
3443 3613 3621 3686 τούτῳ
3671 3612 3852 3685 φθόνῳ

2261 3706 2654 3780 πιμπράμενος
2679 3707 3073 3764 ἐπεϐούλευσεν
3103 3706 3274 3780 αὐτῷ,
3297 3707 3417 3772 πῶς
3443 3706 3681 3763 ἐνταῦθα
3711 3704 3851 3776 πλη-

2261 3796 2531 3864 Θυντικῶς
2571 3817 2767 3874 φησιν,
2809 3800 3061 3866 Ἐξελού
3090 3818 3167 3871 με
3204 3799 3275 3855 ἐκ
3327 3798 3449 3855 τῶν
3478 3798 3850 3871 ἐχορῶνμον

2261 3889 2359 3944 καί
2383 3889 2453 3945 ἐκ
2471 3889 2592 3947 τῶν
2626 3890 3118 3963 ἐπανισταμένων
3132 3891 3225 3946 ἐπ’
3249 3890 3374 3963 ἐμέο
3403 3892 3496 3946 καὶ
3523 3890 3709 3954 πάλιν,
3729 3890 3851 3943 Ὅτι

2262 3980 2393 4037 ίδοὺ
2417 3981 2758 4052 ἐθήρευσαν
2778 3982 2896 4053 τὴν
2918 3982 3131 4055 ψυχήν
3149 4001 3291 4054 μου,
3316 3983 3597 4039 ἐπέθεντο
3629 3983 3724 4037 ἐπ’
3747 3980 3851 4052 ἐμὲ

2264 4074 2535 4143 reparato!
2548 4089 2568 4139 ,°
2605 4074 2768 4130 Ἀλλά
2786 4075 2897 4148 γὰρ
2937 4074 3122 4145 σαφῶς
3148 4073 3237 4129 διὰ
3260 4072 3464 4129 τούτων
3489 4074 3849 4148 παρίστανται

2262 4162 2482 4238 ἀόρατοι
2523 4164 2619 4220 καὶ
2656 4164 2883 4236 ἀφανεῖς
2917 4164 3105 4238 ἐχθροὶ
3123 4206 3139 4231 ,
3182 4165 3311 4239 περὶ
3355 4159 3431 4221 ὧν
3470 4166 3566 4222 καὶ
3608 4166 3639 4220 ὁ
3687 4165 3848 4221 Ἀπό-

2267 4257 2457 4324 στολος
2496 4257 2680 4328 ἔλεγεν
2700 4276 2712 4289 ·
2753 4260 2877 4314 Οὐκ
2913 4255 3086 4314 ἐστιν
3133 4256 3279 4330 ἡμῖν
3326 4254 3489 4326 πάλη
3531 4252 3684 4328 πρὸς
3705 4253 3847 4328 αἷμα

2265 4351 2363 4405 καὶ
2391 4349 2611 4420 achaica,
2639 4349 2801 4405 ἀλλὰ
2838 4350 2987 4420 πρὸς
3026 4350 3132 4418 τὰς
3156 4348 3348 4419 ἀρχὰς
3390 4349 3492 4403 καί
3528 4348 3638 4416 τὰς
3671 4349 3845 4415 ἐξου-

2264 4442 2426 4510 σίας,
2448 4442 2549 4498 καὶ
2586 4441 2730 4509 τοὺς
2768 4442 3253 4513 κοσμοκράτορας
3278 4441 3387 4496 τοῦ
3410 4442 3671 4509 σκότους
3715 4443 3846 4498 τού-

2265 4550 2394 4598 του,
2421 4533 2523 4589 καὶ
2547 4533 2698 4604 πρὸς
2734 4532 2809 4587 τὰ
2852 4534 3165 4603 πνεύματα
3206 4530 3317 4601 τῆς
3343 4533 3660 4603 πονηρίας.
3689 4528 3847 4589 Οὗτοι

574 4620 724 4674 nima
765 4620 1016 4676 subesset
1069 4636 1267 4686 causa,
1314 4629 1467 4681 tanta
1520 4624 1786 4680 adversus
1815 4639 1941 4679 eum
1996 4637 2156 4694 supra

2264 4624 2398 4695 γοῦν
2450 4623 2672 4691 ὲξέκαον
2713 4624 2806 4680 τὸν
2854 4625 3028 4680 Σαοὺλ
3073 4625 3214 4679 κατά
3258 4622 3353 4678 τοῦ
3402 4622 3568 4680 Δαυῖδ
3590 4643 3605 4657 ·
3658 4626 3743 4681 διὸ
3788 4623 3848 4690 ἐξ

577 4712 859 4769 memorati
897 4713 975 4768 illi
1007 4714 1247 4785 aggressi
1297 4722 1448 4770 sunt.
1499 4713 1587 4777 Et.
1619 4730 1830 4787 quaeso,
1868 4716 2162 4780 advertas,

578 4802 836 4861 Davidem
871 4806 924 4860 in
960 4806 1214 4876 praesenti
1257 4806 1486 4864 lldenter
1514 4822 1678 4878 agere
1702 4846 1718 4873 .
1748 4809 1844 4878 qui
1883 4807 1936 4860 in
1987 4796 2163 4877 prima

573 4892 916 4951 Psalmorum
943 4900 1096 4968 parte
1124 4895 1343 4953 dicebat
1367 4917 1380 4953 :
1414 4897 1679 4966 Quoniam
1706 4899 2007 4970 iniquitates
2038 4914 2181 4955 urere.

571 5000 921 5057 supergressa
949 4998 1072 5043 sunt
1109 4998 1268 5059 caput
1312 5006 1505 5056 meum,
1536 4989 1677 5045 sicut
1695 5006 1828 5044 onus
1849 5006 2006 5060 grave
2037 5006 2165 5061 gra-

572 5082 711 5128 uata:
742 5083 865 5129 sunt
916 5091 1072 5145 super
1125 5093 1228 5134 me.
1280 5077 1610 5135 Putruerunt
1644 5091 1696 5135 et
1742 5088 2009 5150 corrupta:
2040 5089 2166 5135 sunt

574 5164 849 5221 cicatrices
881 5182 1007 5233 ηιβω
1053 5184 1089 5222 a
1127 5167 1266 5238 facie
1305 5171 1627 5241 insipientia:
1660 5188 1789 5226 mete
1821 5173 1891 5226 ⁷⁸.
1938 5168 2063 5226 llaec
2110 5179 2165 5227 et

578 5254 665 5310 his
702 5256 905 5311 similia
933 5258 988 5313 in
1018 5260 1890 5337 praecedentibusconfitebatur;
1938 5261 1993 5316 in
2027 5276 2164 5332 prse-

575 5340 720 5397 senti
773 5359 903 5400 vero
953 5346 1071 5404 ait:
1109 5346 1290 5420 Neque
1321 5351 1577 5422 iniquitas
1612 5368 1748 5417 mea,
1779 5367 1942 5422 neque
1981 5366 2164 5420 pecca-

573 5439 691 5489 tum
719 5452 914 5502 meum,
944 5438 1189 5506 Domine,
1215 5442 1328 5497 sine
1350 5443 1629 5514 iniquitate
1650 5445 1862 5499 cucurri
1882 5455 1934 5497 et
1963 5443 2157 5500 direxi.

572 5518 814 5583 Cursum
846 5544 1047 5602 porro,
1081 5548 1245 5602 quem
1278 5533 1448 5591 David
1501 5536 1730 5607 agebat,
1769 5535 2077 5608 intelliges,
2114 5534 2163 5591 si

574 5620 934 5687 apostolicam
989 5622 1140 5679 illam
1195 5640 1382 5683 vocem
1425 5641 1709 5699 apponas:
1745 5626 1953 5682 Bonum
1991 5636 2165 5681 certa-

2265 4713 2447 4769 αύτῶν
2482 4712 2748 4787 ρυσθῆναι
2776 4712 2947 4768 ἐδεῖτο
2978 4711 3073 4767 τοῦ
3112 4709 3270 4766 Θεοῦ.
3312 4712 3456 4784 Πρὸς
3487 4713 3587 4785 μὲν
3618 4711 3729 4786 γὰρ
3760 4712 3846 4767 τὸν

2266 4806 2483 4872 ramo,
2514 4804 2610 4861 uel.
2649 4805 2787 4878 πρὸς
2819 4807 2945 4871 τοὺς
2997 4805 3217 4870 λοιποὺς
3242 4803 3574 4875 ἀλλοφύλους
3609 4802 3845 4879 ἀπῆρκεν.

2267 4898 2430 4964 αὐτὸς
2461 4899 2781 4971 ἱστάμενος,
2808 4898 2903 4952 καὶ
2944 4897 3182 4970 πολέμου
3217 4897 3367 4969 νόμῳ
3408 4899 3523 4962 τοίς
3551 4898 3717 4951 πᾶσιν
3753 4898 3847 4950 ἑπ-

2266 4988 2424 5055 εξιών
2447 5007 2461 5021 ·
2495 4990 2634 5063 πρὸς
2655 4990 2714 5044 δὲ
2738 4988 2839 5054 τὰς
2872 4989 3100 5058 ἀφανεῖς
3127 4988 3383 5060 δυνάμεις
3419 4987 3514 5043 καὶ
3541 4987 3669 5052 τοὺς
3686 4987 3847 5060 ἀορά-

2263 5068 2389 5147 τουξ
2425 5079 2655 5154 ἐχθροὺς
2687 5080 2821 5136 Θεὸν
2852 5078 3175 5153 ύπέρμαχον
3202 5076 3356 5151 ἠξίου
3388 5078 3541 5152 αὐτῷ
3573 5074 3845 5149 γενέσθαι.

2266 5176 2388 5229 Ὅτι
2415 5172 2491 5227 δὲ.
2524 5169 2692 5247 μηδὲν
2727 5173 2996 5245 ἀδικήσας
3021 5170 3113 5228 τὸν
3149 5173 3355 5237 Σαοὺλ,
3384 5172 3562 5245 μάτην
3578 5171 3846 5243 ⁵ἠλαύνεσιο

2263 5265 2357 5319 ὑπ’
2387 5260 2577 5331 αὐτοῦ,
2610 5262 2910 5337 παρίστησι
2942 5264 3041 5336 μὲν
3070 5265 3104 5337 ή
3138 5264 3370 5337 ἱστορία,
3400 5264 3653 5337 ἐμφαίνει
3676 5264 3735 5320 δὲ
3756 5264 3845 5320 καὶ

2261 5356 2424 5422 αυτὸς
2465 5355 2596 5427 ἑξῆς
2648 5355 2822 5426 λέγων
2841 5372 2855 5386 ·
2919 5356 3069 5411 οὔτε
3102 5357 3136 5425 ἡ
3177 5357 3395 5426 ἀνομία
3430 5372 3553 5427 μου
3576 5395 3592 5421 ,
3630 5356 3768 5411 οὔτε
3813 5355 3843 5421 ἠ

2261 5447 2519 5516 ἁμαρτία
2555 5463 2708 5518 μου·
2749 5445 2897 5501 ἄνευ
2923 5446 3176 5517 ἀνομίας
3206 5446 3466 5517 ἔδραμον
3488 5445 3589 5501 καὶ
3632 5446 3843 5513 κατηύ-

2265 5541 2442 5594 θυνα.
2494 5538 2640 5593 ’Δντὶ
2676 5534 2734 5592 δὲ
2778 5537 2908 5603 τοῦ,
2960 5534 3109 5593 ἄνευ
3156 5538 3410 5609 ἀνομίας
3448 5537 3711 5607 ἔδραμον
3750 5534 3867 5590 ual-

2268 5627 2636 5697 κατηύθυνα,
2661 5628 2690 5681 ὁ
2730 5626 3045 5701 Σύμμαχος,
3068 5625 3155 5698 μὴ
3202 5627 3414 5697 οὔσης,
3452 5626 3638 5699 φησὶν,
3663 5626 3841 5696 disap-

648 5792 696 5827 "
733 5791 879 5853 l’sal.
916 5813 1026 5866 ιιν,
1058 5799 1147 5856 24.
1198 5802 1266 5886 --⁷⁸
1307 5799 1503 5873 prcs.
1540 5815 1621 5866 γι,
1664 5799 1746 5855 12.
1825 5802 1869 5832 ⁷³
1908 5797 2055 5857 Psal.
2092 5816 2156 5856 xx

2263 5801 2400 5869 t,5,
2443 5802 2496 5856 6.
