4100 6442
591 395 692 454 839

1270 387 1540 445 Ευδωιι
1579 365 2062 443 οίΕςΑιιιΕΝειδ
2099 384 2258 441 OPP:
2285 385 2463 441 PARS
2499 383 2586 441 Ill.
2627 415 2695 428 -
2740 380 3146 443 EXEGETICA.

3794 381 3886 441 5i)

589 521 820 572 numero
866 491 1306 574 comprehcndit,
1354 515 1570 556 necnon
1620 515 1716 555 eos
1759 499 1854 570 qui
1884 501 1978 554 tali
2006 499 2168 554 modo

2272 499 2596 567 κτειρήσπς
2643 506 2876 566 πάντας
2915 500 3056 566 τοὺς
3098 498 3544 569 ἐργαζομένους
3597 496 3728 564 τὴν
3763 499 3891 551 tiro-

589 598 720 652 olim
743 596 797 650 in
829 595 1028 668 Israele
1065 593 1240 648 allecti
1265 600 1442 647 erant.
1461 590 1611 657 Quid
1635 592 1781 646 enim
1804 591 2040 661 amplius
2090 591 2172 644 fa-

589 696 740 742 ctum
773 684 926 740 Sauli
947 685 1076 744 fuit,
1106 684 1199 753 qui
1228 696 1427 753 genere
1469 681 1693 751 quidem
1723 681 1792 735 ab
1818 681 1986 736 Israel
2011 689 2170 736 ortus

590 783 734 836 erat,
761 789 832 828 ex
865 773 1011 827 tribu
1044 770 1345 840 Benjamin,
1375 769 1468 840 qui
1510 769 1644 822 tanti
1678 767 1859 838 populi
1889 783 1985 822 rex
2016 767 2172 820 inatt-

593 857 822 934 guratus
837 862 1036 926 fuerat,
1060 863 1266 932 quique
1293 869 1444 914 tanta
1469 860 1524 914 in
1546 873 1766 914 cassum
1789 866 1843 913 et
1867 858 1986 912 sine
2003 872 2171 912 causa

594 955 860 1011 adversus
907 968 1055 1014 eum,
1088 953 1184 1024 qui
1220 967 1280 1008 se
1324 950 1462 1006 nihil
1515 950 1770 1016 laesisset,
1822 949 2169 1004 machinatus

596 1039 811 1100 fuerat?
835 1044 992 1111 Quod
1020 1046 1068 1100 si
1109 1044 1204 1098 alii
1253 1051 1450 1114 postea
1481 1041 1832 1112 reperiantur
1864 1040 1961 1110 qui
2019 1038 2168 1094 Sauli

591 1135 766 1205 gestis
792 1134 972 1189 allinia
1002 1136 1334 1189 meditantur
1357 1133 1441 1188 vel
1474 1140 1766 1203 peragant;
1810 1146 1920 1186 non
1943 1146 2010 1185 eo
2032 1130 2169 1184 tales

593 1227 826 1282 salutem
855 1228 1118 1296 consequi
1161 1240 1452 1281 necessum
1494 1232 1602 1288 est,
1631 1223 1775 1294 quod
1809 1237 1874 1278 ex
1902 1230 1996 1276 tua
2043 1237 2170 1292 por-

595 1319 746 1373 tione
777 1333 902 1374 esse
926 1325 1280 1388 reputentnr;
1323 1325 1382 1370 ut
1415 1331 1447 1371 e
1475 1327 1744 1370 converso
1801 1312 1848 1368 si
1879 1312 1970 1382 qui
2027 1313 2171 1367 inter

592 1416 885 1472 extraneas
939 1417 1130 1480 gentes
1181 1407 1349 1463 saluti
1411 1404 1593 1462 idonei
1651 1409 1808 1466 sunt,
1839 1403 1977 1456 nihil
2021 1402 2170 1457 ohsit

592 1503 914 1574 quominus,
951 1517 1050 1573 pro
1082 1502 1295 1556 ratione
1329 1499 1576 1570 iustitiae,
1623 1495 1935 1552 visitatione
1964 1502 2054 1548 tua
2086 1495 2167 1548 di-

589 1603 850 1666 gnentur.
877 1592 1069 1663 Quare
1096 1591 1244 1655 dico,
1277 1589 1488 1644 intende
1541 1589 1611 1642 ad
1650 1585 1941 1642 visitandas
1992 1602 2166 1640 omnes

591 1695 803 1752 gentes;
835 1685 905 1741 iis
937 1700 1068 1740 vero
1095 1684 1188 1754 qui
1216 1690 1518 1753 operantur
1550 1680 1913 1749 iniquitatem,
1941 1693 2007 1732 ex
2032 1693 2169 1747 quo—

595 1779 678 1832 vis
701 1792 906 1848 genere
933 1777 1041 1831 orti
1065 1775 1201 1840 sint,
1224 1789 1299 1829 ne
1343 1772 1676 1828 miserearis.
1708 1769 2010 1839 Operantes
2041 1783 2168 1822 vero

2266 591 2432 658 μίαν.
2460 589 2647 656 Δέγων
2669 589 2724 642 δὲ
2753 589 3090 663 ἀδιορίστως,
3117 591 3365 655 πάντας,
3391 590 3505 644 καὶ
3533 588 3643 640 τὸν
3681 588 3892 658 Ἰσραὴλ

2275 679 2822 753 συμπαραλαμϐάνει,
2865 683 2958 735 καὶ
2988 684 3116 746 τοὺς
3150 684 3208 735 ἐν
3243 682 3389 752 αὐτῷ
3415 681 3625 734 πάλαι
3661 681 3894 748 γενομέ-

2270 788 2395 834 νους
2420 771 2712 836 τοιούτους.
2747 773 2812 827 Τί
2839 772 2949 845 γάρ
2982 776 3076 825 καὶ
3119 773 3280 826 πλέον
3323 766 3565 844 γέγονε,
3617 770 3789 839 φησὶ,
3822 769 3897 838 τῷ

2271 863 2463 929 Σαοὺλ,
2484 863 2546 916 τὸ
2577 863 2673 934 μὲν
2699 863 2853 932 γένος
2880 864 2988 917 ἀπὸ
3018 863 3114 917 τοῦ
3151 862 3366 936 Ἰσραὴλ
3393 861 3778 938 ὁρμωμένῳ,
3807 861 3896 914 καὶ

2271 951 2442 1022 φυλῆς
2471 954 2747 1024 Βενιαμὶν,
2779 954 2989 1024 βασιλεῖ
3019 955 3074 1008 δὲ
3103 955 3196 1008 τοῦ
3229 956 3490 1008 τοσούτου
3525 953 3748 1016 ἔθνους
3767 952 3896 1006 καθ-

2273 1042 2563 1113 ισταμένῳ,
2597 1042 2835 1098 τοσαῦτα
2865 1043 2922 1097 δὲ
2956 1044 3077 1114 εικῆ
3105 1043 3198 1098 καὶ⁹
3227 1045 3402 1115 μάτην
3431 1042 3606 1098 κατὰ
3652 1039 3759 1095 τοῦ
3799 1059 3898 1112 μη-

2268 1133 2358 1188 δὲν
2389 1134 2706 1206 ἠδικηκότος
2737 1133 3136 1208 ἐπιχειροῦντι;
3179 1135 3244 1189 El
3287 1136 3343 1188 δὲ
3389 1132 3487 1190 οὖν
3541 1135 3630 1188 τὰ
3689 1134 3898 1201 easne

2268 1225 2348 1297 τῷ
2372 1226 2545 1281 Σαοὺλ
2567 1227 2889 1298 φρονοῦντές
2911 1244 2970 1280 τε
2994 1227 3085 1280 καὶ
3104 1226 3435 1298 πράττοντες
3454 1223 3746 1296 γένοιντό
3768 1242 3894 1279 ποτε

2268 1318 2466 1390 ἕτεροι,
2499 1319 2560 1372 οὐ
2595 1318 2745 1388 παρὰ
2774 1317 2930 1372 τοῦτο
2973 1316 3239 1382 σώζεσθαι
3287 1320 3485 1384 αὐτοὺς
3527 1319 3784 1388 ἀνάγκη
3813 1317 3898 1369 διὰ

2267 1412 2329 1465 τὸ
2352 1410 2664 1481 νομίζεσθαι
2693 1410 2792 1482 τῆς
2827 1410 2926 1480 σῆς
2957 1411 3172 1482 μερίδος
3209 1406 3368 1464 εἶναι·
3409 1410 3487 1473 ὡς
3538 1407 3814 1479 ἔμπαλιν
3841 1410 3898 1461 ἐν

2267 1501 2381 1563 τοῖς
2407 1498 2724 1568 ἀλλοφύλοις
2775 1499 3004 1563 ἔθνεσιν,
3037 1501 3086 1552 εί
3119 1498 3450 1570 εὑρίσκοιντό
3478 1513 3663 1558 τινες
3700 1498 3898 1562 ἐπιτη-

2267 1588 2426 1652 δείως
2457 1589 2670 1658 ἔχοντες
2713 1588 2852 1660 πρὸς
2892 1589 3186 1660 σωτηρίαν,
3227 1587 3380 1640 οὐδὲν
3411 1587 3477 1640 ἂν
3519 1585 3762 1640 κωλύοι
3797 1585 3898 1654 τῆς

2270 1680 2367 1750 σῆς
2400 1679 2709 1750 ἐπισκοπῆς
2740 1680 2938 1744 αὐτοὺς
2971 1681 3155 1750 τυχεῖν
3199 1679 3342 1733 κατὰ
3383 1680 3474 1733 τὸν
3515 1678 3638 1732 τοῦ
3673 1676 3893 1730 δικαίου

2268 1773 2444 1842 λόγον.
2465 1773 2554 1825 Διό
2573 1789 2734 1844 φημι·
2757 1775 3027 1840 Πρόσχες
3053 1771 3160 1826 τοῦ
3182 1772 3664 1840 ἐπισκέψασθαι
3687 1768 3896 1822 πάντα

595 1841 937 1935 iniquitatem
972 1879 1140 1934 supra
1179 1877 1398 1934 quoque
1431 1871 1699 1916 memorat
1733 1860 1924 1914 dicens
1961 1878 1974 1912 :
2009 1857 2167 1927 Eripe

2269 1841 2349 1918 τὰί
2368 1864 2533 1932 ἔθνη·
2705 1863 2764 1917 δὲ
2787 1860 3182 1935 ἐργαζομένους
3205 1863 3304 1933 τὴν
3332 1863 3604 1933 ἀνομίαν,
3639 1860 3782 1914 ὅθεν
3797 1860 3892 1930 δή·

595 1972 676 2009 me
697 1956 764 2009 de
793 1955 1129 2024 operantibus
1161 1954 1515 2024 iniquitatem,
1547 1952 1676 2006 etde
1709 1951 1834 2005 viris
1851 1950 2164 2020 sanguian

591 2045 744 2100 salua
775 2061 874 2099 me.
911 2046 1003 2099 Sic
1033 2045 1265 2099 vocabat
1291 2059 1388 2099 eos
1419 2043 1514 2113 qui
1547 2042 1816 2097 Salvatori
1847 2048 2036 2096 nostro
2067 2041 2170 2094 im-

590 2137 714 2208 pias
744 2137 976 2192 intulere
1009 2150 1226 2190 manus.
1269 2134 1500 2190 Eosdem
1527 2149 1746 2204 quoque
1787 2132 2170 2188 subindicahat

595 2231 649 2282 in
675 2244 764 2283 Liv
788 2228 998 2298 psalmo
1048 2227 1258 2289 dicens,
1321 2226 1588 2292 Quoniam
1621 2223 1734 2279 vidi
1761 2225 2090 2294 iniquitatem
2117 2232 2169 2277 et

591 2318 1065 2374 contradictionem
1093 2318 1148 2371 in
1203 2316 1410 2370 civitate
1432 2331 1452 2369 :
1486 2317 1570 2369 die
1599 2331 1662 2368 ac
1691 2326 1839 2368 nocte
1866 2315 2167 2372 circumda-

588 2409 670 2463 bit
692 2425 809 2463 eam
830 2409 906 2474 “;
933 2423 996 2462 ac
1013 2421 1236 2472 rursus;
1277 2408 1776 2463 Contaminauerunt
1799 2416 2167 2462 testamentum

585 2503 728 2570 ejus,
751 2502 906 2557 divisi
929 2511 1051 2556 sunt
1085 2501 1152 2554 ab
1185 2503 1270 2555 ira
1321 2501 1496 2556 vultus
1529 2501 1646 2570 ejus
1675 2501 1761 2567 ’5;
1815 2502 2122 2570 iterumque
2149 2518 2164 2555 :

603 2592 646 2649 γ
651 2596 720 2650 iri
751 2595 1067 2666 sanguinum
1090 2603 1138 2648 et
1159 2593 1331 2648 dolosi
1362 2612 1466 2666 non
1491 2592 1850 2646 dimidiabunt
1871 2593 1983 2647 dies
2009 2609 2162 2648 suos:

584 2703 684 2756 ego
710 2696 886 2741 autem
915 2686 972 2740 in
1000 2695 1050 2740 te
1077 2685 1296 2755 sperabo
1328 2686 1394 2739 ⁷⁸.

2271 1974 2402 2010 ποτε
2435 1953 2565 2020 εἷεν,
2603 1955 2678 2028 μὴ
2715 1956 3081 2029 οίκτειρήσῃς.
3127 1955 3415 2026 Μέμνηται
3446 1953 3503 2007 δέ
3538 1952 3678 2006 τῶν
3719 1953 3893 2022 ἐργα-

2269 2047 2514 2118 ζομένων
2534 2047 2632 2118 τὴν
2653 2046 2882 2118 ἀνομίαν
2911 2047 3006 2100 καὶ
3036 2046 3292 2117 ἀνωτέρω
3313 2045 3503 2114 λέγων·
3543 2043 3798 2098 Ῥῦσαί
3809 2060 3888 2112 με

2268 2139 2338 2194 ἐκ
2361 2139 2481 2192 τῶν
2513 2137 2921 2208 ἐργαζομένων
2944 2137 3058 2206 τὴν
3088 2137 3366 2206 ἀνομίαν,
3395 2135 3494 2190 καὶ
3517 2135 3602 2198 ἐξ
3629 2131 3890 2201 ἀνδρῶν

2271 2231 2531 2300 αιμιὶτων
2563 2229 2772 2284 σῶσόν
2805 2247 2900 2299 με.
2931 2228 3088 2284 Οὕτω
3112 2229 3170 2283 δέ
3205 2228 3388 2284 ἐκάλει
3419 2229 3549 2291 τοὺς
3589 2225 3759 2280 κατὰ
3788 2225 3880 2277 τοῦ

2272 2321 2524 2391 Σωτῆρος
2569 2319 2728 2391 ἡμῶν
2775 2319 2967 2382 ἀθέους
3007 2319 3408 2386 ἐπενέγκαντας
3449 2321 3683 2388 χεῖρας.
3737 2314 3880 2375 Τοὺς

2271 2409 2468 2472 αὐτοὺς
2497 2407 2554 2461 δὲ
2591 2407 2836 2478 ᾐνίττετο
2862 2407 2956 2460 καὶ
2985 2409 3044 2460 ἐν
3077 2405 3147 2459 νδ⁴
3178 2405 3374 2478 ψαλμῷ
3396 2405 3600 2474 λέγων·
3641 2405 3778 2456 ’Ὁτι
3797 2398 3878 2456 εἶ-

2271 2499 2381 2556 δον
2405 2500 2660 2570 ἀνομίαν
2685 2499 2786 2554 καὶ
2809 2499 3160 2568 ἀντιλογίαν
3175 2498 3246 2552 ἐν
3269 2497 3344 2567 τῇ
3371 2499 3569 2554 πόλει.
3612 2495 3872 2565 Ἡμέρη(

2271 2592 2372 2647 καὶ
2401 2591 2623 2658 νυκτὸς
2660 2593 2960 2646 κυκλώσει
2994 2589 3210 2657 αὐτήν·
3244 2590 3345 2644 καὶ
3377 2589 3562 2644 πάλιν·
3631 2585 3878 2652 156661}-

2280 2687 2478 2738 ιωσαν
2512 2683 2629 2753 τὴν
2667 2681 2959 2752 διαθήκην
2997 2681 3205 2749 αὐτοῦ,
3243 2665 3738 2752 διεμερίσθησαν
3771 2678 3872 2732 ἀπ’

593 2782 781 2852 ὀργῆς
824 2783 932 2838 τοῦ
969 2781 1294 2851 προσώπου
1337 2781 1547 2837 αὐτοῦ·
1591 2781 1684 2835 καὶ
1723 2775 1897 2844 αὖθις·
1968 2777 2207 2848 Ἄνδρες
2242 2780 2504 2850 αἱμάτων
2535 2778 2633 2833 καὶ
2681 2778 3030 2848 δολιότητος
3067 2778 3140 2833 οὐ
3168 2775 3256 2848 μὴ
3299 2778 3694 2848 ἡμισεύσωσι
3735 2760 3872 2837 ’τὰς

478 2937 487 2944 ο
590 2873 819 2944 ἡμέρας
843 2871 1060 2927 αὐτῶν·
1093 2870 1210 2942 ἐγὼ
1233 2871 1301 2925 δὲ
1331 2871 1426 2926 ἐπὶ
1459 2871 1533 2926 σὲ
1554 2869 1764 2928 ἐλπιῶ.

539 3049 548 3054 _
666 2984 832 3042 Vsus.
869 2985 921 3050 7,
957 2985 1042 3040 l2.
1079 2984 1459 3041 Convertentur
1485 2983 1554 3039 ad
1581 3001 1866 3055 vesperam,
1889 2995 1940 3040 et
1973 2985 2167 3055 {autem

589 3077 864 3146 patientur
895 3086 951 3131 ut
983 3078 1154 3142 canis,
1183 3085 1233 3132 et
1255 3075 1548 3130 circuibnnt
1567 3078 1850 3132 civitatem.
1869 3075 2166 3147 Post-quam

2357 2979 2856 3049 Ἑπιστρέψουσιν
2889 2981 2979 3047 είς
3019 2980 3302 3050 ἑσπέραν,
3342 2951 3440 3034 καί
3476 2979 3872 3049 λιμὼξουσιν

2271 3076 2354 3142 ὡς
2381 3075 2560 3140 κύων,
2600 3071 2697 3126 καὶ
2730 3070 3118 3126 κυκλώσουσι
3154 3074 3356 3125 πόλιν.
3387 3067 3603 3142 Σφόδρα
3633 3069 3868 3125 ἀκολούο

593 3169 965 3225 visitationem
1005 3169 1247 3239 gentium
1275 3176 1332 3222 et
1388 3167 1652 3222 ultionem
1686 3168 2028 3238 operantium
2062 3167 2165 3222 ini-

2269 3165 2376 3232 θως
2413 3162 2717 3234 ἐπισκοπὴν
2759 3162 2868 3216 τῶν
2908 3161 3076 3216 ἐθνῶν
3119 3161 3400 3224 ἱκετεύσας
3432 3160 3722 3229 γενέσθαι,
3757 3159 3866 3212 τῶν

590 3259 860 3328 quitatem
888 3257 1010 3314 ﬁeri
1045 3257 1276 3328 rogavit,
1319 3256 1612 3312 admodum
1644 3266 2044 3327 consequenter
2096 3258 2170 3312 ita

589 3358 785 3420 postea
811 3349 1142 3405 vaticinatur
1171 3366 1186 3404 ς
1220 3347 1600 3402 Convertentnr
1624 3348 1695 3402 ad
1729 3363 2005 3418 uesperam.
2038 3348 2171 3416 Qui-

595 3452 724 3492 nam
772 3436 873 3503 illi,
926 3437 1034 3491 nisi
1077 3437 1173 3506 qui
1223 3445 1522 3506 operantur
1571 3437 1943 3507 iniquitatem,
1978 3448 2032 3495 et
2068 3437 2168 3492 viri

585 3528 962 3598 sanguinum?
986 3527 1097 3582 Cur
1129 3534 1312 3580 autem
1343 3525 1413 3580 ad
1458 3543 1723 3597 vesperam
1743 3530 1768 3584 .9
1791 3528 1917 3598 quia
1948 3529 2002 3583 in
2034 3545 2169 3586 con-

593 3615 964 3699 summatione
992 3615 1174 3670 szeculi
1195 3615 1308 3669 haec
1328 3615 1506 3669 futura
1521 3626 1696 3672 erant.
1711 3615 1821 3672 Pro
1849 3617 1942 3672 illo
1963 3629 2167 3684 autem,

597 3711 665 3767 Et
687 3711 878 3780 [amem
896 3710 1162 3780 patientur
1184 3718 1241 3763 ut
1266 3709 1435 3774 canis,
1464 3708 1679 3780 Aquila,
1700 3709 1766 3764 Et
1790 3705 2172 3768 tumultuentur

590 3812 655 3856 ut
707 3802 890 3865 canis;
943 3799 1326 3871 Symmachus,
1373 3799 1440 3853 Et
1493 3811 1822 3872 constrepcnt
1875 3811 1934 3855 ut
1979 3818 2168 3867 canes;

595 3890 922 3955 Theodotio,
993 3889 1062 3943 Et
1117 3889 1546 3959 vociferabantur
1572 3900 1628 3944 ut
1689 3892 1858 3956 canis,
1892 3899 1947 3947 et
1978 3897 2168 3961 quinta

476 4052 479 4054 _
594 3983 764 4038 editio
797 3981 1066 4045 similiter,
1109 3980 1178 4034 Et
1206 3980 1628 4050 vociferabantur
1657 3991 1714 4036 ιιι
1759 4000 1936 4038 canes.
1967 3981 2171 4054 Propa—

591 4076 705 4130 lam
722 4074 875 4129 hisce
891 4073 1105 4137 verbis,
1137 4087 1234 4128 eos
1258 4073 1352 4142 qui
1381 4088 1504 4129 sero
1535 4073 1775 4139 tandem,
1794 4083 2044 4144 tempore
2071 4073 2170 4128 ad-
2196 4121 2199 4124 .

596 4171 794 4220 ventus
819 4161 1125 4218 Salvatoris
1151 4161 1352 4223 nostri,
1383 4161 1605 4231 perinde
1635 4169 1800 4232 atque
1831 4160 1962 4216 Saul
2009 4162 2168 4218 inno-

595 4261 815 4311 centem
861 4253 1280 4324 insequebatur,
1335 4253 1411 4306 ita
1438 4260 1494 4308 et
1541 4253 1642 4324 ipsi
1671 4254 1872 4308 bellum
1902 4254 2168 4311 adversus

591 4346 871 4400 Christum
896 4343 992 4400 Dei
1019 4343 1335 4412 ‘suscepturi
1377 4351 1556 4410 erant,
1607 4359 1775 4411 canes
1805 4347 2165 4414 nuncupavit.

593 4437 905 4504 Quinetiam
969 4450 1067 4506 per
1132 4437 1450 4506 prophetam
1510 4435 1704 4489 Isaiam
1757 4437 1873 4505 ipse
1928 4437 2166 4506 Spiritus

2268 3271 2328 3310 τε
2359 3253 2741 3326 ἐργαζομένων
2771 3251 2870 3324 τὴν
2905 3251 3130 3322 ἀνομίαν
3165 3250 3463 3321 ἐκδίκησιν,
3497 3249 3631 3320 ἐξῆς
3666 3246 3860 3302 θεσπι-

2269 3345 2353 3412 ζει
2396 3345 2641 3414 φάσκων·
2699 3342 3204 3412 Ἐπιστρέψουσιν
3238 3344 3326 3410 είς
3355 3340 3650 3410 ἑσπέραν.
3701 3339 3863 3401 Τίνες

2267 3437 2326 3490 δέ
2365 3431 2509 3491 οὗτοι
2550 3434 2665 3490 ἀλλ’
2693 3436 2740 3488 oi
2771 3432 3128 3506 ἐργαζόμενοι
3154 3433 3252 3505 τὴν
3285 3435 3515 3504 ἀνομίαν
3552 3433 3652 3486 καὶ
3681 3433 3737 3485 oi
3764 3431 3858 3485 ἄν·

2267 3529 2392 3598 δρες
2432 3527 2539 3581 τῶν
2582 3525 2864 3597 αἱμάτων;
2906 3524 3005 3579 Διά
3044 3523 3097 3578 τί
3131 3525 3188 3578 δὲ
3218 3527 3302 3589 εἰς
3325 3523 3628 3592 ἑσπέραν;
3660 3520 3858 3591 ἐπειδὴ

2266 3619 2363 3671 ἐπὶ
2400 3617 2674 3688 συντελείᾳ
2711 3615 2805 3671 τοῦ
2848 3616 3041 3681 αίῶνος
3087 3615 3288 3688 ἦμελλε
3329 3615 3502 3670 ταῦτα
3541 3613 3852 3686 γίγνεσθαι.

2282 3710 2425 3762 Ἀντὶ
2439 3710 2502 3763 δὲ
2528 3709 2644 3774 τοῦ,
2673 3709 2783 3763 Καὶ
2809 3707 3274 3777 λιμώξουσινὼς
3298 3707 3476 3777 κύων,
3504 3708 3533 3760 ὀ
3557 3707 3659 3778 μὲν
3693 3701 3857 3759 ’Λκύ-

2269 3801 2387 3864 λας,
2413 3800 2520 3854 Καὶ
2555 3799 2998 3868 ὀχλασάτωσαν
3021 3798 3102 3864 ὡς
3128 3797 3311 3861 κύων,
3342 3798 3714 3868 ἡρμήνευσεν·
3741 3796 3772 3847 ό
3795 3793 3852 3846 δὲ

2270 3891 2584 3963 Σύμμαχος,
2618 3893 2731 3946 Καὶ
2758 3891 3229 3961 συνηχήσουσιν
3249 3889 3331 3956 ὡς
3355 3890 3553 3955 κύνες·
3583 3889 3614 3941 ό
3640 3889 3700 3942 δὲ
3726 3887 3854 3940 Θεο-

2266 3983 2477 4050 δοτίων,
2517 3983 2628 4038 Καὶ
2671 3977 3022 4052 ἠχήσουσιν
3059 3983 3140 4049 ὡς
3185 3982 3366 4036 κύων·
3414 3981 3508 4034 καὶ
3545 3982 3578 4051 ἡ
3621 3980 3850 4050 πέμπτη

2267 4075 2477 4139 εκδοσις
2515 4076 2738 4147 ὁμοίως,
2765 4075 2877 4130 Καὶ
2916 4073 3265 4145 ἠχήσουσιν
3297 4073 3378 4140 ὡς
3417 4073 3616 4140 κύνες.
3665 4071 3853 4125 Ἀντι-

2267 4183 2404 4238 κρυς
2427 4167 2485 4220 δέ
2511 4167 2600 4221 διὰ
2623 4167 2826 4220 τούτων
2849 4166 2978 4231 τοὺς
3007 4163 3112 4236 ὀψέ,
3133 4183 3262 4220 ποτε
3297 4164 3439 4219 κατὰ
3471 4165 3598 4228 τοὺς
3624 4163 3849 4236 χρόνους

2267 4259 2367 4330 τῆς
2408 4256 2502 4311 τοῦ
2553 4257 2805 4329 Σωτῆρος
2857 4257 3017 4330 ἡμῶν
3062 4256 3298 4326 ἀφίξεως
3346 4256 3548 4327 ὁμοίως
3595 4254 3674 4326 τῷ
3723 4253 3844 4308 τότε

2267 4349 2461 4417 Σαοὺλ,
2501 4349 2592 4404 τὸν
2618 4349 2858 4403 ἀναίτιον
2885 4348 3158 4415 διώξαντι,
3191 4347 3484 4419 μέλλοντας
3517 4347 3614 4401 uel.
3647 4345 3846 4406 αὐτοὺς

2267 4440 2358 4495 τὸν
2395 4441 2628 4513 Χριστὸν
2671 4439 2766 4494 τοῦ
2811 4439 2946 4494 Θεοῦ
3001 4439 3277 4510 πολεμεῖν,
3326 4439 3492 4502 κύνας
3541 4438 3838 4508 ὠνόμασεν.

593 4524 820 4586 sanctus
842 4529 958 4584 haec
976 4527 1222 4583 declarat
1257 4544 1270 4581 :
1307 4527 1500 4582 Omnes
1531 4545 1685 4581 canes
1722 4529 1854 4581 muti
1884 4532 2167 4587 nescientes

2285 4531 2437 4585 Ἑπεῒ⁷
2478 4530 2573 4585 καὶ
2613 4529 2702 4584 διὰ
2732 4529 2828 4583 τοῦ
2867 4529 3146 4600 προφήτου
3187 4529 3405 4581 Ἡσαΐου
3441 4529 3502 4582 τὸ
3533 4529 3664 4583 αὐτὸ
3689 4529 3842 4597 ἅγιον

596 4617 798 4672 latrare
829 4617 910 4683 '7;
939 4617 1073 4671 etin
1108 4631 1201 4670 νει
1243 4615 1475 4686 psalmo,
1511 4617 1603 4686 qui
1639 4615 1941 4674 Salvatoris
1991 4621 2166 4674 nostri

593 4708 878 4764 cruciatus
907 4707 1194 4771 describit,
1218 4721 1285 4761 ex
1333 4705 1454 4776 ejus
1489 4705 1790 4763 Salvatoris
1817 4724 2051 4777 persona
2084 4711 2169 4764 tli-

593 4799 738 4854 citur
783 4813 798 4850 :
851 4796 1318 4852 Circumdederunt
1367 4813 1450 4852 me
1481 4813 1635 4852 canes
1668 4799 1844 4862 multi,
1887 4798 2166 4854 concilium

593 4889 1001 4960 malignantiunt
1031 4887 1229 4942 obsedit
1265 4904 1345 4942 me
1387 4888 1456 4942 ⁷⁸.
1507 4887 1610 4955 Qui
1669 4889 1835 4959 igitur
1870 4898 2168 4960 operantur

592 4979 964 5049 iniquitatem,
985 4985 1041 5033 et
1093 4977 1199 5031 viri
1251 4977 1607 5048 sanguinum,
1639 4979 1746 5034 ctsi
1789 4979 1903 5050 jam
1935 4981 2164 5036 multum

592 5071 803 5126 viribus
845 5070 1028 5124 valere
1097 5075 1154 5124 et
1197 5070 1266 5123 ad
1297 5067 1539 5139 praesens
1597 5079 1813 5140 tempus
1845 5087 2071 5142 regnum
2105 5079 2166 5125 ut

590 5160 992 5216 Saulohtinere
1022 5158 1338 5225 videantur;
1385 5167 1441 5213 at.
1489 5168 1764 5230 quotquot
1788 5160 1966 5215 aﬂinia
1991 5161 2165 5232 ipsius

584 5251 760 5321 gestis
786 5250 1093 5314 ediderunt,
1111 5257 1507 5306 convertentur
1529 5252 1772 5316 tandem,
1803 5259 1858 5306 et
1884 5251 1954 5306 ad
1973 5267 2164 5323 vespe-

586 5356 706 5395 ram
718 5341 1214 5404 tumultuabuntur,
1226 5357 1295 5398 ac
1306 5341 1779 5399 vociferabuntur:
1796 5345 1930 5399 nihil
1945 5345 2164 5416 quidem

592 5431 924 5486 articulatim
968 5431 1283 5504 loquentur,
1315 5451 1494 5506 neque
1540 5452 1608 5491 ex
1641 5437 1950 5492 rationabili
1985 5445 2166 5493 mente

589 5525 754 5580 verba
803 5525 1068 5580 memoria
1116 5524 1280 5596 digna
1321 5525 1639 5597 prolerent;
1699 5527 1796 5585 sed
1849 5529 2075 5600 perinde
2106 5536 2166 5584 ut

583 5628 757 5668 canes
816 5611 1057 5669 ululatus
1113 5614 1361 5671 emittant
1407 5631 1686 5689 vocesque
1738 5620 2164 5675 contumeliosas

2272 4621 2496 4694 Πνεῦμα
2542 4622 2672 4693 περὶ
2717 4621 2824 4675 τῶν
2875 4619 3055 4674 αὐτῶν
3097 4619 3339 4672 διδάσκει
3387 4618 3564 4687 λέγον·
3616 4618 3841 4681 Πάντες

2271 4711 2454 4777 κύνες
2478 4711 2632 4764 ἐνεοί
2667 4713 2778 4765 οὐκ
2809 4709 3033 4776 ειδότες
3064 4706 3370 4763 ὑλακτεῖν·
3403 4708 3497 4760 καὶ
3517 4709 3574 4760 ἐν
3597 4714 3682 4760 κα¹
3704 4705 3838 4776 ψαλ-

2262 4779 2380 4872 μῷ,
2410 4801 2480 4855 τὰ
2511 4802 2656 4873 πάθη
2687 4801 2780 4856 τοῦ
2809 4800 3059 4872 Σωτῆρος
3083 4797 3240 4870 ἡμῶν
3267 4799 3636 4869 διαγράφοντι,
3660 4799 3718 4865 ἐξ
3747 4798 3838 4851 αύ-

2268 4892 2362 4946 τοῦ
2395 4893 2684 4965 προσώπου
2720 4893 2966 4946 λέλεκται
3003 4891 3098 4945 τοῦ
3133 4889 3404 4961 Σωτῆρος·
3441 4890 3838 4958 Περιεκύκλω-

2269 4983 2392 5042 σάν
2412 5001 2490 5054 με
2515 4985 2694 5051 κύνες
2723 4983 2962 5045 πολλοὶ,
2995 4982 3316 5052 συναγωγὴ
3351 4980 3838 5051 ,πονηρευομένων

2269 5075 2592 5144 περιέσχον
2602 5091 2702 5144 με,
2743 5075 2804 5126 υἱ
2839 5060 2933 5127 οὖν
2965 5072 3322 5146 ἐργαζόμενοι
3362 5076 3459 5145 τὴν
3494 5074 3720 5143 ἀνομίαν
3749 5070 3836 5126 καὶ

2269 5169 2320 5222 oi
2348 5167 2540 5238 ἄνδρες
2565 5166 2674 5219 τῶν
2698 5165 2964 5236 αἱμάτων,
2996 5167 3045 5218 εἰ
3067 5167 3159 5220 καὶ
3189 5163 3260 5218 τὰ
3294 5163 3526 5234 μάλιστα
3549 5163 3646 5218 νῦν
3674 5163 3834 5218 πολλὰ

2269 5261 2526 5315 δύνασθαι
2561 5258 2797 5322 δοκοῦσι,
2828 5259 2922 5311 καὶ
2949 5259 3047 5330 τῆς
3077 5256 3354 5328 βασιλείας
3389 5259 3611 5328 κρατεῖν
3651 5257 3833 5327 ὥσπερ

2269 5351 2445 5406 Σαοὺλ
2484 5350 2622 5414 τέως
2661 5350 2755 5403 ἐπὶ
2781 5349 2875 5403 τοῦ
2908 5349 3192 5422 παρόντος,
3218 5348 3355 5402 ἀλλά
3378 5349 3577 5412 πάντες
3607 5365 3671 5417 γε
3693 5349 3740 5401 al
3771 5347 3832 5400 τὰ

2269 5441 2472 5520 ἀδελφά
2491 5440 2662 5511 τούτῳ
2688 5440 2994 5512 πράξαντες
3013 5440 3430 5510 ἐπιστρέφουσιν
3448 5440 3545 5511 ὀψέ
3568 5457 3721 5504 ποτε,
3743 5438 3830 5492 καὶ

2269 5529 2348 5592 είς
2389 5529 2626 5600 ἑσπέραν
2662 5527 2951 5603 όχλάσουσί
2991 5546 3053 5583 τε
3089 5529 3186 5582 καὶ
3231 5531 3644 5601 συνηχήσουσιν,
3685 5527 3830 5582 οὐδὲν

2273 5621 2371 5691 μὲν
2427 5619 2686 5692 ἔναρθρον
2739 5619 3121 5692 φθεγγόμενοι,
3177 5620 3300 5674 οὐδὲ
3345 5622 3413 5698 ἐκ
3465 5620 3690 5692 λογικῆς
3724 5619 3827 5678 δια·

663 5769 709 5801 ⁷⁸
743 5766 893 5826 Psa'.
931 5785 1042 5840 nr,
1081 5769 1166 5844 to,
1196 5772 1279 5830 ll.
1355 5773 1402 5808 "
1437 5773 1816 5850 ibid..2l,2‘2.
1893 5779 1938 5811 ⁷⁸
1973 5774 2120 5834 Psul.
2156 5791 2168 5835 t

2298 5775 2392 5837 24.
2469 5778 2513 5811 ⁷⁷
2553 5774 2658 5833 lsa.
2690 5790 2810 5846 LVI,
2845 5775 2934 5835 lo.
3007 5776 3053 5810 ⁷⁸
3090 5773 3395 5852 habnt,
3433 5775 3516 5834 l7.
