4100 6442
261 337 359 396 διι

1381 333 1886 406 COMMENTARIA
1928 337 1995 394 IN
2035 333 2412 395 PSALMOS.‘
2452 294 2456 298 ”

3419 345 3527 405 542

258 455 407 520 νοίας
451 453 664 526 λόγους
693 456 876 524 ἀξίους
916 461 1138 533 μνήμης
1166 461 1591 533 προσφέροντες,
1627 459 1753 512 κυσὶ
1787 458 1842 511 δὲ

1944 461 2000 509 et
2043 455 2408 527 impudentes.
2437 455 2620 523 Quare
2653 457 2853 514 famem
2893 459 3190 529 patientur,
3228 475 3369 530 pane
3392 439 3535 520 vitae

257 545 656 618 παραπλησίως
685 547 964 618 ὑλαγμοὺς
995 550 1270 620 ἀφιέντες,
1298 551 1483 621 φωνὰς
1505 567 1565 604 τε
1595 549 1842 622 ὑϐριστι-

257 637 364 702 κάς
393 639 486 692 καὶ
516 639 771 704 ἀναιδεῖς.
819 639 911 693 Διὸ
950 642 1046 696 καὶ
1079 641 1406 713 λιμώξουσιν
1436 642 1532 696 τοῦ
1562 642 1663 712 τῆς
1695 640 1842 710 ζωῆς

255 727 424 798 ἄρτου
456 727 842 799 στερηθέντες·
878 730 1002 784 ἐπεὶ
1035 731 1110 802 μὴ
1141 731 1506 803 παρεδέξαπο
1532 732 1632 805 τὴν
1661 733 1840 803 σωτή-

260 834 375 882 ριον
402 816 496 871 καὶ
517 819 766 890 οὐράνιον
789 822 1016 894 τροφὴν,
1051 823 1212 877 αὑτὸν
1244 823 1338 877 τὸν
1363 823 1654 895 εἰρηκότα·
1704 821 1844 892 Ἐγώ
1871 824 1875 828 ’

251 911 376 980 ειμι
419 913 454 966 ὁ
492 909 674 978 ἄρτος
723 915 758 967 ό
800 913 870 968 ἐκ
922 914 1030 968 τοῦ
1079 915 1344 984 οὐρανοῦ
1395 913 1687 981 καταϐὰς,
1741 914 1840 967 καὶ

255 999 465 1068 διδοὺς
509 1000 663 1071 ζωὴν
696 1003 826 1072 τοῖς
873 1005 1230 1074 ἀνθρώποις.
1293 1006 1457 1061 Ὅθεν
1507 1007 1605 1060 καὶ
1654 1006 1841 1076 ἔτερος

257 1097 547 1166 προφήτης
576 1096 670 1150 τὸν
696 1095 854 1168 λιμὸν
879 1097 1068 1152 τοῦτον
1093 1099 1465 1170 αἰνιττόμενος
1493 1098 1623 1151 ἐϐόα
1645 1097 1836 1166 λέγων·

268 1182 428 1238 Ἰδοὺ
469 1187 522 1239 ol
563 1184 963 1254 δουλεύοντές
1013 1206 1115 1258 μοι
1173 1187 1501 1258 φάγονται.
1551 1187 1724 1258 ὑμεῖς
1773 1187 1843 1240 δὲ

252 1271 610 1327 πεινάσετε·
673 1275 803 1330 ιδοὺ
859 1279 915 1332 οι
966 1276 1367 1344 δουλεύοντές
1414 1293 1517 1346 μοι
1571 1277 1840 1341 ximat,

254 1363 430 1434 ὑμεῖς
481 1364 550 1418 δὲ
603 1365 918 1435 (Sternat-.78.
965 1357 1326 1440 Στέρηθέντες
1370 1368 1427 1422 δὲ
1472 1368 1574 1440 τῆς
1621 1368 1842 1422 αἰωνίου

253 1456 465 1527 τροφῆς
511 1457 607 1512 καὶ
649 1458 740 1512 τὸν
780 1459 946 1531 ἄρτον
989 1459 1090 1530 τῆς
1137 1459 1284 1530 ζωῆς
1337 1459 1840 1532 παραιτησάμενοι,

252 1546 440 1600 οὐκέθ’
470 1546 547 1611 ὼς
576 1547 827 1621 πρόϐατα
863 1551 1194 1620 γενήσονται
1216 1549 1310 1602 τοῦ
1341 1548 1508 1602 καλοῦ
1550 1549 1806 1620 ποιμένος
1824 1564 1839 1580 ·

253 1639 773 1710 παραϐληθήσονται
803 1639 860 1692 δὲ
889 1640 1068 1695 κυσίν.
1115 1634 1250 1693 Εἶτα
1271 1638 1334 1692 δὲ
1367 1639 1462 1693 καὶ
1505 1641 1606 1711 τῆς
1633 1639 1842 1693 ἐαυτῶν

253 1730 498 1793 πόλεως,
529 1730 597 1800 ῆν
627 1729 815 1794 κακῶς
857 1729 1105 1802 ᾤκησαν,
1151 1728 1621 1801 ἀπελασθήσονται
1645 1745 1658 1759 ·
1710 1730 1845 1782 ἀπο-

1944 547 2164 617 privati,
2193 547 2323 618 quia
2356 549 2649 604 salutarem
2671 557 2726 605 ct
2759 552 3037 608 ctelestem
3065 553 3248 607 cibum
3293 569 3402 610 non
3426 571 3524 610 ac-

1942 647 2228 708 ceperunt.
2283 638 2460 710 ipsum
2489 639 2702 696 scilicet
2741 642 2834 712 qui
2877 643 2953 696 ait
2990 661 3004 696 :
3043 641 3158 714 Ego
3188 661 3304 698 sum
3347 649 3526 716 panis,

1942 729 2034 799 qui
2067 728 2132 784 de
2156 729 2284 783 ctelo
2308 729 2600 795 descendit,
2631 742 2679 786 et
2701 733 2790 802 qui
2815 733 2907 785 dat
2946 734 3106 788 vitam
3135 734 3434 791 hominibus
3457 739 3524 792 ⁷⁸.

1944 818 2127 885 Quare
2146 821 2287 875 alius
2309 822 2570 892 prOpbeta
2610 821 2924 892 bujusmodi
2962 823 3158 880 famem
3190 826 3528 884 adumbratis

1943 911 2216 967 clamabat
2247 912 2440 969 dicens
2469 931 2482 967 :
2523 911 2658 968 Ecce
2681 915 2772 983 qui
2809 917 3042 970 seruiunt
3069 916 3200 970 mihi
3228 919 3524 984 comedent,

1943 1020 2032 1058 vos
2061 1014 2237 1058 autem
2288 1005 2533 1059 esurietis
2558 1021 2578 1060 :
2623 1022 2738 1061 ecce
2775 1008 2866 1076 qui
2894 1009 3126 1062 serviunt
3164 1005 3296 1064 mihi
3327 1010 3524 1076 bibent,

1944 1110 2033 1149 vos
2068 1103 2244 1148 autem
2270 1095 2460 1149 sitietis
2484 1095 2554 1150 ⁸ο.
2585 1094 2815 1150 ίΕιθτηιι
2843 1103 3024 1152 autem
3051 1113 3176 1152 esca
3209 1097 3428 1168 privati,
3461 1110 3527 1154 ac

1943 1197 2084 1253 pane
2113 1184 2239 1239 vita:
2265 1185 2496 1254 reiecto,
2529 1201 2638 1240 non
2681 1186 2824 1240 ultra
2859 1195 2918 1241 ut
2961 1201 3092 1242 oves
3125 1187 3255 1242 boni
3287 1188 3526 1259 pastoris

1941 1274 2361 1344 reputabuntur,
2403 1276 2499 1330 sed
2531 1276 2761 1332 canibus
2793 1278 3277 1347 comparabuntur.
3321 1277 3526 1336 Deinde

1942 1377 2076 1416 vero
2106 1377 2173 1418 ex
2208 1363 2432 1419 civitate
2463 1379 2584 1424 sua.
2619 1380 2782 1434 quam
2813 1366 3058 1436 improbe
3085 1368 3396 1433 coluerunt,
3427 1383 3524 1423 ex-

1943 1454 2364 1510 turbabantun:
2401 1465 2564 1526 atque
2611 1457 2686 1510 ita
2741 1458 3125 1522 excludentur,
3161 1466 3220 1512 ut
3261 1474 3330 1514 ne
3370 1461 3527 1519 ,nltra

1949 1546 2103 1602 adire
2135 1547 2282 1602 illam
2316 1548 2555 1602 audeant
2593 1565 2607 1600 :
2641 1549 2769 1618 quia
2827 1548 2930 1618 ipsi
2961 1549 3082 1618 ejus
3135 1550 3348 1630 incolae,
3403 1563 3524 1604 eam

1943 1639 2208 1710 sanguine
2252 1636 2620 1710 repleverunt.
2664 1638 2847 1706 Quare
2901 1640 2957 1694 in
3017 1655 3184 1710 supra
3220 1651 3525 1696 memorato

1943 1731 2065 1785 loco
2091 1729 2377 1784 dicebatur
2401 1744 2415 1782 :
2443 1729 2711 1796 Quoniam
2745 1732 2850 1784 vidi
2872 1731 3204 1799 iniquitatem
3226 1742 3279 1786 et
3311 1746 3530 1787 contra-

252 1799 667 1891 κλεισθήσονταί
692 1837 754 1873 τε
785 1799 978 1891 αὐτῆς,
1011 1819 1088 1884 ὡς
1117 1819 1314 1893 μηκέτ’
1341 1799 1511 1890 αὐτῆς
1542 1819 1842 1874 ἐπιϐαίνειν

1942 1822 2226 1876 dictionem
2257 1822 2313 1876 iu
2340 1823 2553 1876 civitate
2572 1823 2639 1874 ⁸⁸.
2676 1822 2890 1878 Atcnim
2923 1823 2996 1877 ibi
3026 1822 3245 1879 lsraelis
3289 1823 3342 1878 in
3369 1823 3528 1880 leru-

249 1910 488 1982 τολμᾷν·
556 1911 856 1985 ἐπειδήπερ
907 1914 956 1966 ol
1018 1911 1296 1976 οἰκοῦντες
1357 1914 1528 1983 αὐτὴν
1589 1913 1841 1984 αἱμάτων

245 1998 426 2071 αὐτὴν
473 1998 762 2071 ἐπλήρουν.
817 2000 909 2054 Διὸ
951 2001 1010 2054 ἐν
1051 2001 1130 2073 τῷ
1165 2001 1565 2075 προδηλωθέντι
1600 2001 1836 2071 ἐλέγετο·

255 2091 381 2144 Ὅτι
411 2084 575 2145 εἶδον
611 2092 868 2162 ἀνομίαν
911 2093 1010 2148 καὶ
1052 2093 1402 2164 ἀντιλογίαν
1437 2076 1507 2146 ἐν
1532 2092 1608 2162 τῇ
1640 2095 1837 2148 πόλει.

264 2179 407 2236 Ἀλλ’
440 2183 558 2236 ἐκεῖ
603 2183 701 2254 μὲν
749 2182 820 2237 τά
859 2183 1200 2256 τολμηθέντα
1236 2183 1315 2256 τῷ
1363 2184 1582 2257 Ἰσραὴλ
1613 2186 1670 2238 ἐν
1699 2185 1837 2256 αὐτῇ

246 2273 691 2346 τῇῚερουσαλὴμ
721 2274 863 2329 κατά
890 2275 984 2328 τοῦ
1011 2276 1260 2349 Σωτῆρος
1291 2276 1572 2348 ἐδηλοῦτο·
1605 2277 1839 2331 ἐνταῦθα

244 2364 312 2418 δέ
347 2365 408 2418 τὺ
443 2364 789 2436 συμϐεϐηκὸς
837 2366 1024 2430 αὐτοῖς
1069 2366 1210 2438 μετά
1248 2366 1422 2421 ταῦτα
1450 2370 1516 2440 τῇ
1550 2367 1646 2422 τοῦ
1679 2369 1837 2438 ἁγίου

245 2455 571 2526 ιινεύματος
612 2456 920 2528 προγνώσει
961 2460 996 2529 ή
1031 2459 1072 2511 Γ
1075 2458 1221 2530 ραφὴ
1265 2459 1599 2531 στηλιτεύει·
1635 2460 1716 2514 διὸ
1743 2462 1839 2515 καὶ

242 2549 670 2620 στηλοπραφία
693 2549 977 2622 κέκληται.
1007 2549 1114 2604 Τοῦ
1142 2550 1199 2605 δὲ
1227 2550 1386 2620 λόγου
1411 2551 1472 2606 τὸ
1491 2551 1839 2623 ἀποτέλεσμα

247 2641 585 2714 παρίστησιν
631 2644 664 2714 ἡ
697 2643 808 2698 τῶν
858 2643 1200 2716 πραγμάτων
1233 2643 1477 2708 ἔκϐασις.
1525 2645 1684 2699 Μετά
1707 2645 1838 2714 γοῦν

249 2734 352 2806 τὴν
382 2735 525 2789 κατά
561 2735 655 2789 τοῦ
680 2735 931 2807 Σωτῆρος
959 2735 1116 2807 ἡμῶν
1151 2736 1444 2809 ἐπιϐουλὴν
1476 2737 1677 2802 αὐτῶν,
1711 2738 1838 2790 ἑπι-

247 2827 478 2890 πάντες
537 2827 796 2898 Ῥωμαῖοι
849 2826 1002 2888 τέλος
1063 2827 1269 2897 ἐπῆγον
1319 2831 1433 2894 τοῖς
1481 2816 1838 2899 προφητικοίς

246 2909 449 2980 Αόγοις.
483 2912 689 2984 Νόμοις
726 2913 858 2982 γοῦν
896 2912 1005 2968 τῶν
1045 2914 1394 2985 κρατούντων
1427 2916 1486 2984 ἐξ
1531 2916 1742 2970 ἐκείνου
1776 2917 1838 2971 τὺ

249 3004 361 3058 πᾶν
395 3003 664 3060 Ἰουδαίων
704 3005 856 3070 ἔθνος
906 3007 1281 3080 ἀπηγόρευται
1323 3013 1437 3075 τοῖς
1478 3010 1667 3076 τόποις
1713 3012 1838 3065 ἐπιὲ

191 3139 197 3143 .
249 3095 481 3192 δαίνειν,
518 3098 896 3186 ἀπαραιτήτου
938 3100 1212 3173 τιμωρίας
1243 3103 1697 3174 ἐπαιωρουμένης
1725 3106 1837 3168 τοῖς
1867 3137 1906 3192 C

247 3187 347 3242 τοῦ
378 3189 544 3261 νόμου
571 3190 937 3262 παραϐάταις.
970 3192 1062 3245 Διὸ
1089 3192 1257 3246 εἰσέτι
1290 3193 1388 3248 καὶ
1418 3194 1658 3266 σήμερον
1689 3194 1836 3265 ἀμφὶ

1943 1913 2112 1969 salem
2159 1921 2352 1968 contra
2389 1912 2726 1970 Salvatorem
2774 1902 3019 1969 facinora
3055 1916 3522 1984 recensebantur;

1941 2005 2033 2058 hic
2064 2019 2194 2058 vero
2228 2020 2352 2075 qua:
2397 2005 2532 2075 ipsis
2575 2016 2764 2076 postea
2805 2007 3138 2077 contigerint
3185 2025 3250 2064 ex
3282 2009 3525 2080 Spiritus

1942 2097 2121 2152 sancti
2155 2095 2490 2152 revelatione
2516 2095 2802 2168 Scriptura
2829 2114 2928 2153 ceu
2962 2099 3017 2152 in
3047 2099 3209 2170 cippo
3237 2100 3524 2170 inscribit;

1939 2204 2110 2260 quare
2133 2189 2276 2244 tituli
2299 2189 2577 2261 inscriptio
2599 2189 2819 2246 dicitur.
2849 2191 3191 2262 Completum
3222 2207 3385 2264 porro
3408 2209 3526 2248 ser-

1941 2295 2156 2336 monem
2196 2296 2318 2337 esse
2349 2297 2530 2338 rerum
2561 2291 2790 2338 eventus
2816 2283 3077 2338 declarat.
3115 2282 3248 2337 Nam
3274 2276 3397 2354 post
3433 2286 3522 2339 in-

1941 2374 2115 2430 sidias
2153 2373 2224 2428 ab
2264 2373 2334 2428 iis
2357 2382 2554 2440 contra
2589 2374 2928 2429 Salvatorem
2969 2384 3214 2444 paratas,
3252 2375 3527 2430 irruentes

1939 2463 2194 2529 Romani,
2221 2463 2390 2520 dictis
2427 2465 2762 2535 pr0pheticis
2789 2465 2947 2520 ﬁnem
2973 2466 3280 2521 intulerunt
3310 2484 3324 2520 :
3361 2465 3522 2535 siqu!-

1938 2555 2061 2612 dem
2100 2557 2382 2612 victorum
2421 2556 2855 2628 lege.universaa
2909 2555 3154 2611 Iudaicae
3198 2557 3343 2627 genti
3374 2557 3525 2612 aditu

1940 2648 2187 2703 locorum
2219 2648 2571 2703 interdictum
2604 2656 2722 2714 est;
2771 2649 3106 2706 inevitabilis
3136 2649 3340 2719 quippe
3390 2649 3526 2720 legis

1939 2740 2445 2809 transgressoribus
2501 2741 2779 2811 impendet
2825 2741 2982 2796 ultio.
3038 2740 3404 2807 Quamobrem
3456 2741 3525 2794 ad

1940 2832 2082 2888 hanc
2109 2848 2286 2904 usque
2329 2833 2495 2898 diem,
2533 2834 2602 2889 ad
2635 2841 2818 2890 certos
2869 2833 3138 2889 terminos
3171 2834 3230 2888 in
3287 2831 3524 2888 circuitu

1939 2925 2286 2992 accedentes,
2314 2925 2508 2996 procul
2546 2926 2858 2980 consistunt
2894 2940 2908 2976 :
2941 2939 3122 2994 neque
3159 2923 3336 2980 solum
3363 2923 3523 2986 illud,

1939 3017 2088 3089 quod
2122 3033 2342 3074 sacrum
2381 3017 2510 3072 olim
2547 3018 2927 3087 reputabatur,
2962 3016 3048 3072 vel
3078 3015 3266 3086 procul
3300 3015 3526 3085 conspi-

1939 3119 2063 3160 cere
2085 3103 2220 3174 ipsis
2239 3103 2574 3158 conceditur.
2610 3103 2718 3158 Sed
2745 3104 2893 3160 foras
2917 3104 3344 3167 circumeuntes,
3375 3102 3527 3158 Scri—

1939 3202 2114 3264 ptura:
2159 3207 2282 3264 quae
2320 3192 2432 3262 jam
2488 3192 2670 3263 agitur
2721 3193 2881 3248 tidem
2931 3191 3232 3246 conciliant
3262 3190 3470 3245 dicenti
3506 3210 3520 3245 :

255 3281 354 3337 ,ιὶν
403 3282 532 3346 τοὺς
583 3282 745 3355 ὄρους
797 3284 891 3338 καὶ
955 3283 1138 3356 κύκλῳ
1197 3285 1490 3358 παριόντες
1552 3285 1836 3358 πόρρωθεν

1942 3284 2318 3340 Courerteutur
2343 3282 2412 3338 ad
2437 3297 2728 3353 vesperam,
2752 3293 2802 3338 et
2830 3283 3023 3352 famem
3055 3283 3325 3351 patientur
3353 3289 3412 3335 ut
3433 3295 3522 3336 ca.

247 3372 530 3426 ἵστανται·
582 3372 706 3444 μηδ’
747 3373 808 3440 ἐξ
839 3373 1086 3430 ἀπόπτου
1128 3372 1190 3427 τὸ
1232 3374 1404 3428 πάλαι
1448 3375 1836 3447 νενομισμένον

248 3463 437 3526 αὐτοῖς
471 3464 615 3535 ἱερὸν
649 3463 843 3535 ἔδαφος
875 3465 1173 3520 θεάσασθαι
1207 3465 1660 3539 καταξιούμενοι·
1697 3465 1835 3533 ἔξω·

251 3552 345 3606 θεν
373 3551 431 3606 δὲ
456 3553 802 3621 κυκλοῦντες,
840 3556 1022 3611 πίστιν
1068 3557 1334 3627 ἐπάγουσι
1365 3560 1432 3629 τῇ
1469 3557 1606 3628 μετά
1647 3562 1837 3630 χεῖρας

245 3644 486 3720 λεγούσῃ
544 3649 767 3720 Γραφῇ·
839 3648 1344 3718 Ἐπιστρέψουσιν
1405 3650 1494 3714 εὶς
1547 3647 1833 3717 ἑσπέραν,

247 3740 353 3796 καί
419 3739 792 3812 λιμώξουσιν
861 3741 944 3808 ὡς
1007 3740 1203 3805 κύων,
1275 3740 1374 3795 καὶ
1447 3739 1836 3796 κυκλώσουσι

249 3843 455 3896 πόλιν.
502 3835 610 3890 Καὶ
653 3832 865 3897 τούτοις
914 3833 1040 3905 έξῆς
1082 3832 1396 3904 ἐπιλέγεται
1429 3834 1638 3906 ήαίτία
1674 3833 1740 3887 δι’
1772 3835 1838 3906 ἣν

247 3929 432 3984 ταῦτα
462 3925 764 3980 πείσονται·
809 3924 956 3979 Ἰδοὺ
984 3925 1114 3996 γὰρ,
1145 3923 1331 3994 φησὶν,
1359 3923 1839 3992 ἀποφθέγξονται

249 4023 330 4076 ἐν
365 4019 446 4086 τῷ
485 4021 731 4088 στόματι
773 4016 993 4082 αὐτῶν,
1031 4017 1128 4071 καὶ
1157 4016 1433 4086 ῥομφαία
1462 4016 1533 4069 ἐν
1556 4015 1682 4082 τοῖς
1714 4016 1838 4084 χεί-

248 4119 432 4169 λεσιν
475 4111 692 4176 αὐτῶν,
725 4111 816 4165 ὅτι
863 4111 956 4176 τίς
981 4109 1248 4179 ἢκουσε;
1281 4108 1456 4162 ταῦτα
1483 4107 1592 4180 γὰρ
1623 4109 1841 4162 ἅπαντα

253 4204 556 4260 πεπόνθασι
607 4202 697 4256 διά
761 4201 859 4265 τὰς
909 4201 1104 4265 ἀθέους
1157 4181 1354 4254 αὐτῶν.
1409 4200 1503 4253 καὶ
1557 4199 1840 4264 δυσσεϐεῖς

253 4297 462 4369 φωνὰς,
495 4295 562 4360 ἃς
588 4295 730 4350 κατά
753 4295 847 4348 τοῦ
880 4295 1128 4364 Σωτῆρος
1147 4291 1304 4363 ἡμῶν
1334 4292 1586 4361 ἠφίεσαν,
1620 4292 1714 4346 ἐπὶ
1744 4291 1840 4346 τοῦ

257 4390 490 4445 Πιλάτου
525 4389 754 4461 βοῶντες
777 4405 792 4418 ·
829 4383 986 4455 Αἶρε,
1035 4381 1182 4454 αἶρε,
1225 4386 1589 4464 σταύρωσον
1629 4386 1837 4439 αὐτόν.

1938 3376 2044 3439 nis,
2071 3384 2126 3430 et
2157 3373 2458 3429 circuibunt
2491 3374 2777 3428 civitatem.
2833 3373 3036 3428 Deinde
3062 3386 3192 3426 vero
3231 3371 3525 3442 subjungi-

1939 3475 2030 3521 tur
2056 3475 2221 3522 tanta:
2241 3466 2570 3522 calamitatis
2592 3481 2763 3521 causa
2794 3483 2808 3520 :
2840 3481 2964 3525 nam
2989 3464 3067 3518 ait
3095 3483 3108 3519 :
3137 3463 3270 3518 Ecce
3307 3463 3528 3534 loquen-

1940 3568 2026 3611 tur
2057 3558 2110 3612 in
2143 3574 2233 3612 ore
2263 3574 2381 3622 suo,
2409 3566 2460 3611 et
2504 3557 2715 3628 gladius
2757 3557 2812 3611 in
2853 3556 3009 3611 labiis
3035 3571 3240 3619 eorum,
3271 3558 3526 3623 quoniam

1937 3651 2053 3724 quis
2103 3650 2352 3706 audivit?
2403 3649 2692 3717 Enimvero
2739 3649 2853 3705 haec
2885 3651 3068 3704 omnia
3101 3647 3250 3718 passi
3295 3656 3427 3702 sunt
3455 3650 3527 3702 ob

1941 3741 2138 3812 impias
2165 3742 2288 3797 illas
2324 3749 2379 3797 et
2412 3741 2652 3797 nefarias
2689 3755 2873 3807 voces,
2909 3758 3050 3812 quas
3094 3753 3288 3800 contra
3332 3745 3527 3799 Salva-

1938 3842 2114 3890 torem
2140 3841 2391 3889 nostrum
2421 3834 2790 3904 protulerunt,
2823 3833 2890 3886 ad
2916 3832 3150 3888 Pilatum
3181 3835 3483 3891 clamantes
3509 3855 3523 3890 ι

1946 3925 2114 3990 Tolle,
2157 3924 2304 3988 tolle,
2353 3925 2600 3994 cruciﬁge
2641 3941 2760 3978 eum
2806 3926 2874 3980 ".
2920 3924 3151 3997 Sanguis
3193 3927 3310 3997 ejus
3369 3945 3531 3996 super

1942 4034 2036 4072 nos
2047 4026 2264 4085 etsuper
2278 4017 2419 4086 ﬁlios
2444 4027 2652 4070 nostros
2665 4016 2730 4068 ⁸³.
2756 4015 2912 4081 Quod
2939 4016 3032 4073 bis’
3051 4019 3230 4072 verbis
3253 4019 3531 4088 signiﬁca-

1944 4117 2036 4163 tur
2067 4127 2081 4164 :
2121 4107 2255 4163 Ecce
2285 4109 2563 4178 loquentur
2594 4108 2648 4160 iu
2681 4123 2770 4160 ore
2805 4112 2922 4170 suo,
2956 4119 3005 4162 et
3039 4109 3250 4178 gladius
3285 4111 3340 4162 in
3371 4109 3529 4164 labiis

1940 4217 2145 4256 eorum.
2185 4200 2292 4254 Pro
2331 4200 2425 4254 illo
2468 4207 2668 4261 autem,
2704 4198 2968 4264 Quoniam
2991 4202 3107 4271 quis
3135 4201 3381 4258 audit-it?
3414 4202 3529 4255 cla-

1944 4293 2062 4347 rius
2087 4290 2450 4362 Symmachus
2483 4293 2877 4362 interpretatus
2905 4291 2991 4346 bis
3021 4293 3204 4348 verbis
3225 4305 3334 4363 est,
3360 4295 3534 4358 Quasi

1945 4382 2095 4437 nullo
2125 4383 2371 4438 audiente
2399 4384 2729 4438 clamabant.
2763 4383 2916 4438 Talia
2953 4383 3153 4453 quippe
3182 4395 3372 4438 contra
3412 4386 3534 4439 Sal-

263 4483 335 4537 Τὸ
397 4476 547 4550 οἶμαι
597 4478 784 4536 αὐτοῦ
844 4477 937 4548 ἐφ’
987 4475 1146 4546 ἡμᾶς
1210 4475 1310 4528 καὶ
1372 4475 1472 4529 ἐπὶ
1534 4475 1605 4529 τὰ
1662 4474 1842 4528 τέκνα

1949 4482 2188 4528 vatorem
2219 4475 2585 4535 oblatrabant.
2623 4473 2781 4544 quasi
2829 4474 3046 4538 nemine
3091 4474 3439 4543 inspiciente.
3478 4481 3535 4528 et

261 4570 455 4640 ἡμῶν·
482 4570 510 4622 ὃ
537 4569 602 4641 δή
635 4567 891 4640 σημαίνει
929 4566 1152 4637 φάσκων
1196 4565 1225 4616 ό
1255 4565 1413 4634 λόγος
1432 4582 1445 4595 ·
1519 4564 1666 4619 Ἰδοὺ
1695 4565 1843 4620 ἀπο.

257 4663 614 4736 φθέγξονται
634 4664 704 4717 ἐν
725 4661 976 4731 στόματι
1001 4658 1200 4714 αὐτῶν
1225 4657 1324 4712 καὶ
1345 4657 1613 4728 ῥομφαία
1630 4657 1702 4710 ἐν
1715 4655 1841 4724 τοῖς

257 4756 531 4827 χείλεσιν
569 4752 789 4810 αὐτῶν.
852 4751 996 4806 Ἀντὶ
1028 4751 1085 4804 δὲ
1117 4750 1236 4815 τοῦ,
1274 4751 1395 4803 ’Ότι
1435 4749 1528 4816 τίς
1571 4747 1842 4817 ἤκουσες

258 4846 594 4919 σαφέστερον
650 4847 992 4918 ήρμήνευσεν
1054 4844 1084 4897 ό
1137 4841 1436 4914 Σύμμαχος
1497 4837 1696 4893 εἰπών·
1749 4840 1844 4906 Ὡς

257 4937 509 5004 οὐδενὸς
549 4938 878 5004 ἀκούοντος
921 4936 1125 4990 ἐϐόων.
1161 4933 1400 4989 Τοιαῦτα
1428 4932 1539 5002 γὰρ
1579 4931 1720 4986 κατά
1749 4930 1844 4985 τοῦ

259 5029 516 5102 Σωτῆρος
563 5029 849 5092 ὑλάκτουν,
883 5028 958 5092 ὼς
987 5026 1216 5099 μηδενὸς
1261 5014 1574 5096 ὑφορῶντος
1595 5062 1610 5087 ,
1646 5024 1741 5078 καὶ
1769 5022 1845 5086 ὡς

263 5121 338 5194 μὴ
367 5122 467 5192 τῆς
492 5122 675 5194 φωνῆς
699 5121 882 5176 αὐτῶν
910 5119 1336 5192 ἐπακροωμένου
1378 5117 1470 5171 τοῦ
1500 5115 1662 5171 Θεοῦ.
1706 5115 1844 5169 Ἀλλ’

261 5216 463 5268 ἐκεῖνοι
515 5217 616 5286 μὲν
661 5212 737 5278 ὡς
783 5213 1010 5286 μηδενὸς
1064 5210 1354 5276 ἀκούοντος
1406 5209 1576 5263 ἐϐόων
1596 5226 1609 5239 ·
1671 5208 1736 5261 σὺ
1787 5207 1846 5262 δὲ

1949 4567 2105 4636 quasi
2139 4582 2206 4621 ne
2237 4565 2319 4620 vel
2355 4567 2471 4634 ipse
2515 4565 2654 4620 Deus
2686 4581 2871 4620 vocem
2915 4581 3104 4619 eorum
3151 4565 3384 4618 audiret.
3425 4563 3530 4617 Vu-

1951 4673 2072 4712 rum
2098 4657 2176 4712 illi
2209 4657 2432 4726 quidem
2478 4666 2535 4710 ut
2563 4657 2783 4712 neruine
2810 4656 3068 4711 audiente
3095 4656 3442 4719 clamabant;
3481 4663 3536 4706 at

1951 4759 2009 4805 tu
2040 4751 2286 4805 omnium
2326 4751 2604 4820 inspector
2631 4759 2683 4805 et
2710 4749 2898 4818 judcx,
2925 4765 3034 4803 non
3067 4749 3244 4801 solum
3273 4747 3400 4800 talia
3438 4747 3535 4797 nb-

1951 4843 2217 4897 latrautes
2263 4841 2550 4905 audiebas,
2586 4840 2681 4895 sed
2717 4839 2982 4894 ridiculos
3016 4839 3232 4909 agebas.
3295 4837 3358 4890 Et
3399 4850 3538 4905 quo-

1952 4933 2118 4989 modo
2170 4949 2278 4989 non
2328 4933 2571 4996 ridiculi,
2621 4933 2716 5003 qui
2773 4939 3030 5002 putarent
3081 4939 3162 4982 tot
3197 4929 3532 4984 mirabilium

1953 5029 2228 5100 opiﬁcem,
2279 5044 2337 5084 se
2370 5027 2574 5080 malitia
2619 5041 2718 5082 sua
2771 5023 3179 5094 superaturos?
3223 5019 3278 5075 in
3325 5023 3537 5091 psalmo

1953 5117 2198 5174 secundo
2230 5114 2718 5171 similiterdicitur
2741 5130 2760 5168 :
2786 5113 2891 5179 Qui
2923 5112 3127 5165 habitat
3158 5113 3210 5164 in
3233 5111 3378 5166 ca‘lt's
3412 5111 3540 5164 irri-

1951 5207 2094 5262 dcbit
2117 5224 2229 5272 eos,
2256 5218 2302 5260 et
2328 5207 2584 5260 Dominus
2613 5201 3074 5262 subsannabit'eos
3106 5205 3175 5259 ⁸⁸.

259 5308 427 5376 αὐτὸς
461 5313 491 5364 ὁ
521 5312 740 5367 πάντων
778 5311 972 5382 ἔφορος
1009 5309 1202 5383 κριτὴς
1243 5309 1305 5362 ού
1350 5308 1509 5379 μόνον
1546 5308 1741 5378 ῆκουες
1773 5305 1841 5360 τὰ
1876 5305 2102 5360 τοιαῦτα
2135 5303 2530 5366 ὑλακτούντων,
2561 5303 2696 5358 ἀλλά
2742 5302 2836 5356 καὶ
2882 5300 3322 5368 καταγελάστους
3386 5297 3538 5351 ἐποί-

263 5423 364 5470 εις.
411 5407 522 5461 Καὶ
563 5407 678 5470 πῶς
707 5406 816 5479 γὰρ
853 5407 954 5460 οὐκ
989 5402 1129 5476 ἦσαν
1173 5404 1566 5472 καταγέλαστοι
1606 5402 1657 5455 οἱ
1723 5401 2036 5472 νομίζοντες
2096 5399 2354 5454 δύνασθαι
2388 5399 2479 5452 τὸν
2509 5398 2620 5450 τῶν
2651 5396 2918 5450 τοσούτων
2987 5392 3304 5464 παραδόξων
3363 5389 3540 5460 ἔργων

265 5499 496 5571 ποιητὴν
529 5501 596 5571 τῇ
636 5500 844 5554 ἑαυτῶν
877 5498 1121 5568 νικήσειν
1173 5495 1378 5568 κακίας
1411 5496 1521 5549 Καὶ
1551 5496 1612 5548 ἐν
1675 5493 1756 5547 τῶ
1789 5493 1835 5546 ϐ’
1853 5494 1918 5548 δὲ
1956 5494 2172 5567 είρηται
2220 5491 2420 5565 ψαλμῷ
2441 5509 2458 5526 ·
2517 5492 2572 5546 Ὁ
2604 5489 2900 5546 κατοικῶν
2940 5489 3012 5544 ἐν
3056 5483 3336 5556 cineas-07c
3376 5484 3535 5553 em-

265 5591 518 5648 λάσεται
570 5594 794 5665 αὐτοὺς
813 5634 828 5660 ,
877 5594 976 5648 καὶ
1017 5593 1232 5662 Κύριος
1284 5590 1670 5662 ἐκμυκτηριεῖ
1713 5590 1957 5657 αὐτούς.

272 5777 436 5880 11,31.

339 5707 573 5782 "’_Joan.
605 5725 694 5779 vi,
728 5708 818 5764 ιι.
893 5708 939 5740 ⁵⁸
979 5704 1083 5762 lsa.
1121 5721 1246 5771 va,
1286 5704 1368 5760 l5.
1443 5704 1484 5735 ⁸⁸
1529 5701 1675 5758 Psal.
1716 5715 1824 5766 Liv,

1942 5741 1950 5756 .
2028 5699 2252 5757 "Joau.
2289 5717 2414 5766 XIX,
2453 5699 2536 5757 15.
2615 5698 2660 5730 ⁸³
2702 5695 2891 5752 Manli.
2931 5709 3110 5759 xxvii,
3139 5691 3230 5748 ‘25.
3307 5689 3356 5723 “
3391 5689 3539 5750 Psal.
