4100 6442
587 383 700 444 ειδ

1316 377 1589 437 EUSEBII
1618 376 2106 438 CESARIENSIS
2139 378 2184 436 0

2287 419 2292 433 .
2339 377 2527 434 PARS
2561 377 2649 434 ιιι.
2680 409 2748 422 -—
2769 367 3186 439 ῈΧΕΠΕΤΙΟΑ.
3795 381 3882 436 ειι

655 498 743 556 Ad
781 496 1008 552 nihilum
1036 493 1260 551 deduces
1293 509 1474 550 omnes
1527 501 1722 563 gentes.
1778 491 1887 548 Pro
1937 493 2032 548 illo
2081 507 2179 549 au-

2362 490 2822 558 Ὲεουδενώσεις
2881 492 3080 548 πάντα
3125 491 3198 546 τὰ
3237 492 3402 560 ἔθνη.
3463 490 3637 544 ’Δντὶ
3685 491 3747 545 δὲ
3787 472 3894 556 τοῖν

591 600 727 653 tem.
758 587 843 643 Ad
860 587 1084 643 nihilum
1107 585 1332 642 deduees
1355 601 1534 640 omnes
1567 593 1764 655 gentes,
1794 582 2180 656 Symmachus,

590 682 843 738 Obstruet
867 679 1110 736 omnibus
1149 677 1412 750 gentibus,
1441 677 1852 747 interpretatur.
1890 674 1988 734 llis
2017 691 2184 746 porro

589 773 962 843 slgnittcatur,
994 768 1400 839 correptionem
1433 782 1462 824 a
1493 767 1606 822 Deo
1635 765 1895 823 omnibus
1927 767 2184 838 gentibus

589 863 932 920 inferendam
972 877 1117 917 esse.
1150 859 1291 926 Quia
1326 861 1475 917 enim
1514 875 1683 929 supra
1727 858 2039 922 dicebatur,
2084 857 2174 912 In-

591 951 743 1008 tende
774 953 842 1006 ad
870 949 1166 1006 oisitandas
1197 965 1376 1005 omnes
1409 958 1622 1020 gentes;
1651 956 2057 1020 consequenter
2083 949 2183 1005 do-

589 1051 700 1106 cet,
733 1041 903 1098 Deum
948 1043 1314 1114 iuspectorem
1359 1042 1515 1112 prius
1558 1056 1754 1097 omnes
1798 1051 2182 1112 eorrepturum

593 1141 806 1206 gentes,
829 1131 1030 1188 deinde
1060 1147 1157 1189 eas
1193 1147 1224 1186 a
1256 1133 1553 1188 multorum
1596 1132 1886 1188 numinum
1915 1141 1971 1188 et
2005 1132 2184 1188 idolo-

591 1241 713 1283 rum
756 1240 947 1284 errore
994 1240 1391 1280 conversurum
1445 1239 1590 1280 esse.
1648 1223 1970 1282 Sermonem
2015 1240 2183 1295 porro

587 1316 924 1386 completum
956 1313 1351 1386 deprehendet,
1379 1314 1426 1370 si
1448 1315 1575 1384 quis
1605 1314 2029 1379 animadvertat,
2058 1322 2183 1386 post

589 1407 887 1464 adventum
924 1405 1229 1462 Salvatoris
1261 1405 1460 1470 nostri,
1507 1413 1698 1477 gentes
1743 1407 2042 1462 multorum
2087 1423 2184 1462 nu-

587 1497 802 1554 minum
827 1499 1003 1553 errori
1044 1497 1282 1553 maxime
1315 1497 1552 1560 deditas,
1598 1497 1702 1552 sub
1733 1496 1950 1554 initium
1980 1498 2181 1568 pra'di—

588 1589 826 1644 cationis
858 1588 1086 1642 verbum
1127 1589 1373 1658 recipere
1421 1588 1750 1652 abnuentes,
1798 1588 2182 1644 obsidionibus

589 1679 1004 1749 ctquihusdam
1057 1679 1183 1734 aliis
1231 1680 1494 1735 aerumnis
1537 1679 1805 1734 deductas
1854 1680 2179 1750 resipuisse.

590 1767 705 1824 Deo
738 1770 812 1823 ita
845 1770 993 1840 ipsas
1027 1771 1340 1841 alloqueute
1373 1779 1539 1841 atque
1575 1771 1910 1842 castigantc;
1943 1772 2024 1826 sic
2051 1785 2182 1842 ergo

2295 581 2751 648 Ἐξουδενώσεις
2775 583 2972 638 πάντα
2998 583 3073 637 τὰ
3094 583 3267 650 ἔθνη,
3299 584 3328 635 ὁ
3359 583 3713 654 Σύμμαχος,
3753 583 3891 636 ‘33:-

2281 673 2494 743 φράξει
2539 671 2691 730 πᾶσι
2741 673 2868 741 τοῖς
2919 675 3184 738 ἔθνεσιν,
3234 675 3592 748 ἡρμήνευσε.
3659 673 3827 742 Δηλοῖ
3851 675 3895 728 δὲ

2281 767 2310 819 ὁ
2336 765 2494 834 λόγος
2543 765 2860 836 έπιτίμησίν
2905 782 3029 819 τινα
3085 764 3180 818 τοῦ
3220 767 3356 819 Θεοῦ
3400 768 3554 839 πρὸς
3603 769 3800 818 πάντα
3841 767 3897 818 τὸ

2283 857 2431 928 ἔθνη.
2480 857 2697 928 Ἐπειδὴ
2741 855 2850 928 γὰρ
2877 855 3134 933 ἀνωτέρω
3168 858 3418 928 ἐλέγετοο
3451 860 3771 927 Πρόσχες
3809 858 3900 911 τοῦ

2281 947 2732 1016 ἐπισκέψασθαι
2760 946 2959 1002 πάντα
2985 948 3057 1001 τὰ
3083 949 3248 1017 ἔθνη·
3272 949 3606 1012 ἀκολούθως
3639 948 3902 1012 διδάσκει,

2281 1039 2356 1104 ὼς
2387 1039 2700 1095 ἐπισκοπῶν
2733 1042 2762 1094 ὁ
2789 1039 2922 1105 Θεὸς
2953 1043 3269 1112 ἐπιτιμήσει
3306 1043 3592 1114 πρότερον
3625 1042 3778 1093 πᾶσι
3804 1044 3904 1104 τοίς

2279 1132 2512 1197 έθνεσιν,
2545 1130 2641 1186 εἶτ’
2674 1132 2994 1204 ἐπιστρέψει
3025 1133 3164 1186 αὐτὰ
3189 1134 3286 1205 τῆς
3312 1134 3594 1188 πολυθέου
3627 1133 3737 1186 καὶ
3763 1132 3907 1186 εἰδω-

2281 1225 2542 1299 λολάτρου
2581 1224 2808 1295 πλάνης.
2841 1224 3054 1278 Γνῶναι
3079 1225 3138 1280 δέ
3161 1226 3278 1279 ἐστι
3308 1225 3404 1280 τοῦ
3451 1227 3636 1295 λόγου
3683 1225 3753 1277 τὸ
3783 1225 3910 1277 ἀποο

2282 1318 2522 1388 τέλεσμα
2561 1319 2972 1389 ἐπιστήσαντα,
3003 1318 3080 1380 ὡς
3110 1317 3248 1389 μετά
3293 1319 3396 1388 τὴν
3435 1317 3781 1390 παρουσίαν
3819 1315 3906 1368 τοῦ

2282 1408 2538 1478 Σωτῆρος
2598 1406 2792 1478 ἡμῶν,
2853 1406 2923 1460 τά
2986 1406 3223 1476 μάλιστα
3279 1406 3406 1476 περὶ
3460 1406 3570 1476 τὴν
3637 1401 3910 1455 πολύθεον

2283 1500 2492 1572 πλάνην
2517 1499 2833 1570 ὲπτοημένα
2858 1497 3007 1569 ἔθνη,
3040 1499 3162 1552 κατ’
3190 1497 3365 1569 ἀρχὰς
3395 1497 3492 1551 τοῦ
3522 1495 3910 1568 κηρύγματος

2282 1591 2678 1646 ὲναντιωθέντα
2725 1595 2790 1663 τῇ
2841 1590 2936 1644 τοῦ
2975 1589 3137 1658 λόγου
3185 1589 3489 1660 παραδοχῇ,
3542 1585 3911 1656 πολιορκίαις

2283 1685 2378 1740 καί
2413 1701 2554 1738 τισιν
2587 1683 2775 1747 ἄλλαις
2809 1684 3264 1754 ὲπιστρεπτικαῖς
3301 1679 3726 1752 περιστάσεσιν
3772 1679 3906 1732 ἐσω-

2283 1777 2570 1850 φρονίσθη,
2595 1775 2689 1832 τοῦ
2715 1775 2853 1829 Θεοῦ
2886 1775 3074 1828 τοῦτον
3108 1775 3199 1829 τὸν
3227 1775 3428 1846 τρόπον
3469 1771 3908 1842 ἐπιφθεγγομέ-

589 1860 661 1917 ad
695 1863 975 1918 meliorem
1015 1862 1222 1934 frugem
1256 1879 1315 1917 se
1345 1871 1536 1932 postea
1564 1863 1914 1933 recipientes,
1949 1863 2180 1919 salutari

2287 1889 2374 1926 νου
2408 1872 2503 1926 καὶ
2533 1870 2897 1941 ἐπιτιμῶντος
2931 1869 3111 1932 αὐτοῖς
3132 1885 3145 1898 ·
3180 1867 3322 1920 οὕτω
3349 1867 3502 1936 γοῦν,
3529 1864 3704 1948 μετὰ
3739 1863 3906 1916 ταῦτα

592 1953 758 2010 verbo
793 1952 1025 2008 subdita:
1071 1961 1220 2008 sunt.
1251 1953 1619 2020 Quamobrem
1648 1953 1845 2010 deinde
1889 1951 2180 2023 subjungi-

589 2052 683 2100 tur
709 2061 774 2100 ex
809 2057 1043 2117 persona
1081 2043 1385 2102 Salvaturis
1416 2060 1432 2097 :
1473 2044 1870 2101 Fortitudinem
1901 2062 2068 2102 meam
2109 2045 2178 2100 ad

586 2144 642 2190 te
679 2135 1003 2198 custodiam,
1061 2136 1189 2206 quia
1231 2135 1374 2190 Deus
1412 2146 1685 2204 susceptor
1729 2152 1872 2190 meus
1912 2153 1990 2193 es.
2035 2135 2177 2192 Deus

591 2243 758 2294 meus,
795 2227 1161 2299 misericordia
1193 2227 1308 2296 ejus
1333 2229 1611 2295 prwveniet
1641 2244 1741 2282 me.
1769 2226 1908 2281 Deus
1943 2227 2176 2282 ostendet

590 2319 720 2373 mihi
755 2319 810 2372 in
838 2318 1066 2372 inimicis
1098 2318 1261 2382 meis;
1289 2319 1739 2383 sive,sccuuduut
1765 2317 2176 2390 Symmachum.

591 2409 871 2482 Despicere
905 2426 983 2464 me
1005 2409 1165 2479 faciet
1192 2426 1280 2465 eos
1307 2417 1398 2481 qui
1423 2427 1604 2464 muros
1649 2410 1778 2464 milii
1826 2409 2175 2464 abstulerant.

590 2501 733 2558 Alibi
766 2517 987 2574 quoque
1029 2502 1236 2556 dictum
1272 2511 1357 2558 est
1388 2521 1400 2556 :
1445 2501 1513 2557 Et
1553 2502 1788 2572 despexit
1823 2503 2007 2558 oculus
2035 2519 2180 2560 meus

592 2595 923 2667 insurgentes
965 2595 1018 2649 in
1048 2611 1128 2649 me
1158 2595 1535 2666 malignantes,
1571 2595 1747 2650 audiet
1788 2597 1934 2652 auris
1973 2611 2090 2650 mea
2112 2595 2180 2653 ⁸⁸.

602 2684 711 2742 Sed
748 2686 915 2742 etiam
948 2685 1115 2742 David
1144 2683 1326 2742 Saulis
1360 2687 1576 2742 ruinam
1599 2694 1654 2742 et
1686 2695 1916 2742 mortem
1947 2687 2181 2758 aspexit,

595 2785 656 2833 et
684 2791 876 2833 casum
909 2778 1104 2833 mortis
1140 2777 1262 2848 ejus
1304 2777 1573 2850 despexit.
1611 2776 1696 2836 Ne
1728 2777 1938 2834 occidas
1968 2794 2080 2842 eos.
2120 2795 2184 2834 ne

593 2870 808 2942 quando
839 2871 1223 2926 obliviscantur
1247 2871 1434 2942 populi
1469 2873 1568 2926 tui.
1602 2869 2180 2942 Rursum'pluraliter,

590 2980 659 3019 ne
684 2963 896 3020 occidas
921 2981 1035 3032 eos,
1059 2964 1514 3036 inquit,disperge
1547 2965 1694 3029 illos,
1725 2973 1774 3020 et
1801 2964 2000 3033 depone
2021 2965 2180 3030 illos;

589 3069 720 3110 eun
752 3065 934 3110 tamen
959 3069 1070 3124 quo
1095 3063 1342 3125 tempore
1373 3055 1487 3109 haec
1518 3054 1963 3126 proferebantur,
1996 3055 2182 3114 nullus

590 3141 738 3200 alius
785 3158 852 3199 ex
907 3143 1140 3199 historia
1177 3143 1364 3199 Davidi
1415 3145 1674 3202 inimicus
1719 3143 1951 3211 feratur,
1983 3157 2180 3217 pra-ter

2283 1961 2765 2033 σωφρονισθέντες,
2809 1959 3270 2030 καθυπετάγησαν
3303 1957 3380 2028 τῷ
3415 1957 3694 2029 σωτηρίῳ
3741 1955 3902 2025 λόγῳ.

2285 2051 2378 2104 Διὸ
2404 2050 2716 2119 ὲπιλέγεται
2756 2049 2882 2121 ἑξῆς
2913 2051 2980 2104 ἐκ
3017 2048 3310 2121 προσώπου
3351 2047 3446 2100 τοῦ
3477 2047 3797 2117 Σωτῆρος
3842 2045 3907 2099 Τὸ

2290 2139 2508 2207 κράτος
2549 2159 2670 2210 μου
2713 2140 2865 2209 πρὸς
2904 2140 2979 2194 σὲ
3020 2139 3294 2210 φυλάξω,
3337 2139 3428 2192 ὄτι
3466 2141 3498 2192 ὀ
3529 2139 3700 2204 Θεὸς
3742 2139 3906 2191 ἀντι-

2291 2231 2535 2301 λήπτωρ
2567 2247 2721 2302 μου,
2773 2235 2804 2285 ό
2842 2233 2987 2297 Θεός
3013 2249 3156 2300 μου,
3191 2231 3256 2284 τὸ
3288 2230 3463 2296 ἕλεος
3500 2229 3718 2283 αὑτοῦ
3761 2244 3904 2298 πίο-

2291 2323 2507 2393 ςρθάσει
2535 2341 2612 2394 με
2631 2340 2644 2354 ·
2683 2325 2715 2377 ό
2743 2323 2887 2389 Θεὸς
2913 2322 3096 2388 δείξει
3114 2340 3215 2392 μοι
3237 2322 3307 2375 ἐν
3329 2321 3453 2388 τοῖς
3473 2319 3736 2390 ἐχθροῖς
3759 2334 3903 2389 μουο

2291 2413 2496 2485 ἢκατά
2542 2414 2633 2467 τὸν
2673 2413 2997 2485 Σύμμαχον,
3040 2411 3296 2467 Ἐπιδεῖν
3345 2411 3587 2477 ποιήσει
3643 2427 3737 2481 με
3783 2409 3904 2475 τοῖς

2288 2502 2734 2571 ἀποτειχίζουσι
2775 2519 2871 2572 με.
2919 2504 3029 2581 καὶ
3071 2504 3131 2556 έν
3175 2502 3346 2574 ἑτέρῳ
3390 2501 3448 2555 δὲ
3479 2502 3748 2572 εἴρηται·
3792 2498 3900 2554 Kal

2284 2595 2526 2650 ἐπεῖδεν
2564 2600 2596 2650 ό
2627 2596 2935 2666 ὀφθαλμός
2955 2612 3078 2665 μου
3109 2595 3182 2648 ἐν
3205 2593 3333 2660 τοῖς
3376 2590 3900 2658 ἐπανισταμένοις

2286 2691 2380 2746 ἐπ’
2412 2689 2518 2760 ἐμὲ
2562 2688 3070 2759 πονηρευομένοις
3091 2727 3105 2753 ,
3181 2687 3606 2741 εἰσακούσεται
3657 2682 3736 2736 τὸ
3788 2677 3896 2746 οὖς

2280 2800 2422 2852 μου.
2481 2780 2644 2835 Ἀλλὰ
2679 2781 2773 2834 καὶ
2812 2781 2842 2834 ὁ
2871 2778 3035 2834 Δαυῒδ
3081 2778 3174 2833 τοῦ
3199 2778 3372 2832 Σαοὺλ
3411 2777 3510 2846 τὴν
3544 2775 3776 2829 πτῶσιν
3805 2772 3896 2826 καὶ

2283 2874 2383 2946 τὴν
2420 2869 2674 2945 τελευτὴν
2716 2867 2875 2936 εἶδεν,
2927 2871 3106 2925 έπεῖδέ
3137 2884 3196 2925 τε
3225 2869 3393 2924 αὑτοῦ
3417 2873 3484 2941 τῇ
3520 2867 3890 2938 καταστροφῇ

2283 2966 2380 3022 τοῦ
2425 2967 2677 3023 θανάτου.
2738 2966 2836 3035 Μὴ
2892 2965 3256 3034 ἀποκτείνῃς
3315 2963 3543 3029 αὐτοὺς
3567 3003 3581 3026 ,
3645 2959 3894 3032 μήποτε

2284 3056 2680 3112 ἐπιλάθωνται
2726 3054 2834 3110 τοῦ
2871 3055 3028 3110 ,λαοῦ
3073 3071 3208 3110 σου.
3259 3053 3427 3108 Πάλιν
3472 3049 3890 3125 πληθυντικῶς.

2286 3151 2384 3220 Μὴ
2420 3151 2785 3218 ἀποκτείνῃς
2814 3146 3071 3213 αὐτοὺς,
3109 3147 3274 3219 φησι,
3305 3146 3403 3200 καὶ
3438 3145 3892 3212 διωκόρπισον

591 3251 764 3292 unum
798 3236 1042 3292 Saulem.
1073 3236 1274 3294 Verum
1319 3238 1436 3294 haec
1467 3238 1632 3296 etiam
1666 3253 1733 3294 ex
1783 3255 2020 3310 persona
2063 3238 2184 3294 Sal-

2287 3244 2527 3309 αὑτοὺς,
2562 3242 2661 3298 καὶ
2695 3239 2991 3309 scaturrire
3027 3241 3250 3305 αὐτούς
3269 3257 3283 3269 ο
3333 3238 3546 3300 οὐδενὸς
3573 3233 3784 3307 ἐχθροῦ
3815 3231 3890 3300 τῷ

591 3329 806 3384 vatoris
838 3328 1079 3400 Spiritus
1113 3331 1468 3401 propheticus
1501 3330 1857 3396 vociferatur,
1888 3331 1957 3387 de
1986 3333 2054 3389 iis
2079 3334 2190 3389 sci-

593 3422 745 3485 licet,
769 3421 864 3493 qui
898 3423 1164 3479 adversus
1202 3438 1261 3479 se
1304 3425 1744 3488 insurrexerunt,
1774 3424 1842 3479 de
1868 3426 2070 3495 quibus
2101 3423 2184 3480 di-

602 3518 754 3565 ctum
797 3528 813 3566 :
859 3510 931 3566 Et
972 3514 1155 3580 populi
1199 3514 1439 3570 meditati
1479 3523 1602 3569 sunt
1650 3515 1855 3569 inania.
1891 3517 2187 3572 Auiterunt

594 3617 737 3673 reges
767 3610 923 3657 terra:
953 3617 1002 3658 et
1037 3605 1299 3674 principes
1341 3614 1692 3662 convenerunt
1727 3607 1780 3660 in
1809 3623 1968 3660 unum
2001 3608 2188 3662 adt-er-

592 3711 686 3752 sus
714 3695 1004 3751 Dominum
1025 3707 1075 3752 et
1105 3697 1358 3753 adversus
1389 3696 1663 3754 Christum
1691 3698 1806 3767 ejus
1842 3700 1908 3754 ".
1940 3698 2054 3755 llos
2085 3701 2187 3772 igi-

596 3793 690 3842 tur
736 3787 831 3858 qui
873 3787 1153 3844 incassum
1187 3789 1505 3860 prophctias
1546 3790 1720 3867 ipsius
1754 3792 1994 3846 meditati
2032 3803 2184 3856 sunt,

592 3894 666 3937 ac
705 3880 986 3952 principes
1014 3879 1296 3952 ducesque
1327 3897 1518 3937 eorum
1557 3899 1620 3938 ne
1667 3876 1901 3947 occidas,
1959 3890 2054 3966 sed
2103 3887 2188 3940 di-

594 3984 793 4041 sperge
825 3977 880 4024 et
917 3969 1148 4042 depone.
1183 3969 1451 4026 Precatur
1480 3979 1663 4026 autem
1709 3971 1858 4040 ipsos
1905 3987 1970 4026 ex
2015 3975 2184 4044 gradu

595 4060 766 4132 dejici
803 4080 817 4116 :
855 4061 1002 4132 quod
1039 4061 1204 4118 etiam
1263 4059 1468 4116 factum
1519 4071 1624 4118 est.
1685 4060 1806 4116 Non
1843 4062 1986 4117 ultra
2021 4063 2204 4136 igitttr_

595 4168 720 4217 rex,
753 4169 864 4208 non
891 4154 1170 4226 principes
1201 4153 1575 4216 sacerdotum,
1609 4169 1719 4208 non
1759 4154 2052 4225 pr0plieta;
2089 4154 2185 4210 sed

596 4262 780 4318 neque
832 4246 1062 4313 Scribat,
1115 4246 1378 4322 Pharisaei
1427 4254 1482 4302 et
1518 4247 1805 4302 Sadducati
1839 4263 2011 4318 penes
2061 4249 2185 4305 illos

595 4346 752 4395 sunt.
796 4336 912 4394 Nec
960 4347 1142 4395 tamen
1188 4341 1339 4410 ipsos
1373 4339 1551 4395 occidi
1591 4349 1767 4410 rogat.
1798 4338 1979 4405 Quare
2009 4357 2185 4410 genus

592 4445 792 4486 eorum
823 4431 1101 4496 subsistit,
1127 4440 1182 4488 et
1207 4433 1443 4487 filiorum
1467 4432 1748 4488 successio
1771 4432 2053 4486 accrescit.
2077 4430 2186 4487 Ne-

595 4538 706 4593 que
731 4523 877 4577 enim
901 4522 1093 4585 occisi,
1120 4525 1202 4577 vel
1227 4522 1294 4578 de
1316 4522 1498 4577 medio
1523 4521 1803 4576 hominum
1827 4522 2057 4590 sublati;
2088 4522 2184 4579 sed

594 4614 868 4670 hactenus
910 4613 1236 4684 superstites
1275 4621 1430 4677 sunt;
1467 4613 1542 4667 ita
1577 4621 1760 4667 tamen
1789 4623 1847 4667 ut
1877 4614 1946 4668 ah
1981 4613 2188 4674 honore
2221 4598 2263 4651 ί)

596 4721 710 4778 quo
749 4705 940 4761 donati
969 4704 1100 4760 olim
1140 4719 1171 4758 a
1214 4703 1322 4761 Deo
1367 4703 1604 4769 fuerant,
1632 4704 1832 4774 dejecti
1865 4720 1928 4759 ac
1970 4705 2185 4776 depulsi

597 4799 737 4854 sint.
769 4797 877 4853 Sed
909 4797 1076 4851 etiam
1109 4795 1362 4866 disperge
1395 4794 1540 4855 illos.
1580 4796 1677 4859 ait,
1721 4797 1776 4850 in
1819 4795 2024 4852 virtute
2056 4807 2181 4864 tua;

599 4889 737 4955 sive,
767 4886 1070 4943 secundum
1101 4883 1514 4957 Symmachum,
1548 4886 1802 4942 Extorres
1834 4888 1920 4954 [ac
1948 4905 2038 4942 eos
2081 4889 2186 4942 vir-

601 4989 849 5036 tutetua.
877 4976 1036 5044 Quod
1077 4991 1246 5032 verno
1272 4978 1470 5048 quovis
1507 4979 1714 5034 clarius
1749 4995 1930 5034 rerqu
1955 4988 2186 5035 eventus

601 5073 871 5139 declarat,
899 5071 1130 5127 Judaico
1163 5072 1366 5141 popqu
1400 5086 1498 5142 per
1523 5088 1719 5127 omnes
1756 5083 1946 5144 gcutes
1972 5073 2188 5143 disper-

599 5180 691 5230 so,
729 5171 894 5236 atque
927 5172 1150 5220 extorre
1193 5161 1372 5231 facto‘;
1397 5163 1473 5217 ita
1525 5171 1609 5229 ut,
1657 5165 1704 5219 si
1737 5180 1800 5220 ea
1830 5167 1899 5220 de
1927 5181 1988 5221 re
2015 5165 2185 5221 Judaei

601 5257 778 5312 altum
810 5256 1028 5327 sapiant
1091 5255 1236 5326 quod
1270 5270 1462 5311 omnes
1492 5265 1681 5326 gentes
1715 5258 1982 5327 repleant,
2015 5259 2187 5330 apud-

601 5364 716 5423 que
757 5349 1028 5406 barbaros
1069 5356 1124 5404 et
1169 5346 1225 5401 in
1263 5347 1444 5403 medio
1477 5348 1795 5404 Grzecorum
1830 5350 2031 5421 degant
2057 5394 2072 5414 ,
2135 5359 2191 5406 at

605 5443 789 5501 sciant
817 5441 1220 5499 maledictionis
1244 5443 1472 5498 vocibus
1513 5442 1568 5496 id
1589 5442 1658 5498 de
1686 5443 1821 5512 ipsis
1849 5445 2189 5512 praenuntia-

603 5541 724 5590 tum
756 5533 949 5591 fuisse.
975 5532 1102 5590 Ilaec
1136 5534 1320 5605 itaque
1347 5534 1631 5605 prophetia
1668 5534 1748 5589 sic
1782 5535 1850 5590 de
1885 5534 2078 5610 iisdem
2104 5536 2185 5591 lo-

602 5623 797 5694 quitur
828 5641 844 5680 :
885 5622 1130 5696 Disperge
1159 5623 1281 5678 illos
1316 5624 1368 5677 in
1399 5623 1588 5677 virtute
1619 5632 1731 5689 tua,
1756 5633 1804 5678 et
1842 5623 2042 5694 depone
2071 5642 2185 5693 eos,

686 5801 910 5863 "Psal.
948 5822 1069 5874 scr,
1109 5807 1190 5862 l2.
1270 5806 1312 5839 θ’
1351 5805 1497 5865 Psal.
1533 5821 1596 5873 lt,
1630 5805 1749 5875 l,2.

2288 3335 2452 3390 Δαυῒδ
2482 3334 2604 3389 καθ’
2631 3334 2689 3388 δν
2715 3333 2908 3406 καιρὸν
2950 3331 3124 3386 ταῦτα
3165 3329 3384 3397 ἐλέγετο
3434 3327 3800 3397 δεικνυμένου
3829 3324 3889 3375 ὲκ

2286 3429 2386 3499 τῆς
2447 3427 2692 3499 ἱστορίας
2739 3425 2773 3496 ἢ
2833 3425 2996 3496 μόνου
3048 3419 3144 3477 τοῦ
3193 3421 3382 3475 Σαούλ.
3431 3419 3593 3473 Ἀλλά
3641 3419 3759 3494 γὰρ
3797 3415 3887 3470 καὶ

2287 3520 2460 3574 ταῦτα
2495 3519 2556 3572 τὸ
2598 3517 2815 3590 πνεῦμα
2858 3517 2920 3570 τὸ
2965 3515 3304 3589 προφητικὸν
3347 3516 3411 3568 ὲκ
3446 3510 3751 3584 προσώπου
3793 3505 3886 3561 τοῦ

2288 3611 2542 3681 Σωτῆρος
2584 3611 2859 3676 ἁναςςωνεῖ
2904 3607 3033 3678 περὶ
3075 3606 3182 3659 τῶν
3230 3603 3655 3658 ἐπαναστάντων
3707 3596 3882 3667 αὐτῷ.

2289 3703 2418 3772 περὶ
2470 3696 2544 3753 ὧν
2592 3700 2808 3768 ἐλέγετο
2835 3717 2848 3730 ο
2912 3699 3022 3752 Καὶ
3071 3695 3209 3752 λαοὶ
3268 3693 3649 3764 ἐμελέτησαν
3711 3683 3880 3743 κενά.

2291 3790 2693 3859 Ηαρέστησαν
2734 3793 2789 3843 oi
2819 3787 3106 3854 ,βασιλεῖς
3138 3784 3247 3854 τῆς
3273 3783 3404 3856 γῆς,
3439 3783 3534 3836 καὶ
3572 3783 3625 3834 el
3659 3779 3884 3848 ἄρχον-

2287 3902 2386 3949 τες
2432 3883 2834 3948 συνέστησαν
2875 3881 2974 3934 ἐπὶ
3029 3879 3095 3933 τὸ
3141 3878 3285 3932 αὐτὸ
3327 3875 3476 3930 κατὰ
3521 3872 3628 3928 τοῦ
3656 3869 3883 3938 Κυρίου

2288 3974 2388 4029 καὶ
2425 3974 2574 4028 κατὰ
2601 3973 2706 4027 τοῦ
2729 3971 2988 4042 Χριστοῦ
3021 3967 3480 4031 αὐτοῦ.Τούτους
3507 3962 3600 4019 οὖν
3637 3964 3769 4025 τοὺς
3803 3961 3882 4022 εἰς

2288 4066 2444 4119 κενὸν
2496 4065 2595 4128 τὰς
2649 4065 2776 4135 περὶ
2831 4062 2995 4116 αὑτοῦ
3058 4058 3397 4131 προφητείας
3451 4056 3876 4127 μελετήσαντας.

2289 4158 2414 4220 τοὺς
2465 4175 2525 4210 τε
2587 4157 2852 4228 ἄρχοντας
2908 4154 3089 4208 αὐτῶν
3145 4153 3241 4206 καὶ
3299 4148 3750 4221 καθηγουμένους
3791 4139 3878 4212 μὴ

2286 4251 2668 4318 ἀποκτείνῃς,
2723 4249 2910 4318 φησὶν,
2967 4247 3103 4301 ἀλλὰ
3155 4244 3543 4315 διεσκόρπισον
3600 4238 3694 4291 καὶ
3739 4251 3876 4289 κατ-

2288 4344 2484 4412 άγαγε.
2537 4343 2771 4414 Εὔχεται
2812 4343 2867 4394 δὲ
2908 4342 3104 4403 αὐτοὺς
3153 4335 3547 4406 καθαιρεθῆναι
3579 4331 3673 4384 τοῦ
3713 4323 3880 4393 ἀξιώ-

2291 4453 2488 4506 ματος’
2525 4435 2552 4489 ὃ
2584 4437 2641 4489 δὲ
2673 4435 2768 4488 καὶ
2795 4434 3038 4503 γέγονεν.
3072 4429 3270 4485 Οὐκέτι
3297 4427 3427 4498 γοῦν
3456 4424 3732 4496 βασιλεὺς,
3755 4415 3875 4473 οὐδὲ

2291 4528 2601 4598 ἀρχιερεὺς,
2658 4527 2778 4580 οῦδὲ
2835 4528 3141 4597 προφήτης,
3201 4522 3315 4577 ἀλλ’
3364 4520 3486 4573 οὐδὲ
3528 4513 3874 4588 γραμματεῖς

2293 4620 2388 4672 καὶ
2431 4620 2733 4691 Φαρισαῖοι,
2769 4619 2862 4672 καὶ
2920 4617 3268 4670 Σαδδουκαῖοι
3311 4613 3441 4683 παρ’
3481 4610 3664 4670 αὐτοῖς
3714 4608 3870 4658 εἰσιν.

2291 4711 2366 4763 Οὐ
2411 4711 2518 4782 μὴν
2553 4711 2648 4764 καὶ
2703 4708 3106 4778 ἀποκτανθῆναι
3149 4705 3346 4768 αὐτούς
3396 4718 3550 4774 φησι.
3612 4699 3704 4752 Διὸ
3752 4710 3873 4750 ow-

2292 4804 2522 4874 έστηκεν
2571 4801 2753 4856 αὐτῶν
2792 4800 2854 4854 τὸ
2914 4801 3092 4868 γένος,
3158 4795 3255 4850 καὶ
3290 4794 3399 4847 τῶν
3447 4792 3652 4846 παίδων
3697 4791 3732 4860 ἡ
3763 4789 3874 4842 δια·-

2293 4895 2422 4966 δοχὴ
2493 4893 2772 4966 πληθύνει.
2834 4892 2910 4945 Οὐ
2962 4891 3070 4961 γὰρ
3116 4885 3535 4956 ἀπεκτάνθησαν
3561 4921 3576 4946 ,
3643 4880 3763 4934 οὐδὲ
3817 4876 3872 4942 ἐξ

2294 4986 2596 5054 ἀνθρώπων
2647 4981 3090 5052 ἀπεσϐέσθησαψ
3147 4979 3260 5034 ἀλλ’
3301 4979 3409 5031 εἰσὶ
3469 4977 3564 5047 μὲν
3621 4975 3717 5030 καί
3771 4973 3871 5040 ὑφ·-

2297 5079 2623 5147 εστήκασιν·
2666 5073 2808 5126 οὕτω
2860 5073 2916 5124 δὲ
2955 5073 3032 5136 ὡς
3091 5068 3555 5138 καταϐεϐλημένα
3602 5067 3698 5120 καὶ
3747 5080 3871 5118 κατ-

2296 5166 2649 5238 ενηνεγμένοι
2710 5161 2778 5237 ἦς
2841 5163 3005 5219 πάλαι
3055 5163 3284 5232 ἡξίωντο
3337 5161 3486 5231 παρὰ
3531 5158 3651 5229 Θεῷ
3688 5158 3868 5226 τιμῆς.

2311 5258 2470 5310 Ἂλλὰ
2522 5258 2615 5311 καὶ
2675 5256 3059 5327 διασκόρπισον
3122 5254 3316 5316 αὐτοὺς
3345 5292 3360 5315 ,
3423 5252 3617 5322 φησιν,
3683 5249 3742 5300 ὲν
3809 5249 3871 5316 τῇ

2297 5350 2546 5419 δυνάμει
2611 5365 2758 5404 σου·
2819 5348 2851 5418 ἢ
2891 5345 3031 5401 κατὰ
3083 5347 3175 5400 τὸν
3205 5346 3528 5416 Σύμμαχον·
3599 5337 3870 5395 Ἀναστὰ-

2299 5447 2494 5496 τωσον·
2537 5441 2759 5507 αὐτοὺς
2797 5438 2869 5507 τῇ
2911 5438 3160 5508 δυνάμει
3208 5453 3344 5491 σου.
3387 5437 3451 5490 Ὅ
3487 5433 3552 5504 δὴ
3606 5432 3702 5486 καὶ
3745 5429 3870 5484 αὐτὸ

2294 5534 2354 5587 τὸ
2383 5536 2614 5604 πρᾶγμα
2649 5533 3042 5604 ἐναργέστερον
3076 5529 3276 5592 παντὸς
3317 5527 3476 5596 λόγου
3525 5526 3868 5597 παρίστησιν,

2293 5626 2606 5700 ἅπανταχοῦ
2626 5627 2730 5698 γῆς
2752 5625 2845 5680 τοῦ
2875 5625 3141 5681 Ἰουδαίων
3165 5623 3347 5688 ἔθνους
3369 5617 3867 5691 διεσκορπισμένου,
