4100 6442
223 387 346 446 515

1407 393 1914 454 (ΞΟΜΜΕΝΤΑΒΙᾹ
1953 393 2020 450 ΙΝ
2057 389 2396 450 PSALMOS.

3433 391 3540 448 316

223 511 332 568 καὶ
373 511 708 572 ἀναστάτου
753 516 1112 586 τυγχάνοντος
1137 533 1150 547 ·
1194 516 1322 570 ὥστ’
1359 521 1406 572 εί
1439 517 1582 590 μέγα
1609 521 1858 592 φρονοῖεν

1967 523 2228 587 protector
2267 529 2412 568 meus
2445 509 2686 564 Domine.
2721 507 2830 566 Sed
2865 507 3030 566 etiam
3061 507 3212 582 quod
3249 497 3358 566 non
3389 525 3546 582 pent-

223 609 330 662 ὲττὶ
373 609 580 680 τούτῳ
619 609 858 664 Ἰουδαῖοι
877 649 892 674 ,
925 611 1002 674 ὡς
1029 611 1202 666 πάντα
1259 611 1596 683 πληροῦντες
1625 613 1692 666 τὰ
1725 613 1856 684 ἔθνη

223 715 310 754 ’.τα
321 703 402 774 pi
429 721 500 756 τε
531 703 832 776 βαρϐάροις
857 705 952 758 καὶ
977 704 1036 756 ὲν
1065 703 1252 774 μέσοις
1275 704 1532 774 Ἕλλησιν
1554 705 1854 768 οἰκοῦντες·

223 793 354 846 ἀλλ’
419 793 696 856 ἴστωσαν,
747 797 828 848 ὅτι
901 795 958 848 ὲν
1005 795 1252 866 κατάρας
1319 787 1468 868 λόγῳ
1507 797 1682 850 ταῦτα
1729 797 1860 868 περὶ

225 885 430 940 αὐτῶν
465 885 812 952 ὲθεσπίζετο.
831 887 894 938 'H
915 885 1044 956 γοῦν
1073 887 1326 958 παροῦσα
1355 887 1660 958 προφητεία
1695 887 1860 958 φησιν

231 979 376 1050 περὶ
405 979 638 1034 αὐτῶν*
671 981 1116 1047 Διασκόρπισον
1151 979 1376 1044 αὐτοὺς
1401 979 1472 1032 ἐν’
1507 977 1582 1046 τῇ
1609 975 1860 1046 δυνάμει

227 1085 394 1136 acu,
463 1071 576 1126 καί
633 1069 930 1142 κατάγῃ-χιε
989 1071 1212 1136 αὐτοὺς
1233 1111 1248 1134 ,
1305 1074 1340 1124 ό
1399 1067 1858 1138 ὑπερασπιστὴς

229 1183 358 1236 μου
409 1167 629 1236 Κύριε.
689 1165 848 1220 Ἀλλά
903 1166 998 1219 καὶ
1041 1165 1104 1218 τὸ
1155 1165 1230 1236 μὴ
1275 1165 1506 1234 πάμπαν
1551 1163 1748 1226 αὐτοὺς
1802 1161 1862 1226 ἐξ

231 1257 576 1330 ἀνθρώπων
611 1255 906 1328 ἠφανίσθαι
955 1255 1208 1328 σημαίνει
1255 1253 1518 1324 λέγουσα·
1573 1253 1670 1322 Μὴ
1715 1253 1864 1306 ἀπο·

235 1349 510 1418 κτείνῃς
535 1349 782 1414 αῠτοὺς,
821 1345 1054 1418 μήποτε
1097 1345 1496 1400 ἐπιλάθωνται
1555 1345 1662 1398 τοῦ
1707 1343 1862 1398 λαοῦ

233 1455 384 1496 σου.
443 1441 516 1500 El.
565 1441 676 1512 γὰρ
707 1435 846 1510 ἦσαν
885 1437 946 1502 ἐξ
973 1435 1276 1508 ἀνθρώπων
1317 1435 1728 1506 ἀφανισθέντες,
1767 1435 1864 1488 καὶ

241 1528 542 1604 μηδαμῷς
587 1531 646 1582 ὲν
695 1527 860 1592 ζῶσιν
907 1527 1096 1590 ὄντες,
1135 1527 1234 1578 οὐκ
1277 1523 1342 1578 ἂν
1369 1519 1532 1590 εἶδον,
1573 1525 1728 1594 φησι,
1771 1523 1864 1578 τὸν

235 1621 384 1694 ἐμὸν
437 1621 580 1674 λαὸν
609 1659 626 1684 ,
679 1619 788 1674 οὐδ’
839 1617 904 1674 ἂν
955 1617 1200 1686 ἔγνωσαν
1247 1615 1520 1670 ἀνθοῦσαν
1573 1615 1672 1686 τὴν
1726 1615 1864 1688 ἐμὴν

253 1711 616 1784 Ἐκκλησίαν
643 1725 656 1740 ·
703 1709 816 1764 ἀλλ’
851 1711 938 1764 ἴνα
971 1709 1244 1780 βλέπωσιν
1271 1707 1444 1780 αὐτὴν
1471 1707 1566 1762 καὶ
1611 1707 1702 1760 τὸν
1733 1705 1864 1778 ὲμδν

237 1803 516 1876 θεωρῶσι
561 1803 714 1868 λαὸν,
765 1801 840 1874 μὴ
873 1801 1202 1872 ἀποκτείνῃς
1233 1801 1332 1872 μὲν
1363 1799 1582 1864 αὐτοὺς,
1611 1797 1866 1870 διασκόρ-

1963 617 2056 664 tus
2077 623 2144 662 ex
2167 605 2484 662 hominibus
2505 601 2666 658 deleti
2699 601 2832 666 sint,
2857 601 2946 658 his
2969 601 3198 670 indicat,
3221 599 3307 656 Ne
3331 603 3546 658 occidas

1959 715 2074 762 eos,
2107 695 2384 766 nequando
2411 693 2794 750 obliviscantur
2841 691 3024 764 populi
3077 693 3174 748 tui.
3225 691 3364 748 Nam
3397 693 3446 750 si
3477 709 3548 750 ex

1963 788 2284 844 hominibus
2315 779 2516 842 sublati
2549 791 2760 848 essent,
2797 799 2976 854 neque
3003 783 3238 840 ulterius
3279 783 3424 840 inter
3471 783 3550 838 vi-

1961 896 2062 936 vos
2089 887 2538 944 numerarentur.
2573 897 2942 952 nequaquam,
2967 883 3064 946 ait,
3095 883 3346 938 viderent
3371 895 3548 952 popu-

1963 973 2076 1030 lum
2103 989 2308 1040 meum,
2341 991 2522 1046 neque
2555 975 2838 1032 ﬂorentem
2881 975 3184 1032 Ecclesium
3217 981 3550 1046 meam‘per-

1961 1077 2258 1122 noscerent
2293 1085 2306 1120 :
2339 1067 2434 1122 sed
2475 1075 2536 1122 ut
2569 1083 2688 1122 eam
2719 1075 2776 1124 et
2817 1069 3078 1140 populum
3109 1083 3292 1124 meum
3333 1067 3550 1140 conspi-

1963 1157 2136 1222 ciant,
2161 1171 2232 1214 ne
2263 1157 2512 1222 occidas,
2543 1159 2640 1214 sed
2683 1159 2974 1230 dispergas
3005 1175 3100 1218 eos
3129 1161 3334 1232 ubique
3365 1167 3545 1216 terra-

1963 1265 2112 1314 rum,
2141 1251 2238 1306 ubi
2265 1249 2514 1308 Ecclesia
2549 1265 2672 1308 mea
2701 1253 3094 1310 constituenda
3115 1259 3236 1322 est;
3267 1261 3328 1308 ut
3373 1269 3546 1325 pepu-

1965 1339 2078 1394 lum
2119 1355 2326 1405 meum,
2357 1341 2770 1414 Ecelesiamque
2821 1359 2922 1412 per
2971 1351 3146 1398 totum
3175 1339 3366 1400 orbem
3397 1359 3428 1398 a
3457 1359 3548 1400 me

1965 1431 2248 1486 fultdatalu
2281 1433 2552 1496 videntes,
2585 1435 2652 1488 ad
2697 1435 3100 1490 aemulationem
3143 1435 3428 1506 religionis
3459 1449 3550 1490 ac-

1965 1521 2202 1586 cedant;
2235 1523 2598 1594 exemploque
2643 1525 2830 1596 populi
2865 1541 2932 1580 ex
2963 1525 3222 1596 gentibus
3263 1527 3544 1590 conversi,

1965 1613 2304 1686 ipsiquoqne
2325 1615 2620 1670 insanabili
2669 1615 3072 1688 incurabilique
3093 1633 3195 1674 suo
3223 1617 3550 1674 idololatriae

1967 1707 2114 1762 ma‘lo
2143 1707 2302 1762 linem
2337 1709 2640 1778 iinponant.
2669 1707 2796 1765 Haec
2827 1709 3014 1782 itaque
3037 1725 3138 1782 pro
3161 1709 3272 1766 illis
3297 1709 3550 1766 Salvator

1967 1805 2222 1870 precatu
2263 1807 2368 1866 est,
2403 1799 2624 1856 Patrem
2655 1803 2980 1868 obsecrans,
3021 1819 3090 1860 ne
3139 1803 3548 1868 occiderentur,

241 1909 418 1948 πισον
467 1893 528 1948 δὲ
579 1893 778 1958 αὐτοὺς
827 1891 1140 1962 ἁπανταχοῦ
1191 1893 1324 1962 γῆς,
1375 1889 1504 1944 ἔνθα
1546 1889 1730 1962 μέλλει
1767 1889 1862 1942 καὶ

1967 1891 2060 1947 sed
2097 1891 2152 1946 in
2183 1891 2294 1946 vita
2325 1901 2614 1950 manerent
2665 1903 2718 1950 et
2763 1903 3142 1960 servarentur,
3195 1903 3257 1950 ut
3299 1895 3552 1950 viderent

243 1985 280 2056 ἠ
315 1985 434 2058 ἐμὴ
477 1985 784 2058 Ἐκκλησία
815 1985 1198 2038 συνίστασθαιο
1245 1983 1416 2046 ὅπως,
1449 1981 1740 2052 βλέποντες
1767 1981 1860 2036 τὸν

1967 1983 2226 2052 populum
2253 1997 2438 2052 suum,
2469 1991 2524 2040 et
2557 1985 2790 2040 multum
2817 1987 2886 2041 ab
2919 2000 2986 2042 eo
3017 1985 3274 2042 utilitatis
3299 1985 3552 2057 percipe-

243 2075 388 2146 ὲμὺν
439 2073 580 2131 λαὸν
623 2077 718 2130 καὶ
759 2075 856 2148 τὴν
907 2073 1028 2128 καθ’
1083 2073 1212 2142 ὅλης
1261 2071 1360 2142 τῆς
1403 2070 1732 2142 οἰκουμένης
1765 2071 1858 2126 ὑπ’
1965 2081 2106 2130 rent.

241 2167 390 2238 ιμοῦ
433 2167 872 2240 θεμελιωθεῖσαν
923 2167 1252 2240 Ἐκκλησίαν
1272 2205 1288 2232 ,
1325 2167 1406 2230 είς
1443 2165 1606 2238 ζῆλον
1669 2165 1918 2238 ἔρχοιντο
1955 2167 2300 2238 θεοσεϐείας,
2363 2173 2456 2228 καὶ
2511 2173 2592 2246 τῷ
2645 2173 3052 2246 παραδείγματι
3109 2173 3206 2230 τοῦ
3263 2173 3324 2242 ιε
3377 2173 3552 2230 ἐθνῶν

243 2259 688 2332 ἔπιστρὲεροντος
747 2259 876 2314 λαοῦ
921 2259 1016 2314 καὶ
1063 2259 1214 2312 αὐτοὶ
1257 2257 1552 2312 παύσοιντο
1597 2275 1730 2312 ποτε
1787 2258 1884 2312 τοῦ
1955 2259 2176 2316 ἀνιάτου
2235 2265 2366 2334 παρ’
2415 2266 2600 2330 αὐτοῖς
2649 2265 2746 2320 καὶ
2800 2265 3178 2338 ἀθεραπεύτου
3229 2263 3404 2322 κακοῦ
3447 2265 3552 2338 τῆς

245 2351 734 2425 είδωλολατρείας.
785 2350 994 2404 Οὐκοῦν
1045 2351 1140 2404 καὶ
1183 2347 1354 2404 ταῦτα
1401 2349 1544 2420 ὑπὲρ
1601 2347 1780 2404 αὐτῶν
1831 2349 1862 2404 ό
1899 2351 2090 2422 Σωτὴρ
2129 2349 2352 2424 ηῦκται,
2387 2355 2604 2428 δεηθεὶς
2671 2355 2764 2410 τοῦ
2803 2357 3016 2428 Πατρός
3073 2357 3148 2428 μὴ
3195 2353 3550 2428 ἀναιρεθῆναι

249 2447 356 2518 μὲν
395 2445 638 2508 αὐτοὺς,
691 2441 872 2514 μένειν
905 2441 958 2494 δὲ
1007 2443 1065 2494 ὲν
1103 2439 1182 2512 τῷ
1229 2439 1330 2512 βίῳ
1363 2441 1456 2494 καὶ
1497 2439 1858 2510 φυλάττεσθαι
1895 2443 1988 2496 ἐπὶ
2013 2445 2090 2514 τῷ
2121 2443 2348 2518 θεωρεῖν
2377 2447 2470 2502 τὸν
2503 2447 2670 2500 αὐτου
2703 2447 2830 2502 λαὸν
2865 2449 2956 2502 καὶ
2989 2449 3200 2520 μεγάλα
3263 2445 3323 2512 ἑξ
3383 2443 3554 2502 αὑτοῦ

247 2539 612 2610 ὠφελεῖσθαι.

337 2683 666 2754 Ἆμαρτιάν
685 2685 984 2754 στόματος
1015 2681 1234 2748 αὐτῶν,
1255 2683 1458 2756 ’λόγον
1475 2683 1730 2756 χειλέων
1755 2685 1864 2740 αὑ-

247 2773 410 2828 τῶνο
449 2777 552 2828 καί
579 2773 1116 2844 συλληφθήτωσαν
1141 2775 1214 2828 ἐν
1243 2773 1316 2844 τῇ
1349 2777 1726 2846 ὑπερηφανίᾳ
1751 2779 1864 2832 αὺ-

157 2875 162 2884 ·
255 2865 398 2920 τῶν.
435 2867 612 2922 Πάλιν
645 2865 924 2922 κάνταῦθα
941 2867 1040 2940 τὴν
1061 2869 1240 2922 αἰτίαν
1269 2869 1570 2942 παρίστησι
1589 2869 1698 2922 τῶν
1731 2885 1864 2940 προσ

255 2958 586 3030 λεχθέντων.
629 2959 728 3014 Διά
749 2959 802 3012 τί
831 2957 940 3028 γάρ
991 2959 1172 3014 ταῦτα
1211 2959 1400 3013 παθεῖν
1435 2961 1636 3024 αὐτοὺς
1683 2961 1860 3030 ἠξίου,

259 3051 588 3119 ἀναγκαίως
641 3049 882 3104 διδάσκει
925 3049 1104 3120 λέγων
1125 3067 1138 3082 '
1171 3051 1250 3104 Δι’
1287 3051 1560 3122 ἁμαρτίαν
1595 3053 1862 3122 στόματος

2035 2681 2204 2740 Vens.
2235 2684 2322 2738 l5.
2369 2681 2634 2738 Delie-tum
2677 2685 2786 2738 oris
2826 2700 3008 2740 eorum
3047 2701 3344 2742 sermonem
3379 2687 3554 2744 labia.-

1965 2793 2082 2830 rum
2113 2777 2386 2844 ipsorum;
2425 2785 2476 2830 et
2509 2776 3020 2846 comprehendantur
3059 2779 3116 2832 in
3145 2778 3392 2848 superbia
3425 2795 3548 2836 sua.

1965 2865 2064 2920 llic
2095 2881 2316 2922 rursum
2343 2874 2772 2922 memoratorum
2791 2881 3020 2922 causam
3047 2870 3244 2940 aperit.
3265 2871 3380 2926 Cur
3399 2871 3548 2928 enim

1971 2959 2122 3030 ipsos
2151 2958 2266 3014 haec
2301 2959 2412 3030 pati
2445 2961 2738 3031 rogaverit,
2769 2961 3088 3016 necessario
3105 2962 3306 3018 edocet
3333 2965 3548 3028 dicens,

1971 3059 2197 3122 propter
2225 3051 2484 3108 delictum
2515 3053 2630 3108 oris
2657 3067 2872 3116 eorum,
2917 3063 2972 3108 et
3027 3069 3336 3110 sermonem
3379 3057 3552 3114 labio-

261 3139 472 3206 αὐτῶν,
511 3141 604 3194 καὶ
651 3137 740 3194 διὰ
783 3139 876 3194 τὸν
928 3139 1086 3208 λόγον
1117 3139 1224 3194 τῶν
1251 3137 1478 3210 χειλέων
1519 3135 1718 3194 αὐτῶν.
1751 3141 1864 3194 Καὶ

1969 3157 2092 3196 rum
2125 3143 2390 3212 ipsorum.
2427 3140 2493 3196 Et
2531 3141 2722 3196 mirari
2775 3143 2924 3198 subit
2957 3143 3330 3214 praedictionis
3371 3149 3552 3202 sancti

263 3231 380 3286 ἔστι
405 3231 690 3303 θαυμάσαι
725 3231 784 3286 τὸ
825 3231 1053 3306 ἀκριϐὲς
1098 3231 1200 3304 τῆς
1227 3231 1322 3284 τοῦ
1357 3233 1516 3300 ἁγίου
1547 3231 1866 3304 Πνεῦματος

189 3345 196 3352 ·
265 3325 652 3396 προρρήσεως.
697 3323 918 3396 Ἐπειδὴ
957 3323 1066 3396 γάρ
1111 3323 1210 3378 οὐκ
1245 3323 1402 3378 αὐτοὶ
1437 3323 1700 3388 Ἰουδαῖοι,
1723 3323 1866 3376 κατά

263 3411 360 3466 τὸν
391 3411 490 3466 τοῦ
527 3411 776 3484 Σωτῆρος
799 3411 958 3484 ἡμῶν
983 3411 1172 3484 καιρὸν
1193 3411 1282 3466 τὸν
1303 3411 1532 3466 θάνατον
1569 3413 1718 3484 αὐτῷ
1755 3415 1868 3486 εἰρ-

267 3503 540 3572 γάσαντο,
583 3503 866 3576 Ῥωμαϊκῇ
895 3499 952 3556 δὲ
1003 3505 1148 3576 χειρὶ
1185 3501 1326 3558 τοῦτ’
1363 3503 1682 3576 ἐπράττετο,
1717 3505 1868 3558 δικά-

269 3593 462 3660 ζοντος
493 3597 594 3666 μὲν
631 3593 888 3660 Πιλάτου,
916 3593 1282 3648 διαλαθόντων
1305 3594 1362 3648 δὲ
1391 3594 1738 3666 στρατιωτῶν
1773 3595 1867 3648 καὶ

271 3686 678 3756 ἀπαγαγόντων
703 3685 888 3752 αὑτὸν,
923 3685 1195 3742 Ἰουδαίων
1226 3685 1280 3738 δὲ
1311 3687 1514 3738 τούτων
1541 3685 1662 3756 μηδ’
1689 3683 1866 3738 ὁτιοῦν

273 3777 656 3850 πεποιηκότων
677 3793 692 3808 °
725 3777 952 3840 εἰκότως
973 3777 1074 3830 οὐκ
1097 3775 1230 3830 αὐτὸ
1251 3775 1312 3828 τὸ
1331 3775 1492 3848 ἔργον
1517 3775 1610 3830 τοῦ
1635 3773 1866 3828 θανάτου

273 3869 486 3934 τούτοις
535 3869 848 3940 ἀνατίθησι,
891 3867 1026 3924 ἀλλά
1073 3867 1172 3940 τὴν
1217 3869 1418 3922 αἰτίαν.
1453 3867 1522 3920 Ui
1545 3883 1604 3920 τε
1629 3867 1738 3938 γάρ
1771 3867 1868 3938 ἄρ-

275 3977 465 4032 χοντες
499 3959 606 4016 τῶν
647 3959 946 4024 Ἰουδαίων,
977 3959 1251 4032 συνέδριον
1283 3959 1662 4032 ποιησάμενοι,
1691 3961 1868 4014 πᾶσαν

275 4055 540 4130 ἐκίνησαν
603 4051 870 4126 μηχανὴν,
917 4051 1064 4114 ὅπως
1097 4052 1260 4106 αὐτὸν
1307 4049 1678 4124 ἀπολέσωσιν·
1709 4049 1764 4104 οῖ
1807 4067 1868 4102 τε

277 4149 492 4214 τούτοις
521 4147 870 4220 χαριζόμενοι
921 4143 1368 4218 ψευδομάρτυρες
1399 4143 1494 4198 καὶ
1535 4143 1868 4212 συκοφάνται

279 4241 360 4306 είς
391 4241 688 4312 πρόσωπον
727 4239 962 4312 ἔστησαν
1003 4235 1098 4290 τοῦ
1131 4235 1412 4308 Σωτῆρος·
1447 4233 1476 4288 ὃ
1507 4251 1566 4288 τε
1607 4236 1714 4298 πᾶς
1742 4233 1870 4298 λαὸς

279 4337 486 4402 φωναῖς
511 4333 604 4386 καὶ
629 4331 862 4404 χείλεσιν
889 4329 1112 4392 οἰκείοις
1143 4325 1206 4382 τὸ
1237 4319 1378 4399 αἷμα
1397 4323 1566 4380 αὐτοῦ
1591 4325 1710 4380 καθ’
1743 4327 1870 4380 ἑαυ-

279 4425 384 4480 τῶν
413 4425 512 4480 καὶ
541 4423 682 4478 κατά
709 4421 818 4476 τῶν
843 4421 988 4476 ἰδίων
1013 4417 1220 4472 παίδων
1247 4416 1598 4490 ἐζητήσαντο.
1629 4415 1868 4480 Εἰκότως

1971 3231 2214 3304 Spiritus
2245 3235 2681 3290 accurationem.
2715 3233 2856 3302 Quia
2889 3235 3036 3290 enim
3083 3243 3329 3307 tempore
3368 3237 3554 3294 Salva-

1967 3325 2108 3382 toris
2139 3327 2338 3390 nostri,
2363 3341 2472 3380 non
2491 3323 2668 3380 Judaei
2703 3325 2809 3396 ipsi
2841 3335 3074 3382 mortem
3095 3327 3428 3394 intulerunt,
3451 3330 3550 3386 sed

1967 3419 2342 3474 Romanorum
2361 3431 2526 3472 manu
2557 3415 2610 3472 id
2647 3423 2928 3488 peractum
2951 3427 3058 3482 est,
3079 3417 3352 3488 judicium
3375 3419 3554 3476 Pilato

1969 3507 2200 3572 ferente,
2230 3507 2502 3564 militibus
2531 3507 3130 3578 comprehendentibus
3167 3516 3222 3564 et
3271 3511 3554 3568 abducen-

1969 3599 2118 3654 tibus
2163 3613 2312 3664 cum,
2363 3607 2422 3654 et
2472 3613 2502 3654 a
2555 3597 2760 3654 Judaeis
2797 3597 2932 3652 nihil
2964 3611 3156 3654 eorum
3207 3609 3390 3656 actum
3435 3609 3552 3670 est;

1963 3693 2090 3764 jure
2115 3691 2226 3748 illis
2265 3707 2374 3748 non
2405 3692 2586 3764 ipsum
2617 3693 2772 3754 necis
2799 3701 2982 3750 actum
3005 3695 3258 3760 ascribit,
3289 3694 3384 3750 sed
3415 3709 3553 3750 cau-

1969 3797 2108 3838 sam.
2159 3781 2446 3852 Principes
2497 3797 2736 3852 namque
2781 3781 3098 3838 Judaaorum
3139 3783 3434 3838 concilium
3465 3783 3554 3840 in-

1969 3885 2188 3938 euntes,
2225 3875 2432 3930 nullam
2459 3889 2570 3928 non
2621 3873 2938 3928 machinam
2985 3882 3298 3936 moverunt,
3331 3881 3392 3928 ut
3425 3887 3554 3928 eum

1971 3967 2296 4038 perderent;
2324 3963 2449 4018 lalsi
2483 3971 2652 4020 testes
2677 3971 2858 4018 autem
2885 3971 2940 4020 et
2963 3963 3336 4036 sycophantae,
3359 3977 3552 4018 eorum

1969 4057 2204 4126 gratiam
2229 4043 2594 4124 aucupantes,
2626 4055 2680 4108 in
2713 4063 3012 4123 conspectu
3047 4051 3352 4110 Salvatoris
3383 4059 3556 4110 stete-

1971 4155 2100 4202 runt
2125 4162 2142 4214 ;
2173 4151 2430 4214 totusque
2461 4143 2696 4214 populos
2731 4143 2962 4198 vocibus
2995 4141 3267 4212 labiisque
3289 4143 3408 4198 suis
3429 4156 3558 4198 san-
3635 4199 3638 4202 ,

1971 4237 2190 4308 guinem
2213 4235 2336 4304 ejus
2363 4249 2530 4306 super
2573 4249 2634 4290 se
2669 4241 2724 4288 et
2753 4249 2918 4304 super
2955 4233 3096 4288 ﬁlios
3129 4247 3264 4288 suos
3313 4233 3556 4304 expetie-

1973 4337 2102 4384 ruut
2133 4347 2148 4384 :
2179 4329 2304 4400 jure
2344 4341 2478 4396 ergo
2509 4339 2618 4380 non
2649 4323 2806 4382 necis
2835 4323 3070 4392 facinus,
3119 4339 3282 4394 quam
3309 4323 3552 4380 decrevit

1970 4421 2204 4486 Pilatus,
2233 4425 2620 4492 perpetrarent
2665 4417 2868 4474 milites
2907 4417 3050 4488 ejus,
3095 4425 3400 4482 memorat;
3453 4415 3550 4472 sed

280 4513 370 4574 οῦν
419 4519 450 4572 ὁ
479 4514 670 4588 παρὼν
703 4515 860 4584 λόγος
913 4513 976 4568 οὐ
1021 4511 1123 4584 τῆς
1167 4509 1263 4564 τοῦ
1315 4507 1546 4562 θανάτου
1590 4505 1862 4580 πράξεως,

1971 4513 2282 4586 principatu
2325 4511 2676 4568 sacerdotum
2713 4509 3204 4580 conspirationem,
3249 4508 3556 4582 sycophan-

283 4613 348 4684 ῆν
377 4611 550 4684 ὥρισε
581 4609 680 4680 μὲν
725 4605 978 4670 Πιλᾶτος,
1029 4601 1394 4675 διεπράξαντο
1420 4601 1478 4656 δὲ
1509 4601 1556 4654 οἱ
1590 4601 1680 4654 ὑπ’
1717 4599 1866 4670 αὐτῷ

285 4704 630 4776 στρατιῶται,
687 4697 1038 4771 μνημονεύει,
1083 4693 1224 4750 ἀλλά
1277 4693 1376 4764 τῆς
1425 4691 1532 4746 τῶν
1567 4691 1866 4764 ἀρχιερέων

287 4793 578 4864 συσκευῆς,
621 4793 714 4846 καὶ
755 4791 858 4862 τῆς
881 4789 990 4844 τῶν
1033 4785 1384 4858 συκοφαντῶν
1415 4783 1740 4858 μαρτυρίας,
1769 4783 1869 4854 τῆς

283 4903 340 4940 τε
397 4885 586 4958 φωνῆς
641 4883 736 4938 τοῦ
777 4883 1014 4954 πλήθους
1065 4879 1456 4952 ἐπιϐοήσαντος
1511 4877 1633 4932 κατ’
1679 4873 1864 4930 αὑτοῦ.

285 4981 372 5036 Διό
399 4997 590 5052 φησιν·
637 4977 948 5048 Ἀλιαρτίαν
966 4975 1266 5044 στόματος
1283 4969 1500 5032 αὐτῶν,
1537 4971 1726 5042 λόγον
1751 4985 1868 5036 χει-

283 5071 440 5126 λέων
467 5070 666 5126 αὐτῶν
687 5087 700 5102 ’
731 5069 864 5122 ὼσεὶ¹
891 5067 1042 5136 ἔλεγε
1079 5065 1410 5136 σαφέστερον
1431 5080 1444 5094 ·
1479 5063 1558 5116 Δι’
1591 5059 1868 5134 ἁμαρτίαν

289 5163 554 5236 στόματος
579 5161 780 5226 αὐτῶν,
819 5160 914 5214 καὶ
953 5157 1044 5212 διὰ
1087 5155 1240 5226 λόγον
1269 5155 1492 5227 χειλέων
1519 5151 1720 5208 αὐτῶν.
1773 5151 1872 5204 Διά

287 5257 394 5329 γάρ
423 5255 596 5310 ταῦτα
621 5255 1062 5322 διασκόρπισον
1085 5247 1311 5314 αὐτοὺς
1341 5245 1416 5314 τῇ
1443 5243 1692 5314 δυνάμει
1727 5259 1866 5304 σου,

289 5349 386 5404 καί
411 5347 708 5418 και-ἄγαγε
735 5345 980 5410 αὐτοὺς,
997 5345 1030 5396 ό
1051 5339 1514 5410 ὑπερασπιστὴς
1523 5355 1644 5408 μου
1669 5337 1866 5406 Κύριε.

289 5439 441 5496 Κατά
472 5437 528 5494 δὲ
563 5441 656 5494 τὸν
701 5438 1020 5510 Σύμμαχον,
1067 5433 1358 5504 Ἀμαρτίςι,
1393 5431 1548 5502 φησι,
1581 5426 1690 5482 τοῦ
1733 5427 1872 5482 στό-

285 5549 469 5604 ματος
489 5531 710 5596 αὐτῶν,
735 5528 936 5596 καὶτῷ
963 5527 1124 5596 .ldm)
1145 5525 1264 5578 τῶν
1295 5523 1544 5594 χειλέων
1581 5515 1780 5574 αὐτῶν
1805 5515 1874 5572 τά

293 5625 654 5698 προλεχθέντα
713 5623 896 5686 αὐτοῖς
961 5616 1388 5690 ἐπαχθήσεσθαι.
1437 5611 1548 5668 Καὶ
1593 5609 1868 5680 ἐπιλέγει·

295 5717 398 5772 Καί
423 5705 958 5786 ἁυλληεοθήτωσαν
999 5713 1070 5766 ἐν·
1103 5709 1176 5778 τῇ
1223 5703 1602 5776 ὑπερηφανίᾳ
1635 5699 1868 5756 αὐτῶν*

293 5805 346 5880 ἢ,
379 5807 518 5864 κατά
549 5807 640 5862 τὸν
672 5805 990 5878 Σύμμαχον,
1021 5799 1556 5874 Συλληερθήτωσιιν
1583 5795 1734 5866 μετὰ
1763 5793 1872 5864 τῆς

1971 4613 2152 4660 tarum
2179 4601 2578 4668 testimonium,
2607 4609 2800 4658 contra
2823 4601 3004 4673 ipsum
3035 4601 3396 4656 acclamantis
3417 4601 3552 4656 mul-

1971 4697 2228 4752 titudinis
2267 4711 2478 4752 vocem.
2521 4691 2704 4762 Quare
2747 4691 2866 4748 ait:
2901 4691 3168 4746 Delicium
3200 4691 3310 4746 oris
3343 4707 3548 4756 eorum,

1971 4805 2264 4844 sermonem
2297 4787 2560 4842 labiorum
2589 4787 2860 4854 ipsorum;
2899 4799 2964 4840 ac
2991 4783 3040 4840 si
3083 4783 3346 4854 liquidius
3397 4783 3552 4840 dice-

1973 4887 2076 4936 ret.
2103 4886 2328 4950 propter
2361 4877 2620 4932 delictum
2653 4877 2768 4932 oris
2799 4889 3014 4938 eorum,
3057 4879 3112 4930 et
3155 4881 3381 4944 propter
3431 4887 3552 4928 ser-

1971 4987 2190 5026 monem
2223 4969 2494 5026 labiorum
2525 4969 2792 5040 ipsorum.
2829 4967 2902 5022 Ea
2935 4967 3004 5022 de
3037 4980 3206 5022 causa
3227 4963 3466 5038 disperge
3481 4965 3554 5020 il-

1931 5069 1934 5072 '
1973 5063 2052 5118 los
2083 5063 2136 5116 in
2184 5061 2372 5116 virtute
2421 5071 2538 5124 tua,
2575 5069 2626 5114 et
2675 5059 2874 5129 depone
2927 5074 3038 5124 eos,
3089 5065 3356 5128 protector
3403 5073 3550 5112 incus

1973 5155 2218 5208 Domine.
2251 5151 2564 5208 Secundum
2597 5151 2988 5224 Symmachum
3019 5165 3172 5214 vero,
3199 5159 3434 5220 peccato,
3465 5149 3552 5206 in—
3605 5183 3616 5194 ε

1971 5247 2114 5316 quit,
2145 5247 2254 5302 oris
2291 5261 2494 5310 eorum,
2519 5254 2570 5300 et
2609 5245 2760 5300 verba
2791 5241 3053 5296 labiorurn
3087 5241 3326 5312 ipsorum
3359 5241 3556 5312 praedi-

1973 5347 2062 5394 cta
2087 5337 2222 5408 ipsis
2269 5337 2562 5410 iuﬂigenda
2611 5347 2762 5392 sunt.
2801 5335 2880 5392 Ac
2905 5335 3210 5408 subiungit,
3245 5343 3294 5388 et
3321 5349 3558 5406 compre-

1973 5431 2276 5486 hendantur
2313 5431 2366 5484 in
2386 5429 2638 5502 superbia
2666 5445 2788 5494 sua,
2815 5427 2932 5486 sive
2965 5429 3268 5486 secundum
3303 5425 3558 5498 Symma-

1973 5521 2164 5588 chum,
2216 5521 2724 5592 comprehendantur
2769 5537 2890 5576 cum
2945 5519 3194 5588 superbia
3243 5533 3364 5572 sua.
3417 5515 3554 5574 Nam

1975 5629 2102 5668 cum
2135 5613 2358 5684 superbi
2391 5623 2826 5684 arrogantesque
2857 5619 3066 5676 essent,
3112 5607 3424 5666 Servatoris
3455 5625 3560 5666 no-

1977 5703 2078 5760 stri
2103 5702 2360 5758 ﬁduciam
2383 5719 2494 5758 non
2519 5703 2786 5758 ferebant.
2806 5702 2987 5768 Quare
3005 5699 3242 5772 superbe
3259 5699 3558 5770 admodum

1979 5793 2246 5850 adeuntes
2289 5793 2444 5850 illum
2493 5793 2572 5850 sic
2629 5791 3038 5862 compellabant
3069 5775 3084 5848 ἑ
3119 5791 3250 5858 Quis
3289 5791 3434 5848 dedit
3465 5791 3568 5851 til‘i
