4100 6442
347 449 457 508 553

348 658 554 730 Κύριος
595 658 687 712 τὸν
715 658 876 712 Δαυῒδ
909 661 965 711 ἐν
995 663 1158 713 πᾶσιν
1181 657 1262 724 οἷς
1289 662 1601 734 ἐπορεύετο.
1653 682 1672 714 ι
1706 663 1926 728 Τούτοις

345 750 474 821 ἑξῆς
531 750 671 821 μετά
729 751 935 822 βραχέα
992 753 1339 822 ὲπιλέγεται·
1388 773 1407 806 ι
1449 755 1556 808 Kal
1607 755 1924 811 ἐϐασίλευσε

343 842 506 896 Δαυῖδ
552 844 644 896 ἐπὶ
686 842 936 916 Ἰσραήλ·
971 846 1065 898 καὶ
1090 841 1158 916 ἦν
1199 845 1363 900 Δαυῖδ
1404 846 1576 903 ποιῶν
1614 852 1788 920 κρῖμα
1831 851 1925 904 καὶ

341 933 689 1007 δικαιοσύνην
740 937 833 991 ἐπὶ
871 937 1047 991 πάντα
1064 940 1163 993 cev
1204 939 1330 993 λαὸν
1379 940 1566 996 αὐτοῦ.
1618 942 1726 995 Kal
1765 943 1923 997 Ἰωάὄ

343 1028 456 1091 υἱὸς
483 1029 750 1100 Σαρουῖας
784 1030 878 1082 ἐπὶ
923 1031 1023 1100 τῆς
1054 1033 1366 1102 στρατείας.
1407 1050 1426 1083 ι
1460 1035 1570 1086 Kal
1617 1030 1772 1098 αὖθις
1804 1035 1922 1106 μεθ’

341 1120 507 1193 ἕτερα
543 1121 792 1194 εἴρηται⁸
843 1141 861 1174 ι
905 1121 1014 1178 Kal
1048 1123 1372 1179 ἀπέστειλαν
1414 1127 1464 1180 οί
1506 1128 1611 1180 υίοὶ
1672 1127 1919 1200 Ἀμμὼν,

342 1216 434 1269 καὶ
486 1215 859 1286 ὲμισθώσαντο
903 1217 1000 1286 τὴν
1026 1219 1224 1290 Συρίαν
1267 1217 1436 1272 Ῥοὼὸ
1464 1220 1559 1272 καὶ
1595 1220 1693 1292 τὴν
1722 1222 1922 1293 Συρίαν

341 1307 512 1360 Σοὸἀλ
542 1308 716 1362 εἴκοσι
748 1308 987 1380 χιλιάδας
1023 1309 1203 1374 πεζῶν
1223 1351 1238 1374 ,
1285 1311 1378 1365 καὶ
1407 1311 1499 1364 τὸν
1539 1312 1758 1382 βασιλέα
1805 1316 1922 1368 Μα-

339 1399 448 1469 χαά
475 1400 678 1470 χιλίους
708 1402 926 1472 ἄνδρας,
959 1403 1052 1456 καὶ
1089 1403 1296 1457 Είστὼὸ
1332 1405 1399 1458 ι6⁹
1419 1405 1661 1476 χιλιάδας
1687 1408 1915 1480 ἀνδρῶν.

341 1496 450 1549 Kal
475 1496 676 1566 ἢκουσε
713 1497 890 1560 Δαυῒδ,
932 1498 1026 1551 καὶ
1056 1498 1340 1552 ἀπέστειλε
1370 1498 1466 1570 τὴν
1513 1499 1760 1570 δύναμιν,
1795 1503 1920 1564 τοὺς

337 1587 612 1652 δυνατούς.
635 1589 744 1643 Kal
771 1589 992 1660 ἐξῆλθον
1021 1591 1128 1643 υἱοὶ
1160 1589 1402 1661 Ἀμμών,
1428 1592 1522 1644 καὶ
1547 1592 1920 1664 παρετάξαντο

339 1681 574 1752 πόλεμον
609 1681 760 1753 παρά
790 1685 853 1753 τῇ
885 1680 1023 1754 θύρᾳ
1052 1684 1149 1753 τῆς
1183 1683 1357 1752 πύλης
1383 1683 1584 1754 Συρίας
1620 1684 1780 1737 Σωϐᾶ
1823 1687 1917 1740 καὶ

348 1773 518 1826 Ῥοὼ6
533 1774 626 1827 καὶ
653 1773 881 1829 Είστώό.
914 1776 1020 1827 Kal
1041 1770 1179 1828 εἶδεν
1220 1774 1398 1839 Ἰωάσ,
1426 1777 1510 1829 ὅτι
1533 1776 1764 1846 ἐγενήθη
1781 1777 1915 1847 πρὸς

333 1867 497 1922 αὐτὸν
521 1867 932 1939 ἀντιπρόσωπον
958 1866 1050 1920 τοῦ
1079 1866 1318 1938 πολέμου
1347 1868 1411 1921 ὲκ
1443 1865 1539 1921 τοῦ
1569 1866 1712 1921 κατά
1747 1868 1915 1939 πρόσ-

1475 456 1981 517 COMMENTARIA
2023 463 2088 519 IN
2127 457 2465 520 PSALMOS.

351 581 444 635 ρος
476 565 553 636 τῷ
584 563 746 619 Δαυῒδ
771 568 850 629 είς
877 564 1093 630 δούλους
1121 567 1386 646 φέροντας
1417 567 1584 634 ξένια.
1623 570 1730 624 Kal
1753 570 1901 624 ἔσωσ.

2027 573 2109 628 cis
2157 572 2459 643 interjectis
2497 574 2717 631 additur
2765 597 2778 633 :

3503 473 3616 531 εει

2849 599 2868 631 ι
2909 579 2968 635 Ει
3029 583 3282 654 regnavit
3335 583 3505 642 David
3559 587 3614 643 in

2031 659 2198 716 Israel
2222 681 2235 717 :
2267 661 2499 720 faciebat
2526 680 2744 736 quoque
2770 667 2937 724 David
2964 671 3231 740 judicium
3261 682 3316 729 et
3340 675 3613 746 justitiam

2026 755 2176 808 omni
2200 756 2400 826 populo
2427 773 2548 813 suo.
2574 757 2714 814 Joab
2738 759 2920 817 autem
2959 763 3106 820 ﬁlius
3135 763 3344 823 Sarviaa
3372 776 3494 825 erat
3521 786 3615 824 su-

2026 861 2125 916 per
2154 851 2480 905 exercitum.
2519 871 2538 904 ι
2579 852 2932 925 Rursumque
2978 866 3170 927 postea
3215 860 3460 918 dicitur:
3499 882 3518 914 ι
3551 861 3614 918 Et

2026 938 2297 993 miserunt
2324 941 2420 996 ﬁlii
2446 941 2701 1010 Ammon,
2726 953 2779 999 et
2810 949 3194 1006 conduxerunt
3225 952 3480 1010 mercede
3512 951 3612 1026 Sy-

2024 1027 2160 1081 riam
2196 1027 2353 1083 Roob
2381 1039 2436 1085 et
2468 1029 2683 1103 Syriam
2717 1032 2902 1100 Sobal,
2927 1037 3120 1108 viginti
3150 1038 3319 1093 millia
3343 1039 3613 1110 peditum,

2022 1125 2078 1173 et
2131 1133 2162 1172 a
2214 1134 2342 1191 rege
2382 1120 2609 1176 Machaa
2663 1125 2810 1180 mille
2837 1126 3009 1190 viros,
3060 1137 3116 1183 et
3147 1128 3295 1185 lstob
3321 1129 3609 1185 duodecim

2022 1209 2193 1264 millia
2248 1211 2512 1268 virorum.
2569 1215 2725 1280 Quod
2761 1232 2886 1272 cum
2937 1219 3181 1276 audisset
3225 1220 3416 1284 David,
3461 1221 3610 1278 misit

2022 1302 2324 1357 exercitum
2357 1315 2410 1359 et
2441 1305 2612 1361 fortes
2639 1306 2855 1382 [viros].
2889 1309 2953 1363 Et
2980 1312 3184 1382 egressi
3209 1323 3338 1368 sunt
3365 1314 3457 1367 lilii
3485 1313 3608 1367 Am-

2021 1408 2170 1458 mon,
2222 1401 2278 1447 et
2324 1394 2646 1451 dircxerunt
2680 1400 2850 1454 aciem
2887 1403 2953 1457 ad
2979 1404 3202 1472 januam
3234 1415 3404 1476 porta:
3435 1403 3607 1476 Syriae

2023 1483 2167 1539 Soba
2219 1494 2274 1540 ct
2303 1485 2458 1544 Roob
2491 1497 2545 1544 et
2581 1492 2745 1548 lstob.
2818 1491 3024 1550 Videns
3063 1507 3242 1552 autem
3294 1495 3433 1554 Joab
3460 1496 3606 1568 quod

2019 1585 2166 1632 esset
2212 1578 2317 1633 sibi
2345 1581 2590 1650 praelium
2620 1598 2683 1637 ex
2719 1581 2948 1640 adverso
2977 1596 3028 1640 et
3061 1601 3089 1640 a
3119 1594 3292 1659 tergo,
3331 1589 3497 1660 elegit
3535 1603 3604 1644 ex

2018 1670 2277 1727 omnibus
2305 1673 2604 1742 juvenibus
2659 1676 2847 1741 Israel,
2882 1685 2936 1733 et
2961 1678 3225 1734 instruxit
3259 1681 3434 1737 aciem
3467 1696 3604 1736 con-

2017 1770 2102 1817 tra
2135 1764 2348 1836 Syriam
2381 1767 2558 1829 "-”,i
2597 1775 2651 1822 et
2679 1776 2896 1825 caetera.
2917 1770 3129 1836 Quibus
3153 1770 3350 1829 deinde
3374 1774 3605 1844 subjun-

2017 1855 2165 1924 gitur
2191 1875 2204 1911 :
2246 1875 2266 1908 ι
2297 1856 2364 1910 Ει
2386 1858 2642 1914 viderunt
2676 1862 2820 1915 servi
2862 1861 3108 1917 Adrazar
3139 1865 3282 1935 quod
3312 1865 3604 1921 cecidisset

333 1977 482 2013 ωπον
505 1975 519 1989 ·
549 1960 644 2012 καὶ
681 1959 932 2023 ἐπέλεξεν
962 1961 1026 2012 ὲκ
1056 1959 1272 2012 πάντων
1315 1958 1424 2013 τῶν
1457 1959 1756 2014 νεανίσκων
1810 1961 1901 2012 Ἰσ-

2011 1959 2042 1998 a
2070 1945 2207 2000 facie
2247 1947 2413 2003 Israel
2441 1989 2457 2014 ,
2490 1958 2544 2004 et
2568 1950 2985 2022 transfugerunt
3007 1954 3072 2008 ad
3097 1955 3286 2022 Israel,
3316 1964 3371 2013 et
3401 1956 3603 2012 servie-

337 2053 493 2124 ραὴλ,
521 2052 615 2106 καὶ¹
643 2051 1016 2124 παρετάξαντο
1040 2050 1350 2116 ἐξεναντίας
1399 2051 1629 2124 Συρίας,
1672 2070 1690 2103 ι
1727 2051 1913 2104 καὶτὰ

331 2143 543 2208 τούτοις
593 2143 736 2215 ἑξῆς.
777 2138 872 2207 Οἷς
917 2143 1045 2214 ἑξῆς
1087 2143 1444 2214 ἐπιφέρεται⁸
1495 2162 1513 2194 ι
1550 2143 1661 2198 Kal
1689 2138 1831 2197 εἶδον
1863 2145 1911 2197 οι

329 2235 506 2290 δοῦλοι
570 2235 868 2306 Ἀδραζάρ,
903 2235 984 2288 ὅτι
1037 2233 1292 2290 ἔπταισεν
1324 2235 1633 2308 ἔμπροσθεν
1673 2235 1910 2308 Ἰσραὴλ,

330 2329 426 2382 καὶ
459 2327 833 2399 ηὐτομόλησαν
870 2326 1009 2397 μετά
1052 2327 1290 2400 Ἰσραὴλ,
1326 2329 1419 2381 καὶ
1451 2327 1771 2381 ὲδούλευσαν
1813 2329 1912 2382 αὐ-

328 2418 461 2485 τοῖς.
503 2440 521 2472 ι
555 2420 652 2474 Διά
673 2419 877 2474 τούτων
905 2420 938 2490 ἡ
971 2420 1179 2491 ἱστορία
1223 2421 1316 2475 καὶ
1355 2420 1450 2474 τοῦ
1495 2421 1782 2493 Εὐφράτου
1817 2422 1912 2475 καὶ

327 2513 426 2582 τῆς
444 2512 633 2566 Σωσάλ
669 2514 763 2566 καὶ
795 2512 894 2582 τῆς
924 2511 1126 2582 Συρίας
1159 2512 1254 2566 καί¹
1289 2510 1383 2565 τοῦ
1430 2511 1587 2565 Ἰωὰῦ
1608 2552 1622 2576 ,
1668 2513 1762 2565 καὶ
1801 2511 1910 2565 τῶν

331 2606 397 2658 ιε’
446 2605 698 2677 χιλιάδων
747 2605 1143 2676 ἐμνημόνευσε,
1205 2605 1299 2659 καὶ
1350 2605 1427 2666 ώς
1481 2605 1588 2660 τῶν
1636 2605 1910 2676 πολεμίων

325 2695 583 2750 ἀπάντων
634 2697 974 2767 περικρατὴς
1026 2696 1248 2766 γέγονεν
1296 2698 1324 2749 ό
1356 2695 1550 2750 Δαυῖδ·
1595 2697 1745 2761 ὅπως
1787 2714 1848 2750 τε
1880 2697 1910 2750 ὁ

326 2787 765 2860 ἀρχιστράτηγος
822 2787 986 2841 αὐτοῦ
1049 2788 1236 2852 mea,
1291 2787 1744 2860 παραταξάμενος
1797 2793 1908 2854 τοῖς

324 2878 660 2949 ἀλλοφύλοις,
695 2879 1039 2952 ὑποχειρίους
1070 2881 1268 2944 αὐτοὺς
1315 2880 1544 2952 εἰλήφει.
1588 2881 1796 2942 Αὐτοὺς
1841 2880 1906 2952 δὴ

323 2966 417 3024 οὖν
451 2969 710 3034 ἐκείνους,
739 2970 860 3024 καθ’
881 2971 975 3034 οὒς
999 2971 1169 3026 ταῦτα
1201 2973 1500 3044 ἐπράττετο
1519 3012 1533 3036 ,
1580 2973 1838 3044 σημαίνει
1869 2975 1902 3045 ἡ

325 3063 464 3134 μετά
481 3066 666 3135 χεῖρας
692 3062 1084 3135 στηλογραφία.
1114 3066 1271 3120 Κατά
1298 3066 1354 3119 δὲ
1380 3065 1472 3120 τὸν
1514 3065 1808 3138 Σύμμαχον
1837 3065 1906 3121 τά

318 3157 420 3227 τῆς
453 3158 777 3230 προγραφῆς
819 3158 990 3222 οὕτως
1019 3159 1163 3230 ἔχει·
1201 3178 1221 3210 ‹
1275 3159 1568 3214 Ἐπινίκιον
1617 3160 1759 3233 ὑπὲρ
1796 3160 1905 3214 τῶν

2017 2049 2145 2093 runt
2178 2039 2314 2110 ipsis
2339 2043 2406 2097 ’⁷.
2446 2061 2464 2094 ›
2499 2041 2596 2098 His
2619 2043 2874 2106 historia,
2907 2042 3091 2108 Sobal,
3121 2045 3358 2117 Syriam,
3389 2044 3528 2102 Joab
3549 2056 3604 2102 et

2013 2131 2300 2187 duodecim
2334 2135 2506 2190 millia
2551 2145 2852 2202 memorat,
2887 2145 3186 2208 narratque
3217 2137 3472 2195 Davidem
3505 2139 3602 2194 ini-

2011 2224 2186 2280 micos
2228 2241 2420 2283 omnes
2449 2228 2788 2296 debellassc,
2839 2246 2904 2286 ac
2952 2231 3147 2288 ducem
3177 2232 3452 2289 exercitus
3477 2233 3600 2302 ejus

2009 2312 2147 2370 Joab
2175 2318 2443 2373 instructa
2479 2327 2670 2374 contra
2715 2321 3018 2394 allophylos
3050 2325 3185 2388 acie,
3233 2324 3386 2394 ipsos
3435 2327 3600 2396 capti-

2010 2422 2110 2464 vos
2140 2409 2338 2480 egisse.
2389 2411 2624 2468 Eosdem
2657 2415 2840 2486 itaque
2869 2415 2955 2471 his
2986 2418 3206 2473 attritos
3230 2417 3478 2473 cladibus
3514 2419 3601 2472 in-

2010 2499 2160 2554 dicat
2188 2517 2431 2572 praesens
2464 2505 2605 2559 tituli
2637 2506 2944 2578 inscriptio.
3001 2506 3312 2564 Secundum
3345 2508 3597 2582 Symma-

2009 2593 2173 2648 chum
2224 2605 2406 2652 autem
2459 2599 2541 2653 sic
2583 2600 2777 2656 titulus
2811 2600 3016 2658 habet:
3059 2619 3078 2654 ι
3110 2601 3464 2674 Triumphale
3500 2619 3600 2674 pro

2008 2681 2234 2740 ﬂoribus
2266 2687 2490 2743 humilis
2520 2697 2574 2744 et
2600 2689 2864 2762 inculpati
2899 2691 3137 2757 Davidis,
3167 2693 3235 2748 ad
3261 2693 3595 2760 doctrinam,

2007 2790 2133 2830 cum
2171 2777 2394 2834 incensa
2429 2778 2582 2852 Syria
2617 2781 3055 2854 Mesopotamiae,
3100 2793 3155 2840 et
3204 2783 3360 2858 Syria
3405 2785 3592 2852 Sobal,

2008 2884 2263 2926 reversus
2306 2869 2445 2925 Joub
2493 2874 2768 2942 percussit
2796 2873 2964 2929 Edom
2999 2877 3053 2930 in
3091 2877 3234 2931 valle
3265 2874 3411 2933 Salis
3457 2878 3596 2932 duo-

2005 2956 2183 3014 decim
2211 2959 2402 3014 millia.
2444 2980 2463 3013 ι
2535 2961 2611 3015 Ex
2642 2965 2904 3032 temporis
2936 2980 3098 3034 porro
3133 2974 3263 3020 nota
3293 2966 3596 3036 deprchen-

2006 3048 2157 3103 ditur
2183 3049 2298 3105 haec
2318 3051 2465 3105 dicta
2501 3050 2693 3117 fuisse,
2716 3068 2841 3107 cum
2873 3053 3037 3109 David
3069 3071 3307 3126 regnans
3331 3071 3596 3128 prospere

2006 3151 2215 3215 ageret,
2251 3159 2449 3215 resque
2487 3160 2714 3216 magnas
2749 3156 3108 3218 perpetraret,
3163 3157 3290 3204 ante
3327 3148 3594 3208 Bersabee

319 3247 498 3300 ἀνθῶν
523 3247 616 3300 τοῦ
639 3249 1060 3320 ταπεινόφρονος
1085 3251 1178 3303 καὶ
1225 3248 1458 3322 ἀμώμου
1491 3251 1586 3304 τοῦ
1610 3250 1793 3315 Δαυῖδ,
1823 3254 1903 3315 εἰς
1929 3295 1968 3353 C
2007 3234 2327 3353 Ρίδιοτίθηζξ
2364 3250 2488 3353 cui"
2526 3237 2696 3353 P7013?
2716 3246 2772 3291 εί
2800 3254 2862 3293 ex
2903 3249 3148 3353 Villii“
3179 3239 3593 3353 iPSI‘ceqfl'en-‘o

316 3337 584 3409 διαδοχὴν,
612 3339 795 3394 ὁπότε.
826 3341 1116 3410 ἐμπρήσας
1151 3339 1250 3410 τὴν
1275 3340 1475 3412 Συρίαν
1504 3342 1603 3412 τῆς
1652 3343 1901 3396 Μεσοπο-

316 3433 538 3503 ταμίας,
569 3434 660 3486 xal
692 3432 788 3503 τὴν
817 3432 1014 3504 Συρίαν
1037 3432 1244 3495 mea,
1269 3434 1362 3488 καὶ
1390 3433 1688 3506 ἀνέστρεψε
1718 3433 1894 3497 Ἰωάϐ,

316 3525 413 3578 καὶ
443 3523 679 3590 ἐπάταξε
735 3526 824 3578 τὸν
869 3523 1047 3583 Ἐδὼυ.
1081 3526 1138 3578 ὲν
1184 3527 1250 3595 τῇ
1307 3526 1554 3597 φάραγγι
1598 3525 1693 3579 τοῦ
1745 3526 1896 3590 ’Δλὸς

320 3615 386 3669 ιδ’
415 3616 676 3688 χιλιάδας.
717 3637 732 3667 ι
787 3616 946 3687 Δηλοί
990 3617 1046 3669 δὲ
1079 3618 1107 3670 ό
1139 3617 1332 3688 χρόνος
1374 3615 1622 3689 εἰρῆσθαι
1659 3617 1726 3670 τά
1761 3634 1894 3688 προ-

316 3708 564 3779 κείμενα,
602 3712 659 3763 ὲν
686 3707 764 3780 τῷ
795 3708 1122 3780 διαπρέπειν
1148 3707 1322 3761 καὶτά
1354 3708 1566 3778 μεγάλα
1595 3709 1894 3780 κατορθοῦν

317 3800 668 3872 βασιλεύοντα
699 3800 790 3854 τὸν
819 3799 1001 3863 Δαυῒδ,
1029 3800 1135 3872 πρὸ
1169 3800 1268 3870 τῆς
1308 3800 1449 3854 κατά
1477 3800 1576 3873 τὴν
1619 3801 1896 3872 Βηθσαϐεὲ

315 3894 575 3966 ἱστορίας,
605 3897 693 3949 ὅτε
721 3894 902 3958 καλῶς
931 3893 1079 3965 αὐτῷ
1122 3894 1188 3948 τά
1239 3894 1541 3966 πράγματα
1585 3895 1893 3968 προύχώρει

312 3987 686 4059 εὐδοκιμοῦντι
715 3988 864 4059 παρά
896 3987 974 4060 τῷ
993 3987 1117 4060 Θεῷ·
1140 3988 1236 4042 καὶ
1260 3987 1409 4058 παρά
1437 3990 1553 4051 τοῖς
1587 3989 1752 4041 πᾶσιν
1770 4004 1783 4016 ο
1817 3988 1893 4053 ὡς

316 4079 750 4152 μαρτυρεῖσθαι,
779 4082 862 4134 ὅτι
903 4076 971 4153 ἦν
1008 4083 1174 4136 ποιῶν
1204 4083 1376 4154 κρῖμα
1423 4083 1518 4135 καὶ¹
1546 4081 1893 4151 δικαιοσύνην

311 4174 370 4225 ἐν
401 4171 478 4243 τῷ
517 4172 750 4245 Ἰσραήλ.
798 4172 958 4227 Ἀλλά
992 4174 1101 4246 γάρ
1134 4173 1283 4239 ἄξιον
1325 4174 1384 4226 ὲν
1421 4172 1631 4238 τούτοις
1681 4174 1890 4245 ἀπορῆ-

312 4281 424 4326 σαι,
458 4264 602 4328 πῶς,
654 4267 712 4318 ὲν
745 4266 969 4338 τοιαύτῃ
1013 4268 1296 4337 τυγχάνων
1325 4267 1689 4330 καταστάσει,
1726 4267 1890 4339 ἀρχό-

313 4371 471 4425 μενος
499 4358 597 4426 τῆς
643 4356 1046 4428 στηλογραφίας
1083 4357 1314 4426 φάσκει·
1354 4374 1374 4408 ι
1421 4356 1479 4410 ’0
1503 4355 1654 4420 Θεὸς,
1682 4355 1889 4410 ἀπώσω

309 4448 457 4517 ἡμᾶς
489 4449 582 4501 καὶ
615 4449 864 4513 καθεῖλες
904 4451 1070 4520 ἡμᾶς.
1115 4469 1133 4500 ι
1177 4449 1288 4502 Kal
1333 4447 1439 4520 μὴν
1485 4448 1720 4520 τρόπαια
1765 4449 1886 4502 κατ’

308 4536 518 4607 ἐχθρῶν
568 4538 795 4610 ἀνίστη,
840 4538 933 4592 καὶ
971 4538 1127 4602 νίκας
1177 4537 1319 4591 κατά
1373 4538 1646 4609 πολεμίων
1683 4538 1882 4610 ᾕρητο·

2002 3328 2232 3398 ipseque
2277 3326 2388 3382 Deo
2415 3337 2469 3382 et
2508 3330 2770 3386 omnibus
2805 3331 3125 3400 spectabilis
3166 3339 3348 3399 esset;
3397 3335 3473 3389 ita
3507 3343 3590 3399 ut,

2001 3418 2286 3490 Scriptura
2340 3430 2500 3484 teste,
2548 3421 2751 3479 faceret
2795 3425 3062 3492 judicium
3111 3435 3168 3482 et
3207 3427 3479 3498 justitiam
3532 3429 3589 3485 in

1999 3511 2188 3568 Israel.
2250 3511 2448 3568 Verum
2497 3515 2587 3570 hic
2631 3519 2988 3586 qtlazstionem
3035 3535 3253 3576 movere
3299 3528 3592 3577 consenta-

1998 3622 2159 3660 neum
2189 3616 2294 3671 est,
2325 3624 2426 3663 cur
2458 3609 2513 3664 in
2541 3610 2636 3664 tali
2669 3611 2986 3668 conditione
3006 3614 3310 3677 rerum,sic
3337 3614 3478 3671 tituli
3505 3615 3592 3670 ln-

1996 3699 2352 3768 scriptionem
2380 3700 2628 3756 ordiatur
2671 3720 2687 3756 .-
2735 3720 2754 3754 ι
2789 3702 2952 3768 Deus,
2986 3704 3236 3775 repulisti
3279 3721 3382 3762 nos
3409 3714 3466 3762 et
3491 3705 3591 3762 de-

1996 3792 2246 3848 struxisti
2275 3807 2397 3848 nos.
2432 3812 2452 3847 ι
2489 3795 2652 3867 Atqui
2691 3804 2815 3866 post
2848 3804 3061 3869 tropaea
3081 3801 3148 3854 dc
3182 3799 3441 3857 hostibus
3466 3818 3590 3858 ere-

1994 3891 2104 3949 cta,
2141 3893 2196 3940 et
2229 3886 2517 3940 victoriam
2548 3887 2616 3942 de
2645 3889 2886 3946 inimicis
2922 3898 3157 3960 partam,
3203 3894 3447 3962 oportuit
3479 3894 3588 3950 hac

1993 3980 2062 4036 de
2092 3995 2153 4035 re
2183 3980 2536 4051 triumphalia
2571 3981 2785 4037 cantica
2817 3983 3088 4048 emittere,
3121 3983 3342 4055 Deoque
3372 3986 3428 4041 in
3459 4001 3578 4058 gra-
3688 4045 3697 4062 ι

1994 4075 2194 4127 tiarum
2221 4073 2491 4129 actionem
2530 4073 2833 4130 immolare.
2866 4074 2936 4129 At
2967 4077 3054 4131 ille
3075 4077 3210 4131 nihil
3234 4085 3457 4147 praestat
3487 4077 3585 4133 bu-

1988 4166 2267 4237 jusmodi;
2305 4166 2417 4221 imo
2447 4182 2576 4222 vero
2621 4182 2710 4223 res
2745 4167 3005 4225 adversas
3052 4169 3302 4240 deplorat
3342 4171 3429 4228 bis
3454 4187 3581 4228 ver-

1993 4259 2080 4314 bis
2107 4278 2118 4313 :
2163 4277 2182 4310 ‹
2220 4257 2385 4324 Deus,
2406 4259 2654 4329 repulisti
2687 4275 2788 4316 nos
2817 4269 2871 4316 et
2900 4260 3221 4318 destruxisti
3254 4277 3377 4328 nos.
3405 4263 3582 4319 iratus

1989 4365 2078 4416 es,
2111 4358 2165 4406 et
2192 4351 2451 4407 misertus
2481 4367 2542 4407 es
2569 4353 2749 4408 nobis.
2790 4370 2809 4403 ι
2846 4351 2953 4407 Pro
2983 4354 3077 4409 illo
3102 4364 3307 4420 autem,
3345 4375 3363 4408 ι
3390 4364 3446 4412 et
3477 4358 3581 4412 mi—

1991 4452 2174 4501 sertus
2203 4459 2264 4500 es
2303 4445 2498 4508 nobis,
2535 4464 2554 4497 ι
2589 4443 2986 4516 Symmachus,
3020 4465 3039 4497 ε
3072 4454 3127 4502 et
3160 4447 3577 4505 circumduxisti

1990 4553 2122 4599 nos,
2155 4557 2173 4592 ι
2212 4537 2606 4608 interpretatus
2650 4545 2769 4606 est,
2821 4538 3014 4609 quinta
3059 4555 3191 4595 vero
3229 4541 3431 4606 editio,
3466 4561 3484 4594 ι
3523 4552 3579 4599 et

304 4627 422 4682 δέον
443 4625 536 4682 οὖν
565 4629 659 4682 ἐπὶ
681 4630 889 4694 τούτοις
919 4628 1060 4701 ᾠδὰς
1097 4628 1394 4694 ἐπινικίους
1428 4629 1576 4702 ᾄδειν
1594 4669 1610 4692 ,
1651 4627 1800 4682 θύειν
1825 4645 1884 4681 τε

2004 4628 2469 4684 circumdederunt
2499 4644 2628 4695 nos;
2670 4649 2689 4680 ι
2722 4629 2916 4700 Aquila
2939 4670 2954 4691 ,
2992 4649 3011 4682 ι
3051 4631 3227 4689 iratus
3250 4637 3576 4690 convertisti

305 4721 698 4792 εὐχαριστήρια
722 4722 800 4793 τῷ
831 4722 968 4794 Θεῷ.
1015 4723 1073 4777 '0
1099 4723 1156 4776 δὲ
1182 4722 1387 4776 τούτων
1420 4721 1518 4792 μὲν
1548 4720 1698 4774 οὐδὲν
1723 4721 1890 4791 πράτ-

303 4829 410 4880 τει,
451 4816 710 4871 τάναντία
757 4816 813 4870 δὲ
856 4815 1255 4888 ἀπολοφύρεται
1306 4814 1508 4882 λέγων·
1561 4831 1580 4864 ι
1632 4814 1689 4866 '0
1718 4813 1884 4877 Θεὸς,

304 4904 511 4959 ἀπώσω
541 4908 688 4978 ἡμᾶς
720 4907 813 4960 καὶ
836 4906 1083 4970 καθεῖλες
1105 4907 1272 4978 ἡμᾶς.
1297 4902 1573 4975 ώργίσθης
1592 4943 1607 4967 ,
1649 4902 1743 4956 καὶ
1771 4901 1884 4972 ᾠκ-

304 4998 564 5070 τείρησας
595 5000 760 5071 ἡμᾶς.
822 5019 841 5050 ι
887 5000 1029 5053 Ἀντὶ
1060 4998 1117 5052 δὲ
1162 4997 1255 5051 τοῦ
1281 5037 1296 5062 ,
1356 5013 1375 5047 ι
1412 4995 1506 5050 καὶ
1541 4994 1883 5068 ᾠκτείρησας

303 5093 504 5163 ἡμᾶς’»
538 5112 558 5144 ε
583 5094 674 5147 καὶ
706 5093 1040 5165 περιήγαγες
1061 5093 1230 5164 ἡμᾶς,
1265 5110 1283 5143 ι
1315 5093 1345 5144 ὁ
1376 5089 1673 5161 Σύμμαχος
1699 5089 1880 5161 ἡρμή-

305 5201 493 5237 νευσεν
517 5201 540 5234 ·.
564 5187 595 5256 ἠ
619 5184 676 5237 δὲ
705 5185 927 5256 πέμπτη
952 5184 1161 5248 ἔκδυσις
1185 5224 1200 5246 ,
1243 5202 1262 5232 σ
1313 5183 1409 5237 καὶ
1429 5179 1881 5252 περιεκύκλωσαν

307 5279 453 5350 ἡμᾶς
472 5295 484 5308 ·
513 5299 532 5330 ι
554 5280 585 5331 ό
604 5278 660 5332 δὲ
683 5279 932 5343 Ἀκύλας,
959 5297 978 5330 ι
1007 5275 1278 5350 θυμωθεὶς
1300 5274 1673 5348 μετέστρεψας
1693 5275 1842 5346 ἡμῖν.
1859 5291 1877 5324 ι

305 5367 438 5425 Εἶτα
464 5369 705 5439 ἐπιλέγει
753 5370 905 5442 ἑξῆς*
939 5390 958 5423 ι
996 5369 1242 5436 Ἔδειξας
1269 5367 1346 5438 τῷ
1375 5367 1488 5439 λαῷ
1523 5384 1618 5421 σου
1649 5363 1878 5437 σκληρά·

303 5462 557 5526 ἐπότισας
602 5464 748 5534 ἡμᾶς
785 5459 925 5516 οἶνον
947 5460 1309 5527 κατανύξεως.
1344 5479 1362 5512 ι
1397 5457 1582 5513 Ταῦτα
1624 5457 1682 5514 δὲ
1714 5459 1880 5513 ἀκατ-

304 5553 506 5624 άλληλα
530 5557 624 5608 καὶ
648 5555 962 5626 ἀνάρμοστα
983 5551 1132 5617 δόξαι
1157 5553 1224 5606 ἂν
1254 5548 1395 5605 εἷναι
1434 5553 1546 5616 τοῖς
1572 5551 1630 5604 ὲν
1659 5553 1726 5622 τῇ
1749 5567 1881 5623 προ-

303 5652 488 5720 γραφῇ
514 5648 878 5720 δηλουμένοις.
925 5645 1083 5699 una
1104 5645 1214 5716 γάρ
1233 5645 1334 5699 οὐκ
1358 5645 1614 5707 ἀσκόπως
1639 5643 1878 5715 ἠγοῦμαι

303 5739 403 5811 τὴν
429 5741 753 5814 προγραφὴν
791 5743 871 5806 είς
905 5741 964 5795 τὸ
1001 5740 1151 5804 τέλος
1194 5741 1341 5812 ἡμᾶς
1379 5737 1760 5807 ἀναπέμπειν,
1784 5737 1878 5790 καὶ

372 5947 492 5986 νι-’σ
529 5946 572 6002 u
605 5946 737 6018 Reg.
771 5963 835 6010 ι,
868 5945 986 6001 6-9.
1062 5946 1106 5978 ’τ
1147 5945 1281 6001 ibid.
1317 5947 1404 6003 ιθ.

617 6041 886 6103 Parum.
920 6043 1034 6102 Gn.
1079 6041 1318 6104 XXIII.

1995 4720 2175 4776 nobis.
2208 4739 2227 4773 ι
2267 4718 2466 4776 Subdit
2496 4729 2620 4790 post
2646 4720 2762 4776 haec
2793 4739 2806 4774 :
2856 4741 2874 4772 ‹
2916 4720 3222 4780 Ostendisti
3254 4727 3458 4797 populo
3480 4738 3577 4782 tuo

1993 4811 2130 4866 dura
2170 4831 2184 4867 :
2221 4813 2424 4883 potasti
2454 4827 2554 4867 nos
2582 4812 2710 4866 vino
2733 4816 3230 4884 compunctionis.»
3264 4816 3388 4872 Haec
3411 4834 3576 4889 porro

1991 4904 2164 4960 videri
2201 4906 2417 4976 possint
2443 4907 2769 4965 inconcinne
2799 4908 2968 4974 dicta,
2988 4925 3089 4966 nec
3118 4927 3420 4983 congruere
3447 4929 3572 4969 cum

1993 4997 2062 5054 iis
2094 5011 2218 5068 qua
2247 4997 2300 5052 in
2324 4997 2486 5052 titulo
2515 5007 2796 5054 notantur.
2834 5001 2938 5056 Sed
2969 5002 3182 5057 restituo
3214 5004 3427 5060 titulum
3462 5021 3571 5061 nou

1991 5090 2109 5146 sine
2139 5090 2342 5161 prazvio
2371 5105 2538 5160 scopo
2571 5107 2675 5146 nos
2702 5091 2770 5146 ad
2807 5093 2968 5148 tinem
3000 5093 3304 5159 remittere,
3324 5110 3423 5152 nec
3452 5097 3571 5153 sine

1989 5197 2200 5249 causa,
2239 5202 2258 5233 ι
2292 5197 2392 5252 pro
2425 5182 2493 5237 iis
2520 5183 2612 5253 qui
2659 5182 3092 5242 immutabuntur
3115 5227 3130 5253 ,
3167 5205 3187 5239 ι
3242 5188 3567 5260 inscriptum

1989 5291 2133 5338 esse,
2186 5281 2349 5345 atque
2379 5290 2661 5331 sermones
2684 5276 2823 5332 istos
2854 5278 2998 5334 tituli
3030 5279 3442 5351 inscriptionem
3471 5297 3566 5333 vo-

1989 5376 2144 5422 catos
2175 5366 2364 5422 luisse.
2392 5365 2527 5420 Nam
2563 5385 2582 5417 (
2609 5367 2662 5422 in
2692 5367 2850 5424 ﬁnem
2871 5387 2893 5421 ι
2928 5369 3153 5433 dicitur,
3183 5372 3311 5442 quia
3334 5385 3420 5436 ea,
3446 5387 3565 5441 qua:

1989 5459 2043 5512 in
2070 5459 2330 5513 vaticinio
2356 5457 2628 5522 feruntur,
2669 5460 2723 5514 in
2749 5464 3218 5518 consummatione
3240 5463 3562 5518 sucularum

1989 5550 2260 5621 implenda
2310 5558 2457 5608 sunt.
2528 5549 2852 5609 Necessario
2895 5554 3145 5620 additur,
3187 5575 3206 5607 ι
3245 5570 3342 5628 pro
3371 5555 3440 5611 iis
3467 5555 3560 5627 qui

1987 5646 2444 5709 immutabuntur,
2477 5666 2495 5698 ι
2534 5657 2753 5718 propter
2781 5649 3217 5705 immutationem
3250 5649 3398 5706 illius
3421 5657 3560 5707 tem-

1987 5737 2136 5807 poris
2181 5736 2344 5794 rebus
2386 5735 2744 5795 inferendam.
2796 5737 3077 5810 Siquidem
3115 5755 3240 5796 cum
3275 5740 3389 5797 hac
3411 5739 3574 5810 dice-_

3170 6038 3244 6098 18
