4100 6442
574 437 684 494 555
1285 436 1548 498 ΕυεΕΒιι
1589 436 2070 496 ΟᾸΞΞΞΒΙΕΝΒΙΒ
2109 437 2257 496 01⁵1).
2289 439 2488 497 PARS.
2533 438 3143 498 Ill.—EXEGETICA.
3789 442 3886 507 556

575 565 788 621 rentur,
833 559 1137 631 allophylos
1164 560 1417 617 vincebat
1461 560 1651 622 Israel,
1687 559 2034 629 inimicisque
2060 573 2153 613 su-
2183 596 2194 620 ε

2266 577 2282 611 ι
2317 562 2428 623 τοῖς
2453 560 2975 632 ἀλλοιωθησομένοις
3004 581 3022 614 ι
3052 559 3400 633 ἐπιγράφειν,
3425 558 3542 614 καὶ
3577 559 3885 631 στηλογμο

578 653 760 724 perior
791 660 929 708 erat.
981 651 1086 708 Sed
1130 653 1372 707 futurum
1417 664 1636 724 tempus
1669 661 1809 717 erat,
1840 668 1949 722 quo
1985 659 2165 706 muta-

2271 651 2399 721 φίαν
2413 652 2538 715 τοὺς
2557 652 2747 720 λόγους
2764 653 3074 706 ἀποκαλεῖν.
3087 670 3106 703 r
3132 653 3224 715 Εἰς
3248 672 3266 704 ι
3290 652 3388 722 μὲν
3404 654 3535 724 γὰρ
3562 671 3583 699 ι
3602 649 3671 703 τὸ
3683 650 3886 716 τέλος,ι

579 745 784 800 tionem
809 761 990 800 rerum
1025 746 1255 804 subiret.
1299 747 1649 817 inimicisque
1694 746 1950 801 subditus
1995 754 2161 800 esset.

2268 743 2356 797 διὰ
2375 744 2436 797 1:6
2468 745 2561 797 ἐπί
2589 744 2870 817 συντελείᾳ
2892 744 3000 798 τῶν
3033 743 3246 798 αἰώνων
3277 743 3438 814 μέλλε
3449 762 3507 796 ιν
3535 741 3887 813 πληροῦσθαι

581 838 764 905 Quare
813 840 894 893 sic
946 839 1110 894 habet
1164 841 1356 896 titulus
1391 860 1404 895 :
1445 860 1465 894 ι
1499 841 1559 896 ln
1611 841 1794 904 finem,
1828 855 1928 910 pro
1963 841 2030 894 iis
2069 841 2163 909 qui

2271 838 2332 890 τὰ
2379 837 2860 908 προφητευόμενα,
2914 837 3160 910 εἴρηται·
3204 837 3550 908 πρόσκειται
3580 835 3648 888 δὲ
3674 875 3692 896 ,
3727 852 3746 884 ι
3784 836 3890 899 τοῖς

580 931 1045 998 immutabuntur;
1080 951 1096 982 ι
1126 929 1486 1002 Symmachus
1516 948 1668 999 vero,
1689 952 1708 985 ι
1730 948 1828 1003 pro
1850 933 2106 996 ﬂoribus;
2138 953 2156 984 ι

2270 928 2781 1000 ἀλλοιωθησομένοις
2801 970 2815 991 ,
2858 949 2877 980 ι
2917 930 3230 998 ἀναγκαίως
3272 928 3361 982 διὰ
3399 929 3515 1000 τὴν
3577 927 3889 998 μέλλουσαν

578 1021 794 1092 Aquila,
831 1043 848 1072 ι
888 1037 1054 1092 super
1087 1022 1218 1078 lilia.
1263 1041 1282 1074 ι
1319 1021 1472 1076 Sicut
1503 1024 1650 1078 enim
1696 1024 1812 1077 lilia
1863 1024 1976 1094 agri
2010 1033 2064 1078 et
2089 1022 2165 1078 fe-

2268 1020 2612 1092 διαλήψεσθαι
2664 1021 2947 1077 ἀλλοίωσιν
3009 1020 3108 1092 τὴν
3166 1021 3515 1075 κατάστασιν
3585 1019 3710 1072 τῶν
3769 1018 3887 1071 τότε

577 1129 732 1175 num,
765 1113 830 1167 ad
860 1113 1022 1169 breve
1052 1115 1272 1186 quidem
1304 1123 1520 1185 tempus
1543 1116 1791 1186 speciosa
1821 1131 1944 1171 esse
1975 1115 2163 1169 viden-

2270 1113 2620 1184 πραγμάτων.
2671 1112 2798 1179 Ὅτε
2854 1115 2950 1185 μὲν
2993 1114 3103 1187 γὰρ
3148 1115 3298 1169 ταῦτ’
3324 1115 3596 1184 ἐλέγετο,
3662 1113 3889 1182 ἐκράτει

577 1215 688 1269 tur,
715 1207 809 1263 sed
839 1216 1061 1278 repente
1111 1209 1475 1263 immutantur
1502 1217 1556 1265 et
1586 1218 2044 1280 corrumpuntur;
2079 1210 2160 1264 sic

2268 1207 2368 1261 τῶν
2397 1206 2707 1277 ἀλλοφύλων
2737 1209 2765 1260 ό
2806 1207 3044 1278 Ἰσραὴλ,
3075 1208 3169 1260 καὶ
3204 1207 3313 1261 τῶν
3339 1207 3650 1278 πολεμίων
3697 1205 3887 1275 κρείτ-

573 1315 664 1354 res
698 1301 880 1370 populi
911 1308 1044 1355 tunc
1077 1299 1361 1363 florentes,
1415 1301 1566 1356 brevi
1602 1301 1950 1356 immutandae
1978 1310 2156 1356 erant.

2268 1315 2368 1351 των
2395 1298 2706 1370 ἐτύγχανεν.
2744 1299 2975 1370 Ἔμελλε
3006 1299 3062 1353 δὲ
3094 1301 3200 1372 ἀρα
3230 1300 3408 1372 καιρῷ
3429 1318 3553 1353 τινι
3583 1298 3887 1353 ἀλλοίωσιν

575 1389 758 1456 Quare
788 1393 840 1445 in
870 1391 1120 1446 doctrina
1173 1406 1269 1447 sua
1301 1391 1562 1446 Servator
1596 1393 1710 1448 ait:
1749 1411 1766 1444 ι
1805 1393 2159 1449 Considerate

2268 1391 2570 1461 ὑπομένειν,
2599 1391 2694 1444 καὶ
2715 1391 2821 1444 ὑπὸ
2846 1381 2959 1456 τοῖς
2984 1393 3199 1464 ἐχθροῖς
3232 1393 3505 1462 γίνεσθαι.
3557 1391 3669 1444 Διό
3719 1405 3887 1461 φησιν

573 1480 688 1535 lilia
742 1481 856 1551 agri
880 1481 961 1545 °";
999 1499 1016 1532 ι
1055 1496 1119 1535 ac
1153 1496 1377 1536 rursum
1412 1501 1424 1535 :
1461 1501 1479 1533 ‹
1512 1481 1667 1549 Quod
1714 1484 1760 1539 si
1803 1483 1986 1538 fenum
2017 1484 2156 1555 agri,

2260 1484 2290 1552 ἡ
2325 1482 2613 1553 προγραφή
2635 1495 2647 1508 ·
2685 1500 2702 1530 ι
2737 1482 2831 1545 Εἰς
2854 1482 2912 1534 τὸ
2944 1482 3094 1546 τέλος
3123 1486 3232 1548 τοῖς
3255 1481 3879 1554 ἀλλοιωθησομένοιςῚ

573 1573 720 1644 quod
747 1574 909 1629 hodie
942 1582 1044 1637 est,
1077 1583 1131 1630 et
1172 1589 1297 1629 cras
1338 1574 1391 1628 in
1420 1575 1697 1630 clibanum
1745 1576 1982 1630 mittitur
2011 1576 2092 1642 ’9;
2132 1597 2151 1629 ι

2260 1577 2285 1628 6
2312 1574 2367 1628 δὲ
2395 1574 2710 1644 Σύμμαχος,
2741 1593 2760 1626 ι
2805 1575 2974 1647 Ὑπὲρ
3006 1577 3114 1629 τῶν
3140 1576 3350 1630 ἀνθῶν·
3390 1597 3408 1628 ι
3437 1579 3465 1630 ὁ
3502 1575 3573 1629 δὲ
3617 1574 3879 1637 Ἀκύλας.

573 1665 685 1720 imo
727 1667 933 1720 etiam:
973 1684 990 1715 ι
1029 1663 1216 1720 Omnis
1261 1680 1391 1719 caro
1433 1664 1638 1730 fenum,
1674 1672 1728 1720 et
1757 1665 1938 1720 omnis
1979 1665 2153 1736 gloria

2263 1684 2280 1715 ι
2321 1667 2444 1720 Ἐπὶ
2477 1667 2696 1738 κρίνων.
2733 1686 2752 1718 ι
2799 1667 2886 1730 Ὦς
2904 1667 3012 1739 γὰρ
3042 1666 3107 1719 τὰ
3142 1667 3303 1738 κρίνα
3343 1665 3436 1720 τοῦ
3484 1665 3692 1736 ἀγροῦ
3723 1666 3822 1720 καὶ
3851 1667 3880 1718 6

571 1758 692 1826 ejus
732 1759 888 1828 quasi
919 1757 1018 1812 flos
1049 1757 1178 1812 feni.
1227 1756 1577 1813 Exsiccatum
1623 1767 1706 1813 est
1730 1755 1938 1822 fenum,
1975 1766 2028 1813 et
2054 1758 2153 1813 ﬂos

2256 1757 2444 1827 χόρτος
2471 1757 2619 1811 δοκεῖ
2653 1757 2750 1829 μέν
2773 1775 2893 1812 τινα
2920 1758 3054 1830 πρὸς
3083 1759 3256 1829 βραχὺ
3305 1758 3618 1827 φαίνεσθαι
3669 1758 3875 1829 ὡραῖα,

572 1851 823 1919 decidit;
887 1851 1126 1907 Verbum
1172 1860 1354 1907 autem
1389 1851 1603 1907 Domini
1657 1859 1841 1907 manet
1887 1851 1942 1906 in
1993 1861 2191 1923 teter-7

2257 1850 2374 1902 ὅσον
2403 1851 2459 1902 δέ
2483 1849 2635 1904 οῦπω
2666 1850 2990 1921 μεταϐάλλει
3033 1852 3128 1904 καὶ
3177 1851 3490 1923 φθείρεταιο
3551 1849 3754 1911 οὕτως
3785 1846 3876 1901 καὶ

571 1961 700 1999 num
738 1946 790 2008 ¹;
830 1963 848 1996 ι
885 1945 1084 2014 quibus
1139 1945 1402 2015 propheta
1448 1945 1749 2000 secundum
1791 1945 2032 2014 reliquos
2074 1922 2190 2001 in-1

2256 1941 2319 1994 τὰ
2343 1942 2642 2013 πράγματα
2668 1942 2762 1996 τοῦ
2783 1941 2937 2002 λαοῦ.
2965 1942 3225 1996 ἀνθοῦντα
3264 1922 3404 2007 τότε,
3447 1941 3706 2014 ἔμελλεν
3751 1941 3875 1992 ὅσον

568 2046 836 2106 terpretes
869 2036 985 2091 hare
1013 2037 1165 2090 addit
1197 2055 1209 2091 :
1251 2056 1268 2088 ι
1306 2036 1441 2092 Vere
1471 2036 1652 2090 fenum
1686 2037 1942 2106 pepulus,
1973 2039 2149 2093 exsic-

2254 2029 2400 2084 οὕπω
2452 2032 2826 2102 μεταϐάλλειν.
2884 2032 2974 2086 Διὸ
3019 2035 3164 2088 καὶὸ
3195 2034 3386 2106 Σωτὴρ
3414 2037 3472 2088 ἐν
3528 2037 3678 2100 ταῖς
3722 2035 3873 2090 διδα-

569 2139 750 2184 catum
779 2137 864 2185 est
899 2128 1102 2193 fenum,
1139 2129 1342 2183 decidit
1372 2127 1472 2184 flos
1500 2130 1542 2191 ³,
1567 2149 1584 2180 ι
1614 2126 1897 2182 Iudaicam
1932 2137 2147 2200 gentem

2251 2120 2495 2186 σκαλίαις
2515 2121 2666 2191 ἔλεγε
2684 2140 2699 2154 ·
2741 2141 2760 2174 ι
2793 2123 3153 2194 Καταμάθετε
3179 2123 3246 2176 τά
3273 2123 3433 2196 κρίνα
3453 2123 3557 2178 τοῦ
3586 2123 3803 2196 ἀγροῦο
3844 2142 3865 2177 ι

567 2237 668 2276 nec
709 2223 942 2276 obscure
995 2221 1336 2292 signiﬁcans.
1391 2220 1589 2276 Eadem
1622 2221 1740 2291 ipsa
1762 2220 1874 2289 jam
1909 2219 2148 2291 Spiritus

2251 2215 2342 2267 καὶ
2366 2213 2563 2266 πάλινο
2606 2233 2625 2266 ‹
2680 2215 2824 2268 Εἰδέ
2865 2215 2956 2268 τὸν
2982 2215 3173 2287 χόρτον
3223 2215 3316 2268 τοῦ
3367 2215 3548 2287 ἀγροῦ
3612 2217 3870 2288 σήμερον

567 2322 792 2369 sanctus
815 2331 912 2385 per
951 2314 1206 2369 Davidem
1241 2314 1584 2376 testificatur,
1618 2313 1898 2383 praemissa
1929 2313 2018 2367 illa
2051 2329 2148 2384 po-

2246 2305 2393 2366 ὄντα,
2420 2308 2512 2361 καὶ
2533 2307 2720 2379 αῦριον
2750 2310 2830 2372 εἰς
2850 2308 3096 2361 κλίϐανον
3119 2307 3445 2379 βαλλόμενον
3465 2328 3478 2340 ·
3513 2329 3534 2361 ι
3565 2309 3725 2364 ἀλλὰ
3748 2309 3865 2370 καὶ,

565 2405 677 2472 puli
722 2402 903 2458 futura
939 2405 1248 2459 inversione
1275 2411 1330 2458 et
1366 2402 1689 2456 mutatione.
1744 2399 1924 2466 Quare
1959 2415 2147 2455 secun-

2252 2414 2270 2445 ι
2302 2398 2457 2450 Πᾶσα
2492 2397 2630 2468 σὰρξ
2661 2398 2870 2469 χόρτος,
2905 2398 3001 2452 καὶ
3027 2400 3178 2452 πᾶσα
3199 2398 3324 2466 δόξα
3356 2401 3530 2471 αὐτῆς
3565 2401 3656 2464 ὡς
3698 2399 3865 2462 ἄνθος

565 2497 693 2549 dum
727 2496 980 2567 Aquilam
1014 2498 1218 2552 dictum
1253 2503 1359 2562 est,
1387 2514 1405 2546 ι
1429 2493 1605 2564 Super
1637 2494 1748 2547 lilia
1776 2493 2070 2548 testimonii
2091 2512 2139 2559 ;›

2245 2491 2458 2562 χόρτου.
2507 2491 2809 2563 Ἐξηράνθη
2858 2495 2887 2546 6
2917 2492 3128 2564 χόρτος,
3156 2495 3250 2547 καὶ
3281 2493 3341 2547 1:6
3369 2493 3534 2557 ἄνθος
3569 2494 3820 2559 ἐξέπεσε
3843 2509 3856 2522 ’

565 2591 867 2644 secundum
917 2589 1302 2661 Symmachum
1352 2597 1556 2651 autem,
1617 2604 1634 2635 ι
1670 2584 1774 2639 Pro
1808 2584 2032 2639 ﬂoribus
2065 2593 2145 2640 te-

2243 2581 2304 2633 τὸ
2334 2581 2390 2634 δὲ
2420 2582 2571 2654 ῥῆμα
2595 2584 2799 2655 Κυρίου
2829 2584 2978 2655 μένει
3011 2573 3205 2648 εἰς’τὸν
3228 2585 3400 2640 αἰῶνα
3419 2602 3434 2618 ο
3467 2604 3484 2637 ι
3507 2579 3606 2650 οἷς
3649 2587 3682 2639 ὁ
3710 2586 3860 2656 Προ-

564 2683 880 2738 stimonium
904 2701 918 2749 ;
945 2702 963 2734 ι
997 2682 1296 2738 secundum
1314 2678 1452 2736 LXX
1466 2695 1596 2733 vero
1619 2677 1968 2748 lnterpretes,
1993 2699 2011 2730 ‹
2036 2679 2143 2732 Pro

2244 2674 2420 2745 φήτης
2443 2674 2586 2728 κατά
2606 2676 2736 2739 τοὺς
2767 2676 2986 2740 λοιποὺς
3013 2676 3354 2748 ἐρμηνευτάς
3387 2676 3743 2748 προστίθησι
3769 2675 3855 2728 λέ-

561 2777 630 2831 iis
675 2775 768 2846 qui
805 2776 1276 2838 immutabuntur,
1326 2774 1380 2828 in
1432 2772 1571 2827 tituli
1623 2772 2036 2842 inscriptionem
2069 2789 2081 2824 :
2117 2789 2136 2822 ι

2241 2781 2385 2833 γωνο
2433 2785 2452 2818 ι
2503 2767 2742 2837 ’Δληθῶς
2766 2768 2959 2839 χόρτος
2993 2769 3022 2821 6
3049 2768 3209 2832 λαὸςο
3242 2768 3514 2840 ἐξηράνθη
3557 2770 3592 2822 ό
3625 2768 3853 2839 χόρτος,

559 2883 682 2936 quae
739 2881 989 2936 magnam
1041 2866 1278 2920 habeant
1318 2879 1444 2919 eum
1499 2863 1660 2918 dictis
1712 2862 1767 2917 in
1813 2862 2139 2932 praecedenti

2241 2858 2466 2924 ἐξέπεσε
2489 2859 2550 2912 τὸ
2585 2859 2797 2924 ἄνθος.»
2829 2859 3154 2924 ἀκαλύπτως
3175 2860 3234 2912 τὺ
3271 2859 3542 2914 Ἰουδαίων
3570 2860 3740 2922 ἔθνος
3757 2859 3853 2929 δη-

559 2959 771 3028 psalmo
803 2958 1136 3013 afﬁnitatem.
1166 2956 1300 3011 Nam
1342 2957 1432 3011 ille
1458 2954 1640 3025 p0puli
1665 2953 2028 3022 abjectionem
2059 2954 2141 3007 in-

2239 2948 2435 3013 λώσας.
2475 2950 2625 3003 Αύτά
2667 2951 2730 3022 δὴ
2781 2945 2873 3004 οὖν
2917 2949 3090 3005 ταῦτα
3132 2950 3226 3004 καὶ
3268 2949 3363 3004 νῦν
3410 2950 3471 3004 τὸ
3501 2951 3753 3022 Πνεῦμα
3787 2949 3847 3002 τὺ

558 3049 761 3102 dicavit
797 3048 882 3103 his
928 3047 1109 3104 verbis
1137 3067 1149 3103 :
1191 3066 1209 3098 ι
1241 3047 1647 3102 Couvertentur
1672 3043 1740 3098 ad
1773 3058 2056 3114 vesperam
2085 3050 2140 3098 et

2239 3039 2392 3109 ἅγιον
2431 3041 2518 3096 διὰ
2554 3041 2648 3095 τοῦ
2678 3041 2840 3096 Δαυῒδ
2870 3041 3224 3114 μαρτύρεται,
3265 3043 3708 3114 προαναφωνοῦν
3741 3043 3843 3112 τὴν

557 3137 755 3193 famem
785 3139 1061 3207 patientur
1085 3146 1144 3192 ut
1168 3144 1415 3201 canes,et
1436 3136 1748 3191 circuibunt
1775 3135 2132 3198 civitatem‘,»

2241 3141 2539 3211 μέλλουσαν
2562 3140 2779 3195 ἔσεσθαι
2820 3141 2914 3195 τοῦ
2946 3139 3077 3195 λαοῦ
3119 3139 3402 3192 ἀλλοίωσιν
3439 3139 3534 3194 καὶ
3592 3137 3840 3212 μεταϐο-

557 3238 612 3286 et
638 3240 853 3285 caetera.
879 3228 1090 3296 Quibus
1113 3229 1227 3283 haec
1253 3229 1320 3282 de
1341 3228 1629 3283 vocatione
1647 3226 1888 3298 gentium
1909 3225 2138 3295 subjun-
2164 3272 2176 3323 γ

2239 3229 2361 3300 λήν.
2398 3230 2489 3282 Διὸ
2531 3229 2673 3283 κατά
2700 3230 2792 3283 τὸν
2833 3228 3064 3282 Ἀκύλαν
3104 3226 3339 3298 εἴρηται,
3380 3247 3398 3280 ‹
3446 3228 3571 3282 Ἐπὶ
3624 3228 3837 3300 κρίνων

557 3322 634 3392 gi:
683 3341 695 3376 :
745 3340 763 3371 ι
797 3321 861 3374 Ει
891 3329 974 3383 ιιι,
1009 3320 1234 3375 Domine
1262 3318 1405 3374 Deus
1446 3321 1739 3383 virtutum,
1769 3316 1910 3372 Deus
1945 3317 2136 3380 Israel,
2171 3316 2176 3323 ’

2245 3322 2564 3392 μαρτυρίας·
2595 3341 2612 3373 ι
2640 3323 2781 3376 κατά
2801 3321 2857 3374 δέ
2885 3321 2974 3374 τὸν
3008 3320 3321 3390 Σύμμαχον,
3357 3339 3376 3371 ι
3408 3320 3581 3391 ’Υπὲρ
3609 3320 3730 3374 τῶν
3751 3321 3839 3373 ἀν-

555 3414 775 3469 intende
805 3413 874 3467 ad
908 3413 1212 3468 visitandas
1245 3427 1438 3468 omnes
1487 3419 1700 3486 gentes.
1744 3427 1762 3460 ι
1817 3406 1985 3461 Tituli
2007 3421 2139 3462 vero

2242 3413 2349 3466 θῶν
2377 3415 2652 3485 μαρτυρία
2673 3430 2688 3444 ο
2723 3433 2742 3464 ι
2767 3411 2908 3466 κατὰ
2933 3411 2989 3465 δὲ
3018 3414 3144 3476 τοὺς
3181 3412 3608 3482 Ἐϐδομήκοντα,
3659 3432 3680 3464 Ι
3707 3413 3834 3475 Τοῖς

554 3505 966 3575 inscriptionem
1005 3505 1058 3558 in
1088 3503 1342 3572 praesenti
1375 3511 1432 3557 ut
1463 3509 1518 3557 et
1546 3501 1683 3554 alias
1711 3489 1930 3569 Aquila,
1980 3514 1998 3547 ι
2032 3497 2136 3550 hu-

2239 3503 2749 3574 ἀλλοιωθησομένοις
2770 3504 2849 3567 εἰς
2870 3502 3288 3574 στηλογραφίαν.
3326 3521 3346 3555 ι
3379 3502 3590 3573 Πολλὴν
3613 3503 3676 3556 δὲ
3697 3504 3829 3556 ἀκο·

552 3597 722 3659 milis-,
773 3597 1002 3666 perfecti
1034 3595 1284 3656 Davidis:
1322 3613 1339 3647 ι
1393 3594 1757 3666 Symmachus
1805 3606 1956 3654 vero,
1987 3609 2005 3640 ι
2037 3591 2135 3645 hu-

2235 3595 2446 3650 λουθίαν
2468 3595 2578 3664 ἔχοι
2620 3594 2686 3648 ἂν
2718 3596 2851 3665 πρὸς
2872 3594 2941 3648 τὰ
2961 3597 3018 3648 ἐν
3041 3593 3120 3664 τῷ
3145 3593 3248 3666 πρὸ
3272 3592 3460 3647 τούτου
3489 3592 3821 3665 λελεγμένα.

552 3687 700 3741 milis
728 3685 950 3741 Davidis
980 3695 1034 3741 et
1071 3686 1354 3754 inculpati,
1395 3705 1413 3736 ι
1449 3683 1788 3754 interpretati
1821 3687 1970 3738 sunt.
1992 3679 2128 3734 Nam

2247 3689 2398 3743 Ἐπεὶ
2419 3689 2667 3751 κάκεῖνος
2687 3689 2786 3760 τὴν
2815 3689 2905 3742 τοῦ
2947 3688 3132 3752 ἔθνους
3177 3686 3450 3758 ἀποϐολὴν
3491 3686 3693 3758 ἐδήλου
3735 3684 3825 3736 λέ-

552 3777 713 3846 cippo
755 3776 918 3846 digna
957 3778 1258 3829 erat'tanti
1289 3776 1434 3845 regis
1469 3774 1754 3830 modestia.
1807 3772 1945 3828 Cum
1979 3771 2125 3825 enim

2232 3796 2372 3848 γων·
2415 3799 2433 3830 ι
2479 3780 2928 3852 Ἐπιστρέψουσιν
2971 3780 3051 3845 είς
3084 3780 3340 3852 ἑσπέραν,
3362 3779 3456 3832 καὶ
3482 3777 3821 3850 λιμώξουσιν

550 3879 632 3925 tot
675 3871 812 3926 bella
849 3870 1077 3926 feliciter
1108 3873 1405 3940 gessisset,
1457 3878 1512 3926 et
1560 3870 1791 3941 pepulos
1834 3883 2008 3940 usque
2059 3865 2128 3920 ad

2229 3873 2304 3936 ὼς
2329 3871 2494 3934 κύων,
2527 3873 2622 3925 καὶ
2667 3871 3004 3925 κυκλὼσουσι
3035 3871 3186 3926 πόλιν
3209 3911 3224 3936 ,
3268 3891 3286 3923 ι
3321 3872 3412 3925 καί
3438 3870 3508 3924 τά
3544 3868 3814 3940 ἐπιφερό-

551 3963 996 4035 Mesopotamiam
1051 3965 1356 4034 subegisset
1419 3963 1821 4034 vectigalesque
1881 3963 2122 4029 fecisset,

2231 3981 2386 4035 μενα.
2421 3960 2514 4028 Οἷς
2540 3965 2666 4034 ἐξῆς
2691 3966 2818 4036 περὶ
2851 3966 2946 4036 τῆς
2978 3965 3222 4038 κλήσεως
3243 3965 3350 4018 τῶν
3375 3963 3545 4018 ἐθνῶν
3577 3964 3811 4035 ἔφασκεο

549 4067 872 4112 consuetum
917 4056 1168 4112 servabat
1226 4071 1456 4121 morem,
1507 4069 1617 4126 quo
1667 4063 1964 4110 exornatus
2007 4066 2126 4112 erat

2296 4059 2396 4110 Kal
2420 4058 2505 4122 σὺ,
2542 4057 2712 4128 Κύριε
2745 4059 2773 4109 6
2809 4057 2939 4121 Θεὸς
2969 4057 3076 4111 τῶν
3118 4057 3430 4128 δυνάμεων,
3459 4058 3488 4110 ό
3515 4055 3653 4118 Θεὸς
3709 4053 3810 4105 ’1σ-
3907 4057 3915 4068 '

548 4163 672 4200 cum
701 4163 730 4200 a
755 4145 918 4200 Saule
949 4147 1258 4216 pelleretur,
1293 4161 1358 4199 ac
1388 4143 1647 4214 perfugus
1671 4144 1724 4197 in
1748 4144 1980 4199 desertis
2002 4161 2124 4214 age-

2227 4147 2386 4220 ραὴλ,
2438 4148 2671 4220 πρόσχες
2695 4147 2787 4202 τοῦ
2822 4148 3221 4220 ἐπισκέψασθαι
3263 4150 3439 4204 πάντα
3481 4149 3550 4203 τὰ
3593 4151 3745 4219 ἔθνη.
3780 4165 3800 4199 ι

547 4250 649 4294 ret.
703 4237 835 4292 Nam
868 4247 998 4292 tunc
1027 4253 1263 4308 quoque,
1316 4243 1376 4290 ut
1407 4235 1651 4300 humilis,
1688 4235 1982 4305 perfectus,
2018 4237 2117 4290 hu-

2224 4241 2336 4312 Τὴν
2365 4240 2420 4293 δέ
2449 4239 2847 4310 στηλογραφίαν
2874 4241 2968 4294 καὶ⁵
2995 4241 3090 4295 νῦν
3121 4243 3197 4306 ὡς
3226 4242 3321 4295 καὶ
3356 4242 3414 4294 ἐν
3447 4244 3560 4304 τοῖς
3592 4242 3803 4313 ἔμπρο-

547 4331 748 4385 militer
782 4332 1024 4385 sentiens
1053 4337 1106 4384 et
1136 4329 1468 4398 inculpatus,
1501 4328 1721 4382 aeternis
1763 4327 1938 4398 cippis
1969 4344 1998 4381 a
2037 4329 2120 4383 di-

2223 4331 2349 4384 σθεν
2378 4333 2406 4385 ὁ
2447 4331 2545 4402 μὲν
2592 4329 2842 4396 Ἀκύλας,
2879 4352 2898 4384 ι
2924 4333 3180 4387 ταπεινοῦ
3212 4333 3416 4386 τελείου
3445 4331 3534 4386 τοῦ
3559 4333 3727 4386 Δαυῖδ
3745 4347 3792 4381 ·ι

543 4424 671 4477 vina
713 4423 994 4493 Scriptura
1025 4423 1280 4493 dignatus
1308 4434 1414 4478 est.
1466 4421 1622 4477 Nunc
1655 4431 1836 4476 autem
1873 4438 1995 4475 cum
2029 4439 2117 4478 re-

2218 4424 2247 4475 6
2277 4422 2334 4475 δέ
2363 4422 2675 4495 Σύμμαχος,
2717 4442 2735 4474 ι
2771 4425 3191 4496 ταπεινόφρονος
3220 4427 3315 4480 τοῦ
3334 4426 3494 4480 Δαυῒδ
3523 4427 3617 4479 καὶ
3642 4419 3795 4495 ἀμώ-

546 4531 722 4585 gnans
761 4522 843 4569 tot
877 4515 1127 4570 inimicos
1173 4513 1478 4579 invaderet,
1512 4513 1868 4584 omniumque
1896 4513 2116 4569 divitias

2222 4531 2344 4584 im”:
2375 4533 2394 4566 ³
2428 4517 2802 4587 ἡρμήνευσανο
2827 4517 3036 4588 Στήλης
3059 4516 3168 4589 γὰρ
3195 4513 3262 4590 ἦν
3279 4519 3464 4589 ἀξίαή
3493 4517 3589 4570 τοῦ
3612 4514 3794 4570 τοσού-

545 4606 859 4676 εοΙὶίςει-ει.
905 4606 960 4660 in
999 4603 1188 4660 eodem
1233 4604 1426 4660 affectu
1477 4605 1892 4676 perseverabat;
1946 4603 2164 4674 quare]

2170 4605 2189 4656 )
2216 4623 2309 4659 του
2337 4606 2598 4678 βασιλέως
2628 4609 3076 4680 μετριοφροσύνη.
3107 4609 3386 4663 Τοσούτων
3401 4609 3508 4681 γὰρ
3539 4609 3789 4678 πολέμων

543 4704 600 4750 et
627 4696 762 4751 .ituli
793 4697 1150 4767 inscriptione
1178 4704 1234 4752 et
1260 4697 1455 4768 spiritu
1499 4695 1817 4767 prephetico
1859 4695 2113 4766 dignatus

2221 4699 2654 4770 περιγενόμενος,
2685 4701 2780 4753 καλ⁴
2805 4702 2928 4764 τοὺς
2965 4701 3124 4772 μέχρι
3147 4701 3246 4772 τῆς
3267 4701 3456 4772 Μέσης
3476 4699 3585 4754 τῶν
3619 4714 3785 4753 ποτα-

541 4795 645 4845 est.
1719 4846 1722 4850 ,
2225 4789 2341 4860 μῶν
2361 4790 2650 4857 ὑποτάξας,
2675 4791 2979 4863 ὑποφόρους
3000 4809 3059 4844 τε
3075 4793 3272 4855 αὐτοὺς
3288 4791 3782 4862 καταστησάμενος,

541 4883 600 4936 ἐν
629 4881 705 4953 τῷ
731 4881 914 4954 οἰκείῳ
936 4883 1174 4954 διέμενεν
1201 4884 1340 4954 ἤθει,
1372 4885 1428 4936 ἐν
1442 4877 1486 4951 ᾧ
1515 4884 1609 4937 xa'.
1634 4884 1722 4937 ὅτε
1754 4882 2016 4954 ἠλαύνετο
2051 4882 2154 4936 ὑπὸ
2177 4881 2273 4936 τοῦ
2297 4884 2487 4948 Σαοὺλ,
2507 4884 2712 4946 καὶτὰς
2736 4885 2974 4956 ἐρήμους
2991 4885 3204 4953 φεύγων
3225 4883 3482 4954 κατῴκει,
3503 4881 3777 4954 διέπρεπε.

541 4980 650 5033 Καὶ
671 4979 789 5032 τότε
815 4980 922 5051 γὰρ
943 4979 1048 5034 ὑπὸ
1096 4979 1196 5049 τῆς
1251 4980 1402 5044 θείας
1434 4981 1677 5051 Γραφῆς,
1702 4981 1780 5043 ὡς
1840 4979 2090 5042 ταπεινὸς
2111 4979 2345 5044 τέλειος,
2383 4979 2416 5052 ἢ
2460 4981 2838 5052 ταπεινόφρων
2901 4981 2994 5034 καὶ
3041 4982 3268 5052 ἄμωμος
3309 4979 3518 5050 στηλῶν
3553 4978 3780 5032 αἰωνίων

540 5068 784 5138 ἠξιοῦτοο
819 5071 908 5124 καὶ
939 5070 1034 5124 νῦν
1057 5072 1100 5125 δ’
1127 5073 1214 5125 ὅτε
1253 5072 1550 5142 βασιλεύων
1583 5073 1852 5136 τοσούτοις
1888 5073 2104 5145 ἐπεξῄει
2143 5072 2438 5143 πολεμίοις,
2488 5075 2583 5128 καὶ
2610 5074 2699 5127 τὸν
2730 5074 2982 5127 ἁπάντων
3017 5075 3214 5145 συνῆγε
3261 5071 3518 5138 πλοῦτον,
3559 5073 3652 5125 ἐπὶ
3684 5070 3777 5139 τῆς

540 5164 708 5234 αὐτῆς
746 5163 958 5234 διέμενε
1002 5163 1394 5236 προαιρέσεως·
1445 5165 1526 5218 διὸ
1551 5163 1952 5236 στηλογραφίας
1983 5161 2216 5231 ἠξιοῦτο,
2257 5165 2348 5217 καὶ
2374 5163 2679 5234 πνεύματος
2709 5160 3298 5236 ἡξιοῦτοπροφητικοῦ.

593 5282 878 5336 Observes
929 5297 1093 5351 porro
1122 5282 1279 5336 velim
1327 5283 1430 5336 hoc
1470 5289 1734 5352 tempore,
1788 5295 1912 5335 cum
1947 5277 2115 5334 Israel

2294 5283 2573 5353 Ἐπιτήρει
2598 5262 2654 5334 δέ
2685 5282 2832 5346 ὅπως
2863 5281 3004 5335 κατά
3039 5283 3230 5334 τούτου
3261 5280 3354 5334 τοῦ
3393 5280 3580 5352 χρόνον
3612 5282 3642 5334 6
3681 5280 3771 5334 Ἰσ-

539 5378 798 5439 regnante
819 5369 1046 5430 Davide.
1077 5387 1250 5438 usque
1276 5371 1342 5426 ad
1375 5371 2112 5441 MeSOpotamiamimperium

2215 5375 2368 5448 ραὴλ,
2399 5375 2770 5446 βασιλεύοντος
2797 5375 2981 5440 Δαυῒδ,
3019 5376 3180 5446 μέχρι
3210 5377 3309 5446 τῆς
3341 5373 3528 5443 Μέσης
3547 5373 3656 5426 τῶν
3683 5389 3767 5425 πο-

538 5462 831 5527 ohtineret,
871 5478 936 5518 ac
964 5464 1247 5532 vectigalia
1277 5480 1307 5517 a
1338 5463 1582 5519 finitimis
1612 5464 1867 5534 gentibus
1899 5462 2114 5532 accipe-

2207 5466 2397 5537 ταμῶν
2435 5466 2673 5536 ἐκράτει,
2703 5465 2796 5517 καὶ
2836 5466 3033 5537 φόρους
3062 5465 3210 5538 παρὰ
3243 5462 3350 5517 τῶν
3403 5461 3562 5535 πέριξ
3606 5461 3767 5515 ἐθνῶν

540 5566 645 5620 ret,
694 5557 1110 5626 promissionem
1143 5557 1234 5611 Dei
1283 5558 1347 5612 ad
1379 5557 1652 5611 Abraham
1701 5557 1899 5610 factam
1948 5569 2111 5624 opere

2205 5559 2497 5630 ἐλάμϐανε,
2545 5559 2644 5628 τῆς
2683 5557 2775 5612 τοῦ
2809 5557 2944 5611 Θεοῦ
2991 5557 3321 5627 ἐπαγγελίας
3359 5557 3457 5626 τῆς
3505 5555 3641 5625 πρὸς
3683 5553 3764 5607 τὸν

539 5649 862 5717 completam
887 5665 1031 5714 esse,
1065 5665 1168 5717 qua
1192 5649 1470 5720 pollicitus
1497 5657 1617 5703 erat
1657 5665 1715 5703 se
1745 5652 1996 5702 daturum
2023 5664 2109 5701 se-

2215 5650 2466 5721 ’Ᾱόραάμ
2487 5651 2567 5713 είς
2596 5649 2731 5720 ἔργα
2753 5649 3034 5720 χωρούσης
3053 5667 3066 5680 ·
3093 5650 3161 5704 δι’
3185 5647 3250 5721 ἧς
3285 5647 3649 5718 ἐπηγγέλλετο
3669 5643 3762 5704 δὼ-

539 5741 672 5794 mini
702 5741 822 5810 ejus
851 5750 1020 5797 totam
1053 5751 1251 5798 terram
1285 5757 1312 5794 a
1337 5742 1557 5796 ﬂumine
1584 5740 1800 5813 Egypti
1839 5759 2009 5812 usque
2035 5743 2102 5798 ad

2204 5758 2315 5794 σειν
2337 5739 2414 5811 τῷ
2451 5739 2728 5810 σπέρματι
2755 5738 2918 5791 αὑτοῦ
2955 5740 3133 5792 πᾶσαν
3162 5740 3260 5810 τὴν
3291 5739 3393 5809 γῆν
3416 5737 3523 5790 ἀπὸ
3550 5733 3645 5790 τοῦ
3675 5749 3763 5787 πο-

599 5922 654 5998 f‘
692 5921 878 5978 Matth.
917 5939 1004 5989 τι,
1039 5922 1129 5976 28.
1205 5925 1250 5956 ’³
1289 5922 1420 5977 ibid.
1458 5921 1546 5976 50.
1628 5923 1642 5952 ¹
1682 5920 1786 5978 lsa.
1822 5938 1919 5992 XL,
1956 5922 2072 5979 6-8,
2150 5924 2170 5952 ε
2209 5924 2218 5976 i

1381 5923 1420 5977 ι.
1458 5921 1546 5976 50.
1628 5923 1642 5952 ¹
1682 5920 1786 5978 lsa.
1822 5938 1919 5992 XL,
1956 5922 2072 5979 6-8.
2150 5924 2170 5952 ¹
2209 5923 2339 5979 ibid.
2382 5924 2430 5978 7.
2508 5923 2530 5956 ³
2567 5921 2710 5979 Psal.
2748 5938 2912 5988 nun,
2953 5921 3000 5983 ἶ.
