4100 6442
273 445 386 506 55³1

1402 447 1908 505 COMMENTARIA
1956 452 2024 508 IN
2065 452 2403 512 PSALMOS.

3420 457 3522 513 558

269 566 455 640 ταμοῦ
485 567 781 638 Αἰγύπτου,
845 567 1006 640 μέχρι
1040 565 1135 622 τοῦ
1179 567 1423 638 ποταμοῦ
1457 569 1743 642 Εὐφράτου
1764 589 1779 604 ·
1813 572 1849 624 ἃ.

1964 570 2316 642 Euphratem;
2359 573 2505 644 quod
2543 571 2745 627 Davide
2773 580 3034 642 regnante
3062 541 3249 627 revera
3274 571 3524 641 conligit,

272 659 344 732 δὴ
374 657 745 730 βασιλεύοντος
776 659 868 713 τοῦ
899 658 1061 714 Δαυῒδ
1081 659 1261 733 ἔργοις
1303 660 1606 733 ἐπληροῦτο
1629 681 1643 694 ο
1694 662 1854 716 τοῦτο

274 752 411 821 γοῦν
436 752 530 806 καὶ
559 753 590 821 ή
618 751 980 823 παρατεθεῖσα
1008 750 1216 824 ἱστορία
1246 751 1347 822 τῆς
1384 753 1675 808 Βασιλειῶν
1719 769 1855 827 γρα-

279 846 391 916 φῆς
445 844 762 917 ἐμαρτύρει.
821 845 978 898 Ἀλλὰ
1005 845 1114 916 γὰρ
1166 846 1454 915 φωτισθεὶς
1492 848 1522 900 δ
1569 851 1854 922 προφήτης

279 938 390 995 ὑπὸ
417 937 509 990 τοῦ
539 938 693 1008 ἀγίου
726 937 1060 1009 Πνεύματος,
1090 938 1333 1004 θεσπίζει
1367 939 1438 992 τά
1477 940 1536 993 ἐν
1567 944 1680 1005 τοῖς
1730 943 1856 1013 μέλ-

280 1031 433 1084 λουσι
467 1031 678 1103 χρόνοις
712 1029 1124 1101 συμϐησόμενα.
1158 1031 1291 1085 Τίνα
1315 1031 1371 1084 δὲ
1397 1027 1465 1102 ἦν
1509 1032 1682 1088 ταῦτα
1711 1034 1856 1087 διδά-

286 1140 405 1176 σκει
447 1122 620 1191 λέγων
638 1139 652 1153 ·
689 1141 707 1172 ι
736 1123 828 1185 Είς
851 1121 912 1174 τὸ
933 1121 1088 1185 τέλος
1114 1124 1224 1185 τοῖς
1254 1121 1787 1195 ἀλλοιωθησομένοις.
1830 1146 1849 1178 ι

284 1212 401 1269 Εἶθ’
435 1215 561 1284 ἑξῆς
595 1213 798 1284 προῖὼν
835 1213 1028 1282 ἐπάγει
1049 1231 1062 1242 ·
1098 1232 1116 1264 ι
1168 1213 1225 1266 '0
1258 1213 1423 1277 Θεὸς,
1453 1214 1660 1270 ἀπώσω
1709 1218 1855 1288 ἡμᾶς

285 1309 380 1362 καὶ
404 1307 647 1370 καθεῖλες
673 1307 840 1376 ἡμᾶς,
876 1324 894 1357 ι
916 1305 1008 1359 καὶ
1033 1303 1104 1357 τά
1124 1303 1277 1374 ἑξῆς·
1306 1299 1386 1368 οἷς
1411 1305 1528 1376 μεθ’
1555 1307 1718 1379 ἔτερα
1740 1310 1857 1362 ἐπι·

285 1398 431 1468 λέγει
450 1417 464 1429 ·
497 1417 517 1450 ι
567 1399 624 1452 ’0
647 1397 778 1461 Θεὸς
799 1397 1062 1467 ἐλάλησεν
1090 1397 1148 1450 ἐν
1181 1395 1260 1466 τῷ
1289 1396 1432 1468 ἁγίῳ
1457 1399 1620 1452 αὐτοῦ
1641 1419 1654 1432 ·
1692 1401 1859 1471 ἀγαλ-

286 1490 542 1561 λιάσομσι
585 1490 678 1544 καὶ¹
703 1489 966 1562 διαμεριῶ
985 1489 1204 1561 Σίκιμα,
1232 1490 1325 1544 καὶ
1354 1489 1452 1561 τὴν
1496 1490 1717 1547 κοιλάδα
1751 1492 1857 1546 τῶν

289 1583 501 1651 σκηνῶν
523 1581 887 1653 διαμετρήσω,
928 1601 946 1634 ι
978 1583 1072 1636 καὶ
1099 1581 1166 1636 τὰ
1201 1580 1348 1653 ἑξῆς.
1379 1584 1641 1655 Σημαίνει
1675 1585 1732 1638 δὲ
1769 1585 1857 1639 διὰ

285 1673 490 1727 τούτων
531 1672 624 1726 τοῦ
667 1671 798 1726 Θεοῦ
830 1673 1121 1743 διαλλαγὰς
1154 1675 1292 1748 πρὸς
1327 1675 1455 1739 τοὺς
1506 1674 1853 1745 ἀλλοφύλους.

299 1767 360 1820 'U
395 1765 525 1830 Θεὸς
569 1765 710 1837 γὰρ,
737 1767 900 1837 φησὶν
927 1807 942 1831 ,
978 1767 1235 1838 ἐλάλησε,
1289 1767 1384 1821 καὶ
1426 1766 1665 1840 λαλήσας
1697 1768 1754 1823 ἐν
1779 1768 1858 1839 τῷ

285 1860 429 1930 ἀγίῳ
460 1857 622 1913 αὑτοῦ
671 1857 748 1930 τῷ
797 1859 1008 1913 Γαλαὰδ
1056 1861 1150 1912 καί
1203 1859 1280 1930 τῷ
1307 1861 1606 1932 Μανασσῇ,
1649 1861 1742 1915 καὶ
1781 1861 1859 1931 τῷ

1955 672 2016 718 ut
2040 665 2206 720 allata
2231 665 2541 737 Regnorum
2574 664 2801 720 historia
2824 663 3243 720 testificabatur.
3299 664 3380 719 Ad
3411 664 3528 720 haec

1955 755 2117 808 etiam
2150 751 2359 825 Spiritu
2389 761 2580 810 sancto
2607 753 2910 810 illustratus
2932 751 3224 825 Propheta,
3262 755 3528 810 vaticina-

1957 855 2047 900 tur
2097 861 2160 902 ea
2209 862 2329 916 qua:
2375 846 2560 901 futuro
2607 853 2732 916 post
2781 854 3024 915 tempore
3072 854 3334 903 eventura
3377 855 3524 903 sunt.

1959 938 2220 1004 Quaenam
2267 947 2447 993 autem
2475 939 2568 994 illa
2595 946 2814 1004 essent,
2843 938 2930 994 his
2957 938 3137 995 verbis
3180 939 3371 1004 docet,
3409 959 3429 993 ι
3468 938 3527 994 ln

1958 1035 2118 1089 linem
2159 1047 2258 1102 pro
2287 1033 2353 1088 iis
2387 1032 2481 1104 qui
2512 1033 2965 1091 immutabuntur.
3002 1055 3021 1090 ι
3083 1035 3142 1090 lu
3172 1034 3529 1106 sequentibus

1955 1137 2084 1177 vero
2111 1120 2298 1187 infert,
2321 1121 2516 1186 «Deus,
2543 1123 2790 1194 repulisti
2819 1139 2922 1180 nos
2941 1132 2997 1180 et
3025 1124 3344 1181 destruxisti
3369 1139 3522 1189 nos,»

1955 1220 2010 1269 et
2039 1221 2254 1269 cmtera.
2289 1211 2499 1278 Quibus
2527 1223 2713 1285 postea
2738 1215 3042 1286 subiungit,
3082 1235 3101 1267 ι
3137 1216 3282 1273 Deus
3315 1216 3531 1274 locutus

1955 1310 2042 1358 est
2068 1303 2122 1357 in
2147 1311 2340 1358 sancto
2363 1317 2482 1367 suo,
2510 1304 2796 1360 exsultabo
2825 1313 2880 1360 et
2905 1303 3143 1358 dividam
3175 1303 3416 1360 Sichima
3433 1343 3449 1369 ,
3476 1311 3532 1359 et

1957 1395 2256 1450 convallem
2287 1394 2784 1450 Tabernaculorum
2834 1396 3120 1461 dimetiar,
3161 1414 3180 1448 ι
3216 1405 3270 1452 et
3298 1397 3528 1467 reliqua.

1957 1485 2055 1542 His
2085 1502 2248 1557 porro
2272 1487 2542 1558 signiﬁcat
2570 1486 2664 1542 Dei
2693 1487 3190 1544 reconciliationem
3221 1504 3345 1543 cum
3397 1489 3532 1544 alie-

1957 1581 2192 1652 nigenis.
2235 1580 2378 1637 Deus
2406 1582 2571 1650 enim,
2606 1585 2702 1646 ait,
2732 1582 2949 1638 locutus
2977 1589 3097 1647 est,
3128 1597 3193 1638 ac
3235 1585 3290 1638 in
3337 1593 3532 1639 sancto

1958 1687 2060 1728 suo
2092 1673 2308 1728 locutus
2342 1672 2410 1727 ad
2439 1671 2665 1738 Galaad,
2701 1673 3021 1739 Manassen,
3058 1673 3315 1745 Ephraim
3346 1683 3401 1731 et
3429 1674 3530 1730 Ju-

1959 1764 2120 1830 dam;
2158 1763 2314 1820 Moab
2340 1773 2396 1820 et
2425 1764 2710 1820 Idumaeam
2741 1781 2803 1820 ac
2831 1766 3070 1837 reliquos
3117 1782 3306 1822 omnes
3337 1769 3531 1823 alieni-

1961 1871 2126 1926 genas
2166 1871 2274 1911 una
2319 1857 2716 1928 complectitur.
2749 1855 2884 1912 Nam
2921 1877 2939 1909 ι
2989 1857 3170 1927 Moab,
3221 1861 3418 1932 inquit,
3463 1860 3537 1916 le-

300 1929 562 2023 Ἐφραῖμ,
594 1951 688 2004 καὶ
715 1950 793 2022 τῷ
820 1951 1010 2023 Ἰούδᾳ,
1035 1929 1660 2024 συμπεριλαμϐάνειν-τὸν
1686 1929 1859 2008 Μωάϐ

1964 1947 2058 2002 bes
2090 1946 2206 2017 spei
2233 1962 2433 2013 mean»
2475 1962 2575 2018 pro
2603 1963 2710 2017 quo
2739 1947 3104 2020 Symmachus
3123 1929 3313 2015 edidit,
3342 1949 3534 2006 «Moab

287 2044 386 2096 καὶ
411 2043 510 2114 τήν
543 2043 849 2114 Ἰδουμαίαν
875 2043 967 2096 καὶ
1000 2045 1208 2108 πάντας
1234 2045 1358 2108 τοὺς
1383 2045 1601 2110 λοιποὺς
1632 2045 1861 2115 ἀλλοφύ-

285 2134 433 2199 λους.
457 2155 476 2187 ι
499 2134 672 2190 Μωάϐ
700 2154 719 2186 ι
748 2135 879 2207 γάρ,
915 2137 1069 2207 φησὶ,
1095 2155 1115 2188 ι
1142 2135 1304 2208 λέϐης
1329 2137 1428 2207 τῆς
1449 2137 1660 2203 ἐλπίδος
1687 2155 1808 2210 μου·
1835 2157 1854 2191 ι

288 2227 405 2281 ἄνθ’
433 2222 493 2281 οὗ
521 2229 549 2280 ό
587 2227 882 2298 Σύμμαχος
904 2227 1155 2294 ἐξέδωκε,
1193 2247 1211 2280 ι
1245 2229 1419 2283 Μωάϐ
1459 2230 1625 2303 λέϐης
1666 2233 1861 2303 ἀμερι-

292 2317 454 2390 μνίας
496 2335 596 2388 μου
621 2334 634 2348 °
668 2337 687 2371 ι
719 2320 747 2371 ό
770 2318 827 2370 δὲ
869 2317 1130 2384 Ἀκύλας,
1171 2339 1190 2371 ‹
1228 2320 1402 2374 Μωάϐ
1437 2322 1600 2393 λέϐης
1635 2321 1860 2395 λουτροῦ

292 2429 418 2484 μου.
462 2429 482 2462 ι
516 2404 649 2463 Εἶτα
673 2410 799 2481 περὶ
846 2409 946 2480 τῆς
991 2410 1293 2482 Ἰδουμαίας
1335 2413 1497 2476 αὐτὸς
1533 2414 1863 2483 ἐπαγγέλλε-

287 2520 381 2556 ται
431 2499 641 2569 λέγων’
682 2520 701 2551 ι
744 2499 867 2553 Ἐπὶ
893 2499 993 2572 τήν
1042 2501 1346 2572 Ἰδουμαίαν
1386 2505 1588 2558 ἐκτενῶ
1627 2506 1688 2559 τὸ
1733 2505 1863 2559 ὑπό-

288 2588 441 2660 δημά
485 2608 617 2661 μου·
659 2610 678 2644 ι
729 2592 761 2658 ἢ
811 2590 952 2644 κατά
994 2589 1085 2644 τὸν
1135 2592 1466 2664 Σύμμαχον,
1524 2613 1544 2646 ι
1591 2596 1714 2649 Ἐπὶ
1765 2597 1864 2667 τὴν

303 2677 603 2748 Ἰδουμαίαν
657 2679 988 2750 ἐπιϐήσομαι
1045 2679 1124 2751 τῷ
1171 2682 1474 2754 ὑποδήματι
1521 2702 1639 2756 μου.
1685 2703 1704 2736 ›
1754 2687 1864 2739 Kal.

288 2768 514 2823 τοιαῦτα
559 2770 657 2840 μὲν
705 2771 1092 2840 ἐπαγγέλλεται
1123 2773 1202 2844 τῷ
1234 2775 1406 2828 Μωάϐ
1443 2775 1537 2828 καὶ
1581 2778 1646 2848 τῇ
1704 2776 1864 2829 Ἰδου-

295 2860 452 2932 μαίᾳ.
495 2861 629 2930 Περὶ
673 2861 730 2916 δὲ
758 2863 866 2917 τῶν
891 2863 1203 2936 ἀλλοφύλων
1236 2866 1399 2920 πάλιν
1424 2868 1453 2920 ό
1486 2867 1646 2932 αὐτὸς
1681 2868 1865 2922 ἐπιλέ-

291 2966 412 3019 γει·
447 2969 468 3003 ι
522 2951 675 3022 Ἐμοί
705 2953 989 3023 ἀλλόφυλοι
1023 2955 1402 3027 ὑπετάγησανο
1442 2976 1460 3009 ι
1494 2959 1551 3030 ἦ,
1587 2957 1729 3012 κατά
1774 2959 1865 3013 τὸν

306 3040 533 3094 ’Δκύλαν
556 3059 570 3072 ο
607 3061 626 3093 ι
670 3042 784 3096 Ἐπ’
808 3045 907 3116 ἐμὲ
937 3045 1253 3101 Φυλιστιαία
1288 3047 1410 3119 (sic)
1433 3040 1806 3122 ήτιιιρήσατο⁹
1841 3069 1860 3103 ι

293 3136 435 3189 κατά
464 3135 522 3190 δέ
549 3136 640 3190 τὸν
676 3136 1022 3202 Θεοδοτίωνα,
1062 3158 1080 3190 ι
1120 3141 1272 3210 Ἐμοὶ
1321 3140 1606 3210 ἀλλόφυλοι
1657 3142 1867 3211 ἐφιλία-

1961 2036 2109 2092 lebes
2142 2038 2455 2094 securitatis
2508 2053 2674 2105 mea;
2710 2059 2728 2091 ›
2765 2039 2961 2110 Aquila
3011 2055 3165 2106 vero,
3205 2058 3224 2092 ι
3261 2039 3420 2096 Moab
3452 2041 3532 2098 le-

1960 2130 2058 2185 bes
2090 2129 2294 2184 lavacri
2344 2131 2470 2184 mei.
2509 2149 2527 2182 ι
2577 2129 2842 2202 Deinceps
2875 2131 2943 2186 de
2988 2129 3220 2187 ldumaea
3254 2131 3369 2188 haec
3417 2133 3534 2203 ipse

1961 2221 2269 2292 pollicetur,
2307 2240 2326 2273 ι
2357 2220 2415 2276 ln
2460 2221 2750 2277 ldumaeam
2783 2221 3072 2278 extendam
3100 2224 3530 2280 calceamentum

1960 2330 2142 2371 meum
2157 2332 2172 2383 ;
2187 2335 2205 2367 ι
2231 2314 2346 2370 sive
2365 2315 2665 2370 secundum
2687 2314 3100 2386 Symmachum,
3125 2334 3145 2367 ι
3167 2314 3227 2370 In
3242 2315 3532 2371 ldumaeam

1961 2407 2328 2464 conscendam
2380 2409 2753 2464 calceamento
2798 2422 2940 2462 meo.
2973 2425 2992 2459 ι
3046 2407 3112 2461 Et
3153 2407 3270 2462 haec
3314 2407 3534 2478 quidem

1961 2497 2121 2554 Moab
2145 2506 2200 2554 et
2234 2497 2481 2553 Idumaeas
2513 2497 2824 2568 pollicetur.
2857 2497 2934 2554 De
2960 2497 3280 2570 alienigenis
3313 2513 3533 2554 rursum

1963 2589 2173 2660 adjicit,
2213 2608 2232 2641 ι
2266 2589 2396 2644 Mihi
2425 2589 2740 2661 alienigenae
2780 2588 2984 2645 subditi
3029 2597 3191 2658 sunt;
3230 2610 3250 2643 ι
3285 2591 3400 2658 sive
3440 2605 3530 2645 se-

1963 2679 2202 2735 cundum
2244 2682 2534 2751 Aquilam,
2587 2699 2606 2733 ι
2642 2679 2773 2735 Mihi
2801 2679 3112 2737 Philisthaa
3139 2683 3314 2736 amica
3341 2680 3474 2747 fuit;
3511 2699 3532 2734 ι

1965 2770 2264 2827 secundum
2293 2770 2724 2828 Theodotionem
2757 2779 2960 2836 autem,
2997 2791 3016 2824 ι
3050 2771 3179 2826 Mihi
3219 2772 3538 2843 alienigenae

1965 2863 2128 2918 amici
2153 2862 2282 2918 facti
2312 2873 2461 2919 sunt.
2494 2882 2513 2915 ι
2551 2862 2678 2920 Hec
2726 2878 2892 2934 porro
2923 2863 3057 2934 ipsis
3085 2863 3267 2919 verbis
3295 2871 3349 2918 et
3389 2865 3539 2920 voci-

1965 2954 2070 3009 bus
2118 2953 2176 3008 in
2225 2968 2334 3008 cvu
2381 2954 2592 3025 psalmo
2639 2953 2785 3008 dicta
2818 2963 2968 3018 sunt,
3016 2954 3070 3007 in
3100 2969 3209 3024 quo
3237 2954 3537 3010 secundum

1965 3045 2474 3117 LXXlnterpretes,
2540 3047 2748 3102 amicos
2811 3045 2904 3102 Dei
2945 3045 3160 3102 futuros
3206 3046 3536 3119 alienigenas

1971 3139 2029 3194 in
2057 3137 2323 3194 vaticinio
2366 3137 2562 3196 fertur.
2619 3138 2893 3209 Scriptum
2943 3140 3126 3208 itaque
3167 3145 3253 3193 est
3293 3137 3349 3193 in
3401 3138 3537 3194 illo:

296 3245 416 3285 σαν.
446 3248 466 3281 ι
489 3229 636 3282 Δύτά
663 3229 719 3284 δὲ
750 3230 920 3284 ταῦτα
951 3235 1064 3295 τοῖς
1091 3233 1274 3296 αὐτοῖς
1305 3233 1534 3304 ῥήμασι,
1557 3234 1652 3288 καὶ
1680 3235 1862 3299 αὑταῖς

1973 3249 1994 3284 ι
2025 3231 2184 3287 Moab
2210 3231 2359 3287 lebes
2388 3231 2504 3302 spei
2533 3246 2685 3287 meae.
2723 3231 2781 3286 lu
2808 3229 3093 3287 Idumaeam
3118 3231 3406 3287 extendam
3425 3231 3542 3287 cal-

293 3321 470 3387 λέξεσι
495 3323 587 3376 καὶ
613 3324 670 3375 ἐν
700 3322 777 3395 τῷ
807 3323 885 3395 ρξ’
915 3323 1128 3395 εἴρηται
1153 3324 1371 3396 ψαλμῷ,
1406 3327 1464 3379 ἐν
1501 3321 1546 3396 ᾧ
1591 3329 1684 3382 καὶ
1725 3329 1866 3383 κατά

294 3413 421 3476 τοὺς
474 3410 873 3484 Ἐϐδομήκοντα
909 3415 1176 3484 φιλιάσειν
1231 3415 1310 3487 τῷ
1340 3415 1458 3487 Θεῷ
1498 3418 1548 3470 οἱ
1581 3417 1864 3487 ἀλλόφυλοι

296 3503 660 3570 θεσπίζονται.
692 3507 1004 3580 Γέγραπται
1025 3507 1154 3576 γοῦν
1180 3510 1273 3562 καὶ
1301 3511 1359 3562 ἐν
1384 3510 1598 3581 ἐκείνῳ·
1640 3529 1659 3562 ι
1692 3510 1866 3564 Μωὲιϐ

295 3596 461 3668 λέϐης
485 3599 582 3669 τῆς
611 3599 824 3660 ἐλπίδος
851 3617 972 3670 μου.
1015 3601 1137 3654 Ἐπὶ
1159 3601 1257 3672 τὴν
1295 3602 1598 3673 Ἰδουμαίαν
1625 3603 1868 3657 ἐπιϐαλῶ

298 3689 362 3743 τὸ
386 3689 638 3761 ὑπόδημά
684 3706 804 3761 μου,
835 3692 958 3762 ἐμοὶ
1011 3691 1299 3760 ἀλλόφυλοι
1346 3692 1652 3763 ἐφιλίασαν.
1689 3714 1707 3746 ι
1757 3695 1868 3748 Καὶ

299 3781 470 3836 ταῦτα
493 3782 591 3853 μὲν
609 3783 735 3854 περὶ
761 3782 868 3837 τῶν
888 3783 1200 3852 ἀλλοφύλων
1219 3784 1420 3854 διῆλθε.
1446 3784 1600 3839 Μετά
1618 3785 1675 3840 δὲ
1698 3786 1869 3839 ταῦτα

301 3876 366 3928 ἐκ
391 3873 678 3946 προσώπου
705 3875 798 3929 τοῦ
841 3876 1108 3929 Ἰουδαίων
1148 3875 1279 3929 λαοῦ
1309 3879 1340 3948 ή
1372 3879 1676 3950 προφητεία
1709 3879 1869 3933 πάλιν

301 3968 495 4036 ἐπάγει
545 3967 827 4038 φάσκουσα
848 3985 861 3998 ·
914 3987 932 4020 ι
985 3968 1118 4038 Ούχὶ
1142 3969 1207 4022 σὺ
1232 3970 1260 4022 ὁ
1287 3970 1418 4033 Θεὸς
1457 3971 1486 4023 ὀ
1512 3971 1871 4041 ἀπωσάμενος

183 4063 198 4078 ’
301 4059 469 4128 ἡμᾶς,
500 4058 594 4112 καὶ
623 4059 722 4112 οὐκ
744 4057 1001 4131 ἐξελεύσῃ
1033 4063 1090 4114 ἐν
1113 4063 1234 4124 ταῖς
1279 4059 1570 4131 δυνάμεσιν
1603 4061 1799 4132 ἡμῶν;
1847 4081 1865 4112 ι

307 4151 375 4203 ’Δ
407 4149 470 4220 δή
490 4150 652 4219 ὃμοια
675 4149 866 4218 γένοιτ’
887 4149 953 4204 ἂν
973 4153 1084 4215 τοῖς
1115 4151 1256 4206 κατά
1287 4152 1384 4222 τήν
1412 4152 1586 4225 ἀρχὴν
1617 4152 1872 4223 λελεγμέ-

302 4256 415 4306 νοις
458 4243 515 4294 ἐν
540 4240 618 4312 τῷ
643 4279 659 4303 ,
692 4259 711 4292 ι
757 4240 813 4295 '0
845 4240 996 4305 Θεὸς,
1053 4242 1258 4295 ἀπώσω
1287 4243 1435 4313 ἡμᾶς
1480 4243 1575 4296 καὶ
1627 4241 1873 4303 καθεῖλες

304 4332 451 4402 ἡμᾶς
469 4349 484 4363 ο
521 4351 539 4384 ι
567 4332 631 4385 δι’
659 4325 734 4386 ὧν
752 4332 939 4403 σαφῶς
965 4333 1190 4397 ἑαυτοὺς
1226 4333 1323 4403 μὲν
1353 4333 1633 4387 ἀπεῶσθαι
1654 4333 1872 4401 λέγουσι

304 4425 398 4476 καὶ
436 4424 844 4497 καθαιρεῖσθαι,
902 4425 976 4497 μὴ
1022 4425 1164 4496 ἐχειν
1206 4443 1266 4478 τε
1299 4427 1389 4480 τὸν
1413 4425 1546 4481 Θεὸν
1595 4425 1787 4498 βοηθὸν
1817 4427 1873 4476 ἐν

303 4519 424 4579 ταῖς
457 4517 666 4570 ἑαυτῶν
705 4518 996 4589 δυνάμεσι*
1026 4519 1152 4582 τοὺς
1192 4517 1249 4571 δὲ
1287 4516 1614 4586 ἀλλοφύλους
1646 4516 1872 4573 καθόλου

1968 3329 2310 3378 ceamentum
2363 3337 2580 3386 meum,
2636 3321 2770 3378 mihi
2825 3322 3140 3392 alienigenae
3195 3322 3357 3378 amici
3408 3321 3542 3382 facti

1969 3421 2099 3470 sunt
2127 3414 2168 3468 ⁸.
2208 3432 2226 3465 ι
2261 3412 2327 3468 Ει
2357 3413 2471 3468 haec
2495 3412 2714 3484 quidem
2759 3413 2828 3468 de
2876 3411 3195 3484 alienigenis
3241 3412 3538 3468 enarravit.

1971 3505 2088 3561 Sub
2118 3505 2233 3560 haec
2257 3514 2436 3560 autem
2480 3520 2548 3561 ex
2590 3519 2823 3575 persona
2852 3502 3064 3560 Iudaici
3099 3505 3282 3576 populi
3311 3505 3545 3575 prophe-

1969 3598 2044 3652 tia
2076 3610 2295 3652 rursum
2327 3594 2518 3664 adjici:
2551 3613 2564 3648 ι
2600 3614 2618 3646 ι
2650 3592 2841 3649 Nonne
2874 3603 2930 3648 tu
2951 3633 2966 3658 ,
2999 3591 3146 3650 Deus
3171 3636 3186 3662 ,
3222 3593 3315 3665 qui
3339 3595 3544 3664 repuli-

1970 3688 2040 3741 sti
2071 3700 2172 3740 nos
2191 3725 2207 3749 ,
2237 3691 2293 3740 et
2321 3699 2430 3739 non
2459 3684 2757 3755 egredieris
2785 3684 2841 3738 in
2869 3683 3162 3741 virtutibus
3191 3684 3397 3740 nostris
3425 3685 3488 3738 ’ἲ
3520 3704 3539 3738 ι

1971 3776 2104 3844 Quae
2147 3776 2346 3832 similia
2396 3783 2525 3832 sunt
2576 3776 2645 3830 iis
2689 3790 2810 3846 quae
2856 3774 2926 3829 ab
2971 3773 3129 3830 initio
3178 3773 3326 3829 dicta
3371 3773 3543 3835 luere.

1977 3884 1995 3918 ι
2020 3865 2188 3933 Deus,
2220 3865 2469 3937 repulisti
2491 3880 2590 3922 nos
2613 3876 2668 3920 et
2687 3865 3008 3921 destruxisti
3036 3879 3168 3920 nos:
3193 3884 3212 3916 ι
3236 3866 3394 3935 queis
3423 3881 3548 3936 per-

1971 3958 2160 4028 spicue
2189 3973 2248 4013 se
2278 3957 2527 4028 repulsos
2552 3964 2606 4012 et
2629 3956 2940 4013 destructos
2972 3955 3143 4012 fuisse
3170 3965 3416 4022 narrant,
3444 3972 3546 4011 ne-

1973 4064 2081 4120 que
2114 4047 2282 4104 Deum
2332 4047 2386 4102 in
2435 4046 2752 4110 virtutibus,
2802 4046 2916 4101 sive
2961 4046 3016 4100 in
3065 4046 3397 4102 exercitibus
3429 4045 3546 4102 suis

1973 4139 2326 4210 opitulantem
2381 4138 2583 4194 habere
2632 4155 2646 4193 :
2696 4135 3027 4207 alienigenas
3070 4151 3202 4191 vero
3245 4137 3546 4207 generatim

1974 4246 2164 4287 omnes
2193 4231 2400 4286 amicos
2428 4229 2522 4285 Dei
2547 4228 2770 4284 effectos
2799 4242 2958 4294 esse;
2992 4225 3149 4282 Moab
3177 4231 3322 4282 vero‘
3335 4229 3551 4298 specia-

1975 4324 2072 4378 tim
2097 4323 2326 4379 lebetem
2353 4322 2469 4394 spei
2492 4323 2633 4392 ejus,
2672 4336 2768 4377 seu
2797 4320 3027 4376 lehetem
3059 4318 3260 4374 lavacri
3289 4319 3431 4390 ejus,
3461 4320 3547 4374 vel

1976 4414 2287 4470 securitatis
2308 4413 2607 4483 ejus'esse;
2635 4409 3032 4480 ldumaamque
3061 4407 3548 4465 calceamento-Dei

1975 4507 2251 4578 dignatam
2290 4505 2478 4562 fuisse.
2543 4503 2669 4559 Haec
2715 4502 3080 4559 illustratioue
3111 4500 3349 4572 Spiritus
3379 4499 3549 4554 divini

310 4608 408 4678 μὲν
429 4609 634 4672 πάντας
657 4609 842 4678 φίλους
891 4609 1170 4677 γεγονέναι
1193 4607 1270 4678 τῷ
1295 4607 1413 4678 Θεῷ
1438 4646 1454 4671 ,
1505 4606 1647 4670 ἰδίως
1694 4607 1751 4660 δὲ
1782 4606 1862 4661 τὸι

1977 4598 2203 4654 edoctus
2227 4597 2397 4653 David
2419 4637 2436 4663 ,
2469 4597 2628 4668 quasi
2656 4611 2724 4651 ex
2749 4609 2982 4666 persona
3018 4593 3188 4648 totius
3215 4592 3436 4663 populi,
3466 4591 3553 4646 di-

306 4700 479 4754 Μωάϐ
506 4699 709 4771 λέϐητα
729 4699 892 4754 αὑτοῦ
919 4699 1021 4770 τῆς
1046 4698 1256 4763 ἐλπίδος
1277 4737 1292 4762 ,
1325 4698 1358 4771 ἢ
1386 4697 1587 4769 λέϐητα
1615 4696 1709 4751 τοῦ
1753 4697 1862 4750 λου·

1975 4693 2072 4756 cit,
2114 4709 2133 4742 ι
2157 4690 2320 4748 Deus.
2345 4690 2590 4760 repulisti
2627 4702 2728 4743 nos
2761 4694 2814 4742 et
2835 4684 3160 4741 destruxisti
3189 4698 3325 4750 nos;
3357 4701 3378 4736 ι
3413 4683 3549 4746 sive,

305 4791 435 4862 τροῦ
469 4791 712 4862 αύτοῦ,ή
746 4792 842 4863 τῆς
871 4790 1202 4863 ἀμεριμνίας
1234 4788 1397 4844 αὑτοῦ
1431 4787 1738 4858 γεγονέναι·
1775 4789 1862 4859 τὴι

1978 4783 2278 4838 secundum
2311 4781 2696 4854 Symmachum
2732 4798 2746 4833 :
2785 4797 2804 4830 ι
2838 4777 3002 4842 Deus,
3055 4774 3306 4846 abiecisti
3332 4789 3468 4838 nos,
3499 4783 3554 4828 et

308 4885 363 4938 δέ
403 4885 702 4955 Ἰδουμαίαν
729 4883 821 4938 τοῦ
844 4884 1185 4955 ὑποδήματος
1209 4882 1303 4936 τοῦ
1328 4881 1463 4935 Θεοῦ
1487 4880 1862 4952 κατηξιῶσθαι.

1979 4874 2263 4930 abscidisti
2291 4888 2426 4936 nos,
2460 4892 2478 4924 ι
2513 4871 2874 4941 abjectionem
2917 4878 2973 4925 et
3004 4867 3398 4924 abscissionem
3431 4881 3552 4920 ma-

309 4974 470 5027 Ταῦτ⁹
497 4971 591 5029 οὖν
617 4973 695 5045 τῷ
731 4972 1006 5044 Πνεύματι
1034 4973 1112 5044 τῷ
1145 4973 1274 5044 θείῳ
1306 4971 1593 5042 φωτισθεὶς
1621 4973 1650 5024 ὁ
1691 4970 1862 5025 Δαυῒδ.

1980 4965 2180 5023 nifeste
2226 4965 2563 5036 signiﬁcans.
2633 4963 2927 5034 Subjungit
2947 4968 3166 5033 postea,
3203 4977 3223 5011 ι
3263 4957 3440 5014 Iratus
3469 4974 3550 5019 es.

310 5070 596 5121 κοινοποιεῖ
625 5068 712 5121 τὸν
735 5067 890 5135 λόγον
905 5064 981 5130 ὡς
1008 5067 1073 5119 ἐκ
1096 5061 1385 5137 προσώπου
1413 5063 1506 5117 τοῦ
1527 5063 1726 5128 παντὸς
1747 5062 1862 5116 λαοί

1983 5066 2038 5115 et
2082 5057 2340 5114 misertus
2385 5073 2447 5112 es
2492 5055 2684 5122 nobis;
2724 5074 2744 5108 ι
2789 5053 3089 5110 secundum
3118 5052 3370 5123 Aquilam
3401 5066 3551 5114 vero,

311 5161 404 5215 καί
456 5177 648 5230 φησιν*
693 5178 712 5210 ι
762 5160 819 5213 '0
847 5159 1012 5222 Θεὸς,
1058 5157 1262 5213 ἀπώσω
1302 5157 1450 5229 ἡμᾶς
1502 5156 1596 5210 καὶ
1635 5155 1862 5219 καθεῖλες

1991 5173 2010 5207 ι
2042 5153 2216 5210 Iratus
2252 5151 2494 5208 avertisti
2543 5166 2679 5216 nos;
2717 5169 2736 5202 ι
2789 5147 3090 5205 secundum
3141 5146 3554 5220 Symmachum,

313 5254 484 5324 ἡμᾶς·
514 5272 532 5304 ι
558 5253 613 5323 ἢ,
647 5252 786 5306 κατά
815 5251 906 5306 τὸν
938 5251 1228 5323 Σύμμαχον
1247 5266 1261 5280 ·
1295 5269 1316 5302 ι
1364 5250 1423 5302 '0
1438 5248 1589 5312 Θεὸς,
1606 5245 1862 5301 ἀπεϐάλοι

1990 5265 2009 5297 ι
2041 5244 2218 5300 Iratus
2241 5259 2323 5310 es,
2345 5249 2399 5298 et
2419 5239 2833 5296 circumduxisti
2858 5253 2994 5306 nos;
3015 5256 3033 5290 ι
3069 5237 3368 5294 secundum
3393 5235 3557 5307 quin-

313 5347 482 5416 ἡμᾶς,
515 5345 610 5398 καὶ
658 5344 911 5414 διέκοψας
955 5344 1134 5414 ἡμᾶς’
1179 5361 1198 5394 ι
1243 5341 1429 5411 σαφῶς
1470 5339 1740 5410 ἀποϐολὴν
1785 5338 1862 5391 κα¹

1985 5345 2097 5392 tam
2125 5336 2442 5400 editionem,
2471 5332 2577 5387 «Et
2605 5330 3021 5388 circumduxisti
3059 5346 3214 5387 nos»
3251 5328 3377 5386 Hac
3391 5341 3558 5399 porr»

315 5432 596 5504 ἀποκοπὴν
615 5432 794 5487 αὐτῶν
817 5431 1079 5503 δηλώσας.
1107 5429 1216 5485 Εἶτ’
1241 5430 1500 5499 ἐπιλέγει’
1529 5448 1548 5481 ι
1571 5428 1862 5500 Ὠργίσθηςη

1984 5437 2212 5485 eventus
2237 5441 2416 5482 rerum
2449 5419 2577 5496 plus‘
2601 5440 2761 5496 quam
2788 5425 2952 5479 verba
2983 5422 3247 5478 declarat.

318 5523 410 5578 καὶ
435 5523 772 5596 ᾤκτείρησας
795 5525 1004 5596 ήμᾶςοι
1042 5525 1183 5578 κατά
1213 5524 1269 5578 δέ
1296 5524 1388 5578 τὸν
1427 5524 1676 5589 Ἀκύλαν,
1701 5542 1720 5574 ι
1751 5521 2036 5594 Θυμωθεὶς
2062 5518 2430 5592 μετέστρεψας
2456 5520 2603 5591 ήμᾶς
2621 5535 2634 5549 ·
2650 5537 2667 5570 ι
2691 5517 2830 5572 κατά
2855 5517 2911 5570 δέ
2937 5516 3028 5570 τὸν
3053 5514 3366 5586 Σύμμαχον,
3396 5529 3413 5560 ι
3447 5510 3560 5580 ἀρ’

317 5620 528 5691 γίσθιης,
590 5620 683 5673 καὶ
749 5598 1079 5692 περιήγαγις
1143 5620 1319 5690 ἡμᾶς·
1360 5637 1379 5670 ι
1419 5618 1559 5672 κατά
1599 5618 1657 5672 δὲ
1697 5617 1796 5688 τὴν
1839 5616 2096 5688 πέμπτην
2159 5615 2386 5679 ἔκδοσιν,
2423 5633 2442 5666 ι
2489 5614 2600 5668 Καὶ
2632 5613 2968 5685 περιήγαγες
3006 5610 3174 5682 ἡμᾶς.
3215 5626 3234 5660 ι
3276 5604 3463 5660 Ταῦτα
3501 5604 3560 5660 δὲ

323 5713 517 5786 μᾶλλον
548 5714 653 5768 τῶν
675 5713 847 5784 λόγων
872 5715 906 5786 ή
935 5713 1044 5767 τῶν
1073 5712 1410 5785 πραγμάτων
1456 5712 1676 5776 ἔκϐασις
1713 5710 2028 5784 παρίστησι.

398 5897 421 5929 ⁸
450 5898 593 5956 Psal.
628 5913 767 5963 cvn,
807 5897 891 5954 l0.
969 5899 990 5930 '
1032 5896 1162 5952 ibid.
1201 5895 1286 5952 η.
