4100 6442
572 455 674 508 559

640 571 768 626 Post
781 569 1075 624 Salvatoris
1097 569 1274 638 itaque
1295 568 1467 622 nostri
1491 567 1802 628 adventum,
1819 567 2036 637 quando
2058 565 2132 618 in-
2162 571 2207 624 Α

568 663 709 717 vasit
735 676 830 716 eos
863 661 939 713 ira
970 661 1024 714 in
1055 659 1234 722 finem,
1266 659 1377 712 hate
1396 659 1580 712 omnia
1603 659 1770 728 passi,
1794 657 2019 727 repulsi,
2049 658 2138 710 de-

567 754 762 811 structi
781 761 834 808 et
849 752 1046 821 ab‘jecti
1077 758 1234 815 sunt;
1263 749 1492 805 abscissi
1522 749 1649 804 item
1673 758 1726 804 et
1753 748 2131 810 circumducti,

568 847 624 900 in
653 857 950 912 omnesque
997 851 1182 910 gentes
1214 839 1468 910 dispersi.
1501 836 1608 892 Sed
1637 839 1824 904 etiam,
1853 857 1870 888 ι
1891 853 2135 891 commo-

569 931 715 994 visti,
757 929 948 998 inquit,
975 935 1174 982 terram
1213 937 1262 980 et
1307 926 1644 981 conturbasti
1662 941 1804 989 eam,
1847 925 1976 996 quia
2007 941 2136 980 sex-

568 1031 724 1076 centa
750 1022 820 1075 ibi
849 1019 1247 1084 malainerant;
1273 1017 1327 1083 in
1361 1029 1504 1073 terra
1537 1019 1659 1073 dico
1683 1033 1894 1081 eorum,
1925 1017 2136 1072 scilicet

566 1114 886 1176 Jerusalem,
921 1112 1012 1166 ubi
1045 1111 1193 1182 regia
1226 1119 1276 1166 et
1308 1112 1707 1173 sanctuarium,
1741 1110 1831 1164 ubi
1867 1111 2050 1165 omnia
2079 1111 2134 1164 in

569 1208 682 1276 lege
708 1204 1014 1260 veneranda
1043 1203 1528 1270 persolvebantur:
1559 1201 1675 1256 sive
1718 1202 1883 1256 etiam
1937 1203 1990 1255 in
2023 1209 2134 1257 tota

566 1295 781 1347 illorum
827 1294 1081 1363 regione;
1125 1293 1239 1347 sive
1270 1293 1324 1346 in
1371 1292 1660 1346 animabus
1690 1306 1878 1346 eorum
1929 1292 2136 1362 tropice

568 1397 710 1440 terra
736 1387 1084 1455 nuncupatis.
1116 1385 1246 1450 Qua:
1274 1383 1456 1438 omnia
1486 1382 1778 1438 confertim
1802 1384 1872 1438 ob
1892 1383 2135 1452 improba

565 1495 752 1532 eorum
787 1477 1050 1543 facinora,
1078 1484 1352 1530 commota
1374 1483 1428 1531 et
1452 1476 1775 1532 conturbata
1805 1484 1954 1530 sunt.
1983 1477 2137 1529 Atta-

567 1587 689 1624 men
717 1578 870 1640 rogat
902 1568 1174 1638 Propheta
1216 1569 1270 1622 in
1307 1569 1664 1638 sequentibus
1695 1586 1708 1622 :
1748 1586 1766 1619 ι
1804 1567 1949 1622 Sana
2004 1582 2137 1621 eorr-

568 1660 816 1714 tritiones
839 1659 977 1728 ejus,
1016 1659 1142 1728 quia
1171 1669 1442 1712 commota
1468 1664 1570 1712 est.
1608 1675 1628 1708 ι
1663 1656 1704 1708 Α
1731 1656 1952 1726 proprio
1981 1671 2136 1710 nam-

567 1769 672 1820 que
704 1753 820 1806 loco
851 1759 905 1806 et
951 1752 1058 1804 situ
1103 1759 1378 1804 commota
1440 1757 1496 1804 et
1549 1763 1819 1803 concussa
1879 1747 2135 1818 przedicla

568 1855 739 1904 terra,
761 1842 1180 1896 contritionibus
1233 1849 1286 1896 et
1322 1840 1495 1895 ruina:
1525 1840 1767 1895 suberat.
1816 1839 1997 1906 Quare
2031 1841 2134 1896 sub

572 1940 685 1989 lucc
713 1935 975 1988 additur;
1017 1952 1035 1985 ι
1084 1933 1384 1989 Ostendisti
1445 1932 1645 2004 populo
1679 1939 1772 1987 tuo
1806 1933 1983 1986 dura:
2025 1952 2042 1985 ι
2081 1942 2134 1988 et

567 2029 694 2080 vino
748 2026 1188 2094 compnnctionis
1241 2031 1393 2094 potat
1450 2025 1608 2091 illos;
1657 2025 1774 2080 sive
1833 2022 2133 2080 secundum

565 2119 839 2189 Aquilam,
875 2138 893 2169 ‹
933 2119 1054 2172 vino
1091 2119 1338 2188 soporis;
1376 2135 1396 2168 ›
1447 2118 1565 2172 sive
1621 2117 1923 2171 secundum
1977 2114 2137 2188 Sym-

567 2212 838 2276 machum,
895 2229 914 2262 ι
953 2211 1080 2266 vino
1135 2207 1472 2278 iactationis.
1513 2227 1532 2260 ι
1590 2207 1668 2264 Ac
1727 2207 1910 2264 dicere
1967 2209 2133 2270 licet,

567 2302 873 2354 divinarum
936 2298 1342 2369 Scripturarum
1399 2296 1646 2363 verbum,
1700 2311 1809 2366 quo
1846 2312 2034 2352 eorum
2083 2297 2134 2351 in

566 2393 842 2447 Christum
900 2391 1254 2446 incredulitas
1313 2389 1582 2460 arguitur,
1617 2389 1803 2444 vinum
1831 2405 1954 2444 esse
1987 2404 2135 2444 com-

568 2485 896 2554 piutctionis,
931 2499 1120 2538 eorum
1165 2481 1500 2535 conscientia
1553 2496 1650 2551 per
1696 2481 2009 2552 prophetias
2071 2482 2138 2536 de

566 2576 805 2638 Christo,
851 2591 1060 2630 necnon
1115 2591 1210 2645 per
1249 2581 1570 2644 praesentem
1623 2589 1806 2628 rerum
1868 2573 2138 2628 conditio-

567 2685 690 2724 nem
723 2707 738 2732 ,
794 2683 856 2722 ac
903 2683 996 2737 per
1046 2667 1458 2721 conversionem
1498 2654 1754 2736 gentium
1811 2676 2137 2733 compuncta

567 2772 620 2817 et
645 2762 949 2815 vulnerata.
985 2759 1109 2814 Haec
1137 2761 1361 2830 quippe,
1423 2759 1638 2815 etiamsi
1683 2774 1792 2814 non
1853 2758 2021 2812 fucati
2055 2758 2136 2811 vi-

567 2854 794 2908 deantur
812 2867 954 2917 esse,
981 2867 1171 2906 eorum
1189 2852 1580 2906 conscientiam
1614 2857 1883 2921 pungunt,
1910 2848 2132 2914 feriunt,

566 2953 620 2998 et
653 2946 718 2999 ad
747 2931 968 3001 sensum
1011 2959 1126 2998 sua:
1177 2960 1305 3015 erga
1360 2943 1696 2999 Salvatorem
1727 2951 1782 2999 et
1837 2942 2133 2998 Dominum

568 3047 814 3092 nostrum
848 3037 1183 3092 infidelitatis
1239 3035 1538 3091 adducunt.
1594 3034 1700 3090 Sed
1752 3034 1862 3090 illis
1917 3035 2134 3104 quidem

570 3129 682 3183 Ιιεεο
707 3136 966 3183 eventura
995 3142 1118 3182 esse
1165 3127 1516 3181 vaticinatur.
1566 3127 1637 3183 lis
1684 3134 1867 3181 autem
1919 3129 2012 3197 qui
2065 3126 2133 3180 ad

567 3221 843 3274 Christum
874 3218 966 3273 Dei
1001 3221 1344 3282 conventuri,
1391 3220 1618 3290 ejusque
1655 3220 1886 3275 salutem
1944 3235 2135 3275 susce-
2160 3261 2208 3323 ε

570 3313 714 3384 pturi
737 3321 884 3374 sunt,
932 3311 1046 3365 haec
1099 3321 1287 3380 postea
1343 3313 1678 3366 annuntiat:
1713 3329 1732 3362 ι
1771 3310 1974 3366 Dedisti
2015 3328 2131 3365 me-~

571 3404 849 3459 tuentibus
879 3412 932 3458 te
955 3403 1428 3472 significationem,
1485 3413 1546 3457 ut
1571 3402 1782 3474 fugiant
1815 3419 1844 3456 a
1873 3402 2010 3458 faeie
2052 3418 2138 3458 ar-

570 3509 702 3561 cus;
737 3512 757 3547 ι
790 3492 1088 3548 secundum
1119 3490 1369 3560 Aquilam
1401 3507 1550 3557 vero,
1603 3510 1621 3542 ι
1665 3491 1868 3546 Dedisti
1891 3503 2137 3547 metuen-

570 3587 716 3641 tibus
742 3593 795 3640 te
823 3586 1060 3653 signum,
1091 3590 1151 3636 ut
1171 3581 1596 3653 significentura
1618 3583 1754 3637 facie
1784 3582 2088 3648 firmitatis;
2111 3603 2129 3634 ι

571 3677 870 3732 secundum
899 3673 1285 3747 Symmachum
1314 3682 1518 3739 autem,
1558 3692 1578 3726 ι
1617 3674 1824 3730 Dedisti
1847 3676 2139 3730 metuenti-

569 3769 672 3823 bus
697 3777 750 3821 te
783 3768 1022 3838 signum,
1046 3774 1106 3820 ut
1150 3765 1358 3837 fugiant
1392 3781 1422 3820 a
1451 3765 1588 3822 facie
1635 3767 1976 3838 sagittarum.
2022 3787 2040 3818 ι
2079 3766 2137 3822 Si

571 3861 671 3924 illi,
701 3859 766 3913 de
794 3860 991 3928 quibus
1017 3859 1292 3929 superius,
1328 3861 1433 3916 hoc
1455 3862 1609 3932 signo
1646 3861 1817 3914 notati
1879 3861 2134 3923 fuissent,

572 3965 678 4005 non
709 3949 1024 4018 repellendi,
1063 3965 1163 4005 nec
1211 3949 1552 4014 destruendi,
1601 3967 1701 4007 nec
1756 3953 1849 4006 ira;
1885 3952 2133 4008 tradendi

569 4051 745 4096 erant.
783 4040 890 4095 Sed
916 4042 1044 4112 quia
1079 4042 1295 4112 signum
1333 4043 1463 4096 illud
1499 4044 1738 4098 salutare
1769 4049 2014 4114 recipere
2038 4061 2138 4098 no-

571 4132 809 4195 luerunt,
837 4132 961 4199 jure
993 4132 1049 4185 in
1080 4132 1194 4186 haec
1219 4133 1545 4188 inciderunt.
1580 4135 1650 4189 At
1677 4137 1771 4206 qui
1803 4138 1997 4192 timent
2033 4135 2138 4192 Do-

571 4223 801 4288 minum,
835 4223 939 4293 (sic
960 4237 1056 4277 eos
1083 4223 1176 4293 qui
1209 4225 1439 4279 credunt
1489 4241 1556 4281 ex
1606 4229 1880 4299 gentibus,
1917 4239 1975 4286 ut
2023 4231 2138 4302 ple-

571 4327 802 4382 rumque
827 4312 1344 4381 demonstravimus,
1405 4317 1688 4389 Scriptura
1720 4323 1860 4377 solet
1890 4325 2134 4393 appella-

571 4408 923 4475 re,).accepto
941 4405 1118 4476 signo,
1144 4406 1347 4478 illoque
1365 4410 1473 4473 usi,
1500 4425 1562 4464 ac
1578 4411 1636 4466 in
1658 4413 1810 4467 vultu
1837 4414 2132 4487 obsignati,

573 4499 750 4551 locum
781 4495 1103 4552 invenerunt
1137 4497 1376 4569 fugiendi
1407 4517 1436 4553 a
1465 4501 1601 4558 facie
1630 4518 1812 4570 arcus,
1846 4507 1996 4562 nullo
2025 4511 2138 4579 spi-

576 4588 852 4642 ritualium
881 4597 936 4643 et
959 4589 1312 4644 invisibilium
1364 4591 1708 4649 inimicorum
1753 4597 1924 4668 ipsos,
1961 4599 2031 4654 ob
2061 4601 2136 4655 si-
2166 4597 2213 4655 D

576 4694 740 4748 gnum
761 4694 886 4732 cum
909 4679 1017 4734 illis
1036 4691 1149 4734 tum
1171 4683 1410 4751 antiquis
1428 4684 1683 4750 inditum,
1700 4686 1864 4744 ferire
1879 4691 2133 4748 audente.

577 4771 788 4842 Moyses
843 4771 1112 4841 siquidem
1159 4773 1444 4828 domorum
1480 4775 1665 4831 limina
1720 4781 1984 4849 sanguine
2015 4784 2140 4854 agni

577 4863 851 4931 paschalis
879 4863 1155 4932 obsignari
1183 4863 1441 4920 lsraelitis
1467 4871 1739 4938 praecepit,
1789 4880 1848 4926 ut
1877 4877 2137 4930 extermi-

575 4961 735 5006 nator
765 4961 1101 5008 averteretur
1128 4954 1168 5007 ‘.
1205 4952 1261 5008 lu
1290 4954 1571 5014 Ezechiele
1612 4960 1818 5027 itidem,
1843 4979 1966 5018 cum
1987 4981 2138 5021 ever-

576 5044 739 5099 tenda
763 5046 1084 5108 urbsesset,
1107 5044 1311 5101 dixisse
1331 5049 1590 5102 scribitur
1622 5050 1762 5107 Deus
1790 5054 1862 5118 ei,
1893 5059 1985 5126 qui
2011 5067 2141 5113 tunc

577 5138 840 5208 temporis
871 5137 1069 5207 pedere
1097 5139 1424 5194 induebatur
1453 5160 1465 5196 :
1507 5161 1526 5193 ι
1555 5141 1752 5199 Transi
1786 5161 1883 5215 per
1905 5149 2140 5204 mediam

577 5228 850 5284 civitatem
879 5227 1202 5295 Jerusalem,
1229 5239 1297 5285 .et
1325 5230 1394 5286 da
1425 5232 1581 5304 signa
1604 5251 1770 5306 super
1805 5238 2013 5297 frontes
2061 5243 2141 5295 vi-

578 5336 763 5374 rorutu
799 5321 1130 5389 gementium
1155 5329 1208 5376 et
1234 5322 1530 5378 dolentium
1574 5343 1740 5396 super
1789 5333 2003 5388 cunctis
2037 5335 2142 5388 ini-

579 5413 879 5484 quitatibus
907 5429 1029 5484 quat
1081 5413 1214 5467 fiunt
1245 5414 1298 5468 in
1331 5415 1509 5470 medio
1538 5417 1781 5486 ipsorum
1807 5421 1848 5476 ⁷.
1892 5441 1910 5474 ι
1943 5422 2144 5480 Deinde

581 5507 703 5559 aliis
735 5506 936 5559 dicitur
961 5525 974 5561 :
1001 5527 1018 5556 ι
1047 5503 1122 5560 lle
1154 5506 1209 5560 in
1237 5506 1512 5562 civitatem
1533 5518 1656 5579 post
1677 5526 1825 5578 eum,
1857 5526 1910 5568 et
1944 5530 2140 5585 percu-

581 5606 676 5651 tatc
702 5618 714 5651 :
751 5615 816 5651 ne
846 5599 1082 5667 parcatis
1111 5600 1284 5654 oculis
1309 5601 1525 5672 vestris,
1552 5617 1728 5673 neque
1778 5607 2143 5665 ntisereamini

581 5707 765 5744 senem
793 5702 846 5746 et
881 5694 1301 5758 adolescentem,
1348 5696 1626 5764 parvulos,
1679 5706 1729 5754 et
1769 5701 2054 5772 virginem,
2088 5717 2140 5760 et

654 5868 676 5898 ⁶
704 5835 868 5926 Exodi.
911 5889 1004 5942 xii,
1056 5876 1106 5934 '7.
1182 5876 1416 5934 'Ezcch.
1462 5895 1535 5947 ix,
1573 5883 1624 5938 4,

1238 445 1505 505 EUSEBII
1543 443 2020 502 CIESARIENSIS
2069 442 2219 498 OPP.

2265 442 2443 500 PARS
2481 444 2567 500 ﬂl.
2615 476 2683 484 —
2722 443 3133 500 EXEGETICA.
3758 437 3850 492 560

2307 567 2457 620 Μετὰ
2509 567 2639 635 γοῦν
2691 567 2788 635 τὴν
2845 566 2936 619 τοῦ
2998 565 3245 637 Σωτῆρος
3304 561 3498 634 ημῶν
3556 562 3855 630 παρουσία-ι

2241 659 2416 712 πάντα
2465 658 2635 711 ταῦτα
2668 657 3027 720 πεπόνθασιν,
3083 657 3174 710 ὅτε
3224 655 3500 726 ἔφθασεν
3551 653 3643 704 ἐπ’
3675 651 3857 717 αὐτοὺς

2236 749 2372 820 ὀργὴ
2400 750 2478 811 είς
2508 748 2678 810 τέλος,
2708 746 3038 816 ἀπώσθησάν
3066 763 3126 800 τε
3170 747 3261 800 καὶ
3300 741 3737 814 καθῃρέθησαν
3774 745 3860 797 καὶ

2237 841 2653 912 ἁπεϐλήθησαν·
2691 839 3017 910 διεκόπησάν
3050 855 3111 890 τε
3151 838 3243 892 καὶ
3284 833 3722 907 περιήχθησαν
3753 833 3860 886 δια-

2239 932 2656 1005 σκορπισθέντες
2704 933 2784 995 είς
2817 932 2993 984 πάντα
3024 931 3092 984 τὰ
3123 930 3270 1001 ἔθνη.
3316 927 3511 983 Ἀλλὰ
3551 927 3656 982 καὶ
3689 945 3708 978 r
3749 943 3862 979 συν-

2238 1028 2474 1089 έσεισας,
2505 1025 2656 1094 φησι,
2687 1023 2786 1094 τὴν
2807 1024 2929 1093 γῆν,
2959 1024 3053 1076 καὶ
3075 1020 3480 1094 συνετάραξας
3505 1019 3717 1089 αὐτὴν,
3747 1037 3764 1067 ι
3785 1018 3864 1072 διὰ

2235 1119 2294 1171 τὸ
2329 1117 2499 1189 μυρία
2532 1115 2676 1170 κακὰ
2706 1117 2762 1168 ἐν
2785 1116 2921 1185 αὐτῇ
2943 1114 3252 1183 γίγνεσθαιο
3283 1115 3456 1182 λέγω
3489 1111 3557 1166 δὲ
3584 1115 3657 1182 τῇ
3693 1112 3866 1164 αὐτῶν

2235 1217 2328 1285 γῇ,
2365 1215 2482 1285 ἦτοι
2514 1216 2579 1285 τῇ
2619 1212 2984 1284 Ἰερουσαλὴμ,
3019 1215 3076 1265 ἐν
3171 1212 3263 1264 καὶ
3295 1211 3367 1264 τὸ
3411 1208 3743 1280 βασίλειον,
3779 1207 3867 1259 καὶ

2235 1305 2296 1357 τὸ
2324 1305 2591 1374 ἁγίασμα,
2617 1303 2709 1357 καὶ
2741 1303 2916 1356 πάντα
2945 1302 3011 1355 τὰ
3040 1301 3212 1372 σεμνὰ
3243 1301 3342 1355 τοῦ
3398 1299 3597 1370 νόμου
3648 1315 3866 1351 συνετε-

2235 1396 2403 1450 λεῖτο’
2431 1397 2463 1467 ἢ
2496 1397 2590 1450 καὶ
2632 1396 2781 1469 πάσῃ
2813 1395 2990 1450 αὐτῶν
3023 1398 3089 1466 τῇ
3117 1393 3290 1466 χώρᾳ,
3325 1395 3367 1464 ἢ
3421 1394 3535 1446 καὶ
3589 1394 3724 1454 ταῖς
3768 1393 3870 1460 eu-

2235 1495 2356 1562 χαῖς
2377 1491 2552 1544 αὐτῶν
2574 1491 2848 1562 τροπικῶς
2867 1489 2968 1560 γῆν
2983 1488 3434 1559 ώνομασμέναις.
3479 1489 3558 1539 ⁸Α
3595 1485 3668 1557 δὴ
3694 1487 3868 1540 πάντα

2235 1585 2444 1656 ἀθρόως
2471 1584 2558 1638 διὰ
2583 1581 2681 1647 τὰς
2709 1584 3057 1654 παρανόμους
3085 1581 3263 1635 αὐτῶν
3307 1580 3584 1652 πράξεις
3624 1578 3871 1631 συνεσεί-

2238 1676 2338 1746 σθη
2371 1677 2464 1729 καὶ
2494 1673 2890 1746 συνεταράχθη.
2929 1675 3119 1744 Ὅμως
3149 1673 3194 1725 δ’
3233 1667 3325 1727 οὖν
3373 1669 3656 1725 ἱκετεύει
3681 1671 3713 1722 ὁ
3742 1678 3868 1741 προ-

2237 1768 2411 1835 φήτης
2442 1765 2613 1834 λέγων
2647 1765 2792 1835 ἑξῆς·
2830 1785 2848 1813 ο
2889 1766 3065 1817 ’Ίασαι
3097 1761 3162 1816 τὰ
3199 1762 3633 1834 συντρίμματα
3675 1759 3866 1828 αὐτῆς,

2236 1859 2314 1911 ὅτι
2338 1856 2581 1928 ἐκινήθη.
2618 1875 2636 1907 ι
2669 1855 2962 1925 Κινηθεῖσα
2991 1853 3098 1925 γὰρ
3130 1853 3224 1907 καὶ
3261 1852 3631 1906 σαλευθεῖσα
3665 1852 3770 1921 τῆς
3794 1851 3869 1901 oi-

2238 1947 2388 2010 κείας
2422 1947 2585 2016 μονῆς
2608 1943 2700 1999 καὶ
2731 1944 3016 2014 στάσεωςὴ
3047 1942 3414 2014 προλεχθεῖσα
3451 1942 3562 2012 γῆ,
3592 1941 3866 2011 συντρξμ-

2239 2057 2383 2111 ματα
2416 2039 2508 2093 καὶ
2534 2039 2857 2110 κατάγματα
2886 2039 3171 2107 ἐκτήσατο.
3222 2035 3430 2107 Διόπερ
3484 2034 3636 2104 ἑξῆς
3678 2031 3865 2086 emas-

2237 2149 2389 2200 γεται
2410 2147 2423 2158 ·
2467 2150 2485 2182 ι
2514 2129 2762 2196 Ἔδειξας
2785 2129 2864 2200 τῷ
2890 2127 3004 2199 λαῷ
3027 2145 3118 2181 σου
3141 2127 3356 2200 σκληρά
3377 2146 3391 2160 ο
3441 2147 3466 2180 ι
3507 2126 3621 2180 καὶ
3650 2125 3865 2188 ποτίζει

2235 2223 2290 2276 δὲ
2322 2223 2516 2286 αὐτοὺς
2547 2219 2686 2276 οἶνον
2733 2221 3069 2288 κατανύξεως
3088 2238 3103 2255 ’
3156 2221 3213 2293 ἢ,
3245 2220 3385 2275 κατὰ
3415 2221 3532 2274 τὸν
3581 2217 3862 2279 ⁹Δκύλαν,

2243 2337 2261 2368 ι
2295 2311 2435 2369 οἶνον
2455 2313 2779 2386 καρώσεως·
2822 2333 2840 2366 ι
2869 2313 2926 2385 ἢ,
2960 2312 3099 2367 κατὰ
3127 2313 3218 2368 τὸν
3244 2314 3570 2385 Σύμμαχον
3588 2352 3604 2376 ,
3653 2332 3674 2365 ε
3719 2308 3864 2365 οἶνον

2239 2408 2420 2462 σάλου.
2455 2427 2474 2460 ι
2509 2408 2616 2460 Καὶ
2641 2406 2756 2460 ἐστι
2785 2423 2847 2475 γε
2873 2407 3044 2460 είπεῖν
3076 2407 3164 2459 τὸν
3190 2407 3298 2460 ἀπὸ
3326 2407 3442 2461 τῶν
3497 2407 3684 2461 θείων
3721 2405 3861 2476 Γραο

2238 2500 2352 2570 φῶν
2379 2499 2534 2569 λόγον
2561 2541 2575 2564 ,
2601 2498 2911 2568 ἐλεγκτικὸν
2941 2501 3069 2554 ὄντα
3090 2498 3266 2553 αὐτῶν
3291 2501 3390 2570 τῆς
3441 2499 3539 2562 είς
3576 2499 3682 2551 τὸν
3716 2499 3855 2566 Χρι-

2239 2589 2360 2643 στὸν
2389 2589 2482 2642 τοῦ
2511 2588 2644 2644 Θεοῦ
2672 2590 2947 2655 ἀπιστίας,
2977 2587 3118 2645 οἶνον
3144 2591 3410 2663 ὑπάρχειν
3445 2588 3852 2653 κατανύξεως,

2236 2679 2565 2750 νυττομένης
2578 2681 2755 2734 αὐτῶν
2771 2680 2865 2734 καὶ
2881 2681 3318 2753 τιτρωσκομένης
3334 2682 3436 2752 τῆς
3458 2698 3606 2734 συνε
3617 2679 3706 2750 ιδή
3716 2695 3855 2741 seu»;

2237 2770 2344 2824 ἀπὺ
2370 2770 2480 2825 τῶν
2526 2773 2655 2844 περὶ
2683 2772 2777 2825 τοῦ
2832 2773 3083 2844 Σωτῆρος
3122 2773 3509 2845 προφητειῶν·
3552 2771 3623 2836 ἐξ
3666 2771 3855 2824 αὐτῶν

2235 2879 2296 2915 τε
2323 2863 2432 2917 τῶν
2482 2864 2841 2935 περιεχόντων
2879 2865 3074 2928 αὐτοὺς
3117 2867 3458 2937 πραγμάτων
3496 2865 3606 2920 καὶ
3639 2865 3710 2916 ὲκ
3751 2863 3849 2932 τῆς

2235 2957 2342 3012 τῶν
2369 2957 2537 3011 ἐθνῶν
2553 2959 2906 3032 ἐπιστροφῆς.
2932 2960 3116 3013 Ταῦτα
3136 2960 3264 3030 γὰρ,
3292 2959 3393 3012 κᾶν
3417 2956 3847 3030 ἁπροσποίητο.

2238 3046 2376 3105 εἶναι
2397 3053 2646 3114 δοκῶσιν,
2677 3053 2824 3124 ὅμως
2838 3053 2937 3124 τὴν
2967 3053 3265 3123 συνείδησιν
3284 3052 3467 3106 αὐτῶν
3497 3049 3843 3124 τιτρώσκει,

2238 3145 2538 3217 πλήττοντα
2570 3147 2664 3199 καὶ
2699 3148 2776 3208 εἰς
2801 3146 3145 3216 συναίσθησιν
3167 3145 3363 3208 αὐτοὺς
3387 3144 3614 3214 ἄγοντα
3636 3144 3744 3214 τῆς
3767 3143 3847 3204 εἰς

2237 3239 2327 3292 τὸν
2355 3239 2583 3310 Σωτῆρα
2612 3237 2706 3291 καὶ
2737 3236 2938 3310 Κύριον
2969 3236 3121 3308 ἡμῶν
3148 3236 3424 3301 ἀπιστίας.
3487 3235 3650 3290 Ἀλλ’
3695 3233 3841 3287 ἐκεί-

2238 3347 2349 3393 νοις
2387 3329 2484 3399 μέν
2533 3330 2756 3384 τοιαῦτα
2785 3329 2995 3400 μέλλειν
3025 3327 3240 3380 ἔσεσθαι
3267 3327 3542 3394 θεσπίζει.
3595 3327 3749 3389 Τοὺς
3777 3323 3840 3399 δέ

2242 3418 2528 3489 μέλλοντας
2550 3419 2902 3492 προστρέχειν
2933 3418 3008 3489 τῷ
3036 3417 3255 3490 Χριστῷ
3278 3419 3372 3472 τοῦ
3401 3418 3572 3486 Θεοῦ,
3615 3419 3717 3472 καὶ
3743 3417 3840 3487 τὴν

2239 3511 2305 3563 δι’
2325 3510 2487 3564 αὑτοῦ
2511 3511 2778 3582 σωτηρίαν
2810 3510 3226 3583 παραδέχεσθαι,
3247 3511 3684 3582 εὐαγγελίζεται
3710 3509 3839 3580 ἑξῆς

2238 3603 2441 3672 λέγων·
2490 3622 2508 3653 ι
2548 3603 2790 3668 Ἕδωκας
2830 3606 2940 3668 τοῖς
2988 3602 3342 3674 φοϐουμένοις
3395 3622 3454 3658 σε
3512 3606 3836 3676 σημείωσιν

2237 3695 2330 3748 τοῦ
2357 3699 2546 3765 φυγεῖν
2571 3696 2676 3749 ἀπὸ
2706 3697 2992 3768 προσώπου
3013 3695 3186 3762 τόξου.
3210 3715 3228 3748 ι
3265 3697 3420 3752 Κατὰ
3446 3697 3503 3751 δὲ
3539 3697 3644 3752 τόν
3674 3694 3835 3749 Ἀκύ-

2238 3787 2362 3839 λαν·
2401 3805 2418 3836 ‹
2465 3784 2709 3850 Ἐδωκας
2735 3826 2748 3849 ,
2785 3785 2916 3856 φησὶ
2939 3825 2954 3850 ,
3000 3789 3112 3850 τοῖς
3141 3785 3493 3858 φοϐουμένοις
3524 3803 3594 3839 σε
3627 3784 3834 3849 σύσση-

2243 3894 2361 3947 μον,
2387 3876 2478 3930 τοῦ
2507 3875 2858 3947 σημειοῦσθαι
2890 3876 2997 3930 ἀπὸ
3029 3877 3320 3948 προσώπου
3349 3877 3719 3950 βεϐαιότητος
3742 3893 3756 3906 ·
3805 3889 3827 3926 ν

2239 3969 2378 4022 κατὰ
2399 3968 2456 4022 δὲ
2484 3969 2574 4021 τὸν
2607 3967 2925 4039 Σύμμαχον·
2969 3989 2986 4020 ι
3026 3970 3272 4032 Ἐδωκας
3295 3973 3406 4034 τοῖς
3453 3971 3828 4041 φοϐουμένοις

2241 4079 2301 4114 σε
2327 4065 2568 4133 σημεῖον,
2600 4062 2679 4122 είς
2700 4061 2760 4113 τὸ
2785 4063 3040 4130 ἐκφυγεῖν
3067 4063 3174 4115 ἀπὸ
3213 4065 3504 4134 προσώπου
3540 4061 3824 4132 τοξεύμα-

2238 4171 2348 4217 τος.
2389 4173 2406 4204 ι
2442 4155 2502 4205 Εἰ
2531 4154 2628 4224 μὲν
2653 4149 2745 4206 οὖν
2767 4149 2908 4223 ἦσαν
2938 4153 3031 4207 καὶ
3049 4155 3098 4206 oi
3120 4153 3206 4207 διὰ
3235 4154 3342 4208 τῶν
3385 4155 3707 4230 ἔμπροσθεν
3736 4152 3827 4204 δε-

2239 4242 2532 4314 δηλωμένοι
2557 4242 2632 4312 τῷ
2667 4241 2874 4313 σημείῳ
2896 4241 3088 4312 τούτῳ,
3115 4243 3214 4294 οὐκ
3235 4241 3300 4294 ἂν
3317 4241 3682 4312 ἁπώσθησαν,
3709 4233 3820 4292 οὐδ’

2241 4340 2307 4394 ἂν
2334 4336 2737 4409 καθῃρέθησαν,
2767 4336 2874 4389 οὐδ’
2897 4335 2962 4388 ἂν
2989 4338 3054 4406 τῇ
3083 4335 3218 4406 ὀργῇ
3251 4336 3632 4408 παρεδόθησαν
3651 4352 3669 4367 ⁶
3701 4329 3820 4389 ἀλλ’

2240 4431 2359 4484 ἐπεὶ
2389 4431 2462 4502 μὴ
2487 4426 2862 4499 ἠϐουλήθησαν
2892 4425 3284 4493 καταδέξασθαι
3319 4427 3378 4481 τὸ
3409 4431 3679 4501 σωτήριον
3717 4441 3814 4494 ση-

2245 4525 2414 4594 μεῖον,
2462 4519 2681 4584 εἰκότως
2704 4520 2911 4582 τούτοις
2961 4519 3461 4590 περιπεπτώκασιν.
3517 4525 3582 4575 Οί
3643 4520 3703 4574 δέ
3751 4532 3815 4587 γε

2241 4612 2558 4684 φοϐούμενοι
2579 4611 2672 4664 τὸν
2697 4611 2897 4683 Κύριον
2925 4610 3086 4682 (οὕτω
3111 4610 3169 4664 δὲ
3198 4611 3354 4664 εἴωθε
3384 4612 3568 4668 καλεῖν
3599 4616 3628 4668 ό
3657 4613 3811 4678 λόγος

2239 4708 2363 4770 τοὺς
2383 4707 2440 4774 ἐξ
2471 4705 2638 4759 ἐθνῶν
2665 4705 3032 4769 πιστεύοντας,
3056 4704 3131 4768 ὡς
3155 4705 3412 4770 πολλάκις
3436 4707 3524 4760 διὰ
3546 4705 3810 4760 πλειόνων

2242 4799 2563 4870 ἐδείξαμεν),
2587 4797 2840 4861 λαϐόντες
2867 4799 2926 4851 τὺ
2953 4800 3172 4869 σημεῖον
3193 4798 3528 4871 χρησάμενοί
3554 4817 3614 4853 τε
3639 4793 3806 4864 αὐτῷ,

2241 4893 2334 4946 καὶ
2361 4892 2502 4945 κατὰ
2527 4891 2618 4944 τοῦ
2655 4890 2943 4963 προσώπου
2976 4891 3417 4962 σφραγιζόμενοι,
3447 4890 3676 4963 εὕραντο
3706 4905 3806 4959 φυ-

2240 4985 2340 5054 γὴν
2366 4983 2471 5036 ἀπὸ
2490 4981 2778 5054 προσώπου
2803 4981 2977 5048 τόξου,
3001 4983 3228 5054 μηδενὸς
3242 4983 3430 5055 νοητοῦ
3452 4985 3548 5038 καὶ
3573 4982 3804 5055 ἀοράτου

2242 5074 2500 5144 πολεμίου
2530 5072 2744 5144 βάλλειν
2772 5073 2967 5136 αὐτοὺς
2991 5074 3295 5146 τολμῶντος
3317 5075 3406 5128 διὰ
3435 5075 3495 5128 τὸ
3524 5074 3804 5143 ἐπικείμε-

2242 5185 2330 5220 νον
2355 5167 2533 5229 αὒτοίς
2560 5168 2779 5236 σημεῖον
2805 5166 3024 5228 καὶτοῖς
3045 5165 3291 5231 παλαιοῖς
3309 5166 3607 5238 δεδομένον.
3641 5167 3803 5222 Μωῦ-

2246 5260 2344 5329 σῆς
2399 5258 2495 5329 μὲν
2535 5259 2642 5329 γὰρ
2667 5258 2765 5320 τὰς
2795 5257 2954 5326 φλιὰς
2982 5257 3088 5310 τῶν
3107 5257 3270 5313 οἴκων
3297 5258 3408 5314 τῶν
3451 5257 3798 5333 Ἰσραηλιτῶν

2243 5350 2434 5420 αἵματι
2475 5348 2568 5401 τοῦ
2598 5347 2868 5419 προϐάτου
2919 5347 3010 5401 τοῦ
3061 5350 3252 5421 Πάσχα
3300 5349 3796 5423 κατασημαίνεσθαι

2242 5440 2518 5504 διετάξατο
2539 5441 2620 5502 εἰς
2650 5440 2963 5512 ἀποτροπὴν
2984 5440 3077 5496 τοῦ
3124 5442 3443 5513 ὀλοθρευτοῦ
3466 5461 3479 5474 ·
3518 5445 3612 5498 καὶ
3643 5445 3700 5497 ἐν
3723 5437 3794 5510 τῷ

2257 5532 2500 5604 Ἐζεκιὴλ
2555 5532 2611 5585 δὲ
2635 5572 2650 5598 ,
2711 5533 3007 5606 μελλούσης
3040 5535 3394 5605 ἀφανίζεσθαι
3431 5537 3531 5609 τῆς
3577 5537 3795 5597 πόλεως,

2245 5627 2696 5697 ἁναγέγραπταιὸ
2723 5626 2853 5690 Θεὸς
2894 5627 3129 5699 εἰρηκὼς
3160 5629 3294 5701 πρὸς
3332 5628 3424 5684 τὸν
3459 5631 3790 5702 ἐνδεδυμένον

2243 5721 2334 5772 τὸν
2367 5719 2594 5790 ποδήρη,
2621 5718 2768 5780 ὅστις
2797 5719 2912 5771 ποτ’
2938 5713 3032 5790 ἦν·
3071 5737 3090 5770 ι
3111 5718 3292 5774 Δίελθε
3329 5721 3498 5794 μέσην
3520 5722 3620 5795 τὴν
3651 5719 3794 5775 πόλιν

4055 5543 4057 5696 Ι

4055 5731 4058 5850 Ι

4055 5959 4057 6024 l

4055 6131 4057 6238 Ι
