4100 6442
348 326 449 386 861

1482 325 1986 384 COMMENTARIA
2022 326 2087 381 IN
2125 326 2462 383 PSALMOS.

3495 333 3600 390 569.

347 441 445 513 τὴν
489 439 863 512 Ἰερουσαλὴμ,
895 439 990 493 καὶ
1015 438 1105 503 δὸς
1135 438 1206 493 τὰ
1239 442 1440 511 σημεῖα
1469 440 1562 493 ἐπὶ
1593 440 1658 494 τὰ
1687 441 1898 511 μέτωπι

2027 442 2279 497 mulieres
2314 442 2549 498 occidite
2571 441 2637 497 ad
2673 444 3099 501 internecionem
3137 465 3152 502 :
3193 445 3258 503 ad
3291 462 3388 504 eos
3415 461 3594 500 autem

346 535 454 588 τῶν
475 531 685 603 ἀνδρῶν
727 531 836 585 τῶν
868 530 1374 595 καταστεναζόντων
1412 531 1505 584 καὶ
1551 531 1658 584 τῶν
1697 531 1919 584 κατοδυ-

347 624 603 698 νωμένων
649 624 743 678 ἐπὶ
780 623 981 686 πάσαις
1023 625 1144 686 ταῖς
1176 622 1426 692 ἀνομίαις
1461 625 1580 686 ταῖς
1607 621 1918 692 γινομέναις

345 722 403 773 ἐν
439 718 590 790 μέσῳ
620 716 821 771 αὐτῶν.
849 735 868 768 ο
902 711 1014 768 Εἶθ’
1044 715 1250 788 ἐτέροις
1287 714 1480 785 ἐλέχθη
1503 729 1515 742 ·
1553 733 1570 765 ι
1613 712 1917 784 Πορεύεσθε

343 813 424 875 είς
455 808 555 881 τὴν
588 807 741 863 πόλιν
773 807 947 860 ὀπίσω
975 806 1141 860 αὑτοῦ
1161 850 1174 872 ,
1217 808 1311 860 καὶ
1340 807 1568 860 κόπτετε
1589 822 1601 835 ’
1640 805 1714 876 μὴ
1744 805 1918 874 φείδε-

343 899 438 954 σθε
462 902 574 964 τοῖς
601 898 900 970 ὀφθαλμοῖς
932 898 1108 970 ὑμῶν,
1134 897 1228 952 καὶ
1264 896 1338 968 μὴ
1382 897 1637 968 ἐλεήσητε
1675 895 1914 967 πρεσϐύ-

339 1007 499 1062 τερον
531 989 627 1044 καὶ
666 989 970 1053 νεανίσκον,
1004 990 1099 1043 καὶ
1126 989 1294 1059 νήπια
1337 990 1432 1042 καὶ
1471 988 1776 1060 παρθένον,
1823 991 1916 1043 καὶ

341 1085 602 1151 γυναῖκας
631 1082 984 1136 ἀποκτείνατε
1013 1069 1400 1152 είςίέξάλειψιν
1426 1099 1439 1113 ο
1469 1082 1560 1136 ἐπὶ
1613 1082 1671 1136 δὲ
1709 1083 1916 1146 πάντας

339 1173 425 1241 ἐφ’
454 1172 549 1237 οὓς
593 1173 708 1226 ἐστι
755 1172 816 1226 τὸ
845 1174 1068 1243 σημεῖον
1101 1171 1174 1244 μὴ
1203 1173 1481 1243 ἐγγίσητε,
1529 1173 1623 1226 καὶ
1667 1173 1775 1227 ἀπὸ
1807 1172 1914 1227 τῶν

340 1263 508 1332 ἁγίων
551 1280 650 1334 μου
683 1261 938 1334 άρξασθε.
979 1280 998 1314 ι
1043 1263 1208 1333 Ὁρᾷς
1229 1263 1376 1326 ὅπως
1405 1264 1452 1316 οἱ
1489 1263 1586 1333 μὲν
1615 1261 1910 1316 ἀπώλοντο*

337 1357 388 1410 οῖ
420 1355 476 1409 δὲ
511 1354 570 1409 τὸ
605 1357 828 1426 σημεῖον
873 1355 966 1406 ἐπὶ
990 1352 1084 1406 τοῦ
1121 1354 1372 1424 μετώπου
1423 1354 1676 1427 φέροντες
1727 1352 1913 1407 διεσώ-

338 1447 526 1513 ζοντο;
559 1445 785 1500 τοιοῦτοί
817 1461 962 1509 τινες
981 1441 1120 1517 ἦσαν
1151 1446 1246 1499 καὶ
1269 1445 1360 1508 οὒς
1389 1448 1420 1518 ἡ
1452 1447 1702 1518 παροῦσα
1725 1446 1914 1517 στηλο-

336 1540 547 1612 γραφία
572 1539 867 1611 παρίστησι
908 1539 1173 1608 λέγουσαο
1209 1557 1226 1590 ι
1265 1539 1512 1602 Ἔδωκας
1562 1542 1676 1603 τοῖς
1723 1541 1912 1608 φοϐου-

338 1632 521 1703 μένοις
543 1648 600 1685 σε
625 1631 922 1701 σημείωσιν
940 1629 1034 1684 τοῦ
1052 1634 1241 1700 φυγεῖν
1263 1631 1372 1684 ἀπὸ
1389 1629 1682 1701 προσώπου
1699 1630 1873 1696 τόξουο
1887 1651 1903 1683 ι

333 1724 396 1777 ού
424 1723 533 1796 γὰρ
552 1723 628 1795 τῷ
667 1723 881 1794 Ἰσραὴλ
901 1765 916 1788 ,
941 1724 1125 1794 φησὶν,
1157 1723 1382 1786 ἔδωκας,
1411 1721 1548 1776 ἀλλὰ
1582 1725 1694 1787 τοῖς
1724 1723 1911 1791 φοϐουο

335 1813 518 1885 μένοις
560 1831 639 1868 σε.
672 1814 792 1868 Ὅτι
821 1813 877 1867 δὲ
909 1813 1029 1878 ἔθος
1054 1813 1171 1866 ἐστὶ
1195 1815 1261 1884 τῇ
1300 1812 1605 1882 προφητεία
1649 1811 1918 1881 φοϐουμέ-

332 1924 456 1971 νους
479 1907 570 1961 τὸν
608 1906 812 1979 Κύριον
835 1905 1018 1960 καλεῖν
1046 1909 1173 1970 τοὺς
1203 1904 1264 1970 ἐξ
1303 1904 1470 1959 ἐθνῶν
1500 1904 1592 1956 ἐπὶ
1640 1904 1729 1956 τὸν
1773 1903 1904 1956 Θεὸν

2020 550 2188 604 super
2213 550 2353 604 quos
2375 543 2459 590 est
2511 536 2726 606 signum
2762 554 2829 592 ne
2863 539 3159 603 accedatis,
3211 550 3265 596 et
3309 555 3339 594 a
3388 542 3596 596 sanctis

2017 626 2154 680 meis
2185 627 2406 697 incipite
2435 629 2474 680 ⁸⁵.
2519 649 2536 680 ι
2575 627 2766 684 Viden‘
2798 646 2906 700 quo
2934 640 3097 701 pacto
3128 632 3218 686 alii
3245 633 3466 703 quidem
3501 649 3598 688 oe-

2016 718 2156 782 cisi;
2191 719 2226 773 ii
2274 737 2405 775 vero
2434 722 2525 792 qui
2562 722 2778 792 signum
2825 725 2880 780 in
2927 725 3104 781 fronte
3151 726 3355 782 ferrent
3391 707 3594 782 servati

2019 805 2260 860 fuerint?
2289 806 2450 864 Tales
2508 809 2543 863 ii
2592 820 2770 874 erant,
2813 828 2952 883 quos
2983 814 3097 868 haec
3127 814 3269 868 tituli
3305 817 3588 887 inscriptio

2017 898 2222 954 indicat
2243 900 2330 954 bis
2359 903 2542 957 verbis
2580 922 2593 957 :
2629 921 2647 954 ι
2681 903 2883 961 Dedisti
2917 908 3286 962 metuentibus
3307 916 3358 962 te
3383 909 3590 980 signiti-

2014 991 2308 1054 cationem,
2337 1003 2397 1047 ut
2429 993 2640 1064 fugiant
2667 1011 2697 1050 a
2724 996 2862 1054 facie
2890 1013 3073 1054 arcus.
3117 1019 3135 1051 ι
3167 999 3284 1054 Non
3313 1002 3458 1056 enim
3489 1004 3586 1064 ait,

2016 1084 2207 1138 lsraeli
2239 1084 2460 1151 dedisti,
2499 1088 2591 1142 sed
2626 1089 2942 1145 timentibus
2975 1099 3046 1146 te.
3076 1092 3232 1158 Quod
3257 1102 3435 1148 autem
3464 1109 3590 1162 pro-

2014 1173 2209 1244 pbetiaa
2230 1186 2552 1232 consuetum
2589 1179 2660 1234 sit
2681 1181 2935 1235 timentes
2959 1180 3244 1236 Dominum
3273 1198 3470 1238 vocare
3492 1201 3589 1241 eos

2013 1283 2079 1322 ex
2105 1269 2378 1339 gentibus,
2408 1270 2503 1341 qui
2533 1271 2600 1324 ad
2650 1269 2816 1326 Deum
2853 1273 3235 1343 confugerunt,
3268 1276 3587 1345 plerumque

2012 1361 2529 1426 demonstravimus,
2563 1363 2642 1418 uti
2669 1379 2836 1434 supra
2859 1364 3063 1418 dictum
3083 1375 3186 1421 est.
3220 1367 3586 1433 Quemadmo-

2011 1449 2140 1505 dum
2177 1453 2344 1522 igitur
2376 1455 2824 1511 exterminatoris
2878 1457 3086 1527 plagas,
3125 1459 3281 1529 signo
3301 1463 3584 1532 sanguinis

2011 1543 2118 1608 usi,
2155 1542 2434 1614 fugiebant
2463 1547 2554 1616 qui
2595 1547 2647 1600 in
2682 1545 2918 1617 Egypto
2965 1558 3123 1603 erant
3168 1551 3209 1615 ³,
3259 1553 3447 1607 eadem
3498 1567 3583 1607 ra-

2011 1634 2160 1688 tione
2183 1637 2247 1690 ad
2277 1638 2630 1692 avertendum
2653 1639 3013 1694 humanarum
3044 1642 3346 1696 animarum
3373 1645 3580 1700 hostem

2009 1735 2062 1778 et
2094 1726 2397 1794 inimicum,
2429 1729 2522 1800 qui
2558 1731 2695 1785 solet
2714 1746 2809 1786 eas
2838 1732 2956 1786 telis
2988 1732 3267 1802 impetere,
3302 1743 3357 1788 et
3385 1735 3436 1788 in
3471 1735 3582 1789 ido-

2011 1815 2242 1872 lolatria:
2274 1834 2516 1874 errorem
2540 1821 2832 1884 deducere,
2859 1822 3075 1890 signum
3110 1823 3196 1876 hic
3223 1834 3578 1878 memoratum

2011 1911 2380 1966 metuentibus
2406 1911 2690 1966 Dominum
2728 1913 2983 1966 collatum
3006 1922 3110 1969 est.

331 1998 796 2069 καταφεύγοντας,
828 1997 1086 2059 πολλάκις
1126 1996 1508 2067 ἀπεδείξαμεν,
1534 1993 1714 2058 καθὼς
1752 1995 2090 2067 προείρηται.
2121 2000 2328 2073 Ὥσπερ
2366 1999 2458 2056 οὖν
2497 2002 2603 2055 ἀπὸ
2648 2002 2937 2072 προσώπου
2985 2004 3079 2058 τοῦ
3118 2006 3436 2077 ὀλοθρευτοῦ
3498 2008 3577 2061 δι-

329 2092 530 2162 έφυγόν
567 2108 698 2146 ποτε
735 2092 783 2144 οἱ
809 2091 867 2143 ἐν
894 2088 1152 2159 Αἰγύπτῳ
1181 2087 1279 2151 τὰς
1310 2087 1521 2156 πληγὰς
1547 2125 1562 2148 ,
1605 2086 1906 2157 χρήσαντες
1943 2087 2020 2158 τῷ
2046 2091 2257 2161 σημείῳ
2323 2093 2415 2145 τοῦ
2453 2094 2699 2164 αἵματος,
2733 2099 2823 2151 τὸν
2861 2097 3022 2150 αὐτὸν
3060 2099 3258 2169 τρόπον
3302 2101 3381 2162 εἰς
3445 2100 3580 2154 ἀπο-

325 2181 663 2255 τροπιασμὸν
685 2181 778 2235 τοῦ
803 2181 1061 2252 πολεμίου
1089 2180 1180 2232 καὶ
1200 2177 1394 2249 ἐχθροῦ
1418 2177 1529 2230 τῶν
1582 2175 1936 2246 ἀνθρωπίνων
1973 2177 2179 2248 ψυχῶν,
2211 2181 2303 2234 τοῦ
2336 2183 2574 2247 τοξεύειν
2603 2187 2696 2240 καὶ
2726 2188 3084 2252 καταϐάλλειν
3125 2178 3294 2252 αὐτὰς
3329 2190 3424 2241 ἐπὶ
3476 2190 3578 2263 τὴν

327 2278 429 2349 τῆς
453 2277 892 2350 εξδωλολατρείας
917 2276 1124 2348 πλάνην
1165 2273 1432 2338 εἰωθότος,
1494 2273 1700 2327 δέδοται
1728 2273 1788 2326 τὸ
1826 2273 2114 2344 λεγόμενον
2141 2279 2372 2333 ἐνταῦθα
2419 2287 2641 2354 σημεῖον
2681 2288 2793 2349 τοῖς
2837 2286 3193 2357 φοϐουμένοις
3220 2287 3312 2340 τὸν
3348 2287 3570 2360 Κύριον.

406 2395 424 2427 ι
468 2376 655 2438 Ὅπως
693 2376 758 2428 ἂν
795 2373 1063 2446 ῥυσθῶσιν
1089 2372 1138 2425 οἱ
1168 2370 1438 2440 ἀγαπητοί
1475 2386 1590 2434 σου,
1636 2369 1807 2422 σῶσον
1836 2372 1901 2440 τῇ

321 2467 475 2539 δεξιᾷ
496 2484 613 2524 σου.
637 2467 732 2520 καὶ
758 2464 1060 2519 ἐπάκουσόν
1085 2482 1208 2535 μου.
1239 2482 1258 2514 ›
1286 2462 1470 2517 Ταῦτα
1493 2462 1586 2516 καὶ
1608 2461 1674 2514 τὰ
1697 2460 1906 2524 τούτοις

325 2559 592 2615 ἀκόλουθα
626 2560 787 2631 μέχρι
814 2558 906 2612 τοῦ
946 2557 1131 2621 τέλους
1170 2557 1264 2609 καὶ
1299 2558 1328 2610 6
1374 2553 1450 2627 ρξ’
1487 2555 1731 2625 περιέχει
1761 2553 1900 2623 ψαλ-

325 2653 445 2722 μός.
485 2650 624 2704 Ἀλλ’
661 2653 716 2703 ἐν
747 2649 845 2720 μὲν
871 2651 985 2712 τοῖς
1011 2647 1394 2719 προκειμένοις
1432 2645 1500 2699 τὰ
1540 2644 1904 2718 προλεχθέντα

323 2741 595 2812 ἀποϐολὴν
616 2741 805 2813 ἐδήλου
842 2739 955 2795 τοῦ’
981 2740 1198 2812 Ἰσραήλ
1219 2757 1232 2770 ·
1281 2737 1376 2792 τοῦ
1409 2739 1486 2810 ρξ’
1515 2737 1583 2792 τὰ
1627 2737 1734 2810 πρὸ
1755 2738 1901 2792 *τού-

322 2851 441 2898 του,
472 2854 490 2885 ι
509 2834 656 2896 ὅπως
670 2831 736 2886 ἂν
755 2830 1021 2904 ρυσθῶσιν
1033 2833 1080 2884 oi
1104 2830 1375 2903 ἀγαπητοί
1393 2847 1485 2884 σου
1511 2849 1530 2884 ι
1547 2831 1641 2884 καὶ
1655 2828 1762 2882 τῶν
1787 2831 1903 2884 ἐπι-

321 2928 669 3000 φερομένων,
707 2931 851 3000 σαφῆ
883 2928 1074 3001 κλῆσιν
1106 2927 1276 2983 ἐθνῶν
1319 2927 1584 2994 θεσπίζει.
1616 2927 1902 3000 Προειπὼν

2075 2372 2240 2430 Vsus.
2271 2376 2323 2432 7.
2357 2395 2374 2428 ι
2403 2375 2473 2431 Ut
2515 2379 2815 2434 liberentur
2841 2381 3025 2435 dilecti
3081 2382 3182 2445 tui,
3240 2384 3448 2438 salvum
3489 2385 3571 2438 fac

2001 2466 2224 2521 dextera
2247 2474 2363 2532 tua,
2399 2480 2452 2522 et
2502 2471 2696 2525 exaudi
2729 2486 2836 2527 me.
2882 2492 2902 2524 ι
2936 2471 3060 2528 llaec
3099 2480 3152 2526 ct
3183 2477 3468 2541 sequentia
3504 2478 3569 2531 ad

2003 2556 2162 2610 finem
2198 2573 2371 2628 usque
2392 2573 2498 2614 cvu
2527 2560 2649 2615 item
2683 2563 2926 2633 psalmus
2955 2566 3352 2634 complectitur.
3391 2565 3495 2621 Sed
3519 2568 3572 2621 in

2000 2652 2253 2718 prmsenti
2277 2668 2397 2722 qua:
2426 2656 2704 2723 praemissa
2729 2663 2878 2720 sunt,
2912 2657 3271 2726 abjectioncm
3319 2657 3570 2726 lsraelis;

1999 2755 2120 2812 qua:
2142 2742 2332 2797 isthaec
2360 2744 2524 2797 verba
2556 2745 2750 2815 psalmi
2781 2760 2913 2810 cvn,
2951 2766 2970 2799 ι
3007 2757 3063 2801 ut
3113 2748 3415 2802 liberentur
3441 2751 3572 2804 dile-

1997 2834 2068 2888 cti
2105 2834 2205 2899 tui,
2245 2853 2264 2885 ι
2299 2841 2352 2889 et
2386 2837 2668 2906 sequentia
2710 2838 3040 2906 praecedunt,
3067 2841 3405 2893 vocationem
3446 2856 3569 2910 gen-
3629 2847 3634 2852 '

1997 2925 2132 2979 tium
2187 2926 2476 2983 manifeste
2507 2927 2899 2985 vaticinantur.
2956 2930 3092 2983 Nam
3123 2947 3246 2985 cum
3277 2933 3332 2985 in
3360 2935 3568 3003 psalmo

320 3022 485 3094 γᾶρό
520 3021 675 3090 λόγος
696 3022 754 3076 ὲν
787 3020 864 3092 τῷ
905 3020 1003 3093 ρξ’,
1041 3040 1059 3072 ι
1122 3019 1342 3092 Ἐτοίμη
1387 3022 1420 3092 ἡ
1459 3020 1654 3092 καρδία
1707 3037 1840 3091 μου,
1871 3023 1898 3074 ὁ

1999 3030 2106 3070 cvu
2135 3014 2388 3081 dixisset,
2423 3035 2442 3065 ι
2485 3015 2739 3071 Paratum
2764 3033 2860 3072 cor
2892 3036 3094 3082 meum,
3119 3019 3282 3089 Deus,
3315 3031 3564 3092 paratum

318 3114 477 3176 θεὸς,
514 3113 704 3185 ἑτοίμη
734 3116 768 3186 ἡ
807 3113 1004 3186 καρδία
1039 3131 1137 3184 μου
1164 3131 1178 3145 ο
1213 3113 1414 3185 ᾄσομαι
1447 3114 1542 3167 καὶ
1576 3111 1749 3182 ψαλῶ.
1789 3111 1900 3179 Ἐξ-

318 3204 594 3276 εγέρθητι,
629 3205 662 3276 ἡ
692 3206 818 3271 δόξα
849 3222 970 3276 μου,
1002 3204 1336 3276 ἐξεγέρθητι,
1364 3204 1656 3276 ψαλτήριον
1683 3203 1774 3258 καὶ
1816 3221 1898 3257 κι-

319 3297 485 3370 θάρα,
518 3296 947 3370 ὲξεγερθήσομαι
979 3297 1197 3369 ὄρθρου,
1233 3318 1252 3349 ι
1286 3297 1570 3370 ἐπιφέρει·
1614 3315 1632 3349 ι
1680 3296 1896 3368 Ἐξομο-

317 3390 621 3462 λογήσομαί
646 3407 726 3443 σοι
761 3392 818 3442 ἐν
849 3389 1016 3454 λαοῖς,
1054 3389 1246 3461 Κύριε,
1276 3389 1431 3460 ψαλῶ
1454 3406 1531 3443 σοι
1561 3391 1618 3442 ἐν
1647 3389 1852 3444 ἔθνεσιν
1877 3406 1892 3420 ο

318 3484 402 3536 ὅτι
455 3482 597 3553 μέγα
654 3482 839 3536 ἐπάνω
877 3481 986 3535 τῶν
1014 3482 1258 3552 οὐρανῶν
1301 3481 1363 3535 τὸ
1410 3480 1556 3545 ἔλεός
1584 3498 1698 3546 σου,
1733 3484 1826 3535 καὶ
1857 3484 1890 3554 ἠ

315 3575 544 3648 ἀλήθειά
596 3591 687 3627 σου
719 3574 826 3638 ’έως
863 3573 972 3626 τῶν
998 3574 1253 3643 νεφελῶν.
1315 3571 1588 3643 ’Υψώθητι
1642 3573 1736 3626 ἐπὶ
1769 3574 1894 3638 τοὺς

315 3669 600 3741 οὐρανοὺς,
649 3671 678 3722 6
715 3667 878 3732 Θεὸς,
915 3667 1009 3721 καῖ
1037 3667 1129 3720 ἐπὶ
1158 3667 1338 3722 πᾶσαν
1381 3667 1479 3740 τὴν
1522 3668 1626 3740 γῆν
1677 3671 1710 3740 ή
1769 3667 1894 3734 δόξα

317 3777 434 3814 σου.
471 3780 491 3813 ι
523 3756 636 3813 Εἶτ’
675 3759 916 3829 ἐπιλέγει
958 3759 1028 3812 τὰ
1060 3761 1116 3814 ἐν
1147 3759 1226 3832 τῷ
1270 3760 1408 3832 μετὰ
1441 3763 1628 3832 χεῖρας
1673 3761 1894 3831 προκεί-

319 3869 456 3924 μενα
489 3851 660 3923 λόγῳο
703 3871 720 3903 ι
759 3853 947 3915 Ὅπως
973 3851 1040 3905 ἂν
1065 3852 1333 3923 ρυσθῶσιν
1370 3852 1418 3905 οἱ
1460 3853 1733 3922 ἀγαπητοί
1774 3869 1889 3916 σου,

315 3944 491 3998 σῶσον
526 3946 593 4015 τῇ
624 3943 776 4016 δεξιᾷ
800 3962 916 4006 σου,
948 3944 1042 3997 καὶ
1089 3944 1394 3998 ὲπάκουσόν
1437 3962 1538 4016 μου
1565 3986 1580 4010 ,
1625 3963 1642 3996 ι
1681 3944 1775 3998 καὶ
1824 3944 1892 3998 τὰ

191 4021 206 4035 ’
311 4036 476 4091 λοιπὰ
511 4035 814 4108 συμφώνως
842 4039 952 4100 τοῖς
974 4037 1370 4109 προκειμένοις.
1415 4038 1626 4109 Σφόδρα
1647 4037 1702 4090 δὲ
1731 4036 1893 4090 ἐθαύ-

316 4145 464 4199 μασα
485 4127 577 4182 τοῦ
609 4127 764 4197 ἁγίου
799 4126 1118 4198 Πνεύματος
1144 4127 1242 4198 τὴν
1273 4128 1583 4198 οἰκονομίαν
1602 4147 1616 4158 ·
1647 4129 1754 4181 ἀπὸ
1781 4127 1890 4200 γὰρ

310 4221 405 4274 δύο
437 4218 846 4291 στηλογραφιῶν
876 4219 970 4273 ἕνα
994 4219 1206 4289 ψαλμὸν
1237 4219 1524 4290 πεποίηκε,
1557 4219 1646 4272 τὸν
1677 4219 1772 4290 ρξ’.
1810 4221 1890 4273 Τά

313 4315 413 4384 μὲν
440 4313 549 4384 γὰρ
577 4313 789 4386 πρῶτα,
824 4312 882 4365 ἐν
914 4307 996 4376 οἷς
1029 4311 1245 4378 ἐλέγετο
1265 4329 1276 4340 ·
1317 4332 1334 4361 ι
1387 4311 1663 4383 Ἐτοίμηή
1691 4314 1886 4384 καρδία

313 4406 478 4476 μου,ὀ
493 4403 646 4472 Θεὸς,
668 4405 763 4458 καὶ
777 4404 844 4458 τὰ
861 4403 1009 4474 ἑξῆς,
1028 4402 1136 4456 ἀπὸ
1151 4402 1250 4472 τῆς
1267 4402 1362 4456 τοῦ
1383 4410 1466 4468 νς¹
1483 4403 1885 4474 στηλογραφίας

306 4497 402 4550 τοῦ
417 4496 579 4550 Δαυῒδ
603 4495 816 4562 ἐξελὼν,
833 4490 940 4570 ὲνῇ
963 4496 1057 4549 καὶ
1085 4495 1221 4566 αὐτῇ
1245 4494 1482 4549 λέλεκτο’
1503 4497 1735 4568 ἐτοίμηή
1757 4515 1886 4568 καρ-

305 4587 392 4640 δία
412 4604 531 4658 μου,
548 4588 577 4640 6
591 4585 743 4650 Θεὸς.
763 4586 949 4656 ἑτοίμη
964 4587 996 4657 ή
1013 4584 1205 4656 καρδία
1223 4598 1342 4654 μου·
1360 4585 1559 4656 ᾄσομαι
1571 4585 1663 4638 καὶ
1676 4585 1848 4655 ψαλῶ,
1865 4607 1882 4636 ι

309 4677 404 4730 καὶ
433 4675 500 4730 τὰ
526 4675 891 4746 ἐπιλεγόμενα
920 4675 963 4728 δ’
985 4675 1114 4745 ἑξῆς
1148 4673 1451 4745 συμφώνως
1481 4678 1592 4737 τοῖς
1618 4677 1676 4729 ἐν
1700 4675 1778 4746 τῷ
1806 4676 1884 4747 ρξ’

311 4762 472 4832 μέχρι
495 4762 620 4815 τοῦ·
652 4781 670 4813 ι
715 4761 988 4834 ’Υψώθητι
1027 4763 1120 4816 ἐπὶ
1169 4765 1292 4828 τοὺς
1320 4764 1582 4834 οὐρανοὺς
1606 4805 1620 4829 ,
1665 4765 1694 4816 6
1727 4765 1879 4830 Θεὸς,

307 4854 399 4907 καὶ
432 4853 524 4906 ἐπὶ
558 4855 739 4908 πᾶσαν
759 4854 857 4924 τὴν
881 4853 984 4924 γῆν
1008 4857 1041 4926 ἡ
1066 4853 1192 4919 δόξα
1228 4871 1354 4908 σου·
1394 4875 1412 4907 ι
1457 4854 1524 4908 τὰ
1563 4855 1618 4908 δὲ
1657 4855 1881 4929 δεύτερα

303 4943 374 4996 τὰ
407 4945 515 4998 ἀπὸ
541 4944 657 5007 τοῦ,
695 4964 713 4997 ι
757 4947 946 5008 Ὅπως
976 4945 1041 4998 ἂν
1079 4947 1346 5018 ρυσθῶσιν
1375 4949 1421 4999 οἱ
1453 4945 1727 5018 ἀγαπητοί
1763 4965 1876 5014 σου,

306 5034 480 5089 σῶσον
507 5039 573 5107 τῇ
590 5035 740 5106 δεξιᾷ
776 5053 867 5088 σου
887 5038 980 5090 καὶ
1007 5037 1310 5091 ἐπάκουσόν
1343 5056 1500 5109 pou,»
1535 5040 1631 5092 σὺν
1657 5041 1771 5104 τοῖς
1796 5040 1885 5111 μέ-

305 5146 394 5200 χρι
428 5130 615 5194 τέλους
639 5131 1092 5200 ἐπενηνεγμένοις
1137 5130 1357 5201 ἀπό-τῆς
1383 5130 1518 5201 μετὰ
1539 5134 1727 5202 χεῖρας
1756 5150 1882 5204 στη-

305 5218 624 5291 λογραφίας,
664 5219 1005 5282 διδάσκοντος
1038 5221 1184 5291 ἡμᾶς
1215 5221 1359 5273 θείου
1393 5221 1706 5292 Πνεύματος
1754 5223 1881 5293 μίαν

305 5310 399 5362 καὶ
446 5310 544 5382 τὴν
575 5311 743 5383 αὐτὴν
770 5313 1007 5367 διάνοιαν
1051 5313 1382 5385 ἐμφέρεσθαι
1428 5317 1486 5368 ἐν
1527 5315 1876 5386 ἀμφοτέροις.

319 5399 406 5453 Ἑν
434 5401 532 5471 μὲν
568 5401 674 5474 γὰρ
701 5402 779 5473 τῷ
807 5409 892 5469 νς¹
937 5403 1428 5476 ἐξομολογήσασθαι
1466 5403 1545 5475 τῷ
1585 5404 1774 5476 Κυρίῳ
1822 5406 1880 5458 ἐν

305 5490 454 5554 λαοῖς
480 5493 574 5545 καὶ
599 5492 820 5562 ψάλλειν
849 5493 998 5565 αὐτῷ
1026 5495 1084 5547 ἐν
1119 5494 1329 5547 ἔθνεσιν
1367 5495 1746 5566 εὐηγγελίζετο
1767 5513 1779 5524 ·
1821 5498 1878 5548 ἐν

305 5577 362 5630 δὲ
395 5577 472 5650 τῷ
512 5581 648 5651 μετὰ
681 5583 868 5654 χεῖρας
898 5582 1168 5654 άποΰολὴν
1203 5583 1457 5655 σημαίνει
1495 5585 1590 5637 τοῦ
1641 5586 1876 5658 Ἰσραὴλ,

377 5786 397 5814 ⁸
437 5784 630 5841 Ειρυιι.
658 5802 730 5850 tx,
759 5787 810 5851 5',
843 5787 895 5842 li.
947 5789 1149 5844 “Exod.
1172 5788 1338 5855 xu,7.
1383 5789 1586 5847 “Psal.
1612 5807 1744 5859 cvu,
1777 5792 1898 5859 2,5.
1941 5793 1975 5822 “

1999 3122 2094 3162 cor
2121 3122 2324 3172 meum,
2343 3109 2578 3164 cantabo
2603 3117 2656 3164 et
2679 3110 2926 3180 psallam.
2955 3109 3217 3182 Exsurge,
3237 3113 3404 3183 gloria
3423 3131 3565 3179 mea,

1996 3215 2252 3272 exsurge.
2313 3201 2630 3272 psalterium
2665 3212 2716 3256 et
2766 3201 2999 3265 cithara,
3035 3219 3323 3275 exsurgam
3361 3207 3567 3262 dilucu-

1998 3293 2050 3346 lo
2079 3293 2143 3357 ¹⁰,
2175 3312 2194 3344 ι
2222 3292 2410 3363 adjicit
2448 3310 2460 3344 :
2503 3312 2519 3345 ι
2557 3292 2870 3350 Contitebor
2892 3295 2990 3349 tibi
3014 3297 3067 3350 in
3120 3299 3358 3368 populis,
3384 3297 3569 3354 Domi-

1996 3399 2083 3447 ne,
2111 3386 2338 3456 psallam
2369 3385 2462 3440 tibi
2516 3386 2573 3440 in
2601 3386 2853 3457 gentibus
2883 3402 2896 3438 :
2928 3389 3186 3456 quoniam
3246 3405 3439 3460 magna
3483 3402 3567 3447 est

1995 3493 2158 3547 super
2186 3477 2358 3532 caelos
2391 3477 2766 3532 misericordia
2797 3489 2910 3544 tua,
2942 3486 2996 3534 et
3044 3481 3247 3536 veritas
3279 3492 3367 3536 tua
3393 3499 3566 3554 usque

1995 3567 2062 3621 ad
2099 3568 2289 3624 nubes.
2323 3567 2574 3622 Exaltare
2609 3584 2774 3638 super
2820 3570 3011 3634 cmlos,
3077 3569 3244 3638 Deus,
3294 3583 3347 3629 et
3401 3589 3566 3645 super

1993 3671 2210 3712 omnem
2234 3669 2434 3714 terram
2488 3659 2658 3730 gloria
2692 3666 2785 3712 tua
2817 3659 2882 3712 “.
2931 3677 2950 3712 ι
3005 3660 3208 3718 Deinde
3271 3663 3459 3734 adjicit
3498 3682 3562 3720 ea

1994 3766 2114 3820 qua:
2137 3752 2192 3805 in
2223 3752 2476 3821 praesenti
2518 3751 2810 3806 feruntur:
2849 3769 2870 3802 ι
2920 3749 2991 3806 Ut
3043 3754 3344 3809 liberentur
3384 3756 3564 3811 dilecti

1991 3846 2092 3906 tui.
2125 3845 2333 3900 salvum
2368 3845 2454 3899 fac
2485 3845 2707 3901 dextera
2730 3855 2845 3913 tua,
2875 3853 2928 3900 et
2979 3847 3175 3901 exaudi
3225 3865 3310 3902 me
3338 3849 3402 3912 ¹¹,
3437 3868 3455 3899 ι
3510 3859 3564 3904 et

1992 3947 2187 3992 caetera
2221 3937 2584 4005 praesentibus
2614 3937 2832 3992 similia.
2880 3936 3191 3992 Admodum
3227 3955 3354 3992 vero
3378 3939 3564 3996 mirari

1993 4027 2139 4084 Subit
2183 4025 2420 4096 Spiritus
2476 4028 2654 4082 sancti
2699 4028 3161 4098 dispensationem
3205 4045 3312 4083 :ex
3348 4029 3564 4087 duabus

1994 4134 2226 4188 namque
2269 4119 2410 4173 tituli
2435 4119 2887 4188 inscriptionibus
2923 4137 3089 4174 unum
3137 4122 3406 4191 psalmum
3437 4138 3564 4179 con-

1989 4211 2250 4276 cinnavit,
2289 4211 2499 4267 scilicet
2527 4227 2653 4267 cvu.
2682 4211 2868 4267 Priora
2887 4215 3053 4275 enim,
3075 4229 3195 4284 qua!
3215 4215 3295 4268 sic
3327 4214 3556 4270 habent:

1997 4323 2016 4354 ‹
2051 4304 2306 4358 Paratum
2336 4320 2434 4360 cor
2463 4322 2664 4370 meum,
2698 4306 2861 4370 Deus,
2896 4326 2912 4358 ι
2949 4317 3002 4362 et
3049 4316 3264 4372 caetera,
3317 4325 3380 4364 ex
3416 4311 3558 4364 tituli

1995 4395 2349 4466 inscriptione
2379 4395 2595 4452 Davidis
2622 4413 2710 4452 va
2757 4400 3081 4469 exsumpsit,
3110 4399 3163 4452 in
3192 4414 3298 4469 qua
3323 4401 3448 4455 item
3477 4403 3562 4456 di-

1994 4493 2140 4540 ctum
2175 4487 2394 4542 fuerat:
2430 4506 2450 4539 ι
2487 4487 2738 4542 Paratum
2773 4505 2868 4545 cor
2889 4507 3090 4555 meum,
3119 4490 3279 4555 Deus,
3310 4503 3560 4562 paratum

1993 4591 2091 4631 cor
2115 4591 2318 4643 meum,
2343 4577 2577 4631 cantabo
2605 4585 2658 4632 et
2691 4580 2958 4648 psalmum
2991 4579 3166 4632 dicam
3206 4579 3269 4646 ⁸³,
3313 4599 3330 4630 ι
3365 4588 3418 4634 et
3441 4597 3562 4649 qua:

1991 4675 2315 4737 sequuntur,
2342 4669 2416 4723 iis
2446 4683 2567 4738 quae
2605 4669 2659 4722 in
2691 4684 2798 4723 cvu
2853 4670 3104 4724 feruntur
3129 4671 3352 4731 similia,
3387 4687 3562 4742 usque

1991 4759 2058 4814 ad
2091 4759 2246 4822 illud,
2273 4779 2290 4812 ι
2318 4759 2568 4814 Exaltare
2597 4777 2760 4830 super
2782 4764 2973 4826 caelos,
2997 4763 3162 4827 Deus,
3181 4773 3234 4818 et
3265 4780 3430 4833 super
3450 4779 3562 4817 om-

1991 4865 2118 4906 nem
2154 4859 2355 4904 terram
2392 4851 2560 4920 gloria
2584 4858 2676 4904 tua
2707 4853 2753 4884 “
2784 4869 2799 4907 :
2842 4872 2860 4904 ι
2919 4853 3222 4922 posteriora
3278 4862 3458 4908 autem
3493 4854 3562 4907 ab

1990 4943 2104 5007 illo,
2140 4960 2160 4992 ι
2203 4940 2274 4995 Ut
2303 4941 2605 4996 liberentur
2631 4941 2816 4998 dilecti
2839 4943 2938 5006 tui,
2973 4945 3182 4998 salvum
3217 4944 3302 4999 fac
3335 4946 3558 5000 dextera

1986 5042 2102 5100 tua,
2133 5041 2187 5088 et
2215 5033 2410 5086 exaudi
2435 5047 2540 5095 me,
2593 5052 2611 5084 ι
2640 5047 2764 5087 cum
2797 5033 2865 5088 iis
2920 5049 3041 5104 quae
3093 5034 3160 5088 ad
3189 5035 3347 5088 linem
3387 5053 3560 5104 usque

1984 5129 2274 5192 habentur,
2305 5143 2369 5182 ex
2402 5129 2651 5197 praesenti
2694 5127 2836 5181 tituli
2887 5127 3246 5198 inscriptione
3277 5137 3559 5184 mutuatus

1983 5219 2352 5285 est;docente
2375 5235 2476 5273 nos
2518 5218 2724 5288 Spiritu
2753 5219 2940 5272 divino
2986 5209 3153 5274 unam
3204 5221 3560 5288 eamdemque

1987 5312 2040 5364 in
2067 5320 2298 5381 utroque
2324 5309 2650 5364 sententiam
2675 5309 2834 5375 ferri;
2862 5325 2986 5364 nam
3011 5312 3064 5364 in
3101 5327 3186 5365 LVI
3219 5325 3276 5364 se
3309 5311 3556 5364 conlileri

1985 5401 2216 5456 Domino
2246 5402 2299 5455 in
2330 5401 2548 5471 populis
2573 5408 2627 5456 et
2672 5403 2903 5472 psallere
2935 5403 3036 5472 ipsi
3088 5403 3140 5455 in
3177 5403 3430 5472 gentibus
3465 5417 3562 5454 axi--

1989 5493 2274 5547 nuntiabat
2297 5511 2312 5560 ;
2335 5493 2390 5546 in
2423 5495 2675 5562 pra-senti
2705 5501 2886 5548 autem
2930 5493 3241 5549 Judzeorum
3295 5493 3560 5562 abjet-tio-

1986 5603 2110 5641 nem
2145 5586 2434 5658 significat,
2469 5595 2525 5640 ut
2565 5587 2616 5639 in
2653 5587 2950 5654 prmmissis
2995 5589 3242 5641 docetur.
3302 5588 3380 5640 Ac
3437 5592 3560 5654 post.

2000 5792 2128 5846 ibid.
2167 5791 2281 5846 4-6.
2320 5795 2357 5824 ¹²
2395 5793 2527 5848 ibid.
2568 5792 2618 5848 7.
2660 5794 2700 5824 ”
2741 5791 2884 5847 Psal.
2923 5807 3046 5856 LVI,
3083 5794 3136 5846 8.
3219 5792 3261 5822 ”
3294 5791 3425 5845 ibid.
3469 5790 3550 5846 10.
