4100 6442
589 365 696 424 563
1291 365 1564 422 EUSEBH
1601 365 2080 422 CESABIENSIS
2116 366 2266 424 OPP.
2309 367 2486 423 PARS
2523 366 2610 425 Ill.
2649 398 2714 411 —
2747 366 3153 424 EXEGETICA.
3745 362 3838 419 564

579 483 754 552 prima
785 482 898 547 illa,
929 481 1087 554 queis
1117 482 1461 540 indicabatur
1483 483 1716 554 ahjectio
1749 485 1947 555 prioris
1979 501 2138 556 popu-

2253 485 2442 557 ὥσπερ
2463 480 2558 540 οῦν
2586 485 2828 539 ἐδίδασκε
2854 485 2922 540 τὰ
2953 485 3332 558 προλεχθέντα.
3356 477 3485 536 Καὶ
3513 479 3589 550 δὴ
3619 477 3760 550 μετά
3780 479 3843 534 τὰ

583 575 643 638 li,
668 575 994 647 signumque
1021 577 1389 632 metuentibus
1423 577 1601 648 ipsum
1635 578 2028 634 conferendum
2057 595 2149 636 es-

580 683 672 732 se;
700 668 1028 729 intermedlo
1046 668 1426 740 diapsalmate,
1478 669 1780 726 orationem
1823 670 1934 727 Deo
1978 670 2152 741 Spiri-

580 767 672 814 tus
694 767 918 817 sanctus
939 760 1140 815 emittit
1170 759 1360 816 dicens
1395 779 1407 815 :
1457 779 1475 812 ι
1509 759 1578 817 Ut
1607 761 1911 817 liberentur
1964 763 2149 817 dilecti

582 846 686 912 tui,
709 849 915 904 salvum
951 848 1034 904 fac
1086 849 1309 904 dextera
1337 856 1455 914 tua,
1511 858 1567 905 et
1618 851 1816 905 exaudi
1851 867 1957 906 me.
1995 871 2014 903 ι
2069 849 2149 904 Ita

579 952 710 993 vero
731 940 998 1009 supplicat
1027 956 1251 1011 rogans,
1283 948 1362 1006 ut,
1397 956 1496 997 sua
1537 957 1670 996 usus
1724 942 1970 1008 dextera,
2003 942 2144 998 Deus

579 1029 772 1098 eripiat
789 1029 1079 1101 salvosque
1133 1029 1300 1085 faciat
1333 1030 1563 1088 dilectos
1593 1047 1755 1098 suos;
1789 1047 1965 1101 neque
2014 1032 2147 1086 sim-

576 1118 788 1189 pliciter
811 1119 885 1172 ita
913 1121 1205 1191 supplicat,
1247 1141 1266 1174 ι
1302 1121 1521 1176 Salvum
1553 1122 1658 1185 l‘ac,
1701 1142 1720 1173 ι
1774 1121 1869 1178 sed
1923 1122 2139 1192 adjicit,

583 1227 603 1261 ι
640 1209 859 1272 dextera
884 1217 997 1279 tua,
1044 1233 1062 1264 ι
1105 1213 1281 1283 primo
1314 1223 1374 1268 ut
1429 1214 1647 1285 eripiat,
1686 1216 1929 1269 secundo
1957 1223 2015 1269 ut
2036 1216 2140 1270 sai-

573 1317 702 1356 vum
735 1303 915 1358 faciat.
940 1303 1178 1360 Dilectos
1202 1317 1380 1360 autem
1413 1305 1506 1360 Dei
1537 1307 1716 1361 nullas
1765 1314 2012 1369 noverat,
2040 1308 2147 1362 nisi

577 1395 828 1452 nomines
853 1395 946 1467 qui
974 1395 1042 1450 ad
1061 1396 1355 1468 imaginem
1377 1397 1496 1466 ejus
1532 1396 1660 1452 facti
1715 1406 1863 1452 sunt.
1889 1397 2148 1463 Quamvis

2253 577 2462 648 πρῶτα,
2482 577 2548 630 δι’
2571 594 2647 631 ων
2670 575 2920 647 ἐδηλοῦτο
2940 579 2973 648 ή
2995 573 3231 646 ἀποϐολὴ
3256 573 3347 628 τοῦ
3369 571 3677 643 προτέρου
3698 570 3842 633 λαοῦ,

2249 667 2310 720 τό
2335 684 2396 719 τε
2441 669 2664 738 σημεῖον
2693 666 2754 720 τὸ
2778 668 2892 730 τοῖς
2933 664 3281 736 φοϐουμένοις
3311 664 3489 718 αὐτὸν
3541 660 3846 731 δοθησόμε-

2249 773 2337 808 νον
2365 797 2379 820 ,
2441 755 2566 825 ἑξῆς
2613 757 2777 826 μέσου
2819 755 3184 827 διαψάλματος
3238 751 3742 826 παρεντεθέωτος,
3793 750 3848 802 τὸ

2251 847 2476 917 Πνεῦμα
2495 848 2555 899 τὸ
2586 846 2740 914 ἅγιον
2768 846 2931 918 εὐχὴν
2954 846 3262 918 ἀναπέμπει
3299 845 3375 916 τῷ
3418 842 3564 913 Θεῷ
3601 842 3842 910 φάσκον-

2253 955 2273 988 σ
2306 939 2493 1002 Ὅπως
2518 938 2584 992 ἂν
2607 937 2878 1009 ρυσθῶσιν
2908 941 2958 991 οἱ
2983 937 3252 1009 ἀγαπητοί
3280 953 3394 1002 σου,
3434 934 3642 988 σῶσον
3679 936 3751 1003 τῇ
3777 933 3854 985 δε-

2252 1027 2339 1100 ξιᾷ
2371 1045 2496 1094 σου,
2542 1030 2634 1082 καὶ
2686 1029 2988 1084 ἐπάκουσόν
3025 1046 3146 1099 μου.
3192 1048 3210 1081 i
3280 1027 3554 1082 Ἱκετεύει
3585 1025 3653 1078 δὲ
3681 1022 3852 1076 ταῦτα

2248 1121 2516 1190 δεόμενον,
2552 1121 2720 1184 ὅπως,
2752 1123 2818 1192 τῇ
2843 1119 3006 1174 αὑτοῦ
3039 1120 3379 1192 χρησάμενος
3421 1117 3601 1188 δεξιᾷ
3636 1117 3670 1170 6
3697 1115 3852 1178 Θεὸς.

2251 1203 2482 1281 ρύσηταί
2522 1210 2618 1263 καὶ⁵
2656 1208 2804 1283 σώσῃ
2831 1210 2956 1273 τοὺς
2985 1210 3298 1279 ἀγαπητοὺς
3343 1207 3528 1262 αὐτοῦ
3554 1225 3570 1238 ο
3619 1207 3723 1259 καὶ
3759 1208 3854 1276 οὐχ

2251 1297 2436 1362 ἁπλῶς
2469 1299 2733 1363 ἱκετεύει,
2774 1318 2793 1350 ι
2818 1298 3017 1364 Σῶσον,
3046 1319 3064 1351 i
3097 1299 3232 1353 ἀλλά
3252 1319 3271 1351 ι
3295 1303 3361 1371 τῇ
3397 1299 3570 1370 δεξιᾷ
3599 1298 3808 1351 ἑαυτοῦ
3831 1318 3850 1347 ι

2249 1389 2466 1463 πρῶτον
2495 1390 2592 1462 μὲν
2625 1388 2910 1462 ῥύσασθαι,
2945 1388 3134 1442 ἔπειτα
3159 1389 3347 1443 σῶσαι.
3391 1388 3780 1457 ’Δγαπητοῦς
3801 1387 3858 1440 δὲ

2247 1484 2342 1537 τοῦ
2367 1483 2502 1538 Θεοῦ
2543 1483 2652 1537 οὐδ’
2687 1483 2877 1546 ἄλλους
2917 1483 3180 1553 ἠπίστατο
3215 1483 3248 1554 ἢ
3288 1482 3413 1546 τοὺς
3464 1483 3615 1536 κατ’
3667 1480 3858 1534 εἰκόνα

2247 1575 2347 1646 τὴν
2371 1573 2536 1628 αὐτοῦ
2561 1575 2958 1645 πεποιημένους
2992 1572 3330 1647 ἀνθρώπους.
3367 1574 3429 1626 Ei
3475 1574 3611 1644 γὰρ
3655 1571 3760 1625 καὶ
3789 1571 3860 1624 τὰ

573 1487 719 1542 enim
751 1489 810 1542 in
835 1496 1059 1559 peccata
1077 1489 1239 1558 lapsi,
1270 1497 1510 1545 attamen
1545 1489 1618 1545 ob
1647 1491 2008 1544 substantiam
2031 1490 2148 1544 ani-

575 1594 677 1633 mae
703 1579 1045 1649 spiritualem
1079 1589 1134 1635 et
1159 1579 1560 1645 rationabilem,
1600 1579 1787 1636 dilecti
1819 1578 1912 1635 Dei
1944 1595 2148 1635 vocan-

572 1678 683 1726 tur.
718 1668 888 1730 Deum
913 1671 1115 1742 itaque,
1147 1671 1425 1726 mentione
1463 1669 1784 1725 dilectarum
1806 1684 2030 1725 suorum
2064 1669 2138 1724 l‘a-

2251 1663 2484 1734 μὰλιστα
2504 1663 2930 1718 ύποπεπτὼκασι
2959 1667 3024 1735 τῇ
3058 1663 3333 1736 ἁμαρτίᾳ,
3367 1662 3481 1716 ἀλλ’
3544 1663 3721 1733 ὅμως
3771 1660 3859 1714 διὰ

572 1770 682 1824 cta,
707 1761 922 1830 placare
959 1769 1213 1826 conatur,
1261 1769 1527 1832 rogatque
1578 1770 1639 1816 ut
1693 1777 1724 1816 a
1765 1762 2138 1832 spiritualibus

2246 1755 2345 1826 τὴν
2361 1755 2433 1827 (1)
2451 1755 2628 1827 ψυχῆς
2639 1755 2825 1808 οὐσίαν
2848 1756 3038 1829 νοεράν
3052 1751 3214 1809 οὖσαν
3231 1756 3325 1810 καὶ
3343 1753 3610 1826 λογικὴν,
3627 1754 3859 1821 ἀγαπη-

572 1850 812 1908 inimicis
839 1862 892 1909 et
919 1852 1173 1908 hostibus
1197 1853 1522 1923 eripiantur,
1557 1861 1720 1923 atque
1742 1860 1979 1923 ereptos,
2003 1853 2138 1907 dex-

2244 1847 2325 1900 τοὶ
2349 1846 2592 1918 εἴρηνται
2631 1845 2724 1899 τοῦ
2757 1845 2914 1899 Θεοῦ.
2958 1848 3206 1899 Δυσωπεῖ
3249 1845 3425 1898 τοίνυν
3460 1847 3489 1898 6
3524 1843 3712 1911 λόγος
3765 1841 3860 1894 τὸν

529 1937 532 1939 Α
569 1952 688 2000 tera
715 1961 811 2001 sua
838 1946 1012 2001 salute
1034 1946 1217 2001 donet.
1261 1945 1548 2003 Dexteram
1609 1955 1788 2000 autem
1820 1945 1914 2001 Dei
1969 1961 2137 2016 quam

2244 1937 2374 1991 Θεὸν
2401 1936 2488 1991 διὰ
2520 1939 2618 2008 τῆς
2650 1939 2866 2009 μνήμης
2883 1937 2989 1991 τῶν
3012 1937 3312 2008 ἀγαπητῶν
3341 1935 3534 2002 αὐτοῦ,
3573 1950 3855 2006 παρακαο

573 2035 780 2091 dixeris
801 2051 946 2100 esse,
976 2035 1084 2090 nisi
1110 2033 1386 2090 Christum
1415 2036 1622 2106 tropice
1655 2036 1733 2091 sic
1758 2036 2046 2090 vocatum?
2068 2034 2138 2089 Ut

2244 2029 2325 2083 λεῖ
2354 2047 2414 2082 τε
2440 2029 2705 2101 ῥύσασθαι
2749 2030 2944 2094 αὐτοὺς
2990 2029 3098 2083 ἀπὸ
3123 2028 3328 2099 νοητῶν
3359 2045 3416 2081 τε
3468 2024 3716 2098 ἐχθρῶν
3760 2025 3858 2077 καὶ

568 2125 715 2187 enim
747 2123 882 2187 alias
902 2125 1076 2178 virtus
1095 2130 1148 2178 et
1191 2123 1484 2194 sapientia,
1511 2123 1728 2193 iustitia
1752 2130 1808 2179 et
1833 2121 2138 2178 sanctiﬁca-

2246 2121 2520 2192 πολεμίων
2543 2137 2557 2153 ⁶
2595 2119 2897 2192 ῥυσάμενόν
2929 2137 2990 2174 τε
3019 2119 3187 2174 σῶσαι
3217 2121 3413 2184 αὐτοὺς
3438 2119 3534 2172 διὰ
3566 2118 3684 2190 τῆς
3720 2118 3854 2170 ἐαυ-

570 2215 651 2276 tio
670 2224 725 2271 et
752 2215 1054 2286 redemptio
1077 2215 1260 2270 dictus
1287 2225 1400 2281 est;
1425 2215 1506 2272 sic
1523 2215 1636 2284 jam
1666 2215 1888 2270 dextera
1911 2223 2138 2271 vocatus

2244 2213 2337 2270 τοῦ
2380 2214 2578 2282 δεξιᾶς.
2613 2213 2806 2278 Δεξιάν
2850 2213 2906 2266 δὲ
2934 2212 3027 2266 τοῦ
3061 2213 3195 2267 Θεοῦ
3222 2211 3343 2267 τίνα
3372 2211 3436 2265 ἂν
3469 2229 3562 2274 τις
3617 2211 3777 2263 εἴποι
3816 2208 3852 2280 ἢ

573 2307 757 2370 fuerit,
788 2307 915 2376 quia
938 2307 1164 2362 dextera
1189 2317 1244 2362 et
1262 2307 1525 2363 salutaria
1547 2307 1800 2362 omnibus
1825 2305 2138 2368 hominibus

2244 2308 2332 2361 τὸν
2382 2306 2616 2380 Χριστὸν
2656 2305 2820 2362 αὑτοῦ
2859 2306 3136 2379 τροπικῶς
3177 2305 3348 2368 οὕτως
3388 2303 3810 2376 ὠνομασμένον
3831 2343 3850 2366 ,

571 2404 964 2472 procuraturus
986 2404 1123 2452 erat.

2251 2397 2338 2464 Ὦς
2367 2399 2475 2470 γὰρ
2505 2397 2742 2470 ἀλλαχοῦ
2773 2397 2999 2469 δύναμις
3020 2398 3112 2451 καὶ
3140 2396 3300 2466 σοφία
3320 2396 3601 2461 λέλεκται,
3628 2394 3852 2448 δικαιο-

571 2491 704 2564 σύνη
736 2509 795 2545 τε
850 2492 944 2546 καὶ
975 2490 1266 2563 ἁγιασμὸς,
1321 2491 1415 2544 καὶ
1461 2489 1868 2562 ἀπολύτρωσις,
1915 2491 2056 2547 οῦτω
2095 2494 2188 2548 καὶ
2223 2493 2317 2548 νῦν
2371 2493 2521 2562 δεξιὰ
2545 2494 2934 2566 χρηματίσειεν
2970 2493 3035 2552 ἄν
3056 2509 3070 2522 ·
3097 2492 3285 2565 ἐπειδὴ
3312 2491 3378 2546 τὰ
3405 2491 3560 2558 δεξιά
3597 2491 3702 2545 καὶ
3735 2507 3847 2544 σω,

567 2586 729 2656 τήρια
753 2584 918 2647 πᾶσιν
943 2582 1249 2655 ἀνθρώποις
1278 2583 1624 2656 προξενήσειν
1657 2584 1897 2656 ἔμελλεν.

641 2675 805 2732 Vsus.
838 2675 890 2741 8,,
918 2673 971 2727 9.
1017 2693 1037 2726 ι
1083 2673 1226 2730 Deus
1257 2675 1470 2730 locutus
1499 2682 1584 2728 est
1624 2673 1679 2728 in
1724 2682 1915 2729 sancto
1945 2688 2068 2736 suo,
2110 2692 2128 2725 ι

2317 2691 2338 2725 ι
2387 2673 2445 2728 '0
2479 2672 2612 2736 Θεὸς
2647 2671 2906 2744 ἐλάλησεν
2942 2673 3000 2724 ἐν
3028 2671 3103 2742 τῷ
3145 2671 3284 2742 ἀγὲῳ
3312 2669 3497 2734 αὐτοῦ,
3543 2689 3567 2722 ι
3613 2669 3721 2722 καὶ
3777 2667 3844 2721 τὰ

568 2775 625 2827 et.
657 2774 872 2825 caetera.
901 2763 1037 2822 Cum
1077 2772 1333 2836 precatus
1362 2764 1600 2835 Spiritus
1645 2774 1868 2821 sanctus
1904 2771 2050 2820 esset
2078 2773 2138 2819 ut

2244 2766 2385 2836 ἑξῆς.
2426 2763 2739 2835 Εὐξαμένου
2773 2763 2866 2817 τοῦ
2897 2763 3052 2832 ἁγίου
3087 2761 3400 2832 Πνεύματος
3429 2761 3585 2825 ὅπως
3622 2758 3845 2832 ῥυσθῶο

497 2892 506 2902 ι
570 2855 932 2911 liberarentur
962 2855 1146 2910 dilecti
1193 2854 1319 2922 Dei,
1366 2855 1503 2910 nihil
1553 2863 1842 2911 cunctatus
1881 2854 2024 2910 Deus
2051 2871 2138 2911 re-

2244 2874 2324 2910 σιν
2379 2858 2430 2910 οἱ
2468 2856 2740 2928 ἀγαπητοὶ
2789 2855 2885 2909 τοῦ
2943 2855 3099 2920 Θεοῦ,
3149 2855 3313 2926 μηδὲν
3371 2854 3772 2927 ὑπερθέμενος
3810 2853 3840 2904 ὁ

569 2945 798 3015 spondet
831 2945 916 3000 his
944 2946 1126 3010 verbis
1145 2963 1202 3000 δι
1244 2943 1536 3005 Exaltabor
1583 2953 1637 3000 et
1688 2944 1926 3000 dividam
1961 2943 2138 3000 Sichi-

2244 2948 2370 3013 Θεὸς
2396 2948 2752 3018 ἀποκρίνεται
2775 2947 2947 3016 λέγων
2967 2964 2982 2979 ο
3022 2966 3040 2998 ι
3086 2947 3474 3018 ’Υψωθήσομαι
3501 2946 3605 2999 καὶ
3629 2945 3837 3015 διαμε-

569 3051 678 3096 nia.
700 3055 719 3087 ι
752 3033 877 3100 Haec
893 3051 988 3106 per
1018 3033 1254 3093 Verbum
1277 3051 1460 3108 suum,
1492 3035 1646 3106 quasi
1670 3051 1766 3106 per
1788 3035 2138 3105 interpretem

2245 3039 2344 3113 ριῶ
2396 3040 2615 3110 Σίκιμα.
2655 3059 2674 3092 i
2723 3039 2908 3093 Ταῦτα
2953 3039 3010 3093 δὲ
3055 3038 3148 3092 τοῦ
3193 3037 3329 3092 Θεοῦ
3372 3038 3462 3092 διά
3508 3037 3607 3091 τοῦ
3651 3037 3838 3104 Λόγου

572 3129 814 3190 locutum
845 3126 1013 3183 Deum
1056 3127 1284 3186 audiens
1316 3126 1555 3198 Spiritus
1601 3136 1848 3192 sanctus,
1877 3127 1992 3189 haec
2021 3125 2138 3197 ipsa

2244 3123 2406 3178 αύτοῦ
2451 3125 2527 3190 ὡς
2570 3125 2637 3178 δι’
2678 3126 2959 3199 ἑρμηνέως
3005 3125 3356 3197 λαλήσαντος,
3403 3126 3464 3180 τὸ
3501 3125 3749 3197 Πνεῦμα
3774 3123 3838 3176 τὸ

568 3235 672 3285 nos
691 3219 883 3280 edocet
909 3238 924 3284 ξ
955 3235 1124 3290 quare
1146 3219 1240 3283 ait,
1273 3238 1292 3272 ι
1333 3219 1474 3276 Deus
1506 3219 1720 3275 locutus
1744 3228 1828 3275 εει
1851 3218 1909 3274 in
1946 3226 2137 3274 sancta

2244 3215 2392 3284 ἅγιον
2437 3217 2768 3283 ἐπακοῦσαν,
2807 3219 3044 3272 διδάσκει
3090 3219 3185 3272 καὶ
3219 3219 3366 3289 ἡμᾶς
3409 3218 3610 3272 εἰδέναι
3663 3215 3832 3270 αΰτάο

568 3325 689 3366 suo.
732 3329 752 3363 ι
794 3308 1055 3368 Sanctum
1083 3325 1244 3379 porro
1269 3309 1384 3375 Dei,
1408 3310 1503 3382 qui
1529 3309 1760 3370 formam
1788 3309 1932 3367 servi
1981 3324 2136 3366 acce-l

2244 3307 2319 3361 διό
2358 3325 2521 3380 φησιν
2562 3326 2576 3339 ·
2617 3327 2636 3360 ι
2675 3310 2734 3364 '0
2759 3310 2892 3375 Θεὸς
2919 3311 3175 3381 ἐλάλησεν
3205 3311 3261 3363 ἐν
3288 3309 3366 3380 τῷ
3391 3310 3530 3381 ἁγίῳ
3562 3307 3768 3372 αὑτοῦ.
3805 3325 3828 3359 ›

567 3403 667 3473 pit,
715 3416 826 3456 non
866 3401 1190 3471 ignorabant
1226 3401 1353 3456 olim
1417 3401 1729 3463 daemones:
1783 3397 2136 3472 quamobrem

2244 3399 2342 3452 Τὸν
2380 3399 2438 3452 δὲ
2479 3399 2632 3470 ἅγιον
2665 3401 2756 3456 τοῦ
2799 3401 2934 3455 Θεοῦ
2973 3401 3186 3473 μορφὴν
3217 3401 3402 3455 δούλου
3441 3401 3687 3454 λαϐόντα
3729 3398 3834 3452 οὐκ

567 3493 897 3558 clamabant,
927 3509 946 3542 ι
990 3490 1206 3553 Scimus
1232 3498 1285 3555 te
1320 3492 1443 3563 quis
1470 3493 1571 3564 sis,
1602 3491 1838 3559 Sanctus
1870 3492 1966 3551 Dei
2004 3493 2070 3547 ⁸⁵.
2112 3511 2132 3544 ι

2244 3488 2510 3560 ἠγνόησαν
2560 3507 2689 3544 ποτε
2746 3493 2795 3544 οἱ
2853 3491 3131 3562 δαίμονεςο
3175 3490 3256 3544 διὸ
3306 3491 3473 3544 ἐϐόων
3530 3490 3826 3558 λέγοντες·

565 3581 684 3639 Ima
718 3597 847 3638 vero
875 3583 928 3637 in
959 3598 1204 3638 Lxxxvm
1234 3583 1442 3654 psalmo
1490 3583 1696 3638 dictum
1723 3592 1848 3640 est:
1887 3601 1907 3636 ι
1955 3582 2136 3645 Semel

2245 3599 2263 3632 ι
2305 3580 2539 3650 Οἴδαμεν
2573 3599 2634 3634 σε
2667 3582 2753 3646 τίς
2797 3577 2866 3645 εἴ,
2901 3584 2929 3636 6
2953 3583 3103 3651 ἅγιος
3137 3582 3230 3636 τοῦ
3257 3583 3413 3636 Θεοῦ.
3453 3602 3472 3635 i
3515 3582 3685 3636 Ἀλλὰ
3733 3580 3832 3641 καὶ

566 3672 746 3744 iuravi
770 3673 826 3728 in
850 3681 1041 3730 sancto
1068 3689 1213 3739 meo,
1244 3673 1292 3730 si
1322 3671 1494 3729 David
1520 3675 1754 3730 mentiar
1786 3676 1852 3730 “.
1891 3695 1910 3728 ι
1936 3674 2138 3742 Quem-

2244 3671 2303 3724 ἐν
2335 3671 2642 3746 πηᾫαλμῷ
2675 3672 2954 3726 λέλεκται·
2986 3693 3004 3724 ι
3041 3673 3219 3740 "Attae
3257 3673 3444 3744 ὡμοσα
3473 3674 3528 3725 ἐν
3560 3672 3641 3743 τῷ
3678 3671 3826 3740 ἁγίῳ

571 3763 862 3820 admodum
891 3767 1037 3821 enim
1071 3774 1225 3837 pater
1254 3767 1310 3822 in
1341 3766 1453 3822 [ilio
1481 3766 1702 3833 dilecto,
1736 3767 1819 3823 sic
1848 3769 2134 3826 universo-

2244 3779 2366 3835 μου,
2406 3765 2454 3820 εἰ
2491 3763 2570 3840 τῷ
2610 3765 2772 3819 Δαυῖδ
2808 3764 3100 3838 ψεύσομαι.
3162 3784 3181 3817 ι
3229 3767 3318 3829 Ὠς
3344 3766 3450 3840 γὰρ
3495 3768 3683 3839 πατὴρ
3733 3765 3824 3834 ἐφ’

568 3871 690 3912 rum
727 3856 866 3914 Deus
916 3859 969 3913 in
1017 3857 1156 3914 Filio
1187 3859 1358 3930 iurat.
1397 3859 1497 3914 Hic
1531 3861 1696 3931 igitur
1721 3862 1880 3918 etiam
1925 3881 1944 3912 ι
1994 3861 2138 3919 Deus

2244 3855 2340 3926 υίῷ
2371 3856 2658 3928 ἀγαπητῷ,
2701 3855 2873 3921 οὕτως
2903 3859 2931 3911 6
2973 3858 3081 3911 τῶν
3126 3857 3262 3911 ὅλων
3289 3857 3420 3922 Θεὸς
3449 3858 3541 3910 ἐπ)⁸
3569 3858 3665 3929 ίτῷ
3704 3854 3822 3926 Υίῷ

568 3947 787 4012 locutus
817 3955 901 4003 est
937 3948 990 4002 in
1011 3957 1199 4004 sancto
1230 3966 1370 4017 suo;
1410 3971 1428 4002 ι
1465 3951 1600 4015 sive,
1631 3953 1930 4008 secundum
1963 3954 2134 4024 Aqui-

568 4039 708 4105 lam,
771 4058 789 4092 ι
847 4039 991 4096 Deus
1048 4042 1262 4097 locutus
1305 4053 1391 4099 est
1445 4044 1499 4098 in
1552 4045 1892 4100 sanctiﬁcata
1937 4061 2056 4102 suo.
2113 4066 2132 4098 ι

568 4132 926 4202 Quandonam
951 4134 1005 4188 id
1035 4134 1315 4204 impletum
1336 4142 1438 4204 est,
1465 4137 1571 4191 nisi
1601 4152 1723 4191 cum
1757 4138 1812 4192 in
1837 4137 2138 4194 novissimo

567 4224 781 4279 dierum
826 4225 1041 4286 locutus
1070 4231 1155 4279 est
1194 4224 1351 4281 nobis
1396 4225 1452 4280 in
1481 4225 1649 4281 Filia?
1679 4226 1821 4292 Quid
1845 4237 2026 4281 autem
2057 4227 2139 4283 lo-

568 4323 731 4375 cutus
759 4325 842 4370 est
870 4315 974 4374 nisi
1008 4315 1121 4370 haec
1166 4331 1288 4386 qua
1337 4327 1661 4387 sequuntur,
1696 4337 1715 4368 ι
1760 4317 2056 4374 Exsultabo
2083 4328 2138 4375 et

568 4405 804 4461 dividam
860 4404 1178 4464 Sichima‘ii
1258 4405 1319 4462 In
1373 4421 1478 4462 cvu
1540 4409 1720 4477 itaque
1753 4409 1957 4464 dictum
2014 4417 2134 4474 est,

2238 3945 2468 4017 ῶμνυσι.
2498 3949 2607 4006 Καὶ
2631 3948 2864 4002 ἐνταῦθα
2889 3950 3067 4002 τοίνυν
3095 3968 3112 4000 ι
3144 3950 3172 4001 6
3202 3949 3334 4013 Θεὸς
3366 3950 3628 4021 ἐλάλησεν
3655 3951 3715 4002 ἐν
3744 3945 3824 4017 τῷ

2239 4023 2377 4106 ἁγίῳ
2406 4037 2570 4091 αὐτοῦ
2593 4055 2606 4068 θ
2644 4057 2663 4090 i
2697 4038 2752 4109 ἢ,
2789 4039 2930 4103 κατά
2961 4039 3052 4093 τὸν
3096 4039 3342 4104 Ἀκύλαν,
3376 4059 3394 4092 ι
3436 4041 3492 4093 '0
3521 4040 3654 4104 Θεὸς
3695 4037 3822 4093 ἐλώ-

2239 4126 2399 4200 λησεν
2424 4113 2488 4181 ἐν’
2513 4129 2830 4200 ἡγιασμένῳ
2855 4130 3038 4190 αὑτοῦ.
3062 4150 3080 4183 i
3108 4130 3242 4184 Πότε
3262 4131 3317 4184 δὲ
3350 4129 3445 4184 καὶ
3476 4129 3622 4183 τοῦτ’
3645 4129 3817 4200 ἐπλη-

2244 4220 2420 4291 ροῦτο,
2454 4221 2486 4292 ἢ
2517 4222 2604 4274 ὅτε
2637 4221 2721 4274 ἐπ’
2752 4222 2978 4292 ἐσχάτου
3011 4223 3116 4276 τῶν
3147 4222 3366 4294 ἡμερῶν
3397 4223 3658 4293 ἐλάλησεν
3682 4223 3817 4293 ἡμῖν

2239 4316 2296 4366 ἐν
2336 4312 2483 4384 Υἱῷ;
2520 4313 2584 4366 Τί
2617 4313 2674 4366 δὲ
2710 4312 2968 4385 ἐλάλησεν
3012 4314 3045 4386 ἢ
3083 4314 3151 4368 τὰ
3191 4315 3559 4387 ἐπιφερόμενα
3600 4313 3809 4383 λέγων·

2244 4427 2262 4456 ι
2316 4407 2733 4478 ’Λγαλλιάσομαι
2773 4409 2865 4462 καὶ
2912 4409 3174 4482 διαμεριῶ
3223 4411 3454 4482 Simia;
3491 4431 3512 4462 ι
3563 4411 3652 4463 Ἐν
3713 4410 3813 4481 μὲν

571 4516 592 4550 ι
634 4498 945 4564 Exaltabor,
975 4507 1029 4554 et
1069 4499 1307 4556 dividam
1340 4497 1581 4554 Sichima
1617 4501 1694 4566 '7;
1737 4519 1756 4550 ι
1789 4501 1951 4572 idque
1983 4517 2047 4557 ex
2084 4518 2138 4558 re

2246 4495 2338 4552 οῦν
2381 4499 2460 4571 τῷ
2506 4501 2584 4572 ρξ’
2613 4501 2858 4573 εἴρηται⁸
2904 4520 2922 4550 ι
2977 4501 3382 4572 ’Υψωθήσομαι,
3418 4501 3512 4554 καὶ
3547 4499 3812 4574 διαμεριῶ

567 4589 880 4655 admodum,
908 4589 1035 4659 quia
1059 4590 1112 4650 in
1139 4590 1328 4646 eodem
1353 4591 1558 4645 dictqu
1592 4600 1748 4646 antea
1772 4591 1894 4656 fuit,
1929 4611 1947 4644 ι
1977 4591 2138 4647 Exal-

567 4689 686 4737 tare
741 4697 906 4754 super
937 4682 1130 4750 caalos,
1165 4681 1308 4738 Deus
1332 4723 1346 4747 ,
1371 4691 1425 4738 et
1459 4699 1623 4754 super
1669 4697 1884 4738 omnem
1935 4691 2134 4740 terram

565 4775 738 4845 gloria
765 4783 855 4829 tua
885 4775 948 4829 ιθ.
980 4793 999 4826 ι
1038 4774 1121 4830 Ad
1151 4775 1280 4829 illud
1313 4775 1481 4838 enim,
1514 4795 1531 4826 ι
1572 4776 1830 4838 exaltare,
1863 4794 1882 4826 ι
1912 4776 2016 4831 hoc
2051 4792 2136 4832 re-

566 4863 808 4932 ponitur,
844 4881 863 4916 ι
898 4864 1210 4930 exaltabor;
1253 4882 1272 4916 ι
1300 4863 1390 4918 hic
1417 4879 1548 4920 vero
1576 4864 1641 4919 ad
1666 4864 1820 4928 illud,
1855 4885 1873 4916 ι
1911 4865 2128 4920 Salvum

566 4951 655 5006 fac
680 4952 902 5018 dextera
928 4964 1018 5008 tua
1038 4992 1054 5017 ,
1097 4971 1115 5006 ι
1151 4961 1204 5008 ει
1229 4953 1296 5012 ad
1329 4953 1484 5022 illud,
1518 4972 1537 5006 ι
1567 4953 1638 5018 Ut
1667 4955 1965 5011 liberentur
1997 4957 2131 5012 dile-

565 5046 640 5103 cti
671 5047 772 5113 tui,
812 5067 830 5100 ι
862 5048 929 5104 de
957 5048 1282 5116 dilectarum
1310 5064 1534 5106 suorum
1572 5051 1747 5106 salute
1784 5049 2027 5120 gaudens
2053 5051 2134 5105 sic

565 5140 876 5209 respondet,
909 5158 928 5194 ι
963 5139 1288 5208 Exsultabo;
1326 5161 1344 5194 ι
1382 5143 1516 5208 sive,
1545 5141 1842 5200 secundum
1860 5142 2132 5213 Aquilam,

571 5249 591 5283 ι
627 5228 948 5300 Gloriabor;
988 5252 1008 5284 ι
1038 5232 1172 5299 sive,
1204 5235 1502 5289 secundum
1533 5232 1936 5305 Symmachum,
1961 5252 1979 5288 ι
2014 5230 2135 5287 διο.

563 5324 747 5379 riabar
777 5330 830 5378 et
864 5322 1187 5386 distribuam
1229 5323 1490 5380 Sichima.
1527 5343 1546 5375 ι
1581 5323 1706 5379 Ηωε
1738 5332 1918 5378 autem
1950 5323 2128 5393 portio

563 5416 694 5469 olim
713 5413 951 5486 Josepho
972 5431 1038 5470 ex
1066 5417 1421 5488 praerogativa
1445 5415 1680 5486 quadam
1701 5414 1958 5488 deputata
1986 5414 2084 5470 fuit
2112 5435 2124 5472 :

563 5505 638 5564 ob
663 5521 823 5577 quam
856 5508 984 5563 olim
1018 5508 1185 5569 altum
1239 5508 1524 5578 sapiebaut
1576 5505 1747 5564 Judaei
1769 5546 1786 5573 ,
1815 5522 1961 5562 nunc
2005 5522 2132 5562 vero

563 5611 698 5668 gens
733 5596 1224 5662 Samaritanorum.
1276 5597 1350 5652 Ea
1397 5605 1576 5653 autem
1610 5599 1727 5671 ipsa
1771 5604 1857 5652 cst
1896 5595 2134 5656 Sichima

2246 4592 2465 4662 Σίκιμα,
2497 4611 2516 4643 i
2539 4593 2743 4665 σφόδρα
2787 4593 3164 4665 καταλλὴλως·
3212 4593 3396 4664 ἐπειδὴ
3429 4593 3485 4646 ἐν
3519 4594 3712 4662 ἐκείνῳ
3752 4593 3811 4643 ἐν

2240 4685 2350 4746 τοῖς
2385 4681 2689 4754 ἔμπροσθεν
2730 4683 2961 4754 ἐλέγετο·
2999 4703 3018 4735 r
3067 4683 3339 4755 ’Υψώθητι
3368 4685 3459 4736 ἐπὶ
3487 4684 3614 4748 τοὺς
3642 4687 3809 4756 οὐρα-

2241 4775 2386 4838 νοῦς,
2415 4776 2443 4828 6
2483 4775 2642 4840 Θεὸς,
2679 4779 2772 4832 καὶ
2814 4778 2904 4830 ἐπὶ
2934 4779 3111 4831 πᾶσαν
3143 4776 3238 4848 τὴν
3268 4777 3372 4848 γῆν
3407 4779 3439 4849 ἡ
3475 4777 3601 4842 δόξα
3630 4795 3746 4834 σου.
3782 4793 3804 4828 i

2242 4863 2386 4935 Πρὸς
2414 4867 2520 4938 γὰρ
2545 4867 2624 4929 τὸ,
2658 4885 2678 4916 ‹
2721 4867 2983 4938 ύψώθητι,
3017 4885 3035 4918 i
3065 4869 3416 4938 ἐπενήνεκται
3437 4867 3518 4929 τὸ,
3550 4885 3568 4917 ι
3601 4865 3810 4938 ὑψωθή-

2236 4971 2400 5026 σομαι
2417 4974 2430 4986 ·
2468 4975 2486 5007 i
2526 4956 2756 5010 ἐνταῦθα
2775 4957 2833 5010 δὲ
2856 4958 2990 5027 πρὸς
3011 4957 3090 5020 τὸ,
3131 4977 3148 5008 ι
3181 4957 3352 5011 σῶσον
3378 4961 3444 5029 τῇ
3469 4958 3620 5030 δεξιᾷ
3644 4975 3758 5025 σου,
3781 4975 3801 5010 i

2239 5050 2334 5103 καὶ
2367 5047 2502 5120 πρὸς
2523 5049 2604 5113 τὸ,
2631 5067 2647 5098 ι
2669 5050 2818 5113 ὅπως
2852 5049 2918 5115 ἂν
2942 5049 3212 5120 ῥυσθῶσιν
3261 5051 3310 5104 οἱ
3337 5051 3609 5123 ἀγαπητοί
3640 5068 3756 5116 σου,
3779 5069 3798 5103 ι

2237 5138 2442 5211 χαίρων
2477 5139 2569 5192 ἐπὶ
2611 5143 2677 5210 τῇ
2727 5139 2838 5192 τῶν
2883 5140 3176 5210 ἀγαπητῶν
3213 5140 3377 5194 αὐτοῦ
3414 5141 3674 5212 σωτηρίᾳ,
3709 5140 3804 5211 τὴν

2240 5231 2528 5302 ἀπόκρισιν
2561 5233 2791 5284 ποιεῖται
2814 5229 3007 5298 λέγων,
3034 5247 3054 5283 ι
3090 5230 3530 5302 Ἀγαλλιάσομαυ
3555 5253 3572 5281 ι
3590 5231 3644 5302 ἢ,
3666 5230 3801 5284 κατὰ

2236 5321 2326 5374 τὸν
2341 5320 2588 5385 Ἀκύλαν,
2619 5339 2637 5372 ι
2670 5321 3036 5393 Γαυριάσομαι
3055 5338 3068 5352 ·
3099 5343 3117 5373 i
3141 5323 3196 5394 ἦ,
3220 5322 3359 5378 κατά
3387 5323 3475 5377 τὸν
3493 5322 3801 5393 Σύμμαχον,

2243 5429 2264 5462 ι
2302 5413 2590 5485 Γαυριάσω
2632 5413 2726 5466 καὶ
2753 5413 3062 5484 διανεμήσω
3091 5413 3308 5484 Σίκιμαο
3347 5434 3365 5466 i
3407 5413 3554 5486 Αὕτη
3585 5414 3643 5467 δὲ
3679 5409 3803 5484 ἧνή

2242 5505 2408 5560 πάλαι
2433 5504 2786 5577 ἀφωρισμένη
2818 5504 2894 5576 τῷ
2939 5505 3133 5575 Ἰωσὴφ
3168 5505 3322 5578 μερὶς
3356 5508 3475 5560 κατ’
3508 5506 3799 5578 ἐξαίρετον,

2241 5598 2326 5667 ἐφ’
2451 5599 2544 5650 καὶ
2582 5597 2723 5668 μέγα
2771 5597 3028 5668 ἐφρόνουν
3084 5599 3345 5671 πρότερον
3389 5599 3487 5670 μὲν
3536 5598 3801 5653 Ἰουδαίων

641 5690 684 5720 ¹⁵
722 5689 852 5744 Luc.
895 5705 968 5756 Iv,
1003 5690 1090 5744 54.
1171 5691 1214 5723 ³⁸
1250 5688 1396 5744 Psal.
1433 5705 1704 5756 Luxvm,
1739 5689 1827 5755 56.
1908 5690 1949 5720 ¹⁷
1988 5687 2132 5745 Psal.

2244 5705 2314 5756 ιι,
2351 5691 2404 5756 8,
2483 5691 2525 5722 “
2564 5689 2921 5754 Psal.cvu,6.

641 5779 716 5854 (Ι)
759 5779 916 5847 Forte
947 5781 1099 5836 deest
1131 5781 1246 5850 τῆς.
1283 5779 1440 5844 Enn.

4049 4999 4051 5152 Ι

4048 5773 4052 5862 ι

4049 5987 4051 6040 ι
