4100 6442
369 331 477 391 565

1500 332 2005 390 COMMENTARIA
2045 331 2117 391 ΙΝ
2156 331 2496 391 PSALMOS.

3509 326 3624 384 .586

370 449 578 515 παῖδες,
633 449 728 505 νῦν
779 451 834 504 δὲ
885 451 944 504 τὸ
981 448 1334 523 Σαμαρειτῶν
1382 449 1564 518 φῦλον.
1607 453 1670 505 Ἡ
1723 454 1861 524 αὐτὴ
1898 455 1947 509 δέ

2057 471 2179 524 qua:
2207 455 2447 516 Sichem,
2477 467 2640 524 quam
2661 451 2899 522 Josepho
2929 452 3077 508 dedit
3101 449 3291 514 Iacob,
3311 451 3400 504 ubi
3429 461 3626 520 puteus

367 542 485 595 ἐστι
512 543 711 614 Σίκιμα
733 546 798 614 τῇ
822 544 1022 614 Συχὲμ,
1048 545 1115 614 ἢν
1147 544 1342 599 ἔδωκεν
1374 544 1568 598 Ἰακὼϐ
1594 546 1672 618 τῷ
1711 547 1908 617 Ἰωσήφ
1929 563 1943 577 ο

368 633 496 686 ἔνθα
524 633 620 686 καὶ
643 633 704 686 τὸ
729 634 905 705 φρέαρ
931 635 1026 688 καὶ
1055 636 1088 705 ή
1119 636 1270 707 πηγὴ
1301 635 1394 690 τοῦ
1439 636 1632 692 Ἰακὼϐ
1666 637 1944 708 τυγχάνει,

368 718 445 778 ὧν
477 723 746 796 μέμνηται
777 725 836 778 τὸ
861 725 1210 794 Εύαγγέλιον,
1236 727 1327 780 τὸν
1358 727 1587 799 Σωτῆρα
1607 728 1812 796 φάσκον
1832 729 1949 781 ἐπι-

367 815 749 887 δεδημηκέναι,
796 816 1021 881 πολλούς
1048 835 1108 870 τε
1140 818 1318 871 αύτῶν
1356 821 1436 882 είς
1464 819 1626 872 αὐτὸν
1659 837 1951 873 πεπιστευ-

367 908 544 962 κέναι.
577 908 739 962 Ἀλλά
765 909 860 964 καὶ
889 910 1027 981 μετά
1053 911 1151 983 τὴν
1169 911 1434 982 ἀνάληψιν
1453 910 1618 966 αὑτοῦ
1645 912 1695 965 οἱ
1719 913 1949 966 ἀπόστο-

367 997 472 1061 λοι,
505 1000 564 1050 ἐν
603 1001 670 1069 τῇ
718 999 1000 1072 Σαμαρείᾳ
1031 1001 1332 1073 γενόμενοι,
1371 1005 1571 1073 σημεῖα
1615 1002 1708 1057 καὶ
1748 1003 1949 1074 τέρατα

366 1088 585 1142 ἐποίουν
630 1091 689 1142 ἐν
739 1091 896 1161 αὐτῇ,
949 1091 1024 1155 ὡς
1065 1093 1390 1165 ἱστορεῖσθαι
1442 1096 1498 1146 ἐν
1549 1097 1670 1158 ταῖς
1713 1093 1949 1164 Πράξεσι

365 1179 475 1234 τῶν
504 1179 817 1234 ἀποστόλων
845 1181 905 1233 τὸ
937 1182 1162 1253 Πνεῦμα
1192 1183 1254 1236 τὸ
1277 1184 1430 1252 ἅγιον
1462 1185 1704 1238 δεδόσθαι
1727 1189 1837 1248 τοῖς
1860 1185 1950 1238 τὸν

366 1270 530 1325 τόπον
579 1270 810 1336 οἰκοῦσι,
859 1273 1033 1344 χαράν
1061 1291 1118 1326 τε
1165 1275 1406 1346 μεγάλην
1438 1276 1716 1345 γεγονέναι
1742 1276 1948 1332 αὐτόθι.

368 1362 682 1433 Γέγραπται
740 1365 891 1434 γοῦν,
938 1367 1020 1419 ὅτι
1076 1365 1358 1430 Φίλιππος,
1418 1367 1693 1420 κατελθὼν
1739 1370 1818 1430 εἰς
1855 1367 1952 1438 τὴν

366 1453 519 1506 πόλιν
547 1453 648 1524 τῆς
674 1453 1006 1526 Σαμαρείας,
1031 1455 1335 1527 ἐκήρυσσεν
1363 1457 1545 1520 αὐτοῖς
1577 1457 1668 1510 τὸν
1698 1458 1950 1528 Χριστόν.

367 1544 664 1615 Πῳσεῖχον
687 1545 746 1598 δὲ
792 1547 842 1598 oi
892 1545 1039 1617 δχλοι
1082 1550 1198 1610 τοῖς
1244 1547 1554 1620 λεγομένοις
1591 1549 1696 1602 ὑπὸ
1728 1549 1821 1602 τοῦ
1860 1552 1952 1603 Φι-

365 1635 565 1688 λίππου
614 1636 978 1708 ὁμοθυμαδὸν,
1013 1639 1072 1691 ἐν
1123 1639 1202 1711 τῷ
1233 1640 1454 1694 ἀκούειν
1495 1642 1692 1705 αὐτοὺς
1719 1644 1812 1696 καὶ
1832 1643 1952 1714 βλέ-

2048 556 2101 600 ει
2137 546 2256 599 l'ons
2286 542 2455 599 Jacob
2488 549 2592 597 est.
2658 539 2902 606 Quorum
2937 542 3185 596 meminit
3239 539 3587 610 Evangelium
3609 575 3624 599 ,

2049 635 2238 690 dicens
2273 634 2610 688 Salvatorem
2641 648 2706 685 co
2739 631 3024 687 advenisse
3046 675 3060 700 ,
3102 645 3399 704 eorumque
3427 631 3628 686 multos

2050 725 2104 778 in
2140 725 2315 795 ipsum
2347 723 2665 779 credidisse.
2704 721 2846 789 Quin
2877 723 3040 778 etiam
3097 732 3220 794 post
3263 723 3384 793 ejus
3413 736 3630 777 assum-

2051 813 2322 884 ptionem,
2389 814 2622 886 apostoli
2677 814 2978 868 Samariam
3039 825 3323 885 petentes,
3381 813 3536 883 signa
3574 819 3629 866 et

2051 906 2295 976 prodigia
2327 908 2692 977 operabantur
2739 909 2794 962 in
2848 908 2989 976 ipsa,
3045 907 3120 961 ita
3177 914 3238 960 ut
3288 907 3344 960 in
3399 905 3628 959 Actibus

2051 999 2423 1069 apostolorum
2452 1010 2701 1054 narretur
2737 998 2998 1069 Spiritum
3044 1008 3293 1053 sanctum
3325 996 3445 1066 ejus
3476 996 3630 1050 inco-

2051 1090 2118 1144 lis
2157 1090 2346 1144 datuin
2401 1090 2608 1156 fuisse,
2654 1090 2839 1160 ibique
2885 1105 3139 1160 magnum
3193 1089 3469 1144 exstitisse
3495 1102 3632 1157 gau-

2051 1180 2220 1235 dium.
2261 1179 2534 1234 Scribitur
2561 1195 2783 1250 quoque
2813 1177 3123 1248 Philippum
3179 1176 3530 1233 descendisse
3574 1176 3631 1230 in

2052 1272 2240 1327 urbem
2271 1270 2572 1326 Samariam
2601 1311 2616 1335 ,
2677 1271 2920 1342 ipsisque
2965 1269 3294 1341 prazdicasse
3325 1267 3626 1323 Christum.

2054 1363 2250 1418 Turbae
2275 1380 2437 1434 porro
2479 1363 2644 1418 dictis
2673 1363 2906 1434 Philippi
2937 1363 3270 1418 unanimiter
3323 1361 3626 1424 haerebant,

2052 1471 2176 1510 cum
2205 1457 2456 1512 audirent
2487 1472 2552 1511 ac
2570 1457 2818 1512 viderent
2837 1457 2992 1526 signa
3020 1470 3142 1526 qua:
3168 1455 3397 1509 faciebat
3429 1468 3630 1507 remr-

2054 1555 2217 1618 taque
2251 1562 2445 1617 magna
2477 1562 2578 1600 vox
2613 1547 2810 1600 laetitiae
2837 1553 2920 1600 est
2963 1546 3018 1599 in
3068 1546 3288 1598 civitate
3319 1544 3431 1598 illa.
3475 1543 3631 1596 Dein-

2055 1641 2229 1710 deque
2259 1639 2506 1694 dicitur:
2546 1658 2564 1691 ι
2621 1637 2755 1693 Cum
2815 1647 3002 1692 autem,
3049 1637 3331 1691 audissent
3374 1637 3626 1705 apostoli,

368 1746 489 1782 πειν
541 1729 612 1783 τά
657 1734 858 1802 σημεῖα
905 1731 942 1786 ἃ
988 1732 1192 1786 ἐποίει’
1226 1734 1443 1803 ἐγένετο
1479 1735 1536 1788 δὲ
1582 1737 1734 1807 φωνὴ
1779 1738 1947 1807 χαρᾶς

2056 1733 2148 1801 qui
2189 1739 2345 1786 erant
2376 1730 2768 1800 Hierosolymis
2797 1769 2812 1792 ,
2845 1727 2991 1799 quod
3035 1726 3332 1796 recepisset
3381 1726 3629 1780 Samaria

367 1819 578 1891 μεγάλη
630 1822 689 1876 ἐν
753 1825 818 1893 τῇ
869 1824 1019 1878 πόλει
1083 1826 1286 1899 ἐκείνῃ.
1355 1827 1467 1882 Καὶ
1523 1802 1649 1898 ἐξῆς
1702 1802 1947 1899 εἴρηται·

2061 1824 2282 1877 verbum
2314 1822 2431 1884 Dei,
2460 1823 2730 1877 miserunt
2771 1821 2836 1875 ad
2873 1835 2969 1875 eos
3013 1818 3232 1875 Petrum
3261 1826 3316 1873 el.
3343 1816 3629 1874 Joannem.

371 1931 390 1961 ι
415 1911 772 1976 Ἀκούσαντες
799 1913 855 1967 δὲ
909 1917 958 1968 oi
995 1918 1053 1970 ἐν
1126 1917 1513 1990 Ἰεροσολύμοις
1549 1919 1856 1981 ἀπόστολοι,
1873 1921 1954 1973 ὅτι

363 2001 661 2074 δέδεκταιή
691 2005 973 2078 Σαμάρεια
1001 2008 1094 2062 τὸν
1125 2009 1282 2078 λόγον
1320 2009 1413 2064 τοῦ
1438 2009 1594 2074 Θεοῦ,
1633 2011 1956 2068 ἀπέστειλαν

366 2090 504 2163 πρὸς
561 2093 758 2156 αὐτοὺς
813 2095 1020 2163 Πέτρον
1081 2100 1176 2152 καὶ
1215 2099 1496 2170 Ἰωάννηψ
1543 2101 1738 2165 οἵτινες
1783 2119 1955 2157 κατα-

364 2183 560 2248 ϐάντες
589 2185 964 2258 προσηύξαντο
998 2190 1127 2261 περ)⁸
1152 2190 1332 2244 αὐτῶν
1371 2192 1519 2256 ὅπως
1550 2191 1754 2246 λάϐωσι
1787 2193 1957 2248 Πνεῦ-

368 2292 445 2345 μα
488 2277 674 2345 ἆγιονο
720 2297 738 2330 ι
794 2280 889 2333 καὶ
934 2280 1205 2350 ἐπιλέγει·
1235 2298 1272 2334 ἰ
1304 2284 1438 2336 Τότε
1489 2284 1808 2339 ἐπετίθεσαν
1858 2285 1988 2352 τὰς’

376 2370 567 2439 χεῖρας
597 2369 684 2421 ἐπ’
714 2371 930 2435 αὐτοὺς,
976 2372 1070 2426 καὶ
1115 2372 1420 2444 ἐλάμϐανον
1469 2375 1690 2447 Πνεῦμα
1725 2377 1896 2445 ἆγιον.
1931 2398 1951 2431 ι

381 2456 546 2511 Ταῦτ’
579 2453 674 2511 οὖν
705 2459 918 2528 ἐγένετο
946 2463 1002 2514 ἐν
1037 2465 1102 2534 τῇ
1126 2464 1429 2535 Σαμαρείᾳ,
1453 2464 1832 2537 πληρουμένης
1856 2467 1956 2538 τῆς

368 2551 506 2622 μετά
541 2555 728 2624 χεῖρας
761 2554 1111 2622 ἐπαγγελίας,
1136 2555 1482 2627 φασκούσης⁹
1514 2576 1533 2608 ι
1566 2557 1954 2629 ’Υψωθήσομαι

364 2644 459 2697 καὶ
483 2644 750 2716 διαμεριῶ
800 2645 1021 2716 Σίκιμα.
1057 2646 1196 2724 ,Τοῖς
1231 2648 1338 2719 γάρ
1387 2649 1479 2702 ἐπὶ
1513 2649 1612 2719 τῆς
1645 2646 1955 2722 Σαμαρείας

361 2736 637 2810 διεμέρισε
678 2739 739 2790 τὸ
777 2737 1002 2809 Πνεῦμα
1044 2738 1104 2791 τὸ
1144 2739 1297 2808 ἅγιον
1346 2738 1482 2810 μετὰ
1529 2741 1626 2811 τὴν
1688 2741 1954 2812 ἀνάληψιν

363 2829 550 2897 αὑτοῦ,
575 2831 670 2883 καὶ
709 2829 935 2900 μετά.τδ
963 2829 1241 2901 ὑψωθῆναι
1285 2831 1567 2896 αύτὸν,ὂτε
1593 2850 1611 2882 ι
1642 2831 1847 2896 ἀναϐάς
1874 2834 1954 2897 είς

365 2919 496 2988 ὕψος
535 2919 954 2990 ᾐχμαλώτευσεν
983 2919 1384 2990 αἰχμαλωσίαν,
1420 2921 1514 2976 καὶ
1545 2921 1712 2976 ἔδωκε
1744 2922 1952 2994 δόματα

364 3013 422 3065 ἐν
448 3011 773 3082 ἀνθρώποις.
816 3031 834 3062 ι
875 3011 985 3064 Kal
1025 3011 1200 3066 ταῦτα
1231 3013 1440 3081 ἐγίνετο
1465 3013 1606 3084 μετά
1626 3014 1688 3069 τὸ
1715 3015 1952 3086 διωχθῆ-

362 3121 451 3157 ναι
516 3105 641 3167 τοὺς
687 3102 935 3175 μαθητάς
970 3104 1064 3158 τοῦ
1107 3106 1358 3178 Σωτῆρος
1394 3108 1502 3160 ἀπὸ
1542 3108 1946 3179 Ἰεροσολύμων.

363 3193 526 3263 Λέγει
564 3194 694 3262 γοῦν
736 3197 770 3266 ἡ
812 3195 1036 3266 Γραφή·
1077 3215 1095 3246 ι
1148 3197 1392 3265 Ἐγένετο
1419 3197 1476 3250 δέ
1503 3197 1737 3268 διωγμὸς
1769 3199 1943 3269 μέγας

363 3287 456 3340 ἐπὶ
500 3286 600 3358 τὴν
649 3286 972 3357 Ἐκκλησίαν
1011 3287 1110 3359 τὴν
1156 3291 1213 3341 ἐν
1274 3289 1692 3360 Ἱεροσολύμοις*
1745 3292 1944 3356 πάντες

360 3377 421 3432 δὲ
449 3377 820 3451 διεσπάρησαν
842 3397 854 3409 ο
897 3400 915 3430 ι
948 3380 1040 3433 καὶ
1071 3380 1230 3434 πάλιν
1254 3398 1267 3410 ·
1313 3398 1330 3432 ι
1371 3382 1433 3433 Ol
1463 3383 1560 3453 μὲν
1587 3378 1680 3436 οὖν
1713 3383 1945 3438 διασπα-

365 3467 552 3540 ρέντες
591 3469 807 3539 διῆλθον
846 3469 1321 3542 εὐαγγελιζόμενοι
1380 3473 1472 3525 τὸν
1508 3471 1685 3541 λόγον.
1739 3492 1758 3525 ι
1827 3471 1942 3528 Εἶθ’

363 3561 492 3631 ἑξῆς
550 3561 766 3633 εἴρηται
809 3562 956 3626 ὅπως
996 3564 1106 3626 τοῖς
1139 3564 1198 3616 ἐν
1229 3565 1295 3634 τῇ
1347 3563 1630 3635 Σαμαρείᾳ
1657 3565 1942 3636 εὐηγγελί-

362 3651 538 3720 ζοντο,
574 3653 669 3706 καὶ
697 3653 774 3717 ὡς
799 3653 892 3707 τοῦ
926 3654 1064 3708 Πνεύ
1074 3672 1243 3726 ματος
1274 3655 1368 3708 τοῦ
1411 3656 1562 3724 ἁγίου
1601 3659 1942 3728 μετεδίδοσαν

364 3746 548 3809 αὐτοῖς
580 3747 628 3798 οί
661 3746 968 3801 ἀπόστολοι.
1024 3746 1301 3800 Δέδεικται
1346 3749 1524 3801 τοίνυν
1551 3749 1702 3813 ὅπως
1728 3751 1942 3826 εἴρηται

362 3836 443 3901 τὺ,
479 3858 496 3888 ι
521 3837 909 3910 ’Υψωθήσομαι
939 3839 1032 3891 καὶ
1052 3839 1315 3910 διαμεριῶ
1337 3839 1561 3910 Σίκιμα·
1597 3861 1616 3894 ι
1663 3845 1799 3913 μετὰ
1834 3844 1943 3916 γὰρ

359 3928 425 3982 τὸ
472 3928 753 4000 ὑψωθῆναι
792 3931 883 3984 τὸν
922 3930 1149 4001 Σωτῆρα
1199 3931 1373 3984 πάντα
1405 3933 1576 3986 ταῦτα
1616 3935 1938 4008 ἐπληροῦτο.

367 4020 558 4085 ’Δλλος
604 4022 650 4075 δ’
683 4020 749 4076 ἂν
777 4022 943 4086 εἴποι,
985 4021 1072 4075 διὰ
1101 4021 1160 4074 τὸ
1195 4022 1361 4076 πάλαι
1391 4023 1488 4094 μὲν
1519 4025 1628 4078 τῶν
1674 4027 1944 4082 Ἰουδαίων

363 4108 499 4166 εἶναι
524 4114 824 4194 τὸν-τόπον,
857 4113 974 4167 νυνῖ¹
1004 4113 1060 4166 δὲ
1091 4112 1228 4185 μετά
1266 4113 1360 4184 τὴν
1385 4114 1479 4166 τοῦ
1508 4116 1758 4187 Σωτῆρος
1788 4119 1943 4188 ήμῶν

362 4206 630 4277 ἀνάληψιν
650 4204 874 4277 Ἕλλησι
906 4207 1001 4259 καὶ
1017 4206 1384 4277 Σαμαρείταις
1401 4207 1726 4270 ἐκδεδόσθαι,
1753 4211 1943 4264 τούτου

366 4295 526 4366 χάριν
561 4293 815 4366 εἰρῆσθαι
842 4291 924 4356 τὸ,
974 4312 992 4344 ι
1035 4292 1421 4366 ’Υψωθήσομαι
1452 4295 1544 4348 καὶ
1570 4295 1835 4367 διαμεριῶ
1859 4297 1946 4348 Σί-

364 4402 530 4454 κιμα·
562 4403 582 4437 ι
609 4383 745 4438 ἀλλά
783 4384 878 4436 καὶ
909 4403 926 4432 ι
975 4381 1072 4453 τὴν
1111 4383 1334 4438 κοιλάδα
1365 4385 1471 4438 τῶν
1513 4385 1728 4456 σκηνῶν
1755 4385 1944 4456 διαμε-

2056 1915 2302 1981 Quicum
2337 1914 2636 1978 venissent,
2668 1918 2959 1966 oravernnt
3007 1924 3106 1980 pro
3140 1909 3272 1979 ipsis
3312 1916 3370 1962 ut
3423 1908 3633 1976 accipe-

2056 2012 2176 2059 rent
2203 2001 2467 2074 Spiritum
2492 2013 2775 2066 sanctum;
2809 2019 2827 2050 ι
2857 2013 2931 2056 ,εει
2975 1999 3325 2068 subjungitur
3367 2016 3380 2051 :
3412 2015 3430 2047 ε
3473 1995 3630 2050 Tunc

2056 2100 2408 2169 imponebant
2438 2114 2634 2154 manus
2674 2111 2839 2166 super
2867 2095 3010 2158 illos,
3046 2103 3100 2149 et
3131 2092 3469 2162 accipiebant
3507 2090 3630 2160 Spi-

2055 2192 2220 2245 ritum
2249 2197 2500 2246 sanctum
2534 2190 2599 2242 ⁸³.
2638 2209 2656 2241 ι
2682 2187 2806 2244 Haec
2835 2189 3000 2259 igitur
3023 2184 3281 2239 Samaria:
3301 2182 3444 2236 facta
3477 2190 3626 2244 sunt,

2055 2283 2131 2336 ita
2163 2289 2219 2336 ut
2252 2282 2367 2336 haec
2394 2280 2686 2351 promissio
2711 2281 3056 2349 impleretur:
3081 2295 3101 2328 ι
3143 2275 3436 2330 Exaltahor
3467 2281 3521 2328 et
3545 2273 3630 2328 di-

2057 2375 2234 2429 vidam
2277 2373 2539 2430 Sichima.
2579 2393 2597 2426 »
2647 2371 2780 2427 Nam
2809 2370 3169 2426 Satnaritanis
3204 2367 3468 2438 Spiritum
3509 2382 3631 2420 san-

2054 2474 2202 2522 ctum
2239 2465 2518 2520 distribuit
2555 2473 2679 2535 post
2723 2465 3149 2533 assumptionem
3205 2475 3359 2516 suam
3393 2466 3449 2514 et
3486 2467 3630 2528 post-

2053 2573 2216 2628 quam
2245 2558 2517 2613 exaltatus
2548 2564 2632 2612 est
2657 2597 2671 2622 ,
2726 2555 2944 2626 quando
2983 2573 3001 2606 ι
3043 2552 3343 2608 ascendens
3374 2551 3427 2605 in
3459 2551 3627 2603 altqu

2053 2649 2321 2720 captivam
2365 2647 2523 2703 duxit
2550 2647 2946 2715 captivitatem,
2969 2652 3023 2700 et
3048 2643 3194 2699 dedit
3223 2642 3364 2697 dona
3393 2641 3628 2696 homini-

2053 2741 2155 2796 bus
2177 2742 2245 2795 '°.
2285 2759 2302 2792 ›
2338 2739 2463 2794 Ilaec
2497 2754 2662 2808 porro
2704 2739 2843 2792 facta
2885 2744 3012 2792 sunt
3039 2743 3325 2807 postquam
3369 2733 3628 2802 discipuli

2055 2832 2356 2887 Salvatoris
2390 2830 2779 2901 Hierosolyma:
2803 2829 3238 2900 persecutionem
3287 2825 3434 2896 passi
3477 2832 3624 2880 sunt.

2051 2925 2141 2978 Ait
2170 2925 2352 2994 itaque
2380 2921 2664 2992 Scriptura
2691 2939 2706 2976 :
2741 2940 2759 2973 ι
2801 2919 2964 2975 Facta
2987 2927 3071 2975 est
3102 2917 3408 2990 persecutio
3434 2929 3626 2986 magna

2053 3017 2107 3071 in
2127 3015 2368 3070 Ecclesia
2381 3030 2502 3085 quae
2523 3024 2640 3070 erat
2665 3013 3077 3084 Hierosolymis,
3102 3019 3155 3066 et
3180 3025 3372 3066 omnes
3393 3008 3626 3078 dispersi

2053 3108 2286 3174 sunt“;
2323 3127 2341 3158 ›
2369 3121 2432 3160 ac
2463 3121 2679 3160 rursum
2713 3123 2726 3159 :
2761 3123 2778 3156 ι
2817 3103 2984 3175 Igitur
3036 3103 3131 3173 qui
3180 3101 3416 3171 dispersi
3469 3107 3628 3154 erant

2053 3199 2486 3272 pertransibant,
2514 3197 2953 3268 evangelizantes
2984 3195 3210 3250 verbum
3246 3196 3314 3250 ¹².
3355 3213 3374 3245 ι
3425 3191 3630 3247 Deinde

2046 3292 2252 3347 dictum
2287 3299 2391 3353 est,
2414 3305 2522 3360 qua
2549 3290 2760 3344 ratione
2787 3286 3144 3342 Samaritanis
3167 3285 3624 3355 evangelizarent,

2045 3390 2098 3436 et
2131 3381 2408 3453 quomodo
2441 3381 2675 3452 apostoli
2713 3377 2977 3449 Spiritum
3028 3385 3277 3433 sanctum
3334 3376 3469 3445 ipsis
3523 3375 3627 3429 imo

2047 3473 2332 3546 pertirent.
2368 3470 2814 3526 Demonstratum
2851 3484 2982 3539 ergo
3010 3476 3094 3523 est
3120 3483 3290 3538 quare
3319 3467 3524 3522 dictum
3551 3467 3628 3522 sit

2046 3565 2202 3630 illud,
2236 3583 2255 3616 ι
2292 3563 2614 3628 Exaltabor,
2640 3570 2693 3618 et
2731 3561 2971 3617 dividam
2995 3561 3258 3615 Sichima.
3295 3579 3313 3612 ι
3347 3557 3482 3613 Nam
3511 3557 3636 3613 haec

2043 3657 2229 3711 omnia
2281 3655 2644 3725 implebantur
2686 3661 2975 3725 postquam
3035 3652 3284 3707 Salvator
3349 3651 3624 3705 exaltatus

2043 3757 2147 3804 est.
2173 3747 2382 3801 Dixerit
2412 3746 2600 3802 forsan
2627 3747 2790 3811 alius,
2814 3747 2943 3816 quia
2973 3746 3102 3800 olim
3133 3743 3445 3798 Iudaeorum
3469 3744 3634 3797 locus.

2043 3851 2184 3904 erat,
2225 3856 2372 3895 nunc
2427 3849 2609 3896 autem
2661 3847 2784 3910 post
2829 3838 3132 3893 Salvatoris
3181 3837 3354 3892 nostri
3407 3851 3624 3891 assmu-

2045 3934 2309 4004 ptionem,
2369 3931 2574 3988 Graecis
2623 3942 2676 3986 et
2733 3930 3094 3984 Samaritanis
3154 3944 3450 3984 concessus
3503 3926 3626 3981 fue-

2047 4034 2152 4090 rat,
2187 4026 2309 4080 ideo
2329 4025 2558 4090 dictum,
2589 4043 2606 4074 ι
2636 4024 2946 4087 Exaltabor,
2965 4031 3019 4078 et
3034 4021 3268 4076 dividam
3294 4019 3535 4074 Sichima
3560 4037 3575 4086 ;
3599 4039 3620 4070 ›

2047 4119 2142 4174 sed
2171 4119 2358 4184 etiam,
2390 4135 2410 4169 ι
2457 4117 2758 4172 convallem
2794 4115 3267 4170 tabernaculorum
3294 4111 3562 4166 dimetiar.
3596 4129 3618 4161 ι

2044 4212 2356 4266 Convallem
2406 4211 2786 4266 universorum
2826 4208 3107 4263 hominum
3151 4202 3488 4260 domicilium
3527 4218 3622 4256 vo-

2046 4318 2174 4358 care
2210 4302 2496 4356 consuevit
2537 4299 2886 4372 pr0pheticus
2911 4312 3124 4353 sermo:
3161 4310 3330 4367 quare
3359 4294 3487 4348 alibi
3513 4368 3515 4372 .
3537 4292 3622 4346 di-

2047 4405 2197 4448 ctum
2237 4403 2361 4448 est:
2401 4412 2420 4444 ι
2475 4391 2754 4462 Disposuit
2806 4392 2861 4445 in
2908 4391 3047 4446 valle
3090 4390 3456 4460 lacrylnarum
3479 4385 3546 4439 ³³.
3595 4402 3616 4436 ι

361 4477 569 4548 τρήσω.
609 4496 626 4528 ι
663 4475 901 4530 Κοιλάδα
931 4475 989 4528 δὲ
1030 4473 1220 4529 εἴωθεν
1248 4477 1534 4547 ὀνομάζειν
1559 4480 1587 4531 ό
1609 4479 1942 4550 προφητικὸς

2050 4485 2164 4541 lloc
2192 4487 2375 4556 itaque
2403 4485 2682 4547 hominum
2721 4484 2968 4538 omnium
3007 4480 3368 4542 domicilium,
3401 4487 3454 4532 et
3481 4492 3619 4531 con-

361 4564 518 4635 λόγος
549 4565 608 4619 τὺ
637 4566 854 4619 πάντων
882 4563 1186 4636 ἀνθρώπων
1225 4567 1567 4638 οίκητήριονο
1597 4567 1676 4624 διὸ
1698 4566 1942 4624 λέλεκται

359 4658 627 4729 ἀλλαχοῦ·
674 4677 693 4709 ι
742 4655 956 4710 Διέθετο
1001 4659 1081 4721 είς
1122 4658 1221 4728 τὴν
1263 4659 1486 4713 κοιλάδα
1524 4659 1619 4713 τοῦ
1651 4660 1942 4732 κλαυθμῶ-

361 4769 470 4817 νος.
503 4773 521 4804 ι
553 4751 725 4806 Τοῦτο
768 4750 833 4822 δὴ
879 4745 972 4802 οὖν
1003 4749 1064 4803 τὸ
1108 4752 1326 4806 πάντων
1373 4752 1674 4824 ἀνθρώπων
1716 4756 1942 4826 οἰκητή..

363 4863 497 4917 ριον,
547 4846 641 4900 καὶ
698 4845 797 4917 τὴν
853 4845 1073 4902 κοιλάδα
1124 4846 1340 4915 ταύτην.
1385 4845 1708 4916 ἐκκλησιῶν,
1755 4849 1943 4918 φησὶν,

361 4940 599 5012 ἐμαυτοῦ
653 4941 958 5014 πληρώσω·
1008 4941 1037 4994 ὃ
1080 4941 1144 5012 δὴ
1178 4941 1472 4996 αἰνίττεται
1501 4939 1694 5008 λέγων,
1729 4961 1747 4993 ι
1798 4943 1942 5013 Σκη-

359 5031 467 5084 νῶν
497 5031 865 5105 διαμετρήσω.
908 5053 928 5086 ι
980 5033 1091 5087 Καὶ
1113 5035 1142 5087 ό
1181 5033 1414 5096 Ἀκύλας
1446 5032 1504 5090 δὲ
1551 5032 1740 5088 τοῦτον
1760 5037 1942 5106 ἡρμή-

361 5141 520 5178 νευσε
569 5125 662 5179 τὸν
710 5124 930 5196 τρόπον,
966 5144 984 5176 ι
1029 5126 1266 5182 Κοιλάδα
1315 5126 1666 5197 συσκιασμῶν
1704 5145 1944 5199 καταμε-

360 5218 569 5289 τρήσω.
600 5237 619 5270 ι
655 5214 771 5270 Εἶθ’
802 5217 990 5290 ὥσπερ
1030 5219 1180 5289 ἐμὸς,
1215 5219 1366 5289 φησι,
1401 5219 1622 5287 γέγονεν
1653 5222 1682 5273 ό
1710 5220 1942 5285 Γαλαὰδ,

363 5310 458 5364 καὶ
483 5308 614 5380 ἐμὸς
645 5309 837 5378 γέγονέ
869 5326 998 5363 ποτε
1030 5312 1061 5363 ό
1099 5310 1416 5381 Μανασσῆς,
1464 5311 1559 5367 καὶ⁹
1598 5311 1838 5382 Ἐφραῒμ
1877 5307 1944 5382 ἦν

363 5418 516 5464 ποτε,
549 5402 638 5455 ὅτε
677 5401 914 5472 ὑπῆρχε,
951 5421 970 5452 ι
1007 5403 1341 5473 κραταίωσις
1365 5403 1465 5473 τῆς
1485 5402 1729 5473 κεφαλῆς
1759 5420 1881 5474 μου,
1917 5424 1938 5456 ι

361 5493 419 5566 ῆ,
463 5493 606 5548 κατὰ
655 5494 747 5549 τὸν
797 5493 1110 5566 Σύμμαχον,
1141 5513 1160 5546 ι
1201 5497 1352 5567 ἰσχὺς
1396 5496 1496 5568 τῆς
1541 5496 1716 5567 ἀρχῆς
1747 5513 1886 5566 μου*
1918 5517 1938 5550 ι

361 5586 634 5656 όμοίωςτε
651 5585 860 5661 ὥσπερ,
889 5581 958 5659 ῆν
975 5603 1105 5641 ποτε
1137 5606 1157 5640 ι
1191 5587 1220 5640 ὁ
1251 5587 1448 5651 Ἰούδας
1482 5586 1733 5658 βασιλεύς
1779 5607 1936 5660 μου.»

441 5763 484 5797 "
516 5764 774 5828 Act.vm,
812 5763 995 5820 14-17.
1073 5764 1279 5822 "Psal.
1316 5780 1485 5832 um,
1525 5766 1609 5825 i9.
1687 5767 1869 5824 “Act.
1907 5768 2096 5836 vm,l.
2172 5770 2216 5802 "

2049 4577 2242 4632 vallem
2273 4575 2454 4638 istam,
2487 4573 2756 4638 ecclesiis,
2787 4572 2997 4643 inquit,
3029 4571 3168 4626 meis
3195 4567 3434 4638 replebo.
3465 4563 3621 4632 Quod

2049 4669 2136 4724 bis
2165 4668 2347 4722 verbis
2369 4667 2701 4729 subindicat,
2725 4683 2743 4717 ι
2776 4663 3272 4720 Tabernaculorum
3299 4660 3569 4716 dimetiar.
3595 4679 3615 4710 ι

2050 4759 2244 4828 Aquila
2268 4773 2398 4813 vero
2421 4758 2502 4812 sic
2536 4757 2928 4828 interpretatus
2959 4763 3062 4820 est,
3109 4771 3128 4804 ι
3161 4752 3476 4808 Couvallem
3501 4766 3622 4806 um-

2049 4848 2399 4903 hraculorum
2429 4847 2644 4902 metiar.
2680 4865 2698 4898 ›
2735 4845 3033 4911 Deinde,ut
3061 4843 3212 4908 olim,
3237 4842 3434 4912 inquit,
3467 4854 3621 4896 meus

2048 4941 2152 4995 fuit
2202 4940 2403 4996 Galaad
2432 4979 2450 5006 ,
2505 4954 2660 4994 meus
2691 4939 2818 4992 item
2848 4936 3130 4991 Manasses
3155 4973 3172 4999 ,
3211 4943 3266 4990 et
3320 4932 3576 5004 Ephraim
3600 4973 3616 4996 ,

2053 5051 2073 5085 ι
2111 5033 2372 5102 fortitudo
2395 5031 2589 5101 capitis
2615 5030 2721 5084 mei
2755 5049 2774 5082 ›
2803 5028 3076 5099 quondam
3096 5034 3246 5094 erat;
3279 5027 3413 5092 sive,
3430 5039 3622 5080 secun-

2047 5123 2176 5178 dum
2201 5123 2608 5195 Symmachum,
2638 5140 2658 5173 ι
2690 5119 2857 5175 robur
2887 5120 3224 5189 principatus
3255 5118 3382 5183 mei;
3413 5134 3430 5168 ο
3467 5117 3617 5179 item,

2049 5227 2110 5270 ut
2133 5216 2262 5270 olim
2291 5234 2310 5266 ι
2348 5213 2519 5269 Judas
2571 5228 2666 5268 rex
2715 5227 2870 5268 meus
2912 5232 2932 5264 ι
2978 5210 3115 5273 fuit;
3167 5218 3262 5263 aut
3317 5206 3624 5264 secundum

2047 5305 2321 5376 Aquilam,
2359 5323 2378 5356 ι
2417 5303 2586 5359 Judas
2617 5303 2849 5380 diligens
2900 5300 3189 5372 inquisitor
3221 5314 3408 5363 meus;
3455 5315 3474 5348 ι
3521 5310 3622 5353 ea~

2048 5399 2170 5455 dem
2201 5413 2429 5470 prorsus
2457 5397 2772 5454 conditione
2798 5396 2904 5452 erit
2927 5395 3352 5465 alienigenarum
3389 5390 3620 5461 regioet

2049 5493 2204 5559 urbs,
2233 5508 2356 5563 qua:
2384 5491 2588 5547 dicitur
2633 5490 2830 5546 Moab:
2881 5488 3145 5544 ellicietur
3193 5489 3350 5544 enim,
3401 5505 3421 5538 ι
3472 5486 3621 5541 lebes

2049 5586 2164 5658 spei
2194 5601 2361 5654 meae;
2402 5606 2422 5639 ι
2465 5586 2570 5652 vel,
2622 5585 2925 5641 secundum
2957 5582 3247 5654 Aquilam,
3293 5601 3322 5635 ι
3352 5581 3504 5638 lebes
3536 5582 3620 5636 la-

2293 5769 2423 5825 ibid.
2458 5768 2510 5827 Δ.
2589 5764 2797 5824 "Psal.
2835 5779 3029 5832 cum,
3065 5764 3122 5821 6.
3183 5727 3188 5732 θ
