4100 6442
523 310 631 368 567

1190 313 1465 371 EUSEBll
1501 313 1980 372 CESARIENSIS
2011 313 2380 376 OPP..PABS
2414 313 2501 369 ιιι.
2522 346 2591 355 -
2625 311 3036 369 EXEGETlCA.

3715 310 3808 364 568

521 426 670 483 νεα-ί
701 427 847 495 mei;
883 447 902 481 ι
937 437 1031 484 aut
1059 447 1081 483 ι
1119 430 1266 487 lebes
1302 432 1611 488 securitatis
1644 448 1797 495 meae,
1835 452 1854 485 ι
1899 449 2062 489 secun

2166 484 2168 492 _
2195 430 2253 501 ἢ,
2279 431 2421 484 κατὰ
2447 431 2539 486 τὸν
2565 431 2811 494 Ἀκύλαν,
2845 451 2864 482 ι
2887 431 3085 494 Ἰούδας
3119 430 3485 502 ἀκριϐαστὴς
3514 445 3654 498 μον
3685 447 3704 479 ι
3727 428 3811 482 τὸν

518 519 650 574 dum
687 517 1096 590 Symmachum.
1136 523 1392 594 Ephraim
1431 540 1561 579 vero
1589 524 1962 580 fortitudinem
1991 542 2085 580 ca-

517 613 647 682 pitis
674 611 782 671 sui.
816 613 933 669 sive
962 615 1132 670 robur
1158 616 1494 686 principatus
1525 617 1632 679 sui,
1665 617 1916 673 vocavit:
1949 631 2088 686 quo-

517 704 662 758 niam
686 703 780 774 qui
800 720 866 760 ex
894 706 1038 761 tribu
1069 707 1323 778 Ephraim
1350 709 1478 764 olim
1535 718 1850 779 regnarunt,
1889 709 1942 763 in
1991 723 2089 762 no-

512 811 634 850 vem
661 802 716 851 et
743 795 1021 852 dimidiam
1079 814 1145 853 ex
1191 799 1443 854 tribubus
1496 798 1660 856 Israel
1697 801 1981 871 imperium
2029 800 2084 854 in

516 883 764 940 Samaria
796 885 1172 945 obtinuerunt.

2195 523 2358 576 αὑτὸν
2381 523 2579 595 τρόπον
2604 523 2755 576 ἔσται
2781 523 2874 576 καὶ
2900 525 2933 594 ἡ
2963 522 3071 575 τῶν
3093 523 3427 592 ἀλλοφύλων
3445 519 3614 592 χώρα
3640 536 3700 572 τε
3727 522 3812 573 καὶ

2195 613 2349 677 πόλις
2402 615 2436 684 ὴ
2481 613 2791 684 καλουμένη
2836 613 3041 668 Μωάϐ’
3077 617 3380 685 γενήσεται
3445 614 3571 681 γὰρ
3604 631 3622 661 ι
3659 611 3813 683 λέϐης

2189 705 2288 774 τῆς
2344 705 2555 768 ἐλπίδος
2591 722 2713 776 μου,
2754 724 2771 757 ι
2805 706 2860 777 ἢ,
2895 705 3034 760 κατὰ
3087 705 3178 759 τὸν
3243 704 3544 758 Ἀκύλαν·
3598 723 3618 754 ι
3658 702 3814 774 λέϐης

2190 795 2416 868 λουτροῦ
2460 814 2560 867 μου
2585 814 2596 827 ·
2639 817 2658 848 ›
2692 796 2746 868 ἢ,
2783 815 2801 848 ι
2837 797 2999 867 λέϐης
3045 798 3388 869 ἀμεριμνίας
3431 813 3576 866 μου,
3619 816 3638 846 ι
3681 798 3815 850 κατὰ

2188 886 2278 939 τὸν
2328 887 2640 958 Σύμμαχον.
2675 888 2779 942 Τὸν
2806 888 2863 941 δὲ
2908 887 3145 959 Ἐφραίμ
3177 889 3551 958 κραταίωσιν
3592 886 3698 957 τῆς
3731 906 3816 940 κε-

513 983 690 1055 φαλῆς
724 983 916 1042 ἑαυτοῦ
959 983 1259 1056 ὠνόμασεν,
1297 984 1331 1055 ἢ
1394 985 1546 1056 ίσχὺν
1573 987 1674 1056 τῆς
1701 986 1874 1060 ἀρχῆς
1905 983 2123 1039 ἑαυτοῦ·
2163 981 2457 1054 ἐπειδήπερ
2483 984 2532 1036 οἱ
2556 984 2620 1036 ἐκ
2646 983 2819 1053 φυλῆς
2859 983 3094 1054 Ἐφραίμ
3120 982 3578 1053 βασιλεύσαντες
3645 977 3816 1052 ἧρξαν

511 1091 642 1130 ποτε
681 1079 740 1134 ἐν
769 1082 836 1151 τῇ
871 1079 1155 1152 Σαμαρείᾳ
1197 1079 1306 1133 τῶν
1345 1080 1500 1133 ἐννέα
1544 1082 1716 1152 ἥμισυ
1762 1081 1943 1152 φυλῶν
1970 1079 2063 1134 τοῦ
2100 1078 2332 1150 Ἰσραήλ.

584 1167 720 1221 Cum
749 1178 930 1224 autem
959 1169 1068 1223 duo
1095 1167 1316 1240 Iosephi
1349 1169 1442 1223 lilii
1475 1168 1698 1231 fuerint,
1736 1169 1992 1240 Ephraim
2036 1185 2062 1223 e

2258 1168 2364 1221 Δύο
2388 1169 2444 1224 δέ
2489 1169 2694 1222 παίδων
2720 1170 3024 1240 γενομένων
3042 1170 3119 1242 τῷ
3151 1171 3376 1243 Ἰωσὴφ,
3406 1169 3521 1224 τοῦ
3569 1170 3818 1243 Ἐφραῒμ

513 1256 792 1315 Manasses
824 1279 837 1315 :
881 1259 1232 1331 Ephraimita:
1259 1277 1384 1317 sese
1418 1263 1487 1316 ab
1543 1260 1845 1317 Jerusalem
1899 1278 2062 1332 segre

2189 1261 2281 1312 καὶ
2306 1258 2400 1312 τοῦ
2426 1260 2713 1330 Μανασσῆ,
2745 1263 2792 1314 oi
2826 1261 2922 1332 μὲν
2951 1261 3044 1313 τοῦ
3087 1262 3342 1333 Ἐφραῒμ,
3373 1261 3816 1330 ἁποσχίσαντες

509 1353 724 1413 gantes,
757 1348 813 1402 in
844 1345 1112 1412 Samaria,
1147 1349 1263 1406 sive
1310 1349 1364 1403 in
1407 1351 1658 1419 prxedicta
1693 1349 1922 1422 Sychem
1969 1367 2062 1421 qua

2187 1351 2286 1421 τῆς
2327 1351 2697 1422 Ἰερουσαλὴμ,
2724 1354 2780 1404 ἐν
2803 1355 2866 1423 τῇ
2893 1353 3172 1424 Σαμαρείᾳ⁸
3194 1356 3287 1407 καὶ
3311 1357 3382 1425 τῇ
3417 1353 3815 1426 προλεχθείσῃ

503 1445 564 1490 ct
629 1435 910 1502 Sichima,
980 1440 1184 1511 regiam
1238 1443 1664 1498 constituerunt.
1723 1443 2062 1510 Quamobren

2187 1442 2373 1512 Συχὲμ
2404 1443 2470 1513 τῇ
2506 1445 2601 1497 καὶ
2628 1442 2824 1514 Σίκιμα
2873 1445 3208 1515 συνέστησαν
3246 1446 3307 1498 τὸ
3351 1445 3670 1516 βασίλειον
3692 1462 3706 1474 ·
3735 1444 3815 1497 διὸ

507 1529 713 1585 dictum
769 1540 892 1586 est:
934 1547 954 1582 ι
998 1530 1257 1602 Ephraim
1317 1533 1582 1591 fortitudo
1637 1537 1834 1605 capitis
1874 1536 2014 1600 mei,

2185 1533 2461 1588 λέλεκταιο
2485 1553 2504 1585 ι
2546 1533 2784 1606 Ἐφραῖμ
2813 1535 3142 1606 κραταίωσις
3171 1536 3272 1606 τῆς
3305 1535 3588 1605 κεφαλῆς
3623 1553 3756 1606 μου,
3787 1557 3806 1587 ι

507 1621 648 1687 sive,
688 1640 708 1674 ι
765 1623 934 1678 robur
990 1625 1330 1694 principatus
1386 1627 1513 1681 mei.
1568 1646 1587 1678 ι
1629 1627 1732 1694 Qui
1791 1636 1969 1684 autem
2019 1643 2062 1683 e:

2184 1624 2241 1695 ἦ,
2278 1642 2296 1674 ι
2343 1625 2493 1694 ἰσχὺς
2519 1623 2617 1694 τῆς
2651 1624 2822 1695 ἀρχῆς
2856 1639 2987 1694 μου·
3027 1644 3045 1676 ›
3082 1625 3129 1675 oi
3161 1623 3217 1675 δὲ
3248 1627 3312 1677 ἐκ
3350 1623 3462 1678 τοῦ
3518 1623 3807 1692 Μανασσῆ

508 1713 654 1770 tribu
683 1713 932 1771 Manasse
977 1715 1220 1781 fuerunt,
1264 1717 1465 1774 Galaad
1502 1721 1841 1776 obtinebant.
1907 1719 2062 1788 Quart

2184 1716 2466 1786 γενόμενοι
2522 1717 2676 1786 ἔσχον
2722 1718 2822 1788 τὴν
2861 1717 3100 1772 Γαλαὰδ·
3141 1717 3220 1770 διδ
3272 1718 3545 1790 εἴρηταιο
3575 1735 3596 1767 ‹
3640 1717 3807 1785 Ἑμός

506 1805 714 1860 dictum
740 1815 824 1861 est
850 1825 862 1862 :
904 1826 924 1860 ι
962 1807 1110 1862 Meus
1140 1818 1223 1864 est
1245 1810 1470 1875 Galaad,
1493 1819 1548 1867 et
1577 1828 1732 1868 meus
1765 1821 1850 1868 est
1876 1812 2062 1868 Manas

2186 1811 2300 1862 ἐστι
2327 1809 2554 1873 Γαλαὰδ,
2584 1811 2678 1863 καὶ
2711 1810 2841 1880 ἐμός
2869 1811 2984 1862 ἐστι
3013 1811 3326 1881 Μανασσῆς.
3363 1831 3382 1862 ι
3443 1810 3512 1863 '0
3548 1809 3660 1880 μὲν
3697 1807 3807 1879 γὰρ

505 1912 615 1952 ses.
656 1915 675 1948 ι
711 1896 846 1952 Nam
880 1899 1033 1955 locus
1056 1899 1258 1956 Galaad
1281 1911 1507 1959 vocatus
1528 1912 1633 1969 est,
1669 1914 1721 1960 et
1750 1905 2062 1962 habitatore:

2181 1901 2344 1966 τόπος
2373 1904 2438 1956 ἐκ
2470 1903 2564 1956 τοῦ
2603 1903 2812 1957 Γαλαὰδ
2846 1903 3189 1974 ἐσημαίνετο,
3215 1907 3264 1957 oi
3301 1904 3357 1957 δὲ
3383 1905 3709 1975 οἰκήτορες
3739 1906 3803 1956 ἐκ

501 1986 782 2045 Manasses
813 1991 1066 2061 appellati
1122 2001 1274 2051 sunt.
1316 1994 1384 2049 Ut
1439 1997 1602 2066 igitur
1644 1997 1720 2051 illi
1748 2037 1763 2060 ,
1805 1998 1913 2061 ait,
1974 2015 2062 2055 mc

2180 1992 2274 2044 τοῦ
2327 1993 2612 2063 Μανασσῆ.
2672 1993 2880 2065 Ὥσπερ
2923 1989 3014 2046 οὖν
3068 1988 3232 2056 οῦτοι,
3273 1995 3450 2062 φησὶ,
3487 1995 3802 2062 γεγόνασιν

502 2079 675 2150 fuere,
710 2083 920 2138 scilicet
972 2084 1065 2139 filii
1100 2084 1371 2151 Manasse,
1397 2087 1601 2143 Galaad
1652 2091 1954 2147 incolentes
1978 2132 1993 2155 ,
2026 2108 2062 2148 ei

2179 2084 2324 2152 ἐμοὶ,
2352 2083 2406 2136 οἵ
2427 2101 2487 2136 τε
2519 2083 2615 2155 τὴν
2639 2083 2850 2137 Γαλαὰδ
2873 2086 3192 2155 οἰκήσαντες
3217 2085 3321 2137 υἱοὶ
3351 2085 3683 2154 Μανασσῆ,
3704 2086 3798 2137 καὶ

501 2172 594 2242 ιιιιί
635 2173 690 2228 in
727 2174 986 2232 Sichimis
1027 2178 1211 2248 populi
1271 2178 1638 2248 principatum
1675 2191 1898 2237 tenuere
1923 2223 1938 2247 ,
1981 2183 2078 2238 filii

499 2261 789 2334 Ephraim;
820 2265 953 2336 quin
983 2267 1147 2320 etiam
1189 2275 1247 2320 ut
1303 2269 1340 2324 ii
1401 2270 1492 2339 qui
1543 2270 1600 2324 in
1631 2271 1746 2341 ipsa
1774 2270 2076 2328 Jerusalem

501 2354 802 2424 regnabant
853 2371 919 2410 ex
979 2357 1124 2412 tribu
1174 2355 1334 2423 Juda,
1371 2361 1476 2414 mei
1514 2369 1567 2416 et
1627 2377 1760 2417 meae
1810 2364 2075 2434 portionis

497 2447 658 2496 erant
702 2457 886 2513 reges;
927 2445 1007 2499 sic
1054 2446 1349 2516 aliquando
1397 2465 1529 2505 mea:
1556 2461 1718 2507 erunt
1759 2455 2075 2524 alienigenae

499 2538 710 2600 gentes.
755 2532 957 2591 Omnes
983 2551 1149 2606 porro
1193 2538 1527 2610 alienigenas
1553 2559 1650 2613 per
1675 2544 1832 2598 Moab
1858 2558 1907 2600 et
1951 2544 2075 2600 ldu-

500 2637 690 2678 tuream
720 2624 958 2691 indicat,
1013 2627 1068 2682 in
1107 2627 1322 2685 duabus
1375 2631 1484 2687 illis
1522 2635 1814 2704 gentibus,
1873 2638 2072 2708 quibus

500 2713 832 2781 prohibitum
863 2726 982 2772 erat
1013 2719 1224 2790 ingredi
1264 2721 1319 2776 in
1341 2720 1638 2779 Ecclesiam
1675 2725 1788 2791 Dei,
1830 2731 2070 2800 reliquas

496 2817 688 2860 names
737 2821 842 2860 una
902 2809 1239 2877 complexus.
1314 2809 1587 2882 Scriptum
1645 2831 1880 2886 namque
1940 2831 2065 2874 est:

502 2909 521 2944 ι
556 2892 881 2953 Αωιιιοιιίιεε
909 2905 964 2952 et
990 2897 1238 2953 Moabitae
1268 2914 1376 2954 non
1399 2901 1773 2971 ingredientur
1795 2905 1848 2960 in
1881 2907 2068 2961 Eccle-

497 2983 634 3040 siam
661 2979 894 3053 Domini,
935 3005 1107 3059 usque
1129 2991 1196 3046 ad
1229 2993 1439 3048 tertiam
1476 3001 1529 3049 et
1560 3005 1808 3065 quartam
1837 3013 2065 3068 genera-

2177 2173 2227 2224 οἱ
2274 2176 2330 2224 ἐν
2375 2174 2620 2244 Σικίμοις
2669 2173 2931 2245 ἄρξαντες
2981 2175 3075 2228 τοῦ
3113 2175 3243 2228 λαοῦ
3301 2176 3410 2228 υἱοὶ
3493 2175 3794 2248 Ἐφραϊμ·

2177 2263 2312 2317 ἀλλὰ
2364 2267 2457 2318 καὶ
2505 2265 2580 2328 ὠς
2629 2266 2688 2319 ἐν
2735 2267 2871 2337 αὐτῇ
2919 2269 2984 2337 τῇ
3023 2267 3377 2337 Ἰερουσαλὴμ
3414 2268 3472 2318 οἱ
3503 2268 3578 2318 ἐκ
3611 2265 3796 2334 φυλῆς

2190 2356 2356 2411 Ἰούδα
2381 2357 2796 2428 βασιλεύσαντες
2816 2355 2955 2430 ἦσαν
2979 2360 3121 2430 ἐμοὶ,
3139 2359 3344 2430 καὶτῆς
3367 2359 3527 2430 ἐμῆς
3559 2358 3793 2429 μερίδος

2176 2449 2412 2519 βασιλεῖς
2435 2467 2448 2479 ο
2477 2449 2649 2514 οὕτως
2687 2451 2837 2503 ἔσται
2877 2451 3007 2504 ποτὲ
3067 2451 3176 2522 ἐμὰ
3221 2454 3314 2503 καὶ
3359 2453 3428 2506 τά
3465 2451 3591 2503 τῶν
3623 2448 3788 2502 ἀλλο-

2187 2542 2369 2610 φύλων
2417 2541 2565 2613 ἔθνη.
2619 2543 2783 2614 Δηλοῖ
2821 2543 2878 2596 δὲ
2925 2546 3131 2607 πάντας
3162 2544 3500 2613 ἁλλοᾳύλους
3546 2543 3644 2596 διὰ
3689 2541 3786 2595 τοῦ

2179 2633 2356 2687 Μωὰϐ
2417 2635 2510 2688 κα)⁴
2583 2634 2673 2688 διὰ
2748 2635 2847 2705 τῆς
2914 2636 3236 2715 Ἰδουμαίας,
3281 2637 3345 2688 ἐκ
3401 2635 3504 2688 δύο
3564 2633 3785 2686 τούτων

2175 2730 2349 2784 ἐθνῶν
2399 2730 2508 2785 τῶν
2546 2731 3006 2802 ἀπηγορευμένων
3056 2732 3276 2783 εἰσιέναι
3327 2733 3406 2794 είς
3464 2730 3578 2801 τὴν
3652 2729 3782 2780 Ἐκ-

2170 2820 2402 2892 κλησίαν
2455 2819 2548 2874 τοῦ
2609 2819 2745 2874 Θεοῦ
2797 2822 2891 2874 καὶ
2921 2821 2992 2874 τὰ
3014 2821 3174 2874 λοιπὰ
3213 2822 3388 2877 πάντα
3442 2818 3779 2892 παραδεξά-

2170 2932 2349 2987 μενος.
2382 2914 2692 2986 Γέγραπται
2722 2914 2852 2983 γοῦν
2871 2932 2882 2944 ·
2918 2935 2936 2966 ι
2984 2915 3310 2985 Ἀμμανῖται
3343 2913 3434 2966 καὶ
3463 2912 3776 2966 Μωαϐῖται

2165 3009 2265 3062 ούκ
2297 3007 2691 3060 εἰσελεύσονται
2731 3007 2810 3069 είς
2846 3006 3169 3078 Ἐκκλησίαν
3196 3007 3399 3080 Κυρίου
3429 3009 3545 3070 ἕως
3575 3005 3779 3075 τρίτης

495 3076 723 3148 tionem,
743 3089 798 3136 et
829 3097 1004 3152 usque
1043 3083 1098 3137 in
1145 3086 1406 3140 saeculum
1450 3087 1518 3143 “.
1550 3108 1568 3142 ι
1605 3088 1762 3144 Moab
1794 3105 1974 3147 autem
2014 3101 2062 3149 el

2169 3099 2264 3153 καὶ
2295 3098 2559 3168 τετάρτης
2600 3097 2812 3165 γενεᾶς,
2838 3097 2931 3150 καὶ
2955 3076 3058 3160 ἓως
3082 3099 3162 3161 είς
3186 3076 3502 3150 τὸν-αἰῶνα.
3537 3117 3558 3148 ι
3587 3094 3772 3150 Μωάϐ

493 3169 728 3226 Ammon
774 3172 868 3228 filii
914 3172 1015 3230 Lot
1053 3175 1233 3244 fuere,
1265 3192 1330 3232 ex
1366 3179 1635 3236 scelerata
1683 3181 1775 3236 illa
1832 3183 2064 3240 filiarum

491 3275 718 3317 suarum
741 3263 1143 3332 commistione,
1175 3275 1336 3338 atque
1359 3287 1427 3326 ex
1454 3267 1790 3328 Sodomitico
1819 3276 2062 3334 semine:

493 3368 727 3426 quorum
764 3356 1195 3422 successionem,
1237 3358 1503 3418 Moabitas
1559 3365 1816 3420 nimirum
1849 3377 1902 3421 et
1930 3369 2064 3422 Am-

494 3445 749 3508 monitas,
784 3446 868 3502 lex
908 3446 1112 3520 Moysis
1143 3453 1412 3521 repudiat.
1445 3453 1514 3508 At
1561 3456 1644 3510 lex
1683 3472 1924 3528 praesens
1963 3461 2065 3532 ipsi

494 3535 652 3592 Moab
681 3539 1050 3610 pulcherrima
1107 3547 1432 3611 annuntiat,
1465 3547 1696 3604 dicens:
1738 3570 1758 3604 ι
1798 3550 1954 3608 Moab
1983 3554 2063 3608 le-

494 3629 593 3685 bes
617 3631 732 3700 spei
765 3646 938 3699 meae;
985 3653 1005 3686 ι
1042 3635 1197 3690 alteri
1227 3654 1359 3693 vero
1385 3641 1532 3709 genti
1561 3640 1704 3698 Esau
1735 3653 1871 3699 ortae
1922 3645 2065 3700 bona

490 3722 800 3786 denuntiat,
824 3723 939 3778 haec
967 3724 1234 3795 adjiciens
1267 3749 1279 3785 :
1320 3749 1338 3782 ι
1370 3732 1430 3785 In
1452 3730 1740 3789 ldumaeam
1771 3736 2061 3792 extendam

491 3812 923 3871 calceamentum
972 3835 1172 3875 meum.
1227 3840 1244 3874 ι
1293 3823 1527 3878 ldunnea
1576 3839 1742 3894 porro
1776 3828 1844 3880 ab
1891 3827 2062 3882 Edom

489 3919 688 3961 nomen
723 3909 936 3964 sortita.
966 3909 1066 3966 Hic
1097 3922 1215 3969 crat
1262 3914 1402 3971 Esau
1450 3917 1517 3971 de
1549 3934 1658 3988 quo
1696 3920 1899 3975 dictum
1931 3929 2016 3976 est
2045 3940 2058 3975 :

498 4016 518 4048 ι
552 3996 631 4054 Ne
679 4000 805 4071 quis
853 4004 1122 4069 moechus,
1160 4015 1254 4061 aut
1305 4008 1589 4078 profanus,
1627 4018 1686 4064 nt
1737 4011 1880 4066 Esau
1911 4014 1977 4068 ’⁸.
2036 4032 2056 4065 ι

493 4087 776 4147 Sescenta
811 4109 1029 4164 quoque
1066 4097 1185 4153 alia:
1238 4100 1536 4170 prophetiae
1568 4111 1760 4158 contra
1795 4106 2060 4162 Idumaeos

486 4191 542 4238 et
588 4181 880 4242 ldumaaam
941 4188 1208 4247 feruntur.
1264 4191 1371 4247 Sed
1425 4194 1494 4250 iis
1555 4211 1771 4266 quoque
1819 4213 2060 4268 praesens

485 4289 668 4331 sermo
711 4279 1078 4348 pulcherrima
1112 4284 1431 4349 annuntiat,
1472 4285 1687 4358 dicente
1739 4287 1884 4344 Deo:
1925 4311 1942 4341 ι
1999 4293 2058 4346 1η

487 4371 772 4430 ldumaeam
801 4377 1085 4432 extendam
1109 4379 1533 4436 calceamentum
1574 4399 1772 4438 meum.
1807 4405 1826 4438 ι
1857 4385 2058 4443 Deinde

2166 3189 2222 3243 δὲ
2255 3190 2348 3242 καὶ
2387 3188 2602 3260 Ἀμμὰν
2661 3189 2947 3257 γεγόνασιν
3003 3190 3106 3242 υἱοὶ
3160 3187 3283 3242 Λὼτ
3322 3190 3386 3242 ἐκ
3426 3189 3772 3261 παρανόμου

2169 3281 2366 3353 μίξεως
2398 3282 2508 3334 τῶν
2541 3280 2704 3335 αὐτοῦ
2740 3280 3072 3352 θυγατέρων,
3107 3281 3169 3334 ἔκ
3188 3297 3244 3334 τε
3268 3280 3362 3334 τοῦ
3397 3275 3766 3351 Σοδομιτικοῦ

2167 3375 2479 3446 σπέρματος
2497 3392 2511 3406 ο
2545 3367 2621 3428 ὧν
2646 3373 2743 3445 τὴν
2773 3373 3043 3444 διαδοχὴν,
3072 3372 3366 3436 Μωαϐίτας
3396 3374 3491 3426 καὶ
3537 3374 3766 3442 Ἀμμα-

2163 3465 2334 3531 νίτας⁹
2368 3464 2706 3536 ἀποϐλήτους
2733 3467 2963 3518 ποιεῖται
2984 3467 3012 3518 ό
3035 3465 3309 3528 Μωῡσέως
3336 3465 3519 3536 νόμος.
3557 3464 3704 3518 Ἀλλ’
3733 3465 3763 3517 ό

2165 3557 2354 3628 παρὼν
2390 3558 2553 3628 νόμος
2583 3558 2660 3628 τῷ
2696 3559 2792 3629 μὲν
2813 3557 2986 3611 Μωὰϐ
3019 3556 3428 3626 εὐαγγελίζεται
3480 3557 3758 3611 κάλλιστα

2162 3649 2360 3718 λέγων·
2395 3667 2414 3700 ι
2451 3649 2828 3719 Μωάϐ,λέϐης
2853 3649 2954 3719 τῆς
2985 3649 3197 3712 ἐλπίδος
3242 3665 3342 3718 μου
3365 3666 3381 3681 ⁸
3421 3669 3440 3701 ι
3479 3649 3664 3719 ἑτέρῳ
3693 3645 3753 3698 δέ

2162 3739 2303 3794 ἔθνει
2332 3739 2410 3812 τῷ
2436 3740 2543 3792 ἀπὸ
2566 3740 2660 3793 τοῦ
2700 3739 2868 3794 Ἡσαῦ
2899 3739 3168 3809 ύφεστῶτι
3200 3739 3268 3792 τὰ
3295 3738 3506 3810 χρηστα
3539 3736 3753 3809 σημαί-

2161 3850 2261 3897 νει,
2309 3833 2584 3905 ἐπιφέρων
2634 3833 2791 3904 ἐξῆς·
2832 3851 2851 3882 ι
2900 3833 3018 3886 Ἐπὶ
3059 3833 3159 3903 τὴν
3202 3831 3505 3901 Ἰδουμαίαν
3538 3827 3749 3884 ἐκτενῶ

2159 3927 2218 3978 τὸ
2266 3926 2518 3996 ὑπόδημα
2552 3943 2674 3996 μου.
2708 3945 2725 3977 ι
2776 3925 3042 3996 Ἰδουμαία
3085 3924 3130 3978 δ’
3185 3923 3446 3993 ἐκέκλητο
3488 3924 3603 3978 ἀπὸ
3651 3920 3744 3974 τοῦ

2172 4015 2383 4087 ἰἱδὼμ·
2421 4011 2572 4079 οὗτος
2601 4017 2657 4071 δὲ
2685 4012 2754 4087 ῆν
2783 4018 2811 4068 ό
2845 4015 3012 4068 Ἡσαῦ
3045 4015 3169 4086 περὶ
3199 4009 3260 4066 οῦ
3281 4013 3527 4067 λέλεκται
3548 4030 3562 4042 ·
3595 4033 3614 4062 ι
3650 4012 3740 4078 Μή

2159 4123 2239 4170 τις
2266 4107 2484 4178 πόρνος,
2516 4106 2549 4176 ἢ
2595 4106 2841 4177 βέϐηλος,
2875 4107 2950 4170 ὡς
2986 4105 3175 4159 Ἰίσαῦ.
3210 4125 3230 4156 ι
3263 4105 3466 4176 Μυρίαι
3493 4121 3555 4156 τε
3583 4102 3742 4158 ἄλλαι

2159 4201 2486 4269 προφητεῖαι
2520 4199 2660 4252 κατὰ
2679 4199 2787 4252 τῶν
2831 4200 3141 4270 Ἰδουμαίων
3170 4201 3263 4252 καὶ
3285 4199 3424 4254 κατὰ
3449 4200 3547 4270 τῆς
3589 4198 3741 4250 Ἱόουο

2161 4290 2326 4360 μαίας
2363 4289 2624 4361 εἴρηνται.
2673 4290 2807 4342 Ἀλλ’
2848 4291 2876 4342 δ
2910 4289 3100 4362 παρὼν
3145 4291 3300 4359 λόγος
3345 4290 3414 4344 τὰ
3470 4291 3739 4344 κάλλιστα

2159 4379 2253 4433 καὶ
2280 4379 2487 4444 τούτοις
2515 4380 2942 4450 εὐαγγελίζεται,
2969 4383 3216 4451 λέγοντος
3241 4383 3331 4436 τοῦ
3363 4383 3519 4436 Θεοῦ·
3555 4403 3573 4431 ι
3614 4381 3735 4435 Ἐπὶ

483 4481 614 4521 vero
643 4466 710 4522 de
743 4468 969 4538 reliquis
1007 4471 1259 4540 gentibus
1302 4472 1780 4530 indiscriminatim
1825 4480 2055 4548 subjun-

2166 4473 2255 4542 τὴν
2302 4471 2602 4544 Ἰδουμαίαν
2627 4474 2830 4529 ἐκτενῶ
2863 4475 2924 4529 τὸ
2959 4475 3210 4546 ὑπόδημα
3245 4493 3364 4547 μου.
3404 4496 3422 4527 ›
3454 4473 3567 4528 Εἶθ’
3608 4475 3733 4546 ἑξῆς

485 4559 600 4626 git:
639 4577 658 4610 ι
691 4557 822 4614 Mihi
845 4561 1163 4634 alienigena:
1189 4565 1389 4622 subditi
1418 4578 1567 4630 sunt,
1604 4587 1624 4621 ι
1658 4569 1794 4635 sive,
1836 4589 1855 4623 ι
1893 4573 2054 4628 amici

485 4651 612 4704 tacti
644 4659 791 4722 sunt.
827 4673 846 4706 ι
883 4653 1042 4710 Moab
1061 4673 1191 4713 vero
1224 4659 1451 4715 lebetem
1481 4662 1596 4731 spei
1619 4677 1732 4718 sua:
1761 4672 1938 4730 vocat,
1958 4681 2052 4722 seu

485 4744 708 4800 lebetem
737 4745 938 4801 lavacri
978 4751 1082 4813 sui,
1117 4756 1211 4804 aut
1253 4753 1564 4809 securitatis
1616 4771 1748 4820 suae,
1780 4755 1907 4826 quia
1947 4759 2056 4812 alio

482 4835 646 4890 modo
678 4851 786 4891 non
819 4837 1028 4894 licitum
1057 4843 1158 4912 ipsi
1207 4843 1419 4909 fuisset,
1459 4856 1642 4918 utpote
1683 4851 1851 4906 semel
1885 4867 2051 4921 repu-

479 4925 650 4993 diato,
693 4927 748 4981 in
799 4926 1098 4986 Ecclesiam
1129 4931 1218 4990 Dei
1251 4937 1570 5002 concedere,
1603 4939 1708 4995 nisi
1753 4955 1850 5010 per
1896 4941 2048 4996 lava-

479 5033 632 5071 crum
667 5021 1120 5087 regenerationis.
1163 5024 1350 5095 ltaque
1383 5042 1484 5082 ceu
1525 5028 1580 5083 in
1614 5029 1791 5087 lebete
1829 5031 2050 5090 ablutus

478 5115 533 5164 et
567 5117 829 5179 purgatus
857 5126 888 5166 a
923 5112 1156 5182 pristina
1217 5116 1515 5188 impietate,
1562 5123 1734 5191 gratia
1773 5123 2012 5180 donatur
2033 5167 2049 5191 ,

477 5209 642 5270 atque
673 5203 748 5255 ita
797 5205 1150 5261 securitatem
1190 5207 1419 5265 obtinet.
1453 5210 1517 5267 Et
1552 5213 1665 5268 haec
1694 5229 1858 5285 opere
1901 5232 2051 5272 com-

474 5289 622 5361 pleta
652 5291 778 5348 licet
810 5293 945 5364 ipsis
972 5297 1149 5353 oculis
1179 5301 1459 5372 percipere
1502 5303 1572 5358 iis
1597 5305 1690 5374 qui
1725 5305 1778 5360 in
1806 5305 2046 5362 Arabum

474 5384 698 5454 regione
752 5389 1198 5458 peregrinantur,
1257 5396 1654 5453 cum-videant
1704 5398 1968 5455 Moabitas
1997 5410 2049 5456 et

473 5475 816 5532 Ammanitae
842 5519 856 5541 ,
908 5482 1000 5549 qui
1036 5498 1201 5551 penes
1234 5484 1356 5540 illos
1389 5501 1586 5552 magno
1615 5505 1846 5544 numero
1877 5500 2002 5547 sunt
2030 5532 2043 5555 ,

473 5562 752 5626 Ecclesias
797 5571 893 5627 Dei
947 5574 1194 5644 implere.
1265 5576 1677 5652 Similiterque,
1733 5601 1750 5634 ι
1814 5585 1871 5638 ln
1919 5585 2045 5640 ldu-

474 5674 527 5718 ιιι
578 5676 701 5728 am,
739 5666 948 5738 inquit,
997 5671 1362 5727 conscendam
1415 5675 1784 5732 calceamento
1820 5693 1971 5744 meo,
2013 5697 2031 5732 ι

563 5772 607 5809 ³⁵
649 5773 805 5832 Deut.
847 5792 1016 5840 χχιιι,
1056 5778 1108 5833 5.
1188 5781 1231 5812 ’³
1277 5779 1440 5838 Hebr.
1481 5800 1585 5848 χιι,
1631 5785 1710 5841 l6.

1911 5931 1950 5966 α

2159 4567 2252 4622 καὶ
2318 4567 2444 4637 περὶ
2495 4565 2602 4619 τῶν
2649 4567 2848 4621 λοιπῶν
2899 4567 3066 4621 ἐθνῶν
3093 4569 3406 4640 ἀδιορίστως
3453 4568 3729 4637 ἐπιλέγει·

2165 4677 2182 4708 ι
2231 4658 2384 4729 Ἐμοὶ
2441 4660 2727 4730 ἀλλόφυλοι
2780 4661 3151 4730 ὑπετάγησαν,
3180 4681 3197 4712 ι
3235 4659 3268 4731 ἢ
3301 4683 3318 4710 ι
3359 4660 3661 4729 ἐφιλίασαν.
3704 4676 3723 4709 ι

2155 4749 2373 4821 Λέϐητα
2418 4748 2474 4802 δὲ
2514 4751 2605 4805 τὸν
2649 4751 2822 4805 Μωὰϐ
2850 4751 2950 4821 τῆς
2989 4751 3181 4806 ἐαυτοῦ
3225 4750 3435 4814 ἐλπίδος
3490 4748 3724 4818 καλεῖ,ῆ

2153 4841 2354 4915 λέϐητα
2384 4843 2479 4897 τοῦ
2512 4843 2738 4916 λουτροῦ
2785 4843 3000 4906 ἑαυτοῦ,
3032 4843 3064 4914 ἢ
3097 4843 3197 4913 τῆς
3228 4843 3556 4914 ἀμεριμνίας
3597 4845 3723 4896 ἐαυ-

2154 4935 2280 4991 τοῦ·
2317 4937 2502 5008 ἐπειδὴ
2529 4936 2631 4990 ούκ
2662 4936 2834 4999 ἄλλως
2885 4934 3011 5006 ἐξῆν
3049 4935 3215 5005 αὐτῷ,
3251 4935 3396 5000 ἀπαξ
3438 4933 3724 5004 emam.

2155 5028 2452 5100 γενομένῳ,
2496 5031 2575 5093 είς
2619 5029 2715 5102 τὴν
2777 5028 3100 5098 Ἐκκλησίαν
3131 5027 3226 5080 τοῦ
3259 5026 3394 5080 Θεοῦ
3447 5026 3722 5098 παραϐάλ-

2154 5119 2284 5185 λειν,
2318 5122 2391 5192 μὴ
2421 5121 2541 5191 οὐχὶ
2566 5120 2652 5174 διὰ
2678 5120 2901 5192 λουτροῦ
2932 5119 3367 5188 παλιγγενεσίας.
3399 5120 3606 5189 Ὥσπερ
3632 5113 3721 5171 οὖν

2152 5213 2337 5285 λέϐητι
2373 5214 2812 5284 ἀπολουσάμενος
2848 5215 2940 5267 καὶ
2980 5213 3386 5284 ἀποκαθαρθεὶς
3411 5212 3512 5282 τῆς
3530 5211 3719 5283 προτέη

2157 5324 2256 5378 ρας
2283 5306 2618 5369 δυσσεϐείας,
2653 5304 2998 5370 καταξιοῦται
3027 5307 3126 5376 τῆς
3163 5306 3400 5376 χάριτος,
3432 5304 3526 5358 καὶ
3551 5303 3720 5365 οὕτως

2151 5399 2480 5470 ἀμεριμνίας
2501 5397 2776 5468 τυγχάνει.
2814 5399 2922 5451 Καὶ
2953 5397 3126 5451 ταῦτα
3163 5397 3228 5449 δι’
3255 5397 3429 5468 ἔργων
3471 5411 3716 5466 κεχωρη-

2150 5495 2282 5544 κότα
2303 5491 2563 5562 πάρεστιν
2582 5489 2875 5560 ὀφθαλμοῖς
2893 5489 3247 5560 παραλαϐεῖν,
3267 5491 3332 5559 τῇ
3354 5488 3461 5540 τῶν
3479 5487 3718 5558 Ἀράϐιον

2150 5585 2590 5656 ἐπιδημήσαντας
2631 5584 2803 5656 χώρα,
2847 5583 3150 5653 θεωμένους
3191 5597 3250 5633 τε
3282 5581 3408 5642 τοὺς
3446 5579 3574 5650 παρ’
3618 5578 3716 5631 αὐ-

2147 5683 2259 5744 τοῖς
2293 5680 2660 5754 πληθύνοντας
2703 5679 2884 5744 λαοὺς,
2923 5677 3216 5741 Μωαϐίτας
3245 5679 3337 5734 καὶ
3380 5674 3716 5750 Ἀμμανίτας
