4100 6442
277 267 404 328 509

1435 271 1945 332 COMMENTARIA
1977 277 2044 332 IN
2076 277 2416 338 PSALMOS.

3443 293 3549 348 570

275 390 634 461 πληροῦντας
653 389 753 453 τὰς
803 389 1124 460 Ἐκκλησίας
1145 391 1242 444 τοῦ
1291 391 1446 457 Θεοῦ.
1493 393 1766 457 Ὡσαύτως
1818 394 1853 448 δὲ

1977 399 2278 454 secundum
2313 399 2726 472 Symmacnum.
2775 400 2947 470 Quam
2980 408 3106 461 item
3139 409 3546 477 praedictionem

277 481 411 547 καὶ,
448 501 466 528 ι
524 481 646 534 Ἐπὶ
673 481 980 552 Ἰδουμαίαν
1013 484 1368 555 ἐπιδήσομαι,
1412 487 1582 556 φησὶ,
1629 485 1708 557 τῷ
1743 487 1874 540 ὑπο-

274 571 494 644 δήματί
538 589 662 644 μου,
702 592 720 624 ι
752 572 896 626 κατὰ
939 575 1031 627 τὸν
1084 574 1400 646 Σύμμαχον.
1456 576 1566 630 Καὶ
1594 577 1795 649 ταύτην
1813 578 1872 630 δὲ

275 663 389 735 τὴν
437 665 740 736 πρόρρησιν
779 665 932 720 οὐδὲν
975 665 1040 720 ἂν
1077 666 1162 739 εἴη
1197 667 1457 739 δυσχερὲς
1496 669 1642 734 ἰδεῖν,
1674 672 1740 740 τῇ
1763 669 1872 722 τῶν

289 756 615 829 Ἰδουμαίων
643 759 973 822 έπιστάντας
995 758 1149 830 χώρᾳ
1191 760 1286 813 καὶ
1315 759 1384 812 τὰ
1422 759 1598 832 πλήθη
1628 761 1734 814 τῶν
1771 761 1869 816 αὐ-

269 849 405 904 τόθι
433 849 768 921 Ἐκκλησιῶν
796 849 890 903 τοῦ
917 849 1054 904 Θεοῦ
1081 850 1201 920 ὄψει
1219 851 1632 923 παραλαϐόντας
1652 870 1666 884 ’
1683 853 1758 916 ώς
1796 853 1870 924 μὴ

269 940 514 1012 ὀκνῆσαί
536 959 657 996 τινα
687 941 905 1014 ἀληθῶς
937 942 1192 996 ἐπίϐασιν
1225 945 1506 1011 γεγονέναι
1539 947 1654 1006 τοῖς
1685 943 1870 1008 τόποις

268 1033 514 1097 ἐκείνοις
538 1033 894 1104 ὁμολογῆσαι.
915 1034 1014 1087 Διά
1039 1035 1102 1106 δὴ
1129 1035 1302 1088 ταῦτα
1337 1036 1594 1106 ἀνωτέρω
1622 1035 1866 1104 ἐλέγετο·

273 1145 298 1174 ι
371 1126 430 1178 '0
469 1125 602 1189 Θεὸς
641 1125 903 1197 ἐλάλησεν
935 1129 993 1180 ἐν
1019 1126 1099 1198 τῷ
1131 1127 1270 1198 ἁγίῳ
1295 1127 1482 1181 αὑτοῦ·
1521 1127 1870 1196 Ἀγαλλιάσο-

270 1235 403 1288 μαι.
453 1237 473 1271 ι
499 1217 710 1272 Μέλλον
747 1218 856 1290 γάρ
891 1220 1001 1272 πᾶν
1031 1219 1093 1271 τὸ
1124 1218 1232 1272 τῶν
1265 1219 1568 1293 ἀνθρώπων
1597 1219 1752 1289 γένος
1777 1220 1869 1273 ἐπὶ

269 1309 529 1380 σωτηρίᾳ
575 1309 983 1376 ἀνακαλεῖσθαι,
1017 1311 1333 1382 πρεπόντως
1375 1312 1539 1365 αὐτοῦ
1569 1315 1633 1383 τῇ
1677 1311 1867 1382 φιλαν-

266 1401 520 1472 Θρωπίᾳ,
549 1401 833 1474 συνέχαιρε
864 1406 932 1474 τῇ
961 1402 1068 1456 τῶν
1105 1401 1427 1473 σωζομένων
1459 1404 1722 1475 σωτηρίᾳ.
1759 1405 1868 1457 Καὶ

266 1494 455 1558 ἄλλως
480 1495 536 1548 δὲ
562 1497 813 1567 ὑπόδημα
839 1499 905 1551 αύ
916 1497 1005 1550 τοῦ
1033 1498 1131 1552 οὐκ
1161 1497 1226 1552 ἂν
1260 1497 1524 1569 ἁμάρτοις
1548 1497 1720 1566 λέγων
1740 1501 1866 1563 τοὺς

265 1586 630 1650 ἀποστόλους,
666 1587 698 1658 ἢ
732 1591 858 1652 τοὺς
888 1590 967 1652 εἰς
1007 1587 1086 1641 ἔτι
1114 1588 1275 1658 δεῦρο
1301 1588 1380 1659 τῷ
1409 1590 1537 1659 περὶ
1571 1588 1736 1643 αὑτοῦ
1765 1608 1865 1661 κη-

271 1676 518 1748 ρύγματι
549 1677 1015 1748 διακονουμένους.
1048 1677 1234 1731 Ταῦτα
1265 1677 1328 1749 δὴ
1346 1674 1438 1732 οὖν
1468 1678 1648 1732 πάντα
1677 1681 1863 1752 εἰργά-

1975 491 2029 545 in
2052 500 2308 562 promptu
2334 501 2418 547 est
2434 494 2758 563 completam
2785 494 2968 550 videre
2995 495 3060 550 iis
3077 497 3168 566 qui
3188 497 3240 551 in
3262 495 3549 554 Idumaeam

1973 583 2303 647 concedunt,
2341 594 2394 640 et
2449 585 2851 640 multitudinem
2904 586 3274 643 Ecclesiarum
3333 587 3428 644 Dei
3473 591 3549 643 ibi

1972 676 2352 745 conspiciunt;
2387 683 2446 730 ut
2470 686 2761 734 cunctetur
2798 694 2958 733 nemo
2995 680 3284 746 conﬁteri,
3318 697 3444 735 vere
3492 683 3547 735 in

1971 765 2090 819 loca
2115 766 2204 819 illa
2231 781 2594 823 conscensum
2625 768 2828 824 factum
2858 785 3001 824 esse.
3058 767 3351 840 Pmpterea
3385 786 3549 840 supe-

1970 856 2090 910 rius
2123 855 2331 911 dietum
2360 867 2443 912 est
2469 878 2482 912 :
2509 878 2542 938 ι’
2566 857 2708 914 Deus
2739 861 2954 916 locutus
2982 869 3066 917 est
3099 863 3153 914 in
3186 870 3378 916 saneto
3409 879 3542 918 suo:

1969 946 2290 1006 Exsultaho.
2323 969 2342 1001 ι
2370 948 2504 1004 Nam
2527 967 2650 1007 eum
2690 953 2988 1007 humanum
3017 968 3190 1024 genus
3231 955 3545 1009 universum

1969 1039 2036 1092 ad
2067 1040 2298 1094 salutem
2334 1041 2697 1096 revocandum
2716 1051 2884 1107 esset,
2917 1052 2976 1096 ut
2995 1043 3116 1111 ejus
3141 1058 3269 1113 erga
3295 1043 3548 1098 homines

1968 1142 2213 1184 amorem
2241 1130 2506 1195 decebat,
2559 1132 2793 1201 salutem
2829 1132 3007 1186 naetis
3042 1135 3369 1203 gratulatur.
3423 1133 3544 1186 Alia

1967 1232 2148 1277 autem
2175 1222 2390 1276 ratione
2414 1221 2548 1276 nihil
2576 1223 2802 1278 aberres
2831 1224 2874 1277 si
2915 1221 3086 1286 dicas,
3113 1225 3541 1278 calceamentum

1965 1313 2086 1382 ejus
2116 1311 2290 1367 fuisse
2314 1312 2613 1381 apostolos,
2638 1313 2753 1366 sive
2781 1313 2942 1366 etiam
2974 1314 3095 1383 ejus
3117 1316 3182 1368 ad
3207 1315 3348 1368 hanc
3370 1331 3544 1384 usque

1965 1404 2108 1459 diem
2145 1404 2554 1472 praedicationis
2615 1404 2923 1460 ministros.
2962 1404 3087 1460 Haec
3129 1407 3312 1475 itaque
3359 1408 3541 1462 omnia

1963 1507 2218 1567 operatus
2249 1505 2334 1552 est
2368 1495 2508 1552 Deus
2533 1538 2549 1561 ,
2611 1498 2830 1567 quando
2885 1499 2939 1552 in
2997 1499 3294 1554 novissimo
3329 1500 3541 1553 dierum

1966 1590 2182 1644 locutus
2224 1598 2310 1645 est
2343 1590 2499 1645 nobis
2537 1589 2590 1643 in
2622 1588 2826 1644 Sancto
2861 1606 2981 1644 suo.
3021 1589 3334 1644 Secundum
3377 1592 3539 1644 aliam

1964 1697 2093 1736 vero
2125 1682 2564 1751 explicationem,
2611 1684 2828 1736 lorutus
2865 1682 3006 1736 Dens
3055 1685 3108 1736 in
3165 1681 3368 1736 Sancto
3407 1699 3536 1744 suo,

269 1785 412 1821 σατο
458 1770 486 1822 6
518 1768 671 1832 Θεὸς,
713 1771 802 1823 ὅτε
848 1772 934 1823 ἐπ’
974 1771 1187 1840 ἐσχάτῳ
1215 1770 1324 1823 τῶν
1353 1771 1576 1843 ἡμερῶν
1602 1770 1853 1843 ἐλάλησεν

1963 1789 2156 1829 omnes
2203 1775 2428 1829 omnino
2477 1773 2695 1829 Judaeos
2743 1784 2796 1829 et
2831 1774 3050 1829 Grzecos
3083 1814 3097 1837 ,
3156 1775 3399 1844 aliasque
3447 1791 3542 1844 per

266 1859 408 1930 ἡμῖν
440 1861 499 1912 ὲν
524 1859 602 1931 τῷ
640 1861 778 1932 ἀγίῳ
806 1859 993 1914 αὐτοῦ.
1033 1859 1171 1914 Καθ’
1201 1861 1392 1932 ἑτέραν
1413 1861 1468 1914 δὲ
1503 1861 1730 1932 ἐκδοχὴν
1765 1863 1861 1915 λα-

265 1949 446 2019 λήσας
475 1953 504 2006 6
543 1951 677 2016 Θεὸς
702 1954 760 2005 ὲν
788 1953 867 2023 τῷ
894 1953 1033 2023 ἁγίῳ
1060 1953 1249 2014 αὑτοῦ,
1283 1953 1492 2016 πάντας
1524 1953 1861 2019 ἁπαξαπλῶς

277 2041 574 2108 Ἰουδαίους
595 2061 654 2098 τε
681 2045 775 2099 καὶ
791 2045 1081 2116 Ἕλληνας,
1105 2045 1175 2098 τά
1189 2062 1246 2097 τε
1269 2045 1390 2098 καθ’
1413 2044 1540 2115 ὅλης
1559 2045 1660 2116 τῆς
1685 2048 1832 2099 οξκου
1847 2075 1860 2086 -

270 2133 447 2206 μένης
490 2134 616 2206 ἔθνη
650 2138 732 2200 είς
772 2135 872 2207 τὴν
907 2135 1102 2190 ἑαυτοῦ
1153 2140 1310 2208 χάριν
1349 2137 1736 2192 ἀνεκαλέσατο’
1778 2141 1859 2194 διὸ

267 2227 366 2278 καὶ
385 2226 485 2298 τὴν
515 2229 716 2300 Σίκιμα
735 2230 826 2282 καὶ
859 2230 951 2284 τὸν
976 2228 1190 2283 Γαλαὰδ
1211 2229 1310 2301 (1),
1329 2231 1422 2285 καὶ
1447 2231 1537 2284 τὸν
1561 2233 1858 2302 Μανασσῆν

267 2317 367 2373 καὶ
392 2317 484 2372 τὸν
521 2319 760 2393 Ἐφραῒμ
787 2321 884 2375 καὶ⁵
913 2321 1004 2376 τὸν
1050 2320 1252 2374 Ἰούδαν
1293 2323 1388 2376 καλ¹
1429 2324 1521 2376 τὸν
1553 2323 1729 2377 Μωὰδ
1763 2325 1858 2377 καὶ

266 2411 372 2481 τὴν
417 2411 717 2482 Ἰδουμαίαν
772 2415 866 2467 καὶ
901 2415 1030 2478 τοὺς
1077 2414 1408 2484 ἀλλοφύλους
1449 2417 1697 2480 ἅπαντας
1729 2435 1860 2472 κατ-

268 2497 636 2572 ηριθμήσατο,
667 2499 728 2566 ἐξ
759 2501 872 2555 ίσου
906 2503 1003 2574 τῆς
1033 2503 1225 2572 ὁμοίας
1249 2502 1492 2574 κλήσεως
1515 2505 1856 2574 καταξιώσας

268 2591 418 2646 ἅπαν
448 2593 510 2645 τὸ
541 2592 648 2645 τῶν
677 2592 978 2665 ἀνθρώπων
1009 2593 1166 2662 γένος
1188 2610 1201 2623 ·
1235 2593 1374 2666 πλὴν
1421 2595 1556 2650 ἀλλά
1607 2597 1855 2669 πρώτους

263 2685 396 2750 τους
415 2683 522 2736 ἀπὸ
551 2683 646 2736 τοῦ
687 2684 901 2757 Ἰσραὴλ
941 2684 1114 2738 καλεῖ.
1158 2684 1354 2756 Ἐχρῆν
1383 2685 1492 2758 γὰρ
1518 2685 1585 2740 τὰ
1608 2691 1853 2759 πρωτεῖα

267 2775 366 2829 καὶ
393 2775 492 2839 τὰς
517 2777 772 2848 ἀπαρχὰς
798 2774 893 2828 τοῦ
927 2776 1284 2846 εὐαγγελικοιῖ
1310 2777 1666 2849 κηρύγματος
1699 2780 1852 2852 πρώ-

267 2883 381 2931 τοις
409 2868 590 2932 αὐτοῖς
616 2869 915 2938 ἀπονεῖμαι
931 2866 1018 2921 διὰ
1046 2867 1144 2932 τὰς
1168 2868 1303 2939 πρὸς
1327 2871 1453 2934 τοὺς
1479 2869 1658 2924 αὐτῶν
1684 2873 1854 2926 πατέ-

269 2975 372 3030 ρας
423 2959 779 3030 ἐπαγγελίας,
815 2960 883 3013 δι’
932 2959 999 3024 ἃς
1033 2963 1128 3016 καὶ
1153 2962 1314 3026 αὐτὸς
1341 2962 1369 3014 6
1400 2961 1588 3034 Σωτὴρ
1613 2962 1852 3034 πρώτοις

1966 1860 2278 1916 universum
2302 1862 2493 1915 orbem
2524 1870 2712 1932 gentes
2753 1862 2820 1915 ad
2857 1863 3086 1932 gratiam
3121 1878 3276 1916 suam
3313 1879 3538 1918 revoca-

1962 1951 2059 2004 vit.
2100 1950 2284 2017 Quare
2315 1949 2580 2013 Sichima,
2611 1951 2836 2019 Galaad,
2868 1951 3196 2017 Manassen,
3241 1951 3499 2022 Ephraini
3520 1992 3536 2016 ,

1957 2046 2193 2111 Judam,
2232 2046 2424 2109 Moab,
2480 2047 2770 2102 ldumaeam
2799 2086 2814 2112 ,
2865 2055 2920 2101 et
2973 2047 3306 2116 alienigenas
3348 2062 3538 2100 omnes

1959 2138 2318 2201 enumeravit,
2336 2139 2502 2194 simili
2536 2139 2819 2193 vocatione
2849 2146 3020 2192 totum
3044 2153 3214 2208 genus
3238 2139 3535 2192 humanum

1957 2246 2110 2300 aeque
2132 2230 2426 2300 dignatus;
2465 2231 2560 2286 sed
2592 2231 2803 2300 priores
2829 2233 2919 2300 qui
2948 2247 3011 2286 ex
3037 2231 3202 2284 Israel
3235 2238 3393 2283 erant
3424 2245 3538 2289 nie-

1957 2323 2211 2376 moravit.
2252 2320 2506 2392 Oportnit
2545 2324 2692 2376 enim
2730 2322 3000 2392 primitias
3025 2321 3350 2392 evangelica:
3399 2336 3536 2392 prae-

1956 2413 2250 2470 dicationis
2279 2414 2414 2484 ipsis
2443 2413 2722 2482 impertire
2745 2452 2761 2478 ,
2814 2413 2886 2470 ob
2943 2413 3336 2484 promissiones
3365 2413 3538 2483 patri-

1956 2505 2059 2561 bus
2089 2520 2278 2560 eorum
2315 2504 2525 2567 factas.
2588 2519 2822 2574 quarum
2880 2519 3046 2560 causa
3097 2502 3346 2558 Salvator
3402 2503 3538 2572 ipsis

1956 2596 2235 2667 prioribus
2278 2595 2628 2667 Evangelium
2661 2595 3009 2666 praedicabat,
3038 2596 3152 2649 haec
3178 2594 3533 2650 testiﬁcatus:

1959 2706 1977 2738 ι
1989 2685 2108 2741 Non
2124 2687 2247 2741 veni
2264 2686 2367 2740 nisi
2386 2688 2451 2740 ad
2465 2700 2596 2739 oves
2611 2701 2730 2754 qua:
2747 2685 3024 2756 perierunt
3041 2686 3237 2739 domus
3251 2685 3414 2739 Israel
3431 2686 3496 2736 *‘.
3511 2704 3532 2738 ι

1953 2776 2235 2848 Apostolis
2266 2792 2486 2847 quoque
2514 2779 2631 2832 suis
2653 2777 3023 2846 praecipiebat,
3043 2786 3100 2830 ut
3136 2775 3272 2845 ipsis
3300 2777 3534 2846 primum

1953 2868 2307 2938 Evangelium
2331 2867 2690 2938 praedicarent
2722 2868 2912 2921 dicens
2938 2885 2951 2920 :
2990 2886 3008 2918 ι
3040 2865 3098 2920 ln
3121 2868 3264 2921 viam
3291 2868 3533 2937 gentium

1953 2974 2023 3015 ne
2054 2958 2324 3023 abieritis,
2359 2966 2414 3012 et
2452 2958 2509 3012 in
2541 2958 2814 3012 civitatem
2845 2957 3316 3012 Samaritanorum
3351 2975 3418 3012 ne
3451 2960 3535 3012 in-

263 3053 449 3118 αὑτοτς
526 3053 908 3126 εὐηγγελίζετο
979 3055 1390 3127 μαρτυρόμενος
1469 3057 1566 3110 καὶ
1637 3055 1844 3125 λέγων·

1956 3052 2267 3117 traveritis;
2300 3051 2394 3106 sed
2413 3051 2487 3105 ite
2515 3051 2699 3120 potius
2716 3051 2783 3104 ad
2803 3057 2954 3112 Oves,
2971 3066 3094 3119 qua:
3116 3052 3416 3120 perierunt,
3436 3049 3536 3104 do-

270 3163 290 3195 ι
329 3142 446 3200 Οὐκ
471 3142 634 3217 ἦλθον
669 3147 718 3199 εί
755 3146 828 3218 μὴ
877 3147 958 3210 είς
1006 3147 1076 3203 τὰ
1117 3148 1368 3220 πρόᾶατα
1414 3146 1483 3201 τὰ
1532 3147 1848 3203 ἀπολωλότα

1956 3161 2076 3200 mus
2094 3143 2338 3200 Israel".
2367 3162 2385 3196 ι
2405 3141 2716 3198 Secundum
2740 3141 2862 3195 illos
2873 3149 3052 3195 autem
3067 3142 3218 3211 jubet
3231 3140 3368 3196 disci
3377 3143 3532 3211 pulos

261 3234 414 3289 οῐκου
444 3237 680 3309 Ἰσραήλ.
697 3257 716 3288 ι
748 3239 859 3291 Καὶ
881 3241 994 3302 τοῖς
1015 3239 1336 3302 ἀποστόλοις
1350 3239 1406 3292 δὲ
1430 3239 1594 3294 αὑτοῦ
1611 3239 1847 3311 πρώτοις

262 3327 448 3391 αὐτοῖς
490 3328 786 3401 κηρύσσειν
831 3329 894 3382 τὸ
951 3330 1281 3399 Εὐαγγέλιον
1323 3333 1554 3404 παρῄνει
1592 3335 1842 3404 φάσκωνο

268 3437 288 3470 α
322 3420 415 3483 Et;
438 3419 558 3473 ὁδὸν
580 3419 752 3474 ἐθνῶν
777 3420 850 3492 μὴ
879 3419 1169 3493 ἀπέλθητε,
1205 3423 1300 3478 καὶ
1329 3425 1409 3488 εἰς
1455 3424 1606 3478 πόλιν
1661 3427 1846 3498 Σαμα-

267 3510 462 3583 ρειτῶν
496 3512 572 3583 μὴ
625 3511 904 3585 είσέλθητε
925 3531 939 3546 ο
970 3515 1268 3587 πορεύεσθε
1299 3515 1357 3568 δὲ
1385 3517 1584 3586 μᾶλλον
1614 3518 1750 3589 πρὸς
1775 3517 1845 3574 τὰ

262 3603 508 3675 πρόϐατα
534 3605 604 3661 τὰ
635 3603 953 3658 ἀπολωλότα
977 3606 1126 3660 οἴκου
1189 3605 1425 3680 Ἰσραήλ.
1469 3628 1488 3660 ι
1533 3605 1666 3662 Εἶτα
1726 3611 1842 3682 μετ’

262 3697 500 3760 ἐκείνους
542 3696 870 3767 προσέταττε
914 3701 1026 3762 τοῖς
1069 3698 1264 3753 ἑαυτοῦ
1310 3700 1581 3772 μαθηταῖς
1613 3701 1846 3772 εὐαγγε-

260 3787 503 3853 λίζεσθαι
533 3788 714 3842 πάντα
741 3787 810 3843 τὰ
835 3789 960 3861 ἔθνη
989 3793 1047 3846 ὲν
1084 3789 1164 3862 τῷ
1192 3791 1416 3862 ὀνόματι
1439 3792 1624 3846 αὑτοῦ.
1657 3792 1844 3860 Οὕτως

261 3876 358 3935 οὖν
377 3881 470 3934 καὶ
500 3881 592 3934 ἐπὶ
615 3881 710 3934 τοῦ
742 3882 1008 3954 παρόντος
1035 3883 1064 3936 6
1094 3882 1202 3936 τῶν
1230 3883 1366 3938 ὅλων
1389 3883 1521 3948 Θεὸς
1539 3885 1844 3956 ὲνοικήσειν

264 3976 322 4030 ὲν
350 3971 426 4045 τῷ
460 3973 600 4044 ἀγίῳ
629 3973 818 4039 αὐτοῦ,
850 3977 908 4028 ὲν
927 3974 1076 4046 αὐτῷ
1107 3992 1166 4029 τε
1195 3977 1290 4029 καὶ
1317 3976 1380 4029 δι’
1405 3977 1567 4030 αὑτοῦ
1591 3977 1842 4048 λαλήσειν

264 4064 574 4136 ἀνθρώποις
633 4065 980 4130 θεσπίζεται·
1037 4069 1132 4121 καὶ
1175 4069 1252 4132 ώς
1297 4068 1432 4140 ὁμοῦ
1467 4072 1562 4124 καὶ
1607 4070 1748 4124 κατὰ
1783 4071 1843 4124 τὸ

264 4156 391 4212 αὐτὸ
417 4157 508 4210 τὸν
551 4157 790 4230 Ἐςρραῒμ
816 4159 912 4211 καὶ
941 4158 1032 4211 τὸν
1067 4159 1368 4230 Μανασσῆν
1394 4161 1488 4214 καὶ
1514 4161 1605 4214 τὸν
1644 4160 1841 4214 Ἰούδαν

263 4248 583 4315 εἰσδέξεταν
645 4250 696 4302 οἳ
755 4249 922 4303 πάλαι
978 4250 1075 4320 μὲν
1121 4246 1260 4322 ἦσαν
1319 4251 1624 4316 διεστῶτες,
1673 4253 1761 4305 ὅτε
1811 4256 1840 4306 6

267 4342 364 4412 μὲν
396 4339 596 4406 Ἰούδας
625 4340 936 4397 ἐϐασίλευεν
961 4343 1018 4394 ὲν
1052 4342 1424 4414 Ἰερουσαλὴμ,
1442 4345 1470 4396 6
1492 4343 1547 4396 δὲ
1580 4343 1836 4415 Ἐφραῒμ,

1951 3252 2083 3292 suos
2115 3234 2470 3304 Evangelium
2515 3233 2814 3306 praedicare
2865 3234 3121 3289 omnibus
3180 3234 3434 3303 gentibus
3477 3234 3532 3288 in

1949 3325 2172 3380 nomine
2198 3340 2320 3380 suo.
2349 3325 2440 3380 Sic
2465 3340 2596 3395 ergo
2613 3325 2667 3378 in
2701 3325 2957 3396 prmsenti
2981 3324 3362 3380 universorum
3388 3322 3534 3381 Deus

1949 3416 2006 3472 in
2039 3416 2244 3472 Sancto
2263 3431 2364 3472 suo
2397 3416 2769 3471 habitaturum
2801 3431 2881 3482 se,
2915 3424 3077 3486 atque
3106 3415 3161 3469 in
3195 3415 3315 3486 ipso
3354 3427 3406 3470 et
3435 3431 3484 3486 p1
3508 3431 3534 3470 r

1948 3509 2132 3579 ipsum
2162 3509 2475 3564 locuturum
2502 3523 2624 3562 esse
2646 3507 2961 3562 hominibus
2981 3508 3342 3562 vaticinatur:
3373 3516 3426 3561 et
3457 3509 3534 3561 ait

1949 3613 2010 3653 se
2053 3597 2219 3654 simul
2251 3597 2565 3667 pariterque
2591 3595 2874 3666 Ephraim,
2906 3595 3193 3650 Manassen
3239 3605 3294 3651 et
3333 3595 3532 3650 Judam

1950 3697 2310 3760 excepturum
2349 3705 2510 3755 esse;
2547 3689 2640 3760 qui
2685 3689 2816 3743 olim
2846 3689 3064 3758 quidem
3116 3688 3297 3744 dissiti
3331 3700 3486 3744 erant
3513 3730 3528 3753 ,

1947 3782 2170 3853 quando
2196 3780 2336 3836 Juda
2359 3781 2620 3852 regnabat
2641 3782 2696 3836 iu
2724 3779 3052 3846 Jerusalem,
3076 3780 3331 3851 Ephraim
3357 3782 3412 3836 in
3446 3779 3532 3835 Si-

1948 3875 2146 3930 chimis
2177 3882 2232 3928 et
2255 3872 2526 3938 Samaria,
2551 3871 2832 3927 Mauasses
2862 3888 2988 3927 vero
3019 3872 3298 3927 habitabat
3337 3873 3392 3926 in
3419 3872 3529 3926 Ga-

1948 3967 2089 4024 laad.
2129 3965 2202 4022 Ut
2230 3968 2384 4022 nullo
2427 3968 2596 4037 igitur
2627 3967 2856 4021 ulterius
2890 3965 3206 4020 discrimine
3263 3965 3529 4021 interces—

1947 4075 2098 4126 suro,
2131 4060 2390 4130 nullaque
2421 4061 2562 4113 inter
2591 4073 2687 4113 eos
2717 4057 3082 4128 discrepantia
3124 4056 3342 4123 futura,
3378 4058 3528 4127 ipsus

1945 4153 2159 4223 priores
2223 4152 2493 4219 advocat;
2552 4150 2748 4205 deinde
2804 4148 3109 4213 Moabitas,
3161 4150 3525 4212 Ammonitas,

1945 4246 2236 4311 Idumaeos,
2270 4257 2612 4315 cactcrosque
2645 4245 2895 4298 homines
2929 4258 3118 4296 omnes
3140 4281 3154 4304 ,
3211 4242 3526 4297 universum

1945 4340 2131 4394 orbem
2163 4339 2488 4392 incolentes.
2522 4335 2596 4390 Ex
2640 4335 2866 4390 historia
2905 4349 3068 4404 porro
3110 4333 3524 4404 Evangeliorum

264 4435 319 4485 ἐν
347 4433 593 4504 Σικίμοις
626 4434 718 4488 καὶ
747 4433 1054 4504 Σαμαρείᾳ,
1089 4435 1118 4486 6
1161 4434 1217 4486 δὲ
1243 4435 1540 4504 Μανασσῆς
1569 4432 1704 4504 ῷκει
1736 4436 1835 4507 τὴν

1956 4429 2175 4492 :discas,
2215 4443 2324 4499 quo
2351 4431 2612 4499 tempore]
2635 4424 2870 4480 Sam-tus
2903 4425 2993 4480 Dei
3043 4427 3096 4479 in
3144 4424 3400 4479 Sichimis
3433 4440 3526 4495 pe-

265 4525 486 4582 Γαλαάδ.
535 4527 621 4588 Ὡς
653 4525 848 4596 μηκέτι
877 4525 1057 4578 τοίνυν
1081 4523 1408 4596 ἀφορισμοῦ,
1449 4526 1585 4596 μήτε
1613 4524 1835 4578 διαστά-

265 4633 396 4680 σεως
426 4613 592 4687 οὔσης
633 4617 691 4668 ὲν
723 4615 924 4679 αὐτοῖς,
953 4613 1202 4686 πρώτους
1237 4614 1435 4676 αὐτοὺς
1469 4613 1798 4667 είσκαλεῖται
1821 4632 1834 4645 ·

263 4703 374 4762 εἶτα
405 4707 701 4770 Μωαϐίτας
734 4705 831 4759 καὶ
873 4706 1229 4780 Ἀμμανίτας,
1274 4704 1602 4776 Ἰδουμαίους
1639 4722 1696 4758 τε
1744 4707 1838 4760 καὶ

262 4801 383 4863 τοὺς
412 4799 630 4864 λοιποὺς
661 4799 910 4862 ἅπαντας
941 4797 1261 4870 ἀνθρώπους
1290 4799 1416 4861 τοὺς
1442 4797 1560 4851 καθ’
1585 4799 1714 4868 ὅλης
1739 4801 1838 4870 τῆς

265 4889 577 4961 οἰκουμένης
601 4888 902 4953 οἰκοῦντας.
939 4887 1173 4951 Γνώσεις
1199 4888 1244 4941 δ’
1275 4886 1340 4940 ἂν
1372 4891 1436 4942 ὲκ
1461 4889 1560 4958 τῆς
1598 4890 1839 4960 ἱστορίας

264 4979 366 5034 τῶν
393 4981 759 5052 Εύαγγελίων,
794 4982 941 5045 ὅπως
982 4978 1105 5034 καθ’
1130 4979 1222 5041 οὒς
1253 4980 1476 5050 χρόνους
1505 4983 1533 5033 6
1567 4981 1718 5050 ἅγιος
1740 4980 1834 5034 τοῦ

265 5072 390 5126 Θεοῦ
420 5074 515 5128 καὶ
550 5078 662 5139 τοῖς
695 5074 942 5146 Σικίμοις
996 5072 1278 5144 ἐπεδήμει,
1310 5074 1405 5127 καὶ
1462 5075 1602 5146 αὐτῇ
1651 5076 1834 5145 Σαμα-

1943 4522 2351 4592 regrinahatur,
2385 4528 2438 4574 et
2460 4521 2516 4574 in
2539 4521 2655 4590 ipsa
2685 4519 2952 4580 Samaria,
2975 4533 3188 4573 necnon
3212 4518 3267 4570 in
3302 4515 3527 4572 Jerusa-

1944 4614 2070 4681 lem,
2101 4613 2356 4668 lsraclem
2406 4623 2520 4667 tum
2573 4613 2925 4682 conjunctum
2957 4611 3162 4675 fuisse,
3211 4611 3525 4680 nullamque

1943 4706 2326 4761 intercessisse
2355 4704 2711 4770 divisionem;
2747 4707 2828 4760 sic
2850 4712 2904 4759 et
2936 4705 3214 4774 apostolos
3249 4719 3379 4758 suos
3413 4704 3525 4773 pri-

1944 4813 2033 4851 mo
2093 4798 2159 4852 ad
2211 4813 2340 4853 oves
2374 4811 2496 4867 qua:
2547 4798 2822 4868 perierant
2873 4796 3071 4850 domus
3119 4795 3286 4850 Israel
3333 4796 3520 4857 misit;

1947 4898 2134 4961 postea
2163 4899 2366 4955 autem,
2404 4889 2597 4944 iisdem
2635 4904 2768 4944 usus
2794 4904 2894 4943 ceu
2925 4889 3346 4952 calceamentis,
3397 4889 3520 4942 uni-

1943 4996 2164 5036 vcrsum
2195 4979 2479 5035 hominum
2523 4996 2695 5052 genus
2749 4980 2975 5036 salutari
3032 4979 3208 5053 gratia
3269 4979 3522 5052 dignatus

1941 5079 2046 5126 ρει.

269 5167 402 5238 ρείᾳ,
430 5170 496 5238 τῇ
525 5184 585 5220 τε
622 5167 995 5240 Ἰερουσαλὴμ,
1021 5167 1301 5237 ἡνωμένον
1357 5167 1477 5220 τότε
1511 5168 1604 5220 τοῦ
1641 5166 1877 5238 Ἰσραὴλ,
1938 5165 2032 5218 καὶ
2083 5163 2353 5234 μηδεμιᾶς
2384 5162 2552 5233 οὔσης
2586 5164 2644 5215 ὲν
2677 5162 2824 5233 αὐτῷ
2857 5162 3224 5228 διαστάσεως’
3274 5161 3416 5216 οὕτω
3463 5163 3519 5216 δὲ

267 5261 509 5325 καὶτοὺς
561 5261 755 5314 ἑαυτοῦ
783 5259 1110 5328 ἀποστόλους
1139 5261 1274 5332 πρὸς
1306 5261 1374 5314 τὰ
1416 5259 1662 5332 πρόϐατα
1694 5258 2009 5312 ἀπολωλότα
2057 5258 2205 5311 οἴκου
2259 5255 2473 5328 Ἰσραὴλ
2527 5257 2584 5310 ὲν
2655 5255 2888 5326 πρώτοις
2953 5256 3317 5328 διεπέμπετο’
3383 5256 3522 5326 μετὰ

265 5349 316 5404 δὲ
335 5350 523 5417 ταῦτα,
539 5354 650 5416 τοῖς
665 5353 847 5416 αὐτοῖς
881 5350 1070 5423 ὥσπερ
1099 5353 1406 5424 ὑποδήμασι
1439 5353 1740 5426 χρώμενος,
1758 5352 1820 5405 τὸ
1836 5353 2051 5408 πάντων
2067 5350 2164 5405 ἀνθ
2174 5350 2372 5424 ρώπων
2399 5351 2554 5420 γένος
2583 5351 2680 5422 τῆς
2710 5351 2978 5422 σωτηρίου
2998 5351 3254 5422 κατηξίω
3277 5349 3517 5421 χάριτος.

339 5465 356 5496 ι
390 5447 486 5510 Τίς
519 5445 716 5514 ἀπάξει
751 5463 818 5513 με
841 5450 920 5511 είς
947 5448 1100 5502 πόλιν
1128 5450 1422 5520 περιοχῆς;
1457 5449 1490 5520 ἢ
1527 5450 1610 5511 τίς
1641 5449 1838 5520 ὁδηγή-

269 5555 343 5594 σει
376 5555 442 5608 με
475 5537 579 5602 ἕως
611 5539 708 5610 τῆς
768 5538 1099 5610 Ἰδουμαίας;
1135 5541 1270 5612 Οὐχὶ
1317 5542 1380 5594 σὺ
1434 5542 1462 5594 6
1507 5539 1637 5603 Θεὸς
1669 5543 1697 5593 ὀ
1729 5541 1837 5595 ἀπ-

335 5651 375 5682 ²⁶
413 5649 608 5707 Matth.
646 5668 738 5717 xv,
773 5650 864 5707 24.
940 5653 984 5684 ³⁷
1020 5649 1212 5705 Matth.
1249 5669 1304 5717 ς,
1343 5651 1466 5719 5,6.

2021 5445 2190 5504 Vens.
2228 5449 2316 5505 il.
2376 5466 2394 5500 ι
2427 5447 2561 5515 Quis
2589 5449 2819 5506 abducet
2849 5466 2935 5503 me
2961 5449 3015 5502 in
3038 5448 3311 5502 civitatem
3341 5446 3518 5498 muni-

1947 5541 2099 5594 tam?
2131 5549 2225 5595 aut
2272 5541 2398 5613 quis
2439 5541 2669 5599 deducet
2730 5558 2816 5598 me
2865 5555 3038 5612 usque
3077 5542 3130 5594 in
3191 5533 3522 5592 ldumwain?

335 5763 406 5833 (li
440 5763 557 5834 Τὴν
588 5765 808 5839 Σίκυμα
830 5766 928 5822 καὶ
957 5766 1060 5822 τὸν
1084 5765 1351 5823 Γαλαὰδ.
1390 5767 1551 5826 Forte
1585 5768 1649 5824 τὰ
1675 5770 1732 5824 Σ.
1766 5785 1819 5824 κ.

1977 5767 2036 5823 Γ.
2061 5765 2219 5826 Eutr.
