  <div class='ocr_page' id='page_1' title='image "/cluster/home/n/w/nwhite01/storage/ocr_20150623/23/hvd.32044073501124/294.png"; bbox 0 0 4100 6442; ppageno 0'>
   <div class='ocr_carea' id='block_1_1' title="bbox 304 319 411 374">
    <p class='ocr_par' dir='ltr' id='par_1_1' title="bbox 304 319 411 374">
     <span class='ocr_line' id='line_1_1' title="bbox 304 319 411 374; baseline 0.019 -3"><span class='ocrx_word' id='word_1_1' title='bbox 304 319 411 374; x_wconf 79' lang='grc'><strong>575</strong></span> 
     </span>
    </p>
   </div>
   <div class='ocr_carea' id='block_1_2' title="bbox 1439 313 2420 373">
    <p class='ocr_par' dir='ltr' id='par_1_2' title="bbox 1439 313 2420 373">
     <span class='ocr_line' id='line_1_2' title="bbox 1439 313 2420 373; baseline -0.001 -2"><span class='ocrx_word' id='word_1_2' title='bbox 1439 313 1938 371; x_wconf 75' lang='lat' dir='ltr'><strong>COMMENTABIA</strong></span> <span class='ocrx_word' id='word_1_3' title='bbox 1975 314 2041 370; x_wconf 75' lang='grc' dir='ltr'><strong>ΙΝ</strong></span> <span class='ocrx_word' id='word_1_4' title='bbox 2079 314 2420 373; x_wconf 84' lang='lat' dir='ltr'><strong>PSALMOS.</strong></span> 
     </span>
    </p>
   </div>
   <div class='ocr_carea' id='block_1_3' title="bbox 3445 321 3549 377">
    <p class='ocr_par' dir='ltr' id='par_1_3' title="bbox 3445 321 3549 377">
     <span class='ocr_line' id='line_1_3' title="bbox 3445 321 3549 377; baseline 0.01 -2"><span class='ocrx_word' id='word_1_5' title='bbox 3445 321 3549 377; x_wconf 75' lang='grc'><strong>574</strong></span> 
     </span>
    </p>
   </div>
   <div class='ocr_carea' id='block_1_4' title="bbox 300 429 1886 510">
    <p class='ocr_par' dir='ltr' id='par_1_4' title="bbox 300 429 1882 510">
     <span class='ocr_line' id='line_1_4' title="bbox 300 429 1882 510; baseline -0.006 -17"><span class='ocrx_word' id='word_1_6' title='bbox 300 440 604 510; x_wconf 84' lang='grc' dir='ltr'>λογραφίας</span> <span class='ocrx_word' id='word_1_7' title='bbox 635 436 837 506; x_wconf 77' lang='grc' dir='ltr'>ἔλεγεν·</span> <span class='ocrx_word' id='word_1_8' title='bbox 868 453 886 487; x_wconf 76' lang='grc' dir='ltr'><strong>ι</strong></span> <span class='ocrx_word' id='word_1_9' title='bbox 933 433 990 487; x_wconf 84' lang='grc' dir='ltr'><strong>Ὀ</strong></span> <span class='ocrx_word' id='word_1_10' title='bbox 1019 433 1171 499; x_wconf 88' lang='grc' dir='ltr'>Θεὸς,</span> <span class='ocrx_word' id='word_1_11' title='bbox 1196 431 1404 487; x_wconf 81' lang='grc' dir='ltr'>ἀπώσω</span> <span class='ocrx_word' id='word_1_12' title='bbox 1436 433 1584 503; x_wconf 80' lang='grc' dir='ltr'>ἡμᾶς</span> <span class='ocrx_word' id='word_1_13' title='bbox 1615 431 1711 486; x_wconf 70' lang='grc' dir='ltr'>καὶ</span> <span class='ocrx_word' id='word_1_14' title='bbox 1744 429 1882 486; x_wconf 83' lang='grc' dir='ltr'>καθ-</span> 
     </span>
    </p>
   </div>
   <div class='ocr_carea' id='block_1_5' title="bbox 1989 429 3550 510">
    <p class='ocr_par' dir='ltr' id='par_1_5' title="bbox 1989 431 3550 510">
     <span class='ocr_line' id='line_1_5' title="bbox 1989 431 3550 510; baseline 0.002 -23"><span class='ocrx_word' id='word_1_15' title='bbox 1989 448 2111 487; x_wconf 89' lang='lat' dir='ltr'><strong>cum</strong></span> <span class='ocrx_word' id='word_1_16' title='bbox 2167 433 2336 490; x_wconf 83' lang='lat' dir='ltr'><strong>semel</strong></span> <span class='ocrx_word' id='word_1_17' title='bbox 2373 439 2427 487; x_wconf 88' lang='lat' dir='ltr'><strong>et</strong></span> <span class='ocrx_word' id='word_1_18' title='bbox 2460 431 2703 510; x_wconf 88' lang='lat' dir='ltr'><strong>secundo</strong></span> <span class='ocrx_word' id='word_1_19' title='bbox 2733 431 2983 497; x_wconf 78' lang='lat' dir='ltr'><strong>dixisset,</strong></span> <span class='ocrx_word' id='word_1_20' title='bbox 3003 450 3020 483; x_wconf 78' lang='grc' dir='ltr'><strong>ι</strong></span> <span class='ocrx_word' id='word_1_21' title='bbox 3041 431 3218 500; x_wconf 81' lang='lat' dir='ltr'><strong>Quis?</strong></span> <span class='ocrx_word' id='word_1_22' title='bbox 3248 453 3268 486; x_wconf 72' lang='grc' dir='ltr'><strong>ι</strong></span> <span class='ocrx_word' id='word_1_23' title='bbox 3303 448 3426 488; x_wconf 89' lang='lat' dir='ltr'><strong>eum</strong></span> <span class='ocrx_word' id='word_1_24' title='bbox 3455 438 3550 505; x_wconf 87' lang='lat' dir='ltr'><strong>qui</strong></span> 
     </span>
    </p>
   </div>
   <div class='ocr_carea' id='block_1_6' title="bbox 300 522 1882 603">
    <p class='ocr_par' dir='ltr' id='par_1_6' title="bbox 300 522 1882 603">
     <span class='ocr_line' id='line_1_6' title="bbox 300 522 1882 603; baseline -0.006 -18"><span class='ocrx_word' id='word_1_25' title='bbox 300 528 442 594; x_wconf 77' lang='grc' dir='ltr'>εἷλες</span> <span class='ocrx_word' id='word_1_26' title='bbox 483 530 649 603; x_wconf 79' lang='grc' dir='ltr'>ἡμᾶς.</span> <span class='ocrx_word' id='word_1_27' title='bbox 698 549 717 582; x_wconf 74' lang='grc' dir='ltr'><strong>ι</strong></span> <span class='ocrx_word' id='word_1_28' title='bbox 759 529 850 582; x_wconf 81' lang='grc' dir='ltr'>Διὸ</span> <span class='ocrx_word' id='word_1_29' title='bbox 903 526 1040 600; x_wconf 78' lang='grc' dir='ltr'>πρὸς</span> <span class='ocrx_word' id='word_1_30' title='bbox 1082 527 1295 597; x_wconf 89' lang='grc' dir='ltr'>ἐκείνην</span> <span class='ocrx_word' id='word_1_31' title='bbox 1334 523 1431 595; x_wconf 85' lang='grc' dir='ltr'><strong>τὴν</strong></span> <span class='ocrx_word' id='word_1_32' title='bbox 1474 522 1655 595; x_wconf 82' lang='grc' dir='ltr'>φωνὴν</span> <span class='ocrx_word' id='word_1_33' title='bbox 1697 523 1882 578; x_wconf 80' lang='grc' dir='ltr'>ἀποδί-</span> 
     </span>
    </p>
   </div>
   <div class='ocr_carea' id='block_1_7' title="bbox 299 615 1878 692">
    <p class='ocr_par' dir='ltr' id='par_1_7' title="bbox 299 615 1878 692">
     <span class='ocr_line' id='line_1_7' title="bbox 299 615 1878 692; baseline -0.006 -16"><span class='ocrx_word' id='word_1_34' title='bbox 299 623 466 677; x_wconf 86' lang='grc' dir='ltr'>δωσιν</span> <span class='ocrx_word' id='word_1_35' title='bbox 503 621 739 676; x_wconf 81' lang='grc' dir='ltr'>ἐνταῦθα</span> <span class='ocrx_word' id='word_1_36' title='bbox 766 621 863 692; x_wconf 81' lang='grc' dir='ltr'><strong>τὴν</strong></span> <span class='ocrx_word' id='word_1_37' title='bbox 889 620 1056 690; x_wconf 83' lang='grc' dir='ltr'>αὐτὴν</span> <span class='ocrx_word' id='word_1_38' title='bbox 1077 618 1314 672; x_wconf 80' lang='grc' dir='ltr'>διάνοιαν</span> <span class='ocrx_word' id='word_1_39' title='bbox 1349 615 1551 686; x_wconf 74' lang='grc' dir='ltr'>λέγων’</span> <span class='ocrx_word' id='word_1_40' title='bbox 1593 635 1612 666; x_wconf 75' lang='grc' dir='ltr'><strong>ι</strong></span> <span class='ocrx_word' id='word_1_41' title='bbox 1641 616 1776 686; x_wconf 79' lang='grc' dir='ltr'>Οὐχὶ</span> <span class='ocrx_word' id='word_1_42' title='bbox 1815 616 1878 668; x_wconf 81' lang='grc' dir='ltr'><strong>σὺ</strong></span> 
     </span>
    </p>
   </div>
   <div class='ocr_carea' id='block_1_8' title="bbox 297 706 1878 784">
    <p class='ocr_par' dir='ltr' id='par_1_8' title="bbox 297 706 1878 784">
     <span class='ocr_line' id='line_1_8' title="bbox 297 706 1878 784; baseline -0.006 -16"><span class='ocrx_word' id='word_1_43' title='bbox 297 716 330 768; x_wconf 89' lang='lat'><strong>6</strong></span> <span class='ocrx_word' id='word_1_44' title='bbox 355 715 489 778; x_wconf 90' lang='grc' dir='ltr'>Θεὸς</span> <span class='ocrx_word' id='word_1_45' title='bbox 535 715 566 766; x_wconf 92' lang='lat'><strong>6</strong></span> <span class='ocrx_word' id='word_1_46' title='bbox 589 714 947 784; x_wconf 83' lang='grc' dir='ltr'>ἀπωσάμενος</span> <span class='ocrx_word' id='word_1_47' title='bbox 988 712 1166 782; x_wconf 75' lang='grc' dir='ltr'>ἡμᾶςς</span> <span class='ocrx_word' id='word_1_48' title='bbox 1200 729 1219 762; x_wconf 72' lang='grc' dir='ltr'><strong>ι</strong></span> <span class='ocrx_word' id='word_1_49' title='bbox 1259 709 1355 773; x_wconf 87' lang='grc' dir='ltr'><strong>Τίς</strong></span> <span class='ocrx_word' id='word_1_50' title='bbox 1381 707 1488 779; x_wconf 83' lang='grc' dir='ltr'>γὰρ</span> <span class='ocrx_word' id='word_1_51' title='bbox 1518 706 1693 771; x_wconf 75' lang='grc' dir='ltr'>ἄλλος,</span> <span class='ocrx_word' id='word_1_52' title='bbox 1725 707 1878 778; x_wconf 79' lang='grc' dir='ltr'>φησὶ,</span> 
     </span>
    </p>
   </div>
   <div class='ocr_carea' id='block_1_9' title="bbox 301 799 1880 874">
    <p class='ocr_par' dir='ltr' id='par_1_9' title="bbox 301 799 1880 874">
     <span class='ocr_line' id='line_1_9' title="bbox 301 799 1880 874; baseline -0.004 -16"><span class='ocrx_word' id='word_1_53' title='bbox 301 805 526 860; x_wconf 86' lang='grc' dir='ltr'>δύναται</span> <span class='ocrx_word' id='word_1_54' title='bbox 551 805 719 870; x_wconf 80' lang='grc' dir='ltr'>δεῖξαι</span> <span class='ocrx_word' id='word_1_55' title='bbox 745 805 877 874; x_wconf 81' lang='grc' dir='ltr'>ἡμῖν</span> <span class='ocrx_word' id='word_1_56' title='bbox 908 802 1006 866; x_wconf 76' lang='grc' dir='ltr'><strong>τὰς</strong></span> <span class='ocrx_word' id='word_1_57' title='bbox 1033 800 1364 870; x_wconf 89' lang='grc' dir='ltr'>ἐπαγγελίας</span> <span class='ocrx_word' id='word_1_58' title='bbox 1396 799 1496 863; x_wconf 71' lang='grc' dir='ltr'><strong>τὰς</strong></span> <span class='ocrx_word' id='word_1_59' title='bbox 1525 799 1624 862; x_wconf 82' lang='grc' dir='ltr'>σὰς</span> <span class='ocrx_word' id='word_1_60' title='bbox 1657 799 1750 852; x_wconf 67' lang='grc' dir='ltr'><strong>κα)⁸</strong></span> <span class='ocrx_word' id='word_1_61' title='bbox 1772 799 1880 852; x_wconf 86' lang='grc' dir='ltr'><strong>τῶν</strong></span> 
     </span>
    </p>
   </div>
   <div class='ocr_carea' id='block_1_10' title="bbox 305 890 1880 965">
    <p class='ocr_par' dir='ltr' id='par_1_10' title="bbox 305 890 1880 965">
     <span class='ocr_line' id='line_1_10' title="bbox 305 890 1880 965; baseline -0.004 -16"><span class='ocrx_word' id='word_1_62' title='bbox 305 895 417 949; x_wconf 88' lang='grc' dir='ltr'><strong>σῶν</strong></span> <span class='ocrx_word' id='word_1_63' title='bbox 439 896 613 965; x_wconf 86' lang='grc' dir='ltr'>λόγων</span> <span class='ocrx_word' id='word_1_64' title='bbox 645 895 712 949; x_wconf 83' lang='grc' dir='ltr'>τὰ</span> <span class='ocrx_word' id='word_1_65' title='bbox 743 893 1179 964; x_wconf 80' lang='grc' dir='ltr'><strong>ἀποτελέσματα,</strong></span> <span class='ocrx_word' id='word_1_66' title='bbox 1213 893 1262 947; x_wconf 85' lang='grc' dir='ltr'><strong>εί</strong></span> <span class='ocrx_word' id='word_1_67' title='bbox 1298 893 1372 964; x_wconf 82' lang='grc' dir='ltr'><strong>μὴ</strong></span> <span class='ocrx_word' id='word_1_68' title='bbox 1401 893 1465 945; x_wconf 81' lang='grc' dir='ltr'><strong>σὺ</strong></span> <span class='ocrx_word' id='word_1_69' title='bbox 1495 890 1656 953; x_wconf 81' lang='grc' dir='ltr'>αὐτὸς</span> <span class='ocrx_word' id='word_1_70' title='bbox 1704 892 1732 943; x_wconf 97' lang='lat'><strong>6</strong></span> <span class='ocrx_word' id='word_1_71' title='bbox 1775 891 1880 944; x_wconf 58' lang='grc' dir='ltr'>ἀπε</span> 
     </span>
    </p>
   </div>
   <div class='ocr_carea' id='block_1_11' title="bbox 301 979 1878 1056">
    <p class='ocr_par' dir='ltr' id='par_1_11' title="bbox 301 979 1878 1056">
     <span class='ocr_line' id='line_1_11' title="bbox 301 979 1878 1056; baseline -0.004 -17"><span class='ocrx_word' id='word_1_72' title='bbox 301 986 589 1054; x_wconf 83' lang='grc' dir='ltr'>ωσάμενος</span> <span class='ocrx_word' id='word_1_73' title='bbox 621 985 804 1056; x_wconf 76' lang='grc' dir='ltr'>ἡμᾶςς</span> <span class='ocrx_word' id='word_1_74' title='bbox 832 983 886 1054; x_wconf 82' lang='grc' dir='ltr'>ἢ,</span> <span class='ocrx_word' id='word_1_75' title='bbox 919 981 1062 1036; x_wconf 80' lang='grc' dir='ltr'>κατὰ</span> <span class='ocrx_word' id='word_1_76' title='bbox 1095 980 1187 1035; x_wconf 86' lang='grc' dir='ltr'><strong>τὸν</strong></span> <span class='ocrx_word' id='word_1_77' title='bbox 1215 981 1529 1052; x_wconf 84' lang='grc' dir='ltr'><strong>Σύμμαχον,</strong></span> <span class='ocrx_word' id='word_1_78' title='bbox 1559 998 1577 1031; x_wconf 78' lang='grc' dir='ltr'><strong>ι</strong></span> <span class='ocrx_word' id='word_1_79' title='bbox 1613 981 1677 1033; x_wconf 85' lang='lat' dir='ltr'><strong>El</strong></span> <span class='ocrx_word' id='word_1_80' title='bbox 1710 979 1783 1050; x_wconf 83' lang='grc' dir='ltr'>μὴ</span> <span class='ocrx_word' id='word_1_81' title='bbox 1815 980 1878 1032; x_wconf 83' lang='grc' dir='ltr'><strong>σὺ</strong></span> 
     </span>
    </p>
   </div>
   <div class='ocr_carea' id='block_1_12' title="bbox 301 1069 1880 1144">
    <p class='ocr_par' dir='ltr' id='par_1_12' title="bbox 301 1069 1880 1144">
     <span class='ocr_line' id='line_1_12' title="bbox 301 1069 1880 1144; baseline -0.001 -18"><span class='ocrx_word' id='word_1_82' title='bbox 301 1073 333 1126; x_wconf 90' lang='lat'><strong>6</strong></span> <span class='ocrx_word' id='word_1_83' title='bbox 368 1073 499 1137; x_wconf 90' lang='grc' dir='ltr'>Θεὸς</span> <span class='ocrx_word' id='word_1_84' title='bbox 529 1074 558 1126; x_wconf 94' lang='lat'><strong>6</strong></span> <span class='ocrx_word' id='word_1_85' title='bbox 589 1072 1022 1144; x_wconf 79' lang='grc' dir='ltr'>ἀποσαλλόμενος</span> <span class='ocrx_word' id='word_1_86' title='bbox 1047 1074 1216 1144; x_wconf 74' lang='grc' dir='ltr'>ἡμᾶς,</span> <span class='ocrx_word' id='word_1_87' title='bbox 1243 1071 1338 1125; x_wconf 75' lang='grc' dir='ltr'><strong>καὶ</strong></span> <span class='ocrx_word' id='word_1_88' title='bbox 1371 1071 1446 1142; x_wconf 84' lang='grc' dir='ltr'>μὴ</span> <span class='ocrx_word' id='word_1_89' title='bbox 1481 1069 1792 1141; x_wconf 84' lang='grc' dir='ltr'>προσελθὼν</span> <span class='ocrx_word' id='word_1_90' title='bbox 1823 1072 1880 1124; x_wconf 88' lang='grc' dir='ltr'><strong>ἐν</strong></span> 
     </span>
    </p>
   </div>
   <div class='ocr_carea' id='block_1_13' title="bbox 299 1161 1878 1236">
    <p class='ocr_par' dir='ltr' id='par_1_13' title="bbox 299 1161 1878 1236">
     <span class='ocr_line' id='line_1_13' title="bbox 299 1161 1878 1236; baseline -0.003 -18"><span class='ocrx_word' id='word_1_91' title='bbox 299 1167 425 1228; x_wconf 84' lang='grc' dir='ltr'>ταῖς</span> <span class='ocrx_word' id='word_1_92' title='bbox 473 1164 855 1236; x_wconf 87' lang='grc' dir='ltr'>στρατεύσεσιν</span> <span class='ocrx_word' id='word_1_93' title='bbox 893 1164 1084 1236; x_wconf 82' lang='grc' dir='ltr'>ἠμῶν;</span> <span class='ocrx_word' id='word_1_94' title='bbox 1127 1184 1146 1216; x_wconf 72' lang='grc' dir='ltr'><strong>ι</strong></span> <span class='ocrx_word' id='word_1_95' title='bbox 1194 1161 1424 1219; x_wconf 76' lang='grc' dir='ltr'>Ἀπώσω</span> <span class='ocrx_word' id='word_1_96' title='bbox 1453 1163 1560 1234; x_wconf 84' lang='grc' dir='ltr'><strong>γὰρ</strong></span> <span class='ocrx_word' id='word_1_97' title='bbox 1603 1163 1751 1233; x_wconf 74' lang='grc' dir='ltr'>ἡμᾶς</span> <span class='ocrx_word' id='word_1_98' title='bbox 1791 1163 1878 1226; x_wconf 87' lang='grc' dir='ltr'><strong>σὺ,</strong></span> 
     </span>
    </p>
   </div>
   <div class='ocr_carea' id='block_1_14' title="bbox 302 1251 1880 1330">
    <p class='ocr_par' dir='ltr' id='par_1_14' title="bbox 302 1251 1880 1330">
     <span class='ocr_line' id='line_1_14' title="bbox 302 1251 1880 1330; baseline -0.005 -18"><span class='ocrx_word' id='word_1_99' title='bbox 302 1259 500 1330; x_wconf 82' lang='grc' dir='ltr'>Κύριε,</span> <span class='ocrx_word' id='word_1_100' title='bbox 535 1258 627 1312; x_wconf 78' lang='grc' dir='ltr'>καὶ</span> <span class='ocrx_word' id='word_1_101' title='bbox 665 1256 912 1321; x_wconf 82' lang='grc' dir='ltr'>καθεῖλες</span> <span class='ocrx_word' id='word_1_102' title='bbox 947 1259 1124 1328; x_wconf 78' lang='grc' dir='ltr'>ἡμᾶς·</span> <span class='ocrx_word' id='word_1_103' title='bbox 1159 1254 1295 1310; x_wconf 79' lang='grc' dir='ltr'>ἀλλὰ</span> <span class='ocrx_word' id='word_1_104' title='bbox 1327 1254 1422 1307; x_wconf 76' lang='grc' dir='ltr'><strong>καὶ</strong></span> <span class='ocrx_word' id='word_1_105' title='bbox 1463 1252 1631 1308; x_wconf 80' lang='grc' dir='ltr'>πάλαι</span> <span class='ocrx_word' id='word_1_106' title='bbox 1676 1251 1880 1318; x_wconf 74' lang='grc' dir='ltr'>εἰωθὼς</span> 
     </span>
    </p>
   </div>
   <div class='ocr_carea' id='block_1_15' title="bbox 304 1343 1882 1419">
    <p class='ocr_par' dir='ltr' id='par_1_15' title="bbox 304 1343 1882 1419">
     <span class='ocr_line' id='line_1_15' title="bbox 304 1343 1882 1419; baseline -0.003 -17"><span class='ocrx_word' id='word_1_107' title='bbox 304 1347 610 1413; x_wconf 79' lang='grc' dir='ltr'><strong>συνεξιέναι</strong></span> <span class='ocrx_word' id='word_1_108' title='bbox 653 1349 748 1404; x_wconf 74' lang='grc' dir='ltr'><strong>καὶ</strong></span> <span class='ocrx_word' id='word_1_109' title='bbox 798 1347 1166 1419; x_wconf 82' lang='grc' dir='ltr'><strong>συμπολεμεῖν</strong></span> <span class='ocrx_word' id='word_1_110' title='bbox 1210 1349 1332 1410; x_wconf 82' lang='grc' dir='ltr'>ταῖς</span> <span class='ocrx_word' id='word_1_111' title='bbox 1383 1344 1680 1417; x_wconf 79' lang='grc' dir='ltr'><strong>ἡμετέραις</strong></span> <span class='ocrx_word' id='word_1_112' title='bbox 1725 1343 1882 1397; x_wconf 82' lang='grc' dir='ltr'>δυνά-</span> 
     </span>
    </p>
   </div>
   <div class='ocr_carea' id='block_1_16' title="bbox 305 1435 1882 1513">
    <p class='ocr_par' dir='ltr' id='par_1_16' title="bbox 305 1435 1882 1513">
     <span class='ocr_line' id='line_1_16' title="bbox 305 1435 1882 1513; baseline -0.004 -19"><span class='ocrx_word' id='word_1_113' title='bbox 305 1457 456 1513; x_wconf 86' lang='grc' dir='ltr'>μεσι,</span> <span class='ocrx_word' id='word_1_114' title='bbox 476 1439 572 1494; x_wconf 90' lang='grc' dir='ltr'><strong>νῦν</strong></span> <span class='ocrx_word' id='word_1_115' title='bbox 592 1441 679 1494; x_wconf 83' lang='grc' dir='ltr'><strong>ὅτε</strong></span> <span class='ocrx_word' id='word_1_116' title='bbox 707 1440 804 1510; x_wconf 82' lang='grc' dir='ltr'><strong>τὴν</strong></span> <span class='ocrx_word' id='word_1_117' title='bbox 833 1439 1024 1510; x_wconf 78' lang='grc' dir='ltr'>κλῆσιν</span> <span class='ocrx_word' id='word_1_118' title='bbox 1047 1439 1286 1508; x_wconf 84' lang='grc' dir='ltr'><strong>ἐποιήσω</strong></span> <span class='ocrx_word' id='word_1_119' title='bbox 1317 1439 1426 1490; x_wconf 81' lang='grc' dir='ltr'><strong>τῶν</strong></span> <span class='ocrx_word' id='word_1_120' title='bbox 1455 1436 1645 1503; x_wconf 80' lang='grc' dir='ltr'>ἐθνῶν,</span> <span class='ocrx_word' id='word_1_121' title='bbox 1677 1435 1882 1489; x_wconf 82' lang='grc' dir='ltr'>ἀπώσω</span> 
     </span>
    </p>
   </div>
   <div class='ocr_carea' id='block_1_17' title="bbox 305 1529 1876 1605">
    <p class='ocr_par' dir='ltr' id='par_1_17' title="bbox 305 1529 1876 1605">
     <span class='ocr_line' id='line_1_17' title="bbox 305 1529 1876 1605; baseline -0.003 -19"><span class='ocrx_word' id='word_1_122' title='bbox 305 1534 456 1605; x_wconf 77' lang='grc' dir='ltr'>ἡμᾶς</span> <span class='ocrx_word' id='word_1_123' title='bbox 482 1532 574 1586; x_wconf 75' lang='grc' dir='ltr'><strong>καὶ</strong></span> <span class='ocrx_word' id='word_1_124' title='bbox 602 1532 785 1586; x_wconf 79' lang='grc' dir='ltr'>οὐκέτι</span> <span class='ocrx_word' id='word_1_125' title='bbox 813 1531 1104 1603; x_wconf 78' lang='grc' dir='ltr'>συνεξέρχῃ</span> <span class='ocrx_word' id='word_1_126' title='bbox 1128 1535 1248 1596; x_wconf 84' lang='grc' dir='ltr'>ταῖς</span> <span class='ocrx_word' id='word_1_127' title='bbox 1275 1531 1573 1602; x_wconf 77' lang='grc' dir='ltr'>ἡμετέραις</span> <span class='ocrx_word' id='word_1_128' title='bbox 1599 1529 1876 1600; x_wconf 81' lang='grc' dir='ltr'>δυνάμεσι,</span> 
     </span>
    </p>
   </div>
   <div class='ocr_carea' id='block_1_18' title="bbox 309 1621 1882 1696">
    <p class='ocr_par' dir='ltr' id='par_1_18' title="bbox 309 1621 1882 1696">
     <span class='ocr_line' id='line_1_18' title="bbox 309 1621 1882 1696; baseline -0.003 -17"><span class='ocrx_word' id='word_1_129' title='bbox 309 1625 477 1696; x_wconf 82' lang='grc' dir='ltr'>Ἀλλη</span> <span class='ocrx_word' id='word_1_130' title='bbox 526 1621 619 1680; x_wconf 79' lang='grc' dir='ltr'><strong>οὖν</strong></span> <span class='ocrx_word' id='word_1_131' title='bbox 651 1626 752 1680; x_wconf 77' lang='grc' dir='ltr'><strong>οὐκ</strong></span> <span class='ocrx_word' id='word_1_132' title='bbox 783 1625 928 1679; x_wconf 74' lang='grc' dir='ltr'>ἔστιν</span> <span class='ocrx_word' id='word_1_133' title='bbox 975 1626 1107 1696; x_wconf 72' lang='grc' dir='ltr'>ἡμῖν</span> <span class='ocrx_word' id='word_1_134' title='bbox 1133 1624 1286 1688; x_wconf 72' lang='grc' dir='ltr'>ἐλπὶς</span> <span class='ocrx_word' id='word_1_135' title='bbox 1319 1624 1454 1695; x_wconf 88' lang='grc' dir='ltr'>πρὸς</span> <span class='ocrx_word' id='word_1_136' title='bbox 1486 1622 1546 1676; x_wconf 89' lang='grc' dir='ltr'><strong>τὸ</strong></span> <span class='ocrx_word' id='word_1_137' title='bbox 1586 1621 1882 1676; x_wconf 84' lang='grc' dir='ltr'>θεάσασθαί</span> 
     </span>
    </p>
   </div>
   <div class='ocr_carea' id='block_1_19' title="bbox 303 1715 1876 1789">
    <p class='ocr_par' dir='ltr' id='par_1_19' title="bbox 303 1715 1876 1789">
     <span class='ocr_line' id='line_1_19' title="bbox 303 1715 1876 1789; baseline -0.004 -17"><span class='ocrx_word' id='word_1_138' title='bbox 303 1737 399 1774; x_wconf 87' lang='grc' dir='ltr'><strong>σου</strong></span> <span class='ocrx_word' id='word_1_139' title='bbox 444 1719 542 1784; x_wconf 86' lang='grc' dir='ltr'>τὰς</span> <span class='ocrx_word' id='word_1_140' title='bbox 585 1719 936 1788; x_wconf 88' lang='grc' dir='ltr'>ἐπαγγελίας,</span> <span class='ocrx_word' id='word_1_141' title='bbox 983 1719 1032 1772; x_wconf 83' lang='grc' dir='ltr'>ει</span> <span class='ocrx_word' id='word_1_142' title='bbox 1091 1717 1166 1789; x_wconf 81' lang='grc' dir='ltr'><strong>μὴ</strong></span> <span class='ocrx_word' id='word_1_143' title='bbox 1215 1718 1281 1770; x_wconf 80' lang='grc' dir='ltr'><strong>σὺ</strong></span> <span class='ocrx_word' id='word_1_144' title='bbox 1334 1716 1494 1780; x_wconf 81' lang='grc' dir='ltr'>αὐτὸς</span> <span class='ocrx_word' id='word_1_145' title='bbox 1540 1715 1876 1787; x_wconf 79' lang='grc' dir='ltr'>βουληθείης.</span> 
     </span>
    </p>
   </div>
   <div class='ocr_carea' id='block_1_20' title="bbox 1982 509 3552 594">
    <p class='ocr_par' dir='ltr' id='par_1_20' title="bbox 1982 509 3552 594">
     <span class='ocr_line' id='line_1_20' title="bbox 1982 509 3552 594; baseline 0.001 -15"><span class='ocrx_word' id='word_1_146' title='bbox 1982 525 2134 580; x_wconf 88' lang='lat' dir='ltr'><strong>solus</strong></span> <span class='ocrx_word' id='word_1_147' title='bbox 2174 523 2304 578; x_wconf 86' lang='lat' dir='ltr'><strong>talia</strong></span> <span class='ocrx_word' id='word_1_148' title='bbox 2345 521 2636 579; x_wconf 88' lang='lat' dir='ltr'><strong>ostendere</strong></span> <span class='ocrx_word' id='word_1_149' title='bbox 2683 509 2859 593; x_wconf 86' lang='lat' dir='ltr'><strong>possit</strong></span> <span class='ocrx_word' id='word_1_150' title='bbox 2908 539 3241 594; x_wconf 79' lang='lat' dir='ltr'><strong>cognoscere</strong></span> <span class='ocrx_word' id='word_1_151' title='bbox 3277 539 3336 579; x_wconf 88' lang='lat' dir='ltr'><strong>se</strong></span> <span class='ocrx_word' id='word_1_152' title='bbox 3379 526 3552 581; x_wconf 84' lang='lat' dir='ltr'><strong>conli-</strong></span> 
     </span>
    </p>
   </div>
   <div class='ocr_carea' id='block_1_21' title="bbox 1981 613 3553 686">
    <p class='ocr_par' dir='ltr' id='par_1_21' title="bbox 1981 613 3553 686">
     <span class='ocr_line' id='line_1_21' title="bbox 1981 613 3553 686; baseline -0.001 -15"><span class='ocrx_word' id='word_1_153' title='bbox 1981 626 2160 684; x_wconf 86' lang='lat' dir='ltr'><strong>tetur;</strong></span> <span class='ocrx_word' id='word_1_154' title='bbox 2197 617 2284 671; x_wconf 92' lang='lat' dir='ltr'><strong>hic</strong></span> <span class='ocrx_word' id='word_1_155' title='bbox 2306 631 2470 686; x_wconf 89' lang='lat' dir='ltr'><strong>porro</strong></span> <span class='ocrx_word' id='word_1_156' title='bbox 2504 613 2650 670; x_wconf 88' lang='lat' dir='ltr'><strong>Deus</strong></span> <span class='ocrx_word' id='word_1_157' title='bbox 2678 625 2830 681; x_wconf 90' lang='lat' dir='ltr'><strong>erat;</strong></span> <span class='ocrx_word' id='word_1_158' title='bbox 2863 615 3008 684; x_wconf 88' lang='lat' dir='ltr'><strong>quod</strong></span> <span class='ocrx_word' id='word_1_159' title='bbox 3043 617 3208 671; x_wconf 90' lang='lat' dir='ltr'><strong>etiam</strong></span> <span class='ocrx_word' id='word_1_160' title='bbox 3263 615 3419 670; x_wconf 87' lang='lat' dir='ltr'><strong>initio</strong></span> <span class='ocrx_word' id='word_1_161' title='bbox 3449 617 3553 670; x_wconf 82' lang='lat' dir='ltr'><strong>hu-</strong></span> 
     </span>
    </p>
   </div>
   <div class='ocr_carea' id='block_1_22' title="bbox 1975 707 3549 780">
    <p class='ocr_par' dir='ltr' id='par_1_22' title="bbox 1975 707 3549 780">
     <span class='ocr_line' id='line_1_22' title="bbox 1975 707 3549 780; baseline 0 -18"><span class='ocrx_word' id='word_1_162' title='bbox 1975 708 2067 778; x_wconf 85' lang='lat' dir='ltr'><strong>jus</strong></span> <span class='ocrx_word' id='word_1_163' title='bbox 2100 708 2248 762; x_wconf 89' lang='lat' dir='ltr'><strong>tituli</strong></span> <span class='ocrx_word' id='word_1_164' title='bbox 2301 707 2680 778; x_wconf 83' lang='lat' dir='ltr'><strong>inscriptionis</strong></span> <span class='ocrx_word' id='word_1_165' title='bbox 2729 707 2946 763; x_wconf 85' lang='lat' dir='ltr'><strong>dicebat</strong></span> <span class='ocrx_word' id='word_1_166' title='bbox 2979 728 2993 764; x_wconf 88' lang='lat'><strong>:</strong></span> <span class='ocrx_word' id='word_1_167' title='bbox 3030 727 3048 759; x_wconf 77' lang='grc' dir='ltr'><strong>ι</strong></span> <span class='ocrx_word' id='word_1_168' title='bbox 3088 707 3252 770; x_wconf 83' lang='lat' dir='ltr'><strong>Deus.</strong></span> <span class='ocrx_word' id='word_1_169' title='bbox 3299 709 3549 780; x_wconf 88' lang='lat' dir='ltr'><strong>repulisti</strong></span> 
     </span>
    </p>
   </div>
   <div class='ocr_carea' id='block_1_23' title="bbox 1979 801 3545 872">
    <p class='ocr_par' dir='ltr' id='par_1_23' title="bbox 1979 801 3545 872">
     <span class='ocr_line' id='line_1_23' title="bbox 1979 801 3545 872; baseline 0.001 -16"><span class='ocrx_word' id='word_1_170' title='bbox 1979 816 2082 858; x_wconf 89' lang='lat' dir='ltr'><strong>nos</strong></span> <span class='ocrx_word' id='word_1_171' title='bbox 2107 810 2162 856; x_wconf 88' lang='lat' dir='ltr'><strong>et</strong></span> <span class='ocrx_word' id='word_1_172' title='bbox 2187 801 2510 856; x_wconf 86' lang='lat' dir='ltr'><strong>destruxisti</strong></span> <span class='ocrx_word' id='word_1_173' title='bbox 2540 814 2697 856; x_wconf 64' lang='lat' dir='ltr'><strong>nos.»</strong></span> <span class='ocrx_word' id='word_1_174' title='bbox 2729 801 2910 868; x_wconf 84' lang='lat' dir='ltr'><strong>Quare</strong></span> <span class='ocrx_word' id='word_1_175' title='bbox 2942 801 3008 855; x_wconf 86' lang='lat' dir='ltr'><strong>ad</strong></span> <span class='ocrx_word' id='word_1_176' title='bbox 3040 801 3184 855; x_wconf 86' lang='lat' dir='ltr'><strong>illam</strong></span> <span class='ocrx_word' id='word_1_177' title='bbox 3205 817 3389 857; x_wconf 83' lang='lat' dir='ltr'><strong>vocem</strong></span> <span class='ocrx_word' id='word_1_178' title='bbox 3422 818 3545 872; x_wconf 85' lang='lat' dir='ltr'><strong>spe-</strong></span> 
     </span>
    </p>
   </div>
   <div class='ocr_carea' id='block_1_24' title="bbox 1979 892 3545 965">
    <p class='ocr_par' dir='ltr' id='par_1_24' title="bbox 1979 892 3545 965">
     <span class='ocr_line' id='line_1_24' title="bbox 1979 892 3545 965; baseline 0.001 -17"><span class='ocrx_word' id='word_1_179' title='bbox 1979 902 2159 959; x_wconf 88' lang='lat' dir='ltr'><strong>ctans,</strong></span> <span class='ocrx_word' id='word_1_180' title='bbox 2199 892 2450 948; x_wconf 82' lang='lat' dir='ltr'><strong>eamdem</strong></span> <span class='ocrx_word' id='word_1_181' title='bbox 2503 894 2594 949; x_wconf 93' lang='lat' dir='ltr'><strong>hic</strong></span> <span class='ocrx_word' id='word_1_182' title='bbox 2658 892 2860 965; x_wconf 82' lang='lat' dir='ltr'><strong>profert</strong></span> <span class='ocrx_word' id='word_1_183' title='bbox 2921 895 3244 948; x_wconf 87' lang='lat' dir='ltr'><strong>sententiam</strong></span> <span class='ocrx_word' id='word_1_184' title='bbox 3317 892 3545 950; x_wconf 87' lang='lat' dir='ltr'><strong>dicens:</strong></span> 
     </span>
    </p>
   </div>
   <div class='ocr_carea' id='block_1_25' title="bbox 1985 984 3547 1058">
    <p class='ocr_par' dir='ltr' id='par_1_25' title="bbox 1985 984 3547 1058">
     <span class='ocr_line' id='line_1_25' title="bbox 1985 984 3547 1058; baseline -0.001 -19"><span class='ocrx_word' id='word_1_185' title='bbox 1985 1006 2004 1039; x_wconf 76' lang='grc' dir='ltr'><strong>ι</strong></span> <span class='ocrx_word' id='word_1_186' title='bbox 2031 987 2223 1042; x_wconf 86' lang='lat' dir='ltr'><strong>Nonne</strong></span> <span class='ocrx_word' id='word_1_187' title='bbox 2245 994 2330 1050; x_wconf 88' lang='lat' dir='ltr'><strong>tu,</strong></span> <span class='ocrx_word' id='word_1_188' title='bbox 2364 984 2532 1050; x_wconf 88' lang='lat' dir='ltr'><strong>Deus,</strong></span> <span class='ocrx_word' id='word_1_189' title='bbox 2571 987 2665 1056; x_wconf 87' lang='lat' dir='ltr'><strong>qui</strong></span> <span class='ocrx_word' id='word_1_190' title='bbox 2713 988 2962 1058; x_wconf 88' lang='lat' dir='ltr'><strong>repulisti</strong></span> <span class='ocrx_word' id='word_1_191' title='bbox 2989 988 3128 1042; x_wconf 84' lang='lat' dir='ltr'><strong>nos?</strong></span> <span class='ocrx_word' id='word_1_192' title='bbox 3153 1007 3172 1039; x_wconf 75' lang='grc' dir='ltr'><strong>ι</strong></span> <span class='ocrx_word' id='word_1_193' title='bbox 3227 987 3361 1052; x_wconf 85' lang='lat' dir='ltr'><strong>Quis</strong></span> <span class='ocrx_word' id='word_1_194' title='bbox 3401 988 3547 1042; x_wconf 87' lang='lat' dir='ltr'><strong>enim</strong></span> 
     </span>
    </p>
   </div>
   <div class='ocr_carea' id='block_1_26' title="bbox 1983 1079 3546 1150">
    <p class='ocr_par' dir='ltr' id='par_1_26' title="bbox 1983 1079 3546 1150">
     <span class='ocr_line' id='line_1_26' title="bbox 1983 1079 3546 1150; baseline -0.002 -17"><span class='ocrx_word' id='word_1_195' title='bbox 1983 1079 2147 1141; x_wconf 88' lang='lat' dir='ltr'><strong>alius,</strong></span> <span class='ocrx_word' id='word_1_196' title='bbox 2199 1081 2398 1149; x_wconf 85' lang='lat' dir='ltr'><strong>inquit,</strong></span> <span class='ocrx_word' id='word_1_197' title='bbox 2450 1081 2717 1150; x_wconf 87' lang='lat' dir='ltr'><strong>promissa</strong></span> <span class='ocrx_word' id='word_1_198' title='bbox 2747 1088 2861 1144; x_wconf 90' lang='lat' dir='ltr'><strong>tua,</strong></span> <span class='ocrx_word' id='word_1_199' title='bbox 2912 1086 2968 1133; x_wconf 89' lang='lat' dir='ltr'><strong>et</strong></span> <span class='ocrx_word' id='word_1_200' title='bbox 3010 1079 3301 1134; x_wconf 81' lang='lat' dir='ltr'><strong>verborum</strong></span> <span class='ocrx_word' id='word_1_201' title='bbox 3330 1089 3546 1134; x_wconf 87' lang='lat' dir='ltr'><strong>tuorum</strong></span> 
     </span>
    </p>
   </div>
   <div class='ocr_carea' id='block_1_27' title="bbox 1980 1169 3549 1239">
    <p class='ocr_par' dir='ltr' id='par_1_27' title="bbox 1980 1169 3549 1239">
     <span class='ocr_line' id='line_1_27' title="bbox 1980 1169 3549 1239; baseline -0.003 -14"><span class='ocrx_word' id='word_1_202' title='bbox 1980 1171 2188 1225; x_wconf 77' lang='lat' dir='ltr'><strong>exitum</strong></span> <span class='ocrx_word' id='word_1_203' title='bbox 2253 1170 2509 1226; x_wconf 83' lang='lat' dir='ltr'><strong>exhibere</strong></span> <span class='ocrx_word' id='word_1_204' title='bbox 2563 1171 2721 1224; x_wconf 87' lang='lat' dir='ltr'><strong>nobis</strong></span> <span class='ocrx_word' id='word_1_205' title='bbox 2780 1169 2976 1229; x_wconf 83' lang='lat' dir='ltr'><strong>valeat,</strong></span> <span class='ocrx_word' id='word_1_206' title='bbox 3044 1170 3148 1224; x_wconf 86' lang='lat' dir='ltr'><strong>nisi</strong></span> <span class='ocrx_word' id='word_1_207' title='bbox 3203 1179 3260 1222; x_wconf 93' lang='lat' dir='ltr'><strong>tu</strong></span> <span class='ocrx_word' id='word_1_208' title='bbox 3304 1169 3418 1239; x_wconf 91' lang='lat' dir='ltr'><strong>ipse</strong></span> <span class='ocrx_word' id='word_1_209' title='bbox 3455 1169 3549 1239; x_wconf 87' lang='lat' dir='ltr'><strong>qui</strong></span> 
     </span>
    </p>
   </div>
   <div class='ocr_carea' id='block_1_28' title="bbox 1981 1257 3550 1331">
    <p class='ocr_par' dir='ltr' id='par_1_28' title="bbox 1981 1257 3550 1331">
     <span class='ocr_line' id='line_1_28' title="bbox 1981 1257 3550 1331; baseline 0.001 -18"><span class='ocrx_word' id='word_1_210' title='bbox 1981 1260 2231 1330; x_wconf 91' lang='lat' dir='ltr'><strong>repulisti</strong></span> <span class='ocrx_word' id='word_1_211' title='bbox 2267 1260 2412 1316; x_wconf 85' lang='lat' dir='ltr'><strong>nos?</strong></span> <span class='ocrx_word' id='word_1_212' title='bbox 2443 1260 2579 1324; x_wconf 91' lang='lat' dir='ltr'><strong>sive,</strong></span> <span class='ocrx_word' id='word_1_213' title='bbox 2614 1260 2917 1315; x_wconf 89' lang='lat' dir='ltr'><strong>secundum</strong></span> <span class='ocrx_word' id='word_1_214' title='bbox 2950 1257 3359 1331; x_wconf 78' lang='lat' dir='ltr'><strong>Symmachum,</strong></span> <span class='ocrx_word' id='word_1_215' title='bbox 3389 1277 3407 1310; x_wconf 72' lang='grc' dir='ltr'><strong>ι</strong></span> <span class='ocrx_word' id='word_1_216' title='bbox 3432 1258 3550 1314; x_wconf 85' lang='lat' dir='ltr'><strong>Nisi</strong></span> 
     </span>
    </p>
   </div>
   <div class='ocr_carea' id='block_1_29' title="bbox 1986 1351 3551 1422">
    <p class='ocr_par' dir='ltr' id='par_1_29' title="bbox 1986 1351 3551 1422">
     <span class='ocr_line' id='line_1_29' title="bbox 1986 1351 3551 1422; baseline -0.002 -14"><span class='ocrx_word' id='word_1_217' title='bbox 1986 1361 2068 1416; x_wconf 88' lang='lat' dir='ltr'><strong>tu,</strong></span> <span class='ocrx_word' id='word_1_218' title='bbox 2101 1352 2265 1417; x_wconf 91' lang='lat' dir='ltr'><strong>Deus,</strong></span> <span class='ocrx_word' id='word_1_219' title='bbox 2289 1353 2382 1422; x_wconf 90' lang='lat' dir='ltr'><strong>qui</strong></span> <span class='ocrx_word' id='word_1_220' title='bbox 2415 1353 2612 1422; x_wconf 86' lang='lat' dir='ltr'><strong>abjicis</strong></span> <span class='ocrx_word' id='word_1_221' title='bbox 2648 1368 2770 1417; x_wconf 89' lang='lat' dir='ltr'><strong>nos,</strong></span> <span class='ocrx_word' id='word_1_222' title='bbox 2817 1360 2874 1407; x_wconf 93' lang='lat' dir='ltr'><strong>et</strong></span> <span class='ocrx_word' id='word_1_223' title='bbox 2902 1367 3011 1406; x_wconf 93' lang='lat' dir='ltr'><strong>non</strong></span> <span class='ocrx_word' id='word_1_224' title='bbox 3041 1351 3260 1406; x_wconf 83' lang='lat' dir='ltr'><strong>accedis</strong></span> <span class='ocrx_word' id='word_1_225' title='bbox 3296 1351 3364 1405; x_wconf 88' lang='lat' dir='ltr'><strong>ad</strong></span> <span class='ocrx_word' id='word_1_226' title='bbox 3395 1368 3551 1407; x_wconf 86' lang='lat' dir='ltr'><strong>exer-</strong></span> 
     </span>
    </p>
   </div>
   <div class='ocr_carea' id='block_1_30' title="bbox 1983 1442 3550 1514">
    <p class='ocr_par' dir='ltr' id='par_1_30' title="bbox 1983 1442 3550 1514">
     <span class='ocr_line' id='line_1_30' title="bbox 1983 1442 3550 1514; baseline -0.003 -13"><span class='ocrx_word' id='word_1_227' title='bbox 1983 1445 2128 1501; x_wconf 91' lang='lat' dir='ltr'><strong>citus</strong></span> <span class='ocrx_word' id='word_1_228' title='bbox 2163 1445 2420 1499; x_wconf 86' lang='lat' dir='ltr'><strong>nostros?</strong></span> <span class='ocrx_word' id='word_1_229' title='bbox 2451 1465 2468 1496; x_wconf 75' lang='grc' dir='ltr'><strong>ι</strong></span> <span class='ocrx_word' id='word_1_230' title='bbox 2546 1443 2823 1514; x_wconf 88' lang='lat' dir='ltr'><strong>Siquidem</strong></span> <span class='ocrx_word' id='word_1_231' title='bbox 2853 1443 3102 1513; x_wconf 88' lang='lat' dir='ltr'><strong>repulisti</strong></span> <span class='ocrx_word' id='word_1_232' title='bbox 3159 1458 3282 1509; x_wconf 92' lang='lat' dir='ltr'><strong>nos,</strong></span> <span class='ocrx_word' id='word_1_233' title='bbox 3335 1450 3392 1497; x_wconf 92' lang='lat' dir='ltr'><strong>tu</strong></span> <span class='ocrx_word' id='word_1_234' title='bbox 3443 1442 3550 1497; x_wconf 83' lang='lat' dir='ltr'><strong>Do-</strong></span> 
     </span>
    </p>
   </div>
   <div class='ocr_carea' id='block_1_31' title="bbox 1983 1535 3543 1604">
    <p class='ocr_par' dir='ltr' id='par_1_31' title="bbox 1983 1535 3543 1604">
     <span class='ocr_line' id='line_1_31' title="bbox 1983 1535 3543 1604; baseline 0 -14"><span class='ocrx_word' id='word_1_235' title='bbox 1983 1537 2154 1600; x_wconf 88' lang='lat' dir='ltr'><strong>mine,</strong></span> <span class='ocrx_word' id='word_1_236' title='bbox 2185 1544 2238 1590; x_wconf 90' lang='lat' dir='ltr'><strong>et</strong></span> <span class='ocrx_word' id='word_1_237' title='bbox 2270 1536 2461 1590; x_wconf 89' lang='lat' dir='ltr'><strong>destru</strong></span> <span class='ocrx_word' id='word_1_238' title='bbox 2479 1536 2604 1592; x_wconf 79' lang='lat' dir='ltr'><strong>xisti</strong></span> <span class='ocrx_word' id='word_1_239' title='bbox 2637 1551 2777 1590; x_wconf 83' lang='lat' dir='ltr'><strong>nos:</strong></span> <span class='ocrx_word' id='word_1_240' title='bbox 2815 1535 2910 1590; x_wconf 89' lang='lat' dir='ltr'><strong>sed</strong></span> <span class='ocrx_word' id='word_1_241' title='bbox 2945 1535 3036 1604; x_wconf 90' lang='lat' dir='ltr'><strong>qui</strong></span> <span class='ocrx_word' id='word_1_242' title='bbox 3065 1535 3192 1588; x_wconf 90' lang='lat' dir='ltr'><strong>olim</strong></span> <span class='ocrx_word' id='word_1_243' title='bbox 3228 1549 3336 1588; x_wconf 90' lang='lat' dir='ltr'><strong>una</strong></span> <span class='ocrx_word' id='word_1_244' title='bbox 3365 1535 3543 1590; x_wconf 90' lang='lat' dir='ltr'><strong>nobis-</strong></span> 
     </span>
    </p>
   </div>
   <div class='ocr_carea' id='block_1_32' title="bbox 1985 1626 3553 1696">
    <p class='ocr_par' dir='ltr' id='par_1_32' title="bbox 1985 1626 3553 1696">
     <span class='ocr_line' id='line_1_32' title="bbox 1985 1626 3553 1696; baseline -0.001 -13"><span class='ocrx_word' id='word_1_245' title='bbox 1985 1643 2110 1683; x_wconf 90' lang='lat' dir='ltr'><strong>cum</strong></span> <span class='ocrx_word' id='word_1_246' title='bbox 2155 1629 2328 1692; x_wconf 81' lang='lat' dir='ltr'><strong>exire,</strong></span> <span class='ocrx_word' id='word_1_247' title='bbox 2401 1635 2616 1683; x_wconf 88' lang='lat' dir='ltr'><strong>etcum</strong></span> <span class='ocrx_word' id='word_1_248' title='bbox 2670 1628 3004 1683; x_wconf 64' lang='lat' dir='ltr'><strong>exercitibus</strong></span> <span class='ocrx_word' id='word_1_249' title='bbox 3059 1626 3264 1681; x_wconf 86' lang='lat' dir='ltr'><strong>nostris</strong></span> <span class='ocrx_word' id='word_1_250' title='bbox 3312 1642 3553 1696; x_wconf 78' lang='lat' dir='ltr'><strong>pugnare</strong></span> 
     </span>
    </p>
   </div>
   <div class='ocr_carea' id='block_1_33' title="bbox 1989 1719 3549 1789">
    <p class='ocr_par' dir='ltr' id='par_1_33' title="bbox 1989 1719 3549 1789">
     <span class='ocr_line' id='line_1_33' title="bbox 1989 1719 3549 1789; baseline -0.003 -14"><span class='ocrx_word' id='word_1_251' title='bbox 1989 1719 2224 1783; x_wconf 80' lang='lat' dir='ltr'><strong>solebas,</strong></span> <span class='ocrx_word' id='word_1_252' title='bbox 2258 1735 2406 1774; x_wconf 89' lang='lat' dir='ltr'><strong>nunc</strong></span> <span class='ocrx_word' id='word_1_253' title='bbox 2451 1729 2572 1789; x_wconf 93' lang='lat' dir='ltr'><strong>post</strong></span> <span class='ocrx_word' id='word_1_254' title='bbox 2603 1729 2879 1789; x_wconf 81' lang='lat' dir='ltr'><strong>peractam</strong></span> <span class='ocrx_word' id='word_1_255' title='bbox 2911 1719 3151 1789; x_wconf 78' lang='lat' dir='ltr'><strong>gentium</strong></span> <span class='ocrx_word' id='word_1_256' title='bbox 3185 1720 3549 1780; x_wconf 85' lang='lat' dir='ltr'><strong>vocationem,</strong></span> 
     </span>
    </p>
   </div>
   <div class='ocr_carea' id='block_1_34' title="bbox 302 1791 1886 1882">
    <p class='ocr_par' dir='ltr' id='par_1_34' title="bbox 302 1807 1882 1882">
     <span class='ocr_line' id='line_1_34' title="bbox 302 1807 1882 1882; baseline -0.004 -18"><span class='ocrx_word' id='word_1_257' title='bbox 302 1809 404 1864; x_wconf 89' lang='grc' dir='ltr'>Σοῦ</span> <span class='ocrx_word' id='word_1_258' title='bbox 431 1810 540 1882; x_wconf 80' lang='grc' dir='ltr'>γὰρ</span> <span class='ocrx_word' id='word_1_259' title='bbox 579 1809 920 1882; x_wconf 84' lang='grc' dir='ltr'>θελήσαντος,</span> <span class='ocrx_word' id='word_1_260' title='bbox 949 1809 1174 1863; x_wconf 83' lang='grc' dir='ltr'>δυνατὸν</span> <span class='ocrx_word' id='word_1_261' title='bbox 1225 1811 1356 1880; x_wconf 80' lang='grc' dir='ltr'>ἡμῖν</span> <span class='ocrx_word' id='word_1_262' title='bbox 1415 1808 1541 1870; x_wconf 83' lang='grc' dir='ltr'>τοὺς</span> <span class='ocrx_word' id='word_1_263' title='bbox 1587 1807 1712 1869; x_wconf 80' lang='grc' dir='ltr'>σοὺς</span> <span class='ocrx_word' id='word_1_264' title='bbox 1749 1821 1882 1875; x_wconf 89' lang='grc' dir='ltr'>προ-</span> 
     </span>
    </p>
   </div>
   <div class='ocr_carea' id='block_1_35' title="bbox 1989 1791 3553 1882">
    <p class='ocr_par' dir='ltr' id='par_1_35' title="bbox 1989 1810 3553 1880">
     <span class='ocr_line' id='line_1_35' title="bbox 1989 1810 3553 1880; baseline -0.001 -17"><span class='ocrx_word' id='word_1_265' title='bbox 1989 1810 2238 1880; x_wconf 91' lang='lat' dir='ltr'><strong>repulisti</strong></span> <span class='ocrx_word' id='word_1_266' title='bbox 2271 1825 2394 1874; x_wconf 90' lang='lat' dir='ltr'><strong>nos,</strong></span> <span class='ocrx_word' id='word_1_267' title='bbox 2455 1825 2630 1879; x_wconf 87' lang='lat' dir='ltr'><strong>neque</strong></span> <span class='ocrx_word' id='word_1_268' title='bbox 2660 1810 2802 1863; x_wconf 89' lang='lat' dir='ltr'><strong>ultra</strong></span> <span class='ocrx_word' id='word_1_269' title='bbox 2856 1810 3133 1878; x_wconf 74' lang='lat' dir='ltr'><strong>egrederis</strong></span> <span class='ocrx_word' id='word_1_270' title='bbox 3181 1825 3304 1868; x_wconf 87' lang='lat' dir='ltr'><strong>cum</strong></span> <span class='ocrx_word' id='word_1_271' title='bbox 3335 1810 3553 1864; x_wconf 83' lang='lat' dir='ltr'><strong>virtuti-</strong></span> 
     </span>
    </p>
   </div>
   <div class='ocr_carea' id='block_1_36' title="bbox 303 1899 1878 1974">
    <p class='ocr_par' dir='ltr' id='par_1_36' title="bbox 303 1899 1878 1974">
     <span class='ocr_line' id='line_1_36' title="bbox 303 1899 1878 1974; baseline -0.016 -2"><span class='ocrx_word' id='word_1_272' title='bbox 303 1905 478 1974; x_wconf 72' lang='grc' dir='ltr'>φήτας</span> <span class='ocrx_word' id='word_1_273' title='bbox 518 1901 990 1973; x_wconf 81' lang='grc' dir='ltr'>συγκαταλεγῆναι</span> <span class='ocrx_word' id='word_1_274' title='bbox 1019 1904 1086 1973; x_wconf 78' lang='grc' dir='ltr'>τῇ</span> <span class='ocrx_word' id='word_1_275' title='bbox 1123 1899 1274 1954; x_wconf 87' lang='grc' dir='ltr'>πόλει</span> <span class='ocrx_word' id='word_1_276' title='bbox 1321 1916 1415 1952; x_wconf 92' lang='grc' dir='ltr'><strong>σου</strong></span> <span class='ocrx_word' id='word_1_277' title='bbox 1440 1901 1506 1970; x_wconf 79' lang='grc' dir='ltr'>τῇ</span> <span class='ocrx_word' id='word_1_278' title='bbox 1537 1913 1878 1970; x_wconf 84' lang='grc' dir='ltr'>περιπεφρα-</span> 
     </span>
    </p>
   </div>
   <div class='ocr_carea' id='block_1_37' title="bbox 305 1988 1882 2069">
    <p class='ocr_par' dir='ltr' id='par_1_37' title="bbox 305 1988 1882 2069">
     <span class='ocr_line' id='line_1_37' title="bbox 305 1988 1882 2069; baseline -0.004 -21"><span class='ocrx_word' id='word_1_279' title='bbox 305 1995 502 2069; x_wconf 76' lang='grc' dir='ltr'>γμένῃ,</span> <span class='ocrx_word' id='word_1_280' title='bbox 538 1994 632 2048; x_wconf 75' lang='grc' dir='ltr'><strong>καὶ</strong></span> <span class='ocrx_word' id='word_1_281' title='bbox 663 1993 1012 2066; x_wconf 77' lang='grc' dir='ltr'><strong>⁴ὁδηγηθῆναι</strong></span> <span class='ocrx_word' id='word_1_282' title='bbox 1041 1994 1144 2057; x_wconf 81' lang='grc' dir='ltr'><strong>ἐως</strong></span> <span class='ocrx_word' id='word_1_283' title='bbox 1171 1991 1272 2063; x_wconf 81' lang='grc' dir='ltr'>τῆς</span> <span class='ocrx_word' id='word_1_284' title='bbox 1299 1989 1708 2062; x_wconf 85' lang='grc' dir='ltr'>ἀποδειχθείσης</span> <span class='ocrx_word' id='word_1_285' title='bbox 1732 1988 1882 2042; x_wconf 84' lang='grc' dir='ltr'>Ἰδου-</span> 
     </span>
    </p>
   </div>
   <div class='ocr_carea' id='block_1_38' title="bbox 307 2089 474 2162">
    <p class='ocr_par' dir='ltr' id='par_1_38' title="bbox 307 2089 474 2162">
     <span class='ocr_line' id='line_1_38' title="bbox 307 2089 474 2162; baseline 0 -20"><span class='ocrx_word' id='word_1_286' title='bbox 307 2089 474 2162; x_wconf 83' lang='grc' dir='ltr'>μαίας</span> 
     </span>
    </p>
   </div>
   <div class='ocr_carea' id='block_1_39' title="bbox 382 2350 1881 2426">
    <p class='ocr_par' dir='ltr' id='par_1_39' title="bbox 382 2350 1881 2426">
     <span class='ocr_line' id='line_1_39' title="bbox 382 2350 1881 2426; baseline -0.003 -16"><span class='ocrx_word' id='word_1_287' title='bbox 382 2375 402 2409; x_wconf 77' lang='grc' dir='ltr'><strong>ι</strong></span> <span class='ocrx_word' id='word_1_288' title='bbox 446 2355 545 2419; x_wconf 90' lang='grc' dir='ltr'>Δὸς</span> <span class='ocrx_word' id='word_1_289' title='bbox 581 2355 711 2426; x_wconf 79' lang='grc' dir='ltr'>ἡμῖν</span> <span class='ocrx_word' id='word_1_290' title='bbox 746 2352 996 2424; x_wconf 84' lang='grc' dir='ltr'>βοήθειαν</span> <span class='ocrx_word' id='word_1_291' title='bbox 1037 2352 1102 2406; x_wconf 90' lang='grc' dir='ltr'><strong>ἐκ</strong></span> <span class='ocrx_word' id='word_1_292' title='bbox 1136 2350 1387 2422; x_wconf 74' lang='grc' dir='ltr'>θλίψεως,</span> <span class='ocrx_word' id='word_1_293' title='bbox 1417 2351 1511 2405; x_wconf 78' lang='grc' dir='ltr'>καὶ</span> <span class='ocrx_word' id='word_1_294' title='bbox 1541 2350 1744 2422; x_wconf 86' lang='grc' dir='ltr'>ματαία</span> <span class='ocrx_word' id='word_1_295' title='bbox 1775 2368 1881 2405; x_wconf 88' lang='grc' dir='ltr'>σω-</span> 
     </span>
    </p>
   </div>
   <div class='ocr_carea' id='block_1_40' title="bbox 301 2443 1880 2522">
    <p class='ocr_par' dir='ltr' id='par_1_40' title="bbox 301 2443 1880 2522">
     <span class='ocr_line' id='line_1_40' title="bbox 301 2443 1880 2522; baseline -0.005 -16"><span class='ocrx_word' id='word_1_296' title='bbox 301 2450 469 2522; x_wconf 81' lang='grc' dir='ltr'>τηρία</span> <span class='ocrx_word' id='word_1_297' title='bbox 513 2446 834 2518; x_wconf 81' lang='grc' dir='ltr'>ἀνθρώπων.</span> <span class='ocrx_word' id='word_1_298' title='bbox 876 2445 964 2498; x_wconf 89' lang='grc' dir='ltr'>Ἐν</span> <span class='ocrx_word' id='word_1_299' title='bbox 1011 2444 1090 2515; x_wconf 80' lang='grc' dir='ltr'><strong>τῷ</strong></span> <span class='ocrx_word' id='word_1_300' title='bbox 1127 2444 1245 2516; x_wconf 87' lang='grc' dir='ltr'><strong>Θεῷ</strong></span> <span class='ocrx_word' id='word_1_301' title='bbox 1292 2445 1589 2516; x_wconf 88' lang='grc' dir='ltr'>ποιήσομεν</span> <span class='ocrx_word' id='word_1_302' title='bbox 1632 2443 1880 2516; x_wconf 89' lang='grc' dir='ltr'>δύναμιν,</span> 
     </span>
    </p>
   </div>
   <div class='ocr_carea' id='block_1_41' title="bbox 314 2535 1884 2606">
    <p class='ocr_par' dir='ltr' id='par_1_41' title="bbox 314 2535 1884 2606">
     <span class='ocr_line' id='line_1_41' title="bbox 314 2535 1884 2606; baseline -0.003 -13"><span class='ocrx_word' id='word_1_303' title='bbox 314 2541 409 2594; x_wconf 69' lang='grc' dir='ltr'><strong>καὶ</strong></span> <span class='ocrx_word' id='word_1_304' title='bbox 431 2539 591 2603; x_wconf 80' lang='grc' dir='ltr'>αὐτὸς</span> <span class='ocrx_word' id='word_1_305' title='bbox 614 2535 958 2603; x_wconf 84' lang='grc' dir='ltr'>ἐξουδενώσει</span> <span class='ocrx_word' id='word_1_306' title='bbox 982 2537 1106 2600; x_wconf 81' lang='grc' dir='ltr'>τοὺς</span> <span class='ocrx_word' id='word_1_307' title='bbox 1133 2535 1410 2601; x_wconf 79' lang='grc' dir='ltr'>θλίϐοντας</span> <span class='ocrx_word' id='word_1_308' title='bbox 1438 2536 1606 2606; x_wconf 82' lang='grc' dir='ltr'>ἡμᾶς.</span> <span class='ocrx_word' id='word_1_309' title='bbox 1641 2553 1660 2586; x_wconf 74' lang='grc' dir='ltr'><strong>ι</strong></span> <span class='ocrx_word' id='word_1_310' title='bbox 1689 2537 1752 2588; x_wconf 86' lang='grc' dir='ltr'>Οί</span> <span class='ocrx_word' id='word_1_311' title='bbox 1775 2535 1884 2589; x_wconf 90' lang='grc' dir='ltr'><strong>τῶν</strong></span> 
     </span>
    </p>
   </div>
   <div class='ocr_carea' id='block_1_42' title="bbox 315 2625 1886 2700">
    <p class='ocr_par' dir='ltr' id='par_1_42' title="bbox 315 2625 1886 2700">
     <span class='ocr_line' id='line_1_42' title="bbox 315 2625 1886 2700; baseline -0.004 -14"><span class='ocrx_word' id='word_1_312' title='bbox 315 2629 656 2700; x_wconf 81' lang='grc' dir='ltr'>ἐπαγγελιῶν</span> <span class='ocrx_word' id='word_1_313' title='bbox 684 2627 1110 2695; x_wconf 79' lang='grc' dir='ltr'>καταξιωθέντες</span> <span class='ocrx_word' id='word_1_314' title='bbox 1142 2626 1478 2680; x_wconf 83' lang='grc' dir='ltr'>διδάσκονται</span> <span class='ocrx_word' id='word_1_315' title='bbox 1509 2625 1596 2680; x_wconf 83' lang='grc' dir='ltr'>διὰ</span> <span class='ocrx_word' id='word_1_316' title='bbox 1619 2625 1726 2679; x_wconf 89' lang='grc' dir='ltr'><strong>τῶν</strong></span> <span class='ocrx_word' id='word_1_317' title='bbox 1755 2644 1886 2699; x_wconf 89' lang='grc' dir='ltr'>προ-</span> 
     </span>
    </p>
   </div>
   <div class='ocr_carea' id='block_1_43' title="bbox 304 2715 1884 2794">
    <p class='ocr_par' dir='ltr' id='par_1_43' title="bbox 304 2715 1884 2794">
     <span class='ocr_line' id='line_1_43' title="bbox 304 2715 1884 2794; baseline -0.006 -16"><span class='ocrx_word' id='word_1_318' title='bbox 304 2723 571 2794; x_wconf 87' lang='grc' dir='ltr'>κειμένων</span> <span class='ocrx_word' id='word_1_319' title='bbox 603 2725 788 2793; x_wconf 85' lang='grc' dir='ltr'>νήφειν</span> <span class='ocrx_word' id='word_1_320' title='bbox 822 2720 915 2773; x_wconf 72' lang='grc' dir='ltr'>καὶ</span> <span class='ocrx_word' id='word_1_321' title='bbox 947 2717 1326 2790; x_wconf 87' lang='grc' dir='ltr'>ἐγρηγορέναι,</span> <span class='ocrx_word' id='word_1_322' title='bbox 1369 2715 1884 2788; x_wconf 73' lang='grc' dir='ltr'>παρασκευάζεσθαί</span> 
     </span>
    </p>
   </div>
   <div class='ocr_carea' id='block_1_44' title="bbox 301 2809 1886 2883">
    <p class='ocr_par' dir='ltr' id='par_1_44' title="bbox 301 2809 1886 2883">
     <span class='ocr_line' id='line_1_44' title="bbox 301 2809 1886 2883; baseline -0.004 -14"><span class='ocrx_word' id='word_1_323' title='bbox 301 2833 364 2870; x_wconf 83' lang='grc' dir='ltr'><strong>τε</strong></span> <span class='ocrx_word' id='word_1_324' title='bbox 395 2818 475 2880; x_wconf 87' lang='grc' dir='ltr'><strong>είς</strong></span> <span class='ocrx_word' id='word_1_325' title='bbox 522 2813 749 2883; x_wconf 70' lang='grc' dir='ltr'>θλίψεις,</span> <span class='ocrx_word' id='word_1_326' title='bbox 781 2811 874 2864; x_wconf 76' lang='grc' dir='ltr'><strong>καὶ</strong></span> <span class='ocrx_word' id='word_1_327' title='bbox 905 2811 974 2864; x_wconf 86' lang='grc' dir='ltr'>δι’</span> <span class='ocrx_word' id='word_1_328' title='bbox 1002 2809 1176 2880; x_wconf 80' lang='grc' dir='ltr'>εὐχῶν</span> <span class='ocrx_word' id='word_1_329' title='bbox 1220 2809 1395 2878; x_wconf 87' lang='grc' dir='ltr'>λέγειν</span> <span class='ocrx_word' id='word_1_330' title='bbox 1422 2809 1501 2882; x_wconf 81' lang='grc' dir='ltr'>τῷ</span> <span class='ocrx_word' id='word_1_331' title='bbox 1535 2810 1744 2864; x_wconf 88' lang='grc' dir='ltr'>ἐαυτῶν</span> <span class='ocrx_word' id='word_1_332' title='bbox 1790 2809 1886 2880; x_wconf 87' lang='grc' dir='ltr'>βα-</span> 
     </span>
    </p>
   </div>
   <div class='ocr_carea' id='block_1_45' title="bbox 306 2899 1885 2977">
    <p class='ocr_par' dir='ltr' id='par_1_45' title="bbox 306 2899 1885 2977">
     <span class='ocr_line' id='line_1_45' title="bbox 306 2899 1885 2977; baseline -0.006 -13"><span class='ocrx_word' id='word_1_333' title='bbox 306 2911 475 2964; x_wconf 78' lang='grc' dir='ltr'>σιλεῖ’</span> <span class='ocrx_word' id='word_1_334' title='bbox 510 2927 529 2960; x_wconf 71' lang='grc' dir='ltr'><strong>ι</strong></span> <span class='ocrx_word' id='word_1_335' title='bbox 565 2907 664 2970; x_wconf 85' lang='grc' dir='ltr'>Δὸς</span> <span class='ocrx_word' id='word_1_336' title='bbox 701 2907 832 2977; x_wconf 81' lang='grc' dir='ltr'>ἡμῖν</span> <span class='ocrx_word' id='word_1_337' title='bbox 865 2901 1112 2974; x_wconf 75' lang='grc' dir='ltr'>βοήθειαν</span> <span class='ocrx_word' id='word_1_338' title='bbox 1152 2902 1217 2955; x_wconf 87' lang='grc' dir='ltr'><strong>ἐκ</strong></span> <span class='ocrx_word' id='word_1_339' title='bbox 1269 2900 1537 2970; x_wconf 76' lang='grc' dir='ltr'>θλίψεωςσ</span> <span class='ocrx_word' id='word_1_340' title='bbox 1577 2921 1596 2953; x_wconf 72' lang='grc' dir='ltr'><strong>ι</strong></span> <span class='ocrx_word' id='word_1_341' title='bbox 1651 2899 1885 2972; x_wconf 84' lang='grc' dir='ltr'>ματαίαν</span> 
     </span>
    </p>
   </div>
   <div class='ocr_carea' id='block_1_46' title="bbox 304 2989 1884 3074">
    <p class='ocr_par' dir='ltr' id='par_1_46' title="bbox 304 2989 1884 3074">
     <span class='ocr_line' id='line_1_46' title="bbox 304 2989 1884 3074; baseline -0.008 -18"><span class='ocrx_word' id='word_1_342' title='bbox 304 3003 418 3074; x_wconf 78' lang='grc' dir='ltr'><strong>γὰρ</strong></span> <span class='ocrx_word' id='word_1_343' title='bbox 459 2996 597 3054; x_wconf 76' lang='grc' dir='ltr'>εἶναι</span> <span class='ocrx_word' id='word_1_344' title='bbox 633 3002 812 3052; x_wconf 85' lang='grc' dir='ltr'>πᾶσαν</span> <span class='ocrx_word' id='word_1_345' title='bbox 842 2995 938 3067; x_wconf 78' lang='grc' dir='ltr'>τὴν</span> <span class='ocrx_word' id='word_1_346' title='bbox 977 2994 1034 3062; x_wconf 81' lang='grc' dir='ltr'>ἐξ</span> <span class='ocrx_word' id='word_1_347' title='bbox 1067 2992 1366 3066; x_wconf 80' lang='grc' dir='ltr'>ἀνθρώπων</span> <span class='ocrx_word' id='word_1_348' title='bbox 1398 2992 1609 3046; x_wconf 88' lang='grc' dir='ltr'>ἐλπίδα.</span> <span class='ocrx_word' id='word_1_349' title='bbox 1647 2989 1763 3045; x_wconf 75' lang='grc' dir='ltr'><strong>Εἶτ’</strong></span> <span class='ocrx_word' id='word_1_350' title='bbox 1791 2991 1884 3044; x_wconf 83' lang='grc' dir='ltr'>εύ-</span> 
     </span>
    </p>
   </div>
   <div class='ocr_carea' id='block_1_47' title="bbox 307 3081 1882 3166">
    <p class='ocr_par' dir='ltr' id='par_1_47' title="bbox 307 3081 1882 3166">
     <span class='ocr_line' id='line_1_47' title="bbox 307 3081 1882 3166; baseline -0.008 -18"><span class='ocrx_word' id='word_1_351' title='bbox 307 3095 529 3166; x_wconf 80' lang='grc' dir='ltr'>ξάμενοι</span> <span class='ocrx_word' id='word_1_352' title='bbox 556 3091 749 3152; x_wconf 81' lang='grc' dir='ltr'>ταῦτα,</span> <span class='ocrx_word' id='word_1_353' title='bbox 779 3089 878 3159; x_wconf 80' lang='grc' dir='ltr'>τὴν</span> <span class='ocrx_word' id='word_1_354' title='bbox 907 3085 1116 3155; x_wconf 75' lang='grc' dir='ltr'>ἀγαθὴν</span> <span class='ocrx_word' id='word_1_355' title='bbox 1143 3083 1539 3136; x_wconf 78' lang='grc' dir='ltr'>ἐπιδείκνυνται</span> <span class='ocrx_word' id='word_1_356' title='bbox 1574 3081 1882 3153; x_wconf 86' lang='grc' dir='ltr'>προθυμίαν</span> 
     </span>
    </p>
   </div>
   <div class='ocr_carea' id='block_1_48' title="bbox 307 3173 1884 3253">
    <p class='ocr_par' dir='ltr' id='par_1_48' title="bbox 307 3173 1884 3253">
     <span class='ocr_line' id='line_1_48' title="bbox 307 3173 1884 3253; baseline -0.01 -14"><span class='ocrx_word' id='word_1_357' title='bbox 307 3186 586 3253; x_wconf 87' lang='grc' dir='ltr'>λέγοντες·</span> <span class='ocrx_word' id='word_1_358' title='bbox 638 3199 655 3232; x_wconf 75' lang='grc' dir='ltr'><strong>ι</strong></span> <span class='ocrx_word' id='word_1_359' title='bbox 702 3181 790 3232; x_wconf 82' lang='grc' dir='ltr'>Ἐν</span> <span class='ocrx_word' id='word_1_360' title='bbox 828 3177 945 3247; x_wconf 87' lang='grc' dir='ltr'><strong>Θεῷ</strong></span> <span class='ocrx_word' id='word_1_361' title='bbox 985 3177 1283 3247; x_wconf 81' lang='grc' dir='ltr'>ποιήσομεν</span> <span class='ocrx_word' id='word_1_362' title='bbox 1319 3175 1566 3244; x_wconf 87' lang='grc' dir='ltr'>δύναμιν,</span> <span class='ocrx_word' id='word_1_363' title='bbox 1596 3173 1690 3226; x_wconf 81' lang='grc' dir='ltr'>καὶ</span> <span class='ocrx_word' id='word_1_364' title='bbox 1723 3173 1884 3237; x_wconf 85' lang='grc' dir='ltr'>αὐτὸς</span> 
     </span>
    </p>
   </div>
   <div class='ocr_carea' id='block_1_49' title="bbox 305 3260 1887 3340">
    <p class='ocr_par' dir='ltr' id='par_1_49' title="bbox 305 3260 1887 3340">
     <span class='ocr_line' id='line_1_49' title="bbox 305 3260 1887 3340; baseline -0.007 -11"><span class='ocrx_word' id='word_1_365' title='bbox 305 3271 650 3340; x_wconf 80' lang='grc' dir='ltr'>ἐξουδενώσει</span> <span class='ocrx_word' id='word_1_366' title='bbox 698 3270 824 3332; x_wconf 82' lang='grc' dir='ltr'>τοὺς</span> <span class='ocrx_word' id='word_1_367' title='bbox 872 3267 1148 3329; x_wconf 76' lang='grc' dir='ltr'>θλίϐοντας</span> <span class='ocrx_word' id='word_1_368' title='bbox 1190 3267 1356 3337; x_wconf 76' lang='grc' dir='ltr'>ἡμᾶς.</span> <span class='ocrx_word' id='word_1_369' title='bbox 1400 3284 1420 3317; x_wconf 77' lang='grc' dir='ltr'><strong>ι</strong></span> <span class='ocrx_word' id='word_1_370' title='bbox 1467 3265 1718 3328; x_wconf 88' lang='grc' dir='ltr'>Τοιοῦτος</span> <span class='ocrx_word' id='word_1_371' title='bbox 1755 3260 1822 3336; x_wconf 79' lang='grc' dir='ltr'>ἦν</span> <span class='ocrx_word' id='word_1_372' title='bbox 1858 3266 1887 3318; x_wconf 92' lang='lat'><strong>6</strong></span> 
     </span>
    </p>
   </div>
   <div class='ocr_carea' id='block_1_50' title="bbox 309 3355 1886 3431">
    <p class='ocr_par' dir='ltr' id='par_1_50' title="bbox 309 3355 1886 3431">
     <span class='ocr_line' id='line_1_50' title="bbox 309 3355 1886 3431; baseline -0.008 -10"><span class='ocrx_word' id='word_1_373' title='bbox 309 3365 523 3429; x_wconf 84' lang='grc' dir='ltr'>Παῦλος</span> <span class='ocrx_word' id='word_1_374' title='bbox 553 3363 760 3431; x_wconf 85' lang='grc' dir='ltr'>λέγων·</span> <span class='ocrx_word' id='word_1_375' title='bbox 816 3379 834 3410; x_wconf 78' lang='grc' dir='ltr'><strong>ι</strong></span> <span class='ocrx_word' id='word_1_376' title='bbox 866 3359 1048 3412; x_wconf 85' lang='grc' dir='ltr'>Πάντα</span> <span class='ocrx_word' id='word_1_377' title='bbox 1086 3355 1253 3428; x_wconf 86' lang='grc' dir='ltr'>ίσχύω</span> <span class='ocrx_word' id='word_1_378' title='bbox 1284 3359 1340 3410; x_wconf 85' lang='grc' dir='ltr'><strong>ἐν</strong></span> <span class='ocrx_word' id='word_1_379' title='bbox 1381 3355 1460 3428; x_wconf 84' lang='grc' dir='ltr'>τῷ</span> <span class='ocrx_word' id='word_1_380' title='bbox 1499 3355 1886 3426; x_wconf 75' lang='grc' dir='ltr'>ἐνδυναμοῦντί</span> 
     </span>
    </p>
   </div>
   <div class='ocr_carea' id='block_1_51' title="bbox 313 3445 1886 3527">
    <p class='ocr_par' dir='ltr' id='par_1_51' title="bbox 313 3445 1886 3527">
     <span class='ocr_line' id='line_1_51' title="bbox 313 3445 1886 3527; baseline -0.006 -19"><span class='ocrx_word' id='word_1_381' title='bbox 313 3471 414 3527; x_wconf 89' lang='grc' dir='ltr'><strong>με·</strong></span> <span class='ocrx_word' id='word_1_382' title='bbox 461 3472 479 3506; x_wconf 74' lang='grc' dir='ltr'><strong>ι</strong></span> <span class='ocrx_word' id='word_1_383' title='bbox 547 3450 642 3506; x_wconf 71' lang='grc' dir='ltr'><strong>καὶ</strong></span> <span class='ocrx_word' id='word_1_384' title='bbox 700 3450 892 3503; x_wconf 77' lang='grc' dir='ltr'><strong>πόιλιν⁰</strong></span> <span class='ocrx_word' id='word_1_385' title='bbox 960 3466 978 3499; x_wconf 76' lang='grc' dir='ltr'><strong>ι</strong></span> <span class='ocrx_word' id='word_1_386' title='bbox 1026 3448 1140 3501; x_wconf 85' lang='grc' dir='ltr'>Ούκ</span> <span class='ocrx_word' id='word_1_387' title='bbox 1161 3445 1270 3516; x_wconf 83' lang='grc' dir='ltr'><strong>ἐγὼ</strong></span> <span class='ocrx_word' id='word_1_388' title='bbox 1291 3446 1369 3511; x_wconf 82' lang='grc' dir='ltr'>δὲ,</span> <span class='ocrx_word' id='word_1_389' title='bbox 1444 3447 1629 3518; x_wconf 65' lang='grc' dir='ltr'>φησιν,</span> <span class='ocrx_word' id='word_1_390' title='bbox 1695 3445 1810 3498; x_wconf 83' lang='grc' dir='ltr'>ἀλλ’</span> <span class='ocrx_word' id='word_1_391' title='bbox 1852 3446 1886 3515; x_wconf 81' lang='grc' dir='ltr'>ἡ</span> 
     </span>
    </p>
   </div>
   <div class='ocr_carea' id='block_1_52' title="bbox 310 3539 1886 3617">
    <p class='ocr_par' dir='ltr' id='par_1_52' title="bbox 310 3539 1886 3617">
     <span class='ocr_line' id='line_1_52' title="bbox 310 3539 1886 3617; baseline -0.004 -18"><span class='ocrx_word' id='word_1_392' title='bbox 310 3547 468 3617; x_wconf 79' lang='grc' dir='ltr'>χάρις</span> <span class='ocrx_word' id='word_1_393' title='bbox 512 3547 546 3615; x_wconf 84' lang='grc' dir='ltr'>ἡ</span> <span class='ocrx_word' id='word_1_394' title='bbox 579 3545 673 3597; x_wconf 73' lang='grc' dir='ltr'><strong>σὺν</strong></span> <span class='ocrx_word' id='word_1_395' title='bbox 700 3541 842 3612; x_wconf 87' lang='grc' dir='ltr'>ἐμοί.</span> <span class='ocrx_word' id='word_1_396' title='bbox 881 3559 899 3592; x_wconf 68' lang='grc' dir='ltr'><strong>ι</strong></span> <span class='ocrx_word' id='word_1_397' title='bbox 941 3539 1128 3592; x_wconf 86' lang='grc' dir='ltr'>Ταῦτα</span> <span class='ocrx_word' id='word_1_398' title='bbox 1166 3539 1222 3592; x_wconf 77' lang='grc' dir='ltr'><strong>δέ</strong></span> <span class='ocrx_word' id='word_1_399' title='bbox 1250 3539 1427 3608; x_wconf 90' lang='grc' dir='ltr'>λέγειν</span> <span class='ocrx_word' id='word_1_400' title='bbox 1461 3539 1801 3593; x_wconf 83' lang='grc' dir='ltr'>παιδεύονται</span> <span class='ocrx_word' id='word_1_401' title='bbox 1835 3541 1886 3592; x_wconf 89' lang='grc' dir='ltr'><strong>οί</strong></span> 
     </span>
    </p>
   </div>
   <div class='ocr_carea' id='block_1_53' title="bbox 312 3630 1886 3707">
    <p class='ocr_par' dir='ltr' id='par_1_53' title="bbox 312 3630 1886 3707">
     <span class='ocr_line' id='line_1_53' title="bbox 312 3630 1886 3707; baseline -0.005 -15"><span class='ocrx_word' id='word_1_402' title='bbox 312 3642 378 3692; x_wconf 83' lang='grc' dir='ltr'><strong>ἐκ</strong></span> <span class='ocrx_word' id='word_1_403' title='bbox 419 3637 515 3707; x_wconf 82' lang='grc' dir='ltr'>τῆς</span> <span class='ocrx_word' id='word_1_404' title='bbox 555 3633 857 3704; x_wconf 80' lang='grc' dir='ltr'>Ἰδουμαίας</span> <span class='ocrx_word' id='word_1_405' title='bbox 887 3631 980 3685; x_wconf 72' lang='grc' dir='ltr'>καὶ</span> <span class='ocrx_word' id='word_1_406' title='bbox 1023 3632 1087 3684; x_wconf 88' lang='grc' dir='ltr'><strong>ἐκ</strong></span> <span class='ocrx_word' id='word_1_407' title='bbox 1128 3630 1236 3684; x_wconf 91' lang='grc' dir='ltr'><strong>τῶν</strong></span> <span class='ocrx_word' id='word_1_408' title='bbox 1268 3631 1580 3700; x_wconf 75' lang='grc' dir='ltr'>ἀλλοφύλων</span> <span class='ocrx_word' id='word_1_409' title='bbox 1625 3631 1792 3685; x_wconf 85' lang='grc' dir='ltr'>ἐθνῶν</span> <span class='ocrx_word' id='word_1_410' title='bbox 1819 3633 1886 3702; x_wconf 83' lang='grc' dir='ltr'>τῇ</span> 
     </span>
    </p>
   </div>
   <div class='ocr_carea' id='block_1_54' title="bbox 311 3721 1888 3797">
    <p class='ocr_par' dir='ltr' id='par_1_54' title="bbox 311 3721 1888 3797">
     <span class='ocr_line' id='line_1_54' title="bbox 311 3721 1888 3797; baseline -0.004 -14"><span class='ocrx_word' id='word_1_411' title='bbox 311 3728 407 3784; x_wconf 85' lang='grc' dir='ltr'><strong>τοῦ</strong></span> <span class='ocrx_word' id='word_1_412' title='bbox 436 3725 570 3781; x_wconf 85' lang='grc' dir='ltr'>Θεοῦ</span> <span class='ocrx_word' id='word_1_413' title='bbox 604 3727 783 3797; x_wconf 81' lang='grc' dir='ltr'>χάριτι</span> <span class='ocrx_word' id='word_1_414' title='bbox 812 3721 1292 3793; x_wconf 82' lang='grc' dir='ltr'>προσεληλυθότες.</span> <span class='ocrx_word' id='word_1_415' title='bbox 1329 3723 1391 3775; x_wconf 77' lang='grc' dir='ltr'><strong>Εἰ</strong></span> <span class='ocrx_word' id='word_1_416' title='bbox 1417 3723 1474 3776; x_wconf 84' lang='grc' dir='ltr'>δὲ</span> <span class='ocrx_word' id='word_1_417' title='bbox 1506 3725 1570 3776; x_wconf 91' lang='grc' dir='ltr'><strong>ἐκ</strong></span> <span class='ocrx_word' id='word_1_418' title='bbox 1596 3722 1888 3796; x_wconf 88' lang='grc' dir='ltr'>προσώπου</span> 
     </span>
    </p>
   </div>
   <div class='ocr_carea' id='block_1_55' title="bbox 309 3812 1890 3890">
    <p class='ocr_par' dir='ltr' id='par_1_55' title="bbox 309 3812 1890 3890">
     <span class='ocr_line' id='line_1_55' title="bbox 309 3812 1890 3890; baseline -0.005 -16"><span class='ocrx_word' id='word_1_419' title='bbox 309 3820 406 3875; x_wconf 84' lang='grc' dir='ltr'><strong>τοῦ</strong></span> <span class='ocrx_word' id='word_1_420' title='bbox 430 3815 767 3890; x_wconf 87' lang='grc' dir='ltr'>προφητικοῦ</span> <span class='ocrx_word' id='word_1_421' title='bbox 796 3813 956 3886; x_wconf 91' lang='grc' dir='ltr'>χοροῦ</span> <span class='ocrx_word' id='word_1_422' title='bbox 994 3813 1204 3882; x_wconf 88' lang='grc' dir='ltr'>λέγοιτο</span> <span class='ocrx_word' id='word_1_423' title='bbox 1245 3813 1556 3878; x_wconf 80' lang='grc' dir='ltr'>καὶταῦτα,</span> <span class='ocrx_word' id='word_1_424' title='bbox 1589 3813 1791 3884; x_wconf 87' lang='grc' dir='ltr'>πρέποι</span> <span class='ocrx_word' id='word_1_425' title='bbox 1824 3812 1890 3867; x_wconf 85' lang='grc' dir='ltr'><strong>ἂν</strong></span> 
     </span>
    </p>
   </div>
   <div class='ocr_carea' id='block_1_56' title="bbox 309 3904 1893 3978">
    <p class='ocr_par' dir='ltr' id='par_1_56' title="bbox 309 3904 1893 3978">
     <span class='ocr_line' id='line_1_56' title="bbox 309 3904 1893 3978; baseline -0.006 -9"><span class='ocrx_word' id='word_1_426' title='bbox 309 3914 527 3976; x_wconf 77' lang='grc' dir='ltr'>αὐτοὺς,</span> <span class='ocrx_word' id='word_1_427' title='bbox 561 3907 1076 3978; x_wconf 84' lang='grc' dir='ltr'>ἀποκλαυσαμένους</span> <span class='ocrx_word' id='word_1_428' title='bbox 1103 3905 1194 3960; x_wconf 89' lang='grc' dir='ltr'><strong>τὸν</strong></span> <span class='ocrx_word' id='word_1_429' title='bbox 1222 3905 1484 3976; x_wconf 83' lang='grc' dir='ltr'>ἁπωσμὸν</span> <span class='ocrx_word' id='word_1_430' title='bbox 1515 3905 1608 3958; x_wconf 75' lang='grc' dir='ltr'><strong>καὶ</strong></span> <span class='ocrx_word' id='word_1_431' title='bbox 1641 3905 1738 3978; x_wconf 82' lang='grc' dir='ltr'>τὴν</span> <span class='ocrx_word' id='word_1_432' title='bbox 1762 3904 1893 3960; x_wconf 89' lang='grc' dir='ltr'>καθ-</span> 
     </span>
    </p>
   </div>
   <div class='ocr_carea' id='block_1_57' title="bbox 309 3995 1892 4075">
    <p class='ocr_par' dir='ltr' id='par_1_57' title="bbox 309 3995 1892 4075">
     <span class='ocr_line' id='line_1_57' title="bbox 309 3995 1892 4075; baseline -0.004 -18"><span class='ocrx_word' id='word_1_433' title='bbox 309 4003 520 4075; x_wconf 80' lang='grc' dir='ltr'>αίρεσιν</span> <span class='ocrx_word' id='word_1_434' title='bbox 560 4001 655 4055; x_wconf 88' lang='grc' dir='ltr'><strong>τοῦ</strong></span> <span class='ocrx_word' id='word_1_435' title='bbox 691 3999 956 4070; x_wconf 85' lang='grc' dir='ltr'>προτέρου</span> <span class='ocrx_word' id='word_1_436' title='bbox 1003 3996 1155 4062; x_wconf 87' lang='grc' dir='ltr'>λαοῦ,</span> <span class='ocrx_word' id='word_1_437' title='bbox 1184 3995 1348 4067; x_wconf 77' lang='grc' dir='ltr'>εὐχὴν</span> <span class='ocrx_word' id='word_1_438' title='bbox 1386 3997 1726 4068; x_wconf 85' lang='grc' dir='ltr'>ἀναπέμπειν</span> <span class='ocrx_word' id='word_1_439' title='bbox 1753 3997 1892 4069; x_wconf 86' lang='grc' dir='ltr'><strong>ύπέρ</strong></span> 
     </span>
    </p>
   </div>
   <div class='ocr_carea' id='block_1_58' title="bbox 311 4088 1894 4161">
    <p class='ocr_par' dir='ltr' id='par_1_58' title="bbox 311 4088 1894 4161">
     <span class='ocr_line' id='line_1_58' title="bbox 311 4088 1894 4161; baseline -0.005 -9"><span class='ocrx_word' id='word_1_440' title='bbox 311 4095 408 4156; x_wconf 85' lang='grc' dir='ltr'><strong>τοῦ</strong></span> <span class='ocrx_word' id='word_1_441' title='bbox 454 4093 632 4149; x_wconf 89' lang='grc' dir='ltr'>κοινοῦ</span> <span class='ocrx_word' id='word_1_442' title='bbox 673 4093 890 4146; x_wconf 83' lang='grc' dir='ltr'>πάντων</span> <span class='ocrx_word' id='word_1_443' title='bbox 919 4090 1096 4145; x_wconf 80' lang='grc' dir='ltr'>αὐτῶν</span> <span class='ocrx_word' id='word_1_444' title='bbox 1140 4089 1411 4161; x_wconf 88' lang='grc' dir='ltr'>σώματος,</span> <span class='ocrx_word' id='word_1_445' title='bbox 1455 4090 1550 4143; x_wconf 75' lang='grc' dir='ltr'><strong>καὶ</strong></span> <span class='ocrx_word' id='word_1_446' title='bbox 1589 4089 1768 4159; x_wconf 88' lang='grc' dir='ltr'>λέγειν</span> <span class='ocrx_word' id='word_1_447' title='bbox 1814 4088 1894 4160; x_wconf 87' lang='grc' dir='ltr'>τῷ</span> 
     </span>
    </p>
   </div>
   <div class='ocr_carea' id='block_1_59' title="bbox 312 4185 915 4259">
    <p class='ocr_par' dir='ltr' id='par_1_59' title="bbox 312 4185 915 4259">
     <span class='ocr_line' id='line_1_59' title="bbox 312 4185 915 4259; baseline -0.005 -16"><span class='ocrx_word' id='word_1_448' title='bbox 312 4188 434 4259; x_wconf 76' lang='grc' dir='ltr'>Θεῷ</span> <span class='ocrx_word' id='word_1_449' title='bbox 463 4187 532 4241; x_wconf 84' lang='grc' dir='ltr'><strong>τὰ</strong></span> <span class='ocrx_word' id='word_1_450' title='bbox 557 4185 915 4258; x_wconf 88' lang='grc' dir='ltr'>προκείμενα.</span> 
     </span>
    </p>
   </div>
   <div class='ocr_carea' id='block_1_60' title="bbox 379 4293 1832 4358">
    <p class='ocr_par' dir='ltr' id='par_1_60' title="bbox 379 4293 1832 4358">
     <span class='ocr_line' id='line_1_60' title="bbox 379 4293 1832 4358; baseline -0.003 -3"><span class='ocrx_word' id='word_1_451' title='bbox 379 4302 430 4356; x_wconf 85' lang='lat' dir='ltr'><strong>l.</strong></span> <span class='ocrx_word' id='word_1_452' title='bbox 471 4299 578 4353; x_wconf 72' lang='lat' dir='ltr'><strong>Eis</strong></span> <span class='ocrx_word' id='word_1_453' title='bbox 607 4298 694 4350; x_wconf 93' lang='lat' dir='ltr'><strong>T0</strong></span> <span class='ocrx_word' id='word_1_454' title='bbox 726 4295 945 4349; x_wconf 80' lang='grc' dir='ltr'>ΤΕΑυΣ</span> <span class='ocrx_word' id='word_1_455' title='bbox 975 4293 1068 4347; x_wconf 86' lang='lat' dir='ltr'><strong>EN</strong></span> <span class='ocrx_word' id='word_1_456' title='bbox 1097 4293 1378 4358; x_wconf 79' lang='grc' dir='ltr'>ΥΜΝοιΣ,</span> <span class='ocrx_word' id='word_1_457' title='bbox 1411 4293 1500 4347; x_wconf 79' lang='lat' dir='ltr'><strong>&#39;ro</strong></span> <span class='ocrx_word' id='word_1_458' title='bbox 1528 4294 1726 4347; x_wconf 79' lang='grc' dir='ltr'>ΔΑΥιΔ</span> <span class='ocrx_word' id='word_1_459' title='bbox 1757 4293 1832 4350; x_wconf 47' lang='lat' dir='ltr'><strong>at.</strong></span> 
     </span>
    </p>
   </div>
   <div class='ocr_carea' id='block_1_61' title="bbox 394 4405 1895 4480">
    <p class='ocr_par' dir='ltr' id='par_1_61' title="bbox 394 4405 1895 4480">
     <span class='ocr_line' id='line_1_61' title="bbox 394 4405 1895 4480; baseline -0.005 -14"><span class='ocrx_word' id='word_1_460' title='bbox 394 4432 414 4466; x_wconf 75' lang='grc' dir='ltr'><strong>ι</strong></span> <span class='ocrx_word' id='word_1_461' title='bbox 458 4412 810 4472; x_wconf 82' lang='grc' dir='ltr'>Εἰσάκουσον,</span> <span class='ocrx_word' id='word_1_462' title='bbox 841 4407 869 4459; x_wconf 92' lang='lat'><strong>6</strong></span> <span class='ocrx_word' id='word_1_463' title='bbox 893 4405 1044 4470; x_wconf 82' lang='grc' dir='ltr'>Θεὸς,</span> <span class='ocrx_word' id='word_1_464' title='bbox 1083 4409 1182 4480; x_wconf 80' lang='grc' dir='ltr'>τῆς</span> <span class='ocrx_word' id='word_1_465' title='bbox 1224 4406 1458 4480; x_wconf 81' lang='grc' dir='ltr'>δεήσεώς</span> <span class='ocrx_word' id='word_1_466' title='bbox 1495 4425 1618 4478; x_wconf 88' lang='grc' dir='ltr'>μου,</span> <span class='ocrx_word' id='word_1_467' title='bbox 1661 4407 1895 4480; x_wconf 89' lang='grc' dir='ltr'>πρόσχες</span> 
     </span>
    </p>
   </div>
   <div class='ocr_carea' id='block_1_62' title="bbox 1989 1899 3552 1971">
    <p class='ocr_par' dir='ltr' id='par_1_62' title="bbox 1989 1899 3552 1971">
     <span class='ocr_line' id='line_1_62' title="bbox 1989 1899 3552 1971; baseline -0.001 -15"><span class='ocrx_word' id='word_1_468' title='bbox 1989 1902 2093 1956; x_wconf 89' lang='lat' dir='ltr'><strong>btts</strong></span> <span class='ocrx_word' id='word_1_469' title='bbox 2143 1903 2372 1958; x_wconf 89' lang='lat' dir='ltr'><strong>nostris.</strong></span> <span class='ocrx_word' id='word_1_470' title='bbox 2429 1899 2550 1954; x_wconf 86' lang='lat' dir='ltr'><strong>Non</strong></span> <span class='ocrx_word' id='word_1_471' title='bbox 2605 1903 2710 1955; x_wconf 87' lang='lat' dir='ltr'><strong>alia</strong></span> <span class='ocrx_word' id='word_1_472' title='bbox 2761 1901 2945 1971; x_wconf 81' lang='lat' dir='ltr'><strong>itaque</strong></span> <span class='ocrx_word' id='word_1_473' title='bbox 2974 1901 3163 1956; x_wconf 86' lang='lat' dir='ltr'><strong>subest</strong></span> <span class='ocrx_word' id='word_1_474' title='bbox 3211 1901 3371 1955; x_wconf 89' lang='lat' dir='ltr'><strong>nobis</strong></span> <span class='ocrx_word' id='word_1_475' title='bbox 3425 1915 3552 1970; x_wconf 84' lang='lat' dir='ltr'><strong>spes</strong></span> 
     </span>
    </p>
   </div>
   <div class='ocr_carea' id='block_1_63' title="bbox 1983 1992 3554 2064">
    <p class='ocr_par' dir='ltr' id='par_1_63' title="bbox 1983 1992 3554 2064">
     <span class='ocr_line' id='line_1_63' title="bbox 1983 1992 3554 2064; baseline 0.001 -18"><span class='ocrx_word' id='word_1_476' title='bbox 1983 1993 2207 2047; x_wconf 83' lang='lat' dir='ltr'><strong>videndi</strong></span> <span class='ocrx_word' id='word_1_477' title='bbox 2242 1995 2509 2064; x_wconf 89' lang='lat' dir='ltr'><strong>promissa</strong></span> <span class='ocrx_word' id='word_1_478' title='bbox 2550 2004 2664 2057; x_wconf 89' lang='lat' dir='ltr'><strong>tua,</strong></span> <span class='ocrx_word' id='word_1_479' title='bbox 2718 1993 2825 2048; x_wconf 88' lang='lat' dir='ltr'><strong>nisi</strong></span> <span class='ocrx_word' id='word_1_480' title='bbox 2885 2005 2940 2048; x_wconf 90' lang='lat' dir='ltr'><strong>tu</strong></span> <span class='ocrx_word' id='word_1_481' title='bbox 2983 1993 3100 2063; x_wconf 90' lang='lat' dir='ltr'><strong>ipse</strong></span> <span class='ocrx_word' id='word_1_482' title='bbox 3146 1995 3403 2049; x_wconf 87' lang='lat' dir='ltr'><strong>volueris.</strong></span> <span class='ocrx_word' id='word_1_483' title='bbox 3474 1992 3554 2048; x_wconf 87' lang='lat' dir='ltr'><strong>Te</strong></span> 
     </span>
    </p>
   </div>
   <div class='ocr_carea' id='block_1_64' title="bbox 1982 2085 3552 2156">
    <p class='ocr_par' dir='ltr' id='par_1_64' title="bbox 1982 2085 3552 2156">
     <span class='ocr_line' id='line_1_64' title="bbox 1982 2085 3552 2156; baseline 0.001 -19"><span class='ocrx_word' id='word_1_484' title='bbox 1982 2085 2187 2156; x_wconf 86' lang='lat' dir='ltr'><strong>quippe</strong></span> <span class='ocrx_word' id='word_1_485' title='bbox 2217 2087 2454 2151; x_wconf 84' lang='lat' dir='ltr'><strong>volente,</strong></span> <span class='ocrx_word' id='word_1_486' title='bbox 2489 2101 2784 2155; x_wconf 86' lang='lat' dir='ltr'><strong>possumus</strong></span> <span class='ocrx_word' id='word_1_487' title='bbox 2809 2100 2909 2140; x_wconf 91' lang='lat' dir='ltr'><strong>nos</strong></span> <span class='ocrx_word' id='word_1_488' title='bbox 2941 2086 3217 2156; x_wconf 73' lang='lat' dir='ltr'><strong>propheta:</strong></span> <span class='ocrx_word' id='word_1_489' title='bbox 3248 2085 3328 2139; x_wconf 89' lang='lat' dir='ltr'><strong>tui</strong></span> <span class='ocrx_word' id='word_1_490' title='bbox 3365 2086 3418 2140; x_wconf 86' lang='lat' dir='ltr'><strong>in</strong></span> <span class='ocrx_word' id='word_1_491' title='bbox 3445 2088 3552 2140; x_wconf 86' lang='lat' dir='ltr'><strong>cir-</strong></span> 
     </span>
    </p>
   </div>
   <div class='ocr_carea' id='block_1_65' title="bbox 1983 2175 3553 2246">
    <p class='ocr_par' dir='ltr' id='par_1_65' title="bbox 1983 2175 3553 2246">
     <span class='ocr_line' id='line_1_65' title="bbox 1983 2175 3553 2246; baseline -0.001 -14"><span class='ocrx_word' id='word_1_492' title='bbox 1983 2185 2267 2246; x_wconf 89' lang='lat' dir='ltr'><strong>cumsepta</strong></span> <span class='ocrx_word' id='word_1_493' title='bbox 2303 2177 2522 2232; x_wconf 88' lang='lat' dir='ltr'><strong>civitate</strong></span> <span class='ocrx_word' id='word_1_494' title='bbox 2555 2185 2646 2230; x_wconf 90' lang='lat' dir='ltr'><strong>tua</strong></span> <span class='ocrx_word' id='word_1_495' title='bbox 2699 2177 3070 2244; x_wconf 85' lang='lat' dir='ltr'><strong>annumerari,</strong></span> <span class='ocrx_word' id='word_1_496' title='bbox 3111 2191 3174 2230; x_wconf 91' lang='lat' dir='ltr'><strong>ac</strong></span> <span class='ocrx_word' id='word_1_497' title='bbox 3216 2175 3413 2231; x_wconf 88' lang='lat' dir='ltr'><strong>deduci</strong></span> <span class='ocrx_word' id='word_1_498' title='bbox 3457 2191 3553 2231; x_wconf 84' lang='lat' dir='ltr'><strong>us-</strong></span> 
     </span>
    </p>
   </div>
   <div class='ocr_carea' id='block_1_66' title="bbox 1985 2266 2990 2338">
    <p class='ocr_par' dir='ltr' id='par_1_66' title="bbox 1985 2266 2990 2338">
     <span class='ocr_line' id='line_1_66' title="bbox 1985 2266 2990 2338; baseline 0.001 -17"><span class='ocrx_word' id='word_1_499' title='bbox 1985 2284 2093 2338; x_wconf 89' lang='lat' dir='ltr'><strong>que</strong></span> <span class='ocrx_word' id='word_1_500' title='bbox 2119 2268 2455 2322; x_wconf 85' lang='lat' dir='ltr'><strong>declaratam</strong></span> <span class='ocrx_word' id='word_1_501' title='bbox 2486 2269 2633 2322; x_wconf 87' lang='lat' dir='ltr'><strong>illam</strong></span> <span class='ocrx_word' id='word_1_502' title='bbox 2681 2266 2990 2323; x_wconf 73' lang='lat' dir='ltr'><strong>ldumaeam.</strong></span> 
     </span>
    </p>
   </div>
   <div class='ocr_carea' id='block_1_67' title="bbox 2058 2357 3554 2423">
    <p class='ocr_par' dir='ltr' id='par_1_67' title="bbox 2058 2357 3554 2423">
     <span class='ocr_line' id='line_1_67' title="bbox 2058 2357 3554 2423; baseline 0.002 -12"><span class='ocrx_word' id='word_1_503' title='bbox 2058 2357 2466 2423; x_wconf 70' lang='lat' dir='ltr'><strong>Vens.13,14.</strong></span> <span class='ocrx_word' id='word_1_504' title='bbox 2515 2357 2636 2412; x_wconf 70' lang='lat' dir='ltr'><strong>«Da</strong></span> <span class='ocrx_word' id='word_1_505' title='bbox 2688 2360 2846 2414; x_wconf 89' lang='lat' dir='ltr'><strong>nobis</strong></span> <span class='ocrx_word' id='word_1_506' title='bbox 2891 2360 3153 2414; x_wconf 81' lang='lat' dir='ltr'><strong>auxilium</strong></span> <span class='ocrx_word' id='word_1_507' title='bbox 3202 2359 3271 2415; x_wconf 90' lang='lat' dir='ltr'><strong>de</strong></span> <span class='ocrx_word' id='word_1_508' title='bbox 3323 2360 3554 2415; x_wconf 82' lang='lat' dir='ltr'><strong>tribula-</strong></span> 
     </span>
    </p>
   </div>
   <div class='ocr_carea' id='block_1_68' title="bbox 1985 2447 3551 2514">
    <p class='ocr_par' dir='ltr' id='par_1_68' title="bbox 1985 2447 3551 2514">
     <span class='ocr_line' id='line_1_68' title="bbox 1985 2447 3551 2514; baseline 0.002 -12"><span class='ocrx_word' id='word_1_509' title='bbox 1985 2449 2154 2514; x_wconf 85' lang='lat' dir='ltr'><strong>tione,</strong></span> <span class='ocrx_word' id='word_1_510' title='bbox 2209 2460 2262 2506; x_wconf 91' lang='lat' dir='ltr'><strong>et</strong></span> <span class='ocrx_word' id='word_1_511' title='bbox 2305 2465 2444 2505; x_wconf 87' lang='lat' dir='ltr'><strong>vana</strong></span> <span class='ocrx_word' id='word_1_512' title='bbox 2495 2449 2645 2507; x_wconf 88' lang='lat' dir='ltr'><strong>salus</strong></span> <span class='ocrx_word' id='word_1_513' title='bbox 2681 2448 2985 2506; x_wconf 88' lang='lat' dir='ltr'><strong>hominum.</strong></span> <span class='ocrx_word' id='word_1_514' title='bbox 3041 2449 3100 2504; x_wconf 92' lang='lat' dir='ltr'><strong>ln</strong></span> <span class='ocrx_word' id='word_1_515' title='bbox 3133 2448 3240 2504; x_wconf 87' lang='lat' dir='ltr'><strong>Deo</strong></span> <span class='ocrx_word' id='word_1_516' title='bbox 3283 2447 3551 2505; x_wconf 77' lang='lat' dir='ltr'><strong>faciemus</strong></span> 
     </span>
    </p>
   </div>
   <div class='ocr_carea' id='block_1_69' title="bbox 1986 2540 3555 2612">
    <p class='ocr_par' dir='ltr' id='par_1_69' title="bbox 1986 2540 3555 2612">
     <span class='ocr_line' id='line_1_69' title="bbox 1986 2540 3555 2612; baseline 0.002 -19"><span class='ocrx_word' id='word_1_517' title='bbox 1986 2542 2267 2605; x_wconf 76' lang='lat' dir='ltr'><strong>virtutem,</strong></span> <span class='ocrx_word' id='word_1_518' title='bbox 2295 2551 2349 2596; x_wconf 90' lang='lat' dir='ltr'><strong>et</strong></span> <span class='ocrx_word' id='word_1_519' title='bbox 2398 2543 2516 2612; x_wconf 92' lang='lat' dir='ltr'><strong>ipse</strong></span> <span class='ocrx_word' id='word_1_520' title='bbox 2565 2541 2633 2596; x_wconf 88' lang='lat' dir='ltr'><strong>ad</strong></span> <span class='ocrx_word' id='word_1_521' title='bbox 2683 2541 2912 2596; x_wconf 86' lang='lat' dir='ltr'><strong>nihilum</strong></span> <span class='ocrx_word' id='word_1_522' title='bbox 2959 2540 3188 2596; x_wconf 87' lang='lat' dir='ltr'><strong>deducet</strong></span> <span class='ocrx_word' id='word_1_523' title='bbox 3225 2542 3555 2596; x_wconf 81' lang='lat' dir='ltr'><strong>tribulantes</strong></span> 
     </span>
    </p>
   </div>
   <div class='ocr_carea' id='block_1_70' title="bbox 1987 2632 3555 2704">
    <p class='ocr_par' dir='ltr' id='par_1_70' title="bbox 1987 2632 3555 2704">
     <span class='ocr_line' id='line_1_70' title="bbox 1987 2632 3555 2704; baseline -0.002 -16"><span class='ocrx_word' id='word_1_524' title='bbox 1987 2650 2109 2688; x_wconf 87' lang='lat' dir='ltr'><strong>nos.</strong></span> <span class='ocrx_word' id='word_1_525' title='bbox 2134 2654 2152 2686; x_wconf 76' lang='grc' dir='ltr'><strong>ι</strong></span> <span class='ocrx_word' id='word_1_526' title='bbox 2213 2632 2318 2702; x_wconf 92' lang='lat' dir='ltr'><strong>Qui</strong></span> <span class='ocrx_word' id='word_1_527' title='bbox 2351 2635 2638 2704; x_wconf 87' lang='lat' dir='ltr'><strong>promissis</strong></span> <span class='ocrx_word' id='word_1_528' title='bbox 2670 2633 2874 2704; x_wconf 82' lang='lat' dir='ltr'><strong>dignati</strong></span> <span class='ocrx_word' id='word_1_529' title='bbox 2929 2642 3078 2701; x_wconf 92' lang='lat' dir='ltr'><strong>sunt,</strong></span> <span class='ocrx_word' id='word_1_530' title='bbox 3136 2634 3221 2689; x_wconf 92' lang='lat' dir='ltr'><strong>his</strong></span> <span class='ocrx_word' id='word_1_531' title='bbox 3253 2633 3555 2688; x_wconf 88' lang='lat' dir='ltr'><strong>edocentur</strong></span> 
     </span>
    </p>
   </div>
   <div class='ocr_carea' id='block_1_71' title="bbox 1988 2726 3558 2796">
    <p class='ocr_par' dir='ltr' id='par_1_71' title="bbox 1988 2726 3558 2796">
     <span class='ocr_line' id='line_1_71' title="bbox 1988 2726 3558 2796; baseline -0.001 -15"><span class='ocrx_word' id='word_1_532' title='bbox 1988 2727 2169 2782; x_wconf 85' lang='lat' dir='ltr'><strong>sobrie</strong></span> <span class='ocrx_word' id='word_1_533' title='bbox 2197 2729 2465 2796; x_wconf 77' lang='lat' dir='ltr'><strong>agendum</strong></span> <span class='ocrx_word' id='word_1_534' title='bbox 2493 2734 2546 2780; x_wconf 91' lang='lat' dir='ltr'><strong>et</strong></span> <span class='ocrx_word' id='word_1_535' title='bbox 2575 2726 2907 2796; x_wconf 80' lang='lat' dir='ltr'><strong>vigilandum</strong></span> <span class='ocrx_word' id='word_1_536' title='bbox 2927 2741 3067 2792; x_wconf 89' lang='lat' dir='ltr'><strong>esse,</strong></span> <span class='ocrx_word' id='word_1_537' title='bbox 3089 2735 3252 2796; x_wconf 87' lang='lat' dir='ltr'><strong>atque</strong></span> <span class='ocrx_word' id='word_1_538' title='bbox 3270 2726 3336 2780; x_wconf 88' lang='lat' dir='ltr'><strong>ad</strong></span> <span class='ocrx_word' id='word_1_539' title='bbox 3357 2741 3558 2780; x_wconf 62' lang='lat' dir='ltr'><strong>terum-</strong></span> 
     </span>
    </p>
   </div>
   <div class='ocr_carea' id='block_1_72' title="bbox 1989 2818 3556 2889">
    <p class='ocr_par' dir='ltr' id='par_1_72' title="bbox 1989 2818 3556 2889">
     <span class='ocr_line' id='line_1_72' title="bbox 1989 2818 3556 2889; baseline 0 -17"><span class='ocrx_word' id='word_1_540' title='bbox 1989 2833 2090 2873; x_wconf 93' lang='lat' dir='ltr'><strong>nas</strong></span> <span class='ocrx_word' id='word_1_541' title='bbox 2145 2829 2368 2889; x_wconf 86' lang='lat' dir='ltr'><strong>paratos</strong></span> <span class='ocrx_word' id='word_1_542' title='bbox 2407 2834 2530 2874; x_wconf 90' lang='lat' dir='ltr'><strong>esse</strong></span> <span class='ocrx_word' id='word_1_543' title='bbox 2583 2829 2853 2889; x_wconf 68' lang='lat' dir='ltr'><strong>oportere,</strong></span> <span class='ocrx_word' id='word_1_544' title='bbox 2890 2834 2954 2873; x_wconf 91' lang='lat' dir='ltr'><strong>ac</strong></span> <span class='ocrx_word' id='word_1_545' title='bbox 2987 2820 3170 2874; x_wconf 88' lang='lat' dir='ltr'><strong>dicere</strong></span> <span class='ocrx_word' id='word_1_546' title='bbox 3204 2818 3314 2888; x_wconf 78' lang='lat' dir='ltr'><strong>regi</strong></span> <span class='ocrx_word' id='word_1_547' title='bbox 3345 2834 3447 2872; x_wconf 92' lang='lat' dir='ltr'><strong>suo</strong></span> <span class='ocrx_word' id='word_1_548' title='bbox 3501 2820 3556 2872; x_wconf 88' lang='lat' dir='ltr'><strong>in</strong></span> 
     </span>
    </p>
   </div>
   <div class='ocr_carea' id='block_1_73' title="bbox 1989 2910 3551 2976">
    <p class='ocr_par' dir='ltr' id='par_1_73' title="bbox 1989 2910 3551 2976">
     <span class='ocr_line' id='line_1_73' title="bbox 1989 2910 3551 2976; baseline 0 -13"><span class='ocrx_word' id='word_1_549' title='bbox 1989 2911 2347 2976; x_wconf 86' lang='lat' dir='ltr'><strong>orationibus,</strong></span> <span class='ocrx_word' id='word_1_550' title='bbox 2398 2928 2416 2962; x_wconf 80' lang='grc' dir='ltr'><strong>ι</strong></span> <span class='ocrx_word' id='word_1_551' title='bbox 2439 2910 2512 2962; x_wconf 91' lang='lat' dir='ltr'><strong>Da</strong></span> <span class='ocrx_word' id='word_1_552' title='bbox 2546 2911 2705 2966; x_wconf 86' lang='lat' dir='ltr'><strong>nobis</strong></span> <span class='ocrx_word' id='word_1_553' title='bbox 2733 2912 2995 2965; x_wconf 82' lang='lat' dir='ltr'><strong>auxilium</strong></span> <span class='ocrx_word' id='word_1_554' title='bbox 3022 2911 3089 2966; x_wconf 92' lang='lat' dir='ltr'><strong>de</strong></span> <span class='ocrx_word' id='word_1_555' title='bbox 3113 2913 3502 2966; x_wconf 87' lang='lat' dir='ltr'><strong>tribulatione:</strong></span> <span class='ocrx_word' id='word_1_556' title='bbox 3531 2931 3551 2963; x_wconf 74' lang='grc' dir='ltr'><strong>ι</strong></span> 
     </span>
    </p>
   </div>
   <div class='ocr_carea' id='block_1_74' title="bbox 1987 3002 3558 3074">
    <p class='ocr_par' dir='ltr' id='par_1_74' title="bbox 1987 3002 3558 3074">
     <span class='ocr_line' id='line_1_74' title="bbox 1987 3002 3558 3074; baseline 0.001 -18"><span class='ocrx_word' id='word_1_557' title='bbox 1987 3018 2129 3056; x_wconf 87' lang='lat' dir='ltr'><strong>vana</strong></span> <span class='ocrx_word' id='word_1_558' title='bbox 2178 3004 2378 3073; x_wconf 81' lang='lat' dir='ltr'><strong>quippe</strong></span> <span class='ocrx_word' id='word_1_559' title='bbox 2412 3010 2496 3057; x_wconf 92' lang='lat' dir='ltr'><strong>est</strong></span> <span class='ocrx_word' id='word_1_560' title='bbox 2556 3019 2682 3072; x_wconf 89' lang='lat' dir='ltr'><strong>spes</strong></span> <span class='ocrx_word' id='word_1_561' title='bbox 2725 3004 2778 3057; x_wconf 91' lang='lat' dir='ltr'><strong>in</strong></span> <span class='ocrx_word' id='word_1_562' title='bbox 2832 3003 3050 3058; x_wconf 89' lang='lat' dir='ltr'><strong>homine</strong></span> <span class='ocrx_word' id='word_1_563' title='bbox 3101 3003 3302 3074; x_wconf 89' lang='lat' dir='ltr'><strong>posita.</strong></span> <span class='ocrx_word' id='word_1_564' title='bbox 3354 3002 3558 3057; x_wconf 86' lang='lat' dir='ltr'><strong>Deinde</strong></span> 
     </span>
    </p>
   </div>
   <div class='ocr_carea' id='block_1_75' title="bbox 1990 3095 3554 3166">
    <p class='ocr_par' dir='ltr' id='par_1_75' title="bbox 1990 3095 3554 3166">
     <span class='ocr_line' id='line_1_75' title="bbox 1990 3095 3554 3166; baseline 0.002 -15"><span class='ocrx_word' id='word_1_565' title='bbox 1990 3097 2106 3151; x_wconf 65' lang='lat' dir='ltr'><strong>haec</strong></span> <span class='ocrx_word' id='word_1_566' title='bbox 2121 3098 2350 3166; x_wconf 89' lang='lat' dir='ltr'><strong>precati,</strong></span> <span class='ocrx_word' id='word_1_567' title='bbox 2373 3096 2674 3150; x_wconf 85' lang='lat' dir='ltr'><strong>alacritatis</strong></span> <span class='ocrx_word' id='word_1_568' title='bbox 2695 3111 2808 3150; x_wconf 71' lang='lat' dir='ltr'><strong>suae</strong></span> <span class='ocrx_word' id='word_1_569' title='bbox 2832 3095 2986 3166; x_wconf 73' lang='lat' dir='ltr'><strong>signa</strong></span> <span class='ocrx_word' id='word_1_570' title='bbox 3011 3097 3253 3166; x_wconf 55' lang='lat' dir='ltr'><strong>praebent</strong></span> <span class='ocrx_word' id='word_1_571' title='bbox 3275 3095 3554 3154; x_wconf 84' lang='lat' dir='ltr'><strong>dicentes:</strong></span> 
     </span>
    </p>
   </div>
   <div class='ocr_carea' id='block_1_76' title="bbox 1996 3186 3557 3256">
    <p class='ocr_par' dir='ltr' id='par_1_76' title="bbox 1996 3186 3557 3256">
     <span class='ocr_line' id='line_1_76' title="bbox 1996 3186 3557 3256; baseline 0.001 -17"><span class='ocrx_word' id='word_1_572' title='bbox 1996 3207 2014 3239; x_wconf 76' lang='grc' dir='ltr'><strong>ι</strong></span> <span class='ocrx_word' id='word_1_573' title='bbox 2039 3189 2096 3242; x_wconf 89' lang='lat' dir='ltr'><strong>In</strong></span> <span class='ocrx_word' id='word_1_574' title='bbox 2128 3187 2236 3242; x_wconf 87' lang='lat' dir='ltr'><strong>Deo</strong></span> <span class='ocrx_word' id='word_1_575' title='bbox 2271 3187 2532 3242; x_wconf 82' lang='lat' dir='ltr'><strong>faciemus</strong></span> <span class='ocrx_word' id='word_1_576' title='bbox 2559 3189 2837 3250; x_wconf 83' lang='lat' dir='ltr'><strong>virtutem,</strong></span> <span class='ocrx_word' id='word_1_577' title='bbox 2871 3196 2924 3242; x_wconf 91' lang='lat' dir='ltr'><strong>et</strong></span> <span class='ocrx_word' id='word_1_578' title='bbox 2949 3188 3061 3256; x_wconf 90' lang='lat' dir='ltr'><strong>ipse</strong></span> <span class='ocrx_word' id='word_1_579' title='bbox 3095 3188 3163 3241; x_wconf 86' lang='lat' dir='ltr'><strong>ad</strong></span> <span class='ocrx_word' id='word_1_580' title='bbox 3202 3188 3434 3241; x_wconf 88' lang='lat' dir='ltr'><strong>nihilum</strong></span> <span class='ocrx_word' id='word_1_581' title='bbox 3461 3186 3557 3240; x_wconf 87' lang='lat' dir='ltr'><strong>de-</strong></span> 
     </span>
    </p>
   </div>
   <div class='ocr_carea' id='block_1_77' title="bbox 1985 3278 3556 3348">
    <p class='ocr_par' dir='ltr' id='par_1_77' title="bbox 1985 3278 3556 3348">
     <span class='ocr_line' id='line_1_77' title="bbox 1985 3278 3556 3348; baseline -0.001 -13"><span class='ocrx_word' id='word_1_582' title='bbox 1985 3281 2146 3336; x_wconf 83' lang='lat' dir='ltr'><strong>(lucet</strong></span> <span class='ocrx_word' id='word_1_583' title='bbox 2200 3283 2526 3337; x_wconf 89' lang='lat' dir='ltr'><strong>tribulantes</strong></span> <span class='ocrx_word' id='word_1_584' title='bbox 2585 3297 2708 3336; x_wconf 85' lang='lat' dir='ltr'><strong>nos.</strong></span> <span class='ocrx_word' id='word_1_585' title='bbox 2738 3299 2756 3332; x_wconf 74' lang='grc' dir='ltr'><strong>ι</strong></span> <span class='ocrx_word' id='word_1_586' title='bbox 2836 3279 2985 3335; x_wconf 87' lang='lat' dir='ltr'><strong>Talis</strong></span> <span class='ocrx_word' id='word_1_587' title='bbox 3031 3287 3150 3334; x_wconf 89' lang='lat' dir='ltr'><strong>erat</strong></span> <span class='ocrx_word' id='word_1_588' title='bbox 3187 3278 3417 3342; x_wconf 81' lang='lat' dir='ltr'><strong>Paulus,</strong></span> <span class='ocrx_word' id='word_1_589' title='bbox 3463 3278 3556 3348; x_wconf 89' lang='lat' dir='ltr'><strong>qui</strong></span> 
     </span>
    </p>
   </div>
   <div class='ocr_carea' id='block_1_78' title="bbox 1987 3365 3557 3444">
    <p class='ocr_par' dir='ltr' id='par_1_78' title="bbox 1987 3365 3557 3444">
     <span class='ocr_line' id='line_1_78' title="bbox 1987 3365 3557 3444; baseline -0.003 -15"><span class='ocrx_word' id='word_1_590' title='bbox 1987 3375 2234 3430; x_wconf 88' lang='lat' dir='ltr'><strong>dicebat:</strong></span> <span class='ocrx_word' id='word_1_591' title='bbox 2271 3395 2289 3427; x_wconf 76' lang='grc' dir='ltr'><strong>ι</strong></span> <span class='ocrx_word' id='word_1_592' title='bbox 2331 3365 2529 3430; x_wconf 86' lang='lat' dir='ltr'><strong>Omnia</strong></span> <span class='ocrx_word' id='word_1_593' title='bbox 2553 3390 2776 3444; x_wconf 88' lang='lat' dir='ltr'><strong>possum</strong></span> <span class='ocrx_word' id='word_1_594' title='bbox 2836 3373 2891 3428; x_wconf 91' lang='lat' dir='ltr'><strong>in</strong></span> <span class='ocrx_word' id='word_1_595' title='bbox 2933 3388 2999 3429; x_wconf 90' lang='lat' dir='ltr'><strong>eo</strong></span> <span class='ocrx_word' id='word_1_596' title='bbox 3058 3375 3150 3444; x_wconf 92' lang='lat' dir='ltr'><strong>qui</strong></span> <span class='ocrx_word' id='word_1_597' title='bbox 3201 3388 3287 3426; x_wconf 89' lang='lat' dir='ltr'><strong>me</strong></span> <span class='ocrx_word' id='word_1_598' title='bbox 3336 3371 3557 3426; x_wconf 78' lang='lat' dir='ltr'><strong>confor-</strong></span> 
     </span>
    </p>
   </div>
   <div class='ocr_carea' id='block_1_79' title="bbox 1988 3463 3560 3536">
    <p class='ocr_par' dir='ltr' id='par_1_79' title="bbox 1988 3463 3560 3536">
     <span class='ocr_line' id='line_1_79' title="bbox 1988 3463 3560 3536; baseline -0.002 -16"><span class='ocrx_word' id='word_1_599' title='bbox 1988 3467 2122 3521; x_wconf 73' lang='lat' dir='ltr'><strong>tat&quot;</strong></span> <span class='ocrx_word' id='word_1_600' title='bbox 2150 3484 2164 3533; x_wconf 89' lang='lat'><strong>;</strong></span> <span class='ocrx_word' id='word_1_601' title='bbox 2196 3486 2214 3518; x_wconf 69' lang='grc' dir='ltr'><strong>ι</strong></span> <span class='ocrx_word' id='word_1_602' title='bbox 2273 3481 2336 3521; x_wconf 91' lang='lat' dir='ltr'><strong>ac</strong></span> <span class='ocrx_word' id='word_1_603' title='bbox 2382 3482 2642 3532; x_wconf 89' lang='lat' dir='ltr'><strong>rursum;</strong></span> <span class='ocrx_word' id='word_1_604' title='bbox 2701 3464 2819 3519; x_wconf 85' lang='lat' dir='ltr'><strong>Non</strong></span> <span class='ocrx_word' id='word_1_605' title='bbox 2867 3480 2988 3535; x_wconf 83' lang='lat' dir='ltr'><strong>ego,</strong></span> <span class='ocrx_word' id='word_1_606' title='bbox 3036 3465 3234 3535; x_wconf 90' lang='lat' dir='ltr'><strong>inquit,</strong></span> <span class='ocrx_word' id='word_1_607' title='bbox 3294 3463 3389 3520; x_wconf 89' lang='lat' dir='ltr'><strong>sed</strong></span> <span class='ocrx_word' id='word_1_608' title='bbox 3433 3479 3560 3536; x_wconf 76' lang='lat' dir='ltr'><strong>gra-</strong></span> 
     </span>
    </p>
   </div>
   <div class='ocr_carea' id='block_1_80' title="bbox 1989 3554 3558 3630">
    <p class='ocr_par' dir='ltr' id='par_1_80' title="bbox 1989 3554 3558 3630">
     <span class='ocr_line' id='line_1_80' title="bbox 1989 3554 3558 3630; baseline -0.003 -18"><span class='ocrx_word' id='word_1_609' title='bbox 1989 3560 2064 3613; x_wconf 91' lang='lat' dir='ltr'><strong>tia</strong></span> <span class='ocrx_word' id='word_1_610' title='bbox 2107 3574 2228 3630; x_wconf 70' lang='lat' dir='ltr'><strong>quae</strong></span> <span class='ocrx_word' id='word_1_611' title='bbox 2273 3567 2355 3614; x_wconf 89' lang='lat' dir='ltr'><strong>est</strong></span> <span class='ocrx_word' id='word_1_612' title='bbox 2413 3559 2756 3615; x_wconf 66' lang='lat' dir='ltr'><strong>mecum&quot;.»</strong></span> <span class='ocrx_word' id='word_1_613' title='bbox 2825 3558 2908 3612; x_wconf 80' lang='lat' dir='ltr'><strong>Ad</strong></span> <span class='ocrx_word' id='word_1_614' title='bbox 2969 3557 3085 3612; x_wconf 71' lang='lat' dir='ltr'><strong>haec</strong></span> <span class='ocrx_word' id='word_1_615' title='bbox 3145 3554 3373 3612; x_wconf 87' lang='lat' dir='ltr'><strong>dicenda</strong></span> <span class='ocrx_word' id='word_1_616' title='bbox 3427 3569 3558 3608; x_wconf 83' lang='lat' dir='ltr'><strong>eru-</strong></span> 
     </span>
    </p>
   </div>
   <div class='ocr_carea' id='block_1_81' title="bbox 1989 3646 3558 3721">
    <p class='ocr_par' dir='ltr' id='par_1_81' title="bbox 1989 3646 3558 3721">
     <span class='ocr_line' id='line_1_81' title="bbox 1989 3646 3558 3721; baseline -0.003 -15"><span class='ocrx_word' id='word_1_617' title='bbox 1989 3651 2237 3718; x_wconf 90' lang='lat' dir='ltr'><strong>diuntur,</strong></span> <span class='ocrx_word' id='word_1_618' title='bbox 2273 3651 2364 3721; x_wconf 92' lang='lat' dir='ltr'><strong>qui</strong></span> <span class='ocrx_word' id='word_1_619' title='bbox 2393 3667 2459 3705; x_wconf 82' lang='lat' dir='ltr'><strong>ex</strong></span> <span class='ocrx_word' id='word_1_620' title='bbox 2499 3651 2737 3705; x_wconf 83' lang='lat' dir='ltr'><strong>ldumaea</strong></span> <span class='ocrx_word' id='word_1_621' title='bbox 2766 3657 2820 3704; x_wconf 91' lang='lat' dir='ltr'><strong>et</strong></span> <span class='ocrx_word' id='word_1_622' title='bbox 2853 3665 2916 3706; x_wconf 81' lang='lat' dir='ltr'><strong>ex</strong></span> <span class='ocrx_word' id='word_1_623' title='bbox 2947 3647 3269 3718; x_wconf 76' lang='lat' dir='ltr'><strong>alienigenis</strong></span> <span class='ocrx_word' id='word_1_624' title='bbox 3299 3646 3558 3717; x_wconf 74' lang='lat' dir='ltr'><strong>gentibus</strong></span> 
     </span>
    </p>
   </div>
   <div class='ocr_carea' id='block_1_82' title="bbox 1991 3739 3558 3814">
    <p class='ocr_par' dir='ltr' id='par_1_82' title="bbox 1991 3739 3558 3814">
     <span class='ocr_line' id='line_1_82' title="bbox 1991 3739 3558 3814; baseline -0.004 -17"><span class='ocrx_word' id='word_1_625' title='bbox 1991 3743 2059 3797; x_wconf 85' lang='lat' dir='ltr'><strong>ad</strong></span> <span class='ocrx_word' id='word_1_626' title='bbox 2124 3742 2218 3797; x_wconf 91' lang='lat' dir='ltr'><strong>Dei</strong></span> <span class='ocrx_word' id='word_1_627' title='bbox 2282 3744 2515 3814; x_wconf 76' lang='lat' dir='ltr'><strong>gratiam</strong></span> <span class='ocrx_word' id='word_1_628' title='bbox 2571 3757 2874 3798; x_wconf 90' lang='lat' dir='ltr'><strong>accessere.</strong></span> <span class='ocrx_word' id='word_1_629' title='bbox 2933 3739 3087 3806; x_wconf 84' lang='lat' dir='ltr'><strong>Quod</strong></span> <span class='ocrx_word' id='word_1_630' title='bbox 3122 3739 3168 3794; x_wconf 91' lang='lat' dir='ltr'><strong>si</strong></span> <span class='ocrx_word' id='word_1_631' title='bbox 3199 3753 3280 3793; x_wconf 84' lang='lat' dir='ltr'><strong>.ex</strong></span> <span class='ocrx_word' id='word_1_632' title='bbox 3327 3752 3558 3808; x_wconf 87' lang='lat' dir='ltr'><strong>persona</strong></span> 
     </span>
    </p>
   </div>
   <div class='ocr_carea' id='block_1_83' title="bbox 1992 3829 3559 3906">
    <p class='ocr_par' dir='ltr' id='par_1_83' title="bbox 1992 3829 3559 3906">
     <span class='ocr_line' id='line_1_83' title="bbox 1992 3829 3559 3906; baseline -0.004 -19"><span class='ocrx_word' id='word_1_633' title='bbox 1992 3833 2297 3906; x_wconf 89' lang='lat' dir='ltr'><strong>prophetici</strong></span> <span class='ocrx_word' id='word_1_634' title='bbox 2329 3833 2487 3888; x_wconf 87' lang='lat' dir='ltr'><strong>chori</strong></span> <span class='ocrx_word' id='word_1_635' title='bbox 2528 3834 2800 3894; x_wconf 89' lang='lat' dir='ltr'><strong>dicantur.</strong></span> <span class='ocrx_word' id='word_1_636' title='bbox 2835 3846 2968 3887; x_wconf 87' lang='lat' dir='ltr'><strong>sane</strong></span> <span class='ocrx_word' id='word_1_637' title='bbox 3009 3831 3166 3884; x_wconf 89' lang='lat' dir='ltr'><strong>decet</strong></span> <span class='ocrx_word' id='word_1_638' title='bbox 3195 3830 3341 3899; x_wconf 86' lang='lat' dir='ltr'><strong>ipsos</strong></span> <span class='ocrx_word' id='word_1_639' title='bbox 3374 3829 3559 3898; x_wconf 90' lang='lat' dir='ltr'><strong>repul-</strong></span> 
     </span>
    </p>
   </div>
   <div class='ocr_carea' id='block_1_84' title="bbox 1995 3920 3562 3995">
    <p class='ocr_par' dir='ltr' id='par_1_84' title="bbox 1995 3920 3562 3995">
     <span class='ocr_line' id='line_1_84' title="bbox 1995 3920 3562 3995; baseline -0.004 -15"><span class='ocrx_word' id='word_1_640' title='bbox 1995 3944 2110 3981; x_wconf 82' lang='lat' dir='ltr'><strong>sam</strong></span> <span class='ocrx_word' id='word_1_641' title='bbox 2155 3935 2209 3981; x_wconf 92' lang='lat' dir='ltr'><strong>et</strong></span> <span class='ocrx_word' id='word_1_642' title='bbox 2237 3928 2452 3981; x_wconf 88' lang='lat' dir='ltr'><strong>ruinam</strong></span> <span class='ocrx_word' id='word_1_643' title='bbox 2495 3925 2695 3995; x_wconf 88' lang='lat' dir='ltr'><strong>prioris</strong></span> <span class='ocrx_word' id='word_1_644' title='bbox 2727 3924 2912 3995; x_wconf 90' lang='lat' dir='ltr'><strong>populi</strong></span> <span class='ocrx_word' id='word_1_645' title='bbox 2952 3922 3323 3991; x_wconf 89' lang='lat' dir='ltr'><strong>deplorantes,</strong></span> <span class='ocrx_word' id='word_1_646' title='bbox 3354 3920 3562 3974; x_wconf 80' lang='lat' dir='ltr'><strong>oratio-</strong></span> 
     </span>
    </p>
   </div>
   <div class='ocr_carea' id='block_1_85' title="bbox 1993 4010 3560 4086">
    <p class='ocr_par' dir='ltr' id='par_1_85' title="bbox 1993 4010 3560 4086">
     <span class='ocr_line' id='line_1_85' title="bbox 1993 4010 3560 4086; baseline -0.006 -14"><span class='ocrx_word' id='word_1_647' title='bbox 1993 4033 2117 4072; x_wconf 90' lang='lat' dir='ltr'><strong>nem</strong></span> <span class='ocrx_word' id='word_1_648' title='bbox 2163 4017 2444 4072; x_wconf 84' lang='lat' dir='ltr'><strong>eli‘undere</strong></span> <span class='ocrx_word' id='word_1_649' title='bbox 2470 4031 2570 4086; x_wconf 89' lang='lat' dir='ltr'><strong>pro</strong></span> <span class='ocrx_word' id='word_1_650' title='bbox 2601 4013 2880 4070; x_wconf 88' lang='lat' dir='ltr'><strong>communi</strong></span> <span class='ocrx_word' id='word_1_651' title='bbox 2919 4028 3020 4069; x_wconf 91' lang='lat' dir='ltr'><strong>suo</strong></span> <span class='ocrx_word' id='word_1_652' title='bbox 3059 4026 3310 4082; x_wconf 86' lang='lat' dir='ltr'><strong>corpore,</strong></span> <span class='ocrx_word' id='word_1_653' title='bbox 3350 4020 3404 4065; x_wconf 92' lang='lat' dir='ltr'><strong>et</strong></span> <span class='ocrx_word' id='word_1_654' title='bbox 3443 4010 3560 4064; x_wconf 67' lang='lat' dir='ltr'><strong>haec</strong></span> 
     </span>
    </p>
   </div>
   <div class='ocr_carea' id='block_1_86' title="bbox 1994 4107 2590 4179">
    <p class='ocr_par' dir='ltr' id='par_1_86' title="bbox 1994 4107 2590 4179">
     <span class='ocr_line' id='line_1_86' title="bbox 1994 4107 2590 4179; baseline -0.003 -15"><span class='ocrx_word' id='word_1_655' title='bbox 1994 4109 2160 4164; x_wconf 86' lang='lat' dir='ltr'><strong>verba</strong></span> <span class='ocrx_word' id='word_1_656' title='bbox 2183 4107 2295 4164; x_wconf 91' lang='lat' dir='ltr'><strong>Deo</strong></span> <span class='ocrx_word' id='word_1_657' title='bbox 2325 4109 2590 4179; x_wconf 77' lang='lat' dir='ltr'><strong>proferre.</strong></span> 
     </span>
    </p>
   </div>
   <div class='ocr_carea' id='block_1_87' title="bbox 2138 4255 3423 4328">
    <p class='ocr_par' dir='ltr' id='par_1_87' title="bbox 2138 4255 3423 4328">
     <span class='ocr_line' id='line_1_87' title="bbox 2138 4255 3423 4328; baseline -0.003 -12"><span class='ocrx_word' id='word_1_658' title='bbox 2138 4263 2188 4318; x_wconf 80' lang='lat' dir='ltr'><strong>l.</strong></span> <span class='ocrx_word' id='word_1_659' title='bbox 2224 4260 2289 4314; x_wconf 89' lang='grc' dir='ltr'><strong>ΙΝ</strong></span> <span class='ocrx_word' id='word_1_660' title='bbox 2322 4259 2552 4328; x_wconf 82' lang='lat' dir='ltr'><strong>FINEM,</strong></span> <span class='ocrx_word' id='word_1_661' title='bbox 2592 4257 2660 4313; x_wconf 84' lang='lat' dir='ltr'><strong>1N</strong></span> <span class='ocrx_word' id='word_1_662' title='bbox 2695 4256 2978 4328; x_wconf 78' lang='lat' dir='ltr'><strong>HYMNIS,</strong></span> <span class='ocrx_word' id='word_1_663' title='bbox 3019 4255 3267 4314; x_wconf 73' lang='lat' dir='ltr'><strong>DAVlDl.</strong></span> <span class='ocrx_word' id='word_1_664' title='bbox 3311 4255 3423 4312; x_wconf 77' lang='lat' dir='ltr'><strong>LX.</strong></span> 
     </span>
    </p>
   </div>
   <div class='ocr_carea' id='block_1_88' title="bbox 2072 4390 3565 4461">
    <p class='ocr_par' dir='ltr' id='par_1_88' title="bbox 2072 4390 3565 4461">
     <span class='ocr_line' id='line_1_88' title="bbox 2072 4390 3565 4461; baseline -0.005 -9"><span class='ocrx_word' id='word_1_665' title='bbox 2072 4397 2240 4454; x_wconf 76' lang='lat' dir='ltr'><strong>Vens.</strong></span> <span class='ocrx_word' id='word_1_666' title='bbox 2292 4395 2361 4461; x_wconf 80' lang='lat'><strong>2,</strong></span> <span class='ocrx_word' id='word_1_667' title='bbox 2403 4395 2456 4450; x_wconf 81' lang='grc'><strong>5.</strong></span> <span class='ocrx_word' id='word_1_668' title='bbox 2507 4412 2526 4446; x_wconf 74' lang='grc' dir='ltr'><strong>ι</strong></span> <span class='ocrx_word' id='word_1_669' title='bbox 2580 4390 2830 4458; x_wconf 78' lang='lat' dir='ltr'><strong>Exaudi,</strong></span> <span class='ocrx_word' id='word_1_670' title='bbox 2891 4390 3071 4452; x_wconf 88' lang='lat' dir='ltr'><strong>Deus.</strong></span> <span class='ocrx_word' id='word_1_671' title='bbox 3129 4390 3565 4460; x_wconf 84' lang='lat' dir='ltr'><strong>deprecationem</strong></span> 
     </span>
    </p>
   </div>
   <div class='ocr_carea' id='block_1_89' title="bbox 223 4482 1886 4579">
    <p class='ocr_par' dir='ltr' id='par_1_89' title="bbox 223 4499 1886 4579">
     <span class='ocr_line' id='line_1_89' title="bbox 223 4499 1886 4579; baseline -0.007 -17"><span class='ocrx_word' id='word_1_672' title='bbox 223 4505 228 4510; x_wconf 63' lang='grc'>”</span> <span class='ocrx_word' id='word_1_673' title='bbox 313 4509 383 4579; x_wconf 78' lang='grc' dir='ltr'>τῇ</span> <span class='ocrx_word' id='word_1_674' title='bbox 415 4506 686 4578; x_wconf 83' lang='grc' dir='ltr'>προσευχῇ</span> <span class='ocrx_word' id='word_1_675' title='bbox 721 4520 844 4574; x_wconf 93' lang='grc' dir='ltr'>μου.</span> <span class='ocrx_word' id='word_1_676' title='bbox 893 4522 912 4554; x_wconf 71' lang='grc' dir='ltr'><strong>ι</strong></span> <span class='ocrx_word' id='word_1_677' title='bbox 960 4502 1021 4555; x_wconf 81' lang='lat' dir='ltr'><strong>0i</strong></span> <span class='ocrx_word' id='word_1_678' title='bbox 1064 4501 1161 4571; x_wconf 82' lang='grc' dir='ltr'><strong>μὲν</strong></span> <span class='ocrx_word' id='word_1_679' title='bbox 1195 4499 1667 4571; x_wconf 88' lang='grc' dir='ltr'>ἐπιγεγραμμένοι</span> <span class='ocrx_word' id='word_1_680' title='bbox 1703 4499 1886 4570; x_wconf 87' lang='grc' dir='ltr'>στηλο-</span> 
     </span>
    </p>
   </div>
   <div class='ocr_carea' id='block_1_90' title="bbox 1989 4482 3566 4579">
    <p class='ocr_par' dir='ltr' id='par_1_90' title="bbox 2005 4482 3566 4553">
     <span class='ocr_line' id='line_1_90' title="bbox 2005 4482 3566 4553; baseline -0.006 -8"><span class='ocrx_word' id='word_1_681' title='bbox 2005 4506 2182 4545; x_wconf 87' lang='lat' dir='ltr'><strong>meam</strong></span> <span class='ocrx_word' id='word_1_682' title='bbox 2207 4527 2222 4553; x_wconf 95' lang='lat'><strong>,</strong></span> <span class='ocrx_word' id='word_1_683' title='bbox 2273 4485 2495 4542; x_wconf 87' lang='lat' dir='ltr'><strong>intende</strong></span> <span class='ocrx_word' id='word_1_684' title='bbox 2535 4485 2772 4539; x_wconf 88' lang='lat' dir='ltr'><strong>orationi</strong></span> <span class='ocrx_word' id='word_1_685' title='bbox 2817 4499 2970 4541; x_wconf 76' lang='lat' dir='ltr'><strong>mete.</strong></span> <span class='ocrx_word' id='word_1_686' title='bbox 3008 4503 3028 4537; x_wconf 84' lang='grc'><strong>›</strong></span> <span class='ocrx_word' id='word_1_687' title='bbox 3060 4482 3165 4549; x_wconf 91' lang='lat' dir='ltr'><strong>Qui</strong></span> <span class='ocrx_word' id='word_1_688' title='bbox 3196 4483 3336 4537; x_wconf 92' lang='lat' dir='ltr'><strong>tituli</strong></span> <span class='ocrx_word' id='word_1_689' title='bbox 3368 4482 3566 4536; x_wconf 89' lang='lat' dir='ltr'><strong>inscri-</strong></span> 
     </span>
    </p>
   </div>
   <div class='ocr_carea' id='block_1_91' title="bbox 315 4589 1887 4672">
    <p class='ocr_par' dir='ltr' id='par_1_91' title="bbox 315 4589 1887 4672">
     <span class='ocr_line' id='line_1_91' title="bbox 315 4589 1887 4672; baseline -0.006 -20"><span class='ocrx_word' id='word_1_690' title='bbox 315 4597 556 4672; x_wconf 85' lang='grc' dir='ltr'>γραφίας</span> <span class='ocrx_word' id='word_1_691' title='bbox 590 4595 785 4666; x_wconf 81' lang='grc' dir='ltr'>ἐφεξῆς</span> <span class='ocrx_word' id='word_1_692' title='bbox 822 4592 982 4646; x_wconf 89' lang='grc' dir='ltr'>πέντε</span> <span class='ocrx_word' id='word_1_693' title='bbox 1015 4591 1176 4663; x_wconf 87' lang='grc' dir='ltr'>μέχρι</span> <span class='ocrx_word' id='word_1_694' title='bbox 1211 4589 1304 4643; x_wconf 88' lang='grc' dir='ltr'><strong>τοῦ</strong></span> <span class='ocrx_word' id='word_1_695' title='bbox 1334 4589 1410 4645; x_wconf 78' lang='grc' dir='ltr'><strong>νϐ’</strong></span> <span class='ocrx_word' id='word_1_696' title='bbox 1452 4590 1603 4652; x_wconf 88' lang='grc' dir='ltr'>τέλος</span> <span class='ocrx_word' id='word_1_697' title='bbox 1644 4591 1887 4660; x_wconf 77' lang='grc' dir='ltr'>έχουσινο</span> 
     </span>
    </p>
   </div>
   <div class='ocr_carea' id='block_1_92' title="bbox 319 4681 1888 4755">
    <p class='ocr_par' dir='ltr' id='par_1_92' title="bbox 319 4681 1888 4755">
     <span class='ocr_line' id='line_1_92' title="bbox 319 4681 1888 4755; baseline -0.008 -10"><span class='ocrx_word' id='word_1_698' title='bbox 319 4691 426 4745; x_wconf 67' lang='grc' dir='ltr'>εἰσὶ</span> <span class='ocrx_word' id='word_1_699' title='bbox 449 4690 506 4743; x_wconf 84' lang='grc' dir='ltr'><strong>δέ</strong></span> <span class='ocrx_word' id='word_1_700' title='bbox 539 4688 739 4750; x_wconf 72' lang='grc' dir='ltr'>πάντες</span> <span class='ocrx_word' id='word_1_701' title='bbox 762 4687 811 4738; x_wconf 80' lang='grc' dir='ltr'>οἱ</span> <span class='ocrx_word' id='word_1_702' title='bbox 832 4685 1035 4755; x_wconf 86' lang='grc' dir='ltr'>ταύτην</span> <span class='ocrx_word' id='word_1_703' title='bbox 1066 4683 1280 4753; x_wconf 75' lang='grc' dir='ltr'>ἔχοντες</span> <span class='ocrx_word' id='word_1_704' title='bbox 1303 4682 1401 4753; x_wconf 73' lang='grc' dir='ltr'><strong>τὴν</strong></span> <span class='ocrx_word' id='word_1_705' title='bbox 1446 4681 1771 4753; x_wconf 76' lang='grc' dir='ltr'>προγραφὴν</span> <span class='ocrx_word' id='word_1_706' title='bbox 1795 4681 1855 4748; x_wconf 80' lang='grc' dir='ltr'>ἐξ</span> <span class='ocrx_word' id='word_1_707' title='bbox 1875 4699 1888 4712; x_wconf 78' lang='grc' dir='ltr'><strong>ο</strong></span> 
     </span>
    </p>
   </div>
   <div class='ocr_carea' id='block_1_93' title="bbox 318 4770 1894 4851">
    <p class='ocr_par' dir='ltr' id='par_1_93' title="bbox 318 4770 1894 4851">
     <span class='ocr_line' id='line_1_93' title="bbox 318 4770 1894 4851; baseline -0.006 -17"><span class='ocrx_word' id='word_1_708' title='bbox 318 4781 448 4835; x_wconf 80' lang='grc' dir='ltr'>οἵτε</span> <span class='ocrx_word' id='word_1_709' title='bbox 484 4777 870 4851; x_wconf 82' lang='grc' dir='ltr'>προλεχθέντες</span> <span class='ocrx_word' id='word_1_710' title='bbox 904 4774 998 4828; x_wconf 65' lang='grc' dir='ltr'><strong>καὶ</strong></span> <span class='ocrx_word' id='word_1_711' title='bbox 1018 4776 1046 4827; x_wconf 98' lang='lat'><strong>6</strong></span> <span class='ocrx_word' id='word_1_712' title='bbox 1075 4779 1134 4826; x_wconf 85' lang='grc' dir='ltr'>ιε’</span> <span class='ocrx_word' id='word_1_713' title='bbox 1167 4773 1226 4826; x_wconf 88' lang='grc' dir='ltr'><strong>ἐν</strong></span> <span class='ocrx_word' id='word_1_714' title='bbox 1249 4771 1327 4843; x_wconf 82' lang='grc' dir='ltr'>τῷ</span> <span class='ocrx_word' id='word_1_715' title='bbox 1367 4770 1566 4844; x_wconf 83' lang='grc' dir='ltr'>πρώτῳ</span> <span class='ocrx_word' id='word_1_716' title='bbox 1607 4771 1764 4842; x_wconf 89' lang='grc' dir='ltr'>μέρει</span> <span class='ocrx_word' id='word_1_717' title='bbox 1795 4775 1894 4842; x_wconf 86' lang='grc' dir='ltr'><strong>τῆς</strong></span> 
     </span>
    </p>
   </div>
   <div class='ocr_carea' id='block_1_94' title="bbox 322 4863 1894 4947">
    <p class='ocr_par' dir='ltr' id='par_1_94' title="bbox 322 4863 1894 4947">
     <span class='ocr_line' id='line_1_94' title="bbox 322 4863 1894 4947; baseline -0.007 -20"><span class='ocrx_word' id='word_1_718' title='bbox 322 4873 507 4947; x_wconf 71' lang='grc' dir='ltr'>βίϐλου</span> <span class='ocrx_word' id='word_1_719' title='bbox 533 4871 642 4926; x_wconf 88' lang='grc' dir='ltr'><strong>τῶν</strong></span> <span class='ocrx_word' id='word_1_720' title='bbox 670 4868 919 4940; x_wconf 81' lang='grc' dir='ltr'>Ψαλμῶν</span> <span class='ocrx_word' id='word_1_721' title='bbox 940 4865 1210 4938; x_wconf 88' lang='grc' dir='ltr'>κείμενος.</span> <span class='ocrx_word' id='word_1_722' title='bbox 1241 4866 1307 4919; x_wconf 81' lang='grc' dir='ltr'><em>Ὅ</em></span> <span class='ocrx_word' id='word_1_723' title='bbox 1333 4881 1397 4934; x_wconf 88' lang='grc' dir='ltr'><strong>γε</strong></span> <span class='ocrx_word' id='word_1_724' title='bbox 1431 4863 1534 4937; x_wconf 75' lang='grc' dir='ltr'>μὴν</span> <span class='ocrx_word' id='word_1_725' title='bbox 1562 4863 1697 4936; x_wconf 84' lang='grc' dir='ltr'>μετὰ</span> <span class='ocrx_word' id='word_1_726' title='bbox 1709 4868 1894 4936; x_wconf 83' lang='grc' dir='ltr'>χεῖρας</span> 
     </span>
    </p>
   </div>
   <div class='ocr_carea' id='block_1_95' title="bbox 321 4956 1896 5038">
    <p class='ocr_par' dir='ltr' id='par_1_95' title="bbox 321 4956 1896 5038">
     <span class='ocr_line' id='line_1_95' title="bbox 321 4956 1896 5038; baseline -0.006 -18"><span class='ocrx_word' id='word_1_727' title='bbox 321 4965 489 5038; x_wconf 78' lang='grc' dir='ltr'>ὕμνος</span> <span class='ocrx_word' id='word_1_728' title='bbox 515 4963 590 5018; x_wconf 84' lang='grc' dir='ltr'>ὣν</span> <span class='ocrx_word' id='word_1_729' title='bbox 637 4962 730 5016; x_wconf 75' lang='grc' dir='ltr'>καὶ</span> <span class='ocrx_word' id='word_1_730' title='bbox 763 4959 925 5022; x_wconf 81' lang='grc' dir='ltr'>αὐτὸς</span> <span class='ocrx_word' id='word_1_731' title='bbox 954 4960 1034 5022; x_wconf 77' lang='grc' dir='ltr'><strong>εἰς</strong></span> <span class='ocrx_word' id='word_1_732' title='bbox 1076 4956 1136 5010; x_wconf 83' lang='grc' dir='ltr'><strong>τὸ</strong></span> <span class='ocrx_word' id='word_1_733' title='bbox 1164 4957 1316 5021; x_wconf 88' lang='grc' dir='ltr'>τέλος</span> <span class='ocrx_word' id='word_1_734' title='bbox 1349 4957 1436 5010; x_wconf 84' lang='grc' dir='ltr'>διὰ</span> <span class='ocrx_word' id='word_1_735' title='bbox 1480 4956 1579 5021; x_wconf 85' lang='grc' dir='ltr'>τὰς</span> <span class='ocrx_word' id='word_1_736' title='bbox 1623 4957 1714 5009; x_wconf 60' lang='grc' dir='ltr'><strong>ἐπὶ⁵</strong></span> <span class='ocrx_word' id='word_1_737' title='bbox 1756 4956 1896 5010; x_wconf 87' lang='grc' dir='ltr'>τέλει</span> 
     </span>
    </p>
   </div>
   <div class='ocr_carea' id='block_1_96' title="bbox 321 5049 1896 5129">
    <p class='ocr_par' dir='ltr' id='par_1_96' title="bbox 321 5049 1896 5129">
     <span class='ocr_line' id='line_1_96' title="bbox 321 5049 1896 5129; baseline -0.007 -16"><span class='ocrx_word' id='word_1_738' title='bbox 321 5057 415 5114; x_wconf 87' lang='grc' dir='ltr'><strong>τοῦ</strong></span> <span class='ocrx_word' id='word_1_739' title='bbox 462 5056 630 5129; x_wconf 78' lang='grc' dir='ltr'>ὕμνου</span> <span class='ocrx_word' id='word_1_740' title='bbox 672 5051 976 5126; x_wconf 85' lang='grc' dir='ltr'>φερομένας</span> <span class='ocrx_word' id='word_1_741' title='bbox 1015 5051 1351 5121; x_wconf 80' lang='grc' dir='ltr'>ἐπιχρήστας</span> <span class='ocrx_word' id='word_1_742' title='bbox 1401 5049 1730 5118; x_wconf 84' lang='grc' dir='ltr'>ἐπαγγελίας</span> <span class='ocrx_word' id='word_1_743' title='bbox 1767 5049 1896 5102; x_wconf 89' lang='grc' dir='ltr'>ἀνα-</span> 
     </span>
    </p>
   </div>
   <div class='ocr_carea' id='block_1_97' title="bbox 322 5141 1895 5222">
    <p class='ocr_par' dir='ltr' id='par_1_97' title="bbox 322 5141 1895 5222">
     <span class='ocr_line' id='line_1_97' title="bbox 322 5141 1895 5222; baseline -0.01 -16"><span class='ocrx_word' id='word_1_744' title='bbox 322 5153 550 5222; x_wconf 87' lang='grc' dir='ltr'>πέμπει.</span> <span class='ocrx_word' id='word_1_745' title='bbox 609 5148 730 5201; x_wconf 70' lang='grc' dir='ltr'>Είσὶ</span> <span class='ocrx_word' id='word_1_746' title='bbox 780 5147 839 5202; x_wconf 86' lang='grc' dir='ltr'><strong>δέ</strong></span> <span class='ocrx_word' id='word_1_747' title='bbox 897 5147 1096 5209; x_wconf 83' lang='grc' dir='ltr'>πάντες</span> <span class='ocrx_word' id='word_1_748' title='bbox 1145 5146 1194 5197; x_wconf 78' lang='grc' dir='ltr'><strong>οἱ</strong></span> <span class='ocrx_word' id='word_1_749' title='bbox 1251 5141 1719 5213; x_wconf 82' lang='grc' dir='ltr'>ἐπιγεγραμμένοι</span> <span class='ocrx_word' id='word_1_750' title='bbox 1755 5160 1773 5191; x_wconf 75' lang='grc' dir='ltr'><strong>ι</strong></span> <span class='ocrx_word' id='word_1_751' title='bbox 1807 5141 1895 5192; x_wconf 84' lang='grc' dir='ltr'>Ἐν</span> 
     </span>
    </p>
   </div>
   <div class='ocr_carea' id='block_1_98' title="bbox 323 5232 1897 5314">
    <p class='ocr_par' dir='ltr' id='par_1_98' title="bbox 323 5232 1897 5314">
     <span class='ocr_line' id='line_1_98' title="bbox 323 5232 1897 5314; baseline -0.009 -17"><span class='ocrx_word' id='word_1_752' title='bbox 323 5245 513 5314; x_wconf 78' lang='grc' dir='ltr'>ὕμνοις</span> <span class='ocrx_word' id='word_1_753' title='bbox 549 5262 567 5293; x_wconf 75' lang='grc' dir='ltr'><strong>ι</strong></span> <span class='ocrx_word' id='word_1_754' title='bbox 611 5241 802 5294; x_wconf 88' lang='grc' dir='ltr'>πέντε·</span> <span class='ocrx_word' id='word_1_755' title='bbox 853 5239 946 5293; x_wconf 90' lang='grc' dir='ltr'><strong>δύο</strong></span> <span class='ocrx_word' id='word_1_756' title='bbox 996 5239 1093 5309; x_wconf 85' lang='grc' dir='ltr'>μὲν</span> <span class='ocrx_word' id='word_1_757' title='bbox 1138 5239 1194 5291; x_wconf 92' lang='grc' dir='ltr'><strong>ἐν</strong></span> <span class='ocrx_word' id='word_1_758' title='bbox 1238 5237 1316 5307; x_wconf 84' lang='grc' dir='ltr'>τῷ</span> <span class='ocrx_word' id='word_1_759' title='bbox 1368 5232 1570 5305; x_wconf 82' lang='grc' dir='ltr'>πρώτῳ</span> <span class='ocrx_word' id='word_1_760' title='bbox 1605 5232 1758 5304; x_wconf 87' lang='grc' dir='ltr'>μέρει</span> <span class='ocrx_word' id='word_1_761' title='bbox 1797 5235 1897 5302; x_wconf 78' lang='grc' dir='ltr'><strong>τῆς</strong></span> 
     </span>
    </p>
   </div>
   <div class='ocr_carea' id='block_1_99' title="bbox 331 5319 1899 5408">
    <p class='ocr_par' dir='ltr' id='par_1_99' title="bbox 331 5319 1899 5408">
     <span class='ocr_line' id='line_1_99' title="bbox 331 5319 1899 5408; baseline -0.008 -19"><span class='ocrx_word' id='word_1_762' title='bbox 331 5337 533 5408; x_wconf 72' lang='grc' dir='ltr'>βίϐλου,</span> <span class='ocrx_word' id='word_1_763' title='bbox 572 5335 601 5387; x_wconf 92' lang='lat'><strong>6</strong></span> <span class='ocrx_word' id='word_1_764' title='bbox 642 5335 895 5405; x_wconf 87' lang='grc' dir='ltr'>τέταρτος</span> <span class='ocrx_word' id='word_1_765' title='bbox 939 5332 1033 5386; x_wconf 72' lang='grc' dir='ltr'>καὶ</span> <span class='ocrx_word' id='word_1_766' title='bbox 1075 5333 1104 5384; x_wconf 92' lang='lat'><strong>6</strong></span> <span class='ocrx_word' id='word_1_767' title='bbox 1148 5335 1220 5394; x_wconf 83' lang='grc' dir='ltr'><strong>ς’.</strong></span> <span class='ocrx_word' id='word_1_768' title='bbox 1261 5326 1401 5380; x_wconf 82' lang='grc' dir='ltr'>Ἀλλ’</span> <span class='ocrx_word' id='word_1_769' title='bbox 1442 5319 1585 5379; x_wconf 78' lang='grc' dir='ltr'>οὗτοι</span> <span class='ocrx_word' id='word_1_770' title='bbox 1614 5325 1713 5395; x_wconf 89' lang='grc' dir='ltr'><strong>μέν</strong></span> <span class='ocrx_word' id='word_1_771' title='bbox 1757 5345 1774 5376; x_wconf 82' lang='grc' dir='ltr'><strong>ι</strong></span> <span class='ocrx_word' id='word_1_772' title='bbox 1812 5324 1899 5377; x_wconf 87' lang='grc' dir='ltr'>Ἐν</span> 
     </span>
    </p>
   </div>
   <div class='ocr_carea' id='block_1_100' title="bbox 329 5417 1900 5500">
    <p class='ocr_par' dir='ltr' id='par_1_100' title="bbox 329 5417 1900 5500">
     <span class='ocr_line' id='line_1_100' title="bbox 329 5417 1900 5500; baseline -0.009 -18"><span class='ocrx_word' id='word_1_773' title='bbox 329 5430 517 5500; x_wconf 77' lang='grc' dir='ltr'>ὕμνοις</span> <span class='ocrx_word' id='word_1_774' title='bbox 545 5426 749 5498; x_wconf 72' lang='grc' dir='ltr'>ψαλμοὶ</span> <span class='ocrx_word' id='word_1_775' title='bbox 784 5447 803 5476; x_wconf 78' lang='grc' dir='ltr'><strong>ι</strong></span> <span class='ocrx_word' id='word_1_776' title='bbox 835 5426 1080 5495; x_wconf 88' lang='grc' dir='ltr'>λέγονται</span> <span class='ocrx_word' id='word_1_777' title='bbox 1104 5441 1117 5454; x_wconf 90' lang='grc'><strong>·</strong></span> <span class='ocrx_word' id='word_1_778' title='bbox 1142 5424 1192 5477; x_wconf 86' lang='grc' dir='ltr'><strong>οί</strong></span> <span class='ocrx_word' id='word_1_779' title='bbox 1213 5423 1269 5475; x_wconf 85' lang='grc' dir='ltr'>δὲ</span> <span class='ocrx_word' id='word_1_780' title='bbox 1294 5423 1352 5474; x_wconf 91' lang='grc' dir='ltr'><strong>ἐν</strong></span> <span class='ocrx_word' id='word_1_781' title='bbox 1381 5420 1458 5490; x_wconf 82' lang='grc' dir='ltr'><strong>τῷ</strong></span> <span class='ocrx_word' id='word_1_782' title='bbox 1485 5419 1718 5490; x_wconf 81' lang='grc' dir='ltr'>δευτέρῳ</span> <span class='ocrx_word' id='word_1_783' title='bbox 1747 5417 1900 5488; x_wconf 87' lang='grc' dir='ltr'>μέρει</span> 
     </span>
    </p>
   </div>
   <div class='ocr_carea' id='block_1_101' title="bbox 325 5509 1897 5590">
    <p class='ocr_par' dir='ltr' id='par_1_101' title="bbox 325 5509 1897 5590">
     <span class='ocr_line' id='line_1_101' title="bbox 325 5509 1897 5590; baseline -0.009 -16"><span class='ocrx_word' id='word_1_784' title='bbox 325 5523 422 5590; x_wconf 80' lang='grc' dir='ltr'><strong>τῆς</strong></span> <span class='ocrx_word' id='word_1_785' title='bbox 453 5519 633 5590; x_wconf 70' lang='grc' dir='ltr'>βίϐλου</span> <span class='ocrx_word' id='word_1_786' title='bbox 661 5520 806 5590; x_wconf 87' lang='grc' dir='ltr'>τρεῖς</span> <span class='ocrx_word' id='word_1_787' title='bbox 839 5537 858 5569; x_wconf 76' lang='grc' dir='ltr'><strong>ι</strong></span> <span class='ocrx_word' id='word_1_788' title='bbox 882 5519 970 5572; x_wconf 87' lang='grc' dir='ltr'>Ἐν</span> <span class='ocrx_word' id='word_1_789' title='bbox 1003 5516 1192 5586; x_wconf 79' lang='grc' dir='ltr'>ὕμνοις</span> <span class='ocrx_word' id='word_1_790' title='bbox 1226 5533 1243 5565; x_wconf 77' lang='grc' dir='ltr'><strong>ι</strong></span> <span class='ocrx_word' id='word_1_791' title='bbox 1291 5513 1683 5583; x_wconf 84' lang='grc' dir='ltr'>ἐπιγράφονται</span> <span class='ocrx_word' id='word_1_792' title='bbox 1718 5509 1897 5580; x_wconf 71' lang='grc' dir='ltr'>μόνον,</span> 
     </span>
    </p>
   </div>
   <div class='ocr_carea' id='block_1_102' title="bbox 325 5599 1898 5681">
    <p class='ocr_par' dir='ltr' id='par_1_102' title="bbox 325 5599 1898 5681">
     <span class='ocr_line' id='line_1_102' title="bbox 325 5599 1898 5681; baseline -0.008 -15"><span class='ocrx_word' id='word_1_793' title='bbox 325 5614 354 5666; x_wconf 83' lang='grc' dir='ltr'>ὁ</span> <span class='ocrx_word' id='word_1_794' title='bbox 384 5618 485 5681; x_wconf 85' lang='grc' dir='ltr'>νγ’,</span> <span class='ocrx_word' id='word_1_795' title='bbox 519 5610 614 5665; x_wconf 68' lang='grc' dir='ltr'><strong>καὶ</strong></span> <span class='ocrx_word' id='word_1_796' title='bbox 645 5613 674 5665; x_wconf 92' lang='lat'><strong>6</strong></span> <span class='ocrx_word' id='word_1_797' title='bbox 695 5611 788 5676; x_wconf 84' lang='grc' dir='ltr'>νδ’,</span> <span class='ocrx_word' id='word_1_798' title='bbox 816 5612 908 5665; x_wconf 76' lang='grc' dir='ltr'><strong>καὶ</strong></span> <span class='ocrx_word' id='word_1_799' title='bbox 927 5613 955 5664; x_wconf 93' lang='lat'><strong>6</strong></span> <span class='ocrx_word' id='word_1_800' title='bbox 984 5608 1123 5680; x_wconf 84' lang='grc' dir='ltr'>μετὰ</span> <span class='ocrx_word' id='word_1_801' title='bbox 1145 5609 1349 5679; x_wconf 87' lang='grc' dir='ltr'>χεῖρας.</span> <span class='ocrx_word' id='word_1_802' title='bbox 1407 5605 1468 5659; x_wconf 79' lang='lat' dir='ltr'><strong>Ol</strong></span> <span class='ocrx_word' id='word_1_803' title='bbox 1497 5604 1595 5674; x_wconf 82' lang='grc' dir='ltr'><strong>μὲν</strong></span> <span class='ocrx_word' id='word_1_804' title='bbox 1619 5599 1712 5657; x_wconf 75' lang='grc' dir='ltr'><strong>οὖν</strong></span> <span class='ocrx_word' id='word_1_805' title='bbox 1745 5621 1763 5654; x_wconf 77' lang='grc' dir='ltr'><strong>ι</strong></span> <span class='ocrx_word' id='word_1_806' title='bbox 1810 5601 1898 5656; x_wconf 86' lang='grc' dir='ltr'>Ἐν</span> 
     </span>
    </p>
   </div>
   <div class='ocr_carea' id='block_1_103' title="bbox 409 5763 1522 5844">
    <p class='ocr_par' dir='ltr' id='par_1_103' title="bbox 409 5763 1522 5844">
     <span class='ocr_line' id='line_1_103' title="bbox 409 5763 1522 5844; baseline -0.007 -16"><span class='ocrx_word' id='word_1_807' title='bbox 409 5772 447 5806; x_wconf 77' lang='grc'><strong><em>’⁸</em></strong></span> <span class='ocrx_word' id='word_1_808' title='bbox 485 5769 682 5844; x_wconf 83' lang='lat' dir='ltr'><strong>Philip.</strong></span> <span class='ocrx_word' id='word_1_809' title='bbox 719 5785 794 5836; x_wconf 84' lang='lat' dir='ltr'><strong>tv,</strong></span> <span class='ocrx_word' id='word_1_810' title='bbox 832 5767 917 5826; x_wconf 78' lang='lat' dir='ltr'><strong>l3.</strong></span> <span class='ocrx_word' id='word_1_811' title='bbox 998 5769 1040 5800; x_wconf 81' lang='grc'>³⁸</span> <span class='ocrx_word' id='word_1_812' title='bbox 1081 5767 1100 5822; x_wconf 90' lang='lat' dir='ltr'><strong>l</strong></span> <span class='ocrx_word' id='word_1_813' title='bbox 1137 5765 1265 5822; x_wconf 88' lang='lat' dir='ltr'><strong>Cor.</strong></span> <span class='ocrx_word' id='word_1_814' title='bbox 1303 5781 1395 5832; x_wconf 81' lang='lat' dir='ltr'><strong>xv,</strong></span> <span class='ocrx_word' id='word_1_815' title='bbox 1432 5763 1522 5827; x_wconf 74' lang='lat' dir='ltr'><strong>to.</strong></span> 
     </span>
    </p>
   </div>
   <div class='ocr_carea' id='block_1_104' title="bbox 1999 4573 3568 4654">
    <p class='ocr_par' dir='ltr' id='par_1_104' title="bbox 1999 4573 3568 4654">
     <span class='ocr_line' id='line_1_104' title="bbox 1999 4573 3568 4654; baseline -0.007 -17"><span class='ocrx_word' id='word_1_816' title='bbox 1999 4585 2220 4654; x_wconf 90' lang='lat' dir='ltr'><strong>ptiones</strong></span> <span class='ocrx_word' id='word_1_817' title='bbox 2280 4581 2576 4644; x_wconf 88' lang='lat' dir='ltr'><strong>dicuntur,</strong></span> <span class='ocrx_word' id='word_1_818' title='bbox 2639 4585 3038 4648; x_wconf 87' lang='lat' dir='ltr'><strong>consequenter</strong></span> <span class='ocrx_word' id='word_1_819' title='bbox 3107 4573 3273 4645; x_wconf 86' lang='lat' dir='ltr'><strong>positi</strong></span> <span class='ocrx_word' id='word_1_820' title='bbox 3337 4587 3568 4628; x_wconf 88' lang='lat' dir='ltr'><strong>numero</strong></span> 
     </span>
    </p>
   </div>
   <div class='ocr_carea' id='block_1_105' title="bbox 1997 4665 3564 4744">
    <p class='ocr_par' dir='ltr' id='par_1_105' title="bbox 1997 4665 3564 4744">
     <span class='ocr_line' id='line_1_105' title="bbox 1997 4665 3564 4744; baseline -0.006 -16"><span class='ocrx_word' id='word_1_821' title='bbox 1997 4675 2274 4744; x_wconf 84' lang='lat' dir='ltr'><strong>quinque,</strong></span> <span class='ocrx_word' id='word_1_822' title='bbox 2315 4672 2371 4725; x_wconf 93' lang='lat' dir='ltr'><strong>in</strong></span> <span class='ocrx_word' id='word_1_823' title='bbox 2420 4687 2510 4726; x_wconf 67' lang='grc' dir='ltr'>ιιι</span> <span class='ocrx_word' id='word_1_824' title='bbox 2568 4668 2845 4724; x_wconf 87' lang='lat' dir='ltr'><strong>desinunt.</strong></span> <span class='ocrx_word' id='word_1_825' title='bbox 2893 4665 3034 4721; x_wconf 88' lang='lat' dir='ltr'><strong>Sunt</strong></span> <span class='ocrx_word' id='word_1_826' title='bbox 3109 4674 3292 4721; x_wconf 88' lang='lat' dir='ltr'><strong>autem</strong></span> <span class='ocrx_word' id='word_1_827' title='bbox 3334 4679 3564 4728; x_wconf 87' lang='lat' dir='ltr'><strong>omnes,</strong></span> 
     </span>
    </p>
   </div>
   <div class='ocr_carea' id='block_1_106' title="bbox 2000 4760 3564 4837">
    <p class='ocr_par' dir='ltr' id='par_1_106' title="bbox 2000 4760 3564 4837">
     <span class='ocr_line' id='line_1_106' title="bbox 2000 4760 3564 4837; baseline -0.009 -14"><span class='ocrx_word' id='word_1_828' title='bbox 2000 4768 2094 4837; x_wconf 90' lang='lat' dir='ltr'><strong>qui</strong></span> <span class='ocrx_word' id='word_1_829' title='bbox 2140 4767 2456 4837; x_wconf 85' lang='lat' dir='ltr'><strong>hujusmodi</strong></span> <span class='ocrx_word' id='word_1_830' title='bbox 2507 4762 2668 4819; x_wconf 87' lang='lat' dir='ltr'><strong>titulo</strong></span> <span class='ocrx_word' id='word_1_831' title='bbox 2716 4760 3115 4820; x_wconf 87' lang='lat' dir='ltr'><strong>inscribuntur,</strong></span> <span class='ocrx_word' id='word_1_832' title='bbox 3165 4771 3396 4812; x_wconf 87' lang='lat' dir='ltr'><strong>numero</strong></span> <span class='ocrx_word' id='word_1_833' title='bbox 3425 4771 3564 4822; x_wconf 85' lang='lat' dir='ltr'><strong>sex;</strong></span> 
     </span>
    </p>
   </div>
   <div class='ocr_carea' id='block_1_107' title="bbox 2001 4849 3569 4930">
    <p class='ocr_par' dir='ltr' id='par_1_107' title="bbox 2001 4849 3569 4930">
     <span class='ocr_line' id='line_1_107' title="bbox 2001 4849 3569 4930; baseline -0.009 -15"><span class='ocrx_word' id='word_1_834' title='bbox 2001 4875 2195 4930; x_wconf 88' lang='lat' dir='ltr'><strong>nempe</strong></span> <span class='ocrx_word' id='word_1_835' title='bbox 2239 4859 2332 4930; x_wconf 91' lang='lat' dir='ltr'><strong>qui</strong></span> <span class='ocrx_word' id='word_1_836' title='bbox 2359 4859 2472 4928; x_wconf 83' lang='lat' dir='ltr'><strong>jam</strong></span> <span class='ocrx_word' id='word_1_837' title='bbox 2505 4854 2793 4912; x_wconf 79' lang='lat' dir='ltr'><strong>memorati</strong></span> <span class='ocrx_word' id='word_1_838' title='bbox 2835 4859 3002 4915; x_wconf 92' lang='lat' dir='ltr'><strong>sunt,</strong></span> <span class='ocrx_word' id='word_1_839' title='bbox 3033 4859 3088 4905; x_wconf 91' lang='lat' dir='ltr'><strong>et</strong></span> <span class='ocrx_word' id='word_1_840' title='bbox 3131 4849 3377 4904; x_wconf 76' lang='lat' dir='ltr'><strong>decimus</strong></span> <span class='ocrx_word' id='word_1_841' title='bbox 3405 4849 3569 4919; x_wconf 88' lang='lat' dir='ltr'><strong>quin-</strong></span> 
     </span>
    </p>
   </div>
   <div class='ocr_carea' id='block_1_108' title="bbox 2003 4941 3570 5021">
    <p class='ocr_par' dir='ltr' id='par_1_108' title="bbox 2003 4941 3570 5021">
     <span class='ocr_line' id='line_1_108' title="bbox 2003 4941 3570 5021; baseline -0.01 -12"><span class='ocrx_word' id='word_1_842' title='bbox 2003 4965 2125 5017; x_wconf 93' lang='lat' dir='ltr'><strong>tus,</strong></span> <span class='ocrx_word' id='word_1_843' title='bbox 2179 4952 2236 5006; x_wconf 89' lang='lat' dir='ltr'><strong>in</strong></span> <span class='ocrx_word' id='word_1_844' title='bbox 2287 4953 2461 5021; x_wconf 90' lang='lat' dir='ltr'><strong>prima</strong></span> <span class='ocrx_word' id='word_1_845' title='bbox 2506 4959 2659 5020; x_wconf 87' lang='lat' dir='ltr'><strong>parte</strong></span> <span class='ocrx_word' id='word_1_846' title='bbox 2706 4946 2829 5001; x_wconf 88' lang='lat' dir='ltr'><strong>libri</strong></span> <span class='ocrx_word' id='word_1_847' title='bbox 2867 4943 3209 5000; x_wconf 88' lang='lat' dir='ltr'><strong>Psalmorum</strong></span> <span class='ocrx_word' id='word_1_848' title='bbox 3262 4944 3420 4999; x_wconf 89' lang='lat' dir='ltr'><strong>situs.</strong></span> <span class='ocrx_word' id='word_1_849' title='bbox 3469 4941 3570 4994; x_wconf 83' lang='lat' dir='ltr'><strong>llic</strong></span> 
     </span>
    </p>
   </div>
   <div class='ocr_carea' id='block_1_109' title="bbox 2000 5033 3570 5116">
    <p class='ocr_par' dir='ltr' id='par_1_109' title="bbox 2000 5033 3570 5116">
     <span class='ocr_line' id='line_1_109' title="bbox 2000 5033 3570 5116; baseline -0.01 -14"><span class='ocrx_word' id='word_1_850' title='bbox 2000 5062 2131 5102; x_wconf 84' lang='lat' dir='ltr'><strong>vero</strong></span> <span class='ocrx_word' id='word_1_851' title='bbox 2159 5059 2320 5116; x_wconf 89' lang='lat' dir='ltr'><strong>quem</strong></span> <span class='ocrx_word' id='word_1_852' title='bbox 2365 5044 2481 5114; x_wconf 81' lang='lat' dir='ltr'><strong>jam</strong></span> <span class='ocrx_word' id='word_1_853' title='bbox 2529 5050 2832 5097; x_wconf 88' lang='lat' dir='ltr'><strong>tractamus</strong></span> <span class='ocrx_word' id='word_1_854' title='bbox 2872 5038 3138 5109; x_wconf 82' lang='lat' dir='ltr'><strong>hymnus,</strong></span> <span class='ocrx_word' id='word_1_855' title='bbox 3171 5034 3238 5090; x_wconf 89' lang='lat' dir='ltr'><strong>ad</strong></span> <span class='ocrx_word' id='word_1_856' title='bbox 3271 5033 3429 5088; x_wconf 80' lang='lat' dir='ltr'><strong>linem</strong></span> <span class='ocrx_word' id='word_1_857' title='bbox 3451 5073 3466 5097; x_wconf 94' lang='lat'><strong>,</strong></span> <span class='ocrx_word' id='word_1_858' title='bbox 3499 5033 3570 5088; x_wconf 88' lang='lat' dir='ltr'><strong>ob</strong></span> 
     </span>
    </p>
   </div>
   <div class='ocr_carea' id='block_1_110' title="bbox 2001 5127 3571 5210">
    <p class='ocr_par' dir='ltr' id='par_1_110' title="bbox 2001 5127 3571 5210">
     <span class='ocr_line' id='line_1_110' title="bbox 2001 5127 3571 5210; baseline -0.01 -16"><span class='ocrx_word' id='word_1_859' title='bbox 2001 5137 2254 5210; x_wconf 87' lang='lat' dir='ltr'><strong>perutilia</strong></span> <span class='ocrx_word' id='word_1_860' title='bbox 2286 5137 2377 5190; x_wconf 92' lang='lat' dir='ltr'><strong>illa</strong></span> <span class='ocrx_word' id='word_1_861' title='bbox 2419 5135 2692 5205; x_wconf 89' lang='lat' dir='ltr'><strong>promissa</strong></span> <span class='ocrx_word' id='word_1_862' title='bbox 2715 5175 2731 5200; x_wconf 97' lang='lat'><strong>,</strong></span> <span class='ocrx_word' id='word_1_863' title='bbox 2764 5146 2885 5202; x_wconf 68' lang='lat' dir='ltr'><strong>quae</strong></span> <span class='ocrx_word' id='word_1_864' title='bbox 2913 5131 2968 5184; x_wconf 92' lang='lat' dir='ltr'><strong>in</strong></span> <span class='ocrx_word' id='word_1_865' title='bbox 3010 5129 3116 5183; x_wconf 85' lang='lat' dir='ltr'><strong>ﬁne</strong></span> <span class='ocrx_word' id='word_1_866' title='bbox 3163 5127 3434 5191; x_wconf 78' lang='lat' dir='ltr'><strong>feruntur,</strong></span> <span class='ocrx_word' id='word_1_867' title='bbox 3482 5140 3571 5179; x_wconf 80' lang='lat' dir='ltr'><strong>re-</strong></span> 
     </span>
    </p>
   </div>
   <div class='ocr_carea' id='block_1_111' title="bbox 2002 5218 3570 5296">
    <p class='ocr_par' dir='ltr' id='par_1_111' title="bbox 2002 5218 3570 5296">
     <span class='ocr_line' id='line_1_111' title="bbox 2002 5218 3570 5296; baseline -0.009 -11"><span class='ocrx_word' id='word_1_868' title='bbox 2002 5231 2188 5290; x_wconf 84' lang='lat' dir='ltr'><strong>mittit.</strong></span> <span class='ocrx_word' id='word_1_869' title='bbox 2229 5227 2369 5283; x_wconf 87' lang='lat' dir='ltr'><strong>Sunt</strong></span> <span class='ocrx_word' id='word_1_870' title='bbox 2399 5235 2580 5280; x_wconf 89' lang='lat' dir='ltr'><strong>autem</strong></span> <span class='ocrx_word' id='word_1_871' title='bbox 2613 5244 2632 5277; x_wconf 82' lang='grc' dir='ltr'><strong>ι</strong></span> <span class='ocrx_word' id='word_1_872' title='bbox 2660 5225 2720 5280; x_wconf 92' lang='lat' dir='ltr'><strong>In</strong></span> <span class='ocrx_word' id='word_1_873' title='bbox 2752 5223 2969 5296; x_wconf 83' lang='lat' dir='ltr'><strong>hymnis</strong></span> <span class='ocrx_word' id='word_1_874' title='bbox 3003 5241 3021 5275; x_wconf 74' lang='grc' dir='ltr'><strong>ι</strong></span> <span class='ocrx_word' id='word_1_875' title='bbox 3053 5219 3302 5289; x_wconf 90' lang='lat' dir='ltr'><strong>inscripti</strong></span> <span class='ocrx_word' id='word_1_876' title='bbox 3331 5218 3570 5292; x_wconf 86' lang='lat' dir='ltr'><strong>quinque</strong></span> 
     </span>
    </p>
   </div>
   <div class='ocr_carea' id='block_1_112' title="bbox 2004 5308 3566 5387">
    <p class='ocr_par' dir='ltr' id='par_1_112' title="bbox 2004 5308 3566 5387">
     <span class='ocr_line' id='line_1_112' title="bbox 2004 5308 3566 5387; baseline -0.012 -11"><span class='ocrx_word' id='word_1_877' title='bbox 2004 5333 2273 5376; x_wconf 90' lang='lat' dir='ltr'><strong>numero:</strong></span> <span class='ocrx_word' id='word_1_878' title='bbox 2319 5332 2552 5387; x_wconf 89' lang='lat' dir='ltr'><strong>quorum</strong></span> <span class='ocrx_word' id='word_1_879' title='bbox 2597 5316 2708 5370; x_wconf 84' lang='lat' dir='ltr'><strong>duo</strong></span> <span class='ocrx_word' id='word_1_880' title='bbox 2748 5316 2804 5370; x_wconf 90' lang='lat' dir='ltr'><strong>in</strong></span> <span class='ocrx_word' id='word_1_881' title='bbox 2849 5315 3023 5385; x_wconf 86' lang='lat' dir='ltr'><strong>prima</strong></span> <span class='ocrx_word' id='word_1_882' title='bbox 3064 5319 3217 5382; x_wconf 87' lang='lat' dir='ltr'><strong>parte</strong></span> <span class='ocrx_word' id='word_1_883' title='bbox 3255 5308 3376 5362; x_wconf 86' lang='lat' dir='ltr'><strong>libri</strong></span> <span class='ocrx_word' id='word_1_884' title='bbox 3406 5312 3566 5370; x_wconf 91' lang='lat' dir='ltr'><strong>sunt,</strong></span> 
     </span>
    </p>
   </div>
   <div class='ocr_carea' id='block_1_113' title="bbox 2001 5400 3570 5484">
    <p class='ocr_par' dir='ltr' id='par_1_113' title="bbox 2001 5400 3570 5484">
     <span class='ocr_line' id='line_1_113' title="bbox 2001 5400 3570 5484; baseline -0.009 -18"><span class='ocrx_word' id='word_1_885' title='bbox 2001 5421 2232 5484; x_wconf 85' lang='lat' dir='ltr'><strong>quartus</strong></span> <span class='ocrx_word' id='word_1_886' title='bbox 2253 5426 2468 5481; x_wconf 87' lang='lat' dir='ltr'><strong>nempe,</strong></span> <span class='ocrx_word' id='word_1_887' title='bbox 2493 5419 2545 5464; x_wconf 89' lang='lat' dir='ltr'><strong>et</strong></span> <span class='ocrx_word' id='word_1_888' title='bbox 2575 5419 2781 5464; x_wconf 85' lang='lat' dir='ltr'><strong>sextus.</strong></span> <span class='ocrx_word' id='word_1_889' title='bbox 2815 5407 2919 5463; x_wconf 91' lang='lat' dir='ltr'><strong>Sed</strong></span> <span class='ocrx_word' id='word_1_890' title='bbox 2944 5407 3020 5460; x_wconf 91' lang='lat' dir='ltr'><strong>illi</strong></span> <span class='ocrx_word' id='word_1_891' title='bbox 3041 5405 3261 5476; x_wconf 85' lang='lat' dir='ltr'><strong>quidem</strong></span> <span class='ocrx_word' id='word_1_892' title='bbox 3290 5421 3309 5452; x_wconf 84' lang='grc'><strong><em>‹</em></strong></span> <span class='ocrx_word' id='word_1_893' title='bbox 3337 5401 3394 5455; x_wconf 95' lang='lat' dir='ltr'><strong>ln</strong></span> <span class='ocrx_word' id='word_1_894' title='bbox 3417 5400 3570 5471; x_wconf 85' lang='lat' dir='ltr'><strong>hym-</strong></span> 
     </span>
    </p>
   </div>
   <div class='ocr_carea' id='block_1_114' title="bbox 2008 5493 3572 5575">
    <p class='ocr_par' dir='ltr' id='par_1_114' title="bbox 2008 5493 3572 5575">
     <span class='ocr_line' id='line_1_114' title="bbox 2008 5493 3572 5575; baseline -0.009 -15"><span class='ocrx_word' id='word_1_895' title='bbox 2008 5507 2095 5560; x_wconf 90' lang='lat' dir='ltr'><strong>nis</strong></span> <span class='ocrx_word' id='word_1_896' title='bbox 2127 5505 2321 5575; x_wconf 89' lang='lat' dir='ltr'><strong>psalmi</strong></span> <span class='ocrx_word' id='word_1_897' title='bbox 2351 5522 2368 5556; x_wconf 75' lang='grc' dir='ltr'><strong>ι</strong></span> <span class='ocrx_word' id='word_1_898' title='bbox 2399 5503 2702 5568; x_wconf 81' lang='lat' dir='ltr'><strong>dicuntur;</strong></span> <span class='ocrx_word' id='word_1_899' title='bbox 2751 5499 2845 5571; x_wconf 83' lang='lat' dir='ltr'><strong>qui</strong></span> <span class='ocrx_word' id='word_1_900' title='bbox 2886 5514 3015 5553; x_wconf 87' lang='lat' dir='ltr'><strong>vero</strong></span> <span class='ocrx_word' id='word_1_901' title='bbox 3045 5499 3098 5551; x_wconf 92' lang='lat' dir='ltr'><strong>in</strong></span> <span class='ocrx_word' id='word_1_902' title='bbox 3142 5493 3380 5550; x_wconf 88' lang='lat' dir='ltr'><strong>secunda</strong></span> <span class='ocrx_word' id='word_1_903' title='bbox 3419 5501 3572 5561; x_wconf 88' lang='lat' dir='ltr'><strong>parte</strong></span> 
     </span>
    </p>
   </div>
   <div class='ocr_carea' id='block_1_115' title="bbox 2009 5582 3575 5664">
    <p class='ocr_par' dir='ltr' id='par_1_115' title="bbox 2009 5582 3575 5664">
     <span class='ocr_line' id='line_1_115' title="bbox 2009 5582 3575 5664; baseline -0.013 -6"><span class='ocrx_word' id='word_1_904' title='bbox 2009 5597 2136 5658; x_wconf 81' lang='lat' dir='ltr'><strong>libri</strong></span> <span class='ocrx_word' id='word_1_905' title='bbox 2178 5606 2348 5664; x_wconf 87' lang='lat' dir='ltr'><strong>sunt,</strong></span> <span class='ocrx_word' id='word_1_906' title='bbox 2391 5603 2504 5653; x_wconf 85' lang='lat' dir='ltr'><strong>tres</strong></span> <span class='ocrx_word' id='word_1_907' title='bbox 2546 5609 2809 5662; x_wconf 88' lang='lat' dir='ltr'><strong>numero,</strong></span> <span class='ocrx_word' id='word_1_908' title='bbox 2842 5610 2860 5644; x_wconf 74' lang='grc' dir='ltr'><strong>ι</strong></span> <span class='ocrx_word' id='word_1_909' title='bbox 2893 5590 2951 5646; x_wconf 95' lang='lat' dir='ltr'><strong>ln</strong></span> <span class='ocrx_word' id='word_1_910' title='bbox 2983 5588 3200 5663; x_wconf 84' lang='lat' dir='ltr'><strong>hymnis</strong></span> <span class='ocrx_word' id='word_1_911' title='bbox 3223 5605 3242 5639; x_wconf 73' lang='grc' dir='ltr'><strong>ι</strong></span> <span class='ocrx_word' id='word_1_912' title='bbox 3273 5585 3448 5642; x_wconf 88' lang='lat' dir='ltr'><strong>solum</strong></span> <span class='ocrx_word' id='word_1_913' title='bbox 3485 5582 3575 5648; x_wconf 57' lang='lat' dir='ltr'><strong>ina</strong></span> 
     </span>
    </p>
   </div>
  </div>
