4100 6442
630 323 738 382 2'75

1307 318 1573 376 EUSEBII
1609 316 2100 374 CESARIENSIS
2141 315 2292 371 OPP.
2339 314 2518 370 PARS
2555 312 2642 370 Ill.
2687 345 2756 356 -—
2785 309 3178 368 EXEGETICA
3841 308 3920 363 εἴθ

634 457 1000 522 scribuntur;
1032 469 1227 524 nempe
1260 468 1352 507 LIII
1380 493 1394 514 .
1429 469 1538 516 Liv,
1571 463 1622 507 et
1663 453 1753 507 hic
1794 469 1957 524 quem
2007 462 2172 508 tracta

2275 459 2286 489 ι
2317 429 2507 500 ὕμνοις
2533 428 2739 500 ψαλμοὶ
2779 448 2798 482 ι
2832 428 3044 482 ἐοίκασι
3080 429 3177 482 σὺν
3198 428 3286 498 τῷ
3322 422 3610 524 μουσικῷ
3636 421 3842 497 ὀργάνῳ
3864 430 3922 500 τῷ

626 563 773 606 mus.
807 547 911 616 Qui
942 547 1112 618 igitur
1141 565 1160 598 ι
1189 545 1251 601 In
1295 545 1514 617 hymnis
1537 545 1734 615 psalmi
1766 565 1786 598 ι
1811 545 2093 609 dicuntur,
2127 546 2208 600 vi-

626 639 828 695 dentur
857 654 984 694 cum
1014 636 1229 692 musico
1271 635 1672 702 instrumento,
1702 635 1850 705 quod
1891 635 2209 705 psalterium

625 733 855 795 dicunt,
885 729 1229 802 pronuntiati
1276 727 1490 784 fuisse:
1533 729 1793 799 quoniam
1841 727 1936 799 qui
1987 728 2206 799 psallit,

625 824 876 894 corporis
900 861 915 886 ,
949 823 1094 893 quod
1129 822 1564 876 instrumentum
1608 821 1804 876 animae
1840 827 1959 885 est,
1991 820 2208 875 actione

625 915 850 988 indiget.
899 911 1005 981 Qui
1057 924 1240 969 autem
1292 913 1482 986 hymni
1531 913 1708 969 solum
1747 913 2043 978 dicuntur,
2088 914 2205 970 sela

623 1021 757 1061 voce
803 1005 1067 1076 hymnum
1109 1005 1425 1071 oll‘erentis,
1476 1005 1629 1058 nulla
1671 1004 1915 1059 adhibita
1957 1005 2201 1075 psalterii

625 1097 970 1168 pulsatione,
1002 1097 1134 1152 dicti
1166 1105 1296 1153 sunt
1325 1115 1339 1163 ;
1370 1097 1463 1168 qui
1495 1111 1776 1152 sermones
1807 1096 2006 1151 ibidem
2040 1097 2204 1166 positi

623 1188 741 1242 sola
785 1190 982 1244 mentis
1023 1189 1400 1260 speculatione
1443 1204 1584 1260 opus
1627 1189 1883 1243 habeant.
1913 1188 2081 1257 quue
2107 1189 2203 1242 de-

621 1279 794 1332 clarat
824 1295 1070 1350 prazsens
1101 1279 1340 1351 hymnus
1370 1279 1465 1350 qui
1511 1279 1591 1334 sic
1638 1279 1802 1334 habet
1830 1298 1842 1334 :
1875 1297 1892 1330 ι
1922 1277 1968 1331 Α
2000 1277 2200 1332 ﬁnibus

619 1378 781 1424 terra:
821 1368 890 1424 ad
935 1377 990 1424 te
1036 1369 1317 1436 clamavi;
1352 1390 1370 1420 ι
1398 1386 1509 1440 quo
1555 1369 1828 1442 signiﬁcat
1869 1369 2196 1439 Prophetam

613 1462 774 1530 quasi
800 1470 958 1515 extra
1007 1462 1256 1532 corporis
1303 1463 1567 1518 ambitum
1611 1478 1641 1517 a
1689 1461 1802 1517 Deo
1834 1475 2195 1534 assumptum

613 1553 804 1610 fuisse.
835 1552 944 1609 Nec
973 1554 1166 1626 ignoro
1195 1555 1438 1624 reliquos
1464 1557 1790 1626 interpretes
1821 1556 1928 1610 alia
1956 1556 2197 1614 edidisse

610 1646 845 1702 ratione.
904 1645 1007 1700 ilic
1057 1654 1242 1702 autem
1295 1649 1550 1703 obsecrat
1606 1647 1776 1703 David
1828 1647 1914 1703 his
1965 1650 2190 1705 verbis:

615 1755 634 1787 c
663 1735 908 1802 Exaudi,
938 1736 1082 1794 Deus
1102 1777 1117 1803 ,
1145 1738 1587 1809 deprecationem
1618 1753 1816 1794 meam.
1841 1756 1860 1790 ι
1887 1740 2021 1794 Cum
2045 1742 2190 1795 enim

608 1830 824 1901 magnis
863 1831 1178 1902 divinisque
1218 1831 1382 1888 rebus
1419 1839 1612 1902 egeat,
1654 1832 1771 1888 haec
1815 1834 2081 1905 consequi
2129 1851 2188 1889 se

606 1921 871 1990 postulat.
917 1921 1126 1980 Deinde
1172 1930 1230 1978 ut
1271 1939 1331 1980 se
1371 1923 1597 1993 dignum
1625 1923 1864 1979 declaret
1893 1926 1986 1996 qui
2019 1942 2187 1981 exau-

605 2011 810 2077 diatur,
844 2013 1164 2085 subjungit:
1197 2033 1214 2066 ι
1247 2013 1472 2069 intende
1496 2015 1735 2069 orationi
1780 2031 1933 2070 mea}.
1967 2037 1985 2068 ι
2019 2016 2184 2070 Suam

603 2101 750 2156 enim
782 2104 1085 2159 orationem
1113 2119 1310 2175 magna
1339 2114 1394 2160 et
1420 2103 1688 2175 profunda
1717 2106 1954 2175 quadam
1983 2107 2185 2161 intelli-

603 2195 786 2263 gentia
831 2197 1096 2266 repletam
1132 2212 1255 2253 esse
1294 2197 1572 2264 conﬁsus,
1622 2200 1852 2270 rogabat
1901 2197 2073 2254 Deum
2123 2209 2183 2253 ut

602 2288 904 2356 respiceret
944 2296 1000 2342 et
1032 2287 1198 2342 verba
1232 2303 1330 2343 sua
1361 2290 1762 2358 specularetur,
1791 2289 1938 2344 dicta
1967 2292 2183 2344 exarui-

598 2383 786 2441 naret,
816 2385 1001 2449 utpote
1029 2379 1146 2434 suis
1172 2379 1402 2434 auribus
1446 2381 1632 2452 digna.
1679 2379 1885 2437 Deinde
1930 2398 2042 2436 rem
2087 2384 2181 2438 dc-

599 2469 772 2523 clarat
798 2471 957 2541 cujus
997 2487 1166 2529 causa
1195 2471 1365 2528 Deum
1409 2475 1678 2532 orationis
1715 2493 1831 2533 sua:
1873 2480 2181 2546 speculato-

598 2577 712 2616 rem
743 2563 1068 2629 advocaret,
1099 2581 1225 2620 cum
1256 2566 1483 2638 adjicit:
1518 2588 1537 2619 ι
1571 2570 1614 2622 Α
1659 2569 1862 2627 ﬁnibus
1907 2579 2067 2626 terrae
2111 2572 2177 2626 ad

596 2659 651 2708 te
677 2654 928 2710 clamavi.
959 2675 978 2708 ι
996 2655 1063 2710 Ει
1089 2658 1218 2727 quia
1246 2661 1438 2730 reliqui
1469 2663 1796 2732 interpretes
1823 2664 1985 2718 simili
2015 2664 2178 2720 modo

594 2747 938 2816 interpretati
989 2756 1154 2816 sunt,
1207 2753 1400 2822 Aquila
1455 2755 1701 2820 scilicet,
1751 2775 1770 2807 ι
1801 2755 1884 2811 Ab
1929 2766 2177 2814 extremo

594 2846 756 2893 terra:
784 2839 851 2894 ad
883 2847 935 2894 te
960 2840 1210 2897 clamabo
1234 2862 1249 2911 ;
1278 2864 1298 2897 ι
1333 2844 1696 2918 Symmachus
1726 2863 1858 2904 vero
1881 2888 1896 2912 ,
1927 2867 1945 2900 ι
1974 2849 2019 2903 Α
2053 2850 2176 2904 ﬁni-

591 2928 694 2984 bus
723 2937 885 2985 terra:
910 2938 962 2986 te
993 2931 1260 2990 invocabo
1287 2954 1302 3000 ;
1336 2956 1356 2990 ι
1382 2938 1571 3008 quinta
1612 2948 1792 2994 autem
1836 2940 2006 2996 editio
2029 2983 2046 3009 ,
2080 2961 2097 2994 ι
2128 2941 2171 2996 Α

590 3017 793 3076 ﬁnibus
835 3027 997 3077 terra:
1037 3023 1104 3078 ad
1156 3033 1209 3080 te
1237 3026 1520 3096 clamabo;
1556 3049 1574 3082 ι
1601 3031 1726 3101 quis
1753 3047 1864 3086 non
1892 3032 2022 3088 dicti
2053 3050 2174 3089 scn-

589 3111 817 3166 tentiam
845 3115 1043 3169 merito
1071 3119 1354 3187 requirat?
1380 3119 1484 3187 Qui
1514 3123 1659 3177 enim
1690 3125 1866 3195 possit
1890 3126 2165 3196 quispiam

2225 1784 2265 1836 Β

2314 521 2632 593 καλουμένῳ
2659 520 2834 592 ψαλτη
2845 520 2943 594 ρίῳ
2974 518 3242 591 λελέχθαι,
3285 519 3381 583 ὡς
3409 515 3726 587 δεηθέντος
3751 521 3840 590 τῆς
3860 521 3926 576 δικ

2309 594 2417 668 τοῦ.
2434 614 2706 686 σώματος,
2747 613 2886 685 ὅπερ
2929 613 3078 666 ἐστὶν
3108 613 3360 686 ὄργανον
3415 611 3532 680 τῆς
3582 608 3785 680 ψυχῆς,
3815 628 3925 682 xpu-

2309 709 2505 780 κτικῆς
2536 708 2818 781 ἐνεργείας
2847 707 2941 762 τοῦ
2975 708 3292 780 ψάλλοντος.
3343 708 3423 761 υἱ
3457 705 3525 760 δὲ
3574 704 3770 768 άπλῶς
3799 706 3928 777 ὕμνοι

2306 801 2392 855 διὰ
2418 802 2583 874 μόνης
2612 804 2796 872 φωνῆς
2821 801 2917 855 τοῦ
2947 801 3040 855 τὸν
3069 801 3236 874 ὕμνον
3259 797 3753 869 ἁναπέμψαντος
3781 798 3929 871 εἴρην-

2305 910 2415 960 ται,
2450 894 2510 946 οὐ
2563 893 3130 966 συμπαραληφθείσης
3177 895 3280 965 τῆς
3340 893 3450 946 διὰ
3489 889 3600 944 τοῦ
3655 889 3928 964 ψαλτηρίου

2306 983 2604 1055 κρούσεως,
2640 984 2720 1055 τῷ
2754 986 2921 1056 μόνης
2953 987 3052 1057 τῆς
3081 986 3223 1041 κατὰ
3262 986 3556 1040 διάνοιαν
3593 981 3832 1053 θεωρίας
3862 986 3930 1038 δε-

2303 1073 2524 1145 δεῆσθαι
2557 1076 2682 1139 τοὺς
2705 1076 2764 1128 ὲν
2806 1077 2989 1140 αὐτοῖς
3029 1078 3243 1147 λόγους.
3271 1075 3482 1131 Τοῦτο
3511 1075 3664 1144 γοῦν
3692 1078 3931 1148 παρίστη-

2305 1181 2387 1216 σιν
2413 1167 2442 1218 6
2473 1166 2611 1236 μετὰ
2635 1169 2822 1239 χεῖρας
2853 1167 3021 1238 ὕμνος
3052 1169 3227 1239 λέγων
3254 1186 3269 1200 ο
3309 1189 3335 1220 ε
3381 1167 3515 1222 ἀπὸ
3551 1167 3674 1220 τῶν
3707 1169 3932 1238 περάτων

2301 1257 2398 1324 τῆς
2426 1257 2528 1326 γῆς
2552 1255 2689 1328 πρὸς
2722 1257 2782 1310 σὲ
2814 1258 3089 1325 ἐκέκραξα
3115 1276 3128 1288 ·
3165 1277 3184 1310 ι
3222 1259 3291 1312 δι’
3321 1252 3400 1312 οὗ
3438 1257 3731 1327 σημαίνει
3768 1256 3932 1330 ὥσπερ

2299 1347 2403 1410 ἔξω
2439 1348 2765 1420 γεγενῆσθαι
2799 1351 2899 1421 τῆς
2933 1351 3030 1405 τοῦ
3063 1351 3313 1422 σώματος
3353 1351 3802 1414 καταστάσεως·
3839 1351 3933 1404 θεο-

2298 1433 2669 1506 ληπτούμενον
2701 1438 2793 1491 τὸν
2825 1440 3140 1512 Προφήτην.
3173 1442 3287 1495 Οὐκ
3319 1441 3545 1510 ἀγνοῶ
3581 1441 3646 1493 δὲ
3682 1442 3809 1505 τοὺς
3837 1442 3902 1498 λοι

2299 1529 2432 1591 ποὺς
2457 1530 2800 1600 ἑρμηνευτὰς
2831 1534 2928 1604 οὐχ
2973 1534 3179 1606 ἑτέρως
3205 1534 3638 1588 ἐκᾶδωκέναι.
3688 1535 3932 1606 Παρακα-

2295 1619 2377 1672 λεί
2413 1620 2469 1672 δὲ
2501 1621 2589 1674 διὰ
2613 1622 2720 1677 τῶν
2755 1627 2892 1694 μετὰ
2933 1629 3121 1698 χεῖρας
3162 1629 3192 1680 6
3247 1627 3435 1680 Δαυῒδ
3491 1627 3728 1696 λέγων’
3767 1647 3786 1679 ι
3821 1629 3928 1682 Eia-

2295 1711 2546 1778 ἀκουσον,
2571 1714 2600 1766 6
2629 1713 2781 1782 Θεὸς,
2809 1717 2908 1788 τῆς
2935 1716 3174 1788 δεήσεως
3204 1736 3328 1790 μου.
3365 1741 3389 1771 ι
3452 1719 3704 1791 Ἐνδεὴς
3739 1721 3845 1791 γάρ
3863 1722 3926 1772 ὢν

2296 1807 2546 1876 μεγάλων
2573 1807 2738 1861 τινῶν
2774 1808 2870 1862 καὶ
2916 1807 3100 1875 θείων,
3133 1811 3340 1865 τούτων
3392 1813 3735 1882 τυγχάνειν
3768 1829 3925 1883 παρα-

2295 1897 2468 1950 καλεῖ.
2517 1893 2633 1952 Εἶθ’
2681 1899 2871 1972 ὥσπερ
2913 1900 3062 1967 ἄξιον
3095 1903 3288 1956 ἑαυτὸν
3329 1904 3442 1958 τοῦ
3492 1906 3922 1976 είσακουσθῆνιι

2293 1991 2669 2061 παραστήσας,
2693 1992 2960 2062 ἐπιλέγει*
2997 2011 3016 2044 ι
3045 1993 3290 2064 Πρόσχες
3317 1999 3386 2066 τῇ
3423 1997 3744 2065 προσευχῇ
3771 2013 3882 2065 μου.
3903 2016 3918 2046 ι

2291 2080 2498 2151 Πολλῆς
2525 2080 2635 2152 γὰρ
2681 2083 2776 2136 καὶ
2811 2082 3034 2153 βαθείας
3078 2085 3317 2150 διανοίας
3359 2086 3807 2159 πεπληρῶσθαι
3834 2090 3918 2140 αύ-

2289 2169 2382 2222 τοῦ
2410 2171 2510 2240 τὴν
2549 2171 2859 2243 προσευχὴν
2902 2173 3139 2246 θαρσῶν,
3174 2175 3329 2245 ἠξίου
3369 2176 3484 2229 τὸν
3533 2177 3687 2230 Θεὸν
3715 2178 3919 2230 ἐπιϐλέ-

2287 2260 2406 2330 ψαι,
2434 2261 2526 2314 καὶ
2556 2264 2667 2326 τοῖς
2699 2265 2758 2317 ὲν
2790 2265 2925 2336 αὐτῇ
2961 2266 3140 2335 λόγοις
3177 2271 3533 2336 ὲνατενίσαι,
3572 2273 3679 2326 καὶ
3701 2273 3912 2342 δοκιμά-

2289 2368 2378 2404 σαι
2402 2353 2470 2407 τά
2496 2351 2785 2424 λεγόμενα,
2825 2356 2902 2420 ὡς
2937 2358 3004 2412 ἂν
3031 2360 3140 2413 τῶν
3167 2363 3331 2417 αὐτοῦ
3365 2365 3577 2418 ἀκοῶν
3607 2365 3765 2432 ἀξια.
3795 2363 3912 2418 Εἶτα

2287 2446 2381 2497 κα)⁸
2423 2445 2482 2498 τὸ
2516 2445 2678 2516 ἔργον
2723 2447 3022 2515 δείκνυσιν,
3065 2447 3128 2507 οὗ
3176 2457 3336 2526 χάριν
3375 2457 3614 2531 θεωρὸν
3651 2460 3758 2514 τὸν
3787 2460 3905 2514 Θεὸν

2283 2536 2382 2607 τῆς
2432 2538 2626 2593 ἑαυτοῦ
2683 2543 2991 2614 προσευχῆς
3051 2546 3403 2603 άνεκαλεῖτο’
3470 2553 3566 2605 διὸ
3629 2553 3902 2622 ἐπιλέγει·

2290 2643 2309 2676 ι
2359 2627 2491 2680 Ἀπὸ
2517 2628 2626 2684 τῶν
2673 2631 2926 2702 περάτων
2959 2634 3060 2704 τῆς
3104 2636 3207 2705 γῆς
3239 2639 3376 2710 πρὸς
3410 2641 3481 2693 σὲ
3540 2643 3848 2714 ἐκέκραξα.
3880 2665 3894 2694 ι

2283 2713 2392 2766 Καὶ
2418 2717 2716 2790 ἐπειδήπερ
2748 2725 3054 2792 συμφώνως
3083 2727 3131 2778 οἱ
3157 2724 3332 2781 λοιποὶ
3363 2713 3737 2803 ἑρμηνευτάὶ
3764 2735 3901 2788 ἐκδε-

2280 2804 2534 2881 δὼκασινι,
2565 2811 2595 2862 6
2623 2811 2721 2881 μὲν
2747 2813 2979 2879 Ἀκύλας
3011 2815 3202 2882 εἰπὼν,
3233 2839 3250 2871 ι
3279 2823 3412 2876 Ἀπὸ
3438 2825 3786 2880 τελευταίου
3811 2832 3896 2899 τῆς

2279 2896 2384 2969 γῆς
2411 2899 2548 2971 πρὸς
2581 2902 2640 2955 σὲ
2672 2904 3089 2978 ὲπικαλέσομαι·
3126 2929 3146 2962 ι
3183 2913 3212 2964 6
3241 2912 3297 2966 δὲ
3327 2915 3679 2989 Σύμμαχος,
3721 2939 3738 2971 ι

2281 2991 2532 3062 περάτων
2571 2994 2672 3066 τῆς
2701 2997 2806 3069 γῆς
2852 2998 2911 3051 σὲ
2954 3001 3355 3076 ἐπικαλοῦμαι·
3404 3029 3422 3060 ι
3467 3014 3505 3082 ἡ
3551 3012 3620 3066 δὲ
3673 3013 3885 3084 πέμπτη

2279 3081 2508 3150 ἕκδοσις,
2549 3104 2570 3138 ι
2613 3087 2747 3143 Ἀπὸ
2785 3092 3042 3163 περάτων
3071 3096 3172 3167 τῆς
3200 3099 3304 3170 γῆς
3347 3081 3502 3174 πρὸς-ί
3524 3106 3592 3160 σὲ
3630 3081 3887 3178 κεκράξᾴ

1150 3172 1166 3187 ι
1338 3172 1345 3173 ί
1389 3172 1484 3187 -ιτ-
1525 3172 1659 3177 ’--ν---
1690 3172 1865 3195 ι-ν---ν
1893 3172 2165 3196 Ἰ“”“¹Ί’¹“”“

586 3212 764 3258 totum
820 3206 1011 3262 orbem
1067 3219 1521 3282 praetergressus,
1579 3230 1704 3270 cum
1769 3232 1936 3287 super
1985 3219 2166 3288 ipsum

2277 3193 2374 3246 μαι
2397 3193 2411 3208 ·
2447 3197 2466 3228 ι
2497 3178 2582 3243 τίς
2605 3180 2706 3235 οὐκ
2748 3182 2814 3237 ἂν
2847 3184 3084 3255 εὐλόγως
3104 3192 3195 3243 τὸν
3219 3192 3343 3248 νοῦν
3377 3172 3481 3268 τῆς
3514 3172 3882 3265 λέξεωςψέπιο

587 3293 866 3350 Oceanum
914 3298 1227 3365 devenerit,
1281 3303 1394 3358 haec
1450 3305 1780 3362 vociferari:
1827 3327 1846 3359 ι
1880 3307 1926 3362 A
1971 3309 2174 3366 ﬁnibus

586 3394 748 3442 terra:
772 3389 841 3443 ad
870 3398 921 3444 te
947 3391 1226 3447 clamavi?
1259 3414 1277 3447 ι
1311 3395 1380 3449 At
1407 3399 1724 3456 consideres
1756 3401 1917 3456 velim
1941 3441 1956 3467 ,
1989 3418 2171 3458 annon

587 3480 771 3536 omnis
802 3479 898 3536 Dei
928 3483 1142 3539 amicus
1173 3485 1307 3543 ﬁnes
1336 3495 1497 3545 terra:
1525 3500 1894 3560 congruenter
1918 3507 2166 3553 vocetur.

583 3567 720 3625 Nam
749 3573 1031 3644 improbus
1073 3578 1236 3634 homo
1281 3581 1379 3653 qui
1430 3581 1608 3639 forum
1639 3596 1693 3642 et
1725 3590 1947 3652 turbas.
1981 3592 2167 3646 curias

582 3672 634 3717 et
682 3663 981 3722 tribunalia
1030 3669 1467 3739 circumcursat,
1507 3685 1765 3750 totusque
1797 3681 1853 3736 in
1882 3683 2165 3752 corporeis

578 3755 955 3826 voluptatibus
985 3760 1241 3820 defossus
1271 3773 1392 3832 est,
1423 3767 1548 3838 jure
1587 3771 1640 3825 in
1685 3772 1958 3843 profundo
2005 3789 2166 3832 terra:

579 3846 834 3905 habitare
865 3851 1118 3922 dicatur;
1150 3857 1245 3926 qui
1276 3875 1406 3913 vero
1433 3879 1451 3912 ι
1482 3861 1808 3920 circuierint
1839 3867 1895 3920 in
1943 3869 2160 3925 melotis

578 3949 631 3996 et
675 3942 730 3997 in
776 3944 1014 4015 pellibus
1052 3950 1296 4019 caprinis
1343 3960 1596 4024 egentes,
1644 3959 1979 4029 angustiati,
2021 3961 2158 4016 allii-

575 4036 650 4089 cti
682 4037 747 4100 ³³,
776 4057 795 4090 ι
821 4045 875 4093 et
905 4056 934 4093 a
964 4041 1144 4097 medio
1175 4045 1391 4099 urbium
1429 4046 1718 4119 fugerunt,
1751 4067 1813 4106 ac
1843 4053 1896 4107 in
1927 4056 2157 4112 desertis

575 4133 899 4187 commorati
943 4143 1074 4190 sunt
1104 4176 1119 4201 ,
1170 4139 1228 4193 in
1277 4142 1555 4196 montibus
1577 4183 1592 4206 ,
1628 4144 1682 4197 in
1717 4148 1969 4204 cavernis
2014 4159 2067 4205 et
2101 4150 2154 4205 in

576 4225 939 4286 foraminibus
979 4237 1172 4295 terra,
1219 4234 1415 4288 merito
1456 4233 1713 4291 dicantur
1753 4249 1909 4294 extra
1955 4252 2152 4297 terram

573 4334 740 4374 esse:
797 4335 865 4375 ac
913 4323 1133 4379 etiamsi
1183 4341 1295 4380 non
1350 4342 1579 4397 prorsus
1629 4340 1787 4386 erant
1839 4348 1869 4386 a
1918 4348 2151 4405 corpore

570 4407 848 4478 exempti,
880 4410 983 4464 etsi
1031 4418 1188 4466 extra
1233 4414 1367 4468 illud
1415 4427 1640 4485 essent,
1689 4427 1820 4475 tunc
1861 4430 2046 4478 tamen
2093 4425 2148 4479 in

570 4495 692 4567 ipso
735 4498 1010 4564 viventes,
1042 4501 1245 4572 illoque
1275 4513 1334 4557 ut
1363 4505 1732 4564 instrumento
1767 4519 2016 4577 utentes,
2051 4529 2140 4568 ne-
2179 4546 2226 4604 υ

567 4603 842 4658 quaquam
870 4589 924 4644 in
955 4592 1082 4648 vitae
1107 4595 1246 4649 mala
1273 4595 1766 4670 demergebantur;
1793 4605 1885 4658 sed
1915 4610 2146 4676 carptim

566 4683 910 4740 solummodo
934 4691 1304 4744 necessarium
1337 4693 1542 4762 cibum,
1579 4704 1632 4751 et
1657 4697 1865 4767 reliqua
1893 4699 1960 4754 ad
1986 4717 2143 4756 usum

565 4777 828 4848 requisita
871 4780 1251 4852 contingentes
1295 4784 1603 4856 degebant;
1632 4789 1758 4858 jure
1799 4791 1854 4844 in
1885 4795 2146 4850 extremis

564 4875 620 4923 et
647 4870 700 4924 in
733 4869 933 4928 linibus
961 4875 1210 4944 corporis
1249 4877 1342 4932 siti
1384 4879 1745 4937 videbantur:
1795 4887 1976 4956 qualis
2021 4899 2146 4944 erat

564 4956 792 5026 Paulus,
824 4964 918 5033 qui
969 4964 1188 5021 dicebat
1238 4987 1251 5022 :
1299 4988 1318 5020 ι
1372 4972 1432 5028 in
1462 4989 1628 5030 carne
1665 4977 1810 5030 enim
1858 4979 2140 5045 viventes,

563 5067 674 5105 non
717 5055 1020 5111 secundum
1063 5073 1284 5115 carnem
1328 5064 1630 5123 militamus
1673 5069 1753 5137 ἰς
1788 5090 1804 5119 ι
1829 5080 1915 5128 et:
1951 5091 1969 5124 ‹
2005 5073 2141 5129 Cum

563 5145 788 5204 Christo
812 5151 1114 5209 cruciﬁxus
1139 5170 1260 5210 sum
1289 5175 1303 5224 ;
1337 5157 1460 5214 vivo
1489 5169 1672 5216 autem
1693 5204 1707 5228 ,
1735 5165 1848 5234 jam
1878 5183 1988 5222 non
2016 5185 2136 5240 ego,

561 5236 696 5292 vivit
724 5254 854 5295 vero
884 5241 941 5296 in
971 5259 1058 5300 me
1084 5243 1340 5304 Christus
1372 5249 1436 5306 ³⁸.
1469 5270 1487 5304 ι
1518 5251 1622 5318 Qui
1653 5271 1783 5326 ergo
1808 5257 1890 5312 sic
1915 5236 2140 5318 allectus

561 5340 679 5390 est.
705 5331 832 5401 jure
861 5333 1008 5389 dicat
1035 5334 1176 5392 Deo:
1206 5357 1225 5389 ι
1253 5339 1478 5398 intende
1507 5347 1743 5402 orationi
1776 5365 1926 5406 mem.
1959 5371 1978 5403 ι
2003 5352 2140 5408 Mul-

564 5431 783 5494 tamque
811 5427 865 5481 in
891 5425 1206 5498 hujusmodi
1233 5432 1342 5488 vita
1373 5434 1625 5492 ﬁduciam
1657 5440 1864 5498 habens
1884 5486 1898 5506 ,
1929 5463 2138 5518 nequa-

565 5528 727 5582 quam
777 5519 1040 5573 mentitur
1083 5536 1206 5576 cum
1249 5523 1418 5580 dicit:
1449 5546 1468 5578 ι
1495 5527 1540 5581 Α
1573 5531 1770 5588 linibus
1800 5544 1959 5592 terrae
1985 5541 2051 5595 ad
2085 5549 2137 5598 te

565 5604 814 5662 clamavi.
845 5627 863 5660 ι
892 5609 1130 5666 Causam
1164 5629 1294 5670 vero
1324 5617 1512 5688 adjicit
1555 5621 1640 5678 his
1689 5628 1871 5683 verbis
1893 5671 1906 5692 ,
1941 5649 1959 5680 ι
1999 5631 2132 5690 Dum

638 5804 683 5838 ³³
721 5807 856 5868 ch.
900 5831 989 5883 xu,
1021 5817 1108 5872 '57.
1191 5821 1232 5852 ⁸³
1275 5821 1315 5876 ll
1351 5823 1474 5880 Cor.
1520 5844 1581 5892 χ,
1613 5829 1665 5885 5.
1747 5833 1790 5862 ³⁸
1833 5832 1950 5890 Gal.
1991 5853 2056 5902 ιι,
2093 5841 2182 5896 20.

2278 3268 2567 3364 ζητήσειε
2610 3274 2734 3340 Πῶς
2775 3277 2884 3351 γὰρ
2925 3281 2992 3335 ἄν
3036 3299 3120 3346 τις
3165 3285 3409 3354 δύναται,
3437 3293 3551 3364 τὴν
3584 3292 3880 3363 σύμπασαν

2277 3357 2522 3432 ὑπερϐάς
2574 3365 2924 3439 οἰκουμένην,
2980 3375 3074 3426 καὶ
3131 3376 3271 3450 ὑπὲρ
3327 3357 3510 3437 αὑτὸν-
3561 3357 3750 3438 eaeis»
3798 3385 3879 3438 τὸν

2287 3453 2558 3521 Ὠκεανὸν,
2594 3477 2613 3510 ι
2652 3459 2784 3514 Ἀπὸ
2806 3463 2914 3517 τῶν
2937 3469 3190 3537 περάτων
3215 3473 3316 3545 τῆς
3345 3477 3450 3548 γῆς
3482 3480 3634 3552 πρὸς
3667 3482 3727 3534 σὲ
3763 3481 3873 3533 ἐκέ-

2273 3545 2471 3643 κραξα,
2507 3567 2525 3599 ι
2564 3548 2728 3621 βοᾷν;
2772 3554 2911 3609 Ἀλλ’
2942 3559 3043 3629 ὅρα
3071 3562 3120 3614 εί
3165 3563 3238 3635 μὴ
3285 3569 3392 3632 πᾶς
3407 3545 3450 3623 ’ὁ
3482 3545 3569 3643 τῷ
3621 3571 3746 3643 Θεῷ
3789 3573 3870 3642 qi-

2269 3637 2358 3738 λος
2387 3640 2624 3711 εὐλόγως
2665 3644 2731 3700 ἂν
2771 3649 2840 3703 τά
2885 3651 3097 3724 πέρατα
3139 3659 3240 3728 τῆς
3279 3662 3383 3732 γῆς
3413 3637 3640 3738 ῥηθείη.
3776 3637 3867 3737 μὲν

2265 3731 2372 3804 γὰρ
2404 3734 2609 3830 paulo;
2643 3739 2804 3813 ἀνὴρ,
2849 3743 3058 3815 ἀγοράς
3089 3751 3183 3803 καὶ
3227 3731 3481 3825 δήμους,⁷
3500 3731 3866 3830 βουλευτήριά

2261 3840 2320 3876 τε
2351 3827 2444 3880 καὶ
2472 3828 2798 3905 δικαστήρια
2831 3843 3188 3914 περιτρέχων,
3214 3846 3351 3912 ὅλως
3377 3867 3436 3903 τε
3465 3857 3596 3917 ταῖς
3635 3852 3735 3906 τοῦ
3766 3850 3861 3904 σώ-

2475 3920 2831 3993 ήδυπαθείαις
2878 3939 3400 4009 κατορωρυγμένος,
3450 3945 3509 3997 ὲν
3561 3946 3720 4017 βυθῷ
3764 3944 3858 4013 τῆς

2388 4013 2557 4068 οἰκεῖν
2578 4016 2775 4086 λέγοιτ’
2799 4021 2864 4076 ἂν
2894 4027 3120 4094 είκότως
3141 4047 3154 4060 ·
3177 4033 3226 4084 οί
3253 4031 3310 4085 δὲ
3346 4053 3364 4086 ι
3387 4009 3774 4108 περιελθόντες
3799 4009 3855 4090 ἐν

2261 4101 2539 4203 μηλωταῖς
2587 4111 2680 4163 καὶ
2725 4114 2784 4165 ὲν
2825 4117 3056 4185 αίγίνοις
3099 4122 3384 4196 δέρμασιν,
3436 4101 3850 4203 ὑστερούμενοι,

2256 4193 2581 4293 θλιϐόμενοι,
2612 4206 3062 4279 κακουχούμενοι,
3099 4233 3116 4264 ι
3164 4193 3462 4286 ξρνεύγοντές
3495 4193 3848 4293 τέτάμέσα

2253 4283 2359 4338 τῶν
2381 4287 2608 4383 πόλεων,
2637 4295 2732 4346 καὶ
2766 4296 2866 4361 τὰς
2896 4283 3187 4374 διατριϐὰς
3207 4308 3265 4361 ὲν
3284 4283 3558 4382 ⁷ἐρημίαις
3592 4283 3847 4383 ποιώμε-

2251 4391 2330 4428 νοι
2365 4378 2459 4431 καὶ
2492 4379 2642 4452 ὄρεσι
2673 4386 2768 4440 καὶ
2795 4390 3087 4461 σπηλαίοις
3122 4399 3214 4451 καὶ
3249 4378 3563 4469 ταίς-όπαῖς
3592 4407 3694 4477 τῆς
3722 4378 3836 4474 γῆς.

2251 4471 2486 4570 εύλόγως
2515 4475 2581 4528 ἂν
2619 4477 2856 4550 λεχθεῖεν
2887 4483 2994 4550 ἔξω
3043 4490 3338 4562 τυγχάνειν
3367 4496 3465 4569 τῆς
3492 4499 3601 4570 γῆς
3622 4471 3658 4530 ο·
3676 4471 3840 4553 καὶεί

2254 4563 2352 4631 μὲν
2387 4566 2460 4638 μὴ
2495 4571 2774 4638 παντελῶς
2806 4570 2946 4646 ἦσαν
2990 4581 3403 4657 ἀπηλλαγμένοι
3435 4590 3530 4643 τοῦ
3569 4591 3831 4663 σώματος.

2253 4657 2356 4710 κᾶν
2385 4661 2538 4724 ἐκτὸς
2568 4659 2708 4734 ἦσαν
2741 4669 2904 4723 αὐτοῦ
2923 4688 2936 4702 ·
2974 4673 3068 4726 νῦν
3093 4676 3150 4729 δὲ
3183 4679 3368 4752 ἐπειδὴ
3401 4682 3458 4734 ὲν
3486 4685 3638 4756 αὐτῷ
3666 4682 3834 4754 βιοῦν-

2251 4765 2361 4812 τες.
2389 4751 2604 4823 ὀργάνῳ
2641 4774 2700 4810 τε
2748 4761 2898 4832 αὐτῷ
2943 4764 3238 4836 χρώμενοι,
3279 4772 3378 4824 οὐκ
3424 4773 3834 4838 ὲνεϐαπτίζοντο

2251 4841 2364 4902 τοῖς
2389 4841 2483 4895 τοῦ
2534 4843 2650 4914 βίου
2701 4855 2914 4916 κακοῖς,
2947 4856 3251 4928 ἀκροθίνως
3293 4851 3513 4918 δὲάὐτὸ
3545 4869 3706 4938 μόνον
3737 4865 3827 4934 τῆς

2253 4930 2816 5029 ἀναγκαίας-τροφῆς,
2849 4945 2940 4997 καὶ
2969 4948 3080 5001 τῶν
3119 4949 3319 5006 λοιπῶν
3363 4930 3563 5026 χρειῶν
3594 4930 3826 5029 ἐφαπτό-

2255 5038 2403 5115 μενοι
2431 5022 2698 5083 διετέλουν
2717 5047 2730 5060 ’
2761 5033 2990 5102 εἰκότως
3021 5040 3080 5094 ὲν
3108 5040 3298 5115 ἄκροις
3327 5022 3544 5102 ἐδόκουν
3574 5022 3710 5106 εἶναι
3737 5048 3820 5103 καὶ

2251 5113 2308 5164 ἐν
2351 5116 2462 5179 τοῖς
2484 5119 2689 5210 πέρασι
2733 5125 2825 5178 τοῦ
2867 5130 3118 5200 σώματος
3142 5151 3154 5164 ·
3189 5113 3307 5202 οἷος
3336 5133 3404 5210 ἦν
3437 5142 3466 5194 6
3498 5143 3708 5208 Παῦλος
3738 5140 3819 5194 λέ-

2179 5241 2188 5256 ,
2249 5220 2391 5309 γωνί
2422 5207 2568 5309 «ΑἘν
2599 5215 2764 5285 σαρκὶ
2789 5218 2898 5292 γὰρ
2928 5221 3150 5294 ζῶντες,
3175 5230 3238 5283 οὐ
3273 5207 3418 5286 κατὰ
3451 5237 3632 5309 σάρκα
3662 5252 3813 5308 στρα-

2249 5297 2550 5399 τευόμεθα⁸
2582 5323 2602 5356 ι
2640 5309 2752 5375 καὶ,
2793 5330 2811 5363 ι
2856 5315 3077 5389 Χριστῷ
3121 5297 3572 5399 συνεσταύρωμαι
3597 5349 3610 5361 ·
3657 5297 3734 5397 CG;
3764 5327 3813 5380 δὲ

2245 5391 2428 5496 οὐκέτι
2452 5396 2582 5466 ἐγὼ,
2613 5399 2759 5496 ζῇδὲ
2786 5406 2842 5459 ἐν
2867 5409 2992 5479 ἐμοὶ
3025 5413 3256 5484 Χριστός
3280 5436 3294 5448 ο
3335 5439 3354 5472 ›
3393 5391 3452 5475 :0
3473 5391 3537 5496 δὴ
3563 5391 3809 5478 οὖντούτω

2244 5484 2584 5588 διακείμενος
2621 5494 2857 5566 εὐλόγως
2889 5499 2956 5554 ἂν
2998 5505 3143 5560 εἴποι
3189 5509 3268 5582 τῷ
3307 5512 3464 5584 Θεῷ·
3525 5535 3545 5567 ι
3581 5518 3809 5590 Πρόσχες

2244 5576 2309 5644 τῇ
2347 5585 2618 5680 προσευχῇ
2654 5603 2786 5680 μου,
2830 5610 2848 5643 ι
2889 5596 3087 5669 πολλὴν
3113 5576 3261 5669 ἄγων
3295 5576 3608 5679 παρρησίαν
3632 5576 3802 5678 ’ἐπὶιτῇ

2245 5673 2464 5742 τοιαύτῃ
2509 5673 2602 5728 τοῦ
2646 5677 2762 5747 βίου
2805 5683 2941 5758 ζωῇο
2985 5692 3091 5746 οὐδ’
3140 5694 3206 5748 ἂν
3251 5697 3513 5766 ψεύσαιτο
3557 5705 3801 5773 φάσκωνο
