4100 6442
279 351 398 406 577

1428 350 1928 408 COMMENTARlA
1961 350 2028 406 IN
2069 349 2412 409 PSALMOS.

3452 358 3558 412 578

281 491 307 522 ι
360 472 494 524 ’Λπδ
535 470 643 523 τῶν
692 470 942 542 περάτων
973 471 1072 543 τῆς
1102 472 1203 542 γῆς
1245 471 1379 544 πρὸς
1409 475 1468 528 σὲ
1518 474 1812 546 ἐκέκραξα.
1848 495 1850 523 τ

1975 475 2297 530 anxiaretur
2343 489 2438 530 cor
2489 489 2712 542 meum;
2743 492 2762 526 ι
2791 474 2907 530 sive
2953 474 3255 529 secundum
3309 474 3560 548 Symma-

273 563 620 634 Προστίθησι
668 564 724 617 δὲ
760 565 856 618 καὶ
906 563 1004 636 τὴν
1049 565 1228 619 αἰτίαν
1269 567 1556 635 ἐπιλέγων,
1595 587 1614 619 ι
1661 569 1748 620 'Ev
1792 569 1871 639 τῷ

271 655 581 725 ἀκηδιὰσαι
607 655 706 726 τὴν
742 655 967 727 καρδίαν
998 675 1096 728 μου
1119 674 1132 687 ο
1175 677 1193 710 ι
1231 659 1264 730 ἢ
1303 677 1320 710 ι
1364 661 1456 713 'Ev
1480 661 1557 732 τῷ
1581 662 1871 734 ἀδημονεῖν

271 748 385 817 τὴν
409 747 633 818 καρδίαν
665 767 787 819 μου,
823 770 840 800 ι
874 751 1014 803 κατά
1043 751 1134 804 τὸν
1155 750 1468 823 Σύμμαχον.
1488 754 1710 824 ’Λκηδιᾷ
1735 754 1866 827 γὰρ,

272 837 381 888 καὶ
418 837 677 907 ἀδημονεῖ
709 839 858 890 πᾶσα
893 837 1144 908 θεοφιλὴς
1175 838 1322 909 ψυχὴ
1355 838 1434 909 τῷ
1470 838 1660 910 θνητῷ
1696 839 1871 894 ἐνδια-

271 929 543 1000 τρίϐουσα
577 928 702 1000 βίῳ·
740 930 821 983 διὸ
857 930 947 984 καὶ
979 931 1148 1002 φήσαι
1173 929 1258 995 ἂν,
1288 927 1473 1001 οἶμαι·
1510 950 1529 983 ι
1564 934 1683 984 Ὅτι
1726 934 1864 1003 ἐμα-

273 1021 490 1092 κρύνθη
521 1025 554 1092 ἡ
588 1023 851 1094 παροικία
886 1041 1010 1093 μου.
1040 1041 1062 1073 δ
1113 1024 1220 1076 Καὶ
1251 1025 1411 1094 ἡμεῖς
1443 1024 1492 1076 οί
1524 1023 1675 1087 ὄντες
1704 1025 1762 1077 ἑν
1787 1025 1864 1095 τῷ

275 1119 474 1188 σκήνει
509 1117 834 1187 στενάζομεν
889 1116 1232 1190 βαρούμενοι.
1267 1119 1520 1171 Ἔστενεν
1561 1114 1654 1171 οὖν
1698 1119 1795 1173 καὶ
1837 1124 1866 1176 ὁ

271 1212 494 1274 Παῦλος
519 1212 754 1283 ἀκηδιῶν
785 1214 875 1266 ἑπὶ
900 1217 964 1285 τῇ
994 1213 1328 1285 παρεκτάσει
1359 1213 1454 1268 τοῦ
1487 1213 1682 1286 θνητοῦ
1712 1216 1860 1288 βίου’

260 1300 363 1353 διὸ
389 1303 480 1354 καὶ
504 1303 804 1374 ἀπεκλᾴετο
836 1303 1008 1374 λέγων
1032 1322 1045 1335 ·
1081 1325 1099 1356 ι
1133 1305 1489 1377 Ταλαίπωρος
1519 1307 1628 1376 ἑγὼ
1656 1308 1864 1382 ἄνθρω-

263 1410 402 1456 πος,
436 1393 519 1456 τίς
561 1411 628 1465 με
676 1395 896 1467 ῥύσεται
943 1398 1006 1450 ἑκ
1055 1398 1148 1450 τοῦ
1189 1399 1442 1470 σώματος
1489 1401 1584 1455 τοῦ
1630 1402 1860 1458 θανάτου

261 1482 504 1548 tatis-ou;
544 1502 565 1536 ι
607 1484 826 1556 Ἀκηδιᾷ
857 1485 914 1539 δὲ
968 1488 1063 1541 καὶ
1109 1489 1368 1560 ἀδημονεῖ
1405 1493 1499 1545 καὶ
1540 1492 1627 1546 διὰ
1673 1495 1860 1564 φιλαν-

262 1572 548 1644 θρωπίαν,
605 1574 664 1628 τὸ
730 1576 934 1648 πλῆθος
984 1579 1090 1632 τῶν
1148 1581 1537 1652 ἀπολλυμένων
1597 1584 1814 1658 θεωρῶν
1842 1604 1856 1616 ⁸

259 1663 462 1736 ἐπειδὴ
498 1683 516 1716 ι
554 1665 782 1720 πλατεῖα
813 1669 908 1722 καὶ
941 1669 1251 1742 εὐρύχωρος
1281 1674 1312 1743 ή
1346 1672 1464 1736 ὁδὸς
1504 1674 1536 1743 ή
1568 1675 1860 1743 ἀπάγουσα

258 1756 356 1819 εἰς
402 1757 498 1826 τὴν
546 1756 858 1812 ἀπώλειαν·
900 1779 918 1812 ι
959 1759 1132 1826 οὔτως
1179 1762 1341 1816 πάλιν
1385 1765 1415 1816 ὁ
1459 1764 1621 1829 αὐτὸς
1671 1766 1858 1820 πενθεῖ

1976 567 2177 633 chum,
2213 588 2230 617 ι
2261 566 2400 621 Dum
2457 565 2779 636 desperaret
2834 582 2932 622 cor
2990 583 3194 624 meum.
3230 587 3249 620 ι
3285 566 3562 622 Anxiatur

1974 659 2120 714 cnim
2150 668 2205 714 et
2233 659 2391 730 quasi
2424 659 2682 730 desperat
2727 659 2985 730 religiosa
3030 659 3288 730 quaelibet
3337 662 3554 720 anima,

1971 751 2098 806 dum
2124 753 2181 806 in
2204 752 2420 806 mortali
2447 752 2556 806 vita
2587 763 2874 807 versatur:
2921 768 3026 822 qua
3067 751 3135 807 de
3176 766 3340 807 causa
3379 752 3554 822 ipsam

1970 842 2157 898 dicere
2185 843 2443 906 arbitror,
2478 861 2496 894 ι
2526 841 2668 908 Quia
2698 843 2972 897 incolatus
3007 858 3162 897 meus
3188 842 3555 913 prolongatus

1969 938 2054 987 est
2084 932 2150 988 ³⁸.
2182 951 2201 983 ι
2232 933 2295 986 Et
2324 949 2425 988 nos
2456 949 2674 1004 quoque
2696 933 2825 986 dum
2853 933 2907 986 in
2939 933 3042 988 hoc
3070 933 3429 988 tabernaculo
3458 940 3554 986 su-

1969 1039 2090 1079 mus
2123 1023 2329 1088 afllicti,
2350 1025 2782 1097 ingemiscimus.
2819 1023 3215 1094 lngemiscebat
3245 1026 3373 1080 item
3404 1022 3550 1078 Pau-

1970 1117 2055 1172 lus
2084 1117 2154 1171 ob
2184 1118 2433 1173 mortalis
2462 1119 2587 1171 vitae
2617 1117 3040 1172 diuturnitatem
3073 1116 3236 1172 taedio
3265 1115 3495 1171 affectus
3531 1133 3544 1169 :

1966 1224 2138 1279 quare
2185 1226 2308 1263 eum
2357 1210 2616 1280 lacrymis
2646 1209 2897 1273 dicebat,
2938 1227 2956 1260 ‹
2989 1208 3183 1264 Infelix
3211 1223 3314 1280 ego
3342 1209 3508 1262 homo
3528 1248 3543 1270 ,

1965 1301 2091 1372 quis
2119 1317 2207 1356 me
2229 1302 2481 1357 liberabit
2506 1301 2574 1356 de
2597 1317 2830 1370 corpore
2863 1302 3055 1355 mortis
3082 1300 3248 1370 hujus
3279 1300 3401 1354 ³⁷2»
3432 1299 3547 1354 Au-

1964 1391 2238 1461 gustiatur
2286 1400 2468 1446 autem
2513 1400 2568 1447 et
2609 1391 2768 1461 quasi
2813 1390 3120 1460 despondet
3162 1391 3439 1456 animum,
3472 1391 3544 1445 ob

1963 1483 2324 1539 humanitatis
2367 1499 2622 1549 sensum,
2656 1491 2862 1537 tantam
2913 1498 3146 1537 cernens
3194 1484 3541 1552 pereuntium

1962 1573 2366 1629 multitudinem
2402 1593 2415 1629 :
2465 1575 2737 1644 siquidem
2774 1593 2792 1626 ί
2824 1574 2934 1628 lata
2967 1582 3020 1628 et
3051 1573 3296 1643 spatiosa
3336 1573 3424 1628 via
3456 1578 3543 1629 est

1960 1683 2082 1736 quae
2123 1667 2276 1721 ducit
2323 1667 2391 1720 ad
2437 1668 2801 1738 perditionem
2834 1667 2900 1722 ⁸⁸.
2937 1685 2956 1718 ι
2991 1666 3083 1720 Sic
3127 1669 3290 1720 etiam
3332 1666 3380 1720 is
3425 1665 3542 1734 ipse

1963 1759 2166 1812 multos
2202 1761 2345 1829 luget
2375 1759 2444 1813 de
2472 1759 2674 1828 quibus
2722 1758 2940 1813 dicebat
2969 1777 2982 1814 :
3018 1777 3036 1810 ι
3070 1757 3290 1829 Lugebo
3334 1757 3539 1813 multos

259 1847 521 1914 πολλοὺς,
554 1851 678 1922 περὶ
724 1843 800 1905 ὧν
843 1851 996 1922 ἔλεγε
1020 1870 1032 1883 ·
1097 1873 1116 1905 ι
1164 1854 1422 1927 Πενθήσω
1473 1856 1700 1922 πολλοὺς
1749 1858 1850 1912 τῶν

1960 1866 2025 1906 ex
2073 1853 2138 1907 iis
2177 1853 2269 1921 qui
2303 1861 2429 1906 ante
2458 1859 2853 1922 peccaverunt,
2885 1859 2937 1906 et
2965 1865 3073 1905 non
3103 1857 3332 1922 egerunt
3362 1849 3539 1920 poeni-

261 1943 798 2014 προημαρτηκότων,
849 1947 942 1999 καὶ
1007 1948 1081 2019 μὴ
1141 1950 1586 2022 μετανοησάντων
1647 1952 1740 2005 ἐπὶ
1787 1956 1852 2026 τῇ

259 2031 516 2104 ἁμαρτία
547 2034 640 2087 καὶ
676 2036 876 2108 ἀνομίᾳ
909 2039 1003 2091 καὶ
1035 2038 1258 2110 ἀσεϐείᾳ
1359 2041 1623 2114 ἔπραξαν.
1657 2062 1676 2094 ι
1717 2045 1776 2098 Ὀ
1807 2045 1854 2099 δ’

259 2122 434 2186 αὐτὸς
494 2125 814 2197 ὑπεραλγῶν
868 2130 962 2182 καὶ
1025 2131 1392 2202 ύπερπάσχων
1432 2135 1635 2206 ἑτέρων
1682 2135 1811 2189 ἐϐόα
1834 2153 1850 2168 ο

266 2233 292 2261 ι
331 2215 428 2279 Τίς
471 2216 704 2284 ἀσθενεῖ,
751 2221 844 2272 καὶ
873 2221 973 2273 ούκ
1012 2221 1258 2288 ἀσθενῶ;
1291 2225 1386 2288 Τίς
1416 2227 1851 2293 σκανδαλίζεται,

259 2308 362 2359 καὶ
389 2310 488 2361 ούκ
521 2310 630 2379 ἐγὼ
659 2311 970 2383 πυροῦμαι;
1009 2331 1026 2364 ι
1066 2314 1299 2386 Ὁμοίως
1328 2317 1386 2370 δὲ
1419 2319 1513 2372 καὶ
1546 2320 1596 2372 οί
1634 2322 1850 2392 προφῆ-

256 2415 358 2452 ται
403 2399 494 2453 τὸν
540 2402 706 2456 πάλαι
750 2404 1090 2476 ἀπεκλᾲοντο
1124 2405 1278 2474 λαὸν,
1313 2406 1502 2482 ὥσπερ
1549 2407 1644 2466 οὖν
1685 2413 1780 2465 καὶ
1821 2415 1850 2466 ὁ

259 2487 449 2541 Δαυῖδ.
489 2489 579 2542 Διὸ
612 2491 773 2556 αὐτὸς
817 2493 916 2563 μὲν
960 2493 1155 2564 ἔφευγε
1180 2495 1249 2548 τὰ
1298 2498 1436 2568 μέσα
1464 2500 1563 2571 τῆς
1596 2503 1720 2573 γῆς,
1754 2504 1848 2556 καὶ

258 2578 322 2628 ἐν
356 2576 544 2648 ἄκροις
580 2579 758 2633 αὐτῶν
785 2590 1067 2654 γινόμενος
1097 2585 1228 2639 ἐϐόα
1261 2589 1398 2659 πρὸς
1425 2590 1516 2642 τὸν
1547 2590 1707 2645 Θεόν’
1754 2595 1847 2649 ἐπὶ

255 2667 318 2719 δὲ
351 2671 417 2738 τῇ
444 2667 552 2720 τῶν
585 2670 794 2723 πολλῶν
823 2673 914 2756 καὶ
948 2675 1112 2729 αὐτοῦ
1155 2678 1248 2730 τοῦ
1280 2679 1454 2733 Σαοὺλ
1475 2681 1723 2754 ἀπωλείᾳ
1748 2686 1846 2757 τὴν

255 2759 438 2828 ψυχὴν
467 2759 644 2828 ἀλγῶν
678 2762 1002 2835 ἀπεκλᾲετο.

337 2891 357 2923 ι
389 2873 476 2926 Ἐν
514 2875 688 2946 πέτρᾳ
727 2875 948 2946 ῦψωσάς
981 2897 1048 2950 με
1068 2919 1084 2943 ,
1118 2880 1197 2934 ὅτι
1224 2881 1487 2956 ἑγενήθης
1520 2885 1672 2950 ἐλπίς
1707 2905 1840 2956 μου,

258 2963 468 3036 πύργος
502 2966 682 3036 ἰσχύος
710 2969 816 3021 ἀπὸ
841 2970 1132 3040 προσώπου
1158 2973 1352 3045 ἐχθροῦ
1373 2993 1387 3006 ο
1415 2995 1434 3028 ι
1470 2979 1562 3030 καὶ
1590 2978 1658 3031 τὰ
1689 2979 1837 3048 ἑξῆς.

257 3056 418 3109 Κατά
447 3058 544 3128 μὲν
578 3061 703 3123 τοὺς
745 3061 1164 3134 Ἐϐδομήκοντα,
1194 3066 1544 3138 εὐχαριστίαν
1597 3072 1839 3142 περιέχει

253 3148 284 3198 ὁ
307 3145 479 3215 λόγος.
516 3148 702 3204 Ταῦτά
725 3169 844 3222 μοι,
877 3155 1040 3225 φησὶν
1059 3193 1073 3218 ,
1100 3157 1341 3227 ὑπῆρξεν
1366 3160 1464 3212 ὅσα
1495 3163 1801 3233 προείρηκα
1819 3181 1832 3193 ·

255 3240 440 3312 ἐπειδὴ
471 3243 534 3295 σὺ
555 3243 715 3307 αὐτὸς
738 3247 766 3297 ὁ
789 3245 920 3310 Θεὸς
945 3248 1155 3320 ἐπῆρας
1183 3267 1249 3320 με
1276 3255 1368 3304 καὶ
1391 3251 1610 3322 ῦψωσας
1633 3256 1836 3327 στήσας

253 3337 313 3388 ἑν
350 3339 416 3407 τῇ
449 3336 601 3408 παρά
625 3338 705 3390 σοὶ
735 3339 912 3410 πέτρᾳ
935 3379 949 3400 ,
997 3341 1118 3410 ἥτις
1145 3341 1289 3394 ἐστὶν
1319 3343 1346 3395 ὁ
1373 3342 1576 3414 προϊών
1614 3362 1705 3398 σου
1733 3347 1836 3400 Λό-

1959 1943 2183 1997 tentiam
2214 1945 2279 1998 de
2307 1950 2532 2012 peccato
2559 1953 2613 1998 et
2639 1943 2924 2012 iniquitate
2946 1949 3001 1997 et
3027 1941 3339 2012 impietate,
3367 1955 3534 2012 quam

1955 2043 2242 2105 gesserunt
2266 2035 2331 2088 ³⁸.
2363 2055 2382 2087 ι
2405 2035 2551 2089 ldem
2581 2050 2801 2104 quoque
2827 2051 2926 2105 pro
2954 2035 3078 2090 aliis
3108 2050 3276 2106 supra
3309 2035 3535 2090 modum

1952 2125 2145 2196 lugens
2184 2134 2236 2180 et
2281 2125 2514 2182 afflictus
2552 2126 2824 2180 clamabat
2849 2146 2863 2181 :
2892 2145 2908 2176 ι
2937 2124 3074 2192 Quis
3111 2126 3446 2190 infirmatur,
3476 2135 3534 2182 et

1951 2233 2052 2288 ego
2093 2233 2200 2271 non
2244 2219 2491 2272 infirmor
2519 2218 2543 2272 ‘i
2570 2218 2706 2284 Quis
2735 2219 3174 2283 scandalizatur,
3204 2225 3258 2274 et
3287 2235 3388 2290 ego
3420 2234 3532 2274 non

1951 2326 2083 2364 uror
2104 2311 2185 2364 δοῖ
2210 2330 2228 2361 ι
2252 2309 2515 2366 Similiter
2543 2311 2821 2380 prophetae
2848 2311 3140 2380 pristinum
3175 2311 3327 2366 illum
3361 2328 3534 2382 popu-

1950 2403 2060 2456 lum
2091 2403 2493 2473 deplorabant,
2522 2401 2990 2472 quemadmodum
3022 2411 3079 2458 et
3117 2402 3312 2458 David.
3347 2403 3530 2470 Quare

1951 2495 2068 2564 ipse
2095 2495 2319 2565 quidem
2349 2493 2418 2549 de
2445 2494 2628 2550 medio
2659 2501 2822 2549 terra:
2852 2493 3126 2565 fugiebat,
3159 2510 3225 2550 ac
3254 2495 3310 2550 in
3339 2505 3526 2551 extre-

1948 2585 2053 2640 mis
2095 2586 2217 2656 ejus
2258 2586 2510 2656 partibus
2539 2586 2878 2640 constitutus
2906 2586 3180 2641 clamabat
3215 2587 3283 2641 ad
3317 2586 3524 2652 Deum,

1947 2687 2001 2730 et
2035 2677 2103 2731 de
2140 2679 2436 2732 multorum
2479 2677 2656 2747 deque
2699 2675 2882 2732 Saulis
2923 2679 3168 2748 pernicie
3208 2680 3394 2736 animo
3441 2680 3526 2734 lu-

1943 2784 2077 2840 gens
2107 2769 2374 2841 lacrynias
2417 2769 2700 2824 fundebat.

2017 2880 2185 2936 Vens.
2219 2883 2274 2945 4,
2309 2883 2362 2936 5.
2405 2901 2424 2932 ι
2460 2881 2516 2936 ln
2562 2892 2714 2953 petra
2756 2881 3010 2936 exaltasti
3041 2899 3147 2946 me,
3176 2883 3302 2953 quia
3337 2882 3520 2940 factus

1943 2987 2002 3028 es
2029 2988 2154 3042 spes
2191 2988 2331 3032 mea.
2365 2975 2534 3026 turris
2592 2972 2936 3026 fortitudinis
2979 2989 3009 3026 a
3055 2973 3194 3028 facie
3220 2974 3451 3036 inimici,
3492 2995 3512 3027 υ

1941 3072 1994 3119 et
2033 3075 2248 3119 cetera.
2303 3063 2613 3120 Secundum
2671 3063 2814 3119 LXX
2851 3064 3178 3135 lnterpretcs
3216 3067 3515 3137 gratiarum
3612 3069 3614 3072 ’

1941 3157 2208 3210 actionem
2243 3171 2423 3210 sermo
2449 3157 2848 3225 complectitur.
2887 3155 3032 3219 Haec,
3065 3158 3260 3228 inquit,
3283 3173 3406 3229 qua:
3420 3173 3518 3213 su-

1941 3265 2036 3317 pra
2071 3249 2203 3310 dixi,
2233 3249 2364 3303 mihi
2418 3249 2680 3316 aderant;
2711 3251 2840 3320 quia
2885 3258 2941 3305 tu
2976 3252 3091 3320 ipse
3124 3249 3266 3305 Deus
3289 3249 3514 3306 elevasti

1935 3349 1990 3396 et
2024 3341 2304 3406 exaltasti,
2337 3356 2400 3395 ac
2424 3340 2478 3394 in
2517 3349 2668 3409 petra
2714 3343 2827 3402 illa,
2860 3357 2983 3412 qua:
3014 3341 3155 3412 apud
3183 3349 3236 3396 te
3265 3347 3367 3404 est,
3399 3347 3514 3393 sta-

252 3445 378 3497 γος·
406 3431 438 3500 ἡ
468 3429 640 3501 πέτρα
674 3430 780 3502 γὰρ
813 3427 881 3502 ῆν
913 3433 941 3484 ό
972 3432 1223 3502 Χριστός.
1276 3434 1426 3488 Ἐπεὶ
1462 3437 1638 3488 τοίνυν
1671 3438 1728 3489 ἑν
1757 3438 1833 3510 τῷ

1953 3433 2084 3488 ,uisti
2118 3449 2224 3496 me,
2257 3444 2474 3503 quaeest
2507 3431 2740 3487 Verbum
2777 3434 2876 3489 abs
2904 3442 2957 3487 te
2991 3431 3327 3503 procedens:
3351 3450 3370 3482 ι
3405 3429 3512 3487 Pe-

251 3519 408 3589 Δόγῳ
436 3537 526 3572 σου
555 3519 772 3589 ῦψωσάς
792 3538 858 3585 με
889 3522 983 3575 καὶ
1003 3521 1272 3594 μετέωρον
1296 3524 1574 3596 ἐποίησας,
1597 3527 1670 3591 ὡς
1702 3545 1834 3598 μηκ-

1957 3541 2016 3580 ra
2059 3546 2076 3577 ι
2114 3526 2259 3580 enim
2286 3545 2304 3578 ι
2344 3532 2459 3579 erat
2487 3524 2742 3580 Christus
2777 3525 2842 3576 ".
2876 3544 2895 3577 ι
2930 3525 3067 3590 Quia
3101 3525 3268 3594 igitur
3293 3525 3348 3578 in
3375 3522 3515 3580 Ver-

251 3609 332 3663 ἐτι
380 3615 650 3664 κατοικεῖν
680 3613 747 3666 τὰ
772 3612 909 3683 μέσα
941 3614 1039 3686 τῆς
1077 3615 1200 3685 γῆς,
1231 3615 1344 3668 ἀλλ’
1369 3619 1424 3669 ἑν
1450 3619 1638 3689 ἄκροις
1661 3620 1830 3690 αὐτῆς

1953 3633 2002 3671 )ο
2034 3625 2128 3670 tuo
2157 3615 2410 3670 exaltasti
2441 3623 2495 3669 et
2530 3614 2816 3669 sublimem
2853 3614 3028 3668 fecisti
3056 3629 3181 3679 me;
3213 3613 3285 3666 ita
3318 3619 3376 3666 ut
3397 3627 3509 3666 non

248 3700 522 3768 γενέσθαι,
551 3703 652 3773 ἤδη
681 3703 734 3755 δὲ
763 3705 855 3756 καὶ
879 3704 1168 3777 ῶδὴγησάς
1194 3724 1281 3777 με,
1315 3707 1454 3761 ῶστε
1481 3709 1705 3780 πλησίον
1735 3729 1826 3764 σου

1953 3709 2071 3762 Iltra
2109 3708 2164 3762 in
2197 3706 2380 3762 medio
2409 3715 2569 3760 terra:
2624 3706 2879 3767 habitem,
2915 3707 3006 3760 sed
3060 3705 3115 3758 in
3145 3704 3510 3760 extremitati-

250 3792 448 3860 φθάσαι
469 3811 482 3824 ·
514 3794 740 3863 γέγονάς
770 3812 829 3849 τε
852 3795 1004 3860 ἐλπίς
1030 3815 1152 3868 μου,
1180 3798 1246 3851 δι’
1263 3799 1327 3870 ἣν
1346 3800 1534 3854 ἐλπίδα
1555 3803 1614 3854 ού
1634 3819 1828 3856 καται-

1953 3818 2032 3856 ius
2059 3800 2180 3869 ejus
2217 3799 2554 3863 consistam;
2588 3797 2810 3867 jamque
2836 3797 3111 3852 deduxisti
3147 3812 3252 3861 me,
3289 3804 3348 3848 ut
3378 3811 3506 3865 pro-

251 3882 642 3954 σχυνθήσομαι⁸
701 3884 836 3937 ἀλλὰ
883 3885 978 3937 καὶ
1052 3885 1262 3939 πολλῶν
1321 3888 1685 3958 ἐπικειμένων
1735 3907 1823 3960 μοι

1953 3910 1991 3948 ιε
2023 3902 2076 3948 te
2126 3891 2468 3956 accederem,
2504 3890 2682 3946 factus
2733 3906 2793 3946 es
2824 3907 2947 3959 spes
3010 3905 3148 3950 mea,
3183 3890 3341 3958 cujus
3384 3891 3502 3960 spei

246 3975 451 4046 νοητῶν
497 3975 705 4048 ἐχθρῶν
757 3977 849 4030 καὶ
899 3977 1170 4049 πολεμίων
1212 3978 1321 4032 τῶν
1363 3979 1665 4051 ζητούντων
1724 3983 1823 4054 τὴν

1958 4000 2092 4040 ausa
2117 3999 2226 4039 non
2258 3982 2566 4036 confundar
2596 4001 2610 4035 :
2644 3981 2738 4036 sed
2799 3981 2963 4034 etiam
3025 3981 3214 4035 multis
3243 3981 3500 4034 instanti-

244 4068 418 4139 ψυχήν
451 4085 550 4138 μου
576 4107 592 4131 ,
629 4069 748 4122 ἀντί
777 4071 993 4123 πάντων
1022 4070 1340 4142 ἀπήρκεσας
1371 4075 1434 4126 σὺ
1473 4073 1651 4144 μόνος,
1687 4074 1822 4145 πύρ-

1953 4093 2025 4132 ›ιιε
2059 4077 2191 4130 mihi
2243 4073 2622 4145 spiritualibus
2653 4073 2894 4127 inimicis
2942 4080 2994 4128 et
3045 4072 3317 4135 hostibus,
3349 4087 3499 4141 quae-

247 4175 338 4226 γος
367 4158 558 4230 ὀχυρός
593 4177 682 4229 μοι
715 4161 1001 4231 γενόμενος
1024 4202 1039 4226 ,
1095 4164 1188 4216 καὶ
1238 4165 1620 4236 περιφράττων
1661 4183 1728 4237 με
1761 4169 1819 4219 ἑν
1846 4218 1850 4228 ,

1953 4168 2168 4223 entibus
2209 4167 2447 4220 animam
2492 4179 2706 4230 meam;
2737 4163 2912 4217 instar
2945 4163 3186 4216 omnium
3223 4163 3352 4218 mihi
3391 4163 3496 4218 fui-

245 4251 473 4320 ἀσφαλεῖ
493 4253 590 4324 τῆς
618 4254 766 4324 παρὰ
789 4254 873 4306 σοὶ
901 4256 1189 4326 σωτηρίας,
1207 4256 1283 4316 ὼς
1303 4256 1506 4329 μηδένα
1532 4256 1640 4310 τῶν
1668 4259 1692 4310 ἑ
1701 4258 1818 4328 μῶν

1953 4264 1990 4315 ti
2019 4280 2033 4316 :
2062 4267 2230 4329 tuque
2259 4257 2410 4312 solus
2438 4256 2571 4310 mihi
2593 4255 2762 4310 turris
2794 4254 3096 4310 fortissima
3128 4253 3358 4312 effectus
3383 4257 3495 4310 cir-

246 4341 447 4412 ἐχθρῶν
475 4342 892 4413 ἐπιστρέφεσθαι
912 4360 926 4373 ο
963 4344 1184 4409 εἰκότως
1209 4344 1413 4400 τούτων
1441 4346 1696 4401 ἁπάντων
1722 4365 1817 4400 τυ-

1953 4349 2271 4406 ummunisti
2309 4364 2416 4411 me,
2447 4357 2501 4402 et
2548 4348 2604 4400 in
2656 4347 2825 4401 tutela
2866 4345 3082 4402 salutis.
3105 4361 3226 4416 quae
3270 4347 3413 4416 apud
3439 4355 3494 4403 te

245 4432 380 4504 χῶν,
418 4435 500 4488 σοὶ
535 4436 660 4498 τοὺς
693 4434 895 4506 ὕμνους
927 4436 1265 4508 ἀναπέμπω.
1324 4438 1400 4502 ὡς
1432 4440 1685 4493 ἁπάντων
1724 4458 1813 4512 μοι

1953 4452 2018 4503 st,
2055 4440 2327 4511 posuisti;
2362 4448 2420 4492 ut
2445 4438 2657 4492 nullum
2687 4436 2798 4506 jam
2846 4436 3196 4491 inimicorum
3240 4452 3490 4492 meorum

243 4527 344 4579 τῶν
368 4527 586 4597 ἀγαθῶν
615 4529 889 4600 γενομένῳ
911 4530 1086 4600 αἰτίῳ.
1134 4530 1278 4584 Ἀντὶ
1296 4530 1352 4584 δὲ
1375 4530 1467 4584 τοῦ
1485 4571 1500 4597 ,
1536 4550 1556 4582 ι
1597 4533 1684 4585 Ἐν
1714 4534 1812 4585 πέ-
1846 4566 1850 4617 1

1953 4531 2262 4587 eformidem
2301 4549 2314 4584 :
2348 4531 2461 4584 haec
2495 4527 2680 4582 omnia
2728 4537 2946 4589 nactus,
2983 4528 3078 4582 tibi
3131 4536 3192 4582 ut
3243 4517 3508 4583 omnium

243 4639 341 4692 :9;
371 4620 591 4690 ῦψωσάς
625 4639 712 4692 με,
739 4640 755 4674 ι
798 4624 891 4676 καὶ
922 4623 1029 4675 τῶν
1063 4623 1208 4693 ἑξῆς,
1241 4623 1270 4674 ὀ
1301 4624 1594 4696 Σύμμαχος
1625 4625 1808 4697 ἕτερον

1953 4624 2047 4676 tibi
2109 4622 2378 4678 bonorum
2427 4619 2677 4683 Auctori,
2731 4617 2963 4690 hymnos
2995 4620 3206 4672 emitto.
3258 4617 3366 4672 Pro
3396 4619 3490 4673 illo

243 4713 482 4765 ἀπέδωκε
511 4713 633 4766 νοῦν
667 4713 834 4767 εἰπών
857 4731 872 4744 ·
908 4734 926 4765 ι
955 4715 1121 4767 Ὅταν
1172 4715 1391 4786 στερεὸς
1418 4716 1808 4787 κατεπαίρεταί

1953 4725 2093 4768 utem
2131 4731 2143 4767 :
2180 4732 2198 4764 ‹
2243 4713 2302 4765 1η
2330 4720 2482 4782 petra
2511 4709 2765 4765 exaltasti
2796 4723 2901 4771 me,
2937 4727 2954 4758 ι
2983 4715 3115 4771 etc.,
3139 4707 3300 4760 aliam
3337 4706 3489 4778 Sym-

245 4817 360 4870 μου,
391 4801 674 4873 ὁδηγήσεις
704 4819 789 4871 με.
837 4803 1055 4870 Ἑγένου
1084 4805 1192 4875 γὰρ
1212 4803 1410 4872 ἀφοϐία
1437 4822 1560 4876 μου,
1599 4806 1808 4878 πύργος

1953 4803 2141 4857 tachus
2171 4803 2496 4857 sententiam
2533 4799 2724 4854 extulit
2766 4798 2850 4853 his
2885 4800 3064 4855 verbis
3093 4817 3106 4852 :
3137 4816 3156 4848 ι
3202 4797 3338 4852 Cum
3373 4798 3486 4851 for-

242 4891 432 4960 ύιςκηλὸς
455 4892 564 4945 ἀπὸ
583 4894 870 4963 προσώπου
898 4894 1114 4964 ἐχθροῦο
1141 4915 1160 4947 ι
1182 4896 1276 4948 καὶ
1299 4899 1328 4950 ὁ
1357 4895 1587 4960 Ἀκύλας
1610 4898 1808 4968 ὁμοίως

1958 4908 1984 4948 s
2005 4893 2250 4964 insurget
2276 4893 2566 4946 adversum
2594 4903 2701 4951 me,
2735 4887 2974 4944 deduces
2999 4903 3102 4942 me.
3127 4885 3300 4942 Fuisti
3335 4889 3480 4942 enim

240 4984 322 5035 'sz
352 4984 510 5037 αὑτὸν
538 4986 785 5039 ἀπέδωκε
801 4987 926 5040 νοῦν
953 4987 1121 5040 εἰπὼν
1141 5004 1154 5017 ο
1179 5007 1196 5040 ι
1231 4989 1318 5042 Ἐν
1344 4988 1548 5061 στερεῷ
1565 4989 1806 5061 ύψὼθητι

1953 4990 2181 5042 ecuritas
2236 5001 2376 5048 mea,
2412 4984 2584 5038 turris
2633 4982 2848 5038 excelsa
2896 4996 2925 5035 a
2984 4980 3125 5036 facie
3166 4979 3374 5034 inimici
3408 4997 3422 5033 :
3454 4999 3474 5031 ι

242 5077 360 5146 παρ’
387 5077 519 5147 ἐμὲ,
549 5077 942 5151 καθοδηγήσεις
974 5098 1063 5151 με,
1095 5100 1113 5134 ι
1147 5082 1242 5135 καὶ
1266 5082 1334 5136 τὰ
1361 5081 1508 5150 ἑξῆς.
1553 5083 1802 5136 Διδάσκει

1957 5079 2102 5147 quila
2136 5079 2262 5131 item
2297 5076 2486 5131 eadem
2518 5083 2790 5131 sententia
2839 5073 3225 5142 interpretatus
3259 5079 3343 5126 est
3376 5070 3480 5126 hoc

238 5164 288 5218 δὲ
311 5168 452 5237 ημᾶς
477 5169 565 5222 διὰ
597 5170 798 5225 τούτων
844 5174 872 5225 ὁ
916 5171 1073 5242 λόγος
1107 5173 1308 5244 μηδένα
1333 5171 1441 5227 τῶν
1471 5190 1798 5245 κατεπαιρο-

1953 5171 2076 5225 nodo
2111 5189 2124 5225 :
2157 5189 2175 5221 ε
2205 5169 2258 5222 ln
2293 5169 2448 5222 firmo
2474 5168 2713 5222 exaltare
2733 5166 2874 5235 apud
2903 5181 3007 5229 me,
3037 5165 3275 5219 deduces
3299 5179 3406 5228 me,
3449 5183 3471 5216 ι

243 5259 404 5330 μένων
448 5265 606 5334 ἡμῶν
648 5266 1099 5335 ἐπιστρέφεσθαι,
1152 5267 1303 5330 ὅλους
1332 5267 1389 5320 δὲ
1421 5266 1673 5335 γενέσθαι
1703 5265 1795 5318 τοῦ

1953 5279 2014 5318 .c.
2042 5261 2140 5317 His
2166 5276 2328 5332 porro
2347 5261 2609 5315 docemur
2642 5259 2913 5313 neminem
2937 5265 2998 5310 ut
3031 5255 3470 5310 adversariorum

239 5341 380 5417 Θεοῦ,
415 5356 500 5408 ἐπ’
532 5355 680 5427 αύτῷ
723 5357 868 5426 μόνῳ
901 5356 1253 5429 θαρσοῦντας.
1319 5358 1378 5409 ὐ
1407 5356 1533 5426 γοῦν
1566 5356 1795 5426 ἀγαθαῖς

1953 5352 2355 5415 :forinidemus,
2392 5349 2486 5406 sed
2531 5364 2632 5404 nos
2673 5347 2783 5403 Deo
2831 5349 3052 5418 penitus
3083 5352 3385 5411 tradamus,
3414 5349 3469 5402 in

240 5445 436 5499 ἐλπίσιν
451 5441 848 5518 ἑφωδιασμένος
873 5488 886 5510 ,
914 5448 1115 5501 καὶτὸν
1134 5447 1265 5502 Θεὸν
1287 5448 1625 5520 κτησάμενος
1659 5449 1796 5519 πύρ-

238 5553 324 5604 γον
351 5538 547 5608 ἰσχύος,
571 5538 626 5608 ἢ,
646 5540 786 5593 κατά
808 5539 894 5594 τὸν
929 5538 1175 5604 Ἀκύλαν,
1205 5559 1223 5590 ι
1253 5539 1460 5610 πύργον
1479 5539 1709 5611 κράτους
1729 5556 1742 5569 ο
1771 5558 1788 5588 ι

1900 5446 2020 5515 ipso
2075 5443 2194 5500 solo
2242 5441 2598 5496 confidentes.
2644 5438 2748 5506 Qui
2781 5453 2911 5507 ergo
2944 5438 3084 5492 bona
3122 5454 3219 5508 spe
3259 5439 3470 5492 instru-

1899 5547 2057 5601 ctus,
2103 5535 2268 5592 Deum
2335 5536 2389 5588 in
2449 5537 2642 5589 turrim
2685 5533 3024 5588 fortitudinis
3081 5533 3282 5599 habet;
3321 5532 3460 5597 sive,

303 5715 342 5745 "‘
380 5713 524 5770 Psal.
591 5732 748 5780 uix,
787 5717 839 5771 5.
919 5718 960 5748 ³⁷
1003 5716 1158 5772 Rom.
1210 5733 1322 5780 vn,
1373 5719 1463 5772 24.
1545 5719 1588 5750 ³³
1629 5717 1819 5771 Matth.

1957 5757 1972 5781 ,
2021 5718 2104 5770 15.
2181 5717 2226 5748 ³⁸
2265 5714 2306 5769 ΙΙ
2341 5715 2468 5770 (lor.
2535 5727 2648 5777 xu,
2708 5711 2800 5765 21.
2878 5713 2923 5743 ’⁸⁸
2962 5711 3004 5766 ll
3040 5710 3166 5767 Cor.
3223 5725 3309 5774 ιι,
3364 5708 3455 5766 29.

240 5785 278 5817 ⁶¹
314 5784 333 5840 ι
361 5787 487 5843 Cor.
526 5804 586 5850 ι,
620 5792 672 5843 ιι.
