4100 6442
633 405 738 461 579

1334 406 1606 464 EUSEBll
1646 405 2128 462 CESARIENSIS
2161 405 2309 462 OPP.
2351 405 2532 460 PARS
2589 405 2676 462 Ill.
2708 436 2778 448 —
2815 402 3243 460 EXEbETlCA.
3817 407 3898 462 560

623 521 926 577 secundum
955 520 1229 591 Aquilam,
1260 539 1279 572 ι
1317 521 1511 574 turrim
1545 521 1792 586 roboris;
1827 539 1846 572 ι
1871 529 1964 575 aut
1996 528 2180 576 secun-

2293 521 2362 592 ἦ,
2402 539 2421 572 ι
2448 520 2654 591 πύργον
2683 519 2876 591 όχυρὸν
2899 559 2916 582 ,
2942 541 2960 572 ι
3013 521 3154 575 κατά
3201 520 3316 574 τὸν
3357 516 3687 587 Σύμμαχον
3707 534 3720 546 ·
3783 521 3901 592 ἐρεῖν

622 612 752 667 dum
811 611 1222 684 Symmachum,
1265 630 1284 663 ‹
1331 613 1529 666 turrim
1585 613 1884 676 munitam;
1915 631 1933 664 ι
1979 612 2049 675 is,
2105 612 2192 666 in-

621 719 806 774 quam,
838 703 982 758 dicet
1015 723 1028 758 :
1061 721 1079 753 ι
1115 703 1438 759 Inhabitaho
1483 705 1538 758 in
1597 703 1951 758 tabernaculo
2001 712 2096 758 tuo
2141 705 2195 758 in

623 797 848 858 saecula,
879 803 1136 866 protegar
1176 797 1231 850 in
1284 797 1589 851 velamento
1647 797 1856 850 alarum
1899 806 2135 852 tuarum.
2170 816 2189 850 ι

628 885 816 955 Neque
878 889 1046 952 enim,
1083 887 1178 953 ait,
1220 887 1276 941 in
1331 903 1419 942 me
1479 886 1770 950 confidam,
1811 885 1908 941 sed
1941 886 1998 940 iu
2048 889 2196 941 vela-

625 986 809 1032 mento
833 979 1041 1032 alarum
1069 988 1310 1034 tuarum.
1357 977 1434 1032 Ita
1483 994 1648 1048 porro
1681 994 1879 1034 vocare
1911 978 2193 1050 Scriptura

621 1073 758 1125 solet
802 1071 1034 1125 virtutes
1064 1071 1156 1125 Dei
1189 1071 1544 1140 providentia:
1583 1071 1961 1134 administras,
1994 1072 2194 1143 quibus

619 1161 892 1230 obtegitur
938 1161 1227 1231 religiosus
1281 1161 1467 1224 homo,
1506 1162 1598 1230 qui
1653 1175 1685 1214 a
1744 1167 2049 1216 velamento
2099 1161 2193 1216 Dei

618 1267 895 1321 nunquam
931 1253 1158 1315 recedit,
1188 1253 1282 1307 sed
1318 1252 1459 1306 intra
1493 1253 1670 1322 ipsum
1725 1251 1778 1306 in
1808 1253 2066 1308 saxulum
2093 1253 2193 1306 ha-

619 1342 753 1396 bitat
783 1362 795 1396 :
828 1344 1052 1414 jamque
1097 1344 1340 1399 Ecclesia
1372 1346 1493 1412 ejus
1527 1352 1580 1398 et
1632 1344 1830 1399 decore
1853 1345 2049 1400 domus
2073 1345 2193 1412 ejus

619 1434 839 1498 fruitur,
870 1443 927 1488 ut
955 1436 1142 1490 dicat:
1180 1455 1197 1485 ι
1236 1435 1481 1499 Domine,
1507 1436 1670 1490 dilexi
1719 1436 1971 1491 decorem
1997 1436 2192 1492 domus

618 1536 742 1586 ωειλ,
795 1535 849 1579 et
909 1528 1088 1581 locum
1125 1528 1485 1582 habitationis
1518 1529 1701 1597 gloriae
1747 1535 1853 1582 tua:
1899 1529 1978 1594 ης
2012 1548 2032 1580 ι
2091 1537 2187 1583 et:

623 1635 641 1666 ι
689 1617 860 1670 Unam
890 1619 1018 1688 petii
1053 1635 1082 1674 a
1119 1620 1370 1683 Domino,
1411 1620 1551 1674 hanc
1609 1620 1903 1690 requiram,
1939 1627 1999 1673 ut
2043 1621 2194 1675 inha-

618 1707 780 1762 bitem
813 1711 867 1763 in
902 1712 1063 1764 domo
1097 1711 1311 1766 Domini
1357 1713 1613 1767 omnibus
1646 1711 1840 1767 diebus
1865 1713 1990 1766 vitae
2014 1727 2147 1767 mea!
2175 1735 2187 1768 :

618 1807 676 1850 ιιι
712 1799 922 1853 videam
949 1802 1283 1872 voluptatem
1318 1802 1572 1865 Domini,
1605 1809 1659 1856 et
1684 1802 1898 1857 visitem
1926 1803 2187 1871 templum

2303 630 2320 662 ι
2347 612 2674 683 Παροικήσω
2700 613 2758 664 ὲν
2782 611 2858 683 τῷ
2889 612 3203 684 σκηνώματι
3237 630 3354 666 σου
3391 613 3488 673 είς
3523 612 3663 675 τοὺς
3695 611 3904 680 αἰῶνας·

2297 701 2750 772 σκεπασθήσομαι
2781 705 2838 756 ὲν
2865 705 2930 773 τῇ
2962 703 3135 775 σκέπῃ
3163 703 3284 757 τῶν
3319 700 3656 772 πτερύγων
3687 719 3780 756 σου
3812 710 3907 760 »οὖ

2295 794 2400 867 γὰρ
2434 796 2519 847 ἐπ’
2550 793 2770 864 ἐμαυτῷ
2794 835 2808 857 ,
2858 797 3020 866 φησὶν
3046 837 3060 860 ,
3097 797 3462 869 εὐθαρσήσω
3485 834 3503 859 ,
3564 794 3689 847 ἀλλ’
3739 798 3822 850 ἐπὶ
3857 807 3908 873 τῇ

2296 885 2472 957 σκέπῃ
2518 885 2624 939 τῶν
2676 885 2784 938 σῶν
2831 886 3136 958 πτερύγων.
3189 889 3370 942 Οὕτω
3407 888 3476 942 δὲ
3516 887 3717 940 καλεῖν
3750 891 3910 946 εἴωθεν

2293 975 2322 1027 6
2352 975 2524 1043 Λόγος
2549 974 2647 1038 τὰς
2681 977 3038 1047 πῳνοητικάς
3065 978 3160 1031 τοῦ
3192 979 3343 1032 Θεοῦ
3381 978 3680 1047 δυνάμεις
3705 1019 3719 1040 ,
3757 979 3837 1046 ὑφ’
3863 982 3913 1046 ἃς

2295 1067 2620 1131 σκεπάζεται
2669 1069 2698 1121 6
2729 1067 3014 1139 θεοφιλὴς,
3073 1071 3359 1140 μηδέποτε
3395 1070 3518 1140 τῆς
3556 1070 3777 1139 σκέπης
3806 1074 3916 1125 ἀνει-

2293 1157 2482 1225 χωρῶν
2515 1157 2608 1210 τοῦ
2640 1156 2796 1220 Θεοῦ,
2829 1157 2963 1211 ἀλλά
2993 1158 3060 1211 δι’
3089 1161 3283 1225 αἰῶνος
3333 1160 3514 1215 ἔνδον
3553 1162 3620 1216 ὲν
3639 1165 3780 1236 αὐτῇ
3807 1183 3916 1220 κατ-

2292 1247 2482 1302 οικῶν⁸
2513 1248 2606 1301 καὶ
2633 1248 2732 1320 ἢδη
2778 1249 2875 1319 μὲν
2900 1238 3186 1304 ἀπολαύων
3228 1253 3339 1323 τῆς
3376 1252 3748 1324 Ἐκκλησίας
3773 1261 3914 1312 αὐτοῦ

2293 1339 2386 1391 καὶ⁵
2430 1338 2532 1407 τῆς
2563 1339 2892 1412 εὐπρεπείας
2924 1339 3014 1394 τοῦ
3043 1344 3192 1396 οῐκου
3221 1344 3410 1398 αὐτοῦ
3430 1385 3448 1409 ,
3511 1345 3674 1398 ὥστε
3725 1349 3914 1417 λέγειν*

2297 1449 2315 1480 ι
2341 1429 2532 1502 Κύριε,
2551 1431 2809 1502 ἠγάπησα
2832 1432 3164 1502 εὐπρέπειαν
3183 1434 3337 1488 οῐκου
3379 1453 3496 1490 σου
3551 1455 3572 1488 ι
3611 1440 3712 1491 καὶ
3744 1441 3915 1496 «τόπον

2293 1523 2646 1594 σκηνώματος
2677 1525 2775 1594 τῆς
2801 1523 2958 1596 δόξης
2989 1543 3110 1578 σου·
3137 1545 3155 1577 ι
3191 1529 3313 1592 καὶ,
3361 1549 3384 1580 ι
3421 1531 3599 1583 Μίαν
3638 1531 3915 1608 ᾐτησάμην

2291 1615 2442 1687 παρά
2471 1616 2673 1687 Κυρίου
2694 1655 2709 1680 ,
2758 1616 2961 1688 ταύτην
2991 1617 3244 1689 ζητήσω,
3282 1620 3370 1674 ,τὸ
3435 1624 3748 1675 κατοικεῖν
3778 1641 3840 1693 με
3865 1628 3914 1678 ἐν

2289 1707 2422 1779 οἴκῳ
2453 1707 2656 1780 Κυρίου
2691 1708 2870 1772 πάσας
2902 1710 3000 1774 τὰς
3031 1711 3243 1782 ἡμέρας
3273 1714 3381 1784 τῆς
3417 1713 3597 1784 ζωῆς
3639 1731 3748 1784 μου
3769 1731 3783 1743 ο
3831 1716 3914 1768 τοῦ

2295 1797 2518 1870 θεωρεῖν
2548 1817 2613 1869 με
2643 1799 2741 1868 τὴν
2762 1801 3098 1871 τερπνότητα
3118 1801 3211 1855 τοῦ
3234 1805 3465 1875 Κυρίου
3487 1845 3506 1867 ,
3558 1808 3664 1859 καὶ
3707 1808 3913 1862 ἐπισκέ-

614 1890 735 1956 ejus
763 1890 826 1945 ”.
868 1911 885 1943 ι
915 1891 1069 1958 Quod
1111 1896 1155 1949 si
1189 1895 1598 1949 tabernaculum
1650 1901 1735 1949 est
1764 1895 2006 1957 cmleste,
2041 1894 2180 1964 quod

2289 1890 2516 1944 πτεσθαι
2543 1890 2634 1944 τὸν
2666 1891 2791 1944 ναὸν
2817 1891 3000 1949 αὐτοῦ.
3028 1912 3046 1944 ι
3080 1894 3142 1946 El
3175 1895 3231 1948 δέ
3259 1897 3380 1949 ἐστι
3436 1897 3549 1950 καὶ
3591 1898 3912 1970 ἐπουράνιος

616 1978 731 2032 tixu
792 1979 1075 2043 Dominus.
1124 1999 1233 2037 non
1297 1983 1481 2047 homo,
1515 1985 1582 2038 ad
1637 1983 1796 2053 cujus
1845 1985 2183 2054 exemplum,

608 2068 802 2138 jussus
834 2072 1044 2144 Moyses
1079 2076 1224 2130 aliud
1257 2076 1557 2130 fabricatus
1611 2085 1718 2141 est,
1767 2077 1834 2131 ad
1868 2075 2000 2130 illud
2056 2090 2188 2132 sane

613 2164 1030 2220 tabernaculum
1093 2169 1403 2231 remittens,
1437 2169 1637 2224 dixerit
1670 2187 1684 2223 :
1719 2187 1737 2220 ι
1776 2169 2097 2224 lnhabitabo
2131 2169 2188 2224 in

613 2255 974 2312 tabernaculo
1014 2269 1107 2313 tuo
1138 2259 1192 2312 in
1224 2261 1443 2314 smeula.
1482 2281 1501 2312 ι
1530 2259 1714 2315 Talem
1744 2261 1889 2316 enim
1913 2261 2187 2332 perfectus

615 2345 780 2401 homo
811 2351 1230 2418 promissionem
1285 2352 1514 2421 accepit,
1548 2353 1772 2408 minime
1816 2363 2068 2424 spectans
2122 2370 2186 2409 ea

616 2454 740 2507 quae
768 2440 873 2494 sub
913 2449 1267 2511 conspectum
1299 2443 1523 2506 cadunt,
1554 2442 1650 2498 sed
1697 2459 1818 2514 qua:
1865 2459 1976 2498 non
1999 2445 2187 2501 viden-

613 2535 724 2580 tur.
752 2527 888 2582 Nam
925 2545 1046 2600 quae
1075 2530 1353 2594 videntur,
1386 2539 1779 2601 temporanea;
1813 2549 1935 2604 qua:
1960 2549 2071 2589 non
2104 2535 2188 2589 vi-

611 2620 833 2681 dentur,
851 2630 1053 2675 aeterna
1083 2630 1230 2677 sunt.

683 2709 852 2766 Vens.
884 2712 937 2766 6.
986 2730 1004 2762 ι
1045 2711 1315 2778 Quoniam
1352 2722 1430 2779 tu,
1469 2713 1632 2779 Deus,
1674 2715 1948 2772 exaudisti
1979 2719 2184 2772 oratio-

612 2817 712 2859 nes
740 2819 915 2866 meas,
949 2804 1148 2860 dedisti
1185 2804 1558 2860 haereditatem
1617 2806 1935 2861 timentibus
1984 2822 2185 2864 nomen

611 2901 820 2950 tuum.»
845 2895 902 2950 Si
935 2897 1172 2967 vulgaris
1197 2898 1443 2968 quaedam
1468 2900 1642 2954 oratio
1663 2907 1807 2954 esset
1835 2915 1918 2962 ea,
1937 2901 2184 2971 quaajam

611 3001 644 3040 a
675 2985 876 3044 Davide
899 2989 1098 3046 emissa
1127 2998 1229 3054 est,
1263 3005 1372 3045 non
1406 3007 1632 3047 necesse
1657 3007 1789 3046 sane
1836 2992 2032 3048 fuisset
2064 3009 2182 3048 eam

611 3078 669 3133 in
703 3081 844 3135 libro
877 3081 1220 3138 Psalmorqu
1271 3085 1459 3154 reponi
1487 3103 1504 3140 :
1528 3085 1826 3140 verisimile
1875 3086 2076 3156 quippe
2103 3095 2188 3140 est

607 3184 734 3224 eum
774 3182 1058 3226 sexcentas
1100 3173 1237 3228 alias
1275 3174 1550 3228 orationes
1592 3173 1657 3226 ad
1697 3175 1862 3229 Deum
1898 3174 2184 3242 ell'udisse;

2291 1982 2490 2054 σκηνὴ,
2539 1984 2604 2054 ἢν
2648 1981 2845 2053 ἔπηξεν
2869 1985 2897 2036 6
2925 1983 3126 2056 Κύριος
3146 2027 3161 2048 ,
3194 1990 3290 2042 καὶ
3321 1990 3437 2042 οὐκ
3469 1989 3823 2062 ἄνθρωπος,
3853 1987 3912 2062 ἧς

2289 2071 2386 2144 τὴν
2412 2073 2597 2126 είκόνα
2625 2073 2865 2143 Μωῦσῆς
2895 2076 3256 2147 προσταχθεὶς
3289 2081 3480 2134 ἐποίει
3505 2121 3523 2145 ,
3583 2082 3672 2144 εἰς
3706 2083 3909 2153 ἐκείνην

2286 2164 2626 2234 ἀναπέμπων
2657 2163 2754 2235 τὴν
2788 2165 2990 2236 σκηνὴν
3014 2205 3029 2229 ,
3073 2167 3217 2220 εἴποι
3250 2168 3316 2222 ἂν
3343 2171 3408 2224 τό
3428 2188 3446 2201 ο
3523 2189 3545 2223 ι
3575 2170 3906 2244 Παροικῄτω

2285 2256 2344 2309 ἐν
2371 2257 2447 2328 τῷ
2471 2256 2786 2329 σκηνώματι
2817 2275 2909 2311 σου
2933 2259 3014 2322 είς
3037 2261 3163 2324 τοὺς
3189 2261 3414 2327 αἰῶνας.
3449 2283 3472 2316 ι
3545 2263 3786 2335 Ταύτην
3808 2265 3904 2335 γὰρ

2288 2351 2479 2423 εἴληφε
2511 2352 2608 2424 τὴν
2637 2353 2964 2422 ἐπαγγελίαν
2991 2355 3020 2407 6
3051 2355 3282 2422 τέλειος,
3315 2359 3376 2410 οὐ
3409 2358 3670 2411 σκοπῶν
3699 2357 3772 2410 τὰ
3798 2355 3905 2427 βλεο

2287 2445 2516 2515 πόμενα,
2546 2444 2681 2498 ἀλλά
2705 2445 2774 2498 τὰ
2803 2447 2876 2517 μὴ
2919 2447 3256 2519 βλεπόμεναο
3307 2450 3376 2503 τὰ
3405 2450 3538 2524 γὰρ
3588 2450 3900 2522 βλεπόμενα

2286 2535 2602 2608 πρόσκαιρα
2621 2577 2636 2600 ,
2666 2536 2735 2590 τὰ
2765 2537 2822 2591 δὲ
2855 2539 2930 2610 μὴ
2961 2539 3266 2612 βλεπόμενα
3295 2541 3527 2598 αἰώνια.

2357 2729 2375 2762 ι
2391 2711 2509 2765 Ὅτι
2531 2712 2618 2774 σὺ,
2635 2715 2663 2766 6
2683 2713 2833 2778 Θεὸς,
2854 2716 3177 2787 εἰσήκουσας
3201 2717 3308 2769 τῶν
3323 2718 3508 2789 εὐχῶν
3537 2737 3676 2790 μου,
3696 2718 3894 2780 ἔδωκας

2285 2800 2641 2874 κληρονομίαν
2673 2808 2784 2870 τοῖς
2813 2805 3164 2877 φοϐουμένοις
3192 2808 3253 2862 τὸ
3283 2809 3455 2881 όνομά
3487 2828 3616 2863 σου.
3650 2829 3671 2862 ι
3713 2810 3776 2862 Εἰ
3798 2810 3887 2879 μὲν

2283 2893 2410 2965 ψιλή
2435 2913 2518 2959 τις
2545 2892 2612 2967 ἦν
2636 2899 2912 2969 προσευχὴ
2943 2899 3048 2952 ὑπὸ
3078 2900 3171 2954 τοῦ
3202 2902 3366 2955 Δαυῖδ
3388 2902 3835 2973 ἀναπεμφθεῐσα
3856 2902 3886 2971 ἡ

2287 2984 2423 3055 μετά
2448 2988 2634 3058 χεῖρας
2656 3027 2670 3050 ,
2700 2987 2848 3040 οὐδὲν
2870 2983 2938 3060 ἦν
2963 2990 3258 3059 ἀναγκαῖον
3286 2992 3459 3065 αὐτὴν
3491 2990 3881 3062 ἀναληφθῆναι

2283 3078 2351 3147 τῇ
2387 3076 2551 3148 βίϐλῳ
2581 3077 2690 3132 τῶν
2722 3079 2984 3150 Ψαλμῶν·
3034 3082 3180 3147 εἰκὸς
3213 3084 3320 3156 γὰρ
3347 3086 3512 3140 αὐτὸν
3545 3085 3650 3141 καὶ
3689 3081 3881 3156 μυρίας

2288 3167 2452 3232 ἄλλας
2479 3169 2642 3240 εὐχὰς
2675 3171 2808 3242 πρὸς
2841 3172 2930 3224 τὸν
2963 3172 3093 3226 Θεὸν
3141 3176 3499 3247 πεποιῆσθαιο
3559 3177 3764 3246 ὥσπερ
3795 3171 3876 3227 οὖν

608 3263 1067 3332 quemadmodum
1099 3280 1200 3320 nos
1220 3281 1438 3334 quoque
1465 3266 1711 3336 quotidie
1734 3268 2009 3336 variisque
2042 3277 2179 3323 tem-

2283 3259 2375 3312 καὶ
2400 3262 2558 3331 ἡμεῖς
2608 3263 2691 3331 ἐφ’
2736 3263 2970 3335 ἑκάστης
3013 3266 3254 3338 ἡμέρας.
3304 3269 3397 3322 καὶ
3443 3271 3601 3325 κατὰ
3652 3269 3875 3340 καιροὺς

607 3355 836 3424 poribus
865 3370 1186 3423 precamur;
1219 3363 1273 3408 at
1315 3357 1444 3426 quia
1471 3357 1790 3428 plerumque
1820 3359 1949 3413 dum
1985 3375 2178 3429 preca-

607 3453 783 3508 retur,
828 3455 922 3500 aut
973 3447 1216 3516 psalmos
1243 3448 1505 3516 pulsaret,
1531 3449 1831 3518 hymnosve
1884 3451 2174 3514 emitteret,

608 3536 928 3605 prophetica
972 3538 1174 3591 virtute
1228 3538 1571 3607 replebatur;
1603 3539 1797 3594 merito
1823 3539 1934 3608 jam
1968 3555 2078 3594 non
2122 3547 2180 3593 ut

606 3626 862 3694 vulgares
890 3628 1194 3691 orationes,
1227 3628 1322 3683 sed
1353 3638 1410 3684 ut
1442 3646 1725 3686 sermones
1759 3633 1850 3686 alii
1874 3634 2177 3703 prophetici

609 3717 724 3773 haec
754 3719 1221 3789 obsignabantur;
1253 3737 1424 3792 eaque
1456 3723 1510 3776 in
1533 3723 1732 3779 divinis
1766 3724 1922 3779 libris
1950 3740 2178 3795 repone-

607 3809 762 3874 bant,
797 3810 892 3878 qui
919 3811 1274 3866 discretionis
1322 3814 1611 3882 spirituum
1669 3816 1896 3884 gratiam
1953 3831 2177 3888 accepe-

605 3908 752 3955 rant.
815 3901 906 3956 Sic
963 3917 1093 3973 ergo
1146 3910 1268 3973 post
1302 3903 1560 3973 praedicta
1604 3905 1790 3970 verba,
1854 3905 2176 3961 intermedio

605 3991 1008 4063 diapsalmate,
1068 3992 1339 4064 Propheta
1395 3995 1573 4050 sancti
1631 3995 1871 4066 Spiritus
1925 3997 2176 4068 iliapsum

603 4085 1066 4149 animadverteris,
1130 4086 1373 4156 adeoque
1431 4087 1755 4154 illustratus,
1804 4103 1929 4143 cum
1989 4097 2177 4146 nosset

603 4177 940 4248 praemissam
963 4178 1032 4231 ab
1065 4192 1125 4232 se
1144 4179 1447 4232 orationem
1481 4194 1511 4231 a
1552 4177 1660 4234 Deo
1685 4180 1997 4236 exauditam
2030 4197 2173 4248 esse,

597 4270 714 4340 jam
744 4270 1101 4325 mutationem
1136 4269 1405 4325 sermonis
1437 4269 1663 4326 inducit.
1687 4270 2049 4337 Quamobrem
2081 4289 2177 4328 su-

604 4361 790 4431 perius
814 4360 1031 4430 quidem
1061 4361 1142 4415 sic
1167 4361 1494 4429 precabatur
1536 4381 1549 4416 :
1587 4381 1605 4414 ι
1639 4362 1868 4426 Exaudi,
1901 4364 2174 4430 Deus,de-

602 4454 968 4525 precationem
1000 4468 1212 4521 meam;
1253 4474 1270 4506 ι
1311 4455 1400 4510 hic
1432 4472 1559 4511 vero
1589 4464 1713 4528 post
1755 4457 2056 4526 diapsalma
2089 4455 2174 4510 di-

602 4545 678 4599 cit
740 4562 755 4598 :
814 4563 833 4596 ι
879 4543 1147 4611 Quoniam
1201 4554 1293 4611 tu,
1343 4547 1524 4613 Deus,
1571 4547 1841 4602 exaudisti
1896 4548 2172 4602 orationes

2281 3349 2468 3403 ἄλλοτε
2500 3350 2689 3416 ἄλλους
2721 3353 2990 3425 εὐχόμεθα
3019 3356 3306 3430 διαφόρους
3325 3376 3338 3388 ο
3362 3361 3486 3413 ἐπεὶ
3516 3362 3580 3415 δὲ
3617 3359 3874 3419 πολλάκις

2279 3439 2338 3492 ὲν
2360 3440 2508 3511 αὐτῷ
2531 3441 2608 3512 τῷ
2624 3443 3018 3514 προσεύχεσθαι
3033 3486 3048 3509 ,
3100 3447 3132 3518 ἢ
3155 3450 3278 3512 τοὺς
3297 3449 3550 3521 ψαλμοὺς
3571 3449 3870 3523 ἀνακρούε-

2285 3532 2428 3596 σθαι,
2458 3534 2490 3604 ἢ
2519 3536 2645 3596 τοὺς
2675 3532 2875 3606 ὕμνους
2906 3539 3273 3611 ἀναπέμπειν,
3315 3545 3675 3615 προφητικῆς
3709 3543 3869 3614 ἐπλη-

2287 3623 2442 3696 ροῦτο
2464 3625 2740 3698 δυνάμεως
2762 3646 2774 3658 ο
2799 3630 3020 3695 είκότως
3040 3633 3217 3686 οὐκέθ’
3238 3633 3314 3698 ῶς
3337 3635 3500 3704 ψιλὰς
3525 3635 3862 3709 προσευχὰς.

2279 3715 2468 3780 ἀλλ’ὡς
2496 3717 2685 3779 ἄλλους
2711 3720 2900 3787 λόγους
2929 3727 3295 3794 προφητικούς
3326 3727 3776 3799 ἐπεσημαίνοντο
3803 3725 3866 3778 τὰ

2278 3807 2574 3878 λεγόμενα,
2602 3811 2694 3863 καὶ
2723 3815 2843 3875 ταῖς
2869 3812 3037 3877 θείαις
3065 3813 3265 3883 βίϐλοις
3291 3817 3698 3886 ὲγκατέταττον
3729 3820 3777 3872 οί
3807 3816 3861 3869 τὸ

2279 3897 2522 3971 χάρισμα
2566 3902 2666 3971 τῆς
2693 3901 3012 3975 διακρίσεως
3050 3907 3156 3960 τῶν
3203 3911 3524 3979 πνευμάτων
3549 3910 3856 3982 εἰληφότες.

2279 3991 2463 4054 Οὕτως
2483 3988 2574 4046 οὖν
2596 3994 2690 4046 καὶ
2718 3995 2949 4048 ἐνταῦθα
2976 3997 3112 4068 μετά
3134 3999 3202 4053 τὰ
3224 4000 3612 4071 προλεχθέντα,
3637 3999 3856 4072 διαψάλ-

2281 4097 2450 4152 ματος
2494 4083 2697 4156 μεταξὺ
2745 4088 3196 4158 παρεντεθέντος,
3267 4093 3564 4168 μεταϐολὴν
3623 4097 3852 4150 ποιεῖται

2277 4173 2372 4227 τοῦ
2393 4174 2549 4244 λόγου
2569 4178 2597 4229 6
2621 4177 2928 4250 Προφήτης,
2949 4181 3264 4253 αἰσθόμενος
3285 4185 3384 4255 τῆς
3403 4187 3496 4240 τοῦ
3517 4189 3680 4257 ἁγίου
3698 4183 3852 4240 Πνεύ-

2279 4285 2448 4338 ματος
2480 4270 2713 4338 ἀφίξεως
2736 4311 2752 4336 ,
2810 4273 3099 4341 φωτισθείς
3125 4293 3185 4328 τε
3215 4277 3305 4330 ὑπ’
3338 4278 3501 4332 αὐτοῦ
3531 4281 3627 4335 καὶ
3674 4279 3846 4350 γνοὺς,

2274 4359 2355 4411 ὃτι
2381 4359 2448 4412 τὰ
2470 4361 2567 4432 τῆς
2590 4361 2980 4436 προλεχθείσης
3006 4366 3154 4437 αὐτῷ
3179 4367 3412 4439 δεήσεως
3434 4371 3676 4441 ἐπηκόου
3699 4371 3843 4439 ἔτυχε

2275 4448 2368 4502 τοῦ
2397 4449 2552 4503 Θεοῦ.
2588 4451 2678 4504 Διὸ
2699 4452 2954 4524 ἀνωτέρω
2986 4454 3084 4525 μὲν
3118 4455 3406 4527 εὐχόμενος
3444 4459 3628 4529 ἔλεγε’
3673 4481 3691 4512 ι
3724 4459 3844 4512 Εἰσ-

2275 4540 2524 4603 ἀκουσον,
2543 4542 2570 4593 6
2591 4540 2743 4605 Θεὸς,
2768 4541 2866 4612 τῆς
2894 4541 3130 4614 δεήσεὼς
3166 4562 3284 4616 μου·
3315 4566 3331 4598 ι
3368 4548 3597 4602 ἐνταῦθα
3626 4551 3683 4604 δὲ
3715 4547 3844 4620 μετά

601 4651 752 4692 meas
771 4637 870 4690 ⁸⁸.»
893 4636 1082 4692 Viden‘
1121 4654 1230 4709 quo
1260 4648 1417 4710 pacto
1449 4654 1510 4694 se
1549 4639 1864 4695 exauditum
1894 4654 2017 4693 esse
2046 4654 2172 4692 sen-

2283 4633 2334 4686 τὸ
2354 4633 2627 4706 διάψαλμα
2651 4610 2870 4705 φάσκε-ι’
2894 4655 2912 4686 ι
2928 4610 3046 4690 Ὅτι
3074 4610 3212 4700 66,6
3231 4637 3381 4705 Θεὸς,
3397 4610 3727 4712 εἰσήκουσας
3742 4640 3841 4694 τῶν

600 4730 804 4786 tiebat?
829 4729 894 4783 Et
927 4730 1056 4784 illud
1085 4739 1203 4785 erat
1233 4746 1329 4801 per
1383 4730 1578 4786 Isaiam
1639 4731 1958 4800 prophetam
1989 4728 2172 4799 dignis

599 4820 914 4874 hominibus
945 4821 1273 4889 promissum
1301 4835 1330 4874 a
1360 4819 1471 4875 Deo
1500 4839 1512 4874 :
1545 4839 1564 4871 ι
1593 4818 1787 4872 Adhuc
1818 4827 1870 4873 te
1913 4819 2170 4888 loquente

598 4911 776 4963 dicam
812 4929 826 4964 :
855 4909 992 4965 Ecce
1014 4910 1205 4966 adsmn
1240 4910 1306 4964 “.
1334 4931 1352 4963 ι
1388 4909 1522 4964 Nam
1553 4910 1731 4963 adhuc
1759 4909 2013 4978 loquente
2037 4907 2170 4962 Pro-

598 5002 781 5072 pheta,
817 5010 1006 5056 astans
1050 5001 1288 5072 Spiritus
1329 5002 1598 5057 indieebat
1630 5002 1731 5073 ipsi
1763 5001 2075 5056 exauditum
2108 5015 2167 5056 se

597 5105 742 5148 esse.
778 5092 959 5158 Quare
1007 5093 1084 5147 ait
1115 5111 1128 5147 τ
1163 5112 1181 5144 ι
1229 5092 1496 5160 Quoniam
1552 5121 1632 5159 te,
1683 5109 1847 5158 ueus,
1895 5091 2167 5146 exaudisti

596 5187 875 5242 orationes
931 5201 1101 5242 meas.
1147 5204 1165 5237 ›
1222 5185 1534 5257 Eademque
1581 5187 1879 5242 secundum
1929 5185 2168 5255 reliquos

598 5277 930 5348 interpretes
971 5278 1240 5333 sententia
1294 5277 1606 5334 declaratur
1643 5297 1656 5333 :
1693 5293 1818 5332 nam
1867 5276 2167 5333 secundum

596 5367 849 5438 Aquilam
887 5365 1091 5421 dicitur
1154 5385 1169 5422 :
1229 5386 1248 5418 ι
1297 5365 1565 5434 Quoniam
1615 5374 1697 5431 tu,
1757 5365 1925 5430 Deus,
1966 5363 2167 5420 audisti

593 5460 874 5515 orationes
924 5474 1105 5526 meas;
1145 5479 1163 5511 ι
1197 5461 1501 5515 secundum
1541 5475 1672 5516 vero
1721 5458 2110 5532 Symmachum
2147 5477 2160 5513 :

597 5566 616 5598 ι
655 5545 737 5601 Tu
767 5547 934 5608 enim,
964 5546 1130 5612 Deus,
1155 5549 1425 5605 exaudisti
1457 5565 1648 5618 preces
1671 5564 1842 5605 meas.
1883 5567 1904 5601 ι
1954 5549 2158 5618 Adjicit

590 5640 787 5695 deinde
819 5658 831 5694 :
871 5659 898 5698 ι.
929 5637 1130 5695 Dedisti
1180 5640 1548 5696 hereditatem
1589 5641 1905 5696 timentibus
1955 5656 2152 5696 nomen

2277 4726 2451 4796 εὐχῶν
2489 4743 2607 4797 μου.
2635 4745 2654 4778 ι
2737 4727 2900 4799 Ὀρᾷς
2931 4728 3078 4792 ὅπως
3109 4729 3402 4800 συνῄσθετο
3436 4731 3838 4793 είσακουσθείς;

2276 4817 2369 4869 καὶ
2395 4815 2539 4869 τοῦτ’
2564 4812 2632 4888 ἦν
2659 4817 2720 4870 τὸ
2739 4816 2828 4869 διὰ
2857 4817 2950 4870 τοῦ
2980 4820 3258 4890 προφήτου
3296 4820 3517 4874 Ἡσαΐου
3545 4826 3655 4887 τοῖς
3680 4822 3838 4889 ἀξίοις

2275 4907 2680 4980 ἐπηγγελμένον
2711 4908 2815 4962 ὑπὸ
2839 4907 2930 4962 τοῦ
2960 4908 3207 4976 λέγοντος
3229 4911 3362 4964 Θεοῦ
3382 4928 3396 4942 ο
3439 4932 3457 4964 ι
3483 4914 3603 4966 Ἔτι
3629 4911 3838 4967 λαλοῦν-

2262 4999 2353 5062 τός
2386 5016 2478 5052 σου
2523 4999 2651 5072 ὲρῶ’
2696 4999 2826 5054 Ἰδοὺ
2855 5001 3104 5072 πάρειμι·
3139 5021 3157 5053 ι
3211 5003 3290 5056 ἔτι
3319 5004 3427 5076 γὰρ
3475 5004 3832 5079 φθεγγομένου

2261 5089 2355 5142 τοῦ
2405 5091 2688 5162 Προφήτου
2711 5134 2726 5158 ,
2767 5092 2828 5146 τὸ
2858 5090 3080 5164 Πνεῦμα
3113 5095 3336 5148 ἐπιστὰν
3363 5096 3425 5150 τὸ
3465 5098 3616 5166 ἅγιον
3656 5098 3831 5167 ἐδήλου

2263 5182 2432 5253 αὐτῷ,
2460 5182 2535 5245 ὠς
2555 5183 2662 5255 ἀρα
2688 5183 3062 5248 εἰσακουσθεὶς
3089 5186 3192 5256 εἴη.
3219 5186 3309 5239 Διό
3342 5204 3505 5257 φησιν
3525 5205 3538 5219 ·
3569 5189 3722 5242 «Ὅτι
3751 5187 3827 5250 σὺ,

2264 5273 2292 5326 6
2317 5273 2468 5338 Θεὸς,
2495 5275 2824 5347 εἰσήκουσας
2850 5275 2958 5329 τῶν
2983 5276 3158 5348 εὐχῶν
3188 5295 3311 5349 μου.
3339 5297 3357 5331 ι
3408 5280 3519 5333 Καὶ
3548 5279 3690 5335 κατὰ
3716 5279 3828 5340 τούς

2270 5364 2487 5428 λοιποὺς
2514 5365 2571 5418 δὲ
2615 5365 2954 5437 ὲρμηνευτὰς
2976 5369 3009 5437 ὴ
3046 5366 3185 5440 αὐτὴ
3239 5367 3568 5440 παρίσταται
3593 5369 3792 5424 διάνοια
3811 5381 3822 5394 ·

2269 5456 2391 5509 ἐπεὶ
2421 5457 2559 5509 κατά
2605 5456 2695 5511 τὸν
2755 5457 2982 5512 Ἀκύλαν
3013 5457 3259 5530 εἴρηταιο
3299 5480 3317 5512 ι
3347 5461 3466 5514 ’Ὁτι
3501 5462 3567 5516 σύ
3588 5502 3603 5526 ,
3641 5455 3688 5515 ὧ
3716 5459 3824 5520 Θεὲ,

2265 5548 2500 5618 ἡκούσας
2523 5549 2629 5601 τῶν
2648 5548 2821 5619 εὐχῶν
2848 5568 2947 5621 μου
2963 5567 2976 5581 ·
3006 5571 3025 5603 ι
3050 5550 3190 5604 κατὰ
3204 5551 3261 5606 δὲ
3276 5552 3366 5606 τὸν
3383 5553 3696 5624 Σύμμαχον
3723 5572 3742 5604 ι
3763 5550 3824 5604 Σύ

2262 5640 2390 5712 γὰρ,
2418 5641 2446 5694 6
2477 5641 2627 5704 Θεὸς,
2658 5643 2984 5713 εἰσήκουσας
3011 5642 3118 5697 τῶν
3149 5644 3463 5715 προσευχῶν
3512 5663 3634 5717 μου.
3663 5665 3681 5698 ι
3727 5639 3828 5698 Εἶτ’

663 5820 709 5852 ⁸⁸
748 5819 894 5878 Psal.
928 5837 1055 5886 xxv,
1089 5820 1142 5876 8.
1219 5821 1264 5852 ⁸³
1303 5819 1448 5876 Psal.
1488 5837 1640 5886 nm,
1676 5822 1730 5879 4.
1809 5822 1854 5855 ⁸⁸
1894 5822 2042 5880 Psal.
2077 5841 2175 5887 ιι,

2340 5821 2382 5853 ⁸⁵
2425 5819 2527 5877 lsa.
2567 5836 2723 5889 LVIII,
2759 5822 2811 5876 9.
