4100 6442
279 337 397 394 581

434 451 532 484 gues
555 470 570 484 ο
632 474 650 484 ι

1445 349 1954 409 (ΣΟΜΜΕΝΤΑΠΙΑ
1992 351 2060 409 ΙΝ
2099 353 2438 415 PSALMOS.

3457 377 3564 432 582

281 451 536 521 ιπηλέγει
555 470 570 484 ο
632 474 650 505 ι
679 455 925 520 Ἐδωκας
967 456 1331 531 κληρονομίαν
1374 463 1488 526 τοῖς
1529 464 1856 536 φοϐουμένοιι

1985 474 2160 524 tuum.
2198 488 2218 521 ι
2261 470 2346 527 Me
2375 472 2576 544 quippe
2613 476 2728 546 jam
2749 479 3020 536 exaudisti
3057 499 3070 536 :
3104 497 3168 538 ac
3200 481 3340 542 bene
3369 490 3496 544 novi
3531 507 3563 547 a

288 547 352 600 τὸ
409 547 580 618 δνομά
603 565 714 601 σου.
743 568 760 600 ι
828 549 991 620 Ἐμοῦ
1030 552 1127 622 μὲν
1161 551 1269 626 γάρ
1327 555 1464 618 τέως
1511 557 1871 628 είσήκουσαςο

279 640 467 707 εγνων
495 639 548 692 δὲ
579 639 680 693 ὑπὸ
711 641 805 694 τοῦ
833 642 925 695 σοῦ
952 643 1269 715 Πνεύματος
1302 647 1589 716 φωτισθεὶς
1611 689 1626 711 ,
1661 651 1743 702 ὅτι
1776 651 1874 703 οὐκ

279 735 314 785 ὲ
324 735 417 803 μοὶ
437 733 599 804 μόνῳ,
618 734 752 788 ἀλλὰ
774 736 864 788 καὶ
882 737 1011 789 πᾶσι
1027 741 1138 802 τοῖς
1156 739 1506 810 φοϐουμένοις
1521 742 1580 795 τὸ
1595 742 1765 814 ὄνομά
1781 761 1871 798 σου

279 828 503 896 καρπὸν
517 828 662 893 ἄξιον
677 827 769 880 τοῦ
794 827 885 881 σοῦ
904 829 1067 897 φόϐου
1083 829 1296 896 δώσεις,
1315 832 1412 903 τὴν
1428 833 1527 906 κλη
1539 836 1790 905 ρονομίαν
1807 838 1874 906 ἣν

282 919 600 989 ὲπηγγείλω
619 920 820 983 αὐτοῖς.
857 921 1146 993 Ἀορίστως
1163 922 1220 975 δὲ
1236 923 1424 990 εἰπὼν,
1449 944 1466 975 ι
1489 928 1600 989 τοῖς
1616 926 1778 995 φοϐου
1787 928 1874 998 μέ-

279 1027 402 1074 νοις
430 1011 490 1063 τὸ
509 1012 677 1081 ὄνομά
697 1029 789 1066 σου
809 1053 823 1076 ,
863 1034 882 1064 ι
907 1014 1125 1083 ήπλωσε
1149 1016 1245 1088 τὴν
1267 1018 1425 1086 χάριν
1448 1019 1540 1072 ἐπὶ
1564 1019 1874 1084 πάνταςάν-

284 1099 562 1171 θρώπους.
586 1103 661 1155 Οὐ
683 1104 789 1174 γὰρ
813 1103 888 1174 τῷ
918 1106 1133 1177 Ἰσραὴλ
1153 1109 1487 1178 ἐπήγγελται
1502 1110 1601 1182 τὴν
1624 1112 1724 1183 κλη
1735 1130 1872 1183 ρονο-

288 1192 424 1260 μίαν
439 1232 453 1254 ,
468 1191 586 1244 οὐδέ
604 1192 682 1262 τῷ
709 1194 974 1249 Ἰουδαίων
992 1196 1130 1250 ἔθνει
1149 1199 1306 1269 μόνον
1323 1239 1336 1262 ,
1357 1200 1490 1254 ἀλλὰ
1511 1202 1601 1255 καὶ¹
1618 1205 1871 1268 πᾶσιτοῖς

284 1284 642 1354 φοϐουμένοις
671 1285 731 1339 τὸ
761 1287 928 1357 ὄνομα
960 1289 1142 1346 αὐτοῦ.
1197 1310 1214 1342 ι
1238 1292 1474 1364 Ἰουδαίῳ
1503 1312 1564 1347 τε
1589 1296 1820 1366 πρῶτον,
1845 1317 1862 1348 ι

282 1377 498 1448 φησὶνὸ
526 1378 843 1444 Ἀπὸστολος
863 1420 878 1444 ,
906 1400 924 1431 ι
951 1383 1043 1436 καὶ
1073 1384 1310 1455 Ἕλληνι.
1336 1405 1354 1437 ι
1382 1386 1646 1452 Πολλάκις
1667 1387 1722 1441 δὲ
1738 1393 1868 1460 ἡμῖν

281 1471 683 1535 ἀποδέδεικται,
713 1473 787 1536 ὡς
817 1474 1024 1539 πάντας
1040 1479 1167 1541 τοὺς
1186 1477 1243 1544 ἐξ
1263 1478 1430 1532 ἐθνῶν
1452 1479 1529 1550 τῷ
1554 1480 1674 1551 Θεῷ
1696 1499 1866 1553 προσ-

287 1564 489 1628 ιόντας,
510 1565 876 1634 φοϐουμένους
912 1567 1003 1621 τὸν
1033 1568 1234 1640 Κύριον
1267 1569 1452 1624 καλεῖν
1480 1571 1667 1626 εἴωθεν
1701 1575 1730 1626 ὁ
1763 1575 1866 1628 Λό-

281 1676 404 1727 γος.
433 1659 655 1724 Τούτοις
677 1657 769 1714 οὗν
799 1663 1000 1726 αὐτοῖς,
1027 1666 1211 1734 φησὶν,
1237 1666 1441 1730 ἔδωκας
1466 1667 1828 1740 κληρονομίαν
1847 1687 1860 1702 σ

282 1750 382 1804 καὶ
403 1751 559 1804 ποίαν
581 1752 680 1806 οὐκ
699 1750 869 1815 εἶπεν,
893 1757 1024 1824 ἡμῖν
1053 1757 1108 1810 δὲ
1130 1757 1514 1812 καταλέλοιπεν
1545 1761 1749 1830 ζητεῖν.
1775 1762 1865 1833 Τῷ

286 1841 390 1912 μὲν
422 1837 514 1895 οὖν
567 1842 781 1914 Ἰσραὴλ
825 1843 922 1915 τὴν
955 1846 1182 1916 ῥέουσαν
1221 1848 1344 1917 μέλι
1386 1850 1481 1903 καὶ
1513 1849 1652 1919 γάλα
1693 1854 1865 1923 ἐπήγ-

281 1934 472 2011 γελται
511 1934 598 1989 διὰ
658 1936 953 2000 Μωῡσὲως’
990 1940 1099 2002 τοῖς
1148 1938 1205 1991 δὲ
1264 1941 1616 2011 φοϐουμένοις
1672 1945 1863 1999 ὁποίαν

281 2005 455 2078 ἔδιῖικε
486 2026 868 2097 κληρονομίαν,
894 2027 1042 2082 εἴασε
1081 2005 1380 2100 ζητεῖσθαι.
1414 2005 1682 2105 Εὐρήσεις
1713 2035 1771 2088 δὲ
1805 2039 1863 2090 ἐν

277 2120 396 2180 τοῖς
421 2117 515 2171 τοῦ
546 2120 797 2191 Σωτῆρος
823 2122 980 2192 ήμῶν
1013 2127 1384 2195 μακαρισμοῖς
1415 2124 1642 2197 ταύτην,
1681 2129 1739 2180 ἐν
1783 2127 1862 2194 οἷς

274 2208 531 2279 εἴρηται·
587 2229 606 2260 ι
646 2210 920 2282 Μακάριοι
954 2213 1004 2264 οί
1060 2215 1263 2284 πτωχοὶ
1303 2213 1380 2284 τῷ
1432 2216 1734 2288 πνεύματι,
1780 2220 1860 2273 ὅτι

273 2301 460 2354 αὐτῶν
493 2303 700 2372 ἐστινὴ
750 2302 996 2372 βασιλεία
1038 2304 1145 2359 τῶν
1184 2307 1460 2378 οὐρανῶνο
1501 2329 1518 2362 ι
1563 2311 1656 2364 καὶ
1699 2311 1862 2367 πάλιν

267 2390 427 2461 ἔχεις
470 2391 563 2445 τοῦ
604 2393 857 2464 Σωτῆρος
893 2395 1049 2466 ήμῶν
1095 2399 1449 2467 ἐπαγγελίαν,
1475 2401 1542 2454 δι’
1571 2397 1640 2474 ἦς
1683 2421 1818 2475 φησι
1842 2420 1856 2434 ⁸

276 2501 302 2534 ι
340 2483 452 2536 Καὶ
482 2485 540 2537 ἐν
567 2483 645 2554 τῷ
675 2485 829 2538 αἰῶνι
854 2486 1028 2556 τούτῳ
1053 2487 1456 2545 πολυπλασίονα
1479 2492 1730 2565 λήψεται,
1763 2495 1859 2548 καὶ

268 2577 335 2630 δν
381 2576 458 2648 τῷ
487 2577 729 2648 μέλλοντι
771 2577 916 2651 ζωὴν
962 2580 1180 2636 αἰώνιον
1211 2583 1630 2658 κληρονομήσει.
1685 2607 1704 2639 ι
1749 2587 1858 2641 Καὶ

269 2667 479 2740 ταύτης
529 2671 691 2724 ἕνεκα
737 2672 836 2742 τῆς
865 2671 1224 2745 κληρονομίας
1270 2679 1298 2731 ὁ
1342 2678 1590 2748 πέμπτος
1645 2678 1858 2750 ψαλμὺς

269 2759 679 2834 ἐπεγέγραπτο,
716 2782 734 2814 ι
773 2765 866 2826 Εἰς
889 2765 950 2818 τὸ
971 2766 1142 2830 τέλος,
1175 2768 1314 2840 ὑπὲρ
1349 2770 1449 2840 τῆς
1487 2771 1860 2845 κληρονομού-

274 2870 378 2922 σης
402 2871 416 2884 ο
457 2874 474 2905 ι
512 2855 603 2908 καὶ
634 2856 692 2908 ἐν
725 2856 801 2927 τῷ
844 2864 905 2910 ιε’
933 2858 988 2910 δὲ
1028 2859 1230 2931 ψαλμῷ
1271 2862 1304 2931 ἡ
1337 2863 1476 2934 αὐτὴ
1521 2863 1857 2937 κληρονομία

271 2945 528 3017 ἐδηλοῦτο
557 2947 696 3002 κατὰ
725 2948 786 3002 τὸ
810 2990 824 3013 ,
864 2969 882 3002 ‹
921 2949 1124 3021 Κύριος
1157 2955 1189 3024 ή
1249 2955 1406 3025 μερὶς
1451 2955 1550 3026 τῆς
1596 2957 1857 3029 κληρονο-

274 3038 406 3108 μίας
437 3058 537 3110 μου
571 3043 664 3095 καὶ
692 3042 785 3096 τοῦ
813 3045 1071 3116 ποτηρίου
1101 3063 1222 3116 μου,
1252 3047 1316 3100 σὺ
1349 3043 1401 3100 εἷ
1421 3048 1450 3100 ὁ
1473 3049 1857 3105 ὰποκαθιστῶν

268 3133 372 3204 τὴν
415 3134 776 3207 κληρονομίαν
813 3155 912 3208 μου
957 3141 1098 3210 ἐμοί.
1142 3140 1250 3194 Καὶ
1298 3142 1408 3214 γὰρ
1440 3145 1473 3212 ή
1522 3143 1854 3218 κληρονομία
1883 3177 1925 3234 C

272 3243 378 3295 μου
404 3228 672 3299 κρατίστη
707 3230 796 3300 μοί
826 3232 995 3287 ἐστιν.
1046 3251 1064 3284 ι

348 3337 367 3369 ι
418 3320 657 3392 Ἡμέρας
687 3322 769 3390 ἐφ’
800 3323 1012 3395 ἡμέρας
1045 3324 1309 3396 βασιλέως
1361 3327 1692 3400 προσθήσεις
1713 3347 1726 3360 ·
1781 3331 1853 3386 τά

267 3408 366 3480 ἔτη
399 3410 566 3463 αὐτοῦ
605 3411 708 3475 ἓως
737 3411 947 3485 ἡμέρας
974 3416 1165 3482 γενεᾶς
1195 3416 1287 3468 κοιλ¹
1317 3419 1510 3485 γενεᾶς
1537 3418 1706 3472 αὐτοῦ
1735 3419 1852 3474 δια-

270 3505 427 3571 μενεί
458 3504 537 3567 εἰς
578 3503 670 3556 τὸν
699 3504 867 3558 αἰῶνα
915 3504 1142 3560 ἐνώπιον
1175 3507 1266 3561 τοῦ
1312 3508 1468 3563 Θεοῦ.
1520 3511 1706 3575 ¹Ἐλεος
1757 3514 1850 3567 καὶ

265 3594 528 3665 ἀλήθειαν
566 3597 650 3660 τίς
699 3597 992 3670 ἐκζητήσει
1018 3599 1219 3665 αὐτοῦς
1266 3621 1284 3653 ι
1325 3602 1630 3673 Προειπὼν,
1663 3623 1682 3655 ι
1727 3607 1849 3660 Ὅτι

269 3689 360 3752 σὺ,
387 3688 416 3740 ὁ
444 3687 595 3756 θεὸς,
619 3689 942 3761 είσήκουσας
973 3690 1081 3744 τῶν
1106 3692 1278 3763 εὐχῶν
1313 3711 1413 3764 μου
1436 3735 1451 3759 ,
1484 3715 1501 3746 ι
1539 3695 1658 3748 καθ’
1686 3697 1853 3770 ὑπερ-

267 3778 432 3834 ϐατὸν
486 3781 688 3852 συνῆψε
720 3782 812 3845 τὸ,
861 3803 878 3833 ι
921 3784 1160 3856 Ἡμέρας
1195 3787 1280 3854 ἐφ’
1319 3787 1536 3858 ἡμέρας
1581 3787 1848 3858 βασιλέως

267 3872 616 3944 προσθήσεις.
645 3893 663 3924 ι
689 3875 1019 3929 Είσάκουσον
1041 3878 1171 3949 γὰρ,
1208 3880 1361 3949 φησὶ,
1396 3879 1505 3931 τῶν
1527 3880 1701 3950 εὐχῶν
1725 3899 1846 3952 μου,

267 3965 482 4035 ἡμέρας
524 3967 610 4036 ἐφ’
651 3967 865 4038 ἡμέρας
910 3986 998 4039 μοι
1044 3970 1410 4042 προσέθηκας.
1449 3972 1547 4026 Διὰ
1591 3973 1757 4044 μέσου
1791 3973 1849 4027 δὲ

267 4058 531 4132 ἐνεϐλήθη
562 4061 746 4134 ήπερὶ
768 4061 874 4114 τῶν
917 4063 1264 4134 φοϐουμένων
1299 4064 1361 4118 τὸ
1399 4064 1570 4137 ὃνομα
1602 4066 1696 4119 τοῦ
1737 4068 1849 4120 Κυ-

270 4150 388 4220 ρίου
419 4153 606 4223 μνήμη
628 4169 641 4182 ·
679 4153 864 4224 ἐπειδὴ
892 4155 985 4207 καὶ
1018 4155 1200 4218 αὐτοῖς
1225 4157 1562 4227 ἐπήγγελται
1590 4158 1688 4227 τὴν
1716 4159 1847 4230 κλη-

269 4242 526 4313 ρονομίαν
547 4244 580 4314 ή
605 4246 928 4316 προφητεία.
950 4241 1059 4299 Ἦν
1081 4246 1185 4318 δέή
1209 4248 1544 4321 κληρονομία
1571 4253 1604 4321 ή
1629 4250 1848 4314 αἰώνιος

267 4335 412 4406 ζωή,
447 4337 515 4408 ἣν
553 4338 582 4390 ὁ
612 4338 769 4408 λόγος
805 4339 1058 4408 σημαίνει
1105 4339 1327 4409 φάσκων
1351 4359 1364 4372 ’
1409 4361 1427 4393 ι
1474 4342 1718 4414 Ἡμέρας
1760 4343 1845 4413 ἐφ’

266 4427 481 4498 ἡμέρας
512 4427 772 4498 βασιλέως
794 4430 1140 4500 προσθήσεις.
1179 4451 1197 4483 ι
1228 4433 1454 4501 Μεγάλα
1482 4435 1659 4487 τοίνυν
1685 4435 1842 4500 εὐξα-

1981 557 2186 629 Spiritu
2222 571 2314 618 tuo
2373 564 2704 633 illustratus,
2741 587 2850 626 non
2903 573 3032 628 mihi
3085 575 3209 638 soli,
3243 579 3338 632 sed
3396 581 3560 637 etiam

1978 652 2235 709 omnibus
2263 654 2584 714 timentibus
2611 677 2810 717 nomen
2845 671 3023 728 tuum,
3055 673 3110 720 te
3141 665 3364 738 dignum
3396 671 3560 727 timo-

1976 757 2036 796 re
2086 752 2179 798 tuo
2231 745 2467 803 fructum
2505 751 2760 807 daturum
2793 771 2938 819 esse,
2975 758 3189 814 scilicet
3236 777 3356 816 eam
3392 779 3556 833 quam

1975 833 2250 900 pollicitus
2295 837 2430 907 ipsis
2452 854 2533 902 es,
2573 841 2964 899 haereditatem.
2998 845 3134 901 Cum
3171 857 3351 905 autem
3381 851 3559 908 indis-

1975 925 2307 981 criminalim
2355 928 2595 999 dixerit,
2644 953 2662 984 ι
2703 936 3024 992 timentibus
3061 955 3259 994 nomen
3315 951 3489 1008 tuum,
3530 963 3550 996 ι

1974 1018 2027 1072 in
2055 1034 2245 1076 omnes
2276 1021 2528 1079 homines
2579 1029 2810 1095 gratiam
2858 1031 3123 1084 extendit.
3170 1031 3355 1103 Neque
3408 1036 3553 1089 enim

1973 1111 2186 1180 lsraeli,
2242 1131 2420 1185 neque
2465 1115 2696 1173 Judaico
2750 1123 2949 1191 populo
3000 1130 3212 1177 tantum
3269 1125 3558 1184 haeredita-

1972 1211 2080 1258 tem
2134 1207 2410 1275 pollicitus
2449 1218 2566 1275 est,
2601 1212 2694 1267 sed
2725 1214 2889 1266 etiam
2943 1215 3202 1271 omnibus
3231 1217 3556 1275 timentibus

1971 1312 2171 1351 nomen
2203 1315 2385 1354 suum.
2427 1321 2444 1353 ι
2484 1301 2673 1357 Iudaeo
2701 1305 2956 1375 primunt,
2991 1326 3008 1358 ι
3034 1309 3212 1378 inquit
3235 1311 3551 1378 Apostolus,

1977 1407 1995 1438 ι
2034 1396 2082 1444 et
2131 1388 2321 1446 Graeco
2344 1392 2410 1446 ⁸⁸.
2450 1413 2467 1444 ι
2501 1393 2617 1448 Jam
2674 1397 2995 1467 plerumque
3036 1400 3470 1455 demonstratum
3518 1417 3551 1456 a

1970 1481 2130 1536 nobis
2177 1493 2278 1548 est,
2320 1480 2661 1555 Scripturarn
2696 1503 2904 1561 _omnes
2939 1491 3032 1559 qui
3091 1507 3155 1546 ex
3187 1493 3442 1561 gentibus
3481 1494 3549 1549 ad

1971 1569 2140 1625 Deum
2175 1575 2466 1642 accedunt,
2491 1556 2747 1633 timentes
2782 1578 3074 1634 Dominum
3107 1597 3302 1639 vocare
3349 1585 3546 1639 solere.

1970 1654 2064 1711 His
2095 1659 2280 1728 itaque
2315 1661 2470 1730 ipsis,
2505 1665 2602 1726 ait,
2633 1663 2831 1717 dedisti
2854 1665 3225 1722 lmreditatent
3249 1688 3261 1722 :
3287 1670 3501 1740 qualem
3530 1711 3546 1733 ,

1968 1761 2077 1800 non
2139 1749 2417 1819 explicat,
2479 1753 2574 1807 sed
2641 1754 3027 1824 inquirendum
3080 1759 3242 1814 nobis
3303 1761 3547 1831 reliquit.

1969 1836 2154 1892 lsraeli
2184 1841 2368 1910 itaque
2405 1850 2608 1898 terram
2641 1844 2906 1902 ﬂuentem
2945 1849 3052 1902 mel
3087 1859 3140 1905 et
3171 1851 3254 1906 lac
3279 1867 3376 1923 per
3399 1853 3549 1928 Moy-

1969 1945 2064 1984 sen
2111 1933 2394 2000 promisit;
2425 1934 2747 1993 timentibus
2776 1948 2956 1994 autem
2985 1957 3147 2010 quam
3185 1943 3277 1999 det
3315 1943 3549 2003 haeredi-

1968 2029 2153 2088 tatem,
2189 2026 2543 2093 quaerendum
2575 2030 2818 2101 reliquit.
2843 2035 2974 2088 Eam
3007 2051 3135 2090 vero
3157 2037 3212 2091 in
3243 2036 3548 2097 Salvatoris

1966 2117 2140 2170 nostri
2159 2116 2592 2176 beatitudinibus
2609 2122 3003 2193 deprehendas,
3019 2129 3109 2183 ubi
3126 2129 3328 2185 dicitur
3348 2150 3360 2185 :
3380 2152 3397 2183 ι
3420 2132 3551 2188 Bea-

1966 2208 2001 2261 ti
2040 2224 2311 2278 pauperes
2341 2213 2558 2282 spiritu,
2585 2216 2845 2286 quoniam
2877 2219 3122 2288 ipsorum
3176 2231 3261 2278 est
3317 2239 3545 2296 regnum

1963 2301 2230 2356 caelorum
2255 2304 2297 2334 ⁸⁷
2324 2321 2339 2371 ;
2366 2324 2385 2356 ι
2422 2320 2486 2360 ac
2521 2322 2740 2362 rursum
2779 2308 3080 2367 Salvatoris
3107 2315 3280 2368 nostri
3309 2316 3546 2384 promis-

1962 2408 2082 2448 sum
2107 2393 2297 2458 habes,
2334 2412 2444 2466 quo
2468 2398 2544 2451 ait
2579 2417 2590 2452 :
2628 2419 2645 2450 ι
2686 2397 2754 2454 Et
2778 2402 2830 2456 in
2857 2403 2961 2456 hoc
2989 2406 3190 2459 saeculo
3221 2408 3392 2461 multo
3425 2409 3545 2477 plu-

1961 2499 2022 2538 ra
2045 2485 2293 2555 recipiet,
2322 2494 2376 2541 et
2427 2487 2481 2542 in
2535 2489 2719 2544 futuro
2769 2493 2936 2545 vitam
2979 2503 3238 2549 aeternam
3294 2489 3556 2566 posside?

1959 2572 2039 2628 bit
2067 2573 2134 2626 ⁸⁸.
2177 2593 2195 2625 ι
2231 2574 2408 2646 Hujus
2436 2577 2772 2636 haereditatis
2846 2596 3014 2636 causa
3048 2585 3276 2653 quintus
3297 2587 3543 2656 psalmus

1961 2663 2262 2736 inscriptus
2296 2674 2380 2722 est
2411 2687 2424 2722 :
2467 2688 2485 2720 ι
2536 2669 2593 2722 1η
2631 2670 2812 2735 linem,
2845 2689 2943 2742 pro
2991 2689 3054 2728 ea
3099 2691 3221 2745 quae
3255 2677 3545 2734 haeredita-

1959 2761 2067 2809 tem
2101 2757 2340 2827 accipit;
2378 2777 2397 2810 ι
2425 2767 2480 2813 et
2512 2759 2567 2813 in
2617 2759 2831 2815 decimo
2876 2763 3070 2831 quinto
3107 2766 3322 2834 psalmo
3351 2769 3543 2826 eadem

1960 2847 2079 2919 ipsa
2115 2851 2405 2906 [Hereditas
2454 2851 2768 2906 declaratur
2826 2853 2929 2909 hoc
2981 2856 3172 2912 dicto:
3221 2877 3240 2909 ι
3281 2858 3543 2916 Dominus

1958 2957 2088 3012 pars
2116 2943 2452 2999 hazreditatis
2493 2961 2625 3000 mea:
2667 2954 2720 3000 et
2753 2948 2942 3002 calicis
2963 2950 3068 3004 mei
3103 2969 3116 3004 :
3150 2960 3206 3004 tu
3236 2965 3295 3006 es
3323 2953 3418 3022 qui
3450 2968 3540 3006 reo

1959 3037 2155 3092 stitues
2192 3037 2561 3094 hereditatem
2603 3055 2780 3093 meam
2817 3041 2970 3095 mihi.
2999 3041 3213 3098 Etenim
3245 3043 3540 3102 haereditas

1957 3146 2078 3186 mea
2106 3131 2373 3201 praeclara
2397 3138 2483 3186 est
2517 3131 2651 3184 mihi
2681 3130 2748 3185 δ’.
2796 3149 2816 3183 ι

2024 3322 2192 3378 Vens.
2222 3322 2274 3387 7,
2300 3322 2354 3378 8.
2382 3339 2400 3373 ι
2438 3320 2564 3377 Dies
2603 3337 2769 3392 super
2791 3321 2912 3378 dies
2939 3323 3084 3392 regis
3113 3323 3362 3394 adjicies,
3409 3327 3539 3383 anni

1953 3415 2074 3485 ejus
2109 3431 2283 3486 usque
2338 3416 2393 3469 in
2443 3415 2588 3468 diem
2639 3415 3011 3485 generationis
3048 3424 3102 3470 et
3167 3418 3539 3486 generationis

1953 3509 2074 3576 ejus
2114 3507 2513 3577 permanebunt
2553 3507 2606 3560 in
2664 3513 2928 3561 aeternum
2967 3508 3021 3561 in
3073 3518 3377 3580 conspectu
3417 3509 3534 3564 Dei.

1954 3599 2387 3656 Misericordiam
2423 3606 2478 3654 et
2527 3599 2812 3654 veritatem
2850 3600 2967 3669 ejus
3016 3601 3141 3671 quis
3190 3602 3480 3672 requiret?
3513 3623 3532 3654 ι

1951 3692 2089 3747 Cum
2124 3700 2283 3747 antea
2323 3691 2576 3754 dixisset,
2613 3709 2633 3742 ι
2677 3690 2949 3758 Quoniam
3006 3701 3097 3758 tu,
3151 3694 3314 3759 Deus,
3368 3709 3538 3750 exau-

1952 3783 2079 3838 disti
2108 3785 2386 3839 orationes
2419 3799 2590 3848 ineas,
2624 3803 2642 3835 ι
2679 3800 2776 3854 per
2803 3787 3301 3856 transgressionem
3336 3788 3538 3857 adjecit

1953 3873 2111 3937 illud,
2160 3893 2181 3926 ι
2225 3872 2353 3928 Dies
2397 3888 2564 3943 super
2609 3872 2726 3927 dies
2775 3874 2921 3944 regis
2958 3874 3204 3943 adjicies.
3248 3894 3266 3927 ι
3300 3873 3535 3939 Exaudi,

1951 3967 2152 4036 inquit,
2187 3969 2470 4024 orationes
2520 3984 2696 4033 meas,
2748 3969 2865 4023 dies
2911 3983 3078 4038 super
3123 3969 3239 4024 dies
3267 3968 3398 4022 mihi
3444 3969 3539 4025 ad-

1946 4059 2130 4129 jecisti
2165 4079 2180 4127 ;
2219 4061 2274 4114 in
2311 4060 2493 4116 medio
2538 4069 2719 4116 autem
2755 4060 3078 4129 interposita
3111 4068 3196 4114 est
3221 4060 3534 4117 timentium

1950 4168 2151 4208 nomen
2205 4153 2421 4209 Domini
2472 4155 2699 4219 mentio,
2735 4152 2864 4224 quia
2899 4153 3184 4224 prophetia
3230 4153 3368 4224 ipsis
3396 4168 3537 4225 quo-

1951 4263 2057 4318 que
2087 4247 2460 4302 haereditatem
2513 4247 2788 4318 promisit.
2845 4243 3150 4302 Ilareditas
3204 4255 3386 4302 autem
3439 4247 3532 4302 illa

1949 4343 2153 4390 aeterna
2189 4337 2299 4390 vita
2333 4344 2470 4398 erat,
2505 4351 2626 4405 quae
2647 4334 2734 4390 his
2767 4333 3131 4404 signiﬁcatur,
3162 4351 3181 4383 ι
3211 4328 3337 4388 Dies
3367 4347 3534 4404 super

1951 4429 2070 4482 dies
2103 4428 2246 4498 regis
2282 4427 2529 4497 adjicies.
2565 4446 2584 4479 ι
2624 4426 2816 4498 Magna
2847 4428 3031 4496 itaque
3081 4426 3378 4497 postulanti
3416 4427 3530 4498 regi

271 4518 419 4588 μένῳ
449 4516 526 4588 τῷ
556 4517 762 4589 βασιλεῖ
803 4519 964 4572 Δαυῒδ
997 4520 1329 4592 ἐπήγγελται
1379 4523 1406 4574 ὁ
1441 4522 1573 4583 Θεὸς
1617 4523 1705 4575 διὰ
1748 4523 1842 4576 τοῦ

1959 4521 2168 4585 Davidi,
2205 4520 2496 4592 pollicetur
2529 4519 2674 4576 Deus
2722 4535 2820 4590 per
2861 4519 3122 4591 Spiritum
3160 4527 3436 4584 sanctum,
3472 4535 3533 4576 se

267 4604 581 4678 Πνεύματος
608 4609 820 4680 ἡμέρας
853 4610 937 4678 ἐφ’
967 4611 1184 4682 ἡμέρας
1227 4611 1587 4683 προσθήσειν,
1629 4613 1724 4666 καὶ
1774 4614 1843 4667 τὰ

266 4701 362 4772 ἐτη
391 4701 556 4756 αὐτοῦ
597 4703 704 4766 ἓως
746 4703 960 4774 ἡμέρας
1008 4705 1200 4772 γενεᾶς
1237 4703 1331 4757 καὶ
1357 4707 1567 4772 γενεᾶς.
1624 4705 1841 4776 Ταύτην

266 4795 376 4863 γάρ
409 4793 556 4864 αὐτῷ
575 4793 671 4865 τὴν
706 4793 1070 4866 κληρονομίαν
1096 4794 1458 4865 ἐπηγγείλατο
1477 4813 1489 4824 ’
1525 4797 1553 4850 ὃ
1572 4796 1636 4868 δή
1668 4800 1760 4851 καὶ
1785 4802 1842 4852 ἐν

264 4885 345 4954 τῷ
375 4892 422 4936 κ’
441 4884 693 4956 δηλοῦται
715 4884 935 4957 ψαλμῷ,
963 4888 1020 4939 ἐν
1041 4881 1086 4955 ᾧ
1113 4887 1326 4958 εἴρηται
1349 4904 1362 4916 ·
1405 4905 1424 4938 ι
1463 4887 1657 4959 Κύριε,
1689 4892 1747 4943 ἐν
1774 4893 1840 4962 τῇ

265 4977 492 5048 δυνάμει
524 4995 616 5030 σου
646 4978 1076 5049 εὐφρανθήσεται
1123 4981 1151 5032 ὁ
1190 4978 1462 5050 βασιλεύς.
1499 4980 1610 5051 Τὴν
1657 4979 1844 5034 ἐπιθυ-

271 5069 399 5139 μίαν
426 5068 523 5138 τῆς
555 5067 782 5138 καρδίας
813 5067 976 5122 αὐτοῦ
1018 5069 1224 5134 ἔδωκας
1263 5068 1411 5139 αὐτῷ
1434 5085 1448 5099 ο
1484 5087 1503 5120 ι
1553 5070 1645 5122 καὶ
1675 5069 1801 5140 ἑξῆς
1826 5088 1839 5101 ·

273 5179 291 5210 ι
332 5159 484 5231 Ζωὴν
531 5161 769 5232 ῂτήσατό
824 5178 905 5225 σε,
941 5161 1034 5213 καὶ
1085 5161 1293 5224 ἔδωκας
1343 5159 1490 5232 αὐτῷ
1527 5162 1842 5232 μακρότητα

266 5251 491 5323 ἡμερῶν
520 5253 596 5316 εἰς
621 5252 795 5307 αἰῶνα
809 5253 902 5306 καὶ
924 5253 1004 5316 είς
1021 5253 1190 5306 αίῶνα
1203 5252 1416 5316 αίῶνος.
1439 5271 1458 5304 ι
1491 5253 1707 5324 Ἐπειδὴ
1735 5253 1843 5325 γάρ

267 5343 374 5398 τῶν
403 5345 667 5416 οὐρανίων
694 5344 1058 5418 ὀριγνώμενος
1077 5385 1092 5409 ,
1127 5346 1220 5399 καὶ
1254 5344 1364 5399 τῶν
1398 5347 1546 5416 παρὰ
1595 5347 1676 5399 σοι
1708 5347 1845 5415 ἀγα-

269 5435 378 5490 θῶν
417 5437 779 5510 ὲπιθυμήσας,
812 5437 1032 5509 ηὔξατο·
1067 5439 1394 5509 είσήκουσας
1426 5438 1590 5492 αὐτοῦ
1615 5478 1630 5501 ,
1674 5440 1840 5508 φησὶ,

268 5528 364 5582 καὶ
392 5529 735 5594 εἰσακούσας,
776 5548 793 5580 ι
823 5529 922 5600 τὴν
958 5527 1251 5598 ἐπιθυμίαν
1289 5529 1388 5599 τῆς
1418 5528 1644 5600 καρδίας
1679 5528 1842 5582 αὐτοῦ

270 5621 472 5686 ῐδωκας
497 5621 664 5692 αὐτῷ,
695 5622 788 5674 καὶ
808 5621 904 5692 τὴν
936 5619 1150 5690 θέλησιν
1170 5619 1278 5672 τῶν
1299 5619 1520 5690 χειλέων
1555 5620 1718 5675 αὐτοῦ
1745 5621 1846 5674 οὐκ

340 5803 389 5835 ⁸⁸
429 5801 586 5858 Rom.
622 5820 681 5867 ιι,
726 5805 809 5859 10.

1952 4610 2071 4667 dies
2103 4625 2268 4680 super
2309 4609 2428 4664 dies
2461 4608 2566 4680 ipsi
2609 4610 2973 4680 adjecturum,
3008 4619 3062 4664 et
3095 4623 3272 4664 annos
3321 4608 3442 4678 ejus
3473 4610 3530 4664 in

1950 4703 2092 4758 diem
2129 4699 2500 4772 generationis
2527 4709 2582 4755 et
2616 4700 3006 4772 generationis.
3049 4698 3203 4754 Hanc
3247 4699 3391 4754 enim
3423 4699 3530 4768 ipsi

1949 4793 2206 4864 promisit
2255 4793 2668 4848 haereditatem:
2703 4791 2848 4862 quod
2879 4798 2934 4846 et
2968 4791 3024 4845 in
3052 4807 3122 4844 xx
3184 4790 3397 4860 psalmo
3434 4789 3531 4844 de-

1951 4886 2196 4941 claratur
2230 4885 2318 4940 his
2348 4885 2572 4939 verbis:
2611 4903 2630 4936 ι
2677 4881 2924 4946 Domine,
2967 4883 3022 4936 in
3065 4883 3265 4936 virtute
3313 4890 3405 4935 tua
3437 4881 3530 4936 la:-

1949 4977 2158 5031 tabitur
2179 4992 2298 5031 rex.
2333 4975 2671 5030 Desiderium
2698 4974 2882 5030 cordis
2905 4975 3025 5044 ejus
3047 4973 3287 5028 tribuisti
3318 4975 3367 5028 ei
3391 4974 3471 5040 '°;
3500 4993 3519 5024 ι

1951 5076 2004 5125 et
2035 5077 2223 5142 postea
2253 5087 2266 5124 ε
2307 5087 2326 5119 ι
2363 5065 2542 5122 Vitam
2575 5068 2729 5137 petiit
2759 5082 2787 5120 a
2817 5072 2894 5130 te,
2939 5075 2992 5122 et
3027 5065 3267 5147 tribuisti
3317 5066 3366 5120 ei
3400 5065 3526 5120 Ion-

1947 5161 2249 5233 gitudinem
2283 5159 2492 5214 dierum
2534 5160 2588 5212 in
2638 5159 2898 5214 saeculum
2933 5165 2987 5212 et
3029 5157 3084 5211 in
3119 5157 3378 5212 satculum
3425 5172 3527 5211 saa-

1943 5253 2057 5308 culi
2087 5253 2156 5308 ⁵¹.
2204 5270 2225 5304 ι
2285 5250 2426 5318 Quia
2487 5251 2632 5305 enim
2689 5250 2997 5305 cmlestium
3045 5249 3413 5319 percupidus,
3471 5257 3527 5303 et

1945 5345 2088 5399 bona
2122 5357 2244 5413 quae
2292 5358 2462 5413 penes
2514 5351 2567 5398 te
2613 5350 2742 5398 sunt
2796 5343 3230 5412 concupiscens,
3268 5351 3525 5414 precatus

1945 5445 2072 5504 est;
2121 5436 2393 5491 exaudisti
2447 5451 2592 5502 eum,
2645 5433 2845 5506 inquit,
2894 5445 2950 5489 et
3003 5451 3128 5490 cum
3180 5436 3522 5501 exaudisses,

1953 5548 1970 5580 ι
2012 5528 2343 5584 desiderium
2371 5529 2554 5584 cordis
2586 5527 2708 5598 ejus
2752 5529 2994 5584 tribuisti
3041 5529 3114 5591 ei,
3148 5536 3204 5583 et
3243 5527 3526 5584 voluntate

1945 5620 2214 5676 labiorum
2247 5621 2368 5692 ejus
2401 5637 2512 5676 non
2541 5619 2810 5677 fraudain
2839 5636 2984 5677 eum.
3030 5640 3049 5673 ι
3093 5619 3224 5686 Qua:
3256 5619 3347 5674 illa
3391 5633 3526 5674 con-

886 5805 927 5836 "
971 5803 1157 5858 Matth.
1198 5820 1247 5868 ι’,
1281 5803 1332 5858 5.
1412 5801 1456 5835 ⁵⁸
1497 5799 1686 5858 Matth.
1725 5818 1851 5870 XIX,

1959 5841 1970 5854 .
2048 5801 2093 5834 δ’
2132 5799 2278 5858 Psal.
2315 5818 2404 5870 xv,
2437 5802 2492 5870 5,
2532 5800 2586 5859 ϐ.
2662 5800 2712 5836 ³⁸
2746 5798 3035 5866 Ρειιι.“ιι,
3066 5799 3120 5856 2.
3199 5799 3243 5834 ⁸⁸
3285 5799 3420 5857 ibid.
3457 5797 3521 5864 ὅ.
