4100 6442
614 406 725 465 585

1330 405 1600 465 EUSEDll
1636 404 2128 464 C.£SARI'ENSIS
2159 402 2311 461 OPP.
2344 405 2528 464 PARS
2554 406 2648 465 111.
2669 404 3171 468 -EXEGETICA.

3851 415 3932 472 αι

615 528 956 601 cupiscentia
984 528 1127 601 ejus,
1156 544 1279 602 qum
1308 530 1502 601 petitio
1530 529 1802 585 labiorum
1830 529 1953 600 ejus
1975 527 2068 595 sit,
2101 526 2196 586 sub

2308 528 2615 603 ἐστέρησας
2640 531 2821 586 αὐτόν.
2865 552 2884 586 ι
2922 532 3021 598 Τίς
3051 533 3109 587 δὲ
3134 529 3202 606 ἦν
3232 534 3277 606 ἡ
3313 526 3635 603 ἐπιθυμία
3670 530 3935 599 aetola!

616 623 734 679 haec
767 623 926 679 docet
952 623 1039 679 his
1076 622 1302 678 verbis:
1340 640 1360 673 ι
1414 620 1590 678 Vitam
1629 622 1786 693 petiit
1823 636 1855 677 a
1902 629 1981 688 te,
2013 631 2070 678 et
2097 621 2203 676 tri-

613 714 787 772 buisti
844 713 893 771 ei
944 713 1340 786 longitudinem
1387 713 1601 769 dierum
1653 716 1709 768 in
1745 714 2012 771 sazcnlum
2059 721 2116 769 et
2146 715 2204 769 in

618 808 881 864 sazculum
917 807 1127 863 saeculi.
1160 825 1180 859 ι
1218 803 1275 861 la
1304 806 1560 878 praesenti
1606 807 1776 878 igitur
1816 806 2009 863 eodem
2039 806 2206 861 modo

616 910 874 974 precatus
906 898 1077 955 David
1106 906 1211 962 est,
1242 906 1297 955 et
1338 914 1532 971 preces
1559 898 1681 969 ejus
1719 899 1990 955 exauditae
2030 907 2157 954 sunt
2185 918 2199 955 :

614 992 908 1049 exauditus
935 992 1079 1048 hanc
1107 998 1443 1048 consecutus
1478 999 1563 1048 cst
1597 991 2055 1063 promissionem,
2094 1006 2205 1063 qua

615 1088 857 1145 dicitur:
900 1107 920 1141 ι
975 1087 1103 1144 Dies
1151 1103 1319 1160 super
1371 1087 1490 1144 dies
1542 1088 1687 1158 regis
1734 1086 1986 1158 adjicies,
2028 1100 2204 1141 annos

618 1183 740 1255 ejus
772 1198 947 1254 usque
979 1182 1035 1238 in
1072 1181 1218 1238 diem
1246 1181 1618 1253 generationis
1640 1190 1691 1236 et
1712 1181 2087 1251 generationis
2115 1198 2130 1240 :
2178 1199 2197 1235 ι

619 1279 757 1339 sive,
794 1275 1102 1333 secundum
1134 1275 1552 1348 Symmachum,
1590 1293 1609 1327 ι
1656 1273 1775 1329 dies
1821 1272 2018 1330 diebus
2056 1274 2203 1346 regis

614 1369 865 1441 adjicies,
898 1384 1076 1425 annos
1124 1368 1247 1440 ejus
1286 1368 1342 1423 in
1393 1376 1660 1439 quantum
1691 1366 1975 1439 generatio
2018 1373 2075 1422 et
2109 1381 2204 1438 ge-

611 1461 871 1517 neratio:
921 1459 1196 1517 habitabit
1231 1459 1288 1514 in
1326 1468 1594 1515 mternum
1629 1458 1684 1513 in
1717 1465 2021 1529 conspectu
2052 1455 2148 1513 Dei
2185 1477 2199 1513 :

610 1549 998 1606 misericordia
1020 1560 1074 1607 et
1099 1551 1303 1607 veritas
1336 1550 1765 1607 circummuniet
1796 1551 2036 1621 ipsum.»
2069 1547 2201 1605 Haec

616 1643 803 1696 omnia
855 1642 1197 1713 adipiscetur
1232 1643 1325 1713 qui
1360 1641 1546 1698 dicere
1591 1641 1771 1711 potuit
1804 1660 1818 1696 :
1861 1658 1879 1692 ι
1924 1641 1969 1695 Α
2001 1641 2204 1698 ﬁnibus

619 1740 781 1789 teme
797 1734 865 1789 ad
894 1741 948 1790 te
980 1734 1237 1799 clamavi,
1279 1733 1410 1789 dum
1456 1734 1777 1790 anxiaretur
1814 1748 1914 1789 cor
1960 1748 2197 1789 meum.»

618 1824 1089 1896 Namhujusmodi
1113 1824 1390 1897 profectus
1418 1827 1752 1897 condignum
1782 1824 2019 1883 fructum
2057 1827 2205 1882 acci-

2308 621 2394 686 τίς
2415 621 2451 693 ἡ
2475 621 2691 692 αἴτησις
2714 624 2829 678 τῶν
2859 625 3083 697 χειλέων
3129 624 3317 682 αὑτοῦ
3343 664 3363 690 ,
3410 622 3690 678 διδάσκει
3717 623 3837 698 ἑξῆς
3866 628 3937 683 λέ-

2309 731 2453 785 γων⁸
2496 733 2514 767 ι
2551 716 2706 789 Ζωήν
2733 717 2974 789 ⁴ᾐτήσατο
3009 735 3091 784 σε,
3126 720 3222 774 καί¹
3266 719 3532 781 ἔδωκας
3568 715 3734 787 αὐτῷ
3760 722 3939 792 μακρὸ-

2308 824 2450 880 τητα
2476 807 2700 881 ἡμερῶν
2732 809 2814 873 εἰς
2849 808 3022 865 αἰῶνα
3047 811 3144 865 καὶ
3169 812 3251 877 εἰς
3294 807 3516 863 αἰῶνα
3552 805 3661 861 τοῦ
3692 808 3893 876 αἰῶνος.
3922 836 3938 867 ι

2309 901 2420 962 Καὶ
2438 901 2534 955 ἐπὶ
2559 899 2655 955 τοῦ
2689 900 2955 974 παρόντος
2998 901 3180 957 τοίνυν
3223 898 3708 973 παραπλησίως
3746 900 3943 968 ὲκείνας

2307 992 2511 1066 ηῦξατο
2533 993 2718 1057 Δαυῖδ,
2762 994 2858 1049 καὶ
2882 994 3180 1066 εὐξάμενος
3225 991 3628 1065 εἰσηκούσθη
3651 1008 3669 1021 ·
3720 993 3944 1050 εἰσακου-

2311 1086 2461 1151 σθείς
2481 1104 2540 1141 τε
2565 1086 2773 1160 ταύτης
2794 1087 2951 1158 ἔτυχε
2977 1089 3076 1161 τῆς
3095 1088 3501 1159 ἐπαγγελίας,
3532 1086 3613 1140 δι’
3638 1080 3715 1160 ἧς
3734 1086 3942 1159 εἴρηται·

2316 1198 2335 1232 ι
2379 1179 2627 1253 Ἡμέρας
2650 1181 2735 1251 ἐφ’
2766 1180 2984 1254 ἡμέρας
3008 1180 3275 1252 βασιλέως
3317 1178 3748 1253 προσθήσεις*
3781 1178 3849 1234 τὰ
3868 1180 3945 1256 ἐτη

2309 1269 2474 1324 αὐτοῦ
2498 1269 2604 1335 ἕως
2627 1270 2841 1343 ἡμέρας
2863 1273 3057 1340 γενεᾶς
3089 1273 3185 1327 καὶ
3211 1273 3477 1342 γενεᾶςο
3522 1291 3546 1325 ι
3588 1271 3659 1342 ἤ,
3695 1272 3839 1326 κατά
3872 1274 3947 1327 τὸν

2308 1362 2640 1435 Σύμμαχον’
2693 1382 2713 1415 ι
2764 1363 3009 1435 Ἡμέρας
3053 1367 3174 1430 ταῖς
3208 1366 3487 1439 ἡμέραις
3536 1362 3651 1417 τοῦ
3703 1363 3948 1434 βασιλέως

2309 1454 2660 1527 προσθήσεις,
2693 1454 2791 1528 ἔτη
2821 1455 3009 1521 αὐτοῦ,
3059 1458 3146 1527 ἐφ’
3187 1458 3314 1513 ὅσον
3379 1455 3584 1527 γενεὰ
3616 1456 3723 1510 καὶ
3769 1459 3944 1527 γενεά·

2308 1545 2520 1618 οἰκήσει
2544 1546 2780 1609 αἰωνίως
2800 1545 3112 1619 ἔμπροσθεν
3140 1547 3237 1602 τοῦ
3267 1548 3432 1603 Θεοῦ
3463 1563 3483 1577 ⁸
3520 1546 3698 1612 ἕλεος
3723 1548 3948 1623 καὶάλη-

2309 1635 2430 1691 θεια
2459 1635 2785 1708 περιφράξει
2808 1635 2991 1690 αὐτόν.
3037 1656 3057 1690 ι
3095 1636 3313 1694 Τούτων
3353 1638 3429 1692 δὲ
3486 1637 3745 1693 πάντων
3780 1638 3945 1705 τεύξε-
4040 1650 4041 1667 ‘

2307 1745 2398 1783 ται
2431 1729 2461 1783 6
2487 1727 2736 1799 δυνηθεὶς
2760 1729 2935 1782 εἰπεῖν
2951 1744 2966 1759 ο
2997 1747 3017 1782 ι
3058 1728 3192 1784 Ἀπὸ
3211 1729 3321 1785 τῶν
3358 1728 3715 1803 πτερύγων
3734 1731 3835 1802 τῆς
3860 1733 3945 1804 γῆς

2310 1820 2449 1892 πρὸς
2463 1819 2525 1874 σὲ
2544 1820 2824 1893 ἐκέκραξα
2848 1823 2906 1875 ἐν
2932 1819 3011 1893 τῷ
3024 1821 3319 1893 ἀκηδιᾶσαι
3338 1822 3465 1895 τὴν
3501 1820 3764 1895 καρδίαν
3797 1840 3937 1895 μου.»

620 1921 754 1993 piet,
775 1921 939 1976 vitam
952 1928 1234 1977 :cternam.
1253 1919 1391 1975 Cum
1413 1920 1617 1976 dicitur
1632 1928 1837 1983 autem,
1864 1940 1883 1972 ι
1908 1920 2052 1975 Anni
2079 1920 2196 1991 ejus

2309 1914 2422 1987 Τῆς
2453 1913 2565 1985 γὰρ
2583 1911 2841 1985 τοιαύτης
2869 1913 3153 1987 προκοπῆς
3172 1917 3394 1989 καρπὸν
3443 1914 3711 1982 ἐπάξιον
3729 1916 3941 1990 λήψεται

619 2029 796 2087 usque
821 2013 877 2069 in
907 2011 1053 2069 diem
1081 2013 1453 2085 generationis
1475 2022 1532 2070 et
1561 2014 2002 2086 generationis,»
2030 2013 2203 2086 signi-

614 2105 815 2162 ﬁcatur
862 2104 1124 2161 Davidem
1162 2122 1274 2161 non
1306 2104 1483 2162 solum
1513 2112 1763 2177 tempore
1787 2107 1911 2162 vitae
1939 2121 2054 2163 sua:
2083 2122 2201 2163 me-

614 2196 941 2255 morandum
972 2214 1117 2262 esse,
1147 2198 1243 2255 sed
1260 2214 1356 2268 per
1374 2198 1621 2270 singulas
1645 2198 2028 2269 generationes
2048 2215 2065 2266 ;
2084 2199 2202 2255 sive

615 2308 713 2363 per
729 2293 868 2349 duas
892 2291 1305 2363 generationes,
1346 2290 1505 2362 queis
1544 2290 1927 2347 subindicatur
1962 2291 2200 2363 populus

614 2398 684 2438 ex
715 2381 1163 2448 circumcisione,
1190 2389 1245 2437 et
1276 2380 1525 2438 Ecclesia
1553 2396 1622 2436 ex
1664 2380 1943 2452 gentibus.
1981 2380 2202 2448 Quanto

617 2471 788 2543 igitur
818 2479 1067 2541 tempore
1101 2471 1278 2541 prima
1330 2471 1424 2527 illa
1476 2472 1757 2542 generatio
1804 2471 2024 2529 divinas
2072 2473 2201 2544 legit

618 2564 955 2638 Scripturas,
988 2563 1249 2621 Davidem
1282 2564 1340 2620 in
1373 2564 1638 2620 memoria
1677 2565 1918 2633 retinet;
1955 2566 2199 2622 secunda

613 2676 744 2717 vero
792 2658 1093 2732 generatio.
1138 2673 1262 2730 qua:
1307 2658 1484 2715 electa
1523 2672 1595 2714 ex
1637 2658 1898 2715 omnibus
1943 2659 2200 2729 gentibus

618 2760 727 2818 est,
759 2752 1014 2809 similiter
1038 2767 1319 2823 nunquam
1354 2749 1517 2809 tinem
1546 2751 1679 2808 facit
1698 2750 1957 2808 Davidem
1992 2767 2201 2809 memo-

617 2846 796 2909 randi,
828 2846 959 2919 quia
994 2846 1115 2918 ejus
1157 2846 1212 2902 in
1248 2862 1347 2905 ore
1374 2855 1630 2905 versatur
1659 2851 1800 2911 liber
1825 2854 2198 2926 generationis

612 2938 746 2997 Jesu
775 2940 985 2997 Christi
1023 2941 1118 2996 tllii
1152 2940 1340 2997 David.
1374 2941 1432 2999 Id
1470 2943 1658 3016 itaque
1699 2945 2082 3004 sublndicatur
2111 2948 2199 3007 bis

613 3033 823 3100 verbis,
861 3052 881 3087 ι
926 3032 1070 3091 Anni
1101 3034 1223 3106 ejus
1254 3051 1428 3108 usque
1457 3037 1515 3092 in
1543 3038 1689 3095 diem
1734 3038 2108 3111 generationis
2142 3053 2198 3099 et

614 3125 1012 3196 generationis.
1066 3144 1086 3179 ι
1145 3124 1215 3181 Et
1266 3126 1411 3183 hanc
1457 3129 1678 3201 quidem
1727 3145 1896 3202 penes
1946 3130 2197 3192 homines

611 3218 1532 3320 diuturnitatem-obtinebit.‘Apud
1562 3220 1733 3320 Deum
1761 3231 1966 3290 autem,
1993 3223 2192 3296 inquit,
2224 3259 2268 3320 ο

614 3326 895 3384 nunquam
934 3311 1177 3382 peribit;
1212 3311 1311 3369 sed
1356 3312 1730 3371 immortalem
1780 3322 1947 3387 atque
1976 3315 2035 3371 in
2073 3317 2200 3373 inli-

614 3401 792 3455 nitmn
841 3399 1135 3456 durantem
1184 3411 1381 3458 nactus
1424 3403 1615 3468 vitam,
1675 3422 1695 3456 ι
1736 3406 2084 3477 permanebit
2139 3409 2197 3463 in

609 3502 878 3548 aaternum
918 3492 976 3547 in
1007 3500 1311 3563 conspectu
1352 3491 1472 3549 Dei.
1510 3511 1529 3545 ο
1565 3492 1851 3561 Quomodo
1878 3506 2061 3552 autem
2090 3496 2198 3553 du-

614 3601 738 3642 rare
770 3586 947 3657 possit
975 3593 1030 3642 et
1080 3584 1178 3642 Dei
1230 3585 1353 3642 vitae
1396 3585 1669 3657 coaequari
1723 3586 2009 3642 hominum
2064 3587 2194 3655 vita,

612 3675 719 3731 sub
751 3676 867 3731 hac
895 3674 1055 3732 docet
1079 3675 1167 3732 his
1193 3676 1378 3733 Verbis
1408 3695 1421 3732 :
1457 3695 1477 3729 ι
1510 3675 1941 3733 Misericordiam
1972 3687 2029 3735 et
2052 3680 2197 3735 veri-

613 3777 784 3824 tatem
812 3769 934 3838 ejus
950 3771 1076 3841 quis
1108 3769 1399 3841 requiret?
1424 3788 1443 3823 ι
1477 3768 1635 3837 Quod
1657 3771 1903 3842 apertius
1925 3770 2197 3841 interpre-

614 3867 787 3916 tatus
814 3860 1179 3932 Symmachus
1238 3868 1326 3917 est
1370 3861 1602 3918 dicens:
1650 3879 1670 3913 ι
1719 3861 2093 3919 Misericordia
2139 3873 2195 3920 et

612 3954 819 4009 veritas
870 3949 1301 4009 eireummuniet
1336 3954 1559 4025 ipsum;
1599 3973 1619 4007 ι
1680 3955 1934 4013 similiter
1971 3956 2190 4030 Aquila,

617 4065 639 4099 ι
680 4044 1053 4102 Misericordia
1100 4052 1155 4101 et
1206 4047 1411 4103 veritas
1460 4046 1760 4104 servabunt
1789 4064 1936 4105 eum.
1994 4068 2014 4103 ι
2067 4050 2194 4106 Haec

610 4138 749 4210 ipsis
781 4137 1216 4194 immortalitatis
1243 4151 1434 4205 causa,
1460 4154 1659 4210 nempe
1687 4138 1782 4195 Dei
1818 4140 2191 4196 misericordia

611 4238 668 4286 et
692 4230 898 4286 veritas
923 4249 937 4284 :
965 4244 1202 4301 quarum
1225 4243 1457 4287 consors
1486 4231 1778 4303 religiosus
1797 4232 1980 4305 quivis
2005 4232 2188 4296 homo,

610 4320 774 4392 quasi
825 4320 939 4375 sale
963 4318 1242 4387 conditus,
1276 4320 1335 4375 in
1364 4326 1629 4377 aeternam
1660 4321 1829 4377 vitam
1860 4323 2188 4379 servabitur.

609 4413 799 4485 Neque
829 4414 978 4471 enim
1004 4413 1151 4485 quod
1193 4414 1391 4470 similis
1434 4412 1548 4472 Deo
1579 4415 1882 4472 secundum
1934 4416 2194 4473 substan-

613 4506 745 4560 tiam
769 4505 864 4572 sit,
896 4505 1018 4561 ideo
1048 4505 1303 4563 similiter
1333 4505 1526 4574 vivet;
1566 4507 1665 4564 sed
1714 4509 1843 4580 quia
1898 4523 1933 4564 a
1973 4509 2193 4568 miseri:-

609 4595 799 4653 cordia
835 4595 926 4652 Dei
958 4604 1012 4652 et
1041 4611 1072 4650 a
1109 4596 1338 4653 veritate
1369 4597 1493 4670 ejus
1525 4609 1902 4655 conservatur.

638 4848 645 4853 _
684 4772 851 4829 Vens.
893 4772 946 4832 9.
981 4792 1001 4825 ι
1047 4772 1141 4830 Sic
1192 4775 1463 4847 psalmum
1522 4777 1703 4834 dicam
1731 4779 1940 4836 nomini
1991 4788 2086 4837 tuo
2130 4781 2188 4837 in

611 4867 873 4923 sarculum
924 4866 1130 4934 saeculi,
1168 4876 1227 4921 ut
1258 4868 1481 4924 reddam
1537 4880 1663 4925 vota
1708 4886 1829 4926 mea
1878 4872 1947 4927 de
1989 4872 2080 4928 die
2131 4873 2188 4928 in

606 4960 776 5015 diem.
818 4979 836 5010 ι
870 4959 993 5015 Ιιαιο
1020 4975 1149 5015 cum
1181 4958 1420 5031 Spiritus
1462 4971 1690 5021 sanctus
1738 4963 1960 5023 Davidis
1994 4967 2189 5022 animat

612 5053 962 5124 inspirasset,
996 5053 1155 5123 quasi
1186 5067 1218 5106 a
1247 5053 1513 5123 magistro
1545 5055 1627 5112 sic
1656 5056 1908 5121 edoctus,
1935 5056 2042 5114 ﬁde
2069 5074 2188 5115 ser—

613 5160 831 5201 monem
880 5144 1135 5216 obsignat
1179 5143 1294 5200 haec
1327 5144 1672 5203 vociferans:
1713 5165 1734 5199 ι
1793 5146 1887 5205 Sic
1913 5149 2183 5221 psalmum

608 5236 789 5291 dicam
840 5236 1049 5290 nomini
1080 5241 1177 5289 tuo
1213 5234 1270 5290 in
1302 5237 1560 5293 saeculum
1595 5240 1801 5298 saeculi.
1846 5263 1866 5297 ι
1895 5242 2008 5301 Nec
2053 5244 2189 5301 sim-

611 5329 827 5404 pliciter
853 5330 953 5391 ait,
986 5347 1005 5380 ι
1050 5327 1286 5385 Psallam
1314 5331 1523 5388 nomini
1569 5341 1663 5389 tuo
1694 5336 1751 5390 in
1801 5337 2060 5393 saeculum
2093 5353 2186 5393 sa:-

609 5417 745 5481 cnli,
774 5434 795 5468 ι
828 5415 927 5472 sed
958 5414 1141 5471 addita
1175 5431 1330 5482 voce,
1363 5438 1383 5470 ι
1423 5416 1533 5476 Sic.
1571 5442 1590 5475 ι
1616 5420 1709 5478 Sic
1736 5428 2052 5495 quomodo?
2078 5426 2186 5483 nisi

613 5520 675 5565 ut
723 5509 963 5583 Spiritus
1019 5522 1246 5569 sanctus
1303 5514 1492 5570 docuit
1539 5522 1793 5591 superius
1842 5522 1928 5579 his
1978 5523 2182 5589 verbis,

619 5624 642 5653 ο
680 5605 1049 5661 Misericordia
1095 5613 1150 5661 et
1196 5607 1400 5663 veritas
1439 5610 1861 5671 circummuniet
1909 5617 2110 5687 ipsum.
2160 5637 2179 5670 ι

620 5695 714 5750 Sic
744 5699 891 5752 enim
921 5698 1296 5754 misericordia
1336 5706 1428 5756 tua
1460 5709 1516 5759 et
1544 5704 1773 5763 veritate
1817 5717 1912 5763 tua
1947 5709 2186 5764 circum»

622 5789 866 5848 mmtitus
894 5798 950 5849 et
980 5800 1253 5857 servatus,
1298 5792 1531 5864 psallam
1564 5801 1773 5856 nomini
1802 5808 1900 5858 tuo
1927 5802 1982 5857 in
2010 5816 2186 5862 secu-

624 5878 736 5931 tum
762 5879 969 5935 saeculi.
999 5877 1227 5936 Conlido
1259 5882 1408 5940 enim
1440 5884 1818 5943 misericordia
1847 5894 1902 5944 et
1954 5887 2184 5943 veritate

2306 2005 2407 2077 τὴν
2436 2003 2653 2060 αἰώνιον
2670 1996 2834 2077 ζωήν.
2865 2005 3095 2060 Φάσκων
3122 2006 3180 2061 δὲ
3200 2009 3229 2061 6
3252 2005 3449 2078 λόγος,
3477 2026 3503 2060 ι
3532 2005 3632 2061 Τὰ
3659 2006 3763 2080 ἐτη
3790 2007 3935 2062 αὑτοῦ

2307 2097 2411 2161 ἓως
2468 2095 2683 2169 ἡμέρας
2727 2097 2923 2166 γενεᾶς
2954 2097 3048 2152 καὶ
3069 2100 3284 2168 γενεᾶς,
3325 2119 3345 2153 ι
3383 2097 3716 2172 σημαίνει,
3742 2099 3820 2163 ὡς
3844 2100 3937 2172 ἄρα

2307 2188 2457 2243 ἔσται
2486 2190 2517 2242 6
2546 2187 2711 2243 Δαυῖδ
2725 2206 2831 2261 μνη
2840 2188 3199 2262 μονευόμενος
3218 2191 3281 2246 οὐ
3314 2190 3454 2247 καθ’
3493 2191 3569 2246 ὃν
3603 2190 3781 2264 μόνον
3804 2190 3932 2247 ἐσίω

2307 2279 2520 2353 χρόνον,
2549 2279 2689 2334 ἀλλὰ
2729 2282 2826 2335 καὶ
2852 2281 2972 2336 καθ’
2998 2281 3239 2356 ἑκάστην
3266 2284 3485 2354 γενεὰν
3507 2323 3526 2350 ,
3562 2284 3601 2355 ἢ
3664 2282 3817 2338 κατὰ
3854 2283 3935 2337 δύο

2306 2371 2458 2437 τινας
2483 2372 2707 2443 γενεὰς,
2741 2373 3114 2446 αἰνιττομένου
3146 2375 3241 2429 τοῦ
3280 2376 3453 2446 λόγου
3509 2376 3619 2431 τόν
3651 2392 3719 2430 τε
3752 2376 3819 2430 ἐκ
3847 2391 3930 2429 περ

2311 2465 2542 2538 ριτομῆς
2591 2464 2719 2522 λαὸν
2750 2465 2846 2521 καὶ
2878 2466 2977 2540 τήν
3019 2466 3079 2535 ἐξ
3135 2467 3304 2523 ἐθνῶν
3365 2469 3769 2542 Ἐκκλησίαν.
3826 2468 3927 2537 Ἐφ’

2306 2559 2431 2612 ὅσον
2460 2556 2593 2628 γοῦν
2620 2557 2811 2630 χρόνον
2837 2559 2871 2631 ή
2900 2558 3117 2631 γενεὰή
3144 2558 3335 2634 πρώτη
3362 2563 3495 2626 τοῖς
3537 2559 3727 2624 θείοις
3748 2559 3923 2628 ἐντυγ-
4040 2624 4041 2637 1

2307 2651 2460 2723 χάνει
2483 2649 2795 2724 γράμμασι,
2825 2652 2981 2724 φέρει
3011 2651 3103 2707 διὰ
3136 2653 3356 2726 μνήμης
3375 2653 3484 2708 τὸν
3510 2652 3703 2708 Δαυῒδ
3724 2668 3741 2685 ο
3770 2652 3861 2707 καὶ
3890 2654 3921 2723 ἠ

2305 2741 2532 2813 δευτέρα
2581 2741 2639 2796 δὲ
2669 2741 2833 2811 γενεὰ
2870 2743 2905 2815 ή
2944 2743 3043 2815 τῆς
3082 2742 3144 2810 ἐξ
3173 2744 3434 2801 ἁπάντων
3465 2743 3668 2800 ἐθνῶν
3701 2744 3920 2816 ἐκλογῇ

2305 2832 2568 2898 ὡσαύτως
2598 2832 2694 2888 τοῦ
2734 2833 2898 2890 Δαυῒδ
2928 2834 3125 2890 οὔποτε
3151 2834 3415 2891 διαλείπει
3451 2836 3912 2911 μνημονεύουσα,

2304 2923 2395 2978 διὰ
2438 2924 2500 2978 τὸ
2531 2923 2717 2998 φέρειν
2770 2925 2875 2981 ἀνὰ
2907 2925 3085 2998 στόμα
3122 2926 3220 3000 τήν
3263 2925 3447 2999 βίϐλον
3482 2929 3601 3002 τῆς
3650 2927 3916 2999 γενέσεως

2319 3018 2493 3090 Ἰησοῦ
2530 3019 2767 3091 Χριστοῦ
2817 3018 2912 3073 τοῦ
2962 3019 3079 3074 υἰοῦ
3112 3022 3293 3076 Δαυῒδ.
3328 3021 3511 3077 Τοῦτο
3538 3018 3653 3077 οὖν
3700 3021 3908 3094 ᾐνίξατο

2304 3118 2484 3186 φήσας
2505 3116 2536 3167 6
2562 3113 2721 3184 λόγος
2734 3129 2751 3146 ⁶
2774 3133 2794 3167 ι
2813 3114 2895 3170 Τὰ
2914 3114 3009 3187 ἔτη
3031 3116 3197 3170 αὐτοῦ
3218 3115 3324 3182 ἕως
3345 3117 3578 3191 ἡμέρας
3593 3119 3801 3187 γενεᾶς
3823 3117 3907 3171 καὶ

2302 3209 2516 3276 γενεᾶς.
2543 3227 2563 3260 ι
2598 3209 2707 3263 Καὶ
2733 3210 2791 3262 ὲν
2820 3208 2918 3280 μὲν
2955 3207 3265 3282 ἀνθρώποις
3277 3210 3487 3283 ταύτης
3514 3209 3788 3276 τεύξεται
3813 3211 3901 3281 τῆς

2304 3301 2645 3373 μικρότητος
2663 3318 2677 3333 ⁸
2709 3303 2860 3374 παρὰ
2885 3301 2943 3357 δὲ
2968 3301 3119 3375 αὐτῷ
3155 3302 3237 3375 τῷ
3260 3303 3383 3376 Θεῷ
3414 3304 3633 3359 οὔποτε
3656 3344 3673 3369 ,
3724 3302 3898 3373 φησὶν,

2299 3394 2579 3449 ἀπολεῖται
2598 3409 2613 3424 °
2637 3394 2907 3450 ἀθανάτου
2934 3396 2993 3450 δὲ
3027 3396 3123 3450 καὶ
3155 3398 3238 3461 εἰς
3269 3396 3503 3469 ἄπειρον
3561 3395 3894 3471 διαρκούσης

2300 3487 2448 3558 ζωῆς
2484 3487 2695 3559 τυχὼν,
2737 3507 2758 3541 ‹
2794 3488 3044 3559 διαμενεῖ
3086 3490 3168 3554 είς
3197 3489 3291 3544 τὸν
3326 3490 3504 3545 αἰῶνα
3535 3489 3784 3545 ἐνώπιον
3808 3486 3895 3541 τοῦ

2296 3579 2454 3634 Θεοῦ.
2498 3599 2517 3631 ι
2557 3578 2683 3645 Πῶς
2710 3579 2768 3633 δὲ
2788 3579 3033 3651 διαρκεῖν
3059 3582 3154 3636 καὶ
3190 3585 3257 3655 τῇ
3294 3582 3387 3637 τοῦ
3417 3582 3566 3639 Θεοῦ
3614 3582 3734 3655 ζωῇ
3766 3597 3891 3652 συμο

2298 3671 2751 3744 παρεκτείνεσθαι
2783 3671 3071 3745 ἀνθρώπου
3095 3673 3258 3744 φύσις
3282 3675 3370 3730 οἶα
3394 3693 3455 3730 τε
3484 3676 3556 3731 ἂν
3591 3675 3686 3749 εἴη
3707 3714 3725 3738 ,
3757 3671 3892 3728 διδάε-

2300 3780 2421 3817 σκει
2446 3763 2574 3835 ἑξῆς
2604 3762 2861 3833 φάσκων·
2897 3783 2917 3816 ι
2961 3764 3149 3830 Ἔλεος
3181 3766 3274 3821 καὶ
3304 3766 3572 3840 ἀλήθειαν
3596 3766 3689 3831 τίς
3726 3761 3884 3832 ἐκξη⁶

2294 3857 2449 3927 τήσει
2478 3854 2678 3921 αὐτοῦς
2705 3874 2723 3907 ι
2753 3856 2929 3929 Ὅπερ
2955 3858 3288 3930 σαφέστερον
3313 3860 3676 3932 ήρμήνευσεν
3692 3859 3724 3912 6
3749 3854 3887 3926 Σύμο

2298 3966 2471 4020 μαχος
2525 3950 2728 4003 εἰπών’
2793 3968 2813 4002 ι
2872 3950 3063 4015 Ἔλεος
3122 3953 3217 4005 καὶ
3268 3951 3495 4025 ἀλήθεια
3554 3944 3879 4024 περιφράξει

2295 4040 2457 4095 αὐτόν
2483 4056 2496 4070 ⁸
2538 4060 2558 4093 ι
2594 4041 2690 4096 καί⁸
2718 4043 2748 4097 6
2781 4041 3015 4107 ’Δκύλας
3051 4044 3287 4116 ¹δμοίως,
3323 4062 3343 4096 ι
3388 4044 3586 4111 Ἔλεος
3629 4044 3728 4100 καὶ
3751 4040 3879 4112 άλήο

2295 4132 2417 4186 θεια
2443 4133 2860 4205 διατηρήσουσιν
2883 4135 3069 4188 αὐτόν.
3118 4155 3136 4188 ι
3166 4135 3355 4192 Ταῦτα
3384 4136 3493 4210 γὰρ
3536 4137 3649 4210 τῆς
3685 4135 3877 4191 eam-

2296 4226 2418 4290 σίας
2445 4225 2596 4297 αὐτῷ
2645 4225 2799 4280 ἔσται
2846 4225 3017 4287 αἴτια,
3049 4226 3112 4280 τὸ
3134 4226 3229 4280 τοῦ
3257 4226 3392 4281 Θεοῦ
3427 4228 3580 4294 ἕλεος
3609 4227 3708 4284 καὶ
3744 4223 3873 4294 ἀλή-

2270 4314 2415 4377 ,θεια
2431 4333 2445 4347 ’
2470 4308 2545 4370 ὧν
2574 4316 3005 4389 μεταλαμϐάνων
3033 4318 3143 4383 πᾶς
3167 4318 3197 4369 6
3222 4317 3477 4391 θεοφιλὴς
3498 4360 3514 4384 ,
3549 4319 3749 4392 ὥσπερ
3771 4313 3872 4372 ἀπὸ

2293 4407 2437 4463 ἁλῶν
2470 4407 2783 4480 ἁλιξόμενος
2807 4448 2823 4473 ,
2858 4407 3262 4482 φυλαχθήσεται
3311 4412 3391 4476 εἰς
3441 4411 3664 4469 αἰώνιον
3706 4408 3864 4480 ζωήν.

2296 4500 2373 4554 Οὐ
2418 4501 2529 4573 γὰρ
2578 4500 2642 4571 δὴ
2692 4500 2898 4571 ὁμοίως
2952 4502 3030 4574 τῷ
3053 4503 3174 4576 Θεῷ
3206 4504 3469 4577 πεφυκὼς
3511 4507 3615 4579 τὴν
3663 4501 3861 4565 οὐσίαν,

2218 4602 2266 4660 1)
2292 4592 2494 4664 ὁμοίως
2525 4591 2674 4664 αὐτῷ
2701 4592 2945 4667 ζήσεται,
2973 4595 3088 4650 ἀλλ’
3121 4596 3227 4651 ὑπὸ
3265 4596 3357 4651 τοῦ
3392 4596 3572 4664 ἐλέους
3602 4594 3697 4653 τοῦ
3734 4588 3859 4648 Θεοῦ

2292 4687 2386 4741 καὶ
2415 4686 2521 4740 ὑπὸ
2549 4687 2648 4759 τῆς
2678 4686 2934 4759 ἀληθείας
2962 4686 3128 4742 αὑτοῦ
3153 4689 3630 4762 διακρατούμενος.

2364 4797 2382 4830 ι
2417 4777 2605 4843 Οὕτως
2630 4777 2786 4849 ψαλῶ
2804 4778 2883 4850 τῷ
2906 4778 3134 4850 ὀνόματί
3168 4797 3264 4835 σου
3316 4782 3400 4847 εἰς
3436 4781 3531 4837 τὸν
3567 4782 3738 4837 αἰῶνα
3768 4772 3851 4831 τοῦ

2288 4871 2500 4937 αἰῶνος,
2527 4870 2623 4925 τοῦ
2652 4870 2943 4926 ἀποδοῦναί
2974 4888 3043 4944 με
3079 4872 3177 4937 τὰς
3210 4872 3379 4944 εὐχάς
3417 4891 3520 4946 μου
3563 4873 3773 4947 ἡμέραν
3799 4865 3852 4932 ἐξ

2289 4962 2520 5035 ἡμέρας.
2563 4982 2584 5016 i
2611 4962 2798 5017 Ταῦτα
2830 4962 2926 5017 τοῦ
2956 4964 3109 5032 ἁγίου
3138 4964 3460 5037 Πνεύματος
3485 4969 3553 5039 τῇ
3582 4966 3678 5022 τοῦ
3703 4958 3848 5019 Δαυῒδ

2290 5056 2673 5129 ὑφηγήσαντος
2707 5056 2878 5128 ψυχῇ,
2911 5055 3098 5129 μαθὼν
3124 5057 3315 5131 ὥσπερ
3345 5058 3499 5133 παρὰ
3540 5055 3847 5115 διδασκάλου

2288 5149 2357 5203 τὰ
2378 5146 2656 5219 λεχθέντα,
2678 5145 3133 5220 ὲπισφραγίζεται
3156 5150 3224 5221 τῇ
3250 5148 3431 5203 πίστει
3450 5147 3542 5203 τὸν
3560 5149 3714 5219 λόγον
3732 5146 3843 5201 ἁνα-

2288 5238 2481 5308 φωνῶν
2512 5238 2608 5293 καὶ
2631 5237 2835 5307 λέγων’
2873 5256 2894 5290 ι
2935 5238 3091 5294 Οὕτω
3117 5238 3272 5310 ψαλῶ
3301 5240 3380 5313 τῷ
3400 5240 3625 5313 ὀνόματί
3661 5257 3748 5296 σου
3774 5237 3843 5299 εἰς

2287 5331 2380 5385 τὸν
2408 5316 2579 5386 αἰῶνα
2603 5326 2697 5385 τοῦ
2723 5329 2918 5395 αἰῶνος
2935 5348 2950 5363 ο
2979 5350 2997 5383 ι
3017 5333 3115 5405 οὐχ
3134 5332 3323 5397 ἁπλῶς
3342 5332 3421 5400 δὲ,
3442 5352 3463 5386 ι
3487 5333 3681 5401 Ψαλῶ,
3702 5327 3834 5403 φησὶν

2285 5424 2366 5496 τῷ
2390 5423 2614 5496 ὀνόματί
2663 5439 2757 5477 σου
2806 5425 2887 5488 εἰς
2938 5423 3032 5478 τὸν
3059 5422 3232 5480 αἰῶνα
3275 5423 3372 5479 τοῦ
3399 5423 3630 5491 αἰῶνος,
3666 5442 3688 5480 ι
3721 5417 3836 5480 ἀλλὰ

2290 5516 2427 5587 μετὰ
2460 5513 2777 5588 προσθήκης
2807 5512 2932 5584 τῆς,
2973 5533 2993 5564 ‹
3030 5512 3203 5569 Οῦτω.
3249 5534 3268 5567 ι
3295 5513 3422 5580 Πῶς
3450 5514 3508 5568 δὲ
3538 5513 3713 5581 οὕτωξ
3738 5504 3837 5567 ἀλλ’

2286 5612 2362 5675 ὡς
2388 5608 2701 5681 προεδίδαξε
2722 5608 2781 5662 τὸ
2806 5607 3032 5680 Πνεῦμα
3058 5610 3119 5664 τὸ
3161 5609 3316 5679 ἅγιον
3353 5610 3533 5681 φῆσαν
3556 5627 3571 5641 ·
3612 5630 3633 5663 ι
3668 5609 3830 5668 Ἕλιος

2285 5703 2382 5757 καὶ
2399 5701 2627 5773 ἀλήθεια
2660 5700 2985 5773 περιφράξει
3010 5701 3192 5754 αὐτόν.
3233 5719 3253 5753 ι
3280 5700 3438 5755 Οὕτω
3478 5701 3589 5773 γὰρ
3617 5702 3724 5755 ὑπὸ
3753 5694 3831 5751 τοῦ

2286 5792 2380 5847 σοῦ
2405 5792 2586 5858 ἐλέους
2611 5793 2708 5848 καί⁵
2730 5792 2836 5846 ὑπὸ
2866 5791 2963 5863 τῆς
2989 5790 3092 5863 σῆς
3119 5791 3376 5866 ἀληθείας
3416 5792 3832 5866 περιφραττόμε·

2284 5903 2373 5952 νος
2405 5887 2499 5941 καὶ
2525 5884 2966 5958 διατηρούμενος.
2996 5882 3154 5956 ψαλῶ
3182 5882 3263 5957 τῷ
3288 5882 3513 5957 ὀνόματί
3539 5901 3637 5939 σου
3659 5884 3742 5952 εἰς
3760 5880 3833 5936 τὸν
