4100 6442
336 293 451 349 585

1470 287 1982 354 COMMENTARIA
2024 297 2091 355 IN
2129 287 2469 358 PSALMos.

3495 309 3602 365 586

333 412 515 467 αἰῶνα
535 410 625 466 τοῦ
649 411 862 474 αἰῶνος.
893 407 1216 482 Τεθάρσηκα
1247 412 1353 485 γὰρ
1384 413 1532 484 ζωῆς
1560 399 1780 470 αἰὶονίου
1801 418 1891 471 τεύ

2026 430 2138 483 tua,
2175 437 2282 476 non
2315 437 2436 477 mea
2467 421 2690 485 virtute,
2725 437 2812 477 me
2843 422 3008 478 vitam
3063 433 3342 490 mternam,
3399 437 3452 484 et
3485 446 3604 486 eam

335 503 526 571 ξεσθαι
551 503 644 557 καὶ
665 502 964 568 ἀθανασίας
1000 506 1098 575 τῆς
1120 506 1271 576 παρᾶ
1299 507 1381 558 σοὶ
1412 506 1499 560 διά
1529 508 1624 561 τὸν
1658 509 1749 561 σὺν
1772 509 1919 563 έλεον

330 594 435 653 κᾶὶ
461 598 547 654 διὰ
579 597 676 670 τὴν
707 596 806 669 σὴν
843 596 1122 669 ἀλήθειαν,
1149 596 1262 650 ἀλλ’
1285 598 1348 654 οὐ
1375 596 1464 651 διὰ
1487 599 1586 663 τάς
1616 599 1757 670 ἐμὰς
1787 601 1916 672 ἀρε-

497 709 515 741 ι
552 689 737 753 Οὕτως
791 684 886 743 οὖν
937 688 1095 760 ψαλῶ
1140 690 1220 762 τῷ
1267 690 1493 762 ὀνόματί
1555 710 1650 746 σου
1698 694 1780 757 είς
1825 693 1918 747 τὸν

324 782 504 835 αἰῶνα
540 779 636 834 τοῦ
664 780 880 845 αἰῶνος,
908 781 1002 834 τοῦ
1033 781 1327 836 ἀποδοῦναί
1362 800 1431 853 με
1459 783 1558 848 τὰς
1601 785 1766 856 εὐχάς
1813 803 1914 855 μου

324 874 546 946 ἡμέραν
575 873 633 942 ἐξ
656 874 902 946 ἡμέραςο
937 894 956 926 ι
991 873 1024 945 ἢ
1055 874 1198 929 κατά
1213 875 1304 930 τὸν
1333 874 1652 947 Σύμμαχον,
1694 895 1712 928 ι
1749 876 1911 930 Ἀπο-

323 965 506 1028 διδοὺς
535 963 634 1028 τὰς
662 964 838 1037 εὐχάς¹
860 981 962 1035 μου
991 964 1112 1018 καθ’
1133 965 1372 1036 ἐκάστην
1411 967 1646 1038 ἡμέραν.
1696 985 1714 1018 ι
1751 967 1917 1020 Οὐδε-

326 1055 551 1109 πὼποτε
605 1055 712 1128 γὰρ
754 1056 1118 1127 ἀπολείψομαι
1171 1056 1266 1110 τοῦ
1319 1057 1394 1129 μὴ
1449 1056 1760 1112 ἀποδιδόναι
1819 1057 1916 1121 τὰς

323 1148 471 1219 ἐμάς
503 1147 854 1218 ἐπαγγελίας,
888 1147 1077 1220 ῶσπερ
1101 1147 1328 1218 ὀφειλάς
1347 1149 1618 1220 διηνεκεῖς
1665 1149 1762 1204 καὶ
1789 1149 1915 1220 ἐμοὶ

326 1240 652 1311 σωτηρίους.
690 1240 903 1305 Ταύτας
931 1241 1040 1314 γὰρ
1067 1241 1357 1296 διατελέσω
1397 1242 1491 1296 καὶ
1517 1243 1598 1306 εἰς
1641 1241 1734 1295 τὸν
1755 1241 1913 1296 ἀπει-

321 1350 424 1403 ρον
449 1332 618 1386 αίῶνα
648 1333 951 1398 ἀποδιδούς.
986 1335 1122 1388 Οὐδὲ
1154 1335 1261 1406 γὰρ
1290 1333 1460 1407 ἀργὸς
1491 1335 1586 1388 καὶ
1629 1335 1912 1406 ἄπρακτος

322 1422 520 1495 ἔσομαι
546 1424 667 1478 κατ’
700 1425 916 1497 ἐκείνην
943 1425 1040 1498 τὴν
1071 1426 1290 1481 αἰώνιον
1323 1426 1472 1500 ζωὴν
1491 1467 1505 1491 ,
1536 1427 1636 1499 τὴν
1677 1426 1734 1480 δὲ
1774 1426 1910 1498 πρέ-

2027 527 2150 582 qua:
2170 513 2313 583 apud
2345 521 2399 567 te
2419 520 2504 569 est
2525 513 2989 571 immortalitatem
3018 516 3362 587 adepturum.
3401 539 3419 570 ι
3459 519 3552 577 Sic
3580 543 3601 575 ι

2025 599 2211 670 itaque
2247 618 2266 652 ι
2306 601 2534 671 psallam
2565 602 2774 657 nomini
2803 614 2899 659 tuo
2929 604 2982 660 in
3011 608 3272 663 szeculum
3301 611 3506 672 saeculi,
3547 621 3606 666 ut

2025 691 2251 747 reddam
2284 699 2408 748 vota
2436 709 2554 749 mea
2578 693 2645 750 de
2674 694 2762 751 die
2791 696 2846 751 in
2876 697 3018 753 diem
3043 716 3058 764 ;
3099 719 3118 752 ι
3155 701 3271 756 sive
3299 704 3602 758 secundum

2028 781 2437 854 Symmachum,
2493 802 2512 837 ι
2572 783 2826 843 Reddens
2872 796 2996 843 vota
3035 804 3155 845 mea
3207 792 3438 863 singulis
3489 794 3604 849 die-

2024 875 2149 932 bus.
2187 893 2206 928 ι
2260 873 2548 946 Nunquam
2602 892 2736 934 sane
2792 879 3039 935 desinam
3088 882 3378 952 promissis
3430 891 3598 946 stare,

2022 967 2180 1040 quasi
2227 969 2506 1038 perpetuis
2551 969 2796 1040 mihique
2848 971 3183 1030 salutaribus
3229 973 3450 1031 debitis.
3506 974 3600 1029 llla

2020 1061 2166 1117 enim
2192 1061 2276 1115 vel
2307 1075 2404 1131 per
2428 1059 2642 1115 inﬁnita
2686 1062 2885 1118 saecula
2933 1065 3164 1120 reddere
3211 1067 3596 1137 perseverabo.

2022 1149 2303 1222 Siquidem
2336 1165 2446 1204 non
2490 1151 2722 1216 otiosus,
2764 1165 2872 1206 non
2921 1167 3087 1222 opere
3132 1167 3340 1210 vacuus
3393 1155 3448 1209 in
3505 1154 3597 1210 illa

2017 1255 2222 1298 aeterna
2248 1241 2360 1295 vita
2391 1255 2529 1308 ero;
2561 1239 2658 1295 sed
2687 1247 3077 1312 congruentem
3108 1242 3458 1314 debitamque
3488 1241 3598 1298 Deo

2018 1333 2094 1388 ibi
2146 1346 2368 1404 operam
2417 1331 2708 1403 praestabo.
2766 1331 2894 1387 Haec
2941 1318 3142 1405 quippe
3179 1343 3267 1391 est
3317 1335 3500 1391 debita
3545 1345 3600 1390 et

2013 1423 2120 1495 ipsi
2149 1437 2464 1494 congruens
2490 1431 2753 1494 perpetua
2785 1425 3088 1496 gratiarum
3117 1427 3279 1482 actio.

322 1531 532 1568 πουσαν
578 1515 673 1569 καὶ
715 1516 1071 1591 ὀφειλομένην
1119 1519 1406 1584 ἀποδιδοὺς
1437 1518 1516 1590 τῷ
1571 1517 1692 1589 Θεῷ
1737 1519 1900 1572 κάκεῖ
1934 1515 2135 1588 πρᾶξιν
2169 1514 2484 1570 διατελέσω.
2520 1513 2670 1588 Αὕτη
2713 1515 2770 1569 δέ
2841 1518 2989 1574 ἐστιν
3026 1519 3060 1589 ἡ
3127 1518 3458 1591 ὀφειλομένη
3503 1520 3596 1574 καὶ

319 1606 473 1678 αὐτῷ
499 1607 778 1680 πρέπουσα
800 1610 1052 1682 διηνεκὴς
1084 1611 1406 1683 εὐχαριστία
1435 1612 1534 1682 (1).

319 1724 434 1779 ΕΙΣ
483 1725 570 1779 T0
607 1725 860 1792 τΕΑοΣ,
911 1727 1096 1799 ΥΠΕΡ
1146 1729 1429 1799 ιΔιθοΥΜ
1477 1729 1772 1784 ΨΑΑΜΟΣ
1827 1726 1891 1798 Τί

2085 1723 2163 1795 μ.
2222 1719 2291 1774 IN
2343 1718 3123 1799 FlN~EM,ﬁRll9‘ll_)l_'l‘_HUM
3176 1721 3506 1784 PSALMUS

936 1798 1134 1852 ΔΛΥΙΔ
1175 1797 1296 1854 ΞΝ.

397 1929 418 1962 ι
459 1911 594 1982 Οὐχὶ
620 1911 698 1983 τῷ
737 1911 858 1984 Θεῷ
883 1913 1286 1984 ὑποταγήσεται
1321 1915 1354 1984 ἡ
1403 1913 1548 1986 ψυχή
1585 1930 1724 1984 μους
1775 1915 1906 1985 παρ’

315 1995 466 2068 αὖτῷ
508 1999 616 2071 γὰρ
645 1999 706 2053 τὸ
740 2001 1013 2072 Σωτήριόν
1057 2019 1178 2072 μου.
1220 2021 1240 2054 ι
1281 2003 1339 2055 ’0
1385 2002 1496 2074 ,μὲν
1543 2003 1906 2074 προκείμενος

314 2089 530 2160 ψαλμὺς
557 2089 774 2162 εἴρηται
809 2091 909 2163 μὲν
931 2091 1010 2164 τῷ
1038 2092 1224 2156 Δαυῒδ,
1254 2093 1540 2166 πρόκειται
1563 2085 1623 2148 δέ
1659 2095 1729 2166 τῇ
1778 2094 1903 2148 ἐπι-

313 2184 541 2253 γραφῇ,
573 2197 598 2236 ι
647 2183 788 2254 ὑπὲρ
855 2183 1124 2255 Ἰδιθούμ·
1167 2203 1185 2237 ι
1227 2179 1568 2248 διδάσκοντος
1599 2185 1752 2256 ἡμᾶς
1805 2184 1900 2238 τοῦ

313 2272 497 2341 λόγου,
521 2274 598 2338 ὡς
630 2275 738 2346 ἄρα
759 2277 789 2329 ὁ
817 2275 1000 2338 Δαυῖδ,
1043 2269 1182 2350 ὑπὲρ
1210 2275 1306 2331 τοῦ
1365 2276 1601 2347 Ἰδιθοὺμ
1633 2276 1902 2343 συντάξας

310 2364 406 2418 τὸν
428 2364 661 2437 ψαλμὸν,
697 2367 1012 2440 παρέδωκεν
1039 2369 1186 2441 αὐτῷ
1209 2369 1460 2442 μελετᾷν,
1492 2369 1587 2423 καὶ
1609 2369 1730 2423 ἀντὶ
1757 2371 1900 2440 ἐπῳ-

308 2455 408 2527 δῆς
447 2457 679 2530 χρῆσθαι
702 2461 781 2523 εἰς
804 2459 1124 2530 θεραπείαν,
1153 2463 1440 2532 συμφορᾶς
1475 2479 1620 2526 τινος
1668 2463 1900 2534 ἐπισυμ-

312 2549 490 2621 6άσης
517 2550 682 2622 αὐτῷ.
727 2553 836 2606 Kal
867 2553 896 2604 ὁ
919 2553 961 2607 λ’
991 2555 1049 2608 δὲ
1081 2555 1173 2608 καὶ
1210 2551 1258 2626 η’
1283 2554 1666 2628 ἐπεγέγραπτο
1689 2595 1703 2620 ,
1750 2574 1768 2606 ε
1804 2557 1897 2620 Εἰς

305 2641 374 2692 τὸ
401 2642 571 2706 τέλος,
603 2643 679 2714 τῷ
725 2643 977 2717 Ἰδιθοὺμ,
1000 2645 1114 2718 ᾠδὴ
1166 2645 1262 2699 τοῦ
1296 2646 1488 2700 Δαυῖδ’
1537 2666 1556 2698 ι
1607 2649 1666 2701 ἐν
1801 2647 1896 2702 καὶ

305 2735 458 2807 αὐτῷ
481 2737 681 2807 ὁμοίως
705 2736 1054 2792 διδασκαλίαν
1087 2739 1373 2812 παρεδίδου
1403 2742 1434 2795 ὀ
1465 2733 1627 2794 Δαυῖδ
1649 2740 1728 2812 τῷ
1771 2741 1892 2794 Ίδι-

304 2825 454 2900 Θοὺμ
479 2828 567 2882 διὰ
593 2829 693 2901 τὴν
719 2830 909 2903 αὐτὴν,
953 2825 1106 2902 οἶμαι
1133 2872 1149 2896 ,
1198 2819 1559 2889 κατάστασιν.
1627 2833 1892 2889 Ἐνταῦοα

300 2915 414 2988 μέν
447 2919 554 2990 γὰρ
604 2919 885 2976 λέλεκται·
923 2939 944 2974 ι
975 2923 1051 2976 Ού
1103 2922 1184 2996 μὴ
1238 2923 1482 2978 σαλευθῶ
1535 2926 1626 2978 ἐπὶ
1683 2925 1886 2980 πλεῖον.

311 3010 458 3076 Ἕως
495 3011 625 3065 πότε
646 3013 953 3067 ἐπιτίθεσθε
978 3017 1070 3069 ἐπ’
1102 3016 1407 3088 ἄνθρωπον,
1439 3017 1727 3087 φονεύεσθε
1755 3019 1889 3074 πάν-

2605 1788 2816 1846 DAVID
2867 1791 3003 1848 LXI.

2079 1906 2247 1964 Vens.
2285 1907 2342 1971 2,
2374 1908 2426 1963 5.
2492 1926 2512 1960 ι
2552 1906 2744 1963 Nonne
2795 1907 2908 1964 Deo
2959 1908 3208 1980 subjecta
3253 1913 3360 1968 erit
3407 1913 3592 1982 anima

2008 2001 2172 2056 mea?
2195 2001 2266 2056 ab
2293 2003 2415 2072 ipso
2443 1999 2590 2056 enim
2626 1999 2884 2057 Salutare
2919 2016 3123 2057 meum.
3167 2021 3188 2056 ι
3219 2001 3320 2058 Hic
3346 2005 3591 2075 psalmus

2008 2089 2200 2148 Davidi
2232 2093 2452 2164 quidem
2496 2093 2678 2150 dictus
2709 2103 2814 2157 est,
2848 2093 3198 2165 inscriptioni
3227 2110 3392 2166 porro
3431 2095 3591 2150 addi.

2003 2192 2116 2248 tur,
2157 2203 2178 2238 ι
2215 2200 2318 2257 pro
2351 2184 2609 2240 ldithum.
2648 2205 2668 2235 ι
2704 2185 2916 2253 Quibus
2965 2187 3282 2251 edoeemur,
3325 2186 3587 2243 Davidem

2001 2293 2129 2333 cum
2163 2293 2264 2350 pro
2290 2277 2526 2334 ldith‘um
2558 2279 2829 2349 psalmum
2879 2278 3224 2344 adornasset,
3275 2281 3381 2351 ipsi
3415 2279 3586 2336 tradi-

2001 2369 2152 2426 disse
2180 2371 2249 2426 ad
2279 2370 2651 2426 meditandum
2681 2388 2697 2438 ;
2733 2379 2793 2424 ut
2823 2385 2911 2434 eo,
2939 2372 3221 2428 accidente
3251 2373 3585 2438 calamitate,

2000 2461 2162 2533 quasi
2215 2462 2626 2517 incantamento
2681 2470 2934 2518 uteretur
2979 2462 3049 2517 ad
3105 2463 3397 2520 medelam.
3454 2465 3583 2524 ltem

2000 2567 2209 2608 xxxvm
2226 2553 2527 2625 inscriptus
2547 2560 2634 2610 est
2659 2567 2678 2609 ‘:
2716 2571 2736 2605 ι
2761 2552 2822 2608 ln
2845 2553 3028 2616 ﬁnem,
3054 2554 3161 2625 ipsi
3183 2553 3586 2624 ldithum,ean-

1997 2647 2169 2700 ticum
2200 2645 2438 2701 Davidis.
2473 2664 2493 2698 ι
2526 2647 2586 2699 lu
2615 2661 2726 2716 quo
2754 2645 3008 2700 similiter
3054 2643 3223 2700 David
3273 2646 3582 2703 doctrinam

1997 2737 2354 2809 ipslldithum
2384 2739 2438 2792 in
2468 2738 2585 2808 pari
2627 2752 2836 2801 rerum,
2863 2744 2925 2791 ut
2971 2735 3227 2804 arbitror,
3269 2738 3585 2795 conditione

1992 2831 2238 2887 tradidit.
2263 2831 2399 2886 Nam
2427 2830 2516 2886 hic
2547 2830 2752 2885 dicitur
2777 2849 2790 2886 :
2829 2849 2848 2882 ι
2884 2828 3004 2885 Non
3043 2831 3302 2886 movehor
3323 2833 3581 2903 amplius.

1993 2922 2294 2995 Quousque
2322 2923 2538 2980 irruitis
2564 2924 2621 2979 in
2651 2923 2928 2978 hominem
2955 2923 3310 2980 ?interﬁeitis
3339 2927 3580 2982 universi

1991 3027 2111 3069 vos.
2151 3031 2170 3065 ι
2206 3011 2264 3068 ln
2297 3004 2508 3068 ixxvm
2559 3022 2740 3068 autem
2773 3031 2786 3066 :
2840 3030 2860 3064 ι
2917 3012 3052 3068 Cum
3084 3013 3412 3071 consisteret
3453 3031 3581 3086 pee-

301 3120 397 3166 τες
424 3103 620 3174 ὑμεῖςς
671 3125 689 3157 ι
728 3107 786 3158 ἐν
829 3105 886 3159 δὲ
927 3107 1004 3179 τῷ
1032 3109 1146 3179 λη’·
1188 3127 1207 3160 ι
1251 3109 1339 3162 Ἐν
1388 3109 1467 3181 τῷ
1505 3104 1764 3182 συστῆναι
1796 3112 1888 3166 τὸν

1994 3114 2147 3162 calor
2169 3106 2460 3163 adversum
2495 3122 2603 3176 me,
2637 3105 2887 3161 obmutui
2919 3114 2972 3161 et
3003 3105 3323 3163 humiliatus
3359 3124 3505 3173 sum,
3527 3118 3581 3164 et

297 3194 626 3265 ἁμαρτωλὸν
650 3197 892 3252 ἐναντίον
915 3217 1038 3270 μου,
1057 3199 1356 3271 ἐκωφὼθην
1372 3201 1469 3255 ,καὶ
1492 3201 1883 3276 ἐταπεινώθην,

301 3285 398 3338 καὶ
422 3284 654 3359 ἐσίγησα
689 3286 750 3352 ἐξ
782 3289 1022 3358 ἀγαθῶν,
1059 3291 1239 3345 καὶτὸ
1271 3291 1499 3364 ἀλγημά
1536 3311 1636 3364 μου
1671 3296 1888 3350 ἀνέκαι-

298 3377 462 3449 νίσθη
489 3395 504 3408 ·
537 3399 557 3431 ›
589 3381 683 3434 καὶ
709 3381 869 3436 πάλιν
893 3400 906 3413 ·
938 3401 957 3434 ι
1003 3384 1135 3438 Ἀπὸ
1164 3384 1353 3438 πασῶν
1378 3387 1487 3440 τῶν
1514 3387 1755 3458 ἀνομιῶν
1784 3406 1884 3461 μου

297 3470 464 3541 ,ρὖαί
495 3490 561 3544 με
582 3490 595 3503 ·
620 3474 820 3539 ὄνειδος
851 3475 1045 3548 ἄφρονι
1067 3478 1274 3542 ἔδωκάς
1302 3497 1392 3550 με.
1428 3499 1446 3532 ι
1478 3481 1590 3535 Καὶ
1635 3479 1732 3536 θέα
1763 3485 1887 3538 τίνα

298 3563 503 3635 τρόπον
527 3566 782 3636 ἐμφαίνει
812 3567 880 3622 δι’
901 3568 1229 3640 ἀμφοτέρων
1251 3570 1309 3622 ἐν
1330 3571 1620 3644 πειρασμῷ
1641 3591 1747 3627 τινι
1805 3574 1886 3642 ἐξ·

295 3657 534 3728 ητάσθαι
565 3659 656 3712 καὶ
683 3659 833 3713 δεινά
872 3660 1196 3716 πεπονθέναι
1219 3677 1234 3693 ⁶
1259 3662 1342 3716 διὸ
1385 3662 1590 3729 ταύτας
1632 3668 1885 3738 προσίετο

299 3748 400 3813 τὰς
422 3752 622 3820 φωνάς.
647 3753 755 3806 Kal
783 3755 840 3806 ἐν
865 3754 962 3824 μὲν
983 3752 1059 3825 τῷ
1079 3754 1217 3824 μετὰ
1245 3757 1433 3827 χεῖρας
1455 3756 1655 3830 ψαλμῷ
1677 3758 1884 3832 προϊών

300 3858 473 3912 φησι·
513 3862 534 3895 ι
571 3844 718 3916 Πλὴν
753 3847 969 3916 μάταιοι
1001 3848 1052 3899 οἱ
1086 3847 1194 3901 υἱοὶ
1232 3848 1340 3902 τῶν
1379 3847 1714 3920 ἀνθρώπων,
1743 3849 1880 3922 ψευ-

297 3931 409 3997 δεῖς
437 3933 542 3986 υἰοὶ
571 3933 678 3988 τῶν
705 3935 1006 4007 ἀνθρώπων
1035 3940 1092 3991 ἐν
1118 3936 1322 4007 ζυγοῖς,
1350 3937 1443 3993 τοῦ
1481 3938 1734 4012 ἀδικῆσαι
1779 3943 1880 3996 αύ-

296 4027 383 4080 τοὶ
414 4029 478 4081 ὲκ
511 4029 872 4099 ματαιότητος
897 4031 988 4083 ἐπὶ
1021 4031 1082 4084 τὸ
1111 4031 1242 4086 αὐτό
1263 4050 1278 4064 ·
1321 4052 1339 4084 ι
1374 4033 1470 4087 καὶ
1495 4035 1556 4086 ὲν
1590 4034 1787 4104 ἐκείνῳ
1821 4034 1880 4087 δὲ

294 4119 500 4191 ὁμοίως
552 4120 769 4192 εἴρητω
829 4139 848 4172 ι
887 4121 1034 4193 Πλὴν
1087 4122 1157 4175 τὰ
1216 4123 1509 4194 σύμπαντα
1559 4128 1876 4196 ματαιότης,

296 4213 409 4275 πᾶς
437 4212 720 4284 ἅνθρωπος
757 4213 864 4278 ζῶν
887 4233 904 4249 ο
937 4216 1030 4268 καὶ
1057 4215 1221 4269 πάλιν
1245 4231 1258 4244 °
1303 4234 1321 4262 ο
1362 4217 1507 4288 Πλὴν
1546 4217 1722 4289 μάτην
1771 4220 1879 4282 πᾶς

292 4304 611 4374 ἄνθρωπος’
668 4325 687 4356 ι
752 4305 896 4379 ἅπερ
926 4307 1079 4360 οὐδὲν
1117 4306 1182 4360 ἂν
1212 4307 1461 4381 διαφέροι
1500 4309 1626 4362 τοῦ·
1658 4329 1675 4359 ι
1731 4309 1878 4380 Πλὴν

295 4399 519 4471 μάταιοι
547 4401 596 4453 οἱ
624 4402 728 4454 υἰοὶ
753 4402 863 4455 τῶν
890 4401 1215 4473 ἀνθρώπων,
1247 4403 1401 4456 αὐτοὶ
1425 4404 1491 4456 ἐκ
1517 4399 1876 4473 ματαιότητος

289 4493 389 4546 ἐπὶ
421 4491 482 4544 τὸ
510 4492 661 4545 αὐτό.
704 4511 724 4544 ›
758 4493 880 4546 Ἔτι
910 4491 1290 4564 πρὸςπούτοις
1328 4495 1385 4547 ἐν
1427 4493 1504 4564 τῷ
1553 4493 1634 4565 λη’
1691 4493 1873 4565 εὕροις

287 4584 363 4639 ἂν
391 4585 680 4657 εἰρημένον
709 4584 771 4638 τό
792 4601 805 4615 ο
846 4603 866 4636 ι
896 4585 1163 4653 Μέντοιγε
1201 4585 1258 4638 ἐν
1291 4584 1460 4638 εἰκόνι
1490 4584 1871 4656 διαπορεύεται

289 4677 597 4752 ἄνθρωπος.
652 4677 798 4749 Πλὴν
847 4677 1024 4750 μάτην
1076 4678 1456 4749 ταράσσονται.
1515 4677 1868 4751 θησαυρίζει,

289 4770 388 4824 xal
416 4771 476 4823 οὐ
532 4767 790 4838 γινώσκει
837 4767 942 4821 τίνι
968 4768 1186 4834 συνάξει
1229 4767 1389 4821 αὑτά.
1429 4785 1448 4817 ›
1490 4765 1766 4837 Σύμφωνα
1811 4767 1868 4821 δὲ

285 4859 498 4924 τούτοις
521 4858 607 4931 εἴη
631 4859 696 4912 ἂν
726 4859 822 4912 καὶ
855 4858 923 4911 τά
953 4858 1090 4930 μετά
1117 4860 1305 4929 χεῖρας
1341 4856 1612 4926 λεγόμενα
1656 4853 1715 4911 ἐν
1748 4857 1869 4911 τού-

286 4970 430 5017 τοις·
464 4971 482 5003 ι
517 4951 607 5024 Μὴ
655 4950 901 5014 ἐλπίζετε
942 4950 1034 5004 ἐπὶ
1072 4949 1306 5011 ἀδικίαν,
1349 4949 1443 5004 καὶ
1467 4950 1560 5004 ἐπὶ
1597 4948 1869 5020 ἅρπαγμα

287 5045 366 5120 μὴ
386 5043 692 5098 ἐπι-ποθεῖτε
713 5059 728 5074 ο
762 5040 992 5105 πλοῦτος
1023 5041 1116 5094 ἐὰν
1148 5041 1270 5115 ῥέῃ,
1310 5042 1385 5114 μὴ
1413 5039 1768 5113 προστίθεσθε
1797 5043 1864 5112 τῇ

285 5133 502 5207 καρδίᾳ.
540 5154 557 5185 ι
590 5134 701 5187 Kal
735 5133 799 5187 σὺ
825 5131 869 5184 δ’
903 5131 992 5191 ἂν,
1036 5131 1128 5183 ἐπὶ
1177 5131 1370 5202 σχολῆς
1413 5131 1478 5182 ἐκ
1514 5129 1861 5202 παραλλήλου

283 5225 380 5287 τὰς
412 5227 470 5277 ἐν
493 5224 822 5295 ἀμφοτέροις
853 5225 968 5285 τοῖς
1005 5220 1293 5291 δηλωθεῖσι
1323 5221 1558 5292 ψαλμοῖς
1598 5221 1857 5292 ἐγκειμέ-

282 5333 378 5378 νας
404 5316 576 5382 λέξεις
603 5314 871 5387 παραθεὶς
887 5315 1165 5385 ἀλλήλαις,
1191 5313 1372 5385 εὕροις
1398 5313 1464 5369 ἂν
1489 5315 1617 5384 μιᾶς
1635 5313 1730 5366 καὶ
1757 5313 1858 5382 τῆς

1994 3197 2120 3252 silui
2155 3211 2186 3251 a
2217 3197 2400 3259 bonis,
2423 3205 2478 3252 et
2503 3195 2663 3252 dolor
2707 3211 2864 3252 meus
2901 3203 3200 3252 renovatus
3231 3205 3316 3253 est
3340 3198 3429 3264 ";
3471 3219 3490 3251 ι
3525 3210 3580 3254 et

1991 3304 2238 3352 rursum,
2278 3305 2297 3340 ι
2336 3288 2419 3344 Ab
2447 3287 2708 3344 omnibus
2738 3277 3125 3358 iniquitatibus
3149 3288 3288 3344 meis
3311 3303 3444 3345 erue
3469 3307 3575 3354 me,

1989 3382 2346 3453 opprobrium
2371 3382 2656 3453 insipienti
2689 3380 2894 3437 dedisti
2927 3396 3014 3436 me
3033 3380 3102 3436 ⁸⁸.
3139 3401 3158 3433 ι
3187 3382 3576 3440 Animadverte

1989 3489 2178 3546 porro.
2219 3489 2330 3545 quo
2364 3483 2526 3545 pacto
2559 3473 2616 3528 in
2657 3479 2891 3544 utroque
2923 3487 2982 3528 se
3013 3473 3068 3526 in
3101 3475 3406 3531 tentatione
3435 3490 3573 3530 con-

1990 3568 2242 3623 stitutum
2276 3576 2330 3624 et
2360 3568 2546 3639 gravia
2576 3582 2798 3638 passum
2834 3565 3106 3638 signiﬁcet
3134 3584 3149 3631 ;
3175 3583 3282 3637 qua
3309 3569 3378 3624 de
3405 3584 3574 3625 causa

1987 3661 2154 3718 hasce
2182 3661 2411 3732 protulit
2451 3673 2634 3715 voces.
2668 3657 2734 3713 Et
2782 3658 2836 3713 in
2881 3660 3136 3730 praesenti
3169 3659 3389 3732 quidem
3425 3663 3575 3730 psal-

1985 3769 2076 3808 mo
2131 3753 2393 3824 deinceps
2429 3753 2548 3809 ait:
2579 3770 2600 3804 ‹
2658 3749 3048 3807 Verumtamen
3083 3755 3209 3807 vani
3250 3754 3346 3808 ﬁlii
3395 3754 3573 3811 homi-

1984 3859 2141 3908 num,
2175 3845 2470 3898 mendaces
2501 3841 2596 3897 ﬁlii
2633 3843 2914 3898 hominum
2953 3841 3008 3896 in
3035 3843 3280 3907 stateris,
3331 3852 3391 3898 ut
3429 3845 3571 3914 inju-

1984 3935 2122 3990 riam
2159 3935 2364 3990 faciant
2395 3936 2498 4006 ipsi
2529 3935 2598 3990 de
2636 3934 2879 3990 vanitate
2925 3932 2984 3988 in
3014 3933 3293 4003 idipsum:
3335 3955 3353 3987 ι
3391 3936 3445 3990 in
3473 3937 3568 3991 illo

1983 4034 2164 4082 autem
2189 4028 2444 4084 similiter
2470 4027 2795 4084 dicebatur:
2837 4045 2856 4078 ι
2892 4024 3278 4082 Verumtamen
3310 4029 3567 4084 universa

1982 4121 2219 4183 vanitas,
2249 4121 2434 4176 omnis
2467 4121 2632 4176 homo
2656 4122 2846 4176 vivens
2865 4122 2913 4153 “
2942 4140 2955 4177 :
3000 4142 3019 4173 ι
3057 4137 3120 4176 ac
3150 4123 3368 4185 iterum,
3403 4141 3422 4174 ι
3461 4121 3567 4178 Ve-

1982 4218 2294 4266 rumtamen
2335 4227 2472 4266 vane
2526 4212 2708 4266 omnis
2757 4213 2921 4268 homo
2945 4214 3028 4280 3’;
3070 4233 3089 4266 ι
3147 4229 3270 4284 qua:
3321 4213 3377 4268 in
3414 4215 3565 4270 nullo

1979 4304 2234 4360 diﬁ‘erant
2261 4303 2332 4359 ab
2364 4305 2554 4360 hisce:
2599 4324 2618 4356 ι
2661 4303 3052 4361 Verumtamen
3079 4306 3204 4360 vani
3253 4305 3349 4359 ﬁlii
3388 4307 3567 4361 homi-

1980 4413 2134 4460 num,
2173 4397 2280 4467 ipsi
2329 4395 2678 4450 ex’vanitate
2729 4396 2784 4449 in
2835 4393 3096 4465 idipsum.
3133 4414 3152 4448 ι
3205 4395 3287 4450 Ad
3339 4396 3454 4450 hare
3507 4397 3564 4452 in

1979 4505 2188 4544 xxxvm
2241 4489 2449 4544 dictum
2501 4488 2878 4558 deprehendas
2923 4507 2936 4541 :
3007 4506 3027 4540 ‹
3063 4487 3453 4545 Verumtamen
3507 4491 3562 4545 in

1981 4584 2218 4654 imagine
2248 4583 2546 4656 pertransit
2584 4583 2766 4637 homo.
2801 4580 3192 4637 Verumtamen
3240 4596 3379 4637 vane
3428 4598 3562 4638 conv

1981 4675 2296 4732 turbantur.
2327 4672 2712 4738 Thesaurizat,
2743 4683 2796 4729 et
2830 4673 3044 4745 ignorat
3073 4673 3160 4726 cui
3205 4673 3561 4744 congregabit

1977 4780 2042 4820 ea
2067 4766 2151 4832 '°;
2191 4785 2210 4818 ι
2245 4766 2446 4836 quibus
2475 4781 2720 4820 consona
2772 4764 2976 4820 fuerint
3027 4764 3144 4820 haec
3192 4765 3250 4818 in
3299 4766 3558 4833 praesenti

1975 4857 2161 4912 dicta:
2201 4876 2220 4908 ‹
2275 4856 2453 4912 Nolite
2509 4871 2730 4926 sperare
2784 4859 2838 4911 in
2868 4857 3176 4927 iniquitate,
3221 4865 3276 4912 et
3308 4858 3560 4928 rapinam

1975 4946 2152 5002 nolite
2193 4949 2592 5017 concupiscere
2619 4965 2632 5001 :
2665 4947 2872 5002 divitia:
2899 4948 2944 5002 si
2976 4946 3218 5010 atlluant,
3252 4947 3422 5003 nolite
3459 4962 3558 5002 cor

1975 5050 2270 5104 apponere.
2312 5057 2330 5089 ι
2361 5035 2519 5102 Quod
2554 5037 2599 5091 si
2631 5044 2691 5091 tu
2728 5051 2824 5106 per
2851 5036 3022 5090 otium
3051 5037 3199 5090 dicta
3229 5037 3284 5091 in
3317 5045 3555 5108 utroque

1974 5129 2188 5200 psalmo
2217 5131 2394 5200 posita
2434 5129 2723 5184 adversum
2757 5129 3081 5190 contuleris,
3129 5129 3378 5184 eamdem
3429 5145 3554 5195 5pc-

1967 5227 2122 5276 etare
2163 5221 2491 5276 sententiam
2539 5220 2940 5292 deprehendes.
2997 5218 3163 5272 David
3213 5218 3396 5288 itaque
3447 5221 3548 5289 ipsi

1965 5312 2200 5370 ldithum
2226 5313 2510 5368 accidente
2526 5312 2844 5373 tentatione,
2867 5324 2919 5368 et
2936 5311 3168 5367 fortasse
3199 5312 3378 5382 lapsu,
3409 5313 3550 5373 hanc

351 5469 845 5535 "Psal.xxxvm,
883 5469 1026 5535 2,5.
1104 5468 1150 5500 ’³
1185 5469 1316 5526 ibid.
1353 5471 1406 5524 9.
1481 5471 1529 5502 δι
1569 5470 1698 5524 ibid.
1731 5468 1784 5522 6.
1861 5469 1907 5500 σι
1948 5467 2081 5525 ibid.
2119 5468 2207 5524 te.
2287 5469 2334 5499 ⁸ο
2370 5452 2504 5524 ibid.
2543 5467 2656 5525 7-9.

366 5653 446 5726 (l)
481 5652 611 5708 Post
632 5653 747 5708 haec
780 5652 1031 5726 sequitur
1070 5652 1351 5726 catalogus
1380 5652 1663 5726 titulorum
1692 5650 1912 5726 Eusebii
1936 5651 2004 5726 Ain
2042 5651 2294 5726 unde_cim
2338 5661 2638 5726 sequentes
2661 5653 2900 5726 psalmos
2951 5655 3052 5710 hoc
3087 5655 3222 5710 ritu.
3274 5649 3542 5726 Σχολικσῗρ

297 5715 606 5795 ἐξηγήσεων
632 5728 711 5785 εἰς
734 5715 1777 5806 τοὺςῖὺποτεταγμένόυς-’ψαλμοὺςἎείς
1807 5723 1898 5773 τὸν
1931 5720 2031 5786 Ea’,
2074 5725 2133 5774 ἐν
2170 5715 2214 5790 ᾧ
2247 5723 2364 5775 ἐστὶ
2398 5715 2718 5776 διδασκαλία
2743 5725 3136 5796 θεραπευτικὴ.
3179 5733 3232 5778 et
3286 5715 3368 5780 sic
3395 5729 3496 5778 titt.
3525 5725 3542 5778 i

295 5792 582 5866 cujusque,
607 5812 780 5864 usque
813 5795 879 5847 ad
915 5801 1012 5859 oa',
1031 5803 1090 5847 ut
1121 5795 1274 5846 imtio
1303 5793 1432 5848 editi
1460 5803 1608 5856 sunt,
1631 5792 1946 5846 aeruutur.

574 5891 845 5948 PATROL.
885 5890 1002 5949 Gn.
1050 5887 1284 5948 XXlll.

3182 5882 3255 5940 19
