4100 6442
619 377 724 432 587

1334 370 1606 429 EUSEBII
1642 370 2132 430 CESAIHENSIS
2169 372 2321 430 OI’P.
2350 371 2534 429 PARS
2571 372 2658 429 lil.
2698 370 3210 429 —EXEGETICA.
3793 380 3874 440 583

617 492 928 551 doctrinam
965 490 1193 547 medela
1223 498 1590 562 opportunam
1623 490 1922 548 tradidisse
1952 490 2192 559 videtur;

2307 490 2477 563 αὐτῆς
2520 488 2785 562 ἐχομένας
2828 488 3088 553 διανοίας.
3137 489 3195 542 '0
3221 489 3421 545 τοίνυν
3453 488 3624 542 Δαυῖδ
3649 490 3778 548 ἔοικε
3815 498 3877 568 τῷ

617 593 677 641 ιιι
703 598 828 642 sese
856 581 1151 654 reciperet,
1177 588 1233 638 et
1281 595 1314 636 a
1346 580 1505 652 lapsu
1543 589 1850 637 revocaret.
1899 579 1959 637 In
1989 597 2198 638 xxxviii

612 675 836 750 quidem
870 673 1053 746 ipsum
1085 673 1433 739 instituebat,
1463 683 1527 730 ut
1552 688 1677 731 sese
1703 674 2109 741 cohortaretur,
2135 690 2203 733 ac

612 784 804 827 secum
831 764 1111 838 colloquia
1148 765 1406 822 misceret
1440 764 1801 837 diceretque:
1845 784 1864 819 ι
1903 764 2024 821 Dixi
2054 764 2203 822 :Cu—

612 858 852 917 stodiam
903 858 1026 915 vias
1070 871 1245 923 meas,
1276 863 1338 914 ut
1386 871 1498 913 non
1546 854 1866 929 delinquam
1908 857 1964 912 in
2015 856 2201 929 lingua

611 967 773 1009 mea.
807 948 975 1009 Ροεηί
1023 949 1106 1006 ori
1141 963 1266 1006 meo
1316 947 1652 1014 custodiam,
1698 964 1824 1005 cum
1873 949 2232 1006 consisteret‘

610 1049 872 1116 peccator
905 1040 1201 1098 adversum
1231 1055 1340 1105 me,
1369 1039 1620 1098 obmutui
1651 1048 1704 1097 et
1733 1039 2056 1097 humiliatus
2076 1056 2198 1097 sum

608 1142 666 1192 et
700 1133 829 1193 silui
857 1147 890 1188 a
920 1131 1107 1200 bonis,
1147 1138 1203 1189 et
1232 1131 1393 1188 dolor
1424 1146 1584 1189 meus
1626 1141 1926 1189 renovatus
1958 1141 2046 1190 est
2066 1133 2135 1198 ⁵⁷,
2172 1151 2193 1186 ι

608 1235 667 1281 et
706 1233 924 1282 caetera.
957 1221 1018 1279 ln
1050 1223 1254 1296 quibus
1280 1220 1437 1279 adest
1466 1230 1523 1279 et
1553 1221 1688 1278 illud
1717 1241 1730 1278 :
1772 1241 1794 1276 ι
1829 1224 1913 1279 Ab
1941 1223 2199 1280 omnibus

609 1318 998 1392 iniquitatibus
1028 1317 1167 1375 meis
1200 1315 1353 1388 eripe
1380 1330 1488 1381 me,
1521 1315 1879 1387 opprobrium
1915 1314 2197 1388 insipienti

607 1410 809 1471 dedisti
838 1427 949 1470 me.
979 1409 1248 1468 Obmutui
1276 1416 1332 1465 ct
1364 1424 1478 1464 nun
1505 1410 1700 1480 aperui
1732 1424 1797 1467 os
1823 1424 2029 1475 meum,
2058 1423 2199 1481 quo.

607 1507 758 1563 niam
787 1512 847 1561 tu
878 1503 1061 1562 fecisti
1083 1504 1170 1572 ⁸⁸;
1208 1523 1227 1557 ι
1261 1518 1326 1559 ae
1354 1517 1592 1559 rursus:
1627 1520 1649 1555 ι
1679 1503 1885 1558 Atnove
1909 1517 1939 1557 a
1971 1516 2059 1559 me
2087 1503 2199 1574 pla-

608 1613 709 1671 gas
740 1607 887 1655 tuas.
924 1596 972 1652 Α
1007 1594 1333 1653 fortitudine
1361 1609 1558 1650 manus
1583 1602 1693 1650 tua:
1720 1607 1824 1666 ego
1855 1592 2031 1649 deieci
2052 1593 2123 1649 ”.
2169 1612 2190 1647 ι

605 1691 737 1748 Πωο
779 1700 841 1748 et
876 1690 1084 1749 similia
1127 1697 1193 1746 ut
1226 1686 1436 1746 diceret
1481 1703 1548 1745 ac
1588 1687 1701 1745 Deo
1748 1688 1889 1744 tales
1916 1686 2195 1745 orationes

606 1786 902 1852 emitteret,
956 1786 1012 1842 in
1059 1784 1155 1842 illo
1206 1785 1421 1857 psalmo
1465 1782 1859 1840 instituebatur
1910 1779 2191 1849 lditbum;

2321 582 2559 655 Ἰδιθοὺμ
2604 581 2900 655 πειρασμῷ
2956 600 3065 638 τινι
3098 583 3453 648 πεπτωκότι,
3485 582 3634 654 τάχα
3684 602 3775 640 που
3810 593 3883 647 καὶ

2308 676 2655 750 ὀλισθήματι,
2680 674 3030 732 διδασκαλίαν
3079 674 3508 750 θεραπευτικῆν
3548 677 3885 749 παραδέδωκε.

2307 786 2396 823 ναι
2418 785 2433 800 ⁸
2480 769 2630 833 ὅπως
2678 768 2748 823 ἂν
2778 767 2935 823 λάϐοι
2967 767 3157 822 ἑαυτὸν
3179 806 3196 835 ,
3247 769 3351 823 καὶ
3404 767 3773 839 ἀνακτήσαιτο
3814 770 3886 825 τοῦ

2307 860 2617 934 συμϐάντος
2646 858 2797 932 αὑτῴ
2819 860 3183 933 πταίσματος.
3218 860 3525 915 Ἐδίδασκε
3579 859 3713 929 γοῦν
3756 863 3890 917 αὑτὸν

2306 953 2366 1006 ὲν
2395 953 2494 1026 μὲν
2519 950 2600 1024 τῷ
2625 952 2707 1024 λη’
2733 952 2914 1025 ἑαυτῷ
2939 956 3244 1027 παραινεῖν,
3270 952 3376 1007 καὶ
3410 952 3563 1026 πρὸς
3593 952 3781 1006 ἑαυτὸν
3805 953 3893 1010 δια-

2306 1045 2560 1117 λέγεσθαι
2587 1048 2683 1102 καὶ
2711 1047 2895 1118 λέγειν
2915 1065 2930 1081 ο
2965 1066 2985 1100 ι
3010 1043 3155 1102 Εἷπα
3172 1062 3187 1077 ·
3210 1046 3458 1114 Φυλὰξω
3487 1046 3596 1111 τὰς
3621 1046 3771 1113 ὁδούς
3795 1068 3894 1120 μου,

2305 1139 2401 1196 τοῦ
2439 1140 2515 1213 μὴ
2537 1141 2873 1214 ἁμαρτάνειν
2894 1140 2954 1197 ὲν
2987 1140 3212 1215 γλώσσῃ
3242 1158 3375 1212 μου.
3428 1138 3682 1211 Ἐθὲμην
3706 1140 3781 1213 τῷ
3804 1142 3897 1197 στό-

2308 1235 2441 1306 ματί
2469 1252 2572 1307 μου
2614 1233 2899 1307 φυλακὴν,
2934 1235 2994 1289 ἐν
3014 1232 3094 1307 τῷ
3123 1233 3396 1305 συστῆναι
3455 1232 3558 1288 τὸν
3604 1234 3897 1307 ἁμαρτωλὸν
4014 1272 4015 1307 ς

2304 1302 2537 1381 ἐνώπιόν
2579 1302 2704 1399 μου.
2722 1302 3076 1398 Ἐκωφώθηνξ
3102 1325 3199 1381 καὶ
3231 1302 3661 1393 ἐταπεινώθηνξ
3690 1302 3779 1377 κά)-
3809 1323 3899 1379 ἒτῖ·

2303 1435 2452 1492 γησα
2478 1417 2539 1487 ἐξ
2570 1416 2828 1489 ἀγαθῶν,
2861 1417 2960 1473 καὶ
2997 1417 3060 1472 τὸ
3081 1417 3306 1491 ἀλγημά
3338 1434 3460 1490 μου
3491 1415 3860 1488 ἀνεκαινίσθη,
3878 1437 3893 1466 ι

2303 1509 2400 1567 καὶ
2425 1509 2495 1565 τὰ
2522 1508 2734 1574 τούτοις
2748 1508 2900 1580 ἑξῆς.
2970 1508 3060 1564 Ἐν
3092 1502 3176 1574 οἷς
3207 1503 3276 1581 ῆν
3304 1508 3413 1564 καὶ
3454 1505 3557 1571 τὸ,
3594 1525 3616 1560 ι
3659 1507 3789 1561 Ἀπὸ
3812 1525 3900 1562 πα-

2304 1600 2415 1657 σῶν
2432 1601 2543 1657 τῶν
2573 1600 2816 1675 ἀνομιῶν
2834 1576 2945 1674 μου
2980 1600 3142 1675 ῥῦσαί
3272 1618 3288 1633 ’
3322 1599 3553 1665 δνειδος
3583 1598 3780 1672 ἄφρονι
3801 1600 3901 1656 ἔδω-

2301 1695 2407 1789 κάς
2575 1694 2909 1789 Ἐκωφώθην
2946 1695 3044 1789 καὶ
3082 1695 3186 1789 οὑκ
3212 1693 3411 1767 ῆνοιξα
3455 1694 3529 1749 τὸ
3796 1711 3901 1766 μου,

2301 1787 2384 1842 ὅτι
2418 1786 2484 1841 σὺ
2528 1786 2824 1858 ἐποίησας’
2864 1805 2884 1840 ι
2927 1786 3024 1840 καὶ
3072 1785 3275 1841 πάλιν·
3333 1803 3354 1839 ι
3438 1783 3787 1856 ’Δττόστητον
3820 1785 3899 1840 ἀπ’
4014 1783 4015 1823 l

604 1882 663 1939 in
693 1881 799 1938 hoc
832 1888 1017 1937 autem
1047 1879 1305 1937 similiter
1331 1877 1511 1937 eidem
1540 1879 1664 1935 viro
1690 1885 1885 1934 auctor
1914 1883 2001 1932 est
2024 1873 2192 1931 David

2299 1869 2438 1951 ἐμοῦ
2467 1876 2569 1942 τὰς
2598 1875 2872 1949 μάστιγάς
2903 1893 3019 1932 σου.
3060 1875 3195 1931 ’Λπὸ
3216 1875 3318 1948 τῆς
3349 1875 3561 1948 ίσχὺος
3595 1876 3701 1947 τῆς
3744 1874 3901 1946 χειρός

605 1983 667 2030 ιιι
701 1973 976 2046 colloquia
1010 1987 1199 2030 secum
1233 1972 1468 2028 misceat
1490 1985 1557 2026 ac
1584 1970 1771 2027 dicat:
1809 1989 1829 2022 ι
1860 1967 2057 2025 Nonne
2083 1965 2196 2025 Deo

605 2065 858 2137 subjecta
886 2067 994 2124 erit
1024 2066 1207 2121 anima
1238 2081 1361 2121 mea
1407 2082 1424 2121 :
1460 2062 1533 2120 ab
1585 2063 1707 2134 ipso
1757 2062 1905 2119 enim
1953 2061 2196 2119 salutare

604 2158 833 2214 meum?
867 2177 887 2211 ι
912 2158 1081 2225 Queis
1108 2157 1385 2230 significat
1408 2171 1470 2215 se
1488 2155 1797 2224 vacillassc,
1818 2169 1884 2211 ac
1898 2154 2193 2226 quamdam

602 2248 1077 2318 perturbationem
1133 2248 1332 2304 anima:
1378 2262 1606 2321 passum
1651 2261 1795 2303 esse.
1836 2244 1977 2313 Quia
2025 2245 2196 2318 igitur

603 2341 992 2413 ingruentibus
1024 2342 1398 2400 teutatoribus
1444 2340 1720 2398 tantillum
1764 2339 1948 2395 animo
1986 2337 2193 2394 fractus

602 2443 706 2498 est,
731 2431 785 2488 id
815 2431 1284 2498 animadvertetis,
1315 2446 1427 2487 non
1451 2440 1512 2487 ut
1532 2430 1626 2487 ille
1650 2428 1743 2501 qui
1770 2426 2010 2494 dicebat,
2037 2446 2056 2480 ι
2087 2425 2192 2484 Mei

604 2535 789 2584 autem
818 2541 960 2598 pene
988 2527 1123 2582 moti
1152 2533 1282 2583 sunt
1311 2524 1479 2599 pedes
1501 2524 1591 2594 ⁶⁶;
1634 2542 1656 2599 i
1694 2522 1790 2580 sed
1829 2529 1891 2578 ut
1918 2536 2048 2579 vere
2075 2536 2195 2577 mo-

602 2627 719 2685 tus,
754 2594 1075 2675 necessario
1107 2618 1176 2675 ad
1202 2594 1330 2675 haec
1362 2615 1597 2675 dicenda
1625 2594 1970 2673 instituitur:
2008 2630 2029 2667 ι
2070 2611 2192 2671 Non

601 2703 866 2762 movebor
891 2703 1129 2775 amplius
1154 2721 1173 2771 ;
1201 2722 1221 2757 ι
1246 2703 1363 2759 sive
1384 2700 1692 2759 secundum
1714 2698 1993 2770 Aquilam,
2018 2715 2038 2749 ι
2068 2695 2193 2753 Fal-

602 2796 687 2849 lar
716 2796 948 2851 multum
973 2811 990 2864 ;
1050 2813 1070 2848 »
1111 2793 1417 2851 secundum
1446 2793 1695 2866 quintam
1727 2790 2022 2849 editionem
2050 2790 2190 2848 dici-

603 2894 693 2942 tur
722 2887 913 2953 etiam,
966 2905 988 2939 ι
1045 2884 1167 2943 Non
1216 2884 1484 2943 movebor
1514 2884 1773 2957 amplius.
1835 2901 1854 2936 ι
1911 2868 2194 2940 Consonat

601 2986 785 3036 autem
819 2979 1087 3036 doctrinm
1134 2979 1425 3051 praesentis
1459 2977 1730 3035 sententia
1762 2974 2062 3048 prophetiae
2105 2974 2192 3033 di-

599 3073 748 3130 centi
776 3091 790 3128 :
827 3091 847 3126 ι
886 3071 982 3130 Va:
1003 3075 1098 3145 qui
1126 3072 1429 3131 detrahunt
1456 3079 1686 3144 peccata
1714 3078 1775 3125 ut
1804 3069 2050 3126 funiculo
2070 3068 2191 3126 lou-

598 3179 690 3237 go,
719 3175 775 3221 et
798 3165 959 3237 quasi
994 3164 1226 3236 plaustri
1264 3163 1388 3220 loro
1415 3162 1652 3232 bucula,
1689 3160 2010 3234 iniquitates
2035 3161 2115 3228 ⁶¹;
2163 3179 2183 3213 ι

2302 1989 2397 2027 σου
2415 1967 2526 2042 ἐγὼ
2540 1966 2810 2036 ἐξέλιπον.
2842 1987 2863 2022 ι
2889 1967 3077 2024 Ταῦτα
3109 1968 3206 2023 καὶ
3224 1967 3295 2023 τὰ
3323 1966 3579 2024 τοιαῦτα
3613 1965 3902 2022 ἐδιδάσκετε)

2299 2062 2480 2131 λέγειν
2531 2062 2627 2118 καὶ
2672 2061 2754 2135 τῷ
2802 2060 2923 2135 Θεῷ
2959 2060 3216 2127 τοιαύτας
3259 2061 3437 2133 εὐχὰς
3486 2059 3845 2132 ἀναπέμπειν
3874 2060 3901 2113 6
4014 2056 4015 2083 ‘

2312 2153 2545 2228 Ἰδιθοὺμ
2571 2157 2630 2210 ὲν
2662 2154 2858 2228 ἐκείνῳ
2883 2171 2898 2186 σ
2933 2152 3030 2209 καὶ
3058 2154 3116 2208 ὲν
3137 2152 3219 2225 τῷ
3254 2153 3395 2226 μετά
3426 2156 3639 2226 χεῖρας
3660 2152 3719 2208 δὲ
3750 2150 3897 2206 (beati-

2297 2266 2409 2315 τως
2432 2248 2524 2305 τὸν
2551 2249 2718 2304 αὑτὸν
2743 2248 2913 2320 ἄνδρα
2930 2249 2961 2303 6
2983 2245 3150 2303 Δαυῖδ
3167 2246 3413 2304 διδάσκει
3438 2245 3639 2319 ἑαυτῷ
3668 2244 3900 2320 προσδια-

2298 2341 2554 2414 λέγεσθαι
2588 2342 2683 2398 καὶ
2716 2338 2927 2412 λέγειν’
2961 2359 2982 2394 ι
3035 2340 3175 2415 υὺχὶ
3211 2339 3292 2413 τῷ
3328 2339 3460 2414 Θεῷ
3498 2339 3896 2410 ὑποταγήσεται

2297 2439 2334 2511 ὴ
2379 2436 2553 2514 ψυχήν
2577 2450 2722 2509 μους
2760 2438 2894 2510 παρ’
2926 2432 3093 2490 αὑτοῦ
3146 2433 3256 2508 γὰρ
3302 2433 3366 2489 τδ
3410 2431 3703 2506 σωτήριόν
3738 2447 3851 2502 μου.
3875 2447 3892 2479 ι

2298 2526 2562 2600 Σημαίνει
2611 2524 2971 2582 σεσαλεῦσθαι
3018 2524 3212 2591 αὑτὸν,
3251 2523 3351 2580 καί
3382 2541 3525 2582 τινα
3544 2521 3801 2597 ταραχὴν
3838 2520 3894 2591 τῇ

2295 2616 2443 2691 ψυχῇ
2478 2615 2828 2673 πεπονθέναι.
2893 2618 3047 2673 Ἐπεὶ
3091 2617 3274 2672 τοίνυν
3296 2655 3312 2681 ,
3357 2616 3476 2672 τῶν
3536 2614 3893 2688 πειραζόντων

2296 2707 2633 2781 ἐπιθεμένων
2675 2708 2825 2781 αὐτῷ
2847 2749 2864 2775 ,
2898 2708 3091 2780 γέγονέ
3123 2727 3209 2774 τις
3241 2709 3393 2782 αὑτῷ
3426 2707 3673 2769 ἀτονία,
3720 2701 3895 2778 ᾔσθετό

2294 2815 2357 2854 τε
2393 2797 2587 2854 ἑαυτοῦ
2631 2800 2695 2854 οὑ
2721 2801 2868 2856 κατά
2898 2800 2989 2855 τὸν
3018 2800 3313 2874 εἰρηκότα·
3355 2817 3374 2851 ι
3431 2796 3618 2871 Ἐμοῦ
3666 2795 3727 2851 δὲ
3759 2792 3890 2864 παρά

2300 2888 2496 2964 μικρὸν
2523 2889 2900 2965 ἑσαλεὺθησαν
2932 2890 2983 2945 οί
3017 2890 3177 2955 πόδες
3199 2929 3215 2956 ,
3251 2908 3271 2943 ι
3328 2889 3475 2945 ἀλλά
3533 2888 3640 2943 καὶ
3695 2883 3892 2955 ἀληθῶς

2297 2981 2650 3048 σαλευθέντος
2668 3000 2683 3014 ·
2717 2983 3036 3054 ἀναγκαίως
3056 2980 3369 3038 διδάσκεται
3392 2982 3593 3053 λέγειν
3616 2997 3632 3011 ⁸
3676 2998 3698 3033 ι
3727 2978 3799 3033 οὑ
3824 2977 3890 3049 μὴ

2297 3067 2543 3125 σαλευθῶ
2567 3071 2661 3125 ἐπὶ
2690 3070 2874 3127 πλεῖον
2896 3086 2910 3101 '
2947 3089 2967 3125 ι
3001 3070 3035 3144 ἢ
3070 3071 3215 3127 κατά
3246 3070 3337 3127 τὸν
3386 3071 3686 3128 Ἀκὺλανο-
3708 3087 3729 3122 ι
3764 3068 3889 3137 Σφε-

2294 3160 2529 3235 λήσομαι
2541 3161 2758 3244 ,πολλήν
2781 3181 2795 3195 ο
2827 3182 2847 3216 i
2876 3163 2972 3219 καὶ
2994 3163 3138 3220 κατά
3168 3163 3267 3237 τὴν
3300 3165 3576 3238 πέμπτην
3600 3162 3661 3218 δὲ
3699 3160 3888 3217 ἔκδυσιν

599 3263 769 3327 atque
817 3255 937 3312 illi:
976 3271 996 3307 ι
1054 3252 1314 3326 Nunquid
1345 3252 1442 3325 qui
1469 3253 1639 3319 cadit,
1692 3265 1806 3308 non
1833 3257 2106 3323 resurget,
2135 3258 2191 3307 et

2293 3252 2540 3328 εἴρηταιο
2575 3273 2595 3309 ι
2634 3255 2711 3311 Οὐ
2746 3255 2825 3329 μὴ
2856 3254 3104 3311 σαλευθῶ
3137 3257 3232 3312 ἐπὶ
3280 3256 3495 3313 πλεῖον.
3545 3276 3567 3311 ι
3599 3253 3887 3327 Σὺμφωνος

599 3347 696 3418 qui
723 3347 995 3404 avertitur
1025 3361 1137 3403 non
1163 3344 1512 3403 revertetur?
1532 3342 1716 3412 Quare
1737 3344 2007 3401 avertitur
2032 3358 2187 3400 aver-

598 3437 757 3495 sione
802 3434 1303 3510 impudentiidicit
1354 3433 1620 3492 Dominus
1643 3435 1712 3490 ".
1748 3452 1770 3487 ι
1813 3431 1943 3489 Ηιοο
1986 3433 2189 3505 quippe

602 3529 791 3587 omnia
822 3528 1026 3587 docent
1053 3542 1181 3585 eum
1211 3527 1309 3599 qui
1345 3526 1519 3584 semel
1545 3527 1734 3599 lapsus
1759 3524 1854 3595 sit,
1887 3535 1946 3582 ut
1973 3524 2026 3581 in
2054 3540 2185 3599 pecs

597 3632 725 3682 cato
753 3638 866 3680 non
905 3631 1152 3691 maneat,
1194 3636 1375 3693 neque
1401 3619 1743 3692 despondeat
1784 3618 2054 3685 animum,
2089 3632 2188 3675 ue-

598 3731 707 3789 que
760 3714 1084 3772 tentationis
1136 3713 1311 3770 ﬂuxui
1371 3727 1495 3770 sese
1549 3711 1861 3770 dedititium
1923 3710 2181 3784 praebeat.

597 3808 782 3877 Quare
803 3806 1125 3864 necessario
1152 3805 1419 3863 edocetur
1438 3802 1675 3860 lditbum
1705 3803 1775 3860 ad
1805 3802 1890 3859 sui
1916 3801 2182 3859 medelam

595 3902 714 3960 haec
744 3902 1031 3975 proferre:
1069 3906 1236 3972 atque
1281 3899 1462 3971 primo
1508 3897 1579 3954 ad
1614 3912 1877 3971 magnum
1926 3893 2185 3953 Servato-

593 4010 713 4052 rem
740 4004 797 4052 et
838 3995 1148 4051 animarum
1178 3990 1453 4051 medicum
1505 3988 1842 4063 coniugem;
1877 3986 2185 4060 deindeque

595 4088 837 4145 animam
865 4101 1025 4143 suam
1057 4101 1169 4142 non
1198 4083 1540 4148 hominibus,
1572 4095 1753 4154 neque
1798 4089 2066 4137 terrorem
2099 4079 2185 4134 in-

593 4179 934 4237 cutientibus
962 4177 1276 4250 subjicere;
1309 4176 1406 4235 sed
1440 4190 1612 4235 unum
1644 4187 1905 4249 magnum
1938 4170 2181 4245 iudicem

591 4281 650 4331 et
693 4271 865 4330 Deum
912 4271 985 4328 ob
1028 4271 1222 4328 oculos
1259 4283 1484 4342 ponere,
1532 4267 1751 4340 ipsique
1798 4266 1901 4323 soli
1938 4264 2178 4321 animam

594 4364 870 4438 subjicere
897 4379 1079 4429 suam,
1108 4363 1453 4434 liberamque
1482 4360 1660 4433 ipsam
1710 4358 1781 4415 ab
1808 4356 1961 4415 omni
1991 4364 2169 4413 extra-

591 4474 699 4517 neo
727 4467 878 4516 metu
910 4466 1176 4514 statuere.
1218 4455 1588 4525 Quamobrem
1618 4451 1699 4510 ait
1725 4473 1737 4509 :
1787 4470 1805 4505 ι
1844 4449 2038 4506 Nonne
2069 4447 2180 4506 Deo

2287 3345 2333 3401 δ’
2366 3342 2434 3401 ἂν
2478 3345 2566 3421 εἴη
2597 3346 2629 3401 6
2671 3346 2801 3413 νοῦς
2839 3348 2942 3418 τῆς
2995 3348 3366 3422 προκειμένης
3412 3345 3781 3410 διδασκαλίας
3826 3344 3883 3414 τῇ

2289 3438 2574 3513 φασκοὺσῃ
2625 3441 2963 3515 προφητείαο
3009 3459 3030 3495 ι
3072 3440 3210 3496 Οὐαὶ
3266 3443 3317 3497 oi
3357 3441 3748 3514 ἐπισπώμενοι
3798 3436 3884 3499 τὰς

2287 3528 2563 3602 ἁμαρτίας
2590 3531 2668 3597 ὡς
2701 3533 2923 3606 σχοινίῳ
2980 3532 3201 3609 μακρῷ,
3236 3532 3332 3588 καὶ
3369 3532 3446 3599 ῶς
3480 3532 3662 3604 ζυγοῦ
3717 3529 3881 3602 ἱμάντι

2285 3620 2571 3695 δαμάλεως
2623 3622 2726 3689 τὰς
2768 3624 2998 3698 ἀνομίας
3022 3644 3036 3660 ο
3079 3644 3099 3679 ι
3131 3624 3227 3681 καὶ
3259 3624 3340 3697 τῷ
3370 3666 3385 3691 ,
3429 3644 3447 3677 ι
3498 3625 3599 3698 Μὴ
3630 3624 3662 3677 6
3684 3621 3880 3677 πίπτων

2285 3713 2388 3769 οὑκ
2427 3713 2714 3769 ἀνίσταται
2734 3754 2750 3779 ,
2784 3715 2880 3770 κού⁸
2916 3716 2945 3769 6
2976 3715 3340 3788 ἀποστρέφων
3388 3715 3492 3771 οὐκ
3519 3708 3877 3785 ἀναστρέφεις

2292 3804 2411 3860 Ἵνα
2437 3805 2491 3861 τί
2523 3804 2930 3880 ἀποστρέφεται
2962 3808 3317 3883 ἀποστροφὴν
3349 3807 3575 3880 ἀναιδῆ,
3609 3806 3762 3876 λέγει
3779 3799 3879 3856 Κύ-

2287 3914 2444 3972 ριος;
2482 3919 2502 3954 ι
2540 3900 2728 3956 Πάντα
2756 3899 2869 3973 γάρ
2886 3900 3060 3956 ταῦτα
3087 3901 3328 3957 διδάσκει
3370 3902 3465 3958 τὸν
3506 3900 3662 3969 ᾶπαξ
3708 3900 3879 3969 ἡμαρι

2281 3993 2489 4065 τηκότα
2517 3992 2594 4066 μὴ
2627 3991 2968 4068 παραμένειν
2998 3994 3080 4067 τῷ
3113 3996 3479 4068 ἁμαρτήματι
3506 4035 3523 4061 ν
3581 3993 3722 4068 μηδὲ
3754 3990 3877 4044 ἀπὶ.

2282 4082 2575 4156 γινώσκειν
2595 4085 2811 4151 ἑαυτὸν,
2844 4085 2979 4160 μηδὲ
3010 4085 3225 4143 ἔκδοτον
3249 4087 3514 4161 παρέχειν
3537 4086 3621 4160 τῷ
3649 4082 3747 4140 τοῦ
3772 4096 3879 4134 1:5:—

2287 4173 2545 4248 ρατηρίου
2574 4172 2827 4247 ῥεύματι.
2864 4173 2958 4229 Διδ
2983 4175 3301 4245 ἀναγκαίως
3343 4177 3666 4232 διδάσκεται
3696 4174 3726 4227 6
3768 4168 3874 4224 Ἰδι-

2282 4266 2424 4341 θοὺμ
2453 4266 2679 4337 ἐπᾴδειν
2713 4267 2914 4340 ἐαυτῷ,
2951 4268 3052 4324 καὶ
3076 4267 3144 4325 τὰ
3173 4269 3517 4343 προκείμενα
3541 4270 3728 4340 λέγειν
3750 4276 3764 4296 ⁶
3790 4258 3874 4316 καὶ

2281 4358 2501 4433 πρῶτον
2536 4358 2635 4432 μὲν
2671 4360 2766 4415 ἐπὶ
2807 4359 2903 4415 τὸν
2942 4358 3117 4433 μέγαν
3143 4361 3373 4435 Σωτῆρα
3407 4362 3504 4417 καὶ
3550 4361 3663 4417 τῶν
3698 4352 3869 4429 ψυχῶν

2284 4452 2468 4526 ἰατρὸν
2504 4451 2906 4523 καταφεύγειν’
2943 4453 3135 4509 ἔπειτα
3169 4454 3494 4511 ὑποτάττειν
3537 4454 3642 4528 τὴν
3685 4442 3867 4506 tactv-3

591 4552 841 4624 subjecta
870 4550 978 4607 erit
1033 4550 1218 4606 anima
1258 4547 1426 4605 mea?
1456 4566 1476 4602 ι
1512 4556 1569 4603 et
1591 4552 1810 4602 cetera.
1836 4545 1937 4598 llic
1958 4556 2176 4598 rursum

2293 4540 2481 4614 ψυχὴν,
2503 4540 2701 4615 μηκέτι
2733 4541 3061 4615 ἀνθρώποις,
3097 4544 3233 4617 μηδὲ
3256 4548 3369 4611 τοῖς
3400 4544 3758 4618 ἐκφοδοῦσιν·
3783 4538 3866 4592 ἕνα

590 4647 835 4704 salutare
882 4643 1151 4701 llebraica
1201 4658 1360 4707 voce,
1412 4648 1470 4698 et
1517 4637 1815 4711 ipsissimis
1862 4634 2173 4700 elementis,

2293 4609 2339 4687 is
2359 4609 2527 4707 p.6vov
2547 4609 2654 4709 πρὸ
2678 4609 2974 4708 ὀφθαλμῶν
3000 4609 3228 4710 θέμενον
3255 4609 3361 4693 τὸν
3390 4609 3567 4711 μέγαν
3595 4634 3789 4711 κριτήν
3811 4642 3862 4683 τε

590 4740 748 4810 queis
778 4737 1041 4794 salutaris
1069 4735 1246 4792 nostri
1275 4732 1408 4792 Jesu
1438 4744 1643 4789 nomen
1669 4728 1951 4785 scribitur.
2014 4766 2021 4773 .

2284 4726 2380 4782 καὶ
2413 4725 2569 4792 Θεὸν,
2601 4725 2752 4800 αὑτῷ
2792 4729 2940 4802 μόνῳ
2978 4728 3076 4802 τὴν
3106 4729 3301 4785 ἑαυτοῦ
3323 4730 3503 4803 ψυχὴν
3532 4727 3858 4786 ὑποτάττειν.

590 4828 911 4903 ιλευθεροῦν
952 4846 1013 4885 τε
1062 4827 1231 4901 αὐτὴν
1279 4826 1480 4891 παντὸς
1515 4821 1798 4895 ἀλλοτρίου
1858 4818 2044 4891 φόϐου.
2080 4817 2173 4872 Διό
2210 4834 2375 4890 φησιν
2400 4837 2413 4852 ο
2454 4837 2474 4871 ι
2511 4819 2646 4892 οὐχὶ
2678 4820 2758 4894 τῷ
2782 4819 2903 4894 Θεῷ
2931 4822 3339 4896 ὑποταγήσεται
3371 4825 3406 4897 ή
3432 4823 3581 4897 ψυχή
3649 4832 3781 4894 μους
3837 4830 3854 4865 ι

587 4921 685 4979 καὶ
703 4922 773 4977 τά
801 4923 947 4995 ἑξῆς.
966 4921 1136 4977 Πάλιν
1155 4921 1211 4975 δὲ
1232 4917 1511 4975 κάνταῦθα
1524 4916 1589 4973 τὸ
1613 4916 1881 4988 σωτήριον
1909 4911 2173 4985 Ἐὀραῑκῇ
2211 4914 2365 4985 φωνῇ
2401 4911 2493 4966 διὰ
2521 4912 2634 4967 τῶν
2673 4914 2853 4969 αὑτῶν
2886 4915 3188 4986 στοιχείων,
3256 4915 3326 4971 δι’
3394 4909 3472 4973 ὧν
3509 4916 3777 4991 γράφεται
3806 4905 3857 4960 τὸ

586 5014 681 5071 τοῦ
715 5015 988 5090 σωτηρίου
1014 5014 1173 5089 ἡμῶν
1217 5012 1395 5086 Ἰησοῦ
1420 5011 1615 5085 ὄνομα,
1643 5008 1891 5081 φέρεται.

523 5152 537 5179 κ
658 5128 785 5186 llaec
826 5130 1015 5202 legens
1059 5129 1331 5202 quispiam
1373 5133 1682 5200 opportune
1727 5133 1981 5195 quarat:
2023 5117 2169 5188 Quid

586 5238 768 5281 causa
792 5230 879 5279 est
909 5220 1055 5293 quod
1085 5234 1212 5277 eum
1254 5218 1364 5281 duo
1418 5226 1634 5275 tantum
1688 5216 1802 5274 sint
1835 5235 1855 5269 ι
1913 5229 2017 5287 pro
2062 5211 2170 5268 ldi-

585 5316 763 5383 tbum,
802 5335 822 5370 ι
859 5316 944 5372 vel
976 5313 1282 5372 secundum
1316 5312 1592 5385 Aquilam,
1648 5330 1667 5365 ι
1730 5310 1799 5367 de
1840 5308 2103 5372 lditbum,
2144 5324 2164 5359 ο

585 5407 863 5479 inscripti,
893 5407 931 5462 ii
962 5417 1142 5461 tamen
1176 5420 1284 5460 non
1316 5411 1738 5475 consequenter,
1770 5399 1867 5458 sed
1899 5400 2062 5470 longo
2085 5398 2172 5453 in-

584 5503 817 5559 tervallo
848 5498 1033 5557 dissiti
1054 5497 1276 5570 iaceant
1309 5495 1408 5569 (l).
1439 5492 1618 5569 Ilujus
1651 5494 1732 5552 rei
1764 5506 2012 5561 causam,
2043 5503 2168 5546 eum

2344 5115 2600 5188 Εὑλόγως
2637 5116 2695 5171 δέ
2720 5134 2807 5184 τις
2845 5118 3102 5193 ζητήσειε
3137 5120 3350 5188 τούτοις
3382 5123 3759 5195 ἐντυγχάνων
3797 5113 3855 5168 τί

2272 5205 2475 5280 δήποτε
2506 5207 2685 5279 μόνων
2716 5206 2811 5263 δύο
2836 5209 3007 5266 ὄντων
3037 5210 3148 5267 τῶν
3178 5231 3201 5265 ι
3224 5212 3369 5286 ὑπὲρ
3398 5213 3494 5269 τοῦ
3519 5213 3796 5283 Ἰδιθοὺμνι
3820 5202 3850 5275 ἦ

2279 5321 2299 5355 ι
2322 5300 2454 5376 περὶ
2493 5300 2589 5357 τοῦ
2646 5302 2882 5377 Ἰδιθοὺμ
2910 5323 2930 5360 ι
2957 5304 3103 5360 κατά
3132 5306 3224 5363 τὸν
3262 5304 3494 5364 ’Δκύλαν
3528 5303 3844 5381 είρημένωνς

2270 5394 2384 5450 οὔτ’
2415 5394 2615 5469 ἐφεξῆς
2647 5396 2900 5468 ἀλλήλοις
2932 5400 3144 5456 κεῖνται
3193 5400 3535 5475 ἀμφότεροι,
3571 5396 3777 5476 μακρὰν
3802 5388 3843 5445 δ’

2274 5488 2749 5561 ἀπεσχοινισμένοι
2769 5492 3123 5564 τυγχάνουσι.
3149 5492 3264 5565 Τὴν
3290 5492 3349 5548 δὲ
3371 5493 3581 5550 τούτων
3601 5490 3770 5552 αἰτίαν
3790 5483 3839 5536 ἓν

655 5705 700 5741 ³⁷
742 5703 888 5762 Psal.
918 5718 1154 5762 xxxviii.
1182 5702 1304 5760 2-5.
1378 5703 1650 5772 l“'iliid.9,
1674 5705 1759 5761 l0.
1834 5705 1880 5738 ’⁸
1900 5703 2031 5761 ibid.
2063 5703 2151 5762 ll.
2184 5704 2250 5767 l2
2346 5703 2553 5764 "Psal.
2588 5721 2758 5775 usu,
2793 5706 2849 5765 2.
2924 5706 3094 5766 "lsa.
3124 5723 3179 5778 v,
3219 5706 3305 5765 l8.
3381 5705 3555 5767 “Jer.
3591 5695 3831 5773 vtn,l.5.

654 5861 736 5928 (ι)
770 5860 894 5919 llaec
917 5862 1197 5921 enarratio
1221 5877 1289 5919 ex
1319 5861 1604 5920 tricesimo
1630 5870 1830 5921 octavo
1856 5860 2071 5936 psalmo
2095 5860 2323 5921 excidit.
