4100 6442
297 413 409 469 589

1423 404 1918 462 εΟῗσῦΙΕΝΤΑΙὶΙᾹ
1949 405 2013 459 IN
2044 405 2383 463 PSALMOS.

3445 416 3550 470 590

297 537 415 598 τοῖς
461 531 762 604 εἰρημένοις
789 531 915 601 ἡμῖν
943 531 1020 593 εἰς
1059 529 1148 584 τὸν
1170 528 1274 600 λη’,
1304 533 1716 603 γραμματικαῖς
1749 531 1869 582 ἀπο-

1984 527 2050 581 de
2076 544 2283 582 xxxvui
2312 527 2974 598 ageretur,grammaticis
2991 527 3553 588 demonstrationibus

292 625 498 691 δείξεσι
532 624 976 695 παρεστήσαμεν.
1016 621 1176 676 Ἀλλὰ
1210 622 1302 674 καὶ
1334 622 1417 684 τίς
1443 617 1511 692 ἦν
1553 623 1581 675 6
1621 621 1877 691 Ὶδιθοίδμ,

1985 620 2164 674 allatis
2191 619 2602 690 descripsimus.
2638 616 2744 672 Sed
2769 619 2933 674 etiam
2961 624 3086 693 quis
3115 636 3262 680 esset
3290 625 3549 688 ldithum,

294 717 401 788 ἥδη
430 715 688 786 πρότερον
722 715 778 765 ἐν
813 712 961 784 αύτῷ
991 713 1182 785 ἐκείνῳ
1206 713 1606 785 δεδηλώκαμεν,
1648 715 1744 784 τὴν
1774 715 1869 767 ἀπὶ

1977 711 2091 780 jam
2130 712 2318 766 eodem
2353 713 2406 766 in
2438 714 2648 784 psalmo
2674 714 3096 782 declaravimus,
3121 717 3282 772 allata
3317 720 3382 772 ad
3412 720 3554 774 hanc

293 807 408 860 τῶν
442 805 932 876 Παραλειπομένων
969 805 1206 877 ἱστορίαν
1241 805 1638 878 παραθέμενοι·
1691 806 1756 858 δι’
1812 802 1879 876 ἧς

298 898 570 952 ἐδείκνυτο
601 891 680 960 εἷς
701 896 806 950 τῶν
836 895 1238 966 ὲκλελεγμένων
1260 899 1339 961 είς
1359 897 1420 950 τὸ
1449 900 1614 951 αίνεῖν
1637 898 1725 952 τὸν
1748 898 1878 950 Θεὸν

298 988 561 1059 γεγονώς.
610 988 920 1060 Γέγραπται
966 989 1126 1057 γοῦνο
1171 1008 1188 1040 ι
1236 989 1347 1042 Καὶ
1398 990 1715 1043 κατέλειπον
1763 991 1879 1043 ἐκεῖ

296 1081 539 1136 ἐναντίον
555 1081 650 1151 τῆς
669 1080 898 1134 κιϐωτοῦ
926 1081 1026 1151 τῆς
1047 1081 1322 1153 Διαθήκης
1349 1083 1555 1155 Κυρίου
1580 1083 1672 1137 τὸν
1703 1083 1876 1153 Ἀσάφ

295 1176 390 1228 καὶ
419 1175 541 1236 τοὺς
561 1172 818 1242 ἀδελφοὺς
844 1173 1007 1228 αὑτοῦ
1027 1174 1374 1245 λειτουργοὺς
1403 1175 1639 1229 ὲναντίον
1661 1177 1758 1246 τῆς
1788 1193 1874 1228 κι-

293 1264 492 1318 σωτού.
521 1283 539 1315 ι
560 1264 668 1317 Καὶ
699 1262 824 1332 ἑξῆς
855 1264 1088 1336 εἴρηταιο
1121 1284 1138 1316 ι
1166 1265 1342 1335 Αίμὰν
1369 1267 1464 1318 καὶ
1505 1265 1758 1336 Ίδιθοὺμ,
1783 1267 1874 1319 καὶ

295 1357 347 1409 οἱ
373 1355 547 1408 λοιποὶ
567 1354 886 1423 ὲκλεγέντεςθ
904 1358 988 1409 ἐπ’
1014 1357 1277 1427 ὀνόματος
1310 1357 1406 1412 τοῦ
1433 1359 1601 1412 αίνεῖν
1635 1359 1726 1412 τὸν
1758 1358 1873 1411 Κύ-

299 1466 449 1522 ριον,
500 1449 580 1502 ὅτι
630 1450 710 1511 είς
751 1448 922 1502 αἰῶνα
955 1449 1016 1501 τὸ
1067 1449 1214 1513 ἕλεος
1242 1449 1440 1504 αὐτοῦ·
1486 1469 1504 1502 ι
1549 1451 1645 1504 καὶ
1672 1452 1868 1504 πάλιν·

299 1562 324 1593 ‹
363 1542 497 1595 Μετ’
519 1540 696 1594 αὐτῶν
725 1541 902 1611 Αίμὰν
935 1542 1028 1594 καὶ
1067 1541 1321 1614 Ίδιθοὺμ,
1353 1543 1650 1612 σάλπιγγες
1686 1561 1746 1596 τε
1777 1545 1872 1598 καὶ

294 1631 548 1702 κύμϐαλα
581 1631 674 1686 τοῦ
708 1632 1005 1700 ἀναφωνεῖν
1028 1671 1042 1695 ,
1069 1632 1163 1685 καὶ
1195 1632 1399 1703 ὄργανα
1440 1633 1549 1686 τῶν
1593 1632 1745 1704 ᾠδῶν
1778 1633 1870 1686 τοῦ

294 1726 451 1789 Θεοῦ,
488 1725 593 1778 υἱοὶ
627 1723 862 1796 ἰδιθοὺμ
889 1727 966 1788 είς
985 1725 1083 1796 τὴν
1113 1724 1286 1796 πύλην
1307 1741 1318 1753 ·
1348 1744 1366 1776 ι
1398 1726 1491 1778 καὶ
1509 1721 1661 1790 αὖθις
1683 1743 1695 1757 ο
1720 1746 1738 1776 ι
1762 1725 1878 1779 Καὶ

294 1816 520 1888 ἔστησεν
539 1817 567 1868 6
597 1813 848 1886 βασιλεὺς
876 1813 1039 1869 Δαυῒδ
1070 1815 1166 1868 καὶ
1204 1817 1252 1868 οἱ
1283 1815 1541 1887 ἄρχοντες
1579 1817 1676 1888 τῆς
1708 1816 1867 1871 δυνά-

1982 819 2095 858 rem
2147 801 2601 874 Paralipomenon
2657 805 2930 872 historia;
2989 821 3097 876 qua
3147 806 3554 864 demonstratur

1981 909 2103 947 eum
2139 909 2168 947 e
2200 909 2428 948 numero
2457 893 2789 949 delectorum
2827 896 2894 949 ad
2924 893 3090 952 Deum
3123 898 3374 954 laudibus
3409 903 3544 957 ccle~

1981 981 2252 1037 brandum
2289 983 2480 1039 fuisse.
2537 983 2814 1055 Scriptum
2857 986 3040 1056 itaque
3071 996 3198 1042 est:
3255 1007 3272 1039 ι
3312 989 3378 1043 Ει
3425 991 3547 1046 reli-

1977 1083 2216 1144 querunt
2255 1074 2326 1130 ibi
2357 1090 2540 1130 coram
2573 1091 2698 1130 arca
2747 1075 3086 1132 Tcstamenti
3120 1078 3328 1133 Domini
3369 1081 3552 1152 Asaph

1975 1175 2030 1220 et
2051 1165 2246 1223 fratres
2264 1168 2311 1236 ej
2321 1184 2404 1228 ns.
2422 1175 2478 1222 ut
2497 1167 2875 1224 ministrarent
2894 1171 2947 1224 in
2967 1184 3262 1242 conspectu
3283 1188 3421 1228 arere
3435 1176 3502 1242 ⁶³;
3525 1193 3546 1228 ι

1977 1274 2040 1312 ac
2073 1259 2330 1329 deinceps
2357 1259 2558 1314 dicitur
2587 1279 2600 1314 :
2631 1279 2648 1311 ι
2689 1259 2888 1316 Eman
2915 1271 2969 1317 et
3002 1261 3234 1318 ldithum
3264 1274 3318 1320 et
3353 1267 3549 1337 reliqui

1976 1365 2041 1406 ex
2087 1351 2305 1406 nomine
2332 1350 2488 1405 electi
2538 1350 2606 1405 ad
2640 1352 2970 1407 laudandum
3025 1351 3359 1410 Dominum:
3415 1373 3552 1426 quo-

1975 1442 2120 1495 niam
2155 1443 2206 1497 in
2235 1453 2499 1499 :etcrnnm
2534 1443 2913 1501 misericordia
2945 1444 3066 1514 ejus
3085 1445 3132 1476 “
3151 1463 3196 1511 ;n
3219 1462 3282 1500 ac
3298 1463 3547 1504 rursum:

1981 1553 1998 1584 ι
2038 1535 2173 1589 Cum
2206 1535 2341 1606 ipsis
2367 1535 2565 1592 Eman
2588 1545 2642 1592 et
2666 1534 2918 1598 ldithum,
2957 1537 3100 1590 tubae
3125 1547 3177 1592 et
3205 1539 3451 1608 cymbala
3481 1540 3550 1595 ad

1975 1627 2324 1696 pulsandum,
2352 1636 2426 1708 ,ει
2461 1629 2820 1682 instrumenta
2873 1627 3214 1682 canticorum
3271 1628 3406 1684 Dei:
3452 1631 3549 1685 lilii

1974 1715 2206 1771 ldithum
2251 1718 2305 1772 in
2349 1727 2502 1788 porta
2526 1720 2606 1786 ⁶⁸;
2641 1738 2658 1770 ι
2689 1734 2752 1772 ac
2788 1719 2984 1772 iterum
3015 1738 3027 1773 ι
3067 1738 3088 1770 ι
3127 1718 3192 1772 Et
3215 1721 3404 1776 statuit
3454 1737 3549 1778 rex

1977 1808 2142 1863 David
2187 1818 2241 1866 et
2287 1811 2562 1881 principes
2612 1811 2887 1866 exercitus
2935 1813 3002 1866 ad
3058 1812 3364 1867 ministeria
3410 1813 3552 1870 ﬁlios

297 1927 442 1979 μεως
472 1911 549 1972 εἰς
583 1907 648 1960 τά
675 1907 812 1980 ἔργα
832 1907 958 1971 τοὺς
991 1909 1138 1971 υίοὺς
1191 1907 1362 1976 Ἀσάφ
1410 1908 1502 1961 καὶ
1538 1908 1735 1979 Αἰμὰν,
1780 1909 1869 1961 καὶ

1974 1901 2153 1970 Asaph
2187 1910 2240 1957 et
2284 1901 2481 1956 Aiman
2519 1909 2574 1958 et
2607 1901 2868 1966 ldithum,
2922 1904 3288 1959 vociferantes
3337 1905 3548 1976 Cinyra,

305 1999 558 2070 Ἰδιθοῦμ,
587 2002 714 2062 τοὺς
746 1998 1261 2068 ἀποφθεγγομένους
1312 1999 1368 2050 ὲν
1409 1997 1606 2070 κινύρᾳ
1670 1999 1763 2051 καὶ
1817 2001 1873 2050 ἐν

292 2091 518 2155 νάδλαις
565 2092 659 2144 καὶ
705 2092 762 2145 ὲν
817 2091 1140 2162 τυμπάνοις.
1185 2109 1203 2140 ›
1265 2089 1410 2143 Ἀντὶ
1437 2089 1492 2142 δὲ
1519 2089 1648 2154 τού,
1701 2108 1718 2139 ‹
1749 2091 1875 2152 τοὺς

290 2183 826 2254 ἀποφθεγγομένους,
861 2201 878 2234 ι
921 2183 949 2234 6
990 2182 1088 2253 μὲν
1133 2182 1400 2246 Ἀκύλας,
1445 2202 1464 2235 ι
1508 2181 1615 2235 τῶν
1660 2199 1865 2254 προφη-

288 2276 422 2339 τῶν,
467 2296 483 2326 ι
521 2277 548 2329 6
592 2276 649 2329 δὲ
679 2275 968 2346 Σύμμαχος
996 2313 1010 2338 ,
1036 2293 1052 2324 ι
1096 2273 1203 2326 τῶν
1245 2273 1739 2346 προφητευσάντων
1778 2273 1866 2326 διὰ

289 2365 479 2438 λύρας,
503 2387 520 2418 ι
552 2366 828 2431 ἐξέδωκεν·
849 2365 987 2418 ὥστε
1018 2365 1301 2436 προφήτας
1325 2365 1429 2436 χρὴ
1445 2363 1685 2436 νομίζειν
1709 2382 1867 2436 γεγο-

291 2459 437 2515 νέναι
463 2461 586 2522 τοὺς
599 2457 974 2528 δηλουμένους.
995 2457 1103 2510 Καὶ
1125 2453 1278 2522 αὖθις
1295 2457 1422 2527 ἑξῆς
1442 2456 1655 2529 εἴρηται
1670 2457 1748 2528 τῷ
1763 2457 1872 2512 Ίδι⁶

292 2550 456 2620 θούμο
477 2567 497 2600 ι
521 2549 636 2601 Υίοὶ
664 2546 914 2617 ἰδιθοὺμ,
943 2546 1220 2610 Γοδολείας
1245 2548 1338 2600 καὶ
1355 2548 1546 2619 Σουρεὶ
1563 2547 1870 2612 καὶΑίείας,

290 2641 388 2694 καὶ
409 2640 645 2702 Σεδείας,
665 2638 758 2692 καὶ
775 2637 1022 2702 Ματθίας
1043 2678 1058 2702 ,
1086 2637 1147 2703 ἒξ
1184 2637 1320 2709 μετὰ
1347 2641 1436 2692 τὸν
1460 2639 1672 2711 πατέρα
1696 2640 1873 2693 αύτῶν

303 2731 540 2802 Ἰδιθοὺμ
571 2733 627 2783 έν
656 2729 902 2800 κινύραις
931 2729 1372 2800 ἀνακρουόμενοι.
1410 2748 1428 2781 ι
1480 2730 1624 2783 Ἀντὶ
1666 2730 1722 2783 δὲ
1754 2730 1869 2794 τοῦ,

297 2841 318 2874 ι
357 2826 416 2876 ὲν
455 2823 702 2895 κινύραις
734 2823 1193 2894 ἁνακρουόμενοι,
1234 2841 1252 2873 ι
1311 2821 1474 2876 πάλιν
1526 2825 1554 2876 6
1607 2822 1870 2886 Ἀκύλας,

297 2935 317 2966 ι
350 2915 548 2986 κιθάρα
582 2912 935 2986 προφητεύων
961 2932 973 2944 ο
1006 2933 1023 2966 ι
1063 2917 1092 2968 6
1125 2913 1179 2966 δὲ
1214 2913 1526 2985 Σύμμαχος,
1558 2933 1576 2965 ι
1597 2913 1686 2967 διὰ
1704 2913 1871 2986 λύρας

287 3006 386 3059 τοῦ
410 3006 865 3077 προφητεύοντος,
911 3027 928 3057 ς
962 3005 1240 3072 ἐξέδωκεν.
1293 3006 1502 3060 Οὐκοῦν
1549 3006 1641 3060 καὶ
1672 3008 1700 3060 6
1751 3007 1870 3061 ἰδι-

289 3097 436 3168 θοὺμ
463 3093 543 3161 εἷς
569 3093 636 3169 ἦν
659 3099 764 3153 τῶν
799 3098 1248 3170 προφητευόντων
1277 3097 1364 3152 διὰ
1394 3099 1566 3171 λύρας
1589 3114 1603 3127 ·
1656 3098 1734 3152 διδ
1777 3098 1870 3152 καὶ

289 3189 516 3254 εἰκότως
562 3189 704 3243 εῖποι
731 3190 797 3244 ἄν
829 3207 932 3253 τις,
979 3189 1227 3242 ἐντεῦθεν
1270 3189 1624 3262 ὁρμώμενος.
1664 3190 1738 3262 μὴ
1777 3190 1868 3244 τὸν

287 3281 455 3337 Δαυῒδ
486 3282 740 3347 συντάξαι
777 3282 868 3334 τὸν
891 3281 1124 3352 ψαλμὸν,
1162 3282 1256 3336 καὶ
1279 3282 1570 3336 δεδωκέναι
1619 3282 1698 3353 τῷ
1744 3283 1863 3336 ’18:-

289 3373 452 3445 θοὺμ,
489 3374 621 3445 μηδὲ
647 3375 737 3428 τὸν
791 3373 1023 3445 Ἰδιθοῦμ
1051 3375 1505 3428 ὑποπεπτωκέναι
1550 3373 1628 3446 τῷ
1671 3391 1863 3446 πειρα-

289 3467 436 3539 σμῷ.
470 3468 561 3521 καὶ
595 3465 885 3539 θεραπείας
917 3467 1195 3539 δεδεῆσθαι
1219 3467 1317 3538 τῆς
1355 3468 1504 3542 παρὰ
1540 3467 1632 3523 τού
1680 3468 1861 3522 Δαυῖδ.

287 3557 442 3627 Μηδὲ
461 3557 568 3630 γὰρ
596 3556 691 3628 τὴν
718 3558 938 3629 Γραφὴν
965 3557 1210 3611 ὑπαίτιόν
1243 3573 1346 3610 που
1376 3557 1466 3611 τὸν
1494 3557 1726 3628 Ἰδιθοὺμ
1755 3559 1866 3610 είσ-

290 3650 483 3716 αγειν·
537 3647 649 3701 ἀλλ’
697 3647 930 3717 ἔμπαλιν
975 3647 1174 3718 μᾶλλον
1238 3647 1329 3700 τὸν
1381 3646 1544 3700 Δαυῒδ
1575 3645 1865 3720 πειρασμῷ

287 3739 768 3812 ιπεριπεπτωκέναι
795 3740 1087 3794 διδάσκειν.
1131 3740 1221 3794 Διὸ
1267 3742 1362 3794 καὶ
1405 3740 1574 3810 φῆσαι
1611 3740 1677 3795 ἂν
1726 3741 1867 3794 είκό-

285 3848 416 3896 τως,
447 3833 728 3904 προφήτην
750 3830 876 3884 ὅντα
916 3831 1004 3884 τὸν
1048 3830 1302 3901 Ἰδιθοὺμ,
1350 3833 1476 3895 τοὺς
1514 3831 1573 3886 ὲν
1629 3832 1867 3902 ἀμφοτέ-

291 3939 407 3995 ροις
450 3925 560 3985 τοῖς
599 3921 986 3993 προδηλωθεῖσι
1023 3923 1257 3994 ψαλμοῖς
1313 3923 1506 3992 λόγους
1561 3923 1861 3989 συντάξαι,

289 4012 383 4066 καὶ
426 4010 504 4081 τῷ
553 4010 712 4064 Δαυῒδ
743 4012 1199 4083 παραδεδωκέναι,
1245 4014 1320 4078 ὡς
1355 4013 1420 4068 ἂν
1465 4014 1726 4083 ὠφελοῖτο
1771 4015 1866 4067 καὶ

289 4101 642 4173 θεραπεύοιτο
675 4101 734 4167 ἐξ
763 4103 941 4156 αὐτῶν
988 4105 1080 4158 ἐπὶ
1126 4108 1240 4170 τοῖς
1282 4105 1430 4177 αύτῷ
1470 4105 1861 4177 συμϐεϐηκόσι.

288 4197 446 4249 Δοκεῖ
477 4195 532 4247 δέ
566 4211 681 4259 πως
705 4194 876 4268 ταύτῃ
919 4200 984 4268 τῇ
1013 4198 1220 4268 διανοίᾳ
1272 4197 1674 4270 ωμόάλλεσθαι
1715 4198 1808 4251 καὶ
1835 4198 1864 4250 6

289 4287 600 4360 Σύμμαχος,
650 4291 746 4361 τὴν
790 4288 1111 4362 προγραφὴν
1151 4288 1336 4343 τοῦτον
1387 4290 1729 4362 ἑρμηνεύσας
1773 4291 1864 4345 τὸν

287 4377 519 4447 τρόπον’
560 4396 578 4429 ι
625 4379 916 4441 Ἐπινίκιος
953 4378 1040 4431 διὰ
1087 4376 1320 4449 Ἰδιθοὺμ
1345 4379 1455 4450 ᾠδὴ
1485 4382 1564 4444 είς
1613 4381 1796 4434 Δαυῖδ.
1840 4399 1860 4433 ι

289 4469 401 4522 Καὶ
437 4471 645 4540 μήποτε
676 4471 812 4540 μετὰ
837 4471 898 4523 τὸ
923 4471 1146 4543 σφάλμα
1168 4473 1228 4525 τὸ
1267 4471 1576 4543 ἐπισυμδὰν
1603 4472 1678 4543 τῷ
1704 4471 1866 4526 Δαυῒδ

1976 1996 2155 2050 nablis
2183 2003 2237 2051 et
2279 1996 2546 2067 cymbalis
2569 1997 2634 2050 °°.
2681 2016 2698 2049 ι
2735 1995 2843 2050 Pro
2893 1996 2987 2050 illo
3023 2006 3225 2060 autem,
3265 2016 3283 2048 ι
3339 1997 3548 2055 vocife-

1976 2097 2188 2154 rantes,
2227 2106 2246 2140 ›
2284 2087 2502 2158 Aquila,
2541 2107 2560 2140 ι
2600 2090 2914 2159 prophetas,
2953 2108 2974 2141 ι
3009 2087 3368 2160 Symmachus
3395 2104 3546 2156 vero,

1981 2200 1998 2231 ι
2043 2181 2430 2250 prophetantes
2460 2180 2599 2252 lyra,
2637 2199 2656 2232 ι
2694 2179 2984 2236 ediderunt
3012 2183 3135 2247 ;'ita
3162 2189 3220 2236 ut
3263 2183 3548 2238 memorati

1975 2271 2078 2327 viri
2129 2275 2405 2342 propheta:
2443 2273 2734 2343 reputandi
2789 2274 2918 2328 sint.
2974 2271 3325 2344 Rursumque
3375 2274 3549 2332 fertur

1976 2363 2041 2416 dc
2078 2360 2312 2416 ldithutn
2345 2382 2356 2416 :
2387 2383 2404 2415 ι
2434 2363 2555 2418 Filii
2589 2363 2846 2427 ldithum,
2878 2363 3157 2429 Godolias,
3202 2365 3350 2430 Suri,
3378 2366 3547 2424 Eeas

1975 2448 2180 2506 Sedeas
2211 2462 2265 2508 et
2288 2451 2561 2517 Matthias,
2598 2469 2691 2509 sex
2717 2461 2840 2524 post
2868 2462 3075 2524 patrem
3107 2472 3266 2511 suum
3290 2457 3544 2524 ldithum,

1973 2542 2178 2614 cinyris
2207 2553 2626 2614 concrepantes.
2678 2563 2697 2596 ι
2732 2542 2837 2598 Pro
2888 2544 2982 2599 illo
3025 2554 3226 2613 autem,
3274 2566 3292 2599 ι
3343 2548 3548 2620 cinyris

1973 2645 2389 2706 concrepantes,
2431 2656 2449 2688 ι
2489 2637 2685 2707 Aquila
2716 2653 2958 2704 rursum,
2993 2657 3010 2690 ι
3057 2639 3266 2694 cithara
3313 2642 3548 2712 prophe-

1969 2733 2134 2790 taus;
2191 2746 2209 2779 ι
2265 2727 2626 2798 Symmachus
2675 2742 2826 2792 vero,
2869 2747 2886 2779 ‹
2940 2730 3054 2801 lyra
3087 2732 3482 2802 prophetantis,
3521 2753 3540 2786 ι

1971 2816 2164 2871 edidit.
2194 2815 2426 2871 ldithum
2473 2833 2606 2888 ergo
2635 2835 2665 2874 e
2694 2835 2923 2874 nurnero
2959 2821 3396 2890 prophetantium
3430 2824 3545 2896 lyra

1972 2909 2114 2976 fuit;
2167 2912 2522 2980 quamobrem
2575 2913 2699 2982 jure
2749 2913 2911 2982 quis,
2971 2913 3099 2968 hinc
3163 2925 3542 2985 argumentum

1971 3009 2276 3067 mutuatus,
2313 3001 2534 3068 dixerit,
2563 3002 2822 3059 Davidem
2859 3020 2958 3060 nec
2991 3007 3366 3076 composuisse
3395 3009 3544 3079 psal-

1970 3109 2140 3156 mum,
2172 3109 2274 3149 nec
2304 3094 2407 3165 ipsi
2449 3093 2684 3150 ldithum
2719 3097 3052 3152 tradidisse:
3090 3113 3268 3170 neque
3309 3099 3543 3154 ldithum

1973 3187 2025 3240 in
2058 3187 2410 3242 tentationem
2445 3186 2750 3258 delapsum,
2783 3198 2843 3244 ut
2875 3191 3137 3247 medelam
3173 3207 3203 3244 a
3226 3191 3426 3245 Davide
3455 3208 3546 3245 ac-

1971 3278 2175 3348 ciperet
2249 3293 2388 3348 opus
2453 3279 2736 3335 habuisse.
2792 3280 2978 3352 Neque
3040 3284 3185 3338 enim
3259 3283 3542 3353 Scriptura

1971 3369 2183 3438 uspiam
2226 3371 2402 3439 ipsum
2439 3369 2676 3424 ldithum
2714 3387 2866 3426 reum
2921 3373 3167 3441 inducit;
3219 3375 3330 3429 imo
3364 3376 3548 3445 potius

1972 3459 2228 3514 Davidcm
2280 3461 2336 3516 in
2367 3465 2724 3519 tentationem
2763 3466 2973 3536 lapsum
3005 3481 3126 3522 esse
3155 3465 3332 3522 docet.
3365 3466 3544 3534 Quare

1971 3563 2338 3626 congruenter
2368 3557 2605 3618 dicatur,
2639 3558 2817 3628 ipsum
2869 3557 3130 3622 ldithum,
3181 3567 3368 3630 utpote
3415 3577 3542 3631 pro-

1971 3645 2210 3715 phetam,
2242 3658 2574 3704 memoratos
2612 3649 2751 3704 duos
2785 3651 3025 3720 psalmos
3057 3653 3452 3721 composuisse,
3489 3662 3544 3708 et

1971 3734 2160 3791 Davidi
2189 3737 2502 3801 tradidisse,
2537 3749 2595 3794 ut
2623 3757 2689 3795 ex
2719 3741 2788 3796 iis
2820 3742 3107 3797 utilitatem
3148 3757 3211 3796 ac
3242 3743 3540 3799 remedium

1973 3828 2026 3882 in
2064 3830 2442 3885 accidentibus
2475 3831 2631 3887 malis
2666 3833 2991 3902 perciperet.
3024 3831 3160 3886 Huic
3205 3850 3367 3903 porro
3420 3850 3545 3890 sen-

1971 3919 2156 3974 tentiae
2193 3921 2443 3976 conferre
2489 3921 2850 3993 Symmachus
2905 3924 3140 3987 videtur,
3192 3927 3285 3994 qui
3325 3927 3540 3980 titulum

1971 4013 2072 4066 hac
2101 4014 2312 4068 ratione
2355 4015 2744 4084 interpretatus
2791 4024 2916 4071 est:
2976 4035 2996 4067 ‹
3059 4016 3412 4087 Triumphale
3447 4034 3544 4088 per

1971 4102 2230 4167 ldithum,
2277 4106 2550 4160 canticum
2605 4107 2659 4160 in
2699 4106 2976 4162 Davidem.
3021 4127 3038 4160 ι
3070 4107 3208 4162 Num
3253 4111 3392 4164 forte
3420 4117 3543 4178 post

1971 4196 2434 4267 lapsumiDavidis
2463 4215 2589 4269 erga
2639 4198 2782 4254 Urim
2828 4216 3076 4264 uxorem,
3125 4198 3250 4254 cum
3299 4200 3538 4255 nondum

1969 4297 2158 4357 posset
2188 4290 2426 4359 pristino
2459 4306 2610 4346 more
2659 4290 3007 4360 prophetare,
3045 4293 3334 4362 multasque
3367 4300 3543 4347 tenta-

1972 4381 2172 4443 tiones,
2193 4381 2640 4451 calamitatesque
2657 4381 2970 4452 frequentes
2992 4382 3280 4445 instarent,
3308 4380 3542 4435 ldithum

1974 4471 2180 4542 Spiritu
2227 4481 2423 4526 sancto
2457 4473 2668 4527 amatus
2699 4473 2798 4527 hos
2838 4473 2906 4526 ab
2956 4487 3016 4527 se
3045 4475 3376 4542 compositos
3426 4489 3543 4527 ser-

289 4561 382 4612 ὲπὶ
402 4563 465 4631 τῇ
491 4561 583 4613 τοῦ
607 4563 802 4633 Οὐρίου
828 4564 1066 4631 γυναικὶ,
1097 4563 1292 4634 μηκέτι
1315 4565 1426 4617 οῖου
1449 4581 1508 4618 τε
1536 4563 1702 4618 αὐτοῦ
1727 4563 1868 4617 κατὰ

1974 4579 2185 4626 mones,
2215 4563 2370 4634 quasi
2409 4563 2651 4620 remedia
2695 4562 2762 4616 ad
2798 4561 3062 4618 medelam
3101 4565 3296 4617 animm
3329 4571 3539 4632 parata.

287 4651 352 4704 τὸ
378 4653 600 4706 παλαιὸν
631 4655 1009 4726 προφητεύειν,
1039 4656 1248 4709 πολλῶν
1285 4657 1341 4710 δὲ
1381 4657 1703 4728 πειρασμῶν
1732 4657 1870 4710 ἐπα-

288 4743 627 4814 νισταμένων
661 4744 810 4815 αὐτῷ
835 4746 924 4798 καὶ
954 4746 1246 4819 συμφορῶν
1283 4747 1598 4818 ἐπαλλήλων
1619 4787 1634 4810 ,
1680 4749 1709 4800 6
1756 4748 1872 4801 Ἰδι-

289 4831 452 4904 θοὺμ,
503 4835 781 4908 Πνεύματι
826 4836 962 4907 ἁγίῳ
995 4836 1257 4902 συντάξας
1299 4838 1427 4902 τοὺς
1470 4839 1864 4910 προκειμένους

290 4923 502 4993 λόγους,
545 4926 730 4998 ὥσπερ
782 4929 903 4982 τινὰ
940 4929 1206 5000 φάρμακα
1265 4929 1445 5001 ψυχῆς
1494 4930 1866 5004 θεραπευτικὰ

1973 4657 2075 4726 ipsi
2100 4656 2346 4714 tradidit.
2377 4665 2437 4710 ut
2466 4672 2656 4710 eorum
2681 4654 2930 4710 doctrina
2962 4655 3216 4708 solatium
3242 4654 3544 4723 acciperet?

1972 4745 2118 4802 Sane
2143 4763 2265 4800 cum
2296 4747 2363 4800 ad
2395 4761 2636 4818 praesens
2663 4756 3041 4816 argumentum
3073 4744 3210 4799 duas
3241 4743 3542 4799 sententias

1966 4840 2271 4911 legentibus
2305 4840 2649 4894 attulerimus
2677 4877 2692 4902 ,
2730 4846 2911 4893 utram
2945 4838 3112 4892 velint
3142 4836 3415 4907 amplecti,
3447 4851 3544 4905 per

1967 4945 2069 4986 nos
2107 4930 2311 4984 licebit.

291 5018 596 5073 ἐπιδίδωσιν
642 5019 821 5091 αὐτῷ,
849 5023 927 5084 είς
957 5023 1018 5076 τὸ
1049 5023 1487 5094 παραμυθεῖσθαι
1543 5025 1607 5077 ὲκ
1650 5025 1750 5095 τῆς
1800 5026 1858 5077 ὲν
1896 5025 2078 5088 αὐτοῖς
2116 5023 2499 5088 διδασκαλία;;
2538 5023 2648 5076 Καὶ
2689 5021 2753 5094 δὴ
2794 5021 2944 5075 δυσὶν
3004 5020 3252 5090 ἐκδοχαῖς
3320 5016 3544 5071 ἐπιϐάλ-

291 5108 474 5175 λοντες
509 5115 588 5177 είς
615 5115 680 5168 τὰ
707 5116 1040 5188 προκείμενα
1085 5119 1197 5180 τοῖς
1246 5119 1660 5190 ἐντυγχάνουσι,
1706 5119 1938 5192 θατέρας
1960 5120 2138 5174 αὐτῶν
2162 5117 2260 5190 τὴν
2294 5120 2502 5190 αἵρεσιν
2531 5118 2949 5189 καταλείψομεν.
3284 5123 3288 5128 ’

370 5248 388 5281 ι
405 5229 544 5291 Ἕως
570 5229 698 5282 πότε
717 5231 1018 5286 ἐπιτίθεσθε
1039 5235 1122 5286 ἐπ’
1142 5233 1446 5305 ἄνθρωπον,
1466 5234 1718 5304 φονεύετε
1735 5235 1868 5289 πάν-

289 5335 382 5380 τες
402 5319 558 5388 ὑμεῖς
582 5336 596 5383 ;
618 5320 692 5383 ὡς
707 5322 870 5392 τοίχῳ
890 5324 1190 5394 κεκλιμένῳ
1209 5324 1302 5377 καὶ
1323 5324 1562 5396 φραγμῷ
1581 5326 1828 5396 ὡσμένῳ.
1845 5346 1862 5375 ι

306 5410 586 5480 Ἐμφαίνει
609 5411 695 5465 διὰ
727 5413 927 5466 τούτων
958 5415 1032 5486 μὴ
1061 5417 1156 5469 ’ένα
1196 5416 1354 5487 μόνον
1396 5418 1697 5488 πειρασμὸν
1739 5419 1869 5471 ὑπο-

295 5503 658 5573 μεμενηκέναι
685 5508 713 5558 ὸ
745 5505 926 5569 Δαυτδ,
957 5508 1078 5580 μηδ’
1111 5508 1300 5579 ῶσπερ
1327 5509 1452 5579 μίαν
1481 5509 1695 5581 πληγὴν
1730 5509 1870 5580 εἰλη-

293 5591 449 5662 φέναι
489 5596 593 5650 ὑπὸ
618 5596 724 5648 τῶν
751 5598 1086 5653 ἀντιπάλων·
1121 5600 1271 5664 ὡςδὲ
1307 5600 1399 5652 ἐπὶ
1446 5599 1641 5672 μακρῷ
1691 5600 1868 5671 χρόνῳ

291 5687 646 5758 τυπτόμενος,
685 5689 779 5743 καὶ
807 5691 1086 5762 καρτερῶς
1126 5691 1410 5763 ὑπομένων
1457 5693 1555 5756 τὰς
1601 5694 1871 5764 ἐπαγομέ-

369 5843 415 5876 ⁶³
454 5843 470 5897 1
510 5843 686 5902 l’aral.
725 5862 850 5912 xvi,
883 5847 971 5902 37.
1049 5848 1092 5878 “
1131 5847 1260 5902 ibid.
1297 5849 1384 5902 Ill.

2045 5233 2214 5290 Vens.
2250 5235 2303 5298 4,
2337 5236 2390 5289 5.
2430 5254 2448 5286 ‹
2489 5233 2786 5304 Quousque
2811 5234 3022 5288 irruitis
3051 5233 3104 5286 in
3137 5233 3434 5293 hominem,
3463 5231 3546 5283 in-

1975 5327 2228 5382 terficitis
2269 5328 2509 5383 universi
2552 5343 2651 5382 vos
2677 5367 2692 5391 ,
2729 5337 2987 5398 tanquam
3037 5325 3231 5397 parieti
3281 5324 3546 5379 inclinato

1973 5429 2027 5475 et
2065 5420 2316 5474 maceria:
2345 5419 2604 5489 depulsae.
2657 5437 2678 5471 ι
2711 5417 2804 5473 His
2853 5418 3094 5473 declarat
3135 5415 3302 5470 David
3337 5430 3396 5470 se.
3435 5428 3541 5468 non

1973 5525 2138 5565 unam
2170 5525 2490 5581 perpessum
2543 5511 2918 5570 tentationem,
2959 5524 3136 5579 neque
3189 5523 3298 5562 uno
3345 5507 3412 5560 ab
3443 5503 3540 5560 ad-

1973 5602 2232 5657 versariis
2281 5601 2429 5656 velut
2458 5607 2685 5657 vulnere
2733 5601 3092 5662 confossum,
3143 5599 3236 5655 sed
3286 5598 3543 5653 diuturno

1973 5702 2217 5762 tempore
2250 5708 2616 5763 percussum,
2658 5708 2720 5749 ac
2769 5693 3003 5748 inﬂictas
3051 5693 3239 5762 plagas
3277 5701 3546 5762 patienter

1463 5850 1505 5880 "
1537 5849 1665 5902 ibid.
1698 5847 1785 5903 ΔΞ.
1865 5850 1908 5878 ⁶⁶
1941 5850 1958 5901 1
1994 5848 2330 5920 Ριιιοιιιηλιν,
2369 5847 2417 5903 1.
