4100 6442
624 435 714 490 SOI
1318 433 1585 494 E'US’EBII
1625 433 2107 490 CASSARIENSIS
2144 434 2195 490 σ

2341 437 2522 492 PARS
2555 436 2640 491 m.
2683 469 2750 477 —
2788 435 3196 494 EXEGETICA.
3820 437 3909 496 59!

619 553 920 616 ferentem,
993 554 1265 610 caedentes
1331 553 1532 607 talibus
1593 552 1753 606 dictis
1821 551 2184 622 compellare:

2297 569 2389 615 νας
2421 551 2571 624 αὐτῷ
2599 551 2831 622 πληγὰς.
2861 549 3106 620 κφάσκειν
3144 553 3254 616 τοῖς
3303 550 3678 604 τύπτουσιν·
3718 566 3738 599 ι
3785 551 3911 615 Ἕως

621 663 639 696 ι
679 643 978 715 Quousque
1005 645 1216 699 irruitis
1241 645 1295 698 in
1320 645 1596 698 hominem
1624 645 1646 696 τ
1678 662 1696 694 ι
1724 642 1859 706 sive.
1885 641 2186 698 secundum

2296 643 2427 698 πότε
2450 642 2756 697 ἐπιτίθεσθε
2784 642 2870 695 ἐπ’
2895 641 3212 715 ἄνθρωπον;
3257 662 3275 694 ι
3311 644 3354 713 ἧ
3399 642 3569 695 κατὰ
3612 635 3708 693 τὸν
3769 642 3912 698 ’Δκύ-

617 735 890 807 Aquilam,
929 754 947 786 ¢
985 737 1283 806 Quousque
1310 733 1724 790 insidiamini?»
1748 733 1854 798 vel,
1889 735 2187 790 secundum

2297 734 2420 790 λανο
2446 753 2464 785 ι
2497 736 2642 799 Ἕως
2678 734 2821 798 τίνος
2845 733 3260 800 ἐπιϐουλεύετες
3291 754 3312 786 ι
3368 734 3412 806 ἢ
3443 732 3612 788 κατὰ
3657 733 3756 802 τὸν
3791 735 3916 805 Σύμ-

616 829 1028 902 Symmachum,
1068 848 1085 881 ι
1127 828 1428 899 Quousque
1455 829 1510 882 in
1536 842 1734 881 vanum
1765 826 2128 882 laborabitis?
2164 847 2182 879 ι

614 919 822 974 Exinde
855 919 1239 974 insidiatorum
1286 934 1522 990 arguens
1572 919 1935 988 propositum,
1973 915 2137 973 infert
2170 936 2184 972 :

618 1030 637 1064 ι
695 1011 1011 1068 lnterticitis
1052 1001 1297 1070 universi
1352 1027 1471 1069 vos.
1534 1031 1554 1066 ι
1610 1011 1926 1078 Homicida),
1988 1011 2186 1082 inquit,

612 1105 748 1160 estis
780 1124 794 1161 :
831 1121 1010 1176 neque
1044 1113 1237 1161 contra
1266 1105 1525 1160 athletam
1560 1106 1718 1176 quasi
1756 1105 2054 1161 adversarii
2077 1113 2188 1160 sta-

614 1198 810 1252 tariam
856 1213 1097 1270 pugnam
1165 1198 1235 1252 ad
1291 1197 1739 1254 exercitationem
1809 1195 2182 1262 committitis;

615 1289 710 1344 sed
751 1291 1037 1347 occidendi
1069 1289 1254 1347 studio
1287 1289 1344 1345 in
1388 1305 1475 1345 me
1522 1289 1756 1351 irruitis,
1791 1297 1845 1344 et
1875 1293 1934 1343 ut
1986 1287 2191 1344 auxilio

616 1367 870 1449 vacuum,
915 1389 976 1436 ut
1009 1397 1227 1436 murum
1273 1381 1385 1451 jam
1433 1379 1750 1435 inclinatum
1795 1387 1854 1435 et
1900 1378 2190 1435 maceriem

615 1478 924 1548 depulsam,
953 1475 1332 1548 aggredimini.
1356 1473 1492 1528 Nam
1527 1472 1926 1545 quasi-nemine
1952 1473 2192 1528 circum-

612 1571 852 1625 vallante
879 1580 974 1624 aut
1020 1568 1323 1635 muniente,
1373 1568 1719 1637 animamque
1748 1581 1924 1622 meam
1951 1571 2190 1632 tutante,

615 1665 690 1719 ita
727 1665 958 1719 irruitis.
995 1663 1295 1734 Quousque
1327 1662 1494 1734 igitur
1520 1661 1635 1717 hac
1657 1660 1858 1717 frustra
1886 1659 2190 1724 tentabitis,

617 1772 795 1826 neque
819 1756 1133 1820 cessabitis,
1167 1756 1404 1812 scientes
1435 1754 1713 1810 invenisse
1744 1748 1832 1808 m'e
1854 1751 2190 1823 praesidium,

617 1846 904 1902 custodem
963 1862 1028 1901 ac
1088 1846 1470 1902 servatorem?
1520 1844 1699 1911 Quare
1757 1843 1984 1899 ﬁdenter
2029 1841 2188 1898 dixi:

2297 844 2466 898 μαχον
2489 843 2502 856 ·
2528 827 2705 888 ι”Εως
2729 823 2873 888 τίνος
2903 825 3376 897 ματαιοπονήσετε
3405 841 3466 890 ς»
3501 818 3658 876 Εἶτα
3695 822 3794 894 τὴν
3812 840 3920 896 προ-

2294 919 2507 992 αίρεσιν
2542 917 2650 972 τῶν
2678 913 3134 970 ἐπιϐουλευόντων
3180 917 3329 988 αὐτῷ
3381 913 3725 984 διελέγχων
3765 917 3918 985 φησί·

2301 1028 2319 1061 ι
2351 1008 2607 1063 Φονεύετε
2640 1007 2841 1070 πάντες
2863 1007 3040 1078 ὑμεῖς.
3077 1025 3096 1059 ι
3125 1008 3398 1062 Φονευτοιὶ
3424 1006 3560 1078 γάρ
3583 1007 3746 1070 ἐστε,
3785 1006 3920 1076 φησί·

2295 1102 2390 1156 καὶ
2420 1102 2518 1173 οὐχ
2550 1101 2740 1176 ῶσπερ
2761 1104 3158 1172 ἀνταγωνισταὶ
3184 1102 3318 1172 πρὸς
3343 1097 3635 1170 ἀθλητὴν
3656 1099 3925 1170 ἱστάμενα

2299 1193 2460 1266 μέχρι
2490 1194 2792 1266 γυμνασίου
2823 1195 3090 1250 ποιεῖσθαι
3107 1196 3206 1269 τὴν
3229 1193 3496 1266 ἅμιλλαν
3519 1208 3539 1223 ⁶
3566 1190 3722 1245 ἀλλὰ
3743 1194 3923 1263 φονικῇ

2295 1286 2618 1358 προαιρέσει
2647 1286 2952 1342 ἐπιτίθεσθέ
2978 1304 3090 1360 μοι,
3120 1287 3214 1341 καὶ⁸
3247 1282 3610 1341 ἐπιτίθεσθε
3641 1283 3726 1347 ὡς
3771 1283 3924 1355 ἀϐοη-

2297 1377 2463 1448 θήτῳ,
2499 1377 2593 1430 καὶ
2615 1376 2693 1441 ὠς
2724 1377 2823 1450 ἤδη
2855 1378 3162 1450 κεκλιμένῳ
3188 1377 3350 1450 τοίχῳ
3387 1376 3508 1431 καὶ
3576 1374 3839 1447 φραγμῷ
3865 1375 3928 1426 ὼ-

2298 1468 2499 1539 σμένῳ.
2542 1468 2630 1533 Ὧς
2651 1468 2760 1540 γὰρ
2787 1470 3012 1543 μηδενὸς
3033 1470 3533 1544 περιφράττοντος
3588 1466 3743 1539 μηδὲ
3781 1485 3924 1537 περι-

2297 1561 2622 1634 τειχίζοντος
2643 1564 2739 1616 καὶ
2769 1561 2867 1634 τὴν
2899 1561 3036 1634 ἐμὴν
3058 1560 3442 1635 φρουροῦντος
3482 1558 3734 1631 ψυχὴν,
3765 1556 3928 1620 οὕτως

2297 1653 2624 1710 ἐπιτίθεσθε.
2668 1655 2814 1719 Ἕως
2841 1650 2933 1709 οῦν
2989 1655 3120 1708 πότε
3159 1653 3333 1710 ταῦτα
3387 1649 3924 1725 ματαιοτωνήσετεν

2300 1748 2393 1802 καὶ
2422 1747 2544 1819 οὐχὶ
2572 1747 2847 1802 παύσεσθε
2895 1747 3102 1811 λοιπὸν,
3161 1747 3410 1817 γνόντες,
3478 1746 3583 1799 ὅτι
3621 1735 3797 1814 εὗρον
3837 1744 3928 1813 τὴν

2298 1840 2535 1912 ἐμαυτοῦ
2569 1841 2835 1912 φυλακὴν,
2863 1841 2960 1895 καὶ
2998 1839 3089 1894 τδν
3111 1839 3349 1912 ἐμαυτοῦ
3384 1838 3680 1912 φρουρὸν
3711 1836 3810 1891 καὶ
3832 1836 3926 1889 Σω-

623 1958 641 1989 ι
679 1938 872 1993 Nonne
919 1939 1026 1994 Deo
1061 1938 1310 2008 subjecta
1353 1937 1462 1992 erit
1508 1935 1692 1991 anima
1741 1934 1906 1990 mea?
1947 1935 2018 1990 ab
2075 1935 2194 2014 ipso

2297 1931 2473 2004 τῆραὶ
2519 1932 2610 1986 Διὸ
2639 1932 2918 2004 ἐθάρσησα
2963 1933 3168 2003 φάναι·
3209 1951 3228 1985 ι
3261 1933 3396 2004 Οὐχὶ
3427 1931 3530 2003 τῷ
3562 1929 3702 2000 Θεῷ
3735 1929 3926 1981 ὑποτα-

617 2033 763 2085 enim
795 2031 1031 2087 salutare
1061 2045 1267 2086 meum.
1297 2027 1433 2084 Nam
1469 2035 1524 2084 et
1585 2028 1702 2098 ipse
1755 2025 1900 2084 Deus
1948 2041 2104 2084 meus
2141 2034 2198 2083 et

620 2120 874 2176 Salvator
935 2136 1132 2187 meus,
1189 2125 1477 2190 susceptor
1531 2133 1712 2184 meus,
1770 2133 1882 2174 non
1937 2117 2198 2174 movebor

620 2214 876 2284 amplius.
905 2211 1298 2268 Verumtamen
1341 2209 1579 2280 pretium
1607 2224 1789 2265 meum
1823 2209 2198 2282 cogitaverunt

618 2303 906 2372 repellere,
941 2309 1312 2357 cucurrerunt
1364 2300 1422 2354 in
1466 2299 1579 2362 siti,
1631 2314 1728 2355 ore
1775 2314 1879 2356 suo
1909 2300 2200 2357 benedice-

618 2393 785 2459 hant,
845 2400 901 2449 et
945 2393 1113 2448 corde
1167 2407 1270 2447 suo
1325 2390 1743 2446 maledicebant.
1807 2389 2134 2463 Diapsalma.
2174 2412 2192 2445 ι

619 2483 810 2539 Priora
857 2483 1078 2554 quidem
1112 2481 1227 2537 sive
1261 2480 1431 2536 David
1464 2480 1581 2537 sive
1627 2481 1864 2537 ldithum
1912 2497 2037 2539 sese
2065 2484 2201 2540 allo-

620 2590 798 2645 quens
831 2575 1002 2642 dixit;
1030 2573 1272 2630 secunda
1299 2571 1555 2628 inimicos
1579 2573 1914 2643 compellans
1940 2575 2196 2645 protulit;

622 2668 786 2724 tertia
817 2682 885 2722 ex
913 2665 1210 2739 propositis
1250 2663 1432 2719 verbis
1479 2679 1582 2719 nos
1609 2664 1841 2721 edocent
1872 2680 1982 2736 quo
2011 2666 2201 2722 consi-

620 2761 695 2814 lio
744 2758 977 2815 insidias
1026 2757 1130 2829 ipsi
1183 2757 1431 2828 pararint
1481 2756 1881 2825 conjuratores.
1929 2756 2200 2826 Quocirca

619 2851 796 2904 dicit:
835 2868 855 2902 ι
897 2848 1288 2904 Verumtamen
1321 2849 1560 2920 pretium
1605 2865 1788 2906 meum
1821 2850 2202 2921 cogitaverunt

621 2941 907 3016 repellere.
968 2959 988 2993 ι
1027 2940 1223 2995 Omnia
1257 2943 1459 3012 quippe
1490 2956 1680 2998 eorum
1708 2941 2010 3007 molimina,
2040 2956 2201 2998 omne

623 3033 941 3098 consilium,
993 3047 1103 3088 non
1149 3033 1261 3087 alio
1313 3035 1654 3104 spectabant,
1685 3049 1848 3106 quam
1894 3042 1955 3090 ut
2001 3049 2086 3091 me
2133 3034 2202 3090 ab

627 3127 832 3181 honore
873 3139 982 3196 quo
1011 3124 1156 3196 apud
1189 3123 1358 3179 Deum
1390 3127 1692 3197 gaudebam
1743 3125 2119 3192 deturbarent,
2149 3135 2202 3183 et

621 3217 856 3288 pristina
894 3232 1014 3273 mea
1044 3218 1219 3289 gloria
1246 3219 1568 3290 spoliarent.
1605 3219 1744 3276 Hinc
1785 3220 2018 3276 consilio
2065 3221 2200 3276 inito

621 3319 680 3364 ut
704 3309 966 3365 honorem
989 3324 1054 3364 ac
1078 3312 1314 3381 pretium
1343 3312 1474 3367 mihi
1503 3312 1806 3377 auferrent,
1834 3321 2201 3369 cucurrerunt

621 3402 678 3457 in
709 3402 824 3464 siti,
855 3417 1030 3457 meam
1061 3416 1289 3458 cernere
1319 3404 1619 3473 perniciem
1658 3405 1931 3462 sitientes.
1966 3404 2074 3461 Pro
2107 3407 2200 3462 illo

621 3500 828 3558 autem,
855 3511 872 3544 ι
898 3492 953 3547 in
974 3493 1089 3558 siti,
1115 3511 1135 3546 ι
1163 3493 1414 3565 Aquila,t
1434 3495 1494 3550 in
1515 3495 1768 3561 fallacia;
1795 3515 1814 3548 ι
1839 3495 2202 3569 Symmachus

617 3583 864 3648 vero,tin
882 3584 1200 3654 mendacio;
1225 3605 1244 3638 ι
1267 3588 1457 3658 quinta
1472 3587 1660 3654 editio,
1685 3607 1703 3639 ι
1718 3589 1770 3643 in
1790 3587 1960 3656 falso;
1985 3605 2003 3641 ι
2025 3589 2202 3646 etalia

620 3673 751 3729 item
781 3673 969 3740 editio,
993 3693 1011 3723 σ
1037 3675 1093 3731 in
1125 3676 1272 3743 dolo,
1303 3698 1321 3730 ι
1359 3679 1700 3749 interpretati
1724 3687 1875 3736 sunt.
1893 3677 2202 3736 Verisimile

620 3766 805 3837 itaque
834 3777 922 3823 est
949 3769 1005 3823 in
1030 3777 1224 3825 nostra
1245 3785 1464 3842 quoque
1503 3772 1738 3827 lectione
1760 3772 1998 3843 positum
2020 3773 2201 3846 primo

622 3857 816 3925 fuisse,
838 3879 856 3912 ι
881 3859 936 3914 in
953 3861 1258 3922 mendacio.
1273 3881 1291 3914 ι
1316 3863 1390 3917 ita
1409 3870 1468 3918 ut
1482 3862 1810 3930 diceretum
1835 3872 2201 3921 cucurrerunt

621 3953 680 4009 in
709 3953 995 4010 mendacio
1023 3973 1039 4023 ;
1088 3974 1108 4008 ι
1145 3955 1198 4011 id
1221 3963 1328 4021 cst,
1350 3955 1560 4012 inimici
1593 3965 1648 4012 et
1681 3957 2035 4015 insidiatores
2069 3961 2198 4024 mei,

620 4061 732 4101 non
762 4046 903 4102 duce
945 4048 1196 4114 veritate,
1239 4047 1336 4103 sed
1377 4063 1501 4102 cum
1546 4063 1669 4103 sese
1727 4057 1869 4105 totos
1915 4049 2201 4106 mendacio

619 4136 1000 4204 tradidissent,
1033 4153 1261 4194 cursum
1295 4146 1351 4195 et
1407 4139 1648 4195 studium
1679 4155 1840 4196 suum
1873 4153 2062 4198 contra
2113 4157 2201 4199 me

619 4230 978 4286 direxerunt:
1041 4231 1140 4287 sed
1211 4231 1570 4302 sequentibus
1633 4234 1970 4304 temporibus
2043 4235 2200 4307 lapsu

618 4323 902 4394 graphice,
929 4338 1028 4393 pro
1059 4322 1238 4388 illo,év
1259 4323 1464 4394 ψεύδει,
1483 4324 1536 4379 id
1584 4332 1670 4381 est
1704 4344 1723 4377 ι
1755 4327 1812 4381 in
1841 4322 2144 4397 mendacio,
2174 4346 2194 4381 ι

618 4414 677 4466 ἐν
703 4411 866 4482 δίψει,
897 4412 950 4466 id
981 4421 1066 4468 est
1100 4432 1119 4465 ι
1155 4414 1211 4468 in
1249 4414 1341 4469 siti
1379 4432 1396 4466 ι
1426 4415 1664 4485 positum
1691 4415 1884 4473 fuisse.
1916 4417 2199 4484 Quomodo

617 4511 801 4558 autem
864 4502 1208 4560 insidiatores
1277 4505 1354 4559 illi
1421 4516 1709 4562 currerent
1771 4508 1830 4563 in
1881 4509 2190 4576 mendacio,

2295 2022 2523 2093 γήσεται
2553 2025 2587 2095 ἡ
2622 2022 2768 2094 ψυχή
2804 2040 2945 2094 μους
2998 2023 3128 2095 παρ’
3172 2021 3339 2076 αὑτοῦ
3371 2021 3503 2094 γὰρ
3539 2020 3616 2074 τὺ
3658 2018 3924 2090 σωτήριόν

2300 2131 2423 2185 μου.
2455 2116 2564 2170 Καὶ
2588 2116 2696 2189 γὰρ
2724 2115 2887 2180 αὐτὸς
2912 2115 3047 2180 Θεός
3073 2134 3175 2187 μου
3209 2116 3305 2170 καὶ
3330 2115 3555 2185 Σωτήρ
3593 2129 3737 2185 μου,
3787 2113 3924 2164 ἀντι-

2297 2207 2524 2281 λήπτωρ
2567 2225 2690 2280 μου,
2737 2210 2798 2263 οὐ
2831 2209 2906 2282 μὴ
2963 2209 3209 2263 σαλευθῶ
3241 2209 3335 2263 ἐπὶ
3361 2207 3603 2262 πλεῖον.
3650 2203 3810 2276 Πλὴν
3833 2204 3921 2274 τὴν

2296 2301 2464 2373 τιμήν
2499 2318 2600 2373 μου
2639 2300 3026 2357 ἐϐουλεύσαντο
3065 2300 3388 2356 ἀπώσασθαι
3407 2343 3423 2366 ,
3454 2301 3732 2372 ἔδραμον
3765 2299 3825 2350 ἐν
3855 2296 3919 2348 ᾶ-

2295 2394 2416 2465 «per
2453 2394 2534 2466 τῷ
2561 2397 2787 2466 στόματι
2819 2394 2999 2448 αὐτῶν
3021 2393 3296 2464 εὐλόγουν,
3333 2395 3431 2448 καὶ
3467 2395 3548 2464 τῇ
3585 2390 3806 2463 καρδίᾳ
3835 2388 3919 2442 αύ-

2297 2485 2406 2540 τῶν
2432 2485 2770 2558 κατηρῶντο.
2811 2483 3121 2556 Διάψαλμα.
3165 2503 3183 2536 ι
3221 2484 3303 2538 Τὰ
3352 2485 3456 2556 μὲν
3495 2482 3722 2555 πρῶτα
3764 2479 3914 2542 αὐτὸς

2299 2577 2476 2650 ἐαυτῷ
2505 2579 2622 2649 ἦτοι
2647 2577 2828 2640 Δαυτδ,
2851 2576 2885 2646 ἢ
2927 2576 3162 2648 Ἰδιθοὺμ
3191 2577 3496 2631 διείλεκται
3517 2593 3537 2608 ο
3593 2574 3676 2628 τὰ
3711 2574 3772 2628 δὲ
3802 2571 3914 2626 δεύ-

2298 2685 2433 2739 τερα
2465 2668 2601 2741 πρὸς
2625 2668 2753 2732 τοὺς
2773 2666 2998 2738 ἐχθροὺς
3027 2665 3374 2720 ἀπετείνατο·
3405 2667 3481 2722 τὰ
3519 2667 3589 2720 δὲ
3637 2664 3808 2738 τρίτα
3834 2661 3910 2716 διὰ

2296 2759 2406 2814 τῶν
2433 2759 2810 2832 προκειμένων
2837 2761 2984 2831 ἡμᾶς
3011 2757 3272 2820 διδάσκει,
3290 2758 3483 2813 τίποτε
3517 2755 3912 2830 βουλευόμενοι

2297 2856 2346 2908 οἱ
2362 2853 2823 2918 ἐπιϐουλεύοντες
2847 2851 2998 2925 αὑεῷ
3021 2853 3120 2925 τὴν
3146 2852 3439 2925 ἐπιϐουλὴν
3453 2845 3903 2912 κατεσκεύαζον.

2299 2948 2390 3002 Διό
2420 2963 2582 3019 φησι·
2623 2964 2642 2997 ι
2675 2946 2823 3018 Πλὴν
2850 2945 2948 3018 τὴν
2978 2947 3142 3017 τιμήν
3173 2963 3276 3018 μου
3309 2945 3738 2999 ἐϐουλεύσαντο
3768 2939 3908 2995 ἀπώ-

2301 3039 2581 3094 caueat...
2627 3038 2694 3091 'll
2725 3038 2834 3110 γὰρ
2860 3038 3012 3092 πᾶσα
3055 3036 3248 3108 σκέψις
3293 3036 3478 3090 αὐτῶν
3522 3037 3632 3090 καὶ
3675 3036 3713 3105 ὴ
3754 3029 3902 3103 βουλὴ

2299 3131 2450 3187 οὐδὲν
2473 3132 2680 3204 ἕτερον,
2715 3131 2900 3204 φησὶν,
2939 3131 2972 3202 ἢ
3009 3130 3336 3185 καταϐαλεῖν
3367 3149 3435 3202 με
3483 3130 3604 3200 τῆς
3652 3125 3810 3199 παρὰ
3837 3123 3903 3194 τῷ

2225 3270 2269 3329 C
2301 3222 2421 3294 Θεῷ
2444 3223 2630 3295 τιμῆς,
2658 3223 2753 3278 καὶ
2776 3223 3061 3329 γυνμνῶσαι
3084 3224 3185 3295 τῆς
3209 3223 3367 3294 δόξης
3397 3219 3468 3296 ἦς
3508 3219 3675 3292 εἶχον
3713 3218 3899 3329 1:96st-

2305 3329 2396 3385 ρον
2421 3311 2768 3378 ἐσπούδαζον.
2796 3307 2929 3368 Εἶτα
2960 3312 3378 3385 βουλευσάμενοι
3417 3313 3646 3384 ταύτην
3685 3327 3791 3382 μου
3809 3305 3899 3378 τὴν

2298 3403 2465 3477 τιμὴν
2511 3404 2800 3476 περιελεῖν,
2853 3404 3088 3478 ἔδραμον
3126 3407 3185 3460 ἐν
3223 3404 3365 3476 δίψει
3410 3403 3512 3478 τὴν
3562 3404 3722 3476 ἐμὴν
3749 3397 3894 3455 ἀπώ-

2299 3494 2450 3550 λειαν
2489 3495 2787 3550 θεάσασθαι
2821 3495 3102 3566 διψῶντες.
3159 3495 3303 3550 Ἀντὶ
3327 3495 3383 3549 δὲ
3412 3496 3538 3562 τοῦ,
3577 3515 3598 3546 ι
3630 3497 3695 3550 ἐν
3737 3491 3894 3562 δίψει,

2300 3592 2359 3646 ἐν
2389 3589 2775 3663 διαψεύσματι,
2812 3610 2831 3643 ι
2867 3592 2897 3644 ό
2941 3590 3199 3654 Ἀκύλας·
3233 3591 3263 3644 ό
3306 3589 3362 3644 δέ
3392 3589 3730 3662 Σύμμαχος,
3783 3603 3805 3636 ι
3839 3583 3892 3636 ἐν

2299 3682 2575 3756 ψεύσματι
2595 3699 2609 3714 ’
2655 3692 2687 3734 δ’
2707 3684 2742 3756 ὴ
2771 3683 2830 3737 δέ
2860 3682 3087 3755 πέμπτη
3117 3681 3350 3746 ἔκδοσις,
3377 3699 3396 3734 ι
3421 3683 3478 3734 ἐν
3501 3680 3742 3752 ψεύδει·
3768 3696 3787 3729 ι
3807 3673 3891 3728 καὶ

2302 3776 2464 3831 πάλιν
2497 3777 2662 3848 ἑτέρα
2696 3776 2907 3841 ἔκδυσις
2929 3815 2945 3840 ,
2977 3795 2996 3828 ι
3027 3778 3084 3830 ἐν
3113 3775 3269 3847 δόλῳ,
3309 3793 3328 3826 ι
3371 3776 3766 3848 ἡρμήνευσαν.
3803 3767 3888 3820 El-

2299 3867 2396 3932 κὺς
2425 3863 2518 3924 οῦν
2547 3871 2641 3924 καὶ
2671 3870 2729 3923 ἐν
2751 3871 2818 3941 τῇ
2843 3868 2966 3923 καθ’
2998 3869 3145 3940 ἡμᾶς
3168 3867 3472 3937 ἀναγνώσει
3511 3866 3742 3922 κεῖσθαι
3795 3859 3884 3932 μὲν

2299 3960 2566 4034 πρότερον
2615 3961 2677 4014 τὸ
2705 4003 2721 4028 ,
2758 3981 2779 4014 ι
2817 3964 2876 4016 ἐν
2903 3960 3132 4032 ψεύδει,
3177 3981 3195 4012 ι
3239 3961 3306 4014 ἶν’
3438 3959 3502 4013 τὸ
3552 3957 3883 4029 λεγόμενονο

2305 4072 2325 4105 ι
2368 4053 2641 4127 Ἐδραμον
2664 4054 2724 4108 ἐν
2755 4053 2968 4124 ψεύδειο
3009 4073 3028 4105 ι
3067 4053 3344 4108 τουτέστιν
3363 4055 3412 4107 οί
3441 4052 3633 4126 ἐχθροί
3671 4065 3775 4122 μου
3797 4042 3882 4099 καὶ

2299 4145 2351 4200 οἱ
2379 4146 2842 4211 ἐπιϐουλεύοντες,
2877 4147 2940 4199 οὺ
2964 4146 3061 4200 σὺν
3083 4145 3309 4217 ἀληθείᾳ
3335 4146 3425 4200 τὸν
3451 4147 3576 4200 κατ’
3604 4140 3747 4216 ἐμοῦ
3767 4136 3880 4210 δρό-

2303 4255 2402 4310 μον
2431 4239 2526 4294 καί
2559 4239 2658 4312 τὴν
2691 4239 2814 4292 κατ’
2846 4237 2983 4309 ἐμοῦ
3023 4237 3256 4310 σπουδὴν
3290 4235 3572 4291 ἐποιοῦντο
3591 4276 3608 4300 ,
3644 4235 3797 4296 ὅλους
3824 4227 3877 4284 δι

2300 4328 2498 4394 αὐτοὺς
2524 4327 2603 4400 τῷ
2634 4328 2818 4400 ψεύδει
2861 4329 3192 4402 παραδόντες
3211 4346 3226 4360 ο
3263 4329 3488 4402 σφάλμα
3526 4330 3586 4384 δὲ
3611 4323 3878 4402 γραφικὺν

2301 4419 2582 4490 γεγονέναι
2607 4421 2666 4474 ἐν
2693 4423 2806 4485 τοῖς
2839 4420 2976 4492 μετὰ
3011 4419 3181 4474 ταῦτα
3217 4420 3414 4493 συνέϐη
3450 4421 3668 4493 χρόνοις
3689 4459 3706 4485 ,
3741 4415 3870 4470 ὥστε

2300 4511 2423 4564 ἀντὶ
2450 4509 2567 4575 τοῦ,
2606 4529 2626 4562 ι
2653 4512 2711 4565 ἐν
2743 4511 2948 4582 ψεύδει,
2981 4512 3038 4566 ἐν
3089 4511 3232 4583 δίψει
3273 4532 3292 4565 ι
3343 4514 3642 4585 γραφῆναι.
3675 4508 3800 4570 Πῶς
3822 4503 3871 4557 δὲ

618 4595 724 4651 sub
759 4595 874 4651 haec
906 4596 1142 4666 explicat
1175 4596 1401 4654 dicens:
1455 4617 1474 4651 ι
1513 4599 1620 4656 Ore
1652 4614 1754 4655 suo
1802 4599 2195 4658 benedicebant

2299 4599 2618 4674 ψευδόμενοι
2653 4601 2703 4656 οι
2739 4602 3178 4669 ἐπιϐουλεύοντες
3214 4603 3448 4677 ἔδραμον
3472 4643 3488 4668 ,
3532 4595 3866 4678 διερμηνεύει

616 4695 676 4746 et
707 4687 874 4744 corde
917 4704 1018 4744 suo
1048 4688 1466 4747 maledicebaut.
1513 4709 1532 4743 ι
1580 4689 1716 4746 Cum
1763 4691 1980 4748 fallacia
2014 4696 2197 4750 molli-

619 4779 724 4836 bus
768 4780 1070 4836 utebantur
1108 4781 1293 4847 dictis,
1330 4789 1388 4835 ut
1439 4796 1526 4838 me
1577 4782 1888 4839 inescarent
1913 4793 1969 4840 et
2015 4787 2199 4842 abilla

617 4884 743 4926 cum
779 4870 884 4927 Deo
932 4873 1170 4930 statione
1217 4874 1611 4933 deturbarent:
1663 4891 1834 4946 quare
1877 4877 2200 4936 benedicere

618 4961 947 5018 videbantur
975 4964 1029 5018 in
1067 4963 1226 5028 facie,
1273 4981 1468 5037 meque
1499 4967 1722 5023 laudare
1767 4977 1822 5023 et
1849 4971 2197 5041 approbare;

618 5054 716 5110 sed
747 5070 903 5111 mens
929 5072 1119 5112 eorum
1140 5120 1142 5122 τ
1162 5059 1310 5115 intus
1340 5060 1822 5118 malcdictionibus
1868 5063 2197 5134 replebatur,

619 5146 778 5216 queis
807 5162 892 5202 me
927 5148 1136 5204 honore
1180 5150 1455 5220 depellere
1496 5159 1551 5207 et
1599 5151 1654 5206 in
1682 5153 2030 5210 maledictum
2063 5155 2199 5226 deji-

619 5253 745 5294 cere
772 5241 1113 5311 satagebant.
1147 5241 1242 5298 llis
1276 5251 1456 5298 autem
1489 5243 1773 5308 docemur,
1802 5255 2069 5318 quotquot
2103 5248 2197 5303 Dei

622 5332 934 5389 hominibus
967 5334 1316 5398 insidiantur,
1352 5336 1488 5390 nihil
1520 5337 1665 5390 aliud
1699 5354 1916 5406 ettrare,
1945 5358 2110 5412 quam
2140 5351 2199 5398 ut

621 5422 770 5494 ipsos
803 5439 889 5488 eo,
922 5426 1016 5496 qui
1046 5426 1191 5498 apud
1226 5425 1395 5481 Deum
1422 5437 1528 5494 est,
1563 5428 1769 5488 honore
1797 5445 2019 5488 exuant.

692 5677 858 5735 Vsus.
894 5678 1028 5736 6-9.
1092 5699 1112 5732 ι
1143 5678 1534 5741 Verumtamen
1592 5685 1702 5741 Deo
1757 5688 2193 5760 subjecta'esto,

618 5772 800 5824 anima
836 5787 978 5837 mea,
1013 5773 1273 5843 quoniam
1306 5773 1374 5827 ab
1410 5776 1531 5848 ipso
1573 5779 1835 5849 patientia
1870 5795 2010 5836 mea.
2059 5781 2192 5836 Nam

621 5865 738 5933 ipse
764 5863 904 5922 Deus
933 5881 1083 5923 meus
1116 5875 1168 5926 et
1201 5866 1454 5924 Salvator
1469 5886 1628 5928 meus
1654 5893 1667 5927 :
1695 5884 1980 5947 susceptor
2042 5893 2195 5935 meus

2299 4693 2474 4764 λέγων
2497 4693 2626 4764 ἑξῆς
2649 4711 2662 4724 ⁸
2705 4712 2726 4746 ι
2765 4694 2855 4766 Τῷ
2888 4695 3116 4767 στόματι
3145 4695 3324 4750 αὐτῶν
3353 4696 3611 4766 εὐλόγουν
3635 4737 3651 4762 ,
3682 4693 3774 4748 καὶ
3804 4688 3865 4758 τῇ

2300 4782 2500 4856 καρδίᾳ
2526 4781 2706 4837 αὐτῶν
2735 4783 3068 4854 κατηρῶντο.
3111 4803 3129 4835 ι
3176 4784 3516 4848 Ἀπατῶντες
3539 4784 3674 4856 γὰρ,
3699 4777 3863 4846 λόγοις

2299 4875 2555 4945 γλυκέσιν
2584 4873 2823 4947 ἐχρῶντο
2851 4873 2988 4946 πρὸς
3016 4875 3076 4927 τὸ
3097 4873 3430 4929 καθελκῦσαί
3465 4893 3531 4945 με
3567 4875 3662 4931 καὶ
3704 4885 3859 4926 κατα-

2299 4968 2481 5021 ϐαλεῖν
2514 4967 2615 5037 τῆς
2648 4965 2800 5038 παρά
2819 4965 2898 5037 τῷ
2923 4965 3042 5036 Θεῷ
3073 4967 3313 5032 στάσεως
3333 4985 3345 4997 ·
3381 4968 3462 5021 διὸ
3494 4967 3736 5038 εὐλογεῖν
3751 4960 3855 5016 £66-

2300 5077 2427 5113 κουν
2467 5060 2563 5113 καὶ
2583 5061 2825 5112 ἐπαινεῖν
2848 5075 2938 5130 με,
2953 5059 3048 5112 καὶ
3077 5059 3434 5130 ἀποδέχεσθαι
3460 5062 3540 5125 είς
3561 5061 3853 5134 πρόσωπον·

2297 5149 2366 5203 τὰ
2390 5149 2448 5204 δὲ
2467 5151 2566 5221 τῆς
2597 5149 2837 5213 διανοίας
2857 5149 3037 5204 αὑτῶν
3061 5150 3389 5222 πεπλήρωτο
3417 5154 3693 5224 καταρῶν,
3708 5147 3772 5204 δι’
3792 5139 3858 5197 ὧν

2298 5238 2398 5312 τὴν
2422 5239 2586 5310 τιμήν
2617 5256 2718 5310 μου
2747 5238 3137 5294 ἐϐουλεύσαντο
3157 5239 3502 5305 ἀπώσασθαι,
3524 5243 3620 5296 καὶ
3660 5237 3851 5306 κατάρᾳ

2301 5346 2368 5401 με
2413 5330 2726 5386 ὑποϐαλεῖν.
2767 5330 3140 5404 Διδασκόμεθα
3187 5333 3244 5387 δέ
3300 5334 3389 5388 διὰ
3418 5333 3624 5388 τούτων
3674 5335 3752 5390 ὅτι
3796 5326 3849 5394 δὴ

2298 5424 2496 5488 πάντες
2515 5425 2565 5477 οἱ
2603 5427 2716 5488 τοῖς
2754 5424 2848 5478 τοῦ
2895 5425 3030 5478 Θεοῦ
3071 5424 3381 5497 ἀνθρώποις
3436 5424 3845 5481 ἐπιϐουλεύοντες

2296 5513 2448 5568 οὐδὲν
2470 5513 2654 5584 ἕτερον
2686 5514 3080 5582 σπουδάζουσιν
3107 5516 3142 5587 ἢ
3165 5515 3263 5586 τῆς
3291 5516 3442 5588 παρὰ
3465 5516 3544 5588 τῷ
3565 5517 3682 5589 Θεῷ
3703 5511 3847 5585 τιμὴς

2299 5589 2580 5674 γυμνῶσαι
2609 5606 2818 5669 αὐτούς.

2377 5715 2394 5747 ι
2437 5695 2581 5767 Πλὴν
2613 5695 2692 5768 τῷ
2725 5696 2842 5768 Θεῷ
2878 5698 3201 5772 ὑποτάγηθι,
3227 5703 3261 5772 ὴ
3291 5700 3438 5776 ψυχή
3479 5720 3600 5774 μου,
3629 5703 3707 5758 ὅτι
3735 5690 3844 5766 παρ’

2299 5786 2518 5860 αὑτοῦὴ
2547 5789 2790 5865 ύπομονή
2827 5809 2952 5862 μου.
3000 5793 3110 5846 Καὶ
3148 5793 3256 5865 γὰρ
3296 5795 3459 5859 αὐτὸς
3493 5795 3627 5860 Θεός
3652 5811 3745 5868 μου
3766 5785 3840 5843 καὶ

2302 5881 2490 5954 Σωτὴρ
2517 5898 2620 5953 μου
2639 5923 2653 5949 ,
2687 5883 3030 5956 ἀντιλήπτωρ
3047 5901 3172 5955 μου,
3193 5886 3256 5939 οὐ
3281 5886 3356 5960 μὴ
3385 5887 3797 5958 μεταναοτεύσω.
3819 5894 3836 5929 ι

4023 5169 4028 5407 i

4021 5527 4026 5681 Ι
