4100 6442
321 275 458 330 593

1489 283 1994 342 COMMENTARIA
2033 285 2102 342 ΙΝ
2137 285 2478 347 PSALMOS.

3514 293 3617 348 595

341 397 691 468 Ἀρχόμενος
715 399 813 470 μὲν
843 400 1044 470 ἔλεγενο
1077 422 1094 454 ι
1123 404 1258 475 Οὐχὶ
1278 404 1356 475 τῷ
1384 405 1502 477 Θεῷ
1529 408 1926 482 ὑποταγήσεται

2037 426 2146 467 non
2175 411 2474 484 emigrabo.
2515 431 2534 464 ι
2569 410 2727 467 Initio
2769 410 2990 482 quidem
3029 379 3094 466 ac
3135 411 3183 469 si
3233 412 3412 469 adhuc
3443 415 3616 470 ambi-

321 491 368 558 ή
400 489 558 560 ψυχὴ
593 508 726 561 μου;
763 513 780 543 ι
808 492 996 567 ὥσπερ
1025 496 1300 561 ὲνδυάζων
1322 498 1422 552 ἔτιο
1446 500 1681 555 ἐνταῦθα
1712 503 1771 556 δὲ
1800 503 1934 556 ἁπο-

325 585 617 652 φοιτικῶς,
659 585 978 657 βεδαιωθεὶς
1015 589 1079 642 ἐκ
1120 589 1230 643 τῶν
1273 592 1601 664 εἰρημένων,
1640 596 1706 666 τῇ
1740 594 1930 648 ἑαυτοῦ

322 675 492 748 ψυχῇ
530 679 843 750 ὲπιθαρσῶν
879 682 1342 754 παρακελεύεται·
1385 685 1467 740 διό
1504 703 1636 758 (φησι
1669 687 1804 761 πρὸς
1836 691 1934 743 αὖ..

335 769 468 839 τήνο
511 789 529 822 ι
561 770 708 844 Πλὴν
744 772 825 844 τῷ
851 773 972 846 Θεῷ
1007 776 1400 850 ὑποτάγηθι,⁹ή
1429 779 1575 853 ψυχή
1611 798 1734 852 μου.
1769 801 1789 834 ι
1823 783 1932 836 Καὶ

326 861 611 936 ἀνωτέρω
658 865 756 936 μὲν
787 863 960 934 ἔλεγεο
999 885 1017 918 ι
1054 867 1192 940 Παρ⁶
1219 869 1386 924 αὑτοῦ
1426 871 1535 942 γὰρ
1575 872 1639 926 τὸ
1668 873 1932 945 σωτήριόν

339 973 478 1025 μου⁸
511 974 530 1010 ι
554 957 785 1011 ἐνταῦθα
801 957 878 1012 δέ·
906 977 926 1011 ι
953 960 1074 1013 Ὅτι
1098 962 1228 1034 παρ’
1248 963 1412 1017 αὑτοῦ
1436 966 1470 1036 ἡ
1494 965 1738 1038 ύπομονή
1762 983 1883 1038 μου.
1907 987 1926 1020 ι

340 1049 578 1120 Ὅμοιον
605 1048 650 1102 δ’
685 1047 752 1103 ἂν
776 1049 861 1122 εἴη
900 1049 1058 1106 τοῦτο
1093 1051 1172 1123 τῷ
1206 1054 1458 1125 φήσαντιο
1500 1077 1518 1108 ι
1550 1057 1734 1114 Πάντα
1765 1059 1933 1130 ίσχύω

331 1143 406 1196 ὲν
445 1139 527 1213 τῷ
563 1142 950 1214 ἐνδυναμοῦντί
990 1161 1078 1214 με.
1114 1165 1133 1198 ι
1177 1147 1252 1200 οὐ
1280 1146 1390 1220 γὰρ
1417 1151 1548 1220 παρ’
1573 1151 1814 1221 ἐμαυτοῦ
1843 1152 1933 1206 κέ-

339 1250 452 1304 κτη
463 1249 561 1303 μαι
586 1231 685 1304 τὴν
713 1233 890 1304 ἰσχὺν,
915 1233 1055 1288 ἀλλά
1087 1235 1242 1308 παρὰ
1263 1236 1361 1290 τοῦ
1394 1238 1816 1310 ὲνδυναμοῦντός
1839 1259 1927 1312 με·

339 1326 443 1378 καὶ
465 1324 721 1391 ἐνταῦθα,
751 1344 769 1378 ι
813 1326 876 1379 Ἦ
897 1326 1144 1400 ὑπομονή
1172 1345 1272 1399 μου
1304 1349 1323 1380 ι
1348 1331 1448 1384 οὐκ
1473 1332 1531 1398 ἐξ
1555 1333 1715 1405 ἐμῆς,
1743 1334 1928 1405 φησιν,

337 1419 552 1490 ἀρετῆς
600 1419 696 1473 καὶ
739 1419 1022 1492 δυνάμεως
1072 1423 1424 1496 συνέστηκεν,
1469 1427 1603 1482 ἀλλὰ
1638 1429 1791 1502 παρὰ
1829 1431 1932 1501 τῆς

340 1512 513 1566 αὑτοῦ
546 1511 785 1586 χάριτος
823 1533 841 1565 ι
878 1515 988 1568 Καὶ
1013 1514 1124 1588 γὰρ
1141 1516 1304 1580 αὐτὸς
1329 1517 1461 1582 Θεός
1491 1537 1592 1591 μου
1617 1521 1712 1575 καὶ
1739 1521 1929 1593 Σωτήρ

346 1621 474 1675 μου·
515 1625 532 1656 ι
567 1605 757 1678 διόπερ
779 1607 860 1670 ὼς
892 1606 1026 1670 Θεός
1063 1625 1163 1679 μου
1197 1611 1292 1664 καὶ
1335 1611 1526 1684 Σωτήρ
1563 1630 1663 1684 μου
1702 1615 1929 1686 παρέχει

345 1714 443 1769 μοι
474 1699 573 1770 τὴν
601 1699 902 1771 ὑπομονήν.
929 1697 1043 1754 Εἶτ’
1071 1703 1330 1776 ἀνωτέρω
1362 1706 1462 1776 μὲν
1493 1705 1637 1777 ἔχεις
1659 1707 1740 1772 τὸ,
1773 1727 1791 1760 ι
1818 1711 1929 1764 Καὶ

2036 511 2186 575 geret
2223 503 2439 558 dicebat
2475 521 2490 558 :
2529 521 2547 556 ι
2590 501 2784 558 Nonne
2821 501 2932 558 Deo
2974 494 3220 572 subjecta
3271 503 3378 558 erit
3432 504 3616 559 anima

2037 595 2200 650 mea?
2234 615 2252 648 ι
2297 593 2397 651 Hic
2423 609 2575 658 vero,
2605 611 2670 650 ex
2716 594 2788 650 iis
2832 610 2954 664 quae
2997 595 3192 650 anima:
3231 610 3345 652 suae
3377 597 3614 652 revelata

2036 685 2254 740 fuerant
2293 687 2569 749 firmatus,
2621 687 2874 742 absolute
2917 702 2982 741 ac
3026 686 3256 742 fidenter
3313 688 3562 759 praecipit
3597 708 3610 743 :

2035 791 2216 847 quare
2231 779 2313 834 sic
2340 793 2460 834 eam
2493 779 2814 850 alloquitur,
2855 797 2873 830 ι
2917 777 3313 836 Verumtamen
3347 780 3458 837 Deo
3483 781 3616 837 sub-

2029 869 2174 939 jecta
2199 877 2340 937 esto,
2361 870 2544 925 anima
2565 886 2708 926 mea.
2744 890 2763 923 ›
2803 870 2882 924 Ac
2919 869 3175 940 superius
3199 871 3412 926 dixerat
3439 890 3453 926 :
3481 891 3500 923 ι
3530 870 3616 927 Ab

2034 960 2156 1032 ipso
2193 961 2340 1018 enim
2369 963 2611 1018 salutare
2638 978 2854 1028 meum;
2897 983 2916 1016 ι
2956 963 3044 1018 hic
3092 979 3243 1025 vero,
3280 981 3298 1014 ι
3340 962 3612 1031 Quoniam

2035 1054 2104 1109 ab
2136 1054 2256 1125 ipso
2285 1054 2552 1125 patientia
2579 1071 2721 1112 mea.
2757 1075 2775 1108 ι
2811 1054 3004 1112 Simile
3032 1065 3214 1112 autem
3258 1056 3311 1111 id
3343 1056 3508 1111 fuerit
3527 1055 3613 1111 di-

2034 1155 2124 1203 cto
2165 1147 2478 1220 hujusmodi
2519 1169 2531 1204 :
2572 1168 2593 1202 ι
2638 1147 2836 1205 Omnia
2891 1165 3113 1221 possum
3167 1151 3221 1205 in
3272 1165 3339 1206 eo
3381 1151 3475 1221 qui
3504 1165 3610 1207 me

2033 1239 2310 1296 confortat
2339 1241 2404 1296 ⁸⁷.
2454 1262 2473 1294 ι
2527 1239 2650 1298 Non
2684 1244 2830 1300 enim
2880 1258 2911 1296 a
2963 1243 3174 1314 meipso
3237 1243 3609 1298 fortitudinem
3643 1240 3690 1317 ‘1

2032 1334 2415 1402 obtineo,.sed
2464 1335 2634 1392 abeo
2671 1334 2763 1406 qui
2800 1351 2888 1391 me
2925 1335 3221 1399 confortat,
3256 1344 3311 1391 et
3359 1337 3448 1390 hic
3491 1337 3609 1391 ait:

2037 1445 2058 1478 ο
2092 1427 2353 1498 patientia
2395 1443 2514 1484 mea
2561 1448 2585 1482 ›
2616 1445 2724 1485 non
2749 1443 2816 1483 ex
2843 1429 3044 1485 virtute
3089 1438 3143 1484 et
3180 1437 3449 1500 potestate
3491 1443 3611 1483 mea

2031 1527 2278 1588 constat,
2309 1519 2404 1576 sed
2438 1519 2508 1575 ab
2539 1519 2664 1589 ejus
2701 1519 2878 1590 gratia
2913 1519 3134 1590 prodit:
3168 1538 3186 1572 ι
3225 1519 3360 1575 Nam
3391 1528 3446 1576 et
3496 1519 3616 1590 ipse

2033 1609 2180 1668 Dens
2233 1627 2390 1667 meus
2449 1619 2504 1668 et
2563 1611 2818 1667 Salvator
2877 1627 3068 1678 meus;
3111 1631 3131 1664 ι
3184 1621 3520 1682 quapropter
3555 1621 3615 1664 ut

2034 1700 2176 1757 Deus
2208 1717 2364 1758 meus
2391 1712 2446 1758 et
2476 1703 2730 1759 Salvator
2759 1718 2913 1759 meus
2946 1703 3262 1772 patientiam
3306 1703 3448 1758 mihi
3482 1717 3615 1773 sup-

341 1791 459 1863 γὰρ
479 1791 640 1856 αὐτὸς
660 1791 792 1856 Θεός
819 1810 922 1864 μου
949 1795 1045 1848 καὶ
1071 1795 1262 1868 Σωτήρ
1283 1813 1408 1868 μου,
1432 1798 1780 1872 ἀντιλήπτωρ
1803 1819 1926 1872 μου,

2031 1791 2256 1863 peditat.
2291 1791 2642 1865 Rursumque
2687 1795 2941 1864 superius
3000 1795 3133 1852 illud
3167 1795 3337 1851 habes
3365 1835 3380 1859 ,
3422 1813 3440 1846 ι
3477 1793 3614 1849 Nam

340 1883 409 1937 οὐ
447 1882 520 1954 μή
555 1885 996 1954 μεταναστεύσω”
1031 1905 1050 1940 ι
1085 1888 1118 1959 ἢ
1157 1889 1298 1943 κατὰ
1335 1889 1428 1945 τὸν
1470 1891 1699 1947 Ἀκύλαν
1722 1895 1930 1950 καὶτὸν

343 1974 659 2046 Σύμμαχον,
683 1995 703 2029 ι
738 1978 797 2030 ού
827 1978 1194 2051 σφαλήσομαι.
1222 2001 1241 2033 ι
1279 1982 1454 2056 Πολλὴ
1487 1984 1544 2038 δὲ
1575 1983 1805 2058 διαφορὰ
1835 1986 1929 2040 τοῦ

346 2069 668 2138 φάσκοντος,
699 2088 717 2120 ι
742 2071 804 2124 οὐ
833 2071 908 2144 μὴ
931 2073 1175 2128 σαλευθῶ
1199 2075 1292 2130 ἐπὶ
1316 2077 1516 2144 πλεῖον,
1548 2097 1566 2133 ι
1601 2079 1811 2133 καὶτοῦ
1840 2079 1898 2134 λέ
1915 2110 1928 2122 ο

344 2177 554 2229 γοντος,
590 2183 607 2214 ι
635 2163 697 2216 οὐ
727 2163 1099 2238 σφαλήσομαι,
1121 2187 1138 2220 ι
1165 2169 1283 2234 καὶ,
1304 2187 1322 2220 ι
1345 2169 1404 2222 οὐ
1435 2171 1872 2241 μεταναστεύσω.
1903 2193 1922 2225 ι

345 2253 422 2306 Τὸ
465 2254 561 2324 μὲν
605 2253 716 2326 γὰρ
758 2255 948 2326 ἐδήλου
996 2258 1321 2314 σαλεύεσθαι
1374 2261 1496 2332 μὲν,
1543 2261 1658 2316 ἀλλ’
1688 2263 1788 2317 οὐκ
1836 2264 1924 2317 ἐπὶ

349 2345 548 2400 πλεῖον·
573 2347 808 2402 ἐνταῦθα
836 2348 906 2402 δὲ.
926 2349 1158 2423 ἄρνησίς
1189 2354 1306 2407 ἐστι
1341 2353 1610 2428 παντελὴς
1638 2353 1732 2409 τοῦ
1770 2355 1928 2410 πταί-

347 2453 573 2508 σματος.
609 2458 627 2490 ι
672 2438 795 2492 Ἐπὶ
820 2439 899 2511 τῷ
921 2441 1041 2514 Θεῷ
1073 2443 1136 2496 τὸ
1164 2444 1430 2518 σωτήριόν
1463 2463 1565 2517 μου
1603 2447 1698 2500 καὶ
1735 2447 1769 2518 ή
1802 2446 1927 2514 δόξα

349 2545 473 2598 μου,
509 2529 640 2593 Θεὸς
658 2530 756 2600 τῆς
787 2531 1038 2602 βοηθείας
1069 2551 1191 2606 μου,
1223 2536 1317 2589 καὶ
1352 2537 1384 2608 ή
1411 2535 1566 2603 ἐλπίς
1601 2555 1704 2610 μου
1735 2539 1828 2592 ἐπὶ
1847 2538 1928 2611 τῷ

344 2621 484 2692 Θεῷ.
518 2641 536 2675 ι
590 2623 698 2676 Καὶ
745 2625 976 2680 ἐνταῦθα
1011 2628 1074 2681 τὸ
1111 2647 1130 2679 ι
1171 2630 1443 2702 Σωτήριον
1481 2650 1501 2684 ι
1539 2633 1569 2685 6
1614 2633 1819 2705 Ἰησοῦς
1857 2637 1924 2708 τῇ

357 2713 614 2787 Ἑϐραῖκῇ
649 2720 797 2789 φωνῇ
823 2716 1157 2790 ὠνόμασται,
1187 2723 1282 2775 καὶ
1311 2725 1426 2787 τοῖς
1453 2727 1796 2799 χαρακτῆρσι
1813 2730 1927 2794 τοῖς

344 2806 528 2872 αὐτοῖς
571 2808 963 2880 ἐγγέγραπται.
1013 2813 1226 2887 Ὥσπερ
1265 2814 1322 2869 δὲ
1367 2818 1396 2870 6
1425 2818 1566 2884 θεῖος
1605 2821 1925 2887 Ἀπόστολος

345 2898 474 2970 περὶ
507 2897 603 2952 τοῦ
637 2901 890 2974 Σωτῆρος
923 2904 1081 2975 ήμῶν
1124 2905 1300 2975 λέγων
1346 2908 1575 2983 ἔγραφε·
1614 2931 1633 2965 ι
1673 2912 1923 2967 Δικαιού-

349 3007 496 3060 μενοι
523 2991 732 3064 δωρεὰν
757 2995 824 3065 τῇ
849 2993 1015 3049 αὑτοῦ
1045 2997 1226 3070 χάριτι
1249 2999 1337 3054 διὰ
1367 3003 1468 3073 τῆς
1494 3003 1925 3079 ἀπολυτρώσεως

342 3082 440 3186 της
469 3083 528 3186 ὲν
549 3084 769 3186 Χριστιῖρ
804 3086 997 3186 Ἰησού·
1025 3088 1084 3186 ὃν
1108 3091 1369 3186 προέθετο
1400 3096 1427 3148 6
1453 3093 1586 3162 Θεὸς
1615 3096 1924 3172 ἱλαστήριον
1951 3128 1994 3186 C

343 3172 428 3226 διὰ
455 3173 688 3240 πίστεως
721 3177 779 3231 ὲν
811 3177 888 3249 τῷ
920 3179 1086 3234 αὐτοῦ
1111 3182 1324 3252 αἴματι’
1365 3203 1385 3236 ι
1412 3187 1507 3240 καὶ
1529 3187 1712 3242 πάλινο
1741 3209 1759 3242 ι
1799 3191 1925 3247 Ἐάν

340 3281 426 3329 τις
457 3266 703 3341 ἁμάρτῃ,
738 3269 1086 3342 παράκλητον
1113 3271 1312 3344 ἔχομεν
1341 3275 1477 3348 πρὸς
1504 3276 1596 3331 τὸν
1628 3279 1780 3346 Θεὸν,
1820 3281 1925 3354 ’1η-

345 3357 470 3410 σοῦν
503 3359 737 3430 Χριστὸν
768 3360 996 3416 δίκαιονο
1033 3364 1126 3417 καὶ
1156 3365 1317 3430 αὑτός
1343 3367 1490 3420 ἐστιν
1528 3367 1753 3440 ίλασμὸς
1787 3371 1926 3444 ὑπὲρ

337 3449 448 3502 τῶν
467 3450 752 3524 ἁμαρτιῶν
774 3453 948 3525 ήμῶνο
984 3475 1002 3508 ι
1033 3456 1124 3510 τὸν
1155 3457 1318 3511 αὑτὸν
1342 3459 1544 3530 τρόπον
1578 3461 1672 3515 καὶ
1693 3461 1925 3516 ἐνταῦθα

344 3539 607 3596 λέλεκται·
659 3544 780 3599 Ἐπὶ
817 3544 894 3617 τῷ
941 3546 1062 3619 Θεῷ
1109 3547 1172 3601 τὸ
1201 3549 1469 3621 σωτήριόν
1503 3569 1604 3622 μου
1628 3553 1771 3624 καὶὴ
1798 3553 1923 3620 δόξα

349 3650 470 3703 μου,
503 3637 596 3688 καὶ
621 3639 655 3707 ἡ
691 3636 914 3708 βοήθειά
947 3656 1049 3711 μου
1078 3640 1172 3695 καὶ
1201 3643 1234 3713 ἠ
1258 3640 1414 3706 ἐλπίς
1442 3660 1566 3714 μου.
1613 3644 1702 3709 Ὠς
1730 3645 1778 3697 εί
1807 3644 1926 3698 λευ-

346 3729 566 3801 κότερον
595 3730 656 3783 τὸ
695 3732 1096 3805 σημαινόμενον
1125 3735 1234 3790 ἀπὸ
1265 3736 1367 3806 τῆς
1408 3737 1703 3809 Ἐὄραῖκῆς
1741 3738 1923 3809 φωνῆς

344 3822 545 3877 τέθειτο
577 3824 634 3877 ὲν
663 3826 730 3896 τῇ
762 3825 1050 3897 ἑρμηνείᾳ,
1079 3825 1252 3892 οὕτως
1287 3827 1354 3882 ἂν
1383 3831 1677 3901 περιεῖχεν
1718 3830 1924 3902 Ἰησοῦς

342 3913 400 3966 τὸ
439 3915 702 3986 σωτήριόν
749 3933 849 3987 μου
884 3917 942 3970 ἐν
972 3916 1050 3988 τῷ
1080 3917 1200 3990 Θεῷ
1235 3920 1541 3991 τυγχάνων,
1578 3921 1674 3976 καὶ
1717 3925 1774 3976 ὲν
1811 3925 1924 3987 τοῖς

345 4005 559 4070 κόλποις
589 4007 686 4062 τοῦ
716 4009 949 4080 Πατρὸς,
998 4009 1159 4074 αὐτός
1192 4012 1342 4066 ἐστιν
1387 4014 1420 4084 ή
1461 4012 1591 4081 δόξα
1630 4031 1732 4086 μου
1771 4015 1866 4068 καὶ
1896 4016 1926 4070 6

345 4097 514 4168 φύλαξ
544 4116 667 4170 μου,
694 4101 789 4153 καὶ
811 4102 840 4154 6
865 4101 997 4165 Θεὸς
1022 4102 1124 4172 τῆς
1157 4102 1406 4174 βοηθείας
1442 4121 1566 4176 μου,
1597 4107 1745 4178 καὶὴ
1771 4105 1924 4172 ὲλπίνς

348 4207 447 4261 μου
474 4193 506 4261 ή
541 4192 600 4245 ὲν
631 4191 711 4262 τῷ
744 4191 881 4264 Θεῷ.
915 4193 1102 4248 Ταῦτα
1132 4194 1243 4268 γὰρ
1269 4195 1448 4250 πάντα
1475 4198 1504 4251 ό
1529 4197 1624 4251 τοῦ
1651 4196 1798 4253 Θεοῦ-
1823 4199 1924 4254 Δό-

346 4300 435 4351 γος
460 4285 576 4336 ἐστὶ
613 4287 727 4348 τοῖς
763 4286 843 4348 είς
876 4285 1039 4340 αὐτὸν
1079 4287 1376 4352 ἐλπίζουσι.
1417 4289 1511 4344 Διὸ
1543 4292 1638 4345 καὶ
1668 4293 1810 4346 κατά
1833 4292 1924 4346 τὸν

356 4375 580 4431 Ἀκύλαν
613 4375 845 4448 εἴρηται·
879 4395 897 4429 ι
941 4378 1065 4448 Ἐπὶ
1089 4377 1210 4451 Θεῷ
1240 4381 1507 4454 σωτήριόν
1541 4399 1645 4453 μου
1679 4383 1774 4438 καὶ
1795 4383 1922 4451 δόξα

2031 1891 2086 1940 et
2131 1884 2250 1956 ipse
2279 1885 2426 1944 Deus
2468 1903 2624 1944 meus
2677 1897 2735 1944 et
2797 1889 3052 1944 Salvator
3101 1905 3281 1954 meus,
3326 1894 3615 1958 susceptor

2031 1993 2208 2046 meus,
2239 1993 2349 2035 non
2377 1980 2658 2052 etnigrabo
2685 1999 2698 2047 ;
2728 2000 2747 2034 ι
2771 1983 2913 2045 sive,
2945 1981 3245 2037 secundum
3279 1981 3526 2052 Aquilam
3557 1989 3614 2036 et

2033 2071 2442 2143 Symmachum,
2496 2093 2515 2124 ι
2550 2090 2658 2128 non
2711 2074 2889 2128 fallar.
2923 2093 2943 2125 ›
2983 2073 3214 2128 Ill-ultum
3240 2074 3469 2129 interest
3495 2072 3614 2129 dis-

2029 2164 2279 2220 criminis
2328 2164 2471 2220 inter
2520 2164 2676 2231 illud,
2736 2187 2756 2217 ι
2793 2181 2903 2221 non
2953 2166 3214 2221 movebor
3277 2164 3540 2234 amplius,
3576 2182 3598 2215 ι

2029 2265 2084 2312 et
2123 2257 2281 2324 illud,
2335 2276 2354 2310 ι
2389 2272 2499 2313 non
2531 2257 2710 2323 fallar,
2743 2278 2760 2310 ι
2790 2265 2843 2312 et
2871 2276 2889 2308 ι
2929 2273 3042 2313 non
3075 2257 3377 2328 emigraho.
3415 2278 3434 2309 ι
3469 2255 3612 2311 Nam

2029 2344 2163 2401 illud
2203 2345 2425 2418 quidem
2463 2345 2743 2401 indicabat
2791 2348 2998 2403 moveri
3029 2347 3251 2418 quidem
3282 2347 3484 2418 ipsum,
3515 2348 3618 2404 sed.

2029 2453 2140 2494 non
2179 2439 2442 2506 multum;
2497 2447 2553 2494 at
2591 2438 2682 2493 hic
2713 2438 2964 2509 cujusvis
3012 2438 3199 2509 lapsus
3247 2437 3468 2510 negatio
3499 2444 3606 2494 est.

2034 2551 2052 2584 ι
2087 2531 2143 2587 In
2175 2530 2288 2588 Deo
2314 2532 2556 2589 salutare
2597 2547 2779 2587 meum
2814 2540 2869 2587 et
2901 2531 3072 2603 gloria
3099 2546 3240 2598 mea,
3274 2529 3418 2586 Deus
3455 2529 3614 2585 auxi-

2027 2623 2086 2679 lii
2114 2624 2244 2688 mei,
2275 2631 2330 2680 et
2365 2637 2491 2694 spes
2520 2637 2640 2679 mea
2671 2623 2724 2678 in
2754 2622 2864 2679 Deo
2886 2631 2990 2680 est.
3027 2642 3044 2676 ι
3081 2621 3182 2678 llic
3218 2615 3436 2694 quoque
3470 2642 3489 2676 ι
3524 2639 3612 2679 sa-

2027 2716 2204 2772 lutare
2242 2733 2262 2768 ι
2302 2713 2570 2771 Hebraica
2599 2714 2785 2786 lingua
2819 2713 2982 2770 Jcsus
3027 2715 3228 2780 dictus,
3275 2729 3440 2796 atque
3476 2715 3610 2785 ipsis

2027 2808 2438 2865 eharacteribus
2459 2807 2771 2878 descriptus
2794 2816 2900 2862 est.
2931 2805 3401 2873 Quemadmodum
3427 2814 3611 2862 autem

2026 2900 2246 2958 divinus
2290 2901 2591 2972 Apostolus
2625 2901 2694 2958 de
2740 2899 3025 2957 Salvatore
3056 2908 3254 2956 nostro
3307 2901 3424 2955 haec
3471 2901 3613 2955 scri-

2026 2991 2137 3064 psit
2175 3011 2190 3046 :
2227 3011 2246 3044 ι
2283 2990 2577 3048 Justilicati
2631 2993 2803 3064 gratis
2857 3007 2955 3062 per
2998 2992 3228 3063 gratiam
3277 2992 3472 3062 ipsius,
3518 3009 3605 3062 pet

2029 3082 2455 3154 redemptionem
2488 3098 2611 3154 quae
2634 3092 2721 3140 est
2755 3084 2810 3139 in
2837 3083 3059 3140 Christo
3082 3084 3211 3140 Jesu
3242 3105 3256 3140 :
3289 3099 3450 3155 quem
3487 3099 3614 3155 pro-

2029 3174 2212 3244 posuit
2249 3173 2395 3229 Deus
2427 3175 2869 3246 propitiationem
2904 3191 2998 3246 per
3044 3177 3206 3233 fidem
3250 3177 3306 3231 in
3347 3178 3614 3248 sanguine

2028 3265 2203 3338 ipsius
2235 3266 2302 3334 ⁶⁸;
2342 3285 2360 3320 ι
2397 3281 2461 3324 ac
2506 3283 2725 3324 rursum
2759 3287 2772 3323 :
2811 3287 2830 3320 ι
2870 3267 2929 3323 Si
2963 3268 3090 3339 quis
3136 3269 3464 3341 peccaverit,
3515 3270 3616 3324 ad-

2027 3367 2282 3416 vocatum
2315 3360 2583 3418 habemus
2631 3361 2776 3433 apud
2827 3360 3020 3428 Deum,
3086 3359 3274 3417 Jesum
3329 3361 3611 3418 Christum

2021 3453 2256 3522 justum,
2311 3461 2364 3509 et
2413 3453 2532 3524 ipse
2579 3462 2664 3510 est
2709 3453 3028 3525 pr0pitiatio
3073 3470 3172 3526 pro
3215 3455 3458 3526 peccatis
3508 3469 3612 3510 no-

2027 3543 2156 3598 stris
2183 3543 2251 3610 ”,
2295 3561 2314 3596 ι
2347 3543 2429 3600 sic
2457 3552 2513 3600 et
2544 3543 2650 3600 hoc
2696 3545 2816 3600 loco
2864 3544 3092 3613 dicitur,
3136 3543 3194 3600 In
3235 3543 3346 3601 Deo
3371 3545 3619 3601 salutare

2025 3651 2208 3695 meum
2250 3645 2306 3693 et
2345 3637 2518 3710 gloria
2564 3652 2706 3703 mea,
2754 3646 2809 3694 et
2853 3637 3118 3692 auxilium
3173 3653 3352 3692 meum
3399 3649 3452 3692 et
3487 3653 3614 3707 spes

2025 3743 2166 3784 mea.
2227 3728 2308 3783 lta
2351 3738 2408 3783 ut
2439 3728 2487 3784 si
2525 3727 2807 3784 llebraicze
2824 3730 2974 3785 vocis
3007 3729 3376 3800 signiﬁcatum
3406 3730 3612 3787 clarius

2025 3821 2083 3877 in
2128 3821 2580 3891 interpretatione
2633 3823 2872 3892 positum
2925 3821 3140 3886 fuisset,
3199 3823 3281 3878 sic
3335 3823 3607 3879 haberet:

2024 3909 2185 3968 Jesus
2217 3913 2458 3969 salutare
2491 3927 2672 3968 meum
2697 3911 2752 3967 in
2797 3910 2910 3968 Deo
2945 3913 3238 3975 exsistens,
3280 3920 3335 3967 et
3379 3912 3433 3966 in
3483 3912 3608 3966 sinu

2025 4006 2226 4074 Patris,
2273 4008 2391 4078 ipse
2419 4016 2505 4063 est
2539 4007 2711 4079 gloria
2761 4022 2902 4070 mea,
2946 4015 3134 4062 custos
3177 4021 3351 4070 meus,
3380 4015 3434 4060 ct
3466 4005 3610 4061 Dens

2025 4101 2216 4156 auxilii
2245 4101 2358 4158 mei
2386 4110 2441 4157 et
2472 4115 2600 4172 spes
2644 4114 2787 4164 mea,
2818 4114 2940 4170 quae
2969 4099 3024 4153 in
3068 4098 3180 4153 Deo
3212 4105 3315 4154 est.
3347 4096 3482 4152 Nam
3511 4095 3610 4154 Dei

2027 4190 2263 4247 Verbum
2292 4191 2490 4248 horum
2521 4189 2775 4246 omnium.
2800 4190 2922 4246 loco
2945 4197 3029 4246 est
3056 4189 3408 4260 sperantibus
3441 4189 3495 4244 in
3525 4203 3606 4245 se.

2025 4284 2207 4351 Quare
2227 4291 2282 4340 et
2318 4283 2623 4340 secundum
2649 4281 2903 4354 Aquilam
2933 4282 3140 4338 dictum
3173 4289 3258 4337 est
3291 4301 3305 4337 :
3343 4302 3362 4334 ι
3404 4280 3464 4337 In
3495 4281 3609 4338 Deo

2026 4377 2268 4433 salutare
2307 4390 2513 4440 meum,
2546 4381 2604 4430 et
2640 4372 2815 4444 gloria
2857 4389 2998 4439 mea,
3043 4374 3234 4429 ﬁrmus
3272 4371 3613 4431 fortitudini.-

347 4485 464 4538 μου,
509 4469 727 4540 στερεὸς
765 4469 998 4541 κράτους
1043 4486 1168 4539 μου,
1209 4470 1365 4536 ὲλπίς
1407 4491 1510 4544 μου
1537 4474 1597 4528 ὲν
1625 4473 1776 4546 Θεῷ..
1805 4474 1920 4528 Ἐλ-

2028 4486 2180 4534 meae,
2212 4484 2340 4540 spes
2367 4483 2488 4524 mea
2521 4467 2575 4522 in
2613 4465 2742 4522 Deo.
2780 4467 3008 4538 Sperate
3047 4467 3101 4520 in
3129 4481 3195 4523 eo
3223 4467 3403 4523 omnis
3443 4482 3609 4538 syna-

345 4556 532 4610 πίσατε
589 4559 675 4611 ἐπ’
714 4560 897 4625 αὐτὸν,
963 4561 1113 4615 πᾶσα
1146 4562 1438 4635 συναγωγὴ
1485 4563 1650 4620 λαῶν·
1693 4565 1921 4636 ὲκχέατε

346 4649 566 4704 ἐνώπιον
612 4651 776 4704 αὐτοῦ
817 4652 917 4715 τὰς
959 4653 1188 4724 καρδίας
1231 4655 1406 4725 ὑμῶν.
1463 4657 1522 4710 '0
1559 4655 1692 4721 Θεὸς
1727 4657 1922 4730 βοηθὸς

347 4742 520 4812 ἡμῶν.
573 4743 881 4815 Διάψαλμα.
936 4765 954 4798 ι
1014 4748 1408 4820 Μνημονεύσας
1467 4749 1562 4804 τοῦ
1621 4751 1919 4824 Σωτηρίου,

348 4836 599 4901 συνεῖδεν,
644 4837 726 4892 ὅτι
775 4837 836 4891 οὐ
887 4839 1046 4910 μόνον
1090 4841 1258 4895 αὐτοῦ
1303 4841 1698 4913 θεραπευτικὸν
1743 4844 1916 4910 ἐσται,

346 4928 514 4983 κοινὸν
547 4930 605 4983 δὲ
635 4932 926 5003 γενήσεται
964 4934 1199 5002 ἀγαθόν’
1240 4935 1322 4990 διὸ
1363 4937 1452 4989 ἐπ’
1493 4937 1624 4992 αὐτὸ
1658 4937 1920 5008 συγκαλεῖ

345 5022 461 5085 τοὺς
486 5022 712 5086 πάντας,
739 5022 1022 5092 φιλαυτίαν
1048 5026 1144 5097 μὲν
1165 5026 1586 5099 ἐκτρεπόμενος,
1617 5028 1918 5102 φιλανθρω-

349 5111 466 5166 πίαν
499 5111 556 5165 δὲ
586 5112 678 5166 καὶ
711 5112 810 5184 τὴν
844 5114 982 5186 πρὸς
1012 5117 1140 5181 τοὺς
1178 5117 1350 5182 πέλας
1389 5117 1611 5190 ἀγάπην
1641 5117 1913 5173 ἐνδεικνύε-

349 5222 516 5276 μενος.
557 5204 954 5276 Προσκαλεϊται
982 5209 1160 5264 τοίνυν
1190 5209 1265 5274 ὡς
1290 5211 1386 5265 ἐπὶ
1417 5211 1682 5284 σωτήριον
1719 5211 1915 5284 λιμένα

345 5297 578 5365 φάσκων·
631 5316 660 5373 ι,
700 5297 984 5352 Ἐλπίσατε
1035 5301 1122 5354 ἐπ’
1183 5301 1368 5367 αὑτὸν,
1430 5303 1579 5356 πᾶσα
1623 5303 1927 5376 συναγωγὴ

343 5387 497 5440 λαῶν⁹
534 5406 552 5440 ι
591 5387 624 5459 ἢ
660 5390 798 5443 κατὰ
823 5389 916 5444 τὸν
955 5391 1212 5457 Ἀκύλαν,
1234 5411 1254 5444 ι
1296 5394 1661 5466 Ἀμεριμνᾶτε
1687 5395 1746 5448 ὲν
1767 5394 1926 5466 αὐτῷ

343 5482 394 5532 ὲν
429 5480 590 5534 παντὶ
620 5481 817 5553 καιρῷ,
845 5481 992 5547 λαός.
1030 5503 1048 5535 ι
1090 5484 1534 5557 Ἀμεριμνῶντας
1561 5487 1618 5541 δὲ
1665 5489 1724 5540 ὲν
1766 5487 1915 5559 αύτῷ

345 5574 428 5625 καὶ
472 5572 808 5642 ἐλπίζοντας,
859 5574 1122 5643 ὲξαπλοῦν
1159 5581 1424 5650 προσήκει
1457 5581 1585 5644 τοὺς
1621 5580 1916 5652 λογισμοὺς

2021 4576 2158 4633 goga
2205 4559 2532 4630 populorum
2579 4577 2591 4612 :
2636 4556 2897 4612 effundite
2950 4572 3137 4612 coram
3179 4557 3273 4612 illo
3305 4556 3473 4613 corda
3518 4573 3612 4614 ve-

2023 4660 2158 4707 stra.
2188 4649 2335 4706 Deus
2373 4647 2594 4720 adjutor
2625 4646 3198 4719 ηοειειι.1)ἱιιρειι1ιηα.
3249 4666 3268 4700 ι
3307 4647 3611 4720 Postquam

2023 4743 2266 4798 salutare
2298 4743 2644 4806 memoravit,
2684 4741 2908 4814 agnovit
2935 4756 3044 4796 non
3074 4742 3254 4797 solum
3286 4741 3390 4797 sibi
3421 4741 3610 4798 mede-

2026 4835 2136 4889 lam
2163 4835 2483 4899 allaturum,
2507 4835 2608 4891 sed.
2631 4849 2924 4890 commune
2947 4833 3152 4889 bonum
3175 4831 3422 4887 futurum
3446 4848 3602 4890 esse:

2024 4942 2196 4998 quare
2235 4926 2304 4981 ad
2353 4927 2532 4998 ipsum
2571 4941 2765 4983 omnes
2802 4933 3032 4989 evocat,
3081 4939 3384 4995 eversoque
3422 4941 3608 4981 amore

2023 5020 2266 5090 proprio,
2301 5021 2696 5076 humanitatem
2731 5027 2787 5074 et
2834 5018 3208 5088 proximorum
3254 5017 3602 5072 dilectionem

2022 5112 2262 5167 exhibet.
2295 5107 2464 5179 Quasi
2512 5126 2644 5184 ergo
2674 5110 2744 5166 ad
2788 5111 3081 5166 salutarem
3141 5117 3361 5182 portum
3413 5111 3597 5165 invitat

2022 5203 2110 5260 his
2138 5205 2322 5260 verbis
2356 5225 2370 5261 :
2406 5225 2424 5258 ι
2448 5203 2676 5276 Sperate
2709 5203 2764 5257 in
2795 5217 2882 5263 eo.
2913 5203 3092 5259 omnis
3118 5204 3468 5286 congregatio
3501 5218 3588 5274 po-

2022 5297 2297 5368 pulorum,
2334 5317 2352 5350 ι
2385 5299 2520 5364 sive,
2538 5297 2840 5354 secundum
2865 5297 3140 5366 Aquilam,
3174 5314 3192 5347 ι
3225 5296 3428 5352 Securo
3459 5296 3598 5366 agite

2023 5392 2080 5447 in
2120 5392 2263 5462 ipso,
2295 5391 2444 5446 omni
2485 5399 2751 5462 tempore,
2812 5391 3065 5461 populus.
3111 5408 3130 5442 ›
3172 5387 3376 5444 Securo
3439 5401 3602 5456 porro

2022 5495 2244 5558 agentes
2284 5501 2347 5541 ac
2380 5498 2664 5556 sperantes
2697 5487 2752 5540 in
2795 5486 2914 5556 ipso
2965 5499 3061 5556 par
3098 5495 3182 5539 est
3239 5481 3602 5553 cogitationes

2025 5581 2128 5651 ipsi
2159 5580 2394 5653 aperire,
2430 5588 2484 5637 et
2515 5581 2710 5637 anima:
2734 5581 2954 5636 morbos
2988 5588 3245 5648 tanquam
3274 5574 3488 5632 uindico
3510 5587 3601 5646 pa-

405 5751 452 5782 υι
489 5747 721 5821 Philipp.
758 5740 955 5817 ιν,ἰ5.
1033 5755 1074 5787 ⁵⁸
1114 5753 1272 5811 Rom.
1311 5771 1402 5824 ιιι,
1426 5757 1496 5812 2i
1524 5757 1614 5812 23.
1693 5760 1735 5790 θ’
1766 5759 1783 5814 l
1809 5757 1962 5814 Joan.
1999 5775 2064 5826 ιι,
2102 5757 2190 5818 t‘i.
