4100 6442
549 336 652 392 ωδ
1228 319 1498 378 EUSEBII
1531 309 2017 374 CA‘JSARIENSIS
2047 306 2199 363 OPP.
2241 303 2425 359 PARS
2463 304 2553 359 Ill.
2597 333 2665 342 ——
2703 277 3136 352 EXEGETICAC
3721 276 3807 333 590

546 447 802 502 tefacerc.
852 439 1219 508 Quamobrem
1258 435 1539 504 subiungit.
1579 449 1594 486 :
1635 449 1653 482 ι
1711 425 1986 483 Ell'undite
2028 437 2122 479 co-

2239 421 2316 474 tal.
2348 420 2446 491 τῆς
2481 417 2658 488 ψυχῆς
2691 407 3039 481 ἀπογυμνοῦν
3085 405 3233 475 αύτῷ
3272 404 3496 508 ιτΐσπερ
3757 397 3813 508 τὰ

546 488 802 502 ww-.."
858 488 1219 508 ,ιη----ψη
1260 488 1404 504 νηί
1464 488 1492 504 υ

544 553 659 594 rant
696 537 788 592 illo
818 535 984 590 corda
1012 541 1211 590 vestra.
1259 530 1401 584 Deus
1441 526 1658 594 adiutor
1701 531 1908 577 noster.
1951 537 1970 570 ι
2008 515 2119 572 Ad.-

2239 488 2512 584 τάθηίΔιὸ
2543 508 2814 576 ἐπιλέγει·
2864 524 2882 556 ι
2930 499 3186 571 Ἐκχέατε
3235 493 3495 550 ἐνώπιον
3533 488 3704 597 αἰτοῦ
3735 488 3818 549 τὰς

542 630 801 696 iuniorem,
841 624 1049 695 inquit,
1101 623 1364 677 habentes
1421 616 1557 671 nihil
1624 610 1967 672 subducatis,
2015 622 2119 664 nec

2239 578 2446 696 ιαρδίας
2489 599 2793 696 ύμῶν.ῃὈ
2837 594 2970 696 Θεδς
3025 584 3464 696 gentici-Fusii».

545 668 801 696 ,......ν...,
842 668 1049 695 ...νη
1103 668 1360 677 .._------_
1633 668 1644 669 ,
1955 668 1964 672 _

545 718 824 788 quidpiam
865 717 919 771 in
953 721 1132 771 mente
1165 711 1480 774 occultetis,
1511 706 1606 762 sed
1629 704 1888 776 expansis
1926 701 2120 755 anima:

2239 668 2348 762 τὰρ,
2388 668 2542 762 φησὶ,
2572 687 2784 760 βοηθὸν,
2824 684 2986 756 μηδὲν
3027 675 3462 736 ὁποστέλλεσθε,
3509 668 3657 788 μηδὲ
3694 684 3746 719 τι
3780 670 3828 768 ἐν

547 761 928 878 :eceptaculis,
967 803 1319 860 absconditas
1347 799 1422 855 ibi
1451 796 1811 868 cogitationes
1842 794 2115 848 revelate:

2239 787 2340 848 ταῖς
2367 783 2630 844 διανοίαις
2657 778 2810 849 ὑμῶν
2844 771 3244 844 ὑποκρύπτετε,
3270 761 3756 821 ἀναπετάσαντες
3781 761 3829 807 δὲ

2264 873 2273 878 -
2477 874 2498 878 _
2617 869 2642 878 -
2738 867 2749 878 .
2835 865 2861 877 ο
3026 862 3038 877 ι
3121 861 3136 878 ι
3219 859 3340 878 και-ξ
3397 846 3829 878 ---η-.-μέμνημ-

547 846 928 878 κων-»πη
967 846 1319 860 ..-υνυηυηη
1349 846 1422 855 ..,-
1457 846 1806 868 --οη---.ηιμ
1845 846 1895 848 -_
1945 846 1960 847 κ
2061 846 2064 847 ν

547 899 783 969 ipsique,
816 905 1005 968 utpote
1042 895 1136 966 qui
1175 893 1360 948 omnia
1400 905 1596 945 curare
1626 887 1819 959 possit,
1855 900 1952 940 vos
1987 897 2121 938 con-

2239 873 2288 926 τά
2310 874 2534 943 ταμιεῖα
2582 869 2683 939 τῆς
2723 865 2919 937 ψυχῆς,
2962 862 3086 926 τοὺς
3119 861 3178 912 ἐν
3209 859 3346 928 αὑτῇ
3397 846 3834 969 κρυπτομένῖδς

2451 964 2461 969 ·
2550 962 2562 969 “
2719 959 2733 969 ι
2764 958 2775 969 ”
3015 955 3028 969 ο
3107 949 3166 969 «εγ
3377 939 3604 969 1.---02.
3630 937 3723 969 νηὶ
3787 954 3834 969 ε..

549 935 783 969 Illo-quo,
819 935 1005 968 υιιινυν
1042 935 1136 966 ειν-ι
1176 935 1360 948 νει-ου·-
1402 935 1596 945 νυ---ν
1626 935 1819 959 τν--ηι
1868 935 1949 940 -ντ
1996 935 2088 938 -νη
2385 935 2398 943 -
2641 935 2651 939 -
2741 935 2748 937 ἡ
2802 935 2808 936 γ
2858 935 2864 936 κ
3563 939 3593 951 _

549 990 778 1046 credite.
2221 963 2511 1034 λογισμοὺς
2540 958 2971 1023 ἀνακαλύπτετε,
3000 955 3075 1017 ὡς
3104 949 3169 1005 ἃν
3202 949 3344 1022 μόνῳ
3371 939 3606 1012 ἀγαθῳ
3630 937 3729 990 καὶ
3757 935 3836 988 δυο

2222 1058 2368 1129 νατῷ
2391 1057 2460 1111 τὰ
2480 1057 2657 1110 πάντα
2687 1051 2869 1107 ἰᾶσθαι
2897 1047 3122 1110 ἑαυτοὺς
3143 1039 3628 1115 ἐμπιστεύοντες-

2297 1192 2315 1224 ι
2357 1171 2502 1242 Πλὴν
2541 1170 2760 1240 μάταιοι
2789 1165 2839 1219 οἱ
2872 1163 2979 1216 υἱοὶ
3010 1160 3119 1214 τῶν
3147 1154 3494 1226 ἀνθρώπων,
3533 1146 3768 1242 ψευδεῖς
3788 1143 3840 1242 ὀί

2223 1266 2329 1318 υἱοὶ
2367 1239 2475 1317 τῶν
2505 1239 2807 1332 ἀνθρώπων
2845 1259 2902 1309 ὲν
2937 1253 3107 1326 ζυγῷ,
3141 1251 3234 1304 τοῦ
3265 1247 3555 1313 ἀδικῆσαι
3589 1239 3755 1294 αὐτοὶ
3785 1239 3844 1289 ἐκ

2227 1355 2582 1428 ματαιότητος
2615 1352 2707 1404 ἐπὶ
2749 1350 2811 1403 τὸ
2853 1347 3003 1401 αύτό.
3040 1365 3057 1397 ι
3103 1345 3216 1398 Καὶ
3247 1343 3307 1395 ἐν
3335 1340 3418 1410 τῷ
3463 1337 3564 1406 λη’
3599 1332 3842 1428 ἐλέγετο·

2229 1421 2247 1497 ἓ
2280 1446 2426 1517 Πλὴν
2452 1421 2520 1498 τά
2548 1443 2836 1513 σύμπαντα
2861 1437 3176 1510 ματαιότης,
3195 1435 3302 1496 πᾶς
3321 1431 3421 1486 ἀνθ
3429 1441 3649 1501 ρωπος
3673 1421 3804 1517 ζῶν.
3823 1441 3842 1473 ι

551 1551 732 1607 omnis
758 1550 920 1604 homo
948 1548 1136 1602 vivens
1165 1548 1245 1612 ";
1285 1566 1304 1598 ι
1357 1560 1422 1600 ac
1459 1559 1678 1600 rursum
1724 1559 1738 1597 :
1785 1561 1803 1593 ι
1836 1539 2123 1596 Verumta-

2239 1541 2332 1594 Καὶ
2364 1515 2544 1592 πάλιν·
2585 1555 2603 1587 ι
2629 1533 2775 1605 Πλὴν
2807 1532 2984 1603 μάτην
3005 1527 3385 1600 ταράσσονται·
3410 1541 3432 1574 ι
3477 1520 3617 1612 καὶ,
3653 1535 3674 1567 ‹
3711 1515 3847 1612 δξέν-

552 1657 679 1697 men
726 1654 866 1695 vane
918 1638 1318 1694 conturbantur
1345 1636 1428 1701 7‘;
1468 1655 1486 1687 ι
1519 1642 1572 1690 et
1604 1653 1616 1688 :
1678 1652 1697 1684 ι
1734 1631 2123 1688 Verumtamen

2239 1648 2372 1700 εοιγε
2405 1633 2464 1682 ἐν
2496 1628 2664 1682 είκόνι
2691 1622 3069 1696 διαπορεύεται
3101 1618 3406 1690 ἄνθρωπος.
3459 1633 3484 1665 ι
3531 1605 3848 1701 Κάνταῦθα

553 1731 610 1786 in
638 1731 874 1801 imagine
901 1727 1199 1800 pertransit
1239 1726 1401 1780 homo
1431 1725 1498 1778 ".
1541 1742 1559 1776 ι
1595 1723 1693 1778 Hic
1723 1737 1941 1793 quoque
1973 1721 2126 1776 simi-

2239 1718 2534 1792 ςυμιρὼνως
2579 1717 2807 1776 ἐκείνοις
2847 1713 3094 1766 λέλεκται
3137 1707 3207 1760 τὰ
3241 1705 3635 1778 προκείμενα·
3673 1699 3746 1750 δι’
3777 1689 3850 1749 ὧν

555 1781 868 1801 --πυτη-
903 1781 1013 1800 τνη
1091 1781 1096 1782 κ
1741 1781 1756 1793 .
1854 1781 1866 1792 .

554 1825 627 1878 lia
669 1824 928 1878 dicuntur
979 1840 991 1876 :
1037 1822 1193 1892 queis
1241 1819 1535 1874 edocemur
1581 1818 1636 1872 in
1679 1831 1790 1871 uno
1834 1813 2125 1870 Servatore

2239 1781 2591 1882 διδασκόμεθα
2625 1808 2715 1860 ἐπὶ
2747 1806 2904 1877 μόνον
2933 1803 3026 1856 τὸν
3055 1799 3287 1870 Σωτῆρα
3327 1789 3848 1892 adigam-uota}-

556 1931 706 1987 spcm
738 1930 961 1986 ponere,
994 1881 1280 1983 ipsumque
1311 1909 1468 1965 nobis
1496 1907 1800 1978 adiutorem
1824 1906 2124 1969 ascribere,

2239 1923 2320 1959 vov
2353 1881 2545 1975 βοηθὸν
2578 1895 2994 1970 ἐπιγράφεσθαι·
3030 1891 3218 1962 ἐπειδὴ
3252 1889 3452 1949 πάντες
3486 1885 3546 1938 οἱ
3563 1881 3710 1987 *υἱοὶ

557 1967 705 1987 -τ-ρ-
739 1967 870 1986 τ-κν-
919 1967 960 1979 -ι
1017 1967 1032 1983 .
1192 1967 1208 1980 .
1561 1967 1580 1978 .
2112 1967 2119 1969 ν

556 2007 996 2079 quandoquidem
1028 2020 1217 2060 omnes
1247 2002 1343 2058 ﬁlii
1381 2001 1686 2063 hominum,
1727 1999 1942 2060 etiamsi
1977 1999 2129 2070 prin-

2239 1995 2553 2068 ἀνθρώπων,
2602 1991 2706 2045 κᾶν
2753 1989 3010 2060 ἄρχοντες
3056 1979 3194 2036 εἶναι
3237 1981 3463 2040 δοκοῖεν,
3514 1972 3637 2028 κᾶν
3678 1967 3847 2022 πολλὰ

556 2101 708 2170 cipes
753 2099 1043 2153 videantur
1091 2111 1235 2159 esse,
1268 2093 1520 2165 quamvis
1554 2092 1787 2146 multum
1840 2091 1898 2146 in
1927 2089 2128 2144 mundo

2239 2063 2517 2159 δυνάμενοι
2549 2082 2692 2138 κατὰ
2715 2081 2808 2136 τὸν
2844 2080 2979 2150 βίον,
3023 2076 3260 2148 μάταιοι·
3293 2072 3327 2143 ἢ
3361 2069 3512 2124 κατά
3553 2067 3660 2170 τδν
3697 2063 3847 2162 Σύμ-

555 2191 791 2252 valeant,
825 2187 949 2242 vani
985 2194 1141 2254 sunt;
1188 2185 1324 2251 sive,
1368 2182 1671 2239 secundum
1718 2180 2126 2253 Symmachum,

2239 2197 2427 2251 μαχον,
2465 2197 2483 2228 ι
2513 2175 2705 2247 ἀτμὸς,
2741 2191 2759 2225 ι
2793 2172 2908 2242 μετ’
2932 2168 3110 2236 ὀλίγον
3142 2167 3388 2235 ἐσόμενοι
3421 2180 3440 2211 ι
3476 2159 3636 2214 ὡσεὶ
3661 2159 3846 2227 χνοῦς,

564 2299 584 2332 ι
625 2296 816 2351 vapor,
857 2298 876 2333 ι
935 2278 1085 2334 brevi
1129 2247 1320 2331 'l'uturi'
1347 2293 1366 2327 ι
1405 2283 1660 2345 tanquam
1714 2247 1915 2343 pulvis,
1969 2286 2129 2343 quem

2239 2247 2290 2328 δν
2315 2247 2812 2350 ’ἐκρίπτειάνεμος
2847 2261 2955 2315 ἀπὸ
2994 2256 3291 2330 προσώπου
3335 2254 3436 2351 τῇς
3469 2252 3613 2351 γῆςζ
3628 2267 3675 2351 ,ι
3731 2247 3847 2351 Ἐν-

558 2371 776 2442 proiicit
812 2377 1008 2426 ventus
1056 2385 1086 2422 a
1122 2367 1258 2422 facie
1309 2374 1470 2422 terrae.
1499 2366 1563 2418 ⁷³.
1607 2383 1626 2416 ι
1679 2362 1818 2418 Hinc
1871 2362 2129 2418 Salomon

2239 2334 2422 2417 τεῦθεν
2450 2362 2480 2415 ό
2513 2334 2764 2426 Σολομῶν
2793 2348 3096 2420 ὠφεληθεὶς
3120 2347 3212 2399 τὸν
3246 2343 3482 2414 πατέρα,
3523 2360 3545 2391 ι
3587 2334 3847 2392 Ματαιό-

625 1186 789 1243 Vens.
839 1186 926 1241 10.
986 1205 1004 1237 ι
1045 1183 1437 1240 Verumtamen
1490 1179 1615 1235 vani
1670 1179 1763 1233 lilii
1813 1175 2120 1240 hominum,

549 1280 842 1334 mendaces
871 1277 964 1332 ﬁlii
991 1277 1272 1331 hominum
1301 1274 1356 1328 in
1389 1272 1630 1335 stateris,
1663 1279 1723 1325 ut
1752 1268 2006 1339 iniuriam
2042 1265 2123 1320 fa-

551 1372 699 1426 ciant
759 1370 863 1441 ipsi
907 1385 971 1424 ex
1014 1370 1255 1422 vanitate
1304 1367 1358 1420 in
1412 1364 1672 1434 idipsum.
1710 1381 1728 1414 ι
1782 1362 1841 1416 In
1913 1373 2121 1414 xxxvm

551 1473 770 1528 quoque
790 1456 1110 1511 dicebatur:
1143 1473 1160 1505 ι
1191 1453 1578 1508 Verumtamen
1609 1452 1861 1506 universa
1887 1449 2121 1514 vanitas,

559 2461 732 2533 patris
761 2476 862 2515 usu
891 2468 946 2516 et
971 2459 1239 2528 exemplo,
1274 2477 1294 2509 (
1334 2455 1562 2512 Vanitas
1587 2455 1913 2518 vanitatum,
1947 2454 2128 2508 omnia

558 2549 772 2604 vanitas
795 2547 862 2615 ⁷⁸,
893 2566 912 2600 ι
939 2555 992 2604 et
1014 2549 1210 2602 similia
1231 2548 1468 2617 scripsit.
1496 2545 1782 2602 Mendaces
1809 2561 1972 2616 porro
1995 2545 2132 2599 duo-

558 2641 665 2696 bus
707 2639 888 2695 modis
937 2646 1065 2696 sunt
1098 2638 1192 2693 ﬁlii
1226 2638 1538 2705 hominum;
1577 2639 1754 2693 altero
1781 2637 1909 2708 quia
1940 2635 2131 2706 procul

561 2746 593 2786 a
621 2732 847 2786 veritate
878 2731 1196 2786 aberrantes
1247 2730 1382 2785 falsa
1417 2730 1753 2800 loquuntur;
1786 2729 1959 2783 altero
2004 2727 2132 2797 quia

561 2821 846 2877 fraudibus
901 2819 1310 2890 mendaciisque
1346 2819 1600 2874 credulos
1641 2818 1748 2874 sibi
1791 2817 1849 2872 in
1889 2831 2131 2872 errorem

559 2914 860 2970 deducunt.
885 2911 1065 2978 Quare
1088 2911 1291 2966 talibus
1319 2925 1441 2966 sese
1466 2909 1691 2966 credere
1725 2923 1834 2964 non
1868 2908 2086 2979 expedit
2114 2927 2127 2961 :

559 3005 778 3061 mentiri
821 3004 1024 3075 quippe
1070 3004 1270 3066 solent,
1303 3018 1481 3072 neque
1511 3009 1596 3058 est
1625 3002 1682 3056 in
1719 3001 1854 3072 ipsis
1886 3000 2128 3064 veritas;

559 3094 656 3150 sed
687 3094 850 3150 etiam
882 3100 1098 3149 statera:
1119 3093 1313 3147 animm
1341 3092 1583 3162 ipsorum
1624 3091 1761 3145 nihil
1795 3090 2028 3160 iustum,
2053 3104 2130 3144 ae-

559 3185 778 3257 quabile
809 3184 946 3240 nihil
976 3184 1208 3247 habent;
1236 3183 1329 3239 sed
1353 3198 1478 3237 cum
1505 3183 1612 3238 alio
1636 3181 1990 3246 inclinentur,
2017 3180 2130 3251 iuri

559 3273 834 3328 contraria
873 3280 1158 3344 peragunt.
1190 3270 1287 3326 His
1340 3286 1472 3343 ergo
1521 3271 1728 3342 iniquis
1765 3271 1986 3327 stateris
2016 3271 2132 3326 suis

560 3365 856 3420 vanitatem
888 3363 1314 3428 administrant,
1363 3364 1652 3418 veritatem
1693 3363 1922 3432 ejusque
1961 3361 2130 3419 Deum

561 3455 795 3512 aversati
839 3473 853 3510 :
897 3469 1066 3525 quare
1095 3470 1204 3510 non
1235 3455 1490 3509 convenit
1519 3470 1577 3510 se
1603 3455 1738 3524 ipsis
1768 3453 2131 3520 concredere;

563 3546 660 3602 sed
709 3560 834 3600 eum
869 3545 1070 3610 solum,
1130 3545 1226 3615 qui
1278 3543 1530 3599 Salvator
1558 3544 1783 3610 dicitur,
1829 3545 2132 3616 adiutorem

566 3638 865 3693 ascribere.
913 3657 915 3664 ·

635 3745 803 3806 Vens.
839 3749 928 3805 li.
965 3768 984 3804 ι
1019 3748 1200 3806 Nolite
1222 3765 1448 3822 sperare
1476 3751 1534 3807 in
1569 3751 1876 3823 iniquitate,
1912 3760 1967 3809 et
1989 3753 2138 3823 rapi-

563 3857 690 3898 nam
721 3842 891 3898 nolite
922 3844 1313 3915 concupiscere
1340 3861 1355 3912 ;
1385 3843 1590 3900 divitia:
1620 3845 1667 3900 si
1693 3845 1936 3909 aﬂluant,
1964 3846 2137 3901 nolite

563 3949 662 3991 cor
700 3951 994 4007 apponere.
1045 3956 1062 3988 ι
1126 3934 1186 3991 In
1236 3953 1449 3994 xxxvlu
1512 3951 1731 4009 quoque
1795 3937 2006 4008 psalmo
2056 3937 2140 3991 af-

564 4028 696 4085 ﬂnia
731 4027 888 4084 hisce
939 4028 1200 4084 dicuntur
1258 4046 1272 4083 :
1334 4048 1354 4082 ι
1387 4026 1780 4085 Verumtamen
1819 4043 1958 4084 vane
2002 4043 2138 4084 con--

561 4122 877 4181 turbantur.
930 4122 1345 4195 .Thesaurizat,
1389 4128 1447 4178 et
1500 4121 1718 4193 ignorat
1769 4121 1858 4176 cui
1907 4135 2140 4192 congre—

563 4215 712 4288 gabit
741 4216 888 4271 ea".
929 4234 950 4269 ι
983 4214 1122 4282 Quia
1163 4215 1331 4286 igitur
1355 4213 1451 4286 qui
1475 4213 1768 4271 thesauros
1800 4213 1853 4270 in
1871 4220 2020 4269 terra
2049 4226 2138 4266 re-

563 4305 774 4370 condit,
803 4311 859 4360 et
887 4307 1154 4376 pecunias
1186 4303 1388 4360 multas
1421 4303 1652 4375 colligit,
1684 4303 1739 4359 in
1770 4319 1972 4358 vanum
2002 4317 2138 4357 cou-

563 4406 783 4467 gregat;
814 4410 992 4466 neque
1033 4395 1179 4450 enim
1222 4394 1292 4451 iis
1340 4395 1456 4466 ipse
1486 4409 1714 4465 prorsus
1746 4393 1978 4460 fruetur,
2009 4408 2134 4448 cum

2232 2472 2332 2525 της
2367 2450 2764 2524 ματαιοτήτων,
2814 2443 2882 2497 τὰ
2928 2441 3106 2495 πάντα
3154 2437 3476 2510 ματαιότης,
3517 2453 3540 2486 ι
3592 2432 3702 2484 καὶ
3746 2431 3842 2482 ὅσα

2231 2521 2454 2599 τοιαῦτα
2486 2542 2710 2614 ἔγραφε.
2744 2536 2976 2598 Ψευδεῖς
3000 2533 3057 2587 δέ
3093 2534 3200 2585 είσι
3231 2529 3373 2584 κατά
3393 2529 3489 2582 δύο
3509 2527 3774 2598 τρόπους
3797 2521 3848 2614 οἱ

2232 2637 2339 2690 ulo‘t
2367 2636 2474 2688 τῶν
2505 2613 2825 2705 ἀνθρώπωψ
2849 2627 2972 2682 καθ’
2998 2627 3094 2679 ἕνα
3123 2625 3220 2695 μὲν
3242 2619 3722 2692 ψευδολογοῦντες
3749 2613 3842 2668 καὶ

2237 2729 2456 2802 μακρὰν
2499 2727 2598 2797 τῆς
2639 2723 2894 2796 ἀληθείας
2941 2718 3364 2792 ἀπερριμμένοι·
3407 2714 3557 2768 κατά
3601 2711 3844 2802 θάτερον

2233 2798 2290 2876 δὲ
2315 2798 2551 2883 ἀπάταις
2577 2819 2673 2872 καὶ
2705 2812 3079 2886 ψευδολογίαις
3104 2809 3414 2871 πλανῶντες
3436 2807 3570 2870 τοὺς
3606 2798 3839 2856 πιστεύ-

2232 2933 2391 2980 οντας
2425 2914 2627 2976 αὐτοῖς.
2659 2909 2752 2964 Διὸ
2777 2908 2838 2961 ού
2863 2907 3128 2980 προσήκει
3157 2905 3266 2966 τοῖς
3290 2899 3556 2962 τοιούτοις
3595 2894 3840 2956 ἑαυτοὺς

2234 3006 2517 3061 ἐκδιδόναι·
2559 3001 2850 3074 ψεύδεσθαι
2879 2999 2989 3070 γὰρ
3022 2997 3265 3060 εἰώθασι,
3307 2993 3401 3047 καλ⁵
3443 2993 3545 3046 οὑκ
3583 2990 3749 3044 ἐστιν
3778 2988 3837 3040 ἐν

2235 3101 2420 3162 αὐτοῖς
2466 3096 2714 3168 ἀλήθεια·
2763 3092 2901 3148 ἀλλά
2944 3091 3039 3144 καὶ
3083 3089 3236 3157 ζυγοὶ
3279 3086 3380 3156 τῆς
3418 3083 3608 3138 αὐτῶν
3647 3077 3838 3151 ψυχῆς

2235 3191 2387 3246 οὐδὲν
2415 3188 2622 3243 δίκαιον
2647 3186 2768 3240 οὐδὲ
2799 3185 3088 3256 ἰσόρροπον
3130 3179 3495 3252 περιέχουσιν·
3537 3169 3835 3245 ἑτεροκλι-

2235 3285 2344 3347 νεῖς
2377 3282 2434 3335 δὲ
2451 3281 2624 3343 ὄντες,
2649 3275 2908 3332 τάναντία
2926 3274 3004 3345 τῷ
3023 3271 3214 3342 δικαίῳ
3243 3269 3562 3342 πράττουσι.
3598 3263 3834 3322 Τούτοις

2233 3370 2326 3428 οὖν
2370 3374 2483 3435 τοῖς
2530 3369 2737 3433 ἀδίκοις
2767 3365 2944 3421 αὐτῶν
2972 3364 3155 3433 ζυγοῖς
3183 3362 3280 3434 τὴν
3313 3359 3657 3432 ματαιότητα
3681 3369 3836 3424 περι-

2235 3466 2447 3529 έπουσι,
2477 3464 2578 3536 τὴν
2608 3459 2864 3534 ἀλήθειαν
2901 3459 2994 3512 καὶ
3028 3457 3120 3510 τὸν
3160 3454 3361 3526 ταύτης
3387 3454 3518 3508 Θεὸν
3547 3454 3834 3519 ἀποστρε-

2242 3559 2482 3630 φόμενοι·
2515 3555 2596 3608 διὸ
2623 3554 2684 3607 ού
2721 3553 2988 3623 προσήκει
3027 3549 3207 3612 αὐτοῖς
3240 3545 3614 3620 ἐμπιστεύειν·
3660 3542 3831 3615 μόνον

2234 3651 2292 3706 δὲ
2321 3650 2413 3704 τὸν
2440 3646 2698 3719 λεχθέντα
2729 3643 2959 3716 Σωτῆρα
2993 3641 3182 3714 βοηθὸν
3215 3638 3638 3711 ἐπιγράφεσθαι.

2312 3780 2330 3814 ι
2361 3760 2454 3832 Μὴ
2497 3757 2746 3823 ἐλπίζετε
2791 3757 2885 3810 ἐπὶ
2925 3754 3161 3818 ἀδικίαν,
3200 3754 3294 3807 καὶ
3320 3751 3416 3804 ἐπὶ
3444 3752 3723 3823 ἅρπαγμα
3749 3743 3826 3818 μὴ

2237 3852 2579 3908 ἐπιποθεῖτε·
2621 3847 2848 3910 πλοῦτος
2881 3845 2976 3899 ἐὰν
3009 3844 3129 3916 ῥέῃ,
3173 3844 3249 3915 μὴ
3285 3840 3644 3912 προστίθεσθε
3686 3854 3826 3908 καρ-

2237 3945 2348 4015 δίᾳ.
2392 3963 2412 3998 ι
2466 3944 2579 3997 Καὶ
2621 3944 2679 3996 ἐν
2728 3939 2807 4012 τῷ
2854 3938 2936 4010 λη’
2988 3935 3261 4006 συγγενῶς
3309 3934 3518 3997 τούτοις
3573 3933 3822 4001 ἐλέγετο·

2243 4053 2263 4087 ι
2301 4033 2448 4106 Πλὴν
2483 4034 2658 4105 μάτην
2689 4031 3074 4104 ταράσσονται.
3113 4025 3466 4098 Θησαυρίζει,
3509 4024 3603 4079 καὶ
3637 4024 3702 4078 ού
3731 4038 3822 4091 γι-

2237 4127 2437 4181 νώσκει
2461 4126 2569 4180 τίνι
2597 4123 2813 4189 συνάξει
2845 4120 3002 4176 αὑτά.
3036 4140 3054 4172 ι
3101 4119 3254 4172 Ἐπεὶ
3287 4119 3466 4173 τοίνυν
3495 4121 3523 4172 ὁ
3550 4115 3824 4189 θησαυρί-

2239 4217 2471 4285 ζων-ἐπὶ
2510 4217 2610 4287 τῆς
2645 4216 2772 4286 γῆς,
2811 4215 2907 4269 καὶ
2941 4212 3109 4266 πολλὰ
3138 4211 3396 4283 χρήματα
3426 4211 3696 4278 συνάγων,
3740 4209 3822 4273 είς

2243 4311 2471 4383 μάταιον
2505 4309 2745 4377 συνάγει·
2780 4305 2904 4360 οὔτε
2934 4305 3043 4377 γὰρ
3083 4304 3140 4371 ἐξ
3179 4304 3417 4368 ἅπαντος
3453 4302 3613 4366 αὐτὸς
3640 4301 3822 4357 αὐτῶν

2240 4401 2559 4466 ἀπολαύσει,
2595 4399 2849 4473 πταρμοῦ
2886 4398 3071 4469 τάχιον
3099 4397 3193 4462 τοῦ
3239 4397 3356 4468 βίου
3404 4395 3818 4467 μεθιστάμενος,

564 4494 1004 4544 sternutamento
1055 4486 1228 4543 citius
1273 4502 1339 4541 ex
1389 4485 1492 4542 hac
1539 4485 1649 4541 vita
1683 4484 2012 4541 auferendus
2039 4487 2132 4549 sit,

2240 4494 2366 4549 οῦτε
2396 4496 2579 4549 ὁποῖον
2611 4492 2722 4560 tam
2753 4492 2996 4563 διάδοχον
3026 4490 3271 4562 ἀκριϐῶς
3301 4489 3611 4542 πέπεισται·
3645 4489 3698 4542 τί
3727 4487 3821 4542 καὶ

565 4593 745 4649 neque
776 4577 948 4648 probo
976 4579 1114 4634 sciat
1135 4579 1229 4649 qui
1264 4578 1368 4650 ipsi
1411 4577 1586 4635 bares
1614 4577 1832 4632 futurus
1858 4577 1930 4632 sit
1956 4596 1970 4631 :
2003 4575 2134 4648 quid

562 4683 705 4726 vane
735 4671 1099 4727 conturbatur
1133 4672 1158 4726 τ
1187 4669 1340 4726 Multi
1364 4670 1570 4741 itaque,
1593 4673 1708 4726 sive
1731 4669 2135 4741 propemodum

564 4776 780 4827 omnes,
809 4778 933 4819 sese
959 4763 1315 4836 deceperunt,
1354 4779 1480 4820 cum
1516 4764 1642 4819 ﬁliis
1693 4770 1749 4817 et
1790 4763 2137 4819 charioribus

567 4852 763 4908 amicis
795 4870 855 4910 se
884 4854 1109 4912 divitias
1155 4856 1451 4913 relicturos
1489 4862 1810 4928 sperarent;
1847 4854 1944 4910 sed
1990 4852 2137 4924 quod

568 4941 816 4998 futurum
846 4953 994 5001 esset
1021 4945 1370 5017 ignorabant,
1399 4947 1838 5017 aberrabantque
1868 4960 1898 5000 a
1947 4959 2135 5016 scopo.

567 5031 606 5089 li
631 5033 876 5105 profecto
896 5051 1037 5093 vane
1068 5038 1364 5094 turbantur
1384 5039 1516 5094 dum
1551 5040 1840 5096 thesauros
1869 5037 2138 5102 condunt,

567 5127 887 5200 ignorantes
932 5132 1060 5202 quis
1094 5133 1452 5205 congregabit
1495 5147 1615 5190 eos.
1658 5131 1840 5200 Quare
1882 5133 2143 5188 convenit

568 5235 676 5278 non
710 5235 933 5292 sperare
976 5224 1033 5277 in
1077 5224 1444 5296 iniquitatem,
1494 5231 1551 5280 et
1597 5224 1654 5279 in
1705 5240 1796 5280 res
1848 5222 2143 5294 iniquitate

567 5320 790 5384 partas;
823 5328 1001 5385 neque
1047 5315 1096 5370 si
1149 5315 1354 5372 divitia:
1398 5314 1641 5372 ﬂuminis
1686 5316 1865 5372 instar
1894 5316 2138 5381 aﬂluant,

567 5404 691 5461 ideo
711 5404 871 5476 erigi.
903 5404 1061 5475 Quod
1095 5407 1140 5464 si
1173 5407 1394 5478 quando
1421 5407 1490 5464 de
1519 5407 1727 5465 divitiis
1756 5409 1956 5465 bonam
1987 5425 2140 5480 spem

571 5509 842 5554 sumeree
876 5513 938 5553 re
971 5497 1158 5564 fuerit,
1211 5499 1279 5556 de
1328 5500 1560 5563 divitiis,
1606 5501 1854 5573 inquam,
1885 5517 1953 5557 ex
1981 5516 2140 5571 aequo

567 5599 624 5648 et
651 5590 796 5645 bono
840 5591 1012 5660 partis
1042 5607 1072 5646 a
1105 5589 1324 5664 Deoque
1352 5593 1637 5664 praebitis;
1691 5595 1783 5662 iis,
1831 5594 2002 5651 heus!
2037 5609 2135 5651 vos

639 5756 686 5786 '°
725 5755 868 5814 Psal.
907 5768 1136 5818 xxxviii,
1168 5752 1220 5808 6.
1302 5754 1342 5785 '”
1389 5751 1519 5810 ibid.
1558 5751 1639 5808 12.
1718 5753 1762 5784 τ’
1806 5750 1934 5807 ibid.
1973 5749 2030 5808 7.

2103 5749 2147 5782 ⁷³
2186 5747 2330 5804 Psal.
2369 5761 2415 5813 ι,
2453 5745 2506 5802 4.
2584 5745 2630 5779 ⁷³
2672 5741 2850 5800 Ecclc.
2888 5758 2938 5810 I,
2979 5741 3036 5800 2.

2244 4584 2554 4658 θορυϐεῖται
2580 4584 2756 4654 μάτην
2776 4599 2790 4648 ;
2816 4581 3006 4636 Πολλοὶ
3031 4580 3161 4650 γοῦν
3179 4580 3213 4652 ἢ
3231 4582 3324 4634 καὶ
3344 4580 3529 4651 σχεδὸν
3547 4581 3596 4633 οἱ
3620 4579 3820 4640 πάντες

2245 4681 2387 4747 σφᾶς
2419 4678 2618 4741 αὐτοὺς
2645 4678 2957 4748 ἠπάτησαν,
2991 4677 3125 4738 υἱοῖς
3170 4675 3268 4746 μὲν
3300 4675 3394 4728 καὶ
3424 4673 3698 4744 φιλτάτοις
3725 4673 3819 4726 τὸν

2242 4768 2421 4824 αὐτῶν
2467 4767 2697 4821 πλοῦτον
2739 4767 3056 4821 καταλιπεῖν
3097 4765 3584 4839 προσδοκήσαντες,
3616 4767 3814 4838 ἀγνοή-

2245 4878 2440 4924 σαντες
2479 4861 2538 4914 δὲ
2573 4861 2636 4914 τὸ
2673 4859 2864 4932 μέλλον
2895 4860 2990 4913 καὶ
3036 4860 3434 4930 ἀστοχήσαντες
3466 4860 3558 4912 τοῦ
3590 4859 3812 4916 σκοποῦ.

2243 4954 2437 5024 Μάτην
2475 4947 2569 5006 οῦν
2601 4951 2958 5024 ταράττονται
2997 4950 3212 5022 ἀληθῶς
3241 4950 3682 5022 θησαυρίζοντες,
3723 4953 3815 5010 καὶ

2239 5046 2302 5099 οὐ
2333 5043 2691 5113 γινώσκοντες
2726 5043 2810 5106 τίς
2851 5043 3068 5108 συνάξει
3108 5044 3266 5098 αὒτά.
3312 5043 3402 5096 Διὸ
3442 5045 3707 5116 προσήκει
3742 5044 3813 5115 μὴ

2240 5135 2482 5200 ἐλπίζειν
2520 5135 2613 5190 ἐπὶ
2645 5135 2857 5191 ἀδικίαν
2901 5135 2996 5188 καὶ
3023 5134 3093 5188 τά
3118 5135 3178 5202 ἒξ
3211 5134 3425 5200 ἀδικίας
3458 5135 3810 5206 ποριζόμενα,

2245 5224 2381 5300 μηδὲ
2406 5223 2634 5288 πλοῦτος
2661 5223 2754 5277 ἐὰν
2783 5224 2880 5295 ῥέῃ
2909 5225 3219 5296 maps-ibt:
3249 5225 3566 5295 φερόμενος,
3591 5225 3810 5296 ἐπαίρε-

2243 5319 2386 5372 σθαι.
2421 5317 2484 5370 Ei
2508 5316 2564 5370 δὲ
2595 5317 2861 5388 προσήκει
2889 5319 2984 5372 καὶ
3023 5315 3110 5370 διά
3156 5318 3386 5381 πλούτου
3432 5317 3563 5370 ποτέ
3607 5317 3812 5386 ἀγαθήν

2241 5427 2364 5464 τινα
2402 5406 2718 5480 πορίζεσθαι
2764 5405 2971 5468 ἐλπίδα.
3015 5407 3208 5479 δικαίῳ
3233 5407 3568 5479 χρησάμενοι
3599 5406 3812 5478 πλούτῳ

2238 5501 2317 5572 τῷ
2339 5502 2404 5554 ἐκ
2430 5500 2566 5554 Θεοῦ
2603 5498 2860 5563 πολλάκις
2890 5500 3266 5570 παρεχομένῳ·
3300 5500 3392 5554 καὶ
3422 5499 3603 5568 ζυγοῖς
3637 5501 3810 5570 ὀρθοῖς

2242 5591 2338 5646 καὶ
2370 5589 2715 5654 ισοστατίοις,
2735 5588 2958 5655 δεξιαῖς,
2982 5582 3027 5642 ὦ
3047 5584 3213 5649 οῦτοι,
3247 5589 3524 5661 χρήσασθε
3560 5589 3810 5660 πράξεσι,

3116 5744 3162 5775 τι
3206 5743 3347 5800 Psal.
3386 5757 3624 5811 xxxviii,
3660 5744 3710 5799 '1.

4001 1121 4007 1186 |

4043 3084 4045 3108 l
