4100 6442
303 263 428 318 597

1467 261 1964 318 COMMENTARIA
2011 261 2076 316 IN
2111 261 2454 320 PSALMOS.

3499 263 3602 324 598

299 375 756 450 θησαυρίζοντες
802 377 1014 440 ἑαυτοῖς
1061 375 1372 448 θησαυροὺς
1418 377 1476 428 εν
1515 375 1786 447 οὐρανοῖς,
1829 393 1894 430 κα

2025 393 2148 432 cum
2167 375 2318 446 iusta
2347 383 2552 432 statera
2591 383 2647 430 et
2673 375 2892 432 bilance
2925 377 2992 432 ad
3025 377 3170 434 bona
3203 393 3370 450 opera
3413 381 3604 436 utimi-

303 469 648 542 σπείροντες
669 471 726 522 ὲν
749 469 1020 538 εὐλογίαις
1039 469 1182 522 κατά
1203 469 1262 522 τὸ
1280 467 1622 540 λελεγμένων
1645 485 1664 518 ι
1700 467 1918 540 Ἐσκόρ-

301 579 512 626 πισεν,
551 561 718 616 ἔδωκε
757 565 868 626 τοῖς
903 562 1118 634 πένησι,
1151 563 1186 634 ἡ
1219 561 1540 631 δικαιοσύνη
1565 559 1732 614 αὐτοῦ
1767 559 1916 630 μένει

301 657 402 722 είς
429 655 528 710 τὸν
557 655 750 710 αἰῶνα.
785 675 804 706 ι
835 655 982 729 Αὖτη
1013 653 1122 728 γὰρ
1159 655 1294 726 μόνη
1321 654 1478 716 ἐλπὶς
1511 652 1712 726 ἀγαθή·
1741 651 1916 716 άλλως

299 751 370 806 δὲ
414 751 692 824 προσήκει
723 749 798 822 μὴ
829 749 1068 815 ἐλπίζειν
1101 749 1192 802 ἐπὶ
1225 749 1459 812 ἀδικίαν,
1495 747 1630 820 μηδὲ
1673 747 1766 800 ἐπὶ
1803 747 1916 810 τοῖς

305 843 380 910 ἐξ
423 843 686 916 ἁρπαγῆς
731 841 828 898 καὶ
873 841 1186 908 πλεονεξίας
1239 839 1628 910 συναγομένοις
1667 839 1914 910 χρήμασι

311 937 472 1008 μέγα
495 939 732 1008 φρονεῖν·
759 933 896 990 ἀλλά
923 933 1017 988 καὶ
1038 935 1086 988 εἰ
1111 933 1350 1006 συμϐαίη
1387 932 1518 986 ποτὲ
1547 931 1754 1002 εὐροείν
1781 933 1916 1002 ἡμῖν

305 1029 388 1084 τὰ
425 1029 752 1100 πράγματα,
801 1027 896 1080 καὶ
938 1021 1232 1090 ἀκωλύτως
1274 1023 1533 1098 φέρεσθαι
1577 1023 1912 1094 πανταχόθεν

303 1119 412 1174 τὸν
455 1119 688 1174 πλοῦτον
723 1119 968 1190 ποταμοῦ
1001 1119 1160 1190 δίκην
1191 1119 1404 1190 ῥέοντα,
1435 1119 1530 1172 καὶ
1565 1117 1692 1172 ὅθεν
1719 1119 1818 1174 οὐκ
1846 1117 1912 1174 άν

307 1229 404 1278 τις
439 1212 742 1284 ἀδικήσειε,
763 1214 904 1286 φορᾷ
923 1229 1028 1266 τινι
1051 1211 1300 1284 ἀδοκήτῳ
1321 1213 1643 1284 φερόμενον,
1673 1213 1748 1284 μὴ
1777 1213 1912 1268 πάν-

307 1323 430 1370 τως
457 1306 524 1360 ὲκ
543 1303 676 1360 Θεοῦ
695 1305 854 1358 τοῦτο
873 1303 1120 1374 γίνεσθαι
1139 1305 1232 1358 καὶ
1251 1303 1458 1376 νόμιζε,
1481 1305 1616 1376 μηδὲ
1639 1303 1908 1378 μακάριζε

313 1399 552 1454 σεαυτὸν
583 1397 943 1470 ἀπατώμενος
985 1401 1050 1470 τῇ
1083 1397 1294 1470 διανοίᾳ
1333 1399 1428 1452 καὶ
1481 1397 1909 1470 προστιθέμενος

307 1493 600 1566 ιῦςάγαθῷ
613 1493 692 1565 τῷ
721 1494 1210 1564 πλούτῳ.Γίνωσκε
1237 1493 1314 1558 δὲ,
1345 1493 1428 1548 ὅτι
1445 1493 1678 1565 ῥευστῆς
1703 1491 1780 1546 ὢν
1809 1489 1912 1563 φύ-

311 1605 480 1654 σεως,
499 1587 688 1660 ὥσπερ
709 1587 846 1660 ῥέων
877 1587 1120 1658 φέρεται,
1137 1585 1384 1640 οὕτωκαὶ
1401 1587 1652 1660 ἀπορρεῖ·
1678 1584 1830 1640 οὐδὲν
1851 1583 1908 1638 δὲ

313 1677 540 1748 βέϐαιον
563 1677 682 1732 οὐδὲ
719 1677 944 1750 στερρὸν
987 1677 1080 1730 καὶ
1107 1675 1348 1744 ἀσφαλὲς
1377 1675 1732 1748 κεκτημένος.
1761 1675 1908 1730 Θαυ-

2021 471 2100 534 ni,
2129 471 2570 526 thesaurizantes
2597 469 2758 526 vobis
2789 469 3084 526 thesauros
3120 470 3176 526 in
3209 471 3390 534 caelis,
3433 481 3486 528 et
3513 489 3602 528 se-

2018 563 2294 618 minantes
2327 563 2382 618 in
2417 561 2918 628 benedictionibus,
2957 573 3016 618 ut
3051 563 3258 620 dictum
3283 573 3370 620 est.
3406 583 3418 620 :
3453 581 3472 615 ι
3507 563 3600 616 Di-

2019 659 2242 728 spersit,
2277 657 2426 714 dedit
2463 657 2820 730 pauperibus,
2871 657 3088 728 justitia
3137 658 3260 728 ejus
3305 665 3494 714 manet
3543 659 3602 714 in

2017 751 2280 806 saeculum
2305 749 2372 803 ⁷⁵.
2415 771 2434 804 ι
2471 749 2598 806 llaec
2646 751 2762 806 sola
2811 749 2954 806 bona
2985 767 3114 822 spes
3145 757 3266 818 est;
3297 751 3436 808 alias
3471 763 3602 806 vero

2015 859 2126 898 non
2161 845 2422 900 convenit
2443 859 2666 916 sperare
2689 845 2744 900 in
2776 844 3084 914 iniquitate,
3129 859 3306 916 neque
3337 844 3406 898 de
3455 841 3600 898 divi-

2015 935 2106 992 tiis
2155 951 2222 992 ex
2255 937 2446 1006 rapina
2484 943 2540 991 et
2569 936 2798 992 avaritia
2848 935 3098 992 collectis
3133 936 3306 990 altum
3357 948 3592 1006 sapere;

2015 1027 2125 1082 imo
2151 1027 2198 1084 si
2235 1029 2456 1100 quando
2498 1029 2792 1100 contigerit
2825 1043 2914 1086 res
2957 1035 3178 1084 nostras
3211 1043 3472 1102 prospere
3503 1043 3594 1084 ce-

2011 1121 2164 1186 dere,
2197 1135 2262 1178 ac
2293 1120 2516 1176 divitias
2561 1119 2802 1176 fluminis
2852 1121 3029 1176 instar
3074 1120 3424 1182 accedentes.
3473 1119 3592 1176 sine

2012 1211 2181 1268 ullius
2213 1211 2435 1282 injuria,
2461 1211 2842 1282 inexspectato
2871 1211 3108 1282 quodam
3137 1211 3284 1266 fluxu
3315 1211 3384 1266 ad
3421 1219 3474 1266 te
3493 1209 3592 1266 de-

2013 1304 2182 1372 ferri;
2216 1321 2284 1360 ne
2329 1321 2398 1360 ex
2445 1303 2555 1360 Deo
2599 1303 2654 1360 id
2695 1305 2986 1376 provenire
3033 1305 3349 1375 putaveris;
3411 1318 3590 1374 neque

2011 1397 2153 1466 ideo,
2190 1399 2524 1472 cogitatione
2563 1399 2848 1470 deceptus,
2893 1399 3210 1470 divitiisque
3237 1398 3394 1470 quasi
3429 1397 3588 1454 bouis

2007 1493 2243 1558 haerens,
2295 1501 2348 1549 te
2403 1493 2620 1548 beatum
2673 1491 3080 1563 praedicaveris.
3131 1491 3391 1564 Scitoqne
3437 1493 3584 1556 illas,

2009 1587 2190 1644 ﬂuida:
2236 1595 2446 1644 natura:
2493 1601 2620 1642 cum
2669 1587 2804 1650 sint,
2859 1595 2921 1640 ut
2956 1585 3104 1640 [luxu
3153 1585 3426 1650 feruntur,
3466 1587 3586 1658 pari

2007 1681 2171 1736 modo
2217 1679 2475 1744 deﬂuere,
2524 1689 2686 1750 teque
2733 1679 2866 1734 nihil
2903 1677 3142 1744 firmum,
3191 1679 3406 1740 stabile.
3453 1679 3586 1734 soli-

315 1770 546 1842 μαστῶς
575 1770 632 1824 δὲ
661 1769 740 1842 τῷ
761 1769 866 1840 τῆς
889 1771 1019 1842 ῥοῆς
1051 1771 1276 1840 ὀνόματι
1302 1769 1588 1840 κέχρηται,
1627 1787 1645 1822 ι
1671 1768 1894 1836 Πλοῦτος

2009 1771 2208 1826 dumve
2247 1771 2548 1842 possidere.
2597 1771 2794 1826 Mirum
2839 1779 3022 1828 autem
3065 1773 3120 1826 in
3153 1771 3371 1826 modum
3405 1771 3586 1828 ﬂuxus

309 1861 414 1916 ἐὰν
451 1863 573 1935 ῥέῃ,
597 1881 616 1914 ι
653 1861 852 1933 φήσας·
877 1861 1018 1916 κατά
1044 1861 1102 1914 δὲ
1133 1861 1225 1914 τὸν
1259 1859 1572 1932 Σύμμαχον·
1597 1878 1616 1911 ι
1647 1859 1904 1926 Πλοῦτος,

311 1955 508 2026 φησὶν,
559 1953 654 2008 ἐὰν
697 1955 1044 2026 καρποφορῇ,
1089 1953 1164 2024 μὴ
1195 1952 1424 2006 τάσσετε
1459 1953 1556 2024 τὴν
1595 1952 1838 2026 καρδίαν.
1881 1973 1899 2006 ι

327 2049 472 2102 Ἀλλ’
499 2047 592 2102 ἐπὶ
619 2047 740 2102 τίνα
753 2047 833 2100 δεῖ
853 2047 1074 2101 τάσσειν
1099 2045 1198 2118 τὴν
1225 2045 1454 2118 καρδίαν
1483 2045 1577 2098 καὶ
1601 2045 1708 2098 τίνι
1733 2061 1904 2116 προσ-

313 2141 584 2204 τίθεσθαι,
631 2139 847 2212 εἴρηται
893 2139 1154 2202 πολλάκις
1197 2141 1256 2192 ἐν
1301 2137 1400 2208 τῷ,
1439 2156 1458 2188 ι
1491 2137 1628 2208 Οὐχὶ
1679 2136 1756 2208 τῷ
1785 2135 1904 2208 Θεῷ

317 2232 730 2304 ὑποταγήσεται
757 2233 790 2303 ἡ
817 2231 962 2302 ψυχή
999 2245 1134 2300 μους
1174 2247 1192 2280 ι
1228 2229 1322 2282 καὶ
1362 2227 1524 2281 πάλιν
1549 2245 1562 2258 ·
1605 2245 1624 2278 ι
1657 2225 1800 2298 Πλὴν
1823 2225 1902 2298 τῷ

315 2323 440 2396 Θεῷ
469 2323 769 2394 ὑποτάγηθι
797 2321 994 2394 ἡψυχὴ
1026 2339 1128 2392 μου
1157 2337 1172 2352 ·
1198 2319 1360 2384 αὐτὸς
1381 2319 1490 2392 γὰρ
1517 2317 1654 2382 Θεός
1677 2335 1777 2390 μου
1807 2318 1902 2371 καὶ

317 2409 512 2482 Σωτήρ
537 2427 641 2482 μου
677 2411 770 2464 καὶ
801 2411 1146 2482 ἀντιλήπτωρ
1179 2425 1302 2480 μου·
1347 2428 1364 2460 ι
1401 2407 1516 2472 καὶ,
1550 2426 1570 2460 ι
1616 2407 1901 2462 Ἐλπίσατε

319 2501 410 2554 ἑπ⁹
441 2501 624 2566 αὑτὸν,
656 2503 806 2556 πᾶσα
849 2500 1140 2573 συναγωγὴ
1177 2499 1326 2554 λαοῦ.
1363 2519 1380 2552 ›
1419 2498 1650 2564 Οὐκοῦν,
1684 2499 1900 2570 ἔχοντες

317 2591 410 2644 τὸν
439 2591 614 2662 μέγαν
647 2591 876 2644 πλοῦτον
920 2591 1016 2646 καὶ
1057 2592 1150 2646 τὸν
1193 2589 1446 2664 ἀληθινὸν
1487 2589 1779 2662 θησαυρὸν,
1823 2591 1898 2664 μὴ

319 2683 624 2754 ἐλπίσωμεν
669 2683 762 2738 ἐπὶ
805 2681 880 2754 τῷ
921 2683 1135 2754 ματαίῳ
1201 2683 1294 2738 καὶ
1339 2681 1550 2756 ρευστῷ
1601 2683 1695 2738 καὶ
1729 2683 1899 2756 ἀδίκῳ

319 2769 554 2842 πλούτῳ·
587 2769 806 2842 μάταιοι
837 2771 946 2843 γὰρ
967 2771 1182 2842 ἀληθῶς
1211 2771 1412 2836 πάντες
1439 2773 1490 2828 oi
1520 2773 1630 2826 υίοὶ
1661 2773 1768 2827 τῶν
1801 2775 1896 2828 άν-

319 2862 552 2940 θρώπων
577 2867 628 2920 οἱ
653 2867 746 2922 ἐπὶ
765 2867 940 2938 τούτῳ
967 2867 1306 2933 πεποιθότες.

395 3067 414 3102 ι
445 3049 626 3118 Ἀπαξ
655 3049 914 3124 ἐλάλησεν
951 3051 980 3104 6
1017 3051 1172 3116 Θεὸς,
1209 3051 1304 3106 δύο
1334 3053 1508 3108 ταῦτα
1541 3053 1772 3128 ἥκουσα·
1809 3055 1894 3109 ὅτι

2009 1861 2228 1916 nomine
2260 1869 2346 1917 est
2383 1877 2519 1918 usus
2559 1881 2572 1916 :
2612 1881 2630 1914 ι
2675 1861 2886 1916 Divitiae
2935 1861 2980 1918 si
3013 1861 3257 1924 afﬂuant,
3311 1881 3330 1914 ι
3371 1861 3582 1932 inquit;

2005 1955 2112 2018 vel,
2145 1953 2448 2010 secundum
2485 1952 2902 2026 Symmachum,
2938 1973 2956 2006 ι
3001 1953 3213 2008 Divitiae
3248 1953 3294 2010 si
3343 1953 3582 2010 fructum

2005 2048 2240 2122 pariant,
2284 2047 2480 2117 inquit,
2541 2063 2609 2104 ne
2647 2047 2904 2118 apponite
2945 2063 3060 2102 eor.
3087 2067 3105 2098 ι
3159 2047 3388 2102 Cninam
3453 2059 3584 2102 vero

2003 2155 2100 2196 cor
2149 2139 2406 2194 ordinare
2465 2149 2519 2193 ct
2574 2153 2848 2210 apponere
2898 2154 3036 2210 opus
3097 2139 3202 2202 sit,
3261 2138 3584 2210 plerumque

2003 2231 2209 2287 dictum
2255 2239 2340 2287 est
2375 2231 2429 2286 in
2461 2231 2575 2296 illo,
2611 2252 2628 2282 ι
2653 2231 2842 2288 Nonne
2861 2233 2970 2287 Deo
2993 2231 3241 2300 subjecta
3263 2231 3368 2286 erit
3397 2229 3581 2284 anima

2003 2321 2164 2376 mea?
2205 2339 2222 2372 ι
2255 2337 2320 2376 ac
2367 2336 2586 2376 rursum
2625 2339 2638 2374 :
2692 2339 2710 2372 ι
2755 2319 3144 2376 Verumtamen
3189 2319 3300 2374 Deo
3333 2317 3578 2388 subjecta

2001 2421 2142 2480 esto,
2172 2413 2354 2468 anima
2389 2429 2508 2468 mea
2543 2433 2556 2467 :
2585 2413 2700 2484 ipse
2727 2413 2871 2468 enim
2895 2413 3038 2468 Deus
3059 2429 3214 2468 meus
3234 2423 3288 2468 et
3327 2411 3582 2466 Salvator

2001 2519 2158 2560 meus
2205 2511 2260 2560 ct
2303 2513 2591 2576 susceptor
2636 2521 2828 2573 meus,
2889 2525 2909 2558 ι
2951 2511 3028 2568 et,
3088 2523 3107 2556 ι
3166 2501 3396 2576 Sperate
3425 2503 3480 2558 in
3511 2519 3586 2560 co-

1999 2597 2182 2652 omnis
2223 2598 2578 2668 congregatio
2625 2598 2832 2668 populi.
2891 2615 2910 2648 ι
2949 2595 3088 2652 Cum
3133 2596 3318 2668 itaque
3347 2611 3576 2668 magnas

1998 2691 2218 2746 divitias
2245 2706 2546 2764 verumque
2575 2691 2894 2746 thesaurum
2917 2689 3282 2754 obtineamus,
3319 2705 3390 2744 ne
3423 2705 3574 2760 spem

1999 2797 2271 2856 ponamus
2303 2783 2360 2838 in
2405 2783 2588 2848 vanis,
2631 2781 2796 2838 fluxis
2843 2790 2898 2838 et
2941 2781 3147 2854 iniquis
3181 2781 3406 2836 divitiis.
3439 2778 3574 2834 Nam

1999 2875 2124 2932 vani
2157 2890 2286 2932 vere
2311 2883 2442 2932 sunt
2464 2891 2658 2932 omnes
2693 2873 2788 2928 ﬁlii
2820 2873 3238 2944 bominum,qui
3267 2871 3418 2928 hisce
3449 2887 3577 2927 con-

1997 2967 2236 3114 “33's.
2271 3055 2360 3124 12,
2395 3059 2482 3114 15.
2538 3075 2558 3109 ι
2616 3055 2796 3112 Semel
2845 3055 3063 3112 locutus
3115 3065 3202 3112 est
3249 3052 3414 3118 Deus,
3461 3053 3580 3110 duo

317 3143 380 3196 τὸ
409 3143 606 3214 κράτος
638 3142 732 3196 τοῦ
765 3117 922 3210 Θεοῦ,
957 3144 1052 3198 καὶ
1081 3145 1186 3204 σοὶ.
1218 3144 1412 3218 Κύριε,
1438 3145 1499 3200 τὸ
1523 3117 1689 3210 ἔλεος·
1717 3147 1800 3201 ὅτι
1827 3149 1892 3202 σὺ

1997 3151 2114 3207 haec
2143 3149 2350 3214 audivi,
2382 3149 2512 3222 quia
2541 3155 2786 3220 potestas
2815 3145 2912 3204 Dei
2947 3155 3053 3214 est,
3086 3155 3142 3204 et
3173 3147 3294 3211 tibi,
3321 3145 3576 3212 Domine,

317 3234 618 3298 ἀποδώσεις
659 3235 870 3305 ἑκάστῳ
907 3235 1048 3290 κατά
1085 3235 1152 3290 τὰ
1191 3235 1328 3310 ἔργα
1361 3237 1544 3292 αὐτοῦ.
1586 3257 1605 3290 r
1641 3237 1894 3296 Τοσαῦτα

317 3327 716 3401 προπαιδεύσας
751 3331 780 3383 6
813 3329 992 3399 λόγος,
1031 3329 1340 3396 ἀκολούθως
1381 3331 1478 3402 τῆς
1521 3331 1616 3385 τοῦ
1647 3331 1784 3388 Θεοῦ
1815 3334 1894 3387 δι-

313 3421 654 3494 καιοκρισίας
675 3422 1102 3494 ὑπομιμνήσκει·
1129 3423 1206 3488 ὡς
1232 3423 1320 3490 ἂν,
1342 3423 1546 3498 ταύτην
1567 3426 1672 3498 πρὸ
1693 3427 1891 3498 ὀφθαλ-

317 3513 432 3586 μῶν
459 3513 696 3584 θέμενοι,
729 3517 865 3588 μήτε
904 3520 968 3588 τῇ
1005 3519 1191 3591 ἀδικία
1223 3520 1362 3592 μήτε
1395 3523 1506 3586 τοῖς
1539 3521 1890 3594 ἁρπάγμασι,

317 3609 454 3680 μήτε
477 3608 555 3680 τῷ
592 3611 911 3684 προσκαίρῳ
937 3611 1030 3666 καὶ
1060 3611 1246 3684 τυφλῷ
1279 3613 1491 3686 πλούτῳ
1514 3615 1738 3680 ἑαυτοὺς
1771 3615 1892 3670 ὲπι-

311 3701 556 3774 δίδωμεν.
587 3705 662 3758 υὺ
685 3705 793 3776 γάρ
814 3704 962 3770 ἀπαξ
989 3705 1146 3776 μόνον
1181 3707 1304 3781 περὶ
1324 3709 1424 3778 τῆς
1443 3691 1676 3782 κρίσεως
1707 3709 1736 3762 6
1758 3707 1890 3774 Θεὸς

313 3791 654 3860 διεστείλατο,
696 3795 832 3850 ἀλλά
873 3799 966 3854 καὶ
1003 3797 1273 3873 δεύτερον.
1317 3801 1426 3854 Καὶ
1469 3789 1660 3864 ταῦτα,
1701 3801 1884 3872 φησιν,

315 3885 472 3950 αὐτὸς
493 3885 606 3956 ἐγὼ
635 3888 842 3958 ἥκουσα
871 3889 1136 3960 ἀκριϐῶς,
1163 3892 1256 3946 τὸν
1289 3892 1414 3948 νοῦν
1447 3893 1746 3965 ἐπιστήσας
1773 3895 1886 3958 τοῖς

313 3977 430 4032 δυσὶ
461 3979 668 4044 τούτοις
701 3981 1176 4054 παραγγέλμασιν.
1214 3985 1394 4052 "Ana;
1430 3985 1538 4058 γάρ
1571 3985 1830 4058 ἐλάλησεν
1857 3987 1886 4040 ό

313 4065 458 4134 Θεὸς,
491 4069 606 4124 ἀλλ’
641 4071 752 4140 ἐγὼ
779 4071 874 4125 δύο
911 4072 1082 4130 ταῦτα
1125 4074 1350 4146 ἥκουσα·
1379 4077 1606 4152 ἐλάλησε
1645 4077 1752 4152 γάρ
1783 4077 1880 4132 καὶ

313 4160 396 4214 διὰ
421 4161 730 4234 προφητῶν,
777 4164 1004 4236 ὲλάλησε
1047 4165 1141 4218 καὶ
1181 4166 1270 4220 διὰ
1299 4169 1630 4222 ἀποστόλων·
1663 4169 1758 4224 καὶ
1789 4169 1882 4224 τὸν

313 4252 404 4306 ἕνα
430 4253 584 4322 λόγον
613 4255 704 4308 τὸν
737 4253 888 4322 ἅπαξ
923 4257 1028 4311 ὑπὸ
1059 4257 1153 4312 τοῦ
1183 4259 1318 4312 Θεοῦ
1349 4261 1636 4334 ὁρισθέντα
1665 4261 1760 4316 καὶ⁸
1793 4261 1882 4316 διὰ

317 4345 540 4410 παλαιᾶς
569 4347 841 4420 Διαθήκης
873 4350 968 4404 καὶ
993 4349 1082 4404 διὰ
1101 4352 1202 4420 τῆς
1224 4354 1416 4426 καινῆς
1447 4355 1676 4426 ἤκουσα.
1701 4355 1796 4420 Τίς
1822 4354 1880 4408 δὲ

1993 3241 2370 3322 misericordia
2431 3263 2444 3296 :
2507 3241 2636 3312 quia
2700 3249 2758 3297 ttt
2811 3239 3010 3298 reddes
3065 3241 3362 3310 unicuique
3409 3239 3570 3310 juxta

1991 3349 2156 3406 opera
2188 3349 2310 3390 sua.
2355 3353 2374 3385 ι
2421 3331 2556 3388 Cum
2605 3338 2760 3386 tanta
2794 3329 2862 3386 ad
2892 3341 3136 3386 nostram
3169 3331 3566 3386 institutionem

1995 3426 2276 3498 prannissa
2307 3425 2567 3490 fuissent,
2596 3431 3000 3496 consequenter
3018 3423 3086 3480 de
3115 3423 3268 3494 justo
3303 3423 3398 3480 Dei
3427 3421 3566 3494 judi-

1990 3519 2078 3574 cio
2105 3519 2272 3574 verba
2305 3517 2454 3584 facit,
2499 3527 2558 3572 ut
2585 3515 2720 3572 illud
2751 3531 2862 3586 prae
2895 3515 3074 3572 oculis
3115 3524 3440 3578 statuentes,
3471 3529 3568 3570 nc-

1989 3625 2096 3680 que
2144 3609 2450 3680 injustitire,
2489 3624 2664 3680 neque
2693 3607 2925 3680 rapinis,
2977 3623 3156 3678 neque
3197 3605 3570 3678 temporaneis

1993 3703 2262 3774 caecisque
2285 3701 2496 3757 divitiis
2527 3717 2630 3758 nos
2667 3699 2955 3758 dedamus.
2985 3697 3174 3772 Neque
3219 3701 3366 3756 enim
3395 3699 3564 3757 semel

1991 3807 2202 3854 tantum
2231 3797 2298 3853 de
2331 3795 2538 3868 judicio
2577 3795 2724 3852 Deus
2756 3805 3024 3868 praecepta
3055 3795 3244 3862 dedit,
3270 3795 3366 3851 sed
3396 3793 3566 3850 etiam

1989 3887 2274 3946 secundo:
2307 3887 2372 3942 Et
2410 3887 2524 3944 haec
2569 3903 2670 3960 ego
2712 3887 2906 3944 sedulo
2953 3887 3160 3950 audivi,
3209 3887 3410 3957 inquit,
3445 3885 3566 3940 ani—

1987 3997 2188 4052 moque
2255 3981 2371 4037 haec
2437 3983 2546 4036 duo
2609 3987 2882 4052 praecepta
2951 3977 3318 4036 consideravi.
3381 3975 3564 4032 Semel

1985 4074 2187 4146 quippe
2212 4073 2358 4128 Deus
2387 4072 2604 4128 loeutus
2633 4081 2752 4140 est;
2793 4072 2886 4128 sed
2913 4085 3016 4144 ego
3043 4073 3156 4128 haec
3183 4069 3294 4124 duo
3325 4068 3508 4122 audivi
3543 4087 3563 4122 :-

1985 4165 2208 4220 loeutus
2267 4179 2505 4236 namque
2549 4173 2634 4220 est
2683 4179 2782 4236 per
2823 4165 3150 4236 prophetas,
3193 4163 3412 4220 locutus
3465 4175 3564 4230 per

1985 4257 2264 4330 apostolos
2301 4276 2312 4312 :
2347 4263 2514 4328 atque
2570 4271 2880 4314 sermonem
2931 4257 3084 4312 illum
3143 4273 3317 4312 unum
3367 4259 3562 4322 semel,

1983 4365 2108 4404 cum
2143 4365 2240 4422 per
2273 4345 2608 4406 Vetusdum
2657 4363 2756 4418 per
2805 4346 3014 4404 Novum
3069 4345 3480 4405 Testamentmn
3527 4365 3562 4406 a

317 4431 374 4508 ἦν
405 4431 570 4502 οὗτος,
601 4439 716 4492 ἀλλ’
751 4459 770 4492 ι
811 4441 934 4494 Ὅτι
983 4441 1044 4494 τὸ
1076 4443 1276 4518 κράτος
1321 4445 1414 4498 τοῦ
1462 4445 1598 4500 Θεοῦ
1643 4447 1734 4502 καὶ
1773 4447 1876 4510 σοὶ,

1996 4437 2094 4494 Deo
2127 4439 2562 4510 pronuntiatum,
2582 4437 2785 4492 audivi.
2807 4436 2944 4504 Quis
2967 4437 3056 4494 ille
3079 4445 3220 4500 erat,
3251 4439 3358 4494 nisi
3383 4457 3402 4489 ι
3431 4439 3562 4510 quia

315 4529 492 4600 Κύριε,
525 4530 586 4584 τὸ
615 4532 784 4598 ἔλεος,
825 4553 844 4586 ι
881 4535 998 4598 καὶ,
1037 4555 1056 4586 ι
1097 4537 1218 4590 Ὅτι
1249 4539 1312 4590 σὺ
1339 4537 1636 4604 ἀποδώσεις
1665 4539 1880 4610 ἑκάστῳ

313 4620 442 4676 κατά
477 4621 546 4676 τὰ
575 4623 713 4696 ἔργα
741 4625 946 4689 αὐτοῦς
975 4645 994 4678 ι
1027 4627 1216 4692 Ἔλεος
1241 4627 1318 4694 δὲ,
1353 4629 1508 4700 φησὶ,
1539 4631 1634 4684 καὶ
1655 4631 1874 4702 κράτος·

311 4713 368 4766 τὸ
405 4717 498 4788 μὲν
531 4717 732 4790 κράτος
773 4719 910 4792 πρὸς
953 4719 1016 4774 τὺ
1057 4721 1414 4796 τιμωρεῖσθαι
1458 4723 1554 4776 καὶ
1589 4725 1878 4780 ταπεινοῦν

315 4809 428 4872 τοὺς
473 4809 836 4881 ἀφηνιῶντας,
884 4811 944 4866 τὸ
973 4811 1030 4866 δὲ
1075 4813 1223 4880 ἕλεος
1267 4815 1402 4886 πρὸς
1433 4814 1494 4868 τὸ
1528 4813 1718 4882 σώζειν
1751 4817 1884 4881 τοὺς.

315 4899 386 4964 εἰς
411 4901 566 4954 αὐτὸν
587 4903 908 4972 ἡλπικότας.
943 4923 962 4956 ι
999 4905 1106 4960 Ἴδε
1139 4901 1232 4960 οὖν
1257 4909 1600 4980 χρηστότητα
1630 4910 1724 4962 καὶ
1743 4910 1878 4964 ἀπο-

318 4993 511 5064 τομίαν,
541 5013 560 5046 ι
597 4995 762 5066 φησὶν
788 4997 816 5050 ὀ
851 4996 1192 5062 ’Λπόστολος
1217 5001 1312 5054 ἐπὶ
1333 4999 1434 5072 μὲν
1457 5001 1584 5066 τοὺς
1611 5001 1874 5066 πεσόντας

312 5083 601 5156 ἀποτομίαν
629 5087 718 5142 διά
749 5087 842 5142 τοῦ
877 5089 1134 5162 κράτους,
1164 5093 1256 5146 ἐπὶ
1291 5091 1348 5146 δὲ
1377 5093 1438 5147 σὲ
1459 5093 1760 5166 χρηστότης
1786 5093 1874 5148 διὰ

311 5175 398 5228 τοῦ
419 5175 614 5242 ἐλέους.
639 5179 802 5236 Ταῦτ’
825 5181 1016 5248 εἰπὼν,
1041 5183 1153 5238 ἄνω
1173 5185 1236 5240 τὸ
1257 5187 1548 5258 πρόσωπον
1567 5189 1870 5256 ἀνατείνας,

315 5269 735 5340 προσφθέγγεται
765 5273 842 5344 τῷ
873 5273 992 5348 Θεῷ
1014 5275 1218 5346 λέγων·
1257 5297 1278 5330 ι
1321 5279 1440 5334 Ὅτι
1481 5280 1544 5334 σὺ
1573 5281 1872 5346 ἀποδώσεις

317 5359 508 5432 ἑκάστῳ
531 5363 672 5416 κατά
691 5363 759 5418 τὰ
797 5363 935 5438 ἔργα
973 5368 1158 5423 αὐτοῦ.
1191 5389 1210 5422 ι
1251 5373 1360 5426 Kal.
1389 5374 1418 5427 6
1451 5373 1692 5440 -Ἄκύλας
1722 5375 1780 5430 δὲ
1803 5375 1874 5430 τά

319 5449 634 5522 προκείμενα
669 5453 856 5508 τοῦτον
889 5458 1200 5530 ἡρμήνευσε
1221 5461 1312 5516 τὸν
1335 5463 1553 5534 τρόπον·
1585 5485 1604 5518 ε
1646 5467 1870 5539 Ἐλάλη-

319 5557 398 5594 σεν
431 5545 458 5596 ὁ
481 5543 632 5610 Θεὸς,
666 5547 758 5600 καὶ
791 5547 1039 5622 δεύτερον
1067 5553 1368 5623 ἐπήκουσα·
1403 5557 1484 5610 ὅτι
1523 5561 1558 5620 ἡ
1591 5561 1742 5629 ἰσχὺς
1775 5561 1870 5616 τοῦ

383 5718 422 5750 ’⁸
455 5717 594 5776 ινδειι.
629 5739 714 5777 ext
743 5763 756 5790 ,
793 5725 844 5782 9.
921 5727 964 5758 ⁷⁷
1011 5725 1162 5784 Rom.
1202 5745 1275 5794 τι,
1311 5729 1398 5784 '22.

1985 4539 2230 4602 potestas
2263 4529 2356 4584 Dei
2385 4535 2490 4594 est,
2543 4535 2598 4584 et
2629 4527 2748 4592 tibi,
2783 4525 3033 4595 Domine,
3067 4529 3488 4596 misericordia;
3533 4547 3558 4582 ι-

1979 4629 2058 4686 et,
2095 4641 2114 4674 c
2153 4623 2282 4694 quia
2313 4627 2372 4676 tu
2415 4619 2614 4676 reddes
2639 4619 2938 4692 unicuique
2963 4621 3120 4692 juxta
3147 4637 3318 4692 opera
3348 4621 3494 4679 sua?
3533 4641 3560 4678 ›

1983 4713 2384 4778 Misericordia,
2420 4713 2518 4780 ait,
2547 4719 2602 4768 et
2659 4721 2942 4784 potestas;
2997 4723 3244 4786 potestas
3287 4715 3372 4772 ad.
3419 4717 3558 4774 ulci-

1981 4813 2246 4869 scendum
2279 4823 2336 4870 et
2361 4813 2764 4869 humiliandum
2793 4813 3028 4870 eﬂrenes
3057 4811 3344 4878 homines;
3375 4812 3560 4868 mise—

1979 4907 2216 4962 ricordia
2245 4905 2312 4961 ad
2330 4907 2514 4962 salvos
2545 4905 2830 4963 faciendos
2860 4915 3146 4978 sperantes
3167 4907 3230 4962 in
3253 4919 3332 4961 se.
3363 4921 3382 4956 ι
3417 4901 3552 4958 Vide

1978 5015 2110 5070 ergo
2175 4999 2474 5054 bonitatem
2531 5007 2586 5054 et
2649 4999 2998 5054 severitatem
3047 4995 3144 5053 Dei
3177 4997 3246 5061 τ’,
3307 5013 3332 5047 ι
3375 4995 3556 5065 inquit

1979 5091 2278 5164 Apostolus
2315 5111 2328 5146 :
2365 5095 2714 5150 severitatem
2763 5091 2820 5146 in
2871 5091 3056 5162 lapsos
3107 5105 3202 5162 per
3229 5095 3554 5160 potestatem

1975 5201 2132 5242 suam
2159 5205 2176 5254 ;
2203 5201 2332 5258 erga
2386 5193 2438 5242 te
2487 5201 2620 5242 vero
2643 5185 2942 5240 bonitatem
2971 5201 3067 5256 per
3090 5181 3548 5240 misericordiam.

1973 5275 2276 5348 Postquam
2311 5277 2424 5333 hate
2449 5277 2686 5344 dixerat,
2707 5287 2895 5334 erecto
2931 5293 3150 5334 sursum
3183 5277 3336 5332 vultu
3379 5275 3550 5330 Deum

1971 5373 2056 5428 sic
2085 5371 2384 5444 alloquitur
2419 5391 2432 5428 :
2475 5392 2492 5424 ι
2531 5373 2669 5440 Quia
2707 5381 2764 5426 tu
2819 5373 3014 5428 reddes
3066 5369 3544 5440 unicuiquejuxta

1973 5481 2140 5538 opera
2193 5483 2314 5522 sua.
2365 5485 2384 5518 ι
2444 5465 2638 5537 Aquila
2687 5465 2853 5522 etiam
2897 5465 3012 5520 haec
3045 5465 3125 5519 sic
3159 5465 3548 5534 interpretatur:

1970 5569 2056 5612 est
2087 5579 2100 5614 :
2149 5579 2167 5614 ι
2207 5559 2446 5617 Locutus
2476 5567 2560 5616 est
2614 5557 2778 5628 Deus,
2809 5567 2862 5614 et
2891 5557 3132 5616 secundo
3163 5557 3368 5620 audivi,
3413 5555 3548 5626 quia»
