4100 6442
574 365 682 423 599

1254 362 2034 424 EUSEBIICJESABIENSIS
2071 366 2224 425 OPP.
2264 366 2446 424 PARS
2484 367 2575 424 Ill.
2605 398 2676 409 -——
2704 366 3118 426 EXEGETICA.

3758 367 3848 423 σοι

577 483 843 539 fortitudo
899 481 1017 545 Dei,
1071 491 1126 539 et
1174 483 1296 547 tibi,
1333 482 1583 549 Domine,
1631 483 2034 540 misericordia.
2070 482 2153 538 Tu

2265 485 2417 551 Θεοῦ,
2453 487 2545 540 καὶ
2569 485 2672 551 σοὶ,
2707 485 2974 550 Δέσποτα,
3003 483 3065 538 τὸ
3088 483 3252 547 ἕλεος.
3289 485 3358 537 Σὺ
3390 482 3460 536 δὲ
3489 479 3703 543 ἀπόδος
3729 487 3838 533 κατέ

574 591 705 632 vero
726 574 892 632 redde
913 576 1145 647 singulis
1170 576 1304 634 viris
1331 575 1633 632 secundum
1665 591 1833 646 opera
1863 592 1982 633 sua.
2022 598 2043 628 ι

577 714 629 772 1.
655 710 984 769 PSALMUS
1016 711 1270 772 DAVIDI,
1296 710 1442 766 CUM
1477 711 1698 771 ESSET
1731 711 1797 768 ΙΝ
1829 711 2152 769 DESERTO

1081 784 1157 855 (ι)
1184 782 1454 838 tuum/13
1495 782 1653 838 an.

647 895 817 954 Vens.
852 897 908 963 2,
937 898 992 952 5.
1040 915 1058 948 ι
1089 895 1236 953 Deus
1261 897 1405 953 Deus
1429 912 1609 958 meus,
1638 898 1705 954 ad
1740 906 1795 954 te
1822 897 1891 954 de
1927 899 2050 954 luce
2080 899 2156 954 vi-

574 989 704 1061 gilo.
739 1010 760 1042 ι
798 989 933 1044 Cum
971 989 1184 1062 fugeret
1214 988 1409 1055 David,
1441 991 1680 1046 accessit
1710 989 1780 1044 ad
1801 990 2152 1047 Achimelech

558 1067 916 1136 sacerdotem
940 1098 955 1148 ;
994 1081 1124 1136 hinc
1154 1079 1222 1134 ad
1242 1080 1429 1137 Aelius
1455 1095 1638 1151 regem
1667 1078 1842 1148 Geth;
1875 1080 2004 1136 inde
2024 1097 2154 1137 vero

577 1172 630 1226 in
657 1171 942 1244 Massepha
965 1171 1145 1229 Moab.
1183 1173 1298 1230 Gad
1334 1182 1519 1236 autem
1562 1175 1852 1246 propheta,
1909 1179 2003 1246 qui
2052 1177 2154 1230 ad-

574 1273 718 1330 erat,
754 1273 948 1320 auctor
983 1275 1070 1322 est
1109 1267 1213 1338 ipsi
1261 1275 1320 1322 ut
1358 1284 1427 1323 ne
1468 1269 1608 1322 ultra
1661 1267 1805 1338 apud
1851 1268 2155 1341 allophylos

575 1375 762 1414 moras
789 1359 990 1414 trahat.
1015 1358 1199 1426 Quare
1222 1361 1352 1417 inde
1385 1359 1695 1434 profectus,
1731 1360 1786 1415 in
1816 1360 2036 1418 deserto
2065 1361 2157 1418 Ju-

575 1450 704 1506 daae
725 1450 958 1515 habitat,
993 1451 1062 1506 de
1091 1467 1201 1522 quo
1241 1458 1490 1524 tempore
1531 1452 1646 1508 haec
1683 1451 1967 1524 Scriptura
1995 1469 2156 1511 enar-

577 1551 665 1598 rat
697 1563 710 1598 :
750 1562 767 1594 ι
813 1543 878 1597 Et
912 1544 1235 1600 morabatur
1279 1543 1451 1600 David
1503 1548 1558 1600 in
1593 1546 1814 1603 deserto
1844 1545 2154 1607 Masseneth

576 1637 632 1690 in
671 1637 941 1707 angustis,
993 1646 1048 1693 et
1078 1636 1239 1693 sedes
1273 1637 1508 1694 habebat
1539 1638 1595 1693 in
1623 1637 1843 1695 deserto
1884 1639 1940 1694 in
1970 1651 2157 1695 monle

576 1728 737 1799 Ziph.
773 1727 839 1782 Et
871 1730 1149 1798 quaerebat
1197 1745 1324 1784 eum
1365 1729 1498 1785 Saul
1543 1731 1802 1788 omnibus
1850 1733 2068 1795 diebus,
2101 1740 2156 1788 et

577 1837 687 1874 non
723 1821 950 1876 tradidit
988 1838 1112 1877 eum
1144 1821 1410 1878 Dominus
1461 1823 1519 1878 in
1552 1839 1749 1880 manus
1779 1824 1902 1894 ejus
1928 1826 1997 1880 ".
2035 1845 2054 1877 ι
2096 1824 2153 1880 In
2191 1861 2228 1918 Β

577 1914 681 1968 hoc
713 1930 900 1970 rerum
953 1916 1298 1983 statu,.hunc
1346 1916 1620 1987 psalmum
1651 1916 1906 1982 adornat,
1967 1927 2156 1974 notato

576 2020 673 2074 per
699 2004 915 2059 titulum
945 2013 1212 2076 tempore.
1245 2005 1426 2073 Quare
1463 2007 1670 2063 dictum
1699 2015 1804 2073 est,
1843 2029 1862 2061 ι
1906 2007 2158 2068 Psalmus

576 2095 790 2160 Davidi,
822 2113 948 2152 cum
984 2108 1134 2153 esset
1157 2097 1215 2153 in
1243 2098 1463 2156 deserto
1483 2098 1706 2156 Iudaee.
1756 2121 1774 2154 ι
1819 2099 1862 2153 Ε
1895 2117 1953 2157 re
1974 2110 2157 2156 autem

577 2189 743 2245 fuerit
771 2189 861 2244 hic
888 2206 1106 2247 rursum
1131 2191 1448 2258 observare,
1481 2208 1593 2248 non
1623 2209 1699 2255 ex,
1727 2193 1876 2250 serie
1911 2193 2158 2250 historia:

576 2290 632 2337 et
687 2291 1018 2352 temporum,
1073 2281 1324 2340 ordinem
1375 2285 1715 2356 psalmorum
1772 2287 2154 2352 constitutum,

577 2374 675 2430 sed
728 2375 886 2430 valde
931 2375 1194 2445 permista
1229 2383 1480 2448 tempora
1531 2393 1676 2434 esse.
1738 2377 1875 2433 Nam
1926 2379 2158 2436 historia

579 2467 755 2538 primo
787 2475 1059 2533 recenset,
1093 2466 1315 2524 Saulem
1348 2471 1576 2534 nuntios
1599 2471 1820 2528 misisse
1852 2472 1906 2527 in
1934 2472 2157 2527 domum

580 2559 773 2625 David,
817 2560 910 2632 qui
959 2559 1338 2622 interﬁcerent
1374 2579 1523 2628 eum,
1556 2572 1614 2619 et
1642 2562 1875 2620 Melehol
1930 2580 2157 2622 uxorem

577 2652 700 2721 ejus
753 2652 1042 2708 demisisse
1095 2667 1220 2708 eum
1272 2669 1369 2725 per
1423 2653 1761 2726 fenestram;
1812 2655 2157 2712 Psalmorum

579 2760 711 2800 vero
746 2746 1020 2818 scriptura
1054 2761 1174 2802 eam
1208 2763 1322 2803 rem
1355 2747 1413 2803 in
1444 2764 1575 2807 LVJII
1630 2759 1918 2806 memorat.
1953 2748 2162 2806 Deinde

581 2838 813 2894 historia
847 2838 1145 2910 Scriptura:
1174 2850 1365 2896 narrat
1397 2842 1618 2898 venisse
1645 2841 1904 2899 Davidem
1932 2843 1988 2898 in
2010 2841 2161 2898 Noba

579 2930 649 2985 ad
687 2933 1040 2989 Achimelech
1069 2935 1452 3007 sacerdotem;
1513 2933 1611 2990 sed
1641 2933 1988 2991 Psalmorum
2023 2935 2162 2992 liber

581 3025 724 3080 hanc
752 3041 868 3080 rem
897 3036 1108 3097 gestam
1142 3025 1396 3088 meminit
1436 3025 1494 3080 in
1537 3041 1719 3081 xxxm
1747 3027 1976 3094 psalmo.
2015 3026 2158 3083 Rur—

581 3133 816 3189 sumque
845 3121 1123 3191 scriptura
1169 3118 1482 3190 Regnorum
1509 3117 1588 3178 ait
1615 3135 1630 3172 :
1662 3137 1690 3170 ι.
1721 3117 1788 3173 Et
1819 3119 1957 3174 abiit
1991 3119 2159 3182 David

2255 578 2423 650 ἄνδρα
2454 579 2670 649 ἑκάστῳ
2703 577 2844 632 κατά
2874 577 2946 631 τὰ
2975 577 3114 650 ἔργα
3135 577 3320 633 αὐτοῦ.
3349 597 3368 629 ι

2254 719 2544 774 ΨΑΛΜΟΣ
2592 715 2680 770 ΤΩ
2713 716 2928 770 ’ΔΑΥῙΔ
2979 717 3072 769 ΕΝ
3109 717 3197 774 ΤΩ
3237 716 3428 769 EINAI
3491 711 3743 764 ΑΥΤΟΝ
3781 711 3855 762 EN

2519 769 2625 863 ῖινιι
2642 769 2901 860 nam
2925 789 3061 841 ΤιιΣ
3097 769 3418 841 ιυΥΔΑιΑΣ
3461 783 3576 836 ΞΒι

2331 923 2350 952 ι
2391 904 2452 957 '0
2477 902 2610 968 Θεδς
2640 905 2668 956 6
2697 901 2830 966 Θεός
2866 919 2988 973 μου,
3021 900 3160 972 πρὸς
3192 900 3250 952 σὲ
3278 894 3564 971 ὀρθρίζω.
3597 913 3618 947 ›
3652 892 3864 960 Φεύγων

2254 997 2282 1050 6
2311 996 2472 1050 Δαυῒδ
2495 995 2853 1067 παραγίνεται
2887 993 3023 1066 πρὸς
3059 993 3348 1064 Ἀχιμέλεχ
3371 991 3476 1044 τὸν
3511 987 3702 1058 ἱερέα·
3727 985 3864 1040 ἐνθεν

2256 1086 2393 1158 πρὸς
2424 1085 2614 1157 Ἀχοῦς
2641 1086 2733 1140 τὸν
2766 1085 2991 1157 βασιλέα
3012 1084 3135 1147 Γὲθ,
3165 1083 3419 1136 κάκεῖθεν
3459 1082 3568 1142 είς·
3591 1078 3867 1147 Μάσσηφα

2254 1178 2352 1249 τῆς
2380 1179 2574 1233 Μωάϐ.
2603 1178 2785 1234 Συνὼν
2809 1179 2866 1232 δὲ
2896 1177 3046 1248 αὑτῷ
3066 1176 3173 1230 Γάδ
3193 1178 3222 1230 6
3246 1176 3584 1246 προφήτης,
3618 1173 3868 1242 παραινεί

2260 1272 2334 1344 μὴ
2362 1270 2635 1326 ποιεῖσθαι
2661 1270 2815 1342 παρά
2833 1273 2944 1334 τοῖς
2963 1269 3281 1338 ἀλλοφύλοις
3297 1269 3398 1332 τὰς
3418 1263 3761 1336 διατριῢὰς.
3790 1263 3870 1314 Διὸ

2260 1363 2535 1434 μεταστὰς
2565 1362 2836 1428 ἐντεῦθεν,
2867 1363 2966 1436 τὴν
2993 1362 3230 1435 ἐρημίαν
3251 1361 3354 1431 τῆς
3389 1357 3690 1418 Ἰουδαίας
3719 1356 3868 1408 οίκεί·

2255 1456 2343 1510 ὅτε
2394 1455 2490 1509 καὶ
2539 1456 2743 1527 ἱστορεῖ
2790 1453 3026 1524 λέγουσα
3070 1457 3104 1526 ἡ
3149 1454 3374 1526 Γραφήπ
3430 1469 3450 1502 ι
3489 1449 3618 1503 Καὶ
3651 1447 3866 1500 ἐκάθισε

2257 1548 2418 1602 Δαυῖδ
2454 1551 2512 1606 ἐν
2549 1551 2617 1620 τῇ
2662 1550 2855 1620 ἐρήμῳ
2885 1547 3168 1602 Μασσενὲθ
3221 1549 3280 1602 ἐν
3321 1549 3436 1610 τοῖς
3477 1544 3746 1604 στενοῖςο
3789 1541 3868 1592 καῖ

2257 1641 2494 1715 ἐκάθητο
2537 1643 2595 1695 ὲν
2623 1641 2702 1713 τῷ
2735 1642 2850 1714 ὄρει
2880 1643 2938 1695 ὲν
2981 1643 3048 1713 τῇ
3083 1641 3276 1712 ἐρήμῳ
3307 1639 3461 1708 Ζείφ.
3517 1636 3649 1691 Καὶ
3697 1635 3872 1705 eam

2259 1735 2422 1790 αὑτὸν
2462 1735 2636 1788 Σαοὺλ
2676 1734 2856 1798 πάσας
2886 1734 2986 1798 τὰς
3021 1733 3256 1804 ἡμέρας,
3299 1731 3394 1785 καὶ
3431 1730 3503 1784 οὐ
3543 1725 3875 1799 παρέδωκεν

2259 1828 2420 1883 αὑτὸν
2453 1828 2658 1901 Κύριος
2687 1831 2769 1894 είς
2792 1828 2892 1892 τὰς
2914 1829 3102 1902 χεῖρας
3127 1825 3314 1881 αὐτοῦ.
3343 1845 3361 1877 ›
3401 1825 3495 1878 Ἐν
3520 1820 3758 1883 τούτοις
3782 1818 3872 1882 ῶν,

2259 1924 2350 1977 τὸν
2381 1923 2742 1995 προκείμενον
2773 1921 2987 1993 ψαλμὸν
3023 1919 3333 1984 συντάττει,
3385 1916 3479 1970 τὸν
3534 1912 3751 1984 καιρὸν
3796 1909 3873 1962 διὰ

2258 2017 2358 2088 τῆς
2390 2015 2715 2088 προγραφῆς
2745 2015 3013 2087 σημήνας.
3050 2012 3141 2066 Διὸ
3180 2013 3413 2084 εἴρηται,
3453 2029 3476 2062 r
3511 2005 3771 2076 Ψαλμδς
3802 2001 3871 2073 τῷ

2261 2109 2444 2174 Δαυῖδ,
2475 2112 2531 2164 ὲν
2555 2107 2633 2181 τῷ
2661 2104 2800 2163 εἶναι
2826 2108 2988 2162 αὑτὸν
3013 2109 3071 2161 ὲν
3091 2109 3155 2178 τῇ
3185 2107 3379 2177 ἐρήμῳ
3398 2104 3500 2174 τῆς
3538 2097 3871 2159 Ἰουδαίας.»

2260 2204 2495 2273 Εὗλογον
2535 2202 2593 2256 δὲ
2627 2201 2861 2256 ἐνταῦθα
2894 2200 3221 2272 γενομένους
3255 2193 3735 2268 ἐπισημήνασθαι
3777 2188 3871 2242 πά-

2259 2296 2363 2360 λιν,
2393 2294 2474 2349 ὅτι
2500 2293 2574 2366 μὴ
2601 2293 2745 2348 κατά
2772 2292 3096 2348 ἀκολουθίαν
3123 2290 3234 2344 τῶν
3259 2290 3358 2360 τῆς
3382 2287 3645 2359 ἱστορίας
3669 2282 3872 2355 χρόνων

2261 2391 2296 2462 ὴ
2328 2387 2436 2442 τῶν
2467 2386 2699 2460 ψαλμῶν
2735 2386 3020 2454 σύγκειται
3045 2383 3219 2449 τάξις·
3252 2381 3590 2453 ὲνήλλακται
3623 2375 3687 2429 δὲ
3724 2369 3870 2443 παρὰ

2262 2481 2397 2535 πολὺ
2435 2481 2550 2544 τοῖς
2587 2479 2820 2552 χρόνοις.
2861 2476 3070 2531 Αὐτίκα
3095 2474 3228 2545 γοῦν
3254 2477 3288 2545 ἡ
3318 2474 3415 2545 μὲν
3447 2468 3686 2541 ἱστορία
3724 2464 3870 2536 πρώ-

2261 2591 2361 2646 την
2409 2573 2662 2645 περιέχει
2699 2570 2799 2643 τὴν
2831 2569 3082 2640 διήγησιν
3113 2566 3234 2621 καθ’
3259 2566 3326 2637 ἢν
3358 2561 3666 2619 ἀπέστειλε
3703 2556 3868 2612 Σαοὺλ

2262 2664 2526 2734 ἀγγέλους
2555 2665 2635 2727 εἰς
2664 2662 2756 2716 τὸν
2794 2655 2943 2714 οἷκον
2976 2658 3160 2723 Δαυῖδ,
3200 2657 3296 2711 τοῦ
3325 2655 3652 2710 θανατῶσαι
3685 2649 3866 2704 αὐτόν·

2261 2759 2343 2812 δτι
2370 2757 2636 2828 Μελχὸλή
2672 2755 2810 2827 γυνὴ
2838 2753 3003 2808 αὐτοῦ
3038 2752 3277 2824 καθῆκεν
3312 2749 3475 2804 αὑτὸν
3505 2747 3606 2802 διὰ
3637 2745 3745 2815 τῆς
3779 2741 3867 2795 θυ-

2265 2849 2440 2922 ρίδος·
2478 2851 2512 2921 ὴ
2545 2849 2601 2902 δὲ
2643 2848 2752 2901 τῶν
2805 2845 3036 2918 ψαλμῶν
3082 2845 3270 2916 γραφὴ
3319 2843 3378 2896 ὲν
3411 2841 3488 2912 τῷ
3521 2846 3614 2912 νη¹
3659 2833 3866 2902 ταύτης

2267 2942 2539 3013 μέμνηται
2571 2941 2672 3010 τῆς
2704 2938 2975 3012 πράξεως.
3007 2935 3120 2992 Εἶθ’
3154 2937 3284 3008 ἑξῆς
3316 2938 3350 3008 ἡ
3390 2935 3490 3007 μὲν
3521 2930 3735 3004 Γραφὴ
3761 2927 3868 2980 τῶν

2266 3035 2518 3108 ἱστποριῶν
2546 3034 2808 3095 διδάσκει,
2853 3032 2930 3096 ὡς
2979 3031 3200 3105 ἔρχεται
3232 3028 3394 3083 Δαυ⁴ίδ
3421 3029 3502 3091 είς
3534 3025 3703 3080 Νοὸᾶ
3733 3019 3863 3090 πρὸς

2275 3127 2564 3200 ’Δχιμένλεχ
2591 3127 2680 3181 τὸν
2707 3125 2872 3197 ἱερέασ
2897 3127 2932 3196 ἡ
2958 3124 3016 3178 δὲ
3045 3123 3224 3195 βίϐλος
3244 3122 3354 3176 τῶν
3380 3116 3637 3189 Ψαλμῶν
3659 3113 3866 3181 ταύτης

582 3210 732 3272 inde,
760 3219 815 3268 et
847 3212 1017 3277 venit,
1043 3221 1098 3268 et
1130 3211 1378 3268 salvatus
1434 3217 1520 3265 est
1570 3208 1625 3264 in
1675 3210 1938 3281 spelunca
1993 3209 2162 3267 Odol-

2271 3221 2544 3292 μέμνηται
2571 3219 2673 3289 τῆς
2704 3216 2958 3295 πράξεως
2989 3219 3047 3275 ὲν
3076 3214 3155 3286 τῷ
3183 3210 3510 3283 λγ’ψαλμῷ.
3544 3208 3666 3262 Καὶ
3688 3201 3864 3301 Δσιτὰιλιν

582 3304 691 3358 lam
725 3304 803 3369 7’;
843 3323 862 3356 ι
902 3304 1042 3360 liber
1075 3312 1260 3359 autem
1291 3302 1638 3364 Psalmorum
1675 3303 1842 3374 hujus
1871 3303 2078 3374 negotii
2104 3303 2160 3357 in

2265 3314 2300 3385 ἡ
2337 3313 2434 3384 μὲν
2471 3309 2658 3383 γραφὴ
2690 3309 2797 3364 τῶν
2837 3307 3130 3362 Βασιλειῶν
3163 3321 3322 3376 φησγ
3360 3322 3378 3353 ι
3415 3302 3527 3356 Καὶ
3558 3295 3862 3369 ἀπηλλάγη

581 3411 669 3450 va
725 3396 1062 3452 mentionem
1117 3394 1267 3451 facit.
1314 3393 1430 3451 Sub
1487 3395 1603 3451 haec
1645 3395 1843 3451 iterum
1887 3396 2164 3468 scriptura

582 3490 898 3561 Regnorum
933 3488 1078 3545 Doec
1101 3496 1398 3554 memorat,
1430 3503 1541 3558 quo
1563 3496 1724 3558 pacto
1747 3487 1962 3548 scilicet
1994 3488 2164 3543 Achi-

584 3583 793 3644 melech
850 3583 1195 3642 sacerdotem
1227 3581 1372 3652 apud
1406 3580 1626 3638 Saulem
1659 3582 2028 3645 calumniatus
2055 3581 2163 3652 sit;

583 3684 641 3734 at
668 3673 1014 3734 Psalmorum
1040 3675 1178 3732 liber
1210 3675 1263 3728 in
1300 3689 1353 3730 LI
1373 3674 1480 3731 hoc
1507 3683 1725 3746 tempus
1747 3681 2162 3736 commemorat.

581 3769 780 3839 Agnita
805 3783 970 3839 porro
997 3767 1169 3824 David
1221 3767 1394 3839 ipsius
1422 3766 1568 3824 Doec
1611 3766 1912 3832 calumnia,
1946 3766 2086 3837 fugit
2113 3777 2168 3823 et

584 3862 643 3922 in
676 3862 954 3920 desertum
986 3859 1188 3918 Iudaeae
1226 3877 1287 3919 se
1317 3861 1573 3927 contulit,
1602 3876 1714 3933 quo
1737 3868 1984 3932 tempore
2022 3861 2169 3917 hunc

584 3969 748 4024 quem
784 3962 1086 4010 tractamus
1117 3937 1387 4025 psalmum
1417 3953 1728 4010 adornavit.
1777 3951 1845 4008 Et
1892 3952 2167 4024 scriptura

583 4045 806 4115 quidem
868 4043 1183 4116 Regnorum
1239 4053 1364 4116 post
1419 4045 1726 4118 praesentis,
1793 4044 2008 4102 scilicet
2051 4059 2167 4104 Lm

585 4134 786 4206 psalmi
827 4142 1066 4206 tempus,
1108 4135 1359 4206 quaedam
1391 4141 1547 4207 gesta
1581 4143 2002 4200 commemorat,
2029 4149 2084 4189 v.
2112 4149 2164 4203 g.

586 4237 645 4283 ut
676 4228 882 4299 Ziphaei
914 4227 1084 4284 David
1116 4227 1260 4299 apud
1286 4225 1508 4283 Saulem
1541 4225 1865 4292 calumniati
1901 4233 2068 4292 sunt;
2101 4224 2169 4282 de

584 4321 786 4392 quibus
819 4319 1162 4374 Psalmorum
1193 4319 1353 4384 liber,
1386 4318 1442 4374 in
1467 4333 1585 4385 un,
1620 4317 1954 4381 mentionem
1980 4317 2166 4382 habet,

585 4414 745 4484 cujus
781 4412 974 4472 titulus
998 4418 1084 4468 est
1124 4430 1138 4468 :
1176 4429 1196 4462 ι
1235 4410 1294 4466 Ιιι
1343 4409 1532 4476 tinem,
1569 4412 1626 4466 in
1658 4403 1900 4484 hymnis,
1952 4411 2170 4478 intelle-

583 4513 707 4559 ctus
736 4501 930 4567 David,
968 4517 1093 4556 cum
1125 4502 1410 4562 venissent
1445 4499 1674 4571 Ziphaei,
1708 4509 1763 4558 et
1791 4501 2065 4558 dixissent
2099 4500 2169 4556 ad

2266 3403 2430 3457 Δαυῒδ
2444 3402 2713 3465 ἐντεῦθεν,
2733 3401 2828 3456 καὶ
2857 3399 3102 3472 ἔρχεται,
3132 3399 3228 3451 καὶ
3253 3393 3485 3464 διεσώθη
3520 3394 3605 3457 είς
3630 3391 3698 3445 τὸ
3725 3387 3861 3456 cmi;-

2266 3494 2415 3548 λαιον
2446 3493 2508 3548 τὸ
2540 3492 2822 3564 Ὀδολλὰμ·
2855 3511 2874 3544 ι
2909 3494 2943 3563 ὴ
2972 3491 3030 3545 δὲ
3066 3489 3243 3561 βίϐλος
3271 3487 3380 3540 τῶν
3408 3484 3661 3557 Ψαλμῶν
3698 3483 3758 3534 ἐν
3786 3475 3862 3548 τῷ

2266 3593 2354 3652 νς¹
2390 3586 2669 3658 μέμνηται·
2699 3585 2797 3657 τῆς
2840 3583 3068 3650 τάξεως.
3117 3582 3228 3636 Καὶ
3257 3576 3413 3644 αὖθις
3451 3577 3591 3650 μετά
3621 3573 3856 3640 ταῦταή

2271 3680 2370 3751 μὲν
2402 3679 2590 3752 γραφὴ
2622 3677 2733 3733 τῶν
2774 3676 3072 3742 Βασιλειῶν
3112 3674 3205 3730 τοῦ
3247 3673 3407 3744 Δωὴκ
3449 3672 3757 3743 μέμνηται,
3786 3664 3860 3726 ὡς

2267 3771 2593 3841 διαὸέόληκε
2624 3769 2704 3842 τῷ
2741 3768 2914 3822 Σαοὺλ
2948 3768 3040 3823 τὸν
3082 3766 3232 3839 ίερὲα
3276 3763 3583 3836 Ἀχιμέλεχο
3623 3764 3660 3833 ἡ
3691 3760 3751 3813 δὲ
3783 3756 3858 3826 βί-

2269 3863 2394 3928 ϐλος
2419 3863 2529 3917 τῶν
2549 3861 2798 3933 Ψαλμῶν
2827 3862 2886 3916 ὲν
2909 3859 2988 3932 τῷ
3013 3858 3298 3914 να⁹τοῦτον
3331 3855 3584 3928 σημαίνει
3615 3854 3712 3908 τὸν
3739 3847 3860 3922 χρό-

2269 3971 2380 4010 νον.
2405 3955 2573 4019 Γνοὺς
2599 3953 2656 4007 δὲ
2684 3955 2712 4006 6
2735 3951 2904 4008 Δαυῒδ
2924 3951 3023 4024 τὴν
3044 3951 3140 4006 τοῦ
3169 3949 3330 4021 Δωὴκ
3357 3946 3632 4018 διαϐολὴν,
3667 3943 3855 4015 φεύγει

2270 4045 2365 4101 καὶ
2413 4045 2776 4118 παραγίνεται
2817 4046 2898 4108 εἰς
2936 4044 3037 4117 τὴν
3079 4041 3283 4114 ἔρημον
3306 4043 3408 4112 τῆς
3453 4037 3739 4102 Ἰουδαίας,
3771 4036 3856 4088 ὅτε

2270 4139 2366 4193 καὶ
2408 4139 2690 4193 συντάττει
2727 4123 2828 4192 τὸν
2869 4138 3009 4208 μετά
3051 4138 3239 4207 χεῖρας
3279 4131 3511 4204 ψαλμόν.
3547 4131 3664 4184 Καὶ
3694 4130 3728 4200 ἡ
3764 4124 3858 4197 μὲν

2269 4230 2458 4304 γραφὴ
2485 4230 2593 4286 τῶν
2617 4229 2914 4284 Βασιλειῶν
2947 4219 3086 4300 μετά
3111 4226 3202 4281 τὸν
3235 4225 3434 4298 χρόνον
3457 4221 3552 4276 τοῦ
3588 4220 3730 4293 μετά
3750 4217 3857 4288 χεῐι-

2273 4341 2373 4396 ρας
2400 4321 2638 4394 ψαλμοῦ,
2669 4321 2816 4392 λέγω
2841 4321 2897 4375 δὲ
2930 4320 3024 4374 τοῦ
3057 4320 3156 4387 ΕΘ,
3181 4315 3434 4391 πράξεών
3459 4332 3621 4370 τινων
3652 4313 3857 4385 μέμνη-

2269 4429 2381 4477 ται,
2404 4412 2482 4476 ὡς
2509 4414 2558 4466 οἱ
2586 4413 2798 4483 Ζιφαῖοι
2817 4408 3161 4465 διαϐάλλουσι
3188 4407 3268 4479 τῷ
3292 4405 3468 4460 Σαοὺλ
3490 4404 3584 4458 τὸν
3613 4397 3853 4467 Δαυῖδ⁶-ἠ

2271 4502 2328 4558 δὲ
2357 4502 2538 4574 βίϐλος
2563 4502 2673 4557 τῶν
2687 4501 2935 4574 Ψαλμῶν
2955 4500 3162 4554 τούτων
3189 4499 3461 4570 μέμνηται
3483 4498 3540 4550 ὲν
3566 4494 3644 4566 τῷ
3673 4499 3776 4564 vf,
3801 4490 3857 4552 ὃς

587 4596 742 4660 Saul,
778 4595 918 4651 Ecce
955 4593 1126 4649 David
1167 4594 1534 4652 absconditus
1585 4602 1671 4652 est
1698 4595 1844 4666 apud
1878 4610 2003 4660 nos.
2045 4615 2065 4648 ι
2097 4595 2162 4650 Et

2273 4595 2662 4666 ἐπιγράφεται,
2692 4613 2712 4648 ι
2749 4595 2845 4659 Εἰς
2877 4594 2939 4648 τὸ
2971 4593 3122 4657 τέλος
3153 4592 3210 4644 ὲν
3244 4589 3456 4662 ὕμνοις,
3489 4587 3760 4648 συνέσεως
3782 4578 3853 4650 τῷ

585 4704 653 4743 Lv
684 4687 983 4757 inscriptus
1023 4694 1108 4742 est
1136 4704 1150 4741 :
1187 4704 1206 4738 ι
1245 4685 1480 4753 Quando
1511 4696 1809 4743 tenuerunt
1838 4703 1973 4744 eum
2007 4689 2162 4744 Allo-

584 4780 732 4852 phyli
766 4781 821 4835 in
855 4779 1016 4835 Geth.
1048 4798 1067 4831 ι
1097 4779 1233 4834 Illud
1256 4789 1440 4834 autem
1471 4778 1787 4850 Regnorum
1811 4782 2164 4852 scripturain

586 4883 864 4944 postrema
897 4873 1143 4930 historia:
1167 4881 1323 4944 parte
1372 4873 1607 4943 reponit.
1634 4870 1827 4930 Viden’
1862 4889 1982 4944 quo.
2003 4883 2167 4945 pacto

587 4967 764 5038 prima
792 4975 1092 5038 postrema,
1125 4977 1178 5023 et
1213 4975 1492 5037 postrema
1517 4967 1692 5037 prima
1719 4967 2169 5025 constituantur?

584 5058 742 5124 Quod
792 5058 840 5112 si
889 5059 1193 5114 secundum
1239 5067 1548 5129 temporum
1578 5061 1778 5116 seriem
1803 5060 1998 5132 digesti
2035 5061 2170 5119 fuis-

583 5160 727 5214 sent,
755 5151 968 5222 primus
996 5151 1320 5208 statuendus
1335 5159 1454 5209 erat
1475 5167 1628 5218 LVIII,
1659 5154 1936 5212 secundus
1969 5171 2168 5222 xxxiii,

585 5243 785 5325 tertius
826 5243 1027 5300 deinde
1062 5259 1176 5308 Lvt,
1235 5254 1467 5315 quartus
1514 5259 1591 5308 LI.
1651 5253 1708 5300 et
1766 5255 2170 5318 consequenter

584 5336 811 5405 quintus
845 5352 979 5401 an,
1004 5347 1198 5393 sextus
1220 5351 1340 5402 ιιιι,
1369 5352 1433 5392 ac
1459 5344 1775 5408 postremus
1798 5340 2042 5395 omnium
2079 5357 2164 5396 LV.

585 5430 717 5485 Post
747 5439 980 5486 mortem
1012 5446 1142 5486 vero
1173 5427 1361 5486 Saulis
1391 5430 1626 5500 primum
1668 5432 1858 5503 psallit
1887 5447 2001 5497 LIX,
2037 5449 2165 5490 cum

587 5523 862 5593 percussit
889 5521 1026 5578 Joab
1053 5522 1251 5576 vallem
1285 5518 1622 5587 Salinarum,
1659 5523 1914 5594 cepitque
1965 5524 2168 5580 duode-

585 5616 692 5672 cim
727 5618 896 5672 millia
925 5617 1208 5672 hominum
1242 5614 1642 5684 Moabitarum;
1679 5634 1698 5668 ›
1733 5632 1765 5671 ι.
1791 5633 1921 5674 vero
1944 5627 2154 5689 postea,

661 5773 706 5802 ⁷⁸
745 5771 923 5839 ΙΙίοις.
964 5785 1131 5837 xxm,
1172 5771 1352 5827 “.15.
1428 5773 1474 5806 ἰο
1515 5772 1534 5827 l
1571 5771 1699 5848 Reg.
1736 5788 1886 5841 nit,
1923 5776 1971 5829 1.

661 5865 738 5934 (ι)
779 5863 952 5920 Graec.
987 5872 1039 5921 et
1067 5865 1537 5940 Vulg.'_ldu_ma'a'.

2273 4689 2458 4756 Δαυῒδ,
2504 4691 2564 4743 ὲν
2612 4688 2690 4761 τῷ
2732 4687 2905 4742 ἐλθεῖν
2947 4687 3075 4751 τοὺς
3124 4685 3402 4755 Ζιφαίους,
3445 4683 3540 4736 καὶ
3576 4681 3751 4734 εἰπεῖν
3782 4673 3854 4744 τῷ

2273 4781 2464 4836 Σαούλο
2511 4783 2640 4836 Ἰδοὺ
2673 4781 2836 4836 Δαυῖδ
2864 4781 3171 4852 κέκρυπται
3205 4779 3331 4850 παρ’
3357 4778 3512 4846 ἡμῖν.
3555 4793 3573 4825 ι
3603 4774 3713 4826 Καὶ
3739 4773 3767 4824 6
3786 4772 3851 4820 vs'

2275 4875 2698 4948 ἐπιγέγραπται·
2735 4893 2755 4928 ι
2796 4875 2928 4928 Ὅτε
2961 4874 3272 4946 ἐκράτησαν
3299 4868 3461 4924 αὐτὸν
3489 4869 3538 4920 οἱ
3572 4862 3851 4934 ἀλλόφυλοι

2275 4970 2333 5024 ὲν
2351 4968 2505 5022 Γέθ.»
2535 4965 2707 5022 Τοῦτο
2730 4967 2788 5021 δὲ
2817 4965 2975 5039 ἡτῶν
2991 4962 3290 5018 Βασιλειῶν
3317 4961 3504 5032 γραφὴ
3531 4961 3588 5012 ὲν
3613 4956 3850 5028 ὑπέροις

2273 5058 2458 5131 τίθησι
2484 5060 2585 5131 τῆς
2619 5059 2887 5132 ἱστορίας.
2928 5057 3093 5128 Ὁρᾷς
3132 5057 3280 5118 ὅπως
3306 5053 3377 5107 τὰ
3407 5053 3602 5122 πρῶτα
3633 5049 3849 5121 ὕστερα,

2275 5154 2371 5209 καὶ
2401 5153 2473 5208 τά
2504 5153 2708 5226 ὕστερα
2740 5153 2932 5226 πρῶτα
2962 5150 3222 5206 τέτακται
3243 5167 3258 5217 ;
3283 5149 3358 5212 ὡς
3386 5149 3434 5200 εί
3462 5144 3606 5200 κατά
3631 5143 3847 5197 ἀκολου-

2275 5248 2398 5303 θίαν
2423 5248 2532 5302 τῶν
2558 5249 2766 5322 χρόνων
2798 5245 3027 5312 τέθειτο,
3073 5245 3290 5318 πρῶτος
3332 5243 3398 5297 ἂν
3437 5241 3669 5295 τέτακτο
3695 5242 3724 5293 6
3754 5242 3848 5308 v.17,

2273 5343 2403 5414 ἑξῆς
2437 5341 2612 5412 τούτῳ
2646 5343 2674 5394 6
2697 5341 2800 5410 λγ’,
2835 5340 2931 5394 καὶ
2957 5339 3141 5412 τρίτος
3175 5337 3270 5392 καὶ
3296 5335 3434 5408 μετά
3461 5333 3666 5388 τούτων
3693 5335 3721 5385 6
3747 5328 3846 5395 νς’,

2273 5434 2368 5488 καὶ
2390 5433 2602 5497 τούτοις
2633 5431 2892 5504 τέταρτος
2915 5433 2944 5486 6
2965 5438 3068 5495 ναν,
3104 5426 3202 5484 εἶτ’
3225 5427 3534 5490 ἀκολούθως
3558 5426 3803 5497 πέμπτος
3825 5421 3850 5474 6

2271 5527 2372 5595 ξδ’,
2405 5527 2500 5582 καὶ
2536 5528 2693 5592 ἕκτος
2721 5528 2750 5580 6
2774 5534 2876 5598 νγ¹,
2908 5529 3002 5582 καὶ
3039 5526 3178 5599 μετά
3207 5526 3416 5587 πάντας
3444 5521 3671 5585 τούτους
3701 5519 3732 5572 6
3764 5523 3845 5574 γε’.

2264 5620 2418 5676 Μετά
2459 5621 2516 5676 δὲ
2555 5621 2648 5676 τὸν
2691 5619 2920 5677 θάνατον
2965 5620 3060 5676 τοῦ
3099 5619 3273 5676 Σαοὺλ
3308 5617 3524 5690 πρῶτον
3556 5615 3748 5684 ψάλλει
3769 5611 3849 5670 τὸν
