4100 6442
261 400 359 457 801

1378 387 1882 448 COMMENTARIA
1919 390 1986 448 IN
2019 387 2359 446 PSALMOS.

3405 387 3511 443 602

257 518 358 582 νθν,
388 515 550 588 ἡνίκα
581 513 852 578 ἐπάταξεν
895 510 1052 566 Ἰωάϐ
1079 511 1178 581 τὴν
1207 509 1467 580 φάραγγα
1494 508 1604 562 τῶν
1639 509 1831 573 Ἀλῶν,

1940 529 1960 564 ι
1994 509 2216 580 quando
2245 509 2394 563 venit
2437 509 2505 563 ad
2541 508 2718 578 ipsum
2771 507 2984 564 Natlian
3017 509 3304 584 propheta,
3356 523 3507 580 post-

258 609 357 664 καὶ
397 605 738 677 ὑποχειρίους
778 599 888 658 εἷλε
937 605 1061 668 τοὺς
1105 601 1280 658 Μωάϐ
1327 600 1393 654 ιϐ’
1433 600 1695 671 χιλιάδας.
1731 600 1834 654 Τὸν

255 701 314 755 δὲ
336 706 380 754 V
398 717 412 730 ·
443 698 578 770 μετά
605 697 796 762 ταῦτα,
825 697 915 750 ὅτε
937 691 1069 766 ἦλθε
1097 695 1234 768 πρὸς
1259 695 1422 748 αὑτὸν
1447 692 1634 749 Ναθάν
1658 695 1688 746 6
1707 710 1836 765 προ-

257 768 644 864 φήτηςῖήνίκα
674 789 769 844 καὶ
799 787 1019 858 εἰσῆλθε
1063 785 1199 858 πρὸς
1241 784 1540 858 Βηθσαϐεέ.
1581 779 1714 838 Εἶτα
1741 783 1833 837 τὸν

253 881 438 951 τρίτον
482 878 782 940 συντάττει,
827 877 915 929 ὅτε
951 875 1343 947 ἀπεδίδρασκεν
1391 873 1498 928 ἀπὸ
1539 873 1832 945 προσώπου

271 968 622 1040 Ἀϐεσσαλὼμ
661 967 753 1023 τοῦ
786 967 902 1020 υίοῦ
943 965 1130 1020 αὑτοῦ⁸
1161 967 1255 1019 καὶ
1296 965 1436 1036 μετὰ
1475 965 1646 1018 ταῦτα
1676 965 1767 1018 τὸν
1789 964 1832 1030 ζ’

259 1064 399 1133 ὑπὲρ
425 1062 532 1116 τῶν
554 1061 728 1130 λόγων
760 1059 929 1114 Χουσὶ
959 1057 1077 1112 υίοῦ
1115 1059 1353 1128 ’Ῑεμινεί.
1386 1057 1483 1120 Τίς
1510 1052 1604 1111 οὗν
1636 1058 1737 1110 οὐκ
1766 1057 1833 1110 ἂν

256 1155 356 1225 τὴν
379 1152 583 1208 τούτων
612 1152 896 1223 ζητήσειεν
928 1150 1142 1216 αίτίαν;
1179 1150 1255 1204 Οὐ
1293 1149 1403 1222 γάρ
1435 1149 1549 1220 ἔχει
1585 1148 1742 1218 λόγον
1769 1148 1831 1202 τὸ

259 1248 336 1318 μὴ
363 1245 453 1300 διά
478 1263 630 1309 τινας
663 1243 965 1312 ἀναγκαίας
991 1242 1276 1306 ὑποθέσεις
1306 1240 1478 1296 ταῦτα
1507 1241 1694 1295 τοῦτον
1723 1241 1834 1295 δια-

252 1337 510 1408 τετάχθαι
555 1337 646 1391 τὸν
679 1337 901 1409 τρόπον.
941 1335 1132 1399 Ἀλλος
1166 1334 1263 1406 μὲν
1291 1330 1382 1389 οὖν
1411 1335 1535 1398 τοὺς
1567 1334 1834 1406 ἀριθμοὺς

253 1431 453 1495 αὐτοὺς
483 1430 724 1500 οἰήσεται
758 1429 902 1500 ἔχειν
937 1427 1061 1482 τινὰ
1091 1427 1338 1498 δύναμιν·
1373 1426 1454 1480 διὸ
1484 1426 1834 1498 καταλλήλως

252 1523 472 1593 ἑκάστῳ
513 1520 728 1592 ἀριθμῷ
756 1520 1098 1592 ὲφηρμόσθαι
1130 1519 1228 1592 τὴν
1260 1519 1496 1573 διάνοιαν
1523 1518 1630 1573 τῶν
1662 1521 1831 1591 ὲμφε-
1875 1552 1881 1558 -

255 1613 500 1684 ρομένων
519 1611 710 1680 λόγων·
741 1605 851 1663 οἷον
873 1610 951 1673 ὡς
987 1609 1082 1662 ἐπὶ
1120 1607 1562 1680 παραδείγματος
1589 1609 1617 1660 6
1645 1615 1686 1662 ν’
1715 1610 1835 1681 ἀρι-

252 1704 394 1775 θμὸς
432 1705 521 1758 τὸν
547 1703 675 1775 περὶ
694 1702 939 1771 ἀφέσεως
973 1700 1382 1772 ἁμαρτημάτων
1410 1698 1566 1768 λόγον
1590 1700 1832 1772 περιέχει

252 1796 346 1849 διὰ
369 1800 468 1866 τὴν
487 1796 546 1849 ὲν
569 1793 648 1865 τῷ
670 1794 820 1864 νόμῳ
840 1792 1146 1864 φερομένην
1168 1791 1738 1862 πεντηκονταετερίδα,
1764 1793 1832 1864 ἦν

266 1862 577 1959 ἰωϐηλαῖον
609 1862 801 1949 παῖδες.
841 1862 1109 1955 Ἐϐραίων
1142 1881 1389 1944 ἐκάλουν,
1423 1883 1481 1935 ὲν
1527 1875 1571 1950 ᾧ
1608 1862 1830 1954 ἀφέσεις
1863 1862 1904 1915 Β

249 1980 352 2034 καὶ
385 1980 756 2052 συγχωρήσεις
789 1977 1037 2047 ἐγένοντο
1067 1981 1177 2040 τοῖς
1201 1977 1640 2048 χρεωφειλέταις,
1678 1977 1829 2030 ἐλευ-

250 2071 414 2143 θερία
441 2089 503 2124 τε
533 2059 792 2134 οἰκέταις,
840 2071 936 2124 καὶ
981 2069 1113 2123 ἄλλα
1148 2070 1268 2124 τινὰ
1308 2069 1532 2123 τοιαῦτα
1572 2069 1833 2142 πράττειν

249 2160 662 2232 νενομοθέτητα
710 2159 914 2216 Τούτου
961 2160 1122 2233 χάριν
1169 2160 1268 2232 τὴν
1310 2160 1696 2234 ἐξομολόγησιν
1739 2161 1832 2214 τοῦ

250 2255 726 2327 πλημμελήματος
773 2254 912 2326 ὑπὲρ
971 2255 1370 2326 συγχωρήσεως
1431 2256 1526 2308 καὶ
1585 2254 1832 2324 ἀφέσεως

253 2347 542 2420 ἁμαρτιῶν
561 2346 639 2418 τῷ
663 2353 705 2400 ν’
723 2346 919 2418 ψαλμῷ
947 2347 1277 2419 ἐφήρμοσεν.
1307 2346 1496 2411 Οὕτως
1517 2343 1609 2402 οὖν
1631 2349 1724 2402 καὶ
1747 2351 1832 2420 ἐφ’

252 2442 473 2512 ἑκάστῳ
502 2439 700 2512 ψαλμῷ
738 2438 880 2493 κατά
920 2456 1071 2503 τινας
1110 2439 1302 2507 λόγους
1344 2441 1411 2510 τῇ
1445 2437 1554 2491 τῶν
1587 2438 1833 2511 ἀριθμῶν

249 2531 484 2604 δυνάμει
516 2532 615 2596 τὰς
650 2533 857 2596 οίκείας
885 2531 1124 2594 διανοίας
1168 2531 1309 2584 εἴποι
1356 2529 1423 2584 ἂν
1468 2529 1830 2602 ὲφηρμόσθαι.

269 2624 410 2677 Ἀλλ’
435 2627 463 2678 6
486 2625 660 2679 ταῦτα
689 2624 862 2694 λέγων
885 2623 944 2677 οὕ
975 2642 1064 2695 μοι
1089 2623 1238 2677 δοκεῖ
1265 2624 1554 2694 τυγχάνειν
1583 2623 1676 2676 τοῦ
1711 2640 1836 2676 σκο-

255 2716 385 2770 ποῦσ
417 2717 634 2789 πρῶτον
679 2719 776 2789 μὲν
815 2717 896 2770 ὅτι
935 2717 1056 2770 οὐδὲ
1103 2717 1238 2780 ὅλως
1281 2716 1511 2789 ἀριθμός
1554 2734 1638 2781 τις
1681 2718 1739 2770 ὲν
1766 2719 1832 2788 τῇ

272 2810 534 2880 Ἑϐραῖκῇ
572 2809 736 2882 βίϐλῳ
771 2810 878 2864 τῶν
907 2809 1152 2881 Ψαλμῶν
1182 2809 1425 2882 φέρεται’
1472 2809 1600 2863 ἄνευ
1644 2809 1702 2862 δὲ
1737 2808 1836 2880 τῆς

255 2901 352 2955 τοῦ
385 2901 618 2974 ἀριθμοῦ
648 2902 965 2974 προσθήκης
988 2903 1396 2974 ἀνεγράφησαν·
1424 2898 1524 2956 εἷθ’
1543 2903 1624 2956 ὅτι
1651 2902 1838 2971 διαφό-

263 3014 374 3068 ρως
401 2999 454 3048 oi‘
469 2996 565 3067 μὲν
590 2997 696 3050 εἰσὶ
725 2998 1080 3069 συνημμένοι,
1115 3000 1163 3052 οί
1184 2997 1240 3051 δὲ
1265 2997 1602 3070 διῃρημένοι.
1628 2995 1837 3050 Λύτίκα

260 3086 392 3156 γοῦν
425 3089 455 3142 6
491 3087 706 3159 πρῶτος
745 3089 841 3142 καὶ
873 3089 902 3140 ὁ
945 3087 1197 3161 δεύτερος
1230 3087 1372 3142 κατὰ
1402 3087 1502 3164 τὴν
1529 3087 1704 3160 ἀρχὴν
1735 3087 1835 3158 τῆς

1935 619 2098 674 quam
2140 603 2427 672 ingressus
2450 612 2536 657 est
2564 604 2630 657 ad
2669 603 2956 659 Bersabee.
2994 624 3014 657 ι
3050 603 3254 659 Deinde
3279 605 3503 658 tertium

1934 692 2264 762 composuit,
2324 710 2343 744 ι
2397 707 2521 747 cum
2573 692 2786 764 aufugit
2825 708 2855 746 a
2907 693 3047 748 facie
3095 693 3353 748 Absalom
3410 691 3506 746 ﬁlii

1934 784 2063 849 sui;
2105 804 2123 837 ι
2164 785 2268 840 sub
2297 783 2412 839 hac
2448 786 2736 854 septimum
2785 804 2805 836 ι
2854 800 2954 855 pro
2981 785 3164 841 verbis
3204 785 3373 840 Cliusi
3411 784 3506 838 ﬁlii

1932 875 2153 932 Jemini.
2189 896 2206 928 ι
2233 875 2370 942 Quis
2401 877 2597 931 borum
2628 891 2852 931 causam
2887 893 2999 932 non
3027 877 3350 946 perquirat?
3386 875 3506 930 Non

1932 969 2078 1024 enim
2114 968 2313 1022 rationi
2351 977 2784 1023 consentaneum
2807 975 2974 1032 esset,
3002 969 3120 1024 sine
3155 969 3264 1024 ulla
3315 983 3509 1023 neces-

1933 1059 2081 1115 saria
2110 1074 2280 1115 causa
2303 1059 2418 1114 haec
2443 1060 2538 1114 tali
2570 1059 2733 1114 modo
2754 1059 3008 1115 ordinata
3029 1060 3221 1117 fuisse.
3258 1059 3376 1116 Erit
3405 1060 3510 1115 for-

1934 1160 2082 1234 tasse
2105 1152 2198 1222 qui
2226 1168 2486 1208 numeros
2511 1152 2660 1222 ipsos
2693 1153 2802 1208 vim
2838 1153 3078 1224 aliquam
3105 1154 3307 1210 habere
3330 1161 3505 1224 putet;

1933 1245 2167 1316 ideoque
2201 1245 2434 1316 singulis
2466 1245 2712 1301 numeris
2742 1256 3138 1316 congruentem
3175 1247 3352 1318 aptari
3384 1262 3508 1304 ver-

1932 1336 2126 1391 borum
2178 1336 2543 1400 sententiam;
2595 1335 2831 1408 exempli
2867 1351 3058 1401 causa,
3094 1339 3514 1410 quinquagena-

1934 1430 2050 1484 rius
2103 1443 2364 1484 numerus
2418 1428 2762 1484 remissionis
2826 1437 3174 1501 peccatorum
3237 1431 3504 1486 rationem

1931 1519 2198 1584 continet,
2223 1519 2294 1573 ob
2319 1518 2836 1588 quinquagesimum
2880 1519 3030 1574 illum
3069 1535 3272 1576 annum
3303 1521 3358 1576 in
3389 1522 3508 1594 lege

1932 1619 2322 1674 memoratum,
2355 1610 2640 1681 jubilznum
2673 1611 2742 1666 ab
2775 1609 3020 1668 Hebraeis
3037 1612 3225 1668 vocari
3252 1614 3502 1679 solitum,

1932 1720 2040 1774 quo
2064 1702 2418 1758 remissiones
2443 1703 2940 1774 concessionesque
2959 1703 3302 1760 debitoribus
3323 1715 3502 1772 erant,

1936 1797 2156 1852 libertas
2187 1794 2430 1858 famulis.
2465 1801 2518 1850 et
2547 1795 2748 1850 similia
2772 1795 3021 1866 quaedam
3043 1796 3128 1866 agi
3160 1797 3276 1868 lege
3296 1797 3508 1853 constir

1935 1896 2111 1942 tutum
2137 1895 2278 1942 erat.
2312 1884 2485 1955 Cujus
2525 1885 2603 1940 rei
2630 1885 2805 1956 gratia
2835 1883 3240 1940 confessionem
3280 1885 3508 1940 sceleris

1935 1995 2033 2050 pro
2083 1979 2245 2034 venia
2297 1985 2352 2034 et
2399 1977 2726 2032 remissione
2777 1985 3131 2048 peccatorum
3175 1977 3509 2048 quinquage-

1933 2073 2072 2128 simo
2095 2070 2307 2140 psalmo
2338 2069 2630 2139 aptaverit.
2685 2067 2778 2124 Sic
2823 2068 2993 2139 igitur
3038 2068 3128 2124 ille
3160 2068 3392 2140 singulis
3449 2069 3508 2122 in

1934 2163 2182 2235 psalmis,
2213 2161 2515 2217 secundum
2542 2160 2811 2232 quasdam
2857 2162 3121 2228 rationes,
3153 2176 3506 2216 numerorum

1936 2257 2124 2311 virtuti
2153 2253 2484 2310 sententiam
2532 2254 2810 2325 propriam
2848 2252 3253 2308 accommodari
3283 2253 3503 2309 dixerit.

1932 2352 2001 2404 At
2051 2349 2143 2419 qui
2195 2351 2325 2404 talia
2357 2349 2524 2414 dicat,
2569 2364 2680 2402 non
2714 2346 2930 2402 videtur
2966 2345 3099 2400 mihi
3147 2360 3376 2416 scopum
3424 2352 3509 2400 αισι

1935 2442 2140 2512 tingere
2174 2461 2188 2498 :
2222 2443 2400 2513 primo
2421 2441 2640 2513 quidem
2671 2438 2816 2512 quod
2849 2438 3035 2495 nullus
3063 2439 3289 2493 omnino
3314 2451 3512 2492 nume-

1935 2549 2030 2588 rus
2071 2535 2124 2589 in
2155 2533 2426 2590 Hebraico
2475 2533 2822 2589 Psalmorum
2871 2531 3014 2585 libro
3065 2529 3302 2597 feratur;
3335 2529 3431 2587 sed
3470 2529 3510 2584 ii

1935 2629 2088 2682 nullo
2112 2627 2302 2683 addito
2333 2641 2564 2683 numero
2589 2625 3004 2680 inscribantur:
3035 2623 3235 2680 deinde
3263 2610 3393 2694 quia
3423 2622 3510 2678 di-

1935 2736 2092 2776 verso
2121 2719 2286 2775 modo
2326 2719 2405 2774 illi
2452 2719 2541 2774 vel
2589 2715 2850 2787 disiuncti
2885 2717 2969 2772 vel
3020 2716 3302 2786 conjuncti
3356 2723 3506 2770 sunt.

1935 2811 2071 2868 Nam
2096 2812 2181 2868 vel
2205 2812 2275 2868 ab
2302 2811 2422 2882 ipso
2456 2809 2616 2866 initio
2653 2810 2869 2880 primus
2895 2815 2949 2863 et
2993 2807 3270 2863 secundus
3307 2807 3364 2862 in
3410 2803 3513 2862 He-

1936 2902 2126 2957 braico
2147 2900 2448 2969 exemplari
2485 2898 2727 2971 copulati
2758 2905 2888 2955 sunt
2922 2916 2935 2953 :
2972 2912 3305 2966 rursumque
3329 2911 3511 2951 nonus

1937 2993 2030 3064 qui
2072 2993 2402 3064 conjunctus
2444 2991 2501 3045 in
2534 2999 2748 3058 nostro,
2777 2989 2832 3043 in
2873 2987 3144 3044 llebraico
3194 2987 3406 3042 divisus
3453 2987 3511 3042 in

1937 3081 2077 3137 duos
2126 3089 2230 3137 est.
2285 3079 2569 3150 Totusque
2600 3077 2950 3134 Psalmorum
2999 3077 3157 3140 liber,
3209 3085 3269 3131 ut
3302 3075 3510 3132 dictum

261 3180 447 3251 βίϐλου
469 3181 801 3252 συνημμένοι
825 3182 932 3234 είσὶ
961 3181 1103 3235 κατά
1123 3181 1184 3234 τὸ
1218 3180 1522 3252 Ἑϐραῖκόνο
1554 3180 1648 3234 καὶ
1673 3179 1835 3234 πάλιν

1939 3171 2215 3240 superius,
2265 3171 2320 3225 in
2353 3171 2595 3240 quinque
2627 3178 2813 3240 partes
2843 3167 3172 3223 distributus
3221 3177 3326 3222 est.
3381 3167 3519 3235 Qua:

258 3274 288 3325 6
316 3273 362 3326 θ’
393 3273 735 3344 συνημμένος
767 3274 895 3344 παρ’
923 3274 1052 3345 ἡμῖν
1086 3271 1247 3344 ὲνςτῷ
1286 3271 1558 3344 Ἑϐραῖκῷ
1581 3271 1833 3344 διῄρηται

257 3369 340 3430 εἰς
359 3366 468 3422 δύο.
490 3368 601 3422 Καὶ
628 3369 777 3422 πᾶσα
797 3368 854 3421 δὲ
879 3369 912 3438 ή
935 3366 1043 3421 τῶν
1059 3365 1304 3438 Ψαλμῶν
1331 3365 1509 3436 βίϐλος
1531 3367 1611 3429 είς
1635 3366 1774 3437 μέρη
1794 3370 1843 3418 ει

256 3459 534 3532 διῄρηται,
576 3459 758 3523 καθὼς
802 3460 902 3530 ἤδη
953 3459 1218 3530 πρότερον
1259 3456 1496 3529 εἴρηται.
1535 3450 1634 3509 Ὧν
1663 3455 1834 3520 οὕτως

257 3548 514 3619 ἐχόντων,
575 3549 826 3618 σχολάζοι
873 3548 937 3602 ἂν
989 3550 1022 3620 ἡ
1067 3547 1427 3621 προλεχθεῖσα
1457 3546 1564 3600 τῶν
1589 3546 1835 3618 ἀριθμῶν

259 3641 484 3711 θεωρία.
519 3641 676 3694 Ποῖον
707 3640 764 3693 δὲ
796 3639 891 3694 καὶ
921 3638 1076 3708 λόγον
1119 3639 1261 3692 εἴποι
1295 3639 1358 3694 ἀν
1391 3655 1476 3701 τις
1517 3637 1683 3707 ἔχειν,
1716 3637 1836 3708 φέρ’

259 3737 459 3798 εἰπεῖν,
490 3733 582 3787 τοῦ
605 3732 742 3805 μετά
769 3735 955 3803 χεῖρας
974 3729 1209 3802 ψαλμοῦ,
1240 3730 1384 3799 λέγω
1413 3729 1470 3783 δὲ
1499 3729 1594 3783 τοῦ
1621 3728 1717 3794 ξϐν,
1738 3727 1848 3800 τὴν-

256 3825 497 3878 διάνοιαν
519 3825 654 3895 πρὸς
674 3823 765 3877 τὸν
785 3823 985 3876 τοιόνδε
1009 3821 1242 3894 ἀριθμὸν
1263 3821 1647 3893 ἐφαρμόττειν,
1676 3818 1710 3890 ἢ
1728 3819 1838 3872 τῶν

257 3919 350 3985 ἐφ’
378 3915 591 3988 ἑκάστῳ
631 3914 740 3969 τῶν
781 3921 856 3988 ρν¹
903 3911 1152 3986 ἀριθμῶν
1183 3913 1314 3966 ἴδιον
1346 3911 1688 3984 ἀφοριεῖσθαι
1715 3909 1846 3964 νοῦν.

259 4012 609 4082 προσήκοντα
652 4009 730 4088 τῷ
769 4007 976 4080 τοιῷδε,
1012 4008 1046 4080 ἢ
1079 4007 1157 4079 τῷ
1184 4005 1371 4076 τοιῷδε
1405 4003 1660 4077 ἀριθμῷ;
1703 4002 1837 4058 ἀλλά

255 4103 435 4158 ταῦτα
490 4102 587 4174 μὲν
639 4103 745 4174 ὅπη
795 4119 880 4166 τις
935 4099 1107 4155 ἐθέλοι
1150 4098 1560 4171 παραδεχέσθω.
1609 4095 1750 4166 Ἐγὼ
1781 4097 1839 4150 δὲ

255 4196 503 4268 ἡγοῦμαι
545 4195 646 4266 τῆς
694 4193 802 4248 τῶν
858 4192 1326 4265 ἐγγεγραμμένων
1372 4191 1610 4256 διανοίας
1654 4191 1840 4245 ἕνεκεν

261 4289 463 4360 ἑφεξῆς
492 4287 734 4359 ἀλλήλων
763 4287 890 4350 τοὺς
917 4285 1163 4358 ψαλμοὺς
1199 4285 1412 4339 κεῖσθαι
1442 4285 1582 4339 κατά
1611 4285 1672 4336 τὸ
1691 4284 1841 4338 πλεῖ-

261 4395 410 4445 στον,
433 4379 603 4443 οὕτως
632 4380 689 4432 ὲν
713 4377 928 4439 πολλοῖς
951 4377 1289 4448 ἐπιτηρήσας
1311 4377 1405 4430 καὶ
1429 4374 1621 4448 εὑρών⁹
1645 4375 1724 4428 διὸ
1747 4375 1841 4428 καὶ

264 4471 536 4542 συνῆφθαι
561 4471 758 4533 αὐτοὺς
779 4469 978 4523 ὡσανεὶ
999 4468 1318 4536 συγγένειαν
1344 4467 1566 4538 ἔχοντας
1589 4466 1684 4520 καὶ
1710 4466 1840 4519 ἀκο-

1940 3279 2065 3319 cum
2117 3263 2192 3318 ita
2222 3263 2564 3330 seihabeant,
2599 3271 2756 3318 vacet
2789 3261 3035 3332 profecto
3075 3260 3397 3332 inutilisque
3438 3260 3514 3318 sit

1943 3355 2198 3428 praedicta
2228 3369 2584 3410 numerorum
2630 3353 3020 3410 consideratio.
3053 3351 3258 3423 Ecqua,
3294 3354 3509 3418 amabo,

1943 3448 2083 3502 ratio
2125 3446 2327 3514 fuerit,
2378 3445 2615 3516 exempli
2666 3459 2859 3510 causa,
2893 3445 3201 3515 praesentis,
3251 3445 3510 3501 nimirum

1943 3554 2053 3593 Lm
2103 3537 2300 3609 psalmi
2349 3538 2704 3604 sententiam,
2757 3552 2882 3593 cum
2915 3537 3233 3606 huiusmodi
3284 3551 3515 3592 numero

1941 3637 2197 3700 coaptare
2219 3647 2244 3697 ;,
2266 3629 2361 3686 vel
2389 3629 2442 3683 in
2471 3628 2708 3698 singulis
2751 3642 2817 3682 cr.
2868 3623 3116 3684 numeris
3149 3628 3426 3699 propriam
3459 3635 3512 3683 et

1942 3731 2329 3792 congruentem
2369 3720 2466 3776 tali
2509 3720 2596 3776 vel
2623 3719 2718 3774 tali
2749 3735 2979 3774 numero
3005 3731 3242 3775 mentem
3265 3721 3513 3790 assigna-

1944 3815 2042 3871 re?
2074 3813 2189 3870 Sed
2216 3814 2333 3869 hzee
2378 3813 2599 3884 quidem
2640 3812 2872 3868 arbitrio
2911 3827 3014 3867 suo
3042 3812 3225 3881 quivis
3255 3812 3512 3882 accipiat.

1943 3908 2055 3980 Ego
2078 3923 2208 3964 vero
2235 3907 2476 3963 arbitror
2516 3921 2618 3977 pro
2653 3905 2939 3962 sententia:
2981 3905 3194 3959 ratione
3238 3911 3292 3959 et
3323 3903 3512 3964 simili-
3555 3901 3560 3906 ’

1945 4001 2157 4067 tudine,
2190 4000 2435 4072 psalmos
2464 4006 2524 4054 ut
2576 3999 2873 4070 plurimum
2902 3996 3149 4068 digestos
3190 4011 3335 4059 esse,
3387 3994 3516 4066 quia

1947 4093 2048 4148 hoc
2096 4093 2154 4147 in
2198 4090 2388 4146 multis
2437 4089 2787 4146 observatum
2821 4087 3065 4157 comperi
3109 4106 3123 4142 :
3160 4084 3395 4156 ideoque
3425 4101 3514 4139 or-

1947 4187 2076 4242 dine
2096 4185 2427 4254 conjunctos
2451 4197 2577 4240 esse
2601 4182 2696 4254 qui
2727 4180 3039 4237 afﬁnitatem
3069 4188 3123 4236 et
3170 4195 3513 4250 consequen-

1943 4279 2076 4332 tiam
2100 4275 2334 4331 invicem
2374 4273 2701 4345 przeferrent
2733 4289 2746 4325 :
2783 4269 3022 4339 indeque
3053 4283 3164 4324 non
3191 4283 3291 4339 pro
3313 4275 3515 4338 tempo-

1944 4368 2020 4424 ris
2047 4367 2281 4430 ratione,
2317 4363 2412 4420 sed
2446 4378 2549 4434 pro
2571 4361 2846 4418 sententia
2875 4360 2931 4414 in
2965 4359 3108 4417 serie
3149 4358 3302 4416 ferri.
3350 4359 3518 4430 quue

1940 4457 2053 4527 jam
2095 4455 2362 4527 superius
2396 4459 2892 4510 commonstratum
2922 4459 3030 4520 est,
3077 4466 3200 4507 cum
3232 4466 3299 4507 ex
3329 4451 3517 4508 multis

259 4541 483 4619 λουθίαν
510 4563 646 4636 πρὸς
674 4561 956 4635 ἀλλήλους.
993 4560 1186 4613 Ἔνθεν
1212 4559 1447 4630 μὴκατά
1467 4559 1590 4621 τοὺς
1617 4557 1839 4628 χρόνους

1946 4549 2092 4612 aliis,
2127 4555 2240 4602 tum
2272 4546 2510 4601 maxime
2538 4561 2570 4600 a
2611 4559 2700 4598 xu
2755 4543 2831 4598 ad
2869 4543 3408 4615 quinquagesimum,
3460 4541 3516 4596 in

261 4653 622 4724 ὲμφέρεσθαι,
649 4652 784 4706 ἀλλά
815 4650 956 4704 κατά
980 4651 1080 4721 τὴν
1110 4650 1210 4720 τῆς
1237 4649 1474 4712 διανοίας
1496 4647 1843 4706 ἀκολουθίαν.

262 4746 546 4799 Δέδεικται
574 4744 630 4798 δὲ
663 4744 820 4798 τοῦτο
851 4744 950 4816 ἤδη
988 4742 1251 4814 πρότερον
1289 4743 1385 4798 καὶ
1432 4740 1538 4794 ἀπὸ
1580 4739 1838 4794 πλειόνων

269 4839 367 4909 μὲν
389 4838 612 4908 ἑτέρων,
650 4837 882 4908 μάλιστα
913 4836 968 4889 δὲ
1001 4834 1112 4889 ἀπὸ
1137 4832 1230 4893 τοῦ
1261 4839 1350 4904 μα’
1374 4832 1536 4906 μέχρι
1562 4831 1655 4886 τοῦ
1685 4839 1750 4900 ν’,
1782 4833 1848 4892 ἐν

237 4917 346 4994 ὀἷς
395 4929 789 4992 ἀποδεικτικῶς
840 4928 1266 5001 παρεστήσαμεν
1315 4925 1444 4990 τοὺς
1504 4925 1600 4997 μὲν
1654 4927 1841 4994 ἐπιγε-

267 5023 616 5094 γραμμένους
651 5023 757 5076 τῶν
787 5022 917 5074 υἱῶν
949 5021 1092 5093 Κορὲ
1134 5019 1336 5092 πολλὴν
1381 5017 1575 5083 σώζειν
1615 5017 1840 5072 ἀκολου-

267 5117 388 5170 θίαν
418 5115 553 5186 πρὸς
585 5114 676 5168 τὸν
709 5113 832 5168 νοῦν
863 5113 954 5167 τὸν
981 5112 1040 5178 ἐξ
1068 5113 1246 5167 αὐτῶν
1272 5111 1620 5184 δηλούμενον
1645 5109 1842 5181 ἑφεξῆς

264 5209 324 5263 δὲ
348 5207 558 5270 τούτοις
591 5206 841 5277 κείμενον
871 5206 962 5258 τὸν
991 5205 1085 5258 τοῦ
1129 5203 1302 5274 Ἀσάφ
1329 5205 1422 5259 καὶ
1447 5203 1608 5258 πάλιν
1638 5203 1850 5257 τούτων.

267 5298 620 5371 συνημμένην
647 5297 741 5350 τοῦ
768 5295 930 5349 Δαυῖδ
956 5295 1055 5367 τὴν
1083 5295 1468 5366 ἐξομολόγησιν
1490 5295 1590 5366 τὴν
1618 5295 1676 5347 ἐν
1695 5292 1774 5364 τῷ
1797 5291 1843 5346 ν’

268 5391 595 5464 φερομένην,
626 5387 882 5443 ἀϐίαστον
913 5388 1012 5458 τὴν
1054 5385 1408 5440 ἀποδοθεῖσαν
1443 5387 1575 5456 ἡμῖν
1607 5384 1838 5454 θεωρίαν

273 5484 552 5555 παρέχειν.
581 5482 696 5536 Μία
725 5480 824 5552 μὲν
856 5473 948 5533 οὖν
981 5477 1117 5550 αὕτη
1149 5479 1183 5549 ἡ
1217 5477 1385 5542 αἰτία,
1415 5476 1491 5540 ὡς
1522 5475 1644 5546 ἐμοὶ
1673 5476 1840 5537 δοκεῖ,

266 5578 368 5645 τῆς
408 5573 726 5637 ἀκολουθίας
767 5571 963 5642 γένοιτ’
994 5570 1060 5624 ἂν
1083 5569 1192 5623 τῶν
1222 5569 1472 5644 ψαλμῶν·
1504 5568 1611 5639 ἔχω
1647 5567 1704 5621 δὲ
1751 5568 1844 5620 καὶ

269 5666 436 5737 ἀλλην
468 5669 662 5720 εἰπεῖν.
709 5666 784 5734 (ll
820 5663 1024 5733 Πολλῆς
1055 5661 1163 5732 γάρ
1194 5661 1636 5731 είδωλολατρείας
1669 5677 1839 5712 κατα-

273 5755 629 5828 κρατησάσης
661 5754 754 5809 τοῦ
797 5753 1065 5808 Ἰουδαίων
1098 5752 1304 5814 ἔθνους,
1333 5750 1502 5822 λήθην
1530 5750 1726 5813 αὐτοὺς
1750 5766 1846 5801 πε-

355 5875 433 5946 (Ι)
464 5873 534 5932 lis
566 5874 677 5932 fere
706 5874 906 5931 similia
937 5873 990 5928 in
1023 5871 1262 5944 prologis
1285 5886 1452 5942 supra
1485 5869 1776 5926 habentur.

1943 4641 2145 4712 quibus
2168 4639 2316 4694 clare
2339 4636 2843 4709 comprobavimus,
2866 4651 2965 4692 eos
2992 4634 3087 4706 qui
3112 4634 3344 4690 filiorum
3377 4633 3516 4690 Core

1945 4733 2192 4803 inscripti
2235 4740 2384 4798 sunt,
2429 4732 2654 4786 multam
2703 4731 2907 4786 habere
2931 4729 3077 4800 quod
3114 4728 3183 4783 ad
3209 4743 3431 4784 sensum
3463 4728 3518 4782 in

1945 4828 2014 4884 iis
2041 4826 2466 4898 deprehensum,
2501 4826 2644 4880 inter
2684 4839 2744 4880 se
2787 4822 3101 4878 aliinitatem
3137 4841 3150 4876 :
3199 4829 3519 4892 sequentem

1945 4936 2076 4976 vero
2106 4921 2200 4990 qui
2229 4919 2432 4990 Asaphi
2461 4927 2566 4982 est,
2611 4927 2668 4973 et
2705 4917 2774 4972 iis
2803 4917 3106 4972 subnexam
3153 4915 3210 4970 in
3244 4913 3521 4987 quinqua-

1947 5013 2156 5083 gesimo
2217 5009 2440 5066 Davidis
2490 5008 2921 5072 confessionem,
2981 5006 3229 5076 opinioni
3291 5015 3520 5070 nostrae,

1947 5104 2090 5174 quod
2120 5102 2327 5158 scilicet
2356 5102 2465 5156 vim
2501 5099 2707 5155 nullam
2739 5100 2906 5155 rebus
2948 5099 3171 5163 inferat,
3204 5097 3517 5168 astipulari.

1950 5193 2075 5249 lhec
2123 5208 2232 5248 una
2282 5207 2452 5248 causa
2509 5190 2698 5256 fuerit,
2751 5197 2814 5245 ut
2865 5189 3248 5260 mihiquidem
3278 5189 3519 5256 videtur,

1948 5301 2047 5340 cur
2081 5282 2276 5354 psalmi
2330 5297 2397 5338 eo
2448 5282 2640 5337 ordine
2688 5280 2852 5352 positi
2891 5279 3004 5346 sint
3058 5298 3072 5334 :
3125 5279 3287 5336 aliam
3337 5287 3519 5334 tamen

1948 5379 2192 5451 proferre
2220 5375 2544 5432 valeo.Cum
2567 5374 2740 5428 multo
2760 5372 3080 5428 idololatriae
3106 5386 3304 5440 genere
3330 5369 3520 5424 Judai-

1950 5485 2048 5524 cus
2075 5467 2310 5539 populus
2339 5465 2696 5526 detineretur,
2727 5464 2878 5532 ipsos
2910 5461 3115 5539 patrias
3147 5459 3454 5528 scripturas
3489 5475 3521 5514 c

1951 5563 2210 5618 memoria
2234 5561 2558 5617 obliterasse
2583 5565 2773 5614 narrat
2801 5535 3113 5626 Regnorum
3140 5552 3406 5618 l-istoria;
3444 5551 3521 5606 ita

1954 5662 2012 5709 ut
2044 5669 2222 5724 neque
2249 5651 2499 5707 Mosaica:
2525 5649 2660 5717 legis
2692 5649 2830 5702 liber
2863 5648 3004 5701 ultra
3030 5643 3389 5714 reperiretur,
3423 5659 3518 5695 nc-

1949 5763 2055 5827 quo
2087 5753 2328 5826 paterna:
2370 5742 2589 5824 pietatis
2617 5741 2880 5798 memoria
2917 5753 3081 5810 penes
3108 5736 3235 5794 illos
3269 5749 3518 5795 scrvare.-
