4100 6442
606 381 710 435 ϐθδ
1273 375 1540 429 EUSEBil
1579 373 2060 431 CA‘ZSAlllENSlS
2089 375 2240 432 OPP.
2283 375 2461 432 PARS
2502 375 2591 431 ΙΙΙ.
2631 407 2701 416 --
2729 372 3141 431 EXEGETICA.
3762 371 3850 428 6θὸ

606 510 715 558 tur.
760 500 850 554 Sic
902 499 1083 568 itaque
1117 497 1410 566 prophetas
1461 495 1792 565 impietatem
1823 510 1978 550 suam
2005 511 2167 551 coar-
2199 510 2225 559 Α

2234 543 2240 560 _
2273 496 2525 566 ποιῆσθαι
2552 494 2657 548 τῶν
2683 495 2926 566 πατρίων
2953 491 3177 564 γραφῶν
3195 494 3228 562 ἡ
3249 492 3350 545 τῶν
3381 489 3703 544 Βασιλειῶν
3731 490 3853 545 ἱστο-

606 606 833 665 gueutes
866 589 1262 644 interficieluant
1290 607 1302 640 :
1335 587 1537 657 quibus
1575 588 1642 642 de
1671 588 1856 642 causis
1887 589 1940 640 in
1991 589 2170 657 capti-

2278 589 2366 658 ρία
2392 587 2646 640 διδάσκει’
2674 586 2748 649 ὡς
2782 587 2913 657 μηδὲ
2931 586 3210 655 φαίνεσθαι
3235 585 3421 655 βίϐλον
3459 581 3566 634 τοῦ
3597 582 3853 648 Μωῦσέως

605 688 824 742 vitatem
859 682 1203 752 Assyriorum
1231 680 1406 748 primo
1433 679 1614 733 traditi
1639 690 1786 734 sunt.
1813 679 1956 734 Nihil
1992 681 2174 749 itaque

2274 680 2459 750 νόμου,
2505 680 2637 750 μηδὲ
2689 682 2904 750 μνήμην
2955 682 3055 749 τῆς
3101 678 3209 730 τῶν
3265 677 3538 748 πατέρων
3593 675 3857 741 εύσεῦείις

606 781 803 834 mirum
841 784 925 830 est
983 775 1037 828 in
1081 773 1174 826 tali
1209 780 1510 841 temporum
1553 771 1866 826 conditione
1899 772 2170 841 quaedam,

2276 771 2542 835 σώζεσθαι
2573 771 2699 841 παρ’
2725 772 2924 833 αὐτοῖς.
2958 769 3114 824 Οὕτω
3139 769 3266 838 γοῦν
3288 770 3379 821 καὶ
3409 768 3554 828 τοὺς
3591 768 3859 835 προφήτας

603 885 725 933 quae
765 869 818 921 in
875 866 1014 920 libro
1059 863 1400 917 Psalmorum
1452 863 1764 923 exstabant,
1815 862 1972 930 longo
2002 877 2174 914 anno-

2275 863 2505 934 ἀνῄρουν
2560 861 2932 932 διελέγχοντας
2983 861 3162 914 αὐτῶν
3213 861 3311 922 τὰς
3359 858 3737 919 δυσσεϐείας,
3782 864 3861 911 καὶ

607 973 725 1008 rum
763 953 1038 1008 curriculo
1068 951 1341 1005 oblivione
1379 950 1688 1013 obliterata,
1735 951 2025 1004 excidisse.
2061 949 2173 1004 Sub

2273 953 2476 1005 τούτων
2506 952 2669 1005 ἕνεκα
2706 953 2766 1005 τὸ
2797 952 3008 1023 πρῶτον
3039 955 3105 1022 τῇ
3135 952 3240 1003 τῶν
3279 951 3610 1021 Ἀσσυρίων
3648 949 3862 1019 παρεδό-

609 1050 721 1102 haee
754 1057 931 1100 autem
969 1045 1084 1098 sive
1118 1043 1340 1104 Esdras,
1376 1043 1492 1097 sive
1525 1043 1801 1113 quispiam
1857 1045 1996 1098 alius
2047 1061 2174 1114 pro-

2275 1045 2444 1114 θησαν
2485 1045 2848 1114 αἰχμαλωσίᾳ.
2885 1044 3050 1096 Ούδέν
3083 1040 3174 1098 οὖν
3201 1043 3530 1114 θαυμαστὸν
3562 1043 3628 1094 ἐν
3660 1043 3865 1113 τοιαύτῃ

609 1141 892 1209 phetarum
947 1137 1098 1206 ipsos
1153 1135 1444 1204 colligendi
1491 1149 1678 1187 curam
1713 1135 1976 1204 suscepit,
2011 1144 2174 1206 atque

2275 1139 2603 1192 καταστάσει
2637 1138 2864 1210 καιρῶν,
2913 1139 3006 1191 καὶ
3052 1138 3119 1191 τὰ
3161 1139 3530 1208 ἐμφερόμενα
3587 1138 3660 1204 τῇ
3718 1135 3865 1204 βίϐλῳ

608 1246 715 1284 una
744 1240 865 1283 cum
902 1229 1022 1281 aliis
1080 1226 1278 1279 librum
1335 1240 1552 1294 quoque
1587 1223 1928 1281 Psalmorum
1983 1242 2176 1281 conse-

2273 1229 2378 1282 τῶν
2403 1229 2644 1300 Ψαλμῶν
2675 1230 3129 1293 διαπεπτωκέναι,
3152 1230 3288 1300 λήθη
3323 1248 3380 1282 τε
3409 1231 3678 1300 μακροῖς
3705 1245 3867 1299 παρα-

608 1321 780 1376 cravit
809 1339 824 1374 :
855 1333 1030 1386 neque
1059 1314 1348 1369 confertim
1379 1329 1569 1369 omnes
1601 1319 1822 1385 reperit,
1861 1316 1956 1370 sed
1993 1317 2175 1371 diver-

2273 1320 2514 1375 δεδόσθαι
2549 1322 2780 1392 χρόνοις.
2815 1323 2968 1375 Μετὰ
3006 1322 3062 1375 δὲ
3095 1322 3267 1376 ταῦτα
3300 1323 3409 1375 εἴτε
3454 1321 3746 1388 Ἕσδραν,
3774 1321 3871 1372 εἴτε

609 1414 686 1468 sis
713 1409 1072 1480 temporibus.
1107 1406 1164 1460 In
1202 1407 1394 1476 primis
1439 1414 1620 1460 autem
1672 1408 1870 1461 locavit
1918 1423 2033 1470 eos,
2081 1409 2172 1478 qui

2273 1411 2394 1465 τινὰ
2428 1413 2611 1483 ἕτερον
2643 1411 2958 1483 προφητῶν,
3005 1415 3133 1484 περὶ
3163 1415 3260 1484 τὴν
3306 1411 3663 1481 συναγωγὴν
3705 1411 3871 1464 αὐτῶν

607 1505 768 1576 primi
807 1502 1010 1556 inventi
1042 1499 1256 1553 fuerant
1291 1516 1303 1551 :
1339 1497 1577 1567 hincque
1609 1497 1832 1561 factum,
1879 1506 1938 1552 ut
1992 1499 2027 1552 ii
2080 1501 2172 1569 qui

2276 1502 2684 1564 ἐσπουδακέναι,
2719 1503 2858 1572 μετά
2892 1520 2950 1555 τε
2997 1502 3104 1555 τῶν
3147 1502 3347 1556 λοιπῶν
3386 1505 3492 1557 καὶ¹
3540 1502 3655 1571 τὴν
3708 1501 3873 1570 βίϐλον

607 1595 827 1650 Davidis
851 1601 1000 1656 sunt,
1029 1608 1134 1647 non
1163 1597 1560 1659 consequenter
1589 1605 1780 1645 omnes
1809 1591 2053 1659 jaceant;
2079 1592 2172 1646 sed

2274 1591 2379 1644 τῶν
2399 1591 2642 1662 Ψαλμῶν
2667 1592 3075 1662 συναγηοχέναι,
3100 1593 3198 1646 οὐκ
3222 1592 3434 1664 ἀθρόως
3468 1592 3730 1663 εὑρόντα
3762 1592 3874 1654 sub;

607 1687 878 1746 commisti
913 1701 1035 1739 cum
1087 1685 1153 1738 iis
1185 1682 1276 1752 qui
1319 1683 1549 1736 filiorum
1583 1682 1741 1744 Core,
1771 1681 1972 1752 Asaph,
2005 1683 2174 1738 Solo-

2275 1683 2500 1746 πάντας,
2523 1682 2656 1735 ἀλλᾶ
2679 1683 2818 1735 κατά
2839 1683 3122 1752 διαφόρους
3140 1684 3380 1754 χρόνους.
3405 1683 3874 1736 Κατατάττεινδέ

607 1779 807 1838 monis,
838 1776 1060 1848 Moysis.
1086 1773 1310 1833 Etlian,
1344 1771 1562 1838 ASman,
1597 1787 1924 1841 rursumque
1957 1773 2172 1828 Davidis
2209 1844 2226 1848 _

2276 1777 2330 1826 ἐν
2347 1773 2580 1845 πρώτοις
2609 1776 2734 1838 τοὺς
2754 1773 2998 1845 πρώτους
3015 1775 3454 1845 εὑρισκομένουςο
3488 1775 3586 1828 διὸ
3609 1774 3756 1845 μηδὲ
3790 1773 3874 1830 τοῦ

607 1872 664 1926 ἰη
699 1872 838 1924 libro
865 1844 1342 1937 deprehenduntur
1361 1906 1375 1928 ,
1411 1880 1517 1918 non
1544 1857 1761 1918 ratione
1783 1866 2041 1934 temporis
2067 1882 2174 1935 quo
2209 1844 2226 1897 Ῑ

2275 1862 2434 1915 Δαυῖδ
2469 1863 2668 1933 ἐφεξῆς
2703 1863 2908 1916 κεῖσθαι
2939 1865 3065 1926 τοὺς
3102 1865 3327 1927 πάνταςσ
3363 1868 3421 1918 ἐν
3445 1866 3511 1918 δὲ
3549 1865 3642 1935 τῷ
3679 1863 3873 1934 μεταξὺ

607 1959 966 2033 primuntiati,
1004 1958 1097 2012 sed
1142 1973 1253 2032 quo
1299 1957 1497 2026 reperti
1538 1967 1687 2011 sunt.
1724 1955 1969 2028 llincque
1997 1960 2174 2012 conti-

2275 1957 2367 2009 καὶ
2399 1954 2506 2008 τῶν
2535 1955 2664 2008 υἱῶν
2695 1956 2863 2026 Κορὲ,
2910 1956 3002 2008 καὶ
3046 1955 3140 2008 τοῦ
3188 1957 3378 2025 Ἀσάφ,
3410 1959 3512 2011 καὶ
3551 1956 3876 2028 Σολομῶνος

605 2054 702 2123 git,
741 2061 797 2104 ut
826 2052 916 2121 qui
973 2057 1215 2118 tempore
1264 2049 1595 2118 posteriores
1635 2056 1811 2113 erant,
1855 2050 1980 2118 quia
2014 2050 2172 2117 primi

2273 2049 2366 2103 καὶ
2392 2049 2684 2112 Μωῦσὲως,
2710 2048 2875 2101 Αἰθάν
2916 2066 2977 2102 τε
3023 2049 3117 2102 καὶ
3160 2049 3358 2120 Αίμάν,
3412 2051 3513 2104 καὶ
3573 2050 3750 2104 πάλιν
3790 2051 3873 2104 τοῦ

605 2140 828 2209 reperti,
873 2138 1033 2208 primi
1088 2137 1315 2206 repositi
1373 2138 1519 2202 sint;
1583 2153 1647 2190 ac
1685 2139 1804 2191 vice
1858 2154 2040 2200 versa,
2077 2139 2168 2208 qui

2273 2140 2433 2194 Δαυῖδ
2465 2140 2812 2211 εὑρίσκεσθαι
2841 2142 3041 2212 ἀναμὶξ
3069 2144 3126 2195 ἐν
3151 2146 3214 2213 τῇ
3249 2143 3413 2214 βίϐλῳ
3436 2145 3873 2214 κατατεταγμέ-

606 2232 766 2301 primi
794 2233 1030 2292 fuerant,
1067 2231 1196 2300 quia
1230 2238 1353 2299 post
1384 2229 1523 2284 alios
1549 2231 1689 2283 eruti
1717 2239 1864 2292 sum.
1900 2235 2166 2301 posterio-

2273 2247 2416 2294 νους,
2452 2231 2512 2282 οὐ
2543 2228 2662 2282 καθ’
2696 2228 2791 2293 οὓς
2825 2230 3126 2303 ἐλέχθησαν
3157 2233 3400 2304 χρόνους,
3443 2233 3598 2288 ἀλλὰ
3631 2233 3764 2286 καθ’
3790 2232 3873 2295 οὓς

604 2339 718 2378 rem
768 2324 820 2376 in
872 2323 1049 2376 locum
1087 2323 1199 2376 sint
1243 2322 1552 2376 conSIituli.
1611 2322 1674 2376 Et
1732 2324 1846 2376 luec
1902 2324 2059 2376 nobis
2107 2324 2175 2376 de

2272 2320 2548 2393 εὕρηνται.
2587 2319 2778 2372 Ἔνθεν
2813 2321 3083 2392 συμϐῆναι
3123 2323 3248 2387 τοὺς
3287 2327 3398 2387 τοῖς
3433 2324 3674 2396 χρόνοις
3722 2322 3872 2378 ὑστέ-

605 2413 904 2484 ιιυωειὶοηε
948 2412 1226 2482 proposita
1276 2412 1641 2481 conjectando
1691 2414 1836 2468 dicta
1889 2415 2019 2470 sint.
2053 2413 2173 2468 1am

2276 2430 2399 2484 ρους
2427 2410 2672 2485 πρώτους
2695 2411 3022 2482 εὑρεθέντας
3056 2413 3430 2485 ἀναληφθῆναι
3455 2414 3755 2489 πρώτορς,
3787 2414 3872 2468 καὶ

603 2518 817 2576 tempus
867 2513 972 2568 est,
1014 2513 1074 2560 ut
1122 2509 1188 2560 ad
1242 2505 1388 2560 dicta
1438 2507 1601 2577 hujus
1654 2523 1818 2578 quem
1871 2514 2172 2562 tractamus

2271 2506 2396 2567 τοὺς
2413 2507 2525 2567 τοῖς
2546 2504 2757 2575 χρόνοις
2785 2505 3100 2580 προτέρους,
3135 2508 3274 2578 μετὰ
3295 2509 3468 2562 ταῦτα
3491 2511 3646 2580 εὑρη
3656 2509 3871 2578 μένους,

605 2599 798 2669 psalmi
827 2598 1170 2653 accedamus.

2268 2593 2326 2648 ἐν
2357 2595 2582 2666 δευτέρα
2613 2595 2986 2666 καταταγῆναι
3013 2597 3187 2670 χώρᾳ.
3219 2599 3402 2654 Ταῦτα
3447 2602 3553 2672 μὲν
3599 2597 3706 2653 οὖν
3731 2600 3869 2669 ’ἡμῖν

603 2695 683 2758 είς
719 2694 816 2766 τὴν
861 2694 1219 2766 πρπαθεῖσαν
1263 2695 1489 2766 ζήτησιν
1538 2695 1599 2760 ἐξ
1646 2697 1871 2751 εἰκότων
1912 2694 2167 2768 εἰρήσθω.
2212 2694 2351 2763 Ἤδη
2381 2693 2437 2746 δέ
2504 2692 2599 2746 καὶ
2639 2692 2748 2745 τῶν
2789 2692 3176 2764 ἐμφερομένων
3223 2693 3282 2746 ἐν
3327 2692 3404 2764 τῷ
3445 2693 3597 2765 μετὰ
3688 2695 3870 2763 χεῖρας

601 2787 800 2861 ψαλμῷ
827 2789 1135 2858 ἐφάψασθαι
1167 2791 1375 2862 καιρός.

672 2878 808 2932 Cum
872 2879 988 2948 pari
1041 2886 1204 2947 atque
1253 2879 1437 2934 caueri
1485 2881 1760 2952 propheta:
1804 2882 1966 2938 modo
1997 2881 2168 2936 David

2343 2873 2698 2945 Πλανώμενος
2727 2872 2889 2926 Δαυῒδ
2925 2873 3125 2944 ὁμοίως
3156 2875 3266 2936 τοῖς
3306 2873 3508 2938 λοιποῖς
3543 2877 3866 2947 προφήταις

602 2979 810 3029 erraret
833 2969 887 3022 in
917 2970 1326 3036 solitudinibus,
1370 2971 1424 3025 in
1461 2974 1763 3038 montibus,
1799 2975 1852 3028 in
1889 2975 2167 3044 speluncis

2273 2966 2330 3018 ἐν
2363 2967 2617 3038 ἐρημίαις
2651 2966 2745 3020 καὶ
2767 2966 2937 3035 ὄρεσι,
2971 2967 3063 3018 καὶ
3084 2965 3386 3037 σπηλαίοις,
3410 2968 3504 3020 καὶ
3535 2972 3676 3032 ταῖς
3709 2969 3863 3030 ὀπαῖς

601 3068 658 3116 et
709 3061 765 3116 in
814 3061 1175 3120 foraminibus
1226 3075 1418 3131 terra),
1477 3069 1811 3123 exercitatus
1867 3069 2220 3138 laboribus,(

2271 3057 2368 3127 τῆς
2395 3057 2518 3127 γῆς,
2550 3059 2661 3120 τοῖς
2688 3073 2745 3110 τε
2782 3057 2880 3126 τῆς
2916 3056 3260 3122 ἀνεξικακίας
3288 3058 3468 3121 πόνοις
3504 3059 3863 3129 ἐγγυμναζό-

601 3169 742 3224 quos
773 3154 880 3210 sibi
904 3156 1108 3210 oblivio
1135 3156 1460 3225 iniuriarum
1492 3168 1798 3228 pepererat,
1838 3161 1984 3216 hunc
2025 3175 2167 3230 quo-

2277 3165 2454 3218 μενος,
2485 3149 2579 3202 καὶ
2628 3148 2718 3202 τὸν
2770 3149 2909 3219 μετὰ
2942 3151 3128 3220 χεῖρας
3158 3143 3252 3222 ᾖδε
3295 3148 3527 3220 ψαλμὸν,
3583 3154 3660 3222 τῇ
3726 3147 3863 3203 κατὰ

602 3261 708 3317 que
741 3247 1004 3315 psalmum
1033 3247 1251 3311 cecinit,
1271 3249 1444 3303 otium
1477 3251 1810 3314 solitudinis,
1842 3253 2036 3309 divina:
2058 3253 2170 3322 phi-

2271 3241 2402 3296 Θεὸν
2431 3241 2703 3304 ἀνατιθεὶς
2723 3239 3008 3312 φιλοσοφίᾳ
3035 3240 3130 3312 τὴν
3150 3242 3240 3294 ἐπὶ
3270 3241 3369 3310 τῆς
3393 3243 3606 3314 ἐρήμου
3640 3242 3858 3313 σχολήν·

604 3337 866 3407 losophiae
897 3353 1226 3394 cousecrans
1259 3358 1272 3393 :
1303 3340 1660 3412 excitansque
1688 3357 1850 3397 suum
1902 3359 2029 3414 erga
2081 3359 2169 3400 res

2271 3335 2365 3389 καὶ
2399 3335 2488 3388 τὸν
2522 3332 2712 3386 ἐαυτοῦ
2745 3333 2874 3403 περὶ
2911 3332 2982 3386 τὰ
3025 3332 3144 3386 θεῖα
3179 3332 3354 3404 ἔρωτα
3385 3333 3702 3406 διεγείρων,
3735 3335 3863 3404 όμο-

601 3426 819 3484 divinas
855 3442 1116 3487 amorem.
1145 3428 1434 3485 confitetur
1463 3447 1522 3486 se
1554 3433 1980 3490 immortalitatis
2003 3450 2170 3504 pocu-

2270 3427 2502 3494 λογεῖται
2532 3424 2689 3496 διψῇν
2717 3423 2810 3477 τοῦ
2844 3423 2943 3494 τῆς
2981 3423 3278 3487 ἀθανασίας
3312 3425 3587 3495 πόματοςο
3619 3427 3706 3480 διὸ
3736 3425 3858 3479 ἐϐόα

606 3519 716 3580 lum
772 3518 965 3572 sitire:
1002 3534 1172 3588 quare
1229 3519 1296 3573 ad
1359 3519 1526 3577 Deum
1569 3521 1643 3576 ita
1688 3524 1934 3579 clamat:
1970 3544 1988 3576 ι
2026 3525 2168 3583 Deus

2272 3518 2407 3589 πρὸς
2451 3518 2540 3571 τὸν
2564 3516 2694 3569 Θεὸν
2723 3515 2894 3584 λέγων
2915 3530 2928 3543 °
2961 3534 2979 3565 ι
3017 3515 3074 3568 '0
3101 3514 3232 3578 Θεὸς
3264 3517 3292 3568 ό
3320 3516 3450 3579 Θεός
3478 3535 3604 3588 μου,
3641 3518 3784 3589 πρὸς
3805 3517 3859 3570 σὲ

606 3610 748 3670 Deus
779 3625 934 3664 meus
958 3650 974 3671 ,
1007 3610 1074 3663 ad
1102 3619 1154 3666 te
1176 3609 1243 3667 de
1276 3613 1393 3669 luce
1422 3615 1607 3686 vigilo.
1641 3613 1822 3670 Sitivit
1862 3617 1956 3671 tibi
1988 3619 2169 3673 anima

2269 3608 2523 3682 ὀρθρίζω.
2571 3607 2819 3678 Ἐδίψησέ
2854 3624 2935 3660 σοι
2973 3610 3006 3678 ἡ
3050 3606 3196 3679 ψυχή
3235 3626 3356 3678 μου,
3394 3609 3510 3674 πῶς
3542 3607 3744 3676 ἁπλῶς
3778 3626 3855 3662 σοι

606 3716 746 3762 mea,
769 3713 931 3770 quam
989 3700 1308 3768 simpliciter
1352 3702 1449 3758 tibi
1503 3718 1637 3758 .caro
1688 3718 1826 3758 mea.
1862 3722 1882 3756 ι
1921 3702 2027 3759 Pro
2077 3705 2170 3758 illo

2271 3704 2304 3772 ἡ
2335 3700 2469 3773 σάρξ
2505 3717 2629 3773 μου.
2662 3720 2680 3753 ι
2723 3701 2867 3753 Ἀντὶ
2897 3700 2955 3754 δὲ
2988 3699 3104 3764 τοῦ,
3135 3720 3152 3750 ι
3183 3701 3296 3766 πῶς
3324 3703 3508 3767 ἁπλῶς
3543 3721 3631 3759 σοι
3655 3707 3691 3777 ἡ
3725 3701 3856 3777 σάρξ

603 3799 810 3855 autem,
843 3811 861 3842 ‹
895 3805 1057 3861 quam
1089 3790 1407 3862 simpliciter
1439 3793 1536 3848 tibi
1569 3808 1698 3848 caro
1732 3811 1873 3857 mea,
1900 3813 1919 3846 ι
1950 3795 2168 3866 Aquila,

2273 3809 2392 3864 μου,
2434 3813 2451 3845 ι
2477 3793 2505 3844 ὁ
2540 3793 2637 3864 μὲν
2674 3791 2922 3856 Ἀκύλας,
2963 3811 2982 3843 ι
3025 3791 3259 3864 ἐπετάθη
3295 3811 3374 3847 σοι
3404 3796 3436 3865 ή
3478 3794 3617 3867 σάρξ
3671 3812 3799 3867 μου,
3829 3812 3849 3846 ι

610 3901 630 3936 ι
664 3898 905 3954 expansa
935 3890 1020 3938 est
1067 3884 1162 3938 tibi
1215 3898 1345 3938 caro
1374 3899 1515 3949 mea,
1554 3903 1573 3936 ι
1623 3885 2013 3956 interpretatus
2045 3898 2167 3954 est;

2271 3885 2641 3957 ήρμήνευσεν”
2677 3886 2706 3938 ὁ
2741 3883 2798 3936 δὲ
2826 3883 3139 3954 Σύμμαχος,
3171 3903 3188 3934 ι
3225 3885 3514 3957 ’ἱμείρεται
3549 3904 3611 3940 σε
3650 3890 3686 3960 ή
3720 3883 3853 3956 σάρξ

607 3970 973 4046 Symmachus
1003 3989 1153 4038 vero,
1194 3992 1212 4025 ι
1250 3974 1592 4045 concupiscit
1626 3983 1678 4030 te
1701 3991 1829 4032 caro
1855 3992 1971 4031 mea
1997 3993 2012 4044 ;
2042 3995 2060 4028 ι
2096 3978 2170 4032 ita

2274 3993 2406 4048 μου⁹
2448 3996 2466 4028 ι
2503 3976 2644 4029 ὥστε
2692 3975 2790 4047 οὐχ
2844 3976 2878 4046 ἠ
2919 3975 3064 4047 ψυχὴ
3107 3977 3238 4048 μόνη
3278 3977 3370 4030 τοῦ
3395 3979 3556 4033 Δαυῒδ
3589 3980 3732 4052 πρὸς
3763 3977 3850 4031 τὸν

605 4071 666 4120 ιιι
693 4080 802 4118 non
837 4065 951 4120 sola
980 4063 1197 4121 Davidis
1221 4067 1403 4120 anima
1437 4066 1504 4120 ad
1541 4064 1709 4122 Deum
1733 4066 2166 4137 expanderetur,

2267 4067 2397 4120 Θεὸν
2450 4065 2660 4132 τέτατο,
2709 4065 2844 4120 ἀλλὰ
2899 4067 2992 4119 καὶ
3035 4065 3172 4138 αὐτὴ
3216 4069 3248 4138 ἡ
3304 4069 3440 4142 σὰρξ
3469 4071 3561 4124 καὶ
3594 4071 3658 4124 τὸ
3692 4069 3851 4138 σῶμα

605 4153 699 4214 sed
728 4154 848 4223 ipsa
886 4169 1102 4224 quoque
1135 4169 1264 4208 caro
1312 4163 1364 4209 et
1407 4170 1610 4226 corpus
1636 4157 1789 4225 ejus,
1824 4164 2010 4227 utpote
2049 4159 2167 4229 qui,

2269 4157 2452 4220 αὑτοῦ,
2503 4157 2820 4226 ἁγνεύοντος
2849 4156 3046 4228 δηλαδὴ
3080 4158 3173 4211 καὶ
3207 4157 3601 4230 καθαρεύονςος
3653 4159 3746 4214 διὰ
3791 4154 3849 4209 τὸ

604 4259 728 4299 cum
757 4243 866 4298 Deo
889 4253 1132 4306 vacaret,
1166 4252 1316 4300 caste
1353 4254 1407 4300 et
1448 4262 1584 4316 pure
1608 4255 1810 4318 ageret.
1841 4247 1977 4303 lllud
2014 4263 2165 4313 vero,

2268 4249 2344 4320 τῷ
2388 4249 2506 4320 Θεῷ
2549 4247 2844 4320 σχολάζειν.
2895 4248 3004 4302 Καὶ
3049 4248 3111 4302 τὸ
3164 4249 3340 4317 λέγειν
3371 4249 3447 4314 δὲ,
3487 4269 3506 4302 ι
3550 4250 3611 4303 ὐ
3641 4249 3780 4312 Θεὸς
3817 4245 3848 4299 ὁ

609 4355 628 4387 ‹
671 4335 814 4390 Deus
848 4335 989 4391 Deus
1021 4352 1196 4398 meus.
1229 4337 1296 4392 ad
1327 4345 1383 4394 te
1414 4337 1482 4393 de
1513 4339 1636 4394 luce
1668 4340 1853 4410 vigilo,
1889 4361 1907 4394 ι
1941 4353 2166 4397 noctur-

2267 4341 2398 4406 Θεός
2431 4359 2551 4412 μου,
2581 4340 2718 4414 πρὸς
2769 4340 2830 4393 σὲ
2875 4339 3131 4412 ὀρθρίζω,
3160 4361 3178 4392 ι
3213 4343 3618 4412 παραστατικὸν
3646 4338 3718 4414 ἦν
3751 4339 3846 4408 τῆς

606 4443 686 4482 na:
711 4441 824 4481 sua:
853 4426 1102 4496 puritatis
1136 4436 1514 4499 argumentum
1537 4437 1675 4485 erat.
1714 4430 1884 4486 Nemo
1906 4433 2050 4486 enim
2069 4414 2162 4504 qui
2194 4451 2225 4510 ῃ

2223 4433 2586 4509 ,νυκτερινῆς
2632 4431 3021 4504 καθαρότητος.
3083 4431 3268 4496 Οὐδεὶς
3344 4433 3456 4505 γὰρ.
3511 4433 3568 4485 ἐν
3634 4433 3842 4491 κοίταις

603 4519 659 4574 in
688 4518 963 4575 cubilibus
989 4529 1151 4590 atque
1180 4521 1536 4590 impudicitiis
1560 4525 1799 4578 animam
1827 4539 1980 4579 suam
2013 4540 2167 4579 com-

2269 4525 2363 4578 κα)⁸
2413 4523 2720 4590 ἀσελγείαις
2785 4521 3030 4592 ρυπάνας
3105 4521 3298 4575 ἐαυτοῦ
3357 4521 3454 4590 τὴν
3516 4520 3718 4590 ψυχὴν,
3753 4516 3843 4570 καὶ

602 4611 976 4679 maculaverit,
1009 4629 1346 4683 corporeque
1382 4615 1556 4684 turpis
1597 4616 2021 4687 immundusque
2053 4617 2172 4673 fue-

2267 4615 2328 4668 τὸ
2362 4615 2522 4685 σῶμα
2558 4613 2749 4685 μιαρὸς
2797 4613 2872 4665 ῶν
2927 4613 3022 4666 καὶ
3065 4611 3406 4682 ἀκάθαρτος,
3441 4606 3550 4674 οἶός
3577 4611 3624 4663 τ’
3657 4610 3724 4664 ἂν
3753 4605 3838 4676 εἴη

601 4705 694 4767 rit,
742 4703 947 4760 talibus
995 4705 1172 4775 possit
1224 4705 1301 4759 uti
1336 4707 1583 4763 vocibus.
1617 4707 1886 4763 Caeterum
1935 4724 2167 4780 magnus

2267 4703 2366 4768 τὰς
2391 4703 2644 4765 τοιαύτας
2674 4703 2992 4771 προσίεσθαι
3019 4701 3220 4770 φωνάς.
3250 4702 3393 4771 Πλὴν
3421 4703 3450 4754 ὁ
3481 4701 3655 4770 μέγας
3681 4696 3841 4753 Δαυῖδ

603 4794 691 4848 ille
723 4793 892 4849 David
921 4795 1104 4850 ﬁdenti
1135 4797 1494 4860 conscientia,
1523 4813 1628 4851 non
1653 4798 1973 4868 simpliciter
1999 4798 2168 4854 Deum

2269 4795 2800 4866 πεπαρρησιασμένῃ
2824 4794 3124 4864 συνειδήσει
3145 4795 3241 4864 ούχ
3263 4793 3446 4858 ἁπλῶς
3466 4795 3554 4846 τὸν
3573 4794 3706 4846 Θεὸν
3722 4794 3836 4846 ἀνε-

602 4886 908 4953 invocabat,
943 4885 1154 4952 dicens,
1192 4906 1210 4938 ι
1242 4887 1423 4954 Deus;
1460 4908 1478 4939 ι
1514 4893 1607 4943 sed
1640 4889 1722 4943 bis
1739 4904 1860 4943 eum
1883 4891 2038 4959 quasi
2063 4890 2168 4945 sibi

2270 4887 2505 4951 καλεῖτο,
2550 4886 2743 4954 λέγων,
2780 4904 2798 4936 ι
2843 4887 2898 4939 '0
2923 4887 3082 4950 Θεόςο
3125 4906 3144 4938 ι
3177 4885 3426 4956 δεύτερον
3458 4886 3512 4940 δὲ
3543 4885 3618 4948 ὡς
3646 4879 3837 4939 ἐαυτοῦ

601 4979 880 5046 proprium
923 4977 1148 5031 ascribit
1183 4995 1198 5032 :
1235 4993 1404 5047 quare
1447 4977 1657 5048 adjicit,
1699 4997 1717 5029 ι
1757 4977 1899 5033 Deus
1933 4995 2104 5035 meus.
2143 4998 2162 5031 ι

2272 4979 2399 5032 ίδιον
2436 4979 2562 5032 ὅντα
2591 4979 2948 5050 ἐπεγράφετοσ
2985 4979 3064 5032 διὸ
3092 4979 3414 5051 προστίθησι
3465 4979 3706 5048 φάσκων·
3733 4997 3751 5030 ι
3782 4976 3833 5028 ’0

601 5066 808 5121 Deinde
836 5067 965 5136 quia
1011 5077 1069 5121 ut
1100 5069 1205 5122 sibi
1255 5069 1536 5138 proprium
1592 5069 1758 5124 Deum
1810 5073 2165 5140 pronuntiare

2268 5070 2398 5132 Θεός
2423 5087 2546 5140 μου.
2598 5089 2614 5119 ι
2648 5066 2758 5121 Εἶτ’
2787 5070 3079 5141 ἐπειδήπερ
3103 5071 3295 5123 ἑαυτοῦ
3322 5071 3453 5123 Θεὸν
3481 5070 3833 5142 ἀναγορεῦσαι

600 5174 768 5214 ausus
813 5169 954 5226 erat,
995 5161 1121 5216 talis
1163 5175 1330 5216 ausus
1359 5177 1582 5216 causam
1613 5163 1806 5216 edocet
1839 5163 1925 5218 his
1960 5163 2164 5228 verbis,

2268 5161 2430 5215 αὑτὸν
2462 5160 2779 5232 τετόλμηκε,
2809 5161 2909 5230 τῆς
2943 5161 3144 5232 τόλμης
3160 5161 3256 5234 τὴν
3288 5163 3462 5216 αἰτίαν
3476 5163 3715 5216 διδάσκει
3739 5161 3831 5214 λέ·-

605 5269 624 5302 ι
662 5251 742 5304 Ad
783 5259 836 5306 te
864 5251 932 5308 de
1003 5253 1124 5308 luce
1170 5252 1353 5322 vigilo.
1395 5251 1577 5306 Sitivit
1626 5253 1722 5307 tibi
1770 5254 1951 5306 anima
2003 5268 2121 5307 mea
2150 5295 2164 5320 ,

2267 5273 2397 5323 γων,
2429 5275 2446 5304 ι
2472 5255 2612 5327 Πρὸς
2631 5255 2687 5307 σὲ
2710 5253 2960 5324 ὀρθρίζω.
2981 5254 3228 5324 Ἐδίψησέ
3252 5271 3330 5308 σοι
3356 5257 3386 5324 ή
3412 5253 3554 5325 ψυχή
3582 5269 3704 5323 μου,
3724 5251 3830 5313 πῶς

601 5358 763 5412 quam
798 5343 1118 5412 simpliciter
1151 5345 1248 5398 tibi
1280 5360 1411 5399 caro
1445 5359 1583 5399 mea.
1617 5364 1636 5397 ι
1668 5343 1801 5398 Nam
1834 5345 1956 5402 ideo
2001 5345 2166 5401 Deum

2269 5347 2453 5410 ἁπλῶς
2486 5351 2623 5418 σοιὴ
2656 5347 2789 5417 σάρξ
2848 5365 2968 5417 μου.
3009 5366 3024 5396 ι
3058 5346 3156 5398 Διά
3203 5346 3374 5399 ταῦτα
3413 5346 3518 5416 γὰρ
3561 5345 3692 5398 Θεόν
3736 5359 3826 5416 μου

603 5450 782 5488 meum
811 5436 1153 5505 compellavi,
1179 5438 1306 5506 quia
1338 5437 1485 5490 nullo
1511 5445 1878 5501 terrenarum,
1924 5437 2010 5492 vel
2047 5453 2168 5508 quae

2268 5441 2580 5508 προσεῖπον,
2630 5437 2924 5508 ἐπειδήπερ
2976 5437 3185 5500 οὐδενὸς
3237 5435 3346 5488 τῶν
3397 5434 3670 5503 ἐπιγείων,
3719 5429 3827 5488 ἀλλ’

601 5527 776 5584 oculis
806 5529 1119 5583 carnalibUS
1143 5530 1538 5600 percipiuntur,
1569 5548 1752 5587 rerum
1794 5530 2068 5586 desiderio
2095 5540 2171 5585 te-

2267 5530 2388 5583 ούὸἐ
2431 5529 2536 5582 τῶν
2566 5528 2860 5600 ὀφθαλμοῖς
2903 5529 3103 5599 σαρκὸς
3131 5527 3420 5600 ὁρωμένων
3461 5526 3733 5598 περιέλκει
3764 5539 3825 5595 με

604 5638 756 5678 neor.
793 5623 1256 5688 Quemadmodum
1279 5625 1420 5680 enim
1445 5625 1739 5697 Apostolus
1769 5625 1907 5679 dixit
1935 5644 1947 5678 :
1981 5645 1999 5678 ι
2033 5623 2167 5678 Vivo

2269 5623 2449 5687 πόθος.
2489 5625 2698 5694 ’Ὠσπερ
2758 5624 2815 5678 δὲ
2867 5627 2896 5678 ὀ
2948 5623 3323 5687 ’Λπόστολος,ι
3350 5623 3456 5686 Ζῶ,
3501 5623 3682 5695 φησιν,
3711 5621 3827 5674 οὑκ-

606 5724 807 5779 ιιιιεηι,
836 5715 948 5785 jam
979 5731 1086 5770 non
1107 5731 1226 5787 ego,
1253 5717 1383 5774 vivit
1414 5734 1538 5776 vero
1569 5719 1622 5773 in
1654 5733 1737 5774 mc
1769 5717 2116 5784 ChristuS”;
2143 5737 2160 5769 ³

2268 5717 2346 5770 ἑτι
2381 5714 2513 5784 ἐγιτγ
2555 5715 2620 5786 ζῇ
2661 5715 2718 5772 δὲ
2765 5717 2820 5768 ἐν
2873 5717 2994 5788 ἐμοὶ
3031 5717 3286 5787 Χριστός·
3325 5735 3342 5766 ι
3379 5715 3600 5787 τοιαύτῃ
3633 5711 3831 5780 ’διανοίᾳ⁴

680 5828 724 5858 ⁸⁸
760 5827 874 5883 Gal.
911 5847 970 5894 ιι,
1003 5831 1090 5884 20.
