4100 6442
229 337 344 400 805

1383 345 1890 404 COMMENTARIA
1919 347 1990 404 1N
2027 347 2366 406 PSALMOS.

3371 355 3474 412 606

225 449 326 552 καὶ
355 451 518 552 deuia
663 454 780 528 Θεῷ
811 455 964 526 ἔλεγε
985 475 997 488 ·
1036 478 1056 510 ι
1097 461 1240 532 Πρὸς
1271 461 1328 516 σὲ
1359 463 1612 537 ὀρθρίζω.
1661 467 1783 522 Ἐδί-

1901 471 2090 526 eadem
2143 472 2416 526 sententia
2473 471 2642 526 David
2701 471 2810 552 Deo
2863 473 3120 529 dicebat:
3167 491 3180 524 ι
3219 473 3302 528 Ad
3331 481 3382 528 te
3405 475 3468 528 de

219 543 368 613 ψησὲ
399 545 532 616 σοιὴ
563 544 704 618 ψυχή
739 565 858 618 μου.
905 567 924 601 ι
969 549 1110 604 Ὠσεὶ
1153 555 1248 607 καὶ
1285 553 1440 628 χώρα
1469 573 1572 620 τις,
1601 559 1673 630 μὴ
1707 577 1798 611 τυ-

219 633 398 704 χοῦσα
449 635 542 690 τοῦ
597 639 860 710 συνήθους
911 641 1090 706 ὑετοῦ,
1125 643 1284 716 διό-ᾖν
1317 645 1526 715 λέγοιτο
1564 649 1754 704 τούτου
1777 667 1792 680 ·

213 725 314 778 τὸν
347 727 506 780 αὐτὸν
529 727 802 802 δὲτρόπον
823 731 1042 804 ἐδίψησὲ
1077 751 1176 798 σοι,
1215 735 1246 808 ἢ
1281 737 1548 810 ἱμείρεται
1577 757 1636 792 σε
1661 741 1795 814 πρὸς

213 819 288 888 τῇ
325 815 466 889 ψυχῇ
515 835 616 889 μου
657 821 748 873 καὶ
779 821 917 894 αὑτὴ
949 827 980 896 ἠ
1011 823 1144 897 σάρξ
1175 843 1298 898 μου,
1331 827 1689 884 ωλυπλάσιον
1719 832 1794 896 ὡς

211 907 450 978 διψῶσα.
493 911 700 984 Ὥσπερ
731 911 838 986 γὰρ
881 919 1126 985 φυσικοῖς
1164 917 1340 988 λόγοις
1367 919 1464 992 τὴν
1497 923 1600 994 γῆν
1624 923 1794 996 αὑτήν

213 1017 400 1072 φαμεν
431 1001 588 1074 διψῇν
641 1003 850 1068 ὕδατος,
883 1007 1022 1060 οὕτω
1057 1009 1148 1061 καὶ
1183 1011 1214 1080 ἠ
1255 1010 1392 1084 σάρξ
1429 1029 1528 1084 μου
1575 1013 1790 1086 ἐδίψησὲ

213 1107 322 1154 σοι,
351 1091 510 1164 φησί·
535 1091 616 1146 διὸ
645 1095 892 1168 ἐπιφέρει
913 1113 926 1128 ο
961 1115 980 1148 ι
1017 1097 1104 1154 Ἐν
1131 1103 1198 1172 γῇ
1235 1104 1424 1176 ἐρήμῳ
1455 1105 1548 1158 καὶ
1581 1105 1788 1177 ἀϐάτῳ,

213 1183 314 1234 καὶ
367 1183 600 1256 ἀνύδρῳ,
645 1205 664 1236 ι
703 1185 736 1258 ἢ
781 1187 922 1242 κατά
961 1189 1052 1244 τὸν
1095 1192 1422 1265 Σύμμαχον·
1457 1213 1476 1246 ι
1519 1197 1604 1260 Ὠς
1633 1199 1690 1252 ἐν
1718 1201 1788 1272 γῇ

207 1275 392 1344 διψάδι
419 1277 510 1330 καὶ
549 1277 762 1332 ὲκλύσει
805 1279 880 1352 μὴ
911 1281 1246 1354 ὑπάρχοντος
1277 1284 1484 1350 ὓδατος.
1521 1305 1540 1338 ι
1559 1287 1790 1342 Δόναται

207 1367 272 1420 δὲ
307 1369 402 1422 καὶ
433 1367 532 1439 τὴν
555 1367 760 1440 ἔρημον
801 1371 970 1444 αὐτὴν
1015 1375 1304 1445 σημαίνειν
1343 1376 1432 1430 διὰ
1469 1377 1702 1446 τούτων,
1732 1379 1792 1434 ἐν

209 1453 246 1532 ᾖ
275 1459 494 1530 φεύγων
525 1461 616 1516 τὸν
647 1463 818 1516 Σαοὺλ
849 1463 948 1528 τὰς
979 1465 1260 1540 διατριϐὰς
1287 1471 1540 1525 ἐποιεῖτο.
1567 1473 1790 1538 Πάντως

209 1549 324 1621 γάρ
359 1567 458 1604 που
505 1553 562 1606 ὲν
593 1551 766 1628 ταύτῃ
795 1555 1076 1626 τυγχάνων
1101 1561 1194 1612 καὶ
1223 1561 1436 1633 μακρὰν
1467 1563 1788 1636 ἀπῳκισμέ-

207 1657 304 1704 νος
323 1641 420 1714 τῆς
451 1641 684 1698 κιϐωτοῦ
729 1645 826 1698 τοῦ
867 1645 1004 1700 Θεοῦ
1035 1647 1128 1700 καὶ
1171 1649 1270 1720 τῆς
1318 1649 1412 1704 τοῦ
1451 1651 1790 1722 ἅγιάσματος

211 1731 444 1804 σκηνῆς,
491 1733 549 1786 ἐν
667 1735 766 1800 τὰς
811 1735 954 1790 κατὰ
999 1737 1160 1810 νόμον
1207 1739 1488 1796 ἐποιοῦντο
1513 1741 1785 1814 λατρείας,

1900 563 2022 618 luce
2055 563 2234 634 vigilo.
2279 561 2462 618 Sitivit
2492 565 2587 618 tibi
2623 565 2802 618 anima
2835 581 2972 619 mea.
2999 585 3016 618 ι
3045 563 3158 620 Ceu
3183 581 3310 636 ager
3337 581 3466 618 con¢

1897 663 2050 710 sueta
2079 655 2305 711 orbatus
2333 657 2534 726 pluvia,
2564 671 2684 712 eam
2719 657 2872 712 sitire
2909 657 3157 720 dicatur,
3195 657 3274 710 sic
3299 655 3464 710 sitit-it

1895 747 2016 806 tibi.
2047 747 2130 802 vel
2155 747 2494 818 concupiscit
2531 757 2604 812 te,
2638 765 2762 802 cum
2799 749 2978 802 anima
3011 763 3150 810 mea,
3183 756 3298 801 tum
3351 747 3463 816 ipsa

1895 853 2026 894 caro
2073 853 2212 904 mea,
2239 855 2402 910 quam
2437 841 2814 911 multipliciter
2847 841 3063 895 sitiens.
3113 839 3268 894 Sicut
3321 839 3458 894 enim

1895 929 2120 1000 physice
2149 931 2422 1000 loquendo
2457 939 2658 986 terram
2685 931 2918 986 dicimus
2941 931 3094 986 sitire
3127 943 3352 1000 aquam,
3389 929 3457 982 ita

1891 1027 1946 1076 et
1987 1035 2118 1075 caro
2161 1035 2304 1086 mea,
2343 1021 2540 1092 inquit,
2572 1021 2744 1078 sitivit
2771 1021 2870 1076 tibi
2898 1041 2912 1076 :
2941 1039 3110 1092 quare
3138 1021 3322 1084 infert,
3349 1039 3368 1072 ι
3401 1019 3462 1076 In

1893 1119 2036 1166 terra
2066 1111 2307 1178 deserta,
2339 1119 2392 1166 et
2435 1113 2602 1178 invia,
2635 1121 2688 1168 et
2723 1114 3020 1184 iuaquosa;
3065 1135 3082 1168 ι
3120 1115 3234 1168 sive
3261 1129 3462 1170 secun-

1891 1201 2022 1256 dum
2081 1201 2467 1274 Symmachum
2506 1223 2519 1260 :
2559 1222 2578 1256 ι
2619 1205 2788 1270 Quasi
2847 1205 2900 1260 in
2949 1213 3097 1260 terra
3159 1205 3364 1260 sitienti
3405 1211 3460 1260 et

1891 1289 2146 1362 languida
2195 1307 2304 1346 non
2361 1291 2662 1348 exsistente
2697 1309 2858 1364 aqua.
2899 1311 2919 1346 ι
2959 1292 3056 1350 His
3105 1311 3236 1350 vero
3281 1297 3458 1366 ipsam

1891 1383 2240 1440 solitudinem
2289 1385 2598 1456 signiﬁcare
2627 1393 2828 1456 potest,
2861 1386 2917 1442 in
2945 1403 3074 1458 qua,
3111 1385 3328 1442 Saulem
3372 1389 3460 1442 1³η-

1888 1475 2065 1546 giens,
2099 1489 2288 1532 moras
2323 1475 2590 1536 trahebat.
2627 1473 2910 1548 Siquidem
2940 1479 3070 1532 dum
3099 1478 3175 1533 ibi
3212 1491 3460 1534 versare-

1889 1575 2000 1634 tur,
2037 1569 2105 1622 ab
2135 1583 2260 1623 arca
2291 1567 2388 1624 Dei
2427 1577 2482 1624 et
2517 1583 2548 1623 a
2577 1569 2934 1626 tabernaculo
2963 1569 3412 1626 sanctiﬁcationis
3439 1607 3455 1632 ,

1887 1659 1944 1714 in
2003 1673 2113 1730 quo
2187 1659 2412 1731 legalem
2473 1661 2682 1716 cultum
2731 1661 3210 1732 exsequebantur,
3265 1661 3460 1732 procul

1889 1760 2132 1808 remotus
2164 1761 2301 1808 erat.
2337 1753 2544 1808 ﬂorum
2599 1755 2690 1810 ille
2741 1763 3094 1827 conspectum
3144 1755 3456 1826 exoptabat.

209 1825 420 1880 τούτων
449 1825 628 1880 ἐπόθει
667 1829 766 1900 τὴν
811 1827 960 1882 θέαν.
993 1829 1200 1902 Ὠσπερ
1228 1831 1284 1885 δὲ
1311 1833 1383 1904 γῆ
1415 1833 1622 1904 διψῶσα
1661 1833 1783 1888 ὓδα-

1887 1845 2358 1914 Quemadmodum
2387 1855 2570 1902 autem
2597 1857 2744 1904 terra
2780 1825 2971 1904 sitiens
3001 1865 3198 1920 aquam
3231 1825 3456 1920 expetit,

207 1935 304 1984 τος
333 1917 604 1992 ὀρέγεται,
625 1919 786 1984 οὕτω,
821 1921 974 1992 φησὶ,
1011 1923 1102 1976 καὶ
1133 1923 1166 1994 ὴ
1195 1923 1300 1994 ἐμὴ
1319 1923 1465 1996 ψυχὴ
1495 1925 1564 1978 τὰ
1595 1927 1676 1980 σοὶ
1707 1925 1784 1996 τῷ

205 2009 330 2082 θεῷ
355 2011 560 2084 ἀρεστὰ
585 2011 678 2066 καὶ
699 2013 828 2082 φίλα
849 2013 1010 2084 διψεῖ·
1043 2015 1118 2080 ὡς
1147 2015 1414 2070 ἐκλείπειν
1449 2019 1540 2072 καὶ
1557 2019 1786 2090 ἐκτήκε-

207 2103 358 2170 σθαι,
391 2103 538 2176 εί’μὴ
577 2103 870 2176 μεταλάϐοι
897 2107 996 2180 τῆς
1025 2107 1178 2180 παρὰ
1219 2109 1301 2164 σοὶ
1331 2110 1537 2182 πηγῆς·
1565 2113 1694 2184 περὶ
1717 2106 1785 2184 ἧς

209 2193 456 2266 ιῐρηται.
497 2213 516 2248 ι
559 2197 680 2250 Ὅτι
725 2197 876 2270 παρὰ
929 2199 1014 2252 σοὶ
1057 2199 1207 2270 πηγὴ
1239 2199 1406 2272 ζωῆς.
1439 2201 1532 2256 Διὸ
1565 2203 1783 2274 ἐδίψησέ

209 2303 296 2342 σοι
323 2290 358 2360 ἡ
403 2287 548 2362 ψυχή
578 2307 702 2360 μου.
739 2309 758 2342 ι
805 2291 1056 2362 Ἐδίψησε
1095 2291 1152 2345 δὲ
1183 2293 1319 2358 πῶς,
1361 2295 1652 2366 ἑρμηνεόει
1693 2295 1785 2348 λέ-

209 2394 326 2448 Tura
371 2377 534 2452 ἑξῆς·
569 2399 588 2432 ι
627 2381 814 2448 Οὕτως
843 2383 902 2438 ὲν
941 2383 1018 2456 τῷ
1057 2385 1200 2456 ἁγίῳ
1239 2383 1428 2456 ὤφθην
1455 2403 1559 2452 σοι,
1597 2405 1614 2439 ι
1651 2387 1784 2442 ὡσεὶ

207 2473 362 2544 ἔλεγε
397 2473 582 2529 τοῦτο·
623 2475 902 2548 Ἐδίψησεν
947 2479 982 2550 ἡ
1021 2479 1166 2552 ψυχή
1199 2495 1300 2550 μου
1331 2479 1394 2533 τὸ
1435 2481 1664 2554 ὀφθῆναί
1703 2499 1784 2538 σοι
1853 2491 1856 2494 ’

207 2569 270 2622 ἐν
293 2565 373 2639 τῷ
397 2565 476 2638 σῷ
498 2567 820 2640 ἁγιάσματι,
849 2587 868 2620 ι
903 2569 996 2624 τοῦ
1035 2571 1160 2624 ίδείν
1189 2571 1286 2644 τὴν
1309 2571 1538 2646 δύναμίν
1565 2591 1657 2630 σου
1693 2577 1786 2630 καὶ

207 2661 308 2733 τὴν
361 2659 520 2726 δόξαν
567 2679 681 2716 σου.
735 2681 754 2711 ι
807 2662 1056 2717 Τοιοῦτον
1089 2663 1146 2716 δέ
1175 2665 1302 2732 ⁵ἐστι
1345 2667 1526 2720 καὶτὸ
1549 2667 1636 2722 διὰ
1677 2668 1784 2722 τῶν

207 2751 516 2828 ἔμπροσθεν
543 2752 860 2826 εἰρημένον·
895 2771 914 2806 ι
957 2753 1237 2826 Ἐδίψησεν
1265 2757 1298 2828 η
1335 2756 1480 2828 ψυχή
1513 2775 1612 2830 μου
1647 2759 1784 2832 πρὸς

207 2847 300 2904 τὸν
317 2845 450 2900 Θεὸν
473 2845 564 2900 τὸν
597 2845 812 2918 ἰσχυρὸν
839 2847 932 2902 τὸν
964 2845 1163 2914 ζῶντα,
1195 2849 1325 2902 πότε
1347 2849 1462 2921 ἥξω
1494 2851 1588 2906 καὶ
1615 2853 1782 2925 ὀφθή-

207 2953 372 3008 σομαι
419 2935 496 3010 τῷ
543 2937 820 3010 προσώπῳ
865 2937 958 2992 τοῦ
1005 2939 1162 2998 Θεοῦ.
1201 2959 1220 2994 ι
1253 2941 1546 3012 Γενόμενος
1583 2943 1692 3012 γὰρ
1722 2945 1780 2997 ἐν

203 3027 282 3098 τῷ
333 3027 472 3100 ἁγίῳ
529 3045 644 3092 σου,
690 3029 820 3100 περὶ
873 3022 936 3082 οὗ
985 3030 1199 3102 εἴρηται
1229 3033 1286 3084 ὲν
1315 3031 1504 3102 ἑτέρῳ,
1537 3051 1554 3084 ι
1601 3033 1780 3098 Ἄπαξ

195 3121 394 3192 ὤμοσα
423 3124 482 3174 ὲν
513 3121 590 3194 τῷ
613 3121 756 3194 ἁγίῳ
782 3139 904 3194 μου,
947 3141 966 3175 ι
1001 3121 1214 3194 πρῶτον
1243 3124 1342 3195 μὲν
1371 3123 1532 3188 αὐτὸς
1549 3123 1782 3198 ὀφθήσο-

1887 1937 1968 1992 sic
2003 1937 2182 1990 anima
2213 1951 2354 2002 mea,
2390 1937 2488 2004 ait,
2521 1955 2644 2008 qua:
2673 1939 2768 1994 tibi
2803 1939 3002 2008 placita
3026 1947 3080 1994 et
3112 1939 3310 1994 dilecta
3331 1948 3460 1994 sunt

1885 2027 2166 2084 sitibunda
2203 2029 2582 2100 concupiscit;
2616 2031 2690 2084 ita
2719 2037 2780 2085 ut
2825 2033 2870 2086 si
2909 2031 3056 2086 illius
3081 2031 3172 2102 qui
3207 2045 3378 2102 penes
3405 2037 3458 2084 te

1885 2131 1966 2176 est
1997 2119 2164 2176 fontis
2203 2121 2476 2192 particeps
2503 2137 2614 2176 non
2653 2121 2836 2182 iret-it.
2859 2121 3074 2177 deﬁciat
3112 2128 3166 2178 et
3207 2121 3460 2178 contabe-

1884 2219 2030 2276 scat;
2071 2213 2138 2268 de
2176 2229 2285 2284 quo
2331 2211 2480 2268 fonte
2538 2213 2744 2268 dictum
2780 2226 2908 2270 est:
2947 2231 2964 2265 ι
3003 2213 3272 2280 Quoniam
3313 2213 3458 2286 apud

1883 2311 1938 2360 te
1984 2315 2071 2360 est
2130 2303 2255 2361 fons
2300 2305 2424 2360 vita:
2444 2305 2512 2362 ⁸³.
2555 2325 2574 2356 ι
2610 2305 2792 2382 Quare
2846 2323 2866 2356 ι
2895 2306 3068 2360 sitivit
3125 2307 3226 2361 tibi
3275 2305 3458 2360 anima

1885 2411 2027 2453 mea.
2065 2415 2084 2448 ι
2125 2395 2245 2462 Quo
2278 2405 2442 2468 pacto
2473 2397 2645 2465 sitiat,
2670 2413 2796 2452 mox
2827 2397 3003 2468 aperit
3031 2415 3044 2452 :
3083 2415 3102 2450 ι
3137 2395 3228 2452 Sic
3251 2397 3306 2452 in
3337 2411 3460 2452 san-

1883 2495 1975 2544 cto
2033 2490 2262 2560 apparui
2305 2490 2426 2554 tibi,
2461 2509 2482 2543 ι
2529 2503 2592 2544 ac
2643 2489 2692 2546 si
2744 2489 2996 2546 diceret:
3033 2489 3216 2545 Sitivit
3273 2490 3458 2546 anima

1883 2595 2002 2634 mea
2057 2588 2336 2650 aspectum
2389 2587 2546 2634 tuum
2596 2579 2654 2636 in
2705 2581 3020 2636 sanctuario
3073 2589 3190 2644 tuo,
3231 2599 3250 2632 ι
3291 2589 3350 2633 ut
3375 2579 3458 2634 vi-

1883 2671 2036 2726 deam
2065 2673 2320 2728 virtutem
2351 2679 2501 2728 tuam
2523 2679 2576 2728 et
2597 2671 2822 2744 gloriam
2859 2663 3028 2727 tuam.
3065 2693 3084 2726 ι
3125 2671 3313 2726 Simile
3329 2673 3462 2728 huic

1882 2771 1968 2818 est
1991 2763 2122 2818 illud
2151 2765 2408 2836 superius
2440 2763 2648 2818 dictum
2679 2783 2692 2818 :
2721 2781 2740 2815 ι
2775 2763 2962 2818 Sitivit
2985 2765 3166 2820 anima
3219 2779 3336 2820 mea
3387 2763 3458 2818 ad

1883 2851 2052 2909 Deum
2097 2853 2292 2910 fortem
2332 2855 2542 2924 vivum,
2575 2853 2796 2926 quando
2830 2857 3046 2910 veniam
3089 2863 3143 2910 et
3182 2856 3458 2926 apparebo

1882 2955 2012 3004 ante
2067 2947 2261 3004 faciem
2320 2947 2500 3004 Dei“.
2539 2967 2557 3001 ι
2597 2947 2658 3004 In
2689 2957 2882 3004 sancto
2937 2950 3138 3020 quippe
3193 2955 3291 3002 tuo
3323 2963 3458 3002 con-

1883 3041 2128 3104 stitutus,
2155 3039 2224 3096 de
2255 3055 2366 3110 quo
2411 3039 2467 3095 in
2517 3041 2626 3096 alio
2655 3041 2868 3112 psalmo
2897 3041 3102 3095 dictum
3127 3047 3252 3094 est:
3291 3057 3310 3090 ι
3359 3039 3460 3096 Se-

1883 3131 1992 3186 mel
2021 3131 2202 3202 juravi
2227 3131 2282 3186 iu
2312 3137 2508 3186 sancto
2541 3147 2664 3187 meo
2689 3131 2758 3196 ⁸³,
2791 3151 2810 3184 ι
2835 3133 3012 3202 primo
3035 3131 3308 3201 apparebo
3331 3131 3456 3196 tibi,

197 3217 304 3286 μαί
329 3231 430 3280 σοι,
452 3213 976 3287 δοκιμασθησόμενος
1011 3218 1058 3270 εί
1085 3215 1234 3281 ἄξιος
1253 3215 1370 3290 εἴην
1391 3217 1490 3288 τῆς
1511 3217 1610 3288 σῆς
1631 3217 1778 3282 θέας.

1885 3231 1943 3280 ut
1967 3225 2232 3296 probetur
2259 3239 2392 3279 num
2421 3225 2618 3295 dignus
2645 3235 2942 3294 conspectu
2981 3233 3074 3278 tuo
3093 3224 3220 3280 sim.
3253 3223 3460 3280 Deinde

197 3302 338 3360 Εἶτα
373 3307 522 3374 ἄξιος
563 3307 768 3377 ὀφθεὶς,
803 3307 1004 3378 ὕψομαι
1035 3309 1136 3380 τὴν
1163 3307 1390 3379 δύναμίν
1417 3325 1512 3362 σου
1557 3310 1649 3362 καὶ
1683 3309 1780 3381 τὴν

193 3398 362 3466 δόξαν
385 3415 480 3453 σου
499 3414 512 3428 ⁸
543 3393 618 3452 ὧν
647 3397 906 3452 ἀδύνατόν
937 3399 1084 3452 ἐστιν
1118 3401 1200 3464 εἰς
1227 3399 1458 3472 θεωρίαν
1481 3399 1676 3466 ἐλθεῖν,
1704 3402 1779 3474 μὴ

193 3489 322 3558 οὐχὶ
377 3489 642 3562 πρότερον
687 3491 746 3542 ὲν
787 3488 866 3560 τῷ
907 3489 1048 3560 ἁγίῳ
1095 3489 1404 3562 γενόμενον,
1437 3492 1532 3546 καὶ
1567 3493 1780 3564 πρῶτον

193 3579 433 3650 ὀφθέντα
457 3579 606 3648 ἄξιον
625 3581 732 3634 τῶν
763 3579 856 3634 τοῦ
877 3581 1012 3634 Θεοῦ
1041 3581 1282 3650 ἀγαθῶν.
1305 3583 1458 3638 Μετὰ
1479 3583 1588 3656 γὰρ
1611 3585 1782 3638 ταῦτα

193 3673 390 3744 ὄψεταί
427 3689 531 3738 τις,
565 3673 642 3738 ὡς
681 3673 748 3728 ἂν
781 3673 878 3746 ἤδη
911 3673 1387 3746 δεδοκιμασμένος,
1417 3675 1516 3748 τὴν
1555 3675 1780 3748 δύναμιν

193 3765 296 3820 τοῦ
327 3765 460 3818 θεοῦ
489 3765 582 3818 καὶ
607 3763 706 3836 τὴν
732 3765 890 3830 δόξαν
917 3765 1102 3820 αὐτοῦ.
1123 3767 1236 3820 Καὶ
1263 3767 1412 3832 τέλος
1427 3767 1536 3822 τῶν
1557 3769 1780 3840 ἀγαθῶν

193 3857 346 3912 τοῦτ’
379 3857 446 3912 ἂν
467 3857 552 3931 εἴη
583 3857 642 3912 τὸ
669 3859 726 3912 ἐν
755 3857 958 3932 θεωρίᾳ
981 3857 1186 3912 τούτων
1207 3859 1490 3928 γενέσθαιο
1517 3861 1600 3914 διὸ
1635 3861 1780 3914 λέλε-

195 3967 360 4006 κται·
389 3969 408 4004 ι
445 3951 722 4021 Μακάριοι
745 3953 795 4006 οί
820 3951 1052 4022 καθαροὶ
1071 3954 1134 4024 τῇ
1153 3951 1370 4025 καρδίᾳ,
1401 3953 1482 4006 ὅτι
1511 3953 1664 4006 αὐτοὶ
1687 3953 1780 4006 τὸν

195 4041 336 4096 Θεὸν
397 4041 640 4112 ὄψονται.
701 4061 722 4096 ι
763 4041 934 4096 Τοῦτο
971 4037 1064 4096 οὖν
1109 4041 1360 4114 ὲδίψησεν
1409 4047 1442 4116 ἡ
1491 4043 1638 4116 ψυχὴ
1683 4045 1778 4098 τοῦ

195 4134 396 4188 Δαυτδ·
430 4133 510 4188 διὸ
551 4133 756 4204 ἔλεγεν·
792 4153 812 4186 ι
857 4135 914 4188 Ὁ
955 4134 1088 4200 Θεὸς
1143 4137 1170 4188 ὃ
1218 4135 1348 4200 Θεός
1392 4153 1514 4208 μου,
1539 4137 1672 4208 πρὸς
1719 4137 1778 4190 σὲ

195 4225 456 4300 όρθρξζω.
499 4225 752 4298 Ἐδίψησέ
796 4243 877 4280 σοι
904 4227 938 4298 ή
971 4227 1114 4299 ψυχή
1143 4243 1268 4298 μου.
1302 4247 1322 4280 ι

275 4361 298 4396 ι
328 4343 450 4396 ’Ὁτι
483 4345 734 4414 κρεῖσσον
759 4341 820 4395 τὸ
855 4341 1001 4406 ἔλεός
1041 4358 1132 4394 σου
1169 4341 1308 4414 ὑπὲρ
1331 4339 1496 4408 ζωὰς,
1523 4342 1592 4398 τὰ
1625 4345 1774 4418 χείλη

199 4455 306 4510 μου
349 4437 692 4492 ὲπαινέσουσί
719 4455 796 4493 σε.
843 4458 862 4491 ι
907 4439 966 4492 '0
999 4437 1098 4510 τὴν
1125 4435 1286 4506 φύσιν
1305 4437 1400 4490 τοῦ
1424 4435 1618 4510 θνητοῦ
1661 4437 1774 4508 βίου

1883 3331 2006 3370 cum
2053 3315 2252 3386 dignus
2292 3315 2622 3387 comperiar,
2653 3315 2849 3370 videbo
2907 3315 3164 3370 virtutem
3223 3323 3370 3369 tuam
3401 3321 3460 3371 et

1883 3405 2112 3476 gloriam
2175 3411 2374 3459 tuam:
2410 3405 2478 3460 ad
2532 3417 2764 3474 quarum
2827 3413 3182 3472 conspectum
3243 3403 3458 3458 admitti

1881 3511 2042 3552 nemo
2081 3503 2282 3568 potest,
2309 3497 2442 3568 quin
2479 3497 2634 3568 prius
2683 3497 2736 3550 in
2770 3503 2962 3552 sancto
2979 3497 3076 3564 sit,
3097 3511 3160 3552 ac
3183 3498 3338 3569 prius
3371 3497 3458 3552 di-

1881 3591 2024 3646 vinis
2081 3591 2240 3647 bonis
2291 3591 2490 3662 dignus
2533 3601 2813 3662 appareat.
2847 3589 3044 3648 Postea
3074 3591 3220 3647 enim
3251 3591 3458 3663 quivis,

1881 3679 2194 3752 utpotejam
2219 3681 2502 3752 probatus,
2524 3681 2780 3737 virtutem
2801 3683 3093 3754 etglorlam
3119 3681 3214 3740 Dei
3231 3683 3466 3754 videbitq

1881 3773 2042 3844 lsquo
2091 3775 2216 3828 ﬁnis
2247 3775 2516 3830 bonorum
2559 3775 2743 3840 fuerit,
2785 3775 2852 3830 ad
2879 3793 3068 3832 eorum
3119 3777 3468 3848 contempla-.

1881 3863 2080 3918 tionem
2106 3863 2358 3922 admitti:
2387 3879 2558 3936 quare
2599 3865 2806 3922 dictum
2836 3875 2966 3922 est:
3002 3885 3022 3922 ι
3057 3865 3210 3924 Beati
3249 3867 3464 3922 mundo.

1881 3957 2072 4022 corde,
2112 3957 2372 4028 quoniam
2415 3957 2522 4030 ipsi
2559 3957 2726 4014 Deum
2755 3958 3096 4014 videbunt”.
3129 3979 3148 4012 ι
3187 3959 3298 4014 Hoc
3345 3960 3454 4012 ita-

1881 4063 1987 4118 que
2015 4047 2236 4104 sitiebat
2261 4049 2485 4106 Davidis
2523 4049 2706 4104 anima
2739 4069 2753 4104 :
2787 4065 2959 4120 quare
2989 4049 3224 4112 dicebat,
3251 4069 3270 4101 ι
3311 4047 3455 4106 Deus

1879 4137 2026 4194 Deus
2059 4153 2236 4206 meus,
2262 4137 2332 4194 ad
2357 4149 2408 4198 te
2439 4139 2508 4196 de
2539 4141 2662 4198 luce
2695 4141 2880 4210 vigilo.
2917 4135 3104 4194 Sitivit
3133 4139 3230 4194 tibi
3271 4139 3456 4194 anima

1879 4245 2018 4286 mea.
2063 4249 2082 4282 ι
2095 4253 2116 4302 3

1951 4347 2118 4404 Vens.
2173 4347 2290 4404 4-6.
2339 4365 2358 4401 ι
2393 4347 2662 4415 Quoniam
2709 4349 2902 4404 melior
2955 4355 3042 4404 est
3079 4345 3456 4403 misericordia

1881 4451 1972 4498 tua
2021 4459 2188 4513 super
2217 4441 2408 4508 ;vitas,
2443 4443 2584 4498 labia
2635 4457 2755 4497 mea
2807 4441 3108 4496 laudabunt
3157 4447 3232 4494 te.
3273 4459 3292 4490 ι
3349 4435 3454 4504 Qui

195 4531 559 4602 κατανοήσας,
597 4533 692 4584 καὶ
735 4531 834 4602 τὴν
861 4529 1194 4604 πρόσκαιρον
1227 4529 1372 4603 ζωὴν
1403 4531 1502 4602 ὅση
1545 4531 1628 4594 τίς
1661 4533 1776 4584 ἐστι

1886 4537 2133 4592 mortalis
2167 4535 2292 4590 vita:
2345 4543 2598 4590 naturam
2633 4533 3024 4598 consideravit,
3065 4539 3118 4586 et
3165 4545 3286 4602 quae
3317 4545 3456 4600 qua-

193 4625 292 4678 καὶ
339 4623 500 4676 ὁποία
549 4615 852 4694 ἐξητακὼς,
885 4623 1286 4695 ἀποστρέφεται
1335 4623 1434 4694 μὲν
1497 4623 1666 4676 ταῦτα
1699 4623 1776 4688 ὡς

197 4707 378 4786 μικρὰ
403 4717 496 4770 καὶ
517 4715 726 4780 οὐδενὸς
753 4715 912 4784 λόγου
945 4715 1070 4784 ἄξια
1088 4733 1102 4748 ·
1133 4715 1252 4780 ὅλος
1273 4715 1332 4768 δὲ
1355 4715 1454 4786 τῆς
1479 4717 1592 4770 ἄνω
1620 4716 1772 4770 ἐλπί-

191 4809 284 4870 δος
329 4807 636 4878 γενόμενος,
685 4807 900 4878 ἐκείνης
947 4809 1130 4878 τυχεῖν
1184 4807 1424 4880 εὔχεται,
1455 4807 1590 4879 ἐλέῳ
1635 4807 1770 4862 Θεοῦ

191 4897 628 4970 χορηγουμένης.
677 4899 752 4952 Οὐ
785 4898 894 4970 γὰρ
933 4899 998 4969 δὴ
1043 4899 1182 4954 κατὰ
1227 4898 1466 4972 ὀφειλὴν,
1499 4899 1618 4952 οὐδὲ
1655 4901 1770 4952 κατ’

195 4987 358 5054 ἀξίαν
375 4991 472 5061 τῆς
497 4991 692 5044 ἑαυτοῦ
713 4991 1060 5062 δικαιοσύνης
1087 4991 1338 5057 τεύξεταί
1371 5009 1456 5056 τις
1481 4991 1588 5045 τῶν
1611 4993 1774 5044 ἐπου-

197 5081 431 5154 ρανίων.
463 5083 662 5154 Διόπερ
691 5083 926 5154 ἀλλαχοῦ
959 5101 1062 5138 που
1097 5083 1342 5156 εἴρηται·
1385 5103 1406 5136 ι
1439 5083 1504 5138 Τί
1529 5085 1638 5157 γάρ
1685 5099 1774 5156 μοι

195 5173 436 5246 ὑπάρχει
481 5175 538 5228 ὲν
563 5173 642 5246 τῷ
676 5175 926 5247 οὖρανῷς
971 5195 990 5226 ι
1025 5177 1086 5230 τὸ
1113 5177 1172 5230 δὲ
1207 5177 1316 5230 πᾶν
1347 5175 1481 5248 ἐλέῳ
1515 5177 1650 5230 Θεοῦ
1683 5175 1776 5230 καὶ

197 5265 578 5339 φιλανθρωπίᾳ
605 5267 876 5338 δωρεῖται,
915 5271 1028 5332 τοῖς
1051 5267 1258 5340 σμικρὰ
1289 5267 1678 5342 κατωρθωκόσι
1707 5269 1778 5322 τὰ

199 5357 414 5428 μεγάλα
445 5359 823 5430 χαριζομένου.
857 5361 922 5414 Ὃ
955 5359 1020 5432 δὴ
1055 5359 1310 5432 σημαίνει
1349 5361 1378 5412 ὁ
1405 5359 1594 5430 παρὼν
1621 5357 1778 5428 λόγος

199 5453 456 5522 φάσκων·
499 5471 518 5504 ι
559 5455 678 5506 ’Ὁτι
703 5455 954 5524 κρεῖσσον
988 5451 1048 5505 τὸ
1073 5449 1222 5514 ἔλεός
1255 5467 1348 5504 σου
1379 5450 1520 5522 ὑπὲρ
1553 5449 1716 5514 ζωὰς.
1749 5469 1768 5502 ι

199 5541 321 5600 Κᾶν
361 5543 472 5616 γὰρ
509 5543 798 5617 μακρόϐιος
835 5544 932 5600 καὶ
975 5543 1364 5618 μακροχρόνιος
1397 5541 1492 5596 ἐπὶ
1529 5540 1624 5596 τοῦ
1669 5557 1776 5594 πα-

1885 4627 2021 4684 lisve
2069 4635 2418 4696 temporanea
2461 4623 2574 4678 vita
2631 4623 2724 4690 sit,
2757 4623 3082 4694 exploravit,
3107 4621 3222 4676 bare
3268 4627 3456 4682 utpote

1883 4733 2050 4790 parva
2079 4725 2132 4772 et
2155 4717 2360 4772 nullius
2385 4715 2544 4786 pretii
2573 4723 2898 4782 aversatur;
2935 4715 3030 4770 sed
3057 4725 3308 4784 supernae
3335 4713 3454 4781 spei

1881 4827 2003 4868 sese
2035 4819 2210 4864 totum
2247 4809 2531 4878 applicans
2557 4823 2676 4864 eam
2722 4807 3098 4863 misericordia
3133 4805 3228 4862 Dei
3257 4819 3455 4860 conse-

1881 4905 1974 4976 qui
1998 4909 2240 4974 exoptat.
2275 4903 2462 4974 Neque
2485 4903 2628 4959 enim
2663 4903 2932 4974 quispiam
2961 4919 3029 4958 ex
3053 4903 3236 4958 debito
3261 4909 3355 4956 aut
3387 4917 3453 4956 ex

1877 4995 2106 5066 justitire
2153 5011 2268 5050 suae
2313 4995 2509 5050 merito
2557 4995 2802 5050 coelestia
2849 4993 3204 5065 adipiscetur.
3251 4995 3456 5062 Quam-

1884 5089 2074 5144 obrem
2133 5087 2258 5142 alibi
2311 5087 2512 5142 dicitur
2549 5106 2562 5142 :
2599 5107 2620 5140 ι
2659 5085 2802 5153 Quid
2865 5087 3012 5142 enim
3065 5087 3199 5140 mihi
3258 5095 3344 5142 est
3399 5087 3456 5140 in

1883 5179 2114 5234 caelo”?
2151 5197 2172 5230 ι
2209 5177 2314 5234 Sed
2353 5185 2526 5234 totum
2557 5177 2650 5232 Dei
2683 5177 3060 5232 misericordia
3101 5183 3155 5233 et
3203 5177 3457 5232 humani-

1889 5279 2000 5328 tate
2029 5273 2212 5334 datur,
2245 5271 2340 5342 qui
2373 5271 2584 5324 modica
2645 5269 3031 5340 prmstantibtts
3067 5283 3261 5340 magna
3313 5271 3456 5324 elar-

1881 5364 2050 5436 gitur.
2107 5359 2264 5428 Quod
2317 5363 2404 5416 his
2451 5361 2634 5417 verbis
2687 5361 3028 5431 signiﬁcatur
3073 5381 3086 5416 :
3131 5381 3150 5413 ι
3183 5359 3454 5427 Quoniam

1883 5455 2078 5509 melior
2135 5462 2220 5510 est
2273 5453 2654 5510 misericordia
2705 5461 2796 5507 tua
2851 5469 3016 5522 super
3061 5455 3222 5508 vitas.
3257 5473 3276 5504 ι
3317 5451 3452 5506 Nam

1883 5547 2098 5602 etiamsi
2135 5547 2260 5614 quis
2293 5545 2572 5614 longaevus
2603 5553 2660 5600 ct
2707 5559 2952 5600 annosus
2987 5545 3042 5598 in
3081 5543 3182 5598 hac
3211 5543 3320 5596 vita
3359 5543 3450 5606 sit,

273 5775 320 5810 "
362 5773 506 5832 Psal.
543 5777 822 5840 xxx-v.10.
897 5775 944 5810 ⁸⁸
983 5773 1128 5832 Psal.
1163 5787 1284 5838 sta,
1319 5775 1380 5832 '5,
1451 5775 1496 5808 ³³
1537 5771 1680 5830 Ρειιι.
1717 5785 1960 5832 Luttvttt
1989 5811 2002 5836 ,
2037 5771 2126 5826 56.
2207 5769 2252 5802 ⁸⁷⁸
2291 5767 2480 5828 Matth.
2521 5787 2570 5838 v,
2611 5771 2662 5828 8.
2741 5771 2786 5804 ⁸⁵
2825 5769 2964 5828 Psal.
3005 5781 3190 5830 ωιτη,
3225 5763 3295 5822 25
