4086 6442
593 388 696 444 607
1267 381 1538 441 EUSEBII
1566 377 2044 438 CESARIENSIS
2073 378 2224 435 OPP.
2269 377 2450 434 PARS
2479 375 2569 434 Ill.
2604 411 2673 419 —
2702 377 2974 434 EXEGET
2979 377 3119 433 10A.
3793 367 3883 424 ειιι

594 507 666 563 ita
695 512 757 559 ut
789 521 845 558 ιιι
877 502 1064 560 multis
1089 517 1357 559 annorum
1393 499 1636 572 periodis
1659 499 1956 554 multorum
2001 498 2169 552 vitam
2199 553 2200 557 η

2303 496 2461 560 πόντος
2503 495 2728 566 γένηταί
2758 513 2862 561 τις,
2905 495 3092 564 ὥσπερ
3123 491 3320 555 πολλὰς
3353 489 3530 555 ζωὰς
3575 489 3640 539 ἐν
3686 484 3888 548 πολλαῖς

590 601 842 671 expleat;
875 599 979 654 hoc
1013 615 1144 655 sane
1175 597 1312 652 nihil
1340 605 1448 660 est,
1484 593 1880 650 misericordia:
1910 591 2001 647 Dei
2023 606 2175 646 com-

2303 587 2418 642 ,τῶν
2469 587 2737 660 περιόδοις
2783 587 3157 658 κτησάμενος·
3205 583 3318 638 ἀλλ’
3346 581 3526 637 οὐδέν
3575 579 3705 630 ἐστι
3739 575 3894 632 ταῦτα

592 703 866 764 paratum,
900 707 1023 762 quae
1050 690 1174 745 vitm
1203 698 1421 744 aeternae
1461 695 1515 742 et
1557 686 1865 741 cmlestium
1905 685 2175 740 bonorum

2303 680 2688 752 πυγκρινόμενα
2721 680 2859 751 πρὸς
2885 679 2946 732 τὸ
2968 679 3114 742 ἔλεος
3138 676 3235 731 τοῦ
3259 675 3422 738 θεοῦ,
3441 673 3521 726 τὸ
3547 672 3664 742 τῆς
3693 669 3898 724 etimit»

592 763 762 837 causa
785 789 889 838 est.
923 780 1106 848 Quare
1141 777 1534 834 misericordia:
1568 776 1813 832 conlisus
1841 782 1969 839 tuae,
2006 781 2177 827 totam

2303 775 2426 846 ζωῆς
2451 775 2546 828 καὶ⁸
2569 774 2676 828 τῶν
2700 773 3036 845 ἐπουρανίων
3057 769 3278 840 ἀγαθῶν
3303 769 3524 822 αἴτιον.
3570 763 3790 832 Διόπερ
3821 763 3901 815 καὶ

597 873 738 928 hanc
770 873 957 936 vitam,
991 887 1090 926 ceu
1125 870 1372 942 quzedam
1403 869 1645 941 pretiosa
1681 868 1912 923 donaria
1940 873 1995 922 et
2039 880 2178 936 opu-

2303 868 2356 939 τῷ
2386 867 2464 939 σῷ
2489 867 2623 940 ἐλέῳ
2653 867 3050 939 ἐπιθαρσήσας,
3086 863 3266 918 πᾶσάν
3297 880 3394 933 μου
3448 859 3584 930 τὴν
3626 854 3904 926 παροῦσαν

597 965 744 1018 lenta
771 962 988 1020 cimelia
1026 963 1123 1017 tibi
1171 962 1551 1028 consecrabo;
1586 960 1832 1016 membra
1881 958 2094 1012 scilicet
2123 963 2178 1011 et

2303 961 2428 1032 ζωήν
2469 977 2550 1014 σοι
2605 959 2888 1030 ἀναθήσω,
2931 957 3122 1028 ὥσπερ
3163 955 3292 1009 τινὰ.
3323 955 3501 1025 τίμια.
3547 948 3906 1018 ἀναθήματα,

598 1072 798 1112 sensus
854 1070 1006 1110 meos
1045 1053 1356 1110 ministerio
1389 1053 1642 1108 addicam
1687 1060 1803 1106 tuo.
1834 1051 2181 1121 Quapmpter

2303 1056 2374 1108 ιαί
2407 1052 2672 1123 πολυτελῆ
2701 1051 2962 1124 κειμήλια
2989 1049 3060 1103 τὰ
3090 1049 3224 1121 μέλη
3251 1065 3352 1120 μου
3383 1047 3502 1101 καὶ
3531 1042 3617 1096 τὰ
3657 1041 3911 1112 αἰσθητή-

599 1148 742 1203 labia
787 1165 906 1202 mea
935 1147 1072 1201 nihil
1109 1147 1257 1200 aliud
1304 1147 1654 1216 eloquentur,
1681 1143 1776 1201 sed
1812 1159 1950 1214 pura
2001 1149 2182 1198 casta-

2303 1164 2377 1201 ;ια
2409 1149 2476 1218 τῇ
2510 1149 2574 1217 σῇ
2600 1144 2868 1217 ἀφορίσας
2893 1141 3222 1214 λειτουργίᾳ.
3246 1141 3338 1194 Διὸ
3355 1141 3423 1194 τὰ
3466 1139 3596 1209 μὲν
3623 1135 3794 1205 χείλη
3823 1151 3911 1203 μου

597 1256 707 1309 que
731 1240 1125 1302 servabuntur,
1161 1247 1220 1291 ut
1243 1238 1355 1293 tuis
1381 1245 1578 1293 vacent
1607 1237 1826 1308 hymnis
1871 1244 1924 1291 et
1973 1249 2182 1291 sermo-

2303 1238 2434 1291 ιύδὲν
2465 1238 2650 1310 ἕτερον
2688 1236 2941 1307 λαλήσει,
2984 1235 3238 1303 ἀγνεύσει
3275 1233 3332 1288 δὲ
3389 1233 3501 1288 καὶ
3559 1228 3806 1298 καθαρὰ
3835 1245 3914 1295 ςυ-

600 1332 784 1387 nibus.
820 1331 945 1386 Vita
975 1339 1156 1385 autem
1195 1346 1314 1385 mea
1347 1331 1446 1384 tibi
1472 1327 1844 1384 benedicendo
1875 1335 2036 1382 nocte
2067 1325 2176 1379 die-

2303 1327 2632 1400 ιαχθήσεται,
2684 1328 2762 1390 εἰς
2796 1325 2857 1378 τὸ
2893 1324 3172 1395 σχολάζειν
3225 1325 3338 1385 τοῖς
3385 1324 3517 1384 σοῖς
3568 1319 3789 1388 ὕμνοις
3835 1319 3918 1368 καὶ

601 1441 708 1495 que
746 1440 960 1494 semper
983 1425 1264 1478 incumbet
1300 1442 1312 1476 :
1351 1438 1548 1477 manus
1597 1422 1847 1492 corporis
1893 1419 2022 1481 mei,
2053 1434 2184 1489 ope-

2303 1420 2462 1489 μάγοις
2481 1437 2494 1450 ⁸
2529 1421 2562 1490 ἡ
2604 1418 2659 1472 δὲ
2695 1417 2808 1490 ζωή
2845 1435 2948 1488 μου
2974 1417 3110 1488 αὐτη
3137 1416 3264 1487 περὶ
3287 1414 3347 1468 τὺ
3379 1414 3672 1480 εὐλογεῖν
3703 1427 3766 1462 σε
3795 1409 3918 1463 πάν-

2282 1529 2404 1565 τοτε
2454 1511 2670 1581 νύκτωρ
2722 1511 2818 1563 καὶ
2863 1510 2982 1581 μεθ’
3013 1510 3226 1581 ἡμέραν
3271 1506 3794 1579 ἀσχοληϐήσεται·
3836 1504 3920 1554 καὶ

605 1606 661 1660 in
699 1606 890 1668 altum,
922 1621 1090 1675 pravo
1120 1604 1316 1674 quovis
1347 1604 1594 1660 facinore
1633 1618 1798 1674 puras
1843 1600 2088 1666 elIeram,
2126 1607 2186 1654 ut

2303 1603 2384 1668 ιὰς
2427 1605 2616 1676 χεῖρας
2653 1601 2710 1656 δὲ
2758 1601 2850 1654 τοῦ
2896 1599 3145 1672 σώματός
3173 1618 3300 1672 μου.
3326 1600 3424 1664 τάς
3453 1615 3528 1652 τε
3571 1595 3680 1650 διὰ
3721 1594 3918 1648 τούτων

607 1697 745 1751 dicit
777 1696 998 1767 quidam
1033 1716 1045 1750 :
1082 1715 1098 1746 ι
1145 1693 1280 1748 Volo
1330 1695 1482 1750 viros
1534 1709 1718 1758 orare,
1747 1693 1992 1748 levantes
2019 1704 2187 1762 puras

2303 1696 2713 1767 επιτελουμένας
2741 1694 2988 1767 πράξεις,
3012 1697 3069 1748 ἐν
3109 1695 3184 1763 τῷ
3214 1692 3439 1764 ὀνόματί
3477 1708 3598 1744 σου
3649 1688 3784 1758 ἀρῶ
3834 1705 3920 1758 με·

607 1804 804 1844 manus
833 1788 952 1843 sine
984 1788 1065 1840 ira
1091 1796 1144 1841 et
1173 1785 1574 1855 disceptatione
1590 1785 1659 1840 ⁸⁸.
1701 1803 1719 1836 ι
1750 1783 1844 1838 Sic
1883 1789 2064 1836 autem
2106 1781 2188 1833 la-

2303 1789 2566 1861 ιεωρίζων
2597 1790 2676 1853 είς
2701 1787 2852 1859 ὖψος,
2883 1789 2976 1841 καὶ
3025 1787 3107 1840 σοὶ
3149 1785 3396 1857 καθαρὰς
3425 1785 3648 1854 πάσης
3691 1781 3919 1852 παρανό-

607 1881 697 1937 bia
731 1896 850 1938 mea
880 1891 934 1936 et
967 1896 1162 1935 tnanus
1195 1895 1326 1934 mea).
1359 1879 1456 1934 tibi
1486 1877 1935 1939 destinabuntur,
1960 1882 2020 1930 ut
2042 1872 2184 1928 labia

2303 1853 2685 1953 nou-npdgew;
2729 1853 3036 1945 ἐπιδεικνὺς
3087 1878 3256 1942 αὐτὰς
3290 1853 3430 1932 κατὰ
3471 1853 3599 1930 τὸν
3647 1876 3919 1946 φήσαντα·

610 1975 830 2046 quidem
873 1989 905 2026 a
936 1971 1288 2044 thyntiamate
1327 1970 1458 2026 boni
1500 1970 1687 2026 odoris
1729 1968 1864 2023 nihil
1891 1965 2184 2030 differant,

609 2081 807 2121 manus
829 2080 960 2121 vero
984 2068 1051 2120 ab
1069 2065 1275 2121 eilicaci
1307 2073 1361 2120 et
1395 2079 1526 2119 vero
1555 2062 1829 2118 sacrificio
1856 2075 1965 2116 non
1989 2060 2192 2114 discre-

610 2167 759 2228 pent,
810 2168 869 2212 ut
897 2166 1208 2228 opportune
1262 2157 1442 2211 dicam
1492 2154 1560 2210 de
1603 2154 1766 2210 labiis
1820 2152 1979 2216 meis,
2013 2168 2032 2202 ι
2070 2149 2190 2204 Fiat

611 2255 787 2308 oratio
820 2269 938 2308 mea
987 2252 1129 2307 sicut
1185 2253 1473 2306 incensum
1509 2249 1564 2303 in
1595 2255 1896 2319 conspectu
1926 2255 2021 2302 tuo
2045 2247 2119 2313 ⁸⁷;
2165 2265 2184 2298 ι

610 2348 679 2401 de
733 2347 993 2416 operibus
1053 2355 1258 2406 autem,
1296 2363 1314 2394 ι
1351 2341 1886 2397 Elevatiomanuum
1944 2356 2189 2395 mearum

611 2437 946 2494 sacriﬁcium
978 2435 1353 2506 vespertinum
1379 2434 1446 2489 ⁸⁸.
1480 2453 1498 2486 ι
1525 2432 1796 2504 Atque-ita
1817 2446 1950 2487 caro
1977 2439 2034 2488 et
2067 2446 2192 2486 cor-

613 2549 716 2601 pus
757 2545 936 2586 meum
967 2530 1277 2585 ministerio
1310 2540 1404 2583 tuo
1430 2525 1790 2590 addicentur;
1827 2525 2009 2580 anima
2063 2540 2194 2581 vero

616 2639 732 2679 mea
785 2622 1010 2692 majoris
1060 2637 1292 2678 consors
1321 2620 1428 2676 erit
1452 2619 1673 2674 virtutis
1709 2637 1722 2674 :
1756 2634 1929 2688 quare
1983 2617 2052 2674 de
2103 2617 2196 2672 illa

605 1531 774 1586 raque
796 1515 864 1570 iis
886 1515 1054 1578 edita,
1087 1514 1140 1566 in
1177 1515 1398 1568 nomine
1421 1521 1516 1566 tuo
1564 1512 1757 1567 levabo
1815 1510 2184 1578 extollamque

2293 1991 2314 2025 ι
2332 1973 2600 2045 Βούλομαι
2629 1974 2756 2038 τοὺς
2772 1973 2969 2044 ἄνδρας
2984 1970 3396 2044 ⁸προσεύχεσθαι
3423 1969 3802 2040 ἐπαίροντας
3819 1966 3920 2019 ὁσί-

2286 2083 2378 2128 ους
2406 2067 2591 2136 χεῖρας
2617 2063 2785 2135 χωρὶς
2818 2063 2985 2134 ὀργῆς
3003 2062 3096 2115 καὶ
3125 2059 3516 2131 διαλογισμῶν.
3570 2080 3594 2112 ι
3642 2058 3846 2122 Οὕτως
3872 2058 3922 2109 ἴε

2288 2156 2359 2210 τὰ
2375 2157 2528 2227 χείλη
2561 2173 2660 2228 μου
2687 2156 2782 2209 καὶ
2811 2157 2867 2208 αἱ
2888 2157 3068 2224 χεῖρες
3109 2152 3586 2226 ἁφορισθήσονταί
3613 2169 3735 2209 σοι.
3769 2151 3847 2214 ὡς
3865 2151 3920 2203 τὰ

2293 2248 2392 2320 μὲν
2434 2248 2586 2319 χείλη
2629 2247 2974 2318 θυμιάματος
3002 2245 3233 2310 εὐώδους
3260 2246 3320 2299 τὸ
3349 2245 3528 2317 μηθὲν
3593 2245 3920 2316 διαφέρειν,

2290 2341 2386 2404 τὰς
2414 2340 2472 2394 δὲ
2504 2342 2697 2412 χεῖρας
2728 2339 2921 2402 θυσίας
2965 2337 3223 2409 ἐνεργοῦς
3260 2339 3356 2392 καὶ
3379 2337 3678 2408 ἀληθινῆς
3717 2336 3798 2406 μὴ
3826 2335 3921 2387 λεί-

2293 2434 2524 2488 πεσθαι·
2577 2433 2654 2498 ὡς
2692 2433 2867 2486 εἰπεῖν
2923 2449 2990 2503 με
3045 2431 3319 2503 εὐκαίρως
3353 2431 3480 2502 περὶ
3521 2431 3642 2501 μὲν
3673 2427 3795 2480 τῶν
3826 2443 3918 2496 χει-

2291 2527 2432 2581 λέων
2465 2544 2571 2597 μου
2599 2525 2681 2594 τὸ,
2713 2544 2734 2575 ι
2771 2525 3061 2597 Γενηθήτω
3086 2526 3120 2596 ή
3153 2525 3428 2597 προσευχή
3475 2540 3594 2594 μου
3641 2521 3730 2585 ὡς
3765 2519 3920 2590 θυμί-

2280 2635 2411 2692 ἀμα
2455 2618 2688 2674 ἐνώπιόν
2745 2635 2872 2672 σου·
2935 2639 2953 2671 ι
2988 2619 3116 2691 περὶ⁵
3155 2617 3211 2671 δὲ
3239 2617 3358 2671 τῶν.
3394 2615 3671 2689 πράξεών
3707 2632 3813 2687 μου
3839 2615 3914 2674 τό,

613 2714 778 2769 dico:
815 2731 835 2764 ι
882 2711 1038 2766 Sicut
1063 2711 1224 2781 adipe
1252 2718 1306 2766 et
1341 2709 1670 2782 pinguedine
1711 2709 1990 2780 repleatur
2010 2707 2194 2762 anima

612 2820 755 2861 mea.
798 2823 818 2857 ι
871 2802 1060 2873 Neque
1083 2804 1229 2858 enim
1287 2802 1405 2874 pari
1455 2811 1619 2874 atque
1674 2817 1877 2871 corpus
1931 2800 2146 2856 ratione
2177 2839 2193 2865 ,

613 2895 796 2950 anima
832 2894 1016 2959 labiis,
1049 2905 1142 2948 aut
1175 2893 1453 2958 manibus,
1481 2903 1576 2948 aut
1609 2893 1716 2948 alia
1751 2892 2006 2964 quapiam
2045 2899 2198 2963 parte

615 2987 700 3043 vel
741 2987 1024 3054 membro;
1057 2987 1154 3043 sed
1197 2987 1319 3057 ipsa
1346 2994 1461 3041 tota
1493 3002 1557 3042 ac
1595 3001 1691 3054 per
1736 3001 1796 3042 se
1843 2985 2198 3056 praastantior

615 3080 764 3136 omni
805 3080 1078 3134 sacriﬁcio
1124 3078 1455 3143 holocausti,
1499 3077 1764 3149 omni‘que
1802 3077 2029 3132 animali
2077 3077 2199 3147 pin-

615 3173 708 3244 gui
733 3173 892 3244 adipe
919 3182 974 3228 et
1005 3171 1344 3242 pinguedine
1379 3170 1608 3235 referto,
1639 3171 1738 3226 tibi
1778 3170 1890 3226 Deo
1920 3170 2201 3236 oﬂ‘eretur,

616 3265 1018 3335 pretiosiorque
1045 3265 1239 3328 vitulo,
1269 3273 1424 3319 tauro
1460 3278 1524 3319 ac
1556 3263 1752 3335 quovis
1774 3263 1936 3318 bruto
1967 3263 2198 3318 animali

617 3357 714 3412 abs
745 3363 800 3412 te
825 3355 1191 3426 reputabitur.
1223 3354 1405 3422 Quare
1460 3355 1603 3410 hanc
1642 3355 2061 3426 pinguissimam
2102 3370 2199 3410 ac-

615 3456 938 3520 ceptamque
970 3448 1067 3502 tibi
1107 3447 1366 3512 hostiam,
1395 3448 1637 3502 animam
1677 3449 1803 3503 dico
1853 3463 2055 3512 meam,
2101 3448 2200 3503 tibi

615 3541 832 3596 dicabo.
864 3540 1042 3610 Atque
1072 3539 1174 3594 hac
1198 3539 1265 3595 de
1289 3555 1457 3596 causa
1489 3541 1720 3610 gratiam
1757 3540 1855 3595 tibi
1891 3539 2197 3611 professus.

619 3635 780 3705 pleno
811 3649 908 3688 ore
956 3632 1200 3704 ipsisque
1253 3633 1416 3688 labiis
1459 3633 1662 3704 gaudio
1708 3632 1932 3703 repletis
1965 3641 2020 3689 te
2052 3635 2198 3690 cele-

617 3725 789 3780 brabo
822 3744 836 3780 :
875 3723 1002 3779 ideo
1056 3724 1137 3780 sic
1174 3726 1371 3796 loquor
1403 3744 1416 3780 :
1455 3745 1473 3777 ι
1503 3725 1570 3779 Ει
1602 3725 1764 3781 labiis
1811 3726 2201 3784 exsultationis

618 3817 862 3873 laudabit
895 3833 957 3874 os
989 3833 1204 3886 meum;
1231 3837 1250 3872 ι
1271 3819 1410 3885 sive,
1446 3821 1748 3876 secundum
1791 3819 2201 3891 Symmachum,

623 3929 643 3960 ε
677 3909 742 3964 Ει
763 3910 922 3966 labiis
947 3910 1348 3967 benedictionis
1371 3911 1672 3968 celebrabit
1707 3927 1770 3966 os
1795 3927 1998 3966 meum.
2035 3932 2054 3965 ι

2301 2730 2318 2764 ι
2353 2711 2626 2782 Ἔπαρσις
2662 2709 2776 2762 τῶν
2809 2709 3009 2782 χειρῶν
3045 2726 3146 2780 μου
3186 2709 3347 2763 θυσία
3377 2709 3688 2780 ἐσπερινή.
3761 2725 3784 2759 ι
3817 2706 3916 2774 Καὶ

2296 2805 2334 2874 ή
2367 2802 2466 2875 μὲν
2499 2802 2638 2875 σάρξ
2680 2805 2775 2858 καὶ
2815 2803 2874 2858 τὸ
2911 2804 3068 2875 σῶμα
3102 2802 3276 2867 οὕτως
3300 2802 3724 2872 ἀνατεθήσεται
3754 2803 3819 2870 τῇ
3849 2803 3912 2869 σῇ

2295 2893 2624 2966 λειτουργίᾳ·
2643 2897 2675 2967 ή
2693 2896 2750 2950 δὲ
2773 2895 2918 2968 ψυχή
2945 2914 3046 2968 μου
3077 2896 3320 2960 πλείονος
3343 2894 3560 2966 μεθέξει
3586 2895 3910 2964 δυνάμεωςο

2297 2985 2378 3039 διὸ
2409 2987 2499 3040 καὶ
2531 2988 2660 3060 περὶ
2708 2989 2878 3060 αὐτῆς
2909 3006 3087 3060 φημι·
3139 3008 3158 3039 ι
3205 2988 3348 3041 Ὠσεὶ
3391 2987 3629 3051 στέατος
3667 2986 3772 3040 καὶ
3799 2984 3906 3036 πιό-

2301 3096 2464 3152 τητος
2505 3079 2846 3152 ἐμπλησθείη
2878 3083 2910 3152 ἡ
2937 3081 3081 3151 ψυχή
3119 3098 3240 3152 μου.
3279 3100 3304 3134 ι
3331 3081 3528 3134 Οὐκέτι
3559 3079 3685 3152 γὰρ
3717 3075 3908 3150 ὁμοίως

2298 3173 2377 3246 τῷ
2406 3173 2619 3247 σώματι
2655 3176 2749 3230 καὶ
2801 3178 2838 3246 ή
2869 3174 3015 3247 ψυχή
3059 3174 3295 3246 χείλεσιν
3340 3175 3463 3228 οὐδὲ
3516 3174 3754 3245 χερσὶν,
3797 3167 3904 3221 οὐδὲ

2301 3266 2442 3322 κατά
2468 3284 2522 3320 τι
2559 3267 2725 3349 μέρος
2751 3267 2784 3338 ἥ
2823 3268 2983 3339 μέλος
3011 3268 3220 3340 ἕτερον,
3251 3267 3346 3338 ὅλη
3375 3265 3431 3320 δέ
3459 3265 3601 3337 αὕτη
3640 3262 3774 3318 καθ’
3796 3263 3906 3314 ἐαυ-

2296 3362 2394 3434 τὴν
2449 3362 2591 3434 ὑπὲρ
2634 3363 2812 3416 πᾶσαν
2857 3362 3148 3416 όλόκαυτον
3213 3361 3428 3426 θυσίαν,
3467 3359 3568 3412 καὶ
3621 3357 3777 3427 ὑπὲρ
3811 3354 3910 3408 τά*

2301 3456 2440 3522 ζῶον
2480 3456 2749 3529 εὐτραφὲς
2785 3456 3041 3526 πιότητος
3070 3455 3167 3511 καὶ
3222 3455 3445 3517 στέατος
3478 3453 3682 3522 γέμον,
3713 3450 3799 3502 σοὶ
3837 3445 3912 3515 τῷ

2301 3549 2420 3620 Θεῷ
2440 3549 2956 3621 προσενεχθήσεται,
2979 3549 3180 3620 μόσχου
3211 3548 3306 3602 καὶ
3332 3547 3558 3618 ταύρου,
3587 3546 3691 3600 καὶ
3716 3540 3906 3601 παντὸς

2303 3639 2500 3709 ἀλόγου
2530 3638 2668 3704 ξώου
2698 3638 3004 3710 τιμιωτέρα
3055 3637 3208 3710 παρὰ
3262 3638 3346 3691 σοὶ
3395 3634 3791 3707 λελογισμένη.
3825 3631 3910 3683 Διὸ

2305 3733 2400 3785 καὶ
2441 3733 2647 3804 ταύτην
2683 3749 2765 3785 σοι
2799 3732 3060 3802 πιοτάτην
3096 3732 3189 3784 καί
3245 3747 3329 3784 σοι
3371 3729 3656 3800 προσφιλῆ
3695 3725 3900 3784 θυσίαν,

2306 3821 2533 3892 λέγωδὲ
2572 3824 2671 3895 τήν
2704 3823 2946 3896 ἐμαυτοῦ
2977 3823 3178 3894 ψυχήν,
3211 3822 3487 3893 ἀναθήσω.
3530 3822 3658 3875 Ἐπὶ
3701 3817 3901 3877 τούτοις

2306 3933 2368 3968 τε
2405 3915 2636 3988 Χάριτας
2666 3915 2946 3988 ὁμολογῶν
2971 3917 3076 3988 ὅλῳ
3101 3916 3177 3988 τῷ
3205 3917 3433 3986 στόματι
3461 3917 3554 3970 καὶ
3579 3917 3774 3977 αὐτοῖς
3795 3909 3902 3981 χείο

616 4005 734 4058 λεσι
767 4006 942 4077 χαρᾶς
974 4004 1425 4077 πεπληρωμένοις
1455 4007 1750 4077 ἀνυμνήσω
1785 4023 1844 4059 σε
1866 4021 1882 4037 ·
1914 4006 1995 4060 διό
2026 4023 2169 4078 φημι
2189 4023 2204 4039 ·
2249 4027 2267 4059 ‹
2308 4009 2418 4062 Kal
2444 4009 2603 4082 χείλη
2639 4009 3012 4078 ἀγαλλιάσεως
3038 4012 3240 4065 αἰνέσει
3299 4010 3362 4064 τὸ
3393 4009 3567 4082 στόμα
3604 4027 3712 4081 μου
3754 4023 3772 4040 ο
3821 4025 3840 4056 ι
3868 4003 3896 4073 ἦ

619 4100 762 4156 κατὰ
805 4101 897 4154 τὸν
952 4100 1276 4173 Σύμμαχον·
1313 4121 1332 4154 ι
1387 4103 1497 4156 Καὶ
1539 4100 1628 4155 διὰ
1673 4101 1896 4172 χειλέων
1947 4101 2226 4174 εὐφήμων
2249 4104 2483 4177 ὑμνήσει
2511 4105 2572 4160 τὸ
2607 4105 2782 4176 στόμα
2810 4123 2934 4177 μου.
2967 4126 2986 4160 ι

691 4215 860 4272 Vens.
919 4217 1031 4272 7-9.
1071 4236 1090 4269 (
1130 4215 1188 4272 Si
1236 4233 1446 4273 memor
1499 4217 1577 4272 fui
1626 4219 1704 4273 tui
1746 4236 1911 4290 super
1970 4228 2204 4277 stratum

621 4326 829 4375 meum,
859 4311 918 4366 in
972 4311 1264 4368 matutinis
1308 4313 1615 4370 meditabar
1663 4313 1719 4368 in
1766 4320 1842 4379 te,
1866 4313 1997 4385 quia
2048 4311 2204 4370 fuisti

621 4398 842 4468 adjutor
881 4415 1058 4454 meus.
1098 4398 1160 4454 Et
1191 4400 1246 4454 in
1280 4401 1589 4457 velamento
1620 4403 1831 4458 alarum
1859 4413 2076 4459 tuarum
2111 4418 2208 4460 ειν

2382 4238 2401 4271 ι
2436 4222 2498 4275 El
2527 4223 2896 4295 ἐμνημόνευόν
2945 4238 3040 4274 σου
3085 4219 3178 4272 ἐπὶ
3220 4219 3321 4290 τῆς
3355 4217 3646 4290 στρωμνῆς
3685 4230 3812 4287 μου,
3847 4211 3897 4262 ὲν

2306 4315 2419 4376 τοῖς
2462 4313 2682 4385 ὅρθροις
2718 4312 2995 4385 ἐμελέτων
3028 4312 3108 4373 εἰς
3160 4309 3242 4374 σὲ,
3270 4309 3354 4362 ὃτι
3400 4307 3670 4378 ὲγενήθης
3716 4299 3896 4375 βοηθός

2311 4422 2434 4476 μου.
2470 4406 2582 4458 Καὶ
2625 4406 2684 4459 ἐν
2730 4407 2796 4476 τῇ
2850 4403 3031 4476 σκέπῃ
3061 4401 3170 4455 τῶν
3196 4399 3482 4472 πτερύγων
3513 4414 3608 4451 σου
3646 4393 3812 4466 ἀγάλ)
3825 4390 3898 4444 ιά-

623 4489 864 4556 sultabo,
901 4489 1134 4544 adhaesit
1169 4491 1352 4546 anima
1400 4507 1518 4546 mea
1565 4501 1692 4563 post
1717 4501 1790 4560 te,
1839 4510 1926 4550 me
1961 4494 2200 4565 suscepit

2314 4513 2505 4568 σομαι,
2527 4496 2792 4569 ἐκολλήθη
2835 4499 2868 4568 ή
2906 4495 3052 4566 ψυχή
3087 4511 3189 4566 μου
3221 4494 3397 4550 ὀπίσω
3431 4509 3547 4554 σου,
3575 4488 3712 4560 ἐμοῦ
3738 4486 3796 4541 δὲ
3822 4484 3897 4580 θν-

624 4582 846 4636 dextera
889 4587 1002 4635 tua.
1045 4599 1063 4632 ι
1102 4580 1238 4636 Cum
1282 4582 1339 4637 in
1394 4582 1612 4638 deserto
1652 4583 1859 4640 Iudaeae-
1899 4591 2200 4640 versaretur

2311 4585 2579 4641 τελάῦετο.
2616 4589 2652 4658 ή
2692 4586 2843 4654 δεξιά
2886 4605 3001 4642 σου.
3043 4588 3130 4640 Ἐν
3155 4588 3222 4657 τῇ
3257 4585 3448 4656 ἐρήμῳ
3489 4581 3591 4652 τῆς
3645 4574 3892 4634 ἰουδαίας

625 4672 964 4729 admirabilis
1004 4675 1097 4730 ille
1126 4673 1316 4738 David,
1353 4691 1463 4730 non
1497 4677 1760 4731 animalia
1798 4677 2208 4735 immolaturum

625 4781 705 4830 se,
736 4781 914 4836 neque
936 4767 1226 4822 brutorum
1261 4784 1545 4838 pecorum,
1591 4769 1687 4826 sed
1732 4780 2070 4830 memoratas
2114 4788 2209 4828 su-

627 4853 814 4924 perius
838 4855 1154 4918 verborum,
1187 4872 1416 4926 operum
1444 4866 1500 4914 et
1530 4857 1703 4930 ipsius
1737 4861 1936 4918 anima:
1971 4861 2207 4928 hostias,

625 4947 933 5016 pollicetur.
972 4947 1089 5002 Sub
1119 4948 1236 5003 11320
1272 4957 1454 5005 autem
1485 4966 1594 5020 qua
1623 4953 2012 5023 temperantia,
2043 4967 2212 5026 quam

627 5041 866 5110 perfecta
915 5042 1166 5098 castitate
1219 5043 1478 5112 praeditus
1523 5052 1710 5110 esset,
1766 5044 1876 5101 Deo
1919 5045 2210 5102 declarat:

623 5149 795 5204 quare
823 5134 936 5188 ait:
963 5153 984 5186 ι
1012 5133 1068 5188 Si
1099 5150 1308 5188 memor
1336 5134 1415 5189 fui
1438 5137 1517 5191 tui
1553 5152 1720 5208 super
1749 5143 1983 5192 stratum
2006 5154 2210 5203 meum,

627 5227 682 5279 in
749 5225 1040 5281 matutinis
1096 5225 1404 5280 meditabar
1454 5226 1510 5282 in
1562 5235 1646 5294 te;
1687 5248 1706 5280 ι
1745 5227 1862 5283 sive
1907 5230 2219 5288 secundum

628 5316 1059 5388 Symmachum,
1119 5336 1138 5368 ι
1195 5316 1535 5376 Recordatus
1606 5321 1686 5375 tui
1741 5336 1907 5392 super
1978 5329 2212 5380 stratum

630 5425 831 5473 meum,
869 5424 965 5479 per
994 5409 1238 5480 singulas
1267 5410 1550 5467 custodias
1589 5411 1894 5468 meditabar
1933 5420 2006 5472 te.
2048 5434 2071 5467 ι
2099 5414 2210 5472 Ne-

629 5518 735 5572 que
759 5499 904 5554 enim
943 5500 1053 5555 alio
1088 5500 1250 5555 modo
1277 5509 1541 5571 poteram,
1569 5502 1784 5574 inquit,
1814 5505 1881 5559 ad
1918 5513 1971 5561 te
1996 5505 2064 5562 de
2090 5507 2212 5562 luce

632 5593 880 5664 vigilare,
911 5609 1088 5663 neque
1112 5593 1386 5663 precando
1407 5594 1612 5660 dicere,
1645 5615 1664 5648 ι
1698 5595 1842 5652 Deus
1870 5596 2011 5653 Deus
2037 5615 2210 5664 meus,

634 5687 700 5743 ad
731 5696 784 5742 te
817 5686 885 5740 de
913 5687 1033 5743 luce
1061 5687 1244 5759 vigilo,
1286 5707 1306 5741 ι
1334 5687 1441 5744 nisi
1477 5703 1676 5759 purum
1723 5696 1958 5744 stratum
1988 5690 2209 5749 habuis-

705 5840 751 5873 ⁸⁸
791 5841 807 5895 I
846 5839 987 5895 Tim.
1021 5857 1082 5906 ll,
1121 5839 1154 5895 8
1250 5840 1292 5872 ⁸⁷
1337 5839 1479 5899 I’snl.
1517 5857 1652 5910 CXL,
1688 5842 1741 5899 Ξ.
1826 5843 1869 5875 ⁸⁸
1910 5845 2038 5900 ibid.

2312 4677 2611 4751 διατρίϐων
2630 4681 2658 4732 ό
2685 4678 2987 4751 θαυμάσιος
3019 4678 3202 4742 Δαυῖδ,
3229 4677 3290 4732 οὑ
3319 4675 3433 4741 ζῶα
3461 4673 3608 4728 θύειν
3636 4663 3894 4738 ἐπαγγέλ·

2312 4769 2483 4836 λεται,
2508 4771 2632 4825 οὐδὲ
2659 4770 2758 4836 τὰς
2779 4771 2839 4839 ἐξ
2871 4771 3081 4841 ἀλόγων
3115 4770 3450 4843 θρεμμάτων
3477 4767 3688 4832 θυσίας,
3719 4763 3816 4828 τὰς
3838 4758 3892 4813 δὲ

2315 4861 2704 4935 προλεχθείσας
2752 4863 2840 4918 διὰ
2885 4863 3059 4933 λόγων
3109 4863 3206 4918 καὶ
3263 4861 3540 4933 πράξεων,
3573 4861 3669 4914 καὶ
3725 4851 3890 4928 ψυχῆς

2318 4956 2507 5027 αὐτῆς.
2546 4953 2657 5009 Εἶτ’
2681 4957 2776 5010 ἐπὶ
2801 4956 3013 5020 τούτοις
3039 4955 3118 5027 τῷ
3143 4955 3262 5026 Θεῷ
3293 4955 3565 5009 δείκνυσιν
3599 4953 3746 5015 ὅπως
3777 4943 3887 5003 ἀνέ-

2319 5061 2469 5102 χειτο
2520 5045 2846 5119 σωφροσύνῃ
2885 5047 2981 5099 καὶ
3028 5045 3296 5099 παντελεέ
3329 5045 3548 5115 ἁγνείᾳ·
3584 5042 3667 5096 διό
3706 5049 3887 5111 φησιν·

2325 5153 2354 5190 ι,
2390 5137 2454 5191 Εἰ
2497 5138 2867 5210 ἐμνημόνευόν
2904 5153 2998 5191 σου
3046 5139 3142 5192 ἐπὶ
3189 5138 3289 5209 τῆς
3341 5136 3631 5208 στρωμνῆς
3695 5149 3813 5206 μου,
3838 5129 3888 5180 έν

2318 5233 2431 5294 τοῖς
2457 5229 2674 5304 ὅρθροις
2697 5231 2966 5304 ἐμελέτων
2988 5233 3068 5298 είς
3089 5233 3171 5287 σέ·
3194 5251 3212 5286 ι
3240 5232 3273 5304 ἢ
3305 5231 3446 5286 κατὰ
3463 5229 3555 5283 τὸν
3580 5227 3652 5282 Σύ
3661 5233 3884 5300 μμαχσΨ

2324 5342 2343 5374 ι
2393 5325 2965 5398 Ἀναμιμνησκόμενός
2998 5345 3091 5380 σου
3133 5327 3226 5379 ἐπὶ
3265 5324 3376 5395 τῆς
3425 5323 3719 5394 στρωμνῆς
3773 5329 3882 5388 μου,

2318 5415 2438 5468 καθ’
2476 5415 2977 5491 ἑκάστηνιφυλακὴν
3006 5416 3277 5489 ἐμελέτων
3303 5433 3390 5469 σε.
3414 5415 3536 5468 »οὐ
3567 5411 3680 5484 γὰρ
3711 5407 3883 5464 ἄλλως,

2320 5509 2508 5579 φησιν,
2545 5502 2660 5575 δῖός
2701 5527 2760 5563 τε
2801 5512 2949 5584 ἢμην
2977 5511 3113 5583 πρὸς
3163 5511 3224 5564 σὲ
3259 5507 3556 5582 ὀρθρίξειν,
3582 5505 3705 5560 οὐδὲ
3731 5501 3883 5568 λέγειν

2319 5603 2640 5674 εὐχόμενοςτ
2675 5622 2692 5656 ι
2726 5605 2783 5656 '0
2814 5605 2947 5669 Θεὸς
2970 5607 2998 5659 ό
3027 5605 3159 5668 Θεός
3197 5621 3320 5674 μου,
3345 5601 3482 5673 πρὸς
3506 5599 3566 5653 σὲ
3592 5593 3835 5671 όρθρίζω.
3861 5606 3878 5638 ι

2321 5697 2368 5748 εἰ
2404 5695 2478 5768 μὴ
2514 5694 2769 5770 καθαρὰν
2797 5698 3111 5770 ἐκεκτήμην
3166 5696 3264 5770 τὴν
3318 5693 3608 5767 στρωμνήν
3630 5732 3643 5746 .
3685 5680 3884 5759 Ἑγινώο
