4086 6442
243 408 366 466 ⁸609

1425 389 1930 451 ΕΟΜΜΕΝΤΛΒΙΔ
1973 386 2037 444 IN
2073 387 2416 446 PSALMOS.

3422 394 3529 450 διο

261 541 424 580 σκετο
477 523 536 577 δέ
587 538 689 593 μου
739 522 773 591 ἡ
825 516 1135 590 καθαρότης
1175 515 1276 571 οὐκ
1306 515 1527 570 άλλοθεν
1552 515 1588 586 ἢ
1616 515 1727 568 ἀπὸ
1750 512 1842 566 τοῦ

1977 526 2086 568 cm.
2118 509 2357 582 Meaeque
2388 507 2645 580 puritatis
2676 524 2787 566 non
2821 508 2969 566 aliud
3003 508 3194 566 aderat
3236 523 3533 582 argumen-

261 617 407 673 κατὰ
431 613 522 669 τὸν
553 613 748 686 ὄρθρον
779 612 847 666 τὰ
875 611 943 665 σὰ
978 611 1207 682 μελετᾷν
1234 608 1408 678 λόγια.
1439 607 1610 679 Δῆλον
1637 606 1748 679 γὰρ
1777 601 1846 676 ἦν

259 711 330 764 ἐκ
361 706 551 762 τούτου
582 703 704 777 μηδ’
731 703 860 759 ἄλλο
891 721 948 758 τι
971 702 1232 774 πράττειν
1265 718 1332 773 με
1360 700 1460 765 τὰς
1478 699 1700 762 νύκτας,
1729 698 1763 769 ἢ
1788 697 1848 751 σέ

259 800 356 855 τὸν
380 799 512 854 Θεὸν
543 798 651 871 πρὸ
687 796 978 868 ὀφθαλμῶν
1015 795 1180 868 ἔχειν.
1217 793 1373 848 Κατὰ
1404 793 1461 848 δέ
1497 792 1588 847 τδν
1623 791 1850 864 Σύμμα-

260 910 359 965 χον
390 889 636 959 λέγοντα,
665 905 685 938 ι
711 886 832 942 καθ’
860 886 1098 958 ἑκάστην
1129 883 1375 956 φυλακὴν
1397 881 1667 954 ἐμελέτων
1705 898 1786 945 σε,
1824 899 1844 934 ι

261 984 362 1037 καὶ
389 981 533 1036 κατὰ
551 979 643 1034 τὸν
680 978 912 1032 Ἀκύλαν
943 977 1212 1049 φήσαντα,
1243 993 1262 1027 ι
1298 977 1357 1030 ἐν
1391 973 1660 1044 φυλακαῖς
1685 971 1850 1042 φθέγ-

261 1069 514 1142 γομαιίω
548 1068 651 1131 σοὶ,
696 1087 715 1118 ι
752 1066 946 1138 δηλοῦν
996 1065 1141 1120 ἔοικε
1185 1064 1286 1130 τὰς
1329 1063 1657 1136 νυκτερινὰς
1701 1062 1851 1136 ὧρας

261 1157 555 1214 ἀσκεῖσθαι
583 1159 704 1220 ταῖς
745 1156 855 1210 τῶν
897 1155 1056 1210 θείων
1095 1154 1324 1229 Γραφῶν
1359 1153 1630 1227 μελέταις.
1653 1153 1852 1226 Διῄρη-

261 1269 358 1304 ται
411 1251 511 1322 μὲν
543 1249 653 1323 γὰρ
696 1252 726 1303 6
764 1250 872 1314 πᾶς
914 1248 1016 1320 τῆς
1059 1249 1253 1313 νυκτὸς
1278 1249 1467 1321 χρόνος
1496 1249 1576 1313 εἰς
1605 1247 1853 1318 φυλακὰς

262 1342 555 1416 διαφόρους
573 1360 587 1374 ο
617 1341 758 1396 οῦτω
784 1341 909 1410 γοῦν
943 1341 1156 1414 εἴρηται
1176 1341 1234 1394 ἐν
1257 1341 1596 1410 εὐαγγελίοις
1619 1341 1855 1413 τετάρτῃ

267 1437 486 1508 φυλακῇ
533 1433 806 1507 ἐληλυθὼς
829 1436 858 1488 ό
891 1433 1080 1506 Σωτὴρ
1113 1433 1250 1506 πρὸς
1287 1434 1415 1498 τοὺς
1451 1431 1717 1504 μαθητάς.
1743 1433 1855 1486 Καὶ

267 1528 505 1601 ἀλλαχοῦ
538 1529 596 1582 δὲ
625 1527 786 1591 αὐτός
813 1545 946 1599 φησι
965 1543 978 1558 ·
1019 1547 1037 1577 ι
1076 1527 1424 1598 Γρηγορεῖτε,
1442 1526 1525 1580 ὅτι
1551 1526 1651 1580 οὐκ
1677 1524 1855 1578 οἴδατε

271 1625 404 1696 ποίᾳ
448 1623 661 1695 φυλακῇ
689 1625 718 1676 6
749 1621 956 1694 Κύριος
1007 1620 1163 1692 ὐμῶν
1205 1620 1424 1693 ἔρχεται
1446 1635 1460 1650 ο
1491 1637 1512 1672 ι
1544 1619 1641 1673 καὶ
1669 1618 1852 1673 πάλινο

275 1737 302 1771 ‹
325 1719 529 1772 Ἐκεῖνο
557 1716 613 1769 δὲ
641 1713 961 1784 γινώσκετε,
995 1713 1098 1776 ὅτι,
1124 1713 1174 1766 εἰ
1217 1711 1334 1784 ᾔδει
1383 1712 1413 1763 ό
1469 1710 1857 1782 οἰκοδεσπότης

271 1811 413 1882 ’ποίᾳ
437 1808 648 1879 φυλακῇ
675 1809 704 1861 6
743 1805 982 1877 κλέπτης
1009 1804 1250 1877 ἔρχεται.
1283 1823 1302 1857 ι
1340 1803 1398 1858 '0
1433 1803 1490 1856 δέ
1516 1821 1580 1873 γε
1607 1802 1857 1876 θεοφιλὴς

1955 614 2092 669 tum,
2125 618 2288 674 quam
2330 603 2476 675 quod
2527 603 2772 660 diluculo
2815 605 3032 676 eloquia
3083 604 3384 661 meditarer
3414 615 3529 662 tua.

1954 695 2092 750 Hinc
2117 694 2264 750 enim
2291 695 2466 764 palam
2502 701 2644 759 erat,
2675 709 2764 750 me
2792 695 2940 750 aliud
2971 695 3110 750 nihil
3146 702 3314 751 noctu
3345 711 3532 769 agerc,

1954 803 2119 860 quam
2147 795 2203 843 te
2235 786 2403 843 Deum
2435 801 2547 858 prae
2578 787 2755 844 oculis
2789 787 3014 844 habere.
3036 787 3348 844 Secundum
3374 790 3536 862 Sym-

1955 879 2212 936 machum
2255 888 2461 947 autem,
2491 878 2586 951 qui
2623 881 2706 938 sic
2737 881 2936 947 habet,
2969 899 2989 932 ‹
3027 896 3128 952 per
3155 884 3402 955 singulas
3432 898 3531 938 eu-

1955 972 2164 1029 stodias
2207 970 2512 1027 meditabar
2536 978 2613 1033 te,
2655 990 2675 1026 ι
2725 979 2781 1028 et
2807 973 3111 1028 secundum
3157 972 3410 1046 Aquilam
3449 975 3536 1028 di-
3597 1007 3603 1013 ι

1959 1074 2197 1130 centcm,
2234 1083 2253 1116 ι
2293 1065 2351 1120 in
2410 1063 2677 1120 custodiis
2737 1063 2935 1136 loquor
2979 1067 3034 1121 in
3087 1073 3171 1132 te,
3211 1086 3231 1120 ι
3289 1067 3534 1124 indicare

1956 1156 2247 1213 videbatur
2276 1171 2336 1212 se
2365 1157 2658 1212 nocturnis
2689 1155 2843 1213 horis
2866 1157 3178 1212 divinarum
3218 1155 3525 1229 Scriptura-

1958 1264 2081 1304 rum
2147 1246 2492 1304 meditationi
2543 1263 2762 1305 vacare.
2813 1247 3005 1308 Noctis
3057 1249 3259 1320 quippe
3319 1257 3535 1321 tempus

1959 1349 2132 1396 totum
2182 1341 2240 1396 in
2276 1341 2456 1398 varias
2491 1341 2776 1398 custodias
2808 1335 3164 1399 distributum
3195 1351 3319 1399 est:
3355 1343 3434 1399 sic
3481 1344 3535 1398 in

1960 1432 2254 1505 Evangelia
2284 1432 2540 1488 Salvator
2568 1441 2765 1505 quarta
2796 1435 2977 1490 noctis
2999 1436 3247 1491 euswdia
3282 1434 3348 1490 ad
3378 1435 3542 1490 disci-

1961 1525 2121 1596 pulos
2156 1525 2373 1583 venisse
2410 1526 2633 1583 dicitur.
2680 1526 2825 1582 Alibi
2863 1541 2996 1582 vero
3025 1526 3144 1597 ipse
3164 1527 3299 1582 dicit
3335 1546 3348 1581 :
3385 1546 3405 1578 ι
3440 1525 3537 1582 Vi-

1961 1619 2148 1690 gilatc,
2185 1620 2312 1691 quia
2338 1618 2563 1676 nescitis
2603 1634 2712 1691 qua
2749 1618 3001 1675 custodia
3046 1617 3310 1675 Dominus
3355 1627 3540 1675 vester

1962 1711 2145 1767 veniet
2163 1712 2241 1780 lt;
2273 1731 2290 1763 ι
2319 1735 2321 1737 ί
2349 1727 2414 1768 ac
2467 1727 2691 1768 rursum
2727 1729 2742 1766 :
2784 1730 2803 1763 ι
2843 1710 2981 1766 ll'lud
3051 1718 3232 1767 autem
3297 1711 3492 1766 scitote
3521 1753 3538 1778 ,

1963 1802 2092 1872 quia
2122 1803 2170 1858 si
2207 1801 2373 1859 sciret
2417 1802 2814 1874 paterfamilias
2842 1817 2948 1873 qua
2971 1801 3222 1858 custodia
3272 1801 3361 1856 fur
3409 1817 3541 1857 ven-

277 1903 374 1958 καὶ
402 1902 479 1974 τῷ
497 1900 616 1972 Θεῷ
649 1898 1037 1970 ἀνακείμενος,
1065 1897 1616 1970 ἁναμιμνησκόμενος
1647 1897 1740 1950 ἐπὶ
1765 1895 1866 1966 τῆς

1974 1903 2125 1950 turus
2163 1896 2394 1951 esset".
2438 1913 2458 1948 ι
2497 1894 2597 1950 V'ir
2639 1909 2807 1966 porro
2857 1896 2950 1951 ille
2997 1895 3290 1966 religiosus
3333 1902 3388 1950 et
3430 1892 3542 1951 Deo

275 1995 474 2052 ἐαυτοῦ
517 1992 812 2066 στρωμνῆς
861 1990 957 2045 τοῦ
990 1989 1147 2055 Θεοῦ,
1183 1989 1409 2044 ἄσπιλόν
1449 2007 1510 2042 τε
1550 1989 1719 2062 αὐτὴν
1769 1990 1865 2044 καὶ

269 2089 470 2162 ἁγνὴν,
505 2088 600 2141 καὶ
621 2086 884 2158 ἀμίαντον
925 2084 1229 2156 φυλάττων,
1265 2082 1388 2136 καθ’
1427 2082 1664 2155 ἑκάστην
1696 2081 1866 2152 φυλα-

267 2183 383 2254 κὴν
423 2181 526 2252 τῆς
555 2179 750 2243 νυκτὸς
794 2177 1154 2248 ἀνιστάμενος
1172 2216 1187 2241 ,
1223 2177 1412 2247 εὐχαῖς
1458 2179 1736 2248 προσεῖχε,
1772 2178 1867 2230 καὶ

275 2278 392 2339 τοῖς
411 2273 576 2338 θείοις
609 2273 890 2342 ἐνησκείτο
919 2269 1236 2342 μαθήμασιν
1253 2284 1268 2299 ο
1298 2267 1327 2322 ὃ
1350 2268 1414 2340 δὴ
1442 2267 1706 2322 διδάσκων
1727 2268 1868 2322 κατὰ

276 2369 371 2424 τὸν
425 2366 720 2437 Σύμμαχον
778 2361 996 2431 ἐλεγενο
1053 2377 1074 2410 ι
1138 2357 1714 2430 ’Λναμιμνησκόμενός
1771 2375 1866 2412 σου

278 2461 374 2516 ἐπὶ
424 2458 526 2529 τῆς
592 2453 881 2528 στρωμνῆς
937 2469 1061 2525 μου,
1141 2449 1264 2504 καθ’
1324 2449 1563 2522 ἑκάστην
1621 2449 1866 2520 φυλακὴν

271 2553 574 2626 ἐμελέτων.
609 2570 628 2603 ι
655 2550 751 2613 Εἰς
770 2550 828 2601 σὲ
851 2547 960 2618 γὰρ
991 2544 1153 2601 αὐτὸν
1182 2543 1456 2616 ἐμελέτων
1481 2544 1572 2598 τὸν
1599 2542 1731 2596 Θεὸν
1747 2543 1870 2597 ἀντὶ

282 2645 468 2717 πάσης
515 2642 699 2716 βίϐλου
747 2639 841 2694 καὶ
886 2639 1124 2713 γραφῆς,
1159 2639 1272 2693 ἄνω
1335 2636 1472 2710 πρὸς
1525 2635 1584 2690 σέ
1628 2634 1720 2689 τόν
1745 2634 1870 2689 νοῦν

280 2737 596 2809 τεταμένος,
632 2733 870 2806 μελετῶν
908 2749 968 2785 τε
998 2731 1092 2784 καὶ
1137 2728 1690 2820 ἀναμιμνησκόμενος
1729 2729 1870 2783 ὅσων

282 2829 523 2902 ἠξιώθην
553 2828 657 2882 ὑπὸ
696 2825 790 2881 σοῦ
841 2822 1191 2898 εὐεργεσιῶν,
1232 2823 1328 2876 καὶ
1374 2823 1451 2886 ὡς
1506 2819 1734 2892 γέγονάς
1767 2837 1870 2892 μου

284 2923 516 2978 πάντοτε
541 2921 754 2994 βοηθὸς,
791 2918 885 2973 καὶ
911 2918 976 2971 ἐκ
1001 2916 1211 2988 μυρίων
1237 2932 1308 2986 με
1338 2913 1660 2986 πειρασμῶν
1686 2911 1875 2967 διέσω-

287 3032 408 3080 σας,
443 3014 537 3070 καὶ
569 3015 644 3078 ὡς
676 3012 960 3075 ἐκσπάσας
1008 3026 1076 3081 με
1121 3010 1241 3072 ταῖς
1274 3005 1472 3086 σαυτοῦ
1504 3005 1751 3078 πτέρυξι,
1779 3005 1874 3078 δη-

283 3108 420 3178 λαδὴ
440 3109 560 3170 ταῖς
577 3105 835 3177 δυνάμεσι
861 3102 958 3174 τῆς
1005 3099 1203 3155 σαυτοῦ
1236 3098 1520 3170 προνοίαςο
1551 3097 1708 3152 ᾰτινα
1745 3097 1875 3151 ἀνα-

285 3197 709 3296 πεμπαςόμενος
763 3197 830 3296 sit
867 3193 1097 3296 Αμγήμῃν
1131 3191 1354 3296 vafris.
1407 3187 1783 3296 ἐπληρούξιηνν
1837 3186 1944 3296 ila

275 3293 643 3364 ἁνηυφήμουν
673 3307 732 3344 σε
753 3287 846 3342 τὸν
862 3286 994 3340 Θεὸν
1014 3282 1156 3339 κατὰ
1174 3283 1265 3336 τὸν
1286 3281 1581 3354 Σύμμαχον
1602 3282 1872 3353 φήσαντα,

292 3404 314 3436 ί
351 3386 447 3438 καὶ
471 3381 806 3454 σκεπόμενος
837 3382 895 3434 ἐν
925 3380 1045 3441 ταῖς
1085 3374 1311 3450 πτέρυξί
1337 3391 1428 3427 σου
1445 3373 1824 3444 ἁνηυφήμουν.
1851 3391 1870 3423 ι

285 3478 548 3536 Μελετῶν
580 3477 636 3532 δὲ
663 3477 733 3531 τὰ
768 3474 836 3530 σὰ
864 3474 1020 3542 λόγια
1048 3471 1168 3526 καθ’
1204 3469 1441 3540 ἑκάστην
1491 3466 1738 3538 φυλακὴν
1777 3465 1879 3536 τῆς

283 3569 508 3632 νυκτὸς,
539 3567 774 3621 κᾶπειτα
803 3562 1044 3626 ἀκούσας
1083 3558 1177 3613 τοῦ
1208 3560 1482 3630 φήσαντος
1521 3554 1665 3608 θείου
1688 3554 1873 3624 νόμου·

287 3683 317 3714 1
368 3662 572 3718 Ὀπίσω
599 3659 805 3732 Κυρίου
838 3656 934 3710 τοῦ
963 3653 1098 3710 Θεοῦ
1135 3671 1229 3708 σου
1262 3651 1526 3724 πορεύσῃ,
1569 3667 1588 3701 ι
1624 3647 1720 3700 καὶ
1744 3646 1879 3718 πρὸς

285 3756 454 3811 αὐτὸν
493 3773 511 3805 ι
570 3751 870 3824 κολληθεὶς,
903 3749 937 3820 ἦ
971 3745 1235 3810 διατεθεὶς
1267 3743 1364 3815 τὴν
1393 3741 1570 3813 ψυχὴν
1603 3738 1880 3810 πειθήνιος

289 3848 493 3916 Ὑέτθνα
525 3845 603 3917 τῷ
647 3844 816 3916 νόμῳ,
857 3842 977 3904 ὅλος
1022 3857 1084 3894 τε
1125 3838 1353 3909 εἰχόμην
1385 3833 1478 3888 τοῦ
1533 3832 1878 3905 πράγματος,

293 3941 476 3994 πάντα
516 3955 574 3992 τε
616 3935 982 4008 ἡγησάμενος,
1039 3929 1240 4003 μᾶλλον
1285 3926 1342 3981 δὲ
1388 3923 1761 3996 ἀποστραφεὶς
1812 3921 1882 3974 τὰ

295 4031 438 4105 μετὰ
479 4031 571 4084 τὸν
618 4028 750 4082 Θεὸν
784 4025 982 4088 πάντα,
1010 4021 1284 4094 ἀνώτερος
1324 4019 1418 4072 καὶ
1445 4015 1774 4088 ὑψηλότερος
1804 4011 1883 4084 τῷ

295 4124 450 4196 πόθῳ
501 4124 601 4194 τῆς
647 4121 826 4192 ψυχῆς
886 4116 1179 4187 κατέστην,
1238 4113 1335 4167 καὶ
1387 4110 1472 4164 σοὶ
1519 4107 1598 4177 τῷ
1629 4105 1749 4177 Θεῷ
1781 4122 1883 4177 μου

297 4215 599 4288 συνήφθην,
631 4215 706 4277 ὼς
735 4214 906 4266 εἰπεῖν
940 4210 1016 4282 μὴ
1051 4207 1393 4279 ψευσάμενον
1414 4219 1428 4234 ·
1458 4221 1478 4254 r
1521 4197 1818 4272 Ἐκολλήθη
1847 4199 1882 4268 ἠ

294 4312 446 4384 ψυχή
484 4328 584 4382 μου
612 4308 788 4362 ὀπίσω
819 4322 937 4359 σου.
979 4323 998 4355 ι
1031 4302 1126 4366 Εἰς
1152 4297 1423 4368 τοσαύτην
1446 4294 1506 4349 δὲ
1537 4293 1716 4384 ήλασα
1753 4306 1888 4362 προσ

297 4383 476 4474 κοπὴν
505 4403 600 4456 καὶ
622 4403 702 4464 εἰς
724 4397 978 4453 τοσοῦτον
1003 4392 1232 4465 μέγεθος
1263 4387 1465 4462 ἀρετῆς
1487 4383 1888 4458 προῆλθον,οὐκ

298 4495 538 4570 ἐμαυτοῦ
564 4493 793 4564 δυνάμει
819 4487 1186 4562 χρησάμενος,
1214 4481 1352 4536 ἀλλά
1375 4481 1442 4551 τῇ
1472 4481 1537 4550 σῇ
1563 4474 1850 4570 δεσποτείξ
1870 4489 1883 4501 ⁸

1965 1988 2241 2052 addictus,
2269 1987 2363 2044 Dei
2395 1988 2448 2042 in
2483 1996 2656 2044 strato
2695 2003 2800 2044 suo
2833 1987 3176 2049 recordatus,
3217 1987 3538 2042 immacula-

1966 2089 2081 2136 tum
2117 2080 2277 2143 illud,
2321 2089 2534 2137 castum
2561 2089 2615 2136 et
2641 2080 2988 2151 impollutum
3035 2079 3400 2140 custodiebat.
3425 2081 3542 2136 sin-

1965 2172 2108 2245 gulis
2135 2171 2319 2227 noctis
2354 2172 2622 2228 custodiis
2645 2171 2992 2242 exsurgebat,
3011 2169 3267 2242 precibus
3299 2170 3540 2225 animum

1967 2262 2309 2327 adhibebat,
2369 2261 2683 2333 divinisque
2738 2260 3050 2332 disciplinis
3115 2259 3540 2316 exercitabatnr.

1968 2353 2125 2422 Quod
2180 2355 2268 2411 his
2306 2355 2618 2428 Symmachi
2652 2353 2835 2409 verbis
2874 2352 3179 2408 educetur:
3214 2371 3232 2404 ι
3269 2350 3546 2407 Recorda-

1968 2455 2060 2503 tus
2095 2448 2173 2503 tui
2205 2463 2373 2518 super
2418 2454 2653 2504 stratum
2686 2460 2889 2510 meum,
2919 2461 3016 2516 per
3062 2445 3306 2517 singulas
3355 2454 3546 2500 custo-

1968 2541 2088 2597 dias
2109 2541 2434 2598 meditabar.
2475 2560 2495 2594 ι
2529 2540 2606 2596 Te
2647 2541 2848 2612 quippe
2896 2539 3063 2596 Deum
3092 2537 3504 2608 contemplabar
3530 2578 3544 2602 ,

1969 2647 2036 2689 ac
2081 2634 2202 2690 vice
2254 2633 2519 2690 librorum
2566 2639 2624 2686 et
2676 2633 3111 2702 scripturarum,
3145 2636 3327 2684 mente
3371 2627 3441 2682 ad
3493 2634 3549 2683 te

1971 2739 2194 2782 sursum
2243 2724 2408 2788 elata,
2443 2721 2771 2790 meditabar,
2815 2721 3140 2778 recordatus
3189 2721 3412 2792 quantis
3459 2735 3547 2776 me

1971 2817 2255 2876 beneficiis
2283 2816 2601 2882 ornaveris,
2637 2825 2692 2872 et
2716 2815 2861 2886 quod
2896 2813 3030 2869 mihi
3065 2828 3282 2884 semper
3307 2812 3547 2882 adjutur,

1973 2925 2025 2966 a-
2066 2909 2341 2967 sexcentis
2393 2925 2482 2965 me
2524 2908 2922 2964 tentationibus
2975 2906 3270 2978 eripueris,
3335 2905 3549 2975 alisque

1972 3003 2106 3063 tuis.
2137 3000 2397 3057 nimirum
2434 3000 2790 3072 providentia:
2830 3007 2939 3054 tute
2981 2998 3298 3066 virtutibus,
3336 2999 3549 3054 extule-

1974 3100 2054 3152 ris
2084 3115 2098 3150 :
2134 3110 2255 3166 qua:
2284 3095 2338 3149 in
2377 3092 2699 3149 memoriam
2733 3100 3004 3163 repetens,
3030 3091 3229 3163 gaudio
3258 3091 3510 3162 replebar
3529 3129 3550 3155 ,

1977 3195 2140 3260 teque
2194 3185 2364 3242 Deum
2417 3185 2760 3242 celebrabant
2813 3184 3116 3240 secundum
3157 3181 3544 3254 Symmachum

1979 3279 2072 3349 qui
2114 3277 2194 3334 sic
2214 3277 2400 3339 habet,
2437 3295 2456 3328 ι
2493 3284 2546 3332 et
2572 3281 2851 3346 protectus
2876 3273 2978 3328 alis
3007 3274 3116 3329 tuis
3139 3272 3500 3330 celebrabam.
3527 3292 3546 3322 ι

1978 3370 2209 3441 Eloquia
2260 3383 2392 3424 vero
2439 3377 2534 3423 tua
2581 3381 2681 3438 per
2745 3367 2992 3439 singulas
3037 3365 3218 3421 noctis
3273 3365 3554 3422 custodias

1979 3477 2190 3518 meeum
2235 3468 2520 3531 reputans,
2551 3459 2843 3530 auditaque
2885 3466 3012 3528 post
3052 3458 3168 3512 haec
3215 3456 3405 3512 divina
3436 3458 3554 3522 lege

1978 3571 2100 3626 quae
2127 3554 2209 3610 sic
2245 3553 2426 3616 habet,
2461 3569 2480 3603 ι
2514 3549 2645 3607 Post
2679 3549 2969 3606 Dominum
3020 3548 3188 3605 Deum
3235 3557 3386 3603 tuum
3435 3562 3557 3619 gra-

1979 3647 2188 3711 dieris;
2229 3665 2249 3700 »
2285 3645 2388 3716 ipsi
2439 3644 2685 3711 haerens,
2724 3642 2828 3714 ipsi
2881 3641 3168 3707 addictus,
3225 3639 3556 3709 morigerum

1979 3751 2068 3790 me
2117 3733 2218 3806 legi
2271 3732 2501 3804 praebui,
2543 3732 2758 3803 ipsique
2796 3731 2988 3786 inhaesi
3023 3738 3203 3794 totus,
3247 3729 3430 3783 omnia
3461 3745 3560 3799 pro

1981 3827 2155 3884 nihilo
2205 3826 2438 3886 habens,
2491 3823 2602 3878 imo
2653 3838 2787 3878 vero
2833 3823 3018 3877 omnia
3063 3837 3184 3893 qua:
3231 3829 3356 3891 post
3389 3819 3558 3875 Deum

1982 3927 2114 3976 sunt
2159 3927 2476 3980 aversatus,
2511 3931 2578 3972 ex
2613 3915 2780 3970 animi
2819 3913 3092 3970 desiderio
3144 3913 3432 3969 sublimior
3467 3926 3563 3967 ex-

1984 4011 2297 4080 celsiorque
2344 4006 2545 4069 lactus,
2587 4005 2685 4060 tibi
2726 4003 2836 4060 Deo
2879 4018 3000 4058 meo
3032 4002 3363 4072 coniunctus
3417 4015 3561 4064 sum,

1984 4111 2045 4158 ut
2069 4117 2196 4157 vere
2228 4099 2416 4156 dicere
2438 4098 2648 4153 valeam
2682 4115 2695 4151 :
2732 4113 2751 4146 ι
2788 4094 3034 4150 Adhazsit
3067 4093 3248 4148 anima
3280 4106 3397 4146 mea
3440 4098 3563 4161 post

1985 4205 2058 4254 te.
2099 4215 2119 4249 ι
2151 4193 2233 4249 Ad
2267 4201 2480 4248 tantum
2514 4205 2644 4247 vero
2679 4187 3009 4260 profectum,
3046 4185 3114 4240 ad
3145 4192 3358 4239 tantum
3392 4183 3564 4238 virtu—

1985 4290 2059 4346 tis
2101 4287 2380 4344 cumulum
2411 4283 2657 4356 perveni,
2689 4300 2798 4352 non
2835 4295 2955 4336 mea
3011 4283 3300 4350 potestate,
3343 4274 3568 4344 sedtuo

1987 4381 2272 4438 dominatu
2306 4397 2320 4431 :
2354 4385 2414 4430 tu
2439 4375 2584 4431 enim
2623 4375 2739 4445 ipse
2771 4369 3152 4430 misericordia
3181 4377 3277 4422 tua
3326 4366 3377 4421 ld
3432 4365 3564 4421 mihi

1985 4472 2254 4543 elargitus
2312 4483 2394 4524 es.
2448 4465 2626 4522 Meum
2666 4465 2868 4536 quippe
2914 4477 3044 4534 erga
3073 4469 3128 4516 te
3160 4471 3404 4514 amorem
3445 4470 3566 4512 cer-

300 4548 502 4662 637319
525 4587 686 4651 αὐτὸς
815 4548 892 4654 ξῷ
917 4548 1060 4650 ’ἐλέῳ
1089 4548 1248 4631 τοῦτό
1285 4591 1374 4646 μοι
1401 4548 1678 4644 ἐδωρήσω.
1713 4565 1872 4662 ’Θρῶη

1991 4578 2128 4620 nens
2159 4569 2582 4633 acceptansque,
2617 4569 2841 4615 extensa
2871 4554 3096 4610 dextera
3130 4560 3225 4606 tua
3265 4565 3352 4606 me
3389 4548 3567 4606 susci-

2540 4661 2544 4662 ,
2623 4651 2634 4662 ι
2797 4647 2829 4662 ιο
2947 4653 2960 4662 .
3018 4661 3023 4662 ,
3084 4661 3117 4662 ,,
3154 4641 3420 4662 ,!,I--_---
3448 4640 3531 4662 -..Σ

298 4657 417 4755 γάρ
456 4657 555 4754 μου
587 4679 678 4733 τὸν
710 4677 838 4749 περί
867 4675 926 4728 σὲ
959 4671 1124 4727 πόθον
1151 4669 1247 4723 καὶ
1279 4665 1679 4735 ἀποδεξάμενος
1702 4657 1884 4719 αὐτὸν,

301 4752 646 4846 κατηξίωσας
689 4769 787 4840 τὴν
833 4764 1026 4820 σαυτοῦ
1057 4761 1236 4830 δεξιὰν
1260 4758 1510 4822 ἐκτείνας
1538 4752 1886 4808 ἐπιλαϐέσθαι

305 4885 413 4940 μου
437 4844 443 4846 ﬁ
463 4867 556 4919 καὶ
600 4859 891 4917 ἀνελκῦσαι
925 4857 1038 4912 ἄνω
1068 4855 1207 4928 πρὸς
1229 4851 1420 4906 ἐαυτόν
1441 4867 1456 4882 ο
1483 4847 1571 4902 διὰ
1590 4847 1750 4940 τοῦτο

301 4937 587 5030 δεδύνηται
619 4954 820 5027 ἡψυχὴ
856 4969 957 5024 μου
1002 4949 1106 5003 ὑπὸ
1132 4945 1226 5001 σοῦ
1264 4942 1589 5016 βοηθηθεῖσα
1622 4937 1888 5030 κολληθῆτ

303 5071 396 5108 ναι
435 5028 608 5106 ὀπίσω
635 5065 728 5102 σου
747 5063 760 5078 ⁸
797 5043 1094 5116 ἐπειδήπερ
1127 5059 1146 5092 ‹
1183 5035 1319 5109 ἐμοῦ
1345 5033 1668 5089 ἀντελάϐετο
1688 5033 1722 5103 ή
1740 5028 1890 5097 δεξιά

307 5162 426 5199 σου.
471 5162 490 5194 ι
519 5141 594 5196 Οὐ
626 5139 734 5212 γὰρ
779 5137 844 5191 ἂν
900 5134 1076 5197 ἄλλως
1122 5128 1457 5200 ἐφικνούμην
1497 5124 1592 5178 τοῦ
1633 5121 1887 5176 τοσούτου

307 5237 496 5307 ὕψους,
544 5235 592 5288 εί
627 5234 702 5306 μὴ
742 5227 1062 5288 ἀντελάϐετό
1100 5242 1202 5297 μου
1233 5225 1267 5295 ἡ
1297 5219 1448 5286 δεξιά
1491 5236 1606 5272 σου.
1637 5216 1890 5272 Διδάσκει

305 5329 362 5382 δὲ
405 5329 435 5382 6
461 5325 782 5388 ’Δπόστολος
802 5321 920 5386 πῶς
957 5338 1040 5384 τις
1072 5317 1328 5372 κολλᾶται
1350 5312 1427 5385 τῷ
1452 5311 1665 5383 Κυρίῳ,
1691 5308 1887 5377 λέγων’

314 5440 334 5472 ι
383 5420 441 5474 ’0
474 5418 810 5491 κολλώμενος
833 5414 911 5485 τῷ
941 5411 1130 5482 Κυρίῳ
1159 5409 1216 5462 ἓν
1243 5404 1461 5477 πνεῦμά
1489 5405 1662 5458 ἐστιν·
1700 5400 1776 5465 ὡς
1798 5398 1893 5453 καὶ

309 5514 339 5565 6
371 5490 712 5583 κολλώμενος
751 5511 819 5580 τῇ
859 5505 1034 5578 πόρνῃ
1065 5501 1122 5554 ἓν
1163 5499 1322 5571 σῶμά
1347 5500 1484 5552 ἐστι.
1538 5516 1555 5548 ι
1601 5493 1791 5563 Δέγων
1836 5490 1894 5544 δὲ

1996 4671 2146 4728 pere,
2175 4668 2506 4724 sursumque
2534 4651 2751 4706 trahere
2779 4647 3036 4719 dignatus
3067 4661 3128 4700 es
3151 4661 3166 4710 ;
3192 4641 3424 4712 ideoque
3446 4640 3566 4694 ani-

1996 4762 2084 4803 ma
2118 4762 2260 4815 mea,
2290 4757 2344 4802 te
2376 4744 2704 4817 opitulante,
2741 4739 3024 4796 adhaerere
3051 4737 3148 4792 tibi
3182 4735 3360 4807 potuit
3387 4752 3402 4789 :
3431 4746 3569 4801 quo-

1995 4841 2142 4896 niam
2182 4857 2201 4890 ι
2243 4855 2330 4893 me
2357 4838 2601 4909 suscepit
2628 4835 2851 4891 dextera
2887 4840 2999 4888 tua.
3037 4847 3060 4883 ι
3103 4828 3220 4884 Non
3257 4826 3400 4882 enim
3446 4830 3570 4878 tan-

1994 4939 2107 4989 tam
2150 4931 2546 4988 sublimitatem
2596 4925 2927 4997 attigissem,
2974 4919 3201 4977 nisime
3231 4914 3569 4985 suscepisset

1996 5026 2219 5082 dextera
2243 5033 2354 5079 tua.
2385 5021 2554 5078 Decet
2579 5033 2745 5091 porro
2777 5014 3076 5088 Apostolus
3101 5024 3210 5082 quo
3237 5014 3399 5080 pacto
3447 5006 3570 5075 quis

1996 5119 2228 5176 Domino
2275 5117 2498 5178 haereat,
2557 5115 2644 5169 his
2693 5111 2918 5168 verbis:
2959 5127 2978 5160 ι
3019 5104 3122 5173 Qui
3177 5102 3418 5157 adhaeret
3467 5097 3570 5151 ξιο-

1995 5213 2168 5278 mino,
2205 5225 2348 5266 unus
2379 5208 2608 5280 spiritus
2638 5212 2744 5272 est,
2780 5196 3239 5275 quemadmodum
3267 5193 3358 5264 qui
3389 5191 3569 5245 adlue-

1996 5313 2081 5361 ret
2114 5303 2412 5368 meretrici,
2440 5315 2608 5355 unum
2642 5311 2845 5368 corpus
2879 5292 3050 5350 est“.
3089 5309 3109 5342 ι
3147 5289 3282 5344 Cum
3307 5299 3438 5355 ergo
3464 5280 3569 5335 Da-

1997 5397 2089 5454 vid
2117 5397 2350 5452 Domino
2376 5395 2604 5457 diceret,
2635 5409 2654 5443 ι
2684 5388 2926 5444 Adhresit
2947 5386 3128 5440 anima
3151 5395 3269 5436 mea
3302 5383 3422 5448 post
3438 5382 3512 5439 te,
3543 5391 3563 5423 ›

1999 5491 2130 5546 hinc
2153 5503 2214 5544 se
2247 5485 2487 5544 castitati
2515 5481 2852 5555 puritatique
2884 5477 3125 5533 deditum
3157 5466 3493 5555 declarabat.

631 5553 835 5675 '11-’09};
849 5553 960 5652 rw:
977 5553 1275 5667 igxollﬁen
1306 5593 1340 5664 ἡ
1367 5589 1512 5663 ψυχή
1563 5605 1664 5660 μου
1691 5553 1892 5640 ’ὀπίσω
1929 5598 2048 5652 σου,
2077 5579 2237 5652 δῆλος
2285 5573 2354 5650 ἦν
2385 5577 2481 5631 καὶ
2510 5553 2574 5628 ἐκ
2612 5571 2801 5626 τούτου
2862 5565 3056 5636 ἁγνείᾳ
3082 5565 3177 5618 καὶ
3239 5553 3570 5631 καθαρότητι

313 5699 610 5774 σχολάζων.

395 5810 415 5844 ι
440 5792 604 5845 Αὐτοὶ
632 5789 691 5843 δὲ
723 5787 803 5850 εἰς
835 5783 1010 5856 μάτην
1055 5777 1327 5851 ἐζήτησαν
1361 5773 1459 5846 τήν
1484 5773 1664 5844 ψυχήν
1701 5787 1800 5842 μοι,
1860 5784 1878 5820 ι

2064 5758 2229 5816 Vens.
2261 5756 2435 5814 1042.
2467 5775 2486 5809 ι
2519 5752 2626 5826 Ipsi
2656 5765 2784 5807 vero
2815 5749 2870 5804 in
2887 5759 3086 5803 vanum
3107 5738 3434 5814 quaesierunt
3450 5733 3574 5795 ani»

420 5908 469 5941 "
509 5903 701 5960 Matth.
745 5916 917 5965 .xxtv,
950 5897 1036 5952 49..
1113 5894 1161 5928 ⁸⁸
1199 5891 1330 5949 ibid.
1365 5889 1456 5944 45.
1533 5886 1578 5919 ⁸⁸
1620 5885 1638 5938 1
1675 5884 1802 5940 Cor.
1839 5895 1891 5935 vl
1915 5918 1930 5944 ,
1965 5873 2152 5945 16,17:
