4086 6442
521 366 646 423 ’611

1222 356 1493 416 EUSEBll
1521 354 2003 414 CESABIENSIS
2022 355 2178 415 OPP.
2218 353 2407 412 PARS
2446 352 2540 413 Ill.
2574 380 2645 392 -——
2681 347 3097 406 EXEGETICA.

3786 335 3882 397 6ὶῖ

549 494 697 539 mam
723 492 923 536 meam.
948 496 970 533 ι
1008 476 1124 550 Ego
1149 475 1393 549 quidem,
1429 474 1529 542 ait,
1552 471 1651 529 tibi
1687 469 1967 529 Servatori
2008 484 2131 527 meo

2246 466 2390 539 Ἐγὼ
2424 465 2546 539 μὲν,
2575 464 2732 537 φησι,
2765 462 2851 517 σοὶ
2868 460 2950 533 τῷ
2977 458 3216 533 ἐμαυτοῦ
3254 454 3534 526 Σωτῆρι
3570 452 3886 550 προβῇ»,

548 571 846 637 haerebam,
880 579 1048 643 atque
1092 567 1356 641 perfugus
1380 576 1435 623 et
1470 567 1527 622 in
1567 563 1871 620 solitudine
1895 562 2122 635 degens,

551 663 652 718 tibi
682 661 925 717 animam
971 659 1302 732 copulabam
1333 670 1533 721 meam,
1566 664 1623 711 et
1655 667 1945 710 sermones
1997 658 2128 708 tuos

551 753 894 813 meditabar:
952 766 1132 823 neque
1185 751 1335 807 enim
1370 751 1725 819 insequentes
1760 759 1847 800 me
1898 742 2130 815 propul—

554 849 768 911 sabam,
800 861 979 917 neque
1011 846 1201 911 etiam,
1239 842 1371 898 dum
1403 841 1502 898 tibi
1551 839 1665 895 Deo
1694 852 1968 900 vacarem,
2005 850 2130 907 pre-

553 954 651 996 ces
681 939 978 995 fundebam
1005 945 1200 993 contra
1230 935 1526 996 inimicos;
1558 930 1656 990 sed
1679 930 1779 986 tibi
1811 931 1930 998 uni,
1963 936 2023 984 ut
2044 927 2131 984 di-

556 1040 708 1087 ctum
747 1038 856 1093 est,
892 1028 1260 1085 adhaerebam.
1300 1025 1387 1081 llli
1434 1038 1566 1080 vero
1619 1023 1828 1079 futilem
1862 1021 2128 1077 adversus

555 1123 798 1179 animam
837 1128 1017 1176 meam
1066 1116 1499 1176 sollicitudinem
1548 1114 1833 1186 suscipere
1867 1128 1981 1169 non
2035 1110 2132 1169 de-

556 1214 864 1272 sistebant:
898 1212 955 1266 in
991 1225 1192 1266 vanum
1222 1208 1426 1280 quippe
1455 1206 1774 1279 quaarebant
1800 1221 1945 1274 eam,
1985 1219 2129 1276 qua,

552 1309 819 1381 quoniam
880 1305 980 1360 tibi
1018 1304 1284 1367 haerebat,
1319 1302 1390 1357 ab
1442 1300 1579 1372 ipsis
1627 1299 1856 1355 minime
1902 1295 2133 1370 reperiri

557 1407 807 1475 poterat:
844 1413 1016 1470 quare
1068 1411 1191 1468 quae
1219 1412 1281 1452 se
1316 1403 1545 1450 manent
1573 1393 1681 1465 ipsi
1722 1391 1944 1464 quidem
1973 1391 2133 1463 igno-

558 1502 705 1557 rant,
735 1491 831 1547 sed
869 1489 1110 1561 Spiritus
1133 1494 1361 1545 sanctus
1391 1485 1742 1542 vaticinatur.
1776 1482 1984 1540 Deinde
2004 1496 2134 1539 vero

557 1584 674 1640 haec
704 1582 1023 1654 propltetice
1043 1578 1415 1636 vociferatur:
1452 1595 1472 1629 ι
1496 1575 1802 1632 lntroibnnt
1822 1575 1888 1646 ,in
1911 1575 2137 1632 inferio-

559 1690 621 1731 ra
648 1685 863 1731 terrae.»
915 1671 1365 1743 Quandoquidem
1388 1670 1539 1727 enim
1570 1679 1789 1727 terrena
1819 1669 2132 1740 sapiebant,

558 1769 697 1825 etin
740 1767 942 1824 intimis
973 1766 1254 1823 constituti
1283 1772 1462 1832 erant,
1499 1764 1626 1835 jure
1655 1763 1964 1820 facinorum
1995 1777 2136 1834 prae-

561 1844 691 1917 mia.
713 1861 996 1933 recipient.
1052 1857 1191 1915 Nam
1221 1861 1314 1930 qui
1354 1855 1466 1914 Deo
1506 1857 1839 1928 coniunctus
1865 1864 1921 1913 et
1948 1854 2132 1911 anima

561 1955 669 2027 ipsi
694 1953 1103 2025 conglutinatus
1123 1959 1233 2017 est,
1263 1950 1417 2023 regni
1439 1950 1705 2006 caelorum
1732 1964 1885 2020 spem
1915 1948 2133 2005 obtine-

561 2046 675 2113 bit;
705 2045 802 2117 qui
851 2059 985 2101 vero
1037 2042 1376 2099 contrariam
1423 2042 1726 2098 decurrunt
1756 2042 1921 2108 viam,
1951 2048 2006 2097 et
2048 2041 2135 2097 in-

563 2138 691 2195 ﬁma
739 2138 980 2209 sapiunt,
1029 2139 1086 2191 in
1122 2136 1302 2191 laeum
1350 2134 1489 2190 alias
1521 2142 1881 2189 memoratum
1908 2133 2132 2204 dejecti,

560 2229 871 2286 introibunt
911 2228 967 2281 in
1016 2225 1280 2281 inferiora
1315 2230 1496 2279 terrae.
1566 2220 1705 2277 Dum
1753 2222 1901 2278 enim
1954 2222 2135 2293 quivis

564 2320 732 2376 homo
790 2317 1143 2390 superﬁciem
1190 2323 1350 2372 terra:
1396 2313 1612 2378 incolit,
1655 2313 1711 2369 in
1773 2312 2135 2370 inferioribus

563 2424 778 2470 tantum
828 2414 1079 2469 habitare
1104 2410 1328 2477 dicitur,
1378 2416 1441 2464 ut
1486 2408 1622 2464 dicit
1667 2408 1914 2480 quidam,
1951 2406 2136 2475 «Quia

565 2506 712 2564 Deus
743 2507 800 2562 in
827 2507 972 2562 cmlo
1002 2520 1246 2571 sursum,
1279 2512 1334 2561 et
1360 2511 1422 2560 tu
1467 2503 1525 2558 in
1556 2511 1702 2559 terra
1749 2499 2010 2557 deorsum
2027 2500 2129 2558 ⁸³.»

564 2601 700 2659 Post
733 2603 942 2657 exitum
987 2608 1168 2655 autem
1207 2613 1276 2653 ex
1316 2597 1421 2653 hac
1449 2598 1586 2661 vita,
1622 2595 1865 2666 religiosi
1913 2594 2137 2667 quidem

566 2693 819 2750 homines
856 2691 1057 2747 omium
1094 2706 1194 2761 pro
1241 2688 1524 2747 domicilio
1566 2688 1869 2751 habebunt,
1916 2702 2139 2744 sursum

565 2788 718 2852 elati,
747 2801 812 2841 ac
863 2783 1108 2857 rapiendi
1161 2784 1219 2839 in
1253 2782 1495 2839 nubibus
1522 2781 1741 2838 obviam
1773 2779 2027 2848 Domino,
2074 2795 2139 2837 ac

564 2881 650 2937 sic
670 2893 893 2948 semper
936 2892 1061 2931 cum
1094 2875 1325 2932 Domino
1349 2874 1550 2940 futuri;
1588 2876 1740 2946 impii
1771 2890 1903 2933 vero
1933 2883 1988 2932 et
2013 2889 2142 2948 pee-

565 2981 783 3027 catores
822 2972 877 3025 in
922 2968 1184 3026 inferiora
1233 2977 1391 3024 terra:
1424 2967 1794 3026 descendent:
1835 2984 1957 3040 qua:
1988 2984 2144 3025 com-

565 3080 883 3121 memorans
911 3064 1208 3135 Apostolus
1234 3064 1486 3119 dicebat:
1537 3082 1556 3115 ι
1581 3062 1639 3117 In
1677 3062 1971 3118 inferiores
2012 3077 2140 3134 par-

2230 560 2325 617 καὶ
2351 559 2432 615 σοὶ
2460 558 2562 632 τὴν
2593 557 2732 631 ἐμὴν
2762 555 2941 628 ψυχὴν
2979 554 3277 625 συνῆπτον,
3324 550 3478 611 τοῖς
3515 560 3591 598 τε
3622 544 3746 608 σοῖς
3776 544 3882 616 ἱμε-

2228 652 2397 708 λέτων
2430 651 2613 723 λόγοις
2633 690 2650 716 ,
2695 650 2755 704 έν
2803 651 2950 721 φυγῇ
3001 647 3309 718 τυγχάνων,
3352 641 3483 698 καὶ
3522 640 3601 693 ἰν
3636 638 3894 709 ἐρημίαις

2229 744 2688 821 ποιούμενοςοτάς
2731 742 3041 815 διατριϐάς.
3090 740 3170 794 Οὐ
3214 739 3331 812 γὰρ
3380 731 3746 806 ἠμυνόμην
3780 731 3896 796 τοὺς

2228 836 2552 901 ἐλαύνοντας
2576 853 2665 909 με,
2686 834 2802 890 ἀλλ’
2832 833 2956 888 οὐδὲ
2988 831 3072 886 σοὶ
3095 830 3174 903 τῷ
3197 829 3319 901 Θεῷ
3360 823 3713 900 σχολάζων
3744 823 3897 893 εὐχὰς

2230 936 2373 991 κατὰ
2389 935 2499 991 τῶν
2528 935 2739 1009 ἐχθρῶν
2760 934 3078 1004 ἀνέπεμπον
3098 949 3113 963 ο
3138 930 3225 985 σοὶ
3249 929 3307 983 δὲ
3343 927 3545 1000 μόνῳ
3571 923 3899 995 προσεῖχον.

2229 1032 2307 1097 ώς
2346 1030 2503 1102 ἔφην.
2548 1029 2612 1083 Οἱ
2640 1028 2698 1082 δὲ
2735 1029 2797 1082 ού
2838 1025 3107 1081 διέλειπον
3136 1022 3386 1097 ματαίαν
3432 1014 3729 1087 σπουδὴν
3764 1015 3901 1068 κατὰ

2228 1125 2329 1195 τῆς
2363 1122 2542 1195 ψυχῆς
2574 1138 2675 1194 μου
2707 1118 3055 1189 ποιούμενοι*
3089 1118 3169 1181 εἰς
3200 1114 3462 1187 μάταιον
3492 1109 3636 1179 γὰρ
3672 1104 3901 1175 ἐζήτουν

2230 1217 2439 1290 αὐτὴν,
2483 1214 2773 1288 ἀνεύρετον
2816 1211 3007 1276 αὐτοῖς
3034 1204 3203 1265 οὖσαν
3231 1206 3321 1261 διὰ
3364 1204 3453 1259 τὸ
3496 1197 3899 1268 massam

2229 1311 2405 1366 ὀπίσω
2435 1326 2529 1364 σου
2548 1326 2563 1341 ⁸
2592 1308 2781 1380 διόπερ
2813 1305 2883 1361 τά
2917 1304 3283 1377 περιμένοντα
3310 1298 3567 1360 αὐτοὺς
3602 1292 3783 1348 αὐτοὶ
3811 1292 3903 1362 μὲν

2231 1405 2332 1460 οὐκ
2356 1403 2522 1468 ῐσασι,
2543 1401 2607 1456 τὸ
2632 1401 2689 1456 δὲ
2715 1398 2939 1471 Πνεῦμα
2967 1397 3028 1451 τδ
3057 1397 3211 1466 ἅγιον
3240 1388 3561 1456 θεσπίζει.
3600 1381 3740 1442 Εἶθ’
3773 1386 3899 1456 ἑξῆς

2230 1498 2442 1562 τούτοις
2468 1493 2822 1568 προφητικῶς
2856 1493 3132 1561 ἀναφωνεῖ
3164 1488 3339 1559 λέγων
3360 1504 3375 1520 θ
3436 1505 3463 1539 ι
3502 1478 3902 1538 Εἰσελεύαον-

2232 1611 2323 1648 ται
2352 1593 2433 1657 είς
2462 1589 2534 1645 τά
2565 1586 2855 1643 κατώτατα
2889 1584 2988 1656 τῆς
3012 1584 3137 1655 γῆς.
3154 1594 3183 1637 ἰ
3228 1579 3473 1652 Ἐπειδὴ
3518 1576 3660 1649 γὰρ
3690 1574 3769 1628 τὰ
3805 1574 3898 1646 τῆς

2232 1687 2337 1760 γῆς
2359 1684 2616 1758 ἐφρόνουν
2641 1682 2737 1737 καὶ
2762 1676 2872 1733 τῶν
2895 1677 3047 1732 κάτω
3069 1676 3380 1747 γεγόνασιν,
3412 1670 3708 1732 εἰκότως

2164 1820 2210 1877 Β
2235 1757 2393 1853 χειρα
2434 1757 2722 1832 πείσονται
2778 1769 2861 1837 οἷς
2897 1770 3168 1874 ἔδρασαν..
3195 1768 3255 1823 '0
3299 1764 3595 1877 μὲνηῖὰρι

2239 1849 2552 1944 συναφθεὶς,
2578 1868 2675 1924 καὶ
2702 1867 2800 1940 τὴν
2823 1865 3001 1938 ψυχὴν
3028 1860 3180 1933 αὐτῷ
3206 1854 3723 1933 προσκολληθεὶς,
3744 1849 3895 1944 ελ.πὶ-

2237 1968 2334 2033 δας
2364 1942 2476 2033 ἕξει
2506 1961 2782 2036 βασιλείας
2808 1954 3055 2032 οὐρανῶν
3073 1971 3087 1987 ο
3117 1954 3168 2009 οἱ
3196 1952 3256 2008 δὲ
3288 1950 3387 2024 τὴν
3415 1945 3737 2003 ἐναντίαν
3756 1942 3889 2036 δραῖ

2243 2061 2436 2134 μόντες
2464 2033 2561 2112 καὶ
2599 2052 2670 2108 τὰ
2709 2050 2861 2108 κάτω
2905 2048 3309 2122 φρονήσαντες,
3351 2044 3437 2106 εἰς
3480 2040 3601 2095 τὸν

2239 2128 2441 2206 λάκκον
2469 2143 2854 2218 ὠνομασμένον
2883 2137 3267 2211 καταχθέντες,
3298 2136 3356 2188 ὲν
3383 2136 3518 2197 τοῖς
3556 2128 3886 2185 κατειπάτω

2239 2242 2342 2316 τῆς
2382 2242 2487 2314 γῆς
2532 2237 2860 2293 ἐλεύσονται.
2904 2232 3055 2297 Τέως
3091 2229 3189 2303 μὲν
3220 2228 3329 2299 γὰρ
3358 2228 3481 2291 πᾶς
3518 2221 3883 2316 ἄνθρωπος,

2240 2314 2341 2409 τήν
2366 2333 2687 2406 ἐπιφάνειαν
2712 2329 2877 2384 οίκῶν
2903 2326 3002 2400 τῆς
3028 2320 3135 2396 γῆς
3153 2363 3169 2390 ,
3205 2321 3278 2378 τὰ
3300 2320 3457 2376 κάτω
3505 2318 3680 2392 μόνα
3706 2314 3883 2409 οἰκεῖν

2242 2405 2458 2499 λέγεται
2486 2424 2630 2481 κατὰ
2656 2423 2748 2477 τὸν
2797 2421 3045 2493 φήσαντα
3068 2434 3083 2449 ·
3120 2433 3141 2469 ι
3174 2416 3300 2471 Ὀτι
3323 2414 3353 2468 ὀ
3376 2411 3539 2477 Θεὸς
3564 2411 3639 2464 ἐν
3672 2407 3761 2478 τῷ
3790 2405 3879 2460 οὖ-

2245 2518 2393 2594 ρανῷ
2433 2519 2545 2575 άνω
2571 2557 2587 2583 ,
2631 2515 2727 2571 καὶ
2769 2514 2834 2568 σὺ
2866 2514 2925 2566 ὲν
2950 2512 3018 2583 τῇ
3060 2511 3132 2581 γῇ
3168 2507 3340 2563 κάτω.
3377 2524 3397 2558 ι
3434 2502 3626 2561 Μετὰ
3778 2498 3878 2570 τὴν

2238 2593 2454 2668 ἐνθένδε
2486 2606 2825 2679 ἀπαλλαγὴν,
2852 2607 2902 2659 οί
2931 2605 3029 2677 μὲν
3060 2600 3328 2673 θεοφιλεῖς
3348 2596 3611 2672 οὐρανὸν
3647 2593 3873 2661 ἕξουσιν

2244 2706 2590 2780 οἰκητήριοι,
2632 2705 2712 2767 εἰς
2740 2700 2810 2755 τὰ
2833 2699 3078 2772 ἀνώτερα
3115 2693 3591 2770 μετεωρισθέντες
3629 2688 3741 2744 καὶ
3770 2685 3873 2780 αρ-

2246 2778 2617 2873 παπέησόμενοι
2652 2796 2711 2848 ὲν
2737 2793 2988 2865 νεφέλαις
3020 2791 3100 2855 είς
3129 2789 3434 2859 ἀπάντησιν
3463 2783 3580 2840 τοῦ
3618 2778 3862 2873 Κυρίου,

2246 2893 2388 2949 οὕτω
2411 2909 2471 2946 τε
2497 2891 2727 2946 πάντοτε
2767 2889 2862 2942 σὺν
2901 2884 3093 2958 Κυρίῳ
3123 2882 3399 2955 ἐσόμενοι⁹
3432 2882 3482 2934 οἱ
3532 2879 3591 2933 δ’
3638 2872 3866 2935 ἀσεϐεῖς

2247 2988 2342 3042 καὶ
2373 2982 2686 3057 ἁμαρτωλοὶ
2709 2981 2791 3045 είς
2816 2979 2885 3034 τά
2911 2976 3204 3034 κατώτατα
3227 2975 3328 3046 τῆς
3347 2972 3453 3044 γῆς
3483 2967 3859 3057 καταϐήσονέ

2247 3098 2369 3136 ταιο
2412 3056 2868 3150 ὧνίμεμνημένος
2905 3073 2934 3126 ὁ
2982 3066 3304 3132 Ἀπόστολος
3337 3065 3527 3135 ἔλεγεν
3546 3081 3567 3096 ’
3607 3080 3632 3115 ε
3662 3056 3859 3150 Εἰς-τά

568 3168 652 3217 tes
685 3169 848 3215 terra:
874 3160 969 3229 qui
996 3158 1302 3220 descendit,
1339 3157 1459 3228 ipse
1487 3165 1573 3214 est
1616 3158 1709 3229 qui
1752 3155 2003 3213 ascendit
2042 3172 2137 3214 su-

2242 3145 2531 3241 κατώτερα
2553 3145 2654 3238 τῆς
2678 3145 2781 3235 γῆς
2804 3165 2833 3217 ὁ
2859 3160 3104 3226 καταϐάς
3123 3200 3139 3227 ,
3180 3156 3340 3223 αὐτός
3368 3158 3520 3211 ἐστιν
3558 3157 3594 3209 ὁ
3640 3145 3850 3257 ἀναϐὰς

567 3267 665 3323 per
698 3266 889 3306 omnes
920 3251 1114 3314 cmlos,
1155 3257 1216 3303 ut
1262 3248 1514 3318 imploret
1562 3249 1747 3303 omnia
1767 3248 1868 3302 ⁸³.»
1925 3246 2138 3303 Etenim

2243 3265 2499 3337 ὑπεράνω
2542 3259 2759 3313 πάντων
2801 3254 2909 3308 τῶν
2948 3250 3228 3326 οὐρανῶν,
3288 3250 3376 3304 ἵνα
3428 3245 3749 3337 πληρώσῃ,
3784 3240 3851 3337 τά

569 3343 833 3401 Set-valor
855 3354 909 3400 et
940 3342 1204 3398 Dominus
1232 3349 1419 3398 noster
1453 3357 1629 3413 usque
1661 3341 1731 3396 ad
1764 3341 1949 3398 intima
1980 3347 2143 3397 terra;

568 3436 877 3502 descendit,
908 3434 1237 3491 ut~salutari
1271 3435 1474 3490 virtute
1506 3435 1757 3506 impleret
1787 3435 1993 3491 omnia.
2026 3434 2142 3491 Hoc

570 3530 753 3600 ipsum
794 3526 934 3584 Jobo
991 3528 1269 3599 signiﬁcat
1321 3526 1411 3583 ille
1463 3527 1558 3598 qui
1607 3525 1872 3583 Dominus
1914 3537 2143 3583 vocatur

570 3622 813 3679 dicens:
855 3618 1110 3677 «Venisti
1155 3630 1335 3676 autem
1392 3621 1448 3676 in
1500 3619 1703 3676 fontem
1749 3623 1939 3687 maris,
1993 3628 2049 3678 et
2084 3620 2141 3677 in

572 3715 819 3788 vestigiis
865 3715 1050 3787 abyssi
1082 3713 1400 3769 ambulasti.
1450 3714 1791 3784 Aperiuntur
1827 3722 2008 3771 autem
2041 3715 2142 3771 tibi

573 3802 772 3867 timore
818 3818 987 3880 porta:
1032 3808 1260 3863 mortis:
1305 3805 1521 3862 ostiarii
1578 3804 1777 3862 inferni
1809 3807 2059 3864 videntes
2092 3818 2146 3864 te

573 3902 857 3957 conterriti
917 3908 1048 3955 sunt
1070 3900 1136 3956 “.
1172 3920 1192 3953 ι
1230 3897 1335 3955 Sed
1372 3900 1462 3955 ille
1508 3899 1728 3970 quidem
1784 3900 1852 3955 ad
1902 3916 1998 3956 eos
2053 3901 2143 3972 qui

574 3994 697 4049 istic
752 3994 1072 4049 habitabant
1126 3992 1430 4060 descendit,
1484 4003 1545 4049 ut
1594 3994 1809 4050 animas
1860 3993 2143 4064 justornm

573 4085 774 4141 ibidem
803 4085 1015 4155 jamdiu
1070 4084 1321 4140 detentas
1371 4084 1626 4140 libertate
1675 4084 1926 4142 donaret.
1984 4085 2144 4158 lmpii

573 4192 706 4231 vero
737 4178 790 4231 in
826 4176 1090 4231 inferiora
1130 4184 1290 4231 terra:
1332 4176 1553 4246 dejecti,
1602 4177 1891 4232 tradentur
1934 4178 1992 4233 in
2030 4192 2144 4232 ma-

574 4284 680 4324 nus
713 4267 901 4339 gladii.
950 4266 1044 4322 Est
1072 4267 1218 4322 enim
1256 4267 1457 4323 ibidem
1482 4269 1697 4339 gladius
1730 4269 1951 4340 quidam
1998 4285 2147 4326 mor-

572 4361 669 4423 tis,
701 4374 862 4429 qurm
907 4357 1167 4413 Servator
1220 4360 1274 4413 in
1330 4375 1425 4414 xxi
1475 4361 1687 4430 psalmo
1736 4371 2007 4417 memorat
2058 4362 2145 4418 bis

572 4449 789 4504 verbis:
831 4466 849 4499 ι
884 4447 1026 4503 Erue
1055 4464 1082 4500 ο
1120 4448 1348 4513 framea,
1386 4447 1548 4515 Deus,
1585 4449 1823 4504 animam
1857 4465 2059 4514 meam,
2092 4458 2146 4506 et

2247 3332 2441 3413 πάντα.
2478 3373 2497 3407 ι
2545 3351 2657 3407 Καὶ
2704 3348 2864 3422 μέχρι
2896 3343 3006 3418 γὰρ
3045 3344 3154 3399 τῶν
3192 3341 3493 3401 κατωτάτω
3525 3340 3642 3408 τῆς
3675 3335 3784 3407 γῆς
3820 3332 3849 3386 ὁ

2245 3450 2438 3521 Σωτὴρ
2463 3447 2556 3503 καὶ
2585 3442 2792 3517 Κύριος
2824 3440 2981 3514 ἡμῶν
3014 3434 3411 3509 καταϐέϐηκεν,
3450 3434 3540 3487 ἴνα
3568 3426 3849 3521 πληρώσῃ

2243 3543 2315 3598 τὰ
2354 3517 2535 3596 πάντα
2579 3538 2678 3609 τῆς
2711 3533 2981 3607 σωτηρίου
3011 3530 3312 3602 δυνάμεως.
3342 3526 3513 3581 Τοῦτο
3540 3525 3604 3580 δὲ
3638 3522 3738 3577 καὶ
3770 3517 3844 3589 τῷ

2257 3634 2379 3690 Ἰὼϐ
2423 3630 2677 3706 σημαίνει
2716 3630 2745 3682 ὁ
2788 3623 3140 3700 χρηματίζων
3178 3620 3385 3694 Κύριος
3425 3621 3484 3674 ὲν
3506 3614 3594 3682 οἷς
3635 3626 3838 3706 φησιν·

2253 3748 2272 3782 ι
2300 3701 2510 3791 unus;
2534 3724 2592 3779 δὲ
2626 3723 2719 3777 ἐπὶ
2750 3721 2856 3791 γῆν
2875 3719 2892 3750 ¹
2922 3716 3218 3786 θαλάσσης,
3248 3714 3308 3767 ἐν
3337 3711 3395 3767 δὲ
3432 3710 3643 3782 ἴχνεσιν
3673 3701 3841 3760 ἀϐύσ-

2246 3838 2339 3875 σου
2385 3815 2814 3891 περιεπάτησας.
2869 3808 3199 3877 Ἀνοίγονται
3239 3804 3295 3859 δέ
3342 3819 3424 3856 σοι
3462 3800 3620 3872 φόϐῳ
3670 3794 3837 3851 πύλαι

2245 3909 2510 3964 θανάτου·
2574 3901 2815 3975 πυλωροὶ
2854 3899 2911 3954 δὲ
2964 3898 3092 3970 ᾅδου
3141 3896 3340 3959 ίδόντες
3391 3911 3453 3947 σε
3499 3890 3778 3963 ἔπτηξαν.
3812 3903 3832 3935 ι

2258 4001 2396 4055 Ἀλλ’
2419 4002 2448 4054 ὁ
2479 3999 2577 4072 μὲν
2599 3997 2693 4051 κα)⁸
2728 3994 2889 4067 μέχρι
2914 3991 3023 4045 τῶν
3055 3991 3172 4043 ἐκεῖ
3198 3985 3595 4057 καταϐέϐηκεν,
3621 3984 3714 4036 ἵνα
3735 3977 3831 4072 τὰς

2246 4094 2414 4149 πάλαι
2444 4069 2552 4145 τών
2582 4089 2752 4159 ἁγίων
2785 4083 2971 4140 αὐτόοι
3002 4079 3364 4153 συνεχομένας
3398 4076 3579 4148 ψυχὰς
3617 4069 3834 4128 ἐλευθε-

2252 4187 2371 4260 ρίας
2399 4182 2637 4254 ἀξιώσῃ·
2665 4181 2714 4234 οἱ
2737 4178 2793 4233 δὲ
2812 4175 3049 4240 ἀσεϐεῖς,
3079 4175 3161 4238 εἰς
3188 4173 3257 4227 τὰ
3279 4170 3568 4225 κατώτατα
3598 4167 3704 4238 τῆς
3726 4162 3827 4233 γῆς

2246 4257 2688 4347 κατενεχθέντες,
2711 4267 3178 4343 παραδοθήσονται
3200 4266 3281 4329 εἰς
3309 4265 3501 4335 χεῖρας
3527 4257 3822 4333 ῥομφαίας.

2250 4369 2405 4422 Ἔστι
2449 4365 2559 4436 γάρ
2603 4380 2687 4428 τις
2738 4363 2856 4416 ἐκεῖ
2905 4358 3150 4431 ῥομφαία
3182 4355 3444 4418 θανάτου,
3477 4348 3546 4426 ἦς
3571 4355 3601 4406 ὁ
3635 4348 3823 4418 Σωτὴρ

2251 4457 2605 4533 μνημονεύων
2638 4457 2697 4510 ὲν
2730 4460 2814 4509 κα⁹
2846 4451 3048 4525 ψαλμῷ
3079 4451 3264 4520 ἔλεγε·
3302 4468 3323 4501 ι
3344 4448 3533 4502 Ῥὖσαι
3556 4445 3666 4501 άπὸ
3692 4447 3825 4519 ῥομ-

572 4542 641 4597 de
668 4556 831 4595 manu
873 4541 1027 4595 canis
1076 4540 1296 4595 unicam
1347 4555 1544 4597 meam.
1601 4539 1764 4595 Salva
1799 4556 1883 4596 me
1930 4557 1997 4596 ex
2045 4556 2138 4597 ore

2249 4550 2412 4622 φαίας
2436 4549 2535 4623 τὴν
2565 4547 2743 4620 ψυχήν
2773 4563 2895 4619 μου,
2929 4545 3024 4599 καὶ
3055 4545 3121 4597 ἐκ
3145 4541 3330 4615 χειρὸς
3358 4540 3519 4604 κυνὸς
3541 4539 3641 4613 τὴν
3673 4550 3823 4610 μονο-

574 4633 778 4693 leonis.
843 4639 897 4685 et
963 4647 993 4686 a
1046 4631 1310 4691 cornibus
1356 4631 1708 4686 unicornium
1778 4632 2145 4689 humilitatem

575 4737 751 4777 meam
769 4723 837 4778 ".
872 4742 889 4775 ι
931 4721 1056 4778 llaec
1085 4733 1266 4778 autem
1297 4723 1481 4778 omnia
1513 4722 1582 4778 de
1609 4722 1946 4780 adversariis
1992 4733 2147 4795 pote-

575 4815 809 4871 statibus
850 4814 994 4870 dicta
1045 4824 1193 4871 sunt.
1246 4813 1367 4869 Non
1418 4814 1567 4871 enim
1624 4815 1679 4870 in
1738 4831 1935 4871 manus
1977 4817 2142 4888 gladii

574 4915 786 4961 tantum
822 4907 1067 4977 praedicti
1096 4907 1349 4963 homines
1373 4906 1679 4972 tradentur,
1716 4908 1813 4964 sed
1844 4909 2008 4963 etiam
2035 4908 2143 4964 huc

574 4997 704 5051 illuc
743 4995 1122 5051 distrahentur
1161 5011 1191 5051 a
1230 4997 1389 5052 saevis
1418 4997 1749 5068 quibusdam
1794 4999 2148 5070 versutisque

574 5091 878 5162 spiritibus,
911 5092 1005 5161 qui
1050 5092 1241 5161 vulpes
1278 5091 1367 5146 hic
1412 5102 1824 5164 nuncupantur,
1873 5095 2003 5166 quia
2062 5094 2149 5151 ΐο-

574 5199 702 5239 veas
732 5184 988 5248 subeunt,
1027 5192 1083 5240 et
1137 5185 1192 5239 in
1243 5183 1447 5241 inlimis
1490 5187 1865 5256 penetralibus
1917 5188 2145 5243 latibula

572 5277 797 5332 habent.
860 5275 955 5332 Ha:
986 5278 1171 5349 itaque
1212 5279 1407 5350 vulpes
1436 5280 1729 5351 impiorum
1766 5280 1978 5337 animas
2001 5282 2146 5337 istuc

572 5371 849 5442 delapsas,
885 5378 943 5427 ut
974 5372 1214 5427 oblatam
1247 5371 1511 5443 praedam,
1543 5374 1977 5444 comprehensas
2007 5374 2146 5429 diri-

573 5464 729 5533 piunt
774 5472 939 5537 atque
986 5466 1130 5520 inter
1176 5482 1236 5522 se
1285 5466 1557 5523 dividunt.
1633 5465 1777 5523 Sane
1818 5468 1982 5523 talem
2031 5467 2148 5525 fore

574 5554 866 5626 impiorum
904 5556 1063 5615 linem
1103 5555 1342 5628 Spiritus
1387 5565 1615 5613 sanctus
1663 5558 2017 5615 vaticinatur.
2071 5557 2148 5614 De

2252 4641 2386 4712 γενῆ
2436 4654 2566 4712 μου·
2599 4638 2771 4693 σῶσόν
2805 4655 2873 4709 με
2906 4639 2971 4690 ὲκ
3004 4636 3268 4707 στόματος
3304 4632 3515 4696 λέοντος
3537 4672 3552 4695 ,
3591 4631 3685 4684 καὶ
3718 4624 3824 4682 ἀπὸ

2252 4733 2498 4806 κεράτων
2530 4730 2916 4805 μονοκερώτων
2959 4727 3056 4800 τὴν
3079 4724 3404 4781 ταπείνωσιν
3433 4740 3554 4797 μου.
3589 4741 3610 4775 ι
3641 4720 3820 4777 Ταῦτα

2249 4825 2307 4879 δὲ
2339 4825 2517 4879 πάντα
2562 4823 2688 4895 περὶ
2732 4819 3123 4891 ἀντικειμένων
3149 4818 3431 4889 δυνάμεων
3473 4816 3710 4885 ἐλέγετο.
3749 4810 3818 4866 Οὐ

2255 4917 2414 4989 μόνον
2464 4916 2521 4969 δὲ
2564 4917 2644 4981 εἱς
2693 4917 2881 4986 χεῖρας
2941 4913 3209 4985 ῥομφαίας
3260 4908 3727 4982 παραδοθήσονται
3772 4904 3818 4958 οι

2249 5007 2653 5082 προλεχθέντες,
2676 5005 2811 5061 ἀλλὰ
2833 5006 2927 5059 καὶ
2957 5003 3451 5076 διασπασθήσονται
3478 4994 3581 5056 ὦδε
3606 5001 3819 5055 κάκεῖσε

2248 5101 2660 5175 περιελκόμενοι
2682 5100 2788 5154 ὑπὸ
2810 5099 2999 5153 δεινῶν
3022 5115 3184 5152 τινων
3210 5097 3302 5151 καὶ
3324 5094 3647 5168 πανούργων
3670 5111 3817 5149 πνευ-

2252 5197 2457 5269 μάτων,
2506 5191 2599 5256 οὒς
2629 5192 2919 5257 ἀλώπεκας
2949 5190 3206 5263 ὀνομάζει
3238 5193 3266 5245 ὀ
3301 5189 3491 5263 παρὼν
3516 5190 3674 5258 λόγος
3696 5229 3711 5253 ,
3742 5186 3818 5243 διά

2252 5285 2315 5341 τὸ
2347 5283 2763 5341 καταδεδυκέναι
2798 5283 2894 5338 καὶ
2939 5286 3051 5344 τοῖς
3083 5283 3383 5339 κατωτάτω
3425 5284 3617 5354 μυχοῖς
3647 5283 3816 5353 ἐμφω-

2253 5379 2448 5433 λεύειν.
2485 5372 2644 5433 Οὗτοι
2674 5376 2718 5430 δ’
2750 5372 2845 5431 οὖν
2878 5377 2929 5430 οἱ
2960 5375 3245 5441 ἀλώπεκες
3275 5375 3464 5448 ὥσπερ
3495 5374 3707 5447 εὕρεμα
3731 5374 3814 5435 τὰς

2253 5474 2370 5527 ἐκεῖ
2425 5468 2872 5534 καταπιπτούσας
2920 5468 3097 5540 ψυχὰς
3150 5470 3260 5523 τῶν
3313 5468 3527 5524 ἁσεῦῶν
3578 5467 3814 5528 λαϐόντες

2251 5561 2677 5634 διαρπάζουσιν,
2719 5562 2801 5626 είς
2841 5562 3068 5625 ἑαυτοὺς
3101 5560 3271 5625 αὑτὰς
3316 5559 3681 5633 μεριζόμενοι.
3720 5555 3814 5616 Καὶ

646 5698 695 5732 ⁹²
732 5698 890 5757 Deut.
926 5717 1000 5765 ιν,
1036 5700 1125 5757 39.
1201 5700 1247 5733 ”
1286 5699 1487 5772 Epltes.
1520 5716 1595 5789 tr,
1632 5700 1720 5757 10.
1796 5701 1842 5736 ⁸³
1877 5700 1981 5760 Job
2016 5719 2138 5760 aut

2245 5744 2262 5771 ,
2295 5705 2386 5770 16,
2420 5705 2507 5761 Π.
2582 5705 2632 5740 ’³
2663 5704 2809 5763 Psal.
2846 5721 2964 5773 xxx,
2987 5705 3082 5774 2|,
3106 5704 3196 5762 9.2.

648 5816 728 5888 (ί)
758 5816 813 5873 In
840 5816 1051 5890 Bibliis,
1086 5821 1290 5892 πηγήν.
