4086 6442
303 379 416 440 tua

1475 371 1972 432 COMMENTARIA
2011 369 2076 426 ΙΝ
2113 363 2458 432 ΡδΑιΜοδζ
2527 323 2550 342 ⁸

3453 375 3559 434 614

301 494 416 550 τῶν
449 495 548 566 μὲν
569 493 782 550 ἀσεϐῶν
807 493 1044 549 τοιοῦτον
1077 493 1296 548 ἔσεσθαι
1327 493 1388 548 τὸ
1413 494 1566 558 τέλος
1579 493 1640 548 τὸ
1661 491 1870 564 Πνεῦμα

1985 491 2140 562 iusto
2169 501 2372 558 autem,
2407 493 2502 564 qui
2547 507 2714 564 supra
2767 503 3066 550 memorata
3097 493 3356 566 praeclara
3391 509 3560 566 opera

299 585 364 640 τὸ
395 589 550 656 ἅγιον
577 585 837 650 θεσπίζει.
867 587 1008 658 Περὶ
1041 587 1098 640 δὲ
1127 587 1222 640 τοῦ
1273 585 1482 640 δικαίου
1507 583 1604 638 τοῦ
1648 583 1718 638 τὰ
1753 601 1886 656 προ-

297 677 560 748 λεχθέντα
585 679 1010 752 κατωρθωκότος
1043 679 1290 752 ἐπιφέρει
1320 678 1476 748 λέγον
1495 695 1508 710 ·
1553 697 1572 730 ι
1613 677 1672 730 '0
1703 675 1762 730 δὲ
1793 677 1886 747 βα-

301 773 486 836 σιλεὺς
533 771 964 844 εὐφρανθήσεται
1009 771 1102 824 ἐπὶ
1151 771 1228 842 τῷ
1269 769 1422 842 Θεῷ·
1471 767 1884 840 ἐπαινεθήσεται

297 865 410 928 πᾶς
437 867 464 918 ό
489 863 704 934 ὀμνύων
731 865 788 916 έν
811 863 960 934 αὐτῷ
979 881 994 894 ο
1023 865 1106 916 ὅτι
1155 863 1432 935 ὲνεφράγη
1463 863 1636 934 στόμα
1661 861 1880 914 λαλούν-

293 973 408 1010 των
439 957 622 1010 ἄδικα.
653 975 672 1008 ι
705 955 916 1026 Σφόδρα
947 955 1266 1028 παραδόξως
1303 955 1538 1010 ἐνταῦθα
1570 953 1632 1008 τὸ
1663 953 1756 1006 τοῦ
1789 953 1882 1024 βα·-

299 1048 492 1112 σιλέως
537 1047 784 1118 είσῆκται
815 1047 982 1118 ὄνομα
1001 1063 1014 1078 ο
1045 1045 1208 1100 Δαυῒδ
1257 1047 1354 1118 μὲν
1385 1045 1494 1118 γὰρ
1543 1045 1760 1114 φεύγων
1779 1043 1882 1098 -τὸν

297 1139 493 1202 Σαοὺλ,
525 1139 618 1192 καὶ
649 1141 748 1210 τὴν
787 1138 990 1210 ἔρημον
1015 1139 1114 1210 τῆς
1147 1137 1410 1202 Ἰουδαίας
1445 1137 1610 1192 οίκῶν
1639 1136 1758 1190 καθ’
1789 1135 1882 1201 οὓς

293 1231 472 1284 ταῦτα
503 1231 654 1300 ελεγε
687 1231 930 1304 χρόνους,
965 1231 1258 1294 δείκνυται,
1291 1231 1353 1284 οὐ
1391 1229 1498 1302 μὴν
1527 1231 1628 1301 ήδη
1657 1247 1760 1282 που
1796 1227 1882 1300 βα·

295 1323 526 1378 σιλεύων
547 1341 560 1354 ·
583 1323 756 1378 Σαοὺλ
781 1323 858 1386 δὲ,
887 1321 1106 1394 κρατῶν
1133 1321 1228 1374 τοῦ
1253 1321 1458 1386 ἔθνους,
1481 1321 1582 1392 τῆς
1605 1319 1882 1390 βασιλείας

291 1419 504 1488 ἠγεῖτο.
549 1415 708 1480 Ποῖος
757 1409 850 1468 οὗν
895 1413 1150 1484 βασιλεὺς
1189 1413 1630 1486 εὐφρανθήσεται
1679 1412 1770 1464 ἐπὶ
1799 1409 1880 1482 τῷ

291 1507 446 1578 ﬁeri);
481 1507 618 1560 Ἀλλ’
653 1507 772 1578 ἐρεῖ
811 1523 895 1570 τις
943 1505 1082 1560 κατὰ
1125 1505 1434 1576 πρόγνωσιν
1463 1501 1558 1557 τοῦ
1597 1501 1880 1575 μέλλοντος

291 1597 458 1654 αὐτὸν
489 1597 844 1670 σημαίνεσθαι
871 1597 958 1650 τὸν
991 1597 1152 1650 Δαυτδ
1171 1613 1184 1628 ·
1219 1595 1418 1668 ήμελλε
1441 1595 1550 1668 γὰρ
1573 1597 1696 1650 ὅσον
1725 1591 1878 1646 οῦπω

293 1690 716 1760 τελευτήσαντος
745 1687 836 1742 τοῦ
871 1687 1042 1742 Σαοὺλ
1105 1687 1408 1758 βασιλεύειν
1433 1687 1616 1750 αὐτός.
1653 1687 1878 1758 ’Έτερος

295 1779 358 1832 δέ
407 1797 536 1850 φησι
578 1780 672 1832 καὶ
709 1780 818 1832 τότ’
867 1779 968 1850 ἥδη
1023 1777 1250 1850 βασιλέα
1285 1775 1424 1832 εἶναι
1457 1779 1652 1832 αὐτόν·
1689 1777 1874 1848 ἐπειδὴ

293 1871 552 1942 κέχριστο
582 1869 686 1924 ὑπὸ
711 1871 806 1924 τοῦ
839 1869 1093 1942 Σαμουὴλ
1118 1873 1200 1934 εἰς
1236 1869 1482 1942 βασιλέα,
1507 1871 1602 1924 καὶ
1628 1869 1777 1941 παρὰ
1799 1869 1876 1940 τῷ

289 1959 416 2032 Θεῷ
453 1959 726 2030 λελόγιστο
759 1961 858 2034 ήδη
899 1961 1152 2032 βασιλεύς
1175 1977 1187 1992 ⁸
1221 1961 1280 2014 οὐ
1319 1961 1426 2034 μὴν
1453 1959 1587 2014 ἀλλὰ
1623 1963 1718 2016 καὶ
1748 1961 1877 2014 ἐσα-

293 2051 470 2106 σίλευε
507 2053 600 2108 τοῦ
631 2055 880 2117 συνόντος
918 2053 1066 2126 αὐτῷ
1119 2053 1356 2126 πλήθους
1379 2093 1393 2118 ,
1437 2049 1498 2108 οὗ
1541 2053 1809 2124 μέμνηται
1843 2053 1876 2125 ή

295 2143 530 2214 ἱστορία.
565 2143 718 2196 Ἐπεὶ
741 2145 918 2196 τοίνυν
949 2143 1012 2196 τὸ
1043 2143 1194 2207 τέλος
1225 2143 1332 2196 τῶν
1360 2141 1688 2196 ἐλαυνόντων
1715 2141 1876 2196 αὐτὸν

288 2235 634 2308 παρέστησεν
657 2235 686 2288 ό
713 2235 888 2304 λόγος,
917 2233 1141 2308 εἰκότως
1169 2221 1264 2288 καὶ
1293 2231 1458 2288 αὐτοῦ
1479 2231 1554 2294 ὡς
1581 2231 1645 2286 ἂν
1675 2231 1876 2306 πολλὴν

287 2329 668 2401 ὲνδειξαμένου
707 2328 991 2400 προκοπὴν
1019 2327 1089 2380 τὰ
1117 2325 1248 2398 τέλη
1295 2325 1404 2379 τῶν
1449 2325 1626 2380 πόνων
1665 2341 1877 2398 προφη-

285 2423 526 2477 τεύεται.
557 2421 646 2476 Διὸ
677 2421 928 2490 λέγεται·
953 2439 972 2472 ί
997 2419 1052 2474 Ὀ
1081 2419 1138 2474 δὲ
1171 2417 1424 2490 βασιλεὺς
1448 2417 1875 2490 εὐφρανθήσεται

287 2516 384 2570 ἐπὶ
407 2513 486 2586 τῷ
509 2513 644 2586 θεῷ.
661 2533 680 2565 ι
711 2513 798 2578 Ὠς
819 2514 928 2584 γὰρ
949 2513 1196 2580 γενναῖος
1221 2511 1316 2564 τοῦ
1337 2509 1472 2564 Θεοῦ
1497 2509 1754 2582 ἀθλητὴς,
1779 2527 1874 2580 με-

285 2609 488 2678 γάλους
529 2607 746 2676 ἀγῶνας
791 2603 1106 2670 διεξελθὼν,
1149 2603 1420 2676 βραϐείων
1463 2619 1524 2656 τε
1569 2603 1664 2656 καὶ
1715 2601 1874 2658 θείων

287 2699 568 2772 στεφάνων
595 2699 1030 2770 κατηξιωμένος,
1060 2695 1398 2770 εὐφροσύνης
1431 2695 1732 2752 ἀπολαύσει
1771 2697 1874 2766 τῆς

285 2793 420 2866 παρ’
455 2793 602 2866 αὐτῷ
629 2791 706 2864 τῷ
739 2791 1070 2863 ἀγωνοθέτῃ.
1101 2791 1310 2862 Ὥσπερ
1342 2789 1452 2861 γὰρ
1482 2791 1530 2844 οἱ
1557 2789 1742 2864 ἐχθροὶ
1771 2789 1870 2842 αὐ-

281 2885 382 2940 τοῦ
411 2887 562 2949 τέλος
585 2887 684 2938 οὐκ
711 2883 886 2940 αἴσιον
911 2883 1216 2956 εἰλήφασιν,
1249 2885 1328 2946 εἰς
1359 2881 1428 2936 τὰ
1463 2881 1752 2936 κατώτατα
1775 2881 1874 2952 τῆς

283 2979 392 3052 τῆς
425 2977 786 3044 εἰσελθόντες,
819 2977 914 3030 καλ⁸
965 2975 1366 3050 παραδοθέντες
1397 2977 1476 3038 είς
1508 2977 1696 3046 χεῖρας
1741 2975 1874 3044 ῥομ-

283 3071 484 3140 φαίας,
533 3069 748 3144 μερίδες
777 3085 837 3122 τε
891 3067 1190 3122 ἀλωπέκων
1234 3065 1548 3138 γενόμενοι·
1595 3063 1632 3118 ἃ.
1675 3063 1738 3134 δὴ
1779 3063 1872 3116 καὶ

283 3163 588 3234 ἐπληροῦτο
627 3163 764 3234 πρός
791 3161 935 3226 λέξιν
975 3160 1118 3216 κατὰ
1155 3159 1252 3232 τὴν
1297 3159 1568 3230 ἱστορίαν,
1603 3157 1868 3228 ὁπηνίκα,
1899 3197 1940 3254 c

283 3251 504 3322 φεύγων
527 3254 556 3304 ὁ
585 3251 756 3305 Σαοὺλ
781 3253 906 3316 τοὺς
937 3249 1246 3322 πολεμίους,
1273 3247 1664 3322 ὲκρυπτάζετο,
1689 3247 1866 3319 ζητῶν

279 3363 344 3398 τε
375 3345 524 3416 παρὰ
549 3345 642 3398 τοῦ
677 3343 810 3398 Θεοῦ
847 3343 1116 3416 βοήθειαν,
1147 3344 1244 3414 οὐχ
1289 3341 1540 3410 εὕρισκεν
1563 3359 1576 3370 ·
1607 3341 1721 3394 ἀλλ’
1747 3341 1866 3394 οὐδὲ

279 3439 634 3509 ἀποκρίσεως
665 3437 814 3502 θείας
843 3435 1088 3507 ἡξιοῦτιγ
1115 3437 1188 3500 ὡς
1214 3433 1303 3489 διὰ
1337 3433 1480 3488 τοῦτ’
1510 3433 1682 3488 ἐλθεῖν
1705 3434 1867 3488 αὐτὸν

279 3529 381 3583 ἐπὶ
407 3531 504 3602 τὴν
525 3529 980 3602 ὲγγαστρίμυθον,
1007 3529 1098 3582 καὶ
1127 3527 1601 3600 πολυπραγμονεῖν
1633 3527 1699 3580 τὰ
1723 3527 1866 3598 ἀπη-

277 3621 590 3694 γορευμένα
621 3623 726 3676 ὐπὸ
751 3621 848 3675 τοῦ
883 3621 1039 3675 Θεοῦ.
1065 3621 1198 3674 Τότε
1229 3619 1360 3689 γοῦν
1395 3619 1610 3690 ἀληθῶς
1649 3619 1866 3692 μερίδες

279 3717 584 3770 ἀλωπέκων
621 3715 905 3784 γεγόνασιν
939 3715 1100 3782 αὐτός
1133 3731 1188 3768 τε
1235 3713 1330 3768 καὶ
1367 3715 1416 3766 οἱ
1443 3713 1538 3766 σὺν
1571 3711 1738 3782 αὐτῷ.
1773 3711 1864 3765 Διό

283 3809 382 3860 καὶ
413 3807 860 3877 καταλειφθέντες
887 3807 991 3860 ὑπὸ
1019 3805 1112 3860 τοῦ
1147 3805 1282 3860 Θεοῦ
1307 3845 1322 3870 ,
1351 3809 1416 3878 τῇ
1443 3805 1552 3860 τῶν
1593 3805 1862 3876 πολεμίων

285 3899 533 3972 ῥομφαίᾳ
553 3901 926 3972 παρεδόθησαν
946 3899 1202 3964 πεσόντες
1223 3901 1280 3954 ἐν
1301 3897 1380 3970 τῷ
1405 3897 1864 3972 πολέμῳ.”Ωσπερ

285 3987 382 4046 οὖν
407 3991 578 4046 ταῦτα
613 3992 840 4062 μηδέπω
871 3993 1138 4062 γενόμενα
1170 3991 1310 4044 κατὰ
1341 3990 1646 4062 πρόγνωσιν
1679 3991 1862 4062 εἴρητο

289 4083 550 4154 μέλλοντα
589 4083 806 4136 ἔσεσθαι
851 4084 1096 4146 τοῖς,τδν
1141 4083 1304 4138 Δαυῒδ
1337 4083 1680 4136 ἐλαύνουσιν·
1721 4082 1861 4136 οὕτω

283 4175 382 4226 καὶ
409 4173 550 4246 αὐτῷ
575 4174 644 4226 τὰ
671 4173 820 4226 αἴσια
848 4173 974 4243 τέλη
997 4173 1058 4224 τὸ
1089 4173 1309 4244 Πνεῦμα
1333 4170 1392 4224 τὸ
1421 4171 1572 4238 ἅγιον
1599 4169 1858 4238 ἁνεφώνει

279 4263 442 4332 λέγον
460 4281 472 4294 ’
507 4283 526 4314 ⁸
548 4265 604 4317 Ὀ
635 4263 692 4316 δὲ
723 4263 972 4334 βασιλεὺς
997 4261 1432 4334 εὐφρανθήσεται
1463 4261 1552 4313 ἐπὶ
1578 4259 1807 4330 τῷΘεῷ.
1833 4279 1854 4312 ›

295 4353 552 4418 Ἐλπίσας
585 4355 692 4426 γὰρ
735 4355 830 4406 ἐπὶ
879 4353 968 4406 τὸν
997 4353 1160 4418 Θεὸν,
1215 4355 1308 4407 καὶ
1353 4355 1452 4423 τὴν
1486 4353 1648 4406 αὐτοῦ
1681 4351 1856 4422 ψυχὴν

281 4449 523 4514 συνάψας
551 4449 726 4520 αὐτῷ,
757 4447 832 4512 ὡς
857 4447 1026 4500 εἰπεῖν
1053 4485 1066 4510 ,
1108 4467 1126 4500 ι
1165 4445 1456 4518 Ἐκολλήθη
1503 4447 1536 4518 ἡ
1573 4445 1718 4518 ψυχή
1755 4463 1855 4516 μου

1985 585 2178 652 edidit,
2231 585 2348 642 haac
2403 585 2724 658 subiungit:
2797 584 2954 641 «Rex
3009 601 3140 642 vero
3181 586 3452 642 laetabitur
3501 587 3560 642 in

1985 671 2138 728 Deo:
2181 673 2548 728 laudabuntur
2581 689 2770 732 omnes
2815 675 2912 746 qui
2949 675 3138 746 iurant
3194 675 3250 730 in
3287 691 3375 740 eo,
3429 675 3558 746 quia

1983 765 2326 821 obstructum
2355 775 2438 822 est
2479 781 2542 822 os
2577 767 2916 836 loquentium
2967 767 3210 838 iniqua.»
3259 767 3454 824 Mirum
3501 768 3556 822 in

1983 858 2206 912 modum
2242 857 2334 912 hic
2365 859 2510 930 regis
2545 873 2744 914 nomen
2787 859 3074 914 inductum
3109 868 3230 916 est:
3285 861 3556 932 siquidem

1983 951 2155 1006 David
2185 969 2332 1016 cum,
2379 961 2440 1008 ut
2463 954 2984 1020 demonstravimus,
3022 969 3134 1025 quo
3164 963 3410 1026 tempore
3443 955 3558 1010 haec

1981 1043 2202 1100 dicebat
2245 1060 2276 1118 _a
2317 1043 2482 1102 Saule
2531 1045 2764 1118 fugeret,
2803 1047 3192 1118 desertumque
3235 1043 3440 1102 Iudaeae
3471 1047 3558 1100 in-

1981 1137 2206 1204 coleret,
2241 1139 2482 1194 nondum
2517 1156 2614 1196 rex
2649 1151 2768 1196 erat
2795 1183 2809 1208 ,
2861 1139 2958 1196 sed
3013 1138 3145 1194 Saul
3177 1141 3327 1210 genti
3375 1139 3552 1209 impe-

1979 1247 2111 1286 rans
2153 1246 2380 1300 regnum
2415 1231 2717 1288 obtinebat.
2753 1231 2888 1298 Quis
2913 1247 3042 1302 ergo
3075 1247 3168 1286 rex
3201 1230 3475 1285 laetabitur
3497 1229 3552 1284 in

1979 1319 2126 1374 Deo?
2185 1317 2292 1372 Sed
2341 1319 2484 1375 dicet
2541 1321 2834 1390 quispiam,
2885 1337 2952 1375 ex
2985 1321 3328 1392 praescientia
3381 1318 3552 1374 futuri

1977 1415 2156 1484 ipsum
2187 1413 2446 1469 Davidem
2483 1415 2726 1472 indicare
2751 1415 2947 1470 :-brevi
2979 1429 3236 1484 namque,
3265 1423 3387 1484 post
3413 1427 3556 1468 inor-

1977 1515 2085 1564 tem
2125 1507 2324 1572 Saulis,
2361 1515 2694 1578 regnaturus
2719 1509 2834 1578 ipse
2867 1515 3006 1564 erat.
3051 1505 3208 1562 Dicet
3239 1507 3404 1572 alius,
3435 1507 3552 1577 iam

1977 1607 2092 1654 tum
2129 1599 2388 1654 Davidem
2421 1599 2592 1656 fuisse
2633 1615 2840 1672 regem,
2883 1605 3072 1670 utpote
3124 1612 3154 1652 a
3193 1596 3452 1652 Samuele
3497 1597 3552 1652 in

1977 1709 2158 1764 regem
2193 1701 2442 1760 unetum,
2479 1703 2644 1764 atque
2671 1701 2729 1748 ut
2781 1693 2944 1748 talem
2983 1705 3014 1745 a
3049 1690 3162 1746 Deo
3195 1697 3548 1760 reputatum;

1979 1785 2088 1840 imo
2118 1785 2282 1840 etiam
2315 1795 2448 1840 tunc
2483 1785 2746 1855 temporis
2785 1799 3048 1855 regnasse
3087 1783 3140 1838 in
3177 1791 3394 1854 gentem
3427 1795 3552 1836 sese

1978 1877 2353 1940 comitantem,
2409 1875 2572 1946 cujus
2613 1873 2864 1930 meminit
2909 1873 3163 1926 historia.
3207 1869 3351 1938 Quia
3385 1871 3552 1941 igitur

1978 1970 2380 2041 insequentium
2411 1971 2590 2042 ipsum
2631 1967 2790 2022 ﬁnem
2827 1981 3008 2022 sermo
3039 1964 3336 2020 declaravit
3359 2007 3374 2030 ,
3407 1977 3546 2016 con-

1977 2071 2270 2134 sequenter
2315 2064 2490 2134 ipsius
2529 2075 2769 2132 quoque,
2823 2067 3012 2130 utpote
3067 2072 3266 2126 magno
3297 2053 3548 2126 proiectu

1977 2155 2146 2210 aucti.
2182 2155 2431 2208 laborum
2477 2151 2638 2208 ﬁnem
2671 2150 3026 2206 vaticinatur.
3083 2147 3266 2214 Quare
3304 2143 3544 2200 dicitur:

1984 2265 2002 2298 ι
2033 2245 2148 2300 Rex
2177 2261 2308 2300 vero
2341 2245 2614 2300 lanabitur
2645 2243 2700 2297 in
2751 2241 2915 2297 Deo.»
2969 2239 3104 2292 Nam
3135 2247 3193 2292 ut
3243 2249 3548 2308 generosus

1977 2337 2070 2394 Dei
2103 2337 2328 2402 athleta,
2389 2337 2602 2408 magnis
2651 2325 2816 2390 editis
2857 2330 3274 2392 certaminibus,
3308 2327 3550 2400 praemiis

1975 2429 2286 2500 divinisque
2325 2429 2548 2484 coronis
2585 2427 2846 2490 donatus,
2879 2441 2964 2486 ea.
3003 2439 3126 2494 qua:
3157 2437 3322 2492 penes
3363 2420 3546 2488 ipsum

1975 2523 2358 2594 agonothetam
2404 2529 2510 2584 est,
2551 2521 2734 2575 laetitia
2771 2518 3006 2572 fruetur.
3075 2513 3148 2570 Ut
3199 2529 3230 2568 e
3279 2523 3552 2568 converso

1975 2615 2182 2672 inimici
2199 2615 2318 2684 eius
2343 2629 2452 2668 non
2483 2613 2722 2668 faustum
2753 2611 2914 2666 ﬁnem
2945 2609 3324 2667 obtinuerunt,
3349 2603 3550 2675 quippe

1973 2708 2068 2778 qui
2095 2707 2150 2760 in
2179 2705 2442 2760 inferiora
2471 2712 2634 2760 terra:
2667 2701 2928 2772 ingressi.
2960 2709 3014 2754 et
3041 2697 3228 2752 traditi
3269 2695 3324 2750 in
3349 2707 3548 2747 ntanus

1973 2803 2160 2874 gladii,
2193 2809 2374 2872 partes
2425 2797 2668 2866 vulpium
2715 2793 2937 2848 fuerint.
2999 2791 3132 2856 Quae
3175 2787 3244 2842 ad
3303 2787 3546 2840 litteram

1973 2895 2194 2965 impleta
2223 2907 2348 2947 esse
2381 2889 2436 2944 in
2482 2885 2714 2942 historia
2765 2891 3044 2945 narratur,
3075 2879 3298 2950 quando
3339 2879 3408 2930 ab
3441 2875 3552 2929 ini-

1973 2985 2134 3040 micis
2181 2983 2394 3052 fugiens
2429 2977 2558 3034 Saul
2601 2977 2842 3032 latebras
2871 2971 3174 3044 qumrebat,
3211 2971 3552 3040 petitamque

1973 3075 2136 3132 aDeo
2191 3089 2348 3146 opem
2393 3089 2500 3128 non
2531 3071 2790 3132 obtinuit,
2827 3081 3004 3136 neque
3048 3065 3230 3117 divino
3281 3073 3550 3128 responso

1975 3169 2232 3239 dignatus
2261 3175 2384 3234 est;
2419 3167 2494 3220 ita
2545 3175 2604 3218 ut
2647 3163 2772 3218 ideo
2823 3155 3314 3231 engastrimytham
3347 3151 3546 3214 adiret,

1975 3269 2026 3316 et
2067 3277 2096 3314 a
2127 3259 2234 3314 Deo
2271 3259 2438 3312 vetita
2471 3255 2744 3312 curiosius
2777 3251 3100 3320 inquireret.
3155 3243 3310 3298 Tunc
3353 3253 3542 3296 revera

1977 3361 2156 3424 partes
2200 3351 2442 3422 vulpium
2489 3349 2660 3410 fuere,
2695 3361 2818 3400 cum
2853 3343 2964 3406 ille,
2985 3349 3100 3394 tum
3125 3335 3356 3392 comites
3401 3331 3544 3401 eius.

1973 3423 2155 3512 Quare
2175 3445 2274 3500 abs
2311 3443 2420 3498 Deo
2447 3439 2718 3504 derelicti,
2745 3431 2930 3508 gladio
2959 3431 3312 3488 inimicorum
3359 3423 3546 3479 traditi

1973 3543 2122 3600 sunt,
2155 3543 2208 3590 ct
2241 3535 2298 3588 in
2331 3533 2474 3588 bello
2499 3531 2838 3586 ceciderunt.
2899 3525 3054 3580 Sicut
3093 3521 3258 3592 igitur
3291 3517 3382 3572 illa
3413 3529 3547 3570 non-

1973 3627 2101 3682 dum
2139 3625 2306 3688 edita,
2339 3620 2762 3692 insequentibus
2803 3615 3064 3670 Davidem
3105 3612 3430 3674 obventura,
3477 3621 3548 3660 ex

1973 3721 2316 3792 przescientia
2343 3715 2840 3776 rcnuntiabantur,
2873 3711 2948 3764 ita
2969 3715 3024 3764 et
3055 3705 3160 3776 ipsi
3187 3701 3380 3756 Davidi
3411 3713 3544 3770 pro-

1971 3827 2190 3882 sperum
2221 3809 2376 3864 linem
2417 3807 2656 3878 Spiritus
2677 3813 2902 3859 sanctus
2933 3797 3260 3870 praedicebat
3301 3792 3386 3848 his
3415 3803 3543 3882 ver-

1973 3881 2078 3972 bis,
2119 3925 2136 3958 ι
2163 3905 2280 3960 Rex
2309 3919 2440 3958 vero
2465 3901 2734 3956 laetabitur
2765 3899 2820 3950 in
2867 3893 3030 3948 Deo.)
3099 3889 3234 3944 Cum
3283 3883 3428 3938 enim
3483 3881 3540 3972 in

1969 3999 2080 4056 Deo
2125 4013 2276 4069 spent
2315 3993 2578 4066 posuerit,
2631 3989 2846 4060 ipsique
2893 3985 3131 4039 animam
3185 3971 3541 4044 coniunxerit

1967 4105 2144 4153 suam,
2177 4091 2248 4142 ita
2281 4097 2340 4140 ut
2375 4086 2542 4146 dicat,
2581 4101 2598 4133 ι
2625 4079 2868 4136 Adhaesit
2899 4077 3080 4130 anima
3109 4085 3228 4126 mea
3263 4073 3384 4138 post
3407 4073 3530 4153 te,»

1967 4151 2260 4252 supernam
2289 4195 2319 4232 a
2353 4177 2460 4230 Deo
2519 4173 2760 4228 laetitiam
2817 4163 3103 4222 obtinebit.
3163 4159 3250 4214 Ac
3285 4151 3540 4252 quisquis

1967 4243 2070 4326 hac
2102 4269 2168 4324 de
2198 4285 2256 4322 re
2281 4267 2506 4336 iuravit.
2543 4271 2603 4317 ut
2637 4263 2776 4316 bene
2809 4257 3020 4328 prolato
3065 4253 3380 4322 iuramento
3419 4243 3536 4296 lau-

1967 4363 2224 4426 dabitur;
2297 4359 2435 4424 sive,
2467 4353 2768 4412 secundum
2813 4349 3086 4420 Aquilam,
3153 4361 3170 4393 ι
3199 4337 3538 4394 Gloriabitur

1964 4457 2056 4530 qui
2081 4457 2228 4526 iurat
2255 4453 2308 4506 in
2343 4467 2462 4506 co.)
2505 4447 2638 4502 Nam
2669 4443 2922 4516 quisquis
2961 4437 3094 4492 nihil
3129 4435 3408 4530 dubitans,
3445 4429 3536 4498 ju-

277 4541 454 4596 ὀπίσω
482 4559 576 4594 σου
597 4582 612 4606 ,
649 4563 666 4592 ι
708 4545 808 4614 τῆς
857 4543 1118 4598 ἀνωτάτω
1153 4539 1400 4605 τεύξεται
1453 4537 1602 4608 παρὰ
1633 4539 1710 4610 τῷ
1739 4541 1856 4612 Θεῷ

1971 4525 2210 4602 ramento
2245 4539 2616 4600 aﬂirmaverit,
2667 4549 2850 4604 regem
2883 4549 2910 4584 ιι
2944 4525 3220 4600 proposita
3255 4537 3352 4592 spe
3383 4535 3530 4574 nun-

277 4635 634 4707 εὐφροσύνης.
669 4635 778 4690 Καὶ
807 4639 914 4700 πᾶς
953 4635 1008 4688 δὲ
1033 4638 1062 4690 ό
1095 4635 1188 4688 ἐπὶ
1232 4631 1440 4694 τούτοις
1470 4631 1638 4700 ὀμνὺς
1679 4631 1756 4694 ὡς
1795 4633 1860 4686 ἂν

277 4725 520 4798 εὐορκῶν
547 4727 962 4798 ἐπαινεθήσεται
985 4745 998 4758 ·
1029 4727 1062 4798 ἤ
1093 4725 1234 4782 κατά
1267 4725 1358 4777 τὸν
1387 4719 1640 4786 Ἀκύλαν,
1677 4745 1694 4776 ι
1716 4727 1864 4778 Καυ-

277 4821 502 4890 χήσεται
529 4821 556 4871 ό
581 4819 794 4890 ὀμνύων
824 4822 882 4873 ἐν
905 4821 1072 4892 αὐτῷ.
1109 4841 1125 4874 ι
1162 4821 1220 4874 '0
1245 4821 1354 4892 γὰρ
1381 4821 1454 4892 μὴ
1485 4819 1860 4894 ἀμφιϐάλλων,

275 4911 414 4966 ἀλλὰ
451 4915 544 4966 καὶ
581 4913 742 4985 ὅρκον
769 4913 1050 4986 τιθέμενος
1091 4915 1218 4986 περί
1251 4913 1344 4967 τοῦ
1375 4917 1580 4986 μήποτε
1613 4913 1864 4966 ἐκπεσεῖ-

279 5007 404 5062 σθαι
435 5009 524 5062 τὸν
553 5009 777 5080 βασιλέα
817 5009 916 5080 τῆς
945 5006 1362 5080 ἐπηγγελμένης
1387 5005 1630 5070 ἐλπίδος,
1663 5001 1862 5056 ὡσανεὶ

275 5101 550 5172 εὐορκῶν,
595 5101 1032 5166 ἐπαινεθήσεται.
1069 5097 1182 5152 Καὶ
1217 5097 1390 5150 ταῦτα
1423 5097 1574 5150 ἔσται
1611 5097 1740 5168 περὶ
1771 5093 1861 5148 τὸν

277 5193 500 5264 βασιλέα
517 5195 756 5267 καὶπερὶ
781 5195 956 5248 πάντα
969 5191 1060 5246 τὸν
1086 5190 1326 5262 ὀμνύντα
1353 5189 1482 5262 περὶ
1505 5187 1693 5246 αὐτοῦ.
1707 5207 1724 5240 ι
1739 5187 1858 5240 ’Ὁτι

277 5287 552 5358 ένεφράγη
581 5287 642 5340 τδ
675 5287 852 5358 στόμα
876 5285 1179 5338 λαλούντων
1209 5283 1394 5337 ἄδικα.
1437 5301 1456 5334 ι
1497 5279 1635 5335 Καθ’
1665 5279 1858 5350 ἑτέραν

273 5377 332 5430 δὲ
357 5377 594 5432 διάνοιαν
631 5377 723 5432 τοῦ
752 5377 960 5430 δικαίου
1005 5373 1378 5444 τελειουμένου
1413 5371 1554 5428 κατὰ
1591 5371 1690 5434 τὰς
1721 5371 1858 5424 ἀπο-

273 5469 519 5534 δοθείσας
546 5473 604 5524 ἐν
633 5471 800 5542 ἀρετῇ
831 5467 1117 5542 προκοπὲις
1137 5505 1152 5532 ,
1181 5467 1360 5538 χαίρει
1385 5467 1479 5520 καὶ
1507 5465 1856 5536 εὐφραίνεται

275 5563 306 5613 ὁ
339 5561 590 5632 βασιλεὺς
613 5605 628 5626 ,
659 5565 688 5616 ὁ
723 5561 819 5616 τοῦ
865 5561 1000 5614 Θεοῦ
1029 5559 1340 5631 Μονογενὴς
1367 5559 1494 5620 Υἱὸς
1519 5555 1856 5628 εὐχαριστῶν

275 5651 354 5722 τῷ
383 5653 572 5706 ἑαυτοῦ
609 5653 802 5724 Πατρὶ,
825 5651 902 5722 τῷ
933 5650 1000 5704 τὰ
1024 5649 1324 5722 τηλικαῦτα
1348 5649 1662 5720 χαρίσματα
1694 5645 1855 5699 δεδω-

279 5743 494 5814 ρημένιξΔ
531 5747 596 5817 τῇ
633 5743 740 5798 τῶν
776 5743 1078 5814 ἀνθρώπων
1109 5743 1264 5812 φύσα.
1305 5739 1504 5794 Τοῦτον
1539 5739 1596 5792 δὲ
1637 5735 1726 5790 τὸν
1757 5735 1854 5806 βα·-

277 5857 294 5887 ι
315 5835 428 5890 ne:
453 5839 482 5890 ό
510 5839 688 5910 γνοὺς,
717 5837 809 5890 καὶ
837 5835 1018 5910 ὅρκιον
1045 5833 1210 5890 αὐτοῦ
1245 5833 1562 5902 ποιούμενος
1591 5829 1848 5898 τοῦνομα,

1964 4655 2126 4712 quam
2157 4639 2438 4707 lapsurum
2475 4645 2618 4690 esse,
2657 4633 2718 4680 ut
2773 4623 2866 4694 qui
2915 4627 3062 4676 recte
3091 4613 3382 4712 iuraverit,
3415 4613 3534 4712 Ian:

1961 4703 2225 4786 dabitur;
2249 4727 2314 4780 Et
2345 4725 2460 4778 haec
2503 4720 2820 4788 contingent
2851 4721 2966 4768 tum
3013 4709 3150 4780 regi,
3187 4717 3300 4762 tum
3343 4706 3408 4760 iis
3439 4703 3532 4772 qui

1963 4819 2030 4876 de
2069 4821 2186 4892 ipso
2231 4813 2560 4887 iuraverint,
2613 4829 2630 4861 ι
2659 4807 2788 4880 quia
2831 4805 3176 4860 obstructum
3223 4805 3306 4852 est
3351 4813 3414 4852 os
3453 4795 3534 4850 lo-

1964 4913 2248 4984 quentium
2281 4907 2490 4978 iniqua.
2517 4923 2536 4956 »
2591 4899 2904 4958 Secundum
2941 4897 3102 4950 aliam
3145 4905 3275 4946 vero
3311 4897 3536 4944 senten-

1961 5007 2095 5062 tiam
2129 5019 2251 5058 cum
2268 5001 2452 5072 iustus
2475 4997 2740 5052 virtutum
2771 4987 3018 5062 profectu
3045 4991 3240 5038 auctus
3269 4995 3531 5036 consum-

1961 5109 2176 5162 matur,
2233 5105 2362 5148 tunc
2406 5089 2606 5162 gaudet
2647 5103 2744 5141 rex
2793 5091 2848 5138 et.
2895 5079 3152 5143 exsultat,
3205 5073 3532 5162 Unigunitus

1961 5159 2172 5246 scilicet
2205 5185 2299 5240 Dei
2327 5159 2522 5244 Filius,
2573 5177 2722 5230 Patri
2755 5189 2856 5230 suo
2901 5170 3108 5242 gratias
3137 5165 3402 5224 referens,
3437 5159 3530 5229 qui

1959 5279 2214 5334 humanm
2248 5283 2458 5330 natura:
2495 5277 2644 5324 tanta
2677 5267 2978 5338 gratiarum
3023 5259 3165 5314 dona
3210 5253 3528 5310 contuleri:.

1957 5371 2120 5428 llunc
2179 5383 2346 5440 porro
2393 5379 2576 5436 regem
2627 5361 2722 5433 qui
2767 5355 3000 5420 noverit,
3036 5353 3266 5422 eiusque
3311 5343 3530 5440 unumne
3577 5345 3580 5350 '

1955 5467 2022 5520 ad
2073 5433 2616 5534 iuramentumvusus
2681 5451 2864 5512 fuerit,
2901 5450 2948 5504 is
2995 5461 3124 5502 sane
3177 5439 3322 5534 omni
3367 5433 3526 5534 laude

1957 5524 2156 5626 dignus
2193 5551 2494 5613 habeatur;
2537 5553 2726 5615 utpote
2775 5539 2866 5612 qui
2915 5531 3220 5626 edidicerit,
3255 5524 3524 5626 eius'vir-

1955 5617 2072 5701 tute
2099 5643 2310 5712 iustum
2337 5643 2806 5698 consummatum,
2839 5637 2892 5686 ct
2919 5643 2982 5683 os
3013 5621 3290 5712 quogd‘ibet
3315 5617 3526 5712 iniusta

1957 5703 2126 5786 multa
2161 5727 2449 5800 proferens
2481 5723 2826 5778 obstructum
2857 5717 3048 5772 fuisse.
3103 5705 3330 5764 Etiamsi
3377 5703 3523 5760 enim

1957 5829 2246 5896 aliquanto
2287 5827 2536 5889 tempore
2595 5823 2916 5868 concessum
2949 5803 3130 5878 impiis
3163 5801 3286 5864 iuit,
3339 5803 3526 5852 utore
