4086 6442
581 305 690 361 615

1255 301 1527 358 EUSEBII
1565 298 2048 358 (HESABIENSIS
2082 301 2234 360 OPP.
2280 299 2463 359 PARS
2492 295 2588 356 lli.
2633 324 2700 339 --
2739 291 3148 350 EXEGETICA.
3780 289 3866 346 6l6

575 423 785 497 injusta
815 419 988 476 multa
1043 417 1375 490 proferrent,
1409 426 1464 475 et
1494 418 1815 490 blasphema
1845 417 1991 473 dicta
2021 423 2156 473 co‘n-

2264 415 2460 480 παντὸς
2490 413 2688 484 γένοιτ’
2716 409 2783 464 ἂν
2814 411 3039 464 ἐπαίνου
3073 408 3240 474 ἄξιος,
3279 405 3374 470 ὡς
3412 404 3489 458 ἂν
3531 401 3871 476 μεμαθηκὼςι

574 525 658 570 tra
713 513 921 582 justum
975 513 1268 585 ipsumque
1323 511 1495 567 De'tm
1547 519 1892 584 spargerent,
1940 518 2152 582 utpote,

575 606 668 676 qui
715 604 866 658 viros
897 603 984 660 sui
1035 616 1206 656 causa
1246 601 1436 668 pulsos
1469 617 1579 656 non
1621 601 2016 667 ulcisceretur;
2045 600 2156 656 illis

575 713 710 753 sane
742 713 852 751 non
901 697 1257 768 permittetur
1285 705 1347 750 ut
1395 695 1463 751 ad
1498 695 1659 750 finem
1698 710 1874 766 usque
1903 693 2033 748 talia
2060 692 2157 748 de-

575 788 883 854 blaterent;
935 789 1038 844 sed
1090 802 1153 844 os
1218 787 1450 857 impium
1516 771 1764 858 ipsorum
1813 787 2154 850 obstruetur,

574 881 924 950 cessabitque
974 879 1068 933 illa
1116 886 1312 934 contra
1361 879 1482 950 pios
1527 878 1780 934 homines
1819 877 2154 948 arrogantia,

575 986 701 1025 eum
730 973 853 1027 illos
877 979 1213 1026 memoratus
1243 969 1368 1026 finis
1405 970 1702 1041 exceperit.

2255 507 2338 560 ὅτι
2378 506 2446 576 τῇ
2491 501 2658 556 αὑτοῦ
2706 501 2935 570 δυνάμει
2982 499 3076 552 καὶ
3102 502 3130 552 6
3155 499 3390 560 δίκαιος
3427 493 3771 564 ἐτελειώθη,
3799 497 3876 548 καὶ

2258 599 2369 651 πᾶν
2403 596 2576 667 στόμα
2597 593 2660 648 τὸ
2688 593 2858 647 πολλὰ
2897 591 3092 645 λαλοῦν
3121 591 3286 644 ἄδικα
3319 585 3663 656 ἐνεφράγη.
3698 585 3879 659 Εἰ,γὰρ

2258 691 2353 744 καὶ
2377 689 2449 742 τὰ
2484 689 2720 760 μάλιστα
2747 686 2923 758 καιρῷ
2953 703 3063 738 τινι
3096 684 3497 755 συνεχωρεῖτο
3527 679 3617 749 τῷ
3641 679 3749 731 τῶν
3769 680 3880 732 6::-

2258 785 2368 839 ϐῶν
2413 782 2641 854 στόματι
2669 780 2848 834 λαλεῖν
2893 779 3056 832 ἄδικα
3089 780 3184 831 καὶ
3231 774 3777 843 καταϐλασφημεῖν
3803 772 3883 826 τοῦ

2257 876 2490 940 δικαίου,
2518 874 2614 928 καὶ
2651 873 2816 926 αὑτοῦ
2840 872 2935 926 τοῦ
2963 871 3123 937 Θεοῦ,
3172 870 3246 934 ὡς
3278 869 3487 940 μηδὲν
3517 866 3884 936 ἐπαμύνοντος

2265 971 2381 1032 τοίς
2409 967 2475 1020 δι’
2499 966 2660 1020 αὐτὸν
2678 964 3072 1036 ἐλαυνομένοις·
3093 963 3205 1017 ἀλλ’
3227 964 3339 1016 οὐκ
3369 962 3468 1023 εἰς
3491 958 3663 1020 τέλος
3683 951 3886 1010 τααῶα

574 1062 754 1116 λαλεῖν
789 1051 1342 1134 συγχωρηθήσονταιέ
1366 1064 1708 1136 φραγήσεται
1753 1063 1812 1117 δὲ
1861 1061 2043 1118 αὐτῶν
2093 1059 2154 1116 τὸ
2190 1060 2385 1124 ἀσεϐὲς
2413 1061 2610 1132 στόμα,
2669 1060 2764 1112 καὶ
2790 1061 2823 1129 ἡ
2855 1059 2996 1112 κατά
3026 1058 3135 1112 τῶν
3200 1053 3506 1125 θεοφιλῶν
3543 1051 3770 1123 ἀνδρῶν
3806 1069 3886 1121 μεο

575 1156 845 1226 γαλαυχεα
871 1154 1242 1226 παυοήσεται,
1285 1155 1504 1210 ἐπειδὰν
1549 1153 1833 1227 καταλάϐῃ
1867 1155 2066 1219 αὐτοὺς
2094 1153 2166 1208 τὰ
2199 1153 2569 1226 προλεχθέντα
2605 1151 2757 1222 τέλη.

757 1271 910 1346 ι.’;ιΝ
940 1269 1152 1325 FINEM
1183 1270 1458 1328 PSALMU
1471 1269 1753 1344 διιοΑνιι)
1792 1269 1974 1326 LXIII.

653 1385 822 1440 Vens.
857 1385 914 1450 2,
949 1387 1003 1442 5.
1059 1404 1078 1437 ι
1103 1385 1337 1451 Exaudi,
1396 1384 1564 1450 Deus,
1613 1384 1923 1440 orationem
1955 1399 2156 1450 meam,

578 1496 705 1536 cum
762 1479 1064 1551 deprecor:
1099 1494 1145 1542 .a
1188 1479 1385 1535 timore
1447 1479 1658 1534 inimici
1707 1480 1860 1549 eripe
1917 1478 2158 1533 animam

578 1587 810 1626 meam.»
873 1570 1121 1626 Praesens
1155 1585 1373 1642 quoque
1401 1571 1648 1642 psalmus
1677 1570 1735 1626 in
1765 1571 1929 1628 tinem
1968 1572 2158 1626 remit-

489 1713 500 1728 ,
581 1665 668 1728 tit,
702 1679 811 1735 quo
839 1664 1029 1718 bravia
1060 1680 1314 1737 superna:
1346 1664 1682 1722 vocationis.
1708 1672 1764 1720 et
1791 1664 2027 1734 justitire
2065 1679 2160 1719 co-

2392 1270 2498 1322 ΕῐΣ
2534 1269 2623 1322 ΤΟ
2660 1269 2879 1322 ΤΕΛΟΣ
2913 1267 3206 1322 ΨΑΛΜΟΣ
3242 1267 3337 1336 Τῼ
3382 1262 3622 1317 ΔΑΥΙΔ
3662 1259 3780 1315 ΞΓ.

2341 1402 2361 1434 ‹
2391 1381 2720 1436 Εὶσάκουσον
2739 1421 2754 1446 ,
2799 1383 2828 1435 6
2856 1381 3019 1448 Θεὸς,
3050 1379 3367 1452 προσευχῆς
3410 1395 3536 1449 μου
3600 1376 3665 1427 ἐν
3715 1374 3791 1445 τῷ
3816 1373 3888 1428 δέ·

2265 1477 2421 1533 εσθαι
2452 1495 2518 1550 με
2539 1517 2554 1542 ,
2579 1477 2688 1530 ἀπὸ
2716 1476 2880 1546 φόϐου
2908 1475 3103 1547 ἐχθροῦ
3127 1474 3306 1541 ἐξὲλου
3335 1474 3459 1544 τὴν
3483 1471 3688 1540 ψυχήν
3723 1485 3840 1538 μου.
3870 1487 3886 1518 ι

2264 1570 2376 1625 Καὶ
2404 1571 2433 1623 ὁ
2468 1568 2659 1641 παρὼν
2683 1568 2896 1640 ψαλμὸς
2931 1569 3012 1632 εἰς
3042 1566 3104 1620 τὸ
3132 1566 3282 1629 τέλος
3321 1562 3696 1633 ἀναπέμπει
3718 1577 3732 1589 '
3767 1562 3821 1612 ἐν
3853 1553 3892 1627 ᾧ

2263 1663 2334 1717 τά
2376 1662 2604 1736 βραϐεῖα
2629 1662 2730 1733 τῆς
2762 1663 2874 1716 ἀνω
2905 1661 3152 1733 κλήσεως
3175 1699 3190 1723 ,
3229 1660 3320 1713 καὶ
3351 1658 3511 1720 τοὺς
3561 1655 3673 1726 τῆς
3699 1653 3890 1706 δικαιο-

579 1773 768 1820 ronas,
799 1757 890 1827 qui
923 1757 1125 1811 bonum
1174 1765 1452 1812 certamen
1495 1765 1868 1822 certaverunt,
1899 1773 1930 1812 a
1961 1772 2158 1829 magno

2267 1754 2432 1826 σύνης
2461 1755 2756 1825 στεφάνους
2777 1756 2826 1808 οἱ
2847 1753 2938 1808 τὸν
2969 1753 3156 1822 ἀγῶνα
3181 1752 3271 1805 τὸν
3301 1750 3490 1806 καλὸν
3519 1745 3891 1818 διηγωνισμέ-

577 1847 677 1901 illo
705 1846 1033 1917 agonotheta
1064 1846 1342 1917 accepturi
1383 1857 1531 1902 sunt.
1583 1846 1766 1912 Quare
1796 1847 1850 1901 in
1887 1846 2156 1917 principio

580 1937 800 2007 psalmi,
854 1936 1061 1990 inimici
1096 1947 1151 1991 et
1195 1937 1370 2007 iniqui
1404 1935 1655 1992 homines
1710 1945 1904 1991 contra
1942 1935 2157 2006 justum

580 2031 929 2100 insurgentes
957 2029 1326 2095 inducuntur;
1362 2029 1419 2084 in
1451 2028 1560 2084 fine
1589 2037 1774 2086 autem
1821 2029 1992 2084 totius
2037 2044 2157 2084 ser-

581 2123 762 2179 monis
796 2139 950 2193 spem
977 2123 1173 2178 bonam
1203 2123 1460 2194 obsignat
1505 2123 1592 2178 his
1622 2122 1828 2188 verbis,
1882 2139 1902 2173 ι
1927 2119 2160 2177 Laetabi-

582 2217 877 2286 turjustus
907 2217 962 2270 in
996 2215 1251 2280 Domino,
1281 2224 1336 2272 et
1364 2216 1611 2285 sperabit
1654 2215 1710 2270 in
1740 2230 1830 2279 eo,
1875 2224 1930 2270 et
1967 2215 2159 2270 lauda-

581 2307 792 2362 buntur
832 2323 1025 2364 omnes
1073 2309 1210 2363 recti
1243 2307 1464 2363 corde.)
1509 2307 1697 2362 Talem
1755 2307 2000 2361 futurum
2035 2322 2160 2363 esse

582 2400 746 2454 ﬁnem
779 2399 938 2455 docet
968 2415 1156 2455 eorum
1191 2401 1284 2470 qui
1333 2415 1434 2470 pro
1481 2400 1698 2470 justitia
1747 2408 2157 2456 concertarent.

581 2489 896 2562 Religiosus
932 2507 1064 2547 vero
1105 2493 1332 2556 athleta,
1369 2508 1401 2546 a
1432 2491 1712 2548 sexcentis
1751 2491 2010 2547 hostibus
2054 2491 2160 2547 ini-

581 2585 852 2654 micisque
895 2584 1112 2647 animae,
1143 2598 1254 2638 non
1283 2583 1460 2639 solum
1486 2582 1818 2649 visibilibus,
1866 2581 1961 2638 sed
1994 2583 2158 2638 etiam

581 2675 813 2730 occultis
846 2675 1160 2745 impetibus,
1212 2674 1278 2728 ad
1313 2689 1482 2728 unum
1514 2672 1684 2728 Deum
1713 2671 1982 2744 confugit,
2014 2673 2159 2743 ejus-

580 2782 689 2836 que
716 2766 980 2821 auxilium
1009 2766 1270 2835 postulat,
1297 2766 1412 2820 haec
1442 2773 1653 2820 tantum
1696 2781 1803 2820 non
1840 2766 2157 2834 proferens:

583 2879 607 2912 ι
629 2859 687 2915 Si
717 2859 862 2916 Deus
891 2874 989 2930 pro
1017 2859 1196 2924 nobis,
1224 2860 1347 2930 quis
1383 2869 1574 2914 contra
1618 2875 1720 2916 nos
1737 2861 1817 2914 9°?
1843 2880 1860 2912 ι
1887 2859 2163 2927 Quamob-

583 2967 697 3008 rem
736 2952 992 3023 precibus
1049 2952 1143 3006 dat
1182 2967 1420 3023 operam,
1475 2953 1645 3008 Deum
1695 2953 1960 3008 invocans
1992 2961 2045 3008 et
2078 2952 2162 3006 di-

579 3061 749 3102 cens:
787 3045 1058 3110 «Exaudi,
1106 3045 1270 3113 Deus,
1299 3046 1605 3102 orationem
1647 3061 1849 3111 meam,
1894 3061 2019 3100 cum
2064 3045 2161 3100 de-

2262 1864 2344 1901 νοι
2404 1847 2554 1919 παρά
2583 1847 2677 1900 τοῦ
2709 1845 2946 1918 μεγάλου
2973 1844 3235 1915 λήψονται
3261 1840 3674 1913 ἀγωνοθέτου.
3711 1839 3802 1891 Διὸ
3829 1840 3886 1891 τὰ

2263 1939 2364 2011 μὲν
2411 1939 2604 2012 πρῶτα
2645 1937 2738 1992 τοῦ
2781 1938 2997 2010 ψαλμοῦ
3040 1937 3269 2010 ἐχθροὺς
3299 1938 3543 2006 εἰσάγει
3596 1937 3704 1988 καὶ
3738 1951 3892 2003 mw;-

2264 2029 2592 2100 ρευομένους
2621 2027 3084 2099 ἐπανισταμένους
3114 2027 3190 2098 τῷ
3215 2027 3418 2098 δικαίῳ
3447 2043 3464 2056 ⁸
3499 2027 3569 2079 ἐν
3604 2026 3667 2078 δὲ
3701 2024 3779 2095 τῷ
3809 2026 3886 2077 τέ-

2257 2120 2342 2174 λει
2373 2121 2468 2174 τοῦ
2497 2119 2699 2184 παντὸς
2726 2119 2884 2190 λόγου
2913 2119 3160 2190 χρηστὰς
3187 2119 3418 2184 ἐλπίδας
3465 2117 3882 2190 ἐπισφραγέζε-

2259 2229 2352 2266 ται
2382 2211 2587 2282 λέγων·
2620 2230 2638 2263 ι
2677 2211 3128 2282 Εὐφρανθήσεται
3183 2210 3390 2276 δίκαιος
3437 2213 3510 2265 ἐν
3542 2211 3631 2281 τῷ
3667 2211 3881 2281 Κυρίῳ,

2261 2305 2356 2357 καὶ
2403 2303 2582 2356 ἐλπιεῖ
2621 2304 2708 2356 ἐπ’
2733 2303 2896 2357 αὐτόν
2915 2319 2928 2333 ο
2962 2302 3057 2355 καὶ
3088 2302 3567 2374 ἐπαινεθήσονται
3607 2300 3816 2362 πάντες
3841 2301 3885 2350 οἱ

2261 2394 2438 2460 εύθεῖς
2466 2398 2533 2466 τῇ
2565 2395 2782 2467 καρδίᾳ.
2815 2413 2834 2446 ι
2864 2393 3104 2448 Τοιαῦτα
3140 2393 3209 2448 τά
3237 2395 3366 2467 τέλη
3396 2395 3530 2448 τῶν
3563 2393 3718 2465 ὑπὲρ
3743 2393 3882 2445 εὐσε-

2263 2487 2830 2560 ϐείας,ὴγωνισμένων
2853 2484 2992 2542 εἶναι
3026 2487 3287 2542 διδάσκει.
3319 2489 3378 2542 '0
3409 2489 3486 2557 γέ
3522 2505 3617 2540 τοι
3642 2487 3749 2557 τῆς
3773 2484 3881 2536 θεο-

2264 2581 2478 2646 σεϐείας
2492 2581 2749 2654 ἀθλητὴς,
2769 2581 2996 2653 μυρίους
3025 2581 3163 2652 ἔχων
3185 2581 3414 2653 ἐχθροὺς
3440 2581 3556 2635 καὶ
3587 2578 3878 2649 πολεμέους

2261 2675 2364 2746 τῆς
2400 2674 2566 2728 αὑτοῦ
2590 2674 2789 2746 ψυχῆς,
2821 2673 2923 2745 οὐχ
2945 2675 3174 2746 ὁρατούς
3213 2674 3393 2745 μόνον,
3428 2672 3590 2727 ἀλλά
3620 2672 3724 2725 καὶ
3750 2671 3877 2738 aea-

2263 2772 2408 2834 νείς,
2461 2768 2607 2840 μόνῳ
2641 2766 2978 2840 προσφεύγει
3019 2766 3098 2838 τῷ
3134 2765 3252 2837 Θεῷ
3284 2767 3378 2820 καὶ
3398 2769 3515 2837 τὴν
3549 2764 3696 2836 παρ’
3721 2760 3874 2816 αὐτοῦ

2267 2859 2517 2932 βοήθειαν
2544 2863 2721 2923 αἰτεῖ,
2754 2858 3038 2932 μονονουχὶ
3070 2859 3278 2928 λέγων’
3318 2877 3336 2910 ι
3369 2860 3436 2912 Εἰ
3481 2862 3514 2912 6
3554 2858 3700 2920 Θεὸς
3745 2854 3874 2924 ὑπὲρ

2265 2955 2455 3026 ἡμῶν,
2499 2955 2585 3019 τίς
2638 2955 2762 3008 καθ’
2797 2955 2953 3026 ἡμῶν
2981 2972 2994 3020 ;
3027 2973 3046 3005 ι
3080 2955 3172 3008 Διὸ
3205 2957 3328 3017 ταῖς
3361 2955 3573 3026 εὐχαῖς
3628 2948 3870 3022 σχολάζει

2261 3046 2354 3099 τὸν
2385 3045 2519 3100 Θεὸν
2547 3045 2989 3116 ἀνακαλούμενος
3021 3043 3112 3098 καὶ
3141 3044 3344 3113 λέγων·
3385 3063 3403 3096 ι
3437 3043 3818 3100 Εῐσάκουσον,
3845 3041 3870 3091 6

583 3153 798 3209 precor.
829 3157 848 3191 ι
885 3138 988 3205 Qui
1021 3153 1151 3193 vero
1179 3139 1494 3209 hujusmodi
1520 3155 1628 3194 non
1660 3147 1766 3205 est,
1811 3139 1909 3195 sed
1956 3139 2158 3194 divinis

2264 3135 2430 3200 Θεὸς,
2474 3135 2784 3208 προσευχῆς
2815 3153 2917 3206 μου
2944 3137 3002 3188 ἐν
3049 3135 3126 3206 τῷ
3155 3135 3371 3190 δέεσθαί
3408 3153 3504 3207 με.
3553 3155 3576 3188 ι
3628 3135 3688 3187 '0
3722 3133 3776 3184 δέ
3803 3129 3869 3202 μὴ

582 3232 868 3300 ριοαξορριίε
915 3246 1025 3285 non
1075 3231 1434 3302 obtemperat,
1476 3238 1632 3286 tanta
1681 3232 1881 3287 fiducia
1929 3231 2006 3286 uti
2051 3247 2158 3286 non

583 3324 761 3377 valet:
801 3338 910 3393 qua
964 3337 1223 3378 mensura
1259 3325 1405 3378 enim
1445 3324 1726 3385 metimur,
1757 3324 1948 3378 eadem
1984 3340 2162 3379 reme-

583 3413 750 3468 tietur
779 3415 959 3469 nobis.
1007 3413 1353 3484 Quapropter
1390 3414 1443 3468 in
1490 3415 1799 3470 Proverbiis
1846 3415 1960 3470 haec
2004 3415 2164 3470 inob-

583 3508 942 3577 sequeutibus
985 3505 1077 3561 Dei
1129 3505 1407 3576 Sapientia
1453 3507 1658 3563 edicit:
1717 3505 1900 3574 «Quia
1947 3507 2160 3572 vocavi,

581 3607 773 3653 etnon
821 3598 1111 3661 obedistis,
1157 3597 1376 3652 extendi
1422 3612 1731 3665 sermones,
1763 3606 1818 3654 et
1848 3612 1957 3652 non
1987 3605 2164 3651 atten-

582 3693 774 3758 distis;
815 3691 910 3746 sed
945 3691 1099 3745 irrita
1149 3690 1360 3746 fecistis
1408 3692 1638 3747 consilia
1683 3707 1821 3756 mea,
1877 3693 2162 3762 prmeeptis

583 3793 762 3840 autem
793 3785 931 3839 meis
965 3800 1073 3838 non
1107 3785 1549 3855 obtemperastis.
1587 3783 1776 3855 Itaque
1810 3801 1912 3856 ego
1942 3799 2163 3856 quoque

579 3877 637 3930 in
672 3877 897 3931 interitu
931 3886 1114 3932 vestro
1141 3875 1443 3932 rideb097.»
1488 3875 1602 3931 Erit
1632 3878 1776 3932 euim
1810 3885 2024 3947 tempus
2052 3892 2162 3946 quo

585 3971 916 4024 invocabitis
947 3985 1054 4034 me,
1107 3981 1159 4024 et
1196 3985 1298 4040 ego
1341 3985 1454 4024 non
1509 3970 1823 4025 exaudiant.
1879 3969 1937 4024 Si
1996 3970 2162 4041 igitur

580 4063 832 4116 exaudiri
868 4062 1127 4117 volumus
1164 4077 1288 4116 cum
1339 4063 1660 4118 invocamus
1693 4062 1888 4127 Deum,
1922 4062 2159 4133 idipsum

580 4170 684 4211 nos
747 4156 950 4212 divinis
1025 4156 1313 4226 praeceptis
1371 4157 1816 4227 obtemperantes
1867 4157 2158 4211 faciamus.

581 4246 738 4302 Tunc
770 4249 917 4303 enim
951 4250 1122 4302 multa
1152 4263 1276 4302 cum
1313 4246 1514 4302 fiducia
1556 4262 1659 4304 nos
1689 4265 1906 4319 quoque
1935 4247 2047 4305 Deo
2075 4248 2162 4304 di-

581 4353 705 4392 cere
739 4339 1083 4408 poterimus:
1121 4355 1141 4388 ι
1171 4337 1402 4402 Exaudi,
1439 4336 1604 4404 Deus,
1637 4339 1945 4395 orationem
1982 4354 2160 4394 meam

579 4443 704 4482 cum
735 4429 1020 4498 deprecor.
1049 4448 1067 4479 ι
1090 4429 1230 4495 Quid
1260 4436 1440 4483 autem
1470 4431 1662 4486 beatus
1689 4429 1859 4483 David
1894 4431 2159 4501 precaba-

2261 3231 2504 3296 τοιοῦτος
2524 3270 2539 3293 ,
2569 3229 2898 3302 παρακούων
2929 3229 2987 3282 δὲ
3019 3228 3127 3283 τῶν
3157 3229 3250 3282 τοῦ
3295 3228 3430 3282 Θεοῦ
3465 3225 3865 3302 παραγγελμά-

2261 3339 2390 3387 των,
2415 3323 2516 3376 οὐκ
2549 3323 2613 3375 ἂν
2640 3321 2859 3374 δύναιτο
2898 3319 3138 3392 χρῆσθαι
3167 3322 3232 3391 τῇ
3263 3319 3508 3391 τοσαύτῃ
3546 3315 3863 3390 παρρησίᾳ·

2261 3407 2305 3479 ᾧ
2327 3413 2435 3484 γὰρ
2464 3411 2646 3484 μέτρῳ
2678 3411 2985 3483 μετροῦμεν
3019 3413 3433 3482 ἀντιμετρεῖται
3466 3413 3634 3482 ἡμῖν.
3674 3407 3864 3474 Διόπερ

2263 3507 2320 3559 ἐν
2346 3503 2678 3575 Παροιμίαις
2718 3505 2751 3575 ἡ
2779 3501 2873 3556 τοῦ
2909 3503 3044 3556 Θεοῦ
3083 3503 3243 3574 σοφία
3274 3503 3411 3574 πρὸς
3454 3505 3590 3567 τοὺς
3624 3499 3864 3558 ἀπειθεῖς

2263 3597 2606 3650 ἀποτείνεται
2651 3595 2919 3664 λέγουσαο
2964 3615 2982 3646 ι
3025 3595 3166 3648 Ἀνθ’
3209 3588 3286 3648 ὧν
3321 3595 3581 3658 ἐκάλουν,
3639 3593 3736 3647 καὶ
3773 3592 3858 3658 οὐχ

2263 3687 2630 3758 ὑπηκούσατε,
2659 3687 2753 3741 καὶ
2783 3687 3048 3753 ἐξέτειναν
3071 3687 3284 3757 λόγους,
3309 3691 3402 3742 καὶ
3428 3689 3492 3742 ού
3519 3686 3856 3760 προσείχετε·

2263 3780 2378 3833 ἀλλ’
2422 3779 2662 3852 ἀκύρους
2713 3781 2949 3833 ἐποιεῖτε
2993 3781 3096 3845 τὰς
3142 3781 3282 3852 ἐμὰς
3333 3780 3533 3851 βουλὰς
3560 3821 3576 3845 ,
3640 3782 3761 3840 ταῖς
3806 3774 3856 3826 δὲ

2263 3876 2424 3946 ἐμαῖς
2463 3873 2702 3938 ἐντολαῖς
2739 3873 2798 3926 ού
2849 3874 3190 3945 προσείχετε.
3236 3875 3542 3946 Τοιγαροῦν
3589 3871 3749 3942 κάγὼ
3796 3871 3854 3938 τῇ

2265 3966 2506 4038 ὑμετέρᾳ
2552 3966 2799 4036 ἀπωλείᾳ
2838 3966 3252 4039 ἐπιγελάσομαι.
3296 3987 3314 4018 ι
3367 3969 3564 4023 Ἔσται
3621 3965 3731 4036 γὰρ
3773 3963 3850 4015 ὅτε

2264 4060 2652 4115 ἐπικαλέσεσθέ
2679 4079 2767 4133 με,
2793 4061 2904 4130 ἐγὼ
2935 4063 2991 4116 δὲ
3017 4065 3116 4116 ούκ
3143 4062 3554 4132 εἰσακούσομαι.
3586 4064 3651 4116 Εἰ
3683 4058 3849 4113 τοενυν

2265 4152 2643 4207 εἰσακούεσθαι
2675 4153 2974 4226 βουλόμεθα
3007 4158 3066 4208 ἐν
3098 4150 3179 4219 οἷς
3208 4155 3438 4226 δεόμεθα
3457 4155 3555 4209 τοῦ
3583 4153 3745 4216 Θεοῦ,
3765 4147 3846 4204 καὶ

2267 4248 2421 4300 αὐτοὶ
2454 4247 2613 4300 τοῦτο
2636 4248 2965 4319 πράττωμεν
2995 4252 3107 4313 τοῖς
3140 4249 3231 4303 τοῦ
3253 4249 3389 4302 Θεοῦ
3421 4247 3848 4321 παραγγέλμασι

2265 4341 2620 4405 καταπειθεῖς
2647 4342 2980 4414 γιγνόμενοι.
3015 4343 3148 4396 Τότε
3179 4343 3288 4415 γὰρ
3317 4345 3411 4397 σὺν
3441 4343 3612 4416 πολλῇ
3651 4340 3843 4412 παρῤτι⁴

2268 4436 2358 4507 σῐᾳ
2383 4436 2478 4490 καὶ
2509 4436 2660 4488 αὐτοὶ
2694 4436 2859 4504 φάναι
2887 4435 3231 4508 δυνησόμεθα
3256 4435 3333 4506 τῷ
3355 4436 3474 4506 Θεῷ
3499 4455 3512 4467 ·
3543 4457 3560 4488 ι
3594 4435 3841 4491 Εἰσάκου-

581 4527 673 4575 tur
721 4520 905 4590 (illius
965 4535 1219 4591 namque,
1270 4529 1329 4576 ut
1371 4523 1606 4584 aestimo,
1659 4523 1824 4576 verba
1886 4531 2053 4591 sunt,
2089 4540 2156 4580 eo

2264 4545 2386 4591 σον,
2411 4530 2439 4582 6
2460 4527 2593 4592 Θεὸς
2613 4569 2628 4593 ,
2655 4529 2754 4599 τῆς
2791 4530 3100 4601 προσευχῆς
3129 4547 3229 4600 μου
3268 4531 3325 4584 ἐν
3352 4529 3428 4600 τῷ
3459 4529 3674 4585 δέεσθαί
3703 4544 3785 4599 με.
3815 4543 3834 4574 ι

582 4621 825 4682 tempore
860 4613 1072 4681 prolata
1103 4627 1213 4681 quo
1253 4629 1282 4666 a
1317 4611 1483 4668 Saule
1511 4623 1566 4669 et
1600 4615 1899 4671 comitibus
1925 4617 2047 4684 ejus
2079 4616 2160 4670 fu-

583 4705 824 4776 giebat),
891 4711 950 4757 ut
981 4705 1166 4759 anima
1223 4705 1398 4775 ipsius
1431 4721 1460 4758 a
1499 4707 1695 4762 timore
1727 4709 1934 4762 inimici
1981 4709 2159 4778 eripe-

584 4807 754 4860 retur,
789 4812 897 4851 non
930 4805 1111 4852 autem
1140 4807 1198 4851 ut
1231 4798 1488 4854 inimicos
1537 4815 1646 4854 non
1680 4800 1927 4865 haberet,
1966 4810 2060 4855 aut
2098 4809 2157 4855 ut

581 4890 813 4944 consilia
858 4903 1048 4942 eorum
1093 4889 1548 4958 eliminarentur;
1607 4893 1702 4946 sed
1750 4893 1933 4947 anima
1982 4894 2158 4963 ipsius

582 4983 955 5054 imperterrita
985 4991 1039 5037 et
1070 4981 1340 5052 intrepida
1366 4992 1650 5050 maneret;
1689 4993 1748 5038 ut
1795 4985 2160 5054 imperturba-

581 5085 696 5129 tum
752 5089 952 5144 gerens
1001 5075 1270 5136 animum,
1313 5075 1431 5144 ipse
1462 5075 1692 5146 perinde
1746 5085 1910 5146 atque
1954 5075 2157 5132 Paulus

580 5169 822 5224 diceret:
869 5186 886 5219 ι
913 5165 970 5220 1η
1022 5168 1280 5222 omnibus
1314 5167 1726 5223 tribulationem
1763 5169 2027 5238 patimur,
2062 5170 2160 5225 sed

580 5278 690 5317 non
725 5261 1138 5330 angustiamur;
1171 5261 1604 5330 persecutionem
1637 5261 1896 5330 patimur,
1923 5261 2015 5317 sed
2051 5278 2161 5316 non

580 5355 1052 5425 derelinquimur;
1099 5355 1410 5423 dejicimur.
1464 5352 1561 5410 sed
1620 5371 1730 5408 non
1789 5354 2034 5422 perimus
2055 5353 2155 5408 ⁸⁸.»

580 5447 709 5503 Haec
741 5463 867 5503 cum
901 5446 1010 5501 Deo
1039 5446 1247 5501 diceret
1292 5444 1484 5508 David.
1533 5461 1642 5500 non
1693 5455 1811 5501 erat
1865 5445 2162 5502 beneﬁcio-

576 5554 725 5600 rum,
757 5553 879 5607 qua:
917 5537 1020 5591 sibi
1069 5536 1277 5606 pridem
1311 5537 1510 5592 collata
1562 5537 1800 5598 fuerant,
1846 5537 2153 5594 immemor.

579 5635 760 5698 Quare
797 5633 865 5686 de
907 5632 1197 5702 praeteritis
1245 5633 1448 5702 gratias
1496 5647 1684 5704 agens,
1736 5632 1940 5688 infertz'
1981 5652 1998 5684 ι
2025 5632 2153 5686 Pro-

649 5790 698 5824 "
727 5789 885 5845 Rom.
921 5803 1044 5852 vui,
1067 5787 1156 5844 51.
1233 5790 1277 5822 ³⁷
1306 5787 1467 5844 Prov.
1502 5806 1541 5856 ι,
1568 5790 1761 5845 Eii-‘26.

2266 4621 2331 4673 Τί
2367 4621 2424 4673 δέ
2461 4621 2630 4673 ἐδεῖτο
2673 4623 2701 4674 6
2747 4622 3015 4693 μακάριος
3044 4623 3240 4686 Δαυῖδ;
3275 4621 3460 4690 (αὐτοῦ
3491 4623 3602 4694 γάρ
3631 4624 3762 4676 εἰσιν
3793 4617 3836 4668 οἱ

2263 4711 2437 4780 λόγοι,
2477 4712 2552 4775 ὡς
2585 4710 2738 4784 οῒμαι
2757 4756 2772 4777 ,
2800 4713 2940 4766 κατὰ
2971 4714 3096 4778 τοὺς
3125 4713 3350 4786 χρόνους
3377 4715 3696 4785 εἰρημένοι,
3726 4705 3837 4763 καθ’

2264 4803 2356 4868 οὒς
2395 4805 2484 4859 τὸν
2524 4805 2695 4858 Σαοὺλ
2722 4805 2917 4874 ἔφευγε
2952 4807 3046 4858 καὶ
3089 4807 3213 4868 τοὺς
3244 4805 3340 4858 σὺν
3370 4806 3518 4877 αὐτῷ
3545 4807 3596 4877 ο)
3622 4806 3716 4877 τὴν
3741 4801 3832 4870 ψυ-

2267 4897 2370 4968 χὴν
2402 4897 2568 4950 αὑτοῦ
2614 4898 2874 4968 ρυσθῆναι
2903 4895 3011 4950 ἀπὸ
3043 4898 3206 4968 φόϐου
3235 4899 3430 4972 ἐχθροῦ
3454 4939 3467 4962 ,
3496 4900 3595 4953 οὐκ
3624 4893 3833 4970 ἐχθροὺς

2270 4989 2345 5060 μὴ
2371 4987 2513 5058 ἔχειν
2532 5029 2547 5053 ,
2586 4987 2704 5054 ούδέ
2729 4987 2827 5046 τὰς
2859 4989 3084 5042 ἐκείνων
3115 4991 3555 5062 ἀποκρουσθῆναι
3589 4983 3828 5063 προαιρέ-

2269 5097 2410 5144 σεις’
2439 5081 2537 5152 τὴν
2557 5081 2613 5133 δὲ
2642 5080 2806 5134 αὑτοῦ
2841 5081 3018 5152 ψυχὴν
3049 5081 3285 5154 ἄτρομον
3307 5085 3400 5136 καὶ
3439 5084 3725 5154 ἀπτόητον,
3745 5075 3829 5130 καὶ

2263 5171 2464 5241 ἄφοϐον
2493 5172 2887 5245 διατηρεῖσθαι,
2907 5163 3080 5239 ¹ὅπως,
3108 5176 3164 5228 ἐν
3195 5175 3302 5240 ἕξει
3330 5175 3617 5246 γενόμενος
3645 5177 3822 5241 ἀταρα-

2265 5263 2403 5329 ξίας,
2433 5265 2567 5340 λέγῃ
2591 5267 2685 5320 καὶ
2717 5266 2877 5328 αὐτὸς
2907 5268 3112 5337 ὁμοίως
3137 5267 3335 5337 Παύλῳ
3357 5285 3370 5298 ο
3387 5286 3404 5318 ι
3430 5269 3519 5321 Ἑν
3555 5267 3708 5320 παντὶ
3728 5262 3820 5314 θλι-

2262 5355 2482 5428 ϐόμενοι
2507 5399 2520 5422 ,
2550 5359 2662 5412 ἀλλ’
2695 5360 2756 5412 ού
2788 5359 3283 5432 στενοχωρούμενοι
3307 5378 3322 5393 ο
3355 5360 3690 5433 διωκόμενοι,
3721 5353 3812 5410 ἀλλ’

2269 5451 2368 5503 οὐκ
2409 5452 2925 5522 ἐγκαταλειπόμενοι
2951 5469 2964 5482 ·
3017 5452 3516 5524 καταϐαλλόμενοι,
3583 5452 3693 5508 ἀλλ’
3737 5446 3823 5501 οὐ).

2263 5541 2645 5614 ἀπολλύμενοι.
2663 5563 2679 5593 ι
2703 5544 2888 5611 Λέγων
2905 5544 2960 5598 δέ
2987 5546 3158 5598 ταῦτα
3175 5545 3311 5617 πρὸς
3325 5547 3415 5598 τὸν
3441 5545 3574 5600 Θεὸν
3608 5547 3636 5598 6
3662 5538 3814 5599 Δὰυἲδ.

2257 5635 2357 5686 ούκ
2417 5635 2718 5708 ἠμνημόνει
2782 5636 2890 5689 τῶν
2945 5637 3048 5708 ἤδη
3091 5637 3356 5709 πρότερον
3413 5640 3492 5702 εἰς
3543 5637 3703 5692 αὐτὸν
3739 5645 3812 5701 γει

1875 5791 1920 5825 ⁸⁸
1949 5789 1991 5843 ll
2024 5791 2148 5846 Cor.
2175 5806 2249 5858 tr,
2280 5791 2333 5856 8,
2371 5791 2423 5846 9.
