4086 6442
195 311 268 368 61
281 318 322 371 7
1492 342 1996 404 COMMENTARIA
2038 352 2105 407 ΙΝ
2146 355 2483 417 PSALMOS.

194 431 494 502 νρμένων
522 441 895 514 ευεργεσιιῖιν.
936 444 1026 497 Διὸ
1065 443 1404 518 εὐχαριστῶν
1434 453 1527 507 ἐπὶ
1566 460 1678 521 τοῖς
1723 476 1865 521 παρ-

193 629 360 705 πονη
373 623 753 691 ρευομὲνων,
778 624 887 678 ἀπὸ
920 626 1156 698 πλήθους
1187 631 1569 705 ἐργαζομένων
1595 639 1858 694 ἀδικίαν.»
1969 652 2067 705 teri

198 703 369 802 ’ξιδη
423 708 561 781 γὰρ
610 716 810 785 πεῖραν
838 715 1074 787 εἰληφὼς
1107 719 1218 773 τῶν
1256 703 1578 791 φθασάντων
1612 730 1691 793 εἰς
1726 731 1860 802 ἐμὲ,

193 792 438 852 οὔποτε
474 800 678 876 λήθην
704 806 885 858 αὐτῶν
930 809 1260 881 ποιήσασθαι
1291 814 1524 888 δύναμαι
1544 835 1558 850 ο
1592 792 1773 893 φέρων

194 887 367 943 αὐτὰ
407 890 519 946 διὰ
555 895 771 959 παντὸς
802 898 861 950 ἐν
895 898 1082 971 μνήμῃ
1103 938 1120 962 ,
1164 887 1484 977 εὐχάριστός
1512 887 1687 965 εἰσαεὶ
1726 931 1859 985 τυγ-

192 979 399 1051 χάνω.
442 985 669 1058 ’Ὀμως
708 989 765 1043 δὲ
804 991 899 1044 καὶ
948 990 1045 1044 νῦν
1074 993 1176 1063 τῆς
1207 998 1379 1069 αὐτῆς
1408 1000 1543 1067 ἀξιῶ
1577 1004 1729 1076 παρὰ
1764 979 1858 1060 σοῦ

196 1070 506 1144 βοηθείας
545 1083 763 1151 τυχεῖν.
805 1082 962 1135 Κατὰ
987 1083 1043 1135 δὲ
1075 1086 1203 1150 τοὺς
1232 1088 1451 1155 λοιποὺς
1482 1070 1854 1168 ἑρμηνευτὰς,

199 1165 318 1235 μία
356 1168 476 1221 καὶ
508 1173 550 1242 ἡ
592 1172 732 1245 αὐτὴ
761 1174 1103 1243 πεφύλακται
1127 1178 1221 1232 τοῦ
1248 1180 1405 1250 λόγου
1440 1165 1698 1257 ἐγκλησις
1719 1229 1734 1253 ,
1762 1191 1856 1243 καὶ

200 1256 316 1327 μία
369 1259 621 1317 διάνοια
653 1264 762 1317 τῶν
801 1267 1138 1338 εἰρημένων·
1173 1271 1252 1325 διὸ
1284 1272 1529 1328 λέλεκται
1574 1256 1715 1332 κατὰ
1765 1279 1856 1332 τὸν

1962 846 2120 906 grato
2164 854 2382 910 semper
2419 845 2604 902 animo
2638 865 2782 905 sum.
2843 851 2949 909 Sed
3001 863 3184 915 tamen
3234 863 3347 933 jam
3395 867 3542 924 idem

1963 929 2062 984 abs
2113 940 2167 988 te
2213 935 2479 1016 auxilium
2510 943 2750 1010 postulo.
2806 944 3121 1005 Secundum
3154 929 3399 1027 reliquos
3440 976 3541 1015 au-

1964 1026 2072 1076 tem
2114 1022 2443 1095 interpretes
2475 1043 2584 1084 una
2612 1032 2914 1106 eademque
2968 1054 3221 1099 servatur
3249 1022 3402 1103 verbi
3447 1067 3546 1108 cx-

1960 1116 2278 1184 postulatio,
2316 1136 2534 1192 unaque
2570 1130 2845 1185 sermonis
2880 1137 3187 1193 sententia:
3235 1156 3362 1196 nam
3396 1148 3543 1215 apud

1960 1202 2351 1275 Symmachum
2383 1211 2627 1270 dicitur:
2659 1235 2677 1269 ι
2702 1217 2937 1285 Exaudi,
2973 1222 3140 1293 Deus,
3188 1247 3377 1289 vocem
3429 1202 3539 1292 inci

1958 1295 2292 1363 iuvocantis,
2350 1316 2381 1356 a
2419 1312 2629 1362 terrore
2664 1308 2873 1366 inimici
2903 1315 3338 1381 eircummunies
3368 1328 3538 1384 vitam

1957 1404 2172 1445 meam:
2215 1393 2525 1453 abscondes
2560 1414 2648 1454 me
2672 1415 2702 1454 a
2736 1405 3115 1467 moliminibus
3142 1416 3535 1486 malignorum.

1953 1495 1985 1533 a
2007 1484 2416 1552 perturbatione
2436 1492 2780 1558 operantium
2806 1494 3172 1567 iniquitatem.
3198 1524 3216 1558 ι
3247 1484 3365 1563 Non
3386 1484 3535 1567 enim

198 1348 600 1423 Σύμμαχον·
639 1375 657 1407 ι
689 1356 1052 1421 Είσάκουσον,
1104 1361 1133 1413 6
1176 1361 1340 1428 Θεὸς,
1383 1365 1486 1436 τῆς
1518 1368 1704 1438 φωνῆς
1751 1387 1853 1440 μου

197 1442 731 1530 προσλαλοῦντος,
764 1447 872 1500 ἀπὸ
904 1448 1217 1520 ἐκπλήξεως
1254 1455 1450 1528 ἐχθροῦ
1495 1459 1853 1530 περιφράξεις

193 1529 311 1603 τὴν
346 1531 527 1607 ζωήν
562 1554 670 1608 μου
691 1554 704 1568 ·
739 1538 969 1609 κρύψεις
1002 1558 1069 1612 με
1116 1544 1226 1598 ἀπὸ
1266 1547 1584 1617 συσκέψεων
1613 1529 1851 1624 κακούρ-

194 1640 353 1692 γων,
399 1627 536 1681 ἀπὸ
573 1630 863 1700 κυκήσεως
890 1631 1275 1704 ἐργαζομένων
1304 1638 1538 1694 ἀδικίαν.
1570 1659 1589 1692 ι
1626 1643 1700 1695 Οὐ
1741 1644 1850 1715 γὰρ

195 1714 286 1781 ὡς
322 1721 475 1791 περὶ
515 1724 938 1795 παρῳχηκότων
957 1765 972 1788 ,
1008 1725 1123 1779 ἀλλ’
1157 1727 1235 1793 ὠς
1265 1730 1394 1802 περὶ
1441 1733 1743 1803 μελλόντων

1952 1574 2111 1643 quasi
2160 1575 2228 1631 de
2278 1580 2591 1647 praeteritis,
2627 1582 2723 1638 sed
2774 1590 2930 1656 quasi
2979 1591 3047 1648 de
3093 1593 3315 1665 futuris,
3348 1606 3534 1658 omnia

1952 1664 2100 1719 dicta
2130 1676 2282 1734 sunt,
2334 1685 2398 1725 ac
2444 1672 2701 1730 similiter
2748 1680 3051 1737 secundum
3082 1664 3326 1758 reliquos
3359 1693 3533 1749 inter-

1779 1736 1848 1827 ῖά
1880 1826 1887 1827 γ
1951 1765 2152 1827 pretes.

197 1808 315 1864 δλα
373 1811 661 1883 εἴρηται,
708 1816 803 1870 καὶ
853 1816 992 1870 κατὰ
1040 1819 1167 1883 τοὺς
1223 1819 1443 1885 λοιποὺς
1503 1823 1847 1895 ἐρμηνευτὰς
1878 1826 1920 1881 Β

196 1896 459 1967 ὁμοίως.

289 2032 310 2064 ι
343 2014 593 2081 Οῖτινες
620 2019 895 2091 ἠκόνησαν
927 2021 1001 2086 ὡς
1027 2021 1303 2095 ῥομφαίας
1331 2023 1432 2088 τὰς
1461 2023 1711 2093 γλώσσας
1744 2028 1846 2081 αύ-

198 2103 348 2166 τῶν,
382 2109 683 2165 ἐνέτειναν
709 2114 860 2179 τόξον
900 2117 1132 2188 πρᾶγμα
1156 2117 1371 2188 πικρὸν,
1397 2118 1490 2171 τοῦ
1514 2118 1842 2186 κατατοξεῦ-

204 2213 307 2249 σαι
347 2198 415 2251 ἐν
451 2200 810 2275 ἀποκρύφοις
844 2207 1092 2277 ἄμωμον.
1135 2208 1394 2273 Ἐξάπινα
1417 2210 1843 2277 κατατοξεύσου-

203 2301 300 2338 σιν
328 2288 543 2356 αὑτὸν,
564 2294 660 2345 καὶ
684 2293 746 2346 ού
771 2296 1195 2368 φοϐηθήσονται.
1232 2317 1250 2349 ι
1277 2299 1338 2351 Εἰ
1374 2299 1469 2353 καὶ
1498 2301 1705 2372 προῆγε
1728 2306 1842 2367 τοῖς

202 2376 448 2447 χρόνοις
482 2384 572 2446 είς
593 2383 693 2454 τὴν
730 2387 996 2457 σωτήριον
1023 2388 1317 2461 ἐπιδημίαν
1339 2391 1367 2443 6
1395 2390 1577 2454 Δαυῒδ,
1602 2391 1716 2445 ἀλλ’
1739 2394 1839 2447 οὐκ

202 2469 411 2537 ἠγνόει
444 2472 521 2527 τὰ
550 2476 880 2545 εύαγγελικὰ
913 2480 1213 2552 μαθήματα
1254 2481 1383 2553 θείῳ
1419 2482 1699 2555 Πνεύματι
1743 2503 1840 2555 με·

209 2564 691 2640 μθητευμένοςο
721 2572 836 2643 ᾔδει
873 2573 928 2626 δὲ
970 2569 1029 2627 εὗ
1080 2573 1225 2645 μάλα
1250 2573 1312 2627 τὸ
1346 2576 1615 2648 σωτήριον
1656 2576 1836 2647 λόγιον

202 2653 273 2707 τὸ
294 2656 502 2727 φῆσαν
521 2677 533 2688 ·
570 2680 590 2712 ι
616 2662 707 2733 Μή
731 2663 1004 2735 φοϐηθῆτε
1029 2665 1137 2719 ἀπὸ
1169 2665 1280 2718 τῶν
1311 2667 1744 2723 ἀποκτεινόντων
1772 2671 1835 2724 τὸ

207 2746 410 2817 σῶμα,
444 2749 555 2821 τὴν
582 2751 639 2805 δὲ
671 2752 848 2824 ψυχὴν
881 2754 953 2826 μὴ
982 2754 1298 2826 δυναμένων
1326 2758 1684 2812 ἀποκτεῖναν
1702 2785 1721 2811 ο
1750 2761 1832 2814 διδ

182 2835 318 2890 ὀῦκ
351 2840 583 2908 ἠγωνία
618 2844 1015 2915 στρατιωτικῆς
1060 2846 1420 2918 παρατάξεως
1449 2847 1678 2919 πληθὺν,
1713 2851 1833 2905 ούδέ

208 2928 348 2993 τοὺς
378 2933 748 3004 παντευχίαις
774 2935 868 2988 καὶ
893 2935 1081 3007 δόρασι
1116 2939 1634 3010 παραταττομένους
1656 2958 1669 2969 ·
1695 2941 1831 2996 ἀλλὰ

207 3020 437 3077 τούτων
474 3024 578 3095 μὲν
606 3026 960 3098 κατεφρόνει,
990 3026 1065 3089 ὡς
1104 3027 1170 3081 ἂν
1197 3028 1290 3082 τὸν
1332 3029 1586 3085 τοσοῦτον
1638 3032 1829 3086 Γολιὰδ

209 3114 445 3185 ἁκμητὶ
480 3118 578 3170 καὶ
605 3117 859 3188 ἀνιδρωτὶ
883 3118 1207 3173 καταδαλών
1227 3135 1242 3149 ⁸
1275 3120 1518 3185 ἐκείνους
1539 3121 1596 3176 δὲ
1616 3123 1826 3194 ἠγωνία

209 3203 311 3269 οὓς
343 3207 604 3277 ᾐνίττετο
633 3207 721 3261 διὰ
754 3208 863 3262 τῶν
894 3209 1272 3280 προκειμένων
1308 3210 1483 3279 λέγων
1503 3229 1517 3242 ·
1560 3230 1578 3263 ι
1611 3212 1823 3277 Οἴτινες

206 3296 510 3371 ἠκόνησαν
536 3299 613 3363 ώς
636 3300 910 3371 ῥομφαίαν
930 3302 1027 3364 τὰς
1050 3299 1301 3369 γλώσσας
1326 3301 1527 3365 αὐτῶν,
1554 3302 1821 3358 ἐνέτειναν

210 3374 383 3455 τόξον
430 3392 669 3461 πρᾶγμα
719 3391 936 3462 πικρόν.
987 3410 1006 3443 ι
1067 3392 1230 3464 Ὁρᾷς
1274 3393 1468 3448 ὁποίαν
1524 3393 1819 3465 διαγράφει

210 3479 541 3534 πανοπλίαν
577 3481 820 3552 ἐχθρῶν;
856 3482 965 3534 Καὶ
1010 3483 1068 3535 ἐν
1099 3485 1212 3546 τοῖς
1257 3482 1565 3554 ἔμπροσθεν
1610 3483 1667 3537 δὲ
1707 3486 1823 3539 ἐλέ-

213 3586 384 3637 γετο·
437 3591 455 3625 ι
495 3574 618 3627 Υἱοὶ
656 3572 988 3644 ἀνθρώπων,
1048 3575 1098 3628 oi
1153 3575 1365 3639 ὀδόντες
1421 3576 1602 3630 αὐτῶν
1656 3577 1819 3631 ὅπλον

213 3662 313 3713 καὶ
368 3662 527 3735 βέλη,
586 3665 678 3719 καὶ
726 3668 758 3736 ή
811 3664 1032 3733 γλῶσσα
1084 3666 1263 3721 αὐτῶν
1307 3666 1555 3738 μάχαιρα
1592 3667 1761 3733 ὀξεῖα.
1794 3688 1813 3720 ι

212 3751 412 3806 Ταῦτα
447 3753 507 3807 δὲ
539 3754 953 3826 ἀναγέγραπται
990 3756 1250 3829 είρηκὼς,
1287 3776 1306 3808 ι
1336 3759 1499 3812 ὁπότε
1525 3759 1818 3831 ἀπεδίδρα-

217 3859 352 3897 σκεν
395 3846 508 3899 ἀπὸ
554 3849 847 3918 προσώπου
882 3848 1055 3901 Σαοὺλ
1096 3849 1175 3913 εἰς
1206 3850 1265 3903 τὸ
1307 3850 1591 3922 σπήλαιον.
1630 3870 1648 3903 ι
1683 3851 1817 3906 Ἀπὸ

214 3932 327 3986 τῶν
375 3938 583 4007 ὁμοίων
640 3939 928 4010 τοιγαροῦν
974 3938 1145 4007 λόγων
1194 3940 1443 4009 φαίνεται
1470 3942 1499 3994 6
1536 3942 1700 4006 αὐτὸς
1740 3941 1817 3995 ὢν

216 4027 436 4096 χρόνος,
464 4029 586 4082 καθ’
622 4031 680 4083 ὃν
713 4031 807 4083 καὶ
830 4030 899 4083 τὰ
926 4030 1064 4101 μετὰ
1091 4035 1279 4102 χεῖρας
1304 4034 1432 4104 περὶ
1467 4034 1646 4087 αὐτῶν
1674 4035 1817 4088 ἐκεί-

215 4133 325 4170 νων
346 4120 443 4173 καὶ
466 4120 572 4175 τῶν
595 4123 825 4185 ἐκείνοις
848 4123 1245 4194 παραπλησίων
1266 4108 1505 4182 λέλεκτο.
1537 4127 1697 4181 Ἀλλὰ
1720 4129 1814 4181 καὶ

222 4225 242 4259 ο
278 4209 369 4262 ὅτε
387 4211 674 4265 ἀπέστειλε
716 4213 908 4275 Σαοὺλ,
950 4214 1044 4267 καὶ
1073 4214 1305 4284 ἐφύλαξε
1338 4216 1428 4269 τὸν
1463 4211 1611 4270 οἷκον
1648 4218 1811 4272 αὑτοῦ

213 4294 310 4352 τοῦ
365 4301 678 4358 θανατῶσαι
720 4304 907 4367 αὑτὸν,
941 4324 959 4355 ι
1000 4306 1269 4377 περὶτῶν
1309 4308 1488 4362 αὐτῶν
1528 4308 1689 4363 πάλιν
1713 4310 1812 4373 τὰς

213 4389 413 4460 ὁμοίας
448 4392 598 4465 ἠφίει
648 4395 832 4465 φωνὰς
876 4395 1084 4465 λέγων’
1127 4415 1146 4448 ι
1209 4398 1340 4452 Ἰδοὺ
1376 4399 1807 4469 ἀποφθέγξονται

2017 2014 2183 2073 Vens.
2221 2020 2343 2075 4-7.
2386 2040 2404 2072 ι
2429 2021 2532 2089 Qui
2556 2036 2897 2084 exacueruut
2945 2039 3001 2085 ut
3043 2034 3285 2103 gladium
3312 2039 3531 2110 linguas

1944 2123 2097 2171 suas.
2130 2109 2485 2169 intenderunt
2530 2131 2743 2182 arcum,
2776 2138 2888 2176 rem
2941 2139 3217 2195 amaram;
3264 2138 3324 2186 ut
3356 2109 3528 2204 sagit-

1944 2206 2061 2253 tent
2091 2200 2145 2254 in
2194 2202 2430 2260 occultis
2474 2206 2909 2267 immaculatum.
2952 2213 3148 2273 Subito
3182 2200 3529 2291 sagittabuut

1942 2305 2091 2357 eum,
2114 2299 2171 2347 ct
2216 2309 2328 2348 non
2362 2295 2685 2354 timebunt.)
2742 2300 2972 2360 Etiamsi
3019 2305 3192 2364 David
3225 2312 3525 2369 salutarem

1941 2382 2234 2439 adventum
2263 2394 2513 2456 tempore
2547 2392 2909 2458 prtererterit,
2956 2399 3303 2468 evangelicas
3342 2411 3527 2460 tamen

1940 2472 2286 2545 disciplinas,
2315 2478 2580 2549 magistro
2625 2479 2833 2551 Spiritu
2885 2484 3095 2552 divino,
3129 2503 3240 2545 non
3303 2492 3525 2563 ignora-

1939 2564 2064 2631 bat;
2091 2566 2187 2622 sed
2217 2569 2462 2625 salutare
2505 2570 2641 2625 illud
2698 2574 2977 2645 eloquium
3011 2580 3184 2648 probe
3251 2593 3517 2642 noverat:

1945 2673 1963 2707 ι
1991 2655 2172 2713 Nolite
2203 2659 2396 2717 timere
2438 2662 2509 2718 ab
2559 2664 2629 2722 iis
2678 2668 2771 2738 qui
2826 2670 3085 2725 occidunt
3141 2686 3366 2743 corpus,
3399 2676 3523 2731 ani.

1936 2763 2080 2801 mam
2112 2758 2295 2806 autem
2340 2768 2448 2808 non
2480 2764 2714 2825 possunt
2746 2760 2999 2815 occidere
3014 2761 3092 2816 θος
3146 2781 3165 2815 ι
3212 2779 3384 2833 quare
3421 2767 3523 2821 mi-

1936 2835 2111 2895 litaris
2157 2840 2296 2895 aciei
2330 2844 2764 2911 multitudinem,
2812 2862 2873 2904 ac
2908 2852 3060 2907 omni
3092 2868 3291 2923 genere
3332 2871 3520 2912 armu-

1933 2943 2055 2983 rum
2096 2929 2383 3003 hastisque
2410 2935 2716 2995 instructos
2749 2940 3002 2998 homines
3034 2959 3144 2999 non
3188 2944 3517 3002 reformida-

1932 3019 2059 3089 bat;
2088 3022 2184 3078 sed
2233 3024 2358 3081 i1los
2394 3027 2642 3097 quidem,
2692 3038 2883 3101 utpote
2928 3034 3021 3103 qui
3057 3035 3178 3090 sine
3220 3036 3425 3094 sudore
3458 3049 3515 3095 et

1932 3113 2117 3169 labore
2160 3116 2456 3172 immanem
2515 3120 2668 3176 illum
2715 3122 2934 3187 Goliath
2968 3128 3389 3198 prostravisset,L
3416 3134 3515 3187 de-

1928 3204 2229 3274 spiciebat;
2284 3222 2381 3263 eos
2430 3219 2611 3265 autem
2674 3214 3115 3282 pertimescebat,
3165 3234 3305 3289 quos
3357 3222 3510 3279 hisce

1924 3296 2109 3352 verbis
2142 3305 2304 3351 antea
2359 3299 2730 3356 subindicavit
2782 3322 2795 3359 :
2836 3322 2854 3356 ι
2900 3304 3005 3372 Qui
3054 3323 3392 3367 exacuerunt
3449 3324 3508 3369 ut

1924 3388 2162 3457 gladium
2190 3388 2406 3461 linguas
2432 3408 2584 3456 suas,
2610 3394 2965 3453 intendentnt
2986 3414 3197 3466 arcum,
3228 3418 3344 3459 rem
3363 3418 3508 3460 ama-

1924 3494 2061 3534 ram.
2078 3499 2097 3532 ι
2116 3478 2311 3536 Viden’
2327 3499 2447 3553 qua:
2465 3484 2740 3543 describat
2757 3488 3107 3568 inimicorum
3123 3497 3311 3550 arma?
3327 3495 3505 3568 Supra

1920 3586 2049 3625 vero
2063 3572 2347 3629 dicebatur
2368 3594 2409 3631 ,ι
2430 3575 2552 3631 Filii
2567 3566 2846 3636 hominum
2864 3583 3056 3641 dentes
3071 3600 3261 3641 eorum
3278 3566 3432 3644 arma
3451 3599 3507 3646 et

1921 3664 2153 3733 sagittae,
2185 3674 2241 3721 et
2276 3667 2459 3738 lingua
2510 3685 2700 3726 eorum
2747 3674 2960 3744 gladius
2996 3662 3192 3733 acutus
3224 3680 3263 3732 '.
3298 3697 3318 3732 ι
3379 3680 3504 3736 Haec

1919 3762 2103 3811 autem
2130 3757 2340 3815 dixisse
2368 3762 2655 3828 scribitur,
2700 3783 2718 3815 ι
2749 3781 2875 3821 cum
2913 3766 3120 3838 fugeret
3142 3785 3173 3824 a
3202 3770 3343 3828 facie
3370 3775 3502 3829 Sau-

1919 3847 1987 3903 lis
2013 3848 2069 3903 in
2100 3850 2421 3921 speluncam
2456 3855 2498 3909 '.
2541 3873 2559 3905 ι
2589 3854 2632 3908 Α
2665 3856 2959 3913 verborum
2984 3874 3116 3915 sane
3140 3861 3502 3922 similitudine

1917 3939 2176 3996 videntur
2196 3942 2288 3995 illa
2311 3943 2502 3999 eodem
2534 3952 2778 4015 tempore
2805 3948 3011 4019 scripta
3036 3964 3180 4016 esse,
3217 3968 3326 4022 quo
3359 3953 3499 4018 haec.

1916 4045 2037 4100 qua
2059 4030 2171 4101 jam
2193 4030 2517 4098 tractamus,
2556 4034 2621 4091 de
2652 4036 2719 4090 iis
2756 4044 2811 4092 et
2841 4038 3118 4095 similibus
3141 4040 3286 4098 dicta
3322 4041 3495 4099 fuere.

1917 4120 2024 4177 Sed
2068 4123 2233 4178 etiam
2274 4143 2292 4175 ι
2334 4126 2556 4195 quando
2600 4128 2751 4183 misit
2799 4128 2953 4195 Saul,
2985 4137 3039 4185 et
3073 4132 3371 4190 custodivit
3398 4133 3498 4189 do-

1914 4228 2064 4267 mum
2090 4214 2233 4283 ejus,
2261 4224 2320 4267 ut
2349 4232 2474 4272 eum
2495 4201 2883 4284 interficeret',
2917 4239 2934 4272 ι
2965 4221 3032 4276 de
3064 4222 3258 4278 iisdem
3295 4225 3493 4279 iterum

1912 4306 2120 4362 similes
2150 4306 2460 4375 proferebat
2492 4324 2657 4365 voces
2700 4310 2886 4365 dicens
2924 4326 2938 4363 :
2974 4328 2992 4362 ι
3032 4311 3172 4369 Ecce
3200 4315 3492 4385 loquentur

1912 4396 1966 4450 in
1997 4412 2093 4453 ore
2115 4413 2239 4461 suo,
2271 4407 2326 4453 et
2346 4399 2560 4470 gladius
2588 4400 2643 4455 in
2665 4402 2855 4458 oribus
2884 4418 3075 4458 eorum
3107 4404 3148 4458 ⁵.
3189 4425 3208 4458 ι
3240 4404 3344 4463 Sed
3376 4408 3490 4465 haec

213 4479 274 4533 ιν
313 4484 397 4554 τῷ
450 4486 677 4556 στόματι
725 4487 927 4550 αὐτῶν,
983 4488 1078 4543 καὶ
1126 4489 1369 4559 ῥομφαία
1412 4493 1468 4544 ἐν
1518 4493 1632 4554 τοῖς
1686 4491 1805 4545 στό-

1931 4489 2130 4560 [uidem
2164 4490 2269 4557 ibi;
2310 4491 2365 4545 in
2394 4491 2481 4545 his
2507 4507 2633 4560 vero
2665 4492 2733 4548 de
2753 4493 2954 4564 quibus
2981 4511 3129 4569 nunc
3146 4513 3350 4564 sermo,
3380 4500 3489 4555 ini-

218 4587 387 4642 μασιν
440 4576 639 4629 αὐτῶν.
694 4597 711 4628 ι
775 4578 912 4631 Ἀλλ’
969 4580 1026 4632 ἐν
1077 4578 1307 4644 ἐκείνοις
1344 4580 1443 4651 μὲν
1482 4581 1634 4634 ταῦτ’
1688 4583 1803 4636 ἐλέ-

212 4676 373 4730 γετο*
433 4666 492 4718 ἐν
540 4666 596 4719 δὲ
650 4670 759 4731 τοῖς
788 4667 927 4738 μετὰ
954 4672 1142 4739 χεῖρας
1186 4670 1313 4732 τοὺς
1345 4670 1573 4743 ἐχθροὺς
1609 4671 1797 4737 αὐτοῦ,

213 4743 288 4804 ὧν
310 4754 420 4809 ἀπὸ
451 4755 616 4824 φόϐου
653 4757 915 4829 ῥυσθῆναι
938 4759 1158 4830 ηὗχετο,
1185 4761 1511 4831 ἠκονηκέναι
1540 4763 1674 4832 φησὶ
1698 4763 1798 4827 τὰς

1911 4581 2083 4635 micos
2114 4597 2266 4644 suos,
2305 4598 2336 4636 a
2364 4599 2597 4653 quorum
2630 4591 2776 4639 metu
2805 4586 2941 4656 eripi
2972 4589 3321 4659 precabatur,
3352 4607 3486 4649 exa-

1907 4672 2092 4727 cuisse
2121 4673 2198 4726 ait
2222 4682 2281 4727 ut
2306 4674 2545 4743 gladium
2597 4666 2815 4746 linguas
2848 4691 2999 4743 suas,
3034 4683 3150 4736 sive
3182 4682 3484 4737 secundum

1904 4762 2143 4833 reliquos
2176 4764 2526 4835 interpretes,
2557 4756 2756 4822 (sicut
2810 4770 3170 4840 machaeram;
3204 4793 3223 4825 ι
3259 4775 3367 4829 imo
3400 4775 3486 4830 in-

213 4842 465 4910 γλώσσας
492 4847 674 4901 αὐτῶν
689 4848 841 4920 δίκην
870 4853 1142 4923 ῥομφαίας
1161 4870 1174 4884 ·
1204 4852 1398 4924 ῆκατὰ
1416 4855 1543 4917 τοὺς
1574 4854 1793 4920 λοιποὺς

1931 4856 2195 4911 enderunt
2227 4866 2416 4914 arcum
2435 4874 2619 4924 suum,
2646 4863 2949 4918 secundum
2972 4864 3111 4920 LXX
3129 4866 3482 4938 interpretes,

214 4931 569 5006 ἑρμηνευτας,
610 4956 629 4988 ι
667 4936 743 5001 ὡς
802 4940 1073 5010 μάχαιραν
1096 4958 1109 4971 ·
1152 4961 1173 4993 ι
1208 4942 1346 4995 ἀλλὰ
1394 4944 1489 4996 καὶ⁵
1523 4944 1794 4998 ἐνέτειναν

1931 4964 1957 5000 ιι
1982 4962 2041 5002 re
2065 4961 2251 5002 amara
2280 4968 2292 5003 :
2323 4965 2419 5020 per
2455 4966 2571 5006 rem
2603 4953 2807 5024 quippe
2858 4969 3099 5010 amaram
3126 4956 3335 5026 justum
3395 4975 3482 5012 sa-

212 5025 272 5078 τὸ
290 5028 442 5093 τόξον
493 5030 694 5095 αὐτῶν,
731 5031 873 5085 κατὰ
896 5034 993 5103 μὲν
1025 5035 1151 5099 τοὺς
1185 5035 1587 5107 Ἐϐδομήκοντα
1617 5038 1793 5111 ἐρμη-

213 5121 447 5185 νευτὰς,ι
481 5124 539 5176 ἐν
556 5123 838 5194 πράγματι
864 5125 1065 5197 πικρῷο
1096 5145 1114 5178 ι
1135 5126 1225 5182 διὰ
1249 5126 1358 5197 γὰρ
1391 5128 1587 5199 πικροῦ
1639 5129 1783 5199 πρά-

1899 5037 2051 5107 gittis
2120 5039 2418 5096 confodere
2477 5043 2799 5112 tentabant;
2862 5047 3164 5101 secundum
3225 5046 3481 5118 Symma-

1892 5128 2054 5183 chum
2088 5137 2291 5195 autem,
2326 5152 2345 5183 ι
2376 5133 2761 5206 impleverunt,
2801 5135 2978 5203 inquit
3007 5176 3021 5199 ,
3062 5150 3252 5190 arcum
3310 5152 3473 5192 suum

212 5224 416 5281 γματος
451 5216 830 5281 κατατοξεύειν
857 5219 1154 5290 ἐπειρῶντο
1178 5221 1268 5274 τὸν
1290 5222 1497 5277 δίκαιον
1519 5238 1545 5259 ἰ
1566 5220 1705 5275 κατὰ
1728 5221 1786 5275 δὲ

1931 5219 2057 5274 erbo
2079 5235 2285 5277 amaro.
2327 5242 2345 5274 ι
2376 5222 2512 5278 Nam
2543 5226 2634 5296 qui
2674 5224 2927 5280 Davidem
2950 5225 3092 5296 apud
3126 5224 3344 5282 Saulcm
3374 5230 3478 5282 criu

211 5302 296 5355 τὸν
324 5305 635 5376 Σύμμαχον,
685 5326 702 5357 ι
752 5308 1128 5380 Ἐπλήρωσαν,
1164 5313 1318 5382 φησὶ,
1343 5313 1403 5365 τὸ
1431 5312 1583 5376 τόξον
1608 5311 1787 5365 αὐτῶν

1931 5312 2264 5382 ιίηίιιιιιηιυτ,
2313 5330 2440 5370 vere
2489 5318 2657 5371 amari
2712 5326 2892 5379 erant.
2948 5317 3237 5374 dulcedine
3292 5317 3473 5372 alfecti

213 5389 346 5464 λόγῳ
403 5395 607 5467 πικρῷ.
656 5416 675 5449 ι
713 5392 894 5452 Ἦσαν
948 5400 1055 5472 γὰρ
1104 5402 1321 5474 ἀληθῶς
1367 5404 1574 5475 πικροὶ,
1630 5404 1787 5458 οὐδὲν

1936 5402 2044 5457 ulla
2073 5420 2085 5456 :
2111 5403 2288 5473 qualis
2314 5411 2435 5459 erat
2462 5403 2628 5470 Doec,
2660 5408 2852 5479 quales
2892 5406 3099 5478 Ziphzei
3148 5417 3201 5461 et
3220 5407 3291 5461 iis
3316 5408 3472 5461 simi-

207 5479 369 5547 γλυκὺ
399 5486 766 5556 περιέχοντες,
796 5490 845 5542 οἱ
888 5490 979 5543 τὸν
1029 5491 1193 5545 Δαυϊδ
1232 5492 1606 5557 διαϐάλλοντες
1647 5494 1784 5565 πρὸς

1892 5493 1989 5548 les.
2026 5493 2169 5561 Quin
2192 5502 2246 5550 et
2267 5497 2447 5566 quivis
2469 5513 2649 5553 sermo
2681 5499 2905 5568 impius,
2940 5514 3190 5564 amarus;
3226 5506 3286 5552 ut
3306 5505 3359 5553 et
3385 5497 3471 5551 di-

206 5568 288 5622 τὸν
341 5575 548 5629 Σαούλ·
584 5571 695 5642 οἷος
748 5570 817 5650 ἦν
844 5580 873 5631 6
909 5581 1088 5651 Δωήκ,
1126 5583 1218 5635 καὶ
1258 5584 1306 5635 οί
1349 5582 1576 5652 Ζιφαῖοι,
1604 5583 1699 5637 καὶ
1729 5584 1779 5637 οί

1931 5586 2070 5650 inus,
2104 5586 2279 5642 dulcis
2306 5594 2362 5643 et
2386 5588 2575 5644 suavis
2623 5587 2807 5644 fuerit.
2841 5592 3023 5657 Quare
3078 5588 3286 5644 dictum
3339 5597 3462 5644 est:
3569 5576 3573 5581 ”

269 5729 311 5760 ο»
340 5728 529 5785 Matth.
569 5714 749 5797 L28.
829 5733 1245 5795 'Psal.Lv1.5.
1322 5735 1596 5793 'ibidJ.
1673 5736 2150 5799 ’Psal.tviu.i.
2228 5740 2405 5799 ‘ibid.
2440 5743 2493 5799 8.

512 5824 780 5885 Paeon.
830 5826 947 5886 Gn.
996 5828 1230 5889 XXIII.

2983 5837 3062 5898 20
