4086 6442
599 343 704 432 sta

1306 347 1578 405 EUSEBII
1619 351 2102 409 CAESARIENSIS
2144 354 2293 410 OPP.
2330 357 2511 413 PARS
2549 360 2638 416 III.
2684 392 2750 402 ——-
2787 361 3199 422 EXEGETICA.
3762 374 3846 433 θὶθ

599 482 622 516 ι
651 463 947 520 Gustateet
976 466 1172 533 videte,
1195 469 1454 539 quoniam
1469 473 1770 529 suavisest
1798 473 2060 531 Dominus
2089 477 2129 530 '.

2286 479 2495 544 τούτοις
2520 483 2910 555 παραπλήσιοι.
2953 486 3117 540 Ἀλλά
3142 490 3237 542 καὶ
3271 492 3377 554 πᾶς
3400 491 3572 556 ἄθεος
3603 491 3752 562 λόγος
3777 512 3848 548 πι-

597 553 735 612 Βωνί
761 572 928 628 porro
973 573 1138 632 arcus
1162 567 1222 614 et
1276 576 1406 616 vere
1467 565 1828 636 acutigladii
1885 566 2179 638 impiorum

597 648 1096 714 heterodoxorum,
1158 651 1254 721 qui
1317 652 1649 724 simplicium
1693 657 1923 712 animas
1967 659 2180 730 sagittis

599 741 888 812 impetunt,
921 741 1372 813 gladiisquesuis
1398 761 1493 800 eas
1540 747 1839 804 trucidant.
1892 749 2180 822 Sapientes

596 851 816 907 quoque
861 835 1027 905 hujus
1066 838 1274 903 saeculi,
1318 838 1518 894 fucatis
1568 849 1625 895 et
1683 842 2181 912 sophisticisver-

595 926 682 983 bis
744 933 980 991 utentes,
1053 927 1254 983 multas
1306 921 1536 986 .animas
1602 933 2178 1006 sustulerunt.-0pus

601 1031 724 1090 3rgo
761 1018 922 1074 nobis
975 1017 1206 1074 ferventi
1261 1019 1533 1087 oratione,
1572 1029 1625 1074 ut
1666 1024 1749 1077 .ab
1799 1023 1868 1080 iis
1920 1027 2177 1083 omnibus

592 1109 909 1181 eripiamur.
947 1109 986 1166 Ii
1041 1126 1172 1166 vero
1217 1112 1271 1166 in
1320 1113 1514 1186 primis
1543 1117 1636 1185 qui
1689 1130 1855 1185 supra
1891 1119 2175 1173 memorati

592 1215 745 1270 sunt,
775 1204 1078 1274 simplicem
1114 1215 1167 1260 et
1215 1205 1404 1260 rudem
1440 1207 1714 1262 hominem
1747 1209 1962 1278 sagittis
1999 1209 2175 1264 confi-

590 1309 716 1351 cere
772 1302 1058 1366 satagunt;
1091 1310 1260 1366 quare
1308 1294 1516 1350 dictum
1564 1305 1648 1352 est
1700 1315 1715 1330 ο
1767 1318 1786 1350 ι
1821 1297 2176 1355 lntenderunt

590 1401 800 1453 arcum,
831 1402 946 1442 rem
981 1402 1246 1452 amaram,
1285 1397 1345 1442 ut
1393 1388 1651 1459 sagittent
1682 1389 1737 1444 in
1790 1390 2026 1448 occultis
2069 1377 2173 1445 im-

588 1481 942 1537 maculatum.
975 1501 992 1534 »
1041 1480 1379 1552 lnculpatum
1417 1482 1505 1538 hic
1541 1483 1955 1539 immaculatum
1985 1495 2168 1549 vocat,

587 1573 675 1628 his
707 1571 958 1629 indicans
1012 1574 1428 1645 sycophantiam
1477 1582 1670 1630 contra
1729 1591 1845 1642 eos,
1905 1576 1998 1648 qui
2032 1577 2170 1634 nihil

586 1665 802 1734 injuriae
833 1665 1168 1731 intulissent,
1208 1675 1476 1737 paratam.
1502 1665 1608 1722 Pro
1644 1665 1738 1721 illo
1769 1675 1977 1732 autem,
2013 1685 2031 1719 ι
2065 1668 2169 1724 im-

583 1756 942 1824 maculatum,
977 1775 997 1810 i
1026 1755 1243 1827 Aquila,
1281 1775 1300 1808 ι
1339 1758 1670 1829 simplicem,
1709 1776 1728 1809 ι
1768 1758 2164 1830 interpretatus

2290 570 2420 641 κρὸς
2449 571 2515 624 ἂν
2537 571 2644 642 εἴη,
2661 615 2664 617 .
2681 573 2870 646 ὥσπερ
2895 577 2924 628 6
2957 574 3122 641 θεῖος,
3157 579 3393 650 χρηστὸς
3419 581 3524 634 καὶ
3540 581 3761 649 γλυκύς.
3778 586 3851 638 Διὸ

2287 658 2535 732 εἴρηται·
2579 681 2597 713 ι
2647 663 2688 715 Γ
2691 664 2945 730 εύσασθε,
2977 669 3088 722 ,καὶ
3124 668 3280 733 ἴδετε,
3311 671 3392 726 ὃτι
3418 674 3672 745 χρηστὸς
3693 678 3723 728 6
3757 678 3851 730 Κύ-

2291 770 2422 823 ριος.
2461 773 2478 805 ι
2504 755 2663 808 Δεινὰ
2682 757 2743 810 δὲ
2771 757 2900 822 τόξα
2929 760 3021 813 καὶ
3051 759 3316 834 μάχαιραι
3345 765 3418 829 ὡς
3453 765 3685 837 ἀληθῶς
3709 767 3854 833 ὀξεῖαι
3901 813 3904 828 .

2286 847 2342 898 αί
2375 845 2482 899 τῶν
2509 846 2686 903 ἀθέων
2725 850 3070 923 ἑτεροδόξων,
3098 853 3209 908 τῶν
3240 855 3340 920 τὰς
3370 857 3680 930 ἀκεραίους
3703 859 3877 936 ψυχὰς.

2284 940 2770 1010 κατατοξευόντων,
2817 946 2912 998 καὶ
2966 949 3088 1012 ταῖς
3162 949 3370 1004 ἑαυτῶν
3426 953 3738 1024 ῥομφαίαις
3776 937 3876 1024 axx-5

2287 987 2770 1010 --μτηγηηηη
2820 987 2912 998 η...
2977 987 3084 1012 η...
3162 987 3369 1004 ..-ρων
3565 987 3569 992 ι
3634 987 3708 1006 tu.
3779 987 3858 1008 ω-

2283 1026 2697 1102 τασφαττόντων
2748 1037 2938 1102 αὑτάς.
2993 1041 3103 1094 Καὶ
3158 1042 3209 1094 οἱ
3252 1045 3406 1113 σοφοὶ
3426 987 3660 1100 ’δ’ἔξῦ
3686 987 3885 1112 czle

2282 1125 2494 1191 τούτου,
2515 1127 2607 1181 τὸν
2629 1128 2907 1201 ἀπατηλὸν
2956 1133 3050 1185 καὶ
3083 1136 3474 1206 σεσοφισμένον
3537 1137 3702 1206 λόγον
3740 1155 3859 1210 προ·
3909 1123 3914 1126 ’

2283 1217 2622 1288 ϐαλλόμενοι,
2677 1220 2878 1286 πολλὰς
2912 1222 3122 1278 ἀνεῖλον
3157 1225 3356 1297 ψυχάς.
3391 1229 3586 1300 Εύχῆς
3627 1227 3724 1284 οὖν
3748 1233 3862 1301 ἡμῖν

2279 1309 2360 1362 δεῖ
2395 1311 2817 1384 συντεταμένης,
2846 1315 2983 1386 πρὸς
2999 1316 3063 1369 το
3084 1317 3345 1389 ρυσθῆναι
3359 1319 3575 1376 τούτων
3597 1322 3860 1377 ἀπάντων.

2280 1400 2530 1455 Μάλιστα
2570 1403 2626 1456 δὲ
2669 1407 2716 1458 οἱ
2751 1406 3138 1478 προλεχθέντες
3183 1410 3274 1464 τὸν
3322 1411 3538 1466 ἁπλοῦν
3570 1413 3673 1466 καὶ
3705 1413 3862 1488 ἀφελῆ

2279 1491 2658 1559 κατατοξεύειν
2711 1497 3006 1568 πειρῶνται
3028 1515 3043 1530 °
3068 1499 3149 1553 διδ
3183 1500 3462 1557 λέλεκται*
3504 1523 3525 1556 ι
3578 1503 3863 1558 Ἑνέτειναν

2275 1581 2450 1648 τάξον,
2484 1585 2719 1657 πρᾶγμα
2749 1587 2964 1659 πικρὸν,
2996 1588 3091 1642 τοῦ
3115 1593 3513 1660 κατατοξεῦσαι
3539 1595 3606 1647 ἐν
3634 1595 3862 1666 ἀποκρύ-

2277 1690 2398 1743 φοις
2424 1673 2675 1747 ἄμωμον.
2714 1697 2732 1729 ι
2771 1681 2881 1732 Καὶ
2933 1681 3024 1733 τὸν
3061 1682 3302 1738 ἀναίτιον
3339 1685 3398 1738 δὲ
3429 1687 3676 1757 ἄμωμον
3699 1686 3860 1750 καλεῖ,

2273 1763 2373 1835 τὴν
2419 1764 2562 1820 κατά
2603 1765 2712 1820 τῶν
2747 1769 2914 1840 μηδὲν
2945 1771 3282 1844 ἠδικηκότων
3322 1775 3673 1848 ὑπογράφων
3717 1795 3862 1832 συκο-

583 1857 686 1906 est.
719 1848 855 1906 Nam
877 1849 1246 1921 iisimplicem
1281 1858 1336 1906 et
1360 1851 1618 1924 nequitiae
1637 1858 1915 1922 expertem
1949 1852 2157 1924 sagittis

2270 1855 2518 1925 φαντίαν.
2568 1859 2715 1912 Ἀντὶ
2757 1859 2813 1913 δὲ
2852 1859 2968 1926 τοῦ,
2998 1880 3016 1914 ι
3053 1862 3317 1936 ἄμωμον,
3366 1867 3600 1932 ἀπλοῦν,
3632 1887 3655 1921 ι
3696 1870 3864 1940 ἡρμή-

581 1941 876 1998 coufodere
907 1943 1424 2016 maxime-satagunt
1458 1961 1472 1998 :
1508 1957 1680 2014 quare
1707 1941 1892 2009 infert,
1929 1961 1947 1996 ι
1976 1943 2170 2000 Subito

581 2035 947 2108 sagittabunt,
981 2050 1107 2091 eum
1161 2043 1216 2090 et
1257 2052 1366 2093 non
1393 2035 1689 2091 timebunt.
1723 2054 1742 2088 ι
1773 2033 1908 2090 Nam
1952 2044 2170 2107 tempus

578 2107 975 2193 observantes,
1024 2127 1314 2184 confertim
1350 2134 1407 2184 et
1459 2125 1812 2198 inopinanter
1845 2127 2169 2183 immacula-

579 2225 719 2286 tum,
773 2219 891 2276 sive
942 2219 1273 2290 simplicem,
1324 2227 1420 2274 aut
1461 2217 1825 2274 «innocentem
1878 2218 2164 2276 invadunt.

579 2311 761 2378 Quare
789 2311 856 2367 ad
881 2312 1138 2368 homines
1172 2313 1242 2368 iis
1263 2311 1474 2368 similes
1501 2310 1812 2368 rescribens
1842 2313 2164 2384 Apostolus,

577 2404 696 2458 ait:
734 2422 752 2456 ι
781 2403 976 2460 Timeo
1001 2412 1214 2469 autem,
1267 2420 1336 2460 ne
1374 2405 1532 2461 sicut
1571 2420 1808 2477 serpens
1853 2405 2021 2460 Evam
2073 2421 2165 2462 se-

575 2496 754 2560 duxit,
787 2496 861 2549 ita
888 2504 1314 2566 corrumpantur
1342 2503 1542 2553 senSus
1569 2497 1737 2552 vostri
1767 2505 1824 2552 et
1855 2497 2113 2553 excidant
2133 2512 2164 2552 a

574 2586 949 2658 simplicitate,
973 2601 1096 2658 quae
1142 2594 1227 2642 est
1281 2587 1336 2642 in
1365 2586 1591 2644 Christo
1621 2589 1720 2642 ‘.~i
1744 2586 1902 2642 -Ειιιῐι
1961 2588 2164 2660 quippe

576 2678 740 2748 cujus
794 2678 1456 2734 anima'circummunita
1506 2677 1695 2740 fuerit.
1753 2678 1995 2749 dejicere
2022 2695 2164 2735 nun-

2271 1958 2458 1998 νευσεν
2486 1945 2516 1998 6
2561 1945 2809 2010 Ἀκύλας.
2841 1948 2944 2003 Τὸν
2979 1950 3086 2023 γὰρ
3121 1952 3326 2008 ἁπλοῦν
3363 1956 3458 2010 καὶ
3490 1957 3861 2029 ἀπειρόκακον

2273 2033 2507 2104 μάλιστα
2537 2038 2918 2107 κατατοξεύειν
2943 2043 2994 2096 oi
3021 2042 3252 2100 τοιοῦτοι
3282 2046 3592 2118 πειρῶνται
3617 2065 3632 2079 ·
3653 2049 3738 2102 διὸ
3749 2051 3860 2116 ὲπιτ

2268 2124 2447 2195 λέγει’
2492 2147 2510 2182 ι
2559 2129 2818 2196 Ἐξάπινα
2876 2133 3360 2200 κατατοξεύσουσιν
3403 2139 3600 2201 αὐτὸν,
3666 2143 3763 2194 καὶ
3807 2141 3860 2194 οὐ

2269 2217 2692 2291 φοϐηθήσονται.
2723 2241 2741 2274 ι
2761 2225 3306 2297 Καιροφυλακοῢντες
3323 2227 3434 2302 γὰρ
3449 2225 3639 2295 οὗτοι,
3657 2231 3861 2303 ἀθρόως

2267 2308 2359 2360 καὶ
2418 2309 2840 2384 ἀπροσδοκήτως
2887 2315 3209 2387 ἐπέρχονται
3259 2318 3340 2390 τῷ
3388 2319 3617 2393 ἀμώμῳ
3637 2361 3654 2385 ,
3711 2322 3746 2393 ἢ
3789 2321 3860 2394 τῷ

2267 2399 2423 2472 ἁπλῷ
2447 2402 2542 2455 καὶ
2561 2403 2833 2477 ἀκξραίῳ.
2851 2407 2941 2460 Διὸ
2959 2409 3187 2480 γράφων
3203 2427 3304 2465 που
3326 2413 3355 2465 6
3378 2411 3715 2477 Ἀπόστολος
3731 2414 3857 2486 πρὸς

2263 2490 2390 2555 τοὺς
2421 2491 2699 2559 τοιούτους
2743 2497 2876 2566 φησί
2903 2511 2915 2524 °
2943 2517 2960 2548 ι
2988 2498 3261 2570 Φοϐοῦμαι
3303 2502 3377 2573 μή
3402 2520 3548 2568 πως,
3581 2504 3667 2568 ὡς
3691 2507 3720 2559 6
3745 2505 3857 2573 ὄφις

2264 2579 2607 2655 ἐξηπάτησεν
2649 2585 2814 2652 Εὔαν,
2846 2588 3024 2662 φθαρῇ
3051 2591 3122 2646 τὰ
3148 2596 3393 2665 νοήματα
3405 2596 3580 2668 ’ὑμῶν
3613 2599 3735 2655 ,ἀπὸ
3763 2599 3855 2668 τῆς

2263 2670 2564 2744 ἁπλότητος
2581 2673 2684 2746 τῆς
2715 2676 2775 2729 ὲν
2808 2678 3050 2750 Χριστῷ.
3095 2698 3113 2732 ι
3144 2681 3247 2735 Τὸν
3305 2683 3414 2756 γὰρ
3461 2686 3854 2758 πεφραγμένον

573 2781 739 2841 quam
773 2770 1008 2825 'valeant
1049 2771 1084 2825 ii
1137 2771 1228 2841 qui
1267 2786 1434 2842 supra
1484 2771 1771 2826 memorati
1801 2778 1953 2836 sunt,
2007 2790 2026 2822 ι
2066 2769 2157 2842 qui

2263 2762 2360 2833 τὴν
2387 2763 2565 2838 ψυχὴν
2595 2767 2696 2820 οὐκ
2716 2769 2793 2822 ἀν
2827 2782 2958 2822 ποτε
2997 2770 3243 2826 δύναιντο
3266 2774 3596 2832 καταϐαλεῖν
3636 2779 3690 2831 oi
3726 2794 3851 2848 προ-

572 2870 912 2919 exacuerunt
943 2869 1004 2918 ut
1061 2863 1302 2935 gladium
1357 2864 1576 2936 linguas
1607 2876 1760 2931 suas,
1802 2862 2157 2919 intenderunt

2263 2851 2564 2924 λεχθέντες,
2587 2876 2606 2909 ι
2624 2859 2820 2923 οἵτινες
2847 2860 3220 2932 ὴκόνησανῶς
3251 2865 3524 2936 ῥομφαίαν
3545 2868 3652 2932 τάς
3682 2867 3853 2937 γλώσ-

572 2967 786 3016 arcum,
817 2967 939 3008 rem
972 2966 1240 3017 amaram,
1283 2960 1342 3006 ut
1373 2954 1639 3024 sagittent
1685 2953 1740 3008 in
1775 2952 2008 3008 occultis
2053 2952 2158 3006 im-

575 3044 1002 3110 maculatum”
1031 3043 1172 3107 sive,
1194 3063 1230 3095 -ι
1271 3052 1329 3098 ιιι
1357 3044 1616 3117 sagittent
1649 3043 1705 3100 in
1754 3042 2158 3099 occultissim-

2261 2964 2360 3011 σας
2381 2949 2583 3014 αὐτῶν,
2617 2952 2714 3005 καὶ
2732 2951 3000 3006 ἐνέτειναν
3023 2952 3216 3020 τόξον,
3250 2959 3482 3029 πρᾶγμα
3513 2961 3741 3033 πικρὸν,
3763 2959 3848 3014 τοῦ

2258 3040 2651 3106 κατατοξεῦσαι
2697 3043 2756 3096 ὲν
2775 3043 3113 3116 ἀποκρύφοις
3153 3047 3408 3121 ἄμωμον·
3438 3071 3456 3104 ι
3493 3052 3594 3122 ἢν(
3625 3053 3727 3107 τοῦ
3761 3070 3852 3107 καρ

572 3135 791 3205 plicem.
818 3133 1566 3205 'Subito-sagittabunteum,
1598 3143 1654 3190 et
1677 3133 2104 3190 non-timebunt.
2132 3153 2150 3186 ι

2263 3129 2576 3196 τατοξεῦσαι
2609 3134 2666 3187 έν
2687 3133 3031 3206 ἀποκρύφοις
3059 3138 3282 3196 ἁπλοῦν.
3326 3141 3587 3207 Ἐξάπινα
3612 3162 3846 3201 κατατο-

569 3227 639 3280 At
668 3226 792 3282 vide
825 3241 937 3297 quo
967 3233 1128 3296 pacto
1155 3226 1326 3292 dicat,
1355 3225 1696 3296 sagittabunt
1742 3241 1893 3289 eum,
1926 3240 2038 3280 non
2067 3239 2154 3281 me

2263 3220 2560 3288 Εεύσουσιν’
2586 3225 2770 3290 αὐτὸν,
2830 3226 2927 3280 καὶ
2977 3227 3038 3281 ού
3082 3229 3501 3304 φοϐηθήσονται.
3548 3254 3567 3288 ι
3609 3238 3732 3291 Καὶ
3755 3237 3851 3309 δρα

567 3319 662 3390 qui
692 3317 821 3373 talia
862 3318 1081 3389 profero
1100 3334 1123 3384 ;ι
1150 3317 1246 3374 sed
1277 3318 1606 3388 simplicem,
1627 3318 1694 3372 id
1735 3325 1822 3373 est
1876 3317 2068 3372 rudem
2098 3323 2154 3372 et

570 3413 942 3474 innocentem,
981 3421 1036 3467 et
1086 3411 1617 3482 adhuc‘parvulum,
1651 3419 1710 3465 ut
1733 3437 1740 3442 π
1767 3410 1894 3482 quis
1929 3409 2151 3468 dixerit.

567 3520 633 3560 ex
668 3520 860 3562 eorum
885 3520 1117 3561 numero
1144 3504 1214 3562 de
1246 3505 1447 3577 quibus
1477 3502 1740 3559 Servator
1769 3502 1888 3556 haec
1916 3501 2104 3556 docuit
2135 3517 2149 3552 :

572 3611 592 3646 ι
621 3591 701 3648 Ne
733 3595 1100 3650 contemnatis
1129 3609 1299 3650 unum
1345 3609 1413 3650 ex
1446 3591 1662 3665 pusillis
1695 3591 1788 3662 qui
1811 3599 1941 3648 sunt
1963 3591 2017 3646 in
2046 3589 2152 3644 Ee-

564 3686 734 3743 clesia
765 3702 884 3742 mea
914 3688 968 3753 ";
999 3707 1018 3740 ο
1046 3694 1150 3742 et:
1179 3706 1198 3738 ι
1245 3686 1301 3743 Si
1334 3688 1460 3759 quis
1501 3682 1956 3742 scandalizaverit
1981 3699 2150 3738 unum

561 3794 630 3836 ex
657 3780 895 3851 pusillis.
947 3781 1246 3851 expedit-ei
1299 3791 1359 3835 ut
1402 3781 1758 3852 demergatur
1784 3777 1839 3830 in
1873 3791 2024 3831 mare
2049 3775 2092 3830 ⁸.
2127 3791 2145 3826 ι

560 3869 750 3943 Neque
791 3871 936 3928 enim
991 3871 1079 3928 hic
1133 3887 1388 3944 magnum
1451 3871 1728 3928 hominem
1782 3864 2149 3925 scandalizari

565 3961 826 4020 Servator
845 3963 1084 4027 inducit,
1126 3964 1221 4020 sed
1257 3980 1406 4030 cum,
1435 3965 1557 4035 ~qui
1619 3964 1672 4018 in
1705 3959 1952 4018 Ecclesia
1987 3959 2149 4030 pusil-

563 4053 650 4110 lus
678 4054 784 4120 sit;
823 4060 881 4108 ut
905 4053 1008 4110 hoc
1031 4055 1084 4109 in
1117 4054 1238 4110 loco
1261 4055 1584 4125 simplicem
1612 4054 1770 4110 dicit.
1816 4051 2028 4108 Inimici
2057 4066 2149 4108 er-

563 4161 632 4216 go
661 4162 890 4216 magnos
920 4153 974 4202 et
1005 4146 1098 4220 qui
1123 4146 1270 4217 apud
1315 4144 1484 4201 Deum
1516 4146 1799 4218 sapientes
1834 4153 1986 4214 sunt,
2016 4144 2150 4200 ado-

561 4237 660 4292 riri
687 4251 802 4291 non
837 4237 1066 4299 audent.
1108 4235 1206 4292 sed
1238 4235 1516 4307 simplices
1547 4242 1602 4290 et
1627 4235 1948 4292 innocentes
1972 4237 2148 4290 maxi-

561 4337 962 4384 mevenantur.
992 4327 1362 4393 Quamobrem
1393 4325 1564 4381 David
1587 4341 1712 4382 cum
1738 4325 1994 4383 inimicos
2029 4341 2146 4381 me-

558 4428 854 4483 morasset,
916 4419 983 4474 ad
1051 4434 1193 4491 quos
1254 4418 1562 4490 praisertim
1626 4418 1869 4490 irrepere
1929 4418 2146 4474 soleant

557 4507 876 4567 declaravit.

2258 3312 2381 3367 τίνα
2426 3313 2631 3385 τρόπον
2686 3314 3174 3380 κατατοξεύσουσιν
3202 3322 3362 3376 αύτόν
3389 3341 3577 3396 φησιν,
3607 3328 3732 3380 ἀλλ’
3756 3327 3848 3380 οὐκ

2258 3404 2358 3474 ἐμὲ
2383 3405 2476 3458 τὸν
2506 3405 2678 3462 ταῦτα
2707 3406 2932 3476 λέγοντα
2955 3426 2969 3439 ο
3011 3410 3104 3464 τὸν
3141 3411 3199 3465 δὲ
3224 3413 3452 3478 ἁπλοῦν,
3480 3421 3739 3474 τουτέστι
3764 3420 3848 3473 τὸν

2258 3493 2433 3566 ἀφελῆ
2457 3497 2552 3550 καὶ
2579 3498 2836 3570 ἀκέραιον
2861 3541 2875 3564 ,
2910 3501 3005 3554 καὶ
3028 3501 3108 3556 ἔτι
3133 3504 3345 3575 μικρὸν,
3381 3505 3532 3570 ιῦςᾶν
3562 3507 3719 3564 εἴποι
3747 3526 3844 3573 τις,

2259 3584 2319 3650 ἐξ
2375 3587 2602 3642 ἐκείνων
2648 3589 2780 3644 ὄντα
2807 3593 2936 3662 περὶ
2963 3585 3039 3646 ὧν
3070 3594 3099 3646 6
3123 3593 3313 3667 Σωτὴρ
3345 3596 3592 3652 ἐδίδασκε
3625 3599 3835 3669 λέγων’

2263 3695 2281 3728 ι
2311 3675 2401 3749 Μὴ
2439 3684 2907 3754 καταφρονήσητε
2949 3683 3080 3748 ἑνὸς
3122 3685 3239 3740 τῶν
3270 3689 3498 3760 ,μικρῶν
3545 3691 3658 3746 τῶν
3681 3693 3746 3747 ὲν
3783 3692 3842 3762 τῇ

2271 3767 2564 3841 Ἐκκλησία
2579 3788 2700 3842 μου·
2729 3791 2748 3825 ι
2769 3775 2883 3838 καὶ,
2908 3795 2925 3825 ι
2955 3775 3142 3840 Ὅστις
3155 3777 3248 3831 ὲάν
3275 3778 3606 3855 σκανδαλίσῃ
3619 3783 3722 3838 ἕνα
3740 3781 3844 3835 τῶν

2259 3859 2492 3930 μικρῶν,
2519 3862 2788 3934 συμφέρει
2809 3863 2958 3936 αὐτῷ
2991 3865 3250 3939 βληθῆναι
3275 3869 3355 3932 είς
3379 3869 3476 3941 τὴν
3491 3871 3798 3927 θάλασσαν.
3819 3890 3837 3923 ι

2256 3951 2748 4025 Σκανδαλιζόμενον
2778 3956 2895 4028 ,γὰρ
2927 3959 3088 4013 κάκεῖ
3111 3962 3141 4014 6
3166 3960 3356 4034 Σωτὴρ
3384 3962 3444 4016 ού
3470 3964 3654 4035 ,μέγαν
3695 3966 3841 4020 εἰσά-

2254 4059 2361 4112 γει,
2385 4045 2521 4100 ἀλλά
2543 4047 2632 4100 τὸν
2657 4047 2714 4100 ὲν
2725 4052 2794 4120 τῇ
2833 4049 3130 4126 Ἐκκλησία
3158 4055 3373 4126 μικρὸν,
3396 4055 3586 4130 ὥσπερ
3606 4057 3840 4113 ἐνταῦθα

2252 4133 2344 4186 τὸν
2369 4134 2592 4189 ἁπλοῦν.
2629 4137 2694 4193 Οἱ
2725 4137 2902 4193 τοίνυν
2923 4140 3108 4220 ἐχθροὶ
3138 4143 3259 4198 οὐδὲ
3285 4145 3530 4217 τολμῶσι
3561 4151 3836 4220 προσιέναι

2252 4228 2366 4289 τοῖς
2424 4226 2703 4296 μεγάλοις,
2729 4228 2851 4283 οὐδὲ
2891 4234 3006 4295 τοῖς
3035 4217 3190 4304 παρά
3221 4233 3343 4306 Θεῷ
3377 4239 3560 4306 σοφοῖς
3584 4217 3758 4303 ’-τοὺς
3782 4237 3835 4290 δὲ

2251 4315 2460 4380 ἁπλοῦς
2490 4317 2582 4372 καὶ
2631 4317 2924 4390 ἀκεραίους
2947 4320 3196 4392 Δμάλιστα,
3231 4322 3542 4395 θηρεύουσι.
3578 4326 3780 4398 Διόπερ
3807 4325 3834 4376 6

2251 4408 2436 4473 Δαυῒδ,
2487 4409 2866 4481 μνημονεύσας
2919 4411 3028 4466 τῶν
3087 4413 3320 4487 ἐχθρῶν,
3369 4417 3463 4470 καὶ
3510 4417 3637 4488 περὶ
3686 4419 3834 4480 τίνας

2255 4500 2489 4572 μάλιστα
2518 4501 2780 4558 είλεῖσθαι
2814 4502 3068 4559 εἰώθασιν
3099 4500 3243 4560 οὗτοι
3276 4507 3642 4580 παρέστησεν.

634 4637 653 4670 ι
695 4617 1080 4677 Firmaverunt
1102 4619 1206 4677 sibi
1232 4637 1540 4678 sermonem
1565 4635 1797 4691 nequam
1831 4639 1844 4675 :
1879 4637 2140 4677 narrave-

2324 4640 2343 4672 ι
2395 4617 2802 4691 Ἑκραταίωσαν
2851 4619 3069 4682 ἑαυτοῖς
3118 4619 3277 4689 λόγον
3326 4623 3566 4695 πονηρόν
3588 4640 3602 4654 ·
3639 4624 3833 4698 διηγή-

561 4721 693 4766 runt
719 4719 778 4766 ut
803 4713 1210 4768 absconderem
1258 4712 1506 4783 laqueos.
1544 4731 1562 4763 ι
1598 4710 1897 4782 Postquam
1931 4714 2142 4783 tropice

559 4803 813 4861 inimicos
852 4804 1064 4876 gladios
1091 4820 1224 4860 suos
1255 4820 1525 4861 exacuere
1561 4814 1620 4860 et
1651 4818 1818 4860 arcus
1858 4803 2144 4860 intendere

558 4895 794 4960 dixerat,
814 4895 928 4968 jam
959 4897 1206 4967 apertius
1235 4897 1326 4967 qui
1357 4896 1429 4950 sit
1457 4896 1696 4967 gladius,
1738 4895 1922 4967 qualis
1951 4910 2140 4963 arcus,

519 5015 527 5042 ί
559 4995 785 5041 enarrat
837 4987 936 5042 his.
956 4987 1138 5042 verbis
1165 5005 1176 5040 :
1219 5005 1238 5038 ι
1268 4983 1654 5042 Firmaverunt
1687 4985 1793 5042 sibi
1822 4998 2139 5042 sermonem

515 5076 815 5150 Enequam.
863 5099 882 5132 ι
922 5077 1044 5134 Non
1103 5080 1246 5135 enim
1299 5093 1610 5136 sermonem
1667 5095 1698 5133 a
1746 5076 1858 5134 Deo
1904 5077 2140 5133 mutua-ti

557 5177 720 5233 sunt;
753 5170 849 5228 sed
880 5181 1168 5244 postquam
1195 5171 1296 5227 sibi
1331 5171 1466 5241 ipsis
1495 5170 1888 5226 conﬁnxerunt
1909 5177 1965 5225 et
1989 5182 2139 5224 com-

557 5264 727 5320 menti
778 5273 927 5331 sunt,
979 5263 1126 5319 hunc
1157 5263 1534 5319 firmaverunt.
1568 5261 1738 5317 Tales
1787 5269 1916 5317 sunt
1975 5274 2137 5331 syco-

556 5357 796 5428 phantae,
826 5364 882 5414 et
910 5363 1186 5430 quotquot
1213 5353 1402 5414 falsas.
1437 5369 1576 5423 quas
1613 5352 1719 5408 sibi
1749 5351 2137 5408 continuerunt

557 5460 613 5506 ct
632 5451 927 5506 commenti
957 5456 1108 5511 sunt.
1175 5445 1478 5501 sententias
1529 5443 1748 5499 firmare
1792 5452 1846 5497 et
1893 5441 2140 5498 stabilire

557 5550 835 5614 satagunt.
872 5540 1074 5598 Deinde
1097 5551 1228 5595 vero
1247 5537 1336 5592 ubi
1354 5552 1663 5593 sermonem
1696 5536 1849 5590 illum
1881 5550 2138 5604 nequam,

555 5651 717 5706 quem
752 5635 857 5691 sibi
907 5634 1283 5698 ﬁrmaverant,
1341 5645 1568 5701 pravum
1599 5643 1720 5684 esse
1755 5626 2136 5692 adverterunt,

2249 4726 2410 4765 σαντο
2456 4707 2551 4763 τοῦ
2611 4707 2818 4782 κρύψαι
2876 4708 3131 4777 παγίδας.
3183 4728 3203 4760 ι
3256 4710 3546 4781 Τροπικιῖκ
3585 4713 3673 4768 διὰ
3727 4714 3832 4768 τῶν

2247 4801 2556 4874 ἔμπροσθεν
2603 4803 2732 4866 τοὺς
2786 4800 2885 4872 τῆς
2935 4799 3114 4872 ψυχῆς
3158 4802 3385 4875 ἐχθροὺς
3421 4805 3519 4877 τὴν
3559 4807 3828 4878 ῥομφαίαν

2247 4893 2427 4948 αὐτῶν
2456 4893 2720 4962 ἀκονῆσαι
2759 4891 2853 4944 καὶ
2880 4890 2950 4944 τὰ
2975 4891 3106 4958 τόξα
3134 4894 3370 4948 ἐντεῖναι
3408 4895 3708 4968 προειπὼν,
3739 4914 3828 4952 σαι

2255 4985 2513 5056 φέστερον
2532 4982 2622 5038 διιά
2635 4983 2742 5037 τῶν
2769 4983 3142 5055 προκειμένων
3163 4984 3249 5048 τίς
3277 4980 3345 5056 ἦν
3368 4986 3400 5058 ἡ
3435 4987 3700 5058 ῥομφαία,
3739 4989 3827 5043 καὶ
3853 4984 3858 4988 ’

2249 5076 2303 5128 τί
2328 5073 2390 5127 τὸ
2422 5073 2573 5140 τόξον
2619 5071 2943 5143 παρίστησιν
2962 5072 3164 5129 εἰπών’
3199 5093 3218 5124 ι
3261 5075 3670 5144 Ἐκραταίωσαν
3701 5079 3824 5132 ἐαυ-

2249 5168 2361 5230 τοῐς
2393 5166 2546 5234 λόγον
2569 5164 2824 5236 πονηρόν.
2869 5185 2888 5218 ι
2914 5165 2989 5219 Οὐ
3019 5165 3129 5237 γὰρ
3157 5164 3308 5237 παρά
3342 5165 3436 5218 τοῦ
3471 5166 3604 5222 Θεοῦ
3639 5168 3823 5223 λαϐόν-

2246 5277 2338 5324 τες
2375 5259 2552 5328 λόγον,
2613 5257 2727 5311 ἀλλ’
2767 5258 2979 5321 ἑαυτοῖς
3019 5259 3353 5330 πλασάμενοι
3394 5260 3489 5314 καὶ
3526 5260 3820 5325 συνθέντες,

2244 5347 2430 5408 τοῦτον
2485 5350 2804 5423 ὲκράτυναν.
2845 5350 3087 5405 Τοιοῦτος
3132 5350 3188 5404 δέ
3231 5353 3366 5405 εἰσιν
3403 5353 3452 5404 oi
3479 5355 3818 5422 συκοφάνται.

2245 5442 2340 5496 καὶ
2373 5443 2422 5495 οἱ
2449 5440 2736 5512 κρατύνειν
2769 5442 2862 5494 καὶ
2891 5439 3139 5511 βεϐαιοῦν
3168 5441 3496 5513 πειρώμενοι
3518 5444 3584 5509 ἀς
3615 5447 3817 5508 ἑαυτοῖς

2245 5531 2708 5604 ἀνεζωγράφησαν
2753 5534 2849 5586 καὶ
2888 5531 3258 5586 ἀνεπλάσαντο
3291 5531 3652 5602 ψευδοδοξίας.
3693 5530 3815 5588 Εἶτα

2243 5625 2298 5679 δὲ
2326 5623 2416 5677 τὸν
2449 5624 2686 5698 πονηρὸν
2739 5623 2894 5694 λόγον
2923 5622 2983 5677 ὃν
3012 5624 3223 5688 ἑαυτοῖς
3247 5623 3554 5700 ἑκράτυναν
3586 5620 3815 5698 όριῖιντις

622 5788 821 5867 ff'sal.
862 5807 1056 5855 sum,
1085 5790 1138 5845 9.
1217 5791 1238 5822 '
1267 5787 1310 5844 Il
1339 5788 1465 5844 Cor.
1492 5803 1566 5850 χι,
1602 5786 1656 5842 3.
1730 5785 1751 5820 ⁷
1781 5781 1967 5836 “atth.
1997 5795 2157 5846 xvttt,
2185 5780 2272 5836 l0.
2346 5779 2366 5810 '
2393 5760 2528 5834 Ibid.
2571 5778 2626 5833 6.
