4086 6442
243 475 337 530 (iiii

1399 465 1898 526 COMMENTARIA
1941 465 2006 520 IN
2044 463 2385 522 PSALMOS.

3385 464 3492 520 623

242 589 460 661 σαθρὸν,
503 589 564 642 οὖ
611 587 812 657 γυμνὸν
845 583 1003 638 αὐτὸν
1034 584 1441 656 προϐάλλονται,
1482 583 1617 638 ἀλλά
1655 601 1809 654 περι-

1918 594 2021 634 non
2053 581 2255 636 nudum
2292 580 2596 650 proferunt,
2632 578 2725 632 sed
2752 578 2962 648 laqueis
2987 578 3328 635 extrinsecus
3351 581 3494 636 clam

240 681 522 736 ϐάλλουσιν
562 677 757 744 ἔξωθεν
799 679 1013 747 παγίσι,
1038 676 1370 747 κρύπτοντες
1396 676 1486 730 διά
1529 693 1692 730 τινων
1737 692 1818 728 σο-

238 772 524 842 φισμάτων
553 769 645 822 καί¹
689 767 1114 838 παραλογισμῶν
1151 767 1251 836 τὴν
1275 765 1416 820 κατά
1457 765 1566 820 τῶν
1597 765 1816 819 ἑπιὸου-

240 861 545 932 λευομένων
575 861 875 930 συσκευήν·
907 859 1048 912 οὕτω
1081 857 1190 928 γὰρ
1221 856 1452 928 ἄληπτοι
1485 858 1578 910 καὶ
1605 856 1814 926 ἀθήρα-

237 969 324 1004 τοι
352 949 568 1003 ἔσεσθαι
595 949 1054 1020 ὑπολαμϐάνουσι.
1079 947 1172 1000 Διὸ
1201 967 1218 999 ι
1257 944 1418 1000 εἶπαν
1451 967 1468 996 ι
1496 949 1553 999 ἑν
1579 948 1810 1008 ἑαυτοῖς·

243 1059 264 1093 ι
305 1041 400 1104 Τίς
458 1039 645 1111 ὄψεται
693 1039 928 1104 abte-3;;
978 1057 997 1089 ι
1049 1039 1166 1100 καὶ,
1213 1057 1230 1090 ι
1283 1037 1641 1110 ἑξερεύνησαν
1691 1037 1816 1092 ἀνο-

241 1133 391 1203 μίας.
409 1151 428 1183 ι
449 1131 613 1184 Οὐδὲν
629 1129 738 1201 γὰρ
759 1128 1032 1200 ὠφέλιμον
1053 1129 1159 1182 ἀπὸ
1175 1128 1266 1181 τοῦ
1297 1129 1441 1182 θείου
1460 1127 1624 1198 νόμου
1651 1126 1817 1197 ζητή-

238 1241 433 1287 σαντες
452 1217 638 1294 εῦρον·
670 1221 783 1276 ἀλλ’
807 1221 1034 1292 ἀνομίας
1063 1221 1275 1283 ἑαυτοῖς
1303 1220 1626 1289 ἐπενόησαν.
1660 1218 1815 1272 Κατά

234 1315 294 1368 δὲ
327 1315 416 1368 τὸν
469 1313 788 1384 Σύμμαχον,
829 1331 848 1364 ι
884 1309 1248 1383 ἑξερεύνησαν
1286 1311 1516 1380 ἀνομίας
1566 1309 1814 1379 σύμπαν-

235 1419 327 1467 τες
349 1417 364 1433 ο
401 1422 419 1453 ι
457 1403 549 1454 κα)⁸
580 1401 672 1456 ἐπὶ
703 1401 912 1462 τούτοις
946 1398 1116 1452 πολλά
1147 1399 1481 1472 ζητήσαντες
1509 1399 1599 1457 καὶ
1648 1397 1814 1476 μυρία

237 1495 368 1565 ⁸παρ’
405 1495 614 1556 ἑαυτοῖς
634 1493 1038 1563 ἐπινοήσαντες,
1068 1489 1233 1564 μηδὲν
1260 1490 1316 1543 δὲ
1331 1489 1527 1558 ἀληθὲς
1548 1489 1640 1541 ἐπὶ
1670 1487 1814 1540 τέλει

235 1584 502 1656 εὑρόντες,
523 1583 785 1647 ἐξέλιπον,
819 1583 978 1635 πλέον
1003 1582 1152 1635 οὐδὲν
1180 1580 1287 1636 ἀπὸ
1312 1581 1413 1655 τῆς
1443 1579 1642 1649 πολλῆς
1667 1577 1816 1651 ἑρεύ-

235 1691 334 1745 νης
354 1674 728 1746 οκτησάμενοι.
776 1673 868 1726 Διὸ
894 1672 1169 1726 λέλεκταιο
1219 1691 1237 1722 ι
1288 1671 1565 1736 Ἐξέλιπον
1597 1670 1814 1742 ἐξερευ-

233 1765 434 1828 νῶντες
489 1764 880 1836 ἑξερευνήσεις.
915 1783 933 1814 ι
971 1762 1268 1824 Τοσούτους
1325 1762 1478 1825 τινὰς
1523 1761 1814 1832 διέγραψεν

233 1858 266 1909 ό
299 1855 458 1908 Δαυῒδ
486 1855 612 1919 τοὺς
655 1854 880 1925 ἐχθροὺς
909 1853 1002 1907 καί⁸
1033 1853 1342 1922 πολεμίους,
1365 1851 1423 1918 ἑξ
1445 1845 1520 1904 ὧν
1552 1849 1650 1921 τὴν
1681 1851 1810 1902 ἑαυ-

1921 671 2373 741 circumsepiunt,
2411 669 2845 740 sophismatibus
2875 669 3199 740 cavillisque
3228 686 3366 742 quas
3397 688 3493 742 pa-

1920 769 2043 814 rant
2070 762 2204 831 ipsis
2252 762 2480 818 insidias
2522 760 2885 827 occultantes,
2944 761 3017 814 ita
3065 778 3124 817 se
3153 764 3271 833 capi
3305 771 3360 818 et
3395 765 3494 819 de-

1921 853 2182 921 prehendi
2216 869 2324 908 non
2358 867 2520 924 posse
2557 851 2873 922 Opinantur.
2913 851 3097 920 Quare
3127 872 3145 905 ‹
3177 853 3434 910 dixerunt
3471 875 3491 908 ο

1917 945 1973 998 in
2002 946 2198 1015 scipsis
2233 966 2245 1000 :
2274 965 2292 996 ς
2323 945 2459 1012 Quis
2493 944 2698 1000 videbit
2730 945 2870 1000 eos?
2900 965 2918 997 ›
2958 954 3030 1011 et,
3061 963 3079 996 ι
3115 947 3342 1000 scrutati
3367 955 3496 1003 sunt

1918 1035 2260 1110 iniquitates.
2303 1055 2320 1087 i
2350 1035 2504 1090 Nihil
2539 1035 2740 1104 quippe
2768 1035 3023 1090 utilitatis
3055 1035 3109 1088 in
3158 1035 3342 1090 divina
3378 1037 3496 1106 lege

1921 1125 2325 1194 perquisierunt
2354 1125 2438 1180 vel
2468 1125 2830 1191 invenerunt;
2888 1125 2984 1179 sed
3018 1124 3337 1194 iniquitates
3387 1126 3495 1181 sibi

1916 1216 2330 1284 excogitaruut;
2359 1217 2495 1279 sive,
2523 1215 2822 1271 secundum
2854 1214 3265 1286 Symmachum,
3294 1234 3312 1266 ι
3342 1230 3499 1270 scru-

1918 1306 2013 1358 tati
2045 1315 2174 1361 sunt
2202 1308 2521 1378 iniquitates
2545 1307 2790 1363 universi
2822 1322 2835 1358 :
2877 1326 2895 1358 ι
2933 1311 3016 1361 ac‘
3039 1321 3166 1360 cum
3209 1307 3325 1362 haec
3349 1309 3494 1363 mul-

1919 1403 2032 1448 tum
2069 1397 2543 1466 perquisivissent,
2575 1405 2630 1453 et
2671 1396 2880 1452 inﬁnita
2906 1397 3334 1466 excogitassent,
3368 1411 3494 1451 cum

1918 1485 2052 1539 nihil
2084 1488 2196 1542 veri
2221 1488 2439 1544 tandem
2463 1489 2787 1558 reperirent,
2820 1486 3160 1566 defecerunt,
3184 1487 3321 1542 nihil
3348 1487 3496 1541 aliud

1916 1591 1982 1630 ex
2018 1585 2166 1632 tanta
2198 1579 2640 1648 perscrutatione
2675 1577 2999 1634 referentes.
3055 1579 3238 1646 Quare
3285 1577 3497 1633 dictum
3577 1595 3580 1598 ’

1917 1674 2038 1722 est:
2072 1687 2090 1718 ‹
2124 1667 2452 1726 Defecerunt
2478 1677 2790 1726 scrutantes
2807 1670 3096 1726 scrutinia.
3127 1689 3146 1723 ι
3171 1668 3497 1739 Hujusmodi

1918 1757 2106 1814 hostes
2135 1769 2189 1815 et
2217 1761 2478 1816 inimicos
2507 1759 2802 1832 descripsit
2823 1761 3018 1826 David,
3057 1777 3088 1816 e
3119 1776 3355 1832 quorum
3387 1777 3502 1815 ma-

1918 1850 2080 1906 nibus
2111 1851 2348 1905 animam
2383 1852 2519 1923 eripi
2551 1867 2708 1907 suam
2752 1853 3080 1923 precabatur
3112 1869 3125 1905 :
3160 1859 3321 1907 erant
3349 1853 3501 1907 scili-

235 1943 330 1998 τοῦ
363 1944 539 2016 ψυχὴν
567 1942 827 2016 ρυσθῆναι
884 1941 1101 2014 ηὗχετο,
1151 1943 1596 2013 ὲξερευνητικους
1637 1955 1811 2005 τινας,

1918 1949 2004 1998 cet
2057 1943 2092 1998 ii
2125 1951 2539 2015 perscrutantes
2570 1952 2625 1999 et
2686 1944 3068 2014 perquirentes
3126 1944 3496 2014 iniquitatem.

235 2035 330 2092 καὶ
361 2033 682 2106 ζητητικοὺς
711 2033 957 2105 ἀνομίας.
991 2035 1054 2086 Οἱ
1085 2033 1192 2105 γὰρ
1215 2032 1442 2085 τοιοῦτοι
1470 2030 1647 2102 ψυχῆς
1679 2030 1812 2104 ἀλη-

236 2125 346 2188 θῶς
376 2125 441 2178 ἂν
485 2119 594 2178 εἷεν
627 2124 879 2194 φονευταί
904 2141 918 2154 ·
955 2124 1035 2178 διὸ
1066 2124 1129 2196 δὴ
1168 2125 1400 2195 μάλιστα
1447 2123 1580 2176 Θεδν
1615 2123 1812 2196 βοηθὸν

233 2217 328 2268 ἐπὶ
355 2215 462 2269 τῶν
493 2216 749 2272 τοιούτων
781 2216 1112 2279 ἀνεκαλεῖτο,
1174 2217 1298 2280 τοὺς
1332 2215 1623 2286 αἰσθητοὺς
1655 2215 1814 2275 πολε-

237 2306 394 2376 μίους
423 2307 516 2359 καὶ
534 2307 660 2370 τοὺς
677 2309 790 2370 τοῖς
825 2304 1035 2379 σώμασι
1071 2303 1582 2376 παραταττομένους
1605 2303 1692 2356 ἐπ’
1715 2302 1777 2354 ού
1793 2330 1810 2341 ο

232 2395 344 2450 δενὶ
375 2396 518 2467 λόγῳ
542 2395 842 2466 τιθέμενος.

311 2504 330 2535 ι
372 2485 796 2558 Προσελεύσεται
826 2483 1109 2556 ἄνθρωπος
1157 2485 1214 2538 ἑν
1247 2485 1442 2557 καρδία
1478 2485 1689 2557 βαθείᾳ,
1719 2486 1812 2539 καὶ

236 2575 582 2648 ὑψωθήσεται
641 2577 669 2628 ό
727 2576 878 2640 Θεός.
913 2577 1073 2640 Βέλος
1107 2576 1336 2646 νηπίων,
1379 2596 1397 2628 ι
1437 2578 1530 2630 καὶ
1560 2577 1629 2630 τὰ
1661 2577 1808 2647 ἑξῆς.

234 2669 297 2721 Ol
332 2669 428 2738 μὲν
453 2669 551 2739 τῆς
587 2667 765 2739 ψυχῆς
791 2668 1055 2738 πολέμιοι,
1091 2668 1270 2736 λόγοις
1301 2671 1554 2741 πονηροῖς
1589 2671 1812 2733 ἑαυτοὺς

235 2759 690 2832 περιφράξαντες,
749 2759 843 2813 καὶ
870 2758 968 2823 τὰς
996 2759 1205 2813 ἑαυτῶν
1231 2760 1606 2832 ἐγκρύψαντες
1645 2761 1811 2829 παγί-

231 2855 350 2916 δας,
376 2852 605 2922 ἀνομίας
637 2870 696 2907 τε
733 2851 1140 2924 ἐξερευνῶντες,
1193 2854 1286 2906 καὶ
1325 2852 1413 2905 διὰ
1460 2853 1664 2905 τούτων
1714 2853 1813 2916 τὰς

233 2943 443 2998 ἑαυτῶν
469 2944 738 3015 ῥομφαίας
755 2945 1138 3016 ἀκονήσαντες,
1162 2946 1255 2998 καὶ
1277 2948 1394 3007 ταῖς
1408 2942 1617 2998 ἑαυτῶν
1633 2933 1813 3012 γλώσ-

235 3051 357 3098 σαις
373 3034 702 3098 ἑντείναντες
726 3034 874 3099 τόξα,
903 3035 994 3087 τὸν
1027 3035 1276 3105 ἄμωμον,
1303 3034 1336 3105 ἦ
1359 3035 1448 3088 τὸν
1484 3033 1692 3087 ἀπλοῦν
1718 3036 1814 3088 καὶ

232 3125 489 3197 ἀκέραιον
519 3125 813 3196 περιῄεσαν
840 3125 1147 3196 ζητοῦντες,
1180 3126 1326 3188 ὅπως
1359 3125 1620 3178 ἀνέλωσιν
1647 3126 1813 3179 αὐτοῦ

232 3215 333 3285 τὴν
377 3215 586 3284 ψυχήν·
634 3213 748 3268 ἀλλ’
797 3215 1001 3267 ἐκεῖνον
1055 3216 1152 3284 μὲν
1173 3215 1201 3267 ό
1238 3213 1369 3277 Θεὸς
1406 3213 1647 3286 ῥύσεται.
1691 3214 1811 3267 Τῶν

231 3307 342 3377 γὰρ
377 3306 589 3376 μικρῶν
621 3307 678 3359 ὲν
720 3308 788 3378 τῇ
832 3305 1129 3378 Ἐκκλησία
1157 3308 1205 3358 oi
1248 3304 1469 3374 ἄγγελοι
1499 3305 1586 3358 διὰ
1609 3304 1811 3369 παντὸς
1841 3287 1883 3344 C

229 3398 399 3470 ὁρῶσι
425 3398 487 3451 τὸ
520 3399 808 3470 πρόσωπον
856 3397 951 3450 τοῦ
985 3399 1041 3450 ἑν
1063 3398 1309 3469 οὐρανοῖς
1363 3398 1596 3468 Πατρός.
1641 3399 1815 3467 Προσ-

229 3490 510 3543 ελεύσεται
559 3489 617 3543 δέ
677 3507 764 3553 τις
821 3490 1004 3554 αὐτοῖς
1048 3488 1356 3560 ἄνθρωπος,
1407 3489 1624 3560 ἀληθῶς
1676 3489 1815 3562 ἀνὴρ

229 3579 438 3643 τέλειος
462 3582 556 3634 καὶ
582 3573 760 3652 φορῶν
779 3581 871 3635 τὸν
897 3584 1017 3634 κατ’
1047 3583 1230 3635 εἰκόνα
1257 3582 1393 3636 Θεοῦ
1423 3583 1814 3653 πεποιημένον,

232 3671 316 3736 ὃς,
348 3673 404 3726 ἑν
456 3671 653 3743 καρδίᾳ.
717 3672 908 3742 βαθείῃ
942 3673 1347 3744 πεφραγμένος,
1395 3673 1813 3744 ἀκατάπληκτος

232 3767 417 3828 crs-cci;
467 3763 858 3836 παρατάξεται,
915 3766 1123 3828 πάντας
1157 3781 1216 3818 τε
1247 3764 1448 3827 αὐτοὺς
1494 3764 1811 3826 καταλύσει,

229 3855 308 3918 ὡς
328 3854 607 3925 ὑψωθῆναι
636 3857 730 3908 καὶ
767 3855 1088 3924 δοξασθῆναι
1113 3855 1180 3913 δι’
1215 3855 1381 3908 αὐτοῦ
1405 3857 1497 3910 τὸν
1528 3856 1683 3919 Θεὸν,
1720 3857 1814 3910 καὶ⁹

233 3947 452 4002 πάντων
472 3947 693 3999 ἐκείνων
707 3946 774 3999 τὰ
796 3947 922 4018 βέλη
941 3946 1260 4017 ἐλεγχθῆναι
1280 3947 1443 4001 ἄτονα
1468 3947 1560 4000 καὶ
1589 3949 1812 4019 ἀσθενῆ,

230 4039 310 4100 ὡς
336 4039 546 4110 νηπίων
601 4037 912 4109 λογισθῆναι
948 4037 1076 4108 βέλη
1108 4039 1206 4100 τὰς
1242 4038 1456 4110 πληγὰς
1486 4039 1686 4102 αὐτῶν,
1722 4042 1815 4096 καὶ

230 4129 332 4192 τὰς
367 4128 617 4198 γλώσσας
666 4131 844 4183 αὐτῶν
878 4131 962 4182 ἐπ’
989 4131 1186 4192 αὐτοὺς
1221 4123 1597 4202 ἑξασθενῆσαι.
1625 4130 1814 4188 Τοιοῦ-

228 4234 324 4286 τος
375 4223 484 4294 γάρ
519 4224 665 4281 ἐστιν
693 4225 722 4276 ό
754 4223 846 4276 τοῦ
875 4223 1010 4277 Θεοῦ
1055 4222 1360 4292 ἄνθρωπος,
1408 4225 1437 4276 ὁ
1466 4223 1810 4298 παραταττό-

234 4328 396 4382 μενος
423 4314 532 4376 τοῖς
563 4311 934 4383 προλεχθεῖσιν
977 4315 1048 4366 ἑν
1064 4313 1262 4382 καρδία
1291 4310 1508 4384 βαθείᾳρ
1552 4313 1628 4376 ὡς
1665 4312 1814 4382 δέχε-

234 4401 360 4455 σθαι
389 4403 485 4473 μὲν
515 4402 674 4456 αὐτὸν
723 4404 822 4466 τας
857 4403 1070 4472 πληγάς
1102 4403 1194 4457 καὶ
1227 4402 1296 4456 τά
1330 4403 1418 4456 διὰ
1462 4403 1814 4474 σοφισμάτων

235 4494 388 4566 βέλη,
420 4495 584 4566 γελᾷν
627 4495 683 4548 δὲ
717 4495 854 4549 αύτὰ
883 4496 976 4549 καὶ
1003 4490 1064 4548 τὸ
1099 4495 1264 4567 μηδὲν
1296 4495 1566 4565 ἡγεῖσθαι,
1599 4495 1674 4559 ὡς
1705 4495 1830 4548 ὑπο

1921 2031 2056 2087 Nam
2087 2033 2181 2102 qui
2210 2032 2347 2087 tales
2399 2041 2551 2096 sunt,
2587 2047 2715 2086 vere
2757 2031 2954 2086 anima:
2985 2030 3366 2086 interfectores
3397 2030 3498 2084 ha-

1920 2125 2155 2179 beantur
2187 2141 2198 2176 :
2235 2141 2405 2196 quare
2431 2125 2600 2180 Deum
2633 2131 2826 2178 contra
2850 2123 3166 2193 huiusmodi
3190 2122 3379 2178 hostes
3401 2121 3502 2175 ad-

1913 2216 2154 2285 jutorem
2179 2217 2506 2282 invocabat;
2533 2232 2658 2270 cum
2684 2215 2919 2270 sensiles
2939 2215 3213 2278 inimicos,
3246 2213 3342 2287 qui
3366 2227 3500 2270 con-

1920 2315 2002 2362 tra
2032 2323 2265 2379 corpora
2301 2308 2472 2363 aciem
2495 2307 2792 2374 instruant,
2821 2306 2975 2362 nihili
3011 2304 3235 2362 faceret.

1989 2485 2158 2542 Vsus.
2178 2485 2234 2547 8,
2258 2487 2310 2541 9.
2325 2504 2342 2537 ι
2365 2484 2602 2540 Accedet
2619 2484 2786 2540 homo
2810 2484 2864 2537 in
2882 2483 3048 2538 corde
3063 2483 3262 2545 alto,et
3289 2480 3501 2536 exalta-

1916 2579 2065 2634 bitur
2079 2577 2242 2633 Deus.
2267 2575 2488 2646 Sagittae
2501 2578 2873 2646 parvulorum,
2899 2595 2917 2626 ι
2936 2583 3040 2628 etc.
3056 2573 3264 2628 Inimici
3279 2572 3500 2643 quidem

1918 2673 2114 2726 animae
2156 2670 2340 2726 verbis
2387 2684 2508 2724 sese
2539 2668 2792 2739 malignis
2833 2665 3382 2726 circummunientes,
3417 2665 3501 2718 la-

1918 2781 2091 2836 queos
2120 2780 2253 2821 suos
2303 2763 2670 2824 occultantes,
2707 2761 3029 2830 iniquitates
3060 2764 3499 2828 perscrutantes,

1919 2860 2096 2928 iisque
2119 2856 2332 2928 gladios
2374 2868 2506 2909 suos
2539 2863 2892 2917 exacuenzes,
2930 2851 3239 2920 linguisque
3267 2847 3384 2903 suis
3417 2846 3504 2901 in-
3567 2918 3570 2920 γ

1918 2949 2206 3004 tendentes
2241 2961 2427 3009 arcus,
2459 2945 2892 3006 immaculatum,
2927 2941 3230 3010 simplicem
3254 2946 3310 2993 et
3339 2939 3502 2993 inno-

1918 3048 2130 3095 centeni
2163 3037 2528 3108 undequaque
2583 3034 2998 3107 perquirebaut,
3031 3040 3089 3086 ut
3111 3031 3232 3102 ejus
3259 3030 3500 3084 animam

1919 3129 2314 3185 interficerent.
2345 3129 2414 3182 At
2437 3130 2588 3182 illum
2622 3127 2766 3182 Deus
2791 3127 3021 3196 eripiet;
3055 3123 3234 3193 angeli
3265 3136 3501 3192 namque

1921 3221 2244 3290 pusillorum
2279 3222 2336 3276 in
2372 3220 2615 3277 Ecclesia
2672 3234 2889 3290 semper
2918 3217 3105 3273 vident
3155 3215 3350 3270 faciem
3398 3213 3504 3267 Pa-

1919 3314 2020 3367 tris
2053 3313 2148 3384 qui
2177 3314 2231 3368 iu
2257 3315 2414 3368 cmlis
2445 3321 2550 3369 est.
2570 3311 3002 3367 Accedetautem
3032 3310 3194 3364 homo
3225 3306 3503 3378 quispiam

1921 3405 1988 3458 ad
2023 3420 2138 3472 eos,
2173 3407 2258 3459 vir
2288 3421 2410 3460 vere
2458 3403 2756 3476 perfectus,
2787 3418 3026 3474 eumque
3081 3399 3264 3458 ferens
3291 3400 3385 3471 qui
3433 3397 3504 3454 ad

1921 3497 2212 3569 imaginem
2247 3497 2339 3552 Dei
2373 3499 2551 3553 factus
2581 3512 2688 3563 est,
2716 3501 2808 3569 qni
2863 3499 2974 3552 alto
3003 3496 3171 3552 corde
3232 3496 3502 3558 munitus,

1921 3592 2326 3662 imperterritus
2363 3602 2556 3649 contra
2577 3608 2675 3648 eos
2731 3593 2902 3649 aciem
2948 3593 3206 3651 instruet,
3241 3589 3503 3660 ipsosque

1920 3696 2114 3737 omnes
2144 3682 2458 3752 dissipabit,
2486 3685 2557 3735 ita
2591 3690 2650 3735 ut
2700 3683 2820 3750 ejus
2846 3695 3010 3750 opera
3056 3675 3199 3736 Deus
3233 3677 3503 3732 exaltetur

1917 3778 1973 3826 et
2006 3772 2180 3842 gloria
2211 3771 2502 3836 atliciatur,
2536 3788 2838 3841 eorumque
2882 3770 3128 3825 omnium
3171 3768 3386 3838 sagittae
3417 3767 3502 3822 in-

1919 3860 2090 3916 firmae
2137 3862 2458 3932 debilesque
2508 3861 2958 3931 comprobentur,
2993 3874 3058 3912 ac
3112 3858 3282 3928 plaga:
3309 3870 3500 3911 eorum

1919 3967 2020 4022 pro
2044 3952 2261 4023 sagittis
2289 3953 2643 4022 parvulorum
2701 3958 3046 4021 reputentur,
3073 3957 3128 4005 et
3187 3948 3384 4020 linguae
3413 3961 3502 4002 eo-

1918 4061 2042 4100 rum
2079 4045 2132 4099 in
2158 4045 2294 4116 ipsis
2318 4045 2684 4099 inilrmentur.
2731 4040 3054 4111 llujusmodi
3108 4038 3254 4094 enim
3285 4039 3374 4092 ille
3403 4037 3502 4091 ho-

1918 4155 2007 4193 mo
2039 4137 2129 4194 Dei
2156 4148 2262 4200 est,
2293 4136 2386 4206 qui
2411 4134 2574 4190 corde
2632 4135 2744 4187 alto
2777 4142 2970 4188 contra
3023 4139 3359 4189 memoratos
3405 4129 3500 4186 ho-

1918 4231 2094 4286 mines
2139 4225 2609 4289 aciem'instruit,
2647 4227 2916 4295 ut-plagas
2979 4225 3118 4295 ipse,
3152 4231 3206 4278 et
3267 4223 3499 4293 sagittas

1917 4321 2351 4392 sophismatihus
2380 4329 2600 4391 paratas
2623 4319 2892 4389 excipiat;
2953 4319 3231 4388 ipsasque,
3259 4323 3446 4387 utpote
3467 4331 3500 4374 a

1917 4415 2160 4484 parvulis
2189 4414 2423 4469 infirmis
2447 4413 2702 4474 emissas,
2734 4412 2960 4468 irrideat
2983 4426 3046 4465 ac
3079 4427 3176 4481 pro
3197 4410 3370 4464 nihilo
3393 4409 3497 4463 ha-

1918 4504 2063 4560 beat.
2094 4505 2210 4561 Sub
2241 4505 2355 4560 haec
2379 4515 2669 4576 postquam
2703 4518 2892 4558 eorum
2947 4502 3286 4570 sophismata
3316 4500 3498 4558 solve-

230 4586 439 4657 νηπίων
466 4587 666 4640 ἀτόνων
697 4589 816 4640 κατ’
835 4586 1002 4640 αὑτοῦ
1033 4587 1381 4659 πεμπόμενα.
1420 4585 1545 4640 Εἶτα
1575 4588 1670 4640 καὶ
1693 4589 1812 4642 ἑπι-

1918 4597 2008 4659 rit,
2034 4597 2250 4667 linguas
2277 4606 2331 4652 et
2355 4611 2642 4653 sermones
2671 4609 2860 4649 eorum
2905 4593 3152 4649 infirmos
3173 4593 3499 4664 comproba-

231 4678 491 4750 λυόμενος
539 4678 718 4732 αὐτῶν
747 4679 814 4732 τὰ
867 4680 1192 4748 σοφίσματα,
1226 4679 1324 4742 τὰς
1360 4677 1612 4746 γλώσσας
1633 4679 1812 4732 αὐτῶν

232 4773 329 4824 καὶ
370 4773 494 4833 τοὺς
531 4770 722 4838 λόγους
754 4770 1170 4835 ἑξασθενοῦντας
1224 4770 1454 4839 ἐλέγξει.
1510 4769 1710 4824 Βαθεῖα
1757 4769 1814 4824 δὲ

231 4861 432 4932 καρδία
490 4862 522 4931 ὴ
573 4862 646 4932 μὴ
693 4861 752 4928 ἑξ
809 4862 1074 4933 ἐπιπολῆς
1117 4861 1314 4932 ἔχουσα
1373 4860 1443 4918 τὰ
1488 4861 1810 4932 μαθήματα,

235 4953 371 5023 μηδὲ
402 4955 459 5004 ἑν
491 4952 567 5022 τῷ
593 4953 911 5024 προφορικῷ
931 4953 1074 5024 λόγῳ
1105 4953 1499 5024 σεμνυνομένη,
1526 4953 1641 5012 ἀλλ’
1664 4953 1813 5012 ἔνδον

232 5043 292 5096 ἑν
321 5043 454 5113 αὐτῇ
487 5045 614 5106 τοὺς
643 5043 742 5113 τῆς
770 5043 1005 5108 πίστεως
1055 5043 1336 5116 θεμελίους
1385 5045 1808 5118 ἑρῤιζωμένους.

245 5131 576 5197 ’Δκολούθως
590 5133 765 5189 τοίνυν
777 5135 1028 5204 λογικούς
1047 5152 1196 5198 τινας
1216 5135 1512 5206 πολεμίους
1527 5135 1625 5206 τὴν
1640 5135 1813 5204 γλῶτο

234 5239 335 5279 ταν
376 5225 765 5295 ἀκονήσαντας,
788 5227 881 5279 καὶ
922 5227 1050 5292 τόξα
1070 5229 1181 5290 τοῖς
1215 5226 1453 5296 χείλεσιν
1477 5226 1812 5288 ἑντείνοντας

234 5315 701 5387 ὑποστησάμενος,
759 5318 1063 5372 ἀντιτάττει
1115 5318 1298 5380 αὐτοῖς
1343 5315 1630 5388 ἄνθρωπον
1675 5315 1812 5370 Θεοῦ

233 5407 462 5478 καρδίαν
524 5408 745 5478 βαθεῖαν
800 5408 1166 5480 κεκτημένον
1231 5408 1326 5460 καὶ
1369 5407 1461 5460 τὸν
1523 5407 1622 5478 μὲν
1679 5407 1813 5461 Θεὸν

230 5497 322 5554 διὰ
345 5499 535 5554 τούτου
561 5485 939 5572 δοξαζόμενον,
985 5500 1224 5562 ἐκείνους
1259 5497 1316 5552 δὲ
1347 5499 1694 5569 ἡττωμένους
1717 5499 1814 5552 καὶ

231 5591 699 5664 ἀσχημονοῦντας.

307 5725 327 5758 ι
375 5706 786 5778 Ἐταράχθησαν
827 5705 1024 5770 πάντες
1043 5708 1092 5758 oi
1119 5704 1447 5776 θεωροῦντες
1476 5706 1691 5770 αὐτοὺς,
1721 5705 1813 5758 καὶ

231 5798 475 5870 ἐφοϐήθη
505 5800 612 5861 πᾶς
649 5797 952 5870 ἄνθρωπος.
985 5818 1002 5848 ι
1041 5797 1358 5852 Ἀκόλουθον
1389 5793 1478 5870 ἦν,
1506 5796 1615 5850 τῶν
1653 5797 1812 5868 δοκή-

234 5909 320 5952 σει
354 5890 532 5962 σοφῶν
563 5881 980 5966 ἀνατραπέντων
1017 5890 1110 5943 καὶ
1158 5888 1265 5942 τῶν
1308 5887 1406 5962 τῆς
1431 5887 1610 5963 ψυχῆς
1650 5885 1807 5944 πολε-

1918 4688 2018 4744 bit.
2045 4689 2155 4743 Cor
2189 4697 2370 4743 autem
2423 4688 2594 4741 altum
2642 4693 2746 4748 cst,
2807 4684 2952 4754 quod
3008 4674 3330 4754 disciplinas
3387 4699 3500 4738 non

1915 4779 2095 4849 quoad
2127 4778 2471 4848 superficiem
2496 4785 2708 4832 tantum
2750 4777 2978 4838 obtinet,
3014 4791 3190 4846 neque
3239 4777 3291 4829 in
3325 4777 3501 4846 prela-.-

1917 4869 2038 4923 titio
2063 4883 2320 4924 sermone
2349 4868 2657 4938 gloriatur;
2707 4867 2800 4922 sed
2831 4867 2978 4937 quod
3033 4865 3180 4920 intus
3207 4865 3331 4920 ﬁdei
3368 4865 3496 4924 funv

1917 4961 2174 5016 damenta
2209 4959 2452 5015 radicata
2484 4959 2668 5014 habet.
2702 4957 3119 5028 Consequenter
3151 4957 3320 5037 igitur
3340 4968 3494 5029 post.

1917 5068 2080 5122 quam
2115 5053 2472 5108 rationabiles
2499 5051 2768 5121 quosdam
2816 5050 3071 5107 inimicos
3106 5050 3344 5119 linguam
3367 5066 3498 5104 exa-

1916 5153 2163 5207 cuentes,
2190 5153 2245 5200 et
2263 5129 2418 5202 labiis
2437 5145 2543 5199 tela
2565 5143 2845 5198 vibrantes
2874 5142 3188 5205 induxerat,
3220 5141 3494 5199 hominem

1918 5237 2014 5293 Dei
2047 5239 2158 5293 alto
2190 5241 2357 5294 corde
2388 5237 2716 5297 instructum
2753 5237 2891 5308 ipsis
2917 5237 3182 5308 opponit,
3213 5235 3496 5307 Deumque

1915 5329 2035 5398 ejus
2058 5343 2225 5398 opera
2247 5327 2422 5398 gloria
2472 5327 2833 5393 celebratum,
2876 5327 3110 5399 illosque
3158 5326 3402 5397 abiectos
3429 5339 3494 5379 ac

1916 5421 2148 5497 turpiter
2176 5427 2395 5490 agentes
2420 5417 2593 5476 effert.

2001 5697 2154 5753 lens.
2186 5696 2272 5750 l0.
2318 5714 2336 5747 ‹
2372 5694 2693 5752 Conturbati
2719 5706 2847 5750 sunt
2880 5711 3072 5751 omnes
3103 5693 3197 5765 qui
3236 5690 3494 5749 videbant

1915 5809 2030 5858 eos,
2066 5802 2119 5848 et
2150 5788 2331 5846 timuit
2372 5792 2554 5847 omnis
2600 5791 2786 5846 homo.
2822 5811 2838 5842 ι
2873 5789 3317 5845 Consentaneum
3347 5796 3491 5852 erat,

1915 5883 2122 5942 eversis
2173 5883 2240 5938 iis
2285 5883 2378 5955 qui
2426 5883 2530 5939 sibi
2578 5882 2857 5953 sapientes
2909 5881 3256 5944 videbantur,
3291 5877 3487 5940 inimiv
