4086 6442
623 379 728 432 6‘55

1183 423 1189 428 ,
1291 379 1580 437 ευδεοιι
1618 376 2102 437 ΟᾹΞδίιῐὶΙΕΝδῐε
2139 377 2183 434 Ο

2333 379 2513 438 rans
2549 365 2636 438 ιἰι.
2677 416 2745 426 -
2782 386 3190 444 exessum.
3779 397 3862 454 εει

626 491 1035 565 eisque‘anima:
1054 495 1122 550 ab
1156 495 1379 551 homine
1397 495 1502 552 'Dei
1537 497 1861 561 confutatis,
1893 512 1989 553 eos
2022 495 2115 566 qui
2147 495 2189 549 ir

2308 496 2448 566 μίων
2491 499 2934 574 ἀπελεγχθέντων
2996 501 3102 556 ὑπὸ
3153 501 3250 558 τοῦ
3291 503 3576 577 ἀνθρώπου
3609 507 3701 560 τσῦ
3732 509 3864 566 Θεοῦ·

625 585 893 657 sapientia
925 585 1089 656 hujus
1111 588 1297 644 sreculi
1333 603 1440 643 non
1473 588 1547 643 ita
1572 588 1857 660 conspicui
1887 583 2045 643 erant
2074 603 2208 642 con-

626 677 858 732 turbari.
895 675 1032 732 Nam
1087 694 1213 733 cum
1273 679 1346 734 illi
1371 695 1599 750 quoque
1633 680 1686 733 in
1735 696 1966 734 numero
2016 693 2244 734 eorum.

624 767 717 837 qui
776 767 906 822 victi
945 767 1162 823 fuerant
1213 778 1684 839 computarentur.
1737 780 1791 826 et
1849 771 1954 842 ipsi
1990 787 2209 842 quoque

625 858 767 914 athei
803 868 856 914 et
887 859 1038 930 impii
1067 869 1289 927 essent;
1323 845 1582 916 caeterum
1614 870 1803 933 utpote
1834 864 2039 918 malitia
2070 862 2207 934 ipsis

625 949 862 1020 impares
896 990 912 1013 ,
985 950 1242 1009 fortiores
1301 953 1499 1023 scipsis
1563 953 1808 1010 devictos
1869 961 2158 1010 cernentes
2189 994 2204 1016 ,

623 1043 1044 1098 conturbantur.
1117 1043 1300 1110 Quare
1367 1045 1574 1100 dictum
1617 1054 1699 1100 est
1749 1063 1761 1098 :
1811 1064 1829 1096 ι
1883 1043 2207 1101 Conturbati

623 1141 753 1190 sunt
806 1149 1000 1190 omnes
1051 1135 1144 1205 qui
1207 1135 1465 1190 videbant
1512 1151 1690 1190 805.1
1746 1136 1814 1190 At
1870 1135 1964 1192 Dei
2019 1137 2203 1202 homo,
2239 1149 2251 1158 '

622 1231 675 1280 et
728 1239 921 1280 omnes
979 1225 1101 1295 ejus
1152 1225 1338 1290 amici,
1398 1227 1489 1295 qui
1541 1241 1638 1296 per
1689 1241 1856 1280 unum
1913 1228 2204 1282 victoriam

622 1316 688 1371 de
708 1316 948 1372 inimicis
976 1319 1305 1384 retulerunt,
1336 1317 1502 1375 Deum
1524 1327 1656 1372 tunc
1681 1319 1855 1390 magis
1881 1319 2202 1384 timuerunt,

627 1425 644 1456 ι
683 1415 738 1462 et
771 1408 1240 1463 annuntiaverunt
1270 1424 1438 1480 opera
1472 1410 1588 1474 Dei,
1621 1430 1639 1463 ι
1677 1418 1731 1466 et
1777 1410 2203 1480 justiﬂcationes

621 1497 740 1566 eius
769 1499 1178 1554 intellexerunt.
1207 1495 1437 1554 Etia’msi
1465 1501 1612 1555 enim
1636 1502 1802 1556 homo
1826 1500 2124 1567 videretur,
2149 1507 2203 1557 et

621 1589 729 1645 alto
756 1587 923 1644 corde
948 1597 1237 1660 putaretur
1261 1590 1516 1646 inimicos
1538 1592 1876 1659 debellasse;
1910 1606 1938 1645 a
1962 1591 2204 1662 pruden-

621 1678 767 1734 tibus
795 1688 976 1734 tamen
1023 1687 1081 1733 ut
1113 1679 1255 1736 Deus
1308 1689 1504 1736 auctor
1531 1681 1776 1738 victoria:
1829 1683 2202 1753 cognosceba-

620 1777 728 1824 tur.
764 1769 946 1837 Quare
976 1772 1011 1825 ii
1044 1787 1209 1841 opera
1248 1771 1340 1828 Dei
1383 1775 1809 1841 annuntiabant,
1854 1784 1906 1828 et
1937 1774 2200 1845 praclara

2308 583 2436 647 τοὺς
2489 585 2563 658 μὴ
2615 588 2758 642 οὕτω
2785 590 2993 655 δεινοὺς
3035 593 3093 644 ὲν
3140 592 3303 664 σοφίᾳ
3345 591 3442 646 τοῦ
3481 595 3677 660 αἰῶνος
3709 598 3867 656 τοῦτο)

2307 679 2691 750 ταράττεσθαι.
2728 682 2839 754 Τῆς
2870 683 2980 755 γάρ
3003 683 3219 754 μερίδος
3240 685 3392 748 ὄντες
3419 685 3524 738 τῶν
3546 688 3869 758 ἡττωμένων,

2308 767 2455 823 ἄθεοι
2487 771 2581 823 καὶ
2603 771 2757 824 αὐτοὶ
2777 772 2872 825 καὶ
2891 771 3171 836 δυσσεϐεῖς
3195 789 3209 804 ο
3254 773 3394 846 πλὴν
3423 775 3499 838 ὡς
3518 775 3579 829 ἐν
3607 779 3773 850 κακία
3791 780 3873 851 τῆς

2307 861 2532 915 ἐκείνων
2567 861 2871 935 δεινότητος
2913 863 3188 929 ἐλάττους,
3229 865 3468 936 ὁρῶντες
3511 871 3874 939 νενικημένους

2305 951 2432 1016 τοὺς
2490 953 2699 1006 ἑαυτῶν
2744 953 3002 1026 βελτίους,
3038 956 3421 1027 ταράττονται.
3470 959 3560 1012 Διὸ
3608 960 3873 1017 λέλεκται*

2311 1061 2331 1094 ι
2382 1043 2789 1118 Ἐταράχθησαν
2819 1047 3020 1112 πάντες
3047 1050 3097 1102 οί
3127 1048 3460 1122 Θεωροῦντες
3505 1051 3730 1116 αὐτούς.
3775 1072 3793 1105 ι
3819 1057 3874 1109 Ὅ

2305 1150 2378 1203 γε,
2404 1135 2510 1206 μὴν
2537 1134 2632 1188 τοῦ
2661 1136 2796 1190 Θεοῦ
2839 1137 3126 1210 ἄνθρωπος
3167 1140 3262 1193 καὶ
3293 1141 3498 1206 πάντες
3531 1144 3582 1197 οί
3617 1144 3789 1216 τούτῳ
3812 1147 3878 1216 φί-

2305 1222 2406 1287 λοι,
2445 1224 2534 1279 διὰ
2555 1224 2651 1278 τοῦ
2681 1225 2801 1289 ἑνὸς
2839 1227 2908 1280 τὰ
2951 1229 3072 1281 κατ’
3101 1227 3308 1300 ἐχθρῶν
3341 1230 3572 1302 βραδεῖα
3603 1232 3876 1305 ἀράμενοι,

2295 1314 2571 1385 ’μειζόνως
2596 1317 2690 1370 τὸν
2717 1316 2850 1371 Θεὸν
2885 1317 3250 1390 ἐφοϐήθησαν,
3281 1339 3299 1371 ι
3328 1321 3424 1374 καὶ
3465 1323 3798 1394 ἀνήγγειλαν
3823 1327 3880 1378 τὰ

2304 1403 2442 1475 ἔργα
2466 1403 2560 1457 τοῦ
2590 1404 2748 1471 Θεοῦ,
2788 1425 2806 1458 ι
2831 1407 2925 1460 καὶ
2954 1407 3022 1461 τά
3055 1407 3400 1480 δικαιώματα
3436 1408 3605 1464 αὑτοῦ
3635 1412 3877 1484 συνῆκαν.

2304 1495 2368 1548 El
2397 1496 2507 1568 γὰρ
2537 1496 2632 1550 καὶ
2657 1496 2725 1551 τά
2747 1495 2982 1569 μάλιστα
3015 1499 3301 1571 ἄνθρωπος
3327 1501 3526 1567 ἐδόκει,
3568 1505 3669 1556 καὶ
3702 1506 3880 1577 καρδίᾳ

2306 1586 2642 1660 βαθείαλτὴν
2686 1589 2794 1644 τῶν
2837 1590 3111 1662 πολεμίων
3155 1592 3473 1665 ἀνατροπὴν
3524 1595 3878 1667 πεποιῆσθαι,

2302 1679 2440 1733 ἀλλά
2491 1684 2605 1744 τοῖς
2651 1685 2892 1746 ουνετοῖς
2947 1684 3295 1754 ὲγνωρίζετο,
3332 1686 3494 1748 αὐτὸς
3519 1685 3596 1740 ὣν
3633 1690 3663 1740 ό
3707 1688 3880 1751 Θεὸςὸ

2302 1771 2402 1843 τῆς
2429 1771 2584 1844 νίκης
2618 1773 2806 1838 αἴτιος.
2839 1775 2932 1828 Διὸ
2969 1774 3039 1827 τὰ
3062 1775 3198 1847 ἔργα
3220 1776 3314 1830 τοῦ
3349 1777 3488 1831 Θεοῦ
3523 1779 3876 1850 ἀπήγγελλον,

618 1861 738 1932 ejus
757 1863 812 1917 in
848 1863 1127 1918 hominum
1160 1864 1393 1934 gratiam
1449 1876 1603 1937 gesta
1659 1866 1904 1921 facinora
1950 1866 2189 1922 celebra-

2298 1861 2593 1933 ὑμνοῦντες
2645 1865 2811 1918 αὑτοῦ
2875 1865 2942 1920 τὰ
2995 1865 3060 1918 δι’
3105 1865 3408 1938 ἀνθρώπων
3465 1869 3876 1942 κατορθώματα.

616 1953 767 2008 haut.
812 1951 878 2014 Hi
907 1955 1113 2025 itaque,
1149 1963 1209 2009 ut
1237 1964 1596 2027 spectatores,
1626 1957 1694 2015 de
1741 1957 1969 2012 victoria
2001 1957 2197 2012 trium-

616 2043 863 2113 phatoris
895 2043 1062 2100 Deum
1094 2045 1350 2102 laudibus
1378 2046 1695 2103 eﬂ‘erebant.
1727 2047 1846 2116 Ipse
1877 2056 2060 2102 autem
2111 2048 2198 2102 vi-

615 2143 735 2190 ctor
776 2136 1097 2190 «iactabitur
1133 2137 1188 2190 in
1243 2135 1495 2204 Domino,
1545 2148 1599 2195 et
1645 2139 1890 2209 sperabit
1939 2139 1994 2193 in
2049 2153 2134 2194 eo.
2172 2159 2190 2190 ι

615 2222 800 2294 Neque
829 2227 973 2280 enim
1011 2226 1079 2280 de
1119 2228 1301 2297 seipso
1333 2243 1590 2299 magnum
1643 2230 1865 2295 sentiet,
1919 2245 2098 2301 neque
2129 2231 2197 2287 de

614 2313 845 2367 victoria
873 2315 1131 2370 elferetur
1155 2355 1170 2380 ,
1220 2317 1315 2372 sed
1351 2318 1538 2372 divino
1569 2318 1768 2389 gaudio
1797 2327 1852 2375 et
1877 2321 2062 2376 laetitia
2110 2337 2198 2376 rc-

615 2405 870 2476 plebitur,
920 2415 1108 2476 utpote
1158 2409 1252 2477 qui
1281 2409 1509 2464 victoris
1542 2408 1635 2465 Dei
1695 2409 1946 2467 minister
2006 2411 2191 2467 fuerit.

573 2515 580 2520 ν
615 2496 728 2551 lloc
760 2513 925 2566 porro
950 2499 1186 2564 lmtante,
1223 2514 1414 2556 clunes
1438 2502 1572 2556 recti
1605 2502 1773 2558 corde
1798 2503 2193 2569 laudabuntur,

614 2590 718 2660 ipsi
751 2605 968 2660 quoque
994 2591 1159 2645 unius
1190 2606 1354 2662 opera
1384 2607 1486 2648 ceu
1518 2593 1756 2649 victores
1805 2593 2006 2650 effecti.
2057 2593 2192 2649 Nam

611 2693 760 2742 totus
811 2682 948 2739 ordo
1007 2689 1292 2752 totumque
1359 2698 1564 2754 corpus
1617 2695 1934 2740 sanctorum
1979 2687 2194 2742 laudem

611 2782 998 2844 consequetur,
1047 2774 1197 2844 quia,
1241 2775 1546 2830 secundum
1574 2773 1634 2832 S.
1672 2778 2020 2845 Apostolum,
2082 2794 2194 2834 uno

611 2865 856 2921 membro
875 2865 1103 2936 gloriam
1125 2865 1418 2931 referente,
1448 2868 1636 2923 omnia
1659 2869 1903 2924 membra
1927 2869 1981 2924 in
2005 2869 2192 2941 gloriae

612 2966 821 3027 partem
856 2957 1104 3012 veniunt.

647 3067 713 3123 IN
752 3067 986 3136 FINEM,
1028 3067 1354 3127 PSALMUS
1389 3069 1669 3128 CANTICI
1704 3071 1923 3157 DAVID
1963 3073 2149 3130 LXIV.

2300 1944 2458 2006 Οὗτοι
2490 1954 2587 2024 μὲν
2615 1949 2728 2018 οὖν,
2775 1953 2965 2025 ὥσπερ
3018 1954 3226 2018 θεαταὶ,
3257 1955 3349 2008 τὸν
3395 1955 3530 2010 Θεὸν
3577 1955 3880 2022 δοξάζοντες

2297 2043 2392 2097 ἐπὶ
2442 2047 2505 2116 τῇ
2556 2045 2681 2118 νίκῃ
2725 2045 2818 2098 τοῦ
2844 2045 3190 2116 νενικηκότος
3231 2045 3528 2102 διετέλουν.¹
3564 2049 3740 2114 Αὐτὸς
3777 2049 3828 2102 δὲ
3855 2052 3881 2102 δ

2297 2135 2524 2207 νικητὴς
2557 2154 2576 2187 ι
2613 2136 3042 2209 εὐφρανθήσεται
3096 2138 3189 2191 ἐπὶ
3223 2137 3302 2208 τῷ
3335 2139 3550 2211 Κυρίῳ,
3579 2141 3678 2193 καὶ
3719 2140 3882 2194 tam:

2298 2227 2386 2279 ἐπ’
2419 2226 2601 2280 αὐτόν.
2638 2246 2656 2279 ι
2689 2228 2764 2282 Οὐ
2815 2227 2924 2300 γὰρ
2954 2230 3038 2298 ἐφ’
3070 2229 3247 2300 ἑαυτῷ
3279 2229 3422 2301 μέγα
3457 2233 3744 2302 φρονήσει,
3782 2231 3878 2285 οὐδ’

2296 2316 2390 2369 ἐπὶ
2413 2320 2483 2389 τῇ
2509 2317 2634 2391 νίκῃ
2664 2317 3034 2390 ἐπαρθήσεται
3059 2335 3072 2346 ·
3103 2321 3276 2390 χαρᾶς
3309 2318 3367 2373 δὲ
3397 2319 3547 2384 θείας
3577 2322 3677 2374 καὶ
3699 2323 3881 2393 εὐφρο-

2298 2407 2464 2480 σύνης
2512 2409 2951 2482 πληρωθήσεται,
2983 2411 3058 2475 ὼς
3087 2412 3356 2482 ὑπουργὸς
3392 2414 3485 2467 καὶ
3513 2412 3764 2477 διάκονος
3795 2412 3877 2465 τοῦ

2296 2496 2572 2552 νικοποιοῦ
2627 2497 2764 2550 Θεοῦ
2795 2497 3056 2566 γεγονώς.
3103 2499 3306 2554 Τούτου
3341 2500 3399 2554 δὲ
3429 2501 3877 2573 εὐφραινομένου,

2297 2590 2495 2653 πάντες
2525 2591 2572 2643 oi
2613 2589 2792 2654 εὐθεῖς
2821 2592 2888 2662 τῇ
2925 2590 3123 2663 καρδίᾳ
3157 2592 3630 2664 ἐπαινεθήσονται,
3660 2593 3756 2658 διὰ
3792 2590 3875 2645 τοῦ

2295 2680 2414 2745 ἑνὸς
2446 2681 2539 2735 καὶ
2577 2682 2728 2735 αὐτοὶ
2757 2681 2946 2755 ὥσπερ
3000 2684 3209 2754 Ιιικιίταὶ
3244 2685 3680 2755 ἀποδειχθέντες.
3729 2685 3877 2738 Ὄλον

2293 2772 2405 2842 γὰρ
2425 2772 2485 2825 τὸ
2515 2773 2700 2844 τάγμα
2729 2775 2821 2828 καὶ
2850 2775 2911 2827 τὸ
2952 2773 3112 2846 σῶμα
3165 2774 3272 2828 τῶν
3299 2776 3469 2846 ἁγίων
3503 2777 3734 2832 ἐπαίνου
3760 2776 3874 2830 ratio

2295 2859 2484 2927 ξεται·
2520 2863 2729 2936 ἐπειδὴ,
2778 2864 3138 2936 δοξαζομένου
3202 2866 3395 2939 μέλους
3438 2868 3576 2932 ἐνὸς,
3627 2867 3875 2932 συνδοξὰ-

2295 2941 2662 3032 ζεταιπάντα
2693 2956 2761 3009 τὰ
2797 2957 2956 3028 μέλη,
2989 2958 3128 3012 κατά
3161 2958 3253 3012 τὸν
3290 2959 3431 3032 ἱερὸν
3467 2960 3806 3016 Ἀπόστολον.

2293 3064 2402 3122 ΕΙΣ
2429 3069 2516 3122 ΤΟ
2551 3067 2799 3134 ΤΕΛΟΣ,
2836 3068 3126 3124 ΨΑΛΜΟΣ
3159 3070 3249 3141 Τῼ
3275 3072 3477 3126 ΔΑΥΙΔ
3527 3073 3730 3144 ῼΔΗΣ.
3765 3073 3871 3134 EA"

679 3177 847 3236 Vens.
885 3180 942 3246 2,
965 3182 1022 3237 3.
1057 3201 1074 3234 ι
1105 3181 1183 3238 τε
1223 3183 1384 3240 decet
1409 3183 1668 3254 hymnus,
1719 3185 1884 3250 Deus,
1919 3188 1976 3241 in
2028 3184 2184 3254 Sion,

2367 3203 2385 3236 ι
2425 3184 2518 3238 Σοὶ
2551 3185 2749 3256 πρέπει
2780 3183 2967 3254 ὕμνος,
2996 3184 3025 3237 ό
3055 3182 3209 3250 Θεὸς,
3235 3185 3294 3240 ἐν
3319 3185 3478 3252 Σιὼν,
3505 3189 3601 3241 καὶ⁸
3636 3189 3724 3242 σοὶ
3744 3189 3872 3244 ἀπο-

608 3281 661 3327 et
693 3273 788 3328 tibi
822 3273 1081 3330 reddetur
1103 3283 1289 3330 votum
1320 3275 1376 3330 in
1406 3273 1732 3334 Jerusalem.
1780 3296 1800 3330 ι
1837 3277 2186 3351 Prophetiam

605 3369 990 3438 complectitur
1023 3385 1213 3425 eorum
1248 3386 1370 3441 quae
1413 3371 1468 3426 in
1503 3371 1664 3428 fmem
1698 3383 1958 3428 eventura
1993 3381 2184 3442 erant;

605 3467 939 3531 quapmpter
969 3461 1294 3517 inscribitur
1329 3479 1348 3514 ι
1408 3460 1465 3516 In
1514 3462 1698 3517 tinem.
1731 3481 1750 3514 ι
1790 3462 2050 3528 Quaenam
2085 3479 2187 3519 au-

605 3557 714 3606 tem
757 3552 846 3605 illa
880 3561 1086 3616 essent,
1143 3551 1340 3608 deinde
1374 3551 1551 3622 aperit
1588 3550 1675 3607 his
1718 3552 1941 3609 verbis:
1973 3573 1994 3605 ι
2027 3553 2107 3610 Ad
2134 3563 2187 3610 te

601 3644 784 3699 omnis
820 3659 950 3698 caro
991 3644 1190 3699 veniet.
1235 3664 1253 3697 ι
1289 3642 1407 3699 Non
1435 3644 1549 3713 jam
1597 3643 1773 3698 solum
1803 3643 2066 3701 Judaicus
2089 3660 2186 3716 po-

605 3737 787 3807 pulus.
826 3736 919 3791 sed
949 3738 1130 3791 omnis
1157 3751 1307 3797 caro.
1335 3735 1388 3790 id
1413 3743 1518 3800 est,
1553 3743 1727 3792 totum
1772 3735 2054 3791 hominum
2095 3752 2188 3808 ge-

602 3843 727 3882 nus.
761 3825 854 3882 Sic
885 3827 1030 3882 enim
1061 3827 1201 3882 solet
1235 3824 1522 3897 Scriptura
1548 3826 1801 3882 homines
1831 3841 2024 3882 omnes
2044 3827 2187 3882 indi-

601 3935 750 3983 care,
787 3918 880 3990 qui
905 3920 1034 3974 olim
1081 3919 1332 3974 carnales
1364 3919 1682 3990 terrenique
1711 3927 1889 3975 erant.
1922 3917 2102 3985 Quare
2128 3919 2183 3973 in

602 4012 716 4082 lege
741 4011 978 4067 dicitur:
1014 4029 1031 4063 ι
1069 4010 1329 4082 Corrupit
1351 4011 1532 4066 omnis
1558 4027 1688 4068 caro
1713 4013 1854 4066 viam
1883 4025 2039 4067 suam
2071 4014 2128 4078 ’ς
2158 4030 2176 4063 ι

599 4116 664 4157 ac
709 4118 974 4159 rursum:
1023 4121 1041 4154 ι
1082 4101 1200 4157 Non
1247 4105 1589 4175 permanebit
1635 4106 1864 4174 spiritus
1916 4121 2074 4161 meus
2125 4105 2180 4158 in

601 4193 912 4247 hominibus
966 4192 1074 4268 his,
1120 4194 1251 4263 quia
1309 4209 1506 4250 carnes
1555 4202 1685 4251 sunt
1721 4197 1783 4250 ⁸ο.
1833 4215 1851 4248 ι
1891 4191 2003 4250 Sed
2047 4201 2181 4248 tunc

599 4286 818 4356 quidem
871 4285 1054 4340 omnis
1096 4301 1226 4338 caro
1289 4285 1681 4353 incusabatur;
1715 4300 1864 4340 nunc
1919 4299 2052 4339 vero
2111 4283 2180 4338 ad

598 4378 766 4435 Deum
798 4385 1026 4433 ventura
1060 4377 1281 4432 dicitur.
1332 4377 1698 4444 Quamobrem
1756 4379 1852 4449 qui
1895 4384 2018 4448 post
2074 4376 2181 4431 Da-

595 4470 774 4527 videm
818 4469 920 4524 fuit
949 4469 1067 4526 Joel
1124 4470 1425 4541 propheta,
1485 4469 1635 4525 omni
1701 4470 1853 4524 carni
1919 4469 2179 4540 pulcher-

597 4563 735 4616 rima
790 4561 1122 4616 vaticinatur
1167 4561 1358 4617 dicens
1407 4580 1420 4615 :
1471 4559 1803 4615 «Ell'undam
1856 4560 1924 4616 de
1977 4561 2176 4636 spiritu

596 4665 718 4708 meo
761 4667 926 4722 super
966 4645 1484 4712 omnem'carnem.
1514 4659 1567 4706 et
1616 4650 2020 4720 prophetabunt
2045 4652 2110 4704 ¹¹.
2151 4668 2170 4702 ι

597 4744 836 4814 ldipsum
880 4759 1098 4814 quoque
1149 4743 1392 4800 declarat
1445 4742 1614 4798 Isaias
1663 4742 1852 4796 (licens
1897 4760 1910 4796 :
1961 4762 1979 4793 ι
2011 4741 2176 4798 Vide-

593 4833 672 4891 bit
720 4837 901 4892 omnis
947 4851 1078 4890 caro
1124 4837 1366 4890 salutare
1409 4833 1502 4889 Dei
1549 4837 1614 4887 η.
1661 4855 1679 4888 ι
1736 4832 1988 4891 Salutare
2042 4849 2175 4904 por~

593 4943 656 4980 ro
714 4925 810 4981 Dei
866 4927 934 4981 ab
973 4927 1121 4981 omni
1153 4939 1318 4982 carne
1360 4927 1803 4998 cognoscendum
1839 4925 1970 4996 quid
2023 4916 2173 4980 aliud

592 5016 779 5082 fuerit,
815 5033 980 5088 quam
1015 5015 1270 5072 Christus
1320 5015 1436 5078 Dei,
1467 5025 1525 5070 ut
1568 5018 1892 5087 plerumque
1944 5017 2174 5071 demon-

593 5107 1067 5166 stravimusﬂloc
1100 5107 1285 5179 itaque
1338 5107 1580 5163 salutare
1629 5107 1886 5164 omnibus
1928 5107 2168 5163 homini-

591 5201 714 5263 bus,
738 5200 830 5272 qui
853 5200 982 5256 olim
1005 5199 1256 5256 carnales
1281 5207 1460 5264 erant,
1503 5201 1802 5255 revelatum
1850 5199 1916 5253 iri
1948 5200 2002 5254 in
2031 5201 2171 5255 vati-

590 5289 740 5346 cinio
795 5291 1135 5346 enuntiatur.
1192 5288 1325 5344 Jure
1385 5304 1516 5360 ergo
1572 5305 1814 5360 prmsens
1877 5292 2121 5360 psalmus
2156 5329 2171 5354 ,

590 5382 828 5454 idipsum
885 5381 1238 5453 signiﬁcans,
1273 5381 1694 5450 promissionem
1745 5381 1998 5452 obsignat
2044 5397 2168 5436 cum

591 5475 708 5530 ait:
747 5494 765 5525 ι
804 5473 883 5529 Ad
908 5481 960 5528 te
990 5473 1172 5528 omnis
1203 5487 1334 5528 caro
1385 5474 1587 5527 veniet.
1628 5491 1646 5522 ›
1706 5471 1822 5527 Sub
1852 5475 1965 5528 haec
1987 5481 2170 5528 autem

589 5565 792 5621 clarius
825 5565 1153 5621 sententiam
1178 5561 1332 5618 etlert
1363 5576 1488 5617 cum
1520 5561 1670 5616 addit
1708 5581 1719 5616 :
1753 5582 1771 5614 ι
1805 5562 2012 5617 Exaudi
2044 5578 2168 5624 nos,

591 5657 755 5722 Deus,
795 5658 1054 5712 sn'lutaris
1076 5662 1284 5718 noster,
1321 5669 1448 5724 spes
1468 5653 1710 5710 omnium
1756 5655 1944 5709 tioium
1982 5662 2164 5719 teme,

667 5814 843 5868 ’Gcn.
875 5831 947 5876 γι,
977 5815 1062 5867 1‘2.
1145 5815 1187 5844 ¹⁰
1213 5810 1346 5868 Ibid.
1382 5813 1435 5868 3.
1515 5810 1558 5842 ¹¹
1583 5808 1722 5864 Jocl.
1765 5825 1824 5874 ιι,
1852 5810 1944 5864 28.

2289 3276 2573 3348 δοθήσεται
2599 3276 2732 3346 εὐχὴ
2759 3277 2817 3330 ὲν
2854 3274 3228 3346 Ἰερουσαλήμ.
3269 3295 3288 3328 ι
3320 3277 3670 3348 Προφήτείαν
3697 3279 3874 3349 περιέ-

2289 3385 2372 3440 χει
2405 3367 2704 3438 μελλόντων
2729 3368 2808 3430 είς
2824 3366 2884 3420 τὸ
2907 3366 3059 3431 τέλος
3083 3367 3490 3438 ἀπαντήσεσθαι
3513 3373 3867 3442 πραγμάτων

2288 3459 2368 3513 διὸ
2383 3458 2805 3530 ἐπιγέγραπται·
2829 3475 2848 3508 ι
2874 3457 2968 3520 El;
3000 3457 3061 3510 τὸ
3088 3457 3258 3521 τέλος.
3290 3477 3308 3508 ι
3331 3457 3465 3512 Τίνα
3495 3458 3554 3512 δὲ
3577 3461 3772 3526 ταῦτα,
3802 3460 3872 3514 δι-

2287 3553 2475 3608 δάσκει
2537 3552 2665 3623 ἑξῆς
2714 3552 2910 3620 λέγων,
2950 3570 2970 3602 ι
3011 3553 3158 3624 Πρὸς
3212 3553 3273 3606 σὲ
3321 3554 3471 3607 πᾶσα
3506 3553 3643 3625 σὰρξ
3677 3554 3819 3625 ἥξει,
3848 3571 3865 3604 ι

2288 3641 2482 3695 Οὐκέτι
2510 3643 2617 3712 γὰρ
2643 3641 2800 3712 μόνον
2833 3642 2894 3696 τὸ
2934 3642 3201 3695 Ἰουδαίων
3235 3642 3410 3706 ἔθνος.
3436 3643 3572 3696 ἀλλά
3595 3645 3693 3697 καὶ
3725 3647 3871 3698 πᾶσα

2290 3729 2444 3802 σὰρξ,
2500 3729 2744 3783 τουτέστι
2795 3731 2904 3784 πᾶν
2944 3732 3109 3800 γένος
3149 3732 3474 3805 ἀνθρώπων.
3519 3734 3710 3798 Οῦτως
3768 3733 3871 3806 γὰρ

2285 3821 2477 3875 εἴωθεν
2509 3822 2538 3874 ὁ
2570 3821 2742 3890 Λόγος
2803 3821 3012 3888 πάντας
3065 3824 3386 3897 ἀνθρώπους
3439 3824 3730 3894 σημαίνειν
3749 3826 3869 3888 τοῦς

2287 3913 2456 3967 πάλαι
2505 3915 2792 3986 σαρκίνους
2831 3915 2925 3967 καὶ
2979 3914 3218 3983 γεώδεις.
3250 3916 3340 3969 Διὸ
3373 3917 3467 3970 καὶ
3513 3916 3571 3968 ἐν
3612 3915 3694 3986 τῷ
3725 3917 3870 3987 νόμῳ

2283 4005 2565 4060 λέλεκται*
2602 4025 2620 4057 ι
2649 3991 2930 4079 Δίέφθειρε
2978 4009 3126 4060 πᾶσα
3176 4007 3314 4079 σὰρξ
3350 4007 3450 4078 τὴν
3471 4007 3594 4062 ὁδὸν
3614 4008 3812 4062 αὑτοῦ·
3845 4027 3862 4058 ι

2285 4099 2379 4152 καὶ
2422 4096 2581 4151 πάλιν
2607 4115 2621 4128 ο
2674 4115 2692 4147 ι
2737 4099 2810 4150 Οὐ
2851 4098 2924 4169 μὴ
2964 4099 3266 4173 καταμείνῃ
3312 4100 3374 4152 τὸ
3430 4099 3647 4171 πνεῦμά
3678 4117 3781 4171 μου
3812 4101 3868 4152 ἐν

2281 4192 2393 4262 τοῖς
2424 4189 2732 4262 ἀνθρώποις
2750 4189 2980 4255 τούτοις,
3001 4190 3089 4244 διὰ
3116 4191 3175 4244 τὸ
3211 4187 3348 4244 εἶναι
3377 4191 3571 4256 αὐτοὺς
3603 4193 3860 4262 σάρκας.»

2295 4261 2455 4335 Ἀλλά
2506 4282 2627 4334 τότε
2677 4282 2774 4353 μὲν
2827 4283 2976 4335 πᾶσα
3031 4279 3168 4352 σὰρξ
3222 4284 3610 4353 κατηγορεῖτοσ
3655 4261 3751 4336 νῦν
3810 4282 3864 4336 δὲ

2280 4372 2431 4442 ἥξειν
2477 4373 2614 4444 πρὸς
2636 4371 2727 4426 τὸν
2759 4371 2893 4426 Θεὸν
2933 4372 3168 4438 λέγεται.
3200 4371 3292 4424 Διὸ
3314 4373 3407 4424 καὶ
3433 4371 3572 4440 μετά
3595 4373 3686 4425 τὸν
3706 4372 3864 4426 Δαυῖδ

2295 4464 2469 4535 Ἰωήλ.
2530 4464 2818 4535 προφήτης
2881 4462 3191 4533 γενόμενος,
3249 4460 3319 4515 τά
3367 4460 3630 4514 κάλλιστα
3685 4462 3863 4532 πάσης

2285 4555 2485 4627 σαρκὸς
2513 4554 2758 4620 θεσπίζει
2798 4554 3004 4622 λέγων’
3041 4573 3060 4604 ι
3103 4552 3310 4624 Ἐκχεῶ
3355 4553 3463 4607 ἀπὸ
3495 4551 3589 4607 τοῦ
3624 4553 3861 4624 πνεύμα-

2283 4651 2374 4714 τός
2414 4668 2513 4722 μου
2558 4651 2650 4702 ὲπί
2694 4651 2876 4702 πᾶσαν
2920 4647 3119 4719 σάρκα,
3162 4647 3256 4700 καὶ
3306 4645 3796 4718 προφητεῦσουσιν.
3835 4665 3854 4697 ι

2297 4742 2456 4796 Ἀλλά
2514 4743 2610 4796 καὶ
2658 4744 2687 4795 ό
2742 4740 2966 4802 Ἦσαῒας
3023 4739 3224 4792 ταύτὸν
3266 4739 3596 4810 παρίστησιν
3656 4738 3854 4792 εἰπών·

2287 4850 2306 4883 ι
2344 4832 2570 4900 ’Όψεται
2621 4832 2770 4884 πᾶσα
2808 4829 2948 4902 σὰρξ
2984 4828 3046 4882 τὸ
3079 4829 3347 4901 σωτήριον
3371 4827 3464 4882 τοῦ
3507 4828 3663 4882 Θεοῦ.
3699 4848 3720 4881 ι
3749 4831 3859 4883 Σω-

2279 4928 2464 4995 τήριον
2507 4923 2564 4976 δὲ
2606 4920 2741 4975 Θεοῦ
2781 4921 2930 4993 πάσῃ
2965 4920 3130 4993 σαρκὶ
3169 4920 3616 4993 γνωσθησόμενον
3649 4923 3700 4975 τί
3732 4938 3856 4976 ποτε

2275 5009 2342 5085 ἦν
2368 5013 2496 5085 ἄρα,
2535 5013 2568 5084 ἢ
2598 5015 2627 5066 ὁ
2645 5012 2880 5082 Χριστὸς
2922 5010 3018 5066 τοῦ
3041 5012 3199 5076 Θεοῦ,
3227 5011 3410 5076 καθὼς
3429 5011 3692 5077 πολλάκις
3720 5013 3854 5067 ἀπε-

2273 5104 2560 5176 δείξαμεν;
2608 5104 2778 5157 Τοῦτο
2821 5099 2916 5156 οὖν
2955 5103 3015 5156 τὸ
3055 5105 3321 5175 σωτήριον
3350 5105 3513 5158 πᾶσιν
3551 5103 3855 5176 ἀνθρώποις

2273 5201 2384 5262 τοῖς
2437 5197 2600 5250 πάλαι
2671 5197 2947 5266 σαρκίνοις
3001 5197 3556 5269 ἀποκαλυφθήσεσθαι
3615 5215 3853 5268 προεφή-

2271 5290 2477 5344 τεύετο.
2503 5288 2744 5351 Εἰκότως
2768 5283 2860 5342 οὖν
2889 5289 2984 5341 καὶ
3005 5289 3034 5340 ὁ
3059 5288 3198 5358 μετά
3228 5291 3414 5360 χεῖρας
3433 5287 3669 5358 ψαλμὸς,
3698 5287 3851 5340 τοῦτο

2273 5380 2406 5434 αὐτὸ
2440 5380 2743 5450 σημαίνων,
2784 5376 3242 5450 ὲπισφραγίζεται
3269 5379 3367 5449 τὴν
3409 5377 3743 5446 ἐπαγγελίαν
3766 5377 3851 5431 διά

2274 5471 2368 5526 τοῦ
2393 5471 2557 5540 φάναι
2581 5487 2593 5500 ·
2641 5488 2660 5521 ι
2690 5470 2832 5543 Πρὸς
2876 5470 2935 5524 σὲ
2967 5470 3115 5522 πᾶσα
3147 5469 3284 5542 σὰρξ
3317 5470 3458 5540 ήξει.
3495 5490 3514 5522 ι
3549 5471 3848 5524 Ὑποκατα·

2275 5562 2375 5626 ϐὰς
2403 5563 2480 5629 δὲ,
2507 5562 2837 5634 σαφέστερον
2861 5561 3157 5634 ἑρμηνεύει
3185 5561 3282 5634 τὴν
3305 5561 3544 5616 διάνοιαν
3563 5561 3844 5630 ἐπιλέγων·

2280 5672 2297 5704 ι
2352 5653 2684 5710 Ἑπάκουσον
2711 5652 2891 5724 ἡμῶν,
2928 5654 2956 5706 ό
2994 5651 3126 5715 Θεὸς
3152 5655 3180 5706 ό
3220 5653 3402 5725 σωτὴρ
3434 5651 3666 5726 ήμῶν,ή
3700 5650 3845 5714 ἐλπὶς

2028 5810 2068 5840 ’⁸
2094 5807 2196 5864 lsa.
2234 5809 2454 5886 “1,10.
