4086 6442
294 379 402 436 6‘35

1425 376 1934 436 COMMENTABH
1973 374 2040 431 IN
2079 373 2419 431 PSALMOS.

3453 374 3564 430 626

291 494 512 548 πάντων
543 495 650 544 των
686 492 935 562 περάτων
964 493 1058 562 τῆς
1097 493 1203 562 γῆς
1251 493 1345 545 καὶ
1380 491 1488 544 τῶν
1535 492 1593 543 ὲν
1633 491 1875 562 θαλάσσῃ

1981 496 2034 544 et
2068 503 2258 544 eorum
2311 488 2402 558 qui
2439 487 2492 540 in
2541 484 2677 539 mari
2711 492 2839 540 sunt
2869 485 3028 555 longe
3063 503 3076 540 :
3118 506 3136 541 ι
3167 486 3276 542 imo
3316 491 3561 558 apertius

292 583 541 655 μακράνο
583 602 602 634 ι
645 583 738 636 καὶ
771 581 851 634 ἐτι
896 583 1228 655 σαφέστερον
1271 582 1514 651 ἐπιλέγει
1539 600 1552 613 ·
1593 602 1610 634 ι
1651 584 1758 636 Καὶ
1785 599 1878 652 φο-

288 675 620 747 ϐηθήσονται
665 675 714 727 οί
758 673 1138 738 κατοικοῦντες
1160 675 1228 728 τὰ
1261 673 1472 745 πέρατα
1511 674 1619 728 ἀπὸ
1648 674 1756 727 τῶν
1779 688 1876 744 σηι

292 767 463 838 μείων
503 782 619 818 σου.
661 782 679 814 ι
708 763 783 817 Τὸ
821 762 933 835 γὰρ
963 763 1268 834 φοϐηθῆναι
1295 765 1504 828 πάντας
1537 765 1662 827 τοὺς
1692 781 1880 818 κατοιο

289 853 521 918 κοῦντας
555 852 625 906 τά
645 851 856 924 πέρατα
875 852 982 906 ἀπὸ
1023 853 1130 907 τῶν
1160 853 1402 924 σημείων
1441 851 1534 907 τοῦ
1561 852 1698 907 Θεοῦ
1740 853 1878 922 ἀγα-

287 944 399 999 θῶν
427 940 496 1016 ἦν
529 946 624 998 καὶ
651 944 846 1014 σοφίας
867 945 1008 1017 ἀρχή
1030 962 1044 976 ο
1076 944 1306 1014 ἐπείπερ
1343 963 1362 996 ι
1396 944 1540 1016 ἀρχὴ
1564 946 1757 1014 σοφίας
1782 944 1876 1015 φό-

289 1037 384 1102 ϐος
415 1039 641 1110 Κυρίου.
683 1056 702 1088 ι
736 1037 836 1091 Διά
861 1038 926 1110 δὴ
957 1038 1126 1092 ταῦτα
1155 1058 1174 1090 ι
1203 1040 1297 1104 Είς
1333 1041 1394 1092 τὸ
1421 1038 1575 1104 τέλος
1613 1059 1632 1092 ι
1675 1042 1874 1113 προγέ-

288 1147 531 1203 γραπται
553 1131 581 1184 ό
611 1129 823 1200 ψαλμός
845 1148 858 1162 ·
893 1131 988 1184 καὶ
1017 1130 1162 1184 ἐστιν
1179 1130 1326 1200 ᾠδῆς
1352 1130 1585 1202 ψαλμδς,
1611 1133 1873 1187 ἐπινίκιον

290 1220 458 1292 ῦμνον
486 1223 566 1286 είς
597 1222 689 1275 τὸν
721 1222 948 1292 Σωτῆρα
971 1220 1080 1274 τῶν
1104 1220 1274 1274 ἐθνῶν
1305 1221 1596 1293 περιέχων.
1648 1223 1764 1292 Ἐφ’
1792 1217 1873 1287 οἷς

289 1310 350 1364 τδ
384 1311 606 1383 Πνεῦμα
647 1313 709 1366 τὸ
761 1311 918 1381 ἅγιον
969 1313 1059 1366 τὸν
1081 1311 1202 1366 ’ἐπὶ
1229 1313 1446 1367 πάντων
1485 1313 1618 1367 Θεὸν
1647 1315 1874 1386 ἀνυμνεῖ

291 1399 528 1469 φάσκον·
570 1420 588 1454 ι
608 1402 699 1456 Σο)⁸
723 1401 922 1474 πρέπει
949 1401 1138 1475 ῦμνος,
1171 1405 1200 1458 6
1227 1404 1380 1468 Θεὸς,
1417 1407 1475 1458 ὲν
1509 1405 1704 1462 Σιών.»
1739 1407 1872 1460 Τίνα

288 1491 398 1564 γὰρ
431 1493 598 1566 ἐχρῆν
620 1493 778 1548 ἄλλον
804 1494 898 1546 ἐπὶ
928 1498 993 1566 τῇ
1022 1495 1240 1550 πάντων
1279 1495 1580 1569 ἀνθρώπων
1629 1497 1873 1571 σωτηρία

289 1583 573 1654 ὕμνεῖσθαι
624 1585 658 1654 ἢ
690 1585 781 1638 τὸν
824 1587 1025 1650 παντὸς
1049 1585 1222 1640 αἴτιον
1248 1587 1491 1656 άγαθοῦ;
1522 1588 1772 1643 Διδάσκει
1814 1590 1872 1644 δὲ

286 1673 348 1727 τὸ
375 1674 505 1728 αὐτὸ
538 1675 765 1746 Πνεῦμα
815 1678 942 1740 τοὺς
979 1678 1303 1748 προσιόντας
1331 1676 1392 1744 ἐξ
1421 1678 1591 1734 ἐθνῶν
1621 1680 1767 1752 μόνῳ
1793 1680 1872 1752 τῷ

285 1763 408 1835 Θεῷ
435 1764 648 1834 λέγειν’
687 1785 704 1818 ι
744 1767 835 1820 Σοὶ
870 1768 1068 1838 πρέπει
1105 1769 1271 1840 ῦμνος
1294 1787 1308 1800 ο
1350 1788 1368 1821 ι
1393 1768 1467 1834 ὡς
1495 1770 1560 1825 ἂν
1593 1789 1875 1842 κατεγνω-

1980 577 2264 648 subjungit
2297 593 2310 629 :
2358 596 2376 630 ι
2412 577 2477 631 Et
2513 575 2784 630 timebunt
2814 576 2905 645 qui
2957 575 3207 632 habitant
3235 579 3497 636 terminos
3526 597 3578 635 a...

1979 670 2150 740 signis
2171 668 2304 725 luis.
2350 689 2368 722 ι
2400 669 2541 722 Nam
2567 666 2712 737 quod
2740 681 2934 722 omnes
2961 668 3054 738 qui
3093 667 3412 724 habitabant
3444 679 3559 726 ter-
3585 710 3589 713 -

1976 763 2158 817 minos
2179 769 2349 830 terra:
2365 760 2626 814 timerent
2682 773 2711 812 a
2754 758 2930 829 signis
2958 757 3075 823 Dei,
3121 760 3174 815 id
3205 760 3474 816 bonorum
3503 769 3557 818 et

1976 852 2488 923 sapienliminitium
2505 859 2624 907 erat
2651 850 2954 920 :siquidem
2981 869 3000 902 ι
3031 852 3248 907 initium
3278 855 3566 930 sapientia:

1979 945 2143 1000 timor
2169 942 2386 999 Domini
2412 944 2478 998 ".
2511 961 2530 995 ι
2563 942 2659 999 llis
2702 941 2770 998 de
2819 942 3005 998 causis
3035 961 3052 994 ι
3083 941 3141 998 ln
3174 945 3333 1001 linem
3363 967 3380 996 ι
3413 947 3553 1017 psal-

1975 1052 2100 1092 mus
2127 1037 2458 1093 inscribitur
2482 1052 2494 1088 :
2521 1044 2715 1108 estque
2737 1037 2980 1106 psalmus
3006 1037 3230 1102 cantici,
3261 1038 3584 1109 triumphat.

1975 1129 2080 1184 lem
2094 1129 2359 1201 hymnum
2380 1130 2434 1183 in
2455 1128 2803 1186 Servatorcm
2821 1131 3063 1201 gentium
3084 1131 3473 1201 complectens.
3494 1129 3562 1185 Et

1920 1223 1933 1232 ‘
1975 1220 2045 1274 ob
2063 1236 2181 1276 eam
2207 1236 2320 1275 rem
2347 1219 2588 1290 Spiritus
2603 1228 2830 1276 sanctus
2851 1221 3042 1285 Deum,
3070 1222 3162 1292 qui
3193 1226 3358 1292 snpra
3373 1223 3586 1277 omnia»

1974 1319 2096 1376 est,
2130 1311 2372 1367 celebrat
2409 1311 2600 1368 dicens
2632 1332 2643 1366 :
2689 1333 2704 1363 ι
2728 1311 2806 1368 Te
2840 1312 2993 1368 decet
3025 1313 3279 1384 hymnus,
3297 1313 3461 1379 Dens,
3501 1315 3581 1369 in:

1977 1401 2129 1457 Sion.
2158 1421 2176 1455 ι
2202 1402 2374 1469 Quem
2393 1403 2538 1459 enim
2554 1403 2720 1457 alium
2744 1420 2841 1474 pro
2862 1405 3104 1458 omnium
3120 1405 3400 1459 hominum
3418 1405 3564 1462 salu-

1973 1493 2306 1550 tecelehrari
2321 1494 2587 1564 oportuit,
2603 1494 2708 1550 nisi
2728 1495 2909 1550 omnis
2925 1495 3050 1550 boni
3070 1495 3560 1552 auetorem?Docet

1974 1592 2154 1639 autem
2174 1584 2316 1640 idem
2336 1584 2577 1656 Spiritus
2591 1601 2686 1641 eos
2700 1585 2790 1656 qui
2807 1602 2870 1640 ex
2899 1587 3151 1657 gentibus
3167 1588 3430 1643 accedunt
3456 1589 3558 1644 soli

1974 1673 2083 1731 Deo
2095 1675 2274 1731 dicere
2286 1675 2484 1732 debere
2501 1695 2542 1730 τι
2555 1676 2630 1732 Te
2643 1677 2797 1734 decet
2813 1677 3066 1749 hymnus,
3083 1678 3265 1749 iquasi
3278 1693 3396 1734 sese
3408 1678 3560 1733 dam-

1976 1773 2195 1832 nantes,
2229 1766 2377 1838 quod
2399 1768 2702 1824 multarunt
2771 1769 3062 1823 numinum
3094 1770 3268 1825 errori
3299 1769 3558 1824 indecen-

288 1855 453 1917 κότας
473 1856 704 1920 ἑαυτῶν,
735 1858 823 1912 ὅτε
869 1859 944 1930 μὴ
975 1861 1284 1930 πρέποντας
1315 1861 1520 1934 ΰμνους
1555 1865 1872 1936 ἀνέπεμπον

1977 1866 2061 1912 ter
2091 1857 2324 1930 hymnos
2351 1858 2686 1914 emisissent.
2720 1858 2886 1914 Deum
2914 1869 3092 1914 autem
3125 1859 3362 1930 hymnus
3384 1858 3557 1920 decet.

285 1948 352 2017 τῇ
389 1947 635 2019 πολυθέῳ
661 1949 860 2021 πλάνῃ..
890 1950 1100 2022 Πρέπει
1127 1952 1183 2006 δὲ
1220 1951 1388 2023 ῦμνος
1412 1952 1490 2025 τῷ
1511 1953 1630 2025 Θεῷ
1657 1957 1718 2010 οὐ
1743 1959 1871 2022 πᾶς,

285 2037 402 2090 ἀλλ’
431 2037 460 2090 6
481 2039 546 2092 ἐν
578 2037 717 2093 Σιὼν
761 2039 1241 2114 ἀναπεμπόμενος,
1281 2042 1483 2115 δηλαδὴ
1510 2045 1539 2097 6
1564 2047 1622 2099 ἐν
1650 2049 1715 2119 τῇ
1751 2048 1874 2101 Ἐκ-

287 2127 484 2198 κλησία
513 2129 702 2185 αὐτοῦ.
731 2129 870 2185 Σιὼν
909 2132 1008 2203 μὲν
1037 2133 1145 2204 γάρ
1185 2133 1334 2187 ἐστιν
1371 2133 1598 2208 ἀληθινὴ
1639 2139 1672 2208 ἡ
1708 2139 1873 2192 ἐπου-

291 2219 474 2289 ράνιος
508 2221 880 2295 Ἰερουσαλὴμ,
905 2225 999 2277 κα)⁸
1025 2225 1085 2278 τὸ
1099 2223 1420 2294 ἐπουράνιον
1441 2225 1566 2297 δρος
1591 2228 1687 2281 τοῦ
1701 2228 1837 2282 Θεοῦ
1855 2246 1871 2260 ο

287 2310 419 2381 περὶ
451 2305 511 2366 οῦ
533 2311 808 2382 ⁴διδάσκων
851 2316 880 2368 6
921 2315 1243 2382 Ἀπόστολος
1261 2317 1414 2388 ἔλεγε
1437 2335 1450 2350 °
1490 2338 1509 2370 ι
1537 2319 1876 2391 Προσεληλύ-

288 2400 420 2454 θατε
443 2401 580 2454 Σιὼν
607 2403 743 2475 δρει,
787 2405 880 2458 καὶ
913 2406 1064 2460 πόλει
1093 2407 1228 2461 Θεοῦ
1261 2408 1481 2474 ζῶντος,
1525 2408 1876 2484 Ἰερουσαλὴμ

288 2491 616 2564 ἐπουρανίῳ,
674 2496 769 2548 καὶ
811 2496 1068 2568 μυριάσιν
1121 2499 1372 2568 ἀγγέλων
1419 2500 1744 2572 πανηγύρει,
1781 2502 1876 2556 καὶ

302 2581 595 2657 Ἐκκλησία
656 2589 1015 2659 πρωτοτόκων
1063 2591 1574 2664 ἀπογεγραμμένων
1614 2595 1672 2648 ὲν
1709 2596 1877 2668 ούρα-

288 2674 402 2738 νοῖς
425 2691 438 2705 ·
481 2693 499 2726 ι
527 2676 622 2729 καὶ
680 2679 871 2732 πάλιν·
901 2699 920 2731 ι
976 2681 1039 2734 Ἦ
1097 2680 1153 2734 δὲ
1181 2682 1294 2737 άνω
1338 2685 1691 2758 Ἰερουσαλὴμ
1720 2686 1876 2740 ἐλευ-

289 2761 426 2834 θέρα
462 2766 634 2829 ἐστὶν,
676 2767 798 2838 ἥτις
838 2770 957 2822 ἐστὶ
991 2772 1174 2844 μήτηρ
1200 2773 1379 2844 ἡμῶν.
1425 2793 1442 2825 ι
1507 2773 1656 2847 Αῦτη
1690 2774 1756 2829 ἂν
1788 2776 1873 2847 εῖη

288 2855 324 2925 ἡ
359 2854 566 2929 ἀληθὴς
615 2859 988 2932 Ἰερουσαλὴμ,
1023 2864 1117 2917 καὶ
1169 2867 1201 2936 ἡ
1248 2865 1452 2936 κυρίως
1499 2865 1877 2938 ἀναδειχθεῖσα

291 2945 451 3012 Σιὼν,
479 2948 564 3017 ἐφ’
597 2943 666 3020 ἦς
695 2951 789 3006 καὶ
837 2951 1142 3022 βασιλεύειν
1194 2955 1442 3010 λέλεκται
1484 2960 1513 3012 6
1560 2958 1751 3029 Σωτὴρ
1784 2958 1878 3011 καὶ

287 3037 494 3110 Κύριος
534 3040 716 3110 ἡμῶν,
751 3041 944 3116 ῶσπερ
993 3039 1086 3099 οῦν
1118 3045 1359 3102 διδάσκει
1399 3046 1575 3116 λέγων
1603 3048 1764 3112 αὐτὸς
1818 3049 1877 3101 ὲν

287 3128 334 3181 5'
365 3129 567 3203 ψαλμῷ
587 3149 601 3163 ·
633 3151 652 3185 ι
697 3133 838 3202 Ἐγὼ
871 3133 928 3188 δὲ
951 3136 1292 3209 κατεστάθην
1333 3137 1587 3209 βασιλεὺς
1613 3138 1707 3192 ἐπὶ
1736 3137 1876 3192 Σιὼν

285 3219 413 3292 δρος
423 3221 485 3276 τὸ
517 3223 671 3292 ἅγιον
699 3224 884 3280 αὐτοῦ.
898 3245 916 3277 ι
937 3227 1001 3280 Ἡ
1027 3226 1165 3298 αὐτὴ
1183 3227 1227 3282 δ’
1254 3228 1320 3282 ἂν
1340 3230 1424 3301 εῖη
1444 3232 1476 3300 ἡ
1497 3229 1878 3298 καταγγελλο-

290 3314 427 3388 μένη
486 3319 600 3380 τοῖς
625 3317 689 3369 τὸ
740 3317 1068 3386 Εὑαγγέλιον
1113 3320 1580 3392 παραδεχομένοις
1632 3323 1876 3394 βασιλεία

283 3405 550 3477 οὐρανῶν.
607 3407 788 3462 Είκὼν
847 3409 890 3463 δ’
940 3411 1156 3483 ἐκείνης
1205 3415 1239 3484 ἡ
1288 3413 1382 3467 ἐπὶ
1415 3414 1518 3484 γῆς
1564 3414 1760 3483 γένοιτ’
1810 3415 1878 3470 ἂν

298 3495 594 3568 Ἐκκλησία
614 3514 626 3527 ο
657 3497 964 3569 ὁμωνύμως
995 3503 1089 3554 καὶ
1120 3501 1259 3573 αὑτὴ
1284 3499 1594 3574 καλουμένη
1623 3503 1750 3556 ποτὲ
1778 3503 1875 3573 μὲν

285 3587 464 3652 Σιὼν,
517 3588 648 3642 ποτὲ
693 3588 751 3642 δὲ
806 3589 1200 3662 Ἰερουσαλὴμ,
1260 3593 1354 3646 καὶ
1399 3592 1584 3646 ἄλλοτε
1631 3592 1876 3665 Θυγάτηρ

285 3677 446 3741 Σιὼν,
493 3677 526 3748 ἢ
573 3678 820 3751 Θυγάτηρ
858 3681 1233 3755 Ἰερουσαλήμ.
1273 3683 1428 3738 Οῦτω
1461 3684 1590 3754 γοῦν
1619 3686 1790 3757 αύτὴν
1825 3686 1874 3738 οἱ

287 3769 565 3840 προφῆται
627 3769 976 3837 θεσπίζοντες
1019 3774 1370 3846 ἀνηγόρευον.
1417 3775 1477 3828 Ὀ
1503 3775 1683 3830 τοίνυν
1706 3775 1877 3847 ὕμνος

284 3863 315 3914 6
343 3862 402 3915 έν
435 3865 500 3933 τῇ
537 3860 698 3927 Σιὼν,
739 3864 858 3935 ἦτοι
907 3867 971 3937 τῇ
1013 3867 1341 3939 ἐπουρανίῳ,
1373 3866 1406 3938 ἢ
1435 3869 1529 3922 καὶ
1555 3871 1619 3940 τῇ
1648 3869 1740 3923 ἐπὶ
1770 3868 1876 3940 γῆς

300 3952 599 4026 Ἐκκλησία
627 3953 722 4008 τοῦ
756 3954 892 4009 Θεοῦ
949 3956 1227 4028 ᾁδόμενος,
1266 3959 1466 4030 πρέποι
1497 3958 1562 4013 ἂν
1599 3961 1758 4030 μόνος
1800 3960 1876 4032 τῷ

290 4044 617 4116 ὑμνουμένῳ
635 4045 772 4117 Θεῷ.
796 4047 953 4104 Πᾶσα
975 4047 1032 4102 δὲ
1057 4052 1090 4120 ἡ
1114 4050 1270 4114 ἐκτὸς
1291 4050 1389 4121 τῆς
1433 4050 1757 4122 Ἑκκλησίας
1780 4051 1874 4106 τοῦ

285 4139 424 4193 Θεοῦ
477 4139 742 4214 λεγομένη
807 4141 1075 4212 θεολογία,
1128 4145 1236 4198 εῖτε
1269 4143 1420 4214 παρά
1457 4147 1570 4207 τοῖς
1611 4143 1878 4216 Ἐλλήνων

288 4234 493 4301 σοφοῖς,
545 4234 653 4286 εἴτε
687 4232 837 4304 παρὰ
875 4237 988 4298 τοῖς
1018 4234 1200 4299 ἀθέοις
1242 4233 1588 4306 ἑτεροδόξοις,
1621 4235 1877 4307 ἀπρεπὴς

288 4322 358 4381 ἂν
400 4323 506 4395 εἴη.
570 4322 690 4380 Τῶν
739 4323 850 4395 γὰρ
902 4327 1034 4399 παρ’
1067 4325 1292 4398 Ἕλλησι
1349 4326 1530 4396 σοφῶν
1563 4329 1614 4380 οῖ
1652 4328 1751 4398 μοὲν
1794 4328 1874 4391 είς

287 4412 557 4485 ἀθεότητα
594 4414 834 4484 παντελῆ
869 4413 1390 4478 καταπεπτὼκασιν,
1416 4418 1466 4470 οί
1497 4417 1555 4471 δὲ
1587 4416 1688 4489 τὴν
1713 4415 1875 4471 πολύ-

1977 1965 2084 2005 ηοη
2109 1950 2312 2021 quivis,
2342 1951 2438 2006 sed
2463 1951 2556 2020 qui
2575 1951 2628 2005 in
2652 1950 2806 2015 Sion,
2840 1950 3092 2006 videlicet
3113 1950 3206 2020 qui
3243 1950 3298 2005 in
3317 1948 3558 2006 Ecclesia

1975 2041 2096 2110 ejus
2149 2041 2437 2096 emittitur.
2479 2040 2614 2094 Nam
2644 2057 2772 2096 vera
2835 2039 2966 2096 Sion
3000 2049 3087 2096 est
3135 2042 3375 2096 (mlestus
3403 2038 3562 2095 Jeru-

1976 2131 2169 2196 salem,
2224 2140 2280 2187 et
2335 2132 2590 2188 caelestis
2637 2147 2798 2187 mons
2833 2130 2925 2186 Dei
2959 2148 2972 2184 :
3035 2131 3103 2186 de
3133 2147 3242 2202 quo
3269 2131 3562 2201 Apostolus

1976 2220 2094 2274 haec
2129 2219 2324 2276 docuit
2358 2241 2370 2276 :
2409 2239 2438 2272 ι
2467 2220 2802 2276 Accessistis
2827 2219 2896 2274 ad
2945 2219 3078 2274 Sion
3108 2231 3368 2283 montem,
3407 2227 3462 2275 et
3482 2219 3562 2274 ci-

1975 2311 2196 2366 vitalem
2221 2310 2319 2367 Dei
2341 2312 2601 2376 viventis,
2649 2311 2954 2368 Jerusalem
3003 2311 3307 2374 coalestem,
3341 2319 3398 2365 et
3419 2311 3563 2366 mul-

1976 2409 2156 2458 torum
2195 2403 2427 2458 millium
2481 2405 2798 2476 angelorum
2854 2402 3238 2472 frequentiam,
3271 2411 3331 2456 et
3378 2401 3564 2457 Eccle-

1976 2493 2112 2548 siam
2144 2496 2568 2566 primitivorum,
2598 2496 2691 2566 qui
2725 2495 3166 2565 conscriptisnnt
3195 2494 3246 2548 in
3276 2493 3556 2560 emlis“;r

1976 2601 2041 2642 ac
2070 2603 2324 2643 rursum:
2364 2608 2383 2640 ι
2419 2590 2515 2644 llla
2561 2599 2743 2646 autem
2779 2607 2901 2660 qua:
2935 2607 3156 2647 sursum
3205 2598 3291 2644 est
3336 2587 3562 2643 Jerusa-

1976 2677 2104 2745 lem,
2138 2678 2309 2734 libera
2365 2687 2470 2742 est,
2517 2695 2642 2749 qua:
2694 2686 2779 2734 est
2828 2688 3005 2734 mater
3055 2689 3241 2734 nostra
3282 2680 3345 2730 ".
3378 2697 3396 2730 ι
3436 2676 3561 2731 ιίιεο

1977 2786 2111 2826 sane
2136 2770 2301 2827 fuerit
2338 2787 2467 2826 vera
2499 2769 2827 2836 Jerusalem,
2883 2781 2938 2827 et
3003 2789 3124 2843 quae
3154 2773 3373 2842 proprie
3428 2771 3560 2826 Sion

1977 2861 2338 2932 comprobata
2359 2869 2466 2924 est.
2505 2863 2559 2916 in
2585 2875 2691 2932 qua
2721 2876 2952 2932 regnare
2988 2862 3190 2917 dicitur
3226 2860 3481 2916 Salvator
3507 2869 3563 2917 et

1978 2953 2242 3010 Dominus
2275 2965 2484 3020 noster,
2517 2962 2574 3007 ut
2607 2953 2724 3024 ipse
2745 2953 2906 3009 docet
2941 2953 2994 3008 in
3036 2953 3282 3009 secundo
3312 2955 3557 3024 psalmo:

1984 3066 2002 3098 ε
2037 3045 2152 3116 Ego
2214 3053 2398 3100 autem
2465 3045 2804 3100 constitutus
2873 3035 3152 3100 sum'rex
3213 3061 3378 3116 super
3427 3043 3561 3102 Sion

1980 3146 2218 3193 montem
2245 3144 2499 3192 sanctum
2527 3135 2651 3205 ejus
2693 3137 2758 3188 η.
2804 3155 2822 3188 ι
2858 3133 2917 3190 ld
2973 3135 3152 3208 ipsum
3182 3144 3364 3192 autem
3397 3135 3562 3192 fuerit

1981 3243 2210 3298 regnum
2239 3227 2531 3291 cmlorum,
2557 3225 2704 3297 quod
2757 3226 3160 3296 accipientibus
3204 3225 3555 3297 Evangelium

1979 3313 2359 3375 annuntiatur.’
2394 3319 2577 3390 lmago
2599 3318 2945 3373 autemillius
2975 3317 3140 3372 fuerit
3161 3317 3406 3374 Ecclesia
3441 3335 3562 3389 quae

1979 3417 2034 3468 in
2070 3422 2216 3468 terra
2247 3416 2332 3476 est
2370 3425 2384 3462 :
2419 3423 2540 3480 qua}
2575 3408 2693 3478 pari
2724 3407 2948 3463 nomine
2993 3405 3156 3462 modo
3189 3405 3345 3469 Sion.
3397 3404 3560 3462 modo

1977 3503 2305 3566 Jerusalem,
2342 3500 2639 3572 aliquando
2674 3499 2783 3553 illia
2817 3498 2973 3562 Sion,
3004 3497 3298 3568 aliquando
3331 3496 3441 3551 ﬁlia
3473 3494 3562 3553 Je-

1979 3597 2219 3652 rusalem
2243 3595 2535 3649 vocitatur.
2577 3589 2671 3645 Sic
2696 3591 2880 3662 itaque
2913 3591 3059 3644 illam
3100 3589 3376 3661 propheta:
3412 3589 3564 3642 vati-

1977 3688 2228 3743 cinantes
2270 3682 2637 3756 appellabant.
2670 3680 2918 3753 Hymnus
2967 3681 3131 3752 igitur
3182 3681 3274 3750 qui
3313 3681 3369 3734 in
3403 3677 3558 3745 Sion.

1977 3779 2070 3834 illa
2109 3777 2320 3832 scilicet
2364 3775 2598 3837 emlesti,
2651 3772 2765 3828 sive
2813 3772 2865 3825 in
2909 3769 3152 3825 Ecclesia
3190 3768 3284 3824 Dei
3334 3783 3456 3839 qua
3504 3768 3562 3826 in

1979 3875 2125 3923 terra
2148 3875 2253 3930 est,
2281 3865 2523 3929 canitur,
2557 3864 2708 3920 solus
2735 3850 3068 3915 celebrando
3113 3857 3218 3913 Deo
3248 3856 3582 3916 conveniat..

1981 3957 2171 4014 Omnis
2190 3971 2321 4012 vero
2373 3971 2497 4027 quae
2529 3963 2683 4010 extra
2711 3951 3012 4006 Ecclesiam
3053 3949 3146 4004 Dei
3171 3948 3444 4018 theologia
3473 3945 3560 4002 di-

1979 4048 2144 4112 citur,
2195 4045 2311 4102 sive
2365 4043 2510 4115 apud
2554 4040 2870 4097 Graecorum
2903 4039 3201 4108 sapientes,
3253 4036 3369 4091 sive
3417 4036 3588 4104 apud.

1981 4137 2178 4209 impios
2225 4137 2590 4192 heterodoxos
2621 4174 2636 4198 ,
2691 4131 2954 4188 indecens
3001 4129 3106 4184 dici
3168 4127 3366 4197 possit.
3421 4123 3560 4179 Nam

1979 4229 2153 4286 Grazci
2192 4230 2490 4300 sapientes,
2515 4227 2609 4281 alii
2633 4225 2687 4279 in
2719 4224 2925 4279 nullius
2961 4221 3057 4276 Dei
3086 4223 3292 4275 cultum
3341 4218 3595 4289 penitus.

1978 4320 2116 4392 lapsi
2151 4327 2309 4386 sunt;
2348 4319 2439 4373 ahi
2470 4318 2767 4372 multorum
2823 4313 3110 4368 numinum
3143 4326 3386 4367 errorem
3416 4309 3588 4365 celem

1978 4409 2228 4464 brarunt.
2265 4405 2417 4477 lmpii
2445 4413 2628 4459 autem
2660 4402 2900 4458 haeretici
2928 4441 2943 4466 ,
2976 4401 3066 4455 alii
3092 4400 3327 4473 plurima
3345 4407 3400 4454 et
3427 4417 3560 4456 coa-

287 4505 410 4559 θεον
461 4478 672 4576 πλάνην
713 4478 1032 4578 ἐσέμνυναν.
1070 4507 1192 4560 Τῶν
1223 4507 1281 4564 δὲ
1312 4507 1487 4562 ἀθέων
1532 4478 1871 4582 αίρεσιωτῶν

1981 4499 2150 4552 traria
2183 4495 2451 4569 principia
2480 4493 2927 4576 constituerunt;
2959 4491 3049 4546 alii
3081 4490 3263 4562 pravis
3292 4478 3560 4561 malisque

285 4598 339 4651 oi
363 4595 462 4668 μὲν
496 4595 751 4659 πλείστας
785 4597 878 4651 καὶ
903 4598 1151 4662 ἐναντίας
1179 4597 1352 4669 ἀρχάς
1384 4599 1778 4670 ὑπεστήσαντο,
1821 4599 1870 4652 cl

1981 4587 2278 4642 virtutibus
2343 4586 2588 4641 universi
2635 4583 3166 4639 administrationem
3229 4582 3557 4651 ascripsere.

283 4689 343 4744 δὲ
373 4692 636 4763 πονηραῖς
669 4691 764 4744 καὶ
809 4688 1041 4759 φαύλαις
1072 4689 1336 4761 δυνάμεσι
1382 4688 1481 4762 τὴν
1525 4689 1621 4744 τοῦ
1655 4689 1872 4754 ,παντὸς

1979 4678 2098 4734 Jam
2161 4693 2292 4734 vero
2354 4677 2460 4748 ipsi
2502 4675 2700 4740 Judaei,
2755 4674 3051 4728 humanam
3094 4673 3322 4727 formam
3364 4674 3561 4727 Imma-

284 4781 552 4852 διοίκησιν
569 4781 1002 4837 ἀνατεθείκασιν.
1025 4781 1164 4852 Ἤδη
1189 4781 1245 4836 δὲ
1275 4782 1369 4835 καὶ
1389 4781 1572 4836 αὐτῶν
1603 4782 1872 4836 Ἰουδαίων

1979 4787 2192 4842 nosque
2225 4770 2473 4834 allectus,
2527 4767 2673 4840 quod
2711 4765 3024 4836 Scripturas
3083 4780 3192 4820 non
3228 4764 3558 4835 intelligunt,

287 4872 498 4936 παῖδες,
534 4871 1002 4944 ἀνθρωπόμορφον
1036 4875 1129 4926 καὶ
1156 4871 1563 4944 ἀνθρωποπαθῆ
1591 4871 1684 4926 τὸν
1716 4872 1870 4937 Θεὸν,

1982 4861 2095 4919 Deo
2139 4862 2409 4948 attingunt
2442 4880 2454 4915 :
2489 4861 2600 4915 imo
2632 4873 2762 4914 vero
2786 4855 2999 4913 inﬁnita
3053 4854 3294 4912 absurda
3317 4855 3560 4924 abiecta-

283 4962 364 5034 τῷ
399 4965 472 5035 μὴ
501 4967 642 5019 νοεῖν
676 4964 775 5027 τὰς
801 4963 1047 5036 Γραφάς,
1079 4964 1391 5034 εἰσάγοντες
1415 4980 1431 4994 ο
1466 4962 1603 5018 άλλά
1631 4963 1724 5016 καὶ
1774 4981 1875 5034 μυ-

1977 4969 2086 5024 que
2137 4946 2468 5015 fabulantes,
2509 4950 2577 5005 ab
2633 4951 2838 5021 hymno
2869 4949 2964 5020 qui
2998 4947 3190 5004 deceat
3235 4946 3398 5019 longe
3437 4962 3563 5018 pro-

290 5052 382 5124 ρία
407 5053 610 5107 ἔκτοπα
628 5054 723 5106 καὶ
751 5053 979 5107 ταπεινά
1019 5053 1462 5124 μυθολογοῦντες.
1492 5052 1707 5127 μακράν
1741 5053 1875 5107 άπο-

1976 5045 2114 5115 lapsi
2131 5051 2283 5100 sunt.
2305 5044 2347 5099 li
2379 5057 2508 5098 vero
2546 5041 2649 5096 soli
2681 5040 2776 5111 qui
2802 5043 2856 5096 In
2876 5038 3122 5094 Ecclesia
3153 5037 3251 5094 Dei
3276 5040 3563 5092 decentem

285 5142 610 5198 πεπτώκασι
652 5143 746 5198 τοῦ
785 5145 1088 5216 πρέποντος
1121 5143 1310 5214 ὕμνου.
1346 5142 1516 5198 Μόνοι
1541 5143 1667 5197 δὲοί
1699 5145 1759 5197 ὲν
1805 5145 1872 5214 τῇ

1976 5137 2240 5209 hymnum
2268 5137 2337 5191 ab
2369 5137 2489 5207 ipso
2517 5131 2809 5190 Servatore
2837 5131 3019 5188 edocti
3053 5138 3208 5196 sunt,
3234 5130 3560 5200 condignam

298 5235 596 5308 Ἐκκλησία
624 5236 718 5290 τοῦ
751 5235 887 5291 Θεοῦ
922 5237 1011 5292 τὸν
1042 5236 1322 5308 πρέποντα
1349 5234 1517 5307 ῦμνον
1552 5235 1684 5309 παρ’
1708 5235 1872 5292 αὐτοῦ

283 5325 657 5397 δεδιδαγμένοι
701 5326 797 5380 τοῦ
829 5327 1084 5398 Σωτῆρος
1116 5327 1365 5395 ἐπαξίως.
1385 5327 1476 5380 τὸν
1502 5327 1723 5400 Πατέρα
1757 5326 1874 5382 θεο-

285 5408 533 5486 λογοῦσιν
553 5435 566 5449 ·
596 5418 626 5472 6
649 5418 712 5490 δὴ
733 5419 1030 5492 παρίστησι
1046 5417 1134 5472 διὰ
1159 5419 1258 5490 τῆς
1283 5417 1420 5490 μετὰ
1441 5420 1630 5491 χεῖρας
1651 5421 1874 5488 φάσκων

285 5509 448 5582 ᾠδῆς·
481 5530 499 5562 ι
529 5511 620 5566 Σοὶ
643 5511 842 5583 πρέπει
870 5511 1056 5584 ῦμνος,
1090 5514 1118 5566 6
1149 5511 1302 5575 Θεὸς,
1331 5512 1391 5564 ὲν
1423 5510 1581 5566 Σιών.
1621 5528 1639 5562 ι
1681 5510 1877 5582 Ἀπρε-

288 5597 398 5671 πὴς
421 5598 478 5652 δὲ
501 5599 672 5672 ὕμνος
695 5600 911 5673 λεχθείη
939 5599 1004 5656 ἂν
1023 5602 1052 5654 6
1081 5600 1304 5672 δαίμοσι
1326 5601 1582 5672 πονηροῖς
1606 5600 1699 5653 καὶ
1722 5597 1877 5652 πνεύ-

1983 5229 2336 5299 divinamque
2361 5227 2428 5283 de
2458 5225 2621 5281 Patre
2656 5223 2964 5280 doctrinam
2995 5221 3268 5288 ell'erunt;
3305 5219 3452 5290 quod
3504 5223 3559 5273 in

1982 5321 2238 5392 praesenti
2285 5319 2502 5375 cantico
2536 5317 2849 5373 declaratur
2871 5315 2960 5371 his
2989 5314 3212 5371 verbis:
3248 5332 3266 5365 ι
3309 5311 3387 5366 'l'e
3405 5311 3562 5368 decet

1981 5413 2242 5487 hymnus,
2276 5412 2438 5478 Deus,
2465 5414 2522 5469 in
2562 5410 2714 5468 Sion.
2744 5431 2764 5465 ι
2803 5409 3070 5467 lndecens
3102 5422 3268 5482 porro
3323 5407 3582 5479 hymnus.

1982 5503 2221 5576 dicatur,
2245 5505 2339 5577 qui
2375 5504 2630 5577 malignis
2662 5503 3006 5560 daemonibus
3025 5499 3365 5573 impurisque
3391 5497 3560 5569 spiri-

1980 5596 2128 5654 tibus
2157 5596 2454 5653 emittitur:
2481 5596 2740 5654 indecens
2771 5594 2898 5651 item
2915 5595 3006 5667 qui
3036 5593 3166 5658 soli,
3200 5592 3363 5658 luna,
3393 5587 3586 5647 astris.

363 5776 406 5811 "
435 5775 698 5842 Psal..cx,
731 5778 817 5832 l0.
937 5778 977 5810 “
1007 5775 1172 5833 Hebr.
1220 5793 1320 5843 xu,
1357 5777 1441 5833 .2.
1521 5778 1563 5810 ”
1597 5737 1775 5832 Galat.
1815 5791 1890 5840 tv,
1922 5774 2012 5830 26.
2097 5775 2140 5806 "
2173 5773 2318 5831 Psal.
2354 5789 2415 5838 ιι,
2449 5771 2504 5830 ti.
