4086 6442
592 323 701 381 627
802 385 819 394 _

1254 323 1523 384 EUSEBII
1562 327 2047 388 CAESARIENSIS
2078 332 2231 389 ουρ.
2269 334 2452 391 PARS
2488 334 2578 391 Ill.
2616 365 2689 380 --
2723 334 3132 392 EXEGETICA.

3755 334 3850 389 628

585 435 908 508 ceterisque
932 435 1117 493 mundi
1157 439 1406 508 partibus
1434 440 1504 496 ab
1562 441 1632 499 iis
1659 443 1900 511 canitur,
1927 444 2020 515 qui
2066 458 2154 500 ea-

2266 464 2432 519 μασιν
2464 426 2799 520 ἀκαθάρτοις
2822 448 3277 518 ἀναπεμπόμενος
3299 463 3313 477 ·
3349 443 3625 519 ἀπρεπὴς
3648 442 3711 497 δέ
3746 444 3855 498 ἐστι

580 525 709 585 dem
732 526 876 581 inter
895 523 1029 583 deos
1060 538 1446 586 annumerant.
1500 529 1685 603 Longe
1705 533 1920 604 turpior
1950 549 2080 591 vero
2103 544 2153 591 et

586 614 880 673 admodum
916 615 1210 673 indecorus
1241 626 1345 684 est,
1404 616 1498 690 qui
1550 620 1780 691 impuris
1825 620 2157 694 lascivisquc

583 708 817 766 canticis
849 707 917 766 de
945 710 1230 768 amatoriis
1266 711 1495 768 deorum
1526 715 1777 772 historiis
1805 715 2153 787 confingitur.

585 800 747 857 Soius
764 812 945 858 autem
993 802 1280 873 speciosus
1329 818 1394 859 ac
1432 803 1636 864 decens
1681 807 1920 880 hymnus
1948 807 2039 864 ille
2072 808 2158 863 di-

582 899 760 961 catur,
777 894 870 964 qui
888 894 988 951 soli
1000 894 1307 959 Conditori,
1323 894 1516 966 Opifici
1537 911 1602 953 ac
1617 895 1753 969 Regi
1779 899 2155 956 universorum

580 983 874 1049 emittitur,
905 985 1171 1041 cuietiam
1193 997 1319 1042 vota
1370 986 1621 1051 reddere,
1652 995 1818 1060 atque
1842 989 1896 1046 id
1922 1006 2030 1047 non
2059 1005 2158 1047 ex-

582 1082 668 1130 tra
702 1073 1004 1132 Ecclesiam
1057 1075 1180 1147 ejus
1232 1087 1496 1148 praestare
1544 1080 1820 1134 convenit.
1859 1080 2041 1147 Quare
2068 1096 2159 1137 se-

579 1164 820 1221 cundum
853 1163 997 1233 LXX
1047 1167 1375 1236 Interpretes
1404 1165 1650 1222 dicitur:
1691 1185 1711 1221 ι
1749 1167 1813 1224 Ει
1842 1169 1935 1224 tibi
1968 1170 2159 1226 redde-

579 1264 671 1312 tur
706 1265 892 1313 votum
920 1258 976 1313 in
1002 1255 1329 1315 Jerusalem.
1368 1278 1389 1311 ι
1427 1256 1627 1315 Votum
1669 1267 1852 1315 autem
1883 1260 2023 1316 solet
2070 1259 2157 1315 di-

520 1382 539 1389 -
577 1348 705 1404 vina
741 1346 1026 1420 Scriptura
1053 1365 1251 1406 vocare
1311 1349 1760 1421 promissionem,
1815 1365 1981 1421 quam
2029 1351 2157 1422 quis

566 1436 691 1501 Deo
713 1437 945 1503 dederit,
969 1438 1190 1510 quando
1227 1440 1438 1497 scilicet
1499 1440 1827 1512 resipiscere
1881 1441 2158 1512 vitamque

577 1540 734 1584 suam
788 1527 987 1585 divinae
1022 1530 1382 1603 philosophiae
1435 1529 1714 1596 addicere,
1761 1530 1877 1587 sive
1906 1531 2070 1587 etiam
2090 1547 2157 1588 ex

576 1621 738 1678 bonis
764 1623 880 1699 suis
896 1622 1176 1694 quidpiam
1205 1636 1560 1688 consecrare,
1593 1623 1708 1678 sive
1743 1621 1893 1676 aliud
1924 1621 2158 1694 quodvis

550 1703 909 1783 promissum
962 1713 1108 1775 vitae,
1151 1728 1273 1784 qua:
1328 1711 1630 1770 secundum
1680 1709 1851 1767 Deum
1882 1720 1988 1775 est,
2031 1727 2160 1768 con-

579 1782 902 1859 sentaneum
955 1819 1021 1859 ac
1070 1782 1300 1874 probum
1346 1803 1513 1860 edere
1547 1802 1921 1878 constituerit.
1973 1799 2156 1868 Quare
2188 1782 2229 1839 Β

577 1889 787 1947 dictum
812 1892 1013 1947 alicubi
1051 1892 1153 1948 fuit
1187 1909 1199 1944 :
1238 1912 1257 1945 ι
1301 1891 1359 1948 Si
1389 1904 1574 1949 votum
1608 1892 1827 1957 feceris,
1866 1906 1936 1947 ne
1971 1889 2157 1946 tardes

575 1982 805 2041 reddere
836 2000 850 2036 :
888 1985 1083 2041 melius
1113 1986 1315 2056 quippe
1330 1993 1417 2041 est
1448 2001 1555 2041 non
1586 1999 1803 2049 vovere,
1837 1997 2003 2055 quam
2058 1996 2158 2037 vo-

574 2088 706 2133 vere
734 2084 789 2132 et
834 2092 945 2133 non
984 2076 1211 2132 reddere
1249 2077 1312 2131 ".
1351 2096 1371 2130 ι
1425 2074 1590 2133 Decet
1644 2075 1811 2147 igitur
1860 2074 1917 2129 in
1963 2074 2156 2147 primis

574 2166 959 2223 universorum
1006 2164 1267 2236 Opificem
1299 2174 1354 2223 et
1390 2166 1736 2222 Servatorem
1762 2165 1981 2237 hymnis
2009 2165 2155 2221 cele-

574 2253 778 2320 brare;
808 2255 1007 2310 deinde
1029 2270 1161 2310 vero
1189 2255 1391 2311 divinis
1427 2254 1579 2312 hisce
1629 2253 1884 2310 laudibus
1917 2268 2156 2309 consen-

549 2334 735 2400 tanea
759 2360 925 2416 opera
971 2347 1157 2414 edere,
1188 2348 1441 2417 bonaque
1491 2345 1764 2418 promissa
1815 2343 1967 2400 dare.
1998 2343 2158 2404 Post-

576 2448 740 2504 quam
766 2451 897 2492 νει-ο
927 2446 981 2492 ct
1007 2437 1268 2509 hymnum
1322 2445 1378 2493 et
1425 2444 1550 2492 vota
1578 2436 1683 2509 ipsi
1731 2435 2152 2501 reddiderimus,

574 2533 712 2580 tunc
766 2540 891 2581 cum
948 2543 1011 2581 ca
1040 2542 1162 2598 quae
1212 2542 1381 2598 pencs
1412 2543 1513 2583 nos
1542 2537 1673 2582 sunt
1724 2525 2153 2597 impleverimus,

574 2616 805 2674 fidenter
832 2633 1091 2690 agemus;
1118 2620 1193 2674 ita
1213 2628 1272 2674 ut
1302 2619 1552 2677 dicamus
1584 2638 1697 2675 ε-ι
1709 2618 1924 2674 Exaudi
1948 2619 2155 2674 oratio-

575 2724 722 2764 nem.
762 2707 910 2765 rllie
959 2725 1122 2781 porro
1180 2719 1437 2767 accurate
1479 2711 1786 2784 προσευχῆς
1830 2724 1939 2765 non
1990 2709 2154 2781 εὐχῆς

572 2799 808 2869 dictum;
842 2817 967 2857 nam
1006 2803 1139 2875 εὐχή
1177 2803 1600 2873 promissionem
1641 2803 1911 2876 significat
1934 2847 1949 2872 ,
1984 2818 2156 2875 προσ-

574 2891 710 2965 ευχή
761 2907 892 2949 vero
920 2894 1374 2964 supplicationem
1399 2908 1464 2949 ac
1490 2893 1953 2966 deprecationem,
1988 2907 2152 2963 quam

577 2982 815 3054 Spiritus
871 2993 1099 3040 sanctus
1154 3000 1254 3057 pro
1297 2984 1458 3041 nobis
1510 2985 1726 3048 edebat,
1760 2992 2151 3055 congruentem

2259 539 2355 592 καὶ
2374 539 2403 591 ό
2435 538 2573 609 ἡλίῳ
2606 538 2700 592 καὶ
2723 536 2918 609 σελήνη
2953 538 3048 590 καὶ
3096 537 3315 608 ἄστροις
3341 537 3434 590 καὶ
3474 537 3608 598 τοῖς
3656 534 3857 597 λοιποῖς

2259 627 2356 682 τοῦ
2408 629 2614 700 κόσμου
2666 627 2892 699 μέρεσιν
2947 627 3056 682 ὑπὸ
3088 626 3199 682 τῶν
3238 626 3415 682 ταῦτα
3446 622 3859 681 θεοποιοὺνοων

2257 716 2541 788 ᾁδόμενος.
2584 718 2694 770 Καὶ
2719 717 2801 770 ἔτι
2828 716 3027 788 μᾶλλον
3055 717 3284 788 αἰσχίων
3313 717 3411 772 καὶ
3427 715 3861 789 ἀπρεπέστατος

2257 811 2287 863 ό
2341 809 2410 863 δι’
2468 809 2710 882 αἰσχρῶν
2753 810 2848 865 καὶ
2893 809 3209 864 ἀκολάστων
3239 809 3507 880 ᾀσμάτων
3564 808 3696 870 τοῖς
3742 805 3866 879 apt

2259 901 2399 955 θεῶν
2449 903 2732 975 ἐρωτικοῖς
2759 901 3094 972 διηγήμασιν
3140 900 3664 972 ἀναπλαττόμενος.
3696 897 3867 961 HM

2257 994 2305 1047 δ’
2331 995 2542 1056 ἐκεῖνος
2586 993 2787 1064 ὡραῖος
2813 990 3029 1064 λεχθείη
3053 990 3121 1045 ἀν
3168 990 3261 1045 καὶ
3286 988 3585 1062 εὐπρεπὴς
3616 987 3819 1058 ὕμνος,
3840 988 3869 1039 6

2257 1083 2335 1156 τῷ
2354 1082 2502 1155 μόνῳ
2518 1083 2724 1156 Ποιητῇ
2744 1083 2839 1138 καὶ
2856 1080 3190 1154 Δημιουργῷ
3213 1081 3310 1137 καί⁸
3332 1081 3564 1135 Βασιλεῖ
3588 1080 3715 1133 τῶν
3738 1078 3871 1133 ﬂow

2256 1171 2376 1244 Θεῷ
2433 1173 2911 1244 ἀναπεμπόμενος,
2960 1167 3006 1241 ᾧ
3049 1172 3145 1226 καὶ
3185 1170 3287 1236 τὰς
3318 1171 3484 1243 εὐχάς
3538 1168 3873 1224 ἀποδιδόναι

2257 1265 2547 1336 προσήκει,
2574 1264 2671 1319 καὶ
2694 1262 2853 1317 τοῦτο
2886 1266 3056 1318 ποιεῖν
3090 1262 3166 1335 μὴ
3206 1262 3365 1326 ἐκτὸς
3394 1263 3495 1333 τῆς
3518 1259 3872 1332 Ἐκκλησίας

2257 1355 2446 1410 αὐτοῦ.
2477 1355 2570 1409 Διὸ
2600 1354 2848 1409 λέλεκται
2882 1354 3024 1409 κατά
3052 1356 3180 1419 τοὺς
3217 1353 3679 1425 Ἑϐδομήκοντα-
3714 1369 3737 1402 ι
3768 1351 3871 1405 Καὶ

2260 1446 2346 1499 σοὶ
2392 1446 2784 1518 ἀποδοθήσεται
2833 1445 2966 1518 εὐχὴ
3003 1449 3063 1500 ἐν
3112 1447 3487 1519 Ἰερουσαλήμ.
3524 1466 3548 1499 ι
3593 1446 3796 1518 Εὐχὴν
3818 1445 3872 1499 ἃ

2259 1537 2488 1611 σύνηθες
2523 1540 2590 1609 τῇ
2637 1537 2759 1610 θεία
2798 1539 2990 1610 Γραφῇ
3037 1537 3220 1592 καλεῖν
3253 1538 3356 1610 τὴν
3383 1536 3778 1607 ἐπαγγελίαν,
3808 1535 3873 1605 ήν

2257 1630 2323 1686 ἂν
2345 1629 2752 1699 ἐπαγγέλληται
2783 1646 2868 1692 τις
2912 1629 2992 1700 τῷ
3021 1628 3161 1700 Θεῷ,
3190 1629 3310 1700 ήτοι
3341 1645 3663 1700 σωφρονειν
3704 1628 3871 1694 ταξά-

2262 1736 2422 1791 μενος
2471 1719 2565 1773 καί
2596 1719 2687 1773 τὸν
2732 1717 2930 1773 ἐαυτοῦ
2963 1718 3078 1789 βίον
3117 1717 3394 1772 ἀναθεῖναι
3422 1719 3489 1789 τῇ
3529 1717 3701 1771 κατά
3737 1716 3871 1770 Θεὸν

2258 1809 2567 1882 φιλοσοφίᾳ,
2611 1810 2645 1881 ἢ
2677 1809 2787 1864 τῶν
2827 1809 3125 1881 κτημάτων
3160 1808 3467 1880 ἀφιερῶσαι
3505 1826 3585 1873 τι,
3621 1809 3663 1881 ἢ
3701 1807 3860 1873 τάξα-

2259 1900 2383 1955 σθαί
2427 1918 2549 1954 τινα
2592 1900 2797 1972 σεμνὴν
2826 1899 3158 1970 ἐπαγγελίαν
3200 1899 3520 1970 πρέπουσαν
3576 1899 3674 1970 τῷ
3727 1900 3870 1953 κατὰ

2254 1992 2388 2047 Θεὸν
2422 1992 2544 2064 βίῳ.
2568 1992 2660 2046 Διὸ
2687 1992 2938 2047 λέλεκταί
2973 2009 3109 2047 πουο
3136 2012 3154 2042 ι
3199 1991 3325 2045 Ἐὰν
3369 1990 3502 2065 εὔξῃ
3533 1991 3747 2063 εὐχὴν,
3793 1991 3869 2063 μὴ

2256 2084 2512 2164 χρονίσῃς
2553 2082 2881 2139 ἀποδοῦναι·
2913 2082 3120 2153 ἀγαθὸν
3160 2083 3221 2137 τὸ
3263 2084 3340 2156 μὴ
3384 2082 3682 2148 εθξασθαι,
3728 2083 3768 2153 ἢ
3808 2083 3869 2136 τὸ

2256 2174 2515 2242 εὔξασθαι
2536 2176 2630 2230 κο.)⁸
2653 2176 2728 2246 μὴ
2738 2174 3048 2230 ἀποδοῦναι.
3062 2194 3080 2228 ι
3104 2174 3312 2246 Πρέπει
3326 2173 3506 2229 τοίνυν
3524 2173 3745 2247 πρῶτα
3766 2173 3870 2242 μὲν

2255 2266 2492 2332 ἐπαξίως
2523 2267 2613 2320 τὸν
2628 2266 2738 2319 τῶν
2760 2265 2896 2320 ὅλων
2919 2264 3155 2337 Ποιητήν
3170 2266 3265 2319 καὶ
3291 2265 3517 2337 Σωτῆρα
3539 2264 3831 2335 ἀνυμνεῖν
3847 2281 3863 2293 ⁵

2256 2356 2447 2410 ἔπειτα
2474 2357 2543 2410 δι’
2568 2355 2746 2427 ἐργων
2780 2354 3047 2410 ἀκόλουθα
3094 2355 3356 2427 πράττειν
3386 2356 3451 2425 τῇ
3498 2352 3777 2425 θεολογίᾳ
3807 2352 3867 2405 ἐν

2255 2448 2488 2518 ἀγαθαῖς
2537 2447 2914 2517 ἐπαγγελίαις.
2969 2446 3224 2501 Ἐπειδὰν
3273 2446 3330 2501 δέ
3382 2446 3478 2502 καὶ
3520 2445 3619 2500 τὸν
3680 2444 3863 2516 ὕμνον

2255 2541 2573 2616 πρεπόντως
2602 2539 2816 2604 καὶτὰς
2838 2539 3002 2610 εὐχὰς
3014 2537 3301 2609 ἀποδῶμεν
3327 2535 3496 2607 αὐτῷ,
3516 2532 3862 2609 τηνικαῦτα,

2254 2631 2331 2696 ὠς
2372 2632 2439 2686 ἀν
2492 2631 2561 2687 τά
2617 2630 2748 2703 παρ’
2782 2629 2991 2685 ἑαυτῶν
3038 2628 3482 2701 πεπληρωκότες,
3524 2624 3860 2699 παρρησίας

2257 2723 2555 2796 μεθέξομεν
2574 2740 2589 2755 ·
2624 2723 2764 2778 ὥστε
2791 2722 2968 2792 λέγειν
2987 2739 3001 2753 ο
3043 2741 3061 2773 ι
3094 2721 3427 2775 Εἰσάκουσον
3453 2718 3808 2791 προσευχῆς.
3832 2734 3853 2768 ι

2267 2815 2536 2889 ’Δκριϐῶς
2590 2815 2636 2869 δ’
2690 2813 2926 2869 ἐνταῦθα
2976 2811 3323 2886 προσευχῆς,
3370 2808 3485 2865 ἀλλ’
3510 2810 3614 2864 οὐκ
3677 2805 3856 2879 εὐχῆς

2254 2907 2469 2979 εἴρηται
2490 2923 2504 2937 ·
2540 2908 2574 2977 ή
2604 2907 2702 2978 μὲν
2728 2905 2839 2978 γὰρ
2880 2904 3215 2974 ἐπαγγελίαν
3248 2902 3436 2973 ἐδήλου
3458 2918 3472 2933 ·
3506 2903 3539 2963 ἡ
3573 2900 3636 2955 δὲ
3674 2913 3853 2970 προσ-

2254 2996 2389 3071 ευχὴ
2422 2997 2604 3069 δέησιν
2646 2997 2740 3052 καὶ
2787 2997 3100 3069 ἱκετηρίαν,
3127 2995 3195 3067 ἢν
3241 2994 3305 3048 τὸ
3334 2992 3563 3063 Πνεῦμα
3583 2992 3647 3045 τὸ
3686 2991 3853 3059 ἄτιον

571 3076 1013 3146 deprecationem
1066 3075 1178 3133 Deo
1234 3078 1473 3133 offerens
1518 3092 1582 3133 ac
1622 3075 1810 3132 dicens
1842 3092 1855 3128 :
1895 3095 1913 3126 ι
1938 3074 2150 3131 Exaudi

2256 3091 2395 3163 ὑπὲρ
2426 3090 2586 3161 ἡμῶν
2638 3091 2909 3151 ἐποιεῖτο,
2955 3087 3270 3160 πρέπουσαν
3309 3083 3588 3156 ἱκετηρίαν
3632 3097 3851 3154 προσα-

571 3167 901 3224 orationem.
926 3189 947 3222 ι
978 3168 1352 3237 Quorumnam
1410 3170 1716 3226 orationem
1764 3169 2070 3225 exaudias‘!
2093 3168 2153 3224 ld

2256 3182 2428 3252 γαγὸν
2454 3180 2531 3252 τῷ
2556 3180 2676 3252 Θεῷ
2708 3180 2801 3233 καὶ
2827 3178 3011 3247 λέγον*
3043 3197 3061 3228 ι
3103 3176 3433 3230 Εἰσάκουσον
3460 3172 3800 3247 προσευχῆς.
3823 3188 3844 3222 ι

571 3259 770 3316 deinde
801 3260 1065 3325 declarat,
1127 3262 1370 3333 gentium
1434 3263 1791 3327 vocationem,
1822 3261 2150 3325 vaticinans.

2256 3275 2428 3328 Τίνων
2458 3274 2515 3328 δὲ
2549 3271 2859 3346 προσευχῆς
2906 3271 3265 3335 εἰσάκουσονς
3309 3265 3644 3340 Παρίστησιν
3684 3262 3845 3332 ἐξῆς.

571 3349 703 3407 dum
721 3352 798 3406 ait
825 3367 841 3404 ε
871 3371 893 3405 ι
928 3352 1010 3408 Ad
1030 3360 1082 3409 te
1108 3355 1288 3410 omnis
1312 3369 1445 3410 caro
1475 3354 1674 3410 veniet.
1706 3374 1726 3406 ι
1756 3352 1997 3424 Spiritus
2023 3370 2153 3410 vero

2253 3365 2361 3421 τῶν
2394 3364 2561 3419 ἐθνῶν
2608 3364 2707 3435 τὴν
2744 3362 2938 3432 κλῆσιν
2988 3358 3274 3425 θεσπίζοψ
3314 3358 3395 3414 διό
3427 3374 3559 3432 φησι
3583 3375 3597 3387 ο
3637 3375 3657 3409 ι

571 3449 799 3497 sanctus
829 3458 930 3513 pro
956 3443 1107 3498 omni
1128 3459 1293 3501 carne
1344 3446 1691 3516 precabatur,
1723 3453 1784 3500 ut
1810 3445 1992 3503 omnis
2022 3460 2154 3502 caro

2255 3455 2316 3508 σὲ
2342 3455 2490 3511 πᾶσα
2518 3451 2656 3525 σάρξ
2697 3450 2837 3522 ἥξει.
2879 3470 2897 3502 ι
2946 3448 3319 3521 ’Υπερηύχετο
3336 3447 3394 3502 δὲ
3422 3449 3484 3502 τὸ
3525 3446 3757 3518 Πνεῦμα
3782 3444 3845 3498 τὸ

556 3522 863 3603 postquam
898 3533 964 3586 ad
1002 3533 1175 3590 Deum
1196 3551 1464 3593 conversa
1520 3535 1706 3601 fuerit,
1750 3537 2041 3607 ipsumque
2068 3537 2154 3591 ἰηει

570 3623 871 3687 vocaverit,
922 3624 1218 3695 propitium
1253 3626 1404 3682 illum
1459 3627 1723 3682 inveniat.
1784 3625 2149 3694 Quamobrem

573 3730 686 3770 non
740 3714 923 3770 dixit:
991 3714 1250 3773 «Exaudi
1302 3717 1615 3775 orationem
1669 3732 1882 3785 meam;
1914 3737 1933 3770 ι
2001 3717 2147 3773 sed:

578 3826 599 3859 ι
630 3806 845 3863 Exaudi
869 3809 1201 3873 orationem,
1231 3809 1303 3864 ad
1325 3820 1378 3864 te
1417 3811 1599 3867 omnis
1626 3826 1756 3866 caro
1784 3811 2001 3878 veniet;
2041 3830 2059 3863 ι
2086 3825 2150 3866 ac

571 3899 624 3955 si
670 3900 874 3956 clarius
931 3901 1209 3957 dixisset:
1242 3901 1388 3968 Quia
1444 3900 1689 3957 futurum
1713 3911 1799 3959 est
1856 3911 1917 3960 ut
1969 3903 2151 3959 omnis

567 4006 722 4055 caro,
770 3999 827 4047 et
857 4000 1033 4047 totum
1063 4008 1237 4065 genus
1284 3994 1582 4049 humanum
1609 4009 1645 4048 a
1671 3995 1967 4049 multorum
2017 3994 2151 4050 deo-

569 4097 693 4138 rum
715 4098 904 4139 errore
938 4086 1178 4148 secedat,
1206 4092 1261 4139 ct
1281 4086 1347 4140 ad
1393 4093 1446 4141 te
1507 4085 1685 4159 solum
1736 4101 1927 4152 verum
1977 4084 2147 4141 Deum

568 4182 948 4249 convertatur,
975 4174 1206 4246 hymnos
1233 4184 1395 4230 canat
1428 4175 1550 4241 tibi,
1596 4185 1722 4230 vota
1754 4176 1969 4243 reddat,
2022 4191 2148 4230 ora-

553 4266 752 4340 _tiones
768 4275 819 4321 et
850 4266 1278 4337 supplicationes
1301 4266 1567 4330 etlundat,
1614 4268 1819 4323 exaudi
1842 4268 2149 4324 orationem

437 4408 441 4412 .
527 4372 787 4428 eorum.

2254 3545 2408 3614 ἅγιον
2456 3544 2639 3615 πάσης
2683 3542 2884 3615 σαρκὸς
2912 3581 2929 3606 ,
2984 3541 3051 3595 ἵν’
3094 3538 3311 3595 ἐπειδὰν
3339 3539 3652 3611 ἐπιστραφῇ
3690 3537 3845 3591 πᾶσι

2250 3635 2390 3708 σὰρξ
2418 3636 2552 3708 πρὸς
2576 3634 2669 3692 τὸν
2689 3633 2842 3696 Θεὸν,
2869 3629 3299 3700 καίἐπικαλῆται
3324 3629 3508 3694 αὐτὸν,
3538 3628 3693 3700 τύχοι
3742 3628 3843 3681 at»

2250 3725 2345 3778 τοῦ
2386 3725 2645 3796 ἐπηκόου.
2680 3724 2772 3778 Διὸ
2820 3723 2922 3778 οὐκ
2947 3718 3129 3775 εἶπενο
3166 3740 3184 3772 ι
3224 3719 3554 3775 Είσάκουσον
3581 3718 3681 3790 τῆς
3696 3718 3843 3790 ἐμῆς

2251 3817 2580 3890 προσευχῆς·
2618 3838 2639 3869 ι
2660 3816 2772 3869 ἀλλ’
2796 3834 2810 3849 ο
2840 3834 2859 3866 ι
2894 3813 3223 3869 Εἰσάκουαον
3250 3810 3579 3884 προσευχῆς,
3607 3811 3749 3882 πρὸς
3776 3808 3836 3862 σι

2252 3909 2402 3962 πᾶσα
2432 3906 2571 3980 σὰρξ
2594 3907 2749 3979 ἥξει·
2783 3926 2801 3960 ι
2824 3902 2970 3959 ’ὡσεὶ
3005 3904 3335 3976 σαφέστερον
3357 3902 3576 3971 ελεγενο
3613 3897 3837 3970 Ἐπειδὴ

2254 3999 2438 4072 μέλλει
2463 4002 2613 4054 πᾶσα
2646 3998 2789 4071 σὰρξ
2827 3998 2923 4055 καὶ
2961 3997 3070 4051 πᾶν
3099 3995 3257 4065 γένος
3287 3992 3592 4067 ἀνθρώπων
3614 3993 3833 4063 ἀναχω-

2252 4094 2368 4162 ρεῖν
2393 4092 2492 4163 μὲν
2520 4091 2620 4162 τῆς
2646 4087 2907 4144 πολυθέου
2941 4087 3171 4158 πλάνης,
3196 4085 3541 4157 ἐπιστρέφειν
3562 4082 3620 4138 δὲ
3650 4083 3745 4137 ἐπὶ
3774 4082 3835 4137 σὲ

2249 4182 2341 4237 τὸν
2376 4182 2537 4253 μόνον
2580 4179 2833 4252 ἀληθινὸν
2874 4178 3030 4244 Θεὸν,
3066 4175 3268 4249 ὕμνους
3291 4176 3351 4230 τέ
3373 4193 3456 4230 σοι
3484 4175 3832 4248 ἀναπέμπειν

2250 4272 2346 4326 καὶ
2387 4270 2552 4343 εὐχὰς
2597 4268 2922 4331 ἀποδιδόναι,
2981 4267 3291 4339 προσευχάς
3320 4283 3377 4320 τε
3419 4266 3525 4320 καὶ.
3546 4264 3832 4338 ἱκετηρίας

2252 4359 2542 4420 ποιεῖσθαι,
2568 4358 2884 4413 εἰσάκουσον
2914 4355 3014 4428 τῆς
3051 4356 3230 4410 αὐτῶν
3253 4356 3587 4428 προσευχῆς.

616 4432 812 4505 τεῇς..
841 4443 897 4503 4.
938 4463 957 4495 ι
1000 4444 1170 4502 Verba
1195 4445 1509 4518 iniquorum
1561 4447 1964 4520 ριἰονοιιιοιειιοι
1985 4463 2149 4520 super

2328 4468 2347 4502 ι
2386 4450 2544 4519 Λόγοι
2587 4449 2807 4521 ἀνόμων
2845 4448 3338 4522 ὑπερεδυνάμωσαν
3372 4448 3539 4519 ἡμᾶς,
3569 4447 3664 4501 καὶ
3707 4449 3831 4510 ταῖς

573 4542 699 4601 nos,
755 4545 813 4621 et
848 4538 1246 4609 impietatibus
1305 4540 1510 4597 nostris
1558 4548 1615 4596 tu
1672 4540 2076 4613 pmpitiaberis.
2124 4559 2143 4593 ι

557 4618 985 4706 ςεοιιεεισιιεηιοι·
1007 4630 1638 4703 admodum,postquam
1693 4637 1761 4690 de
1798 4635 1953 4690 omni
1980 4648 2148 4690 carne

569 4720 807 4783 dixerat,
841 4720 957 4777 haec
1014 4721 1219 4788 intulit,
1273 4739 1396 4794 quae
1436 4727 1619 4783 omnis
1650 4726 1922 4797 praedicta:
1963 4726 2151 4783 carnis

570 4807 977 4866 confessionem
1029 4812 1488 4882 complectuntur.
1541 4812 1727 4886 Itaque
1762 4823 2031 4886 quotquot
2080 4830 2148 4871 ex

568 4899 827 4956 omnibus
862 4900 1139 4970 gentibus,
1189 4916 1309 4971 qua
1338 4902 1466 4957 olim
1498 4903 1749 4958 carnales
1779 4908 1958 4966 erant,
1994 4915 2025 4955 a
2056 4916 2150 4957 su-

568 4990 892 5060 perstitione
927 4990 1157 5061 gradum
1180 4980 1530 5057 revocarunt,
1552 5008 1580 5047 a
1601 4993 1807 5064 Spiritu
1836 4991 2023 5049 divino
2049 4993 2149 5046 do-

568 5089 765 5137 centur
796 5081 1047 5138 confiteri
1097 5084 1319 5152 quantis
1369 5084 1501 5139 olim
1537 5085 1600 5138 in
1641 5084 1800 5139 malis
1838 5083 2147 5154 complicati

571 5167 796 5231 fuerint,
830 5178 993 5240 atque
1029 5171 1291 5241 proprias
1333 5172 1652 5243 impietates
1695 5187 2146 5230 commemorare.

570 5258 752 5328 Quare
776 5261 884 5315 ait:
922 5279 941 5311 ι
976 5258 1157 5329 Verba.
1182 5261 1493 5332 iniquorum
1540 5265 1941 5334 prazvalu'erunt
1981 5279 2148 5335 super

568 5367 693 5418 nos,
717 5363 773 5408 et
791 5348 1162 5425 impietalibus
1205 5353 1409 5410 nostris
1432 5362 1490 5409 tu
1531 5354 1936 5426 propitiaberis.
1968 5375 1988 5410 ι
2022 5354 2148 5411 llaec

568 5459 704 5501 sane
756 5444 917 5515 quasi
970 5461 1037 5500 ex
1089 5458 1321 5520 persona
1369 5443 1548 5501 omnis
1603 5455 1915 5501 memoratae
1962 5446 2146 5501 carnis

568 5533 729 5592 valde
756 5543 1156 5606 consequenter
1177 5535 1325 5592 dicta
1376 5534 1599 5592 fuerint.
1622 5535 1762 5603 Quia
1806 5551 1935 5593 vero
1970 5535 2145 5591 canti-

646 5711 689 5786 ξ’
713 5710 899 5767 Εοοιο..
922 5729 973 5780 ν,
1000 5710 1053 5777 5,
1096 5716 1149 5770 4.

2252 4539 2528 4605 ἀσεϐείαις
2559 4540 2719 4613 ἡμῶν
2743 4541 2806 4595 σὺ
2839 4541 3018 4615 ἱλάσῃ.
3057 4560 3077 4592 ι
3112 4539 3322 4611 Σφόδρα
3351 4537 3656 4602 ἀκολούθως
3691 4536 3834 4610 μετά

2249 4630 2319 4685 τά
2379 4632 2508 4703 περὶ
2549 4630 2731 4703 πάσης
2757 4631 2962 4703 σαρκὸς
3010 4628 3330 4701 λελεγμένα,
3377 4629 3730 4699 ἐπενήνεκται
3757 4627 3831 4682 τά

2254 4722 2593 4794 προκείμενα
2626 4722 2726 4792 τῆς
2763 4720 3161 4795 ὠνομασμένης
3187 4719 3369 4791 πάσης
3408 4719 3611 4791 σαρκὸς
3638 4720 3835 4791 ἐξομοι

2251 4812 2476 4885 λόγησιν
2508 4813 2848 4888 περιέχοντα.
2890 4815 2954 4868 Οἱ
2979 4798 3109 4884 γοῦν
3138 4812 3200 4878 ἐξ
3241 4812 3494 4883 ἁπάντων
3524 4812 3632 4866 τῶν
3658 4811 3829 4867 ἐθνῶν

2248 4901 2359 4955 τῶν
2383 4902 2550 4957 πάλαι
2612 4903 2880 4975 σαρκίνων
2919 4902 3017 4974 τῆς
3063 4902 3451 4974 δεισιδαίμονος
3477 4901 3684 4976 πλάνης
3708 4904 3827 4958 ἐπι-

2253 4991 2581 5065 στρέψαντες
2642 4993 2982 5049 διδάσκονται
3024 4995 3131 5048 ὑπὸ
3177 4993 3272 5048 τοῦ
3317 4992 3461 5048 θείου
3514 4993 3825 5066 Πνεύματος

2248 5083 2529 5156 ὁμολογεῖν
2572 5086 2631 5138 ἐν
2677 5085 2883 5149 ὁποίοις
2930 5086 3059 5140 ποτὲ
3098 5087 3285 5149 κακοῖς
3314 5085 3593 5155 γεγόνασι,
3621 5084 3731 5139 τῶν
3768 5102 3823 5139 τε

2248 5176 2466 5230 οἰκείων
2504 5174 2869 5247 ἀσεϐημάτων
2903 5176 3279 5250 μνημονεύειν.
3310 5178 3402 5232 Διό
3433 5194 3599 5249 φησι·
3620 5197 3639 5229 ι
3664 5177 3824 5247 Λόγοι

2232 5266 2467 5338 ,ἀνόμων
2524 5265 3023 5339 ὑπερεδυνάμωσαν
3051 5269 3219 5339 ἡμᾶς,
3267 5267 3360 5321 καὶ
3386 5270 3508 5331 ταῖς
3551 5268 3824 5332 ἀσεϐείαις

2247 5358 2280 5428 η
2289 5355 2405 5427 μῶν
2432 5357 2497 5411 σὺ
2529 5356 2707 5428 ίλάσῃ.
2740 5377 2758 5408 ι
2788 5358 2972 5413 Ταῦτα
3007 5358 3107 5431 μὲν
3130 5354 3222 5412 οὖν
3242 5358 3509 5441 λεγόμενα
3528 5358 3592 5411 ἐκ
3614 5357 3823 5430 προσώ-

2249 5463 2353 5500 που
2376 5447 2474 5517 τῆς
2511 5448 2870 5519 ἀποδοθείσης
2923 5451 3103 5520 πάσης
3137 5449 3338 5522 σαρκὸς
3376 5447 3576 5520 πολλὴν
3606 5447 3675 5503 ἂν
3715 5449 3821 5519 ἔχοι
3892 5510 3899 5519 ,

2247 5537 2585 5593 ἀκολουθίαν.
2603 5537 2754 5592 Ἐπεὶ
2774 5538 2829 5597 δὲ
2852 5559 2871 5591 ι
2897 5539 2991 5594 τοῦ
3018 5539 3205 5597 Δανῒδι
3232 5539 3631 5613 ἐπιγέγραπται
3657 5542 3688 5594 ὥ
3716 5538 3829 5612 ᾠδὴ,
