4086 6442
289 336 397 393 629

1431 329 1933 386 COMMENTARIA
1975 324 2037 387 IN
2082 331 2417 388 PSALMOS.

3456 330 3563 385 650

287 443 386 497 τοῦ
416 443 652 515 ψαλμοῦ,
683 443 964 514 ζητήσειεν
983 443 1047 497 ἄν
1076 460 1178 506 τις,
1220 443 1346 496 πότε
1382 443 1470 497 τὸν
1504 444 1666 498 ama
1700 445 1878 515 ἢτοῦς

1990 458 2104 497 cum
2134 445 2349 514 psalmi,
2384 464 2401 493 ι
2447 441 2663 496 Davidis
2701 462 2717 484 ι
2745 441 3066 510 inscriptum
3092 450 3210 506 est;
3255 451 3561 510 opportune

290 535 392 588 σὺν
450 534 599 605 αύτῷ
641 534 789 603 λόγοι
834 534 1050 605 ἀνόμων
1103 533 1632 606 ὑπερεδυνάμωσαν·
1671 535 1874 604 ἢκατά

287 625 384 679 τὸν
431 624 744 696 Σύμμαχον,
786 642 804 674 ι
838 623 1368 677 κατεδυνάστευσανο
1403 644 1419 672 ι
1466 625 1624 688 ποίας
1661 623 1718 676 δὲ
1779 625 1873 678 καὶ

286 717 546 779 ἀσεϐείας
576 717 845 787 ἐκτήσατο
862 717 890 768 ό
914 705 1165 779 τοσοῦτος
1197 714 1290 768 τοῦ
1321 714 1454 767 Θεοῦ
1475 716 1760 787 προφήτης
1780 716 1874 768 καὶ

289 811 340 862 οί
373 810 469 862 σὺν
485 808 654 880 αὐτῷ,
677 809 929 881 ἐπείπερ,
950 826 969 859 ι
990 809 1089 872 τὰς
1116 808 1366 870 ἀσεϐείας
1386 807 1542 878 ἡμῶν
1573 809 1636 862 σὺ
1658 807 1835 878 ἱλάσῃ,
1851 828 1868 857 ο

291 901 476 970 ςησίν,
508 899 668 954 Ἀλλὰ
715 899 847 970 γὰρ,
897 899 972 962 ὼς
1037 897 1476 969 ἀποδεδώκαμεν,
1524 899 1875 970 προφητικῶς

291 990 354 1046 τὸ
382 989 605 1062 Πνεῦμα
637 989 697 1043 τὸ
726 989 902 1058 άγιον,
937 989 1040 1059 τῆς
1066 989 1176 1042 τῶν
1207 989 1376 1044 ἐθνῶν
1398 990 1640 1062 κλήσεως
1671 1007 1876 1062 μνημο-

291 1081 510 1144 νεῦσαν,
571 1082 666 1136 καὶ⁵
715 1082 916 1161 φῆσαψ
959 1103 977 1134 ι
1015 1082 1158 1154 Πρὸς
1194 1081 1266 1136 σέ.
1296 1084 1446 1137 πᾶσα
1490 1082 1634 1154 σάρξ
1655 1083 1830 1154 ἧξει,.
1854 1103 1872 1135 ι

294 1175 606 1239 ἀκολούθως
653 1175 753 1246 τὴν
804 1173 1191 1246 ἐξομολόγησιν
1233 1174 1413 1228 αὐτῶν
1457 1173 1766 1246 δίαγράφει,
1819 1173 1903 1240 ἐξ

295 1265 476 1320 αὐτῶν
521 1263 812 1336 προσώπου
882 1264 1118 1332 φάσκον⁹
1173 1281 1191 1314 ι
1243 1263 1404 1332 Λόγοι
1448 1262 1664 1333 ἀνόμων
1711 1265 1878 1336 ὑπερ-

296 1356 650 1428 εδυνάμωσαν
676 1355 843 1425 ἡμᾶς,
883 1373 901 1406 ι
934 1354 1181 1407 τουτέστι
1222 1355 1504 1426 κρείττους
1535 1354 1691 1425 ἡμῶν
1723 1355 1880 1423 γεγό-

296 1464 419 1500 νασι
451 1447 547 1500 καὶ
577 1443 933 1516 δυνατώτεροι
976 1445 1132 1518 ἡμῶν
1181 1447 1230 1498 οί
1281 1445 1390 1498 τῶν
1435 1445 1652 1515 ἀνόμων
1707 1444 1876 1514 λόγοι.

300 1537 526 1606 Ἀνομοι
557 1534 615 1588 δέ
645 1534 844 1597 πάντες
867 1528 1006 1604 ἦσαν
1045 1533 1094 1585 οί
1121 1533 1328 1604 πρῶτοι
1358 1533 1759 1606 συστησάμενοι
1783 1536 1880 1610 τὴν

295 1627 404 1682 τῶν
431 1627 662 1681 εἰδώλων
695 1625 970 1678 θεοποιίαν
992 1642 1005 1654 ·
1046 1625 1196 1694 λόγοι
1225 1643 1285 1679 τε
1325 1625 1506 1680 αὐτῶν
1533 1628 1580 1680 οἱ
1609 1626 1698 1680 διά
1721 1644 1880 1698 ποιη-

292 1717 404 1770 τῶν
421 1717 514 1771 καὶ
546 1716 654 1770 τῶν
687 1715 866 1784 σοφῶν
890 1714 983 1768 τοῦ
1014 1715 1210 1780 αἰῶνος
1229 1716 1417 1771 τούτου
1444 1717 1572 1787 περὶ
1595 1717 1694 1789 τῆς
1720 1718 1881 1772 πολυ-

1980 543 2256 603 ειυωτιιῑιιι·
2281 535 2628 605 quandonam
2653 533 2705 586 in
2735 531 2988 586 Dawdem
3011 541 3102 584 aut
3130 545 3260 586 suos
3280 531 3566 585 verhaini-

1982 642 2213 696 quorum
2234 628 2665 696 praevaluerunt;
2693 625 2808 680 sive
2826 623 3126 680 secundum
3152 621 3560 694 Symmachum,

1989 734 2007 765 ‹
2038 714 2299 769 dominati
2332 723 2461 770 sunt
2495 730 2508 764 :
2557 734 2580 766 ›
2611 713 2774 782 queis
2829 728 2960 768 vero
3010 711 3392 781 impietatibns
3419 727 3562 766 .cum

1983 813 2178 860 tantus
2222 805 2312 859 ille
2368 803 2461 859 Dei
2517 805 2804 874 propheta,
2868 811 2982 858 tum
3022 803 3157 858 socii
3185 803 3307 874 ejus
3349 803 3562 859 addicti

1984 895 2206 959 fuerint,
2235 895 2504 967 siquidem
2533 895 2632 958 ait,
2665 913 2683 946 ι
2723 894 3090 965 impietatibus
3123 897 3336 950 nostris.
3355 904 3410 950 tu
3434 911 3562 966 pro-

1990 985 2292 1056 pitiaberis.
2339 1005 2357 1036 ι
2393 983 2618 1047 Verum,
2649 984 2727 1038 uti
2756 984 2868 1052 jam
2899 983 3242 1046 tradidimus.
3275 1001 3400 1040 cum
3435 984 3561 1056 Spi-

1984 1079 2126 1133 ritus
2149 1085 2386 1132 sanctus
2416 1076 2658 1148 gentium
2691 1077 3036 1132 vocationem
3062 1076 3562 1154 propheticecome

1985 1176 2248 1224 memoret
2277 1183 2340 1221 ac
2385 1168 2572 1222 dicat:
2610 1165 2742 1219 LAd
2775 1174 2828 1222 te
2886 1166 3066 1223 omnis
3109 1183 3240 1222 caro
3300 1167 3502 1231 veniet,
3538 1185 3557 1218 ι

1984 1273 2173 1314 carum
2204 1255 2607 1311 confessionem
2651 1265 3052 1325 consequenter
3073 1254 3360 1318 describit,
3394 1269 3458 1308 ac
3495 1269 3562 1309 ex

1985 1362 2174 1403 earum
2191 1361 2426 1416 persona
2445 1345 2616 1399 dicit:
2650 1365 2667 1396 ι
2714 1343 3220 1415 Verbainiquorum
3259 1345 3562 1414 praevalue-
3607 1349 3612 1352 '

1989 1448 2132 1493 runt'
2163 1452 2476 1508 supernos,
2527 1455 2546 1488 ι
2581 1437 2764 1500 idest,
2822 1436 2988 1491 verba
3043 1436 3356 1506 iniquorum
3401 1451 3562 1506 supe-

1988 1530 2136 1584 riora
2171 1544 2234 1584 ac
2267 1528 2574 1599 potentiora
2640 1528 2846 1583 nostris
2895 1525 3135 1582 fuerunt.
3177 1527 3355 1597 Iniqui
3383 1535 3562 1580 autem

1991 1621 2162 1686 fuere,
2203 1619 2294 1690 qui
2334 1620 2491 1690 primi
2545 1619 2690 1674 idola
2759 1619 2902 1673 inter
2948 1617 3080 1673 deos
3130 1625 3560 1687 computarunt:

1989 1713 2153 1768 verba
2185 1727 2347 1781 porro
2381 1727 2568 1766 eorum
2595 1719 2744 1777 sunt,
2782 1726 2903 1780 qua:
2930 1728 2956 1760 a
2991 1710 3166 1780 poetis
3199 1717 3252 1764 et
3298 1709 3558 1779 sapienti.

295 1807 421 1861 θέου
455 1808 665 1878 πλάνης
698 1809 755 1862 ἐν
787 1808 1185 1880 συγγράμμασι
1207 1807 1693 1880 καταϐεϐλημένοι.
1745 1810 1881 1863 Ἀλλ’

1990 1806 2089 1860 bus
2119 1803 2282 1874 hujus
2343 1803 2528 1859 saeculi
2585 1804 2651 1857 de
2699 1804 2991 1856 multorum
3045 1800 3328 1858 numinum
3378 1815 3564 1858 errore

292 1893 441 1954 οῦτοι
502 1898 606 1969 μὲν
654 1918 674 1950 ι
739 1899 1241 1954 κατεδυνάστευσαν
1295 1899 1486 1970 ἡμῶν,
1542 1921 1559 1950 ι
1597 1899 1738 1954 κατά
1790 1901 1882 1954 τὸν

295 1989 623 2061 Σύμμαχον·
682 1990 746 2042 σὺ
809 1991 1005 2061 δ”οὐχ
1054 1991 1340 2060 ὑπερεῖδες
1396 1993 1566 2061 ἡμᾶς,
1598 1992 1877 2046 Δέσποτα·

297 2078 468 2134 ίλάσω
496 2080 552 2133 δὲ
588 2079 684 2143 τὰς
727 2078 986 2143 ἀσεϐείας
1029 2079 1207 2150 ἡμῶν,
1244 2081 1610 2152 καταπέμψας
1638 2084 1768 2153 ἡμῖν
1793 2082 1882 2136 τὸν

295 2171 545 2241 ίλασμὸν.
579 2170 646 2223 δι’
675 2163 740 2224 οὗ
766 2169 1036 2233 κατέστης
1068 2172 1200 2240 ἡμῖν
1242 2171 1422 2235 ἵλεως,
1457 2173 1699 2242 ὑπερϐὰς
1728 2174 1883 2245 ἡμῶν

293 2263 395 2324 τάς
430 2260 706 2324 ἀσεϐείας.
729 2259 824 2324 Τίς
845 2258 902 2312 δέ
926 2261 1073 2312 ἐστιν
1101 2261 1128 2313 ὁ
1162 2259 1410 2331 ἱλασμδς,
1439 2260 1677 2316 διδάσκει
1710 2262 1882 2333 λέγων

291 2354 326 2406 ό
356 2351 675 2415 Ἀπόστολος
704 2351 828 2422 περὶ
849 2349 941 2404 τοῦ
959 2350 1209 2422 Σωτῆρος
1229 2371 1241 2382 ·
1270 2370 1288 2401 ι
1307 2354 1400 2405 Ὃν
1428 2354 1685 2424 προέθετο
1704 2357 1732 2408 ό
1753 2356 1884 2422 Θεὸς

298 2445 612 2516 ἐλαστήριον
667 2443 755 2496 διά
812 2443 1049 2507 πίστεως
1082 2445 1142 2496 ἐν
1171 2443 1251 2514 τῷ
1279 2443 1441 2498 αὑτοῦ
1488 2447 1711 2516 αἵματιο
1749 2467 1766 2501 ι
1791 2449 1885 2504 καὶ

297 2535 492 2590 πάλινο
535 2553 553 2586 ι
595 2533 764 2597 Αὐτὸς
811 2533 1034 2604 ἱλασμός
1085 2536 1232 2588 ἐστιν
1263 2535 1402 2606 ὑπὲρ
1450 2535 1558 2589 τῶν
1598 2539 1884 2612 ἁμαρτιῶν

293 2625 456 2698 ἡμῶν
478 2642 493 2656 ο
523 2625 622 2695 οὐχ
660 2625 797 2695 ὑπὲρ
827 2624 936 2676 τῶν
986 2625 1267 2697 ἡμετέρων
1302 2625 1358 2679 δέ
1391 2626 1572 2698 μόνον,
1622 2628 1757 2684 ἀλλὰ
1794 2632 1885 2687 καὶ

295 2717 441 2788 ὑπὲρ
466 2717 588 2772 ὅλου
623 2714 716 2769 τοῦ
744 2715 972 2786 κόσμου.
1007 2735 1024 2766 ο

379 2935 398 2967 ι
445 2913 730 2985 Μακάριος
765 2913 823 2967 ὃν
851 2913 1078 2978 ἐξελέξω
1114 2917 1206 2968 καί
1237 2915 1597 2986 προσελάϐου,
1629 2919 1886 2989 κατοική-

301 3025 384 3061 σει
425 3010 482 3059 ἐν
517 3009 635 3068 ταῖς
674 3006 865 3070 αὐλαῖς
905 3022 1019 3059 σου.
1050 3025 1067 3056 ι
1117 3007 1180 3060 Οί
1207 3006 1265 3071 ἐξ
1294 3007 1550 3061 ἁπάντων
1576 3009 1685 3062 τῶν
1717 3009 1884 3064 ἐθνῶν

1986 1897 2206 1966 scriptis
2229 1896 2549 1966 consignata
2579 1905 2727 1949 sunt.
2761 1893 2867 1949 Sed
2905 1893 2938 1947 ii
2988 1891 3206 1963 quidem
3251 1909 3270 1942 ι
3293 1891 3562 1950 .dominati

1987 1995 2116 2044 sunt
2145 1987 2324 2051 nobis,
2375 2007 2392 2038 ι
2423 1987 2721 2042 secundum
2760 1985 3143 2060 Symmachum
3167 1994 3277 2052 ;_tu
3307 2000 3436 2040 vero
3459 1999 3565 2038 non

1985 2079 2282 2151 despexisti
2314 2095 2435 2142 nos,
2473 2079 2724 2141 Domine,
2761 2078 2853 2133 sed
2889 2079 3217 2148 propitiatus
3271 2077 3568 2147 impietati-

1986 2170 2090 2226 bus
2121 2172 2351 2233 nostris,
2385 2171 2586 2225 misisti
2616 2169 3059 2240 propitiationem
3099 2169 3278 2233 nobis,
3310 2184 3416 2240 qua
3466 2169 3568 2224 im-

1986 2263 2220 2334 pietates
2275 2272 2703 2334 prmtergrcssus
2756 2271 2995 2324 nostras,
3050 2261 3296 2331 placatus
3321 2261 3564 2316 evasisti.

1988 2355 2120 2420 Quae
2137 2369 2301 2425 porro
2329 2353 2402 2409 sit
2436 2355 2528 2409 illa
2584 2353 2919 2426 propitiatio,
2979 2351 3139 2406 docet
3178 2351 3471 2422 Apostolus
3501 2351 3569 2406 de

1990 2446 2283 2503 Servatore
2341 2448 2565 2502 dicens:
2607 2467 2625 2498 ι
2667 2445 2837 2512 Quem
2879 2447 3164 2516 proposuit
3211 2443 3355 2499 Deus
3389 2442 3570 2512 propi-

1990 2541 2271 2597 tiationem
2303 2558 2400 2612 per
2428 2541 2587 2596 ﬁdem
2619 2540 2672 2594 in
2699 2539 2962 2608 sanguine
2985 2536 3158 2607 ipsius
3187 2535 3260 2601 ¹⁸;
3305 2553 3323 2587 t
3357 2549 3418 2588 ac
3443 2550 3569 2588 rur-

1987 2650 2108 2690 sum
2138 2653 2150 2689 :
2193 2654 2209 2685 ι
2245 2634 2362 2706 Ipse
2399 2632 2714 2704 propitiatio
2757 2639 2841 2686 est
2874 2643 2972 2700 pro
3028 2626 3267 2698 peccatis
3314 2627 3519 2682 nostris
3554 2643 3566 2677 :

1990 2744 2098 2783 non
2150 2743 2247 2798 pro
2311 2726 2514 2782 nostris
2565 2733 2743 2780 autem
2799 2732 3033 2787 tantum,
3103 2723 3196 2779 sed
3249 2737 3347 2792 pro
3403 2719 3571 2775 totius

1990 2819 2178 2873 mundi
2215 2819 2275 2871 ‘9.
2315 2839 2332 2869 ι

2065 2930 2228 2987 Vens.
2267 2933 2385 2988 5-9.
2441 2952 2457 2982 ι
2488 2931 2691 2988 Beatus
2725 2945 2887 3000 quem
2930 2929 3138 3000 elegisti
3187 2939 3240 2984 et
3270 2927 3574 2997 assumpsi-

1990 3025 2082 3086 sti,
2136 3025 2463 3079 inhabitabit
2511 3025 2564 3077 in
2616 3022 2776 3088 atriis,
2816 3022 2946 3078 tuis.
2991 3041 3008 3074 ι
3065 3021 3167 3088 Qui
3204 3036 3270 3076 ex
3315 3020 3572 3074 omnibus

300 3097 763 3170 ἐπιστρέψαντες,
806 3097 906 3161 τάς
937 3097 1145 3151 ἑαυτῶν
1190 3099 1444 3164 ἀσεϐείας
1488 3100 1886 3174 ἐξομολογησά-

1990 3118 2249 3188 gentibus
2275 3117 2526 3172 conversi
2552 3125 2702 3178 sunt,
2731 3113 3042 3184 impietates
3061 3112 3301 3168 confessi
3335 3128 3486 3174 suas,
3512 3119 3572 3164 ut
3651 3135 3654 3140 -

305 3209 478 3261 μενοι,
514 3191 609 3245 καὶ
636 3191 711 3255 ὡς
742 3189 1278 3261 κατηξιώθησανιτοῦ
1321 3191 1571 3264 ἱλασμοῦ,
1608 3196 1887 3268 προκοπὴν

300 3281 715 3347 ἐπιδείκνυνται,
763 3283 856 3337 καὶ
898 3283 1078 3353 ψυχῆς
1118 3283 1387 3352 ὠφέλειαν
1431 3285 1652 3358 πολλὴν,
1689 3289 1888 3356 γνῶσιν

297 3374 649 3447 ἀνειληφέναι
688 3376 1029 3440 διδάσκοντες
1066 3376 1159 3430 τοῦ
1190 3377 1404 3448 ἀληθῶς
1440 3381 1731 3451 μακαρίου.
1781 3381 1889 3436 Πά-

300 3466 392 3519 λαι
438 3469 535 3538 μὲν
569 3469 681 3552 γὰρ
719 3467 810 3520 τὸν
853 3468 1046 3540 θνητὸν
1097 3470 1210 3540 βίον
1267 3471 1358 3524 καὶ
1405 3471 1504 3542 τὴν
1558 3463 1889 3545 πρόσκαιρον

303 3557 451 3628 ζωὴν
497 3559 664 3630 μόνην
693 3558 910 3624 εἰδότες,
964 3560 1184 3625 πάντως
1235 3579 1336 3614 που
1389 3563 1725 3634 ἐμακάριζον
1764 3565 1892 3628 τοὺς

300 3649 507 3719 ταύτης
559 3650 948 3714 ἀπολαύοντας,
993 3651 1144 3716 τέλος
1189 3653 1382 3724 ἡδονὴν
1423 3653 1752 3726 ὁριζόμενοι,
1797 3657 1891 3709 καὶ

303 3738 600 3804 πλούτους,
654 3741 758 3794 καὶ·
792 3741 892 3812 τὴν
929 3742 988 3794 ἐν
1041 3741 1252 3813 σώματι
1295 3745 1535 3816 τρυφήν
1588 3745 1684 3798 νῦν
1721 3746 1766 3800 δ’
1801 3745 1888 3799 ὅτε

302 3832 638 3900 τετυχήκασι
677 3830 770 3883 τοῦ
819 3830 1070 3901 ἱλασμοῦ,
1119 3833 1212 3885 καὶ
1256 3831 1355 3895 τὰς
1389 3832 1598 3887 ἐαυτῶν
1636 3833 1889 3898 ἀσεϐείας

304 3921 756 3994 ἀπεκαθήραντο,
805 3922 1006 3990 γνῶσιν
1051 3924 1374 3994 ἀνειλήφασι
1414 3923 1508 3977 τοῦ
1539 3924 1755 3996 ἀληθῶς
1791 3943 1892 3996 μα-

305 4013 496 4084 καρίου
517 4030 530 4042 ·
575 4015 667 4066 καὶ
693 4013 879 4067 τοῦτον
906 4010 1045 4068 εἷναί
1085 4032 1216 4084 φασι
1247 4015 1338 4068 τὸν
1369 4015 1476 4069 ὑπὸ
1510 4015 1648 4069 Θεοῦ
1673 4016 1891 4085 ἐκλεγό-

308 4121 468 4174 μενον
497 4103 708 4174 καὶτῆς
741 4105 834 4157 ὑπ’
867 4104 1029 4158 αὑτοῦ
1061 4105 1419 4176 προσλήψεως
1450 4105 1885 4176 κατηξιωμένον·

304 4193 386 4246 διό
425 4211 586 4263 φασι⁸
639 4195 845 4258 Πάντες
887 4197 1048 4267 ἡμεῖς
1080 4196 1179 4267 τῆς
1223 4196 1467 4267 κλήσεως
1508 4197 1889 4267 κατηξιώμεθα

304 4289 357 4342 οί
403 4288 568 4342 πάλαι
617 4289 769 4352 ὄντες
827 4289 991 4361 σάρξ·
1042 4288 1156 4344 ἀλλ’
1215 4291 1392 4361 ἴσμεν,
1442 4292 1526 4344 ὅτι
1568 4292 1750 4345 πολλοὶ
1792 4293 1892 4363 μὲν

305 4378 539 4451 κλητοὶ,
585 4381 756 4451 ὀλίγοι
806 4382 861 4436 δὲ
913 4383 1176 4436 ἐκλεκτοί.
1251 4383 1490 4448 Εἰκότως
1550 4382 1643 4438 οὖν
1696 4385 1780 4450 ὡς
1825 4384 1890 4438 ἂν

1993 3206 2388 3278 propitiatione
2421 3203 2651 3274 dignati,
2687 3201 2991 3273 profectum
3033 3200 3334 3269 anima-que
3365 3197 3573 3251 utilita-

1991 3308 2099 3355 tem
2145 3298 2400 3358 Inultam,
2446 3295 2594 3350 illius
2625 3295 2717 3364 qui
2747 3307 2873 3348 vere
2916 3293 3111 3346 beatus
3148 3299 3231 3346 est
3264 3290 3454 3345 notitia
3488 3287 3571 3344 in-

1991 3388 2212 3449 structi,
2268 3385 2554 3440 exhibent.
2620 3381 2763 3438 Olim
2813 3397 3049 3452 namque
3103 3397 3228 3436 eunt
3284 3381 3571 3436 mortalem

1991 3488 2206 3535 tantum
2262 3489 2317 3534 et
2372 3485 2780 3546 temporaneam
2837 3476 3003 3529 vitam
3065 3483 3312 3538 nossent,
3362 3472 3454 3542 qui
3509 3486 3604 3527 ea-
3659 3519 3672 3524 η

1995 3572 2309 3626 fruerentur
2365 3568 2554 3623 beatos
2599 3564 2827 3621 omnino
2882 3563 3276 3636 praedicabant,
3331 3562 3576 3632 volupta-

1994 3672 2122 3726 tem,
2156 3661 2402 3724 divitias,
2438 3657 2689 3729 corporis
2719 3656 3069 3726 deliciaspro
3100 3654 3205 3709 line
3232 3653 3576 3719 constituen-

1992 3763 2096 3810 tes.
2145 3753 2308 3808 Nunc
2337 3768 2468 3807 vero
2497 3750 2943 3822 propitiationem
2984 3746 3155 3810 nacti,
3203 3745 3575 3815 depositisque

1993 3831 2294 3916 impietatis
2329 3843 2616 3908 sordibus,
2665 3840 2818 3895 illius
2855 3839 2948 3910 qui
2980 3855 3108 3893 vere
3139 3837 3333 3893 beatus
3369 3844 3456 3892 est
3487 3849 3578 3890 co-

1991 3938 2293 4008 gnitionem
2326 3935 2510 4006 adepti
2543 3940 2708 3995 sunt,
2732 3932 2990 4001 huncque
3013 3945 3138 3985 esse
3169 3929 3380 3989 dicunt,
3410 3941 3572 3997 quem

1995 4028 2140 4084 Deus
2159 4043 2445 4084 assumere
2464 4034 2520 4081 et
2543 4026 2745 4096 eligere
2768 4022 3029 4095 dignatus
3051 4027 3135 4076 est
3156 4037 3168 4074 :
3189 4034 3361 4089 quare
3385 4019 3537 4073 aiunt
3557 4037 3570 4072 :

1995 4121 2106 4176 Nos
2139 4134 2333 4174 omnes
2362 4118 2648 4172 vocatione
2674 4113 2824 4185 digni
2859 4112 3036 4168 habiti
3070 4127 3286 4175 sumus,
3321 4111 3411 4181 qui
3442 4110 3571 4165 olim

1992 4226 2126 4267 caro
2157 4225 2382 4266 eramus
2409 4225 2424 4263 :
2451 4208 2546 4264 sed
2593 4206 2801 4261 scimus
2848 4204 3050 4260 multos
3077 4209 3325 4267 vocatos,
3369 4215 3574 4272 paucos

1993 4303 2203 4357 electos
2230 4316 2354 4355 esse
2380 4299 2542 4369 :-j,ure
2575 4298 2738 4368 igitur
2758 4297 3013 4357 electum,
3046 4302 3234 4365 utpote
3264 4294 3358 4365 qui
3387 4308 3574 4364 petra.-

1996 4407 2092 4446 rus
2128 4390 2220 4454 sit,
2251 4389 2471 4443 beatum
2503 4387 2888 4458 praedicamus.
2921 4385 3057 4451 Quis
3089 4385 3179 4439 ille
3201 4392 3307 4447 est,
3339 4383 3447 4438 nisi
3477 4384 3571 4454 qui

305 4471 534 4525 σπάνιον
580 4473 974 4548 μακαρίζομεν,
1004 4475 1095 4526 τὸν
1144 4474 1420 4528 ἐκλεκτόν.
1482 4476 1578 4540 Τίς
1632 4476 1689 4528 δέ
1747 4478 1892 4530 ἐστιν

1997 4497 2064 4538 ex
2098 4480 2288 4535 multis
2320 4486 2643 4549 segregatus
2685 4488 2737 4532 et
2767 4493 2797 4531 a
2833 4476 2942 4532 Deo
2969 4485 3286 4546 assumptus
3316 4475 3448 4531 est?
3471 4474 3574 4530 Ec-

304 4557 461 4626 οὗτος
505 4563 682 4636 ἀλλ’ἢ
739 4566 768 4617 ό
821 4564 1138 4638 ἀφορισθεὶς
1189 4565 1298 4618 τῶν
1347 4565 1556 4619 πολλῶν
1603 4567 1698 4620 καὶ
1757 4568 1887 4621 ἀνα-

302 4651 531 4726 ληφθεὶς
572 4655 677 4708 ὑπὸ
723 4655 818 4708 τοῦ
854 4655 1024 4721 Θεοῦ;
1075 4658 1185 4710 Καὶ
1237 4657 1356 4720 πῶς
1383 4657 1492 4728 γάρ
1535 4657 1597 4709 οὐ
1625 4659 1892 4729 μακάριος

303 4745 520 4818 άληθῶς
585 4748 614 4800 ό
644 4745 906 4813 τοιοῦτος,
956 4748 1142 4814 ὁπότε,
1181 4747 1289 4801 τῶν
1322 4747 1416 4801 δύο
1451 4747 1658 4802 τούτων
1691 4748 1888 4819 τυχὼν,

302 4835 450 4905 λέγω
478 4837 535 4890 δὲ
560 4837 660 4907 τῆς
689 4837 919 4908 ἐκλογῆς
957 4839 1051 4891 καὶ
1082 4838 1182 4908 τῆς
1207 4837 1301 4892 τοῦ
1333 4839 1467 4892 Θεοῦ
1510 4838 1886 4911 προσλήψεως,

305 4927 495 4997 ἐτέρου
541 4927 848 4998 κρείττονος
881 4929 1387 5002 καταξαυθήσεται;
1437 4933 1753 5004 κατοικήσει
1784 4932 1892 5006 γάρ

305 5019 365 5070 ἐν
409 5021 529 5082 ταῖς
575 5018 765 5082 αὐλαῖς
813 5019 909 5072 τοῦ
936 5020 1091 5074 Θεοῦ.
1152 5021 1262 5075 Καὶ
1311 5021 1515 5094 ταύτην
1559 5022 1745 5076 λοιπὸν
1794 5024 1892 5094 τὴν

308 5110 478 5182 μονὴν
538 5110 713 5183 εὑρὼν
765 5113 864 5166 καὶ
917 5113 1016 5184 τὴν
1077 5113 1393 5169 ἀνάπαυλαν
1413 5156 1427 5181 ,
1482 5115 1714 5169 ἐνταῦθα
1763 5134 1892 5188 στη-

309 5200 626 5273 ριχθήσεται
657 5218 670 5232 ·
730 5203 791 5256 τὸ
834 5203 986 5269 τέλος
1027 5205 1230 5273 ἀγαθὸν
1281 5207 1437 5260 τοῦτο
1483 5206 1791 5271 ἀπολαύων,
1830 5200 1892 5261 οῦ

303 5297 490 5364 τυχεῖν
518 5295 613 5348 καὶ
642 5293 800 5358 ἀλλος
825 5293 1026 5367 ηὔχετο
1072 5298 1356 5369 προφήτης
1395 5299 1424 5352 ό
1458 5297 1628 5351 εἰπών
1647 5316 1660 5328 ·
1700 5319 1717 5348 ι
1744 5301 1893 5355 Ἐπιρ

307 5384 466 5436 ποθεῖ
511 5385 606 5438 καὶ
648 5385 890 5440 ἐκλείπει
926 5388 960 5458 ἡ
993 5386 1140 5460 ψυχή
1189 5406 1290 5459 μου
1332 5390 1412 5452 εἰς
1451 5389 1552 5453 τὰς
1591 5391 1758 5456 αὐλὰς
1795 5390 1890 5445 τοῦ

273 5507 286 5512 -
307 5477 537 5549 Κυρίου.
568 5498 585 5530 ι
621 5479 794 5532 sam
815 5479 873 5533 δέ
899 5480 994 5533 τοῦ
1026 5480 1232 5552 Κυρίου
1261 5482 1399 5536 είσὶν
1433 5485 1494 5537 al.
1517 5484 1639 5538 κατ’
1663 5484 1890 5555 οὐρανὸν

310 5571 644 5644 μοναὶ,,περὶ
669 5565 743 5625 ὧν
767 5572 978 5644 εἴρηται
1000 5573 1058 5624 ἐν
1078 5572 1410 5645 Εὑαγγελίῳ⁸
1450 5593 1468 5626 ι
1499 5575 1699 5628 Πολλαὶ
1731 5576 1890 5647 μοναὶ

387 5747 432 5777 ³⁸
460 5743 618 5804 Rom.
652 5763 736 5816 Ill,
772 5746 866 5804 25.

1993 4572 2087 4642 qui
2121 4587 2228 4626 non
2256 4585 2384 4625 vere
2417 4569 2614 4624 beatus
2654 4569 2724 4622 sit
2751 4568 2846 4638 qui
2877 4566 3193 4636 huiusmodi
3222 4574 3329 4629 est,
3354 4565 3575 4636 quando

1992 4662 2102 4715 duo
2140 4661 2254 4715 hac
2297 4675 2328 4713 a
2364 4658 2475 4714 Deo
2519 4665 2884 4724 consecutus,
2903 4657 3226 4712 electionem
3277 4656 3488 4710 scilicet
3520 4661 3575 4708 et

1993 4752 2449 4821 assumptionem,
2483 4751 2590 4805 alio
2638 4750 3016 4822 praestantiore
3048 4747 3400 4819 dignabitur?
3447 4761 3574 4802 nam

1993 4843 2326 4898 inbabitabit
2357 4843 2412 4898 in
2446 4843 2603 4898 atriis
2633 4841 2750 4898 Dei.
2797 4841 2863 4894 Et
2892 4841 2994 4894 hac
3025 4840 3245 4896 inventa
3293 4840 3576 4896 mansione

1991 4945 2045 4992 et
2076 4938 2282 5008 quiete,
2307 4937 2432 4992 istic
2460 4934 2898 4995 conlirmabitur,
2929 4933 3144 5002 [ineque
3174 4931 3318 4986 bono
3341 4931 3574 4992 fruetur,

1996 5046 2158 5100 quem
2231 5029 2479 5085 nancisci
2544 5027 2772 5096 rogabat
2828 5027 2972 5080 alius
3016 5024 3282 5095 propheta
3337 5023 3571 5079 dicens:

1999 5139 2016 5170 ι
2054 5120 2407 5190 Concupiscit
2440 5128 2494 5174 et
2540 5119 2728 5174 deﬁcit
2770 5117 2952 5172 anima
3004 5132 3126 5195 mea
3176 5117 3231 5170 in
3285 5116 3425 5170 atria
3469 5113 3577 5168 Do-

1993 5210 2132 5266 mini
2162 5211 2231 5264 '°.
2268 5229 2286 5261 ι
2323 5209 2476 5262 Atria
2522 5225 2652 5264 vero
2699 5207 2914 5262 Domini
2958 5215 3086 5264 sunt
3116 5208 3370 5263 cmlesles
3419 5221 3576 5261 man-

2000 5303 2207 5364 siones,
2263 5302 2331 5357 de
2379 5302 2581 5372 quibus
2631 5301 2834 5356 dicitur
2866 5301 2920 5356 in
2971 5299 3269 5372 Evangelia
3300 5318 3312 5354 :
3349 5317 3367 5350 c
3403 5296 3574 5367 Apud

1997 5391 2216 5447 Patrem
2254 5393 2570 5448 mansiones
2619 5393 2896 5448 multm".
2930 5411 2948 5446 ι
2985 5391 3036 5448 Is
3068 5392 3250 5462 itaque
3294 5405 3371 5444 ex-
3398 5386 3574 5458 genti-

1996 5483 2120 5546 bus,
2149 5484 2242 5554 qui
2293 5484 2422 5538 olim
2463 5499 2593 5538 caro
2634 5494 2772 5548 erat,
2827 5485 2922 5541 sed
2961 5484 3082 5553 jam
3113 5489 3377 5543 mutatus,
3407 5477 3574 5532 homo

2001 5574 2095 5629 Dei
2132 5575 2360 5630 etl‘ectus
2385 5582 2489 5638 est,
2515 5590 2637 5630 eum
2661 5574 2764 5646 qui
2783 5581 3104 5646 segregatus
3135 5579 3189 5626 ct
3219 5571 3331 5640 jam
3361 5567 3574 5628 electus

973 5749 1016 5781 ι’
1045 5745 1065 5801 l
1096 5744 1253 5803 Joan.
1287 5762 1350 5816 ιι,
1373 5748 1429 5804 2.
1505 5751 1551 5782 ’⁸
1578 5748 1702 5804 Psal
1765 5765 1996 5818 unm,
2033 5751 2088 5808 '5.
2171 5753 2212 5785 "
2241 5749 2399 5808 leam
2435 5767 2547 5815 atv,
2575 5751 2636 5810 2.
