4086 6442
571 387 671 442 σει

1250 385 1515 442 EUSEBII
1549 384 2030 441 CIESARIENSIS
2062 383 2214 438 ()PP.
2251 381 2432 437 PARS
2473 382 2561 436 Ill.
2600 411 2673 423 —
2711 380 3122 436 EXEGETICA.

3748 380 3844 437 631

572 508 658 555 est
694 500 908 554 beatum
940 497 1234 567 praedicat;
1272 505 1460 568 utpote
1487 499 1580 567 qui
1628 513 1660 552 a
1702 497 1814 553 Deo
1835 505 2154 567 assumptus

2261 496 2411 568 παρά
2445 495 2521 566 τῷ
2541 497 2737 567 Πατρί.
2771 517 2790 547 ι
2843 498 2902 551 Ὀ
2935 497 3114 550 τοίνυν
3145 496 3204 561 ἐξ
3231 496 3400 550 ἐθνῶν
3423 495 3609 552 πάλαι
3644 497 3742 567 μὲν
3779 499 3845 551 ῶν

571 601 628 645 et
676 591 732 645 in
786 589 923 644 atria
973 588 1219 642 cmlestis
1265 587 1568 643 Jerusalem
1618 587 1921 643 translatus
1969 588 2152 643 fuerit.

577 698 598 732 ι
629 679 981 750 Replebimur
1025 681 1082 735 in
1131 679 1291 735 bouis
1346 677 1544 734 domus
1588 685 1735 733 tum:
1769 685 2020 734 sanctum
2070 686 2155 733 est

573 769 835 840 templum
893 777 1073 834 tuum,
1123 769 1376 823 mirabile
1421 768 1741 838 iniustitia.
1779 787 1798 821 ι
1835 769 1937 834 Qui
1987 784 2155 838 supra

572 858 862 915 memorati
891 869 1040 926 sunt,
1079 859 1222 914 bona
1253 859 1524 925 caelestia,
1565 859 1723 930 queis
1754 859 2049 929 przedictus
2071 859 2155 914 vir

576 951 769 1007 beatus
813 951 1013 1022 dignus
1060 953 1284 1008 habitus
1317 959 1424 1016 est,
1479 952 1744 1022 consequi
1778 960 2152 1022 peroptantes,
2201 959 2213 968 ‘

572 1045 726 1098 aiunt
753 1063 766 1099 :
799 1063 817 1094 ι
846 1043 1199 1114 Replebimur
1230 1043 1285 1098 in
1319 1043 1480 1098 bonis
1509 1037 1707 1097 domus
1743 1050 1867 1096 tuae.
1920 1061 1938 1092 ι
1975 1041 2155 1098 Cele-

572 1142 713 1188 stem
751 1133 900 1188 enim
931 1135 1080 1188 illam
1109 1132 1204 1189 Dei
1237 1133 1485 1194 domum,
1527 1131 1687 1202 cujus
1719 1132 1773 1184 in
1805 1131 1962 1187 atriis
1987 1132 2034 1185 is
2059 1130 2152 1201 qui

566 1223 682 1292 jam
729 1223 938 1280 electus
982 1224 1085 1279 fuit
1144 1225 1478 1280 constitutus
1538 1232 1644 1288 est,
1701 1224 1871 1293 probe
1927 1234 2152 1284 norunt.

571 1316 939 1382 Quamobrem
973 1322 1290 1387 precantur,
1317 1330 1378 1370 se
1402 1329 1624 1386 quoque
1657 1322 1969 1386 opportuno
2010 1324 2152 1370 tem-

571 1423 704 1478 pore
747 1408 994 1464 cmlestia
1042 1408 1131 1461 illa
1173 1404 1316 1462 bona
1361 1406 1648 1477 consequi.
1678 1406 1835 1474 Quod
1876 1405 1922 1460 si
1956 1405 2154 1461 domus

571 1498 668 1552 Dei
700 1499 945 1555 Ecclesia
974 1499 1094 1569 ejus
1123 1499 1195 1554 sit
1228 1497 1533 1554 secundum
1557 1497 1904 1568 Apostolum,
1929 1498 2021 1567 qui
2045 1497 2148 1552 ait:

577 1611 596 1642 ι
631 1589 699 1646 Ut
739 1592 885 1646 scias
920 1591 1198 1664 quomodo
1226 1601 1476 1659 Oporteat
1516 1598 1569 1644 te
1605 1590 1660 1644 in
1690 1590 1856 1644 domo
1890 1587 1982 1644 Dei
2030 1603 2154 1642 cou-

569 1683 805 1746 versari,
833 1698 955 1752 qua:
987 1689 1072 1736 est
1106 1679 1352 1735 Ecclesia
1389 1679 1482 1736 Dei
1528 1681 1660 1745 vivi,
1696 1681 1954 1735 columna
1984 1687 2039 1736 et
2064 1679 2154 1732 lir-

573 1779 910 1825 mamentum
958 1771 1209 1826 veritatis
1235 1771 1316 1837 ";
1351 1790 1369 1824 ι
1395 1771 1522 1841 jure
1564 1771 1794 1826 dicunt:
1828 1769 2028 1826 Beatus
2062 1771 2153 1832 ille

2260 585 2418 656 σὰρξ,
2457 584 2778 656 μεταϐαλὼν
2807 587 2864 640 δὲ
2904 588 2997 640 καὶ
3035 587 3328 658 γενόμενος
3364 587 3505 641 Θεοῦ
3538 586 3844 657 ἄνθρωπος,

2259 675 2552 752 μακαρίζει
2596 677 2688 730 τὸν
2735 677 3012 748 ἐξαίρετον
3059 678 3156 730 καὶ
3200 679 3302 749 ἠδη
3341 678 3649 732 ὲκλεπιιαι-όν⁹
3689 680 3765 742 ὡς
3793 681 3850 733 ἃν

2257 767 2673 838 προσληφθέντα
2711 767 2816 822 ὑπὸ
2858 768 2952 822 τοῦ
2985 767 3122 822 Θεοῦ
3160 770 3255 822 καὶ
3299 770 3750 841 παραληφθέντα
3783 773 3852 838 εἰς

2255 855 2356 922 τάς
2401 858 2570 923 αὑλάς
2604 860 2705 929 τῆς
2745 859 3068 930 ἐπουρανίου
3111 859 3484 932 Ἰερουσαλήμ.
3535 881 3556 912 ι
3605 861 3854 932 Πλησθη-

2257 947 2465 1019 σόμεθα
2498 950 2556 1003 ὲν
2578 951 2691 1013 τοῖς
2721 948 2950 1017 ἀγαθοῖς
2985 949 3082 1002 τοῦ
3114 949 3264 1002 οἴκου
3296 967 3389 1003 σου
3411 969 3424 982 ·
3473 951 3652 1019 ἅγιος
3686 955 3716 1004 ὁ
3742 953 3856 1015 ναός

2259 1053 2390 1100 σου,
2441 1037 2752 1108 θαυμαστὸς
2797 1039 2854 1090 ὲν
2892 1037 3226 1109 δικαιοσύνῃ.
3255 1057 3275 1089 ι
3321 1040 3386 1092 Oi
3430 1040 3856 1112 προλεχθέντες,

2255 1131 2438 1198 τυχεῖν
2470 1128 2755 1199 εὐχόμενοι
2787 1127 2882 1181 κα)⁸
2903 1127 3059 1182 αὐτοὶ
3099 1128 3590 1202 τῶν’ὲπουρανίων
3619 1130 3858 1198 ἀγαθῶν,

2255 1214 2335 1274 ῶν
2369 1218 2595 1290 ἠξίωται
2630 1221 2659 1273 ό
2688 1220 3086 1293 προειρημένος
3117 1222 3406 1292 μακάριος,
3437 1222 3618 1292 φασίν
3641 1239 3656 1252 ·
3701 1223 3861 1295 «Πλη-

2258 1307 2570 1380 σθησόμεθα
2603 1309 2661 1360 ὲν
2687 1311 2800 1373 τοῖς
2835 1308 3062 1378 ἀγαθοῖς
3090 1309 3184 1363 τοῦ
3212 1311 3366 1364 οἴκου
3403 1327 3518 1365 σου.
3565 1331 3589 1364 ι
3653 1313 3862 1380 Ἔγνω-

2258 1416 2357 1453 σαν
2389 1400 2500 1470 γὰρ
2547 1398 2638 1452 τὸν
2681 1394 2830 1452 οἶκον
2870 1399 2965 1452 τοῦ
2994 1399 3130 1454 Θεοῦ
3181 1399 3270 1453 τὸν
3309 1401 3672 1472 ἐπουράνιον,
3708 1397 3772 1456 οὗ
3809 1404 3861 1455 έν

2255 1492 2375 1553 ταῖς
2409 1490 2602 1552 αὐλαῖς
2637 1490 2666 1541 ό
2710 1489 2812 1561 ήδη
2844 1490 3103 1554 ἐκλεκτὸς
3141 1491 3566 1552 κατατέτακται.
3623 1493 3723 1545 Διὸ
3759 1495 3863 1546 ἱκε-

2243 1577 2474 1630 στεύουσι
2525 1575 2704 1648 καιρῷ
2739 1593 2872 1630 ποτε
2918 1578 3015 1633 καὶ
3045 1579 3199 1632 αὐτοὶ
3238 1582 3418 1649 τυχεῖν
3461 1580 3580 1634 τῶν
3625 1584 3862 1654 ἐπουρα-

2256 1669 2388 1722 νίων
2447 1665 2687 1736 ἀγαθῶν.
2745 1666 2812 1721 Εί
2861 1666 2917 1720 δὲ
2970 1667 3065 1720 καὶ
3109 1664 3255 1732 οἰκος
3292 1667 3430 1722 Θεοῦ
3479 1672 3514 1741 ἡ
3552 1670 3864 1741 Ἐκκλησία

2255 1757 2422 1818 αὑτοῦ
2471 1761 2586 1811 ἐστι
2637 1756 2778 1818 κατά
2821 1758 2914 1811 τὸν
2967 1759 3287 1814 Ἀπόστολον
3334 1762 3632 1830 φήσανταο
3691 1783 3712 1814 ι
3750 1764 3863 1818 Ἵνα

567 1865 682 1934 jam
733 1873 882 1920 tuam
928 1874 1263 1922 consecutus
1313 1875 1398 1921 est
1439 1867 1799 1934 electionem;
1845 1881 1946 1922 nos
1998 1878 2148 1929 vero,

2261 1849 2368 1920 ἴδῃς
2399 1849 2515 1912 πῶς
2551 1848 2631 1902 δεῖ
2659 1851 2715 1902 ἐν
2748 1849 2882 1921 οἴκῳ
2899 1848 3032 1902 Θεοῦ
3061 1851 3519 1923 ἀναστρέφεσθαι,
3552 1855 3694 1925 ἥτις
3719 1855 3862 1907 ἐστὶν

571 1957 665 2024 qui
699 1957 938 2012 nondum
967 1959 1104 2013 tales
1125 1973 1340 2021 sumus,
1373 1959 1468 2013 sed
1497 1958 1676 2012 adhuc
1706 1958 1881 2012 imluti
1912 1956 2150 2029 [carne],

569 2049 872 2117 gaudemus
907 2051 1062 2121 quod
1109 2051 1220 2119 jam
1258 2051 1348 2105 bic
1397 2050 1704 2114 constituti,
1757 2051 1916 2112 bonis
1955 2051 2154 2107 domus

569 2149 678 2195 tua:
709 2141 977 2207 fruamur,
1025 2142 1227 2204 divinis
1255 2143 1468 2197 scilicet
1512 2141 1884 2206 sermonibus,
1931 2143 2150 2212 sapien-

569 2234 661 2287 tiae
700 2234 1032 2304 disciplinis,
1079 2244 1132 2288 et
1168 2234 1348 2290 sancti
1400 2231 1640 2304 Spiritus
1695 2233 2149 2299 cliarismatibus,

569 2325 730 2393 queis
760 2326 960 2380 domus
991 2325 1086 2382 Dei
1116 2333 1415 2380 exornatur
1447 2346 1457 2380 :
1497 2343 1516 2377 ι
1550 2325 1656 2380 Alii
1683 2326 1826 2380 enim
1853 2342 1947 2396 per
1978 2324 2152 2396 Spiri-

569 2427 686 2470 tum
731 2417 893 2472 datur
936 2433 1120 2473 sermo
1169 2416 1475 2487 sapientiae,
1531 2418 1621 2472 alii
1671 2433 1856 2474 sermo
1889 2418 2151 2483 scientia,

569 2511 663 2564 alii
695 2509 829 2566 ﬁdes
870 2511 924 2564 in
965 2510 1158 2565 eodem
1191 2509 1422 2580 Spiritu,
1467 2510 1559 2566 alii
1595 2511 1738 2566 dona
1776 2513 2150 2578 curationum,

569 2603 660 2663 alii
693 2618 892 2672 genera
919 2603 1228 2674 linguarum
1254 2601 1324 2666 ",
1364 2621 1382 2654 ι
1410 2610 1464 2658 et
1495 2601 1600 2656 alia
1623 2619 1743 2672 qua:
1768 2603 1986 2660 divinus
2008 2605 2152 2673 Apo-

568 2694 746 2748 stnlus
797 2695 1162 2749 enumeravit.
1223 2692 1338 2754 Hoc
1393 2711 1454 2750 se
1502 2695 1688 2764 itaque
1748 2707 2014 2774 apparatu
2069 2696 2153 2751 in-

569 2791 792 2856 struunt
823 2785 918 2855 qui
951 2784 1179 2840 meliora
1204 2785 1625 2854 concupiscunt.
1657 2781 1864 2840 Deinde
1893 2786 2020 2855 quia
2055 2785 2152 2844 do-

569 2893 695 2933 mus
733 2877 826 2933 Dei
870 2878 1201 2933 mentionem
1247 2876 1522 2938 fecerunt,
1570 2886 1979 2948 consequenter
2029 2878 2157 2936 edo-

571 2977 698 3024 cent
723 2983 974 3038 quaenam
1001 2969 1096 3024 illa
1129 2969 1202 3024 sit
1230 2968 1478 3024 dicentes
1506 2987 1520 3024 :
1553 2985 1572 3020 ι
1606 2967 1870 3026 Sanctum
1901 2979 1986 3026 est
2013 2979 2153 3024 tem-

570 3061 720 3132 plum
767 3068 944 3125 tuum,
991 3059 1246 3120 mirabile
1289 3059 1344 3114 in
1380 3059 1614 3130 justitia.
1651 3081 1672 3118 ι
1708 3059 1832 3116 “me
1859 3063 2003 3117 enim
2055 3063 2154 3117 do-

571 3165 695 3211 mus
744 3148 839 3205 Dei
891 3157 1030 3214 erat,
1073 3159 1327 3209 sanctum
1363 3152 1627 3222 templum
1673 3152 1816 3221 ejus.
1865 3151 2151 3226 Templum

2273 1939 2571 2012 Ἐκκλησία
2613 1939 2749 1992 Θεοῦ
2789 1939 3010 2004 ζῶντος,
3055 1940 3244 2005 στῦλος
3285 1944 3381 1996 καὶ
3427 1944 3728 2016 ἑδραίωμα
3766 1943 3865 2015 τῆς

2258 2031 2596 2103 ἀληθείαιςη
2653 2031 2880 2097 εἰκότως
2926 2035 3118 2102 φασὶν,
3177 2035 3259 2088 ὅτι
3324 2035 3382 2091 '0
3429 2037 3529 2107 μὲν
3576 2037 3862 2108 μακάριος

2259 2124 2362 2196 ἤδη
2418 2125 2520 2195 τῆς
2569 2125 2721 2196 παρὰ
2773 2127 2856 2179 σοὶ
2906 2125 3208 2196 τετύχηκεν
3259 2127 3526 2198 ἐκλογῆς·
3577 2131 3760 2199 ἡμεῖς
3810 2127 3863 2180 δὲ

2259 2217 2309 2268 οἰ
2336 2217 2471 2288 μηδέ
2484 2235 2564 2270 πω
2588 2215 2840 2282 τοιοῦτοι,
2871 2217 2952 2270 ἔτι
2979 2219 3037 2272 δὲ
3066 2217 3518 2290 περιϐεϐλημένοι
3543 2219 3860 2290 ἀγαπῶμεν

2259 2307 2512 2361 ἐντεῦθεν
2559 2309 2659 2381 ἤδη
2690 2311 2800 2362 τῶν
2841 2311 2900 2364 ὲν
2944 2309 3024 2381 τῷ
3063 2311 3197 2382 οἴκῳ
3235 2327 3329 2364 σου
3359 2311 3579 2380 ἀγαθῶν
3611 2303 3860 2366 ἀπολαύ-

2260 2417 2443 2464 οντες,
2498 2400 2675 2470 λόγων
2735 2401 2936 2473 δηλαδὴ
2984 2400 3144 2455 θείων
3193 2403 3288 2456 καί.
3340 2402 3449 2455 τῶν
3492 2404 3593 2474 τῆς
3663 2402 3858 2472 σοφίας

2263 2491 2604 2562 μαθημάτων
2642 2508 2700 2544 τε
2733 2492 2829 2545 καὶ
2870 2493 3226 2562 χαρισμάτων
3265 2492 3360 2545 τοῦ
3401 2493 3556 2562 ἁγίου
3591 2492 3858 2564 Πνεύμα-

2258 2599 2383 2645 τος,
2419 2576 2499 2644 οἷς
2526 2582 2868 2653 κεκόσμηται
2910 2583 2938 2634 ό
2967 2577 3114 2645 οἶκος
3149 2581 3244 2634 τοῦ
3275 2581 3441 2636 Θεοῠ’
3479 2581 3580 2653 ιτῼ
3615 2584 3728 2654 μὲν
3753 2582 3856 2654 γὰρ

2259 2673 2348 2726 διὰ
2387 2672 2481 2725 τοῦ
2531 2672 2847 2744 Πνεύματος
2899 2672 3097 2726 δίδοται
3141 2672 3300 2741 λόγος
3355 2674 3568 2742 σοφίας,
3600 2673 3758 2746 ἄλλῳ
3801 2673 3855 2726 δὲ

2260 2764 2416 2832 λόγος
2453 2763 2741 2833 γνώσεως,
2781 2765 2953 2837 ἑτέρῳ
2981 2765 3037 2818 δὲ
3070 2765 3254 2828 πίστις
3292 2768 3350 2819 ὲν
3378 2765 3455 2835 τῷ
3483 2765 3637 2836 αὐτῷ
3683 2762 3856 2818 Πνεύ·

2261 2874 2427 2929 ματιο
2490 2857 2634 2928 ἄλλῳ
2683 2859 2996 2928 χαρίσματα
3057 2856 3334 2926 ἰαμάτων,
3386 2857 3557 2928 ἑτέρῳ
3603 2857 3667 2910 δὲ
3722 2856 3851 2925 γένη

2259 2949 2543 3018 γλωσσῶν,
2578 2969 2596 3000 ι
2625 2949 2719 3002 καὶ
2749 2951 2846 3002 ὅσα
2873 2947 3007 3002 ἀλλα
3040 2948 3323 3015 κατέλεξεν
3349 2950 3377 3001 ό
3407 2949 3549 3012 θεῖος
3591 2949 3855 3002 Ἀπόστε-

2259 3039 2369 3103 λος.
2435 3039 2522 3092 Ἑν
2569 3040 2776 3103 τούτοις
2828 3035 2920 3092 οὖν
2966 3039 3193 3102 ἑαυτοὺς
3236 3038 3753 3110 παρασκευάζουσιν
3803 3041 3850 3091 οἱ

2261 3134 2368 3187 τῶν
2416 3133 2739 3204 κρειττόνων
2785 3133 3083 3203 ἐφιέμενοι.
3138 3130 3252 3185 Εἶτ’
3299 3130 3484 3202 ἐπειδὴ
3530 3133 3662 3202 περί
3703 3133 3851 3189 οἴκου

572 3247 755 3300 autem
805 3249 1057 3296 sanctum
1099 3239 1192 3296 Dei
1244 3240 1542 3312 intelligas,
1596 3257 1705 3300 non
1756 3258 2039 3296 murorqu
2073 3251 2153 3298 te-

2261 3222 2389 3276 Θεοῦ
2417 3223 2829 3293 ἐμνημόνευσαν
2849 3262 2864 3284 ,
2896 3220 3203 3284 ἀκολούθως
3241 3222 3421 3286 όποῖος
3458 3215 3614 3286 οὗτος
3647 3221 3850 3291 τυγχά-

572 3339 901 3402 ctorumque
937 3332 1222 3397 fabricam,
1261 3333 1358 3388 sed
1390 3332 1524 3387 illud
1553 3333 1699 3403 quod
1723 3334 1838 3402 jam
1875 3350 1940 3391 ex
1965 3336 2156 3391 electis

573 3425 867 3480 animabus
911 3425 1290 3480 constituitur.
1340 3422 1552 3488 Sancti,
1599 3423 1810 3496 lapides
1853 3427 1959 3480 vivi
1995 3435 2154 3492 sunt;

573 3521 910 3590 domumque
932 3517 1280 3588 spiritualem
1312 3513 1379 3568 ad
1409 3527 1662 3574 sanctum
1694 3517 2026 3572 sacriﬁcium
2055 3517 2146 3571 de-

574 3613 861 3678 stinatam,
893 3617 1100 3665 emtum
1131 3607 1514 3679 religiosorum
1545 3608 1828 3663 hominum
1855 3623 1979 3664 esse
2003 3622 2160 3662 sacer

573 3703 870 3774 Apostolus
921 3699 1110 3756 docuit
1147 3699 1234 3754 his
1278 3699 1498 3754 verbis:
1531 3717 1553 3753 ι
1591 3697 1699 3754 Vos
1743 3707 1924 3756 autem
1966 3713 2158 3756 omnes

574 3795 774 3850 domus
807 3791 902 3852 Dei
935 3790 1096 3855 estis,
1138 3799 1191 3846 et
1235 3788 1476 3860 Spiritus
1516 3789 1610 3848 Dei
1643 3790 1854 3854 habitat
1895 3789 1950 3843 in
1977 3789 2154 3844 vobis.

577 3882 636 3946 Si
675 3881 800 3952 quis
853 3880 1113 3950 templum
1167 3877 1260 3934 Dei
1307 3879 1618 3945 violaverit,
1673 3879 1955 3951 disperdet
2005 3879 2158 3937 illum

575 3975 742 4036 Deus.
772 3970 1058 4044 Templum
1101 3971 1248 4026 enim
1281 3970 1379 4034 Dei,
1420 3979 1670 4026 sanctum
1701 3979 1807 4033 est,
1840 3969 1992 4042 quod,
2027 3971 2161 4026 estis

575 4081 676 4124 vos
703 4065 768 4118 “.
803 4083 822 4116 ι
862 4061 988 4120 Ηωο
1019 4070 1202 4117 autem
1254 4072 1392 4116 cum'
1417 4061 1577 4125 dixit,
1610 4060 1790 4129 aﬂinia
1820 4061 2036 4121 locutus
2076 4069 2162 4115 est

576 4155 742 4219 dictis
773 4153 1134 4225 praesentibus
1171 4171 1183 4204 :
1213 4170 1231 4204 ι
1264 4150 1528 4209 Sanctum
1558 4158 1644 4206 est
1685 4152 1947 4221 templum
1982 4159 2157 4218 tuum,

576 4247 828 4313 mirabile
862 4247 914 4300 in
937 4245 1172 4316 iustitia.
1209 4265 1226 4296 ι
1264 4242 1419 4299 Sicut
1445 4244 1591 4298 enim
1638 4245 1983 4300 sensibilium
2023 4253 2161 4300 tem-

577 4340 794 4410 plorum
848 4346 1130 4394 structura
1183 4337 1236 4390 iu
1283 4337 1646 4393 admiratione
1691 4337 2008 4407 plerumque
2043 4344 2158 4400 est,

577 4429 730 4501 quod
758 4444 824 4486 ea
849 4429 1099 4490 studiosa
1133 4428 1392 4482 varietate
1432 4425 1771 4482 exaediﬁcata
1808 4428 1952 4493 sint;
1995 4441 2159 4491 aurea

577 4524 780 4599 quippe
808 4531 952 4578 lecta
1003 4530 1057 4576 et
1087 4519 1418 4591 auaglypltis
1443 4527 1635 4581 ornata
1677 4520 2010 4574 concinnant
2051 4518 2162 4573 ele-

577 4618 775 4686 gantia:
811 4615 1120 4681 studentes,
1145 4612 1416 4667 columnis
1442 4621 1607 4681 atque
1629 4609 1997 4672 marmoribus
2025 4609 2158 4663 mdi-

579 4710 704 4764 tlcia
757 4705 1290 4766 exornant:eodem
1343 4703 1506 4762 modo
1549 4702 1810 4772 templum
1868 4701 1960 4757 Dei
2015 4700 2161 4771 quod

581 4812 838 4858 sanctum
880 4808 966 4862 est
996 4797 1072 4869 (et
1123 4799 1227 4852 boc
1267 4812 1401 4851 sane
1443 4797 1548 4866 ipsi
1576 4796 1814 4866 primum
1859 4803 1913 4849 et
1941 4794 2160 4864 quidem

580 4891 1013 4965 pulcherrimum
1044 4889 1253 4946 bonum,
1293 4887 1497 4955 adest),
1532 4893 1766 4945 externo
1813 4893 2010 4939 ornatu
2052 4885 2162 4940 cir-

581 4981 924 5052 cumtulget,
975 4978 1231 5033 videlicet
1289 4977 1556 5046 sapientia
1607 4977 1705 5036 illa
1752 4973 1844 5030 Dei
1897 4974 2162 5032 varietate

581 5077 866 5137 distincta,
907 5071 1127 5142 iustitia
1171 5076 1225 5124 et
1281 5068 1514 5138 reliquis
1565 5065 1882 5130 virtutibus,
1928 5064 2166 5136 Spiritus

582 5170 712 5232 item
759 5166 937 5222 sancti
967 5162 1130 5219 donis
1155 5162 1307 5218 varie
1341 5161 1700 5226 illustratum,
1751 5159 1824 5212 ita
1873 5165 1933 5211 ut
1959 5159 2015 5211 in
2050 5166 2166 5211 stu-

585 5275 774 5332 porem
827 5265 882 5312 et
933 5253 1351 5310 admirationem
1409 5267 1468 5306 se
1513 5249 1950 5320 contemplantes
1999 5247 2173 5316 conji-.

585 5354 716 5408 ciat.
759 5345 1125 5418 Quamobrem
1156 5345 1249 5414 qui
1290 5353 1347 5398 ut
1392 5343 1446 5396 in
1476 5358 1544 5395 eo
1583 5341 1744 5396 sedes
1788 5341 2051 5395 baberent
2081 5339 2163 5394 di-

585 5447 674 5517 gni
707 5441 877 5498 babiti
921 5446 1072 5501 sunt,
1107 5437 1212 5491 laeti
1246 5436 1434 5490 dicunt
1465 5455 1476 5489 :
1515 5455 1531 5486 ι
1568 5433 1922 5504 Replebimur
1971 5433 2026 5487 in
2071 5432 2165 5486 ιιο-

588 5539 675 5593 nis
728 5533 927 5589 domus
983 5540 1091 5584 tua:
1136 5548 1148 5582 :
1197 5534 1452 5582 sanctum
1514 5534 1600 5580 est
1649 5525 1913 5594 templum
1969 5532 2162 5588 tuum,

590 5627 835 5684 mirabile
884 5625 937 5678 in
985 5622 1221 5692 iustitia.
1257 5641 1274 5670 ι
1313 5616 1584 5674 O‘vserves
1628 5630 1791 5687 porro
1843 5615 2003 5670 velim
2054 5615 2166 5670 haec

2259 3332 2336 3368 νει
2378 3314 2685 3367 διδάσκουσι
2719 3313 3006 3382 λέγοντες·
3049 3333 3068 3364 ι
3102 3314 3294 3381 ’Ἄγιος
3331 3314 3360 3365 6
3395 3313 3523 3378 ναός
3553 3331 3673 3380 σου,
3715 3313 3848 3366 θαυ·

2263 3407 2464 3478 μαστὸς
2500 3407 2557 3458 ὲν
2604 3405 2936 3478 δικαιοσύνῃ.
2964 3427 2982 3458 ι
3040 3400 3209 3468 Οὗτος
3246 3405 3355 3476 γὰρ
3398 3401 3467 3478 ἦν
3507 3408 3537 3460 6
3564 3401 3718 3469 οἶκος
3755 3405 3849 3458 τοῦ

2258 3498 2416 3559 Θεοῦ,
2457 3499 2486 3551 ό
2508 3498 2668 3568 άγιος
2715 3498 2881 3552 αὑτοῦ
2923 3498 3077 3562 νεώς.
3119 3499 3275 3553 Νεὼν
3308 3499 3364 3557 δὲ
3394 3500 3558 3554 ἄκουε
3586 3498 3685 3552 τοῦ
3713 3495 3848 3552 Θεοῦ

2260 3589 2414 3658 ἅγιον
2454 3589 2515 3642 ού
2546 3587 2738 3658 τοίχων
2769 3587 2862 3641 καὶ
2894 3590 3105 3660 ὀρόφων
3139 3589 3565 3661 οἰκοδομήματα,
3594 3589 3734 3644 ἀλλά
3760 3589 3847 3642 τὸν

2259 3681 2322 3734 ὲκ
2381 3679 2568 3750 ψυχῶν
2607 3679 2878 3735 ἐκλεκτῶν
2929 3680 3238 3740 συνεστῶτα
3276 3681 3398 3752 ἤδη.
3454 3681 3608 3734 Λίθοι
3649 3681 3847 3748 ζῶντες

2258 3773 2306 3825 οἱ
2339 3771 2504 3840 ἅγιοι,
2531 3772 2626 3825 καὶ
2660 3768 2807 3835 οἶκος
2835 3773 3202 3844 πνευματικὸς
3237 3775 3318 3838 εἰς
3361 3773 3664 3845 ἱεράτευμα
3695 3774 3846 3842 ἆγιον

2256 3865 2318 3917 τό
2348 3863 2600 3935 σύστημα
2638 3863 2744 3916 τῶν
2778 3863 3044 3917 θεοσεϐῶν
3077 3861 3215 3918 εἶναι
3257 3868 3286 3919 ό
3332 3867 3477 3940 ἱερὸς
3527 3867 3846 3929 Ἀπόστολος

2259 3954 2496 4020 ἐδίδαξεν
2533 3954 2732 4009 εἰπών·
2772 3977 2790 4008 ι
2827 3957 3014 4027 Ὑμεῖς
3045 3957 3101 4010 δὲ
3131 3958 3328 4022 πάντες
3358 3954 3504 4023 οἶκος
3536 3959 3670 4013 Θεοῦ
3704 3963 3844 4024 ὲστε,

2260 4048 2352 4101 καὶ
2393 4047 2453 4100 τὸ
2481 4048 2708 4119 Πνεῦμα
2751 4047 2844 4101 τοῦ
2884 4047 3018 4101 Θεοῦ
3065 4049 3205 4102 οἰκεῖ
3245 4051 3303 4102 ὲν
3340 4051 3487 4120 ὑμῖν·
3536 4050 3590 4104 εἴ
3623 4068 3711 4116 τις
3756 4051 3845 4104 τὸν

2259 4138 2386 4192 ναὸν
2423 4138 2517 4192 τοῦ
2553 4138 2687 4192 Θεοῦ
2717 4139 2948 4212 φθείρει,
2984 4138 3172 4211 φθερεῖ
3205 4139 3392 4193 τοῦτον
3425 4142 3454 4194 6
3482 4141 3649 4205 Θεός⁹
3688 4144 3716 4196 ό
3741 4142 3848 4213 γὰρ

2260 4229 2388 4292 ναὸς
2431 4229 2526 4281 τοῦ
2572 4228 2708 4283 Θεοῦ
2764 4229 2918 4297 ἀγιός
2973 4232 3140 4294 ἐστιν,
3188 4231 3385 4294 οἵτινές
3431 4232 3554 4284 ἐστε
3601 4232 3778 4300 ὑμεῖς.
3824 4249 3840 4280 ι

2260 4319 2432 4372 Τοῦτο
2468 4319 2525 4373 δὲ
2567 4321 2762 4384 εἰπὼν,
2812 4321 3022 4392 συνῳδά
3071 4321 3148 4392 τῷ
3185 4320 3324 4392 μετά
3367 4324 3555 4392 χεῖρας
3601 4321 3846 4375 ἐδίδασκε

2260 4411 2402 4482 λόγῳ
2453 4410 2745 4480 φάσκοντι’
2784 4433 2806 4464 ι
2836 4413 3024 4481 ’Ἄγιος
3071 4415 3100 4466 ό
3134 4413 3259 4476 ναός
3284 4429 3402 4476 σου,
3444 4412 3754 4484 θαυμαστὸς
3791 4415 3846 4466 ὲν

2266 4503 2600 4575 δικαιοσύνῃ.
2640 4524 2658 4554 ι
2711 4505 2799 4567 Ὠς
2827 4505 2936 4577 γὰρ
2957 4504 3064 4556 τῶν
3093 4504 3367 4576 αἰσθητῶν
3393 4504 3536 4559 ναῶν
3576 4505 3860 4576 θαυμάζε·’

2266 4612 2355 4648 ται
2388 4595 2646 4660 πολλάκις
2679 4598 2712 4667 ἡ
2738 4595 3047 4666 κατασκευὴ
3073 4596 3161 4650 διὰ
3186 4596 3472 4665 φιλοκάλου
3505 4596 3844 4661 πολυτελείας

2268 4690 2534 4762 γενομένη
2551 4708 2564 4720 ε
2591 4691 2904 4762 χρυσόροφα
2930 4682 3058 4758 γοῦν
3081 4691 3172 4744 καὶ
3197 4689 3470 4759 διάγλυφα
3486 4691 3848 4756 τεκταίνουσι,

2275 4782 2714 4851 φιλοκαλοῦντες,
2762 4782 2863 4856 ὕλῃ
2903 4799 2962 4835 τε
3008 4783 3202 4837 κιόνων
3249 4783 3342 4835 καὶ
3401 4783 3708 4853 μαρμὰρων
3750 4798 3850 4834 καο.

2268 4875 2604 4946 τακοσμοῦσι
2645 4876 2746 4940 τάς
2789 4875 3110 4947 οἰκοδομάςο
3156 4876 3248 4928 τὸν
3275 4875 3436 4929 αὐτὸν
3466 4875 3664 4944 τρόπον
3699 4876 3727 4926 ό
3753 4872 3842 4926 τοῦ

2267 4965 2402 5020 Θεοῦ
2447 4965 2583 5030 νεὼς
2632 4967 2786 5036 ἅγιος
2820 4965 2916 5028 ῶν,
2969 4967 3064 5020 καὶ
3109 4965 3266 5018 τοῦτο
3313 4964 3528 5036 πρῶτον
3565 4963 3842 5018 κάλλιπον

2271 5059 2474 5126 ἀγαθὸν
2497 5057 2853 5128 κεκτημένος,
2877 5058 2966 5110 τὸν
2989 5055 3186 5120 ἔξωθεν
3211 5053 3596 5126 περιϐέϐληται
3623 5053 3838 5122 κόσμον,

2271 5149 2639 5219 πολυποικίλῳ
2683 5148 2845 5220 σοφία
2894 5146 3064 5212 Θεοῦ,
3120 5146 3430 5217 δικαιοσύνη
3479 5163 3536 5198 τε
3591 5146 3686 5199 καὶ
3727 5147 3841 5208 ταῖς

2267 5242 2482 5303 λοιπαῖς
2531 5240 2772 5310 ἀρεταῖς,
2811 5239 2924 5301 τοῖς
2968 5253 3026 5289 τε
3063 5235 3158 5290 τοῦ
3198 5235 3352 5304 ἀγίου
3401 5234 3715 5306 Πνεύματος
3749 5251 3842 5304 χα-

2273 5336 2499 5409 ρίσμασι
2541 5330 2999 5402 πεποικιλμένος,
3053 5331 3128 5394 ὡς
3158 5329 3416 5400 ἔκπληξιν
3466 5329 3710 5398 ἐμποιεῖν
3752 5325 3837 5380 καὶ

2273 5429 2456 5498 Θαῦμα
2487 5425 2745 5497 παρέχειν
2773 5427 2884 5487 τοῖς
2909 5423 3129 5494 όρῶσινε
3164 5421 3324 5474 Ὅθεν
3355 5421 3404 5472 οἱ
3435 5417 3839 5487 καταξιούμενοι

2270 5520 2373 5590 τῆς
2397 5521 2454 5572 ὲν
2484 5517 2632 5588 αὐτῷ
2659 5515 2943 5587 διατριϐῆς
2979 5512 3258 5584 χαίροντές
3288 5528 3416 5581 φασι
3436 5529 3448 5540 ·
3489 5531 3504 5561 ι
3535 5505 3832 5580 Πλησθησόη

2277 5611 2417 5683 μεθα
2463 5612 2521 5662 ὲν
2563 5612 2676 5679 τοῖς
2726 5607 2951 5676 ἀγαθοῖς
2989 5605 3081 5660 τοῦ
3120 5605 3269 5658 οἴκου
3315 5619 3435 5657 σου·
3473 5602 3624 5672 ἅγιος
3661 5602 3690 5654 6
3721 5597 3838 5670 ναός

662 5787 704 5826 ι’
745 5784 762 5840 Ι,
786 5782 923 5837 Tim.
960 5796 1042 5844 ιιι,
1080 5781 1159 5834 l3.
1239 5780 1281 5818 "
1319 5775 1495 5841 [ϐυτ.
1524 5789 1622 5841 xtl,
1654 5774 1707 5838 8,,
1740 5756 1792 5825 9.
1873 5773 1916 5807 ’³
1951 5770 1976 5837 1Δ
1996 5770 2122 5825 Cor.
2169 5781 2251 5833 Ill,
2296 5765 2379 5832 l6,
2419 5766 2499 5832 l7,

3599 5878 3602 5881 .
3623 5875 3664 5882 ...-
