4086 6442
297 381 402 439 6ἷό

1413 375 1918 436 COMMENTARIA
1955 375 2022 430 IN
2061 374 2399 433 PSALMOS.

3440 380 3543 437 634

297 497 412 556 σου,
435 490 744 562 θαυμαστὸς
764 491 822 542 ἐν
848 453 1215 561 δικαιοσύνῃ.»
1245 488 1413 559 Τήρει
1437 487 1493 540 δέ
1521 488 1669 549 ὅπως
1699 485 1869 539 ταῦτα

1978 483 2196 542 Davidis
2233 495 2488 557 tempore
2523 485 2672 540 dicta
2716 457 2907 552 luisze,
2962 504 3073 557 quo
3119 491 3386 561 templum
3411 493 3545 562 illud

297 583 437 637 κατά
483 583 610 644 τοὺς
643 579 871 650 χρόνους
912 578 1130 646 ἐλέγετο
1169 577 1263 632 τοῦ
1307 577 1498 642 Δαυὶδ,
1534 577 1658 630 καθ’
1705 575 1800 640 οὓς
1842 579 1871 630 6

295 671 555 741 αἱσθητὸς
585 671 690 723 ὑπὸ
705 667 1014 738 Σολομῶνος
1041 668 1252 721 οὐδέπω
1279 667 1684 721 κατεσκεύαστο
1712 665 1866 730 νεώς

293 761 600 824 δεικνύντος
645 760 888 830 ἐναργῶς
917 757 1012 812 τοῦ
1060 758 1242 826 λόγου,
1290 759 1370 811 ὅτι
1408 760 1437 810 6
1487 755 1702 828 άληθῶς
1748 757 1872 820 ναὸς

294 855 388 909 τοῦ
417 853 552 907 Θεοῦ
593 853 691 922 οὐχ
719 854 748 905 6
785 853 850 908 ἐκ
874 841 1056 904 λίθων
1069 849 1292 923 ἀψύχων
1329 850 1746 921 ᾠκοδομημένος
1780 845 1868 920 ἦν,

295 947 410 1000 ἀλλ’
438 949 467 1000 6
491 944 772 1006 ἀποδοθεὶς
806 946 939 1014 ἡμῖν
970 943 1112 995 κατά
1141 941 1240 1013 τὴν
1268 941 1631 1011 ἀποστολικὴν
1667 958 1874 1012 μαρτυ-

298 1036 438 1106 ρίαν.
504 1034 612 1086 Καὶ
651 1031 826 1092 ἄλλως
875 1032 932 1084 δὲ
979 1030 1100 1084 καθ’
1140 1029 1333 1102 ἑτέραν
1387 1027 1630 1100 ἐκδοχὴν,
1683 1028 1873 1100 ἐπειδὴ

295 1126 550 1197 ἀνωτέρω
575 1123 918 1196 ἐμακάρισαν
941 1123 1032 1176 τὸν
1063 1121 1355 1190 ἐκλεγέντα
1379 1121 1476 1175 καὶ
1501 1119 1874 1190 ἀναληφθέντα

294 1217 400 1269 ὑπὸ
434 1216 528 1270 τοῦ
561 1214 696 1269 Θεοῦ
716 1255 731 1277 ,
779 1215 1180 1282 κατοικήσαντά
1210 1230 1270 1266 τε
1303 1213 1402 1284 ήδη
1441 1215 1500 1265 ἐν
1534 1214 1652 1276 ταῖς
1685 1211 1874 1274 αὐλαῖς

293 1306 460 1360 αὐτοῦ
505 1308 626 1369 ταῖς
679 1303 1056 1376 ἐπουρανίοις,
1113 1303 1338 1365 εἰκότως
1387 1302 1483 1356 καὶ
1541 1302 1696 1356 αὐτοὶ
1737 1301 1872 1364 τέως

295 1398 550 1469 μένοντες
581 1396 789 1469 κλητοὶ,
821 1396 1102 1466 εὐχόμενοι
1130 1394 1187 1447 δέ
1212 1395 1459 1453 ἐκλεκτοὶ
1487 1394 1743 1463 γενέσθαι
1776 1394 1873 1449 καὶ

291 1485 400 1538 τῶν
422 1485 601 1540 αὐτῶν
627 1484 962 1555 ἐπουρανίων
990 1484 1168 1554 μονῶν
1194 1484 1621 1554 καταξιωθῆναι,
1655 1483 1874 1548 ἐλπίδας

291 1578 504 1645 ἀγαθάς
547 1578 760 1640 ἑαυτοῖς
815 1575 1256 1646 ὑπογράφουσιν,
1305 1575 1636 1640 ἱκετεύοντες
1691 1578 1876 1644 τυχεῖν

289 1669 383 1722 τοῦ
406 1667 570 1723 αὐτοῦ
594 1665 913 1738 ἐπουρανίου
943 1668 1092 1720 οῐκου
1119 1667 1342 1721 καὶτῶν
1369 1669 1428 1720 ἐν
1446 1666 1595 1738 αὐτῷ
1627 1666 1870 1736 ἀγαθῶν.

293 1756 411 1813 Εἶθ’
440 1760 513 1823 ὼς
569 1758 951 1830 μεμαθηκότες
985 1759 1166 1823 ὁποῖός
1196 1763 1343 1813 ἐστιν
1373 1761 1402 1812 6
1429 1760 1749 1831 ἐπουράνιος
1779 1761 1876 1816 τοῦ

292 1849 431 1902 Θεοῦ
469 1845 636 1912 οἶκος,
671 1850 1036 1920 ἐρμηνεύουσι
1067 1849 1166 1921 τὴν
1203 1851 1403 1922 ἀρετὴν
1437 1850 1600 1904 αὐτοῦ
1640 1851 1874 1920 φάσκον-

289 1951 383 1998 τες
403 1951 416 1965 ·
463 1936 683 2003 «Ἄγιος
715 1937 744 1988 6
777 1936 903 2000 ναός
928 1954 1043 2000 σου,
1070 1937 1379 2008 θαυμαστὸς
1407 1941 1464 1992 ἐν
1495 1939 1866 2013 δικαιοσύνῃ.»

290 2024 437 2088 Ναὸς
473 2024 530 2082 δὲ
570 2027 893 2098 ἐπουράνιος
931 2029 1027 2085 καὶ
1069 2028 1285 2100 ἀληθῶς
1319 2030 1540 2095 ἐπάξιος
1579 2031 1674 2085 τοῦ
1711 2031 1870 2095 Θεοῦ,

289 2115 353 2168 ἐν
382 2107 427 2182 ᾧ
453 2116 723 2170 κατοικῶν
761 2119 1056 2171 ἐπινοεῖται
1102 2120 1130 2171 6
1171 2119 1279 2172 τῶν
1319 2120 1456 2174 ὅλων
1489 2121 1651 2186 Θεὸς,
1686 2123 1772 2186 τίς
1807 2121 1873 2177 ἂν

289 2205 518 2274 γένοιτο,
554 2207 586 2277 ἢ
620 2209 648 2260 6
683 2208 976 2279 μονογενὴς
1006 2207 1170 2263 αὐτοῦ
1203 2209 1394 2278 Λόγος,
1420 2212 1500 2274 εἱς
1527 2211 1586 2266 ὃν
1615 2212 1872 2284 εύδὸκησε

289 2297 403 2348 πᾶν
449 2297 510 2350 τὸ
545 2297 819 2370 πλήρωμα
863 2300 962 2370 τῆς
1003 2299 1253 2370 θεότητος
1294 2303 1652 2372 κατοικῆσαι;
1706 2298 1876 2366 Οὗτος

289 2381 384 2439 οὖν
414 2386 631 2457 ἀληθῶς
663 2388 973 2460 θαυμαστός
1016 2391 1164 2442 ἐστιν
1201 2391 1260 2444 ἐν
1285 2391 1600 2462 δικαιοσύνῃ
1625 2409 1638 2421 ·
1684 2393 1873 2463 ἐπειδὴ

289 2477 512 2547 γέγονεν
544 2481 673 2550 ἡμῖν
700 2481 863 2544 αὐτὸς
906 2483 1068 2551 σοφία
1095 2483 1202 2536 άπὸ
1233 2483 1324 2536 τοῦ
1352 2482 1508 2548 Θεοῦ,
1557 2483 1870 2555 δικαιοσύνη

201 2643 208 2646 _
285 2583 350 2622 τε
381 2569 475 2622 καὶ
510 2571 782 2641 ἁγιασμὸς
809 2573 903 2626 καὶ
934 2573 1330 2646 ἀπολύτρωσις.

281 2672 287 2696 ε
365 2678 385 2712 ι
409 2660 740 2719 Ἐπάκουσον
769 2663 945 2733 ἡμῶν,
979 2667 1006 2716 6
1029 2665 1159 2728 Θεὸς
1190 2668 1218 2718 6
1244 2666 1435 2736 Σωτὴρ
1458 2666 1637 2736 ἡμῶν,
1664 2669 1696 2737 ἠ
1723 2666 1878 2731 ἐλπὶς

1973 577 2235 634 sensibile
2283 594 2314 632 a
2356 577 2648 633 Salomone
2687 578 2932 632 nondum
2983 580 3283 636 excitatum
3327 582 3543 639 fuerat:

1971 667 2162 736 sicque
2193 667 2344 721 clare
2373 667 2626 730 docetur,
2670 683 2858 722 verum
2898 668 2992 724 Dei
3021 672 3307 740 templum,
3339 687 3448 726 non
3475 674 3546 728 il-

1971 757 2064 812 lud
2125 772 2248 812 esse
2294 758 2532 828 quodex
2588 759 2903 815 inanimatis
2947 761 3222 832 lapidibus
3274 773 3544 820 structum

1971 854 2119 912 erat,
2154 848 2249 901 sed
2279 847 2426 916 quod
2457 864 2524 903 ex
2566 850 2874 919 apostolico
2906 852 3223 907 testimonio
3248 853 3550 925 designavi-

1972 951 2116 992 mus.
2154 936 2467 994 Secundum
2500 938 2662 992 aliam
2697 955 2828 994 vero
2856 941 3391 1010 interpretationem,
3419 945 3548 1013 quia

1972 1029 2204 1082 electum
2248 1037 2301 1082 et
2331 1036 2678 1097 assumptum
2712 1045 2742 1085 a
2783 1027 2914 1094 Deo,
2950 1031 3043 1100 qui
3071 1030 3183 1100 jam
3212 1034 3265 1086 in
3308 1034 3552 1087 cmlesti-

1973 1117 2076 1172 bus
2104 1117 2224 1186 ejus
2248 1117 2404 1171 atriis
2424 1116 2658 1180 habitat,
2691 1118 2909 1174 beatum
2934 1121 3401 1190 praedicaverunt;
3427 1122 3553 1191 jure

1973 1212 2026 1260 et
2047 1205 2152 1274 ipsi
2183 1206 2280 1275 qui
2309 1205 2490 1259 vocati
2537 1216 2881 1274 permanent,
2919 1216 3083 1277 atque
3119 1209 3278 1263 electi
3311 1225 3456 1272 esse,
3497 1218 3554 1265 et

1973 1295 2292 1350 cmlestibus
2340 1296 2726 1351 mansionibus
2770 1295 2964 1351 donari
2999 1307 3311 1367 percptant.
3351 1299 3550 1355 bonam

1975 1385 2079 1440 sibi
2137 1401 2288 1456 spem
2339 1385 2648 1453 ascribunt,
2687 1386 2936 1440 eamdem
2990 1388 3213 1442 domum
3271 1389 3551 1443 caelestem

1974 1476 2202 1546 ejusque
2252 1477 2395 1532 bona
2443 1480 2710 1548 consequi
2757 1485 3038 1548 rogantes.
3087 1478 3312 1544 Deinde,
3363 1488 3554 1548 utpote

1975 1566 2068 1636 qui
2110 1566 2434 1622 edidicerint
2471 1570 2651 1638 qualis
2683 1569 2776 1624 illa
2811 1569 3054 1624 cmlestis
3086 1568 3180 1625 Dei
3220 1571 3414 1626 domus
3459 1571 3552 1634 sit,

1975 1657 2094 1726 ejus
2131 1658 2388 1713 virtutem
2441 1667 2565 1729 post
2611 1659 2888 1730 explicant
2921 1661 3209 1715 dicentes:
3241 1678 3260 1710 ι
3293 1661 3554 1716 Sanctum

1976 1754 2060 1802 est
2088 1749 2350 1818 templum
2379 1757 2558 1814 tuum,
2587 1750 2838 1805 mirabile
2868 1749 2922 1804 in
2951 1751 3190 1819 justitia.
3225 1768 3244 1803 ι
3271 1747 3554 1820 Templum

1976 1849 2156 1894 autem
2193 1841 2416 1896 caeleste
2441 1855 2504 1894 ac
2533 1855 2660 1896 vere
2686 1839 2797 1895 Deo
2816 1839 3043 1909 dignum
3077 1842 3133 1895 in
3169 1856 3280 1910 quo
3308 1841 3558 1896 habitare

1974 1930 2358 1986 universorum
2409 1930 2553 1986 Deus
2603 1930 2950 2000 intelligitur,
3003 1931 3134 2001 quid
3186 1932 3333 1986 aliud
3367 1931 3552 1996 fuerit,
3628 1941 3630 1943 '

1973 2029 2138 2085 quam
2192 2014 2536 2084 unigenitum
2588 2013 2710 2083 ejus
2750 2011 3013 2078 Verbum,
3048 2015 3102 2068 in
3147 2030 3256 2084 quo
3292 2015 3556 2084 placitum

1973 2105 2058 2154 est
2087 2114 2304 2153 omnem
2346 2100 2746 2170 plenitudinem
2790 2099 3007 2166 deitatis
3052 2100 3400 2156 inhabitare?
3445 2101 3557 2157 l‘loc

1975 2190 2161 2260 itaque
2189 2207 2317 2247 vere
2369 2192 2623 2246 mirabile
2671 2201 2756 2247 est
2791 2193 2844 2245 in
2878 2191 3131 2258 jnstitia;
3182 2201 3368 2262 utpote
3409 2188 3556 2260 quod

1975 2278 2178 2334 factum
2213 2281 2283 2335 sit
2309 2282 2473 2337 nobis
2509 2282 2779 2352 sapientia
2817 2298 2846 2337 a
2875 2284 3006 2348 Deo,
3030 2282 3269 2352 justitia,
3313 2279 3559 2339 sanctiﬁ-

1975 2372 2120 2426 catio
2150 2378 2203 2426 et
2235 2372 2561 2442 redemptio.

2052 2679 2073 2712 ι
2092 2657 2300 2714 Exaudi
2328 2675 2447 2724 nos,
2475 2661 2616 2718 Deus
2646 2661 2900 2717 Salvator
2925 2671 3131 2732 noster,
3167 2679 3292 2735 spes
3315 2667 3556 2722 omnium
3595 2643 3604 2652 ’

203 2981 206 2984 ,
289 2931 624 3003 ἀναληφθεὶς
650 2935 729 2996 εἱς
751 2934 841 2986 τὸν
866 2935 1188 3006 ἐπουράνιον
1217 2937 1342 2991 ναὸν
1367 2938 1636 3009 μακάριος
1663 2940 1878 3010 ἀληθῶς

291 2749 511 2805 πάντων
537 2751 645 2806 τῶν
676 2754 928 2823 περάτων
968 2756 1067 2826 τῆς
1095 2757 1220 2827 γῆς,
1271 2757 1366 2810 καὶ
1391 2756 1500 2810 τῶν
1539 2759 1598 2811 ἐν
1629 2757 1874 2832 θαλάσσῃ

1979 2749 2173 2806 ﬁnium
2205 2761 2386 2814 terrae,
2435 2758 2490 2805 et
2521 2767 2708 2806 eorum
2753 2754 2845 2823 qui
2879 2753 2934 2807 in
2971 2755 3109 2808 mari
3157 2763 3288 2810 sunt
3324 2755 3502 2828 longe.
3533 2776 3554 2810 ι

295 2842 532 2913 μακράν.
573 2861 593 2895 ι
666 2843 723 2897 '0
786 2845 885 2916 μὲν
938 2845 1002 2915 δὴ
1045 2846 1437 2918 ἐκλελεγμένος
1482 2848 1587 2902 ὑπὸ
1635 2849 1728 2902 σοῦ
1783 2852 1874 2904 καὶ

1978 2839 2081 2907 Qui
2111 2841 2206 2896 abs
2237 2850 2290 2895 te
2319 2841 2549 2902 electus.
2582 2849 2636 2895 et
2669 2842 2723 2894 in
2759 2842 2986 2898 caeleste
3012 2843 3145 2896 illud
3180 2845 3443 2914 templum
3468 2860 3560 2899 as-

1979 2938 2234 3001 sumptus
2260 2938 2367 2996 est,
2401 2946 2530 2985 vere
2563 2931 2757 2986 beatus
2787 2943 2840 2986 et
2870 2940 2954 2986 ter
2977 2933 3172 2989 beatus
3200 2952 3213 2988 :
3247 2949 3350 2990 nos
3378 2943 3559 2990 autem

289 3024 385 3076 καὶ
427 3025 823 3095 τρισμακάριος
840 3041 854 3055 ·
881 3027 1044 3096 ἡμεῖς
1070 3027 1126 3081 δέ
1147 3029 1205 3080 ἐν
1226 3029 1578 3098 ἐπαγγελίαις
1591 3031 1742 3096 ὄντες
1769 3033 1874 3086 τῶν

1979 3024 2070 3092 qui
2105 3023 2160 3076 in
2193 3020 2578 3092 praedictorum
2622 3022 2891 3077 bonorum
2921 3024 3382 3094 promissionibus
3413 3034 3466 3080 et
3503 3027 3560 3082 in

289 3113 689 3184 προλεχθέντων
702 3115 940 3183 ἀγαθῶν,
955 3117 1133 3171 ἐλπίσι
1149 3135 1210 3171 τε
1224 3119 1324 3190 ἀνη
1332 3137 1432 3190 ρτη
1439 3121 1588 3190 μένοι
1597 3162 1612 3186 ,
1626 3123 1728 3194 ἤδη
1750 3124 1874 3176 ποτέ

1984 3128 2080 3184 spe
2123 3128 2432 3175 versamur,
2457 3113 2569 3182 jam
2615 3114 2728 3168 haec
2767 3115 2886 3185 ipsa
2913 3117 3200 3194 .consequi
3232 3133 3558 3188 precamur:

290 3204 496 3261 τούτων
517 3209 699 3276 τυχεῖν
727 3207 1018 3278 εὐχόμεθαι
1037 3209 1117 3263 διὸ
1147 3211 1570 3282 παρακαλοῦμεν
1600 3213 1878 3282 λέγοντες·

295 3313 314 3346 ι
339 3296 672 3350 Ἑπάκουσον
702 3299 881 3369 ἡμῶν,
911 3301 940 3353 6
965 3299 1098 3365 Θεὸς
1119 3303 1148 3355 6
1179 3303 1369 3373 Σωτὴρ
1388 3303 1565 3375 ἡμῶν·
1603 3324 1621 3357 ι
1644 3308 1883 3361 ἐπακούο

289 3406 390 3450 σας
399 3388 476 3452 δέ,
496 3389 795 3461 μακαρίους
809 3391 1062 3459 γενέσθαι
1076 3393 1434 3460 καταξίωσον,
1448 3396 1542 3450 καὶ
1560 3398 1705 3468 ἡμᾶς
1722 3415 1884 3470 προσ.

288 3476 606 3546 λαδόμενος,
625 3478 718 3531 καὶ
737 3479 1095 3550 ἐκλεξάμενος
1115 3483 1208 3536 καὶ
1223 3483 1540 3549 κατοικίσας
1567 3486 1625 3539 ἐν
1636 3489 1756 3550 ταῖς
1781 3490 1881 3544 αύ-

289 3567 411 3630 λαῐς
443 3581 536 3619 σου
559 3585 572 3598 ·
610 3568 674 3621 ἶν’
705 3569 824 3621 ἐκεῖ
852 3559 1134 3640 γενόμενοι
1163 3570 1494 3644 πλησθῶμεν
1523 3575 1630 3629 τῶν
1663 3578 1882 3646 ἀγαθῶν

288 3656 387 3710 τοῦ
419 3658 568 3711 οῐκου
605 3674 721 3717 σου.
749 3659 954 3729 Ἀγαθά
981 3661 1037 3714 δὲ
1064 3662 1157 3714 τοῦ
1181 3663 1508 3734 ἐπουρανίου
1531 3666 1704 3731 οἴκου,
1723 3669 1882 3725 ὁποῖα

288 3745 357 3800 ἄν
394 3764 476 3810 τις
508 3748 772 3816 νοήσειεν,
877 3743 966 3802 οἷα
1008 3752 1036 3802 6
1066 3749 1205 3814 θεῖος
1219 3725 1540 3817 Ἀπόστολός
1585 3725 1879 3830 διέγραψεν

289 3835 490 3889 εἰπών’
525 3858 542 3888 ι
574 3840 639 3890 ’Δ
669 3838 947 3910 ὀφθαλμὸς
981 3840 1079 3892 οὐκ
1105 3839 1265 3908 εἶδεν,
1299 3842 1392 3895 καὶ
1418 3839 1510 3908 οῦς
1535 3845 1633 3899 οὐκ
1658 3847 1874 3917 ἢκουσε,

291 3927 388 3981 καὶ
432 3929 525 3981 ἐπὶ⁵
569 3930 796 4001 καρδίαν
834 3931 1124 4004 ἀνθρώπου
1167 3934 1266 3988 ούκ
1293 3937 1482 4006 ἀνέϐη,
1515 3937 1550 3990 ἃ
1579 3939 1874 4010 ἡτοίμασεν

289 4020 320 4079 6
343 4017 474 4082 Θεὸς
515 4023 627 4083 τοῖς
667 4021 955 4089 ἀγαπῶσιν
1007 4025 1204 4091 αὐτόν;
1237 4045 1254 4076 ι
1324 4027 1659 4084 Ἐπάκουσον
1698 4031 1875 4086 τοίνυν

291 4109 483 4180 ἡμῶν,
519 4112 549 4163 6
579 4110 758 4175 Θεὸςό
783 4113 975 4185 Σωτὴρ
1003 4115 1193 4186 ἡμῶν,
1235 4118 1328 4170 καὶ
1373 4119 1688 4184 ἐπακούσας
1742 4138 1872 4176 κατι

289 4198 524 4264 αξίωσον.
579 4200 672 4254 καὶ
734 4204 886 4274 ἡμᾶς
939 4205 1047 4258 τῶν
1097 4207 1319 4276 ἀγαθῶν
1402 4209 1498 4263 τοῦ
1554 4211 1704 4266 οἴκου
1760 4230 1874 4268 σου.

290 4289 475 4345 Ταῦτα
517 4291 859 4348 διδάσκονται
919 4294 1099 4365 λέγειν
1144 4300 1192 4351 οἱ
1239 4300 1404 4354 πάλαι
1449 4301 1602 4367 ὄντες
1653 4305 1874 4376 σάρκες,

288 4383 391 4452 τῆς
436 4383 493 4437 δὲ
544 4383 643 4439 τοῦ
687 4385 822 4440 Θεοῦ
877 4385 1120 4470 κλήσεως
1161 4391 1584 4466 κατηξιωμένοι.
1647 4395 1873 4449 Ἐπικα-

1987 3218 2158 3274 quare
2181 3203 2265 3259 his
2288 3204 2472 3258 verbis
2499 3218 2791 3273 rogamus:
2830 3224 2848 3255 ι
2883 3204 3090 3260 Exaudi
3113 3222 3237 3268 nos,
3269 3207 3413 3264 Deus
3441 3207 3564 3263 Sal-

1985 3305 2141 3350 vator
2175 3301 2365 3349 noster
2400 3313 2413 3348 :
2451 3313 2468 3344 ι
2504 3302 2797 3364 postquam
2845 3303 3028 3350 autem
3057 3297 3388 3364 exaudieris,
3426 3315 3562 3354 con-

1985 3386 2120 3442 cede
2143 3388 2307 3442 etiam
2333 3385 2492 3440 nobis
2524 3393 2582 3438 ut
2617 3387 2756 3440 beati
2787 3384 3107 3450 eiliciamur,
3139 3389 3232 3460 qui
3263 3404 3364 3446 nos
3402 3400 3562 3447 antea

1983 3488 2297 3550 assumptos
2331 3487 2387 3534 et
2415 3479 2620 3534 electos
2653 3478 2899 3534 habitare
2926 3479 3103 3536 fecisti
3137 3481 3188 3535 in
3219 3481 3375 3537 atriis
3408 3484 3560 3550 tuis;

1985 3581 2043 3626 nt
2072 3572 2144 3626 ibi
2174 3570 2456 3626 constituti
2490 3569 2814 3640 impleamur
2843 3570 3002 3626 bonis
3024 3572 3220 3645 domus
3252 3581 3376 3626 tum.
3413 3572 3561 3646 Bona

1982 3677 2111 3717 vero
2143 3661 2388 3717 caelestis
2424 3659 2620 3714 domus
2649 3675 2897 3729 quamam
2947 3676 3068 3716 esse
3113 3662 3414 3731 putaveris.
3453 3662 3560 3718 nisi

1981 3769 2103 3825 quae
2132 3753 2426 3823 Apostolus
2469 3751 2555 3808 his
2601 3751 2784 3806 verbis
2825 3751 3121 3822 descripsit
3154 3772 3166 3806 :
3204 3771 3221 3802 ι
3261 3751 3394 3818 Quae
3435 3767 3564 3806 ocu-

1984 3846 2069 3900 lus
2099 3861 2207 3898 non
2237 3844 2394 3910 vidit,
2429 3859 2531 3899 nec
2573 3844 2726 3899 auris
2757 3843 2987 3906 audivit,
3020 3859 3117 3898 nec
3152 3847 3205 3897 in
3243 3859 3340 3897 cor
3383 3843 3562 3897 homi-
3675 3861 3680 3866 α

1983 3938 2069 3992 nis
2131 3936 2408 4001 ascendit,
2459 3951 2581 4004 quae
2623 3936 2954 4006 praeparavit
3007 3933 3153 3989 Deus
3201 3933 3560 4004 diligentibus

1981 4043 2040 4083 se
2059 4027 2140 4080 “1'
2171 4047 2190 4080 ι
2223 4026 2431 4080 Exaudi
2478 4027 2661 4096 itaque
2691 4042 2813 4088 nos,
2861 4025 3002 4080 Deus
3057 4024 3308 4079 Salvator
3343 4031 3558 4091 noster,

1980 4127 2034 4176 et
2066 4111 2354 4189 postquam
2403 4119 2737 4182 exaudieris,
2786 4132 2890 4172 nos
2920 4117 3080 4172 bonis
3117 4114 3314 4170 domus
3338 4122 3446 4169 tua:
3484 4113 3563 4168 di-

1978 4223 2164 4279 gnare.
2203 4207 2326 4263 Haec
2351 4209 2535 4265 dicere
2576 4211 2902 4271 edocentnr,
2946 4208 3040 4278 qui
3071 4205 3195 4260 cum
3247 4205 3377 4258 olim
3427 4219 3568 4258 caro

1978 4308 2184 4364 essent,
2217 4299 2312 4354 Dei
2354 4301 2642 4354 vocatione
2685 4298 2872 4352 donati
2919 4303 3066 4351 sunt.
3099 4293 3421 4364 Opportune
3460 4309 3559 4347 au-

1979 4397 2087 4444 tem
2113 4389 2261 4444 hisce
2293 4389 2474 4444 verbis
2508 4387 2862 4442 Servatorem
2895 4386 3155 4440 invocant
3189 4400 3370 4450 suum,
3395 4399 3558 4454 quem

289 4472 506 4527 λοῦνται
542 4475 599 4528 δέ
633 4475 906 4548 εὐκαίρως
927 4479 984 4530 ἐν
1013 4479 1224 4544 τούτοις
1253 4481 1344 4535 τὸν
1389 4482 1600 4537 ἐαυτῶν
1626 4483 1874 4558 Σωτῆρα,

1985 4479 2240 4550 superius
2284 4478 2732 4549 propitiationem
2781 4477 3213 4546 appellaverunt,
3251 4490 3376 4528 cum
3417 4472 3568 4529 dice--

290 4562 353 4617 δν
386 4565 479 4617 καὶ
505 4566 763 4639 ἀνωτέρω
802 4568 1030 4639 ἱλασμὸν
1076 4569 1367 4642 ὠνόμασαν
1397 4575 1674 4639 εἰπόντες,
1731 4595 1750 4628 ι
1785 4577 1880 4630 καὶ

289 4652 393 4718 τὰς
432 4655 661 4726 ἀνομίας
686 4658 842 4728 ἡμῶν
910 4661 973 4713 σὺ
1008 4661 1184 4733 ἱλάσῃ.
1231 4683 1250 4714 ι
1275 4665 1385 4717 Καὶ
1427 4665 1666 4719 ἐνταῦθα
1697 4666 1754 4720 δέ
1788 4667 1878 4722 τὸν

290 4747 519 4819 Σωτῆρα
568 4751 602 4820 η
641 4749 903 4822 Ἐδραῖκὴ
960 4753 1150 4825 Γραφὴ
1195 4755 1405 4819 τούτοις
1451 4757 1722 4829 ἐγγράφει
1767 4763 1879 4823 τοῖς

291 4839 670 4911 χαρακτῆρσι,
713 4841 780 4894 δι’
811 4835 887 4896 ὧν
928 4845 1021 4897 καὶ
1054 4845 1082 4896 6
1124 4847 1394 4918 ἡμέτερος
1427 4847 1616 4920 Σωτὴρ
1667 4849 1873 4919 Ἰησοῦς

290 4929 581 4997 γράφεται.
644 4931 846 4985 Τοῦτον
901 4933 957 4987 δὲ
1013 4935 1175 4990 αὐτὸν
1224 4937 1316 4990 τὸν
1359 4939 1588 5011 Σωτῆρα
1638 4941 1732 4993 καὶ
1781 4941 1872 4994 τὸν

295 5016 541 5088 ἱλασμὸν,
579 5040 597 5070 ι
633 5021 822 5076 ἐλπίδα
851 5025 1066 5079 πάντων
1097 5026 1204 5080 τῶν
1237 5029 1487 5100 περάτων
1512 5029 1611 5100 τῆς
1643 5032 1747 5103 γῆς
1778 5033 1872 5086 καὶ

289 5108 403 5162 τῶν
443 5111 500 5164 ἐν
543 5110 788 5186 θαλάσσῃ
847 5115 1064 5188 μακρὰν
1105 5136 1123 5168 ι
1177 5118 1553 5190 ὀνομάζουσιν,
1615 5120 1874 5192 ἄντικρυς

292 5200 667 5270 παριστῶντες
711 5203 878 5274 μηδὲν
909 5205 1079 5260 ταῦτα
1123 5208 1260 5278 πρὸς
1307 5211 1629 5276 Ἰουδαίους·
1675 5213 1736 5264 ού
1765 5213 1874 5286 γάρ

297 5289 479 5358 μόνοις
507 5291 690 5357 αὐτοῖς
710 5333 724 5356 ,
760 5295 892 5347 πᾶσι
921 5295 978 5348 δέ
1009 5299 1122 5361 τοῖς
1155 5298 1331 5354 ἔθνεσι
1371 5303 1472 5373 τὴν
1499 5301 1593 5355 τοῦ
1621 5303 1876 5375 Σωτῆρος

293 5379 454 5452 χάριν
491 5380 956 5452 εὐαγγελίζεσθαι,
991 5382 1073 5451 οἷς
1101 5388 1326 5460 γνώμην
1356 5392 1487 5446 Θεοῦ
1521 5395 1616 5447 καὶ
1648 5396 1875 5467 ἐπιστή-

297 5487 406 5540 μην
451 5471 822 5537 θεσπίζουσινο
872 5477 948 5541 ὼς
996 5480 1191 5551 μηκέτι
1228 5483 1328 5546 τάς
1367 5483 1588 5550 ἐλπίδας
1633 5487 1873 5560 ἀναρτᾷν

296 5561 392 5616 ἐπὶ
428 5563 555 5626 τοὺς
585 5563 752 5620 πάλαι
780 5567 1167 5641 νομιζομένους
1203 5574 1384 5632 αὐτῶν
1416 5575 1593 5644 θεοὺς,
1628 5579 1741 5634 ἀλλ’
1779 5579 1872 5635 ἐπὶ

369 5737 414 5777 ’ν’
446 5736 606 5800 lCor.
638 5755 696 5804 ιι,
732 5741 784 5807 9,.
804 5727 813 5735 '1

1981 4581 2122 4638 rent,
2166 4592 2184 4625 ι
2213 4583 2265 4627 et
2305 4571 2684 4642 impietatibus
2733 4569 2942 4624 nostris
2987 4575 3046 4622 tu
3089 4565 3499 4638 propitiaberis.
3531 4583 3552 4617 ι

1980 4663 2080 4719 Hic
2117 4679 2335 4734 quoque
2378 4661 2650 4717 Hebraica
2703 4661 2986 4731 Scriptura
3037 4658 3375 4714 Salvatorem
3423 4655 3558 4727 ipsis

1978 4756 2389 4811 characteribus
2427 4755 2620 4817 eil’ert,
2672 4754 2828 4824 queis
2878 4752 3129 4807 Salvator
3177 4761 3367 4806 noster
3395 4749 3564 4804 Jesus

1979 4850 2259 4905 scribitur.
2303 4849 2566 4903 Eumdem
2612 4862 2778 4917 porro
2812 4844 3160 4900 Servatorem
3203 4851 3257 4899 et
3290 4841 3554 4913 propitia-

1979 4939 2183 4994 tionem
2224 4940 2299 4993 ita
2335 4951 2552 5009 quoque
2583 4943 2804 5000 vocant,
2841 4955 2859 4986 ι
2895 4932 3056 5005 Spem
3087 4934 3330 4988 omnium
3363 4931 3559 4986 ﬁnium

1978 5043 2140 5088 term
2180 5038 2234 5087 et
2279 5047 2466 5086 eorum
2497 5030 2592 5100 qui
2640 5031 2694 5082 in
2745 5027 2885 5082 mari
2939 5035 3068 5083 sunt
3113 5017 3292 5096 longe,
3325 5044 3343 5078 ι
3375 5023 3552 5095 palam

1977 5123 2321 5179 declarantes
2369 5123 2484 5177 hac
2517 5121 2654 5176 nihil
2689 5120 2756 5175 ad
2789 5118 3008 5176 Iudaeos
3040 5121 3350 5190 pertinere:
3378 5133 3564 5188 neque.

1979 5216 2125 5272 enim
2173 5213 2309 5285 ipsis
2359 5222 2599 5275 tantum,
2649 5211 2746 5267 sed
2788 5211 2948 5266 etiam
3002 5210 3259 5265 omnibus
3300 5209 3556 5280 gentibus

1984 5305 2289 5363 Servatoris
2333 5305 2587 5376 gratiam,
2646 5311 2705 5358 ut
2748 5313 2801 5359 et
2855 5303 3104 5357 notitiam
3159 5301 3557 5368 scientiamque

1977 5396 2072 5453 Dei
2105 5393 2533 5451 annuntiandam
2567 5395 2958 5456 vaticinantur,
2997 5393 3067 5446 ita
3107 5399 3164 5445 ut
3188 5406 3294 5445 non
3329 5390 3468 5444 ultra
3497 5389 3559 5448 in

1977 5487 2094 5544 suis
2125 5487 2255 5542 olim
2283 5485 2496 5542 vocatis
2527 5485 2657 5550 diis,
2704 5485 2803 5540 sed
2829 5485 2884 5539 in
2912 5498 2979 5539 eo
3015 5483 3134 5539 solo
3164 5483 3256 5552 qui
3294 5479 3552 5536 Servator

1975 5593 2166 5637 eorum
2220 5577 2445 5635 eilectus
2490 5584 2597 5646 est,
2640 5591 2791 5648 spem
2844 5582 3128 5647 reponant.
3184 5571 3557 5644 «Praeparatis
