4086 6442
562 312 691 387 655,
1236 302 1500 362 EUSEBII
1535 294 2017 359 CESARIENSIS
2049 294 2201 353 OPP.
2244 293 2424 349 PARS
2460 293 2639 350 HL—
2671 292 3085 351 EXEGETICA.
3766 288 3860 344 636

564 437 781 485 montes
830 427 886 481 in
937 424 1138 480 virtute
1180 438 1301 484 sna.
1331 422 1613 481 accinctus
1660 420 1930 493 potentia.
1963 436 1983 469 ι
2035 416 2144 471 Pro

2260 414 2409 485 μόνον
2455 414 2549 469 τὸν
2591 414 2773 470 αὐτῶν
2806 416 3097 487 γενόμενον
3138 416 3393 488 Σωτῆρα.
3456 432 3480 466 ι
3520 411 3867 483 Ἓταμάξων

565 517 683 582 illo,
723 536 742 569 ι
775 529 1088 588 ριάερεηιιε
1130 521 1366 578 montes,
1399 532 1418 565 ι
1458 511 1842 585 Symmachus,
1898 528 1919 560 ι
1954 508 2141 565 l‘nnda-

2260 507 2345 579 ἱρη
2377 510 2436 561 ὲν
2461 510 2528 580 τῇ
2561 508 2706 580 ίσχύϊ
2732 508 2919 575 αὐτοῦ,
2939 507 3375 582 περιεζωσμένος
3407 508 3483 560 ὲν
3508 504 3863 560 δυναστεία..

566 609 637 664 sti
677 606 913 671 montes,
943 626 962 658 ι
1013 606 1404 675 interpretatus
1439 611 1547 660 est.
1592 600 1693 657 Hic
1739 616 1904 672 porro
1956 601 2141 657 divina

2260 598 2403 653 ’Δντὶ
2435 599 2552 666 τοῦ,
2588 619 2607 653 ι
2638 600 2944 671 ἑτοιμάζων
2970 601 3097 673 ὅρη,
3122 602 3365 674 ἧδρασας
3402 600 3558 672 ὅρη,
3600 614 3622 649 ι
3673 598 3707 651 ὁ
3734 594 3871 668 Σύμ-

564 698 635 756 de
668 698 959 755 Servatore
982 695 1233 752 doctrina
1262 693 1568 750 inducenda
1599 700 1706 749 est.
1741 690 1825 747 'l‘u
1854 692 2024 757 enim,
2057 692 2144 746 in-

2260 709 2422 764 μαχος
2453 693 2815 764 ήρμήνευσεν.
2856 691 3081 758 Ἐπάξει
3109 692 3165 747 δὲ
3191 696 3219 748 ὁ
3248 693 3412 762 λόγος
3445 692 3572 754 τὰς
3604 688 3748 760 περὶ
3784 688 3872 742 τοῦ

566 791 708 863 quit,
739 804 801 845 es
835 803 963 860 spes
991 786 1235 843 omnium
1278 785 1467 841 [inium
1517 791 1700 850 terra,
1732 784 1828 854 qui
1860 790 1915 838 et
1944 783 2061 838 haec
2090 790 2145 837 et

2260 780 2637 854 προλεχθέντος
2663 782 2914 854 Σωτῆρος
2944 780 3253 851 θεολογίας.
3277 782 3348 835 Σὺ
3379 780 3520 851 γὰρ
3554 773 3639 843 εἷ,
3686 778 3869 849 φησὶν,

565 882 660 937 illa
694 880 897 936 virtute
944 886 1037 932 tua
1087 891 1283 948 magna
1330 875 1650 931 condidisti.
1700 873 1885 929 Primo
1923 873 2142 943 quidem

2260 877 2279 947 ἡ
2313 875 2468 939 ἐλπὶς
2508 877 2728 931 πάντων
2764 873 2874 929 τῶν
2911 875 3165 946 περάτων
3205 874 3309 945 τῆς
3345 874 3469 944 γῆς
3522 874 3561 926 ὁ
3596 871 3741 927 τῶδε
3786 872 3874 925 καὶ

568 967 894 1041 praeparasti
921 972 1136 1021 montes
1173 965 1231 1019 in
1263 965 1471 1021 virtute
1497 972 1618 1026 tua,
1647 962 1931 1017 accinctus
1956 970 2144 1033 poten-

2260 965 2374 1021 τάδε
2403 968 2471 1037 τῇ
2508 965 2705 1021 σαυτοῦ
2733 964 3466 1038 δυνάμει-μεγαλουργήσας.
3497 962 3757 1041 Πρῶτον
3785 963 3876 1035 μὲν

567 1056 905 1114 tia:deinde
952 1055 1297 1111 conturbasti
1336 1052 1672 1125 profundum
1722 1053 1927 1116 maris,
1970 1061 2026 1108 et
2063 1068 2145 1109 so-

2260 1055 2547 1128 ἡτοίμασας
2570 1054 2672 1128 ὅρη
2697 1058 2756 1110 ὲν
2785 1058 2852 1127 τῇ
2888 1053 3031 1125 ἰσχύϊ
3061 1071 3156 1108 σου
3188 1040 3687 1127 περιζωσάμενος
3719 1053 3852 1107 δυνα

570 1164 700 1204 num
733 1147 997 1202 ﬂuctuum
1028 1146 1151 1216 ejus
1180 1145 1445 1217 mitigasti
1471 1164 1486 1200 :
1515 1152 1705 1216 postea
1750 1159 1848 1215 per
1875 1144 1990 1200 haec
2021 1159 2149 1200 con-

2260 1144 2465 1199 στείανο
2509 1139 2630 1198 εἶτα
2670 1145 3041 1217 συνετάραξας
3080 1144 3143 1199 τδ
3180 1145 3343 1209 κύτος
3386 1145 3511 1216 τῆς
3561 1141 3876 1215 θαλάσσης,

567 1237 806 1292 turbasti
837 1243 1051 1308 gentes.
1082 1234 1182 1290 His
1204 1248 1336 1290 vero
1365 1235 1537 1306 gestis
1571 1249 1824 1305 magnam
1856 1235 2147 1292 utilitatem

2260 1236 2344 1289 ιιαὶ
2370 1234 2480 1289 τῶν
2507 1235 2767 1306 κυμάτων
2791 1236 2959 1307 αὐτῆς
2987 1236 3049 1290 τὸ
3073 1231 3207 1308 ἦχος
3238 1236 3547 1309 ἑπρᾶὓνως
3566 1252 3585 1266 θ
3638 1230 3773 1288 εἶτα
3796 1234 3879 1288 διὰ

570 1336 936 1399 perceperunt
963 1327 1058 1398 qui
1104 1326 1353 1382 habitant
1379 1326 1667 1383 terminos.
1700 1322 1781 1381 Te
1823 1326 2025 1397 quippe
2055 1342 2151 1385 no-

2260 1325 2453 1380 τούτων
2501 1324 2770 1398 ἐτάραξας
2820 1326 2970 1398 ἔθνη.
3022 1327 3239 1381 Τούτων
3288 1327 3346 1382 δὲ
3391 1325 3787 1399 γενομένων,
3816 1326 3882 1380 τὰ

569 1428 790 1487 verunt,
837 1428 892 1477 et
922 1420 1227 1476 timuerunt
1266 1434 1298 1473 a
1340 1418 1514 1491 signis
1551 1419 1686 1483 tuis,
1738 1417 1902 1473 itaut
1941 1418 2148 1473 nullam

2260 1413 2465 1485 μεγάλα
2515 1411 2874 1486 ὠφελήθησαν
2928 1414 2979 1467 οί
3033 1415 3416 1480 κατοικοῦντες
3475 1414 3567 1470 τὰ
3639 1413 3878 1487 πέρατα.

574 1510 806 1566 ulterius
834 1516 1032 1581 praeter
1063 1516 1118 1566 te
1146 1523 1299 1580 spem
1332 1508 1404 1564 ob
1428 1509 1618 1565 oculos
1644 1506 1931 1581 ponerent.
1970 1506 2151 1574 Quare

2260 1507 2541 1576 Ἐγνωσαν
2567 1505 2677 1578 γάρ
2702 1522 2783 1569 σε,
2809 1506 2905 1560 καὶ
2935 1506 3279 1579 ἐφοϐήθησαν
3307 1507 3419 1563 ἀπὸ
3450 1507 3591 1561 τῶν
3626 1506 3881 1577 σημείων

574 1616 743 1672 supra
784 1601 990 1657 dictum
1024 1607 1150 1656 est:
1186 1617 1206 1652 ι
1245 1599 1382 1670 Spes
1405 1601 1649 1656 omnium
1681 1598 1868 1656 ﬁnium
1910 1607 2087 1663 terra.
2124 1617 2143 1651 ο

2260 1614 2350 1651 σου
2383 1637 2399 1661 ,
2448 1597 2526 1662 ὡς
2574 1596 2776 1669 μηκέτι
2831 1596 3016 1651 λοιπον
3070 1596 3238 1670 ἀλλην
3292 1597 3421 1652 τινὰ
3476 1595 3712 1651 ἐλπίδα
3774 1598 3879 1667 πφδ

571 1689 615 1746 Ii
644 1692 791 1747 enim
826 1692 921 1762 qui
952 1692 1216 1748 terminos
1259 1700 1421 1747 terra:
1469 1691 1725 1746 incolunt
1773 1689 1865 1746 hic
1896 1705 2149 1761 praenun-

2260 1687 2547 1759 ὀφθαλμῶν
2603 1687 2849 1743 τίθεσθαι
2899 1688 2933 1760 ἤ
2987 1688 3068 1742 σέ.
3128 1688 3221 1743 Διδ
3273 1689 3555 1762 ἀνωτέρω
3612 1687 3877 1755 ἐλέγετο*

572 1780 743 1834 tiatur
775 1739 1017 1835 futurum
1042 1774 1171 1837 esse
1195 1788 1253 1835 ut
1275 1781 1507 1836 timeant
1540 1779 1713 1837 Deum
1739 1794 1770 1834 a
1806 1739 1980 1851 signis
2004 1780 2148 1852 ejus,

574 1878 633 1925 ut
674 1870 881 1926 dicitur
906 1889 920 1926 :
959 1890 979 1923 ι
1007 1870 1073 1925 Et
1102 1871 1371 1927 timebunt
1400 1871 1494 1943 qui
1545 1871 1797 1927 habitant
1826 1873 2097 1928 terminos
2120 1885 2152 1926 a

2260 1872 2362 1946 γὰρ
2394 1873 2447 1927 οί
2473 1872 2544 1926 τὰ
2572 1872 2791 1944 πέρατα
2812 1871 2914 1943 τῆς
2940 1872 3044 1943 γῆς
3067 1871 3346 1936 οἰκοῦντες
3377 1873 3436 1926 ιν
3462 1874 3605 1936 τοῖς
3648 1887 3881 1943 προκει-

575 1960 748 2035 signis
781 1964 912 2018 tuis.
940 1980 959 2014 ι
986 1961 1247 2029 Quaenam
1281 1962 1436 2033 signa
1465 1961 1561 2017 illa
1585 1968 1764 2026 erant,
1787 1976 1908 2032 qua:
1932 1975 2058 2016 cum
2080 1959 2155 2015 vi-

574 2056 759 2112 derent
789 2054 885 2125 qui
915 2053 1237 2110 habitabant
1263 2052 1532 2109 terminos
1560 2052 1861 2113 timuerunt
1889 2050 2058 2108 Deum
2095 2051 2152 2107 in

572 2146 862 2217 ipsumque
904 2154 1220 2216 sperarunt,
1261 2143 1525 2215 superius
1567 2142 1754 2199 docuit
1798 2142 1895 2200 his
1922 2142 2149 2200 verbis:

581 2237 952 2310 sPraeparans
982 2246 1205 2293 montes
1248 2238 1303 2292 in
1335 2236 1536 2293 virtute
1584 2230 1721 2301 sua,
1742 2237 2024 2292 accinctus
2060 2250 2156 2306 po-
2198 2276 2207 2285 .

573 2330 768 2391 rentia,
795 2328 888 2399 qtti
918 2328 1224 2383 conturbas
1253 2325 1584 2397 profundum
1605 2328 1796 2391 maris,
1826 2342 2021 2401 sonum
2050 2325 2155 2384 ﬂu-

575 2429 760 2475 ctuum
786 2419 929 2489 ejus.
963 2439 983 2472 ι
1011 2418 1148 2486 Quis
1177 2420 1477 2475 sustinebit
1497 2420 1531 2475 ?'
1553 2438 1573 2471 ι
1603 2418 1992 2475 Turbabuntur
2016 2433 2152 2491 gen-

577 2519 683 2567 tes.
713 2528 734 2564 ›
764 2509 890 2566 Hac
917 2509 1166 2565 videntes
1205 2509 1301 2579 qui
1351 2508 1603 2565 habitant
1641 2509 1928 2576 terminos,
1957 2509 2156 2564 timue-

576 2607 710 2656 runt
755 2617 784 2655 a
840 2601 1016 2671 signis
1049 2601 1189 2671 ejus.
1248 2598 1346 2657 llis
1389 2615 1557 2670 porro
1606 2600 1949 2672 signiﬁcatur
1989 2600 2155 2671 spiri-

575 2701 728 2749 t’uum
767 2694 1154 2765 malignorum.
1203 2692 1302 2763 qui
1338 2693 1467 2748 olim
1515 2703 1708 2749 contra
1741 2692 1835 2749 Dei
1866 2693 2151 2748 scientiam

468 2822 477 2827 -
575 2782 954 2852 erigebantur;
1010 2780 1247 2850 abjectio
1304 2789 1358 2836 et
1414 2780 1687 2852 depulsio.
1738 2795 1808 2837 ac
1866 2780 2154 2837 diabolica:

576 2873 712 2928 aciei
756 2868 964 2936 clades,
1015 2873 1433 2944 principatnum
1465 2872 1742 2941 videlicet,
1795 2881 2153 2943 potestatum,

575 2973 849 3023 rectorum
899 2965 1087 3021 mundi
1142 2976 1196 3022 et
1255 2965 1630 3037 spiritualium
1692 2966 1953 3037 nequitiae
1988 2983 2001 3020 :
2033 2979 2155 3035 qua

2259 1963 2445 2036 μένοις
2493 1963 2900 2036 φοϐηθήσεσθαι
2951 1964 3044 2018 τὸν
3090 1963 3225 2019 Θεὸν
3275 1963 3385 2019 ἀπὺ
3429 1965 3561 2019 τῶν
3620 1962 3874 2035 σημείων

2256 2054 2422 2111 αὐτοῦ
2456 2054 2801 2120 θεσπίζονται
2847 2055 2953 2108 ὑπὸ
2990 2054 3085 2109 τοῦ
3125 2056 3399 2126 φήσαντος
3427 2055 3675 2125 λογίουο
3718 2073 3741 2106 s
3768 2054 3877 2108 Καὶ

2254 2145 2652 2219 φοϐηθήσονται
2697 2147 2748 2200 οί
2794 2145 3175 2210 κατοικοῦντες
3212 2146 3282 2201 τὰ
3320 2147 3547 2220 πέρατα
3592 2146 3721 2201 ἀπὸ
3768 2146 3873 2201 τῶν

2257 2237 2500 2308 σημείων
2533 2254 2650 2292 σου.
2686 2256 2705 2289 ι
2744 2237 2882 2292 Ποῖα
2910 2237 2967 2291 δὲ
3000 2233 3069 2309 ἦν
3094 2237 3163 2292 τά
3209 2242 3429 2310 σημεῖα,
3462 2239 3634 2311 ᾇπερ
3670 2237 3874 2292 θεασά-

2258 2346 2410 2397 μενοι
2461 2329 2511 2382 οί
2557 2328 2940 2393 κατοικοῦντες
2993 2329 3064 2384 τά
3101 2329 3314 2402 πέρατα
3354 2330 3742 2403 ἐφοϐήθησαν
3782 2330 3869 2384 τὸν

2228 2418 2386 2487 ,Θεὸν
2428 2418 2525 2474 καὶ
2569 2420 2651 2484 είς
2707 2419 2871 2474 αὐτὸν
2918 2419 3187 2492 ήλπισαν,
3237 2421 3604 2494 προεδίδαξεν
3656 2419 3863 2474 είπιὶιν*

2259 2509 2647 2582 δἘτοιμάζωνι
2674 2510 2789 2583 ὅρη,
2806 2511 2865 2564 ὲν
2895 2513 2962 2583 τῇ
2998 2510 3144 2582 ίσχύῖ
3169 2510 3335 2566 αὗτοῦ
3348 2549 3370 2581 ,
3398 2507 3869 2584 περιεζωσμένος

2254 2605 2313 2657 ὲν
2339 2602 2645 2675 δυναστείᾳ,
2671 2603 2701 2655 ὁ
2730 2601 3116 2675 συνταράσσων
3139 2601 3201 2656 τδ
3223 2601 3389 2666 κύτος
3412 2602 3517 2675 τῆς
3544 2600 3861 2670 θαλάσσης.

2253 2695 2419 2769 ἤχους
2470 2696 2731 2767 κυμάτων
2768 2696 2958 2767 αὐτῆς.
2996 2716 3014 2748 ι
3070 2695 3170 2761 Τίς
3220 2697 3635 2769 ύποστήσιταις
3700 2713 3722 2747 ι
3754 2694 3865 2749 Τα-

2259 2785 2618 2859 ραχθήσονται
2642 2786 2791 2859 ἔθνη.
2825 2806 2844 2839 ι
2880 2786 3065 2842 Ταῦτα
3098 2786 3428 2859 θεασάμενοι
3454 2784 3861 2842 οἱκατοικοῦν-

2252 2894 2345 2942 τες
2368 2877 2435 2932 τὰ
2458 2879 2690 2950 πέρατα,
2727 2880 3073 2954 ἐφοϐήθησαν
3098 2880 3207 2935 ἀπὺ
3229 2880 3338 2935 τῶν
3372 2881 3635 2953 σημείων
3667 2876 3856 2934 αὐτοῦ.

2257 2971 2520 3044 Δηλοῦται
2558 2972 2619 3026 se:
2655 2972 2759 3027 διὰν
2782 2972 2997 3027 τούτων
3031 2975 3064 3043 ή
3098 2971 3215 3027 τῶν
3240 2971 3409 3026 πάλαι
3453 2969 3853 3047 ἐπαιρομένων

575 3057 792 3127 quidem
821 3056 953 3111 olim
986 3056 1240 3128 gentibus
1275 3066 1480 3112 terram
1514 3055 1882 3112 incolentibus
1913 3054 2153 3111 domina-

2260 3061 2397 3117 κατά
2453 3063 2553 3133 τῆς
2597 3061 2851 3131 γνώσεως
2892 3062 2989 3117 τοῦ
3025 3062 3162 3116 Θεοῦ
3207 3061 3461 3134 πονηρῶν
3515 3059 3857 3131 πνευμάτων

576 3150 795 3215 bantur,
847 3157 902 3205 et
946 3150 1200 3204 humane
1250 3147 1376 3202 vita:
1426 3162 1580 3204 mare
1622 3147 2054 3203 cemmiseebant
2098 3157 2154 3202 et

576 3239 1000 3304 conturbabant,
1031 3239 1105 3293 ita
1148 3245 1209 3293 ut
1256 3238 1484 3294 deorum
1526 3237 1865 3309 religionem,
1897 3237 2154 3293 omnibus

575 3330 893 3385 universum
946 3328 1097 3384 orbis
1146 3328 1479 3384 elementum
1525 3327 1899 3383 incolentibus
1943 3327 2154 3383 emitte-

577 3428 720 3476 rent.
757 3419 953 3476 Omnia
994 3434 1123 3475 vero
1157 3435 1254 3490 per
1284 3419 1590 3475 salutarem
1625 3416 1721 3474 Dei
1761 3419 2054 3475 adventum
2086 3419 2155 3475 de

577 3513 761 3569 medio
807 3511 1024 3568 sublata
1076 3518 1131 3566 et
1171 3525 1361 3566 eversa
1411 3517 1564 3565 sunt.
1611 3508 1708 3565 llis
1763 3509 1966 3564 similia
2013 3509 2155 3566 alius

572 3617 796 3675 quoque
846 3600 1110 3673 propheta
1164 3600 1317 3656 bisce
1361 3600 1543 3656 verbis
1585 3599 1915 3654 vaticinatur
1953 3618 1968 3656 :
2009 3619 2028 3652 ι
2053 3600 2156 3655 Au-

578 3694 737 3760 dite,
787 3693 975 3764 populi
1019 3706 1263 3755 omnes,
1311 3690 1406 3761 qui
1458 3691 1721 3749 habitatis
1779 3693 1833 3747 in
1883 3692 2001 3764 ipsa
2046 3709 2061 3747 :
2101 3699 2157 3748 et

577 3786 685 3842 erit
740 3783 885 3840 Deus
942 3782 1097 3840 vobis
1159 3785 1216 3839 in
1272 3784 1692 3848 testimonium,
1745 3784 2029 3841 vDominus
2087 3784 2157 3841 de

577 3876 742 3933 domo
766 3886 958 3934 sancta
987 3891 1108 3934 sua.
1135 3875 1275 3944 Quia
1301 3890 1432 3933 ecce
1458 3874 1743 3940 Dominus,
1772 3875 2037 3932 Dominus
2065 3875 2157 3932 de-

576 3970 809 4027 scendet
851 3970 920 4028 de
953 3971 1079 4027 loco
1124 3984 1248 4035 suo,
1291 3976 1346 4026 et
1379 3968 1714 4026 conscendet
1741 3983 1906 4040 super
1940 3967 2154 4024 excelsa

578 4069 761 4118 terrae.
806 4060 874 4115 Et
905 4069 1152 4117 conteret
1189 4066 1407 4116 montes
1439 4057 1635 4115 subtus
1681 4073 1764 4123 se,
1797 4066 1854 4113 et
1888 4057 2060 4114 valles
2087 4058 2157 4112 li—

579 4161 845 4225 quescent
904 4152 1051 4209 sicut
1100 4166 1226 4208 cera
1287 4166 1318 4206 a
1370 4150 1508 4207 facie
1569 4149 1714 4222 ignis
1765 4159 1987 4222 propter
2053 4151 2157 4206 im-

580 4245 842 4313 pietatem
875 4241 1048 4299 Iacob
1079 4258 1092 4295 ε
1129 4242 1245 4298 [nec
1273 4241 1458 4297 omnia
1503 4248 1560 4296 et
1606 4247 1833 4312 propter
1870 4248 2154 4310 peccatum

581 4332 782 4388 domus
812 4328 1067 4386 Israel".
1109 4350 1128 4384 ι
1168 4332 1227 4385 1η
1261 4345 1376 4385 ινιι
1432 4330 1561 4385 item
1609 4329 1842 4400 psalmo,
1876 4328 1968 4399 qui
2008 4329 2159 4399 ejus-

2259 3153 2587 3218 ταπείνωσις
2620 3155 2727 3208 καὶ·
2754 3155 2787 3225 ή
2811 3153 3128 3226 καθαίρεσις
3166 3154 3268 3226 τῆς
3305 3153 3632 3224 διαϐολικῆς
3676 3167 3853 3222 παρα-

2259 3239 2464 3306 τάξεως
2483 3282 2499 3308 ,
2534 3242 2717 3314 ἀρχῶν
2763 3242 2965 3315 δηλαδὴ
3014 3243 3107 3298 καὶ
3157 3240 3435 3309 ὲξουσιιῖιν,
3486 3243 3589 3298 καὶ
3651 3256 3855 3314 κοσμο-

2260 3333 2543 3406 κρατόρων
2579 3335 2675 3388 καὶ
2726 3334 3111 3405 πνευματικῶν
3169 3335 3271 3406 τῆς
3324 3335 3629 3407 πονηρίας·
3694 3332 3850 3387 ἀτινα

2262 3423 2430 3479 πάλαι
2466 3424 2566 3497 μὲν
2592 3425 2918 3497 κατεκράτει
2945 3425 3056 3481 τῶν
3084 3426 3178 3480 ἐπὶ
3201 3426 3303 3497 γῆς
3325 3426 3624 3480 οἰκούντων
3655 3422 3847 3485 ἐθνῶν,

2262 3515 2535 3571 συνεκύκα
2603 3533 2665 3570 τε
2729 3515 2824 3570 καὶ⁵
2890 3518 3253 3591 συνετάραττε
3306 3516 3407 3589 τὴν
3472 3516 3571 3570 τοῦ
3633 3514 3848 3586 ἀνθρω-

2263 3603 2418 3658 πείου
2466 3603 2583 3674 βίου
2642 3604 2939 3671 θάλασσαν,
2980 3607 3057 3671 ὼς
3102 3606 3240 3661 θεῶν
3281 3604 3442 3673 δόξαν
3490 3604 3847 3661 ἀποστέλλειν

2264 3694 2413 3765 παρὰ
2436 3696 2571 3749 πᾶσι
2612 3698 2725 3760 τοῖς
2744 3695 2805 3750 τὸ
2825 3696 2926 3767 τῆς
2962 3697 3066 3768 γῆς
3083 3696 3309 3751 οἰκοῦσι
3337 3698 3622 3769 στοιχεῖον.
3658 3692 3844 3764 Καθή-

2265 3800 2427 3855 ρηται
2468 3784 2528 3838 δὲ
2589 3785 2767 3840 πάντα
2823 3784 2919 3839 καὶ
2979 3785 3387 3858 ἀνατέτραπται
3434 3784 3528 3840 διὰ
3584 3785 3692 3855 τῆς
3740 3800 3844 3837 σω-

2260 3875 2451 3945 τηρίου
2503 3873 2839 3943 θεοφανείας.
2891 3874 2973 3928 Τὰ
3010 3875 3172 3947 ὅμοια
3216 3874 3274 3929 δι
3317 3874 3525 3939 τούτοις
3557 3876 3658 3929 καὶ
3692 3873 3847 3934 ἄλλος

2262 3967 2550 4038 προφήτης
2581 3958 2683 4020 ὧδε
2735 3965 2999 4030 θεσπίζειν
3024 3965 3233 4036 λέγων»
3291 3984 3327 4018 ιι
3349 3965 3681 4030 Ἀκούσατε,
3730 3963 3844 4017 λαοὶ

2263 4056 2462 4120 πάντες
2498 4058 2550 4111 οἱ
2581 4056 2960 4122 κατοικοῦντες
3004 4059 3061 4112 ὲν
3093 4058 3229 4130 αὐτῇ
3252 4075 3283 4090 ··
3314 4058 3413 4113 καὶ
3448 4059 3603 4114 ἔσται
3644 4060 3678 4113 ὁ
3716 4056 3843 4120 Θεὸς

2263 4149 2394 4217 ύμῖν
2438 4148 2519 4213 είς
2563 4148 2885 4221 μαρτύριον,
2928 4147 3134 4220 Κύριος
3171 4148 3233 4214 ἐξ
3276 4148 3428 4203 οἴκου
3469 4149 3628 4219 ἀτίου
3656 4145 3835 4205 αὐτοῦ.

2264 4240 2410 4294 Διότι
2446 4240 2553 4295 ίδοὺ
2578 4239 2785 4312 Κύριος
2818 4240 3184 4311 καταϐήσεται
3223 4243 3288 4296 ὲκ
3318 4240 3414 4296 τοῦ
3445 4241 3611 4296 τόπου
3639 4237 3836 4297 αὐτοῦ·

2265 4332 2360 4385 καὶ
2375 4331 2720 4405 ἐπιϐήσεται,
2752 4330 2958 4403 Κύριος
2980 4332 3075 4386 ἐπὶ
3101 4331 3169 4387 τά
3191 4331 3300 4404 ὕψη
3319 4330 3423 4404 τῆς
3435 4332 3556 4404 γῆς.
3598 4332 3712 4387 Καὶ
3722 4346 3837 4386 συν-

583 4424 710 4480 dem
753 4422 968 4479 Domini
1013 4423 1338 4480 descensum
1389 4437 1457 4479 es
1502 4422 1658 4477 caelis
1683 4421 1738 4476 in
1763 4428 1972 4477 terram
2004 4437 2157 4477 com-

2263 4422 2580 4495 τριϐήσεται
2599 4422 2670 4476 τά
2682 4422 2784 4496 ὅρη
2798 4423 3149 4478 ὑποκάτωθεν
3168 4421 3334 4479 αὐτοῦ
3354 4439 3368 4455 ο
3394 4424 3490 4477 καὶ
3516 4424 3573 4479 αί
3599 4422 3837 4484 κοιλάδες

584 4515 871 4587 plectitur,
893 4514 1104 4569 dictum
1128 4521 1213 4569 est
1243 4528 1258 4565 :
1299 4531 1318 4565 ι
1359 4511 1421 4568 Et
1448 4518 1723 4568 commota
1753 4519 1839 4568 est
1871 4519 1926 4568 et
1949 4518 2161 4567 contre-

589 4608 733 4664 muit
761 4614 930 4671 terra,
954 4603 1310 4661 fundamenta
1350 4605 1618 4660 montium
1653 4604 1982 4660 conturbata
2032 4610 2162 4659 sunt

585 4711 643 4755 et
673 4708 945 4755 commota
993 4704 1143 4761 sunt,
1181 4697 1442 4768 quoniam
1491 4686 1796 4753 iratus‘est
1844 4695 1927 4752 eis
1976 4693 2162 4750 Domi-

582 4793 772 4851 Pus".
810 4811 829 4845 ι
858 4788 960 4845 llis
994 4805 1160 4861 porro
1212 4789 1513 4845 descensus
1552 4787 1789 4848 Domini.
1829 4787 1883 4843 id
1937 4793 2029 4843 est
2064 4786 2161 4843 Dei

593 4890 775 4946 νει-οι,
806 4880 1191 4953 signiﬁcatur;
1221 4878 1528 4950 deindeque
1571 4879 1913 4934 occultarum
1940 4886 1994 4934 et
2023 4878 2164 4933 invi-

500 4954 511 4963 ’
588 4971 833 5030 sibilium
886 4976 1247 5041 potestatum,
1274 4984 1397 5041 quae
1425 4968 1555 5023 olim
1597 4967 1654 5022 in
1704 4967 1938 5024 sublime
1987 4968 2163 5038 erige-

587 5064 811 5119 bantur.
842 5061 988 5117 etab
1012 5061 1271 5117 omnibus
1305 5061 1558 5132 gentibus
1601 5060 1946 5124 colebantur,
1976 5060 2160 5122 ruina,

588 5154 823 5224 abjectio
853 5161 908 5209 et
936 5152 1249 5224 dissipatio,
1277 5167 1400 5222 qua;
1441 5151 1496 5206 in
1527 5151 1647 5222 ejus
1667 5151 1734 5207 ad
1763 5152 2025 5208 homines
2067 5151 2163 5207 (le-

588 5260 790 5300 scensu
813 5243 1062 5315 contigit.
1089 5241 1270 5310 Quare
1299 5243 1353 5298 in
1378 5243 1632 5314 praesenti
1671 5242 1878 5299 dicitur
1905 5258 1920 5296 :
1960 5262 1982 5295 ι
2019 5241 2166 5297 Pras-

589 5351 793 5409 parans
829 5343 1045 5394 montes
1097 5336 1152 5391 in
1204 5336 1410 5390 virtute
1457 5349 1580 5400 sua,
1632 5335 1916 5391 accinctus
1968 5341 2163 5406 poten-

593 5427 692 5482 tia.
731 5446 748 5479 I
782 5425 1031 5482 Potentia
1063 5427 1207 5481 enim
1254 5424 1562 5487 accinctus,
1593 5422 1915 5481 fortitudine
1954 5424 2166 5480 scilicet

592 5532 715 5582 sua,
764 5516 1059 5588 pradictos
1110 5523 1323 5572 montes
1371 5514 1615 5570 nondum
1665 5515 1885 5587 quidem
1937 5528 2166 5588 prorsus

660 5692 711 5725 ³⁵
746 5690 911 5749 Mich.
946 5707 985 5758 ι,
1015 5693 1133 5749 24.
1209 5695 1252 5733 ’⁷
1275 5691 1420 5750 Psal.
1447 5706 1583 5761 xvu,
1615 5689 1670 5748 8.

2259 4514 2592 4587 τακήσονται
2631 4515 2707 4579 ὼς
2737 4515 2907 4587 κηρὸς
2942 4514 3051 4569 ἀπὸ
3076 4513 3368 4587 προσώπου
3415 4514 3586 4587 πυρδς
3614 4514 3683 4568 δι’
3714 4512 3833 4570 ἀσέ-

2261 4609 2410 4662 ϐειαν
2458 4606 2683 4662 Ὶακὼϐο
2719 4607 2891 4661 ταῦτα
2931 4605 3107 4662 πάντα
3143 4606 3239 4661 καὶ
3277 4606 3344 4661 δι’
3386 4606 3662 4678 ἁμαρτίαν
3692 4604 3834 4660 οἴκου

2273 4698 2511 4773 Ἰσραήλ.
2552 4720 2571 4751 ι
2595 4699 2756 4753 Ἀλλά
2784 4699 2877 4753 καὶ
2910 4700 2969 4753 ὲν
2994 4698 3074 4770 τῷ
3101 4696 3168 4762 ιζ’
3190 4697 3411 4769 ψαλμῷ,
3453 4696 3553 4769 τὴν
3593 4695 3653 4762 ἐξ
3679 4697 3855 4767 οὐρῶν

2260 4789 2367 4843 νῶν
2396 4791 2490 4844 ἐπὶ
2508 4789 2613 4861 γῆς
2636 4789 2936 4844 κατάϐασιν
2958 4788 3052 4842 τοῦ
3078 4786 3251 4842 αὑτοῦ
3273 4784 3477 4859 Κυρίου
3513 4786 3830 4859 περιέχοντι.

2261 4877 2543 4934 λέλεκταιο
2577 4897 2596 4929 ι
2638 4878 2746 4931 Καὶ
2788 4874 3063 4947 ἐσαλεύθη
3091 4877 3196 4930 καὶ·
3231 4875 3490 4946 ἔντρομος
3531 4872 3757 4945 ἐγενήθη
3800 4870 3845 4940 ηε

2262 4965 2336 5036 τῆ
2356 5007 2371 5031 ,
2416 4964 2514 5019 καὶ
2555 4963 2625 5018 τά
2675 4964 2900 5036 θεμέλια
2945 4963 3054 5017 τῶν
3102 4963 3273 5034 ὁρέων
3316 4961 3696 5035 ἐταράχθησαν
3745 4957 3830 5015 καὶ

2263 5055 2663 5129 ὲσαλεύθησαν,
2679 5057 2771 5110 ὅτι»
2792 5055 3037 5127 ὠργίσθη
3066 5054 3249 5118 αὐτοῖς
3274 5055 3305 5108 ὁ
3332 5053 3557 5126 Κύριος.
3588 5073 3607 5106 ι
3636 5051 3833 5126 Σημαίδ

2263 5166 2414 5203 νεται
2437 5148 2495 5203 δὲ
2527 5147 2614 5203 διὰ
2652 5147 2857 5201 τούτων
2886 5145 3110 5211 κάθοδος
3138 5144 3232 5199 τοῦ
3261 5144 3490 5216 Κυρίου.
3509 5143 3713 5215 δηλαδὴ
3742 5139 3826 5196 τοῦ

2265 5240 2399 5295 Θεοῦ
2432 5240 2606 5309 Λόγου
2626 5256 2639 5271 ’
2668 5235 2765 5293 εἶτ’
2800 5239 2893 5292 ἐπὶ
2919 5240 2986 5309 τῇ
3022 5238 3102 5301 είς
3145 5234 3464 5308 ἀνθρώπους
3506 5234 3718 5305 καθόδῳ
3745 5232 3831 5289 ain»

2265 5332 2359 5389 τοῦ
2392 5332 2500 5386 τῶν
2536 5330 2757 5400 ἀφανῶν
2807 5330 2902 5384 καὶ
2932 5328 3179 5401 ἀοράτων
3210 5327 3492 5398 δυνάμεων
3523 5326 3634 5380 τῶν
3674 5326 3826 5383 πάλαι

2267 5425 2347 5488 είς
2374 5422 2507 5494 ὕψος
2535 5421 2879 5494 ἐπηρμένων,
2912 5419 3007 5474 καὶ
3043 5418 3193 5493 παρά
3232 5419 3363 5475 πᾶσι
3390 5421 3503 5481 τοῖς
3542 5415 3720 5472 ῐθνισι
3753 5430 3828 5470 τι·

2268 5514 2588 5588 τιμημένων
2608 5512 2925 5584 καθαίρεσις
2945 5511 3039 5567 καὶ
3060 5508 3498 5574 ταπείνωσις,κώ
3516 5505 3825 5579 σκεδασμός.
