  <div class='ocr_page' id='page_1' title='image "/cluster/home/n/w/nwhite01/storage/ocr_20150623/23/hvd.32044073501124/326.png"; bbox 0 0 4086 6442; ppageno 0'>
   <div class='ocr_carea' id='block_1_1' title="bbox 257 325 366 380">
    <p class='ocr_par' dir='ltr' id='par_1_1' title="bbox 257 325 366 380">
     <span class='ocr_line' id='line_1_1' title="bbox 257 325 366 380; baseline 0 0"><span class='ocrx_word' id='word_1_1' title='bbox 257 325 366 380; x_wconf 71' lang='lat'><strong>657</strong></span> 
     </span>
    </p>
   </div>
   <div class='ocr_carea' id='block_1_2' title="bbox 1379 307 2378 390">
    <p class='ocr_par' dir='ltr' id='par_1_2' title="bbox 1379 307 2378 390">
     <span class='ocr_line' id='line_1_2' title="bbox 1379 307 2378 390; baseline 0.008 -8"><span class='ocrx_word' id='word_1_2' title='bbox 1379 323 1886 384; x_wconf 75' lang='lat' dir='ltr'><strong>COMMENTABIA</strong></span> <span class='ocrx_word' id='word_1_3' title='bbox 1927 327 1994 384; x_wconf 81' lang='lat' dir='ltr'><strong>IN</strong></span> <span class='ocrx_word' id='word_1_4' title='bbox 2035 307 2378 390; x_wconf 61' lang='lat' dir='ltr'><strong>esuries.</strong></span> 
     </span>
    </p>
   </div>
   <div class='ocr_carea' id='block_1_3' title="bbox 3403 345 3512 402">
    <p class='ocr_par' dir='ltr' id='par_1_3' title="bbox 3403 345 3512 402">
     <span class='ocr_line' id='line_1_3' title="bbox 3403 345 3512 402; baseline -0.018 0"><span class='ocrx_word' id='word_1_5' title='bbox 3403 345 3512 402; x_wconf 73' lang='lat'><strong>658</strong></span> 
     </span>
    </p>
   </div>
   <div class='ocr_carea' id='block_1_4' title="bbox 253 415 1830 520">
    <p class='ocr_par' dir='ltr' id='par_1_4' title="bbox 253 435 1830 510">
     <span class='ocr_line' id='line_1_4' title="bbox 253 435 1830 510; baseline 0 -18"><span class='ocrx_word' id='word_1_6' title='bbox 253 439 348 492; x_wconf 75' lang='grc' dir='ltr'><strong>Διὸ</strong></span> <span class='ocrx_word' id='word_1_7' title='bbox 399 435 496 492; x_wconf 77' lang='grc' dir='ltr'>καὶ</span> <span class='ocrx_word' id='word_1_8' title='bbox 535 437 594 488; x_wconf 81' lang='grc' dir='ltr'><strong>ὲν</strong></span> <span class='ocrx_word' id='word_1_9' title='bbox 627 437 738 498; x_wconf 82' lang='grc' dir='ltr'>τοῖς</span> <span class='ocrx_word' id='word_1_10' title='bbox 769 435 906 506; x_wconf 77' lang='grc' dir='ltr'>μετὰ</span> <span class='ocrx_word' id='word_1_11' title='bbox 945 437 1128 508; x_wconf 81' lang='grc' dir='ltr'>χεῖρας</span> <span class='ocrx_word' id='word_1_12' title='bbox 1172 437 1416 506; x_wconf 77' lang='grc' dir='ltr'>εἴρηται·</span> <span class='ocrx_word' id='word_1_13' title='bbox 1447 459 1464 488; x_wconf 75' lang='grc' dir='ltr'><strong>ι</strong></span> <span class='ocrx_word' id='word_1_14' title='bbox 1507 438 1830 510; x_wconf 81' lang='grc' dir='ltr'>Ἐτοιμάζων</span> 
     </span>
    </p>
   </div>
   <div class='ocr_carea' id='block_1_5' title="bbox 1932 415 3514 520">
    <p class='ocr_par' dir='ltr' id='par_1_5' title="bbox 1939 415 3514 520">
     <span class='ocr_line' id='line_1_5' title="bbox 1939 415 3514 520; baseline 0.009 -24"><span class='ocrx_word' id='word_1_15' title='bbox 1939 443 2182 506; x_wconf 88' lang='lat' dir='ltr'><strong>sustulit,</strong></span> <span class='ocrx_word' id='word_1_16' title='bbox 2209 445 2302 498; x_wconf 86' lang='lat' dir='ltr'><strong>sed</strong></span> <span class='ocrx_word' id='word_1_17' title='bbox 2327 415 2652 514; x_wconf 71' lang='lat' dir='ltr'><strong>praeparavit</strong></span> <span class='ocrx_word' id='word_1_18' title='bbox 2679 453 2734 502; x_wconf 89' lang='lat' dir='ltr'><strong>et</strong></span> <span class='ocrx_word' id='word_1_19' title='bbox 2777 447 2844 502; x_wconf 90' lang='lat' dir='ltr'><strong>ad</strong></span> <span class='ocrx_word' id='word_1_20' title='bbox 2885 437 3220 520; x_wconf 78' lang='lat' dir='ltr'><strong>supplicia</strong></span> <span class='ocrx_word' id='word_1_21' title='bbox 3269 451 3514 510; x_wconf 84' lang='lat' dir='ltr'><strong>destina-</strong></span> 
     </span>
    </p>
   </div>
   <div class='ocr_carea' id='block_1_6' title="bbox 251 525 1834 602">
    <p class='ocr_par' dir='ltr' id='par_1_6' title="bbox 251 525 1834 602">
     <span class='ocr_line' id='line_1_6' title="bbox 251 525 1834 602; baseline -0.001 -20"><span class='ocrx_word' id='word_1_22' title='bbox 251 529 358 602; x_wconf 77' lang='grc' dir='ltr'>ὅρη</span> <span class='ocrx_word' id='word_1_23' title='bbox 385 531 445 582; x_wconf 79' lang='grc' dir='ltr'><strong>ὲν</strong></span> <span class='ocrx_word' id='word_1_24' title='bbox 473 531 537 598; x_wconf 78' lang='grc' dir='ltr'>τῇ</span> <span class='ocrx_word' id='word_1_25' title='bbox 565 527 708 596; x_wconf 79' lang='grc' dir='ltr'>ίσχύῖ</span> <span class='ocrx_word' id='word_1_26' title='bbox 735 525 924 590; x_wconf 83' lang='grc' dir='ltr'>αὐτοῦ,</span> <span class='ocrx_word' id='word_1_27' title='bbox 953 527 1388 600; x_wconf 79' lang='grc' dir='ltr'><strong>περιεζωσμένος</strong></span> <span class='ocrx_word' id='word_1_28' title='bbox 1401 529 1458 580; x_wconf 80' lang='grc' dir='ltr'><strong>ὲν</strong></span> <span class='ocrx_word' id='word_1_29' title='bbox 1473 529 1778 602; x_wconf 75' lang='grc' dir='ltr'><strong>δυναστείᾳ.</strong></span> <span class='ocrx_word' id='word_1_30' title='bbox 1816 549 1834 581; x_wconf 72' lang='grc' dir='ltr'><strong>ι</strong></span> 
     </span>
    </p>
   </div>
   <div class='ocr_carea' id='block_1_7' title="bbox 229 616 1841 688">
    <p class='ocr_par' dir='ltr' id='par_1_7' title="bbox 229 616 1841 688">
     <span class='ocr_line' id='line_1_7' title="bbox 229 616 1841 688; baseline 0 -16"><span class='ocrx_word' id='word_1_31' title='bbox 229 619 552 688; x_wconf 63' lang='grc' dir='ltr'>ΪΔυναστείᾳ</span> <span class='ocrx_word' id='word_1_32' title='bbox 573 617 682 688; x_wconf 77' lang='grc' dir='ltr'><strong>γὰρ</strong></span> <span class='ocrx_word' id='word_1_33' title='bbox 721 616 1182 688; x_wconf 78' lang='grc' dir='ltr'><strong>περιεζωσμένος,</strong></span> <span class='ocrx_word' id='word_1_34' title='bbox 1225 619 1296 688; x_wconf 76' lang='grc' dir='ltr'>τῇ</span> <span class='ocrx_word' id='word_1_35' title='bbox 1341 617 1510 672; x_wconf 75' lang='grc' dir='ltr'>αὐτοῦ</span> <span class='ocrx_word' id='word_1_36' title='bbox 1555 617 1726 688; x_wconf 77' lang='grc' dir='ltr'>ἰσχύϊ,</span> <span class='ocrx_word' id='word_1_37' title='bbox 1771 619 1841 672; x_wconf 82' lang='grc' dir='ltr'><strong>τὰ</strong></span> 
     </span>
    </p>
   </div>
   <div class='ocr_carea' id='block_1_8' title="bbox 230 685 1826 786">
    <p class='ocr_par' dir='ltr' id='par_1_8' title="bbox 230 685 1826 786">
     <span class='ocr_line' id='line_1_8' title="bbox 230 685 1826 786; baseline 0.001 -24"><span class='ocrx_word' id='word_1_38' title='bbox 230 685 620 786; x_wconf 52' lang='grc' dir='ltr'><strong>διιιερολεχθέντιπ.</strong></span> <span class='ocrx_word' id='word_1_39' title='bbox 651 685 754 780; x_wconf 74' lang='grc' dir='ltr'><strong>δρη</strong></span> <span class='ocrx_word' id='word_1_40' title='bbox 781 685 934 762; x_wconf 81' lang='grc' dir='ltr'>οῠπω</span> <span class='ocrx_word' id='word_1_41' title='bbox 966 685 1064 778; x_wconf 69' lang='grc' dir='ltr'><strong>μεν</strong></span> <span class='ocrx_word' id='word_1_42' title='bbox 1097 709 1176 770; x_wconf 80' lang='grc' dir='ltr'><strong>είς</strong></span> <span class='ocrx_word' id='word_1_43' title='bbox 1209 685 1292 760; x_wconf 49' lang='grc' dir='ltr'>τε</span> <span class='ocrx_word' id='word_1_44' title='bbox 1317 707 1579 772; x_wconf 76' lang='grc' dir='ltr'>παντελὲς</span> <span class='ocrx_word' id='word_1_45' title='bbox 1610 685 1826 764; x_wconf 73' lang='grc' dir='ltr'>άπώλε-</span> 
     </span>
    </p>
   </div>
   <div class='ocr_carea' id='block_1_9' title="bbox 251 797 1840 872">
    <p class='ocr_par' dir='ltr' id='par_1_9' title="bbox 251 797 1840 872">
     <span class='ocr_line' id='line_1_9' title="bbox 251 797 1840 872; baseline 0 -18"><span class='ocrx_word' id='word_1_46' title='bbox 251 817 378 856; x_wconf 89' lang='grc' dir='ltr'>σεν·</span> <span class='ocrx_word' id='word_1_47' title='bbox 409 800 674 872; x_wconf 74' lang='grc' dir='ltr'><strong>ἡτοίμασε</strong></span> <span class='ocrx_word' id='word_1_48' title='bbox 721 799 778 852; x_wconf 78' lang='grc' dir='ltr'>δὲ</span> <span class='ocrx_word' id='word_1_49' title='bbox 809 800 890 862; x_wconf 85' lang='grc' dir='ltr'><strong>εις</strong></span> <span class='ocrx_word' id='word_1_50' title='bbox 927 799 1194 870; x_wconf 80' lang='grc' dir='ltr'><strong>τιμωρίαν</strong></span> <span class='ocrx_word' id='word_1_51' title='bbox 1225 799 1362 862; x_wconf 75' lang='grc' dir='ltr'>τέως</span> <span class='ocrx_word' id='word_1_52' title='bbox 1395 797 1664 870; x_wconf 79' lang='grc' dir='ltr'><strong>ἀφορίσας</strong></span> <span class='ocrx_word' id='word_1_53' title='bbox 1701 801 1840 854; x_wconf 67' lang='grc' dir='ltr'>αὐτὶ</span> 
     </span>
    </p>
   </div>
   <div class='ocr_carea' id='block_1_10' title="bbox 249 889 1834 963">
    <p class='ocr_par' dir='ltr' id='par_1_10' title="bbox 249 889 1834 963">
     <span class='ocr_line' id='line_1_10' title="bbox 249 889 1834 963; baseline -0.001 -17"><span class='ocrx_word' id='word_1_54' title='bbox 249 893 348 946; x_wconf 70' lang='grc' dir='ltr'>καὶ</span> <span class='ocrx_word' id='word_1_55' title='bbox 379 893 694 962; x_wconf 78' lang='grc' dir='ltr'><strong>ἀποστήσας</strong></span> <span class='ocrx_word' id='word_1_56' title='bbox 727 889 828 960; x_wconf 79' lang='grc' dir='ltr'>τῆς</span> <span class='ocrx_word' id='word_1_57' title='bbox 859 891 1002 944; x_wconf 76' lang='grc' dir='ltr'>κατὰ</span> <span class='ocrx_word' id='word_1_58' title='bbox 1031 890 1142 944; x_wconf 83' lang='grc' dir='ltr'><strong>τῶν</strong></span> <span class='ocrx_word' id='word_1_59' title='bbox 1163 889 1258 944; x_wconf 83' lang='grc' dir='ltr'>ἀνθ</span> <span class='ocrx_word' id='word_1_60' title='bbox 1269 889 1464 962; x_wconf 84' lang='grc' dir='ltr'>ρώπων</span> <span class='ocrx_word' id='word_1_61' title='bbox 1491 892 1834 963; x_wconf 78' lang='grc' dir='ltr'><strong>τυραννίδος·</strong></span> 
     </span>
    </p>
   </div>
   <div class='ocr_carea' id='block_1_11' title="bbox 245 981 1838 1056">
    <p class='ocr_par' dir='ltr' id='par_1_11' title="bbox 245 981 1838 1056">
     <span class='ocr_line' id='line_1_11' title="bbox 245 981 1838 1056; baseline -0.001 -18"><span class='ocrx_word' id='word_1_62' title='bbox 245 983 386 1040; x_wconf 80' lang='grc' dir='ltr'><strong>ἀλλὰ</strong></span> <span class='ocrx_word' id='word_1_63' title='bbox 409 984 502 1036; x_wconf 76' lang='grc' dir='ltr'>καὶ</span> <span class='ocrx_word' id='word_1_64' title='bbox 531 983 592 1036; x_wconf 82' lang='grc' dir='ltr'>τὸ</span> <span class='ocrx_word' id='word_1_65' title='bbox 623 981 786 1046; x_wconf 84' lang='grc' dir='ltr'>κύτος</span> <span class='ocrx_word' id='word_1_66' title='bbox 809 981 912 1052; x_wconf 84' lang='grc' dir='ltr'>τῆς</span> <span class='ocrx_word' id='word_1_67' title='bbox 933 981 1206 1052; x_wconf 81' lang='grc' dir='ltr'><strong>θαλάσσης</strong></span> <span class='ocrx_word' id='word_1_68' title='bbox 1231 985 1304 1054; x_wconf 75' lang='grc' dir='ltr'>τῇ</span> <span class='ocrx_word' id='word_1_69' title='bbox 1329 981 1521 1036; x_wconf 79' lang='grc' dir='ltr'>ἑαυτοῦ</span> <span class='ocrx_word' id='word_1_70' title='bbox 1553 983 1838 1056; x_wconf 68' lang='grc' dir='ltr'>δυναστεία</span> 
     </span>
    </p>
   </div>
   <div class='ocr_carea' id='block_1_12' title="bbox 247 1073 1836 1146">
    <p class='ocr_par' dir='ltr' id='par_1_12' title="bbox 247 1073 1836 1146">
     <span class='ocr_line' id='line_1_12' title="bbox 247 1073 1836 1146; baseline -0.001 -16"><span class='ocrx_word' id='word_1_71' title='bbox 247 1075 584 1130; x_wconf 74' lang='grc' dir='ltr'><strong>κατέπαυσε.</strong></span> <span class='ocrx_word' id='word_1_72' title='bbox 635 1075 726 1128; x_wconf 75' lang='grc' dir='ltr'><strong>Διὸ</strong></span> <span class='ocrx_word' id='word_1_73' title='bbox 771 1073 1056 1128; x_wconf 82' lang='grc' dir='ltr'>λέλεκται·</span> <span class='ocrx_word' id='word_1_74' title='bbox 1089 1091 1106 1124; x_wconf 77' lang='grc' dir='ltr'><strong>ι</strong></span> <span class='ocrx_word' id='word_1_75' title='bbox 1145 1073 1536 1146; x_wconf 81' lang='grc' dir='ltr'>Συνταράσσων</span> <span class='ocrx_word' id='word_1_76' title='bbox 1581 1075 1642 1128; x_wconf 83' lang='grc' dir='ltr'>τὸ</span> <span class='ocrx_word' id='word_1_77' title='bbox 1675 1073 1836 1140; x_wconf 85' lang='grc' dir='ltr'>κύτος</span> 
     </span>
    </p>
   </div>
   <div class='ocr_carea' id='block_1_13' title="bbox 241 1163 1835 1238">
    <p class='ocr_par' dir='ltr' id='par_1_13' title="bbox 241 1163 1835 1238">
     <span class='ocr_line' id='line_1_13' title="bbox 241 1163 1835 1238; baseline -0.001 -18"><span class='ocrx_word' id='word_1_78' title='bbox 241 1169 346 1238; x_wconf 80' lang='grc' dir='ltr'>τῆς</span> <span class='ocrx_word' id='word_1_79' title='bbox 377 1165 670 1236; x_wconf 79' lang='grc' dir='ltr'>θαλάσσης,</span> <span class='ocrx_word' id='word_1_80' title='bbox 701 1165 862 1236; x_wconf 71' lang='grc' dir='ltr'>ἤχους</span> <span class='ocrx_word' id='word_1_81' title='bbox 885 1165 1150 1234; x_wconf 78' lang='grc' dir='ltr'><strong>κυμάτων</strong></span> <span class='ocrx_word' id='word_1_82' title='bbox 1177 1165 1366 1236; x_wconf 84' lang='grc' dir='ltr'>αὐτῆς.</span> <span class='ocrx_word' id='word_1_83' title='bbox 1401 1185 1420 1218; x_wconf 73' lang='grc' dir='ltr'><strong>ι</strong></span> <span class='ocrx_word' id='word_1_84' title='bbox 1465 1165 1606 1220; x_wconf 74' lang='grc' dir='ltr'>’Δντὶ</span> <span class='ocrx_word' id='word_1_85' title='bbox 1631 1165 1688 1218; x_wconf 81' lang='grc' dir='ltr'>δὲ</span> <span class='ocrx_word' id='word_1_86' title='bbox 1719 1163 1835 1227; x_wconf 77' lang='grc' dir='ltr'>τοῦ,</span> 
     </span>
    </p>
   </div>
   <div class='ocr_carea' id='block_1_14' title="bbox 249 1255 1836 1330">
    <p class='ocr_par' dir='ltr' id='par_1_14' title="bbox 249 1255 1836 1330">
     <span class='ocr_line' id='line_1_14' title="bbox 249 1255 1836 1330; baseline 0 -22"><span class='ocrx_word' id='word_1_87' title='bbox 249 1277 274 1308; x_wconf 76' lang='grc' dir='ltr'><strong>σ</strong></span> <span class='ocrx_word' id='word_1_88' title='bbox 299 1261 326 1312; x_wconf 79' lang='grc' dir='ltr'>ὁ</span> <span class='ocrx_word' id='word_1_89' title='bbox 349 1257 754 1330; x_wconf 77' lang='grc' dir='ltr'>συνταράσσων,</span> <span class='ocrx_word' id='word_1_90' title='bbox 779 1275 798 1306; x_wconf 72' lang='grc' dir='ltr'><strong>ι</strong></span> <span class='ocrx_word' id='word_1_91' title='bbox 817 1257 846 1308; x_wconf 83' lang='grc' dir='ltr'><strong>ό</strong></span> <span class='ocrx_word' id='word_1_92' title='bbox 867 1255 964 1326; x_wconf 80' lang='grc' dir='ltr'><strong>μὲν</strong></span> <span class='ocrx_word' id='word_1_93' title='bbox 981 1255 1264 1320; x_wconf 79' lang='grc' dir='ltr'>Ἀκύλας,‹</span> <span class='ocrx_word' id='word_1_94' title='bbox 1291 1255 1684 1310; x_wconf 82' lang='grc' dir='ltr'>καταστέλλων·</span> <span class='ocrx_word' id='word_1_95' title='bbox 1707 1275 1726 1305; x_wconf 73' lang='grc' dir='ltr'><strong>ι</strong></span> <span class='ocrx_word' id='word_1_96' title='bbox 1743 1255 1836 1308; x_wconf 83' lang='grc' dir='ltr'><strong>ὀδὲ</strong></span> 
     </span>
    </p>
   </div>
   <div class='ocr_carea' id='block_1_15' title="bbox 239 1347 1834 1420">
    <p class='ocr_par' dir='ltr' id='par_1_15' title="bbox 239 1347 1834 1420">
     <span class='ocr_line' id='line_1_15' title="bbox 239 1347 1834 1420; baseline -0.002 -18"><span class='ocrx_word' id='word_1_97' title='bbox 239 1349 560 1410; x_wconf 84' lang='grc' dir='ltr'>Θεοδοτίων,</span> <span class='ocrx_word' id='word_1_98' title='bbox 589 1367 612 1400; x_wconf 69' lang='grc' dir='ltr'><strong>ι</strong></span> <span class='ocrx_word' id='word_1_99' title='bbox 641 1347 1042 1418; x_wconf 58' lang='grc' dir='ltr'>καταπραϐνων</span> <span class='ocrx_word' id='word_1_100' title='bbox 1060 1387 1075 1412; x_wconf 94' lang='grc'><strong>,</strong></span> <span class='ocrx_word' id='word_1_101' title='bbox 1111 1366 1132 1400; x_wconf 73' lang='grc' dir='ltr'><strong>ι</strong></span> <span class='ocrx_word' id='word_1_102' title='bbox 1159 1349 1254 1400; x_wconf 78' lang='grc' dir='ltr'>καὶ</span> <span class='ocrx_word' id='word_1_103' title='bbox 1283 1349 1316 1418; x_wconf 76' lang='grc' dir='ltr'><strong>ἡ</strong></span> <span class='ocrx_word' id='word_1_104' title='bbox 1347 1347 1570 1420; x_wconf 73' lang='grc' dir='ltr'>πέμπτη</span> <span class='ocrx_word' id='word_1_105' title='bbox 1605 1347 1834 1412; x_wconf 82' lang='grc' dir='ltr'>ἔκδοσις,</span> 
     </span>
    </p>
   </div>
   <div class='ocr_carea' id='block_1_16' title="bbox 249 1435 1836 1510">
    <p class='ocr_par' dir='ltr' id='par_1_16' title="bbox 249 1435 1836 1510">
     <span class='ocr_line' id='line_1_16' title="bbox 249 1435 1836 1510; baseline 0 -18"><span class='ocrx_word' id='word_1_106' title='bbox 249 1461 272 1492; x_wconf 73' lang='grc' dir='ltr'><strong>σ</strong></span> <span class='ocrx_word' id='word_1_107' title='bbox 303 1441 330 1494; x_wconf 88' lang='grc' dir='ltr'><strong>ό</strong></span> <span class='ocrx_word' id='word_1_108' title='bbox 347 1439 770 1510; x_wconf 79' lang='grc' dir='ltr'>καταπραΰνων,</span> <span class='ocrx_word' id='word_1_109' title='bbox 805 1457 824 1490; x_wconf 75' lang='grc' dir='ltr'><strong>ι</strong></span> <span class='ocrx_word' id='word_1_110' title='bbox 846 1439 1220 1510; x_wconf 78' lang='grc' dir='ltr'>ήρμήνευσαν.</span> <span class='ocrx_word' id='word_1_111' title='bbox 1237 1439 1398 1508; x_wconf 79' lang='grc' dir='ltr'>Λέγει</span> <span class='ocrx_word' id='word_1_112' title='bbox 1425 1439 1468 1492; x_wconf 83' lang='grc' dir='ltr'>δ’</span> <span class='ocrx_word' id='word_1_113' title='bbox 1494 1435 1587 1492; x_wconf 78' lang='grc' dir='ltr'><strong>οὖν</strong></span> <span class='ocrx_word' id='word_1_114' title='bbox 1617 1440 1646 1492; x_wconf 86' lang='grc' dir='ltr'>ὁ</span> <span class='ocrx_word' id='word_1_115' title='bbox 1679 1439 1836 1492; x_wconf 78' lang='grc' dir='ltr'><strong>Ἀκύ-</strong></span> 
     </span>
    </p>
   </div>
   <div class='ocr_carea' id='block_1_17' title="bbox 241 1529 1836 1606">
    <p class='ocr_par' dir='ltr' id='par_1_17' title="bbox 241 1529 1836 1606">
     <span class='ocr_line' id='line_1_17' title="bbox 241 1529 1836 1606; baseline -0.001 -18"><span class='ocrx_word' id='word_1_116' title='bbox 241 1535 372 1600; x_wconf 74' lang='grc' dir='ltr'>λας·</span> <span class='ocrx_word' id='word_1_117' title='bbox 411 1555 430 1588; x_wconf 77' lang='grc' dir='ltr'><strong>ι</strong></span> <span class='ocrx_word' id='word_1_118' title='bbox 467 1535 860 1590; x_wconf 84' lang='grc' dir='ltr'>Καταστέλλων</span> <span class='ocrx_word' id='word_1_119' title='bbox 895 1529 1028 1606; x_wconf 80' lang='grc' dir='ltr'>ἦχον</span> <span class='ocrx_word' id='word_1_120' title='bbox 1073 1533 1368 1605; x_wconf 82' lang='grc' dir='ltr'>θαλάσσης,</span> <span class='ocrx_word' id='word_1_121' title='bbox 1397 1534 1622 1606; x_wconf 89' lang='grc' dir='ltr'>θόρυϐον</span> <span class='ocrx_word' id='word_1_122' title='bbox 1659 1535 1836 1606; x_wconf 81' lang='grc' dir='ltr'>κυμά-</span> 
     </span>
    </p>
   </div>
   <div class='ocr_carea' id='block_1_18' title="bbox 240 1625 1830 1699">
    <p class='ocr_par' dir='ltr' id='par_1_18' title="bbox 240 1625 1830 1699">
     <span class='ocr_line' id='line_1_18' title="bbox 240 1625 1830 1699; baseline -0.003 -17"><span class='ocrx_word' id='word_1_123' title='bbox 240 1645 354 1682; x_wconf 85' lang='grc' dir='ltr'>των</span> <span class='ocrx_word' id='word_1_124' title='bbox 383 1627 552 1699; x_wconf 79' lang='grc' dir='ltr'>αὑτῆς</span> <span class='ocrx_word' id='word_1_125' title='bbox 589 1627 690 1682; x_wconf 77' lang='grc' dir='ltr'><strong>καὶ.</strong></span> <span class='ocrx_word' id='word_1_126' title='bbox 725 1625 880 1698; x_wconf 71' lang='grc' dir='ltr'>ϐχλον</span> <span class='ocrx_word' id='word_1_127' title='bbox 921 1625 1124 1696; x_wconf 75' lang='grc' dir='ltr'>φυλῶν.</span> <span class='ocrx_word' id='word_1_128' title='bbox 1175 1645 1194 1676; x_wconf 74' lang='grc' dir='ltr'><strong>ι</strong></span> <span class='ocrx_word' id='word_1_129' title='bbox 1224 1625 1432 1690; x_wconf 85' lang='grc' dir='ltr'>Ὥσπερ</span> <span class='ocrx_word' id='word_1_130' title='bbox 1459 1625 1566 1698; x_wconf 82' lang='grc' dir='ltr'><strong>γὰρ</strong></span> <span class='ocrx_word' id='word_1_131' title='bbox 1597 1625 1665 1679; x_wconf 78' lang='grc' dir='ltr'><strong>τά</strong></span> <span class='ocrx_word' id='word_1_132' title='bbox 1697 1643 1830 1698; x_wconf 87' lang='grc' dir='ltr'>προ-</span> 
     </span>
    </p>
   </div>
   <div class='ocr_carea' id='block_1_19' title="bbox 242 1715 1832 1790">
    <p class='ocr_par' dir='ltr' id='par_1_19' title="bbox 242 1715 1832 1790">
     <span class='ocr_line' id='line_1_19' title="bbox 242 1715 1832 1790; baseline -0.001 -18"><span class='ocrx_word' id='word_1_133' title='bbox 242 1717 506 1790; x_wconf 87' lang='grc' dir='ltr'>λεχθέντα</span> <span class='ocrx_word' id='word_1_134' title='bbox 531 1717 634 1788; x_wconf 70' lang='grc' dir='ltr'>ὅρη</span> <span class='ocrx_word' id='word_1_135' title='bbox 675 1717 758 1780; x_wconf 88' lang='grc' dir='ltr'><strong>είς</strong></span> <span class='ocrx_word' id='word_1_136' title='bbox 807 1715 904 1786; x_wconf 55' lang='grc' dir='ltr'>τὴν</span> <span class='ocrx_word' id='word_1_137' title='bbox 952 1715 1249 1786; x_wconf 78' lang='grc' dir='ltr'>μέλλουσαν</span> <span class='ocrx_word' id='word_1_138' title='bbox 1302 1715 1442 1768; x_wconf 80' lang='grc' dir='ltr'>αὐτὰ</span> <span class='ocrx_word' id='word_1_139' title='bbox 1479 1715 1832 1788; x_wconf 76' lang='grc' dir='ltr'>διαλήψεσθαι</span> 
     </span>
    </p>
   </div>
   <div class='ocr_carea' id='block_1_20' title="bbox 1939 534 3510 606">
    <p class='ocr_par' dir='ltr' id='par_1_20' title="bbox 1939 534 3510 606">
     <span class='ocr_line' id='line_1_20' title="bbox 1939 534 3510 606; baseline 0.008 -18"><span class='ocrx_word' id='word_1_140' title='bbox 1939 534 2038 598; x_wconf 97' lang='lat' dir='ltr'><strong>vit,</strong></span> <span class='ocrx_word' id='word_1_141' title='bbox 2067 543 2122 590; x_wconf 85' lang='lat' dir='ltr'><strong>et</strong></span> <span class='ocrx_word' id='word_1_142' title='bbox 2151 549 2180 588; x_wconf 87' lang='lat' dir='ltr'><strong>a</strong></span> <span class='ocrx_word' id='word_1_143' title='bbox 2211 536 2502 606; x_wconf 81' lang='lat' dir='ltr'><strong>tyrannide</strong></span> <span class='ocrx_word' id='word_1_144' title='bbox 2557 553 2722 606; x_wconf 85' lang='lat' dir='ltr'><strong>quam</strong></span> <span class='ocrx_word' id='word_1_145' title='bbox 2783 539 2836 594; x_wconf 90' lang='lat' dir='ltr'><strong>in</strong></span> <span class='ocrx_word' id='word_1_146' title='bbox 2897 540 3148 598; x_wconf 83' lang='lat' dir='ltr'><strong>homines</strong></span> <span class='ocrx_word' id='word_1_147' title='bbox 3187 547 3510 602; x_wconf 77' lang='lat' dir='ltr'><strong>exercebant</strong></span> 
     </span>
    </p>
   </div>
   <div class='ocr_carea' id='block_1_21' title="bbox 1941 627 3514 704">
    <p class='ocr_par' dir='ltr' id='par_1_21' title="bbox 1941 627 3514 704">
     <span class='ocr_line' id='line_1_21' title="bbox 1941 627 3514 704; baseline 0.006 -24"><span class='ocrx_word' id='word_1_148' title='bbox 1941 627 2172 680; x_wconf 80' lang='lat' dir='ltr'><strong>semovit</strong></span> <span class='ocrx_word' id='word_1_149' title='bbox 2199 644 2214 681; x_wconf 89' lang='lat'><strong>:</strong></span> <span class='ocrx_word' id='word_1_150' title='bbox 2247 627 2356 680; x_wconf 88' lang='lat' dir='ltr'><strong>imo</strong></span> <span class='ocrx_word' id='word_1_151' title='bbox 2381 627 2546 682; x_wconf 87' lang='lat' dir='ltr'><strong>etiam</strong></span> <span class='ocrx_word' id='word_1_152' title='bbox 2585 628 2916 698; x_wconf 84' lang='lat' dir='ltr'><strong>profundum</strong></span> <span class='ocrx_word' id='word_1_153' title='bbox 2949 631 3118 688; x_wconf 87' lang='lat' dir='ltr'><strong>maris</strong></span> <span class='ocrx_word' id='word_1_154' title='bbox 3143 635 3384 704; x_wconf 84' lang='lat' dir='ltr'><strong>potentia</strong></span> <span class='ocrx_word' id='word_1_155' title='bbox 3415 652 3514 692; x_wconf 89' lang='lat' dir='ltr'><strong>sua</strong></span> 
     </span>
    </p>
   </div>
   <div class='ocr_carea' id='block_1_22' title="bbox 1939 715 3512 796">
    <p class='ocr_par' dir='ltr' id='par_1_22' title="bbox 1939 715 3512 796">
     <span class='ocr_line' id='line_1_22' title="bbox 1939 715 3512 796; baseline 0.005 -24"><span class='ocrx_word' id='word_1_156' title='bbox 1939 717 2170 772; x_wconf 75' lang='lat' dir='ltr'><strong>sedavit.</strong></span> <span class='ocrx_word' id='word_1_157' title='bbox 2209 715 2554 788; x_wconf 83' lang='lat' dir='ltr'><strong>Quapropter</strong></span> <span class='ocrx_word' id='word_1_158' title='bbox 2605 721 2809 776; x_wconf 64' lang='lat' dir='ltr'><strong>dicitur</strong></span> <span class='ocrx_word' id='word_1_159' title='bbox 2864 740 2878 776; x_wconf 90' lang='lat'><strong>:</strong></span> <span class='ocrx_word' id='word_1_160' title='bbox 2923 741 2940 774; x_wconf 73' lang='grc' dir='ltr'><strong>ι</strong></span> <span class='ocrx_word' id='word_1_161' title='bbox 2984 720 3334 780; x_wconf 85' lang='lat' dir='ltr'><strong>Conturbans</strong></span> <span class='ocrx_word' id='word_1_162' title='bbox 3385 741 3512 796; x_wconf 87' lang='lat' dir='ltr'><strong>pro-</strong></span> 
     </span>
    </p>
   </div>
   <div class='ocr_carea' id='block_1_23' title="bbox 1940 805 3512 884">
    <p class='ocr_par' dir='ltr' id='par_1_23' title="bbox 1940 805 3512 884">
     <span class='ocr_line' id='line_1_23' title="bbox 1940 805 3512 884; baseline 0.008 -24"><span class='ocrx_word' id='word_1_163' title='bbox 1940 805 2168 862; x_wconf 82' lang='lat' dir='ltr'><strong>fundum</strong></span> <span class='ocrx_word' id='word_1_164' title='bbox 2229 809 2426 876; x_wconf 89' lang='lat' dir='ltr'><strong>maris,</strong></span> <span class='ocrx_word' id='word_1_165' title='bbox 2477 825 2676 864; x_wconf 89' lang='lat' dir='ltr'><strong>sonum</strong></span> <span class='ocrx_word' id='word_1_166' title='bbox 2735 809 3000 866; x_wconf 84' lang='lat' dir='ltr'><strong>ﬂuctuum</strong></span> <span class='ocrx_word' id='word_1_167' title='bbox 3053 815 3194 884; x_wconf 88' lang='lat' dir='ltr'><strong>ejus.</strong></span> <span class='ocrx_word' id='word_1_168' title='bbox 3229 835 3248 868; x_wconf 73' lang='grc' dir='ltr'><strong>ι</strong></span> <span class='ocrx_word' id='word_1_169' title='bbox 3285 813 3392 872; x_wconf 90' lang='lat' dir='ltr'><strong>Pro</strong></span> <span class='ocrx_word' id='word_1_170' title='bbox 3420 817 3512 872; x_wconf 88' lang='lat' dir='ltr'><strong>illo</strong></span> 
     </span>
    </p>
   </div>
   <div class='ocr_carea' id='block_1_24' title="bbox 1939 901 3508 976">
    <p class='ocr_par' dir='ltr' id='par_1_24' title="bbox 1939 901 3508 976">
     <span class='ocr_line' id='line_1_24' title="bbox 1939 901 3508 976; baseline 0.008 -26"><span class='ocrx_word' id='word_1_171' title='bbox 1939 909 2122 954; x_wconf 88' lang='lat' dir='ltr'><strong>autem</strong></span> <span class='ocrx_word' id='word_1_172' title='bbox 2145 939 2160 964; x_wconf 96' lang='lat'><strong>,</strong></span> <span class='ocrx_word' id='word_1_173' title='bbox 2203 919 2220 950; x_wconf 77' lang='grc' dir='ltr'><strong>ι</strong></span> <span class='ocrx_word' id='word_1_174' title='bbox 2257 901 2632 966; x_wconf 81' lang='lat' dir='ltr'><strong>conturbans,</strong></span> <span class='ocrx_word' id='word_1_175' title='bbox 2681 923 2698 954; x_wconf 75' lang='grc' dir='ltr'><strong>ι</strong></span> <span class='ocrx_word' id='word_1_176' title='bbox 2737 902 2954 974; x_wconf 79' lang='lat' dir='ltr'><strong>Aquila,</strong></span> <span class='ocrx_word' id='word_1_177' title='bbox 2991 923 3014 956; x_wconf 74' lang='grc' dir='ltr'><strong>ο</strong></span> <span class='ocrx_word' id='word_1_178' title='bbox 3047 907 3452 976; x_wconf 81' lang='lat' dir='ltr'><strong>comprimens;</strong></span> <span class='ocrx_word' id='word_1_179' title='bbox 3483 929 3508 963; x_wconf 70' lang='grc' dir='ltr'><strong>ι</strong></span> 
     </span>
    </p>
   </div>
   <div class='ocr_carea' id='block_1_25' title="bbox 1939 989 3510 1065">
    <p class='ocr_par' dir='ltr' id='par_1_25' title="bbox 1939 989 3510 1065">
     <span class='ocr_line' id='line_1_25' title="bbox 1939 989 3510 1065; baseline 0.006 -23"><span class='ocrx_word' id='word_1_180' title='bbox 1939 989 2266 1054; x_wconf 86' lang='lat' dir='ltr'><strong>Tbeodotio,</strong></span> <span class='ocrx_word' id='word_1_181' title='bbox 2305 1011 2324 1044; x_wconf 76' lang='grc' dir='ltr'><strong>ι</strong></span> <span class='ocrx_word' id='word_1_182' title='bbox 2365 993 2658 1062; x_wconf 74' lang='lat' dir='ltr'><strong>mitigans;</strong></span> <span class='ocrx_word' id='word_1_183' title='bbox 2693 1014 2712 1046; x_wconf 72' lang='grc' dir='ltr'><strong>ι</strong></span> <span class='ocrx_word' id='word_1_184' title='bbox 2741 997 2932 1065; x_wconf 82' lang='lat' dir='ltr'><strong>quinta</strong></span> <span class='ocrx_word' id='word_1_185' title='bbox 2967 997 3092 1052; x_wconf 83' lang='lat' dir='ltr'><strong>item</strong></span> <span class='ocrx_word' id='word_1_186' title='bbox 3121 997 3312 1062; x_wconf 82' lang='lat' dir='ltr'><strong>editio,</strong></span> <span class='ocrx_word' id='word_1_187' title='bbox 3353 1017 3372 1050; x_wconf 73' lang='grc' dir='ltr'>σ</span> <span class='ocrx_word' id='word_1_188' title='bbox 3409 999 3510 1052; x_wconf 89' lang='lat' dir='ltr'><strong>mi-</strong></span> 
     </span>
    </p>
   </div>
   <div class='ocr_carea' id='block_1_26' title="bbox 1939 1081 3506 1160">
    <p class='ocr_par' dir='ltr' id='par_1_26' title="bbox 1939 1081 3506 1160">
     <span class='ocr_line' id='line_1_26' title="bbox 1939 1081 3506 1160; baseline 0.005 -26"><span class='ocrx_word' id='word_1_189' title='bbox 1939 1081 2156 1152; x_wconf 76' lang='lat' dir='ltr'><strong>tigans,</strong></span> <span class='ocrx_word' id='word_1_190' title='bbox 2198 1103 2216 1135; x_wconf 71' lang='grc' dir='ltr'><strong>ι</strong></span> <span class='ocrx_word' id='word_1_191' title='bbox 2271 1085 2612 1154; x_wconf 78' lang='lat' dir='ltr'><strong>interpretati</strong></span> <span class='ocrx_word' id='word_1_192' title='bbox 2669 1095 2818 1142; x_wconf 85' lang='lat' dir='ltr'><strong>sunt.</strong></span> <span class='ocrx_word' id='word_1_193' title='bbox 2871 1088 2958 1140; x_wconf 82' lang='lat' dir='ltr'><strong>Ait</strong></span> <span class='ocrx_word' id='word_1_194' title='bbox 3025 1089 3190 1158; x_wconf 77' lang='lat' dir='ltr'><strong>igitur</strong></span> <span class='ocrx_word' id='word_1_195' title='bbox 3253 1089 3506 1160; x_wconf 79' lang='lat' dir='ltr'><strong>Aquila:</strong></span> 
     </span>
    </p>
   </div>
   <div class='ocr_carea' id='block_1_27' title="bbox 1943 1173 3508 1245">
    <p class='ocr_par' dir='ltr' id='par_1_27' title="bbox 1943 1173 3508 1245">
     <span class='ocr_line' id='line_1_27' title="bbox 1943 1173 3508 1245; baseline 0.007 -21"><span class='ocrx_word' id='word_1_196' title='bbox 1943 1193 1962 1224; x_wconf 68' lang='grc' dir='ltr'><strong>ι</strong></span> <span class='ocrx_word' id='word_1_197' title='bbox 2001 1173 2386 1245; x_wconf 84' lang='lat' dir='ltr'><strong>Comprimeus</strong></span> <span class='ocrx_word' id='word_1_198' title='bbox 2441 1192 2638 1232; x_wconf 90' lang='lat' dir='ltr'><strong>sonum</strong></span> <span class='ocrx_word' id='word_1_199' title='bbox 2685 1179 2874 1242; x_wconf 88' lang='lat' dir='ltr'><strong>maris,</strong></span> <span class='ocrx_word' id='word_1_200' title='bbox 2913 1181 3204 1234; x_wconf 78' lang='lat' dir='ltr'><strong>tumultum</strong></span> <span class='ocrx_word' id='word_1_201' title='bbox 3245 1179 3508 1236; x_wconf 87' lang='lat' dir='ltr'><strong>ﬂuctuum</strong></span> 
     </span>
    </p>
   </div>
   <div class='ocr_carea' id='block_1_28' title="bbox 1937 1261 3508 1334">
    <p class='ocr_par' dir='ltr' id='par_1_28' title="bbox 1937 1261 3508 1334">
     <span class='ocr_line' id='line_1_28' title="bbox 1937 1261 3508 1334; baseline 0.005 -18"><span class='ocrx_word' id='word_1_202' title='bbox 1937 1261 2078 1332; x_wconf 88' lang='lat' dir='ltr'><strong>ejus,</strong></span> <span class='ocrx_word' id='word_1_203' title='bbox 2103 1273 2156 1318; x_wconf 91' lang='lat' dir='ltr'><strong>et</strong></span> <span class='ocrx_word' id='word_1_204' title='bbox 2189 1265 2404 1320; x_wconf 87' lang='lat' dir='ltr'><strong>turbam</strong></span> <span class='ocrx_word' id='word_1_205' title='bbox 2449 1267 2756 1322; x_wconf 85' lang='lat' dir='ltr'><strong>nationum.</strong></span> <span class='ocrx_word' id='word_1_206' title='bbox 2799 1289 2818 1320; x_wconf 73' lang='grc' dir='ltr'><strong>ι</strong></span> <span class='ocrx_word' id='word_1_207' title='bbox 2853 1267 3322 1334; x_wconf 82' lang='lat' dir='ltr'><strong>Quemadmodum</strong></span> <span class='ocrx_word' id='word_1_208' title='bbox 3361 1271 3508 1332; x_wconf 78' lang='lat' dir='ltr'><strong>enim</strong></span> 
     </span>
    </p>
   </div>
   <div class='ocr_carea' id='block_1_29' title="bbox 1937 1353 3506 1430">
    <p class='ocr_par' dir='ltr' id='par_1_29' title="bbox 1937 1353 3506 1430">
     <span class='ocr_line' id='line_1_29' title="bbox 1937 1353 3506 1430; baseline 0.005 -24"><span class='ocrx_word' id='word_1_209' title='bbox 1937 1353 2224 1422; x_wconf 60' lang='lat' dir='ltr'><strong>praedictos</strong></span> <span class='ocrx_word' id='word_1_210' title='bbox 2284 1364 2498 1412; x_wconf 86' lang='lat' dir='ltr'><strong>montes</strong></span> <span class='ocrx_word' id='word_1_211' title='bbox 2559 1357 2628 1412; x_wconf 90' lang='lat' dir='ltr'><strong>ad</strong></span> <span class='ocrx_word' id='word_1_212' title='bbox 2683 1357 2926 1414; x_wconf 81' lang='lat' dir='ltr'><strong>futurum</strong></span> <span class='ocrx_word' id='word_1_213' title='bbox 2981 1361 3116 1430; x_wconf 87' lang='lat' dir='ltr'><strong>ipsis</strong></span> <span class='ocrx_word' id='word_1_214' title='bbox 3163 1359 3506 1416; x_wconf 80' lang='lat' dir='ltr'><strong>inferendum</strong></span> 
     </span>
    </p>
   </div>
   <div class='ocr_carea' id='block_1_30' title="bbox 1937 1447 3509 1522">
    <p class='ocr_par' dir='ltr' id='par_1_30' title="bbox 1937 1447 3509 1522">
     <span class='ocr_line' id='line_1_30' title="bbox 1937 1447 3509 1522; baseline 0.006 -22"><span class='ocrx_word' id='word_1_215' title='bbox 1937 1447 2266 1516; x_wconf 69' lang='lat' dir='ltr'><strong>supplicium</strong></span> <span class='ocrx_word' id='word_1_216' title='bbox 2311 1450 2662 1518; x_wconf 77' lang='lat' dir='ltr'><strong>praeparavit,</strong></span> <span class='ocrx_word' id='word_1_217' title='bbox 2695 1449 2770 1504; x_wconf 84' lang='lat' dir='ltr'><strong>ita</strong></span> <span class='ocrx_word' id='word_1_218' title='bbox 2829 1465 3050 1522; x_wconf 86' lang='lat' dir='ltr'><strong>quoque</strong></span> <span class='ocrx_word' id='word_1_219' title='bbox 3095 1467 3290 1508; x_wconf 86' lang='lat' dir='ltr'><strong>sonum</strong></span> <span class='ocrx_word' id='word_1_220' title='bbox 3337 1453 3509 1510; x_wconf 86' lang='lat' dir='ltr'><strong>maris</strong></span> 
     </span>
    </p>
   </div>
   <div class='ocr_carea' id='block_1_31' title="bbox 1933 1539 3506 1614">
    <p class='ocr_par' dir='ltr' id='par_1_31' title="bbox 1933 1539 3506 1614">
     <span class='ocr_line' id='line_1_31' title="bbox 1933 1539 3506 1614; baseline 0.005 -22"><span class='ocrx_word' id='word_1_221' title='bbox 1933 1547 1988 1592; x_wconf 91' lang='lat' dir='ltr'><strong>et</strong></span> <span class='ocrx_word' id='word_1_222' title='bbox 2016 1541 2309 1592; x_wconf 82' lang='lat' dir='ltr'><strong>tumultum</strong></span> <span class='ocrx_word' id='word_1_223' title='bbox 2363 1539 2628 1596; x_wconf 88' lang='lat' dir='ltr'><strong>ﬂuctuum</strong></span> <span class='ocrx_word' id='word_1_224' title='bbox 2685 1542 2808 1612; x_wconf 83' lang='lat' dir='ltr'><strong>ejus</strong></span> <span class='ocrx_word' id='word_1_225' title='bbox 2841 1545 3187 1614; x_wconf 84' lang='lat' dir='ltr'><strong>compressit.</strong></span> <span class='ocrx_word' id='word_1_226' title='bbox 3222 1543 3506 1610; x_wconf 77' lang='lat' dir='ltr'><strong>Quodnam</strong></span> 
     </span>
    </p>
   </div>
   <div class='ocr_carea' id='block_1_32' title="bbox 1935 1627 3507 1706">
    <p class='ocr_par' dir='ltr' id='par_1_32' title="bbox 1935 1627 3507 1706">
     <span class='ocr_line' id='line_1_32' title="bbox 1935 1627 3507 1706; baseline 0.004 -25"><span class='ocrx_word' id='word_1_227' title='bbox 1935 1627 2065 1684; x_wconf 83' lang='lat' dir='ltr'><strong>illud</strong></span> <span class='ocrx_word' id='word_1_228' title='bbox 2098 1645 2267 1692; x_wconf 86' lang='lat' dir='ltr'><strong>mare,</strong></span> <span class='ocrx_word' id='word_1_229' title='bbox 2294 1633 2420 1700; x_wconf 88' lang='lat' dir='ltr'><strong>quis</strong></span> <span class='ocrx_word' id='word_1_230' title='bbox 2438 1647 2608 1688; x_wconf 85' lang='lat' dir='ltr'><strong>sonus</strong></span> <span class='ocrx_word' id='word_1_231' title='bbox 2633 1634 2774 1704; x_wconf 69' lang='lat' dir='ltr'><strong>ej‘us,</strong></span> <span class='ocrx_word' id='word_1_232' title='bbox 2797 1633 2924 1706; x_wconf 89' lang='lat' dir='ltr'><strong>quis</strong></span> <span class='ocrx_word' id='word_1_233' title='bbox 2947 1635 3214 1692; x_wconf 88' lang='lat' dir='ltr'><strong>tumultus</strong></span> <span class='ocrx_word' id='word_1_234' title='bbox 3247 1633 3507 1690; x_wconf 91' lang='lat' dir='ltr'><strong>ﬂuctuum</strong></span> 
     </span>
    </p>
   </div>
   <div class='ocr_carea' id='block_1_33' title="bbox 1933 1718 3508 1792">
    <p class='ocr_par' dir='ltr' id='par_1_33' title="bbox 1933 1718 3508 1792">
     <span class='ocr_line' id='line_1_33' title="bbox 1933 1718 3508 1792; baseline 0.001 -20"><span class='ocrx_word' id='word_1_235' title='bbox 1933 1718 2060 1788; x_wconf 76' lang='lat' dir='ltr'><strong>ej&#39;us</strong></span> <span class='ocrx_word' id='word_1_236' title='bbox 2107 1719 2200 1782; x_wconf 81' lang='lat' dir='ltr'><strong>sit,</strong></span> <span class='ocrx_word' id='word_1_237' title='bbox 2255 1723 2361 1776; x_wconf 86' lang='lat' dir='ltr'><strong>sub</strong></span> <span class='ocrx_word' id='word_1_238' title='bbox 2419 1723 2534 1777; x_wconf 71' lang='lat' dir='ltr'><strong>laazc</strong></span> <span class='ocrx_word' id='word_1_239' title='bbox 2583 1723 2830 1778; x_wconf 82' lang='lat' dir='ltr'><strong>declarat</strong></span> <span class='ocrx_word' id='word_1_240' title='bbox 2861 1723 3058 1792; x_wconf 73' lang='lat' dir='ltr'><strong>Aquila</strong></span> <span class='ocrx_word' id='word_1_241' title='bbox 3113 1723 3352 1778; x_wconf 86' lang='lat' dir='ltr'><strong>dicens:</strong></span> <span class='ocrx_word' id='word_1_242' title='bbox 3389 1739 3408 1772; x_wconf 79' lang='grc' dir='ltr'><strong>ι</strong></span> <span class='ocrx_word' id='word_1_243' title='bbox 3443 1719 3508 1774; x_wconf 81' lang='lat' dir='ltr'><strong>Et</strong></span> 
     </span>
    </p>
   </div>
   <div class='ocr_carea' id='block_1_34' title="bbox 239 1802 1830 1884">
    <p class='ocr_par' dir='ltr' id='par_1_34' title="bbox 239 1805 1826 1880">
     <span class='ocr_line' id='line_1_34' title="bbox 239 1805 1826 1880; baseline 0 -18"><span class='ocrx_word' id='word_1_244' title='bbox 239 1809 516 1880; x_wconf 81' lang='grc' dir='ltr'><strong>τιμωρίαν</strong></span> <span class='ocrx_word' id='word_1_245' title='bbox 541 1808 858 1878; x_wconf 77' lang='grc' dir='ltr'><strong>ἡτοίμασεν,</strong></span> <span class='ocrx_word' id='word_1_246' title='bbox 914 1807 1058 1860; x_wconf 80' lang='grc' dir='ltr'>οὕτω</span> <span class='ocrx_word' id='word_1_247' title='bbox 1083 1807 1396 1861; x_wconf 82' lang='grc' dir='ltr'>κατέστειλε</span> <span class='ocrx_word' id='word_1_248' title='bbox 1437 1807 1528 1860; x_wconf 75' lang='grc' dir='ltr'><strong>τὸν</strong></span> <span class='ocrx_word' id='word_1_249' title='bbox 1565 1805 1698 1880; x_wconf 83' lang='grc' dir='ltr'>ἦχον</span> <span class='ocrx_word' id='word_1_250' title='bbox 1731 1807 1826 1863; x_wconf 88' lang='grc' dir='ltr'>θα-</span> 
     </span>
    </p>
   </div>
   <div class='ocr_carea' id='block_1_35' title="bbox 1932 1802 3505 1884">
    <p class='ocr_par' dir='ltr' id='par_1_35' title="bbox 1932 1809 3505 1884">
     <span class='ocr_line' id='line_1_35' title="bbox 1932 1809 3505 1884; baseline 0.003 -23"><span class='ocrx_word' id='word_1_251' title='bbox 1932 1809 2144 1864; x_wconf 89' lang='lat' dir='ltr'><strong>turbam</strong></span> <span class='ocrx_word' id='word_1_252' title='bbox 2199 1813 2502 1869; x_wconf 81' lang='lat' dir='ltr'><strong>nationum.</strong></span> <span class='ocrx_word' id='word_1_253' title='bbox 2549 1835 2566 1866; x_wconf 75' lang='grc' dir='ltr'><strong>ι</strong></span> <span class='ocrx_word' id='word_1_254' title='bbox 2617 1813 2900 1884; x_wconf 87' lang='lat' dir='ltr'><strong>Siquidem</strong></span> <span class='ocrx_word' id='word_1_255' title='bbox 2953 1814 3124 1868; x_wconf 85' lang='lat' dir='ltr'><strong>multa</strong></span> <span class='ocrx_word' id='word_1_256' title='bbox 3161 1813 3290 1868; x_wconf 88' lang='lat' dir='ltr'><strong>olim</strong></span> <span class='ocrx_word' id='word_1_257' title='bbox 3347 1811 3505 1868; x_wconf 82' lang='lat' dir='ltr'><strong>turba</strong></span> 
     </span>
    </p>
   </div>
   <div class='ocr_carea' id='block_1_36' title="bbox 239 1897 1830 1972">
    <p class='ocr_par' dir='ltr' id='par_1_36' title="bbox 239 1897 1830 1972">
     <span class='ocr_line' id='line_1_36' title="bbox 239 1897 1830 1972; baseline 0.001 -20"><span class='ocrx_word' id='word_1_258' title='bbox 239 1900 450 1972; x_wconf 85' lang='grc' dir='ltr'>λάσσης</span> <span class='ocrx_word' id='word_1_259' title='bbox 477 1899 570 1953; x_wconf 79' lang='grc' dir='ltr'><strong>καὶ</strong></span> <span class='ocrx_word' id='word_1_260' title='bbox 605 1899 697 1952; x_wconf 83' lang='grc' dir='ltr'>τὸν</span> <span class='ocrx_word' id='word_1_261' title='bbox 737 1897 964 1968; x_wconf 86' lang='grc' dir='ltr'>θόρυϐον</span> <span class='ocrx_word' id='word_1_262' title='bbox 1005 1899 1114 1952; x_wconf 82' lang='grc' dir='ltr'><strong>τῶν</strong></span> <span class='ocrx_word' id='word_1_263' title='bbox 1140 1897 1402 1970; x_wconf 79' lang='grc' dir='ltr'>κυμάτων</span> <span class='ocrx_word' id='word_1_264' title='bbox 1433 1899 1622 1968; x_wconf 71' lang='grc' dir='ltr'>αὐτῆς.</span> <span class='ocrx_word' id='word_1_265' title='bbox 1653 1899 1750 1963; x_wconf 84' lang='grc' dir='ltr'>Τίς</span> <span class='ocrx_word' id='word_1_266' title='bbox 1775 1899 1830 1953; x_wconf 80' lang='grc' dir='ltr'>δὲ</span> 
     </span>
    </p>
   </div>
   <div class='ocr_carea' id='block_1_37' title="bbox 239 1985 1828 2062">
    <p class='ocr_par' dir='ltr' id='par_1_37' title="bbox 239 1985 1828 2062">
     <span class='ocr_line' id='line_1_37' title="bbox 239 1985 1828 2062; baseline -0.001 -18"><span class='ocrx_word' id='word_1_267' title='bbox 239 1993 276 2062; x_wconf 76' lang='grc' dir='ltr'><strong>ἡ</strong></span> <span class='ocrx_word' id='word_1_268' title='bbox 305 1991 569 2054; x_wconf 86' lang='grc' dir='ltr'>θάλασσα,</span> <span class='ocrx_word' id='word_1_269' title='bbox 593 1991 690 2044; x_wconf 71' lang='grc' dir='ltr'>καὶ</span> <span class='ocrx_word' id='word_1_270' title='bbox 723 1991 964 2054; x_wconf 72' lang='grc' dir='ltr'>ποταπὸς</span> <span class='ocrx_word' id='word_1_271' title='bbox 995 1991 1024 2044; x_wconf 85' lang='grc' dir='ltr'>ὁ</span> <span class='ocrx_word' id='word_1_272' title='bbox 1059 1985 1194 2062; x_wconf 81' lang='grc' dir='ltr'>ἦχος</span> <span class='ocrx_word' id='word_1_273' title='bbox 1217 1991 1406 2062; x_wconf 78' lang='grc' dir='ltr'>αὐτῆς,</span> <span class='ocrx_word' id='word_1_274' title='bbox 1449 1991 1542 2044; x_wconf 72' lang='grc' dir='ltr'>καὶ</span> <span class='ocrx_word' id='word_1_275' title='bbox 1567 1989 1654 2054; x_wconf 82' lang='grc' dir='ltr'><strong>τίς</strong></span> <span class='ocrx_word' id='word_1_276' title='bbox 1680 1993 1708 2044; x_wconf 80' lang='grc' dir='ltr'>ὁ</span> <span class='ocrx_word' id='word_1_277' title='bbox 1739 1991 1828 2042; x_wconf 84' lang='grc' dir='ltr'>θό-</span> 
     </span>
    </p>
   </div>
   <div class='ocr_carea' id='block_1_38' title="bbox 243 2079 1830 2154">
    <p class='ocr_par' dir='ltr' id='par_1_38' title="bbox 243 2079 1830 2154">
     <span class='ocr_line' id='line_1_38' title="bbox 243 2079 1830 2154; baseline -0.001 -21"><span class='ocrx_word' id='word_1_278' title='bbox 243 2081 408 2154; x_wconf 82' lang='grc' dir='ltr'>ρυϐος</span> <span class='ocrx_word' id='word_1_279' title='bbox 437 2081 544 2134; x_wconf 83' lang='grc' dir='ltr'><strong>τῶν</strong></span> <span class='ocrx_word' id='word_1_280' title='bbox 581 2081 838 2150; x_wconf 77' lang='grc' dir='ltr'>κυμάτων</span> <span class='ocrx_word' id='word_1_281' title='bbox 865 2081 1058 2150; x_wconf 77' lang='grc' dir='ltr'>αὐτῆς,</span> <span class='ocrx_word' id='word_1_282' title='bbox 1089 2079 1216 2150; x_wconf 77' lang='grc' dir='ltr'><strong>ἑξῆς</strong></span> <span class='ocrx_word' id='word_1_283' title='bbox 1247 2079 1504 2148; x_wconf 72' lang='grc' dir='ltr'>διασαφεῖ</span> <span class='ocrx_word' id='word_1_284' title='bbox 1538 2081 1566 2132; x_wconf 78' lang='grc' dir='ltr'><em>ὁ</em></span> <span class='ocrx_word' id='word_1_285' title='bbox 1603 2079 1830 2142; x_wconf 75' lang='grc' dir='ltr'>Ἀκύλας</span> 
     </span>
    </p>
   </div>
   <div class='ocr_carea' id='block_1_39' title="bbox 243 2169 1831 2242">
    <p class='ocr_par' dir='ltr' id='par_1_39' title="bbox 243 2169 1831 2242">
     <span class='ocr_line' id='line_1_39' title="bbox 243 2169 1831 2242; baseline -0.001 -18"><span class='ocrx_word' id='word_1_286' title='bbox 243 2171 446 2226; x_wconf 81' lang='grc' dir='ltr'>εἰπών·</span> <span class='ocrx_word' id='word_1_287' title='bbox 485 2191 506 2223; x_wconf 75' lang='grc' dir='ltr'><strong>ι</strong></span> <span class='ocrx_word' id='word_1_288' title='bbox 537 2173 646 2226; x_wconf 72' lang='grc' dir='ltr'><strong>Καϊ</strong></span> <span class='ocrx_word' id='word_1_289' title='bbox 693 2171 848 2242; x_wconf 79' lang='grc' dir='ltr'>ὄχλον</span> <span class='ocrx_word' id='word_1_290' title='bbox 893 2171 1096 2240; x_wconf 81' lang='grc' dir='ltr'>φυλῶν.</span> <span class='ocrx_word' id='word_1_291' title='bbox 1153 2189 1170 2222; x_wconf 73' lang='grc' dir='ltr'><strong>ι</strong></span> <span class='ocrx_word' id='word_1_292' title='bbox 1217 2171 1274 2224; x_wconf 81' lang='grc' dir='ltr'>ὐ</span> <span class='ocrx_word' id='word_1_293' title='bbox 1307 2169 1414 2242; x_wconf 75' lang='grc' dir='ltr'><strong>γάρ</strong></span> <span class='ocrx_word' id='word_1_294' title='bbox 1458 2169 1624 2234; x_wconf 72' lang='grc' dir='ltr'>πολὺς</span> <span class='ocrx_word' id='word_1_295' title='bbox 1676 2169 1831 2240; x_wconf 80' lang='grc' dir='ltr'>δχλος</span> 
     </span>
    </p>
   </div>
   <div class='ocr_carea' id='block_1_40' title="bbox 241 2259 1828 2332">
    <p class='ocr_par' dir='ltr' id='par_1_40' title="bbox 241 2259 1828 2332">
     <span class='ocr_line' id='line_1_40' title="bbox 241 2259 1828 2332; baseline -0.001 -18"><span class='ocrx_word' id='word_1_296' title='bbox 241 2261 352 2314; x_wconf 80' lang='grc' dir='ltr'><strong>τῶν</strong></span> <span class='ocrx_word' id='word_1_297' title='bbox 391 2261 558 2316; x_wconf 84' lang='grc' dir='ltr'>πάλαι</span> <span class='ocrx_word' id='word_1_298' title='bbox 607 2262 798 2326; x_wconf 74' lang='grc' dir='ltr'>ἐθνῶν,</span> <span class='ocrx_word' id='word_1_299' title='bbox 841 2263 938 2314; x_wconf 73' lang='grc' dir='ltr'>καὶ</span> <span class='ocrx_word' id='word_1_300' title='bbox 979 2260 1086 2314; x_wconf 84' lang='grc' dir='ltr'>τῶν</span> <span class='ocrx_word' id='word_1_301' title='bbox 1113 2259 1254 2314; x_wconf 74' lang='grc' dir='ltr'>κατὰ</span> <span class='ocrx_word' id='word_1_302' title='bbox 1289 2261 1398 2312; x_wconf 82' lang='grc' dir='ltr'><strong>πᾶν</strong></span> <span class='ocrx_word' id='word_1_303' title='bbox 1426 2259 1580 2328; x_wconf 76' lang='grc' dir='ltr'>γένος</span> <span class='ocrx_word' id='word_1_304' title='bbox 1617 2259 1828 2332; x_wconf 77' lang='grc' dir='ltr'>ἀνθριὸο</span> 
     </span>
    </p>
   </div>
   <div class='ocr_carea' id='block_1_41' title="bbox 243 2349 1826 2424">
    <p class='ocr_par' dir='ltr' id='par_1_41' title="bbox 243 2349 1826 2424">
     <span class='ocr_line' id='line_1_41' title="bbox 243 2349 1826 2424; baseline -0.001 -20"><span class='ocrx_word' id='word_1_305' title='bbox 243 2371 364 2406; x_wconf 86' lang='grc' dir='ltr'><strong>πων</strong></span> <span class='ocrx_word' id='word_1_306' title='bbox 393 2353 576 2422; x_wconf 81' lang='grc' dir='ltr'>φυλῶν</span> <span class='ocrx_word' id='word_1_307' title='bbox 607 2349 696 2424; x_wconf 80' lang='grc' dir='ltr'>ἦν,</span> <span class='ocrx_word' id='word_1_308' title='bbox 729 2355 820 2406; x_wconf 78' lang='grc' dir='ltr'>ὅτε</span> <span class='ocrx_word' id='word_1_309' title='bbox 850 2351 1002 2424; x_wconf 78' lang='grc' dir='ltr'>κῦμα</span> <span class='ocrx_word' id='word_1_310' title='bbox 1039 2351 1132 2404; x_wconf 81' lang='grc' dir='ltr'><strong>τοῦ</strong></span> <span class='ocrx_word' id='word_1_311' title='bbox 1175 2351 1284 2404; x_wconf 81' lang='grc' dir='ltr'>τῶν</span> <span class='ocrx_word' id='word_1_312' title='bbox 1339 2349 1639 2422; x_wconf 82' lang='grc' dir='ltr'>ἀνθρώπων</span> <span class='ocrx_word' id='word_1_313' title='bbox 1681 2350 1826 2420; x_wconf 73' lang='grc' dir='ltr'>βίον,</span> 
     </span>
    </p>
   </div>
   <div class='ocr_carea' id='block_1_42' title="bbox 243 2443 1828 2517">
    <p class='ocr_par' dir='ltr' id='par_1_42' title="bbox 243 2443 1828 2517">
     <span class='ocr_line' id='line_1_42' title="bbox 243 2443 1828 2517; baseline -0.002 -17"><span class='ocrx_word' id='word_1_314' title='bbox 243 2449 340 2500; x_wconf 70' lang='grc' dir='ltr'>καὶ</span> <span class='ocrx_word' id='word_1_315' title='bbox 371 2448 404 2516; x_wconf 80' lang='grc' dir='ltr'><strong>ἡ</strong></span> <span class='ocrx_word' id='word_1_316' title='bbox 431 2445 650 2516; x_wconf 82' lang='grc' dir='ltr'>τοιαύτη</span> <span class='ocrx_word' id='word_1_317' title='bbox 683 2445 776 2498; x_wconf 80' lang='grc' dir='ltr'><strong>τοῦ</strong></span> <span class='ocrx_word' id='word_1_318' title='bbox 801 2445 996 2517; x_wconf 78' lang='grc' dir='ltr'>θνητοῦ</span> <span class='ocrx_word' id='word_1_319' title='bbox 1038 2445 1154 2516; x_wconf 82' lang='grc' dir='ltr'>βίου</span> <span class='ocrx_word' id='word_1_320' title='bbox 1181 2443 1424 2498; x_wconf 82' lang='grc' dir='ltr'>θάλασσα</span> <span class='ocrx_word' id='word_1_321' title='bbox 1451 2445 1548 2514; x_wconf 82' lang='grc' dir='ltr'>τῆς</span> <span class='ocrx_word' id='word_1_322' title='bbox 1593 2443 1702 2496; x_wconf 81' lang='grc' dir='ltr'>τῶν</span> <span class='ocrx_word' id='word_1_323' title='bbox 1734 2445 1828 2497; x_wconf 80' lang='grc' dir='ltr'>άν-</span> 
     </span>
    </p>
   </div>
   <div class='ocr_carea' id='block_1_43' title="bbox 243 2531 1826 2608">
    <p class='ocr_par' dir='ltr' id='par_1_43' title="bbox 243 2531 1826 2608">
     <span class='ocr_line' id='line_1_43' title="bbox 243 2531 1826 2608; baseline -0.003 -18"><span class='ocrx_word' id='word_1_324' title='bbox 243 2537 478 2608; x_wconf 78' lang='grc' dir='ltr'>θρὼπων</span> <span class='ocrx_word' id='word_1_325' title='bbox 525 2537 720 2600; x_wconf 80' lang='grc' dir='ltr'>κακίας</span> <span class='ocrx_word' id='word_1_326' title='bbox 775 2537 1199 2608; x_wconf 80' lang='grc' dir='ltr'>πεπληρωμένη,</span> <span class='ocrx_word' id='word_1_327' title='bbox 1231 2535 1396 2588; x_wconf 83' lang='grc' dir='ltr'>πολὺν</span> <span class='ocrx_word' id='word_1_328' title='bbox 1429 2533 1654 2606; x_wconf 88' lang='grc' dir='ltr'>θόρυϐον</span> <span class='ocrx_word' id='word_1_329' title='bbox 1691 2531 1826 2605; x_wconf 77' lang='grc' dir='ltr'>εἶχε,</span> 
     </span>
    </p>
   </div>
   <div class='ocr_carea' id='block_1_44' title="bbox 245 2621 1830 2696">
    <p class='ocr_par' dir='ltr' id='par_1_44' title="bbox 245 2621 1830 2696">
     <span class='ocr_line' id='line_1_44' title="bbox 245 2621 1830 2696; baseline -0.003 -18"><span class='ocrx_word' id='word_1_330' title='bbox 245 2625 352 2696; x_wconf 77' lang='grc' dir='ltr'>μέγ</span> <span class='ocrx_word' id='word_1_331' title='bbox 391 2643 420 2678; x_wconf 91' lang='grc' dir='ltr'><strong>ν</strong></span> <span class='ocrx_word' id='word_1_332' title='bbox 461 2641 518 2678; x_wconf 86' lang='grc' dir='ltr'><strong>τε</strong></span> <span class='ocrx_word' id='word_1_333' title='bbox 551 2621 682 2696; x_wconf 73' lang='grc' dir='ltr'>ἦχον</span> <span class='ocrx_word' id='word_1_334' title='bbox 715 2624 1130 2690; x_wconf 79' lang='grc' dir='ltr'>ὲξαπέστελλεν’</span> <span class='ocrx_word' id='word_1_335' title='bbox 1184 2624 1278 2678; x_wconf 78' lang='grc' dir='ltr'>ἇτε</span> <span class='ocrx_word' id='word_1_336' title='bbox 1319 2623 1412 2678; x_wconf 73' lang='grc' dir='ltr'>τὸν</span> <span class='ocrx_word' id='word_1_337' title='bbox 1455 2622 1724 2694; x_wconf 84' lang='grc' dir='ltr'>δράκοντα</span> <span class='ocrx_word' id='word_1_338' title='bbox 1755 2623 1830 2675; x_wconf 87' lang='lat' dir='ltr'><strong>ol-</strong></span> 
     </span>
    </p>
   </div>
   <div class='ocr_carea' id='block_1_45' title="bbox 241 2709 1832 2788">
    <p class='ocr_par' dir='ltr' id='par_1_45' title="bbox 241 2709 1832 2788">
     <span class='ocr_line' id='line_1_45' title="bbox 241 2709 1832 2788; baseline -0.004 -18"><span class='ocrx_word' id='word_1_339' title='bbox 241 2715 442 2770; x_wconf 81' lang='grc' dir='ltr'>κοῦντα</span> <span class='ocrx_word' id='word_1_340' title='bbox 461 2717 518 2768; x_wconf 74' lang='grc' dir='ltr'>ἐν</span> <span class='ocrx_word' id='word_1_341' title='bbox 553 2717 688 2788; x_wconf 74' lang='grc' dir='ltr'>αὐτῇ</span> <span class='ocrx_word' id='word_1_342' title='bbox 725 2713 1058 2788; x_wconf 81' lang='grc' dir='ltr'>κεκτημένη,</span> <span class='ocrx_word' id='word_1_343' title='bbox 1102 2731 1168 2768; x_wconf 87' lang='grc' dir='ltr'><strong>πε</strong></span> <span class='ocrx_word' id='word_1_344' title='bbox 1179 2715 1230 2784; x_wconf 74' lang='lat' dir='ltr'><strong>pi.</strong></span> <span class='ocrx_word' id='word_1_345' title='bbox 1265 2709 1324 2769; x_wconf 75' lang='grc' dir='ltr'><strong>οὗ</strong></span> <span class='ocrx_word' id='word_1_346' title='bbox 1347 2713 1596 2768; x_wconf 78' lang='grc' dir='ltr'>λέλεκται</span> <span class='ocrx_word' id='word_1_347' title='bbox 1615 2729 1628 2743; x_wconf 72' lang='grc' dir='ltr'><strong>ο</strong></span> <span class='ocrx_word' id='word_1_348' title='bbox 1665 2733 1682 2764; x_wconf 77' lang='grc' dir='ltr'><strong>ι</strong></span> <span class='ocrx_word' id='word_1_349' title='bbox 1705 2713 1832 2766; x_wconf 80' lang='grc' dir='ltr'><strong>Ἐπ-</strong></span> 
     </span>
    </p>
   </div>
   <div class='ocr_carea' id='block_1_46' title="bbox 243 2803 1828 2878">
    <p class='ocr_par' dir='ltr' id='par_1_46' title="bbox 243 2803 1828 2878">
     <span class='ocr_line' id='line_1_46' title="bbox 243 2803 1828 2878; baseline -0.002 -18"><span class='ocrx_word' id='word_1_350' title='bbox 243 2807 362 2874; x_wconf 80' lang='grc' dir='ltr'>άξει</span> <span class='ocrx_word' id='word_1_351' title='bbox 397 2807 600 2878; x_wconf 74' lang='grc' dir='ltr'>Κύριος</span> <span class='ocrx_word' id='word_1_352' title='bbox 631 2809 658 2861; x_wconf 88' lang='grc' dir='ltr'><strong>ό</strong></span> <span class='ocrx_word' id='word_1_353' title='bbox 687 2807 818 2870; x_wconf 82' lang='grc' dir='ltr'>Θεὸς</span> <span class='ocrx_word' id='word_1_354' title='bbox 845 2806 940 2878; x_wconf 79' lang='grc' dir='ltr'>τὴν</span> <span class='ocrx_word' id='word_1_355' title='bbox 983 2805 1256 2876; x_wconf 85' lang='grc' dir='ltr'>μάχαιραν</span> <span class='ocrx_word' id='word_1_356' title='bbox 1299 2807 1392 2860; x_wconf 80' lang='grc' dir='ltr'><strong>ἐπὶ</strong></span> <span class='ocrx_word' id='word_1_357' title='bbox 1421 2805 1511 2858; x_wconf 81' lang='grc' dir='ltr'><strong>τδν</strong></span> <span class='ocrx_word' id='word_1_358' title='bbox 1539 2803 1828 2876; x_wconf 87' lang='grc' dir='ltr'>δράκοντα,</span> 
     </span>
    </p>
   </div>
   <div class='ocr_carea' id='block_1_47' title="bbox 239 2897 1828 2970">
    <p class='ocr_par' dir='ltr' id='par_1_47' title="bbox 239 2897 1828 2970">
     <span class='ocr_line' id='line_1_47' title="bbox 239 2897 1828 2970; baseline -0.003 -18"><span class='ocrx_word' id='word_1_359' title='bbox 239 2899 368 2968; x_wconf 60' lang='grc' dir='ltr'>ὖᾳιν</span> <span class='ocrx_word' id='word_1_360' title='bbox 395 2899 486 2952; x_wconf 76' lang='grc' dir='ltr'>τὸν</span> <span class='ocrx_word' id='word_1_361' title='bbox 531 2897 761 2958; x_wconf 80' lang='grc' dir='ltr'>σκολιὸν,</span> <span class='ocrx_word' id='word_1_362' title='bbox 789 2897 892 2952; x_wconf 74' lang='grc' dir='ltr'>’καὶ</span> <span class='ocrx_word' id='word_1_363' title='bbox 925 2897 1104 2952; x_wconf 82' lang='grc' dir='ltr'>ἀνελεῖ</span> <span class='ocrx_word' id='word_1_364' title='bbox 1147 2897 1236 2952; x_wconf 72' lang='grc' dir='ltr'>τὸν</span> <span class='ocrx_word' id='word_1_365' title='bbox 1263 2897 1529 2970; x_wconf 82' lang='grc' dir='ltr'>δράκοντα</span> <span class='ocrx_word' id='word_1_366' title='bbox 1563 2897 1650 2951; x_wconf 74' lang='grc' dir='ltr'>τὸν</span> <span class='ocrx_word' id='word_1_367' title='bbox 1675 2899 1734 2950; x_wconf 78' lang='grc' dir='ltr'><strong>ὲν</strong></span> <span class='ocrx_word' id='word_1_368' title='bbox 1763 2899 1828 2968; x_wconf 79' lang='grc' dir='ltr'>τῇ</span> 
     </span>
    </p>
   </div>
   <div class='ocr_carea' id='block_1_48' title="bbox 243 2987 1827 3062">
    <p class='ocr_par' dir='ltr' id='par_1_48' title="bbox 243 2987 1827 3062">
     <span class='ocr_line' id='line_1_48' title="bbox 243 2987 1827 3062; baseline -0.001 -18"><span class='ocrx_word' id='word_1_369' title='bbox 243 2991 519 3062; x_wconf 76' lang='grc' dir='ltr'>θαλάσσῃ·</span> <span class='ocrx_word' id='word_1_370' title='bbox 555 3011 574 3042; x_wconf 76' lang='grc' dir='ltr'><strong>ι</strong></span> <span class='ocrx_word' id='word_1_371' title='bbox 611 2991 706 3042; x_wconf 75' lang='grc' dir='ltr'><strong>καὶ</strong></span> <span class='ocrx_word' id='word_1_372' title='bbox 752 2987 988 3060; x_wconf 66' lang='grc' dir='ltr'>ἀλλαχοῦ</span> <span class='ocrx_word' id='word_1_373' title='bbox 1029 2989 1304 3060; x_wconf 80' lang='grc' dir='ltr'>προειπὼν</span> <span class='ocrx_word' id='word_1_374' title='bbox 1337 2991 1364 3042; x_wconf 81' lang='grc' dir='ltr'>ὁ</span> <span class='ocrx_word' id='word_1_375' title='bbox 1403 2989 1590 3058; x_wconf 78' lang='grc' dir='ltr'>λόγος·</span> <span class='ocrx_word' id='word_1_376' title='bbox 1628 3009 1646 3040; x_wconf 79' lang='grc' dir='ltr'><strong>ι</strong></span> <span class='ocrx_word' id='word_1_377' title='bbox 1681 2989 1827 3060; x_wconf 74' lang='grc' dir='ltr'>Αὕτη</span> 
     </span>
    </p>
   </div>
   <div class='ocr_carea' id='block_1_49' title="bbox 241 3079 1826 3154">
    <p class='ocr_par' dir='ltr' id='par_1_49' title="bbox 241 3079 1826 3154">
     <span class='ocr_line' id='line_1_49' title="bbox 241 3079 1826 3154; baseline -0.003 -18"><span class='ocrx_word' id='word_1_378' title='bbox 241 3085 274 3154; x_wconf 68' lang='grc' dir='ltr'><strong>ἡ</strong></span> <span class='ocrx_word' id='word_1_379' title='bbox 332 3083 574 3136; x_wconf 83' lang='grc' dir='ltr'>θάλασσα</span> <span class='ocrx_word' id='word_1_380' title='bbox 621 3083 654 3152; x_wconf 76' lang='grc' dir='ltr'>ἡ</span> <span class='ocrx_word' id='word_1_381' title='bbox 702 3081 912 3152; x_wconf 77' lang='grc' dir='ltr'><strong>μεγάλη</strong></span> <span class='ocrx_word' id='word_1_382' title='bbox 945 3083 1038 3133; x_wconf 75' lang='grc' dir='ltr'><strong>καὶ</strong></span> <span class='ocrx_word' id='word_1_383' title='bbox 1101 3079 1435 3150; x_wconf 73' lang='grc' dir='ltr'>εὐρύχωρος,</span> <span class='ocrx_word' id='word_1_384' title='bbox 1489 3100 1506 3130; x_wconf 74' lang='grc' dir='ltr'><strong>ι</strong></span> <span class='ocrx_word' id='word_1_385' title='bbox 1551 3079 1826 3148; x_wconf 68' lang='grc' dir='ltr'>ἐπιλέγειν</span> 
     </span>
    </p>
   </div>
   <div class='ocr_carea' id='block_1_50' title="bbox 245 3167 1822 3246">
    <p class='ocr_par' dir='ltr' id='par_1_50' title="bbox 245 3167 1822 3246">
     <span class='ocr_line' id='line_1_50' title="bbox 245 3167 1822 3246; baseline -0.003 -20"><span class='ocrx_word' id='word_1_386' title='bbox 245 3193 264 3226; x_wconf 80' lang='grc' dir='ltr'><strong>ι</strong></span> <span class='ocrx_word' id='word_1_387' title='bbox 317 3175 462 3228; x_wconf 81' lang='grc' dir='ltr'>Ἐκεῖ</span> <span class='ocrx_word' id='word_1_388' title='bbox 487 3173 704 3246; x_wconf 81' lang='grc' dir='ltr'>δράκων</span> <span class='ocrx_word' id='word_1_389' title='bbox 723 3167 894 3235; x_wconf 73' lang='grc' dir='ltr'>οὗτος,</span> <span class='ocrx_word' id='word_1_390' title='bbox 923 3171 980 3225; x_wconf 71' lang='grc' dir='ltr'>ὃν</span> <span class='ocrx_word' id='word_1_391' title='bbox 1009 3171 1252 3234; x_wconf 74' lang='grc' dir='ltr'>ἔπλασας</span> <span class='ocrx_word' id='word_1_392' title='bbox 1283 3171 1572 3242; x_wconf 74' lang='grc' dir='ltr'>ἐμπαίζειν</span> <span class='ocrx_word' id='word_1_393' title='bbox 1599 3171 1768 3241; x_wconf 79' lang='grc' dir='ltr'>αὐτῷ.</span> <span class='ocrx_word' id='word_1_394' title='bbox 1805 3191 1822 3222; x_wconf 76' lang='grc' dir='ltr'><strong>ι</strong></span> 
     </span>
    </p>
   </div>
   <div class='ocr_carea' id='block_1_51' title="bbox 253 3263 1826 3338">
    <p class='ocr_par' dir='ltr' id='par_1_51' title="bbox 253 3263 1826 3338">
     <span class='ocr_line' id='line_1_51' title="bbox 253 3263 1826 3338; baseline -0.004 -17"><span class='ocrx_word' id='word_1_395' title='bbox 253 3267 414 3322; x_wconf 67' lang='grc' dir='ltr'>Ἀλλὰ</span> <span class='ocrx_word' id='word_1_396' title='bbox 439 3267 548 3338; x_wconf 76' lang='grc' dir='ltr'><strong>γάρ</strong></span> <span class='ocrx_word' id='word_1_397' title='bbox 563 3265 774 3338; x_wconf 81' lang='grc' dir='ltr'>ἀθρόως</span> <span class='ocrx_word' id='word_1_398' title='bbox 798 3263 998 3318; x_wconf 74' lang='grc' dir='ltr'>καὶτὸν</span> <span class='ocrx_word' id='word_1_399' title='bbox 1019 3263 1286 3334; x_wconf 86' lang='grc' dir='ltr'>δράκοντα</span> <span class='ocrx_word' id='word_1_400' title='bbox 1302 3265 1392 3315; x_wconf 78' lang='grc' dir='ltr'>καὶ</span> <span class='ocrx_word' id='word_1_401' title='bbox 1413 3263 1510 3334; x_wconf 74' lang='grc' dir='ltr'>τήν</span> <span class='ocrx_word' id='word_1_402' title='bbox 1537 3263 1826 3326; x_wconf 80' lang='grc' dir='ltr'>θάλασσαν,</span> 
     </span>
    </p>
   </div>
   <div class='ocr_carea' id='block_1_52' title="bbox 239 3349 1831 3426">
    <p class='ocr_par' dir='ltr' id='par_1_52' title="bbox 239 3349 1831 3426">
     <span class='ocr_line' id='line_1_52' title="bbox 239 3349 1831 3426; baseline -0.006 -13"><span class='ocrx_word' id='word_1_403' title='bbox 239 3360 338 3414; x_wconf 71' lang='grc' dir='ltr'>καὶ</span> <span class='ocrx_word' id='word_1_404' title='bbox 355 3357 446 3410; x_wconf 76' lang='grc' dir='ltr'><strong>τὸν</strong></span> <span class='ocrx_word' id='word_1_405' title='bbox 471 3355 580 3410; x_wconf 79' lang='grc' dir='ltr'><strong>τῶν</strong></span> <span class='ocrx_word' id='word_1_406' title='bbox 599 3355 856 3426; x_wconf 88' lang='grc' dir='ltr'>κυμάτων</span> <span class='ocrx_word' id='word_1_407' title='bbox 889 3353 1054 3424; x_wconf 77' lang='grc' dir='ltr'>αὐτῆς</span> <span class='ocrx_word' id='word_1_408' title='bbox 1073 3349 1280 3424; x_wconf 75' lang='grc' dir='ltr'>ἦχον,ή</span> <span class='ocrx_word' id='word_1_409' title='bbox 1309 3353 1460 3416; x_wconf 69' lang='grc' dir='ltr'>ἐλπὶς</span> <span class='ocrx_word' id='word_1_410' title='bbox 1491 3353 1704 3406; x_wconf 85' lang='grc' dir='ltr'>πάντων</span> <span class='ocrx_word' id='word_1_411' title='bbox 1725 3351 1831 3406; x_wconf 82' lang='grc' dir='ltr'>τῶν</span> 
     </span>
    </p>
   </div>
   <div class='ocr_carea' id='block_1_53' title="bbox 237 3443 1828 3522">
    <p class='ocr_par' dir='ltr' id='par_1_53' title="bbox 237 3443 1828 3522">
     <span class='ocr_line' id='line_1_53' title="bbox 237 3443 1828 3522; baseline -0.004 -19"><span class='ocrx_word' id='word_1_412' title='bbox 237 3451 495 3522; x_wconf 76' lang='grc' dir='ltr'>περάτων</span> <span class='ocrx_word' id='word_1_413' title='bbox 523 3449 620 3516; x_wconf 83' lang='grc' dir='ltr'>τῆς</span> <span class='ocrx_word' id='word_1_414' title='bbox 654 3449 776 3518; x_wconf 83' lang='grc' dir='ltr'>γῆς,</span> <span class='ocrx_word' id='word_1_415' title='bbox 815 3448 1140 3514; x_wconf 67' lang='grc' dir='ltr'>ἐπιφανεῖσα</span> <span class='ocrx_word' id='word_1_416' title='bbox 1163 3444 1488 3514; x_wconf 81' lang='grc' dir='ltr'>ἀνθρώποις,</span> <span class='ocrx_word' id='word_1_417' title='bbox 1519 3443 1828 3498; x_wconf 81' lang='grc' dir='ltr'>κατέστειλε</span> 
     </span>
    </p>
   </div>
   <div class='ocr_carea' id='block_1_54' title="bbox 235 3527 1826 3610">
    <p class='ocr_par' dir='ltr' id='par_1_54' title="bbox 235 3527 1826 3610">
     <span class='ocr_line' id='line_1_54' title="bbox 235 3527 1826 3610; baseline -0.005 -14"><span class='ocrx_word' id='word_1_418' title='bbox 235 3543 338 3596; x_wconf 58' lang='grc' dir='ltr'><strong>κει.)⁸</strong></span> <span class='ocrx_word' id='word_1_419' title='bbox 365 3539 728 3610; x_wconf 74' lang='grc' dir='ltr'>κατεπράϋνε,</span> <span class='ocrx_word' id='word_1_420' title='bbox 755 3527 844 3590; x_wconf 84' lang='grc' dir='ltr'><strong>τόν</strong></span> <span class='ocrx_word' id='word_1_421' title='bbox 863 3555 920 3590; x_wconf 85' lang='grc' dir='ltr'><strong>τε</strong></span> <span class='ocrx_word' id='word_1_422' title='bbox 945 3537 1098 3608; x_wconf 75' lang='grc' dir='ltr'>ὄχλον</span> <span class='ocrx_word' id='word_1_423' title='bbox 1121 3537 1232 3590; x_wconf 82' lang='grc' dir='ltr'><strong>τῶν</strong></span> <span class='ocrx_word' id='word_1_424' title='bbox 1249 3535 1435 3604; x_wconf 75' lang='grc' dir='ltr'>φυλῶν</span> <span class='ocrx_word' id='word_1_425' title='bbox 1457 3533 1578 3588; x_wconf 76' lang='grc' dir='ltr'>Ξσϐε</span> <span class='ocrx_word' id='word_1_426' title='bbox 1587 3551 1664 3588; x_wconf 90' lang='grc' dir='ltr'>σε.</span> <span class='ocrx_word' id='word_1_427' title='bbox 1691 3535 1826 3588; x_wconf 68' lang='lat' dir='ltr'><strong>Tod-</strong></span> 
     </span>
    </p>
   </div>
   <div class='ocr_carea' id='block_1_55' title="bbox 239 3625 1822 3700">
    <p class='ocr_par' dir='ltr' id='par_1_55' title="bbox 239 3625 1822 3700">
     <span class='ocr_line' id='line_1_55' title="bbox 239 3625 1822 3700; baseline -0.004 -14"><span class='ocrx_word' id='word_1_428' title='bbox 239 3649 352 3686; x_wconf 83' lang='grc' dir='ltr'><strong>των</strong></span> <span class='ocrx_word' id='word_1_429' title='bbox 379 3631 432 3684; x_wconf 76' lang='grc' dir='ltr'>δὲ</span> <span class='ocrx_word' id='word_1_430' title='bbox 462 3629 790 3700; x_wconf 75' lang='grc' dir='ltr'>γενομένων,</span> <span class='ocrx_word' id='word_1_431' title='bbox 813 3628 940 3696; x_wconf 72' lang='grc' dir='ltr'><strong>ἐξῆς</strong></span> <span class='ocrx_word' id='word_1_432' title='bbox 965 3630 1058 3681; x_wconf 68' lang='grc' dir='ltr'>καὶ</span> <span class='ocrx_word' id='word_1_433' title='bbox 1081 3625 1388 3690; x_wconf 76' lang='grc' dir='ltr'>ἀκολούθως</span> <span class='ocrx_word' id='word_1_434' title='bbox 1413 3625 1644 3699; x_wconf 80' lang='grc' dir='ltr'>εἴρηται·</span> <span class='ocrx_word' id='word_1_435' title='bbox 1669 3643 1688 3676; x_wconf 77' lang='grc' dir='ltr'><strong>ι</strong></span> <span class='ocrx_word' id='word_1_436' title='bbox 1715 3625 1822 3698; x_wconf 73' lang='grc' dir='ltr'><strong>καὶ</strong></span> 
     </span>
    </p>
   </div>
   <div class='ocr_carea' id='block_1_56' title="bbox 239 3717 1828 3792">
    <p class='ocr_par' dir='ltr' id='par_1_56' title="bbox 239 3717 1828 3792">
     <span class='ocr_line' id='line_1_56' title="bbox 239 3717 1828 3792; baseline -0.004 -16"><span class='ocrx_word' id='word_1_437' title='bbox 239 3721 642 3792; x_wconf 70' lang='grc' dir='ltr'>φοϐηθήσονται</span> <span class='ocrx_word' id='word_1_438' title='bbox 695 3720 744 3772; x_wconf 82' lang='grc' dir='ltr'>οι</span> <span class='ocrx_word' id='word_1_439' title='bbox 789 3719 1168 3782; x_wconf 81' lang='grc' dir='ltr'>κατοικοῦντες</span> <span class='ocrx_word' id='word_1_440' title='bbox 1215 3717 1282 3772; x_wconf 68' lang='grc' dir='ltr'><strong>τὰ</strong></span> <span class='ocrx_word' id='word_1_441' title='bbox 1327 3717 1540 3789; x_wconf 77' lang='grc' dir='ltr'>πέρατα</span> <span class='ocrx_word' id='word_1_442' title='bbox 1571 3717 1680 3770; x_wconf 74' lang='grc' dir='ltr'>ἀπὸ</span> <span class='ocrx_word' id='word_1_443' title='bbox 1719 3717 1828 3770; x_wconf 81' lang='grc' dir='ltr'><strong>τῶν</strong></span> 
     </span>
    </p>
   </div>
   <div class='ocr_carea' id='block_1_57' title="bbox 241 3805 1830 3884">
    <p class='ocr_par' dir='ltr' id='par_1_57' title="bbox 241 3805 1830 3884">
     <span class='ocr_line' id='line_1_57' title="bbox 241 3805 1830 3884; baseline -0.005 -17"><span class='ocrx_word' id='word_1_444' title='bbox 241 3813 484 3884; x_wconf 56' lang='grc' dir='ltr'>σημείων</span> <span class='ocrx_word' id='word_1_445' title='bbox 518 3831 610 3866; x_wconf 90' lang='grc' dir='ltr'><strong>σου</strong></span> <span class='ocrx_word' id='word_1_446' title='bbox 673 3831 698 3860; x_wconf 71' lang='grc' dir='ltr'><strong>ι</strong></span> <span class='ocrx_word' id='word_1_447' title='bbox 735 3811 920 3865; x_wconf 73' lang='grc' dir='ltr'>Ἱκανὰ</span> <span class='ocrx_word' id='word_1_448' title='bbox 951 3813 1058 3880; x_wconf 71' lang='grc' dir='ltr'><strong>γάρ</strong></span> <span class='ocrx_word' id='word_1_449' title='bbox 1096 3805 1164 3880; x_wconf 82' lang='grc' dir='ltr'>ἦν</span> <span class='ocrx_word' id='word_1_450' title='bbox 1215 3811 1280 3863; x_wconf 68' lang='grc' dir='ltr'><strong>τὰ</strong></span> <span class='ocrx_word' id='word_1_451' title='bbox 1325 3807 1688 3880; x_wconf 82' lang='grc' dir='ltr'>προλεχθὲντα</span> <span class='ocrx_word' id='word_1_452' title='bbox 1733 3825 1830 3878; x_wconf 87' lang='grc' dir='ltr'>ση-</span> 
     </span>
    </p>
   </div>
   <div class='ocr_carea' id='block_1_58' title="bbox 245 3895 1828 3976">
    <p class='ocr_par' dir='ltr' id='par_1_58' title="bbox 245 3895 1828 3976">
     <span class='ocr_line' id='line_1_58' title="bbox 245 3895 1828 3976; baseline -0.005 -18"><span class='ocrx_word' id='word_1_453' title='bbox 245 3909 392 3976; x_wconf 82' lang='grc' dir='ltr'>μεῖα,</span> <span class='ocrx_word' id='word_1_454' title='bbox 417 3905 518 3976; x_wconf 75' lang='grc' dir='ltr'>ὅρη</span> <span class='ocrx_word' id='word_1_455' title='bbox 543 3901 940 3972; x_wconf 81' lang='grc' dir='ltr'>ταπεινούμενα</span> <span class='ocrx_word' id='word_1_456' title='bbox 969 3901 1063 3954; x_wconf 73' lang='grc' dir='ltr'>καὶ</span> <span class='ocrx_word' id='word_1_457' title='bbox 1085 3899 1360 3971; x_wconf 83' lang='grc' dir='ltr'>θαλάσσης</span> <span class='ocrx_word' id='word_1_458' title='bbox 1382 3895 1516 3970; x_wconf 83' lang='grc' dir='ltr'>ἦχος</span> <span class='ocrx_word' id='word_1_459' title='bbox 1542 3898 1828 3952; x_wconf 82' lang='grc' dir='ltr'>καταστελ-</span> 
     </span>
    </p>
   </div>
   <div class='ocr_carea' id='block_1_59' title="bbox 239 3988 1826 4066">
    <p class='ocr_par' dir='ltr' id='par_1_59' title="bbox 239 3988 1826 4066">
     <span class='ocr_line' id='line_1_59' title="bbox 239 3988 1826 4066; baseline -0.004 -19"><span class='ocrx_word' id='word_1_460' title='bbox 239 3991 486 4066; x_wconf 74' lang='grc' dir='ltr'>λὸμενος,</span> <span class='ocrx_word' id='word_1_461' title='bbox 515 3991 742 4064; x_wconf 81' lang='grc' dir='ltr'>θόρυϐός</span> <span class='ocrx_word' id='word_1_462' title='bbox 765 4007 824 4044; x_wconf 87' lang='grc' dir='ltr'><strong>τε</strong></span> <span class='ocrx_word' id='word_1_463' title='bbox 855 3991 1114 4060; x_wconf 79' lang='grc' dir='ltr'>κυμάτων</span> <span class='ocrx_word' id='word_1_464' title='bbox 1143 3989 1338 4060; x_wconf 74' lang='grc' dir='ltr'>μηκέτι</span> <span class='ocrx_word' id='word_1_465' title='bbox 1373 3988 1656 4060; x_wconf 82' lang='grc' dir='ltr'>ταράττων</span> <span class='ocrx_word' id='word_1_466' title='bbox 1687 3988 1826 4042; x_wconf 71' lang='grc' dir='ltr'>κατὰ</span> 
     </span>
    </p>
   </div>
   <div class='ocr_carea' id='block_1_60' title="bbox 239 4077 1826 4150">
    <p class='ocr_par' dir='ltr' id='par_1_60' title="bbox 239 4077 1826 4150">
     <span class='ocr_line' id='line_1_60' title="bbox 239 4077 1826 4150; baseline -0.005 -12"><span class='ocrx_word' id='word_1_467' title='bbox 239 4085 304 4138; x_wconf 74' lang='grc' dir='ltr'>τὸ</span> <span class='ocrx_word' id='word_1_468' title='bbox 331 4083 558 4137; x_wconf 80' lang='grc' dir='ltr'>παλαιὸν</span> <span class='ocrx_word' id='word_1_469' title='bbox 576 4121 592 4144; x_wconf 93' lang='grc'><strong>,</strong></span> <span class='ocrx_word' id='word_1_470' title='bbox 621 4081 756 4136; x_wconf 68' lang='grc' dir='ltr'>ἀλλὰ</span> <span class='ocrx_word' id='word_1_471' title='bbox 784 4081 876 4136; x_wconf 74' lang='grc' dir='ltr'>καὶ</span> <span class='ocrx_word' id='word_1_472' title='bbox 901 4079 1054 4150; x_wconf 82' lang='grc' dir='ltr'>όχλος</span> <span class='ocrx_word' id='word_1_473' title='bbox 1085 4079 1270 4148; x_wconf 80' lang='grc' dir='ltr'>φυλῶν</span> <span class='ocrx_word' id='word_1_474' title='bbox 1297 4079 1389 4132; x_wconf 82' lang='grc' dir='ltr'>καὶ</span> <span class='ocrx_word' id='word_1_475' title='bbox 1417 4077 1576 4142; x_wconf 78' lang='grc' dir='ltr'>αὐτὸς</span> <span class='ocrx_word' id='word_1_476' title='bbox 1604 4077 1826 4130; x_wconf 75' lang='grc' dir='ltr'>σϐεννύ-</span> 
     </span>
    </p>
   </div>
   <div class='ocr_carea' id='block_1_61' title="bbox 247 4167 1820 4244">
    <p class='ocr_par' dir='ltr' id='par_1_61' title="bbox 247 4167 1820 4244">
     <span class='ocr_line' id='line_1_61' title="bbox 247 4167 1820 4244; baseline -0.004 -18"><span class='ocrx_word' id='word_1_477' title='bbox 247 4191 426 4244; x_wconf 72' lang='grc' dir='ltr'>μενος.</span> <span class='ocrx_word' id='word_1_478' title='bbox 458 4171 620 4242; x_wconf 74' lang='grc' dir='ltr'>φόϐον</span> <span class='ocrx_word' id='word_1_479' title='bbox 649 4171 946 4240; x_wconf 77' lang='grc' dir='ltr'>ἐμποιῆσαι</span> <span class='ocrx_word' id='word_1_480' title='bbox 989 4173 1102 4233; x_wconf 84' lang='grc' dir='ltr'>τοῖς</span> <span class='ocrx_word' id='word_1_481' title='bbox 1147 4167 1456 4223; x_wconf 78' lang='grc' dir='ltr'>κατοικοῦσι</span> <span class='ocrx_word' id='word_1_482' title='bbox 1487 4167 1556 4220; x_wconf 76' lang='grc' dir='ltr'><strong>τὰ</strong></span> <span class='ocrx_word' id='word_1_483' title='bbox 1585 4167 1820 4238; x_wconf 79' lang='grc' dir='ltr'>πέρατα·</span> 
     </span>
    </p>
   </div>
   <div class='ocr_carea' id='block_1_62' title="bbox 241 4259 1824 4336">
    <p class='ocr_par' dir='ltr' id='par_1_62' title="bbox 241 4259 1824 4336">
     <span class='ocr_line' id='line_1_62' title="bbox 241 4259 1824 4336; baseline -0.004 -18"><span class='ocrx_word' id='word_1_484' title='bbox 241 4265 318 4330; x_wconf 81' lang='grc' dir='ltr'><strong>ὡς</strong></span> <span class='ocrx_word' id='word_1_485' title='bbox 375 4265 568 4336; x_wconf 76' lang='grc' dir='ltr'>μηκέτι</span> <span class='ocrx_word' id='word_1_486' title='bbox 609 4263 678 4318; x_wconf 72' lang='grc' dir='ltr'>τὰ</span> <span class='ocrx_word' id='word_1_487' title='bbox 722 4261 1086 4334; x_wconf 82' lang='grc' dir='ltr'>προλεχθὲντα</span> <span class='ocrx_word' id='word_1_488' title='bbox 1135 4261 1312 4314; x_wconf 83' lang='grc' dir='ltr'>πάντα</span> <span class='ocrx_word' id='word_1_489' title='bbox 1365 4259 1662 4330; x_wconf 75' lang='grc' dir='ltr'>φοϐεῖσθαι,</span> <span class='ocrx_word' id='word_1_490' title='bbox 1711 4259 1824 4312; x_wconf 79' lang='grc' dir='ltr'>ἀλλ’</span> 
     </span>
    </p>
   </div>
   <div class='ocr_carea' id='block_1_63' title="bbox 243 4349 1822 4428">
    <p class='ocr_par' dir='ltr' id='par_1_63' title="bbox 243 4349 1822 4428">
     <span class='ocr_line' id='line_1_63' title="bbox 243 4349 1822 4428; baseline -0.004 -18"><span class='ocrx_word' id='word_1_491' title='bbox 243 4359 342 4410; x_wconf 78' lang='grc' dir='ltr'>ἕνα</span> <span class='ocrx_word' id='word_1_492' title='bbox 375 4357 534 4428; x_wconf 86' lang='grc' dir='ltr'>μόνον</span> <span class='ocrx_word' id='word_1_493' title='bbox 561 4357 652 4410; x_wconf 70' lang='grc' dir='ltr'>τὸν</span> <span class='ocrx_word' id='word_1_494' title='bbox 695 4353 912 4408; x_wconf 87' lang='grc' dir='ltr'>πάντων</span> <span class='ocrx_word' id='word_1_495' title='bbox 943 4351 1166 4406; x_wconf 78' lang='grc' dir='ltr'>ἐκείνων</span> <span class='ocrx_word' id='word_1_496' title='bbox 1197 4353 1422 4422; x_wconf 80' lang='grc' dir='ltr'>νικητήν</span> <span class='ocrx_word' id='word_1_497' title='bbox 1442 4368 1456 4382; x_wconf 67' lang='grc' dir='ltr'><strong>θ</strong></span> <span class='ocrx_word' id='word_1_498' title='bbox 1487 4351 1666 4404; x_wconf 79' lang='grc' dir='ltr'>ὅντινα</span> <span class='ocrx_word' id='word_1_499' title='bbox 1713 4349 1822 4404; x_wconf 83' lang='grc' dir='ltr'>λοι-</span> 
     </span>
    </p>
   </div>
   <div class='ocr_carea' id='block_1_64' title="bbox 1929 1901 3582 1975">
    <p class='ocr_par' dir='ltr' id='par_1_64' title="bbox 1929 1901 3582 1975">
     <span class='ocr_line' id='line_1_64' title="bbox 1929 1901 3582 1975; baseline -0.001 -19"><span class='ocrx_word' id='word_1_500' title='bbox 1929 1901 2170 1971; x_wconf 80' lang='lat' dir='ltr'><strong>gentium</strong></span> <span class='ocrx_word' id='word_1_501' title='bbox 2227 1911 2282 1956; x_wconf 67' lang='lat' dir='ltr'><strong>et</strong></span> <span class='ocrx_word' id='word_1_502' title='bbox 2307 1905 2594 1958; x_wconf 86' lang='lat' dir='ltr'><strong>nationum</strong></span> <span class='ocrx_word' id='word_1_503' title='bbox 2629 1905 2798 1961; x_wconf 83' lang='lat' dir='ltr'><strong>totius</strong></span> <span class='ocrx_word' id='word_1_504' title='bbox 2833 1905 3058 1958; x_wconf 84' lang='lat' dir='ltr'><strong>humani</strong></span> <span class='ocrx_word' id='word_1_505' title='bbox 3097 1903 3312 1975; x_wconf 82' lang='lat' dir='ltr'><strong>generis</strong></span> <span class='ocrx_word' id='word_1_506' title='bbox 3343 1909 3503 1958; x_wconf 85' lang='lat' dir='ltr'><strong>erat:</strong></span> <span class='ocrx_word' id='word_1_507' title='bbox 3579 1903 3582 1906; x_wconf 78' lang='grc'><em>’</em></span> 
     </span>
    </p>
   </div>
   <div class='ocr_carea' id='block_1_65' title="bbox 1931 1993 3507 2062">
    <p class='ocr_par' dir='ltr' id='par_1_65' title="bbox 1931 1993 3507 2062">
     <span class='ocr_line' id='line_1_65' title="bbox 1931 1993 3507 2062; baseline 0 -16"><span class='ocrx_word' id='word_1_508' title='bbox 1931 1993 2161 2062; x_wconf 84' lang='lat' dir='ltr'><strong>hujusce</strong></span> <span class='ocrx_word' id='word_1_509' title='bbox 2208 2003 2388 2050; x_wconf 88' lang='lat' dir='ltr'><strong>autem</strong></span> <span class='ocrx_word' id='word_1_510' title='bbox 2437 1997 2688 2058; x_wconf 79' lang='lat' dir='ltr'><strong>mortalis</strong></span> <span class='ocrx_word' id='word_1_511' title='bbox 2730 1997 2854 2050; x_wconf 72' lang='lat' dir='ltr'><strong>vita:</strong></span> <span class='ocrx_word' id='word_1_512' title='bbox 2883 1995 3080 2050; x_wconf 81' lang='lat' dir='ltr'><strong>ﬂuctus</strong></span> <span class='ocrx_word' id='word_1_513' title='bbox 3107 2003 3162 2050; x_wconf 86' lang='lat' dir='ltr'><strong>et</strong></span> <span class='ocrx_word' id='word_1_514' title='bbox 3191 2005 3360 2058; x_wconf 84' lang='lat' dir='ltr'><strong>mare,</strong></span> <span class='ocrx_word' id='word_1_515' title='bbox 3393 2008 3507 2046; x_wconf 82' lang='lat' dir='ltr'><strong>ma-</strong></span> 
     </span>
    </p>
   </div>
   <div class='ocr_carea' id='block_1_66' title="bbox 1929 2083 3508 2155">
    <p class='ocr_par' dir='ltr' id='par_1_66' title="bbox 1929 2083 3508 2155">
     <span class='ocr_line' id='line_1_66' title="bbox 1929 2083 3508 2155; baseline 0 -19"><span class='ocrx_word' id='word_1_516' title='bbox 1929 2083 2046 2137; x_wconf 72' lang='lat' dir='ltr'><strong>litia</strong></span> <span class='ocrx_word' id='word_1_517' title='bbox 2101 2085 2393 2154; x_wconf 84' lang='lat' dir='ltr'><strong>repletum,</strong></span> <span class='ocrx_word' id='word_1_518' title='bbox 2453 2085 2752 2140; x_wconf 80' lang='lat' dir='ltr'><strong>tumultum</strong></span> <span class='ocrx_word' id='word_1_519' title='bbox 2813 2101 3070 2155; x_wconf 78' lang='lat' dir='ltr'><strong>magnum</strong></span> <span class='ocrx_word' id='word_1_520' title='bbox 3127 2083 3508 2143; x_wconf 77' lang='lat' dir='ltr'><strong>excitabat.et</strong></span> 
     </span>
    </p>
   </div>
   <div class='ocr_carea' id='block_1_67' title="bbox 1931 2167 3506 2246">
    <p class='ocr_par' dir='ltr' id='par_1_67' title="bbox 1931 2167 3506 2246">
     <span class='ocr_line' id='line_1_67' title="bbox 1931 2167 3506 2246; baseline -0.001 -18"><span class='ocrx_word' id='word_1_521' title='bbox 1931 2175 2204 2246; x_wconf 79' lang='lat' dir='ltr'><strong>ingentem</strong></span> <span class='ocrx_word' id='word_1_522' title='bbox 2255 2177 2542 2232; x_wconf 81' lang='lat' dir='ltr'><strong>emittebat</strong></span> <span class='ocrx_word' id='word_1_523' title='bbox 2594 2167 3087 2246; x_wconf 86' lang='lat' dir='ltr'><strong>sonitum;utpote</strong></span> <span class='ocrx_word' id='word_1_524' title='bbox 3115 2175 3260 2244; x_wconf 81' lang='lat' dir='ltr'><strong>quod</strong></span> <span class='ocrx_word' id='word_1_525' title='bbox 3307 2175 3506 2229; x_wconf 78' lang='lat' dir='ltr'><strong>draco-</strong></span> 
     </span>
    </p>
   </div>
   <div class='ocr_carea' id='block_1_68' title="bbox 1929 2265 3506 2336">
    <p class='ocr_par' dir='ltr' id='par_1_68' title="bbox 1929 2265 3506 2336">
     <span class='ocr_line' id='line_1_68' title="bbox 1929 2265 3506 2336; baseline -0.001 -15"><span class='ocrx_word' id='word_1_526' title='bbox 1929 2283 2052 2322; x_wconf 89' lang='lat' dir='ltr'><strong>nem</strong></span> <span class='ocrx_word' id='word_1_527' title='bbox 2089 2267 2146 2320; x_wconf 91' lang='lat' dir='ltr'><strong>in</strong></span> <span class='ocrx_word' id='word_1_528' title='bbox 2196 2265 2378 2322; x_wconf 86' lang='lat' dir='ltr'><strong>medio</strong></span> <span class='ocrx_word' id='word_1_529' title='bbox 2409 2267 2492 2321; x_wconf 90' lang='lat' dir='ltr'><strong>sui</strong></span> <span class='ocrx_word' id='word_1_530' title='bbox 2539 2267 2880 2322; x_wconf 78' lang='lat' dir='ltr'><strong>habitantem</strong></span> <span class='ocrx_word' id='word_1_531' title='bbox 2929 2273 3254 2328; x_wconf 82' lang='lat' dir='ltr'><strong>contineret,</strong></span> <span class='ocrx_word' id='word_1_532' title='bbox 3283 2266 3350 2322; x_wconf 89' lang='lat' dir='ltr'><strong>de</strong></span> <span class='ocrx_word' id='word_1_533' title='bbox 3395 2281 3506 2336; x_wconf 82' lang='lat' dir='ltr'><strong>quo</strong></span> 
     </span>
    </p>
   </div>
   <div class='ocr_carea' id='block_1_69' title="bbox 1929 2355 3502 2428">
    <p class='ocr_par' dir='ltr' id='par_1_69' title="bbox 1929 2355 3502 2428">
     <span class='ocr_line' id='line_1_69' title="bbox 1929 2355 3502 2428; baseline -0.003 -15"><span class='ocrx_word' id='word_1_534' title='bbox 1929 2359 2134 2413; x_wconf 90' lang='lat' dir='ltr'><strong>dictum</strong></span> <span class='ocrx_word' id='word_1_535' title='bbox 2189 2365 2328 2412; x_wconf 89' lang='lat' dir='ltr'><strong>est:</strong></span> <span class='ocrx_word' id='word_1_536' title='bbox 2379 2377 2398 2410; x_wconf 78' lang='grc' dir='ltr'><strong>ι</strong></span> <span class='ocrx_word' id='word_1_537' title='bbox 2437 2357 2666 2414; x_wconf 84' lang='lat' dir='ltr'><strong>lnducet</strong></span> <span class='ocrx_word' id='word_1_538' title='bbox 2719 2357 2984 2414; x_wconf 86' lang='lat' dir='ltr'><strong>Dominus</strong></span> <span class='ocrx_word' id='word_1_539' title='bbox 3065 2357 3210 2414; x_wconf 85' lang='lat' dir='ltr'><strong>Deus</strong></span> <span class='ocrx_word' id='word_1_540' title='bbox 3263 2355 3502 2428; x_wconf 74' lang='lat' dir='ltr'><strong>gladium</strong></span> 
     </span>
    </p>
   </div>
   <div class='ocr_carea' id='block_1_70' title="bbox 1929 2445 3504 2518">
    <p class='ocr_par' dir='ltr' id='par_1_70' title="bbox 1929 2445 3504 2518">
     <span class='ocr_line' id='line_1_70' title="bbox 1929 2445 3504 2518; baseline -0.002 -16"><span class='ocrx_word' id='word_1_541' title='bbox 1929 2463 2096 2518; x_wconf 88' lang='lat' dir='ltr'><strong>super</strong></span> <span class='ocrx_word' id='word_1_542' title='bbox 2124 2445 2444 2512; x_wconf 87' lang='lat' dir='ltr'><strong>draconem,</strong></span> <span class='ocrx_word' id='word_1_543' title='bbox 2485 2455 2796 2518; x_wconf 84' lang='lat' dir='ltr'><strong>serpentem</strong></span> <span class='ocrx_word' id='word_1_544' title='bbox 2845 2454 3177 2514; x_wconf 87' lang='lat' dir='ltr'><strong>tortuosum,</strong></span> <span class='ocrx_word' id='word_1_545' title='bbox 3209 2455 3262 2503; x_wconf 91' lang='lat' dir='ltr'><strong>et</strong></span> <span class='ocrx_word' id='word_1_546' title='bbox 3293 2445 3504 2502; x_wconf 87' lang='lat' dir='ltr'><strong>occidet</strong></span> 
     </span>
    </p>
   </div>
   <div class='ocr_carea' id='block_1_71' title="bbox 1931 2537 3504 2608">
    <p class='ocr_par' dir='ltr' id='par_1_71' title="bbox 1931 2537 3504 2608">
     <span class='ocr_line' id='line_1_71' title="bbox 1931 2537 3504 2608; baseline -0.003 -14"><span class='ocrx_word' id='word_1_547' title='bbox 1931 2539 2228 2594; x_wconf 87' lang='lat' dir='ltr'><strong>draconem</strong></span> <span class='ocrx_word' id='word_1_548' title='bbox 2277 2539 2370 2608; x_wconf 90' lang='lat' dir='ltr'><strong>qui</strong></span> <span class='ocrx_word' id='word_1_549' title='bbox 2401 2549 2486 2594; x_wconf 87' lang='lat' dir='ltr'><strong>est</strong></span> <span class='ocrx_word' id='word_1_550' title='bbox 2519 2538 2574 2592; x_wconf 90' lang='lat' dir='ltr'><strong>in</strong></span> <span class='ocrx_word' id='word_1_551' title='bbox 2603 2537 2742 2592; x_wconf 89' lang='lat' dir='ltr'><strong>mari</strong></span> <span class='ocrx_word' id='word_1_552' title='bbox 2761 2537 2828 2592; x_wconf 78' lang='lat'><strong>&quot;.</strong></span> <span class='ocrx_word' id='word_1_553' title='bbox 2868 2557 2886 2590; x_wconf 76' lang='grc' dir='ltr'><strong>ι</strong></span> <span class='ocrx_word' id='word_1_554' title='bbox 2913 2537 2980 2592; x_wconf 87' lang='grc' dir='ltr'><strong>Ει</strong></span> <span class='ocrx_word' id='word_1_555' title='bbox 3026 2537 3158 2592; x_wconf 81' lang='lat' dir='ltr'><strong>alibi</strong></span> <span class='ocrx_word' id='word_1_556' title='bbox 3211 2545 3504 2608; x_wconf 79' lang='lat' dir='ltr'><strong>postquam</strong></span> 
     </span>
    </p>
   </div>
   <div class='ocr_carea' id='block_1_72' title="bbox 1929 2629 3498 2700">
    <p class='ocr_par' dir='ltr' id='par_1_72' title="bbox 1929 2629 3498 2700">
     <span class='ocr_line' id='line_1_72' title="bbox 1929 2629 3498 2700; baseline -0.004 -15"><span class='ocrx_word' id='word_1_557' title='bbox 1929 2631 2159 2688; x_wconf 85' lang='lat' dir='ltr'><strong>dixisset</strong></span> <span class='ocrx_word' id='word_1_558' title='bbox 2192 2647 2208 2686; x_wconf 92' lang='lat'><strong>:</strong></span> <span class='ocrx_word' id='word_1_559' title='bbox 2239 2649 2256 2682; x_wconf 73' lang='grc' dir='ltr'><strong>ι</strong></span> <span class='ocrx_word' id='word_1_560' title='bbox 2289 2629 2402 2684; x_wconf 85' lang='lat' dir='ltr'><strong>lioc</strong></span> <span class='ocrx_word' id='word_1_561' title='bbox 2447 2645 2596 2684; x_wconf 88' lang='lat' dir='ltr'><strong>mare</strong></span> <span class='ocrx_word' id='word_1_562' title='bbox 2647 2645 2900 2700; x_wconf 78' lang='lat' dir='ltr'><strong>magnum</strong></span> <span class='ocrx_word' id='word_1_563' title='bbox 2940 2639 2994 2684; x_wconf 80' lang='lat' dir='ltr'><strong>et</strong></span> <span class='ocrx_word' id='word_1_564' title='bbox 3049 2631 3352 2700; x_wconf 85' lang='lat' dir='ltr'><strong>spatiosum</strong></span> <span class='ocrx_word' id='word_1_565' title='bbox 3371 2629 3452 2694; x_wconf 75' lang='lat'><strong>&quot;,__</strong></span> <span class='ocrx_word' id='word_1_566' title='bbox 3479 2645 3498 2678; x_wconf 65' lang='grc' dir='ltr'>δ</span> 
     </span>
    </p>
   </div>
   <div class='ocr_carea' id='block_1_73' title="bbox 1931 2720 3505 2792">
    <p class='ocr_par' dir='ltr' id='par_1_73' title="bbox 1931 2720 3505 2792">
     <span class='ocr_line' id='line_1_73' title="bbox 1931 2720 3505 2792; baseline -0.003 -14"><span class='ocrx_word' id='word_1_567' title='bbox 1931 2723 2158 2778; x_wconf 85' lang='lat' dir='ltr'><strong>subdit:</strong></span> <span class='ocrx_word' id='word_1_568' title='bbox 2203 2741 2220 2774; x_wconf 73' lang='grc' dir='ltr'><strong>ι</strong></span> <span class='ocrx_word' id='word_1_569' title='bbox 2261 2721 2376 2776; x_wconf 90' lang='lat' dir='ltr'><strong>Illic</strong></span> <span class='ocrx_word' id='word_1_570' title='bbox 2433 2721 2602 2776; x_wconf 85' lang='lat' dir='ltr'><strong>draco</strong></span> <span class='ocrx_word' id='word_1_571' title='bbox 2649 2721 2756 2776; x_wconf 85' lang='lat' dir='ltr'><strong>iste</strong></span> <span class='ocrx_word' id='word_1_572' title='bbox 2799 2735 2959 2792; x_wconf 90' lang='lat' dir='ltr'><strong>quem</strong></span> <span class='ocrx_word' id='word_1_573' title='bbox 3009 2721 3254 2776; x_wconf 77' lang='lat' dir='ltr'><strong>formasti</strong></span> <span class='ocrx_word' id='word_1_574' title='bbox 3279 2721 3346 2775; x_wconf 87' lang='lat' dir='ltr'><strong>ad</strong></span> <span class='ocrx_word' id='word_1_575' title='bbox 3379 2720 3505 2774; x_wconf 80' lang='lat' dir='ltr'><strong>illit-</strong></span> 
     </span>
    </p>
   </div>
   <div class='ocr_carea' id='block_1_74' title="bbox 1930 2807 3506 2878">
    <p class='ocr_par' dir='ltr' id='par_1_74' title="bbox 1930 2807 3506 2878">
     <span class='ocr_line' id='line_1_74' title="bbox 1930 2807 3506 2878; baseline -0.004 -10"><span class='ocrx_word' id='word_1_576' title='bbox 1930 2813 2168 2870; x_wconf 86' lang='lat' dir='ltr'><strong>dendum</strong></span> <span class='ocrx_word' id='word_1_577' title='bbox 2199 2813 2248 2868; x_wconf 91' lang='lat' dir='ltr'><strong>ei</strong></span> <span class='ocrx_word' id='word_1_578' title='bbox 2274 2811 2350 2878; x_wconf 72' lang='lat'><strong>‘°.</strong></span> <span class='ocrx_word' id='word_1_579' title='bbox 2377 2831 2396 2864; x_wconf 66' lang='grc' dir='ltr'><strong>ι</strong></span> <span class='ocrx_word' id='word_1_580' title='bbox 2429 2811 2542 2864; x_wconf 88' lang='lat' dir='ltr'><strong>lmo</strong></span> <span class='ocrx_word' id='word_1_581' title='bbox 2590 2811 2878 2866; x_wconf 82' lang='lat' dir='ltr'><strong>confertim</strong></span> <span class='ocrx_word' id='word_1_582' title='bbox 2921 2807 3238 2874; x_wconf 72' lang='lat' dir='ltr'><strong>draconem,</strong></span> <span class='ocrx_word' id='word_1_583' title='bbox 3270 2825 3420 2863; x_wconf 86' lang='lat' dir='ltr'><strong>mare</strong></span> <span class='ocrx_word' id='word_1_584' title='bbox 3449 2813 3506 2863; x_wconf 85' lang='lat' dir='ltr'><strong>et</strong></span> 
     </span>
    </p>
   </div>
   <div class='ocr_carea' id='block_1_75' title="bbox 1931 2897 3500 2972">
    <p class='ocr_par' dir='ltr' id='par_1_75' title="bbox 1931 2897 3500 2972">
     <span class='ocr_line' id='line_1_75' title="bbox 1931 2897 3500 2972; baseline -0.002 -12"><span class='ocrx_word' id='word_1_585' title='bbox 1931 2921 2126 2960; x_wconf 87' lang='lat' dir='ltr'><strong>sonum</strong></span> <span class='ocrx_word' id='word_1_586' title='bbox 2161 2903 2424 2958; x_wconf 89' lang='lat' dir='ltr'><strong>ﬂuctuum</strong></span> <span class='ocrx_word' id='word_1_587' title='bbox 2456 2903 2578 2970; x_wconf 79' lang='lat' dir='ltr'><strong>ejus</strong></span> <span class='ocrx_word' id='word_1_588' title='bbox 2631 2901 2962 2972; x_wconf 87' lang='lat' dir='ltr'><strong>compressit</strong></span> <span class='ocrx_word' id='word_1_589' title='bbox 3014 2909 3068 2956; x_wconf 87' lang='lat' dir='ltr'><strong>et</strong></span> <span class='ocrx_word' id='word_1_590' title='bbox 3128 2897 3336 2956; x_wconf 78' lang='lat' dir='ltr'><strong>sedavit</strong></span> <span class='ocrx_word' id='word_1_591' title='bbox 3379 2915 3500 2969; x_wconf 77' lang='lat' dir='ltr'><strong>spes</strong></span> 
     </span>
    </p>
   </div>
   <div class='ocr_carea' id='block_1_76' title="bbox 1933 2991 3496 3064">
    <p class='ocr_par' dir='ltr' id='par_1_76' title="bbox 1933 2991 3496 3064">
     <span class='ocr_line' id='line_1_76' title="bbox 1933 2991 3496 3064; baseline -0.003 -14"><span class='ocrx_word' id='word_1_592' title='bbox 1933 2997 2022 3050; x_wconf 87' lang='lat' dir='ltr'><strong>illa</strong></span> <span class='ocrx_word' id='word_1_593' title='bbox 2057 2997 2298 3050; x_wconf 86' lang='lat' dir='ltr'><strong>omnium</strong></span> <span class='ocrx_word' id='word_1_594' title='bbox 2337 2995 2524 3048; x_wconf 74' lang='lat' dir='ltr'><strong>finium</strong></span> <span class='ocrx_word' id='word_1_595' title='bbox 2561 3001 2740 3056; x_wconf 64' lang='lat' dir='ltr'><strong>terrae,</strong></span> <span class='ocrx_word' id='word_1_596' title='bbox 2773 3009 2892 3064; x_wconf 72' lang='lat' dir='ltr'><strong>quae</strong></span> <span class='ocrx_word' id='word_1_597' title='bbox 2925 2993 3240 3048; x_wconf 86' lang='lat' dir='ltr'><strong>hominibus</strong></span> <span class='ocrx_word' id='word_1_598' title='bbox 3271 2991 3496 3054; x_wconf 78' lang='lat' dir='ltr'><strong>aﬂ&#39;ulsit‘,</strong></span> 
     </span>
    </p>
   </div>
   <div class='ocr_carea' id='block_1_77' title="bbox 1931 3083 3502 3154">
    <p class='ocr_par' dir='ltr' id='par_1_77' title="bbox 1931 3083 3502 3154">
     <span class='ocr_line' id='line_1_77' title="bbox 1931 3083 3502 3154; baseline -0.004 -10"><span class='ocrx_word' id='word_1_599' title='bbox 1931 3097 1986 3144; x_wconf 89' lang='lat' dir='ltr'><strong>et</strong></span> <span class='ocrx_word' id='word_1_600' title='bbox 2031 3089 2244 3142; x_wconf 87' lang='lat' dir='ltr'><strong>turbam</strong></span> <span class='ocrx_word' id='word_1_601' title='bbox 2282 3088 2564 3141; x_wconf 86' lang='lat' dir='ltr'><strong>nationum</strong></span> <span class='ocrx_word' id='word_1_602' title='bbox 2595 3088 2875 3142; x_wconf 76' lang='lat' dir='ltr'><strong>exstinxit.</strong></span> <span class='ocrx_word' id='word_1_603' title='bbox 2911 3083 3004 3138; x_wconf 89' lang='lat' dir='ltr'><strong>llis</strong></span> <span class='ocrx_word' id='word_1_604' title='bbox 3041 3083 3276 3154; x_wconf 87' lang='lat' dir='ltr'><strong>peractis</strong></span> <span class='ocrx_word' id='word_1_605' title='bbox 3309 3097 3502 3138; x_wconf 83' lang='lat' dir='ltr'><strong>conse-</strong></span> 
     </span>
    </p>
   </div>
   <div class='ocr_carea' id='block_1_78' title="bbox 1933 3173 3504 3250">
    <p class='ocr_par' dir='ltr' id='par_1_78' title="bbox 1933 3173 3504 3250">
     <span class='ocr_line' id='line_1_78' title="bbox 1933 3173 3504 3250; baseline -0.003 -18"><span class='ocrx_word' id='word_1_606' title='bbox 1933 3187 2163 3250; x_wconf 86' lang='lat' dir='ltr'><strong>quenter</strong></span> <span class='ocrx_word' id='word_1_607' title='bbox 2210 3179 2602 3250; x_wconf 77' lang='lat' dir='ltr'><strong>suhjungitur:</strong></span> <span class='ocrx_word' id='word_1_608' title='bbox 2647 3197 2666 3228; x_wconf 74' lang='grc' dir='ltr'><strong>ι</strong></span> <span class='ocrx_word' id='word_1_609' title='bbox 2711 3175 2778 3229; x_wconf 89' lang='lat' dir='ltr'><strong>Et</strong></span> <span class='ocrx_word' id='word_1_610' title='bbox 2803 3175 3074 3230; x_wconf 90' lang='lat' dir='ltr'><strong>timebunt</strong></span> <span class='ocrx_word' id='word_1_611' title='bbox 3117 3173 3215 3244; x_wconf 89' lang='lat' dir='ltr'><strong>qui</strong></span> <span class='ocrx_word' id='word_1_612' title='bbox 3259 3173 3504 3228; x_wconf 85' lang='lat' dir='ltr'><strong>habitant</strong></span> 
     </span>
    </p>
   </div>
   <div class='ocr_carea' id='block_1_79' title="bbox 1933 3265 3502 3339">
    <p class='ocr_par' dir='ltr' id='par_1_79' title="bbox 1933 3265 3502 3339">
     <span class='ocr_line' id='line_1_79' title="bbox 1933 3265 3502 3339; baseline -0.004 -15"><span class='ocrx_word' id='word_1_613' title='bbox 1933 3269 2200 3324; x_wconf 84' lang='lat' dir='ltr'><strong>terminos</strong></span> <span class='ocrx_word' id='word_1_614' title='bbox 2247 3283 2278 3322; x_wconf 86' lang='lat' dir='ltr'><strong>a</strong></span> <span class='ocrx_word' id='word_1_615' title='bbox 2329 3269 2501 3339; x_wconf 83' lang='lat' dir='ltr'><strong>signis</strong></span> <span class='ocrx_word' id='word_1_616' title='bbox 2577 3268 2708 3322; x_wconf 88' lang='lat' dir='ltr'><strong>tuis.</strong></span> <span class='ocrx_word' id='word_1_617' title='bbox 2750 3286 2768 3320; x_wconf 74' lang='grc' dir='ltr'><strong>ι</strong></span> <span class='ocrx_word' id='word_1_618' title='bbox 2799 3265 2934 3319; x_wconf 85' lang='lat' dir='ltr'><strong>Nam</strong></span> <span class='ocrx_word' id='word_1_619' title='bbox 2997 3265 3256 3334; x_wconf 70' lang='lat' dir='ltr'><strong>praedicta</strong></span> <span class='ocrx_word' id='word_1_620' title='bbox 3323 3265 3502 3333; x_wconf 77' lang='lat' dir='ltr'><strong>signa,</strong></span> 
     </span>
    </p>
   </div>
   <div class='ocr_carea' id='block_1_80' title="bbox 1931 3353 3508 3430">
    <p class='ocr_par' dir='ltr' id='par_1_80' title="bbox 1931 3353 3508 3430">
     <span class='ocr_line' id='line_1_80' title="bbox 1931 3353 3508 3430; baseline -0.005 -14"><span class='ocrx_word' id='word_1_621' title='bbox 1931 3375 2126 3430; x_wconf 85' lang='lat' dir='ltr'><strong>nempe</strong></span> <span class='ocrx_word' id='word_1_622' title='bbox 2183 3367 2398 3414; x_wconf 85' lang='lat' dir='ltr'><strong>montes</strong></span> <span class='ocrx_word' id='word_1_623' title='bbox 2429 3358 2698 3429; x_wconf 87' lang='lat' dir='ltr'><strong>depressi,</strong></span> <span class='ocrx_word' id='word_1_624' title='bbox 2741 3371 2912 3412; x_wconf 89' lang='lat' dir='ltr'><strong>sonus</strong></span> <span class='ocrx_word' id='word_1_625' title='bbox 2941 3356 3110 3412; x_wconf 86' lang='lat' dir='ltr'><strong>maris</strong></span> <span class='ocrx_word' id='word_1_626' title='bbox 3139 3353 3380 3418; x_wconf 89' lang='lat' dir='ltr'><strong>sedatus,</strong></span> <span class='ocrx_word' id='word_1_627' title='bbox 3419 3363 3508 3408; x_wconf 83' lang='lat' dir='ltr'><strong>tu-</strong></span> 
     </span>
    </p>
   </div>
   <div class='ocr_carea' id='block_1_81' title="bbox 1931 3445 3502 3518">
    <p class='ocr_par' dir='ltr' id='par_1_81' title="bbox 1931 3445 3502 3518">
     <span class='ocr_line' id='line_1_81' title="bbox 1931 3445 3502 3518; baseline -0.006 -11"><span class='ocrx_word' id='word_1_628' title='bbox 1931 3453 2134 3507; x_wconf 89' lang='lat' dir='ltr'><strong>multus</strong></span> <span class='ocrx_word' id='word_1_629' title='bbox 2181 3449 2466 3514; x_wconf 89' lang='lat' dir='ltr'><strong>ﬂuctuum,</strong></span> <span class='ocrx_word' id='word_1_630' title='bbox 2517 3465 2626 3504; x_wconf 89' lang='lat' dir='ltr'><strong>non</strong></span> <span class='ocrx_word' id='word_1_631' title='bbox 2673 3457 2732 3502; x_wconf 91' lang='lat' dir='ltr'><strong>ut</strong></span> <span class='ocrx_word' id='word_1_632' title='bbox 2781 3449 2912 3502; x_wconf 87' lang='lat' dir='ltr'><strong>olim</strong></span> <span class='ocrx_word' id='word_1_633' title='bbox 2946 3445 3310 3518; x_wconf 84' lang='lat' dir='ltr'><strong>perturbans;</strong></span> <span class='ocrx_word' id='word_1_634' title='bbox 3343 3447 3502 3500; x_wconf 83' lang='lat' dir='ltr'><strong>turba</strong></span> 
     </span>
    </p>
   </div>
   <div class='ocr_carea' id='block_1_82' title="bbox 1931 3537 3508 3602">
    <p class='ocr_par' dir='ltr' id='par_1_82' title="bbox 1931 3537 3508 3602">
     <span class='ocr_line' id='line_1_82' title="bbox 1931 3537 3508 3602; baseline -0.004 -6"><span class='ocrx_word' id='word_1_635' title='bbox 1931 3543 2057 3598; x_wconf 86' lang='lat' dir='ltr'><strong>item</strong></span> <span class='ocrx_word' id='word_1_636' title='bbox 2104 3543 2386 3596; x_wconf 89' lang='lat' dir='ltr'><strong>nationum</strong></span> <span class='ocrx_word' id='word_1_637' title='bbox 2437 3543 2732 3602; x_wconf 77' lang='lat' dir='ltr'><strong>exstincta,</strong></span> <span class='ocrx_word' id='word_1_638' title='bbox 2759 3547 2916 3594; x_wconf 86' lang='lat' dir='ltr'><strong>erant</strong></span> <span class='ocrx_word' id='word_1_639' title='bbox 2961 3537 3026 3593; x_wconf 90' lang='lat' dir='ltr'><strong>ad</strong></span> <span class='ocrx_word' id='word_1_640' title='bbox 3061 3545 3325 3593; x_wconf 86' lang='lat' dir='ltr'><strong>terrorem</strong></span> <span class='ocrx_word' id='word_1_641' title='bbox 3353 3537 3508 3590; x_wconf 88' lang='lat' dir='ltr'><strong>habi-</strong></span> 
     </span>
    </p>
   </div>
   <div class='ocr_carea' id='block_1_83' title="bbox 1927 3627 3504 3694">
    <p class='ocr_par' dir='ltr' id='par_1_83' title="bbox 1927 3627 3504 3694">
     <span class='ocr_line' id='line_1_83' title="bbox 1927 3627 3504 3694; baseline -0.006 -7"><span class='ocrx_word' id='word_1_642' title='bbox 1927 3631 2176 3688; x_wconf 83' lang='lat' dir='ltr'><strong>tantibus</strong></span> <span class='ocrx_word' id='word_1_643' title='bbox 2225 3631 2492 3686; x_wconf 86' lang='lat' dir='ltr'><strong>terminos</strong></span> <span class='ocrx_word' id='word_1_644' title='bbox 2543 3629 2918 3685; x_wconf 84' lang='lat' dir='ltr'><strong>ineutiendum</strong></span> <span class='ocrx_word' id='word_1_645' title='bbox 2965 3629 3130 3694; x_wconf 89' lang='lat' dir='ltr'><strong>satis;</strong></span> <span class='ocrx_word' id='word_1_646' title='bbox 3165 3627 3238 3680; x_wconf 88' lang='lat' dir='ltr'><strong>ita</strong></span> <span class='ocrx_word' id='word_1_647' title='bbox 3281 3633 3340 3680; x_wconf 91' lang='lat' dir='ltr'><strong>ut</strong></span> <span class='ocrx_word' id='word_1_648' title='bbox 3395 3639 3504 3680; x_wconf 88' lang='lat' dir='ltr'><strong>non</strong></span> 
     </span>
    </p>
   </div>
   <div class='ocr_carea' id='block_1_84' title="bbox 1929 3715 3506 3792">
    <p class='ocr_par' dir='ltr' id='par_1_84' title="bbox 1929 3715 3506 3792">
     <span class='ocr_line' id='line_1_84' title="bbox 1929 3715 3506 3792; baseline -0.006 -14"><span class='ocrx_word' id='word_1_649' title='bbox 1929 3723 2032 3778; x_wconf 88' lang='lat' dir='ltr'><strong>ista</strong></span> <span class='ocrx_word' id='word_1_650' title='bbox 2058 3723 2174 3792; x_wconf 85' lang='lat' dir='ltr'><strong>jam</strong></span> <span class='ocrx_word' id='word_1_651' title='bbox 2219 3729 2538 3782; x_wconf 86' lang='lat' dir='ltr'><strong>memorata,</strong></span> <span class='ocrx_word' id='word_1_652' title='bbox 2577 3721 2668 3776; x_wconf 88' lang='lat' dir='ltr'><strong>sed</strong></span> <span class='ocrx_word' id='word_1_653' title='bbox 2717 3735 2882 3774; x_wconf 88' lang='lat' dir='ltr'><strong>unum</strong></span> <span class='ocrx_word' id='word_1_654' title='bbox 2931 3735 3118 3772; x_wconf 89' lang='lat' dir='ltr'><strong>eorum</strong></span> <span class='ocrx_word' id='word_1_655' title='bbox 3150 3718 3398 3774; x_wconf 86' lang='lat' dir='ltr'><strong>omnium</strong></span> <span class='ocrx_word' id='word_1_656' title='bbox 3425 3715 3506 3770; x_wconf 55' lang='lat' dir='ltr'><strong>via</strong></span> 
     </span>
    </p>
   </div>
   <div class='ocr_carea' id='block_1_85' title="bbox 1927 3809 3506 3878">
    <p class='ocr_par' dir='ltr' id='par_1_85' title="bbox 1927 3809 3506 3878">
     <span class='ocr_line' id='line_1_85' title="bbox 1927 3809 3506 3878; baseline -0.001 -14"><span class='ocrx_word' id='word_1_657' title='bbox 1927 3821 2160 3876; x_wconf 76' lang='lat' dir='ltr'><strong>etorem,</strong></span> <span class='ocrx_word' id='word_1_658' title='bbox 2209 3813 2349 3866; x_wconf 87' lang='lat' dir='ltr'><strong>ultra</strong></span> <span class='ocrx_word' id='word_1_659' title='bbox 2401 3811 2828 3868; x_wconf 80' lang='lat' dir='ltr'><strong>reformid‘arent</strong></span> <span class='ocrx_word' id='word_1_660' title='bbox 2862 3827 2876 3864; x_wconf 90' lang='lat'><strong>:</strong></span> <span class='ocrx_word' id='word_1_661' title='bbox 2909 3825 3070 3878; x_wconf 88' lang='lat' dir='ltr'><strong>quem</strong></span> <span class='ocrx_word' id='word_1_662' title='bbox 3147 3809 3362 3862; x_wconf 88' lang='lat' dir='ltr'><strong>demum</strong></span> <span class='ocrx_word' id='word_1_663' title='bbox 3411 3821 3506 3862; x_wconf 86' lang='lat' dir='ltr'><strong>co-</strong></span> 
     </span>
    </p>
   </div>
   <div class='ocr_carea' id='block_1_86' title="bbox 1926 3899 3506 3973">
    <p class='ocr_par' dir='ltr' id='par_1_86' title="bbox 1926 3899 3506 3973">
     <span class='ocr_line' id='line_1_86' title="bbox 1926 3899 3506 3973; baseline -0.004 -17"><span class='ocrx_word' id='word_1_664' title='bbox 1926 3909 2254 3973; x_wconf 81' lang='lat' dir='ltr'><strong>gnoscentes</strong></span> <span class='ocrx_word' id='word_1_665' title='bbox 2297 3915 2361 3956; x_wconf 89' lang='lat' dir='ltr'><strong>ac</strong></span> <span class='ocrx_word' id='word_1_666' title='bbox 2393 3901 2672 3964; x_wconf 89' lang='lat' dir='ltr'><strong>timentes,</strong></span> <span class='ocrx_word' id='word_1_667' title='bbox 2709 3899 3100 3954; x_wconf 89' lang='lat' dir='ltr'><strong>beatitudinem</strong></span> <span class='ocrx_word' id='word_1_668' title='bbox 3155 3899 3235 3952; x_wconf 81' lang='lat' dir='ltr'><strong>sic</strong></span> <span class='ocrx_word' id='word_1_669' title='bbox 3281 3911 3506 3966; x_wconf 70' lang='lat' dir='ltr'><strong>espres-</strong></span> 
     </span>
    </p>
   </div>
   <div class='ocr_carea' id='block_1_87' title="bbox 1927 3985 3502 4062">
    <p class='ocr_par' dir='ltr' id='par_1_87' title="bbox 1927 3985 3502 4062">
     <span class='ocr_line' id='line_1_87' title="bbox 1927 3985 3502 4062; baseline -0.004 -16"><span class='ocrx_word' id='word_1_670' title='bbox 1927 4007 2042 4046; x_wconf 90' lang='lat' dir='ltr'><strong>sam</strong></span> <span class='ocrx_word' id='word_1_671' title='bbox 2083 3999 2494 4062; x_wconf 84' lang='lat' dir='ltr'><strong>consequuntur</strong></span> <span class='ocrx_word' id='word_1_672' title='bbox 2531 4010 2542 4046; x_wconf 95' lang='lat'>:</span> <span class='ocrx_word' id='word_1_673' title='bbox 2589 4009 2604 4042; x_wconf 83' lang='grc' dir='ltr'><strong>ι</strong></span> <span class='ocrx_word' id='word_1_674' title='bbox 2643 3989 2792 4045; x_wconf 84' lang='lat' dir='ltr'><strong>Beati</strong></span> <span class='ocrx_word' id='word_1_675' title='bbox 2825 4005 3018 4044; x_wconf 86' lang='lat' dir='ltr'><strong>omnes</strong></span> <span class='ocrx_word' id='word_1_676' title='bbox 3051 3989 3141 4058; x_wconf 83' lang='lat' dir='ltr'><strong>qui</strong></span> <span class='ocrx_word' id='word_1_677' title='bbox 3171 3987 3364 4042; x_wconf 90' lang='lat' dir='ltr'><strong>timent</strong></span> <span class='ocrx_word' id='word_1_678' title='bbox 3394 3985 3502 4040; x_wconf 84' lang='lat' dir='ltr'><strong>Do-</strong></span> 
     </span>
    </p>
   </div>
   <div class='ocr_carea' id='block_1_88' title="bbox 1937 4077 3504 4148">
    <p class='ocr_par' dir='ltr' id='par_1_88' title="bbox 1937 4077 3504 4148">
     <span class='ocr_line' id='line_1_88' title="bbox 1937 4077 3504 4148; baseline -0.004 -10"><span class='ocrx_word' id='word_1_679' title='bbox 1937 4083 2234 4138; x_wconf 77' lang='lat' dir='ltr'><strong>minum&quot;.</strong></span> <span class='ocrx_word' id='word_1_680' title='bbox 2287 4103 2306 4134; x_wconf 73' lang='grc' dir='ltr'><strong>ι</strong></span> <span class='ocrx_word' id='word_1_681' title='bbox 2347 4081 2578 4148; x_wconf 88' lang='lat' dir='ltr'><strong>Quinam</strong></span> <span class='ocrx_word' id='word_1_682' title='bbox 2627 4097 2758 4136; x_wconf 88' lang='lat' dir='ltr'><strong>vero</strong></span> <span class='ocrx_word' id='word_1_683' title='bbox 2789 4083 2900 4136; x_wconf 89' lang='lat' dir='ltr'><strong>sint</strong></span> <span class='ocrx_word' id='word_1_684' title='bbox 2953 4079 3072 4142; x_wconf 86' lang='lat' dir='ltr'><strong>illi,</strong></span> <span class='ocrx_word' id='word_1_685' title='bbox 3125 4079 3274 4134; x_wconf 86' lang='lat' dir='ltr'><strong>hisee</strong></span> <span class='ocrx_word' id='word_1_686' title='bbox 3327 4077 3504 4132; x_wconf 78' lang='lat' dir='ltr'><strong>verbis</strong></span> 
     </span>
    </p>
   </div>
   <div class='ocr_carea' id='block_1_89' title="bbox 1925 4167 3504 4241">
    <p class='ocr_par' dir='ltr' id='par_1_89' title="bbox 1925 4167 3504 4241">
     <span class='ocr_line' id='line_1_89' title="bbox 1925 4167 3504 4241; baseline -0.005 -13"><span class='ocrx_word' id='word_1_687' title='bbox 1925 4173 2185 4228; x_wconf 73' lang='lat' dir='ltr'><strong>educetur</strong></span> <span class='ocrx_word' id='word_1_688' title='bbox 2221 4189 2232 4224; x_wconf 96' lang='lat'>:</span> <span class='ocrx_word' id='word_1_689' title='bbox 2273 4193 2290 4224; x_wconf 75' lang='grc' dir='ltr'><strong>ι</strong></span> <span class='ocrx_word' id='word_1_690' title='bbox 2329 4172 2390 4224; x_wconf 80' lang='lat' dir='ltr'><strong>Et</strong></span> <span class='ocrx_word' id='word_1_691' title='bbox 2439 4173 2709 4226; x_wconf 86' lang='lat' dir='ltr'><strong>timebunt</strong></span> <span class='ocrx_word' id='word_1_692' title='bbox 2743 4173 2835 4241; x_wconf 88' lang='lat' dir='ltr'><strong>qui</strong></span> <span class='ocrx_word' id='word_1_693' title='bbox 2875 4170 3123 4224; x_wconf 86' lang='lat' dir='ltr'><strong>habitant</strong></span> <span class='ocrx_word' id='word_1_694' title='bbox 3173 4167 3436 4223; x_wconf 73' lang='lat' dir='ltr'><strong>terminos</strong></span> <span class='ocrx_word' id='word_1_695' title='bbox 3473 4181 3504 4220; x_wconf 75' lang='grc' dir='ltr'><strong>α</strong></span> 
     </span>
    </p>
   </div>
   <div class='ocr_carea' id='block_1_90' title="bbox 1927 4259 3506 4334">
    <p class='ocr_par' dir='ltr' id='par_1_90' title="bbox 1927 4259 3506 4334">
     <span class='ocr_line' id='line_1_90' title="bbox 1927 4259 3506 4334; baseline -0.004 -15"><span class='ocrx_word' id='word_1_696' title='bbox 1927 4263 2098 4334; x_wconf 78' lang='lat' dir='ltr'><strong>signis</strong></span> <span class='ocrx_word' id='word_1_697' title='bbox 2157 4265 2288 4319; x_wconf 87' lang='lat' dir='ltr'><strong>tuis.</strong></span> <span class='ocrx_word' id='word_1_698' title='bbox 2329 4283 2347 4315; x_wconf 76' lang='grc' dir='ltr'><strong>ι</strong></span> <span class='ocrx_word' id='word_1_699' title='bbox 2383 4263 2672 4319; x_wconf 86' lang='lat' dir='ltr'><strong>Terminos</strong></span> <span class='ocrx_word' id='word_1_700' title='bbox 2715 4271 2895 4318; x_wconf 83' lang='lat' dir='ltr'><strong>autem</strong></span> <span class='ocrx_word' id='word_1_701' title='bbox 2953 4261 3264 4316; x_wconf 86' lang='lat' dir='ltr'><strong>inhabitare</strong></span> <span class='ocrx_word' id='word_1_702' title='bbox 3309 4259 3506 4314; x_wconf 80' lang='lat' dir='ltr'><strong>dicun-</strong></span> 
     </span>
    </p>
   </div>
   <div class='ocr_carea' id='block_1_91' title="bbox 1927 4349 3506 4424">
    <p class='ocr_par' dir='ltr' id='par_1_91' title="bbox 1927 4349 3506 4424">
     <span class='ocr_line' id='line_1_91' title="bbox 1927 4349 3506 4424; baseline -0.003 -16"><span class='ocrx_word' id='word_1_703' title='bbox 1927 4361 2016 4408; x_wconf 87' lang='lat' dir='ltr'><strong>tur</strong></span> <span class='ocrx_word' id='word_1_704' title='bbox 2047 4371 2154 4408; x_wconf 88' lang='lat' dir='ltr'><strong>non</strong></span> <span class='ocrx_word' id='word_1_705' title='bbox 2195 4369 2420 4424; x_wconf 85' lang='lat' dir='ltr'><strong>prorsus</strong></span> <span class='ocrx_word' id='word_1_706' title='bbox 2445 4355 2478 4408; x_wconf 89' lang='lat' dir='ltr'><strong>ii</strong></span> <span class='ocrx_word' id='word_1_707' title='bbox 2511 4355 2604 4424; x_wconf 87' lang='lat' dir='ltr'><strong>qui</strong></span> <span class='ocrx_word' id='word_1_708' title='bbox 2632 4361 2876 4408; x_wconf 74' lang='lat' dir='ltr'><strong>extrema</strong></span> <span class='ocrx_word' id='word_1_709' title='bbox 2909 4361 3068 4408; x_wconf 70' lang='lat' dir='ltr'><strong>terra:</strong></span> <span class='ocrx_word' id='word_1_710' title='bbox 3095 4351 3375 4414; x_wconf 85' lang='lat' dir='ltr'><strong>incolunt,</strong></span> <span class='ocrx_word' id='word_1_711' title='bbox 3409 4349 3506 4404; x_wconf 82' lang='lat' dir='ltr'><strong>sed</strong></span> 
     </span>
    </p>
   </div>
   <div class='ocr_carea' id='block_1_92' title="bbox 245 4441 1830 4516">
    <p class='ocr_par' dir='ltr' id='par_1_92' title="bbox 245 4443 1826 4516">
     <span class='ocr_line' id='line_1_92' title="bbox 245 4443 1826 4516; baseline -0.005 -14"><span class='ocrx_word' id='word_1_712' title='bbox 245 4449 346 4502; x_wconf 62' lang='grc' dir='ltr'>πδιν</span> <span class='ocrx_word' id='word_1_713' title='bbox 375 4449 590 4516; x_wconf 82' lang='grc' dir='ltr'>γνόντες</span> <span class='ocrx_word' id='word_1_714' title='bbox 637 4448 732 4501; x_wconf 75' lang='grc' dir='ltr'>καὶ</span> <span class='ocrx_word' id='word_1_715' title='bbox 775 4445 1118 4516; x_wconf 69' lang='grc' dir='ltr'>φοϐούμενοι,</span> <span class='ocrx_word' id='word_1_716' title='bbox 1161 4443 1252 4496; x_wconf 77' lang='grc' dir='ltr'><strong>τοῦ</strong></span> <span class='ocrx_word' id='word_1_717' title='bbox 1301 4443 1598 4512; x_wconf 79' lang='grc' dir='ltr'>φάσκοντος</span> <span class='ocrx_word' id='word_1_718' title='bbox 1645 4459 1826 4514; x_wconf 82' lang='grc' dir='ltr'>μακα-</span> 
     </span>
    </p>
   </div>
   <div class='ocr_carea' id='block_1_93' title="bbox 1932 4441 3510 4516">
    <p class='ocr_par' dir='ltr' id='par_1_93' title="bbox 1932 4441 3510 4516">
     <span class='ocr_line' id='line_1_93' title="bbox 1932 4441 3510 4516; baseline -0.003 -16"><span class='ocrx_word' id='word_1_719' title='bbox 1932 4447 2022 4516; x_wconf 92' lang='lat' dir='ltr'><strong>qui</strong></span> <span class='ocrx_word' id='word_1_720' title='bbox 2067 4462 2176 4500; x_wconf 88' lang='lat' dir='ltr'><strong>una</strong></span> <span class='ocrx_word' id='word_1_721' title='bbox 2234 4461 2358 4500; x_wconf 81' lang='lat' dir='ltr'><strong>cuin</strong></span> <span class='ocrx_word' id='word_1_722' title='bbox 2421 4445 2592 4500; x_wconf 81' lang='lat' dir='ltr'><strong>Paulo</strong></span> <span class='ocrx_word' id='word_1_723' title='bbox 2639 4445 3144 4515; x_wconf 85' lang='lat' dir='ltr'><strong>dicere&#39;possunt:</strong></span> <span class='ocrx_word' id='word_1_724' title='bbox 3187 4461 3204 4494; x_wconf 83' lang='grc' dir='ltr'><strong>ι</strong></span> <span class='ocrx_word' id='word_1_725' title='bbox 3249 4441 3312 4496; x_wconf 83' lang='grc' dir='ltr'><strong>1η</strong></span> <span class='ocrx_word' id='word_1_726' title='bbox 3341 4455 3510 4496; x_wconf 83' lang='lat' dir='ltr'><strong>carne</strong></span> 
     </span>
    </p>
   </div>
   <div class='ocr_carea' id='block_1_94' title="bbox 249 4535 1830 4610">
    <p class='ocr_par' dir='ltr' id='par_1_94' title="bbox 249 4535 1830 4610">
     <span class='ocr_line' id='line_1_94' title="bbox 249 4535 1830 4610; baseline -0.001 -18"><span class='ocrx_word' id='word_1_727' title='bbox 249 4539 444 4610; x_wconf 76' lang='grc' dir='ltr'>ρισμοῦ</span> <span class='ocrx_word' id='word_1_728' title='bbox 477 4539 834 4609; x_wconf 86' lang='grc' dir='ltr'><strong>τυγχάνουσι⁸</strong></span> <span class='ocrx_word' id='word_1_729' title='bbox 873 4558 890 4590; x_wconf 84' lang='grc' dir='ltr'><strong>ι</strong></span> <span class='ocrx_word' id='word_1_730' title='bbox 927 4537 1200 4610; x_wconf 79' lang='grc' dir='ltr'>Μακάριοι</span> <span class='ocrx_word' id='word_1_731' title='bbox 1241 4537 1438 4600; x_wconf 85' lang='grc' dir='ltr'>πάντες</span> <span class='ocrx_word' id='word_1_732' title='bbox 1475 4537 1526 4590; x_wconf 82' lang='grc' dir='ltr'>οἱ</span> <span class='ocrx_word' id='word_1_733' title='bbox 1562 4535 1830 4608; x_wconf 82' lang='grc' dir='ltr'>φοϐούμε-</span> 
     </span>
    </p>
   </div>
   <div class='ocr_carea' id='block_1_95' title="bbox 1932 4535 3508 4610">
    <p class='ocr_par' dir='ltr' id='par_1_95' title="bbox 1932 4535 3508 4600">
     <span class='ocr_line' id='line_1_95' title="bbox 1932 4535 3508 4600; baseline -0.004 -10"><span class='ocrx_word' id='word_1_734' title='bbox 1932 4539 2190 4600; x_wconf 79' lang='lat' dir='ltr'><strong>vivent-es,</strong></span> <span class='ocrx_word' id='word_1_735' title='bbox 2213 4553 2320 4590; x_wconf 91' lang='lat' dir='ltr'><strong>non</strong></span> <span class='ocrx_word' id='word_1_736' title='bbox 2347 4537 2648 4594; x_wconf 89' lang='lat' dir='ltr'><strong>secundum</strong></span> <span class='ocrx_word' id='word_1_737' title='bbox 2682 4551 2905 4590; x_wconf 87' lang='lat' dir='ltr'><strong>carnem</strong></span> <span class='ocrx_word' id='word_1_738' title='bbox 2935 4536 3238 4589; x_wconf 88' lang='lat' dir='ltr'><strong>militamus</strong></span> <span class='ocrx_word' id='word_1_739' title='bbox 3261 4535 3328 4598; x_wconf 79' lang='lat'><strong>“,</strong></span> <span class='ocrx_word' id='word_1_740' title='bbox 3363 4553 3384 4585; x_wconf 72' lang='grc' dir='ltr'><strong>ι</strong></span> <span class='ocrx_word' id='word_1_741' title='bbox 3409 4541 3464 4586; x_wconf 91' lang='lat' dir='ltr'><strong>et</strong></span> <span class='ocrx_word' id='word_1_742' title='bbox 3487 4547 3508 4583; x_wconf 75' lang='grc' dir='ltr'><strong>ι</strong></span> 
     </span>
    </p>
   </div>
   <div class='ocr_carea' id='block_1_96' title="bbox 245 4623 1830 4700">
    <p class='ocr_par' dir='ltr' id='par_1_96' title="bbox 245 4623 1826 4700">
     <span class='ocr_line' id='line_1_96' title="bbox 245 4623 1826 4700; baseline -0.001 -18"><span class='ocrx_word' id='word_1_743' title='bbox 245 4648 328 4684; x_wconf 88' lang='grc' dir='ltr'><strong>νοι</strong></span> <span class='ocrx_word' id='word_1_744' title='bbox 355 4631 444 4682; x_wconf 78' lang='grc' dir='ltr'>τὸν</span> <span class='ocrx_word' id='word_1_745' title='bbox 471 4631 688 4700; x_wconf 82' lang='grc' dir='ltr'>Κύριον.</span> <span class='ocrx_word' id='word_1_746' title='bbox 731 4650 748 4680; x_wconf 75' lang='grc' dir='ltr'><strong>ι</strong></span> <span class='ocrx_word' id='word_1_747' title='bbox 781 4631 938 4692; x_wconf 84' lang='grc' dir='ltr'>Τίνες</span> <span class='ocrx_word' id='word_1_748' title='bbox 961 4629 1004 4683; x_wconf 79' lang='grc' dir='ltr'>δ’</span> <span class='ocrx_word' id='word_1_749' title='bbox 1039 4629 1105 4682; x_wconf 82' lang='grc' dir='ltr'>ἂν</span> <span class='ocrx_word' id='word_1_750' title='bbox 1137 4625 1242 4682; x_wconf 77' lang='grc' dir='ltr'>εἷεν</span> <span class='ocrx_word' id='word_1_751' title='bbox 1263 4623 1428 4692; x_wconf 71' lang='grc' dir='ltr'>οὗτοι,</span> <span class='ocrx_word' id='word_1_752' title='bbox 1453 4629 1514 4682; x_wconf 75' lang='grc' dir='ltr'>τὸ</span> <span class='ocrx_word' id='word_1_753' title='bbox 1547 4627 1720 4700; x_wconf 70' lang='grc' dir='ltr'>παρόν</span> <span class='ocrx_word' id='word_1_754' title='bbox 1741 4627 1826 4681; x_wconf 75' lang='grc' dir='ltr'>λόο</span> 
     </span>
    </p>
   </div>
   <div class='ocr_carea' id='block_1_97' title="bbox 1932 4623 3510 4700">
    <p class='ocr_par' dir='ltr' id='par_1_97' title="bbox 1933 4623 3510 4696">
     <span class='ocr_line' id='line_1_97' title="bbox 1933 4623 3510 4696; baseline -0.001 -16"><span class='ocrx_word' id='word_1_755' title='bbox 1933 4647 1950 4680; x_wconf 80' lang='grc' dir='ltr'><strong>ι</strong></span> <span class='ocrx_word' id='word_1_756' title='bbox 1989 4628 2122 4682; x_wconf 82' lang='lat' dir='ltr'><strong>Vivo</strong></span> <span class='ocrx_word' id='word_1_757' title='bbox 2151 4635 2334 4682; x_wconf 90' lang='lat' dir='ltr'><strong>autem</strong></span> <span class='ocrx_word' id='word_1_758' title='bbox 2367 4627 2484 4696; x_wconf 88' lang='lat' dir='ltr'><strong>jam</strong></span> <span class='ocrx_word' id='word_1_759' title='bbox 2515 4643 2620 4681; x_wconf 87' lang='lat' dir='ltr'><strong>non</strong></span> <span class='ocrx_word' id='word_1_760' title='bbox 2651 4641 2776 4696; x_wconf 82' lang='lat' dir='ltr'><strong>ego,</strong></span> <span class='ocrx_word' id='word_1_761' title='bbox 2811 4625 2942 4679; x_wconf 82' lang='lat' dir='ltr'><strong>vivit</strong></span> <span class='ocrx_word' id='word_1_762' title='bbox 2985 4641 3118 4680; x_wconf 82' lang='lat' dir='ltr'><strong>vero</strong></span> <span class='ocrx_word' id='word_1_763' title='bbox 3147 4625 3202 4678; x_wconf 86' lang='lat' dir='ltr'><strong>in</strong></span> <span class='ocrx_word' id='word_1_764' title='bbox 3237 4640 3322 4679; x_wconf 91' lang='lat' dir='ltr'><strong>me</strong></span> <span class='ocrx_word' id='word_1_765' title='bbox 3353 4623 3510 4678; x_wconf 78' lang='lat' dir='ltr'><strong>Chri-</strong></span> 
     </span>
    </p>
   </div>
   <div class='ocr_carea' id='block_1_98' title="bbox 245 4715 1830 4790">
    <p class='ocr_par' dir='ltr' id='par_1_98' title="bbox 245 4717 1830 4790">
     <span class='ocr_line' id='line_1_98' title="bbox 245 4717 1830 4790; baseline 0.001 -20"><span class='ocrx_word' id='word_1_766' title='bbox 245 4735 364 4786; x_wconf 81' lang='grc' dir='ltr'>γιον</span> <span class='ocrx_word' id='word_1_767' title='bbox 387 4719 626 4772; x_wconf 82' lang='grc' dir='ltr'>διδάσκει</span> <span class='ocrx_word' id='word_1_768' title='bbox 655 4718 892 4786; x_wconf 82' lang='grc' dir='ltr'>φάσκον·</span> <span class='ocrx_word' id='word_1_769' title='bbox 926 4738 944 4768; x_wconf 76' lang='grc' dir='ltr'><strong>ι</strong></span> <span class='ocrx_word' id='word_1_770' title='bbox 979 4719 1088 4772; x_wconf 71' lang='grc' dir='ltr'><strong>Καὶ</strong></span> <span class='ocrx_word' id='word_1_771' title='bbox 1127 4717 1522 4790; x_wconf 76' lang='grc' dir='ltr'>φοϐηθήσονται</span> <span class='ocrx_word' id='word_1_772' title='bbox 1559 4717 1610 4772; x_wconf 75' lang='grc' dir='ltr'><strong>οἱ</strong></span> <span class='ocrx_word' id='word_1_773' title='bbox 1649 4735 1830 4773; x_wconf 87' lang='grc' dir='ltr'>κατοι-</span> 
     </span>
    </p>
   </div>
   <div class='ocr_carea' id='block_1_99' title="bbox 1932 4715 3508 4790">
    <p class='ocr_par' dir='ltr' id='par_1_99' title="bbox 1932 4715 3508 4786">
     <span class='ocr_line' id='line_1_99' title="bbox 1932 4715 3508 4786; baseline -0.003 -12"><span class='ocrx_word' id='word_1_774' title='bbox 1932 4729 2016 4776; x_wconf 87' lang='lat' dir='ltr'><strong>tus</strong></span> <span class='ocrx_word' id='word_1_775' title='bbox 2033 4719 2100 4773; x_wconf 87' lang='grc'><strong>³³.</strong></span> <span class='ocrx_word' id='word_1_776' title='bbox 2135 4737 2153 4770; x_wconf 73' lang='grc' dir='ltr'><strong>ι</strong></span> <span class='ocrx_word' id='word_1_777' title='bbox 2191 4717 2252 4772; x_wconf 87' lang='lat' dir='ltr'><strong>lli</strong></span> <span class='ocrx_word' id='word_1_778' title='bbox 2285 4719 2432 4772; x_wconf 88' lang='lat' dir='ltr'><strong>enim</strong></span> <span class='ocrx_word' id='word_1_779' title='bbox 2491 4717 2750 4773; x_wconf 86' lang='lat' dir='ltr'><strong>humanis</strong></span> <span class='ocrx_word' id='word_1_780' title='bbox 2798 4733 2904 4772; x_wconf 84' lang='lat' dir='ltr'><strong>non</strong></span> <span class='ocrx_word' id='word_1_781' title='bbox 2965 4731 3086 4773; x_wconf 84' lang='lat' dir='ltr'><strong>sese</strong></span> <span class='ocrx_word' id='word_1_782' title='bbox 3141 4715 3374 4786; x_wconf 73' lang='lat' dir='ltr'><strong>negotiis</strong></span> <span class='ocrx_word' id='word_1_783' title='bbox 3405 4715 3508 4769; x_wconf 89' lang='lat' dir='ltr'><strong>im-</strong></span> 
     </span>
    </p>
   </div>
   <div class='ocr_carea' id='block_1_100' title="bbox 247 4807 1830 4882">
    <p class='ocr_par' dir='ltr' id='par_1_100' title="bbox 247 4807 1828 4880">
     <span class='ocr_line' id='line_1_100' title="bbox 247 4807 1828 4880; baseline 0.001 -20"><span class='ocrx_word' id='word_1_784' title='bbox 247 4809 470 4872; x_wconf 78' lang='grc' dir='ltr'>κοῦντες</span> <span class='ocrx_word' id='word_1_785' title='bbox 497 4809 566 4862; x_wconf 71' lang='grc' dir='ltr'><strong>τά</strong></span> <span class='ocrx_word' id='word_1_786' title='bbox 591 4809 802 4880; x_wconf 83' lang='grc' dir='ltr'>πέρατα</span> <span class='ocrx_word' id='word_1_787' title='bbox 829 4809 936 4861; x_wconf 73' lang='grc' dir='ltr'><strong>ἀπὸ</strong></span> <span class='ocrx_word' id='word_1_788' title='bbox 977 4809 1082 4860; x_wconf 80' lang='grc' dir='ltr'><strong>τῶν</strong></span> <span class='ocrx_word' id='word_1_789' title='bbox 1135 4807 1374 4878; x_wconf 78' lang='grc' dir='ltr'>σημείων</span> <span class='ocrx_word' id='word_1_790' title='bbox 1425 4825 1537 4862; x_wconf 89' lang='grc' dir='ltr'>σου.</span> <span class='ocrx_word' id='word_1_791' title='bbox 1575 4827 1592 4860; x_wconf 75' lang='grc' dir='ltr'><strong>ι</strong></span> <span class='ocrx_word' id='word_1_792' title='bbox 1629 4811 1828 4863; x_wconf 81' lang='grc' dir='ltr'>Κατοι-</span> 
     </span>
    </p>
   </div>
   <div class='ocr_carea' id='block_1_101' title="bbox 1932 4807 3508 4882">
    <p class='ocr_par' dir='ltr' id='par_1_101' title="bbox 1932 4807 3508 4882">
     <span class='ocr_line' id='line_1_101' title="bbox 1932 4807 3508 4882; baseline -0.003 -16"><span class='ocrx_word' id='word_1_793' title='bbox 1932 4817 2258 4882; x_wconf 76' lang='lat' dir='ltr'><strong>mergentes,</strong></span> <span class='ocrx_word' id='word_1_794' title='bbox 2290 4825 2469 4880; x_wconf 89' lang='lat' dir='ltr'><strong>neque</strong></span> <span class='ocrx_word' id='word_1_795' title='bbox 2507 4817 2690 4864; x_wconf 89' lang='lat' dir='ltr'><strong>tamen</strong></span> <span class='ocrx_word' id='word_1_796' title='bbox 2757 4809 2824 4864; x_wconf 90' lang='lat' dir='ltr'><strong>iis</strong></span> <span class='ocrx_word' id='word_1_797' title='bbox 2881 4823 3004 4864; x_wconf 87' lang='lat' dir='ltr'><strong>sese</strong></span> <span class='ocrx_word' id='word_1_798' title='bbox 3035 4823 3262 4880; x_wconf 88' lang='lat' dir='ltr'><strong>prorsus</strong></span> <span class='ocrx_word' id='word_1_799' title='bbox 3299 4807 3508 4862; x_wconf 90' lang='lat' dir='ltr'><strong>subdu-</strong></span> 
     </span>
    </p>
   </div>
   <div class='ocr_carea' id='block_1_102' title="bbox 247 4898 1830 4970">
    <p class='ocr_par' dir='ltr' id='par_1_102' title="bbox 247 4898 1830 4970">
     <span class='ocr_line' id='line_1_102' title="bbox 247 4898 1830 4970; baseline 0 -18"><span class='ocrx_word' id='word_1_800' title='bbox 247 4902 366 4952; x_wconf 83' lang='grc' dir='ltr'>κεῖν</span> <span class='ocrx_word' id='word_1_801' title='bbox 393 4899 448 4952; x_wconf 82' lang='grc' dir='ltr'>δὲ</span> <span class='ocrx_word' id='word_1_802' title='bbox 481 4899 726 4968; x_wconf 84' lang='grc' dir='ltr'>λέγονται</span> <span class='ocrx_word' id='word_1_803' title='bbox 773 4899 838 4952; x_wconf 76' lang='grc' dir='ltr'><strong>τὰ</strong></span> <span class='ocrx_word' id='word_1_804' title='bbox 885 4899 1096 4970; x_wconf 80' lang='grc' dir='ltr'>πέρατα</span> <span class='ocrx_word' id='word_1_805' title='bbox 1124 4899 1184 4951; x_wconf 74' lang='grc' dir='ltr'>οὗ</span> <span class='ocrx_word' id='word_1_806' title='bbox 1213 4899 1430 4962; x_wconf 82' lang='grc' dir='ltr'>πάντως</span> <span class='ocrx_word' id='word_1_807' title='bbox 1463 4901 1518 4954; x_wconf 81' lang='grc' dir='ltr'><strong>οἰ</strong></span> <span class='ocrx_word' id='word_1_808' title='bbox 1539 4898 1639 4962; x_wconf 78' lang='grc' dir='ltr'><strong>τὰς</strong></span> <span class='ocrx_word' id='word_1_809' title='bbox 1668 4901 1830 4969; x_wconf 79' lang='grc' dir='ltr'>ἐσχα-</span> 
     </span>
    </p>
   </div>
   <div class='ocr_carea' id='block_1_103' title="bbox 247 4989 1832 5062">
    <p class='ocr_par' dir='ltr' id='par_1_103' title="bbox 247 4989 1832 5062">
     <span class='ocr_line' id='line_1_103' title="bbox 247 4989 1832 5062; baseline 0 -18"><span class='ocrx_word' id='word_1_810' title='bbox 247 4991 370 5054; x_wconf 69' lang='grc' dir='ltr'>τιάς</span> <span class='ocrx_word' id='word_1_811' title='bbox 409 4991 508 5060; x_wconf 84' lang='grc' dir='ltr'>τῆς</span> <span class='ocrx_word' id='word_1_812' title='bbox 557 4993 661 5062; x_wconf 77' lang='grc' dir='ltr'>γῆς</span> <span class='ocrx_word' id='word_1_813' title='bbox 709 4991 1004 5056; x_wconf 77' lang='grc' dir='ltr'>οἰκοῦντες,</span> <span class='ocrx_word' id='word_1_814' title='bbox 1033 4991 1165 5045; x_wconf 73' lang='grc' dir='ltr'>,ἀλλ’</span> <span class='ocrx_word' id='word_1_815' title='bbox 1207 4993 1258 5046; x_wconf 82' lang='grc' dir='ltr'>οἱ</span> <span class='ocrx_word' id='word_1_816' title='bbox 1307 4989 1594 5062; x_wconf 86' lang='grc' dir='ltr'>δυνάμενοι</span> <span class='ocrx_word' id='word_1_817' title='bbox 1634 4991 1832 5062; x_wconf 78' lang='grc' dir='ltr'>ὁμοίως</span> 
     </span>
    </p>
   </div>
   <div class='ocr_carea' id='block_1_104' title="bbox 251 5083 1836 5155">
    <p class='ocr_par' dir='ltr' id='par_1_104' title="bbox 251 5083 1836 5155">
     <span class='ocr_line' id='line_1_104' title="bbox 251 5083 1836 5155; baseline 0 -17"><span class='ocrx_word' id='word_1_818' title='bbox 251 5083 450 5155; x_wconf 78' lang='grc' dir='ltr'>Παύλῳ</span> <span class='ocrx_word' id='word_1_819' title='bbox 499 5083 707 5152; x_wconf 85' lang='grc' dir='ltr'>λέγειν·</span> <span class='ocrx_word' id='word_1_820' title='bbox 747 5105 764 5134; x_wconf 74' lang='grc' dir='ltr'>ε</span> <span class='ocrx_word' id='word_1_821' title='bbox 819 5087 908 5138; x_wconf 83' lang='grc' dir='ltr'><strong>Ἑν</strong></span> <span class='ocrx_word' id='word_1_822' title='bbox 955 5087 1116 5154; x_wconf 82' lang='grc' dir='ltr'>σαρκῖ</span> <span class='ocrx_word' id='word_1_823' title='bbox 1163 5084 1271 5154; x_wconf 74' lang='grc' dir='ltr'><strong>γάρ</strong></span> <span class='ocrx_word' id='word_1_824' title='bbox 1323 5083 1544 5148; x_wconf 80' lang='grc' dir='ltr'>ζῶντες,</span> <span class='ocrx_word' id='word_1_825' title='bbox 1589 5085 1648 5137; x_wconf 81' lang='grc' dir='ltr'>οὐ</span> <span class='ocrx_word' id='word_1_826' title='bbox 1693 5083 1836 5138; x_wconf 76' lang='grc' dir='ltr'>κατὰ</span> 
     </span>
    </p>
   </div>
   <div class='ocr_carea' id='block_1_105' title="bbox 251 5177 1834 5250">
    <p class='ocr_par' dir='ltr' id='par_1_105' title="bbox 251 5177 1834 5250">
     <span class='ocr_line' id='line_1_105' title="bbox 251 5177 1834 5250; baseline -0.003 -18"><span class='ocrx_word' id='word_1_827' title='bbox 251 5179 432 5248; x_wconf 84' lang='grc' dir='ltr'>σάρκα</span> <span class='ocrx_word' id='word_1_828' title='bbox 487 5179 922 5250; x_wconf 80' lang='grc' dir='ltr'>στρατευόμεθα·</span> <span class='ocrx_word' id='word_1_829' title='bbox 963 5199 980 5230; x_wconf 70' lang='grc' dir='ltr'><strong>ι</strong></span> <span class='ocrx_word' id='word_1_830' title='bbox 1011 5179 1126 5232; x_wconf 76' lang='grc' dir='ltr'>καί·</span> <span class='ocrx_word' id='word_1_831' title='bbox 1170 5199 1186 5228; x_wconf 75' lang='grc' dir='ltr'><strong>ι</strong></span> <span class='ocrx_word' id='word_1_832' title='bbox 1235 5179 1319 5231; x_wconf 82' lang='grc' dir='ltr'><strong>Ζῶ</strong></span> <span class='ocrx_word' id='word_1_833' title='bbox 1363 5177 1420 5230; x_wconf 79' lang='grc' dir='ltr'>δὲ</span> <span class='ocrx_word' id='word_1_834' title='bbox 1465 5177 1650 5231; x_wconf 67' lang='grc' dir='ltr'>οὐκέτι</span> <span class='ocrx_word' id='word_1_835' title='bbox 1705 5177 1834 5244; x_wconf 68' lang='grc' dir='ltr'>ἐγὼ,</span> 
     </span>
    </p>
   </div>
   <div class='ocr_carea' id='block_1_106' title="bbox 251 5263 1840 5342">
    <p class='ocr_par' dir='ltr' id='par_1_106' title="bbox 251 5263 1840 5342">
     <span class='ocr_line' id='line_1_106' title="bbox 251 5263 1840 5342; baseline 0 -20"><span class='ocrx_word' id='word_1_836' title='bbox 251 5267 318 5340; x_wconf 76' lang='grc' dir='ltr'><strong>ζῇ</strong></span> <span class='ocrx_word' id='word_1_837' title='bbox 355 5269 412 5322; x_wconf 75' lang='grc' dir='ltr'>δὲ</span> <span class='ocrx_word' id='word_1_838' title='bbox 457 5273 514 5322; x_wconf 83' lang='grc' dir='ltr'>ἐν</span> <span class='ocrx_word' id='word_1_839' title='bbox 559 5269 681 5340; x_wconf 70' lang='grc' dir='ltr'>ἐμοὶ</span> <span class='ocrx_word' id='word_1_840' title='bbox 731 5271 980 5342; x_wconf 81' lang='grc' dir='ltr'>Χριστός.</span> <span class='ocrx_word' id='word_1_841' title='bbox 1025 5291 1042 5320; x_wconf 74' lang='grc' dir='ltr'><strong>ι</strong></span> <span class='ocrx_word' id='word_1_842' title='bbox 1081 5263 1238 5322; x_wconf 76' lang='grc' dir='ltr'>Οὗτοι</span> <span class='ocrx_word' id='word_1_843' title='bbox 1273 5269 1400 5340; x_wconf 77' lang='grc' dir='ltr'>γὰρ,</span> <span class='ocrx_word' id='word_1_844' title='bbox 1433 5267 1556 5322; x_wconf 73' lang='grc' dir='ltr'>οὔτε</span> <span class='ocrx_word' id='word_1_845' title='bbox 1597 5268 1840 5340; x_wconf 79' lang='grc' dir='ltr'>ἐμϐαθύ-</span> 
     </span>
    </p>
   </div>
   <div class='ocr_carea' id='block_1_107' title="bbox 255 5361 1842 5436">
    <p class='ocr_par' dir='ltr' id='par_1_107' title="bbox 255 5361 1842 5436">
     <span class='ocr_line' id='line_1_107' title="bbox 255 5361 1842 5436; baseline 0.001 -23"><span class='ocrx_word' id='word_1_846' title='bbox 255 5379 445 5424; x_wconf 83' lang='grc' dir='ltr'>ναντες</span> <span class='ocrx_word' id='word_1_847' title='bbox 471 5365 582 5422; x_wconf 84' lang='grc' dir='ltr'>τοῖς</span> <span class='ocrx_word' id='word_1_848' title='bbox 603 5361 963 5434; x_wconf 84' lang='grc' dir='ltr'>ἀνθρωπίνοις</span> <span class='ocrx_word' id='word_1_849' title='bbox 986 5361 1323 5432; x_wconf 81' lang='grc' dir='ltr'>πράγμασιν,</span> <span class='ocrx_word' id='word_1_850' title='bbox 1347 5361 1468 5414; x_wconf 77' lang='grc' dir='ltr'>οὔτε</span> <span class='ocrx_word' id='word_1_851' title='bbox 1493 5363 1665 5436; x_wconf 85' lang='grc' dir='ltr'>πάντη</span> <span class='ocrx_word' id='word_1_852' title='bbox 1685 5361 1842 5424; x_wconf 81' lang='grc' dir='ltr'>ὲκτὺς</span> 
     </span>
    </p>
   </div>
   <div class='ocr_carea' id='block_1_108' title="bbox 1929 4898 3508 4972">
    <p class='ocr_par' dir='ltr' id='par_1_108' title="bbox 1929 4898 3508 4972">
     <span class='ocr_line' id='line_1_108' title="bbox 1929 4898 3508 4972; baseline -0.003 -16"><span class='ocrx_word' id='word_1_853' title='bbox 1929 4911 2134 4968; x_wconf 80' lang='lat' dir='ltr'><strong>rentes,</strong></span> <span class='ocrx_word' id='word_1_854' title='bbox 2159 4901 2316 4972; x_wconf 90' lang='lat' dir='ltr'><strong>quasi</strong></span> <span class='ocrx_word' id='word_1_855' title='bbox 2377 4903 2432 4954; x_wconf 91' lang='lat' dir='ltr'><strong>in</strong></span> <span class='ocrx_word' id='word_1_856' title='bbox 2493 4901 2696 4955; x_wconf 83' lang='lat' dir='ltr'><strong>ﬁnibus</strong></span> <span class='ocrx_word' id='word_1_857' title='bbox 2739 4899 3072 4962; x_wconf 87' lang='lat' dir='ltr'><strong>consistunt,</strong></span> <span class='ocrx_word' id='word_1_858' title='bbox 3105 4907 3160 4954; x_wconf 88' lang='lat' dir='ltr'><strong>et</strong></span> <span class='ocrx_word' id='word_1_859' title='bbox 3207 4899 3354 4954; x_wconf 87' lang='lat' dir='ltr'><strong>circa</strong></span> <span class='ocrx_word' id='word_1_860' title='bbox 3383 4898 3508 4953; x_wconf 75' lang='lat' dir='ltr'><strong>vita:</strong></span> 
     </span>
    </p>
   </div>
   <div class='ocr_carea' id='block_1_109' title="bbox 1933 4991 3506 5058">
    <p class='ocr_par' dir='ltr' id='par_1_109' title="bbox 1933 4991 3506 5058">
     <span class='ocr_line' id='line_1_109' title="bbox 1933 4991 3506 5058; baseline -0.003 -9"><span class='ocrx_word' id='word_1_861' title='bbox 1933 4997 2181 5050; x_wconf 72' lang='lat' dir='ltr'><strong>humana:</strong></span> <span class='ocrx_word' id='word_1_862' title='bbox 2211 4993 2478 5050; x_wconf 90' lang='lat' dir='ltr'><strong>terminos</strong></span> <span class='ocrx_word' id='word_1_863' title='bbox 2515 5005 2822 5048; x_wconf 85' lang='lat' dir='ltr'><strong>versantur.</strong></span> <span class='ocrx_word' id='word_1_864' title='bbox 2847 4991 2950 5058; x_wconf 91' lang='lat' dir='ltr'><strong>Qui</strong></span> <span class='ocrx_word' id='word_1_865' title='bbox 2979 5007 3112 5046; x_wconf 88' lang='lat' dir='ltr'><strong>sane</strong></span> <span class='ocrx_word' id='word_1_866' title='bbox 3143 4992 3314 5046; x_wconf 89' lang='lat' dir='ltr'><strong>multo</strong></span> <span class='ocrx_word' id='word_1_867' title='bbox 3340 5006 3506 5047; x_wconf 85' lang='lat' dir='ltr'><strong>sensu</strong></span> 
     </span>
    </p>
   </div>
   <div class='ocr_carea' id='block_1_110' title="bbox 1935 5081 3508 5156">
    <p class='ocr_par' dir='ltr' id='par_1_110' title="bbox 1935 5081 3508 5156">
     <span class='ocr_line' id='line_1_110' title="bbox 1935 5081 3508 5156; baseline -0.001 -18"><span class='ocrx_word' id='word_1_868' title='bbox 1935 5085 2167 5156; x_wconf 65' lang='lat' dir='ltr'><strong>praaditi,</strong></span> <span class='ocrx_word' id='word_1_869' title='bbox 2225 5083 2542 5154; x_wconf 88' lang='lat' dir='ltr'><strong>conspectis</strong></span> <span class='ocrx_word' id='word_1_870' title='bbox 2605 5081 2912 5139; x_wconf 84' lang='lat' dir='ltr'><strong>Servatoris</strong></span> <span class='ocrx_word' id='word_1_871' title='bbox 2961 5084 3134 5138; x_wconf 89' lang='lat' dir='ltr'><strong>nostri</strong></span> <span class='ocrx_word' id='word_1_872' title='bbox 3197 5083 3392 5154; x_wconf 77' lang='lat' dir='ltr'><strong>signis,</strong></span> <span class='ocrx_word' id='word_1_873' title='bbox 3439 5081 3508 5136; x_wconf 89' lang='lat' dir='ltr'><strong>ad</strong></span> 
     </span>
    </p>
   </div>
   <div class='ocr_carea' id='block_1_111' title="bbox 1937 5173 3504 5248">
    <p class='ocr_par' dir='ltr' id='par_1_111' title="bbox 1937 5173 3504 5248">
     <span class='ocr_line' id='line_1_111' title="bbox 1937 5173 3504 5248; baseline -0.001 -19"><span class='ocrx_word' id='word_1_874' title='bbox 1937 5177 2264 5248; x_wconf 86' lang='lat' dir='ltr'><strong>principium</strong></span> <span class='ocrx_word' id='word_1_875' title='bbox 2340 5175 2646 5246; x_wconf 62' lang='lat' dir='ltr'><strong>sapientiae,</strong></span> <span class='ocrx_word' id='word_1_876' title='bbox 2689 5175 2937 5230; x_wconf 87' lang='lat' dir='ltr'><strong>timorem</strong></span> <span class='ocrx_word' id='word_1_877' title='bbox 2993 5173 3084 5228; x_wconf 85' lang='lat' dir='ltr'><strong>Dei</strong></span> <span class='ocrx_word' id='word_1_878' title='bbox 3141 5183 3504 5234; x_wconf 80' lang='lat' dir='ltr'><strong>assumentes,</strong></span> 
     </span>
    </p>
   </div>
   <div class='ocr_carea' id='block_1_112' title="bbox 1937 5265 3506 5338">
    <p class='ocr_par' dir='ltr' id='par_1_112' title="bbox 1937 5265 3506 5338">
     <span class='ocr_line' id='line_1_112' title="bbox 1937 5265 3506 5338; baseline -0.003 -16"><span class='ocrx_word' id='word_1_879' title='bbox 1937 5269 2294 5326; x_wconf 88' lang='lat' dir='ltr'><strong>devenerunt.</strong></span> <span class='ocrx_word' id='word_1_880' title='bbox 2327 5269 2464 5336; x_wconf 89' lang='lat' dir='ltr'><strong>Quis</strong></span> <span class='ocrx_word' id='word_1_881' title='bbox 2511 5285 2640 5326; x_wconf 85' lang='lat' dir='ltr'><strong>vero</strong></span> <span class='ocrx_word' id='word_1_882' title='bbox 2669 5284 2884 5332; x_wconf 89' lang='lat' dir='ltr'><strong>eorum,</strong></span> <span class='ocrx_word' id='word_1_883' title='bbox 2915 5269 3008 5338; x_wconf 89' lang='lat' dir='ltr'><strong>qui</strong></span> <span class='ocrx_word' id='word_1_884' title='bbox 3043 5267 3210 5323; x_wconf 88' lang='lat' dir='ltr'><strong>variis</strong></span> <span class='ocrx_word' id='word_1_885' title='bbox 3243 5265 3506 5336; x_wconf 78' lang='lat' dir='ltr'><strong>tempori-</strong></span> 
     </span>
    </p>
   </div>
   <div class='ocr_carea' id='block_1_113' title="bbox 1941 5355 3506 5432">
    <p class='ocr_par' dir='ltr' id='par_1_113' title="bbox 1941 5355 3506 5432">
     <span class='ocr_line' id='line_1_113' title="bbox 1941 5355 3506 5432; baseline -0.004 -16"><span class='ocrx_word' id='word_1_886' title='bbox 1941 5363 2042 5418; x_wconf 86' lang='lat' dir='ltr'><strong>Ims</strong></span> <span class='ocrx_word' id='word_1_887' title='bbox 2075 5363 2364 5432; x_wconf 88' lang='lat' dir='ltr'><strong>imperium</strong></span> <span class='ocrx_word' id='word_1_888' title='bbox 2411 5369 2658 5422; x_wconf 86' lang='lat' dir='ltr'><strong>tenuere.</strong></span> <span class='ocrx_word' id='word_1_889' title='bbox 2683 5361 3074 5416; x_wconf 83' lang='lat' dir='ltr'><strong>sublimitatem</strong></span> <span class='ocrx_word' id='word_1_890' title='bbox 3101 5367 3154 5412; x_wconf 89' lang='lat' dir='ltr'><strong>et</strong></span> <span class='ocrx_word' id='word_1_891' title='bbox 3185 5358 3424 5414; x_wconf 77' lang='lat' dir='ltr'><strong>insultas</strong></span> <span class='ocrx_word' id='word_1_892' title='bbox 3451 5355 3506 5410; x_wconf 85' lang='lat' dir='ltr'><strong>in</strong></span> 
     </span>
    </p>
   </div>
   <div class='ocr_carea' id='block_1_114' title="bbox 255 5445 1830 5528">
    <p class='ocr_par' dir='ltr' id='par_1_114' title="bbox 255 5453 1830 5528">
     <span class='ocr_line' id='line_1_114' title="bbox 255 5453 1830 5528; baseline 0.002 -22"><span class='ocrx_word' id='word_1_893' title='bbox 255 5453 410 5516; x_wconf 72' lang='grc' dir='ltr'>ὄντες</span> <span class='ocrx_word' id='word_1_894' title='bbox 447 5455 646 5516; x_wconf 81' lang='grc' dir='ltr'>αὐτῶν,</span> <span class='ocrx_word' id='word_1_895' title='bbox 671 5455 860 5526; x_wconf 80' lang='grc' dir='ltr'>ὥσπερ</span> <span class='ocrx_word' id='word_1_896' title='bbox 887 5457 945 5508; x_wconf 83' lang='grc' dir='ltr'>ἐν</span> <span class='ocrx_word' id='word_1_897' title='bbox 987 5455 1222 5528; x_wconf 65' lang='grc' dir='ltr'>μεθορίῳ</span> <span class='ocrx_word' id='word_1_898' title='bbox 1258 5455 1678 5526; x_wconf 78' lang='grc' dir='ltr'>καθεστήκασιν,</span> <span class='ocrx_word' id='word_1_899' title='bbox 1701 5455 1830 5526; x_wconf 54' lang='lat' dir='ltr'><strong>dixti</strong></span> 
     </span>
    </p>
   </div>
   <div class='ocr_carea' id='block_1_115' title="bbox 1932 5445 3506 5528">
    <p class='ocr_par' dir='ltr' id='par_1_115' title="bbox 1945 5445 3506 5524">
     <span class='ocr_line' id='line_1_115' title="bbox 1945 5445 3506 5524; baseline -0.003 -20"><span class='ocrx_word' id='word_1_900' title='bbox 1945 5451 2242 5508; x_wconf 70' lang='lat' dir='ltr'><strong>Ecclesium</strong></span> <span class='ocrx_word' id='word_1_901' title='bbox 2287 5451 2380 5506; x_wconf 89' lang='lat' dir='ltr'><strong>Dei</strong></span> <span class='ocrx_word' id='word_1_902' title='bbox 2415 5447 2790 5524; x_wconf 57' lang='lat' dir='ltr'><strong>conspicatus}</strong></span> <span class='ocrx_word' id='word_1_903' title='bbox 2822 5451 2946 5520; x_wconf 87' lang='lat' dir='ltr'><strong>quis</strong></span> <span class='ocrx_word' id='word_1_904' title='bbox 2995 5449 3284 5518; x_wconf 85' lang='lat' dir='ltr'><strong>impiorum</strong></span> <span class='ocrx_word' id='word_1_905' title='bbox 3333 5445 3506 5500; x_wconf 65' lang='lat' dir='ltr'><strong>homiv</strong></span> 
     </span>
    </p>
   </div>
   <div class='ocr_carea' id='block_1_116' title="bbox 257 5533 1830 5616">
    <p class='ocr_par' dir='ltr' id='par_1_116' title="bbox 257 5533 1830 5616">
     <span class='ocr_line' id='line_1_116' title="bbox 257 5533 1830 5616; baseline -0.001 -21"><span class='ocrx_word' id='word_1_906' title='bbox 257 5543 326 5596; x_wconf 69' lang='grc' dir='ltr'><strong>τά</strong></span> <span class='ocrx_word' id='word_1_907' title='bbox 379 5545 592 5614; x_wconf 80' lang='grc' dir='ltr'>πέρατα</span> <span class='ocrx_word' id='word_1_908' title='bbox 625 5543 722 5614; x_wconf 75' lang='grc' dir='ltr'>τῆς</span> <span class='ocrx_word' id='word_1_909' title='bbox 763 5543 1107 5616; x_wconf 67' lang='grc' dir='ltr'>ἀνθρωπίνης</span> <span class='ocrx_word' id='word_1_910' title='bbox 1139 5543 1280 5614; x_wconf 73' lang='grc' dir='ltr'>ζωῆς</span> <span class='ocrx_word' id='word_1_911' title='bbox 1323 5533 1740 5614; x_wconf 79' lang='grc' dir='ltr'>πολιτευόμενοι.</span> <span class='ocrx_word' id='word_1_912' title='bbox 1781 5545 1830 5596; x_wconf 56' lang='lat'><strong>01</strong></span> 
     </span>
    </p>
   </div>
   <div class='ocr_carea' id='block_1_117' title="bbox 1932 5533 3506 5616">
    <p class='ocr_par' dir='ltr' id='par_1_117' title="bbox 1943 5536 3506 5614">
     <span class='ocr_line' id='line_1_117' title="bbox 1943 5536 3506 5614; baseline -0.004 -18"><span class='ocrx_word' id='word_1_913' title='bbox 1943 5561 2070 5598; x_wconf 88' lang='lat' dir='ltr'><strong>num</strong></span> <span class='ocrx_word' id='word_1_914' title='bbox 2131 5543 2540 5614; x_wconf 84' lang='lat' dir='ltr'><strong>persecutiones</strong></span> <span class='ocrx_word' id='word_1_915' title='bbox 2583 5555 2632 5598; x_wconf 85' lang='lat' dir='ltr'><strong>et</strong></span> <span class='ocrx_word' id='word_1_916' title='bbox 2687 5543 2865 5596; x_wconf 85' lang='lat' dir='ltr'><strong>minas</strong></span> <span class='ocrx_word' id='word_1_917' title='bbox 2919 5541 3172 5604; x_wconf 86' lang='lat' dir='ltr'><strong>intuitus,</strong></span> <span class='ocrx_word' id='word_1_918' title='bbox 3203 5553 3310 5594; x_wconf 85' lang='lat' dir='ltr'><strong>non</strong></span> <span class='ocrx_word' id='word_1_919' title='bbox 3363 5536 3506 5592; x_wconf 80' lang='lat' dir='ltr'><strong>dicat</strong></span> 
     </span>
    </p>
   </div>
   <div class='ocr_carea' id='block_1_118' title="bbox 329 5713 3392 5786">
    <p class='ocr_par' dir='ltr' id='par_1_118' title="bbox 329 5713 3392 5786">
     <span class='ocr_line' id='line_1_118' title="bbox 329 5713 3392 5786; baseline -0.001 -14"><span class='ocrx_word' id='word_1_920' title='bbox 329 5717 376 5748; x_wconf 78' lang='grc'><strong>’³</strong></span> <span class='ocrx_word' id='word_1_921' title='bbox 409 5715 510 5774; x_wconf 74' lang='lat' dir='ltr'><strong>lsa.</strong></span> <span class='ocrx_word' id='word_1_922' title='bbox 549 5737 720 5784; x_wconf 72' lang='lat' dir='ltr'><strong>xxrn,</strong></span> <span class='ocrx_word' id='word_1_923' title='bbox 767 5719 810 5776; x_wconf 92' lang='grc'><strong>1.</strong></span> <span class='ocrx_word' id='word_1_924' title='bbox 891 5721 934 5754; x_wconf 72' lang='grc'><strong>’⁵³</strong></span> <span class='ocrx_word' id='word_1_925' title='bbox 969 5719 1108 5775; x_wconf 74' lang='lat' dir='ltr'><strong>Psal.</strong></span> <span class='ocrx_word' id='word_1_926' title='bbox 1145 5735 1262 5786; x_wconf 83' lang='lat' dir='ltr'><strong>cm,</strong></span> <span class='ocrx_word' id='word_1_927' title='bbox 1293 5717 1382 5774; x_wconf 75' lang='lat'><strong>&#39;25.</strong></span> <span class='ocrx_word' id='word_1_928' title='bbox 1469 5721 1510 5752; x_wconf 67' lang='lat'><strong>3°</strong></span> <span class='ocrx_word' id='word_1_929' title='bbox 1541 5717 1787 5776; x_wconf 75' lang='grc' dir='ltr'><strong>11)ἰι1.Ξϐ.</strong></span> <span class='ocrx_word' id='word_1_930' title='bbox 1867 5721 1908 5752; x_wconf 73' lang='grc'><strong><em>⁵⁸</em></strong></span> <span class='ocrx_word' id='word_1_931' title='bbox 1937 5719 2082 5778; x_wconf 83' lang='lat' dir='ltr'><strong>I‘saI.</strong></span> <span class='ocrx_word' id='word_1_932' title='bbox 2115 5737 2317 5784; x_wconf 73' lang='lat' dir='ltr'><strong>cum,</strong></span> <span class='ocrx_word' id='word_1_933' title='bbox 2357 5721 2404 5775; x_wconf 89' lang='lat' dir='ltr'><strong>l.</strong></span> <span class='ocrx_word' id='word_1_934' title='bbox 2485 5719 2528 5750; x_wconf 85' lang='lat'>&quot;</span> <span class='ocrx_word' id='word_1_935' title='bbox 2561 5715 2604 5774; x_wconf 90' lang='grc'><strong>11</strong></span> <span class='ocrx_word' id='word_1_936' title='bbox 2631 5719 2760 5774; x_wconf 75' lang='lat' dir='ltr'><strong>(lor.</strong></span> <span class='ocrx_word' id='word_1_937' title='bbox 2787 5733 2842 5784; x_wconf 70' lang='grc' dir='ltr'>κ,</span> <span class='ocrx_word' id='word_1_938' title='bbox 2883 5717 2938 5774; x_wconf 78' lang='grc'><strong>5.</strong></span> <span class='ocrx_word' id='word_1_939' title='bbox 3018 5715 3060 5748; x_wconf 84' lang='grc'>³³</span> <span class='ocrx_word' id='word_1_940' title='bbox 3083 5713 3202 5770; x_wconf 85' lang='lat' dir='ltr'><strong>Gal.</strong></span> <span class='ocrx_word' id='word_1_941' title='bbox 3233 5731 3293 5778; x_wconf 85' lang='grc' dir='ltr'><strong>ιι,</strong></span> <span class='ocrx_word' id='word_1_942' title='bbox 3317 5713 3392 5776; x_wconf 77' lang='lat'><strong>‘20</strong></span> 
     </span>
    </p>
   </div>
  </div>
