4086 6442
617 347 725 404 639

1344 343 1615 400 EUSEBll
1653 338 2143 398 CAESARIENSIS
2179 341 2330 398 OPP.
2368 341 2548 397 PARS
2586 340 2674 398 Ill.
2715 372 2786 382 —
2822 337 3236 394 EXEGETlC-A.

3795 337 3876 390 οιο

623 474 842 519 montes
882 461 1176 523 exaltatos.
1209 474 1362 516 mare
1412 474 1748 515 concussum
1799 457 1994 522 fuisse,
2021 467 2076 514 et
2117 473 2196 516 80-

2311 459 2397 532 δὴ,
2449 458 2655 530 πολλῆς
2694 457 2998 528 αίσθήσεως
3034 455 3415 526 μετασχόντες,
3457 451 3532 505 τὰ
3579 453 3772 520 σημεῖα
3804 453 3878 507 τοῦ

623 568 757 609 num
795 552 1060 607 ﬂuctuum
1091 566 1215 606 esse
1264 551 1556 620 impiorum
1615 559 1670 605 et
1720 551 2010 606 atheorum
2065 550 2219 606 blas-

621 645 818 715 pliema
852 641 1192 708 dieta?Quaa
1221 656 1354 696 sane
1385 643 1572 695 omnia
1616 642 1709 696 ille
1763 642 2011 696 omnium
2053 648 2217 698 terrae

614 737 986 789 terminorum
1023 730 1306 797 Servatur,
1331 732 1417 786 vel
1466 733 1586 787 solo
1630 742 1763 786 nutu
1800 733 1855 787 in
1883 733 2087 788 virtute
2114 747 2215 788 sua

614 827 929 893 deprimere
959 825 1284 891 consuevit;
1313 825 1386 878 ita
1417 832 1477 879 ut
1520 825 1612 894 qui
1671 825 1886 880 ruinam
1939 835 1991 880 et
2040 825 2221 894 perni-

615 912 761 987 ciem
793 927 982 966 eorum
1032 911 1387 981 conspiciunt
1430 912 1758 979 turbentur;
1796 913 1889 966 alii
1924 927 2056 967 vero
2087 912 2218 968 hinc

621 1004 916 1058 utilitatem
972 1005 1390 1068 nanciscantur,
1454 1003 1660 1074 Deique
1708 1004 1963 1058 timorem
2048 1019 2198 1059 assu-

616 1103 792 1157 mant,
829 1096 1120 1165 impiorum
1168 1096 1465 1165 perniciem
1522 1095 1721 1150 divinae
1772 1095 2076 1152 Salvatoris
2110 1110 2206 1166 po-

617 1187 836 1240 testatis
867 1188 1023 1257 signa
1048 1174 1341 1257 perspicua
1368 1202 1492 1242 esse
1521 1188 1869 1242 conﬁtentes.

2313 544 2565 616 Σωτῆρος
2630 543 2789 614 ἡμῶν
2835 542 3182 611 θεασάμενοι,
3243 543 3293 592 ot
3346 541 3404 593 έν
3461 540 3615 610 ἀρχῇ
3662 540 3880 606 γεγόνασι

2315 635 2528 706 σοφίας,
2558 634 2650 688 τὸν
2682 633 2846 702 φόϐον
2875 631 2970 695 τοῦ
3010 630 3147 685 Θεοῦ
3201 629 3590 702 ἀνειληφότες.
3634 628 3727 692 Τίς
3754 629 3803 683 δὲ
3830 631 3885 685 τὰ

2315 724 2582 794 ὀψώματα
2607 722 2716 774 τῶν
2748 720 2888 784 κατὰ
2913 721 3142 792 χρόνους
3172 719 3454 790 ἀρχόντων
3498 718 3602 771 καὶ
3643 716 3739 780 τὰς
3771 723 3885 773 κατὰ

2319 816 2407 886 ..ἧς
2446 811 2770 882 Ἐκκλησίας
2826 810 2922 864 τοῦ
2975 809 3112 863 Θεοῦ
3170 810 3585 872 ἐπαναστάσεις
3608 849 3624 874 ,
3685 807 3801 873 τούς
3840 827 3886 866 τε

2309 906 2584 976 διωγμοὺς
2613 904 2707 958 καὶ
2738 902 2837 966 τὰς
2863 900 3091 965 ἀπειλὰς
3113 901 3223 954 τῶν
3250 900 3468 955 ἀσεϐῶν
3491 900 3714 970 ἀνδρῶν
3734 901 3887 955 τεθεα-

2316 997 2494 1070 μένος,
2527 997 2628 1049 ούκ
2649 993 2716 1049 ἂν
2739 994 2882 1047 είποι
2906 993 3009 1064 ὅρη
3034 987 3174 1046 εῖναι
3197 990 3482 1062 ὑψούμενα
3507 989 3612 1044 καὶ
3645 989 3887 1045 θάλασσαν

2310 1085 2530 1156 ἀληθῶς
2557 1083 2948 1154 κυμαίνουσαν,
2973 1078 3107 1153 ἦχόν
3143 1098 3202 1135 τε
3234 1080 3505 1152 κυμάτων
3527 1080 3635 1143 τὰς
3664 1080 3767 1132 τῶν
3787 1082 3890 1133 ἀσε-

2311 1176 2421 1230 ϐῶν
2467 1176 2561 1229 καὶ
2585 1161 2780 1228 ’ἀθέων
2829 1171 3212 1244 βλασφημίας;
3267 1173 3337 1226 ’Δ
3393 1171 3465 1243 δὴ
3517 1171 3708 1224 πάντα
3751 1171 3804 1223 ὲν
3836 1175 3887 1242 τῇ

617 1279 767 1350 ἰσχύϊ
834 1280 999 1334 αὑτοῦ
1027 1283 1057 1334 ό
1088 1283 1279 1355 Σωτὴρ
1316 1282 1533 1335 πάντων
1564 1281 1674 1335 τῶν
1719 1281 1970 1352 περάτων
2011 1281 2110 1351 τῆς
2141 1278 2244 1348 γῆς
2285 1274 2382 1346 μιᾷ
2429 1273 2566 1342 ῥοπῇ
2607 1267 2895 1323 ταπεινοῦν
2943 1267 3167 1322 εἴωθεν·
3211 1267 3287 1331 ὡς
3331 1268 3464 1331 τοὺς
3532 1267 3778 1338 ὁρῶντας
3811 1269 3889 1337 τὴν

615 1372 824 1426 πτῶσιν
852 1373 1028 1427 αὐτῶν
1063 1375 1154 1428 καλ⁸
1196 1376 1295 1446 τὴν
1342 1375 1617 1429 ἀπώλειαν
1652 1375 2048 1445 ταράττεσθαι·
2080 1375 2207 1436 τοὺς
2243 1370 2299 1424 δὲ
2331 1363 2660 1436 ὠφελεῖσθαι
2700 1365 2794 1418 καὶ
2825 1361 2988 1432 φόϐον
3019 1361 3422 1434 ἀναλαμϐάνειν
3486 1359 3660 1428 Θεοῦ,
3721 1364 3893 1432 σημεῖα

598 1459 823 1538 ’ἐναργῆ
849 1469 949 1540 τῆς
985 1469 1077 1522 τοῦ
1116 1470 1368 1542 Σωτῆρος
1409 1469 1592 1524 ένθέου
1629 1469 1915 1540 δυνάμεως
1958 1470 2058 1542 τὴν
2097 1467 2208 1522 τῶν
2244 1461 2457 1522 ἀσεϐῶν
2482 1457 2798 1530 καθαίρεσιν
2829 1453 2967 1512 εἶναι
2994 1456 3402 1528 ὁμολογοῦντας.

693 1580 858 1637 Vsus.
899 1584 984 1648 10,
1009 1584 1095 1637 il.
1139 1603 1160 1635 ι
1198 1583 1389 1641 Exitus
1423 1583 1677 1639 matutini
1704 1591 1758 1638 et
1780 1599 2022 1654 vesperae
2055 1582 2203 1638 dele-

611 1676 910 1730 ctationes.
935 1672 1183 1731 Visitasti
1212 1685 1414 1732 terram
1437 1687 1490 1732 et
1511 1676 1792 1732 inebriasti
1817 1693 1960 1732 eam.
1992 1694 2012 1727 ι
2034 1675 2114 1730 Ad
2139 1690 2202 1730 ea

611 1781 738 1836 quae
767 1767 919 1835 prius
949 1775 1268 1823 enumerata
1320 1775 1473 1833 sunt,
1510 1769 1614 1822 alia
1665 1769 1791 1824 item
1827 1771 1980 1838 signa
2029 1767 2204 1820 virtu-
2239 1795 2281 1850 Β

617 1857 690 1912 tis
721 1855 1030 1912 Servatoris
1055 1859 1301 1913 declarat
1335 1860 1421 1914 bis
1454 1861 1638 1915 verbis
1675 1879 1692 1914 :
1729 1880 1747 1912 ι
1787 1859 1981 1914 Exitus
2025 1865 2204 1912 matu-

616 1946 718 2002 tini
775 1955 829 2001 et
858 1962 1101 2017 vesperae
1156 1948 1569 2005 delectationes.
1607 1970 1624 2002 ι
1656 1949 1764 2004 Pro
1801 1967 1912 2022 quo
1953 1949 2204 2022 Symma-

612 2037 758 2106 chus
790 2055 802 2092 :
843 2057 861 2089 ι
894 2037 1228 2110 Progressus
1276 2037 1507 2094 dilucull
1530 2048 1585 2095 et
1637 2041 1824 2112 hymni
1885 2056 2148 2112 vesperae.
2176 2058 2194 2092 ι

616 2124 796 2182 Unum
835 2129 1036 2198 quippe
1083 2128 1187 2183 hoc
1240 2131 1652 2196 maximumque
1692 2134 1907 2202 signum
1937 2141 2022 2187 est
2051 2132 2202 2186 salu-

613 2219 753 2272 taris
781 2219 1024 2286 virtutis,
1053 2221 1200 2290 quod
1242 2231 1534 2292 postquam
1581 2237 1750 2292 supra
1797 2222 1945 2276 dicta
1977 2220 2202 2296 depres-

615 2319 785 2372 serat,
813 2311 995 2366 exitus
1020 2312 1278 2366 matutini
1309 2320 1363 2368 et
1395 2312 1794 2371 delectationes
1839 2329 2082 2385 vespera
2103 2315 2202 2370 ho-

613 2395 857 2450 minibus
887 2398 1268 2467 constituerit;
1301 2403 1436 2464 sive,
1457 2402 1763 2458 secundum
1784 2400 2200 2474 Symmachum,

619 2504 639 2538 ι
680 2486 937 2557 hymnos,
995 2507 1014 2540 ι
1055 2497 1174 2553 aut,
1229 2492 1533 2547 secundum
1567 2493 1842 2565 Aquilam,
1872 2515 1894 2546 ι
1928 2495 2142 2552 laudes.
2175 2514 2194 2548 ι

611 2575 748 2630 Nam
781 2577 927 2648 quod
959 2596 1056 2650 per
1099 2580 1423 2637 universum
1471 2584 1662 2640 orbem
1707 2586 1762 2638 in
1817 2586 2069 2642 ecclesiis
2103 2585 2199 2641 Dei

612 2669 670 2722 in
729 2671 1000 2725 matutino
1069 2672 1204 2728 solis
1274 2675 1448 2740 exitu,
1504 2683 1558 2730 et
1624 2679 1952 2747 vespertinis
2020 2678 2196 2743 boris,

613 2760 822 2831 hymni,
875 2763 1066 2820 laudes
1116 2773 1171 2819 et
1233 2765 1434 2822 divinae
1485 2783 1614 2824 vere
1641 2769 2036 2826 delectationes
2089 2769 2198 2826 Dee

613 2851 1044 2920 constituantur,
1081 2853 1134 2908 id
1168 2871 1302 2911 sane
1349 2855 1443 2913 Dei
1486 2860 1708 2916 virtutis
1754 2876 1865 2916 non
1921 2863 2195 2916 modicum

613 2941 829 3011 signum
889 2951 996 3000 est.
1031 2944 1125 3000 Dei
1177 2963 1312 3003 vero
1360 2949 1761 3010 delectationes
1823 2963 1953 3008 sunt
2008 2953 2194 3026 bymni

613 3032 817 3102 ubique
844 3039 1115 3089 terrarum
1147 3036 1203 3092 in
1239 3036 1486 3095 Ecclesia
1519 3042 1643 3112 ejus
1678 3044 1967 3101 matutinis
2015 3057 2068 3102 et
2105 3063 2214 3106 ve-.

2386 1597 2404 1630 ι
2452 1575 2695 1641 Ἐξόδους
2717 1573 2930 1646 πρωτας
2958 1572 3048 1626 καὶ
3072 1569 3307 1641 ἑσπέρας
3331 1570 3566 1640 τέρψεις
3582 1585 3597 1597 ·
3632 1567 3894 1636 ἐπεσκέψω

2307 1669 2406 1741 τὴν
2435 1669 2541 1740 γῆν
2579 1666 2674 1720 καὶ
2717 1666 2991 1737 ὲμέθυσας
3018 1663 3211 1734 αὐτήν.
3255 1681 3274 1713 ι
3321 1661 3470 1732 Πρὸς
3522 1661 3648 1722 τοῖς
3678 1659 3894 1712 κατειλε-

2308 1762 2531 1834 γμένοις
2569 1761 2664 1813 καὶ
2695 1759 2830 1814 ἄλλα
2857 1760 3056 1828 σημεῖα
3083 1757 3179 1828 τῆς
3207 1756 3302 1810 τοῦ
3338 1756 3609 1826 Σωτῆρος
3638 1753 3897 1823 δυνάμεως

2307 1854 2543 1926 παρίστη
2573 1852 2778 1920 λέγων·
2816 1871 2834 1902 ι
2882 1849 3123 1916 Ἐξὸδους
3153 1849 3364 1920 πρωῖας
3395 1847 3492 1900 καὶ
3520 1846 3770 1918 ἑσπέρας
3793 1844 3896 1916 τέρ-

2303 1944 2452 2014 ψεις·
2492 1963 2509 1996 ι
2544 1942 2658 1997 ἀνθ’
2693 1934 2754 1995 οὗ
2785 1945 2813 1995 ὁ
2851 1941 3146 2013 Σύμμαχος
3174 1942 3517 2011 ἡρμήνευσεο
3563 1958 3584 1989 ι
3629 1936 3744 2000 Τὰς
3781 1953 3894 2009 προ-

2305 2033 2545 2097 ελεύσεις
2573 2031 2666 2087 τοῦ
2708 2031 2905 2104 ὄρθρου
2952 2031 3044 2086 καὶ
3099 2031 3199 2101 τῆς
3249 2029 3491 2102 ἑσπέρας
3540 2029 3650 2093 τὰς
3694 2028 3894 2100 ὑμνολο-

2303 2125 2450 2194 γίας.
2481 2143 2500 2175 ι
2540 2124 2636 2176 Ἓν
2667 2122 2774 2194 γάρ
2801 2121 3076 2175 καὶτοῦτο
3111 2121 3365 2192 μέγιστον
3393 2123 3635 2192 σημεῖον
3657 2119 3893 2190 τυγχάνει

2301 2215 2401 2286 τῆς
2453 2213 2720 2286 σωτηρίου
2767 2213 3071 2284 δυνάμεως,
3121 2211 3182 2265 τὸ
3237 2211 3383 2282 μετὰ·
3415 2213 3520 2283 τὴν
3580 2210 3892 2266 ταπείνωσιν

2302 2305 2409 2358 τῶν
2443 2303 2854 2377 προλεχθέντων
2877 2302 3250 2376 συστήσασθαι
3273 2304 3330 2355 ὲν
3357 2300 3683 2373 ἀνθρώποις
3705 2299 3894 2366 ἐξόδους

2303 2397 2514 2468 πρωῖας
2547 2394 2642 2448 καὶ
2675 2393 2915 2467 ἑσπέρας
2945 2393 3192 2464 τέρψεις·
3222 2392 3254 2463 ἢ
3284 2392 3426 2446 κατὰ
3450 2392 3550 2445 τὸν
3590 2391 3888 2461 Σύμμαχον,

2308 2503 2325 2536 ι
2356 2483 2701 2556 ὑμνολογίας,
2727 2503 2744 2535 ι
2766 2484 2820 2556 ἢ,
2842 2484 2984 2538 κατὰ
3003 2484 3094 2538 τὸν
3127 2482 3379 2548 Ἀκύλαν,
3403 2501 3421 2534 ι
3455 2483 3848 2552 αἱνοποιήσεις.
3872 2499 3886 2531 ι

2300 2576 2375 2628 Τὸ
2399 2577 2507 2649 γὰρ
2545 2575 2664 2629 καθ’
2687 2576 2813 2647 ὅλης
2847 2576 2946 2647 τῆς
2975 2575 3301 2646 οἰκουμένης
3335 2576 3392 2627 ἐν
3428 2577 3556 2637 ταῖς
3589 2571 3890 2643 ἐκκλησίαις

2299 2668 2393 2722 τοῦ
2423 2667 2556 2722 Θεοῦ
2587 2667 2730 2722 κατὰ
2761 2667 2862 2732 τὰς
2903 2667 3146 2739 πρωῖνὰς
3181 2668 3275 2721 τοῦ
3306 2668 3456 2739 ἡλίου
3482 2667 3729 2733 ἐξόδους,
3763 2667 3888 2723 κατὰ

2298 2776 2358 2812 τε
2391 2760 2490 2824 τὰς
2515 2760 2804 2831 έσπερινὰς
2830 2760 2978 2832 ῶρας
3021 2760 3345 2832 ὑμνολογίας
3369 2762 3462 2814 καὶ⁵
3503 2759 3883 2829 αἰνοποιὴσεις,

2299 2850 2395 2904 καὶ
2423 2851 2573 2916 θείας
2604 2851 2820 2924 ἀληθῶς
2841 2850 3076 2921 ,τέρψεις
3126 2850 3204 2920 τῷ
3251 2849 3369 2921 Θεῷ
3409 2847 3808 2921 συστήσασθαι,
3834 2846 3885 2900 οὐ

2296 2941 2358 2995 τὸ
2387 2941 2548 3013 τυχὸν
2587 2937 2656 3013 ἦν
2693 2940 2828 2994 Θεοῦ
2869 2940 3074 3012 ἀρετῆς
3123 2942 3369 3010 σημεῖον.
3408 2938 3547 2993 Θεοῦ
3586 2939 3649 2992 δὲ
3681 2935 3884 3007 τέρψεις

2297 3037 2347 3088 οἱ
2377 3033 2652 3104 πανταχοῦ
2679 3033 2778 3103 τῆς
2801 3034 2905 3104 γῆς
2930 3033 2986 3084 ὲν
3019 3033 3084 3102 τῇ
3123 3028 3420 3100 Ἐκκλησία
3446 3028 3622 3106 αὐτοῦ
3657 3029 3884 3096 ἀναπμ.

612 3123 875 3192 spertinis
902 3125 1054 3181 horis
1085 3128 1298 3184 emissi.
1323 3129 1503 3197 Quare
1549 3133 1760 3188 dictum
1809 3143 1894 3190 est
1940 3137 2142 3192 alicubi
2179 3155 2190 3189 :

2301 3126 2526 3197 πόμενοι
2563 3123 2706 3180 κατὰ
2739 3126 2864 3188 τοὺς
2895 3123 3176 3195 ὀρθρινοὺς
3206 3122 3298 3175 καὶ
3339 3120 3482 3174 κατὰ
3509 3123 3648 3184 τοὺς
3677 3115 3883 3188 έσπεριὲ

617 3235 636 3266 ι
669 3213 918 3273 Jucunda
947 3220 1018 3275 sit
1046 3221 1094 3275 ei
1144 3221 1264 3278 laus
1301 3240 1421 3280 mea
1448 3225 1529 3292 ἰς
1570 3246 1588 3279 ›
1626 3243 1690 3282 ac
1717 3244 1937 3283 rursum
1967 3247 1984 3284 ι
2018 3248 2043 3281 ι
2077 3232 2199 3286 Ele-

613 3311 759 3364 vatio
783 3325 1042 3365 manuum
1069 3329 1314 3372 mearum
1333 3317 1667 3373 sacriﬁcium
1692 3321 2065 3390 vespertinum
2081 3323 2146 3391 8";
2174 3341 2192 3375 ι

613 3405 667 3452 et
698 3417 711 3452 :
747 3418 766 3451 ι
811 3398 930 3454 Fiat
951 3403 1128 3458 oratio
1156 3420 1277 3460 mea
1308 3407 1452 3461 sicut
1478 3409 1767 3464 incensum
1807 3412 1863 3465 in
1895 3422 2196 3483 conspectu

615 3499 708 3544 tuo
723 3491 788 3546 ³⁸.
819 3511 838 3544 ι
874 3494 1011 3563 Ipsa:
1035 3494 1222 3565 itaque
1247 3495 1642 3556 delectationes
1693 3499 2007 3556 Servatoris
2043 3505 2197 3572 signa

615 3589 766 3637 sunt.
799 3583 882 3636 Ad
937 3583 1052 3638 haec
1099 3584 1248 3640 aliud
1306 3587 1604 3642 maximum
1662 3591 1878 3660 signum
1929 3601 2196 3648 memorat

615 3671 807 3728 (licens
846 3693 859 3729 :
899 3692 917 3725 ι
959 3673 1209 3730 Visitasti
1261 3684 1488 3743 terram,
1523 3687 1577 3735 et
1640 3681 1927 3738 incbriasti
1983 3699 2123 3740 eam.
2169 3702 2188 3735 ›

615 3759 684 3819 Ut
707 3764 851 3820 enim
879 3781 1084 3836 :egrum
1117 3767 1365 3823 medicus
1399 3769 1620 3838 inspicit
1655 3787 1720 3827 ac
1747 3773 1950 3827 visitat.
1989 3775 2192 3830 morbi-

583 3893 586 3898 .
613 3868 720 3924 que
741 3869 928 3909 curam
963 3855 1121 3926 gerit,
1147 3857 1442 3931 omniaque
1472 3859 1542 3914 ad
1578 3861 1844 3916 medelam
1871 3870 1933 3918 et
1959 3865 2191 3919 salutem

611 3954 920 4017 opportuna
948 3949 1196 4016 confert;
1221 3950 1413 4008 eodem
1443 3953 1608 4008 modo
1635 3962 1691 4009 tu
1718 3953 1976 4011 Servator
2005 3965 2194 4013 noster

611 4044 666 4090 et
696 4052 822 4107 spes
857 4040 1102 4094 omnium
1158 4041 1346 4098 ﬁnium
1401 4049 1582 4106 terrze,
1624 4046 1907 4100 accinctus
1951 4048 2190 4117 potentia

612 4128 831 4185 virtutis
865 4139 991 4191 tuae.
1027 4132 1142 4188 hate
1170 4133 1353 4188 omnia
1393 4144 1654 4204 Operatus
1696 4153 1757 4193 es
1795 4157 1807 4193 :
1846 4139 2190 4197 adversarias

610 4225 910 4285 potestates
937 4219 1004 4275 de
1038 4220 1220 4276 medio
1250 4223 1549 4290 sustulisti,
1581 4227 1884 4284 matutinas
1925 4230 2192 4300 vesperti~

607 4318 817 4376 nasque
843 4307 1238 4366 delectationes
1265 4311 1318 4365 in
1370 4318 1517 4367 terra
1559 4317 1900 4374 constituisti
1936 4337 1948 4373 :
1981 4327 2035 4374 et
2072 4319 2189 4375 haec

605 4395 857 4465 eﬂ'ecisti,
883 4399 1135 4456 homines
1174 4401 1487 4459 visitatioue
1513 4405 1772 4478 dignatus
1807 4415 1924 4474 tua,
1959 4426 2064 4480 qua
2099 4411 2184 4471 in-

2299 3215 2422 3279 νοὺς
2453 3215 2679 3285 καιροὺς
2731 3212 2890 3284 ὕμνοι
2929 3211 3273 3281 τυγχάνουσι.
3330 3210 3420 3264 Διὸ
3457 3208 3717 3265 λέλεκταί
3756 3224 3846 3262 που
3866 3224 3888 3238 ·-

2306 3323 2324 3356 ι
2369 3305 2650 3375 Ἦδυνθείη
2705 3303 2938 3374 αύτῷή
3006 3300 3211 3365 αἴνεσίς
3265 3318 3398 3372 μου·
3458 3320 3476 3352 ›
3526 3301 3628 3354 καὶ
3706 3297 3877 3352 πάλιν·

2304 3415 2322 3446 ι
2362 3395 2630 3466 Ἔπαρσις
2674 3393 2782 3446 τῶν
2815 3391 3015 3464 χειρῶν
3055 3409 3158 3462 μου
3193 3391 3354 3445 θυσία
3388 3392 3654 3464 ὲσπερινή
3676 3408 3690 3421 ·
3729 3408 3747 3441 ι
3778 3387 3874 3442 καί·

2305 3505 2322 3538 ι
2355 3484 2644 3558 Γενηθήτω
2688 3487 2721 3556 ὴ
2776 3485 3052 3556 προσευχὴ
3102 3500 3203 3554 μου
3248 3483 3324 3547 ὠς
3363 3483 3621 3556 θυμίαμα
3670 3479 3878 3536 ἐνώπιόν

2299 3595 2413 3634 σου.
2451 3596 2470 3628 ι
2498 3578 2608 3630 Kal.
2639 3569 2800 3630 αὗται
2845 3571 2938 3628 οὖν
2981 3577 3037 3630 αἱ
3083 3574 3302 3647 τέρψεις
3327 3577 3532 3646 σημεῖα
3566 3573 3876 3644 τυγχάνουσι

2294 3668 2397 3722 τοῦ
2422 3668 2696 3740 Σωτῆρος.
2738 3668 2848 3723 Καὶ
2889 3665 3016 3720 ἄλλο
3041 3667 3097 3720 δὲ
3131 3665 3267 3738 πρὸς
3297 3665 3506 3730 τούτοις
3539 3668 3767 3738 σημεῖον
3791 3663 3873 3734 μέ-

2294 3775 2479 3828 γιστον
2506 3757 2926 3829 καταριθμεῖται
2953 3757 3080 3828 ἑξῆς
3118 3756 3318 3825 λέγων·
3357 3776 3376 3808 ι
3432 3755 3754 3826 Ἐπεσκέψω

2293 3851 2418 3922 γῆν,
2463 3851 2558 3904 καὶ
2592 3848 2863 3919 ἐμέθυσας
2903 3849 3093 3918 αὐτὴν.
3131 3865 3150 3899 ι
3197 3847 3285 3912 Ὠς
3341 3847 3451 3918 γὰρ
3499 3848 3761 3902 νοσοῦντα
3806 3846 3874 3897 la-

2291 3941 2421 4014 τρδς
2449 3942 2622 4014 ἐφορᾷ
2651 3943 2746 3994 καὶ
2774 3939 3183 4005 ὲπισκέπτεται,
3223 3940 3537 4011 ἐπιμέλειαν
3567 3939 3872 4010 ποιούμενος

2292 4029 2387 4084 τοῦ
2420 4029 2646 4095 πάθους,
2690 4030 2866 4084 πάντα
2897 4047 2956 4082 τε
2999 4028 3068 4082 τὰ
3113 4029 3247 4100 πρὸς
3295 4028 3439 4082 ἴασιν
3479 4029 3573 4083 καὶ
3615 4026 3869 4098 σωτηρίαν

2295 4121 2648 4176 συντελοῦντα
2684 4120 3153 4192 συμϐαλλόμενος’
3200 4121 3291 4175 τὸν
3339 4121 3501 4175 αὐτὸν
3539 4123 3743 4194 τρόπον
3788 4116 3869 4170 καὶ

2293 4217 2356 4270 σὺ
2399 4217 2426 4268 ὁ
2473 4215 2666 4286 Σωτὴρ
2705 4213 2880 4286 ἡμῶν,
2932 4215 2965 4285 ή
3021 4213 3176 4275 ἐλπὶς
3221 4212 3438 4266 πάντων
3477 4211 3588 4265 τῶν
3633 4210 3865 4283 περάτων

2291 4305 2387 4378 τῆς
2430 4304 2556 4374 γῆς,
2601 4299 3047 4376 περιζωσάμενος
3090 4302 3406 4357 δυναστείαν
3449 4305 3516 4375 τῇ
3568 4303 3715 4374 ἰσχύϊ
3762 4316 3863 4360 σου,

2289 4393 2464 4451 ταῦτα
2506 4396 2685 4450 πάντα
2722 4395 2992 4468 εἰργάσωο
3023 4394 3122 4458 τὰς
3152 4395 3250 4466 μὲν
3283 4395 3668 4466 ἀντικειμένας
3695 4390 3862 4447 καθεῖ-

607 4485 759 4542 liuita
811 4489 948 4560 ipsis
1018 4491 1160 4545 bona
1219 4495 1421 4550 collata
1504 4507 1656 4563 sunt,
1717 4501 1791 4554 ita
1844 4510 1904 4554 ut
1962 4479 2184 4573 eptinzis

2298 4487 2380 4550 λες
2421 4485 2700 4557 δυνάμεις,
2758 4486 3070 4558 συνεστὴσω
3105 4485 3160 4538 δὲ
3210 4486 3302 4538 ἐπὶ
3345 4486 3447 4558 γῆς
3500 4479 3862 4573 πρωῖνὰς-κεὶ

605 4573 717 4629 illis
759 4578 870 4631 tuis
921 4579 1244 4637 muneribus
1303 4585 1648 4655 replerentur
1669 4597 1726 4644 et
1757 4588 2181 4660 inebriarentur,

603 4676 768 4738 atque
797 4668 996 4726 divites
1023 4671 1318 4728 evaderent
1369 4679 1674 4734 secundum
1735 4680 2055 4751 Apostolum
2091 4688 2184 4755 qui

601 4758 679 4812 ait
711 4775 724 4810 :
759 4777 778 4809 ‹
816 4757 875 4814 1η
902 4762 1052 4815 omni
1107 4762 1308 4820 divites
1358 4764 1489 4822 facti
1532 4770 1668 4825 estis
1698 4769 1752 4823 in
1784 4771 1924 4841 ipso.
1954 4773 2007 4827 in
2035 4777 2184 4829 omni

599 4842 766 4896 verbo
786 4852 839 4899 et
870 4845 924 4899 in
959 4848 1107 4901 omni
1141 4849 1374 4904 scientia
1400 4851 1467 4920 '7;
1508 4871 1526 4905 ι
1563 4855 1678 4910 sive
1701 4855 2002 4911 secundum
2030 4856 2188 4930 Sym-

601 4933 858 4988 machum
893 4954 907 4990 :
947 4954 966 4988 ‹
1007 4935 1308 4994 Fructuum
1336 4941 1588 4999 ubertate
1645 4945 1849 5028 ditabis
1907 4949 2104 5019 ipsam.
2161 4969 2179 5002 ι

598 5021 886 5089 Quomodo
945 5025 1306 5086 inebriaverit
1361 5042 1589 5101 terram,
1625 5021 1903 5108 quomodo
1942 5040 2187 5111 locuple-

597 5116 797 5170 taverit
841 5126 897 5174 et
941 5118 1222 5177 fructuum
1286 5125 1541 5184 ubertate
1585 5130 1902 5201 repleverit,
1939 5133 2042 5188 sub
2069 5133 2184 5188 haec

599 5205 844 5264 declarat
908 5211 1098 5269 dicens
1150 5232 1165 5266 :~
1220 5237 1238 5268 ι
1291 5216 1524 5276 Flumen
1588 5221 1686 5278 Dei
1751 5226 2022 5295 repletum
2100 5237 2186 5283 est

596 5297 779 5388 aquis.
822 5318 843 5352 ι
879 5298 1015 5356 Nam
1067 5312 1219 5360 tuum
1273 5310 1451 5364 sancti
1491 5307 1730 5383 Spiritus
1783 5313 2004 5380 ﬂumen,
2031 5320 2177 5388 quod

597 5400 666 5441 ex
713 5386 864 5446 fonte
907 5394 1142 5450 scaturit
1193 5406 1306 5463 tuo,
1334 5408 1496 5456 terra:
1536 5403 1942 5482 habitatoribus
1979 5386 2178 5482 elargi-

595 5487 706 5545 tus,
763 5489 930 5554 atque
985 5487 1364 5546 rationabilem
1422 5495 1877 5569 spiritualemque
1930 5501 2176 5572 ipsorum

595 5585 810 5643 agrum,
853 5576 946 5648 qui
996 5583 1144 5634 terra
1169 5593 1418 5652 vocatur,
1456 5602 1658 5658 magno
1693 5588 1972 5648 inundans
2004 5590 2175 5658 ﬂuxu,

670 5725 714 5763 ⁸⁸
739 5726 886 5787 Psal.
919 5746 1100 5806 cxsvn,
1145 5735 1193 5792 1.

2287 4575 2581 4648 ἐσπερινὰς
2620 4575 2870 4650 τέρψειςο
2909 4576 3003 4629 καὶ
3042 4574 3190 4650 ταῦτ’
3224 4574 3483 4647 ἔπραξας,
3534 4570 3858 4639 καταξιώσας

2285 4671 2384 4742 τῆς
2433 4669 2658 4724 σεαυτοῦ
2709 4669 3017 4740 ἐπισκοπῆς
3061 4668 3187 4733 τοὺς
3232 4667 3325 4725 ἐπὶ
3374 4670 3479 4739 γῆς
3532 4666 3860 4738 ἀνθρώπουςι.

2285 4763 2348 4816 δι’
2381 4757 2449 4835 ἧς
2481 4764 2651 4834 μυρία
2685 4763 2866 4827 αὐτοῖς
2905 4762 3085 4831 ἀγαθὰ
3127 4760 3454 4833 δεδώρηται’
3486 4760 3560 4827 ὡς
3590 4757 3855 4831 πληρῶσαι

2287 4855 2482 4918 αὐτοὺς
2528 4855 2621 4908 καί
2668 4855 2902 4930 μεθῦσαι
2965 4857 3084 4919 ταῖς
3129 4852 3362 4922 ἀγαθαῖς
3415 4869 3509 4906 σου
3553 4851 3852 4927 χορηγίαις,

2290 4948 2570 5002 πλουτίσαι
2597 4967 2655 5004 τε
2689 4949 2885 5013 αὐτοὺς
2923 4947 3064 5003 κατὰ
3104 4947 3196 5000 τὸν
3241 4946 3560 5002 Ἅπόστολον
3591 4947 3848 5017 φήσανταο

2287 5060 2306 5092 ‹
2363 5042 2454 5094 Ἐν
2492 5043 2656 5095 παντὶ
2687 5040 3071 5111 ἐπλουτίσθητε
3117 5041 3173 5093 ὲν
3214 5038 3382 5110 αύτῷ,
3418 5040 3474 5091 ὲν
3517 5039 3679 5095 παντὶ
3728 5036 3851 5104 λόγῳ

2283 5134 2376 5188 καὶ
2401 5133 2809 5208 πάσῃιγνώσειο
2853 5153 2872 5184 ι
2908 5133 2954 5207 ἢ.
2973 5131 3115 5186 κατὰ
3154 5131 3245 5184 τὸν
3273 5131 3570 5202 Σύμμαχον
3595 5131 3845 5202 φήσαντα’

2289 5243 2306 5274 ι
2341 5225 2696 5298 Πολυκαρπίᾳ,
2741 5224 3048 5288 πλουτίσεις
3079 5223 3268 5295 αὑτήν.
3307 5242 3334 5278 ι,
3363 5221 3486 5286 Πῶς
3529 5221 3589 5281 δὲ
3635 5219 3846 5292 ὲμέθυσε

2283 5318 2383 5389 τὴν
2417 5317 2544 5388 γῆν,
2583 5319 2678 5372 καὶ
2717 5317 2834 5384 πῶς
2872 5317 3153 5373 ἐπλούτισε
3201 5316 3292 5371 καὶ
3336 5315 3653 5388 ἐπλήρωσεν
3699 5308 3853 5379 αὐτὴν.

2286 5410 2685 5483 πολυκαρπίας,
2725 5411 2984 5481 διασαφεῖ
3030 5411 3202 5482 λέγων
3249 5410 3409 5482 ἐξῆς’
3457 5429 3476 5462 ι
3519 5409 3578 5464 '0
3627 5419 3853 5478 ποταμεῖ

2285 5501 2379 5556 τοῦ
2413 5502 2546 5556 Θεοῦ
2576 5502 2869 5575 ἐπληρώθη
2916 5503 3140 5558 ὑδάτων.
3185 5522 3202 5555 ι
3229 5503 3330 5556 Τὸν
3359 5501 3469 5576 γὰρ
3506 5499 3733 5570 σεαυτοῦ
3763 5512 3848 5550 me

2285 5593 2458 5664 ταμὸν
2510 5594 2601 5647 τοῦ
2647 5594 2818 5664 ,ἁγίου
2885 5594 3218 5667 Πνεύματος,
3267 5594 3356 5648 τον
3401 5593 3508 5648 ἀπὸ
3552 5591 3663 5663 τῆς
3689 5593 3743 5645 ὲν
3776 5583 3847 5641 σοὶ·

1273 5739 1316 5773 ³⁸
1342 5739 1486 5800 Psal.
1524 5756 1648 5813 ch,
1673 5743 1728 5799 Ξ.
1805 5746 1850 5779 ³⁵
1877 5744 2011 5802 ibid.
2090 5747 2132 5781 ³⁷
2165 5745 2339 5823 lCor.
2380 5763 2417 5815 ι,
2454 5749 2480 5778 -"
