  <div class='ocr_page' id='page_1' title='image "/cluster/home/n/w/nwhite01/storage/ocr_20150623/23/hvd.32044073501124/329.png"; bbox 0 0 4086 6442; ppageno 0'>
   <div class='ocr_carea' id='block_1_1' title="bbox 494 350 3824 442">
    <p class='ocr_par' dir='ltr' id='par_1_1' title="bbox 494 350 3824 442">
     <span class='ocr_line' id='line_1_1' title="bbox 494 350 3824 442; baseline -0.005 -20"><span class='ocrx_word' id='word_1_1' title='bbox 494 366 602 422; x_wconf 62' lang='grc'>643</span> <span class='ocrx_word' id='word_1_2' title='bbox 1194 360 1464 417; x_wconf 80' lang='lat' dir='ltr'>EUSEBII</span> <span class='ocrx_word' id='word_1_3' title='bbox 1503 354 1984 442; x_wconf 67' lang='lat' dir='ltr'>CASSARIENSIS</span> <span class='ocrx_word' id='word_1_4' title='bbox 2022 353 2172 409; x_wconf 88' lang='lat' dir='ltr'>OPP.</span> <span class='ocrx_word' id='word_1_5' title='bbox 2211 351 2392 408; x_wconf 79' lang='lat' dir='ltr'>PARS</span> <span class='ocrx_word' id='word_1_6' title='bbox 2422 351 2510 408; x_wconf 91' lang='lat' dir='ltr'><strong>lll.</strong></span> <span class='ocrx_word' id='word_1_7' title='bbox 2554 382 2626 395; x_wconf 91' lang='lat'>--</span> <span class='ocrx_word' id='word_1_8' title='bbox 2661 351 3074 409; x_wconf 76' lang='lat' dir='ltr'>EXEGETICA.</span> <span class='ocrx_word' id='word_1_9' title='bbox 3721 350 3824 406; x_wconf 67' lang='grc' dir='ltr'>εςιι</span> 
     </span>
    </p>
   </div>
   <div class='ocr_carea' id='block_1_2' title="bbox 495 469 2073 552">
    <p class='ocr_par' dir='ltr' id='par_1_2' title="bbox 495 475 2072 552">
     <span class='ocr_line' id='line_1_2' title="bbox 495 475 2072 552; baseline -0.01 -8"><span class='ocrx_word' id='word_1_10' title='bbox 495 488 650 545; x_wconf 83' lang='lat' dir='ltr'><strong>ciunt</strong></span> <span class='ocrx_word' id='word_1_11' title='bbox 671 482 890 538; x_wconf 82' lang='lat' dir='ltr'>ordines</span> <span class='ocrx_word' id='word_1_12' title='bbox 913 481 1206 552; x_wconf 70' lang='lat' dir='ltr'>conspicit,</span> <span class='ocrx_word' id='word_1_13' title='bbox 1239 480 1287 536; x_wconf 91' lang='lat' dir='ltr'>is</span> <span class='ocrx_word' id='word_1_14' title='bbox 1318 494 1508 536; x_wconf 89' lang='lat' dir='ltr'><strong>eorum</strong></span> <span class='ocrx_word' id='word_1_15' title='bbox 1542 493 1664 549; x_wconf 68' lang='lat' dir='ltr'><strong>qua:</strong></span> <span class='ocrx_word' id='word_1_16' title='bbox 1716 476 1772 530; x_wconf 89' lang='lat' dir='ltr'>in</span> <span class='ocrx_word' id='word_1_17' title='bbox 1811 475 2072 530; x_wconf 90' lang='lat' dir='ltr'><strong>vaticinio</strong></span> 
     </span>
    </p>
   </div>
   <div class='ocr_carea' id='block_1_3' title="bbox 2179 469 3826 552">
    <p class='ocr_par' dir='ltr' id='par_1_3' title="bbox 2179 469 3826 547">
     <span class='ocr_line' id='line_1_3' title="bbox 2179 469 3826 547; baseline 0.001 -21"><span class='ocrx_word' id='word_1_18' title='bbox 2179 491 2292 537; x_wconf 89' lang='grc' dir='ltr'>σεις</span> <span class='ocrx_word' id='word_1_19' title='bbox 2325 474 2493 544; x_wconf 74' lang='grc' dir='ltr'>αὐτὴν</span> <span class='ocrx_word' id='word_1_20' title='bbox 2523 469 2616 527; x_wconf 71' lang='grc' dir='ltr'>καὶ</span> <span class='ocrx_word' id='word_1_21' title='bbox 2658 474 2719 526; x_wconf 84' lang='grc' dir='ltr'>τὸ</span> <span class='ocrx_word' id='word_1_22' title='bbox 2768 473 3054 544; x_wconf 81' lang='grc' dir='ltr'>βλάστημα</span> <span class='ocrx_word' id='word_1_23' title='bbox 3101 474 3294 545; x_wconf 76' lang='grc' dir='ltr'>αὐτῆς,</span> <span class='ocrx_word' id='word_1_24' title='bbox 3328 495 3346 527; x_wconf 73' lang='grc' dir='ltr'>ι</span> <span class='ocrx_word' id='word_1_25' title='bbox 3373 474 3661 547; x_wconf 70' lang='grc' dir='ltr'>εἴρηται.</span> <span class='ocrx_word' id='word_1_26' title='bbox 3716 473 3826 527; x_wconf 73' lang='grc' dir='ltr'>Καὶ</span> 
     </span>
    </p>
   </div>
   <div class='ocr_carea' id='block_1_4' title="bbox 495 564 2073 641">
    <p class='ocr_par' dir='ltr' id='par_1_4' title="bbox 495 571 1640 641">
     <span class='ocr_line' id='line_1_4' title="bbox 495 571 1640 641; baseline -0.01 -10"><span class='ocrx_word' id='word_1_27' title='bbox 495 575 750 631; x_wconf 74' lang='lat' dir='ltr'><strong>feruntur</strong></span> <span class='ocrx_word' id='word_1_28' title='bbox 777 574 1077 628; x_wconf 76' lang='lat' dir='ltr'>ubertatem</span> <span class='ocrx_word' id='word_1_29' title='bbox 1114 571 1282 641; x_wconf 84' lang='lat' dir='ltr'>probe</span> <span class='ocrx_word' id='word_1_30' title='bbox 1325 579 1640 639; x_wconf 85' lang='lat' dir='ltr'>cognoscet.</span> 
     </span>
    </p>
   </div>
   <div class='ocr_carea' id='block_1_5' title="bbox 2179 564 3827 641">
    <p class='ocr_par' dir='ltr' id='par_1_5' title="bbox 2180 564 3827 635">
     <span class='ocr_line' id='line_1_5' title="bbox 2180 564 3827 635; baseline -0.002 -16"><span class='ocrx_word' id='word_1_31' title='bbox 2180 565 2358 619; x_wconf 82' lang='grc' dir='ltr'>πάντα</span> <span class='ocrx_word' id='word_1_32' title='bbox 2394 564 2649 618; x_wconf 81' lang='grc' dir='ltr'>δὲταῦτα</span> <span class='ocrx_word' id='word_1_33' title='bbox 2684 567 2884 635; x_wconf 89' lang='grc' dir='ltr'>σημεῖα</span> <span class='ocrx_word' id='word_1_34' title='bbox 2923 565 3180 635; x_wconf 67' lang='grc' dir='ltr'>τυγχάνει</span> <span class='ocrx_word' id='word_1_35' title='bbox 3205 567 3299 620; x_wconf 88' lang='grc' dir='ltr'>τοῦ</span> <span class='ocrx_word' id='word_1_36' title='bbox 3330 565 3827 634; x_wconf 64' lang='grc' dir='ltr'>ἐπισκεψαμένου</span> 
     </span>
    </p>
   </div>
   <div class='ocr_carea' id='block_1_6' title="bbox 495 654 3828 740">
    <p class='ocr_par' dir='ltr' id='par_1_6' title="bbox 495 654 3828 740">
     <span class='ocr_line' id='line_1_6' title="bbox 495 654 3828 740; baseline -0.005 -19"><span class='ocrx_word' id='word_1_37' title='bbox 495 667 590 740; x_wconf 73' lang='grc' dir='ltr'>τὴν</span> <span class='ocrx_word' id='word_1_38' title='bbox 636 664 958 736; x_wconf 72' lang='grc' dir='ltr'>Ἐκκλησίαν</span> <span class='ocrx_word' id='word_1_39' title='bbox 1014 661 1208 716; x_wconf 79' lang='grc' dir='ltr'>αὐτοῦ·</span> <span class='ocrx_word' id='word_1_40' title='bbox 1261 660 1298 715; x_wconf 79' lang='grc' dir='ltr'>ἀ</span> <span class='ocrx_word' id='word_1_41' title='bbox 1344 661 1408 732; x_wconf 85' lang='grc' dir='ltr'>δὴ</span> <span class='ocrx_word' id='word_1_42' title='bbox 1461 659 1630 713; x_wconf 72' lang='grc' dir='ltr'>πάλαι</span> <span class='ocrx_word' id='word_1_43' title='bbox 1675 656 2044 732; x_wconf 88' lang='grc' dir='ltr'>προλεχθέντα</span> <span class='ocrx_word' id='word_1_44' title='bbox 2079 656 2389 720; x_wconf 79' lang='grc' dir='ltr'>οὐδ’ἀλλως</span> <span class='ocrx_word' id='word_1_45' title='bbox 2425 658 2507 720; x_wconf 85' lang='grc' dir='ltr'>είς</span> <span class='ocrx_word' id='word_1_46' title='bbox 2545 655 2684 727; x_wconf 75' lang='grc' dir='ltr'>ἔργα</span> <span class='ocrx_word' id='word_1_47' title='bbox 2736 654 3056 725; x_wconf 82' lang='grc' dir='ltr'>κεχώρηκεν</span> <span class='ocrx_word' id='word_1_48' title='bbox 3084 656 3118 726; x_wconf 80' lang='grc' dir='ltr'>ἢ</span> <span class='ocrx_word' id='word_1_49' title='bbox 3163 657 3252 710; x_wconf 73' lang='grc' dir='ltr'>διὰ</span> <span class='ocrx_word' id='word_1_50' title='bbox 3297 658 3394 728; x_wconf 82' lang='grc' dir='ltr'>τῆς</span> <span class='ocrx_word' id='word_1_51' title='bbox 3433 654 3558 710; x_wconf 81' lang='grc' dir='ltr'>τοῦ</span> <span class='ocrx_word' id='word_1_52' title='bbox 3638 655 3828 726; x_wconf 77' lang='grc' dir='ltr'>Σωτῆ-</span> 
     </span>
    </p>
   </div>
   <div class='ocr_carea' id='block_1_7' title="bbox 498 746 3830 831">
    <p class='ocr_par' dir='ltr' id='par_1_7' title="bbox 498 746 3830 831">
     <span class='ocr_line' id='line_1_7' title="bbox 498 746 3830 831; baseline -0.004 -22"><span class='ocrx_word' id='word_1_53' title='bbox 498 774 591 831; x_wconf 85' lang='grc' dir='ltr'>ρος</span> <span class='ocrx_word' id='word_1_54' title='bbox 637 756 792 828; x_wconf 85' lang='grc' dir='ltr'>ήμῶν</span> <span class='ocrx_word' id='word_1_55' title='bbox 827 753 1178 824; x_wconf 87' lang='grc' dir='ltr'>ἐπιφανείας·</span> <span class='ocrx_word' id='word_1_56' title='bbox 1225 753 1290 805; x_wconf 79' lang='grc' dir='ltr'>δι’</span> <span class='ocrx_word' id='word_1_57' title='bbox 1331 749 1401 823; x_wconf 78' lang='grc' dir='ltr'>ἧς</span> <span class='ocrx_word' id='word_1_58' title='bbox 1447 754 1496 804; x_wconf 88' lang='grc' dir='ltr'>οἱ</span> <span class='ocrx_word' id='word_1_59' title='bbox 1547 750 1946 822; x_wconf 80' lang='grc' dir='ltr'>κατηξιωμένοι</span> <span class='ocrx_word' id='word_1_60' title='bbox 1991 749 2093 818; x_wconf 77' lang='grc' dir='ltr'>τῆς</span> <span class='ocrx_word' id='word_1_61' title='bbox 2132 748 2298 801; x_wconf 79' lang='grc' dir='ltr'>αὑτοῦ</span> <span class='ocrx_word' id='word_1_62' title='bbox 2327 749 2572 821; x_wconf 79' lang='grc' dir='ltr'>χάριτος,</span> <span class='ocrx_word' id='word_1_63' title='bbox 2605 747 2675 801; x_wconf 89' lang='grc' dir='ltr'>τά</span> <span class='ocrx_word' id='word_1_64' title='bbox 2705 747 2764 814; x_wconf 79' lang='grc' dir='ltr'>ἐξ</span> <span class='ocrx_word' id='word_1_65' title='bbox 2803 747 3050 818; x_wconf 75' lang='grc' dir='ltr'>οὐρανῶν</span> <span class='ocrx_word' id='word_1_66' title='bbox 3079 747 3370 820; x_wconf 81' lang='grc' dir='ltr'>σπέρματα</span> <span class='ocrx_word' id='word_1_67' title='bbox 3445 749 3596 810; x_wconf 85' lang='grc' dir='ltr'>ταῖς</span> <span class='ocrx_word' id='word_1_68' title='bbox 3643 746 3830 798; x_wconf 72' lang='grc' dir='ltr'>αὐτῶν</span> 
     </span>
    </p>
   </div>
   <div class='ocr_carea' id='block_1_8' title="bbox 494 841 3836 922">
    <p class='ocr_par' dir='ltr' id='par_1_8' title="bbox 494 841 3836 922">
     <span class='ocr_line' id='line_1_8' title="bbox 494 841 3836 922; baseline -0.003 -18"><span class='ocrx_word' id='word_1_69' title='bbox 494 850 696 922; x_wconf 77' lang='grc' dir='ltr'>ψυχαῖς</span> <span class='ocrx_word' id='word_1_70' title='bbox 743 847 1168 918; x_wconf 77' lang='grc' dir='ltr'>ἀποδεξάμενοι,</span> <span class='ocrx_word' id='word_1_71' title='bbox 1218 847 1464 918; x_wconf 82' lang='grc' dir='ltr'>καρποὺς</span> <span class='ocrx_word' id='word_1_72' title='bbox 1517 846 1762 908; x_wconf 77' lang='grc' dir='ltr'>εὐθαλεῖς</span> <span class='ocrx_word' id='word_1_73' title='bbox 1815 844 2180 916; x_wconf 70' lang='grc' dir='ltr'>παρέχουσιν·</span> <span class='ocrx_word' id='word_1_74' title='bbox 2215 845 2267 897; x_wconf 72' lang='lat' dir='ltr'>oi</span> <span class='ocrx_word' id='word_1_75' title='bbox 2334 843 2434 914; x_wconf 79' lang='grc' dir='ltr'>μὲν</span> <span class='ocrx_word' id='word_1_76' title='bbox 2464 850 2509 915; x_wconf 79' lang='grc' dir='ltr'>ρ’</span> <span class='ocrx_word' id='word_1_77' title='bbox 2570 842 2884 907; x_wconf 88' lang='grc' dir='ltr'>ποιοῦντες,</span> <span class='ocrx_word' id='word_1_78' title='bbox 2927 844 2978 895; x_wconf 84' lang='grc' dir='ltr'>οἱ</span> <span class='ocrx_word' id='word_1_79' title='bbox 3011 843 3070 897; x_wconf 82' lang='grc' dir='ltr'>δέ</span> <span class='ocrx_word' id='word_1_80' title='bbox 3113 843 3177 910; x_wconf 78' lang='grc' dir='ltr'>ξ’,</span> <span class='ocrx_word' id='word_1_81' title='bbox 3215 843 3346 898; x_wconf 86' lang='grc' dir='ltr'>οίδέ</span> <span class='ocrx_word' id='word_1_82' title='bbox 3376 845 3450 898; x_wconf 87' lang='grc' dir='ltr'>λ’.</span> <span class='ocrx_word' id='word_1_83' title='bbox 3497 841 3710 913; x_wconf 75' lang='grc' dir='ltr'>Ὁρῶν</span> <span class='ocrx_word' id='word_1_84' title='bbox 3777 842 3836 894; x_wconf 79' lang='grc' dir='ltr'>δέ</span> 
     </span>
    </p>
   </div>
   <div class='ocr_carea' id='block_1_9' title="bbox 495 933 3836 1009">
    <p class='ocr_par' dir='ltr' id='par_1_9' title="bbox 495 933 3836 1009">
     <span class='ocr_line' id='line_1_9' title="bbox 495 933 3836 1009; baseline -0.001 -16"><span class='ocrx_word' id='word_1_85' title='bbox 495 957 581 1002; x_wconf 83' lang='grc' dir='ltr'>τις</span> <span class='ocrx_word' id='word_1_86' title='bbox 614 941 671 992; x_wconf 91' lang='grc' dir='ltr'>ἐν</span> <span class='ocrx_word' id='word_1_87' title='bbox 715 940 781 1008; x_wconf 78' lang='grc' dir='ltr'>τῇ</span> <span class='ocrx_word' id='word_1_88' title='bbox 827 937 1121 1009; x_wconf 82' lang='grc' dir='ltr'>Ἐκκλησία</span> <span class='ocrx_word' id='word_1_89' title='bbox 1160 936 1252 990; x_wconf 88' lang='grc' dir='ltr'>τοῦ</span> <span class='ocrx_word' id='word_1_90' title='bbox 1292 936 1427 989; x_wconf 88' lang='grc' dir='ltr'>Θεοῦ</span> <span class='ocrx_word' id='word_1_91' title='bbox 1492 935 1559 988; x_wconf 82' lang='grc' dir='ltr'>τὰ</span> <span class='ocrx_word' id='word_1_92' title='bbox 1605 936 1840 1009; x_wconf 82' lang='grc' dir='ltr'>διάφορα</span> <span class='ocrx_word' id='word_1_93' title='bbox 1884 935 2144 1006; x_wconf 77' lang='grc' dir='ltr'><strong>τάγματα</strong></span> <span class='ocrx_word' id='word_1_94' title='bbox 2207 934 2317 988; x_wconf 89' lang='grc' dir='ltr'>τῶν</span> <span class='ocrx_word' id='word_1_95' title='bbox 2371 937 2430 990; x_wconf 91' lang='grc' dir='ltr'>ἐν</span> <span class='ocrx_word' id='word_1_96' title='bbox 2488 933 2706 1009; x_wconf 86' lang='grc' dir='ltr'>Χριστῷ</span> <span class='ocrx_word' id='word_1_97' title='bbox 2755 934 3206 1008; x_wconf 84' lang='grc' dir='ltr'>προκοπτόντων,</span> <span class='ocrx_word' id='word_1_98' title='bbox 3265 935 3362 1009; x_wconf 77' lang='grc' dir='ltr'>τὴν</span> <span class='ocrx_word' id='word_1_99' title='bbox 3419 934 3836 1005; x_wconf 73' lang='grc' dir='ltr'>παγκαρπίαν</span> 
     </span>
    </p>
   </div>
   <div class='ocr_carea' id='block_1_10' title="bbox 497 1027 2274 1100">
    <p class='ocr_par' dir='ltr' id='par_1_10' title="bbox 497 1027 2274 1100">
     <span class='ocr_line' id='line_1_10' title="bbox 497 1027 2274 1100; baseline -0.002 -15"><span class='ocrx_word' id='word_1_100' title='bbox 497 1032 699 1086; x_wconf 76' lang='grc' dir='ltr'>εἴσεται</span> <span class='ocrx_word' id='word_1_101' title='bbox 725 1030 834 1082; x_wconf 89' lang='grc' dir='ltr'>τῶν</span> <span class='ocrx_word' id='word_1_102' title='bbox 855 1029 942 1082; x_wconf 85' lang='grc' dir='ltr'>διὰ</span> <span class='ocrx_word' id='word_1_103' title='bbox 964 1029 1064 1100; x_wconf 73' lang='grc' dir='ltr'>τῆς</span> <span class='ocrx_word' id='word_1_104' title='bbox 1092 1028 1460 1100; x_wconf 72' lang='grc' dir='ltr'>προκειμένης</span> <span class='ocrx_word' id='word_1_105' title='bbox 1480 1028 1816 1100; x_wconf 65' lang='grc' dir='ltr'>προφητείας</span> <span class='ocrx_word' id='word_1_106' title='bbox 1845 1027 2274 1098; x_wconf 78' lang='grc' dir='ltr'>θεσπιζομένων.</span> 
     </span>
    </p>
   </div>
   <div class='ocr_carea' id='block_1_11' title="bbox 569 1149 2076 1220">
    <p class='ocr_par' dir='ltr' id='par_1_11' title="bbox 569 1149 2076 1220">
     <span class='ocr_line' id='line_1_11' title="bbox 569 1149 2076 1220; baseline 0.001 -16"><span class='ocrx_word' id='word_1_107' title='bbox 569 1149 735 1206; x_wconf 76' lang='lat' dir='ltr'><strong>Vens.</strong></span> <span class='ocrx_word' id='word_1_108' title='bbox 759 1152 842 1216; x_wconf 68' lang='lat'><strong>19.,</strong></span> <span class='ocrx_word' id='word_1_109' title='bbox 863 1153 948 1206; x_wconf 74' lang='lat' dir='ltr'><strong>M.</strong></span> <span class='ocrx_word' id='word_1_110' title='bbox 973 1174 992 1205; x_wconf 75' lang='grc' dir='ltr'>ι</span> <span class='ocrx_word' id='word_1_111' title='bbox 1016 1153 1311 1210; x_wconf 88' lang='lat' dir='ltr'><strong>Benedices</strong></span> <span class='ocrx_word' id='word_1_112' title='bbox 1333 1167 1552 1208; x_wconf 79' lang='lat' dir='ltr'>coronae</span> <span class='ocrx_word' id='word_1_113' title='bbox 1567 1152 1696 1206; x_wconf 90' lang='lat' dir='ltr'><strong>anni</strong></span> <span class='ocrx_word' id='word_1_114' title='bbox 1721 1149 2076 1220; x_wconf 81' lang='lat' dir='ltr'><strong>benignitatis</strong></span> 
     </span>
    </p>
   </div>
   <div class='ocr_carea' id='block_1_12' title="bbox 497 1242 2072 1314">
    <p class='ocr_par' dir='ltr' id='par_1_12' title="bbox 497 1242 2072 1314">
     <span class='ocr_line' id='line_1_12' title="bbox 497 1242 2072 1314; baseline 0 -18"><span class='ocrx_word' id='word_1_115' title='bbox 497 1247 622 1306; x_wconf 69' lang='lat' dir='ltr'><strong>tuae,</strong></span> <span class='ocrx_word' id='word_1_116' title='bbox 647 1251 700 1297; x_wconf 89' lang='lat' dir='ltr'>et</span> <span class='ocrx_word' id='word_1_117' title='bbox 723 1245 901 1314; x_wconf 83' lang='lat' dir='ltr'><strong>campi</strong></span> <span class='ocrx_word' id='word_1_118' title='bbox 933 1245 1010 1298; x_wconf 93' lang='lat' dir='ltr'>tui</span> <span class='ocrx_word' id='word_1_119' title='bbox 1061 1245 1420 1314; x_wconf 87' lang='lat' dir='ltr'><strong>replebuntur</strong></span> <span class='ocrx_word' id='word_1_120' title='bbox 1452 1243 1724 1299; x_wconf 83' lang='lat' dir='ltr'><strong>ubertate.</strong></span> <span class='ocrx_word' id='word_1_121' title='bbox 1772 1264 1788 1295; x_wconf 77' lang='grc' dir='ltr'>ι</span> <span class='ocrx_word' id='word_1_122' title='bbox 1835 1242 1975 1308; x_wconf 89' lang='lat' dir='ltr'><strong>Quia</strong></span> <span class='ocrx_word' id='word_1_123' title='bbox 2007 1242 2072 1296; x_wconf 89' lang='lat' dir='ltr'>ad</span> 
     </span>
    </p>
   </div>
   <div class='ocr_carea' id='block_1_13' title="bbox 497 1333 2074 1406">
    <p class='ocr_par' dir='ltr' id='par_1_13' title="bbox 497 1333 2074 1406">
     <span class='ocr_line' id='line_1_13' title="bbox 497 1333 2074 1406; baseline 0.001 -20"><span class='ocrx_word' id='word_1_124' title='bbox 497 1334 906 1406; x_wconf 58' lang='lat' dir='ltr'><strong>praedicandum</strong></span> <span class='ocrx_word' id='word_1_125' title='bbox 943 1349 1148 1389; x_wconf 90' lang='lat' dir='ltr'><strong>annum</strong></span> <span class='ocrx_word' id='word_1_126' title='bbox 1204 1333 1298 1388; x_wconf 89' lang='lat' dir='ltr'><strong>Dei</strong></span> <span class='ocrx_word' id='word_1_127' title='bbox 1347 1333 1764 1403; x_wconf 89' lang='lat' dir='ltr'><strong>acceptabilem,</strong></span> <span class='ocrx_word' id='word_1_128' title='bbox 1817 1341 1872 1386; x_wconf 92' lang='lat' dir='ltr'>et</span> <span class='ocrx_word' id='word_1_129' title='bbox 1929 1333 2074 1387; x_wconf 91' lang='lat' dir='ltr'><strong>diem</strong></span> 
     </span>
    </p>
   </div>
   <div class='ocr_carea' id='block_1_14' title="bbox 2257 1146 3837 1220">
    <p class='ocr_par' dir='ltr' id='par_1_14' title="bbox 2257 1146 3837 1220">
     <span class='ocr_line' id='line_1_14' title="bbox 2257 1146 3837 1220; baseline -0.001 -20"><span class='ocrx_word' id='word_1_130' title='bbox 2257 1169 2275 1200; x_wconf 74' lang='grc' dir='ltr'>ι</span> <span class='ocrx_word' id='word_1_131' title='bbox 2323 1148 2658 1220; x_wconf 82' lang='grc' dir='ltr'>Εὑλογήσεις</span> <span class='ocrx_word' id='word_1_132' title='bbox 2683 1148 2771 1201; x_wconf 78' lang='grc' dir='ltr'>τὸν</span> <span class='ocrx_word' id='word_1_133' title='bbox 2802 1146 3064 1216; x_wconf 82' lang='grc' dir='ltr'>στέφανον</span> <span class='ocrx_word' id='word_1_134' title='bbox 3103 1147 3195 1201; x_wconf 89' lang='grc' dir='ltr'>τοῦ</span> <span class='ocrx_word' id='word_1_135' title='bbox 3230 1147 3492 1200; x_wconf 73' lang='grc' dir='ltr'>ἐνιαυτοῦ</span> <span class='ocrx_word' id='word_1_136' title='bbox 3535 1146 3657 1217; x_wconf 72' lang='grc' dir='ltr'>τῆς</span> <span class='ocrx_word' id='word_1_137' title='bbox 3691 1163 3837 1216; x_wconf 81' lang='grc' dir='ltr'>χρη-</span> 
     </span>
    </p>
   </div>
   <div class='ocr_carea' id='block_1_15' title="bbox 2178 1235 3838 1308">
    <p class='ocr_par' dir='ltr' id='par_1_15' title="bbox 2178 1235 3838 1308">
     <span class='ocr_line' id='line_1_15' title="bbox 2178 1235 3838 1308; baseline -0.004 -16"><span class='ocrx_word' id='word_1_138' title='bbox 2178 1239 2434 1308; x_wconf 88' lang='grc' dir='ltr'>στότητός</span> <span class='ocrx_word' id='word_1_139' title='bbox 2472 1255 2586 1301; x_wconf 90' lang='grc' dir='ltr'>σου,</span> <span class='ocrx_word' id='word_1_140' title='bbox 2618 1237 2713 1290; x_wconf 75' lang='grc' dir='ltr'>καὶ</span> <span class='ocrx_word' id='word_1_141' title='bbox 2743 1237 2810 1290; x_wconf 87' lang='grc' dir='ltr'>τά</span> <span class='ocrx_word' id='word_1_142' title='bbox 2843 1235 3002 1289; x_wconf 83' lang='grc' dir='ltr'>πεδία</span> <span class='ocrx_word' id='word_1_143' title='bbox 3049 1253 3146 1289; x_wconf 92' lang='grc' dir='ltr'>σου</span> <span class='ocrx_word' id='word_1_144' title='bbox 3177 1236 3588 1308; x_wconf 78' lang='grc' dir='ltr'>πλησθήσεται</span> <span class='ocrx_word' id='word_1_145' title='bbox 3623 1235 3838 1306; x_wconf 54' lang='lat'>7:161:11-</span> 
     </span>
    </p>
   </div>
   <div class='ocr_carea' id='block_1_16' title="bbox 2176 1325 3838 1400">
    <p class='ocr_par' dir='ltr' id='par_1_16' title="bbox 2176 1325 3838 1400">
     <span class='ocr_line' id='line_1_16' title="bbox 2176 1325 3838 1400; baseline -0.001 -18"><span class='ocrx_word' id='word_1_146' title='bbox 2176 1347 2285 1393; x_wconf 89' lang='grc' dir='ltr'>τος.</span> <span class='ocrx_word' id='word_1_147' title='bbox 2335 1347 2354 1380; x_wconf 74' lang='grc' dir='ltr'>ι</span> <span class='ocrx_word' id='word_1_148' title='bbox 2393 1329 2609 1400; x_wconf 79' lang='grc' dir='ltr'>Ἐπειδὴ</span> <span class='ocrx_word' id='word_1_149' title='bbox 2639 1327 2874 1398; x_wconf 84' lang='grc' dir='ltr'>κηρῦξαι</span> <span class='ocrx_word' id='word_1_150' title='bbox 2922 1327 3165 1380; x_wconf 83' lang='grc' dir='ltr'>ἐνιαυτὸν</span> <span class='ocrx_word' id='word_1_151' title='bbox 3201 1328 3411 1399; x_wconf 80' lang='grc' dir='ltr'>Κυρίου</span> <span class='ocrx_word' id='word_1_152' title='bbox 3439 1325 3702 1390; x_wconf 81' lang='grc' dir='ltr'>δεκτδν,</span> <span class='ocrx_word' id='word_1_153' title='bbox 3737 1327 3838 1380; x_wconf 80' lang='grc' dir='ltr'>καὶ</span> 
     </span>
    </p>
   </div>
   <div class='ocr_carea' id='block_1_17' title="bbox 497 1417 2073 1491">
    <p class='ocr_par' dir='ltr' id='par_1_17' title="bbox 497 1420 2072 1487">
     <span class='ocr_line' id='line_1_17' title="bbox 497 1420 2072 1487; baseline -0.001 -11"><span class='ocrx_word' id='word_1_154' title='bbox 497 1423 896 1486; x_wconf 89' lang='lat' dir='ltr'><strong>retributionis,</strong></span> <span class='ocrx_word' id='word_1_155' title='bbox 939 1423 1156 1478; x_wconf 83' lang='lat' dir='ltr'><strong>venisse</strong></span> <span class='ocrx_word' id='word_1_156' title='bbox 1195 1420 1456 1477; x_wconf 87' lang='lat' dir='ltr'><strong>Servator</strong></span> <span class='ocrx_word' id='word_1_157' title='bbox 1495 1421 1722 1487; x_wconf 90' lang='lat' dir='ltr'><strong>dicitur,</strong></span> <span class='ocrx_word' id='word_1_158' title='bbox 1768 1423 2072 1476; x_wconf 88' lang='lat' dir='ltr'><strong>secundum</strong></span> 
     </span>
    </p>
   </div>
   <div class='ocr_carea' id='block_1_18' title="bbox 2179 1417 3833 1491">
    <p class='ocr_par' dir='ltr' id='par_1_18' title="bbox 2179 1417 3833 1491">
     <span class='ocr_line' id='line_1_18' title="bbox 2179 1417 3833 1491; baseline -0.001 -19"><span class='ocrx_word' id='word_1_159' title='bbox 2179 1421 2388 1491; x_wconf 71' lang='grc' dir='ltr'>ἡμέραν</span> <span class='ocrx_word' id='word_1_160' title='bbox 2434 1419 2843 1482; x_wconf 86' lang='grc' dir='ltr'>ἀνταποδόσεως</span> <span class='ocrx_word' id='word_1_161' title='bbox 2884 1417 3201 1490; x_wconf 80' lang='grc' dir='ltr'>ἐληλυθέναι</span> <span class='ocrx_word' id='word_1_162' title='bbox 3245 1418 3464 1487; x_wconf 85' lang='grc' dir='ltr'>λέγεται</span> <span class='ocrx_word' id='word_1_163' title='bbox 3509 1419 3548 1470; x_wconf 81' lang='grc' dir='ltr'><strong>ὀ</strong></span> <span class='ocrx_word' id='word_1_164' title='bbox 3591 1418 3833 1488; x_wconf 77' lang='grc' dir='ltr'>Σωτὴρ,</span> 
     </span>
    </p>
   </div>
   <div class='ocr_carea' id='block_1_19' title="bbox 498 1511 2073 1584">
    <p class='ocr_par' dir='ltr' id='par_1_19' title="bbox 498 1511 2073 1584">
     <span class='ocr_line' id='line_1_19' title="bbox 498 1511 2073 1584; baseline -0.006 -12"><span class='ocrx_word' id='word_1_165' title='bbox 498 1511 840 1582; x_wconf 65' lang='grc' dir='ltr'>ὃτι-ἱριιιινιηι</span> <span class='ocrx_word' id='word_1_166' title='bbox 863 1530 927 1568; x_wconf 83' lang='lat' dir='ltr'><strong>ex</strong></span> <span class='ocrx_word' id='word_1_167' title='bbox 953 1513 1074 1582; x_wconf 88' lang='lat' dir='ltr'><strong>ejus</strong></span> <span class='ocrx_word' id='word_1_168' title='bbox 1097 1528 1332 1584; x_wconf 85' lang='lat' dir='ltr'><strong>persona</strong></span> <span class='ocrx_word' id='word_1_169' title='bbox 1357 1513 1437 1569; x_wconf 91' lang='lat' dir='ltr'>sic</span> <span class='ocrx_word' id='word_1_170' title='bbox 1470 1513 1782 1582; x_wconf 90' lang='lat' dir='ltr'><strong>loquentem</strong></span> <span class='ocrx_word' id='word_1_171' title='bbox 1806 1528 1819 1562; x_wconf 90' lang='lat'><strong>:</strong></span> <span class='ocrx_word' id='word_1_172' title='bbox 1853 1531 1871 1563; x_wconf 77' lang='grc' dir='ltr'>ι</span> <span class='ocrx_word' id='word_1_173' title='bbox 1901 1511 2073 1580; x_wconf 86' lang='lat' dir='ltr'><strong>Spiri-</strong></span> 
     </span>
    </p>
   </div>
   <div class='ocr_carea' id='block_1_20' title="bbox 496 1603 2078 1675">
    <p class='ocr_par' dir='ltr' id='par_1_20' title="bbox 496 1603 2078 1675">
     <span class='ocr_line' id='line_1_20' title="bbox 496 1603 2078 1675; baseline -0.003 -17"><span class='ocrx_word' id='word_1_174' title='bbox 496 1612 586 1661; x_wconf 81' lang='lat' dir='ltr'>tus</span> <span class='ocrx_word' id='word_1_175' title='bbox 604 1605 816 1660; x_wconf 89' lang='lat' dir='ltr'><strong>Domini</strong></span> <span class='ocrx_word' id='word_1_176' title='bbox 842 1621 1008 1675; x_wconf 82' lang='lat' dir='ltr'><strong>super</strong></span> <span class='ocrx_word' id='word_1_177' title='bbox 1035 1621 1142 1668; x_wconf 90' lang='lat' dir='ltr'>me,</span> <span class='ocrx_word' id='word_1_178' title='bbox 1165 1620 1232 1659; x_wconf 90' lang='lat' dir='ltr'>eo</span> <span class='ocrx_word' id='word_1_179' title='bbox 1255 1603 1402 1674; x_wconf 90' lang='lat' dir='ltr'><strong>quod</strong></span> <span class='ocrx_word' id='word_1_180' title='bbox 1425 1604 1644 1658; x_wconf 81' lang='lat' dir='ltr'><strong>unxerit</strong></span> <span class='ocrx_word' id='word_1_181' title='bbox 1681 1619 1767 1658; x_wconf 89' lang='lat' dir='ltr'>me</span> <span class='ocrx_word' id='word_1_182' title='bbox 1801 1623 1812 1656; x_wconf 94' lang='lat'>:</span> <span class='ocrx_word' id='word_1_183' title='bbox 1845 1617 2078 1672; x_wconf 62' lang='lat' dir='ltr'><strong>evange—</strong></span> 
     </span>
    </p>
   </div>
   <div class='ocr_carea' id='block_1_21' title="bbox 499 1691 2079 1764">
    <p class='ocr_par' dir='ltr' id='par_1_21' title="bbox 499 1691 2079 1764">
     <span class='ocr_line' id='line_1_21' title="bbox 499 1691 2079 1764; baseline -0.002 -16"><span class='ocrx_word' id='word_1_184' title='bbox 499 1695 666 1750; x_wconf 81' lang='lat' dir='ltr'><strong>lizare</strong></span> <span class='ocrx_word' id='word_1_185' title='bbox 691 1695 1023 1764; x_wconf 87' lang='lat' dir='ltr'><strong>pauperibus</strong></span> <span class='ocrx_word' id='word_1_186' title='bbox 1053 1694 1203 1749; x_wconf 88' lang='lat' dir='ltr'><strong>misit</strong></span> <span class='ocrx_word' id='word_1_187' title='bbox 1243 1710 1364 1762; x_wconf 86' lang='lat' dir='ltr'><strong>me;</strong></span> <span class='ocrx_word' id='word_1_188' title='bbox 1395 1693 1692 1764; x_wconf 83' lang='lat' dir='ltr'><strong>praedicare</strong></span> <span class='ocrx_word' id='word_1_189' title='bbox 1731 1692 1962 1764; x_wconf 87' lang='lat' dir='ltr'><strong>captivis</strong></span> <span class='ocrx_word' id='word_1_190' title='bbox 2000 1691 2079 1746; x_wconf 83' lang='lat' dir='ltr'><strong>di-</strong></span> 
     </span>
    </p>
   </div>
   <div class='ocr_carea' id='block_1_22' title="bbox 2174 1678 3473 1761">
    <p class='ocr_par' dir='ltr' id='par_1_22' title="bbox 2174 1678 3473 1761">
     <span class='ocr_line' id='line_1_22' title="bbox 2174 1678 3473 1761; baseline -0.002 -17"><span class='ocrx_word' id='word_1_191' title='bbox 2174 1678 2631 1760; x_wconf 79' lang='grc' dir='ltr'>εὐαγγελίσασθαι</span> <span class='ocrx_word' id='word_1_192' title='bbox 2698 1693 2931 1761; x_wconf 82' lang='grc' dir='ltr'>πτωχοῖς</span> <span class='ocrx_word' id='word_1_193' title='bbox 2995 1690 3305 1743; x_wconf 77' lang='grc' dir='ltr'>ἀπέσταλκε</span> <span class='ocrx_word' id='word_1_194' title='bbox 3371 1707 3473 1760; x_wconf 88' lang='grc' dir='ltr'>με·</span> 
     </span>
    </p>
   </div>
   <div class='ocr_carea' id='block_1_23' title="bbox 2177 1507 3830 1580">
    <p class='ocr_par' dir='ltr' id='par_1_23' title="bbox 2177 1507 3830 1580">
     <span class='ocr_line' id='line_1_23' title="bbox 2177 1507 3830 1580; baseline -0.002 -18"><span class='ocrx_word' id='word_1_195' title='bbox 2177 1509 2318 1562; x_wconf 89' lang='grc' dir='ltr'>κατά</span> <span class='ocrx_word' id='word_1_196' title='bbox 2353 1509 2453 1580; x_wconf 78' lang='grc' dir='ltr'>τὴν</span> <span class='ocrx_word' id='word_1_197' title='bbox 2509 1512 2824 1577; x_wconf 82' lang='grc' dir='ltr'>φάσκουσαν</span> <span class='ocrx_word' id='word_1_198' title='bbox 2863 1509 2922 1577; x_wconf 80' lang='grc' dir='ltr'>ἐξ</span> <span class='ocrx_word' id='word_1_199' title='bbox 2967 1507 3133 1564; x_wconf 73' lang='grc' dir='ltr'>αὐτοῦ</span> <span class='ocrx_word' id='word_1_200' title='bbox 3183 1508 3484 1578; x_wconf 78' lang='grc' dir='ltr'>προσώπου</span> <span class='ocrx_word' id='word_1_201' title='bbox 3531 1507 3830 1578; x_wconf 69' lang='grc' dir='ltr'>Γραᾳήν·</span> 
     </span>
    </p>
   </div>
   <div class='ocr_carea' id='block_1_24' title="bbox 2180 1591 3830 1669">
    <p class='ocr_par' dir='ltr' id='par_1_24' title="bbox 2180 1591 3830 1669">
     <span class='ocr_line' id='line_1_24' title="bbox 2180 1591 3830 1669; baseline 0.001 -21"><span class='ocrx_word' id='word_1_202' title='bbox 2180 1619 2198 1648; x_wconf 87' lang='grc'><em>‹</em></span> <span class='ocrx_word' id='word_1_203' title='bbox 2234 1597 2458 1668; x_wconf 83' lang='grc' dir='ltr'>Πνεῦμα</span> <span class='ocrx_word' id='word_1_204' title='bbox 2507 1597 2714 1669; x_wconf 85' lang='grc' dir='ltr'>Κυρίου</span> <span class='ocrx_word' id='word_1_205' title='bbox 2760 1599 2846 1649; x_wconf 76' lang='grc' dir='ltr'>ἐπ’</span> <span class='ocrx_word' id='word_1_206' title='bbox 2891 1599 3012 1668; x_wconf 85' lang='grc' dir='ltr'>ἐμὲ,</span> <span class='ocrx_word' id='word_1_207' title='bbox 3065 1591 3127 1651; x_wconf 78' lang='grc' dir='ltr'>οῦ</span> <span class='ocrx_word' id='word_1_208' title='bbox 3180 1599 3386 1651; x_wconf 84' lang='grc' dir='ltr'>εἵνεκεν</span> <span class='ocrx_word' id='word_1_209' title='bbox 3432 1597 3658 1668; x_wconf 79' lang='grc' dir='ltr'>ἔχρισέ</span> <span class='ocrx_word' id='word_1_210' title='bbox 3715 1613 3830 1666; x_wconf 88' lang='grc' dir='ltr'>με·</span> 
     </span>
    </p>
   </div>
   <div class='ocr_carea' id='block_1_25' title="bbox 3559 1687 3833 1758">
    <p class='ocr_par' dir='ltr' id='par_1_25' title="bbox 3559 1687 3833 1758">
     <span class='ocr_line' id='line_1_25' title="bbox 3559 1687 3833 1758; baseline -0.004 -18"><span class='ocrx_word' id='word_1_211' title='bbox 3559 1706 3648 1758; x_wconf 74' lang='grc' dir='ltr'>κη</span> <span class='ocrx_word' id='word_1_212' title='bbox 3660 1687 3833 1757; x_wconf 79' lang='grc' dir='ltr'>ρῦξαι</span> 
     </span>
    </p>
   </div>
   <div class='ocr_carea' id='block_1_26' title="bbox 497 1779 2073 1866">
    <p class='ocr_par' dir='ltr' id='par_1_26' title="bbox 497 1785 2073 1851">
     <span class='ocr_line' id='line_1_26' title="bbox 497 1785 2073 1851; baseline 0.001 -12"><span class='ocrx_word' id='word_1_213' title='bbox 497 1786 842 1848; x_wconf 85' lang='lat' dir='ltr'><strong>missionem,</strong></span> <span class='ocrx_word' id='word_1_214' title='bbox 874 1793 928 1840; x_wconf 92' lang='lat' dir='ltr'>et</span> <span class='ocrx_word' id='word_1_215' title='bbox 982 1789 1143 1840; x_wconf 59' lang='lat' dir='ltr'><strong>cacis</strong></span> <span class='ocrx_word' id='word_1_216' title='bbox 1190 1785 1343 1842; x_wconf 88' lang='lat' dir='ltr'><strong>visus</strong></span> <span class='ocrx_word' id='word_1_217' title='bbox 1387 1786 1827 1851; x_wconf 80' lang='lat' dir='ltr'><strong>restitutionem;</strong></span> <span class='ocrx_word' id='word_1_218' title='bbox 1877 1800 2073 1840; x_wconf 87' lang='lat' dir='ltr'><strong>vocare</strong></span> 
     </span>
    </p>
   </div>
   <div class='ocr_carea' id='block_1_27' title="bbox 2179 1779 3830 1866">
    <p class='ocr_par' dir='ltr' id='par_1_27' title="bbox 2181 1779 3830 1851">
     <span class='ocr_line' id='line_1_27' title="bbox 2181 1779 3830 1851; baseline -0.002 -17"><span class='ocrx_word' id='word_1_219' title='bbox 2181 1779 2547 1851; x_wconf 82' lang='grc' dir='ltr'>αἰχμαλώτοις</span> <span class='ocrx_word' id='word_1_220' title='bbox 2579 1781 2773 1849; x_wconf 77' lang='grc' dir='ltr'>ἄφεσιν</span> <span class='ocrx_word' id='word_1_221' title='bbox 2802 1781 2898 1834; x_wconf 75' lang='grc' dir='ltr'>καὶ</span> <span class='ocrx_word' id='word_1_222' title='bbox 2937 1780 3157 1849; x_wconf 82' lang='grc' dir='ltr'>τυφλοῖς</span> <span class='ocrx_word' id='word_1_223' title='bbox 3186 1779 3481 1850; x_wconf 76' lang='grc' dir='ltr'>ἀνάϐλεψιν</span> <span class='ocrx_word' id='word_1_224' title='bbox 3503 1797 3523 1809; x_wconf 86' lang='grc'>·</span> <span class='ocrx_word' id='word_1_225' title='bbox 3563 1779 3830 1832; x_wconf 68' lang='grc' dir='ltr'>καλέεαι</span> 
     </span>
    </p>
   </div>
   <div class='ocr_carea' id='block_1_28' title="bbox 497 1875 2077 1946">
    <p class='ocr_par' dir='ltr' id='par_1_28' title="bbox 497 1875 2077 1946">
     <span class='ocr_line' id='line_1_28' title="bbox 497 1875 2077 1946; baseline 0.001 -17"><span class='ocrx_word' id='word_1_226' title='bbox 497 1892 700 1930; x_wconf 79' lang='lat' dir='ltr'><strong>annum</strong></span> <span class='ocrx_word' id='word_1_227' title='bbox 750 1875 965 1930; x_wconf 88' lang='lat' dir='ltr'><strong>Domini</strong></span> <span class='ocrx_word' id='word_1_228' title='bbox 1023 1878 1434 1946; x_wconf 87' lang='lat' dir='ltr'><strong>acceptabilem,</strong></span> <span class='ocrx_word' id='word_1_229' title='bbox 1473 1885 1529 1932; x_wconf 89' lang='lat' dir='ltr'>et</span> <span class='ocrx_word' id='word_1_230' title='bbox 1568 1877 1712 1932; x_wconf 88' lang='lat' dir='ltr'><strong>diem</strong></span> <span class='ocrx_word' id='word_1_231' title='bbox 1757 1877 2077 1931; x_wconf 86' lang='lat' dir='ltr'><strong>retributio-</strong></span> 
     </span>
    </p>
   </div>
   <div class='ocr_carea' id='block_1_29' title="bbox 496 1968 2077 2038">
    <p class='ocr_par' dir='ltr' id='par_1_29' title="bbox 496 1968 2077 2038">
     <span class='ocr_line' id='line_1_29' title="bbox 496 1968 2077 2038; baseline 0.001 -16"><span class='ocrx_word' id='word_1_232' title='bbox 496 1968 670 2034; x_wconf 76' lang='lat' dir='ltr'><strong>nis“;</strong></span> <span class='ocrx_word' id='word_1_233' title='bbox 687 1989 703 2019; x_wconf 75' lang='grc' dir='ltr'>ι</span> <span class='ocrx_word' id='word_1_234' title='bbox 719 1969 845 2038; x_wconf 81' lang='lat' dir='ltr'><strong>jure</strong></span> <span class='ocrx_word' id='word_1_235' title='bbox 861 1969 951 2024; x_wconf 92' lang='lat' dir='ltr'>hic</span> <span class='ocrx_word' id='word_1_236' title='bbox 968 1968 1347 2024; x_wconf 88' lang='lat' dir='ltr'><strong>retributionis</strong></span> <span class='ocrx_word' id='word_1_237' title='bbox 1364 1968 1507 2026; x_wconf 88' lang='lat' dir='ltr'><strong>diem</strong></span> <span class='ocrx_word' id='word_1_238' title='bbox 1529 1969 1754 2023; x_wconf 85' lang='lat' dir='ltr'><strong>indicat.</strong></span> <span class='ocrx_word' id='word_1_239' title='bbox 1776 1968 1872 2024; x_wconf 86' lang='lat' dir='ltr'><strong>Est</strong></span> <span class='ocrx_word' id='word_1_240' title='bbox 1893 1979 2077 2024; x_wconf 86' lang='lat' dir='ltr'><strong>autem</strong></span> 
     </span>
    </p>
   </div>
   <div class='ocr_carea' id='block_1_30' title="bbox 497 2059 2078 2134">
    <p class='ocr_par' dir='ltr' id='par_1_30' title="bbox 497 2059 2078 2134">
     <span class='ocr_line' id='line_1_30' title="bbox 497 2059 2078 2134; baseline 0.001 -22"><span class='ocrx_word' id='word_1_241' title='bbox 497 2059 588 2113; x_wconf 89' lang='lat' dir='ltr'><strong>illa</strong></span> <span class='ocrx_word' id='word_1_242' title='bbox 625 2059 868 2134; x_wconf 73' lang='lat' dir='ltr'><strong>futurum</strong></span> <span class='ocrx_word' id='word_1_243' title='bbox 925 2062 1207 2127; x_wconf 60' lang='lat' dir='ltr'><strong>sarculum,</strong></span> <span class='ocrx_word' id='word_1_244' title='bbox 1237 2061 1384 2130; x_wconf 87' lang='lat' dir='ltr'><strong>quod</strong></span> <span class='ocrx_word' id='word_1_245' title='bbox 1434 2069 1558 2130; x_wconf 87' lang='lat' dir='ltr'><strong>post</strong></span> <span class='ocrx_word' id='word_1_246' title='bbox 1603 2061 1894 2130; x_wconf 71' lang='lat' dir='ltr'><strong>praesentis</strong></span> <span class='ocrx_word' id='word_1_247' title='bbox 1945 2076 2078 2115; x_wconf 90' lang='lat' dir='ltr'><strong>con-</strong></span> 
     </span>
    </p>
   </div>
   <div class='ocr_carea' id='block_1_31' title="bbox 495 2151 2076 2222">
    <p class='ocr_par' dir='ltr' id='par_1_31' title="bbox 495 2151 2076 2222">
     <span class='ocr_line' id='line_1_31' title="bbox 495 2151 2076 2222; baseline -0.002 -12"><span class='ocrx_word' id='word_1_248' title='bbox 495 2157 915 2210; x_wconf 80' lang='lat' dir='ltr'><strong>summationem</strong></span> <span class='ocrx_word' id='word_1_249' title='bbox 939 2153 1137 2207; x_wconf 86' lang='lat' dir='ltr'><strong>veniet.</strong></span> <span class='ocrx_word' id='word_1_250' title='bbox 1170 2151 1328 2207; x_wconf 91' lang='lat' dir='ltr'><strong>lllum</strong></span> <span class='ocrx_word' id='word_1_251' title='bbox 1348 2152 1535 2222; x_wconf 85' lang='lat' dir='ltr'><strong>itaque</strong></span> <span class='ocrx_word' id='word_1_252' title='bbox 1562 2167 1770 2206; x_wconf 88' lang='lat' dir='ltr'><strong>annum</strong></span> <span class='ocrx_word' id='word_1_253' title='bbox 1795 2153 1956 2222; x_wconf 84' lang='lat' dir='ltr'><strong>quasi</strong></span> <span class='ocrx_word' id='word_1_254' title='bbox 1982 2168 2076 2207; x_wconf 90' lang='lat' dir='ltr'><strong>co-</strong></span> 
     </span>
    </p>
   </div>
   <div class='ocr_carea' id='block_1_32' title="bbox 495 2243 2077 2314">
    <p class='ocr_par' dir='ltr' id='par_1_32' title="bbox 495 2243 2077 2314">
     <span class='ocr_line' id='line_1_32' title="bbox 495 2243 2077 2314; baseline 0.001 -18"><span class='ocrx_word' id='word_1_255' title='bbox 495 2257 629 2296; x_wconf 89' lang='lat' dir='ltr'><strong>rona</strong></span> <span class='ocrx_word' id='word_1_256' title='bbox 671 2244 941 2313; x_wconf 89' lang='lat' dir='ltr'><strong>novisque</strong></span> <span class='ocrx_word' id='word_1_257' title='bbox 981 2259 1045 2298; x_wconf 91' lang='lat' dir='ltr'>ac</span> <span class='ocrx_word' id='word_1_258' title='bbox 1084 2243 1354 2313; x_wconf 85' lang='lat' dir='ltr'><strong>speciosis</strong></span> <span class='ocrx_word' id='word_1_259' title='bbox 1379 2244 1627 2306; x_wconf 83' lang='lat' dir='ltr'><strong>ﬂoribus,</strong></span> <span class='ocrx_word' id='word_1_260' title='bbox 1664 2245 1756 2314; x_wconf 92' lang='lat' dir='ltr'>qui</span> <span class='ocrx_word' id='word_1_261' title='bbox 1780 2245 1839 2298; x_wconf 85' lang='lat' dir='ltr'>in</span> <span class='ocrx_word' id='word_1_262' title='bbox 1865 2260 1931 2299; x_wconf 88' lang='lat' dir='ltr'>eo</span> <span class='ocrx_word' id='word_1_263' title='bbox 1957 2259 2077 2298; x_wconf 88' lang='lat' dir='ltr'><strong>ver-</strong></span> 
     </span>
    </p>
   </div>
   <div class='ocr_carea' id='block_1_33' title="bbox 496 2332 2075 2404">
    <p class='ocr_par' dir='ltr' id='par_1_33' title="bbox 496 2332 2075 2404">
     <span class='ocr_line' id='line_1_33' title="bbox 496 2332 2075 2404; baseline 0.002 -18"><span class='ocrx_word' id='word_1_264' title='bbox 496 2332 668 2386; x_wconf 86' lang='lat' dir='ltr'><strong>saturi</strong></span> <span class='ocrx_word' id='word_1_265' title='bbox 715 2341 864 2396; x_wconf 91' lang='lat' dir='ltr'><strong>sunt,</strong></span> <span class='ocrx_word' id='word_1_266' title='bbox 911 2333 1246 2395; x_wconf 86' lang='lat' dir='ltr'><strong>ornandum,</strong></span> <span class='ocrx_word' id='word_1_267' title='bbox 1301 2348 1485 2387; x_wconf 89' lang='lat' dir='ltr'><strong>sermo</strong></span> <span class='ocrx_word' id='word_1_268' title='bbox 1528 2349 1772 2404; x_wconf 64' lang='lat' dir='ltr'><strong>praesens</strong></span> <span class='ocrx_word' id='word_1_269' title='bbox 1809 2337 2075 2389; x_wconf 83' lang='lat' dir='ltr'><strong>vaticina-</strong></span> 
     </span>
    </p>
   </div>
   <div class='ocr_carea' id='block_1_34' title="bbox 496 2421 2076 2494">
    <p class='ocr_par' dir='ltr' id='par_1_34' title="bbox 496 2421 2076 2494">
     <span class='ocr_line' id='line_1_34' title="bbox 496 2421 2076 2494; baseline 0.004 -20"><span class='ocrx_word' id='word_1_270' title='bbox 496 2431 586 2476; x_wconf 89' lang='lat' dir='ltr'>tur</span> <span class='ocrx_word' id='word_1_271' title='bbox 631 2421 819 2477; x_wconf 90' lang='lat' dir='ltr'><strong>dicens</strong></span> <span class='ocrx_word' id='word_1_272' title='bbox 854 2437 868 2474; x_wconf 89' lang='lat'><strong>:</strong></span> <span class='ocrx_word' id='word_1_273' title='bbox 912 2441 930 2473; x_wconf 79' lang='grc' dir='ltr'>ι</span> <span class='ocrx_word' id='word_1_274' title='bbox 967 2422 1267 2477; x_wconf 83' lang='lat' dir='ltr'><strong>Benedices</strong></span> <span class='ocrx_word' id='word_1_275' title='bbox 1313 2438 1533 2480; x_wconf 72' lang='lat' dir='ltr'><strong>corona:</strong></span> <span class='ocrx_word' id='word_1_276' title='bbox 1559 2425 1688 2478; x_wconf 83' lang='lat' dir='ltr'><strong>anni</strong></span> <span class='ocrx_word' id='word_1_277' title='bbox 1723 2425 2076 2494; x_wconf 80' lang='lat' dir='ltr'><strong>benignitatis</strong></span> 
     </span>
    </p>
   </div>
   <div class='ocr_carea' id='block_1_35' title="bbox 497 2515 2076 2582">
    <p class='ocr_par' dir='ltr' id='par_1_35' title="bbox 497 2515 2076 2582">
     <span class='ocr_line' id='line_1_35' title="bbox 497 2515 2076 2582; baseline 0.005 -13"><span class='ocrx_word' id='word_1_278' title='bbox 497 2524 624 2570; x_wconf 69' lang='lat' dir='ltr'><strong>tuae.</strong></span> <span class='ocrx_word' id='word_1_279' title='bbox 655 2536 673 2567; x_wconf 78' lang='grc' dir='ltr'>ι</span> <span class='ocrx_word' id='word_1_280' title='bbox 695 2515 828 2570; x_wconf 82' lang='lat' dir='ltr'>Nam</span> <span class='ocrx_word' id='word_1_281' title='bbox 863 2517 951 2572; x_wconf 91' lang='lat' dir='ltr'><strong>ille</strong></span> <span class='ocrx_word' id='word_1_282' title='bbox 982 2518 1150 2572; x_wconf 81' lang='lat' dir='ltr'><strong>futuri</strong></span> <span class='ocrx_word' id='word_1_283' title='bbox 1183 2519 1368 2574; x_wconf 68' lang='lat' dir='ltr'><strong>saeculi</strong></span> <span class='ocrx_word' id='word_1_284' title='bbox 1394 2535 1594 2582; x_wconf 85' lang='lat' dir='ltr'><strong>annus,</strong></span> <span class='ocrx_word' id='word_1_285' title='bbox 1631 2535 1755 2574; x_wconf 90' lang='lat' dir='ltr'>cum</span> <span class='ocrx_word' id='word_1_286' title='bbox 1792 2521 1863 2575; x_wconf 86' lang='lat' dir='ltr'>sit</span> <span class='ocrx_word' id='word_1_287' title='bbox 1896 2537 2076 2578; x_wconf 88' lang='lat' dir='ltr'><strong>annos</strong></span> 
     </span>
    </p>
   </div>
   <div class='ocr_carea' id='block_1_36' title="bbox 497 2607 2076 2677">
    <p class='ocr_par' dir='ltr' id='par_1_36' title="bbox 497 2607 2076 2677">
     <span class='ocr_line' id='line_1_36' title="bbox 497 2607 2076 2677; baseline 0.004 -16"><span class='ocrx_word' id='word_1_288' title='bbox 497 2607 847 2677; x_wconf 74' lang='lat' dir='ltr'><strong>benignitatis</strong></span> <span class='ocrx_word' id='word_1_289' title='bbox 881 2608 998 2672; x_wconf 90' lang='lat' dir='ltr'><strong>Dei,</strong></span> <span class='ocrx_word' id='word_1_290' title='bbox 1032 2611 1371 2666; x_wconf 78' lang='lat' dir='ltr'><strong>benedictazn</strong></span> <span class='ocrx_word' id='word_1_291' title='bbox 1404 2626 1664 2666; x_wconf 89' lang='lat' dir='ltr'><strong>coronam</strong></span> <span class='ocrx_word' id='word_1_292' title='bbox 1710 2613 1951 2677; x_wconf 85' lang='lat' dir='ltr'><strong>habebit,</strong></span> <span class='ocrx_word' id='word_1_293' title='bbox 1990 2623 2076 2668; x_wconf 91' lang='lat' dir='ltr'><strong>to-</strong></span> 
     </span>
    </p>
   </div>
   <div class='ocr_carea' id='block_1_37' title="bbox 495 2702 2073 2770">
    <p class='ocr_par' dir='ltr' id='par_1_37' title="bbox 495 2702 2073 2770">
     <span class='ocr_line' id='line_1_37' title="bbox 495 2702 2073 2770; baseline 0.004 -19"><span class='ocrx_word' id='word_1_294' title='bbox 495 2707 610 2752; x_wconf 91' lang='lat' dir='ltr'>tum</span> <span class='ocrx_word' id='word_1_295' title='bbox 630 2715 824 2770; x_wconf 86' lang='lat' dir='ltr'><strong>nempe</strong></span> <span class='ocrx_word' id='word_1_296' title='bbox 841 2712 1156 2756; x_wconf 82' lang='lat' dir='ltr'><strong>sanctorum</strong></span> <span class='ocrx_word' id='word_1_297' title='bbox 1182 2704 1434 2757; x_wconf 89' lang='lat' dir='ltr'><strong>chorum.</strong></span> <span class='ocrx_word' id='word_1_298' title='bbox 1461 2702 1636 2768; x_wconf 85' lang='lat' dir='ltr'><strong>Quam</strong></span> <span class='ocrx_word' id='word_1_299' title='bbox 1661 2719 1924 2758; x_wconf 86' lang='lat' dir='ltr'><strong>coronam</strong></span> <span class='ocrx_word' id='word_1_300' title='bbox 1949 2721 2073 2758; x_wconf 89' lang='lat' dir='ltr'>cum</span> 
     </span>
    </p>
   </div>
   <div class='ocr_carea' id='block_1_38' title="bbox 495 2789 2076 2862">
    <p class='ocr_par' dir='ltr' id='par_1_38' title="bbox 495 2789 2076 2862">
     <span class='ocr_line' id='line_1_38' title="bbox 495 2789 2076 2862; baseline 0.001 -17"><span class='ocrx_word' id='word_1_301' title='bbox 495 2789 854 2853; x_wconf 83' lang='lat' dir='ltr'><strong>benedixerit,</strong></span> <span class='ocrx_word' id='word_1_302' title='bbox 890 2793 1130 2861; x_wconf 91' lang='lat' dir='ltr'><strong>imponet</strong></span> <span class='ocrx_word' id='word_1_303' title='bbox 1153 2794 1254 2847; x_wconf 87' lang='lat' dir='ltr'><strong>sibi</strong></span> <span class='ocrx_word' id='word_1_304' title='bbox 1287 2792 1542 2848; x_wconf 83' lang='lat' dir='ltr'><strong>Christus</strong></span> <span class='ocrx_word' id='word_1_305' title='bbox 1567 2793 1683 2854; x_wconf 90' lang='lat' dir='ltr'><strong>Dei.</strong></span> <span class='ocrx_word' id='word_1_306' title='bbox 1707 2810 1897 2849; x_wconf 90' lang='lat' dir='ltr'><strong>eorum</strong></span> <span class='ocrx_word' id='word_1_307' title='bbox 1929 2797 2076 2862; x_wconf 79' lang='lat' dir='ltr'><strong>agri-</strong></span> 
     </span>
    </p>
   </div>
   <div class='ocr_carea' id='block_1_39' title="bbox 495 2882 2074 2955">
    <p class='ocr_par' dir='ltr' id='par_1_39' title="bbox 495 2882 2074 2955">
     <span class='ocr_line' id='line_1_39' title="bbox 495 2882 2074 2955; baseline 0.001 -17"><span class='ocrx_word' id='word_1_308' title='bbox 495 2884 725 2938; x_wconf 65' lang='lat' dir='ltr'><strong>cultura:</strong></span> <span class='ocrx_word' id='word_1_309' title='bbox 754 2882 982 2940; x_wconf 83' lang='lat' dir='ltr'><strong>ﬂoribus</strong></span> <span class='ocrx_word' id='word_1_310' title='bbox 1016 2885 1329 2940; x_wconf 62' lang='lat' dir='ltr'><strong>decoratus.</strong></span> <span class='ocrx_word' id='word_1_311' title='bbox 1374 2883 1480 2940; x_wconf 85' lang='lat' dir='ltr'><strong>Sed</strong></span> <span class='ocrx_word' id='word_1_312' title='bbox 1513 2885 1682 2942; x_wconf 87' lang='lat' dir='ltr'><strong>etiam</strong></span> <span class='ocrx_word' id='word_1_313' title='bbox 1716 2887 1833 2955; x_wconf 89' lang='lat' dir='ltr'><strong>ipse</strong></span> <span class='ocrx_word' id='word_1_314' title='bbox 1855 2902 2074 2941; x_wconf 90' lang='lat' dir='ltr'><strong>eorum-</strong></span> 
     </span>
    </p>
   </div>
   <div class='ocr_carea' id='block_1_40' title="bbox 494 2961 2068 3046">
    <p class='ocr_par' dir='ltr' id='par_1_40' title="bbox 494 2961 2068 3046">
     <span class='ocr_line' id='line_1_40' title="bbox 494 2961 2068 3046; baseline 0.003 -18"><span class='ocrx_word' id='word_1_315' title='bbox 494 2961 617 3029; x_wconf 67' lang='lat' dir='ltr'><strong>deni</strong></span> <span class='ocrx_word' id='word_1_316' title='bbox 646 2989 849 3028; x_wconf 89' lang='lat' dir='ltr'><strong>corona</strong></span> <span class='ocrx_word' id='word_1_317' title='bbox 873 2975 978 3029; x_wconf 85' lang='lat' dir='ltr'><strong>erit</strong></span> <span class='ocrx_word' id='word_1_318' title='bbox 1025 2975 1328 3030; x_wconf 88' lang='lat' dir='ltr'><strong>secundum</strong></span> <span class='ocrx_word' id='word_1_319' title='bbox 1373 2976 1570 3031; x_wconf 84' lang='lat' dir='ltr'><strong>Isaiam</strong></span> <span class='ocrx_word' id='word_1_320' title='bbox 1601 2976 1682 3031; x_wconf 90' lang='lat' dir='ltr'>sic</span> <span class='ocrx_word' id='word_1_321' title='bbox 1719 2977 2028 3046; x_wconf 82' lang='lat' dir='ltr'><strong>loquentem</strong></span> <span class='ocrx_word' id='word_1_322' title='bbox 2057 2997 2068 3033; x_wconf 91' lang='lat'>:</span> 
     </span>
    </p>
   </div>
   <div class='ocr_carea' id='block_1_41' title="bbox 500 3059 2074 3134">
    <p class='ocr_par' dir='ltr' id='par_1_41' title="bbox 500 3059 2074 3134">
     <span class='ocr_line' id='line_1_41' title="bbox 500 3059 2074 3134; baseline 0.005 -24"><span class='ocrx_word' id='word_1_323' title='bbox 500 3079 519 3110; x_wconf 73' lang='grc' dir='ltr'>ι</span> <span class='ocrx_word' id='word_1_324' title='bbox 563 3059 628 3114; x_wconf 88' lang='lat' dir='ltr'>Et</span> <span class='ocrx_word' id='word_1_325' title='bbox 657 3063 761 3116; x_wconf 90' lang='lat' dir='ltr'><strong>erit</strong></span> <span class='ocrx_word' id='word_1_326' title='bbox 793 3061 1060 3117; x_wconf 90' lang='lat' dir='ltr'><strong>Dominus</strong></span> <span class='ocrx_word' id='word_1_327' title='bbox 1114 3063 1355 3118; x_wconf 86' lang='lat' dir='ltr'><strong>Sabaoth</strong></span> <span class='ocrx_word' id='word_1_328' title='bbox 1404 3077 1610 3118; x_wconf 88' lang='lat' dir='ltr'><strong>corona</strong></span> <span class='ocrx_word' id='word_1_329' title='bbox 1651 3065 1858 3134; x_wconf 72' lang='lat' dir='ltr'><strong>gloriae.</strong></span> <span class='ocrx_word' id='word_1_330' title='bbox 1917 3062 2074 3118; x_wconf 89' lang='lat' dir='ltr'><strong>Tunc</strong></span> 
     </span>
    </p>
   </div>
   <div class='ocr_carea' id='block_1_42' title="bbox 2180 1864 3824 1943">
    <p class='ocr_par' dir='ltr' id='par_1_42' title="bbox 2180 1864 3824 1943">
     <span class='ocr_line' id='line_1_42' title="bbox 2180 1864 3824 1943; baseline -0.001 -19"><span class='ocrx_word' id='word_1_331' title='bbox 2180 1871 2422 1926; x_wconf 74' lang='grc' dir='ltr'>ἐνιαυτὸν</span> <span class='ocrx_word' id='word_1_332' title='bbox 2445 1873 2652 1943; x_wconf 82' lang='grc' dir='ltr'>Κυρίου</span> <span class='ocrx_word' id='word_1_333' title='bbox 2671 1871 2880 1936; x_wconf 79' lang='grc' dir='ltr'>δεκτδν,</span> <span class='ocrx_word' id='word_1_334' title='bbox 2916 1873 3008 1926; x_wconf 82' lang='grc' dir='ltr'>καὶ</span> <span class='ocrx_word' id='word_1_335' title='bbox 3033 1872 3251 1943; x_wconf 73' lang='grc' dir='ltr'>ἡμέραν</span> <span class='ocrx_word' id='word_1_336' title='bbox 3273 1864 3733 1933; x_wconf 80' lang='grc' dir='ltr'>ἀνταποδόσεως</span> <span class='ocrx_word' id='word_1_337' title='bbox 3756 1887 3770 1899; x_wconf 89' lang='grc'>·</span> <span class='ocrx_word' id='word_1_338' title='bbox 3803 1891 3824 1922; x_wconf 72' lang='grc' dir='ltr'>ι</span> 
     </span>
    </p>
   </div>
   <div class='ocr_carea' id='block_1_43' title="bbox 2178 1964 3828 2037">
    <p class='ocr_par' dir='ltr' id='par_1_43' title="bbox 2178 1964 3828 2037">
     <span class='ocr_line' id='line_1_43' title="bbox 2178 1964 3828 2037; baseline -0.001 -19"><span class='ocrx_word' id='word_1_339' title='bbox 2178 1966 2402 2029; x_wconf 81' lang='grc' dir='ltr'>εἰκότως</span> <span class='ocrx_word' id='word_1_340' title='bbox 2441 1966 2534 2023; x_wconf 73' lang='grc' dir='ltr'>καὶ</span> <span class='ocrx_word' id='word_1_341' title='bbox 2562 1965 2797 2021; x_wconf 88' lang='grc' dir='ltr'>ἐνταῦθα</span> <span class='ocrx_word' id='word_1_342' title='bbox 2821 1965 2918 2036; x_wconf 84' lang='grc' dir='ltr'>τὴν</span> <span class='ocrx_word' id='word_1_343' title='bbox 2945 1966 3156 2037; x_wconf 79' lang='grc' dir='ltr'>ἡμέραν</span> <span class='ocrx_word' id='word_1_344' title='bbox 3186 1965 3444 2035; x_wconf 85' lang='grc' dir='ltr'>σημαίνει</span> <span class='ocrx_word' id='word_1_345' title='bbox 3488 1964 3611 2035; x_wconf 83' lang='grc' dir='ltr'>τῆς</span> <span class='ocrx_word' id='word_1_346' title='bbox 3643 1969 3828 2017; x_wconf 81' lang='grc' dir='ltr'>αντα·-</span> 
     </span>
    </p>
   </div>
   <div class='ocr_carea' id='block_1_44' title="bbox 2179 2055 3827 2130">
    <p class='ocr_par' dir='ltr' id='par_1_44' title="bbox 2179 2055 3827 2130">
     <span class='ocr_line' id='line_1_44' title="bbox 2179 2055 3827 2130; baseline -0.002 -19"><span class='ocrx_word' id='word_1_347' title='bbox 2179 2059 2469 2121; x_wconf 87' lang='grc' dir='ltr'>ποδόσεως.</span> <span class='ocrx_word' id='word_1_348' title='bbox 2496 2059 2653 2115; x_wconf 80' lang='grc' dir='ltr'>Ἐστι</span> <span class='ocrx_word' id='word_1_349' title='bbox 2677 2058 2734 2111; x_wconf 84' lang='grc' dir='ltr'>δὲ</span> <span class='ocrx_word' id='word_1_350' title='bbox 2760 2057 2898 2130; x_wconf 74' lang='grc' dir='ltr'>αὕτη</span> <span class='ocrx_word' id='word_1_351' title='bbox 2923 2061 2952 2112; x_wconf 84' lang='grc' dir='ltr'>ὁ</span> <span class='ocrx_word' id='word_1_352' title='bbox 2975 2058 3183 2128; x_wconf 82' lang='grc' dir='ltr'>μέλλων</span> <span class='ocrx_word' id='word_1_353' title='bbox 3215 2057 3641 2129; x_wconf 78' lang='grc' dir='ltr'>ἐπιστήσεσθαι</span> <span class='ocrx_word' id='word_1_354' title='bbox 3677 2055 3827 2109; x_wconf 82' lang='grc' dir='ltr'>αἰὼν</span> 
     </span>
    </p>
   </div>
   <div class='ocr_carea' id='block_1_45' title="bbox 2182 2147 3821 2222">
    <p class='ocr_par' dir='ltr' id='par_1_45' title="bbox 2182 2147 3821 2222">
     <span class='ocr_line' id='line_1_45' title="bbox 2182 2147 3821 2222; baseline -0.002 -20"><span class='ocrx_word' id='word_1_355' title='bbox 2182 2149 2320 2220; x_wconf 82' lang='grc' dir='ltr'>μετά</span> <span class='ocrx_word' id='word_1_356' title='bbox 2355 2149 2455 2222; x_wconf 80' lang='grc' dir='ltr'>τὴν</span> <span class='ocrx_word' id='word_1_357' title='bbox 2493 2148 2590 2202; x_wconf 89' lang='grc' dir='ltr'>τοῦ</span> <span class='ocrx_word' id='word_1_358' title='bbox 2629 2149 2925 2212; x_wconf 80' lang='grc' dir='ltr'>ἐνεστῶτος</span> <span class='ocrx_word' id='word_1_359' title='bbox 2969 2150 3297 2202; x_wconf 83' lang='grc' dir='ltr'>συντέλειαν.</span> <span class='ocrx_word' id='word_1_360' title='bbox 3337 2149 3590 2202; x_wconf 81' lang='grc' dir='ltr'>Ἐκεῖνον</span> <span class='ocrx_word' id='word_1_361' title='bbox 3619 2147 3821 2201; x_wconf 77' lang='grc' dir='ltr'>τοίνυν</span> 
     </span>
    </p>
   </div>
   <div class='ocr_carea' id='block_1_46' title="bbox 2175 2229 3822 2313">
    <p class='ocr_par' dir='ltr' id='par_1_46' title="bbox 2175 2229 3822 2313">
     <span class='ocr_line' id='line_1_46' title="bbox 2175 2229 3822 2313; baseline -0.002 -19"><span class='ocrx_word' id='word_1_362' title='bbox 2175 2241 2268 2295; x_wconf 75' lang='grc' dir='ltr'>τὸν</span> <span class='ocrx_word' id='word_1_363' title='bbox 2301 2243 2544 2296; x_wconf 69' lang='grc' dir='ltr'>ἐνιαυτὸν</span> <span class='ocrx_word' id='word_1_364' title='bbox 2569 2241 2758 2312; x_wconf 83' lang='grc' dir='ltr'>ὥσπερ</span> <span class='ocrx_word' id='word_1_365' title='bbox 2791 2239 3041 2311; x_wconf 83' lang='grc' dir='ltr'>στεφάνῳ</span> <span class='ocrx_word' id='word_1_366' title='bbox 3078 2241 3528 2313; x_wconf 79' lang='grc' dir='ltr'>κοσμηθήσεσθαι</span> <span class='ocrx_word' id='word_1_367' title='bbox 3557 2239 3669 2292; x_wconf 78' lang='grc' dir='ltr'>διὰ</span> <span class='ocrx_word' id='word_1_368' title='bbox 3703 2229 3822 2291; x_wconf 67' lang='grc' dir='ltr'>τῶν</span> 
     </span>
    </p>
   </div>
   <div class='ocr_carea' id='block_1_47' title="bbox 2177 2329 3818 2403">
    <p class='ocr_par' dir='ltr' id='par_1_47' title="bbox 2177 2329 3818 2403">
     <span class='ocr_line' id='line_1_47' title="bbox 2177 2329 3818 2403; baseline 0 -20"><span class='ocrx_word' id='word_1_369' title='bbox 2177 2331 2385 2401; x_wconf 81' lang='grc' dir='ltr'>νεαρῶν</span> <span class='ocrx_word' id='word_1_370' title='bbox 2420 2333 2512 2384; x_wconf 66' lang='grc' dir='ltr'>καὶ</span> <span class='ocrx_word' id='word_1_371' title='bbox 2556 2332 2776 2403; x_wconf 84' lang='grc' dir='ltr'>ὡραίων</span> <span class='ocrx_word' id='word_1_372' title='bbox 2825 2331 3003 2385; x_wconf 83' lang='grc' dir='ltr'>ἀνθῶν</span> <span class='ocrx_word' id='word_1_373' title='bbox 3035 2332 3143 2384; x_wconf 91' lang='grc' dir='ltr'>τῶν</span> <span class='ocrx_word' id='word_1_374' title='bbox 3181 2333 3484 2403; x_wconf 86' lang='grc' dir='ltr'>μελλόντων</span> <span class='ocrx_word' id='word_1_375' title='bbox 3528 2334 3597 2384; x_wconf 89' lang='grc' dir='ltr'>ἐν</span> <span class='ocrx_word' id='word_1_376' title='bbox 3649 2329 3818 2401; x_wconf 77' lang='grc' dir='ltr'>αὑτῷ</span> 
     </span>
    </p>
   </div>
   <div class='ocr_carea' id='block_1_48' title="bbox 2178 2422 3812 2493">
    <p class='ocr_par' dir='ltr' id='par_1_48' title="bbox 2178 2422 3812 2493">
     <span class='ocr_line' id='line_1_48' title="bbox 2178 2422 3812 2493; baseline -0.001 -18"><span class='ocrx_word' id='word_1_377' title='bbox 2178 2422 2596 2488; x_wconf 81' lang='grc' dir='ltr'>πολιτεύεσθαι,</span> <span class='ocrx_word' id='word_1_378' title='bbox 2653 2423 2715 2475; x_wconf 82' lang='grc' dir='ltr'>τὸ</span> <span class='ocrx_word' id='word_1_379' title='bbox 2769 2423 2942 2493; x_wconf 82' lang='grc' dir='ltr'>παρὸν</span> <span class='ocrx_word' id='word_1_380' title='bbox 2994 2422 3240 2487; x_wconf 75' lang='grc' dir='ltr'>θεσπίζει</span> <span class='ocrx_word' id='word_1_381' title='bbox 3296 2424 3477 2492; x_wconf 85' lang='grc' dir='ltr'>λόγιον</span> <span class='ocrx_word' id='word_1_382' title='bbox 3534 2425 3812 2492; x_wconf 76' lang='grc' dir='ltr'>φάσκον·</span> 
     </span>
    </p>
   </div>
   <div class='ocr_carea' id='block_1_49' title="bbox 2183 2513 3814 2586">
    <p class='ocr_par' dir='ltr' id='par_1_49' title="bbox 2183 2513 3814 2586">
     <span class='ocr_line' id='line_1_49' title="bbox 2183 2513 3814 2586; baseline 0.001 -22"><span class='ocrx_word' id='word_1_383' title='bbox 2183 2531 2200 2564; x_wconf 72' lang='grc' dir='ltr'>ι</span> <span class='ocrx_word' id='word_1_384' title='bbox 2243 2513 2572 2584; x_wconf 79' lang='grc' dir='ltr'>Εὑλογήσεις</span> <span class='ocrx_word' id='word_1_385' title='bbox 2599 2514 2689 2566; x_wconf 86' lang='grc' dir='ltr'>τὸν</span> <span class='ocrx_word' id='word_1_386' title='bbox 2720 2514 2982 2584; x_wconf 84' lang='grc' dir='ltr'>στέφανον</span> <span class='ocrx_word' id='word_1_387' title='bbox 3020 2515 3114 2568; x_wconf 84' lang='grc' dir='ltr'>τοῦ</span> <span class='ocrx_word' id='word_1_388' title='bbox 3146 2514 3392 2570; x_wconf 77' lang='grc' dir='ltr'>ἐνιαυτοῦ</span> <span class='ocrx_word' id='word_1_389' title='bbox 3415 2516 3514 2586; x_wconf 75' lang='grc' dir='ltr'>τῆς</span> <span class='ocrx_word' id='word_1_390' title='bbox 3542 2513 3814 2585; x_wconf 79' lang='grc' dir='ltr'>χρηστό-</span> 
     </span>
    </p>
   </div>
   <div class='ocr_carea' id='block_1_50' title="bbox 2176 2607 3812 2680">
    <p class='ocr_par' dir='ltr' id='par_1_50' title="bbox 2176 2607 3812 2680">
     <span class='ocr_line' id='line_1_50' title="bbox 2176 2607 3812 2680; baseline -0.001 -19"><span class='ocrx_word' id='word_1_391' title='bbox 2176 2608 2337 2679; x_wconf 80' lang='grc' dir='ltr'>τητός</span> <span class='ocrx_word' id='word_1_392' title='bbox 2377 2625 2493 2662; x_wconf 88' lang='grc' dir='ltr'>σου.</span> <span class='ocrx_word' id='word_1_393' title='bbox 2539 2628 2556 2658; x_wconf 77' lang='grc' dir='ltr'>ι</span> <span class='ocrx_word' id='word_1_394' title='bbox 2604 2609 2661 2662; x_wconf 86' lang='grc' dir='ltr'>Ὀ</span> <span class='ocrx_word' id='word_1_395' title='bbox 2694 2609 2802 2680; x_wconf 88' lang='grc' dir='ltr'>γάρ</span> <span class='ocrx_word' id='word_1_396' title='bbox 2837 2609 3082 2672; x_wconf 80' lang='grc' dir='ltr'>ἐνιαυτὸς</span> <span class='ocrx_word' id='word_1_397' title='bbox 3126 2610 3332 2672; x_wconf 88' lang='grc' dir='ltr'>ἐκεῖνος</span> <span class='ocrx_word' id='word_1_398' title='bbox 3367 2611 3395 2661; x_wconf 84' lang='grc' dir='ltr'>ὁ</span> <span class='ocrx_word' id='word_1_399' title='bbox 3427 2608 3521 2660; x_wconf 88' lang='grc' dir='ltr'>τοῦ</span> <span class='ocrx_word' id='word_1_400' title='bbox 3556 2607 3812 2678; x_wconf 80' lang='grc' dir='ltr'>μέλλον-</span> 
     </span>
    </p>
   </div>
   <div class='ocr_carea' id='block_1_51' title="bbox 2175 2699 3808 2778">
    <p class='ocr_par' dir='ltr' id='par_1_51' title="bbox 2175 2699 3808 2778">
     <span class='ocr_line' id='line_1_51' title="bbox 2175 2699 3808 2778; baseline -0.001 -26"><span class='ocrx_word' id='word_1_401' title='bbox 2175 2716 2267 2762; x_wconf 89' lang='grc' dir='ltr'>τος</span> <span class='ocrx_word' id='word_1_402' title='bbox 2287 2699 2506 2763; x_wconf 78' lang='grc' dir='ltr'>αἰῶνος,</span> <span class='ocrx_word' id='word_1_403' title='bbox 2541 2700 2908 2778; x_wconf 76' lang='grc' dir='ltr'>χρηστότητος</span> <span class='ocrx_word' id='word_1_404' title='bbox 2939 2699 3014 2752; x_wconf 82' lang='grc' dir='ltr'>ὢν</span> <span class='ocrx_word' id='word_1_405' title='bbox 3048 2699 3204 2764; x_wconf 83' lang='grc' dir='ltr'>Θεοῦ,</span> <span class='ocrx_word' id='word_1_406' title='bbox 3242 2701 3502 2770; x_wconf 82' lang='grc' dir='ltr'>στέφανον</span> <span class='ocrx_word' id='word_1_407' title='bbox 3534 2699 3668 2763; x_wconf 70' lang='grc' dir='ltr'>ἕξει</span> <span class='ocrx_word' id='word_1_408' title='bbox 3703 2699 3808 2767; x_wconf 68' lang='grc' dir='ltr'>ηὑσ-</span> 
     </span>
    </p>
   </div>
   <div class='ocr_carea' id='block_1_52' title="bbox 2175 2789 3804 2862">
    <p class='ocr_par' dir='ltr' id='par_1_52' title="bbox 2175 2789 3804 2862">
     <span class='ocr_line' id='line_1_52' title="bbox 2175 2789 3804 2862; baseline 0.001 -21"><span class='ocrx_word' id='word_1_409' title='bbox 2175 2789 2473 2860; x_wconf 78' lang='grc' dir='ltr'>λογημένον</span> <span class='ocrx_word' id='word_1_410' title='bbox 2495 2830 2510 2853; x_wconf 92' lang='grc'>,</span> <span class='ocrx_word' id='word_1_411' title='bbox 2568 2790 2859 2860; x_wconf 82' lang='grc' dir='ltr'>σύμπαντα</span> <span class='ocrx_word' id='word_1_412' title='bbox 2926 2791 3083 2862; x_wconf 74' lang='grc' dir='ltr'>χορὸν</span> <span class='ocrx_word' id='word_1_413' title='bbox 3131 2791 3240 2845; x_wconf 81' lang='grc' dir='ltr'>τῶν</span> <span class='ocrx_word' id='word_1_414' title='bbox 3303 2792 3493 2860; x_wconf 85' lang='grc' dir='ltr'>ἁγίων.</span> <span class='ocrx_word' id='word_1_415' title='bbox 3551 2793 3804 2844; x_wconf 88' lang='grc' dir='ltr'>Ὄντινα</span> 
     </span>
    </p>
   </div>
   <div class='ocr_carea' id='block_1_53' title="bbox 2178 2881 3802 2954">
    <p class='ocr_par' dir='ltr' id='par_1_53' title="bbox 2178 2881 3802 2954">
     <span class='ocr_line' id='line_1_53' title="bbox 2178 2881 3802 2954; baseline 0 -20"><span class='ocrx_word' id='word_1_416' title='bbox 2178 2883 2468 2951; x_wconf 82' lang='grc' dir='ltr'>στέφανον,</span> <span class='ocrx_word' id='word_1_417' title='bbox 2520 2883 2854 2953; x_wconf 70' lang='grc' dir='ltr'>εὐλογήσας,</span> <span class='ocrx_word' id='word_1_418' title='bbox 2901 2882 3257 2953; x_wconf 85' lang='grc' dir='ltr'>περιθήσεται</span> <span class='ocrx_word' id='word_1_419' title='bbox 3310 2886 3340 2937; x_wconf 86' lang='grc' dir='ltr'>ὁ</span> <span class='ocrx_word' id='word_1_420' title='bbox 3393 2885 3644 2954; x_wconf 75' lang='grc' dir='ltr'>Χριστὸς</span> <span class='ocrx_word' id='word_1_421' title='bbox 3699 2881 3802 2935; x_wconf 76' lang='grc' dir='ltr'>τοῦ</span> 
     </span>
    </p>
   </div>
   <div class='ocr_carea' id='block_1_54' title="bbox 2176 2970 3796 3046">
    <p class='ocr_par' dir='ltr' id='par_1_54' title="bbox 2176 2970 3796 3046">
     <span class='ocr_line' id='line_1_54' title="bbox 2176 2970 3796 3046; baseline 0.001 -23"><span class='ocrx_word' id='word_1_422' title='bbox 2176 2970 2332 3033; x_wconf 82' lang='grc' dir='ltr'>Θεοῦ,</span> <span class='ocrx_word' id='word_1_423' title='bbox 2357 2975 2468 3034; x_wconf 88' lang='grc' dir='ltr'>τοῖς</span> <span class='ocrx_word' id='word_1_424' title='bbox 2493 2972 2591 3040; x_wconf 84' lang='grc' dir='ltr'>τῆς</span> <span class='ocrx_word' id='word_1_425' title='bbox 2619 2971 2798 3024; x_wconf 82' lang='grc' dir='ltr'>αὐτῶν</span> <span class='ocrx_word' id='word_1_426' title='bbox 2819 2971 3093 3043; x_wconf 83' lang='grc' dir='ltr'>γεωργίας</span> <span class='ocrx_word' id='word_1_427' title='bbox 3122 2973 3338 3026; x_wconf 82' lang='grc' dir='ltr'>ἄνθεσιν</span> <span class='ocrx_word' id='word_1_428' title='bbox 3377 2974 3796 3046; x_wconf 73' lang='grc' dir='ltr'>ὡραϊζομενος.</span> 
     </span>
    </p>
   </div>
   <div class='ocr_carea' id='block_1_55' title="bbox 2189 3061 3802 3133">
    <p class='ocr_par' dir='ltr' id='par_1_55' title="bbox 2189 3061 3802 3133">
     <span class='ocr_line' id='line_1_55' title="bbox 2189 3061 3802 3133; baseline 0.004 -20"><span class='ocrx_word' id='word_1_429' title='bbox 2189 3061 2348 3114; x_wconf 77' lang='grc' dir='ltr'>Ἀλλά</span> <span class='ocrx_word' id='word_1_430' title='bbox 2369 3064 2463 3114; x_wconf 73' lang='grc' dir='ltr'>καὶ</span> <span class='ocrx_word' id='word_1_431' title='bbox 2487 3063 2647 3125; x_wconf 69' lang='grc' dir='ltr'>αὐτὸς</span> <span class='ocrx_word' id='word_1_432' title='bbox 2685 3061 2866 3116; x_wconf 79' lang='grc' dir='ltr'>αὐτῶν</span> <span class='ocrx_word' id='word_1_433' title='bbox 2888 3063 3179 3133; x_wconf 85' lang='grc' dir='ltr'>γενήσεται</span> <span class='ocrx_word' id='word_1_434' title='bbox 3216 3065 3480 3133; x_wconf 84' lang='grc' dir='ltr'>στέφανος</span> <span class='ocrx_word' id='word_1_435' title='bbox 3511 3066 3668 3120; x_wconf 77' lang='grc' dir='ltr'>κατὰ</span> <span class='ocrx_word' id='word_1_436' title='bbox 3699 3065 3802 3119; x_wconf 66' lang='grc' dir='ltr'>τὸν</span> 
     </span>
    </p>
   </div>
   <div class='ocr_carea' id='block_1_56' title="bbox 494 3151 2073 3226">
    <p class='ocr_par' dir='ltr' id='par_1_56' title="bbox 494 3152 2070 3222">
     <span class='ocr_line' id='line_1_56' title="bbox 494 3152 2070 3222; baseline 0.001 -16"><span class='ocrx_word' id='word_1_437' title='bbox 494 3152 674 3221; x_wconf 88' lang='lat' dir='ltr'><strong>campi</strong></span> <span class='ocrx_word' id='word_1_438' title='bbox 707 3152 800 3206; x_wconf 88' lang='lat' dir='ltr'>Dei</span> <span class='ocrx_word' id='word_1_439' title='bbox 838 3153 1199 3222; x_wconf 90' lang='lat' dir='ltr'><strong>replebuntur</strong></span> <span class='ocrx_word' id='word_1_440' title='bbox 1223 3154 1495 3219; x_wconf 85' lang='lat' dir='ltr'><strong>ubertate,</strong></span> <span class='ocrx_word' id='word_1_441' title='bbox 1529 3163 1586 3210; x_wconf 88' lang='lat' dir='ltr'>et</span> <span class='ocrx_word' id='word_1_442' title='bbox 1622 3163 1838 3211; x_wconf 87' lang='lat' dir='ltr'><strong>montes</strong></span> <span class='ocrx_word' id='word_1_443' title='bbox 1869 3154 2070 3210; x_wconf 78' lang='lat' dir='ltr'><strong>deserti</strong></span> 
     </span>
    </p>
   </div>
   <div class='ocr_carea' id='block_1_57' title="bbox 2179 3151 3797 3226">
    <p class='ocr_par' dir='ltr' id='par_1_57' title="bbox 2188 3151 3797 3225">
     <span class='ocr_line' id='line_1_57' title="bbox 2188 3151 3797 3225; baseline 0.004 -21"><span class='ocrx_word' id='word_1_444' title='bbox 2188 3151 2415 3205; x_wconf 78' lang='grc' dir='ltr'>Ἡσαΐαν</span> <span class='ocrx_word' id='word_1_445' title='bbox 2439 3154 2714 3222; x_wconf 80' lang='grc' dir='ltr'>φήσαντα·</span> <span class='ocrx_word' id='word_1_446' title='bbox 2743 3172 2759 3201; x_wconf 78' lang='grc' dir='ltr'>ι</span> <span class='ocrx_word' id='word_1_447' title='bbox 2786 3155 2894 3206; x_wconf 74' lang='grc' dir='ltr'>Καὶ</span> <span class='ocrx_word' id='word_1_448' title='bbox 2929 3154 3078 3208; x_wconf 79' lang='grc' dir='ltr'>ἔσται</span> <span class='ocrx_word' id='word_1_449' title='bbox 3110 3154 3311 3225; x_wconf 78' lang='grc' dir='ltr'>Κύριος</span> <span class='ocrx_word' id='word_1_450' title='bbox 3341 3157 3569 3211; x_wconf 84' lang='grc' dir='ltr'>Σαϐαὼθ</span> <span class='ocrx_word' id='word_1_451' title='bbox 3598 3160 3632 3212; x_wconf 74' lang='grc' dir='ltr'><strong><em>ὁ</em></strong></span> <span class='ocrx_word' id='word_1_452' title='bbox 3666 3157 3797 3210; x_wconf 76' lang='grc' dir='ltr'>στέ-</span> 
     </span>
    </p>
   </div>
   <div class='ocr_carea' id='block_1_58' title="bbox 494 3243 2071 3312">
    <p class='ocr_par' dir='ltr' id='par_1_58' title="bbox 494 3243 2071 3312">
     <span class='ocr_line' id='line_1_58' title="bbox 494 3243 2071 3312; baseline 0.004 -16"><span class='ocrx_word' id='word_1_453' title='bbox 494 3250 624 3296; x_wconf 84' lang='lat' dir='ltr'><strong>tuoc</strong></span> <span class='ocrx_word' id='word_1_454' title='bbox 657 3243 1014 3312; x_wconf 79' lang='lat' dir='ltr'><strong>pinguescent</strong></span> <span class='ocrx_word' id='word_1_455' title='bbox 1038 3243 1106 3299; x_wconf 66' lang='grc' dir='ltr'>ιι.</span> <span class='ocrx_word' id='word_1_456' title='bbox 1150 3263 1169 3296; x_wconf 74' lang='grc' dir='ltr'>ι</span> <span class='ocrx_word' id='word_1_457' title='bbox 1203 3245 1284 3299; x_wconf 75' lang='lat' dir='ltr'><strong>Ad</strong></span> <span class='ocrx_word' id='word_1_458' title='bbox 1324 3245 1440 3299; x_wconf 73' lang='lat' dir='ltr'><strong>hzec</strong></span> <span class='ocrx_word' id='word_1_459' title='bbox 1482 3247 1650 3301; x_wconf 89' lang='lat' dir='ltr'><strong>etiam</strong></span> <span class='ocrx_word' id='word_1_460' title='bbox 1683 3253 1815 3301; x_wconf 90' lang='lat' dir='ltr'><strong>tunc</strong></span> <span class='ocrx_word' id='word_1_461' title='bbox 1847 3264 1865 3297; x_wconf 75' lang='grc' dir='ltr'>ι</span> <span class='ocrx_word' id='word_1_462' title='bbox 1903 3247 2071 3303; x_wconf 89' lang='lat' dir='ltr'><strong>colles</strong></span> 
     </span>
    </p>
   </div>
   <div class='ocr_carea' id='block_1_59' title="bbox 491 3333 2070 3405">
    <p class='ocr_par' dir='ltr' id='par_1_59' title="bbox 491 3333 2070 3405">
     <span class='ocr_line' id='line_1_59' title="bbox 491 3333 2070 3405; baseline 0.004 -20"><span class='ocrx_word' id='word_1_463' title='bbox 491 3333 855 3388; x_wconf 76' lang='lat' dir='ltr'><strong>exsultatione</strong></span> <span class='ocrx_word' id='word_1_464' title='bbox 873 3335 1194 3405; x_wconf 86' lang='lat' dir='ltr'><strong>accingentu</strong></span> <span class='ocrx_word' id='word_1_465' title='bbox 1205 3351 1248 3391; x_wconf 95' lang='lat' dir='ltr'>r.</span> <span class='ocrx_word' id='word_1_466' title='bbox 1276 3355 1294 3388; x_wconf 72' lang='grc' dir='ltr'>ι</span> <span class='ocrx_word' id='word_1_467' title='bbox 1322 3335 1526 3392; x_wconf 61' lang='lat' dir='ltr'><strong>Praeter</strong></span> <span class='ocrx_word' id='word_1_468' title='bbox 1543 3337 1657 3392; x_wconf 66' lang='lat' dir='ltr'><strong>haec</strong></span> <span class='ocrx_word' id='word_1_469' title='bbox 1680 3346 1864 3392; x_wconf 90' lang='lat' dir='ltr'><strong>autem</strong></span> <span class='ocrx_word' id='word_1_470' title='bbox 1884 3338 2070 3392; x_wconf 77' lang='lat' dir='ltr'><strong>omnia</strong></span> 
     </span>
    </p>
   </div>
   <div class='ocr_carea' id='block_1_60' title="bbox 493 3421 2074 3492">
    <p class='ocr_par' dir='ltr' id='par_1_60' title="bbox 493 3421 2074 3492">
     <span class='ocr_line' id='line_1_60' title="bbox 493 3421 2074 3492; baseline 0.006 -21"><span class='ocrx_word' id='word_1_471' title='bbox 493 3421 694 3475; x_wconf 86' lang='lat' dir='ltr'><strong>arietes</strong></span> <span class='ocrx_word' id='word_1_472' title='bbox 751 3423 934 3476; x_wconf 84' lang='lat' dir='ltr'><strong>ovium</strong></span> <span class='ocrx_word' id='word_1_473' title='bbox 992 3423 1218 3492; x_wconf 90' lang='lat' dir='ltr'><strong>proprio</strong></span> <span class='ocrx_word' id='word_1_474' title='bbox 1287 3425 1488 3480; x_wconf 87' lang='lat' dir='ltr'><strong>vellere</strong></span> <span class='ocrx_word' id='word_1_475' title='bbox 1559 3425 1872 3480; x_wconf 89' lang='lat' dir='ltr'><strong>induentur.</strong></span> <span class='ocrx_word' id='word_1_476' title='bbox 1946 3425 2074 3481; x_wconf 71' lang='lat' dir='ltr'><strong>Haec</strong></span> 
     </span>
    </p>
   </div>
   <div class='ocr_carea' id='block_1_61' title="bbox 494 3512 2074 3584">
    <p class='ocr_par' dir='ltr' id='par_1_61' title="bbox 494 3512 2074 3584">
     <span class='ocr_line' id='line_1_61' title="bbox 494 3512 2074 3584; baseline 0.005 -22"><span class='ocrx_word' id='word_1_477' title='bbox 494 3526 660 3582; x_wconf 89' lang='lat' dir='ltr'><strong>porro</strong></span> <span class='ocrx_word' id='word_1_478' title='bbox 687 3512 978 3580; x_wconf 79' lang='lat' dir='ltr'><strong>intelliges,</strong></span> <span class='ocrx_word' id='word_1_479' title='bbox 1007 3513 1056 3567; x_wconf 87' lang='lat' dir='ltr'>si</span> <span class='ocrx_word' id='word_1_480' title='bbox 1078 3529 1266 3568; x_wconf 85' lang='lat' dir='ltr'><strong>eorum</strong></span> <span class='ocrx_word' id='word_1_481' title='bbox 1291 3515 1384 3584; x_wconf 88' lang='lat' dir='ltr'>qui</span> <span class='ocrx_word' id='word_1_482' title='bbox 1417 3515 1647 3570; x_wconf 82' lang='lat' dir='ltr'><strong>salutem</strong></span> <span class='ocrx_word' id='word_1_483' title='bbox 1675 3517 2074 3571; x_wconf 87' lang='lat' dir='ltr'><strong>nanciscuntur</strong></span> 
     </span>
    </p>
   </div>
   <div class='ocr_carea' id='block_1_62' title="bbox 493 3596 2072 3676">
    <p class='ocr_par' dir='ltr' id='par_1_62' title="bbox 493 3596 2072 3676">
     <span class='ocr_line' id='line_1_62' title="bbox 493 3596 2072 3676; baseline 0.006 -26"><span class='ocrx_word' id='word_1_484' title='bbox 493 3596 814 3651; x_wconf 68' lang='lat' dir='ltr'><strong>iiscrimina</strong></span> <span class='ocrx_word' id='word_1_485' title='bbox 867 3609 1046 3653; x_wconf 86' lang='lat' dir='ltr'><strong>tecum</strong></span> <span class='ocrx_word' id='word_1_486' title='bbox 1101 3611 1341 3670; x_wconf 89' lang='lat' dir='ltr'><strong>reputes.</strong></span> <span class='ocrx_word' id='word_1_487' title='bbox 1400 3601 1646 3669; x_wconf 88' lang='lat' dir='ltr'><strong>Quorum</strong></span> <span class='ocrx_word' id='word_1_488' title='bbox 1703 3605 1797 3662; x_wconf 83' lang='lat' dir='ltr'><strong>alii</strong></span> <span class='ocrx_word' id='word_1_489' title='bbox 1849 3605 2072 3676; x_wconf 84' lang='lat' dir='ltr'><strong>quidem</strong></span> 
     </span>
    </p>
   </div>
   <div class='ocr_carea' id='block_1_63' title="bbox 491 3689 2070 3768">
    <p class='ocr_par' dir='ltr' id='par_1_63' title="bbox 491 3689 2070 3768">
     <span class='ocr_line' id='line_1_63' title="bbox 491 3689 2070 3768; baseline 0.007 -28"><span class='ocrx_word' id='word_1_490' title='bbox 491 3689 898 3754; x_wconf 86' lang='lat' dir='ltr'><strong>comparatione</strong></span> <span class='ocrx_word' id='word_1_491' title='bbox 935 3693 1374 3758; x_wconf 68' lang='lat' dir='ltr'><strong>praestantiorum</strong></span> <span class='ocrx_word' id='word_1_492' title='bbox 1406 3694 1564 3763; x_wconf 90' lang='lat' dir='ltr'><strong>quasi</strong></span> <span class='ocrx_word' id='word_1_493' title='bbox 1598 3693 1860 3751; x_wconf 80' lang='lat' dir='ltr'><strong>inferiore</strong></span> <span class='ocrx_word' id='word_1_494' title='bbox 1898 3695 2070 3768; x_wconf 87' lang='lat' dir='ltr'><strong>gradu</strong></span> 
     </span>
    </p>
   </div>
   <div class='ocr_carea' id='block_1_64' title="bbox 493 3776 2074 3853">
    <p class='ocr_par' dir='ltr' id='par_1_64' title="bbox 493 3776 2074 3853">
     <span class='ocr_line' id='line_1_64' title="bbox 493 3776 2074 3853; baseline 0.009 -25"><span class='ocrx_word' id='word_1_495' title='bbox 493 3776 620 3829; x_wconf 73' lang='lat' dir='ltr'><strong>vita:</strong></span> <span class='ocrx_word' id='word_1_496' title='bbox 650 3776 985 3842; x_wconf 80' lang='lat' dir='ltr'><strong>incedentes,</strong></span> <span class='ocrx_word' id='word_1_497' title='bbox 1021 3779 1313 3850; x_wconf 84' lang='lat' dir='ltr'><strong>allegorice</strong></span> <span class='ocrx_word' id='word_1_498' title='bbox 1365 3783 1546 3853; x_wconf 87' lang='lat' dir='ltr'><strong>campi</strong></span> <span class='ocrx_word' id='word_1_499' title='bbox 1576 3782 1672 3838; x_wconf 87' lang='lat' dir='ltr'>Dei</span> <span class='ocrx_word' id='word_1_500' title='bbox 1709 3785 1958 3842; x_wconf 88' lang='lat' dir='ltr'><strong>ubertate</strong></span> <span class='ocrx_word' id='word_1_501' title='bbox 1987 3804 2074 3842; x_wconf 86' lang='lat' dir='ltr'><strong>re-</strong></span> 
     </span>
    </p>
   </div>
   <div class='ocr_carea' id='block_1_65' title="bbox 493 3866 2072 3946">
    <p class='ocr_par' dir='ltr' id='par_1_65' title="bbox 493 3866 2072 3946">
     <span class='ocr_line' id='line_1_65' title="bbox 493 3866 2072 3946; baseline 0.009 -31"><span class='ocrx_word' id='word_1_502' title='bbox 493 3866 623 3934; x_wconf 89' lang='lat' dir='ltr'><strong>pleti</strong></span> <span class='ocrx_word' id='word_1_503' title='bbox 667 3867 844 3920; x_wconf 78' lang='lat' dir='ltr'><strong>vocati</strong></span> <span class='ocrx_word' id='word_1_504' title='bbox 887 3875 1045 3934; x_wconf 90' lang='lat' dir='ltr'><strong>sunt;</strong></span> <span class='ocrx_word' id='word_1_505' title='bbox 1089 3884 1260 3938; x_wconf 87' lang='lat' dir='ltr'><strong>quare</strong></span> <span class='ocrx_word' id='word_1_506' title='bbox 1301 3871 1510 3926; x_wconf 89' lang='lat' dir='ltr'><strong>dictum</strong></span> <span class='ocrx_word' id='word_1_507' title='bbox 1563 3881 1688 3930; x_wconf 87' lang='lat' dir='ltr'><strong>est:</strong></span> <span class='ocrx_word' id='word_1_508' title='bbox 1721 3893 1738 3926; x_wconf 72' lang='grc' dir='ltr'>ι</span> <span class='ocrx_word' id='word_1_509' title='bbox 1770 3874 1962 3946; x_wconf 86' lang='lat' dir='ltr'><strong>Campi</strong></span> <span class='ocrx_word' id='word_1_510' title='bbox 1994 3877 2072 3931; x_wconf 91' lang='lat' dir='ltr'>tui</span> 
     </span>
    </p>
   </div>
   <div class='ocr_carea' id='block_1_66' title="bbox 427 3957 2071 4036">
    <p class='ocr_par' dir='ltr' id='par_1_66' title="bbox 427 3957 2071 4036">
     <span class='ocr_line' id='line_1_66' title="bbox 427 3957 2071 4036; baseline 0.01 -29"><span class='ocrx_word' id='word_1_511' title='bbox 427 4028 450 4036; x_wconf 73' lang='lat'><strong><em>_</em></strong></span> <span class='ocrx_word' id='word_1_512' title='bbox 492 3957 845 4026; x_wconf 68' lang='lat' dir='ltr'><strong>replebuntur</strong></span> <span class='ocrx_word' id='word_1_513' title='bbox 875 3961 1157 4027; x_wconf 86' lang='lat' dir='ltr'><strong>ubertate;</strong></span> <span class='ocrx_word' id='word_1_514' title='bbox 1198 3981 1217 4014; x_wconf 73' lang='grc' dir='ltr'>ι</span> <span class='ocrx_word' id='word_1_515' title='bbox 1256 3963 1346 4017; x_wconf 83' lang='lat' dir='ltr'><strong>alii</strong></span> <span class='ocrx_word' id='word_1_516' title='bbox 1382 3979 1510 4018; x_wconf 90' lang='lat' dir='ltr'><strong>vero</strong></span> <span class='ocrx_word' id='word_1_517' title='bbox 1534 3965 1706 4019; x_wconf 87' lang='lat' dir='ltr'><strong>variis</strong></span> <span class='ocrx_word' id='word_1_518' title='bbox 1748 3966 1862 4036; x_wconf 86' lang='lat' dir='ltr'><strong>jam</strong></span> <span class='ocrx_word' id='word_1_519' title='bbox 1895 3968 2071 4023; x_wconf 86' lang='lat' dir='ltr'><strong>virtu-</strong></span> 
     </span>
    </p>
   </div>
   <div class='ocr_carea' id='block_1_67' title="bbox 491 4045 2070 4123">
    <p class='ocr_par' dir='ltr' id='par_1_67' title="bbox 491 4045 2070 4123">
     <span class='ocr_line' id='line_1_67' title="bbox 491 4045 2070 4123; baseline 0.009 -25"><span class='ocrx_word' id='word_1_520' title='bbox 491 4045 640 4102; x_wconf 89' lang='lat' dir='ltr'><strong>tibus</strong></span> <span class='ocrx_word' id='word_1_521' title='bbox 670 4045 948 4113; x_wconf 84' lang='lat' dir='ltr'><strong>ﬂorentes,</strong></span> <span class='ocrx_word' id='word_1_522' title='bbox 972 4058 1186 4104; x_wconf 83' lang='lat' dir='ltr'><strong>montes</strong></span> <span class='ocrx_word' id='word_1_523' title='bbox 1210 4049 1466 4107; x_wconf 76' lang='lat' dir='ltr'><strong>Ecclesia:</strong></span> <span class='ocrx_word' id='word_1_524' title='bbox 1489 4054 1647 4123; x_wconf 81' lang='lat' dir='ltr'><strong>prius</strong></span> <span class='ocrx_word' id='word_1_525' title='bbox 1668 4053 1902 4111; x_wconf 69' lang='lat' dir='ltr'><strong>deserta:</strong></span> <span class='ocrx_word' id='word_1_526' title='bbox 1925 4073 2070 4112; x_wconf 90' lang='lat' dir='ltr'><strong>nun-</strong></span> 
     </span>
    </p>
   </div>
   <div class='ocr_carea' id='block_1_68' title="bbox 491 4139 2073 4216">
    <p class='ocr_par' dir='ltr' id='par_1_68' title="bbox 491 4139 2073 4216">
     <span class='ocr_line' id='line_1_68' title="bbox 491 4139 2073 4216; baseline 0.008 -25"><span class='ocrx_word' id='word_1_527' title='bbox 491 4139 672 4208; x_wconf 89' lang='lat' dir='ltr'><strong>cupati</strong></span> <span class='ocrx_word' id='word_1_528' title='bbox 702 4147 850 4194; x_wconf 89' lang='lat' dir='ltr'><strong>sunt.</strong></span> <span class='ocrx_word' id='word_1_529' title='bbox 879 4139 980 4206; x_wconf 88' lang='lat' dir='ltr'>Qui</span> <span class='ocrx_word' id='word_1_530' title='bbox 1009 4149 1062 4196; x_wconf 83' lang='lat' dir='ltr'>et</span> <span class='ocrx_word' id='word_1_531' title='bbox 1092 4141 1196 4212; x_wconf 88' lang='lat' dir='ltr'><strong>ipsi</strong></span> <span class='ocrx_word' id='word_1_532' title='bbox 1226 4142 1459 4198; x_wconf 89' lang='lat' dir='ltr'><strong>ubertim</strong></span> <span class='ocrx_word' id='word_1_533' title='bbox 1481 4145 1692 4216; x_wconf 82' lang='lat' dir='ltr'><strong>irriguti</strong></span> <span class='ocrx_word' id='word_1_534' title='bbox 1719 4162 1749 4198; x_wconf 72' lang='grc' dir='ltr'>ει</span> <span class='ocrx_word' id='word_1_535' title='bbox 1772 4158 2073 4203; x_wconf 89' lang='lat' dir='ltr'><strong>memorato</strong></span> 
     </span>
    </p>
   </div>
   <div class='ocr_carea' id='block_1_69' title="bbox 492 4229 2074 4306">
    <p class='ocr_par' dir='ltr' id='par_1_69' title="bbox 492 4229 2074 4306">
     <span class='ocr_line' id='line_1_69' title="bbox 492 4229 2074 4306; baseline 0.006 -23"><span class='ocrx_word' id='word_1_536' title='bbox 492 4229 735 4292; x_wconf 81' lang='lat' dir='ltr'><strong>ﬂumine,</strong></span> <span class='ocrx_word' id='word_1_537' title='bbox 755 4231 1084 4300; x_wconf 87' lang='lat' dir='ltr'><strong>pinguedine</strong></span> <span class='ocrx_word' id='word_1_538' title='bbox 1104 4235 1347 4306; x_wconf 87' lang='lat' dir='ltr'><strong>replendi</strong></span> <span class='ocrx_word' id='word_1_539' title='bbox 1363 4235 1654 4300; x_wconf 90' lang='lat' dir='ltr'><strong>dicuntur;</strong></span> <span class='ocrx_word' id='word_1_540' title='bbox 1672 4236 1768 4292; x_wconf 89' lang='lat' dir='ltr'>sed</span> <span class='ocrx_word' id='word_1_541' title='bbox 1784 4239 1952 4293; x_wconf 90' lang='lat' dir='ltr'><strong>etiam</strong></span> <span class='ocrx_word' id='word_1_542' title='bbox 1968 4239 2074 4294; x_wconf 91' lang='lat' dir='ltr'><strong>col-</strong></span> 
     </span>
    </p>
   </div>
   <div class='ocr_carea' id='block_1_70' title="bbox 493 4317 2073 4396">
    <p class='ocr_par' dir='ltr' id='par_1_70' title="bbox 493 4317 2073 4396">
     <span class='ocr_line' id='line_1_70' title="bbox 493 4317 2073 4396; baseline 0.006 -26"><span class='ocrx_word' id='word_1_543' title='bbox 493 4317 573 4372; x_wconf 82' lang='lat' dir='ltr'>les</span> <span class='ocrx_word' id='word_1_544' title='bbox 591 4317 658 4372; x_wconf 86' lang='lat' dir='ltr'>iis</span> <span class='ocrx_word' id='word_1_545' title='bbox 674 4335 891 4389; x_wconf 86' lang='lat' dir='ltr'><strong>quoque</strong></span> <span class='ocrx_word' id='word_1_546' title='bbox 906 4321 1276 4384; x_wconf 87' lang='lat' dir='ltr'><strong>sublimiores.</strong></span> <span class='ocrx_word' id='word_1_547' title='bbox 1297 4325 1376 4379; x_wconf 91' lang='lat' dir='ltr'>sic</span> <span class='ocrx_word' id='word_1_548' title='bbox 1392 4324 1600 4396; x_wconf 90' lang='lat' dir='ltr'><strong>tropice</strong></span> <span class='ocrx_word' id='word_1_549' title='bbox 1615 4327 1813 4388; x_wconf 87' lang='lat' dir='ltr'><strong>vocati,</strong></span> <span class='ocrx_word' id='word_1_550' title='bbox 1830 4327 2073 4382; x_wconf 79' lang='lat' dir='ltr'><strong>exsulta-</strong></span> 
     </span>
    </p>
   </div>
   <div class='ocr_carea' id='block_1_71' title="bbox 491 4397 2072 4482">
    <p class='ocr_par' dir='ltr' id='par_1_71' title="bbox 491 4397 2072 4482">
     <span class='ocr_line' id='line_1_71' title="bbox 491 4397 2072 4482; baseline 0.008 -22"><span class='ocrx_word' id='word_1_551' title='bbox 491 4408 640 4462; x_wconf 91' lang='lat' dir='ltr'><strong>tione</strong></span> <span class='ocrx_word' id='word_1_552' title='bbox 655 4397 1032 4479; x_wconf 62' lang='lat' dir='ltr'><strong>accingéntur.</strong></span> <span class='ocrx_word' id='word_1_553' title='bbox 1050 4410 1116 4467; x_wconf 85' lang='lat' dir='ltr'><strong>Et</strong></span> <span class='ocrx_word' id='word_1_554' title='bbox 1138 4412 1188 4465; x_wconf 88' lang='lat' dir='ltr'>hi</span> <span class='ocrx_word' id='word_1_555' title='bbox 1207 4413 1426 4482; x_wconf 88' lang='lat' dir='ltr'><strong>quidem</strong></span> <span class='ocrx_word' id='word_1_556' title='bbox 1447 4422 1559 4470; x_wconf 88' lang='lat' dir='ltr'><strong>tres</strong></span> <span class='ocrx_word' id='word_1_557' title='bbox 1573 4415 1798 4472; x_wconf 79' lang='lat' dir='ltr'><strong>Ordines</strong></span> <span class='ocrx_word' id='word_1_558' title='bbox 1815 4416 1868 4470; x_wconf 91' lang='lat' dir='ltr'>in</span> <span class='ocrx_word' id='word_1_559' title='bbox 1889 4417 2072 4472; x_wconf 83' lang='lat' dir='ltr'><strong>futuro</strong></span> 
     </span>
    </p>
   </div>
   <div class='ocr_carea' id='block_1_72' title="bbox 2175 3243 3800 3319">
    <p class='ocr_par' dir='ltr' id='par_1_72' title="bbox 2175 3243 3800 3319">
     <span class='ocr_line' id='line_1_72' title="bbox 2175 3243 3800 3319; baseline 0.005 -25"><span class='ocrx_word' id='word_1_560' title='bbox 2175 3260 2341 3311; x_wconf 76' lang='grc' dir='ltr'>φανος</span> <span class='ocrx_word' id='word_1_561' title='bbox 2362 3244 2458 3313; x_wconf 80' lang='grc' dir='ltr'>τῆς</span> <span class='ocrx_word' id='word_1_562' title='bbox 2484 3243 2661 3312; x_wconf 77' lang='grc' dir='ltr'>δόξης.</span> <span class='ocrx_word' id='word_1_563' title='bbox 2697 3245 2827 3298; x_wconf 85' lang='grc' dir='ltr'>Τότε</span> <span class='ocrx_word' id='word_1_564' title='bbox 2858 3245 2916 3298; x_wconf 87' lang='grc' dir='ltr'>δέ</span> <span class='ocrx_word' id='word_1_565' title='bbox 2945 3247 3038 3299; x_wconf 78' lang='grc' dir='ltr'>καὶ</span> <span class='ocrx_word' id='word_1_566' title='bbox 3068 3247 3135 3298; x_wconf 83' lang='grc' dir='ltr'>τὰ</span> <span class='ocrx_word' id='word_1_567' title='bbox 3157 3247 3314 3302; x_wconf 82' lang='grc' dir='ltr'>πεδία</span> <span class='ocrx_word' id='word_1_568' title='bbox 3346 3249 3441 3303; x_wconf 87' lang='grc' dir='ltr'>τοῦ</span> <span class='ocrx_word' id='word_1_569' title='bbox 3477 3250 3617 3304; x_wconf 79' lang='grc' dir='ltr'>Θεοῦ</span> <span class='ocrx_word' id='word_1_570' title='bbox 3658 3249 3800 3319; x_wconf 84' lang='grc' dir='ltr'>πλη-</span> 
     </span>
    </p>
   </div>
   <div class='ocr_carea' id='block_1_73' title="bbox 2177 3333 3793 3412">
    <p class='ocr_par' dir='ltr' id='par_1_73' title="bbox 2177 3333 3793 3412">
     <span class='ocr_line' id='line_1_73' title="bbox 2177 3333 3793 3412; baseline 0.006 -27"><span class='ocrx_word' id='word_1_571' title='bbox 2177 3333 2434 3404; x_wconf 81' lang='grc' dir='ltr'>σθήσεται</span> <span class='ocrx_word' id='word_1_572' title='bbox 2467 3335 2742 3406; x_wconf 84' lang='grc' dir='ltr'>πιότητος,</span> <span class='ocrx_word' id='word_1_573' title='bbox 2788 3337 2883 3388; x_wconf 75' lang='grc' dir='ltr'>καὶ</span> <span class='ocrx_word' id='word_1_574' title='bbox 2921 3336 2990 3390; x_wconf 88' lang='grc' dir='ltr'>τά</span> <span class='ocrx_word' id='word_1_575' title='bbox 3022 3338 3153 3410; x_wconf 75' lang='grc' dir='ltr'>ὖρεα</span> <span class='ocrx_word' id='word_1_576' title='bbox 3190 3339 3246 3391; x_wconf 83' lang='grc' dir='ltr'>δέ</span> <span class='ocrx_word' id='word_1_577' title='bbox 3282 3342 3382 3410; x_wconf 76' lang='grc' dir='ltr'>τῆς</span> <span class='ocrx_word' id='word_1_578' title='bbox 3417 3341 3632 3412; x_wconf 82' lang='grc' dir='ltr'>ἐρήμου</span> <span class='ocrx_word' id='word_1_579' title='bbox 3659 3341 3793 3396; x_wconf 75' lang='grc' dir='ltr'>τότε</span> 
     </span>
    </p>
   </div>
   <div class='ocr_carea' id='block_1_74' title="bbox 2175 3425 3796 3499">
    <p class='ocr_par' dir='ltr' id='par_1_74' title="bbox 2175 3425 3796 3499">
     <span class='ocr_line' id='line_1_74' title="bbox 2175 3425 3796 3499; baseline 0.006 -25"><span class='ocrx_word' id='word_1_580' title='bbox 2175 3425 2550 3496; x_wconf 81' lang='grc' dir='ltr'>πιανθήσεται.</span> <span class='ocrx_word' id='word_1_581' title='bbox 2566 3426 2716 3478; x_wconf 78' lang='grc' dir='ltr'>»Ἔτι</span> <span class='ocrx_word' id='word_1_582' title='bbox 2743 3426 2849 3497; x_wconf 76' lang='grc' dir='ltr'>μὴν</span> <span class='ocrx_word' id='word_1_583' title='bbox 2871 3429 2965 3479; x_wconf 72' lang='grc' dir='ltr'>καὶ</span> <span class='ocrx_word' id='word_1_584' title='bbox 2984 3447 3001 3478; x_wconf 76' lang='grc' dir='ltr'>ι</span> <span class='ocrx_word' id='word_1_585' title='bbox 3025 3430 3073 3480; x_wconf 86' lang='grc' dir='ltr'>οἱ</span> <span class='ocrx_word' id='word_1_586' title='bbox 3099 3431 3275 3498; x_wconf 72' lang='grc' dir='ltr'>βουνοὶ</span> <span class='ocrx_word' id='word_1_587' title='bbox 3300 3449 3318 3481; x_wconf 73' lang='grc' dir='ltr'>ι</span> <span class='ocrx_word' id='word_1_588' title='bbox 3338 3430 3458 3482; x_wconf 86' lang='grc' dir='ltr'>τότε</span> <span class='ocrx_word' id='word_1_589' title='bbox 3478 3450 3495 3481; x_wconf 76' lang='grc' dir='ltr'>ι</span> <span class='ocrx_word' id='word_1_590' title='bbox 3522 3430 3796 3499; x_wconf 86' lang='grc' dir='ltr'>ἀγαλλία-</span> 
     </span>
    </p>
   </div>
   <div class='ocr_carea' id='block_1_75' title="bbox 2175 3514 3789 3594">
    <p class='ocr_par' dir='ltr' id='par_1_75' title="bbox 2175 3514 3789 3594">
     <span class='ocr_line' id='line_1_75' title="bbox 2175 3514 3789 3594; baseline 0.005 -25"><span class='ocrx_word' id='word_1_591' title='bbox 2175 3533 2261 3569; x_wconf 87' lang='grc' dir='ltr'>σιν</span> <span class='ocrx_word' id='word_1_592' title='bbox 2295 3514 2711 3587; x_wconf 77' lang='grc' dir='ltr'>περιζὼσονται.</span> <span class='ocrx_word' id='word_1_593' title='bbox 2740 3537 2757 3566; x_wconf 72' lang='grc' dir='ltr'>ι</span> <span class='ocrx_word' id='word_1_594' title='bbox 2781 3519 2889 3571; x_wconf 74' lang='grc' dir='ltr'>Καὶ</span> <span class='ocrx_word' id='word_1_595' title='bbox 2919 3518 3054 3588; x_wconf 78' lang='grc' dir='ltr'>πρὸς</span> <span class='ocrx_word' id='word_1_596' title='bbox 3081 3520 3289 3583; x_wconf 77' lang='grc' dir='ltr'>τούτοις</span> <span class='ocrx_word' id='word_1_597' title='bbox 3319 3520 3524 3576; x_wconf 78' lang='grc' dir='ltr'>ἅπασιν</span> <span class='ocrx_word' id='word_1_598' title='bbox 3547 3523 3597 3575; x_wconf 78' lang='lat' dir='ltr'>oi</span> <span class='ocrx_word' id='word_1_599' title='bbox 3631 3523 3789 3594; x_wconf 68' lang='grc' dir='ltr'>κριοὶ</span> 
     </span>
    </p>
   </div>
   <div class='ocr_carea' id='block_1_76' title="bbox 2173 3607 3788 3688">
    <p class='ocr_par' dir='ltr' id='par_1_76' title="bbox 2173 3607 3788 3688">
     <span class='ocr_line' id='line_1_76' title="bbox 2173 3607 3788 3688; baseline 0.004 -26"><span class='ocrx_word' id='word_1_600' title='bbox 2173 3607 2284 3662; x_wconf 88' lang='grc' dir='ltr'>τῶν</span> <span class='ocrx_word' id='word_1_601' title='bbox 2317 3607 2607 3678; x_wconf 85' lang='grc' dir='ltr'>προϐάτων</span> <span class='ocrx_word' id='word_1_602' title='bbox 2634 3610 2760 3672; x_wconf 60' lang='grc' dir='ltr'>τοῦς</span> <span class='ocrx_word' id='word_1_603' title='bbox 2779 3608 2942 3672; x_wconf 77' lang='grc' dir='ltr'>ἰδίους</span> <span class='ocrx_word' id='word_1_604' title='bbox 2968 3610 3276 3665; x_wconf 77' lang='grc' dir='ltr'>ἐνδύσονται</span> <span class='ocrx_word' id='word_1_605' title='bbox 3295 3613 3516 3678; x_wconf 85' lang='grc' dir='ltr'>πόκους.</span> <span class='ocrx_word' id='word_1_606' title='bbox 3541 3615 3788 3688; x_wconf 79' lang='grc' dir='ltr'>Νοήσεις</span> 
     </span>
    </p>
   </div>
   <div class='ocr_carea' id='block_1_77' title="bbox 2173 3698 3787 3776">
    <p class='ocr_par' dir='ltr' id='par_1_77' title="bbox 2173 3698 3787 3776">
     <span class='ocr_line' id='line_1_77' title="bbox 2173 3698 3787 3776; baseline 0.006 -23"><span class='ocrx_word' id='word_1_607' title='bbox 2173 3699 2230 3753; x_wconf 82' lang='grc' dir='ltr'>δὲ</span> <span class='ocrx_word' id='word_1_608' title='bbox 2261 3698 2452 3762; x_wconf 90' lang='grc' dir='ltr'>ταῦτα,</span> <span class='ocrx_word' id='word_1_609' title='bbox 2475 3700 2570 3770; x_wconf 78' lang='grc' dir='ltr'>τὴν</span> <span class='ocrx_word' id='word_1_610' title='bbox 2604 3700 2866 3772; x_wconf 76' lang='grc' dir='ltr'>διαφορὰν</span> <span class='ocrx_word' id='word_1_611' title='bbox 2910 3701 3240 3773; x_wconf 84' lang='grc' dir='ltr'>ὑποθέμενος</span> <span class='ocrx_word' id='word_1_612' title='bbox 3268 3705 3445 3776; x_wconf 82' lang='grc' dir='ltr'>ἐαυτῷ</span> <span class='ocrx_word' id='word_1_613' title='bbox 3469 3707 3579 3761; x_wconf 85' lang='grc' dir='ltr'>τῶν</span> <span class='ocrx_word' id='word_1_614' title='bbox 3604 3708 3787 3771; x_wconf 75' lang='grc' dir='ltr'>σωζοο</span> 
     </span>
    </p>
   </div>
   <div class='ocr_carea' id='block_1_78' title="bbox 2179 3786 3785 3871">
    <p class='ocr_par' dir='ltr' id='par_1_78' title="bbox 2179 3786 3785 3871">
     <span class='ocr_line' id='line_1_78' title="bbox 2179 3786 3785 3871; baseline 0.007 -27"><span class='ocrx_word' id='word_1_615' title='bbox 2179 3792 2377 3862; x_wconf 82' lang='grc' dir='ltr'>μένων·</span> <span class='ocrx_word' id='word_1_616' title='bbox 2410 3786 2485 3846; x_wconf 83' lang='grc' dir='ltr'>ὧν</span> <span class='ocrx_word' id='word_1_617' title='bbox 2513 3796 2562 3846; x_wconf 86' lang='lat' dir='ltr'>oi</span> <span class='ocrx_word' id='word_1_618' title='bbox 2590 3793 2710 3863; x_wconf 83' lang='grc' dir='ltr'>μὲν,</span> <span class='ocrx_word' id='word_1_619' title='bbox 2741 3793 2818 3857; x_wconf 87' lang='grc' dir='ltr'>ὼς</span> <span class='ocrx_word' id='word_1_620' title='bbox 2870 3797 2930 3848; x_wconf 90' lang='grc' dir='ltr'>ἐν</span> <span class='ocrx_word' id='word_1_621' title='bbox 2959 3796 3258 3866; x_wconf 82' lang='grc' dir='ltr'>παραθέσει</span> <span class='ocrx_word' id='word_1_622' title='bbox 3304 3797 3414 3852; x_wconf 90' lang='grc' dir='ltr'>τῶν</span> <span class='ocrx_word' id='word_1_623' title='bbox 3449 3801 3785 3871; x_wconf 85' lang='grc' dir='ltr'>κρειττόνων</span> 
     </span>
    </p>
   </div>
   <div class='ocr_carea' id='block_1_79' title="bbox 2175 3881 3782 3962">
    <p class='ocr_par' dir='ltr' id='par_1_79' title="bbox 2175 3881 3782 3962">
     <span class='ocr_line' id='line_1_79' title="bbox 2175 3881 3782 3962; baseline 0.009 -29"><span class='ocrx_word' id='word_1_624' title='bbox 2175 3881 2265 3934; x_wconf 80' lang='grc' dir='ltr'>τὸν</span> <span class='ocrx_word' id='word_1_625' title='bbox 2318 3881 2433 3951; x_wconf 87' lang='grc' dir='ltr'>βίον</span> <span class='ocrx_word' id='word_1_626' title='bbox 2473 3883 2917 3958; x_wconf 83' lang='grc' dir='ltr'>ὑποϐεϐηκότες,</span> <span class='ocrx_word' id='word_1_627' title='bbox 2978 3887 3323 3960; x_wconf 77' lang='grc' dir='ltr'>ἀλληγορικῷ</span> <span class='ocrx_word' id='word_1_628' title='bbox 3377 3891 3565 3962; x_wconf 81' lang='grc' dir='ltr'>τρόπῳ</span> <span class='ocrx_word' id='word_1_629' title='bbox 3613 3893 3782 3948; x_wconf 79' lang='grc' dir='ltr'>πεδία</span> 
     </span>
    </p>
   </div>
   <div class='ocr_carea' id='block_1_80' title="bbox 2175 3969 3782 4051">
    <p class='ocr_par' dir='ltr' id='par_1_80' title="bbox 2175 3969 3782 4051">
     <span class='ocr_line' id='line_1_80' title="bbox 2175 3969 3782 4051; baseline 0.009 -29"><span class='ocrx_word' id='word_1_630' title='bbox 2175 3969 2310 4024; x_wconf 88' lang='grc' dir='ltr'>Θεοῦ</span> <span class='ocrx_word' id='word_1_631' title='bbox 2338 3975 2860 4047; x_wconf 80' lang='grc' dir='ltr'>προσηγορεύθησαν</span> <span class='ocrx_word' id='word_1_632' title='bbox 2890 3977 3145 4049; x_wconf 86' lang='grc' dir='ltr'>πιότητος</span> <span class='ocrx_word' id='word_1_633' title='bbox 3177 3979 3548 4051; x_wconf 77' lang='grc' dir='ltr'>πληρούμενα·</span> <span class='ocrx_word' id='word_1_634' title='bbox 3581 3982 3664 4036; x_wconf 77' lang='grc' dir='ltr'>διὸ</span> <span class='ocrx_word' id='word_1_635' title='bbox 3691 3983 3782 4036; x_wconf 76' lang='grc' dir='ltr'>λέο</span> 
     </span>
    </p>
   </div>
   <div class='ocr_carea' id='block_1_81' title="bbox 2173 4061 3777 4145">
    <p class='ocr_par' dir='ltr' id='par_1_81' title="bbox 2173 4061 3777 4145">
     <span class='ocr_line' id='line_1_81' title="bbox 2173 4061 3777 4145; baseline 0.009 -31"><span class='ocrx_word' id='word_1_636' title='bbox 2173 4061 2382 4116; x_wconf 89' lang='grc' dir='ltr'>λεκται·</span> <span class='ocrx_word' id='word_1_637' title='bbox 2419 4081 2437 4116; x_wconf 77' lang='grc' dir='ltr'>ι</span> <span class='ocrx_word' id='word_1_638' title='bbox 2457 4064 2538 4118; x_wconf 88' lang='grc' dir='ltr'>Τά</span> <span class='ocrx_word' id='word_1_639' title='bbox 2561 4067 2719 4121; x_wconf 87' lang='grc' dir='ltr'>πεδία</span> <span class='ocrx_word' id='word_1_640' title='bbox 2746 4085 2838 4120; x_wconf 91' lang='grc' dir='ltr'>σου</span> <span class='ocrx_word' id='word_1_641' title='bbox 2874 4068 3245 4140; x_wconf 84' lang='grc' dir='ltr'>πλησθήσεται</span> <span class='ocrx_word' id='word_1_642' title='bbox 3277 4073 3587 4145; x_wconf 63' lang='grc' dir='ltr'>πιότητος»</span> <span class='ocrx_word' id='word_1_643' title='bbox 3621 4075 3674 4127; x_wconf 90' lang='grc' dir='ltr'>οί</span> <span class='ocrx_word' id='word_1_644' title='bbox 3717 4074 3777 4130; x_wconf 76' lang='grc' dir='ltr'>δὲ</span> 
     </span>
    </p>
   </div>
   <div class='ocr_carea' id='block_1_82' title="bbox 2173 4153 3776 4238">
    <p class='ocr_par' dir='ltr' id='par_1_82' title="bbox 2173 4153 3776 4238">
     <span class='ocr_line' id='line_1_82' title="bbox 2173 4153 3776 4238; baseline 0.007 -32"><span class='ocrx_word' id='word_1_645' title='bbox 2173 4153 2274 4224; x_wconf 74' lang='grc' dir='ltr'>ήδη</span> <span class='ocrx_word' id='word_1_646' title='bbox 2308 4155 2367 4207; x_wconf 87' lang='grc' dir='ltr'>ἐν</span> <span class='ocrx_word' id='word_1_647' title='bbox 2389 4155 2665 4228; x_wconf 76' lang='grc' dir='ltr'>διαφόροις</span> <span class='ocrx_word' id='word_1_648' title='bbox 2701 4160 2926 4230; x_wconf 87' lang='grc' dir='ltr'>ἀρεταῖς</span> <span class='ocrx_word' id='word_1_649' title='bbox 2982 4160 3270 4227; x_wconf 79' lang='grc' dir='ltr'>ἀνθοῦντες</span> <span class='ocrx_word' id='word_1_650' title='bbox 3298 4164 3430 4234; x_wconf 82' lang='grc' dir='ltr'>ὄρεα</span> <span class='ocrx_word' id='word_1_651' title='bbox 3484 4166 3585 4236; x_wconf 71' lang='grc' dir='ltr'>τῆς</span> <span class='ocrx_word' id='word_1_652' title='bbox 3643 4169 3776 4238; x_wconf 73' lang='grc' dir='ltr'>πρὶν</span> 
     </span>
    </p>
   </div>
   <div class='ocr_carea' id='block_1_83' title="bbox 2173 4245 3776 4322">
    <p class='ocr_par' dir='ltr' id='par_1_83' title="bbox 2173 4245 3776 4322">
     <span class='ocr_line' id='line_1_83' title="bbox 2173 4245 3776 4322; baseline 0.009 -25"><span class='ocrx_word' id='word_1_653' title='bbox 2173 4245 2380 4317; x_wconf 79' lang='grc' dir='ltr'>ἐρήμου</span> <span class='ocrx_word' id='word_1_654' title='bbox 2414 4247 2737 4318; x_wconf 76' lang='grc' dir='ltr'>Ἐκκλησίας</span> <span class='ocrx_word' id='word_1_655' title='bbox 2765 4251 3181 4322; x_wconf 84' lang='grc' dir='ltr'>ὠνομάσθησαν·</span> <span class='ocrx_word' id='word_1_656' title='bbox 3201 4256 3271 4318; x_wconf 77' lang='grc' dir='ltr'>οἳ,</span> <span class='ocrx_word' id='word_1_657' title='bbox 3307 4256 3400 4310; x_wconf 77' lang='grc' dir='ltr'>καὶ</span> <span class='ocrx_word' id='word_1_658' title='bbox 3432 4257 3587 4314; x_wconf 78' lang='grc' dir='ltr'>αὐτοὶ</span> <span class='ocrx_word' id='word_1_659' title='bbox 3612 4259 3776 4314; x_wconf 65' lang='grc' dir='ltr'>πλουη</span> 
     </span>
    </p>
   </div>
   <div class='ocr_carea' id='block_1_84' title="bbox 2176 4336 3774 4423">
    <p class='ocr_par' dir='ltr' id='par_1_84' title="bbox 2176 4336 3774 4423">
     <span class='ocr_line' id='line_1_84' title="bbox 2176 4336 3774 4423; baseline 0.011 -34"><span class='ocrx_word' id='word_1_660' title='bbox 2176 4337 2308 4400; x_wconf 91' lang='grc' dir='ltr'>σίως</span> <span class='ocrx_word' id='word_1_661' title='bbox 2334 4339 2622 4410; x_wconf 86' lang='grc' dir='ltr'>ἀρδόμενοι</span> <span class='ocrx_word' id='word_1_662' title='bbox 2657 4343 2721 4394; x_wconf 86' lang='grc' dir='ltr'>ἐκ</span> <span class='ocrx_word' id='word_1_663' title='bbox 2755 4336 2848 4396; x_wconf 89' lang='grc' dir='ltr'>τοῦ</span> <span class='ocrx_word' id='word_1_664' title='bbox 2877 4344 3207 4414; x_wconf 81' lang='grc' dir='ltr'>δηλωθέντος</span> <span class='ocrx_word' id='word_1_665' title='bbox 3239 4350 3508 4420; x_wconf 85' lang='grc' dir='ltr'>ποταμοῦ,</span> <span class='ocrx_word' id='word_1_666' title='bbox 3544 4352 3774 4423; x_wconf 66' lang='grc' dir='ltr'>πιανθήευ</span> 
     </span>
    </p>
   </div>
   <div class='ocr_carea' id='block_1_85' title="bbox 2176 4429 3772 4513">
    <p class='ocr_par' dir='ltr' id='par_1_85' title="bbox 2176 4429 3772 4513">
     <span class='ocr_line' id='line_1_85' title="bbox 2176 4429 3772 4513; baseline 0.008 -31"><span class='ocrx_word' id='word_1_667' title='bbox 2176 4429 2364 4483; x_wconf 85' lang='grc' dir='ltr'>σεσθαι</span> <span class='ocrx_word' id='word_1_668' title='bbox 2408 4429 2676 4500; x_wconf 84' lang='grc' dir='ltr'>λέγονται·</span> <span class='ocrx_word' id='word_1_669' title='bbox 2713 4433 2847 4487; x_wconf 83' lang='grc' dir='ltr'>ἀλλά</span> <span class='ocrx_word' id='word_1_670' title='bbox 2905 4437 3000 4488; x_wconf 87' lang='grc' dir='ltr'>καί</span> <span class='ocrx_word' id='word_1_671' title='bbox 3030 4437 3078 4488; x_wconf 83' lang='grc' dir='ltr'>οἱ</span> <span class='ocrx_word' id='word_1_672' title='bbox 3111 4435 3191 4489; x_wconf 75' lang='grc' dir='ltr'>ἔτι</span> <span class='ocrx_word' id='word_1_673' title='bbox 3213 4437 3418 4496; x_wconf 77' lang='grc' dir='ltr'>τούτων</span> <span class='ocrx_word' id='word_1_674' title='bbox 3447 4440 3772 4513; x_wconf 70' lang='grc' dir='ltr'>ὑψηλότεροι</span> 
     </span>
    </p>
   </div>
   <div class='ocr_carea' id='block_1_86' title="bbox 492 4498 2073 4601">
    <p class='ocr_par' dir='ltr' id='par_1_86' title="bbox 492 4498 2073 4577">
     <span class='ocr_line' id='line_1_86' title="bbox 492 4498 2073 4577; baseline 0.003 -21"><span class='ocrx_word' id='word_1_675' title='bbox 492 4498 844 4570; x_wconf 85' lang='lat' dir='ltr'><strong>benignitatis</strong></span> <span class='ocrx_word' id='word_1_676' title='bbox 863 4501 952 4554; x_wconf 87' lang='lat' dir='ltr'>Dei</span> <span class='ocrx_word' id='word_1_677' title='bbox 970 4517 1115 4556; x_wconf 90' lang='lat' dir='ltr'><strong>anno</strong></span> <span class='ocrx_word' id='word_1_678' title='bbox 1132 4503 1524 4560; x_wconf 89' lang='lat' dir='ltr'><strong>beatitudinem</strong></span> <span class='ocrx_word' id='word_1_679' title='bbox 1539 4515 1944 4577; x_wconf 86' lang='lat' dir='ltr'><strong>consequentur</strong></span> <span class='ocrx_word' id='word_1_680' title='bbox 1961 4526 1973 4562; x_wconf 91' lang='lat'><strong>:</strong></span> <span class='ocrx_word' id='word_1_681' title='bbox 1989 4507 2073 4576; x_wconf 81' lang='lat' dir='ltr'>qui</span> 
     </span>
    </p>
   </div>
   <div class='ocr_carea' id='block_1_87' title="bbox 2179 4498 3772 4601">
    <p class='ocr_par' dir='ltr' id='par_1_87' title="bbox 2189 4517 3772 4601">
     <span class='ocr_line' id='line_1_87' title="bbox 2189 4517 3772 4601; baseline 0.009 -31"><span class='ocrx_word' id='word_1_682' title='bbox 2189 4517 2369 4586; x_wconf 64' lang='grc' dir='ltr'>βουνοί</span> <span class='ocrx_word' id='word_1_683' title='bbox 2392 4519 2669 4589; x_wconf 85' lang='grc' dir='ltr'>τροπικῶς</span> <span class='ocrx_word' id='word_1_684' title='bbox 2702 4522 3026 4594; x_wconf 73' lang='grc' dir='ltr'>καλούμενοι</span> <span class='ocrx_word' id='word_1_685' title='bbox 3075 4526 3395 4594; x_wconf 79' lang='grc' dir='ltr'>ἀγαλλίασιν</span> <span class='ocrx_word' id='word_1_686' title='bbox 3445 4531 3772 4601; x_wconf 78' lang='grc' dir='ltr'>περιζὼσον-</span> 
     </span>
    </p>
   </div>
   <div class='ocr_carea' id='block_1_88' title="bbox 493 4589 2074 4666">
    <p class='ocr_par' dir='ltr' id='par_1_88' title="bbox 493 4589 2074 4666">
     <span class='ocr_line' id='line_1_88' title="bbox 493 4589 2074 4666; baseline 0.005 -24"><span class='ocrx_word' id='word_1_687' title='bbox 493 4589 727 4644; x_wconf 77' lang='lat' dir='ltr'><strong>fortasse</strong></span> <span class='ocrx_word' id='word_1_688' title='bbox 751 4605 817 4644; x_wconf 73' lang='lat' dir='ltr'>ex</span> <span class='ocrx_word' id='word_1_689' title='bbox 843 4605 1030 4644; x_wconf 89' lang='lat' dir='ltr'><strong>eorum</strong></span> <span class='ocrx_word' id='word_1_690' title='bbox 1058 4608 1286 4648; x_wconf 88' lang='lat' dir='ltr'><strong>numero</strong></span> <span class='ocrx_word' id='word_1_691' title='bbox 1305 4609 1332 4648; x_wconf 91' lang='lat' dir='ltr'>s</span> <span class='ocrx_word' id='word_1_692' title='bbox 1351 4601 1467 4659; x_wconf 90' lang='lat' dir='ltr'><strong>unt,</strong></span> <span class='ocrx_word' id='word_1_693' title='bbox 1486 4595 1580 4666; x_wconf 86' lang='lat' dir='ltr'>qui</span> <span class='ocrx_word' id='word_1_694' title='bbox 1603 4594 1842 4652; x_wconf 76' lang='lat' dir='ltr'><strong>fructum</strong></span> <span class='ocrx_word' id='word_1_695' title='bbox 1871 4596 2074 4661; x_wconf 78' lang='lat' dir='ltr'><strong>ferunt,</strong></span> 
     </span>
    </p>
   </div>
   <div class='ocr_carea' id='block_1_89' title="bbox 493 4679 2076 4753">
    <p class='ocr_par' dir='ltr' id='par_1_89' title="bbox 493 4679 2076 4753">
     <span class='ocr_line' id='line_1_89' title="bbox 493 4679 2076 4753; baseline 0.008 -20"><span class='ocrx_word' id='word_1_696' title='bbox 493 4679 585 4735; x_wconf 87' lang='lat' dir='ltr'><strong>alii</strong></span> <span class='ocrx_word' id='word_1_697' title='bbox 609 4682 992 4746; x_wconf 89' lang='lat' dir='ltr'><strong>centesimum,</strong></span> <span class='ocrx_word' id='word_1_698' title='bbox 1029 4683 1121 4738; x_wconf 87' lang='lat' dir='ltr'><strong>alii</strong></span> <span class='ocrx_word' id='word_1_699' title='bbox 1145 4684 1570 4753; x_wconf 78' lang='lat' dir='ltr'><strong>sexagesimum,</strong></span> <span class='ocrx_word' id='word_1_700' title='bbox 1591 4687 1684 4740; x_wconf 88' lang='lat' dir='ltr'><strong>alii</strong></span> <span class='ocrx_word' id='word_1_701' title='bbox 1711 4687 2076 4746; x_wconf 82' lang='lat' dir='ltr'><strong>tricesimum.</strong></span> 
     </span>
    </p>
   </div>
   <div class='ocr_carea' id='block_1_90' title="bbox 491 4769 2084 4850">
    <p class='ocr_par' dir='ltr' id='par_1_90' title="bbox 491 4769 2084 4850">
     <span class='ocr_line' id='line_1_90' title="bbox 491 4769 2084 4850; baseline 0.009 -27"><span class='ocrx_word' id='word_1_702' title='bbox 491 4769 596 4836; x_wconf 86' lang='lat' dir='ltr'><strong>Qui</strong></span> <span class='ocrx_word' id='word_1_703' title='bbox 618 4786 745 4825; x_wconf 83' lang='lat' dir='ltr'><strong>vero</strong></span> <span class='ocrx_word' id='word_1_704' title='bbox 764 4787 952 4826; x_wconf 86' lang='lat' dir='ltr'><strong>eorum</strong></span> <span class='ocrx_word' id='word_1_705' title='bbox 978 4772 1217 4843; x_wconf 73' lang='lat' dir='ltr'><strong>praefecti</strong></span> <span class='ocrx_word' id='word_1_706' title='bbox 1243 4773 1410 4830; x_wconf 80' lang='lat' dir='ltr'><strong>futuri</strong></span> <span class='ocrx_word' id='word_1_707' title='bbox 1433 4785 1582 4842; x_wconf 85' lang='lat' dir='ltr'><strong>sunt,</strong></span> <span class='ocrx_word' id='word_1_708' title='bbox 1609 4779 1884 4850; x_wconf 88' lang='lat' dir='ltr'><strong>principes</strong></span> <span class='ocrx_word' id='word_1_709' title='bbox 1900 4795 1966 4836; x_wconf 88' lang='lat' dir='ltr'>ac</span> <span class='ocrx_word' id='word_1_710' title='bbox 1985 4783 2084 4836; x_wconf 79' lang='lat' dir='ltr'><strong>du-</strong></span> 
     </span>
    </p>
   </div>
   <div class='ocr_carea' id='block_1_91' title="bbox 491 4862 2080 4936">
    <p class='ocr_par' dir='ltr' id='par_1_91' title="bbox 491 4862 2080 4936">
     <span class='ocr_line' id='line_1_91' title="bbox 491 4862 2080 4936; baseline 0.007 -21"><span class='ocrx_word' id='word_1_711' title='bbox 491 4877 584 4916; x_wconf 88' lang='lat' dir='ltr'>ccs</span> <span class='ocrx_word' id='word_1_712' title='bbox 599 4862 819 4932; x_wconf 88' lang='lat' dir='ltr'><strong>quidam</strong></span> <span class='ocrx_word' id='word_1_713' title='bbox 838 4863 1103 4934; x_wconf 87' lang='lat' dir='ltr'><strong>ipsorum,</strong></span> <span class='ocrx_word' id='word_1_714' title='bbox 1128 4868 1566 4936; x_wconf 67' lang='lat' dir='ltr'><strong>pmccllentibus</strong></span> <span class='ocrx_word' id='word_1_715' title='bbox 1585 4871 1882 4928; x_wconf 86' lang='lat' dir='ltr'><strong>virtutibus</strong></span> <span class='ocrx_word' id='word_1_716' title='bbox 1916 4887 2080 4928; x_wconf 79' lang='lat' dir='ltr'><strong>exor-</strong></span> 
     </span>
    </p>
   </div>
   <div class='ocr_carea' id='block_1_92' title="bbox 491 4953 2076 5027">
    <p class='ocr_par' dir='ltr' id='par_1_92' title="bbox 491 4953 2076 5027">
     <span class='ocr_line' id='line_1_92' title="bbox 491 4953 2076 5027; baseline 0.005 -19"><span class='ocrx_word' id='word_1_717' title='bbox 491 4953 771 5008; x_wconf 85' lang='lat' dir='ltr'><strong>nabuntur</strong></span> <span class='ocrx_word' id='word_1_718' title='bbox 784 4971 799 5020; x_wconf 87' lang='lat'><strong>;</strong></span> <span class='ocrx_word' id='word_1_719' title='bbox 814 4969 982 5025; x_wconf 88' lang='lat' dir='ltr'><strong>quare</strong></span> <span class='ocrx_word' id='word_1_720' title='bbox 997 4954 1198 5010; x_wconf 86' lang='lat' dir='ltr'><strong>dicitur</strong></span> <span class='ocrx_word' id='word_1_721' title='bbox 1218 4975 1260 5012; x_wconf 71' lang='grc' dir='ltr'>τι</span> <span class='ocrx_word' id='word_1_722' title='bbox 1285 4956 1466 5014; x_wconf 89' lang='lat' dir='ltr'><strong>lnduti</strong></span> <span class='ocrx_word' id='word_1_723' title='bbox 1478 4970 1608 5016; x_wconf 88' lang='lat' dir='ltr'><strong>sunt</strong></span> <span class='ocrx_word' id='word_1_724' title='bbox 1621 4961 1822 5017; x_wconf 88' lang='lat' dir='ltr'><strong>arietes</strong></span> <span class='ocrx_word' id='word_1_725' title='bbox 1837 4963 2042 5027; x_wconf 86' lang='lat' dir='ltr'><strong>ovium,</strong></span> <span class='ocrx_word' id='word_1_726' title='bbox 2057 4982 2076 5016; x_wconf 71' lang='grc' dir='ltr'>ι</span> 
     </span>
    </p>
   </div>
   <div class='ocr_carea' id='block_1_93' title="bbox 492 5045 2076 5112">
    <p class='ocr_par' dir='ltr' id='par_1_93' title="bbox 492 5045 2076 5112">
     <span class='ocr_line' id='line_1_93' title="bbox 492 5045 2076 5112; baseline 0.008 -13"><span class='ocrx_word' id='word_1_727' title='bbox 492 5060 557 5100; x_wconf 90' lang='lat' dir='ltr'>ac</span> <span class='ocrx_word' id='word_1_728' title='bbox 591 5045 638 5100; x_wconf 88' lang='lat' dir='ltr'>si</span> <span class='ocrx_word' id='word_1_729' title='bbox 676 5045 901 5110; x_wconf 88' lang='lat' dir='ltr'><strong>diceret,</strong></span> <span class='ocrx_word' id='word_1_730' title='bbox 952 5047 1309 5106; x_wconf 69' lang='lat' dir='ltr'><strong>«inducatur.</strong></span> <span class='ocrx_word' id='word_1_731' title='bbox 1360 5071 1379 5106; x_wconf 78' lang='grc' dir='ltr'>ι</span> <span class='ocrx_word' id='word_1_732' title='bbox 1421 5053 1637 5111; x_wconf 79' lang='lat' dir='ltr'><strong>Arietes</strong></span> <span class='ocrx_word' id='word_1_733' title='bbox 1677 5063 1858 5110; x_wconf 90' lang='lat' dir='ltr'><strong>autem</strong></span> <span class='ocrx_word' id='word_1_734' title='bbox 1893 5057 2076 5112; x_wconf 88' lang='lat' dir='ltr'><strong>ovium</strong></span> 
     </span>
    </p>
   </div>
   <div class='ocr_carea' id='block_1_94' title="bbox 492 5135 2071 5218">
    <p class='ocr_par' dir='ltr' id='par_1_94' title="bbox 492 5135 2071 5218">
     <span class='ocr_line' id='line_1_94' title="bbox 492 5135 2071 5218; baseline 0.013 -31"><span class='ocrx_word' id='word_1_735' title='bbox 492 5135 766 5206; x_wconf 84' lang='lat' dir='ltr'><strong>principes</strong></span> <span class='ocrx_word' id='word_1_736' title='bbox 781 5151 844 5191; x_wconf 89' lang='lat' dir='ltr'>ac</span> <span class='ocrx_word' id='word_1_737' title='bbox 859 5137 1026 5194; x_wconf 77' lang='lat' dir='ltr'><strong>duces</strong></span> <span class='ocrx_word' id='word_1_738' title='bbox 1042 5150 1465 5198; x_wconf 88' lang='lat' dir='ltr'><strong>memoratorum</strong></span> <span class='ocrx_word' id='word_1_739' title='bbox 1480 5145 1758 5200; x_wconf 86' lang='lat' dir='ltr'><strong>hominum</strong></span> <span class='ocrx_word' id='word_1_740' title='bbox 1778 5146 2071 5218; x_wconf 74' lang='lat' dir='ltr'><strong>intelligas.</strong></span> 
     </span>
    </p>
   </div>
   <div class='ocr_carea' id='block_1_95' title="bbox 492 5226 2075 5304">
    <p class='ocr_par' dir='ltr' id='par_1_95' title="bbox 492 5226 2075 5304">
     <span class='ocr_line' id='line_1_95' title="bbox 492 5226 2075 5304; baseline 0.009 -25"><span class='ocrx_word' id='word_1_741' title='bbox 492 5226 587 5294; x_wconf 90' lang='lat' dir='ltr'>qui</span> <span class='ocrx_word' id='word_1_742' title='bbox 621 5227 794 5283; x_wconf 89' lang='lat' dir='ltr'><strong>induti</strong></span> <span class='ocrx_word' id='word_1_743' title='bbox 827 5237 975 5292; x_wconf 87' lang='lat' dir='ltr'><strong>sunt,</strong></span> <span class='ocrx_word' id='word_1_744' title='bbox 1008 5231 1116 5286; x_wconf 91' lang='lat' dir='ltr'>imo</span> <span class='ocrx_word' id='word_1_745' title='bbox 1140 5234 1320 5301; x_wconf 85' lang='lat' dir='ltr'><strong>potius</strong></span> <span class='ocrx_word' id='word_1_746' title='bbox 1345 5234 1659 5292; x_wconf 88' lang='lat' dir='ltr'><strong>induentur.</strong></span> <span class='ocrx_word' id='word_1_747' title='bbox 1679 5235 1818 5304; x_wconf 88' lang='lat' dir='ltr'><strong>Quid</strong></span> <span class='ocrx_word' id='word_1_748' title='bbox 1844 5236 2075 5292; x_wconf 90' lang='lat' dir='ltr'><strong>induen-</strong></span> 
     </span>
    </p>
   </div>
   <div class='ocr_carea' id='block_1_96' title="bbox 494 5317 2071 5392">
    <p class='ocr_par' dir='ltr' id='par_1_96' title="bbox 494 5317 2071 5392">
     <span class='ocr_line' id='line_1_96' title="bbox 494 5317 2071 5392; baseline 0.009 -23"><span class='ocrx_word' id='word_1_749' title='bbox 494 5325 582 5370; x_wconf 88' lang='lat' dir='ltr'>tur</span> <span class='ocrx_word' id='word_1_750' title='bbox 602 5317 951 5387; x_wconf 83' lang='lat' dir='ltr'><strong>cogitandum</strong></span> <span class='ocrx_word' id='word_1_751' title='bbox 976 5320 1136 5376; x_wconf 89' lang='lat' dir='ltr'><strong>nobis</strong></span> <span class='ocrx_word' id='word_1_752' title='bbox 1163 5324 1385 5392; x_wconf 84' lang='lat' dir='ltr'><strong>reliquit</strong></span> <span class='ocrx_word' id='word_1_753' title='bbox 1413 5343 1427 5392; x_wconf 88' lang='lat'><strong>;</strong></span> <span class='ocrx_word' id='word_1_754' title='bbox 1469 5325 1564 5381; x_wconf 91' lang='lat' dir='ltr'>sed</span> <span class='ocrx_word' id='word_1_755' title='bbox 1594 5327 1700 5381; x_wconf 88' lang='lat' dir='ltr'><strong>tale</strong></span> <span class='ocrx_word' id='word_1_756' title='bbox 1729 5326 1888 5382; x_wconf 90' lang='lat' dir='ltr'><strong>nobis</strong></span> <span class='ocrx_word' id='word_1_757' title='bbox 1911 5326 2071 5382; x_wconf 89' lang='lat' dir='ltr'><strong>indu-</strong></span> 
     </span>
    </p>
   </div>
   <div class='ocr_carea' id='block_1_97' title="bbox 491 5406 2067 5488">
    <p class='ocr_par' dir='ltr' id='par_1_97' title="bbox 491 5406 2067 5488">
     <span class='ocr_line' id='line_1_97' title="bbox 491 5406 2067 5488; baseline 0.009 -30"><span class='ocrx_word' id='word_1_758' title='bbox 491 5411 734 5460; x_wconf 87' lang='lat' dir='ltr'><strong>mentum</strong></span> <span class='ocrx_word' id='word_1_759' title='bbox 749 5406 988 5462; x_wconf 90' lang='lat' dir='ltr'><strong>declarat</strong></span> <span class='ocrx_word' id='word_1_760' title='bbox 1003 5409 1223 5466; x_wconf 91' lang='lat' dir='ltr'><strong>divinus</strong></span> <span class='ocrx_word' id='word_1_761' title='bbox 1239 5411 1533 5482; x_wconf 81' lang='lat' dir='ltr'><strong>Apostolus</strong></span> <span class='ocrx_word' id='word_1_762' title='bbox 1549 5413 1738 5469; x_wconf 89' lang='lat' dir='ltr'><strong>dicens</strong></span> <span class='ocrx_word' id='word_1_763' title='bbox 1762 5431 1778 5470; x_wconf 88' lang='lat'><strong>:</strong></span> <span class='ocrx_word' id='word_1_764' title='bbox 1801 5434 1819 5467; x_wconf 78' lang='grc' dir='ltr'>ι</span> <span class='ocrx_word' id='word_1_765' title='bbox 1840 5413 2067 5488; x_wconf 91' lang='lat' dir='ltr'><strong>Oportet</strong></span> 
     </span>
    </p>
   </div>
   <div class='ocr_carea' id='block_1_98' title="bbox 494 5494 2066 5572">
    <p class='ocr_par' dir='ltr' id='par_1_98' title="bbox 494 5494 2066 5572">
     <span class='ocr_line' id='line_1_98' title="bbox 494 5494 2066 5572; baseline 0.01 -27"><span class='ocrx_word' id='word_1_766' title='bbox 494 5494 848 5563; x_wconf 83' lang='lat' dir='ltr'><strong>corruptibile</strong></span> <span class='ocrx_word' id='word_1_767' title='bbox 862 5495 961 5550; x_wconf 88' lang='lat' dir='ltr'>hoc</span> <span class='ocrx_word' id='word_1_768' title='bbox 985 5496 1209 5554; x_wconf 87' lang='lat' dir='ltr'><strong>induere</strong></span> <span class='ocrx_word' id='word_1_769' title='bbox 1229 5499 1693 5572; x_wconf 89' lang='lat' dir='ltr'><strong>incorruptionem</strong></span> <span class='ocrx_word' id='word_1_770' title='bbox 1707 5504 1784 5571; x_wconf 78' lang='lat'>“;</span> <span class='ocrx_word' id='word_1_771' title='bbox 1821 5525 1840 5559; x_wconf 74' lang='grc' dir='ltr'>ι</span> <span class='ocrx_word' id='word_1_772' title='bbox 1871 5521 1935 5560; x_wconf 90' lang='lat' dir='ltr'>ac</span> <span class='ocrx_word' id='word_1_773' title='bbox 1951 5522 2066 5562; x_wconf 87' lang='lat' dir='ltr'><strong>rur-</strong></span> 
     </span>
    </p>
   </div>
   <div class='ocr_carea' id='block_1_99' title="bbox 496 5583 2059 5668">
    <p class='ocr_par' dir='ltr' id='par_1_99' title="bbox 496 5583 2059 5668">
     <span class='ocr_line' id='line_1_99' title="bbox 496 5583 2059 5668; baseline 0.009 -30"><span class='ocrx_word' id='word_1_774' title='bbox 496 5598 644 5639; x_wconf 85' lang='lat' dir='ltr'><strong>sum:</strong></span> <span class='ocrx_word' id='word_1_775' title='bbox 668 5604 687 5636; x_wconf 72' lang='grc' dir='ltr'>ι</span> <span class='ocrx_word' id='word_1_776' title='bbox 708 5583 784 5639; x_wconf 80' lang='lat' dir='ltr'><strong>Eo</strong></span> <span class='ocrx_word' id='word_1_777' title='bbox 801 5589 946 5656; x_wconf 90' lang='lat' dir='ltr'><strong>quod</strong></span> <span class='ocrx_word' id='word_1_778' title='bbox 967 5589 1219 5646; x_wconf 89' lang='lat' dir='ltr'><strong>nolumus</strong></span> <span class='ocrx_word' id='word_1_779' title='bbox 1233 5594 1549 5664; x_wconf 81' lang='lat' dir='ltr'><strong>exspoliari,</strong></span> <span class='ocrx_word' id='word_1_780' title='bbox 1565 5595 1658 5651; x_wconf 88' lang='lat' dir='ltr'>sed</span> <span class='ocrx_word' id='word_1_781' title='bbox 1678 5599 2059 5668; x_wconf 88' lang='lat' dir='ltr'><strong>supervestiri,</strong></span> 
     </span>
    </p>
   </div>
   <div class='ocr_carea' id='block_1_100' title="bbox 567 5739 1546 5826">
    <p class='ocr_par' dir='ltr' id='par_1_100' title="bbox 567 5739 1546 5826">
     <span class='ocr_line' id='line_1_100' title="bbox 567 5739 1546 5826; baseline 0.012 -32"><span class='ocrx_word' id='word_1_782' title='bbox 567 5739 612 5771; x_wconf 84' lang='lat'>“</span> <span class='ocrx_word' id='word_1_783' title='bbox 640 5740 742 5796; x_wconf 89' lang='lat' dir='ltr'><strong>lsa.</strong></span> <span class='ocrx_word' id='word_1_784' title='bbox 775 5757 886 5809; x_wconf 74' lang='lat' dir='ltr'>tu,</span> <span class='ocrx_word' id='word_1_785' title='bbox 923 5745 972 5800; x_wconf 86' lang='lat' dir='ltr'>l.</span> <span class='ocrx_word' id='word_1_786' title='bbox 1050 5747 1092 5826; x_wconf 61' lang='grc' dir='ltr'>ξ’</span> <span class='ocrx_word' id='word_1_787' title='bbox 1127 5748 1230 5802; x_wconf 87' lang='lat' dir='ltr'><strong>lsa.</strong></span> <span class='ocrx_word' id='word_1_788' title='bbox 1264 5763 1452 5826; x_wconf 64' lang='grc' dir='ltr'>χςγψ,</span> <span class='ocrx_word' id='word_1_789' title='bbox 1493 5750 1546 5806; x_wconf 85' lang='grc'>5.</span> 
     </span>
    </p>
   </div>
   <div class='ocr_carea' id='block_1_101' title="bbox 1049 5821 1078 5834">
    <p class='ocr_par' dir='ltr' id='par_1_101' title="bbox 1049 5821 1078 5834">
     <span class='ocr_line' id='line_1_101' title="bbox 1049 5821 1078 5834; baseline 0 -2"><span class='ocrx_word' id='word_1_790' title='bbox 1049 5821 1078 5834; x_wconf 67' lang='grc' dir='ltr'>ο.</span> 
     </span>
    </p>
   </div>
   <div class='ocr_carea' id='block_1_102' title="bbox 1647 5749 2136 5822">
    <p class='ocr_par' dir='ltr' id='par_1_102' title="bbox 1647 5749 2136 5822">
     <span class='ocr_line' id='line_1_102' title="bbox 1647 5749 2136 5822; baseline 0.008 -18"><span class='ocrx_word' id='word_1_791' title='bbox 1647 5752 1691 5782; x_wconf 72' lang='grc'>⁸²</span> <span class='ocrx_word' id='word_1_792' title='bbox 1726 5749 1745 5804; x_wconf 92' lang='lat' dir='ltr'>l</span> <span class='ocrx_word' id='word_1_793' title='bbox 1773 5752 1896 5809; x_wconf 87' lang='lat' dir='ltr'><strong>Cor.</strong></span> <span class='ocrx_word' id='word_1_794' title='bbox 1930 5770 2017 5822; x_wconf 81' lang='lat' dir='ltr'><strong>xv,</strong></span> <span class='ocrx_word' id='word_1_795' title='bbox 2049 5754 2136 5809; x_wconf 80' lang='lat'>5‘5.</span> 
     </span>
    </p>
   </div>
   <div class='ocr_carea' id='block_1_103' title="bbox 2178 4607 3771 4690">
    <p class='ocr_par' dir='ltr' id='par_1_103' title="bbox 2178 4607 3771 4690">
     <span class='ocr_line' id='line_1_103' title="bbox 2178 4607 3771 4690; baseline 0.013 -33"><span class='ocrx_word' id='word_1_796' title='bbox 2178 4621 2288 4660; x_wconf 87' lang='grc' dir='ltr'>ται.</span> <span class='ocrx_word' id='word_1_797' title='bbox 2322 4607 2432 4660; x_wconf 73' lang='grc' dir='ltr'>Καὶ</span> <span class='ocrx_word' id='word_1_798' title='bbox 2455 4608 2584 4674; x_wconf 91' lang='grc' dir='ltr'>τρία</span> <span class='ocrx_word' id='word_1_799' title='bbox 2609 4610 2708 4680; x_wconf 88' lang='grc' dir='ltr'>μὲν</span> <span class='ocrx_word' id='word_1_800' title='bbox 2757 4612 2930 4666; x_wconf 83' lang='grc' dir='ltr'>ταῦτα</span> <span class='ocrx_word' id='word_1_801' title='bbox 2948 4613 3204 4685; x_wconf 79' lang='grc' dir='ltr'>τάγματα</span> <span class='ocrx_word' id='word_1_802' title='bbox 3228 4617 3369 4671; x_wconf 86' lang='grc' dir='ltr'>κατά</span> <span class='ocrx_word' id='word_1_803' title='bbox 3395 4619 3485 4672; x_wconf 72' lang='grc' dir='ltr'>τὸν</span> <span class='ocrx_word' id='word_1_804' title='bbox 3509 4621 3771 4690; x_wconf 83' lang='grc' dir='ltr'>μέλλοντα</span> 
     </span>
    </p>
   </div>
   <div class='ocr_carea' id='block_1_104' title="bbox 2181 4697 3770 4780">
    <p class='ocr_par' dir='ltr' id='par_1_104' title="bbox 2181 4697 3770 4780">
     <span class='ocr_line' id='line_1_104' title="bbox 2181 4697 3770 4780; baseline 0.01 -33"><span class='ocrx_word' id='word_1_805' title='bbox 2181 4697 2428 4752; x_wconf 80' lang='grc' dir='ltr'>ἐνιαυτὸν</span> <span class='ocrx_word' id='word_1_806' title='bbox 2475 4698 2578 4769; x_wconf 81' lang='grc' dir='ltr'>τῆς</span> <span class='ocrx_word' id='word_1_807' title='bbox 2621 4704 2986 4775; x_wconf 87' lang='grc' dir='ltr'>χρηστότητος</span> <span class='ocrx_word' id='word_1_808' title='bbox 3047 4705 3142 4760; x_wconf 89' lang='grc' dir='ltr'>τοῦ</span> <span class='ocrx_word' id='word_1_809' title='bbox 3197 4706 3330 4760; x_wconf 85' lang='grc' dir='ltr'>Θεοῦ</span> <span class='ocrx_word' id='word_1_810' title='bbox 3371 4709 3620 4774; x_wconf 78' lang='grc' dir='ltr'>τεύξεται</span> <span class='ocrx_word' id='word_1_811' title='bbox 3670 4711 3770 4780; x_wconf 73' lang='grc' dir='ltr'>τῆς</span> 
     </span>
    </p>
   </div>
   <div class='ocr_carea' id='block_1_105' title="bbox 2186 4787 3770 4872">
    <p class='ocr_par' dir='ltr' id='par_1_105' title="bbox 2186 4787 3770 4872">
     <span class='ocr_line' id='line_1_105' title="bbox 2186 4787 3770 4872; baseline 0.01 -33"><span class='ocrx_word' id='word_1_812' title='bbox 2186 4788 2609 4860; x_wconf 85' lang='grc' dir='ltr'>μακαριότητος·</span> <span class='ocrx_word' id='word_1_813' title='bbox 2637 4793 2776 4862; x_wconf 82' lang='grc' dir='ltr'>τάχα</span> <span class='ocrx_word' id='word_1_814' title='bbox 2811 4812 2912 4848; x_wconf 86' lang='grc' dir='ltr'>που</span> <span class='ocrx_word' id='word_1_815' title='bbox 2946 4795 3006 4859; x_wconf 78' lang='grc' dir='ltr'>ἐξ</span> <span class='ocrx_word' id='word_1_816' title='bbox 3032 4787 3256 4851; x_wconf 82' lang='grc' dir='ltr'>ἐκείνων</span> <span class='ocrx_word' id='word_1_817' title='bbox 3279 4798 3450 4863; x_wconf 67' lang='grc' dir='ltr'>ὀντες,</span> <span class='ocrx_word' id='word_1_818' title='bbox 3475 4793 3550 4852; x_wconf 82' lang='grc' dir='ltr'>ὧν</span> <span class='ocrx_word' id='word_1_819' title='bbox 3575 4802 3623 4853; x_wconf 80' lang='lat' dir='ltr'>ot</span> <span class='ocrx_word' id='word_1_820' title='bbox 3672 4803 3770 4872; x_wconf 82' lang='grc' dir='ltr'>μὲν</span> 
     </span>
    </p>
   </div>
   <div class='ocr_carea' id='block_1_106' title="bbox 2184 4875 3770 4963">
    <p class='ocr_par' dir='ltr' id='par_1_106' title="bbox 2184 4875 3770 4963">
     <span class='ocr_line' id='line_1_106' title="bbox 2184 4875 3770 4963; baseline 0.012 -37"><span class='ocrx_word' id='word_1_821' title='bbox 2184 4875 2404 4928; x_wconf 87' lang='grc' dir='ltr'>ἐποίουν</span> <span class='ocrx_word' id='word_1_822' title='bbox 2429 4883 2496 4948; x_wconf 79' lang='grc' dir='ltr'>ρ’,</span> <span class='ocrx_word' id='word_1_823' title='bbox 2514 4881 2562 4932; x_wconf 89' lang='grc' dir='ltr'>οἱ</span> <span class='ocrx_word' id='word_1_824' title='bbox 2592 4879 2650 4932; x_wconf 81' lang='grc' dir='ltr'>δὲ</span> <span class='ocrx_word' id='word_1_825' title='bbox 2669 4879 2730 4945; x_wconf 83' lang='grc' dir='ltr'>ξ’,</span> <span class='ocrx_word' id='word_1_826' title='bbox 2750 4885 2796 4940; x_wconf 89' lang='grc' dir='ltr'>οἱ</span> <span class='ocrx_word' id='word_1_827' title='bbox 2825 4885 2881 4942; x_wconf 74' lang='grc' dir='ltr'>δὲ</span> <span class='ocrx_word' id='word_1_828' title='bbox 2898 4885 3035 4940; x_wconf 88' lang='grc' dir='ltr'>λ’.οί</span> <span class='ocrx_word' id='word_1_829' title='bbox 3065 4887 3120 4940; x_wconf 87' lang='grc' dir='ltr'>δὲ</span> <span class='ocrx_word' id='word_1_830' title='bbox 3136 4887 3770 4963; x_wconf 80' lang='grc' dir='ltr'>τούτωνέπιστησόμενοι</span> 
     </span>
    </p>
   </div>
   <div class='ocr_carea' id='block_1_107' title="bbox 2183 4964 3768 5043">
    <p class='ocr_par' dir='ltr' id='par_1_107' title="bbox 2183 4964 3768 5043">
     <span class='ocr_line' id='line_1_107' title="bbox 2183 4964 3768 5043; baseline 0.013 -26"><span class='ocrx_word' id='word_1_831' title='bbox 2183 4964 2444 5036; x_wconf 83' lang='grc' dir='ltr'>ἄρχοντές</span> <span class='ocrx_word' id='word_1_832' title='bbox 2485 4984 2633 5031; x_wconf 88' lang='grc' dir='ltr'>τινες</span> <span class='ocrx_word' id='word_1_833' title='bbox 2685 4971 2779 5024; x_wconf 78' lang='grc' dir='ltr'>καὶ</span> <span class='ocrx_word' id='word_1_834' title='bbox 2813 4973 3080 5043; x_wconf 76' lang='grc' dir='ltr'>ἡγεμόνες</span> <span class='ocrx_word' id='word_1_835' title='bbox 3110 4975 3256 5037; x_wconf 83' lang='grc' dir='ltr'>τινὲς</span> <span class='ocrx_word' id='word_1_836' title='bbox 3288 4975 3488 5039; x_wconf 75' lang='grc' dir='ltr'>αὐτῶν,</span> <span class='ocrx_word' id='word_1_837' title='bbox 3521 4979 3579 5030; x_wconf 84' lang='grc' dir='ltr'>ἐν</span> <span class='ocrx_word' id='word_1_838' title='bbox 3608 4978 3768 5036; x_wconf 72' lang='grc' dir='ltr'>δυνά-</span> 
     </span>
    </p>
   </div>
   <div class='ocr_carea' id='block_1_108' title="bbox 2189 5055 3770 5134">
    <p class='ocr_par' dir='ltr' id='par_1_108' title="bbox 2189 5055 3770 5134">
     <span class='ocr_line' id='line_1_108' title="bbox 2189 5055 3770 5134; baseline 0.01 -27"><span class='ocrx_word' id='word_1_839' title='bbox 2189 5072 2347 5126; x_wconf 90' lang='grc' dir='ltr'>μεσιν</span> <span class='ocrx_word' id='word_1_840' title='bbox 2372 5055 2671 5130; x_wconf 80' lang='grc' dir='ltr'>ἐξαιρέτοις</span> <span class='ocrx_word' id='word_1_841' title='bbox 2713 5061 3171 5134; x_wconf 80' lang='grc' dir='ltr'>κοσμηθήσονται·</span> <span class='ocrx_word' id='word_1_842' title='bbox 3200 5065 3283 5118; x_wconf 75' lang='grc' dir='ltr'>διὸ</span> <span class='ocrx_word' id='word_1_843' title='bbox 3300 5066 3569 5121; x_wconf 85' lang='grc' dir='ltr'>λέλεκται·</span> <span class='ocrx_word' id='word_1_844' title='bbox 3607 5090 3625 5122; x_wconf 81' lang='grc' dir='ltr'>ι</span> <span class='ocrx_word' id='word_1_845' title='bbox 3664 5071 3770 5122; x_wconf 84' lang='grc' dir='ltr'>Ἐν-</span> 
     </span>
    </p>
   </div>
   <div class='ocr_carea' id='block_1_109' title="bbox 2183 5145 3767 5224">
    <p class='ocr_par' dir='ltr' id='par_1_109' title="bbox 2183 5145 3767 5224">
     <span class='ocr_line' id='line_1_109' title="bbox 2183 5145 3767 5224; baseline 0.01 -26"><span class='ocrx_word' id='word_1_846' title='bbox 2183 5145 2438 5200; x_wconf 75' lang='grc' dir='ltr'>εδύσαντο</span> <span class='ocrx_word' id='word_1_847' title='bbox 2465 5149 2514 5202; x_wconf 90' lang='grc' dir='ltr'>οί</span> <span class='ocrx_word' id='word_1_848' title='bbox 2545 5151 2690 5222; x_wconf 75' lang='grc' dir='ltr'>κριοὶ</span> <span class='ocrx_word' id='word_1_849' title='bbox 2709 5151 2819 5204; x_wconf 87' lang='grc' dir='ltr'>τῶν</span> <span class='ocrx_word' id='word_1_850' title='bbox 2853 5154 3194 5224; x_wconf 80' lang='grc' dir='ltr'>προϐάτων·›</span> <span class='ocrx_word' id='word_1_851' title='bbox 3224 5157 3344 5214; x_wconf 76' lang='grc' dir='ltr'>ἀντὶ</span> <span class='ocrx_word' id='word_1_852' title='bbox 3374 5158 3488 5210; x_wconf 91' lang='grc' dir='ltr'>τοῦ·</span> <span class='ocrx_word' id='word_1_853' title='bbox 3523 5179 3540 5210; x_wconf 76' lang='grc' dir='ltr'>ι</span> <span class='ocrx_word' id='word_1_854' title='bbox 3585 5161 3767 5213; x_wconf 77' lang='grc' dir='ltr'>Ἐνδύ-</span> 
     </span>
    </p>
   </div>
   <div class='ocr_carea' id='block_1_110' title="bbox 2183 5241 3767 5320">
    <p class='ocr_par' dir='ltr' id='par_1_110' title="bbox 2183 5241 3767 5320">
     <span class='ocr_line' id='line_1_110' title="bbox 2183 5241 3767 5320; baseline 0.009 -30"><span class='ocrx_word' id='word_1_855' title='bbox 2183 5255 2419 5292; x_wconf 76' lang='grc' dir='ltr'>σονται.»</span> <span class='ocrx_word' id='word_1_856' title='bbox 2455 5241 2661 5311; x_wconf 76' lang='grc' dir='ltr'>Κριοῦς</span> <span class='ocrx_word' id='word_1_857' title='bbox 2714 5243 2772 5298; x_wconf 84' lang='grc' dir='ltr'>δὲ</span> <span class='ocrx_word' id='word_1_858' title='bbox 2822 5245 3110 5316; x_wconf 85' lang='grc' dir='ltr'>προϐάτων</span> <span class='ocrx_word' id='word_1_859' title='bbox 3161 5249 3286 5312; x_wconf 79' lang='grc' dir='ltr'>τοὺς</span> <span class='ocrx_word' id='word_1_860' title='bbox 3327 5249 3596 5320; x_wconf 78' lang='grc' dir='ltr'>ἄρχοντας</span> <span class='ocrx_word' id='word_1_861' title='bbox 3646 5253 3767 5316; x_wconf 73' lang='grc' dir='ltr'>τοὺς</span> 
     </span>
    </p>
   </div>
   <div class='ocr_carea' id='block_1_111' title="bbox 2177 5331 3767 5412">
    <p class='ocr_par' dir='ltr' id='par_1_111' title="bbox 2177 5331 3767 5412">
     <span class='ocr_line' id='line_1_111' title="bbox 2177 5331 3767 5412; baseline 0.009 -30"><span class='ocrx_word' id='word_1_862' title='bbox 2177 5331 2516 5402; x_wconf 80' lang='grc' dir='ltr'>ἡγουμένους</span> <span class='ocrx_word' id='word_1_863' title='bbox 2539 5333 2650 5388; x_wconf 85' lang='grc' dir='ltr'>τῶν</span> <span class='ocrx_word' id='word_1_864' title='bbox 2674 5336 3082 5411; x_wconf 87' lang='grc' dir='ltr'>προλεχθέντων</span> <span class='ocrx_word' id='word_1_865' title='bbox 3111 5341 3344 5412; x_wconf 86' lang='grc' dir='ltr'>νοήσεις,</span> <span class='ocrx_word' id='word_1_866' title='bbox 3365 5342 3561 5409; x_wconf 81' lang='grc' dir='ltr'>οἵτινες</span> <span class='ocrx_word' id='word_1_867' title='bbox 3589 5343 3767 5400; x_wconf 79' lang='grc' dir='ltr'>ἐνεδύο</span> 
     </span>
    </p>
   </div>
   <div class='ocr_carea' id='block_1_112' title="bbox 2178 5423 3762 5498">
    <p class='ocr_par' dir='ltr' id='par_1_112' title="bbox 2178 5423 3762 5498">
     <span class='ocr_line' id='line_1_112' title="bbox 2178 5423 3762 5498; baseline 0.01 -24"><span class='ocrx_word' id='word_1_868' title='bbox 2178 5423 2402 5494; x_wconf 88' lang='grc' dir='ltr'>σαντοῆ</span> <span class='ocrx_word' id='word_1_869' title='bbox 2436 5425 2530 5478; x_wconf 80' lang='grc' dir='ltr'>καὶ</span> <span class='ocrx_word' id='word_1_870' title='bbox 2563 5425 2764 5496; x_wconf 79' lang='grc' dir='ltr'>μᾶλλον</span> <span class='ocrx_word' id='word_1_871' title='bbox 2825 5429 3154 5484; x_wconf 79' lang='grc' dir='ltr'>ἐνδύσονται.</span> <span class='ocrx_word' id='word_1_872' title='bbox 3209 5429 3272 5484; x_wconf 91' lang='grc' dir='ltr'>Τί</span> <span class='ocrx_word' id='word_1_873' title='bbox 3319 5432 3378 5486; x_wconf 83' lang='grc' dir='ltr'>δὲ</span> <span class='ocrx_word' id='word_1_874' title='bbox 3435 5433 3762 5498; x_wconf 79' lang='grc' dir='ltr'>ἐνδύσονται,</span> 
     </span>
    </p>
   </div>
   <div class='ocr_carea' id='block_1_113' title="bbox 2172 5511 3758 5594">
    <p class='ocr_par' dir='ltr' id='par_1_113' title="bbox 2172 5511 3758 5594">
     <span class='ocr_line' id='line_1_113' title="bbox 2172 5511 3758 5594; baseline 0.013 -33"><span class='ocrx_word' id='word_1_875' title='bbox 2172 5511 2303 5581; x_wconf 88' lang='grc' dir='ltr'>ήμῖν</span> <span class='ocrx_word' id='word_1_876' title='bbox 2344 5513 2734 5569; x_wconf 85' lang='grc' dir='ltr'>καταλέλοιπεν</span> <span class='ocrx_word' id='word_1_877' title='bbox 2764 5520 2923 5571; x_wconf 84' lang='grc' dir='ltr'>νοεῖν·</span> <span class='ocrx_word' id='word_1_878' title='bbox 2958 5517 3197 5581; x_wconf 82' lang='grc' dir='ltr'>διδάσκει</span> <span class='ocrx_word' id='word_1_879' title='bbox 3243 5520 3382 5576; x_wconf 81' lang='grc' dir='ltr'>δὲτὸ</span> <span class='ocrx_word' id='word_1_880' title='bbox 3409 5522 3616 5594; x_wconf 73' lang='grc' dir='ltr'>ἔνδυμα</span> <span class='ocrx_word' id='word_1_881' title='bbox 3642 5524 3758 5581; x_wconf 79' lang='grc' dir='ltr'>τού·</span> 
     </span>
    </p>
   </div>
   <div class='ocr_carea' id='block_1_114' title="bbox 2168 5603 3762 5687">
    <p class='ocr_par' dir='ltr' id='par_1_114' title="bbox 2168 5603 3762 5687">
     <span class='ocr_line' id='line_1_114' title="bbox 2168 5603 3762 5687; baseline 0.009 -34"><span class='ocrx_word' id='word_1_882' title='bbox 2168 5617 2276 5655; x_wconf 90' lang='grc' dir='ltr'>των</span> <span class='ocrx_word' id='word_1_883' title='bbox 2307 5604 2337 5656; x_wconf 87' lang='grc' dir='ltr'>ό</span> <span class='ocrx_word' id='word_1_884' title='bbox 2369 5603 2510 5669; x_wconf 89' lang='grc' dir='ltr'>θεῖος</span> <span class='ocrx_word' id='word_1_885' title='bbox 2542 5607 2864 5676; x_wconf 78' lang='grc' dir='ltr'>’Δπόστολος</span> <span class='ocrx_word' id='word_1_886' title='bbox 2895 5610 3084 5681; x_wconf 84' lang='grc' dir='ltr'>λέγων·</span> <span class='ocrx_word' id='word_1_887' title='bbox 3109 5614 3230 5666; x_wconf 77' lang='grc' dir='ltr'>«Δεῖ</span> <span class='ocrx_word' id='word_1_888' title='bbox 3254 5614 3314 5667; x_wconf 82' lang='grc' dir='ltr'>τὸ</span> <span class='ocrx_word' id='word_1_889' title='bbox 3347 5615 3586 5687; x_wconf 69' lang='grc' dir='ltr'>φθαρτὸν</span> <span class='ocrx_word' id='word_1_890' title='bbox 3609 5613 3762 5672; x_wconf 74' lang='grc' dir='ltr'>τοῦτο</span> 
     </span>
    </p>
   </div>
   <div class='ocr_carea' id='block_1_115' title="bbox 4036 2297 4042 3464">
    <p class='ocr_par' dir='ltr' id='par_1_115' title="bbox 4037 2297 4039 2412">
     <span class='ocr_line' id='line_1_115' title="bbox 4037 2297 4039 2412; baseline 0 -6"><span class='ocrx_word' id='word_1_891' title='bbox 4037 2297 4039 2400; x_wconf 69' lang='lat' dir='ltr'>l</span> 
     </span>
    </p>
   </div>
   <div class='ocr_carea' id='block_1_116' title="bbox 4035 4012 4043 6352">
    <p class='ocr_par' dir='ltr' id='par_1_116' title="bbox 4035 5805 4039 6230">
     <span class='ocr_line' id='line_1_116' title="bbox 4037 5805 4039 5942; baseline 0 0"><span class='ocrx_word' id='word_1_892' title='bbox 4037 5805 4039 5942; x_wconf 82' lang='grc' dir='ltr'>ι</span> 
     </span>
     <span class='ocr_line' id='line_1_117' title="bbox 4035 6003 4039 6230; baseline 0 0"><span class='ocrx_word' id='word_1_893' title='bbox 4035 6003 4039 6230; x_wconf 71' lang='grc'><strong>1</strong></span> 
     </span>
    </p>
   </div>
  </div>
