4086 6442
260 439 383 495 6ιὸ

1420 438 1928 497 ΟΟΜΜΕΝΤΑΙΚΙΑ
1972 443 2035 497 ΙΝ
2079 440 2425 501 PSALMOS.

3464 450 3571 505 646

259 551 597 607 ἐνδύσασθαι
648 551 973 624 ἀφθαρσίαν·
1005 572 1023 604 ι
1059 555 1150 607 καὶ
1177 554 1354 608 πάλιν·
1382 575 1398 607 ι
1432 557 1544 625 Ἐφ’
1570 551 1614 625 ᾧ
1638 560 1705 611 οὑ
1725 558 1860 611 θέλο¹

1986 568 2044 613 ut
2066 560 2429 615 absorbeatur
2449 558 2593 631 quod
2615 561 2846 616 mortale
2861 555 2943 617 est
2961 575 2991 614 a
3007 560 3119 615 vita
3133 562 3202 616 ".
3233 584 3251 619 λ
3269 560 3569 619 lnduentur

265 662 380 715 μεν
396 643 718 698 ἐνδύσασθαι
750 644 826 716 (1)
845 646 990 709 ,ἀλλ’
1013 648 1430 715 ἐπενδύσασθαι,
1459 651 1545 704 ἵνα
1576 654 1860 726 καταποθῇ

259 738 337 791 τὸ
367 737 557 807 θνητὸν
619 736 723 789 ὑπὸ
765 736 866 807 τῆς
926 738 1090 810 ζωῆς.
1127 761 1143 791 ι
1212 742 1550 797 Ἐνδύσονται
1601 746 1784 799 τοίνυν
1813 748 1862 799 οἱ

259 828 420 900 κριοὶ
440 828 500 880 τὸ
527 828 808 899 ὲμπρέπον
832 829 1014 895 αὑτοῖς
1051 831 1274 903 ἔνδυμα,
1300 834 1390 887 τοῦ
1417 835 1657 909 φθαρτοῦ
1685 838 1865 909 σώμα-

258 933 366 979 τος
398 915 579 979 αὐτοῖς
628 916 1057 987 μεταϐάλλοντος
1100 923 1180 985 είς
1224 923 1558 996 ἀφθαρσίαν,
1619 928 1715 982 καὶ
1767 929 1860 985 τοῦ

261 1006 470 1078 θνητοῦ
499 1010 578 1071 εἰς
611 1006 927 1064 ἀθανασίαν.
991 1012 1148 1067 Οὑτω
1202 1015 1331 1083 γοῦν
1380 1018 1522 1071 κατά
1571 1020 1631 1072 τὸ
1680 1023 1853 1092 παρά-

257 1099 473 1172 δειγμα
495 1101 585 1153 καὶ
618 1102 666 1153 oi
688 1103 831 1173 κριοὶ⁵
859 1102 1071 1158 οἴκοθεν
1099 1107 1395 1175 ἐπάγονται
1420 1109 1483 1163 τὸ
1508 1111 1733 1183 ἔνδυμα,
1765 1114 1861 1169 τοῦ

265 1191 526 1262 σώματος
589 1194 769 1258 αὑτοῖς
824 1198 1296 1269 καρποφοροῦντος
1349 1202 1441 1254 τὸν
1476 1202 1663 1257 πόκον.
1702 1204 1862 1259 Ἀλλά

264 1281 368 1334 καὶ
397 1282 559 1335 αὑτὸν
589 1283 896 1337 ὲνδύσονται
928 1286 1019 1339 τὸν
1051 1288 1253 1361 Κύριον
1276 1291 1432 1362 ήμῶν
1477 1294 1687 1365 Ἰησοῦν
1722 1296 1854 1366 Χρι-

265 1374 418 1439 στδν,
443 1374 505 1426 τὸ
533 1375 810 1449 ἐξαίρετον
836 1376 1043 1449 ἔνδυμα
1070 1381 1130 1433 τὸ
1160 1381 1273 1450 φῶς
1292 1383 1392 1453 τῆς
1412 1382 1664 1457 θεότητος
1696 1387 1860 1441 αὑτοῦ

265 1466 743 1537 περιϐαλούμενοι.
779 1469 899 1522 Ἔτι
947 1470 1044 1540 μὲν
1099 1473 1192 1524 καὶ
1231 1491 1248 1523 ι
1290 1476 1344 1527 αἱ
1388 1474 1635 1541 κοιλάδες
1666 1496 1685 1529 ι
1738 1478 1860 1531 τότε

271 1578 291 1608 ι
340 1556 672 1630 πληθυνοῦσι
719 1562 882 1613 σῖτον.
910 1580 928 1613 ι
966 1562 1113 1615 Ἔδει
1140 1562 1249 1636 γὰρ
1281 1565 1415 1634 μηδὲ
1445 1566 1552 1619 τῶν
1602 1567 1862 1623 κοιλάδων

263 1651 676 1723 ἀμνημονῆσαιο
712 1652 969 1724 ἀνωτέρω
995 1653 1094 1723 μὲν
1126 1654 1233 1728 γάρ
1260 1656 1509 1721 πεδιάδες
1539 1658 1863 1729 ὠνομάσθη-

268 1760 375 1796 σαν
402 1742 493 1796 καὶ
512 1743 643 1814 ὄρεα
674 1743 883 1815 ἐρήμου
915 1745 1010 1799 καὶ
1040 1744 1239 1815 βουνοί.
1293 1747 1511 1821 Ἐπειδὴ
1546 1750 1602 1803 δέ
1631 1752 1737 1804 εἰσι
1767 1751 1861 1803 καὶ

266 1833 424 1904 παρὰ
445 1831 516 1886 τά
535 1831 797 1902 λεχθέντα
825 1832 1083 1906 τάγματα
1116 1834 1265 1889 ἄλλοι
1294 1837 1439 1901 τινὲς
1463 1839 1858 1911 ταπεινότεροι,

1968 655 2150 725 itaque
2176 656 2375 710 arietes
2398 656 2719 727 congruenti
2746 655 2847 710 sibi
2869 656 3215 717 vestimento,
3232 664 3441 711 mutato
3454 672 3551 712 cor

1966 746 2211 817 ruptibili
2238 761 2468 816 corpore
2489 746 2543 800 in
2565 746 3058 817 incorruptionem,
3077 756 3131 803 et
3155 749 3374 804 mortali
3398 749 3452 803 in
3472 751 3566 804 im-

1965 834 2474 894 mortalitatem.Sic
2491 836 2673 905 itaque
2694 836 2995 891 secundum
3014 839 3247 910 exempli
3271 841 3563 907 rationem,

1964 926 2166 981 arietes
2193 927 2576 982 vestimentum
2597 926 2698 979 sibi
2718 925 3047 994 producunt,
3072 942 3301 998 corpore
3326 930 3445 999 ipso
3462 931 3565 985 vel-

1964 1018 2051 1072 lus
2072 1017 2375 1073 emittente.
2405 1018 2517 1073 lmo
2540 1033 2667 1072 vero
2698 1018 2876 1087 ipsum
2902 1016 3188 1073 Dominum
3203 1030 3452 1074 nostrum
3471 1019 3562 1074 Je-

1964 1124 2084 1163 sum
2102 1107 2384 1164 Christum
2418 1108 2646 1164 iuduent
2672 1109 3127 1179 praestantissimo
3156 1110 3249 1164 illo
3271 1111 3564 1167 indumen-

1965 1210 2041 1265 to,
2069 1202 2191 1257 luce
2207 1218 2406 1273 nempe
2421 1202 2640 1258 deitatis
2662 1204 2949 1259 vestiendi.
2976 1204 3056 1258 Ad
3082 1204 3198 1259 hac
3230 1214 3409 1260 autem
3432 1216 3564 1262 tunc

1969 1312 1987 1345 ι
2014 1294 2186 1350 valles
2206 1293 2564 1350 abundabunt
2587 1293 2881 1350 frumento.
2905 1315 2923 1347 ι
2949 1294 3055 1348 Par
3084 1296 3285 1367 quippe
3313 1297 3415 1351 fuit
3440 1298 3560 1352 val-

1964 1385 2042 1439 les
2064 1399 2173 1439 non
2196 1383 2415 1441 silentio
2430 1385 2741 1454 prmterire;
2765 1399 2888 1439 nam
2909 1386 3162 1455 superius
3181 1387 3383 1457 campi,
3403 1402 3562 1441 mon-

1963 1482 2048 1530 tes
2062 1475 2285 1540 deserti,
2302 1483 2355 1529 et
2368 1474 2537 1530 colles
2571 1477 2833 1529 nominati
2847 1482 2993 1531 sunt.
3017 1476 3154 1542 Quia
3176 1492 3306 1532 vero
3322 1480 3413 1532 alii
3430 1486 3561 1534 sunt

1970 1567 2291 1621 memoratis
2316 1566 2603 1621 ordinibus
2636 1566 2878 1632 viliores,
2905 1583 3079 1636 neque
3102 1577 3283 1624 tamen
3304 1584 3370 1623 ex
3389 1585 3560 1640 regno

1963 1656 2238 1725 ejiciendi,
2270 1656 2398 1711 licet
2424 1657 2700 1726 praedictis
2717 1658 3229 1728 comparati,parvi,
3246 1661 3450 1729 pusilli,
3468 1676 3558 1728 ac,

1965 1757 2029 1801 ut
2071 1747 2146 1800 ita
2175 1746 2374 1811 dicam,
2407 1750 2671 1818 postremi
2703 1747 3008 1803 habeantur
3037 1765 3050 1813 ;
3110 1766 3336 1805 necesse
3369 1750 3468 1805 fuit
3496 1761 3557 1806 ut

1971 1854 2151 1908 neque
2189 1854 2382 1893 eorum
2412 1839 2618 1893 mentio
2645 1840 3048 1909 prmteriretttr;
3084 1842 3181 1896 sed
3209 1858 3305 1897 eos
3333 1859 3556 1915 quoque

266 1927 367 1979 καὶ
400 1926 500 1979 οὑκ
522 1926 816 1997 ἀπόϐλητοι
847 1928 945 1998 μὲν
964 1927 1063 1997 τῆς
1087 1926 1384 1999 βασιλείας,
1416 1930 1553 2002 πλὴν
1574 1931 1648 1994 ὡς
1672 1934 1729 1986 ὲν
1756 1950 1860 1986 πα-

1964 1940 2354 1997 congruentem
2399 1927 2638 1980 fructum
2684 1927 2894 1981 laturos
2933 1942 3056 1981 esse
3105 1927 3420 1981 declaratur
3468 1927 3558 1984 his

267 2016 493 2088 ραθέσει
546 2017 654 2071 τῶν
716 2017 1120 2090 προλεχθέντων
1181 2022 1407 2092 σμικροὶ
1455 2022 1550 2075 καὶ
1602 2021 1857 2093 βραχεῖς,

265 2109 489 2162 πάντων
509 2126 570 2162 τε
588 2110 665 2173 ὼς
698 2109 763 2163 ἀν
784 2108 928 2163 είποι
956 2128 1059 2175 τις,
1112 2110 1351 2181 ἔσχατον
1401 2113 1715 2182 ἀναγκαίως
1744 2114 1862 2168 οὐδὲ

262 2200 475 2255 τούτων
507 2200 749 2274 παρῆλθε
780 2201 878 2273 τὴν
920 2203 1144 2275 μνήμην
1185 2204 1215 2255 ό
1265 2203 1441 2273 λόγος·
1472 2204 1609 2258 ἀλλά
1635 2205 1729 2258 καὶ
1768 2206 1865 2259 αύ-

261 2295 396 2357 τοὺς
428 2294 639 2365 καρπὸν
665 2294 831 2347 οἴσειν
864 2293 954 2347 τὸν
986 2294 1346 2350 ἐπιϐάλλοντα
1372 2294 1615 2349 διδάσκει
1668 2296 1859 2365 λέγων·

270 2403 288 2434 ι
318 2384 432 2436 Kal.
461 2385 517 2436 at
544 2383 787 2448 κοιλάδες
811 2384 1141 2454 πληθυνοῦσι
1167 2387 1312 2437 σῖτον
1339 2404 1356 2437 ι
1390 2386 1784 2457 προφέρουσαι,
1803 2387 1859 2459 ἢ,

271 2494 290 2525 ‹
319 2475 420 2546 τὴν
450 2475 706 2547 τροφήν,ι
737 2477 879 2530 κατά
899 2475 992 2528 τὸν
1026 2475 1343 2547 Σύμμαχον.
1380 2495 1397 2529 ε
1427 2476 1857 2547 Κεκράξονται..

265 2565 335 2618 Τί
354 2564 410 2619 δὲ
434 2565 815 2637 κεκράξονται,
849 2566 1141 2639 ἑρμηνεύει
1170 2568 1296 2640 ἑξῆς
1351 2568 1545 2638 λέγων·
1570 2589 1587 2621 ι
1617 2570 1727 2624 Καὶ
1755 2570 1862 2643 γάρ

266 2657 657 2729 ὑμνήσουσινη
705 2658 836 2711 ὡσεὶ
872 2659 1204 2731 σαφέστερον
1262 2662 1491 2733 εἰρήκει·
1522 2662 1585 2716 El
1611 2664 1719 2735 γὰρ
1751 2680 1864 2719 κοι-

265 2748 427 2813 λάδες
460 2749 837 2821 τυγχάνουσιν,
872 2751 1021 2821 ὅμως
1073 2751 1118 2805 δ’
1153 2747 1245 2806 οὖν
1293 2753 1595 2824 ὑμνήσουσι
1644 2755 1735 2807 τὸν
1771 2756 1863 2809 καὶ

265 2838 455 2902 αὐτοῖς
486 2839 593 2892 τῶν
615 2839 835 2908 ἀγαθῶν
860 2841 1121 2915 πάροχον.
1163 2842 1461 2912 ’Υμνοῦσαι
1492 2844 1548 2897 δὲ
1571 2844 1863 2916 κεκράξον-

265 2945 381 2991 ται,
414 2930 697 3002 παρρησίᾳ
721 2929 999 3003 χρώμεναι
1029 2930 1126 2985 καὶ
1166 2930 1262 3002 βοῇ
1296 2932 1527 3003 μεγάλῃ.
1554 2932 1766 2986 Βοῶσαι
1804 2933 1861 2986 δὲ

266 3022 486 3091 κραυγῇ
519 3020 612 3072 καὶ
645 3020 910 3090 ὑμνοῦσαι
941 3020 1099 3084 ποίας
1133 3021 1463 3093 προήσονται
1486 3021 1691 3090 φωνὰς,
1715 3022 1862 3093 aea;

265 3109 330 3162 ιν
360 3110 503 3181 ἀρχῇ
557 3112 757 3175 παντὸς
802 3109 1018 3184 ψαλμοῦ
1080 3111 1411 3182 φερομέναςο
1471 3112 1607 3165 ιΣοὶ
1660 3113 1859 3184 πρέπει

268 3201 461 3272 ῦμνος,
489 3204 517 3254 ό
546 3202 697 3268 Θεὸς,
726 3204 784 3256 ὲν
832 3201 1026 3267 Σιὼν,›
1076 3203 1337 3272 λέγουσαι
1363 3221 1376 3268 ;
1413 3205 1752 3274 ’Δναγκαίως
1804 3205 1860 3257 δὲ

266 3290 558 3362 πρόκειται
583 3293 645 3344 τό
679 3307 693 3321 ⁸
730 3312 747 3343 ι
775 3292 1169 3364 Κεκράξονται,
1216 3292 1312 3344 καὶ
1362 3295 1471 3362 γάρ
1500 3294 1851 3364 ὑμνήσουσῳ

266 3386 400 3457 περὶ
425 3385 533 3438 τῶν
558 3387 839 3449 κοιλάδων,
874 3388 907 3458 ἢ
968 3387 1062 3440 καὶ
1096 3388 1224 3459 περὶ
1286 3387 1394 3439 τῶν
1452 3388 1861 3459 προλεχθέντων

266 3478 549 3541 ἁπάντων,
578 3478 653 3542 ὡς
681 3479 747 3533 ἂν
774 3479 1060 3551 μάθοιμεν,
1104 3480 1185 3532 ὅτι
1211 3479 1286 3551 μὴ
1317 3480 1444 3551 περ)⁵
1470 3468 1862 3552 αἰσθητῶνκαὶ

269 3570 601 3633 σωματικῶν
646 3570 829 3623 τόπων
876 3572 906 3624 ὁ
956 3570 1111 3639 λόγος
1167 3568 1338 3623 ταῦτα
1379 3570 1638 3623 διδάσκει⁸
1684 3572 1861 3627 καίτοι

267 3663 368 3716 καὶ
399 3664 527 3733 περὶ
554 3661 757 3715 τούτων
806 3662 952 3726 είκὸς
983 3657 1050 3732 ἦν
1083 3661 1151 3717 τά
1197 3648 1571 3733 πφλεχθέντα
1604 3662 1860 3731 λέγεσθαι

267 3752 512 3824 νομίζειν
540 3754 633 3806 ἐπὶ
656 3755 768 3818 τοῖς
794 3753 1069 3825 αίσθητοίς
1090 3752 1185 3806 τοῦ
1204 3747 1338 3805 Θεοῦ
1360 3753 1706 3826 δωρήμασιν,
1732 3753 1860 3807 ὥστ’

269 3840 411 3897 εἶναι
440 3845 849 3915 εύχαριστήριον
882 3843 1072 3915 ῦμνον,
1117 3842 1193 3906 ὼς
1222 3843 1357 3915 πρὸς
1391 3844 1488 3912 τὴν
1517 3843 1682 3908 λέξιν,
1719 3844 1861 3914 ὑπὲρ

266 3935 379 3989 τῶν
410 3938 529 3990 κατ’
561 3935 678 3998 ἔτος
704 3934 1011 4007 ἀνθρώποις
1041 3934 1463 4006 χορηγουμένων
1491 3934 1583 3987 τὸν
1618 3936 1861 4006 παρόντα

268 4028 449 4097 λόγον.
479 4028 613 4082 Καθ’
653 4028 883 4081 ἕκαστον
947 4026 1079 4097 γοῦν
1112 4027 1358 4080 ἐνιαυτὸν
1406 4027 1435 4079 ὁ
1480 4026 1862 4099 φιλάνθρωπος

270 4121 366 4173 καὶ
395 4119 594 4183 παντὸς
615 4118 819 4188 ἀγαθοῦ
854 4118 1018 4190 δοτὴρ
1046 4119 1198 4182 Θεὸς,
1248 4117 1714 4188 ἐπισκεπτόμενος
1763 4117 1861 4187 τὴν

269 4213 398 4283 γῆν,
438 4210 695 4283 μεθύσκει
727 4210 915 4281 αὐτὴν,
952 4209 1127 4283 ἄρδων
1158 4212 1270 4273 τοῖς
1306 4209 1588 4279 συνήθεσιν
1612 4208 1857 4279 ὄμϐροις,

271 4303 473 4377 πληροῖ
508 4319 566 4356 τε
600 4302 767 4372 αὑτῆς
794 4304 920 4366 τοὺς
946 4300 1190 4366 αὔλακας
1220 4303 1336 4363 ταῖς
1365 4300 1475 4354 τῶν
1500 4300 1670 4353 ὑετῶν
1699 4316 1862 4370 χορη-

271 4395 440 4465 γίαις.
472 4395 551 4450 Τά
577 4412 637 4449 τε
662 4398 977 4467 γεννήματα
1010 4394 1178 4463 αὑτῆς
1216 4391 1501 4463 πληθύνων
1550 4392 1851 4461 εὐλογήσει.

286 4487 351 4539 Ἡ
404 4485 463 4539 δὲ
501 4486 870 4557 εὐφραίνεται,
928 4481 1380 4556 νεαροποιηθεῖσά
1439 4499 1499 4537 τε
1550 4480 1851 4535 ἀνατέλλει.

1966 2018 2149 2073 verbis
2185 2033 2199 2070 :
2236 2036 2255 2071 ι
2294 2016 2360 2071 Et
2390 2018 2558 2073 valles
2603 2017 2961 2072 abundabunt
3005 2017 3303 2080 frumento,
3344 2037 3362 2069 ι
3405 2018 3553 2087 quod

1963 2110 2263 2181 proferent,
2291 2109 2408 2165 sive
2446 2128 2463 2161 ι
2500 2125 2709 2172 escam,
2747 2128 2766 2162 ι
2804 2110 3104 2165 secundum
3139 2108 3552 2181 Symmachum.

1968 2220 1986 2253 ι
2029 2200 2378 2257 Clamabunt.
2414 2221 2432 2253 ι
2464 2200 2607 2267 Quid
2661 2210 2843 2255 autem
2899 2200 3237 2263 clamabunt,
3294 2201 3397 2255 sub
3437 2200 3557 2256 haec

1961 2293 2202 2365 explicat
2241 2292 2437 2348 dicens
2472 2311 2485 2348 :
2516 2310 2535 2345 ι
2577 2291 2792 2347 Etenim
2833 2292 3096 2365 hymnum
3127 2292 3346 2360 dicent;
3414 2310 3432 2342 ι
3489 2306 3555 2345 at:

1962 2385 2008 2441 si
2042 2384 2285 2455 apertius
2319 2383 2553 2439 dixisset
2600 2403 2614 2439 :
2662 2382 2892 2437 Etiamsi
2926 2382 3096 2437 valles
3126 2381 3257 2448 sint,
3311 2390 3551 2436 attamen

1964 2476 2153 2531 talium
2185 2476 2289 2532 sibi
2322 2475 2591 2530 bonorum
2613 2474 2826 2528 auctori
2855 2474 3116 2544 hymnqu
3147 2474 3348 2528 dicent.
3387 2471 3552 2543 [lym-

1963 2581 2093 2622 num
2119 2581 2250 2622 vero
2285 2565 2535 2620 dicentes
2568 2564 2907 2630 clamabunt,
2952 2561 3152 2617 ﬁducia
3202 2564 3553 2631 clamoreque

1963 2673 2163 2727 magno
2219 2667 2455 2712 utentes.
2511 2654 2827 2711 Clamantes
2880 2660 3062 2708 autem
3102 2667 3237 2707 voce
3271 2667 3467 2723 magna
3497 2661 3553 2707 et

1966 2748 2225 2819 hymnum
2279 2748 2525 2803 dicentes
2564 2762 2702 2817 quas
2749 2759 2915 2799 voces
2967 2744 3243 2808 emittent,
3303 2744 3408 2799 nisi
3454 2758 3551 2797 eas

1963 2855 2084 2910 quae
2113 2839 2272 2893 initio
2292 2838 2461 2892 totius
2494 2838 2690 2909 psalmi
2715 2834 2968 2891 feruntur
3005 2853 3018 2890 :
3056 2852 3073 2885 ι
3106 2832 3184 2888 Te
3213 2834 3370 2889 decet
3393 2834 3551 2904 hym-

1963 2947 2091 2994 nus,
2112 2928 2281 2993 Deus,
2311 2928 2365 2982 in
2395 2925 2572 2983 Sion?
2606 2945 2623 2979 ι
2651 2925 2980 2982 Necessario
2997 2932 3178 2978 autem
3198 2921 3353 2984 illud,
3392 2942 3410 2973 ι
3443 2923 3551 2977 cla-

1963 3022 2212 3086 mabunt,
2253 3019 2453 3074 ctenim
2488 3021 2749 3089 hymnum
2781 3015 2987 3078 dicent,
3025 3032 3044 3065 ι
3083 3014 3398 3068 enuntiatur
3437 3021 3551 3067 tam

1962 3111 2030 3166 de
2057 3109 2291 3165 vallibus
2329 3122 2493 3178 quam
2537 3105 2606 3161 de
2641 3104 2960 3159 memoratis
3003 3104 3283 3167 omnibus,
3322 3109 3382 3155 ut
3430 3101 3549 3161 edi—

1965 3214 2206 3263 scamus,
2240 3198 2355 3252 hazc
2386 3212 2496 3251 non
2526 3194 2594 3251 de
2624 3193 2980 3249 sensibilibus
3018 3200 3071 3245 et
3102 3192 3381 3262 corporeis
3413 3190 3549 3245 locis

1964 3288 2201 3346 doceri:
2241 3286 2463 3342 tametsi
2521 3285 2783 3358 praedicta
2844 3284 3009 3337 verba
3069 3283 3136 3337 de
3194 3282 3550 3337 sensibilibus

1961 3393 2179 3450 quoque
2214 3377 2308 3433 Dei
2344 3376 2506 3433 donis
2540 3376 2688 3430 dicta
2736 3381 2930 3446 putare
2970 3388 3066 3442 par
3109 3380 3215 3436 est,
3266 3374 3341 3425 ita
3372 3379 3430 3424 ut
3478 3370 3551 3426 sit

1962 3470 2199 3541 hymnus
2259 3468 2314 3522 in
2354 3467 2654 3538 gratiarum
2706 3464 2976 3518 actionem
3026 3478 3124 3535 pro
3159 3462 3247 3524 iis,
3299 3461 3345 3515 si
3386 3460 3551 3514 verba

1960 3568 2299 3632 Spectentur,
2332 3574 2455 3631 qua:
2486 3556 2781 3629 quotannis
2829 3570 2860 3609 a
2909 3553 3018 3608 Deo
3069 3553 3386 3608 hominibus
3419 3552 3553 3607 sub-

1961 3652 2370 3707 ministrantur.
2405 3647 2651 3719 Singulis
2704 3647 2891 3715 itaque
2922 3648 3081 3701 annis
3132 3644 3414 3701 hominum
3461 3643 3551 3697 illo

1962 3751 2173 3797 amator
2218 3741 2554 3813 largitorque
2591 3737 2860 3791 bonorum
2893 3736 3139 3789 omnium
3195 3736 3357 3795 Deus,
3414 3731 3539 3785 visi-

1960 3841 2086 3889 tans
2113 3841 2339 3896 terram,
2374 3829 2611 3886 inebriat
2650 3842 2770 3882 eam
2798 3826 3088 3895 solitisque
3118 3823 3389 3877 imbribus
3415 3821 3551 3875 irri-

1961 3932 2073 3996 gat,
2106 3926 2254 3979 rivos
2288 3922 2409 3993 ejus
2450 3920 2648 3991 pluviis
2695 3926 2905 3973 tumere
2956 3923 3239 3986 procurat,
3273 3912 3547 3983 genimina

1959 4014 2080 4083 ejus
2121 4012 2491 4083 multiplicans
2523 4008 2817 4063 benedicit.
2861 4006 2955 4061 Illa
2985 4019 3114 4059 vero
3145 4004 3266 4057 laeta
3297 4010 3352 4056 et
3386 4014 3549 4055 reno-

1960 4112 2087 4158 vata
2128 4104 2323 4157 iterum
2355 4100 2668 4157 elliorescit.
2697 4095 2904 4152 Deinde
2935 4094 3206 4149 fructibus
3245 4093 3427 4147 omnis
3454 4106 3549 4161 ge-

1962 4195 2109 4250 neris
2134 4193 2361 4256 referta,
2398 4190 2675 4260 segetibus
2708 4195 2762 4242 ct
2801 4186 2979 4258 pomis
3018 4190 3336 4246 coronatur,
3382 4189 3443 4235 ut
3479 4197 3550 4234 ne

1962 4287 2143 4357 pigeat
2197 4300 2315 4339 eam
2385 4297 2555 4337 verno
2611 4291 2856 4349 tempore
2911 4284 3230 4331 coronatam
3303 4274 3487 4328 dicere
3530 4290 3546 4327 :

1963 4376 2141 4447 campi
2182 4376 2462 4446 replentur
2506 4372 2792 4435 ubertate;
2836 4367 2970 4437 quin
3024 4366 3190 4420 etiam
3237 4371 3292 4417 et
3334 4370 3548 4417 montes

1963 4468 2164 4523 deserti
2188 4466 2559 4528 clllorcscunt,
2586 4473 2640 4518 et
2673 4461 2841 4515 colles
2864 4457 3230 4513 exsultatione
3250 4455 3550 4525 accingun-

276 4577 527 4631 Κάπειτα
558 4546 903 4647 πληρουμένη
950 4546 1221 4627 παντοίων
1276 4570 1524 4642 καρπῶν,
1577 4570 1859 4641 σπορίμων

1965 4568 2057 4613 tur
2093 4579 2104 4612 :
2134 4560 2334 4615 arietes
2366 4557 2552 4612 ovium
2585 4552 2878 4609 velleribus
2910 4550 3028 4604 suis
3057 4549 3392 4613 vestiuntur;
3417 4546 3550 4618 ipsa:

2148 4652 2180 4661 ..
2330 4652 2341 4661 .
2655 4645 2676 4661 ρ
2812 4660 2817 4661 ,
2872 4653 2919 4661 ,Α
2974 4640 3247 4661 -ι---φνι..--ι
3325 4648 3369 4661 ,ι
3412 4636 3546 4661 ἔκηε..

277 4683 333 4718 τε
368 4665 462 4719 καὶ
520 4664 832 4737 ἀκροδρύων
881 4662 1260 4733 στεφανοῦται,
1310 4662 1384 4724 ὼς
1429 4662 1503 4732 μὴ
1536 4660 1602 4713 ἂν
1633 4660 1861 4729 ὀκνῆσαι

279 4757 417 4811 κατά
447 4757 538 4811 τὸν
559 4757 650 4810 τοῦ
674 4758 831 4829 ἔαρος
860 4754 1050 4827 καιρὸν
1090 4753 1499 4823 ἐστεφανῶσθαι
1541 4752 1719 4821 λέγειν
1758 4753 1859 4805 αύ-

278 4848 394 4917 τὴν,
425 4848 493 4903 τά
519 4865 580 4902 τε
617 4847 775 4901 πεδία
804 4846 1138 4917 πληθύεσθαι
1191 4846 1462 4916 πιότητος·
1499 4845 1592 4897 καὶ
1628 4845 1734 4915 μὴν
1768 4844 1859 4896 καὶ

280 4941 345 4993 τά
374 4940 503 5011 ὄρεα
534 4940 630 5009 τῆς
659 4941 866 5011 ἐρήμου
898 4938 1101 5000 ἀνθεῖν,
1132 4938 1227 4992 καὶ
1272 4940 1397 5001 τοὺς
1436 4937 1656 5007 βουνοὺς
1687 4934 1857 5004 ἀγαλο

280 5033 452 5088 λίασιν
492 5030 946 5104 περιζώννυσθαιο
1008 5031 1144 5083 άλλά
1190 5030 1284 5083 καὶ
1349 5030 1475 5091 τοὺς
1514 5027 1703 5098 κριοὺς
1750 5027 1859 5079 τῶν

283 5123 563 5195 προϐάτων
586 5124 699 5185 τοῖς
725 5120 935 5176 ἑαυτῶν
982 5121 1170 5185 πόκοις
1233 5117 1656 5179 ὲνδιδύσκεσθαι,
1694 5117 1861 5180 αὑτάς

284 5227 339 5263 τε
366 5210 462 5273 τὰς
492 5208 742 5271 κοιλάδας
774 5208 955 5281 χώρας
1006 5207 1265 5271 πολλάκις
1310 5205 1648 5278 πληροῦσθαι
1692 5206 1860 5269 σίτου,

287 5302 375 5355 καὶ
404 5302 684 5372 μονονουχὶ
711 5300 788 5371 τῷ
814 5300 958 5373 ἔργῳ
1019 5300 1147 5372 βοᾷν
1174 5300 1269 5354 καὶ
1300 5300 1391 5354 τὸν
1440 5299 1572 5353 Θεὸν
1592 5296 1859 5365 δοξάζειν.

287 5393 463 5447 Ταῦτα
482 5393 539 5446 δὲ
562 5394 610 5448 εί
632 5393 727 5445 καὶ
748 5392 830 5445 ὅτι
853 5392 1087 5464 μάλιστα
1107 5392 1380 5463 αίσθητῶς
1412 5390 1714 5463 πληροῦται
1739 5389 1863 5443 καθ’

288 5485 504 5539 ἕκαστον
526 5484 664 5547 ἔτος,
699 5482 811 5537 ἀλλ’
836 5485 869 5554 ἡ
902 5484 1213 5555 σύμφρασις
1234 5482 1334 5554 τῆς
1348 5482 1443 5536 τοῦ
1473 5481 1671 5545 παντὸς
1704 5480 1861 5548 λόγου

290 5575 599 5639 ἀκολουθίας
621 5574 714 5627 ἐπὶ
744 5576 842 5645 τὴν
876 5574 1108 5647 θεωρίαν
1138 5576 1283 5646 ἡμᾶς
1310 5574 1483 5628 ἀναπὲ
1493 5589 1711 5644 μπουσα
1742 5572 1867 5625 ἀποο

290 5665 566 5721 δέδεικται.
606 5664 775 5737 Ὀμοῦ
798 5666 863 5739 δὴ
894 5661 985 5720 οῦν
1022 5665 1092 5720 τὰ
1115 5665 1482 5738 προλεχθέντα
1500 5665 1696 5751 πάντα,
1723 5664 1866 5731 λέγω

356 5802 398 5833 ⁸³
429 5802 470 5857 ll
503 5803 634 5860 Cor.
663 5818 717 5867 v,
745 5815 801 5858 4.

356 5900 427 5971 (.l)
464 5899 626 5960 Forte
659 5896 1008 5962 ἐκδύσασθαι.

1967 4652 2246 4707 convalles
2293 4652 2613 4721 plerumque
2653 4645 2928 4700 frumento
2970 4640 3275 4702 abundant,
3321 4648 3372 4693 et
3412 4636 3550 4705 ipsis

1968 4741 2229 4811 operibus
2252 4750 2463 4796 tantum
2492 4754 2599 4793 non
2623 4738 2861 4795 clamant
2887 4733 3168 4801 Deumque
3196 4730 3449 4784 laudibus
3478 4728 3553 4782 ef-

1968 4845 2168 4899 ferunt.
2204 4837 2328 4891 llaec
2352 4824 2758 4905 porro'etiamsi
2780 4825 3078 4898 quotannis
3110 4822 3358 4880 sensibili
3389 4821 3551 4875 modo

1966 4929 2296 4999 impleantur
2312 4963 2327 4986 ,
2346 4938 2410 4976 ex
2435 4919 2577 4976 serie
2598 4928 2777 4971 tamen
2799 4914 3133 4971 narrationis
3150 4920 3551 4967 commonstra-

1966 5030 2082 5075 tum
2133 5025 2238 5080 est,
2268 5014 2458 5070 eadem
2491 5025 2593 5087 nos
2624 5008 2694 5063 ad
2742 5006 3262 5076 contemplationem
3298 5018 3548 5058 evocare.

1967 5109 2335 5165 Nihilominus
2393 5109 2690 5159 memorata
2744 5098 2950 5162 omnia,
3012 5096 3271 5150 nimirum
3348 5094 3549 5161 campi,

1968 5211 2183 5259 montes
2209 5197 2436 5259 deser.i,
2466 5195 2636 5249 colles
2662 5200 2717 5245 ct
2748 5191 2950 5244 arietes
2978 5189 3184 5250 ovium,
3211 5194 3374 5255 atque
3408 5184 3555 5237 insu-

1967 5311 2064 5365 per
2088 5295 2242 5364 prius
2267 5289 2551 5358 explicatae
2582 5282 2883 5344 convalles,
2903 5286 3019 5333 tum
3040 5276 3341 5332 secundum
3367 5272 3550 5325 datam

1969 5381 2495 5454 interpretationem,
2524 5378 2642 5427 tum
2684 5372 2845 5427 obvio
2900 5384 3065 5425 sensu
3112 5372 3357 5433 accepta,
3387 5376 3550 5416 unam

1970 5492 2183 5537 vocem,
2220 5469 2618 5537 melodiamquc
2648 5478 2946 5519 consonam
2982 5463 3093 5517 Deo
3122 5460 3391 5517 emissura
3429 5467 3552 5507 esse

1974 5569 2250 5624 dicuntur.
2280 5564 2461 5629 Quare
2492 5560 2545 5613 in
2582 5558 2838 5613 omnibus
2871 5556 2985 5611 haec
3024 5552 3296 5622 intelligas
3327 5566 3340 5602 :
3374 5563 3393 5598 ι
3428 5543 3543 5601 Cla-

1975 5658 2203 5715 mabuat
2234 5664 2287 5711 et
2319 5654 2583 5726 hymnum
2624 5648 2827 5703 dicent.
2864 5665 2884 5699 ι
