4086 6442
571 357 676 412 647
1268 349 1536 412 EUSEBII
1567 343 2048 403 CJSSARIENSIS
2084 343 2234 400 OPP.
2274 342 2457 398 PARS
2495 341 2583 396 ιιι.
2623 371 2695 383 —
2734 340 3148 397 EXEGETICA.
3731 344 3818 402 648

568 474 628 532 δὲ
665 472 734 528 τά
758 470 913 526 πεδία
945 470 1043 524 καὶ
1065 470 1131 524 τά
1153 469 1288 542 ὄρεα
1308 471 1408 540 τῆς
1434 469 1665 540 ἐρήμου,
1693 467 1749 520 οῐ
1776 483 1835 519 τε
1865 465 2046 536 βουνοί
2066 467 2160 519 καὶ
2198 467 2246 519 οἰ
2277 465 2424 536 κριοὶ
2464 464 2574 518 τῶν
2619 464 2930 536 προ6ἀτων,
2958 465 3056 518 καὶ
3105 463 3241 534 πρὸς
3289 463 3502 528 τούτοις
3536 464 3596 517 αἰ
3653 465 3824 519 ἀπιδο-

571 568 748 624 θεῖσαι
806 563 1052 626 κοιλάδες
1097 561 1239 616 κατά
1292 562 1390 632 τὴν
1443 559 1798 613 ἀποδοθεῖσαν
1844 557 2162 629 ἑρμηνείαν,
2202 555 2346 610 κατά
2370 574 2428 610 τε
2489 556 2585 628 τὴν
2624 557 2914 629 πρόχειρον
2943 557 3205 621 διάνοιαν,
3255 551 3387 627 μίαν
3450 559 3696 627 ἀφήσειν
3727 578 3802 627 φω

567 659 665 733 νην
693 659 786 713 καὶ
808 656 1094 727 σύμφωνον
1119 654 1389 726 μελῳδίαν
1419 652 1495 724 τῷ
1524 652 1641 724 Θεῷ
1669 652 1935 723 εἴρηνται.
1977 651 2067 705 Διδ
2087 651 2226 705 κατά
2253 651 2470 705 πάντων
2504 649 2710 722 ἀκούσῃ
2739 651 2821 704 τόο
2850 671 2866 701 ι
2904 651 3278 722 Κεκράξονται
3299 653 3392 704 καὶ
3420 653 3775 722 ὑμνήσουσιν.
3807 676 3824 706 ι

694 770 743 823 1.
785 767 852 820 IN
887 764 1123 831 FINEM,
1166 761 1518 819 CANTICUM
1557 761 1830 817 PSALMI.
1873 760 2036 816 LXV.
2177 753 2222 810 Α

642 861 810 916 Vens.
851 859 906 912 2.
946 877 964 908 ι
1001 856 1240 912 Jubilale
1287 855 1417 920 Deo,
1452 857 1632 910 omnis
1691 863 1872 917 terra,
1935 855 2149 924 psallite

571 952 782 1008 nomini
822 950 963 1018 ejus.
997 947 1122 1002 date
1150 946 1381 1018 gloriam
1430 945 1577 998 laudi
1619 945 1761 1014 ejus.
1805 966 1822 996 ο
1865 942 2148 1012 Evangeli-

569 1059 670 1100 cus
703 1043 790 1096 hic
825 1042 950 1095 item
985 1040 1229 1108 psalmus
1263 1046 1347 1091 est
1393 1055 1405 1090 :
1463 1051 1587 1090 nam
1622 1036 1862 1106 gentium
1903 1036 2148 1090 vocatio-

570 1153 692 1191 nem
725 1134 1133 1202 complectitur.
1177 1128 1365 1199 Neque
1395 1129 1542 1182 enim
1588 1143 1654 1182 eo
1687 1143 1796 1197 quo
1851 1126 2152 1180 cauebatur

561 1209 818 1295 tempore
861 1223 1021 1278 linem
1062 1231 1464 1278 consecuturus
1503 1228 1641 1281 erat,
1679 1218 1770 1273 sed
1797 1220 1851 1272 in
1891 1233 2152 1272 consum-

577 1318 819 1371 matione
875 1315 1220 1370 saeculorum.
1261 1311 1441 1377 Quare
1481 1317 1903 1364 memoratarum
1959 1309 2029 1362 ibi
2071 1323 2153 1362 re-

568 1423 689 1461 rum
724 1407 1063 1476 prophetiam
1104 1404 1180 1468 ad,
1215 1403 1375 1457 linem
1425 1402 1669 1456 remittit.
1724 1399 1924 1470 Estque
1956 1413 2150 1454 rursus

569 1499 843 1552 canticum
871 1493 1101 1564 psalmi;
1132 1493 1268 1553 sive,
1302 1499 1464 1562 prout
1491 1491 1544 1544 in
1578 1489 1906 1562 praecedenti
1941 1489 2150 1559 psalmo

570 1587 910 1650 inscribitur,
957 1603 976 1634 ι
1014 1583 1266 1638 Psalmus
1324 1581 1547 1636 cantici.
1579 1601 1597 1633 ι
1658 1579 1896 1650 Spiritus
1951 1579 2151 1648 quippe

569 1686 796 1734 sanctus
819 1692 913 1746 per
936 1674 1309 1744 prepheticam
1333 1673 1593 1736 animam,
1614 1687 1736 1741 quae
1765 1687 1823 1726 se
1850 1682 2148 1741 receperat,

567 1783 691 1821 cum
722 1766 905 1819 lmtitia
938 1763 1104 1817 multa
1140 1763 1372 1816 canebat
1405 1761 1799 1831 psallebatque,
1837 1775 1938 1831 pro
1990 1759 2150 1815 bonis

565 1860 623 1916 in
655 1861 919 1914 vaticinia
966 1873 1068 1913 suo
1115 1857 1460 1911 annuntiatis
1509 1875 1522 1909 :
1565 1871 1799 1926 quorum
1835 1869 2001 1908 causa
2033 1868 2150 1907 om-

567 1953 728 2007 nibus
760 1952 1014 2022 gentibus
1044 1950 1336 2004 salutarem
1368 1948 1600 2018 gratiam
1631 1946 1972 2017 suscepturis
2001 1959 2151 2016 quae—

565 2044 688 2097 dam
722 2037 928 2113 agenda
948 2043 1210 2112 praecipit,
1235 2055 1354 2110 qua:
1378 2054 1477 2094 nos
1499 2039 1746 2108 exsequi,
1771 2039 1836 2092 ad
1858 2053 1996 2106 quos
2015 2052 2147 2106 prae-

564 2137 746 2189 missae
780 2147 940 2185 voces
983 2138 1256 2201 spectant,
1313 2129 1688 2184 necessarium
1729 2136 1836 2182 est.
1893 2113 2178 2195 Praecipit“

563 2225 750 2294 itaque
783 2223 930 2276 omni
960 2231 1138 2286 terrae,
1175 2221 1227 2274 id
1261 2231 1365 2284 est,
1405 2220 1661 2274 omnibus
1707 2228 1866 2272 terra:
1905 2219 2146 2272 elemen-

562 2322 678 2367 tum
715 2313 1103 2375 incolentibus,
1135 2327 1204 2365 ne
1237 2326 1356 2365 sese
1381 2310 1583 2380 Moysis
1609 2307 1881 2361 mandatis
1914 2313 1968 2360 et
1992 2305 2145 2376 gravi

561 2401 858 2470 legisjugo
887 2399 1222 2467 subjiciant;
1268 2398 1363 2453 sed
1405 2412 1470 2452 ea
1519 2397 1718 2458 solum,
1751 2410 1872 2464 qua:
1911 2395 1963 2448 in
2006 2409 2146 2463 prae-

562 2493 703 2548 senti
729 2491 940 2561 psalmo
964 2491 1251 2559 jubentur,
1286 2496 1582 2560 peragant;
1617 2495 1672 2544 et
1711 2489 1886 2558 primo
1921 2488 2143 2558 quidem

562 2583 674 2639 Deo
707 2583 944 2652 jubilent
972 2599 987 2646 ;
1019 2583 1283 2644 secundo,
1323 2583 1561 2652 psallunt
1610 2580 1818 2635 nomini
1857 2579 2011 2648 ejus;
2039 2588 2148 2633 terv

563 2673 659 2735 tio,
685 2673 814 2726 dent
841 2673 1071 2742 gloriam
1117 2673 1266 2726 laudi
1314 2673 1468 2740 ejus;
1501 2679 1723 2742 quarto,
1769 2670 1956 2725 dicant
1987 2669 2096 2724 Dco
2129 2688 2142 2723 :

567 2781 587 2814 ι
625 2762 799 2829 Quam
830 2762 1095 2817 terribilia
1127 2771 1256 2816 sunt
1283 2775 1448 2832 opera
1489 2762 1616 2815 tua!
1650 2779 1668 2811 ι
1693 2766 1781 2814 et:
1818 2778 1836 2810 ι
1873 2758 1930 2812 In
1955 2759 2142 2819 multi-

565 2854 753 2908 tudine
801 2855 1021 2909 virtutis
1069 2863 1174 2909 tua:
1222 2854 1556 2909 mentientur
1589 2852 1688 2906 tibi
1746 2851 1953 2906 inimici
1985 2851 2084 2904 tui.
2120 2871 2138 2902 ι

561 2942 804 2996 Primum
838 2943 1020 3014 itaque
1057 2959 1152 3014 per
1175 2945 1460 3000 scientiam
1483 2953 1537 2999 et
1563 2958 1741 2998 veram
1773 2941 2142 3012 cognitionem

561 3046 928 3101 exsequemur
962 3030 1072 3086 Deo
1112 3031 1438 3101 jubilantes,
1477 3031 1710 3085 militum
1759 3029 1934 3084 instar
1963 3029 2055 3098 qui
2089 3029 2143 3082 in

463 3119 466 3122 ’
562 3121 720 3176 bellis
761 3123 1068 3176 acclamant
1099 3130 1151 3176 et
1195 3123 1453 3192 jubilant,
1495 3121 1701 3191 quique
1738 3121 1889 3174 vocis
1941 3120 2147 3189 magni-

563 3211 750 3267 tudine
781 3229 902 3267 sese
931 3214 1203 3267 terribiles
1229 3222 1282 3265 et
1314 3210 1688 3266 formidabiles
1721 3209 1958 3264 inimicis
1983 3207 2143 3263 exhi-

559 3304 706 3359 bent.
740 3305 1008 3370 Quoniam
1044 3320 1175 3372 ergo
1225 3302 1484 3356 Servator
1521 3308 1710 3356 noster
1752 3299 2005 3354 inimicos
2044 3313 2144 3352 no-

559 3402 725 3457 stros,
762 3395 856 3464 qui
906 3394 1037 3447 olim
1077 3394 1289 3446 animas
1331 3400 1551 3446 nostras
1582 3391 1636 3444 in
1695 3390 1993 3444 multorum
2037 3404 2142 3442 nu-
2169 3428 2213 3488 Ο

561 3486 768 3540 minum
815 3499 1058 3538 errorem
1118 3483 1361 3552 captivas
1419 3489 1665 3552 egerant,
1715 3481 2024 3552 propellens
2075 3495 2139 3533 ac

557 3589 904 3646 oppugnaris,
935 3589 1038 3629 nos
1063 3587 1255 3628 omnes
1288 3572 1489 3628 milites
1521 3587 1651 3627 suos
1678 3572 1846 3624 armis
1875 3569 2138 3625 adversus

555 3664 776 3720 eosdem
808 3664 1073 3731 instruit;
1100 3663 1226 3733 jure
1255 3662 1511 3733 precibus
1543 3661 1608 3715 ad
1645 3659 1811 3716 Deum
1835 3660 2024 3714 eﬂ‘usis
2049 3660 2139 3729 ju-

559 3754 750 3816 bilare,
783 3769 845 3809 ac
874 3754 1164 3824 gemitibus
1201 3751 1666 3828 inenarrabilibus
1690 3750 1936 3804 victoriae
1972 3749 2136 3819 Regis

556 3842 730 3897 nostri
763 3858 984 3913 operam
1025 3843 1158 3897 dare
1189 3842 1470 3912 jubemur.
1515 3839 1780 3894 Jubilatio
1818 3847 1998 3894 autem
2041 3855 2138 3910 per

555 3935 852 3998 orationes,
909 3949 1003 4004 per
1050 3934 1400 4003 theologiam,
1452 3948 1550 4004 per
1595 3947 1785 3987 sanam
1833 3940 1887 3988 et
1929 3933 2134 3986 claram

555 4023 922 4092 cognitionem
965 4025 1252 4085 emittitur,
1298 4023 1539 4091 itemque
1579 4036 1677 4092 per
1721 4021 2011 4091 spirituale
2043 4036 2136 4075 sa-

555 4112 878 4174 cerdotium,
907 4111 1050 4182 quod
1081 4111 1380 4181 gratiarum
1405 4110 1738 4171 actionibus,
1772 4111 1826 4163 in
1857 4107 2134 4179 mysteriis

555 4201 691 4256 Novi
709 4201 1064 4263 Testamenti,
1089 4216 1184 4270 per
1201 4201 1511 4255 universam
1526 4207 1727 4255 terram
1748 4201 2131 4272 persolvimus,

554 4292 778 4363 quando
818 4292 1213 4346 immolationis
1240 4291 1377 4362 Agni
1410 4290 1506 4346 Dei
1558 4291 2133 4347 commemorationem

557 4391 801 4454 agentes.
836 4383 979 4437 hanc
1009 4381 1299 4454 implemus
1334 4383 1673 4452 prophetiam
1706 4402 1719 4438 :
1757 4402 1774 4434 ι
1807 4382 2046 4437 Circuivi
2077 4388 2133 4436 et

557 4473 831 4526 immolavi
862 4471 916 4525 in
957 4473 1314 4527 tabernaculo
1344 4473 1464 4542 ejus
1495 4473 1729 4528 hostiam
1755 4473 1935 4528 laudis
1964 4481 2018 4528 et
2040 4473 2133 4542 ju-

554 4561 836 4619 lilationis
865 4562 930 4618 “.
971 4581 988 4614 ι
1037 4562 1217 4628 Quare
1253 4563 1306 4617 in
1345 4565 1452 4617 alio
1478 4564 1698 4634 eloquio
1729 4564 1924 4618 horum
1953 4563 2135 4617 erudi-

556 4659 646 4708 tus
677 4654 930 4724 populus,
953 4654 1146 4709 beatus
1173 4655 1502 4726 prazdicatur
1523 4655 1608 4711 his
1640 4655 1859 4710 verbis:
1883 4673 1901 4706 ι
1933 4654 2130 4710 Beatus

2453 757 2561 815 ΕΙΣ
2585 762 2672 815 ΤΟ
2697 762 2938 825 ΤΕΛΟΣ,
2972 759 3103 832 ῼΔΗ
3129 761 3442 818 ΨΑΔΜΟΥ.
3473 764 3609 818 ΞΒ.

2331 868 2350 901 ι
2388 849 2714 915 Ἀλαλάξατε
2748 850 2825 920 τῷ
2887 851 3006 921 Θεῷ
3039 853 3244 924 πᾶσαὴ
3293 853 3389 924 γῆ.
3435 854 3658 923 ψάλατε
3681 854 3746 925 δὴ
3771 857 3836 926 τῷ

2251 940 2474 1011 ὀνόματι
2503 942 2690 1007 αὑτοῦ,
2718 942 2835 996 δότε
2863 943 3020 1007 δόξαν
3081 945 3285 998 αἰνέσει
3337 945 3569 1000 αὑτοῦ.»
3605 947 3825 1013 £64715-

2251 1031 2402 1096 λικδς
2425 1033 2658 1104 ὑπάρχει
2687 1035 2780 1089 καὶ
2827 1037 2855 1088 6
2898 1034 3088 1106 παρὼν
3132 1036 3370 1107 ψαλμὸς,
3397 1038 3498 1107 τὴν
3523 1036 3642 1090 τῶν
3683 1037 3836 1091 ἐθνῶν

2252 1124 2520 1195 περιέχων
2554 1125 2765 1196 κλῆσιν.
2802 1126 3041 1196 Ἦμελλε
3077 1126 3134 1179 δὲ
3171 1126 3278 1198 ἄρα
3311 1128 3372 1179 οὑ
3406 1126 3532 1179 καθ’
3565 1125 3667 1188 οὓς
3697 1126 3837 1194 ᾔδετο

2251 1215 2476 1286 χρόνους
2519 1216 2706 1280 τέλους
2748 1218 3055 1287 τυγχάνειν,
3097 1217 3210 1271 ἀλλ’
3242 1218 3357 1270 ’ἐπὶ
3409 1216 3703 1287 συντελείᾳ
3745 1217 3841 1271 τῶν

2251 1304 2482 1360 αἰώνων.
2521 1305 2611 1358 Διὸ
2635 1305 2950 1376 ἀναπέμπει
2979 1307 3077 1378 τὴν
3123 1307 3230 1358 τῶν
3249 1306 3605 1376 δηλουμένων
3637 1324 3839 1377 προφη-

2248 1395 2402 1448 τείαν
2424 1397 2500 1458 εἰς
2528 1395 2589 1448 τὸ
2637 1385 2808 1459 τέλος.
2844 1399 2998 1450 Ἐστι
3029 1398 3085 1451 δὲ
3117 1398 3228 1468 ᾠδὴ
3255 1398 3468 1468 ψαλμοῦ
3491 1398 3762 1468 ἔμπαλιν·
3812 1400 3844 1471 ἦ

2251 1485 2391 1538 κατά
2413 1487 2503 1540 τὸν
2529 1486 2632 1557 πρὸ
2649 1487 2833 1552 αὑτοῦ,
2851 1487 2926 1552 ὡς
2943 1490 3373 1560 ἐπεγέγραπτο,ι
3388 1489 3628 1560 Ψαλμὸς
3821 1510 3840 1542 ι

2250 1572 2384 1648 τῌδε
2406 1576 2514 1648 γὰρ
2547 1577 2644 1632 καὶ
2673 1577 2869 1648 ἔψαλλε
2896 1579 2957 1632 τὸ
2989 1579 3214 1649 Πνεῦμα
3240 1580 3301 1632 τὸ
3342 1580 3498 1650 ἅγιον
3534 1583 3644 1634 σὺν
3685 1580 3844 1654 πολλῇ

2250 1669 2394 1740 χαρᾷ
2420 1667 2510 1721 διά
2539 1667 2639 1738 τῆς
2668 1669 3076 1742 ὑποδεξαμένης
3108 1671 3242 1724 αὐτὸ
3276 1671 3649 1744 οπροφητικῆς
3673 1672 3848 1743 ψυχῆς

2250 1758 2343 1812 ἐπὶ
2374 1761 2486 1822 τοῖς
2519 1759 2770 1812 διἀὑτοῦ
2802 1760 3216 1830 θεσπιξομένοις
3249 1761 3498 1830 ἀγαθοῖς,
3525 1764 3618 1831 ἐφ’
3649 1757 3734 1825 οἷς
3759 1764 3848 1816 καὶ

2250 1852 2384 1903 πᾶσι
2417 1852 2528 1912 τοῖς
2587 1849 2764 1902 ἔθνεσι
2795 1853 2906 1914 τοῖς
2957 1851 3056 1923 τὴν
3087 1854 3354 1924 σωτήριον
3397 1854 3560 1924 χάριν
3592 1854 3847 1919 ὑποδεξο-

2251 1939 2434 2009 μένοις
2463 1938 2898 2010 παρακελεύεται
2923 1941 3181 2012 πράττειν
3212 1942 3352 2008 τινά,
3376 1943 3520 2014 ἅπερ
3544 1945 3846 2011 ἀναγκαῖον

2248 2029 2514 2084 ἐπιτελεῖν
2543 2033 2714 2102 ἡμᾶς,
2743 2027 2826 2096 οίς
2869 2031 3040 2086 ταῦτα
3072 2038 3528 2103 προανεφωνείτο.
3565 2036 3848 2102 [lpos-ti:-

2247 2137 2329 2173 τει
2364 2120 2540 2174 τοίνυν
2594 2122 2743 2192 πάσῃ
2776 2125 2842 2192 τῇ
2898 2125 2992 2194 γῇ,
3038 2124 3285 2176 τουτέστι
3337 2127 3450 2188 τοῖς
3506 2125 3568 2177 τὸ
3605 2125 3716 2194 τῆς
3749 2126 3847 2195 γῆς

2249 2214 2508 2280 στοιχεῖον
2529 2211 2769 2266 οἰκοῦσιν
2784 2214 2977 2277 ἆπασι,
3000 2215 3074 2285 μὴ
3094 2217 3207 2278 τοῖς
3219 2216 3498 2278 Μωῦσέως
3523 2217 3846 2286 παραγγέλ-

2249 2317 2382 2371 μασι
2418 2301 2510 2354 καὶ
2544 2301 2622 2372 τῷ
2654 2301 2812 2373 βαρεῖ
2835 2303 2984 2374 ζυγῷ
3006 2303 3100 2357 τοῦ
3139 2305 3305 2376 νόμον
3341 2307 3566 2370 ἐαυτοὺς
3602 2307 3844 2360 ὑποτάτ-

2245 2415 2379 2450 τειν·
2415 2399 2550 2469 μόνα
2583 2398 2640 2452 δὲ
2665 2399 2736 2452 τά
2783 2399 2873 2452 διά
2917 2399 3028 2454 τῶν
3077 2399 3218 2470 μετὰ
3272 2404 3462 2474 χεῖρας
3500 2401 3841 2470 κελευόμενα

2247 2493 2437 2543 ποιεῖν·
2480 2491 2575 2544 καὶ
2612 2489 2824 2559 πρῶτον
2861 2491 2958 2562 μὲν
2987 2490 3276 2556 ἀλαλάζειν
3311 2492 3388 2564 τῷ
3415 2493 3554 2563 Θεῷ,
3579 2492 3842 2564 δεύτερον

2243 2579 2464 2650 ψάλλειν
2491 2581 2569 2651 τῷ
2603 2581 2830 2652 ὀνόματι
2876 2581 3065 2648 αὑτοῦ,
3098 2583 3283 2653 τρίτον
3334 2583 3490 2648 δόξαν
3519 2583 3730 2636 διδόναι
3775 2583 3839 2652 τῇ

2245 2671 2451 2725 αίνέσει
2476 2671 2662 2725 αὐτοῦ’
2686 2672 2946 2744 τέταρτον
2974 2673 3153 2742 λέγειν
3175 2672 3254 2743 τῷ
3275 2673 3414 2744 Θεῷ-
3449 2691 3468 2724 ‹
3506 2673 3592 2736 Ὡς
3630 2671 3841 2741 φοϐερὰ

2243 2762 2314 2816 τά
2340 2763 2476 2834 ἔργα
2501 2780 2648 2816 σουη
2677 2763 2792 2816 καίο
2853 2782 2870 2814 ι
2911 2762 2997 2816 Ἐν
3049 2763 3128 2834 τῷ
3155 2762 3354 2834 πλήθει
3406 2764 3505 2833 τῆς
3550 2758 3841 2832 δυνάμεώς

2247 2865 2341 2901 σου
2375 2847 2666 2919 ψεύσονταί
2698 2867 2758 2903 σε
2795 2851 2842 2903 οἱ
2865 2849 3051 2922 ἐχθροί
3085 2867 3234 2904 σου.»
3292 2850 3366 2904 Τὸ
3430 2851 3528 2922 μὲν
3558 2849 3657 2904 οὑν
3689 2848 3840 2920 πρῶ-

2245 2956 2334 2992 τον
2365 2939 2756 3012 δι’ἐπιστήμης
2782 2941 2877 2994 καὶ
2899 2939 3152 3008 γνώσεως
3173 2940 3405 3010 ἀληθοῦς
3429 2941 3839 3010 ἐπιτελέσωμεν

2245 3031 2605 3096 ἀλαλάζοντες
2633 3032 2711 3102 τῷ
2763 3031 2902 3102 Θεῷ,
2953 3031 3110 3103 δίκην
3142 3031 3251 3086 τῶν
3304 3033 3362 3086 ἐν
3416 3031 3676 3103 πολέμοις
3709 3033 3839 3086 ἀνα-

2247 3123 2566 3193 φωνούντων
2602 3124 2696 3177 καί¹
2749 3111 3128 3188 ἀλαλαζόντων
3165 3124 3537 3196 στρατιωτῶν,
3569 3125 3621 3178 οἳ
3645 3127 3714 3196 τῇ
3752 3123 3838 3176 δυ·

2244 3215 2406 3287 νάμει
2429 3216 2528 3287 τῆς
2560 3215 2742 3286 φωνῆς
2769 3215 3251 3288 καταπληκτικοὺς
3279 3217 3373 3270 καὶ
3400 3216 3669 3287 ςοὸεροὺς
3704 3217 3835 3268 ἐαυ-

2243 3306 2370 3368 τοὺς
2391 3308 2502 3369 τοῖς
2535 3305 2818 3376 πολεμίοις
2870 3305 3248 3375 ἐμφαίνουσιν.
3285 3306 3438 3358 Ἐπεὶ
3495 3305 3676 3358 τοίνυν
3709 3303 3836 3368 τοὺς

2246 3397 2546 3470 ἡμετέρους
2578 3398 2825 3470 ἐχθροὺς,
2853 3399 2982 3462 τοὺς
3015 3398 3183 3452 πάλαι
3227 3400 3327 3468 τὴν
3357 3397 3532 3468 ψυχὴν
3562 3397 3724 3467 ἡμῶν
3756 3396 3834 3459 εἰς

2242 3491 2342 3560 τὴν
2363 3490 2624 3544 πολύθεον
2676 3490 2884 3561 πλάνην
2939 3490 3410 3561 ᾑχμαλωτικότας,
3456 3488 3697 3542 ἐλαύνων
3741 3488 3834 3542 καὶ

2241 3579 2496 3651 πολεμῶν
2520 3581 2549 3633 ό
2576 3579 2765 3650 Σωτὴρ
2795 3578 2973 3649 ἡμῶν,
3033 3579 3128 3632 καὶ
3152 3578 3359 3641 πάντας
3406 3579 3554 3649 ἡμᾶς
3576 3579 3706 3642 τοὺς
3735 3578 3833 3630 αὑ·-

2239 3670 2334 3723 τοῦ
2357 3668 2698 3741 στρατιώτας
2737 3670 2856 3723 κατ’
2887 3668 3066 3722 αὐτῶν
3089 3667 3326 3731 ὁπλίζει,
3358 3669 3585 3732 εἰκότως
3607 3668 3698 3720 διὰ
3726 3666 3832 3720 τῶν

2240 3759 2378 3831 πρὸς
2409 3761 2499 3814 τὸν
2521 3760 2653 3814 Θεὸν
2690 3761 2863 3830 εὐχῶν
2915 3759 3204 3825 ἀλαλάζειν
3260 3759 3615 3831 κελευόμεθαο
3648 3775 3833 3812 στενα-

2238 3854 2398 3921 γμοῖς
2456 3868 2514 3904 τε
2561 3851 2848 3922 ἀλαλήτοις
2884 3851 3257 3922 συμπράττειν
3305 3853 3369 3922 τῇ
3396 3852 3519 3922 νίκῃ
3547 3851 3642 3922 τοῦ
3672 3852 3833 3906 Βασι-

2237 3941 2372 4005 λέως
2401 3941 2577 4013 ἡμῶν.
2604 3942 2816 3995 Γίνεται
2835 3941 2892 3995 δὲ
2921 3942 2950 3994 6
2975 3941 3289 4012 ἀλαλαγμὸς
3313 3940 3378 3994 δι’
3396 3939 3594 4010 εὐχῶν,
3622 3940 3829 4008 γίνεται

2237 4032 2331 4085 καὶ
2351 4031 2440 4084 διά
2475 4031 2771 4100 θεολογίας,
2794 4028 3004 4098 γίνεται
3039 4029 3096 4082 δέ
3128 4030 3224 4083 καὶ
3274 4027 3340 4082 δι’
3371 4027 3560 4096 ὑγιοῦς
3609 4028 3703 4081 καὶ
3746 4043 3831 4078 τε·

2235 4121 2590 4193 τρανωμένης
2619 4119 2894 4190 γνώσεως,
2926 4121 3132 4189 γίνεται
3159 4119 3252 4173 καὶ
3281 4118 3369 4172 διὰ
3390 4118 3489 4189 τῆς
3524 4135 3828 4188 πνευματι-

2236 4212 2338 4282 κῆς
2375 4211 2708 4282 ἱερουργίας,
2761 4211 2827 4282 ἣν
2891 4211 2948 4262 ἐν
2982 4213 3103 4274 ταῖς
3159 4210 3534 4280 εὑχαριστίαις
3567 4208 3710 4260 κατά
3762 4205 3828 4258 τά

2241 4301 2513 4370 μυστήρια
2534 4299 2635 4369 τῆς
2657 4297 2867 4367 Καινῆς
2895 4297 3169 4369 Διαθήκης
3202 4297 3321 4350 καθ’
3355 4297 3483 4366 ὅλης
3527 4296 3628 4364 τῆς
3648 4298 3828 4348 οἰκου-

2239 4388 2407 4460 μένης
2439 4387 2812 4458 ἐπιτελοῦμεν,
2860 4389 3115 4459 ὁπηνίκα,
3141 4388 3241 4457 τῆς
3273 4387 3463 4450 θυσίας
3491 4385 3586 4439 τοῦ
3628 4385 3826 4457 Ἀμνοῦ

2233 4479 2328 4532 τοῦ
2356 4480 2494 4533 Θεοῦ
2519 4479 2619 4552 τὴν
2647 4480 2952 4550 ἀνάμνησιν
2985 4479 3320 4551 ποιούμενοι,
3359 4478 3458 4550 τὴν
3492 4478 3826 4549 προφητείαν

2233 4569 2549 4641 πληροῦμεν
2581 4570 2679 4643 τὴν
2727 4571 3060 4639 φάσκουσανο
3105 4589 3122 4622 ι
3147 4569 3463 4623 Ἑκύκλωσα
3515 4569 3610 4624 καὶ
3650 4568 3814 4622 ἔθυσα

2233 4661 2292 4713 ἐν
2315 4664 2381 4731 τῇ
2417 4663 2588 4732 σκηνῇ
2614 4660 2779 4715 αὑτοῦ
2811 4659 3282 4721 θυσίαναίνέσεως
3331 4659 3424 4712 καί¹
3454 4655 3819 4728 ἀλαλαγμοῦ.)

556 4745 787 4814 populus
811 4745 903 4814 qui
950 4745 1051 4799 scit
1081 4746 1464 4814 jubilationem
1490 4745 1556 4802 “.
1595 4765 1613 4797 ι
1650 4744 1765 4801 l-loc
1800 4745 1986 4816 itaque
2015 4747 2126 4817 pri-

2242 4751 2325 4804 Διὸ
2357 4752 2451 4806 καὶ
2482 4753 2667 4823 ἕτερον
2704 4752 2883 4820 λόγιον
2914 4751 3005 4804 τὸν
3056 4751 3261 4804 τούτων
3313 4749 3652 4818 ἐπιστήμονα
3698 4745 3823 4800 λαὸν

555 4849 726 4897 mum,
771 4843 830 4887 ut
855 4838 1164 4891 necessario
1209 4837 1602 4914 praestandum,
1638 4853 1830 4892 omnes
1884 4839 2134 4894 homines

556 4924 792 4994 Spiritus
813 4935 1036 4983 sam-lus
1065 4943 1224 4998 agere
1244 4927 1397 4996 jubet
1419 4928 1609 4982 dicens
1641 4947 1653 4982 :
1686 4947 1704 4980 ι
1730 4927 1968 4983 Juhilate
1997 4927 2132 4995 Deo,

553 5017 733 5071 omnis
771 5026 936 5072 terra.
972 5037 989 5068 ι
1028 5017 1302 5082 Secundo,
1335 5019 1568 5088 psallere
1587 5019 1807 5073 nomini
1844 5019 1966 5088 ejus
1995 5034 2132 5089 prae-

553 5106 706 5175 cipit,
767 5107 912 5176 quod
958 5122 987 5161 a
1038 5108 1200 5163 nobis
1241 5107 1499 5164 omnibus
1553 5109 1606 5162 in
1657 5109 1793 5164 locis
1841 5111 2125 5165 observari

552 5205 874 5251 consuetum
908 5207 1011 5253 est.
1033 5196 1168 5252 Nam
1202 5199 1255 5252 in
1290 5201 1548 5255 omnibus
1580 5198 1674 5253 Dei
1707 5200 1960 5256 ecclesiis
1986 5198 2130 5270 apud

552 5293 741 5355 gentes
783 5288 1122 5352 constitutis,
1165 5288 1280 5344 haec
1317 5290 1435 5360 ipsa
1476 5290 1746 5344 modulari
1781 5297 1836 5345 et
1874 5291 2126 5360 psallere,

552 5390 662 5429 non
701 5375 906 5431 Graecis
931 5385 1164 5442 tantum,
1199 5379 1295 5434 sed
1324 5381 1488 5435 etiam
1514 5381 1763 5436 barbaris
1793 5383 2126 5453 praecipitur.

551 5466 702 5522 Alias
752 5485 1004 5539 quoque,
1060 5471 1332 5542 allegoria:
1362 5474 1505 5540 ritu,
1557 5488 1760 5544 corpus
1807 5473 2129 5542 humanum,

553 5558 698 5625 quod
730 5575 828 5614 ceu
861 5561 1287 5618 instrumentum
1319 5565 1516 5620 anima:
1551 5566 1813 5620 traditum
1839 5574 1944 5632 est,
1981 5568 2128 5638 psal-

553 5647 750 5702 terium
809 5653 995 5707 vocari
1044 5654 1184 5710 solet
1225 5672 1239 5709 :
1281 5670 1390 5726 quo
1419 5670 1547 5710 cum
1603 5656 1857 5726 pulsatur
1897 5655 2128 5713 interior

653 5769 704 5802 δ’
727 5767 872 5826 l’sal.
914 5785 1061 5838 uri,
1092 5771 1146 5830 6.
1223 5774 1269 5808 δ’
1297 5773 1444 5830 Psal.
1481 5789 1746 5838 Luxvm,
1792 5773 1879 5829 l6.

2243 4842 2538 4914 μακαρίζει
2596 4842 2828 4912 φάσκονο
2871 4860 2888 4894 ι
2916 4840 3202 4914 Μακάριος
3228 4843 3256 4894 ό
3286 4839 3416 4902 λαὸς
3462 4840 3491 4892 ό
3541 4836 3825 4904 γινώσκων

2238 4932 2606 5003 ἀλαλαγμὸν.»
2667 4931 2838 4985 Τοῦτο
2891 4931 2956 5000 δὴ
3012 4925 3105 4983 οῦν
3162 4929 3378 4999 πρῶτον
3423 4923 3736 4992 ἀναγκαίως
3764 4921 3824 4974 τὸ

2237 5025 2574 5095 προφητικὸν
2603 5023 2826 5094 Πνεῦμα
2855 5024 3019 5076 πᾶσιν
3050 5021 3359 5093 ἀνθρώποις
3415 5018 3678 5092 πράττειν
3709 5015 3823 5067 δια-

2235 5114 2511 5168 κελεύεται
2540 5114 2764 5184 φάσκονο
2792 5133 2810 5166 ι
2834 5113 3162 5178 Ἀλαλάξατε
3188 5111 3266 5183 τῷ
3293 5109 3435 5181 Θεῷ,
3456 5110 3606 5163 πᾶσα
3638 5108 3671 5176 ὴ
3689 5107 3778 5176 γῆ.
3797 5127 3814 5156 ο

2233 5202 2367 5260 Εἶτα
2393 5206 2652 5278 δεύτερον
2684 5203 2905 5275 ψάλλειν
2930 5205 3010 5276 τῷ
3032 5205 3258 5277 ὀνόματι
3287 5201 3450 5256 αὑτοῦ
3473 5198 3816 5272 προστάττει·

2231 5298 2260 5351 ὃ
2289 5298 2386 5352 καὶ
2412 5297 2544 5350 αύτδ
2579 5296 2722 5350 κατά
2752 5297 2928 5350 πάντα
2952 5296 3119 5350 τόπον
3147 5294 3336 5348 εἴωθεν
3371 5291 3460 5360 ὑφ’
3493 5289 3651 5360 ἡμῶν
3698 5289 3816 5340 ἐπι-

2231 5387 2519 5442 τελεῖσθαι.
2562 5387 2714 5440 Ἐπεὶ
2761 5386 2902 5440 κατά
2957 5389 3139 5440 πᾶσαν
3202 5383 3496 5454 ἐκκλησίαν
3543 5379 3638 5434 τοῦ
3684 5375 3816 5430 Θεοῦ

2231 5481 2331 5552 τὴν
2380 5481 2437 5533 ἐν
2497 5483 2609 5544 τοῖς
2666 5478 2876 5532 ἔθνεσιν
2947 5478 3271 5551 ἱδρυμένην,
3325 5474 3464 5530 αὑτά
3516 5471 3579 5542 δὴ
3647 5468 3816 5522 ταῦτα

2237 5570 2588 5642 μελῳδεῖσθαι
2622 5569 2716 5624 καὶ
2746 5569 3061 5639 ψάλλεσθαι,
3083 5571 3181 5640 οὑχ
3199 5568 3431 5639 μ”Ελλησι
3463 5565 3664 5638 μόνοις,
3685 5559 3816 5615 ἀλλὰ

2233 5663 2326 5716 καὶ
2360 5661 2653 5734 βαρϐάροις
2708 5661 3090 5732 παραδέδοται.
3140 5660 3252 5716 Καὶ
3301 5658 3475 5722 ἄλλως
3517 5655 3596 5722 δέ,
3628 5653 3816 5723 νόμοις
