4086 6442
328 357 436 416 649

1456 361 1960 422 COMMENTARIA
2000 363 2068 421 IN
2106 363 2450 425 PSALMOS.

2421 289 2448 326 δ

3476 374 3585 431 650

323 476 676 548 ἀλληγορίας,
712 479 772 532 τὸ
805 476 962 552 σῶμα
987 479 1047 534 τὸ
1068 479 1424 554 ἀνθρώπειον,
1456 483 1645 555 ὥσπερ
1677 485 1901 556 ὄργανον

2007 486 2191 548 homo,
2225 487 2466 542 membra
2497 475 2551 540 et
2578 500 2775 542 sensus
2796 500 2916 556 ejus
2934 486 3072 544 scite
3097 487 3204 561 legi
3233 487 3331 546 Dei
3351 491 3585 561 psallere

321 571 392 641 τῇ
424 568 568 640 ψυχῇ
601 568 903 641 δεδομένον,
954 571 1250 644 ψαλτήριον
1302 572 1490 628 εἴωθεν
1525 575 1902 646 ὀνομάζεσθαι·

321 661 392 715 δι’
419 654 482 714 οὗ
515 663 543 714 ὁ
568 661 697 714 είσω
724 661 1029 734 ἄνθρωπος,
1048 664 1502 735 ἀνακρουόμενος,
1532 667 1909 737 ἐπιστημόνως

205 787 208 792 -
320 758 393 811 τὰ
426 757 560 828 μέλη
594 759 686 810 καὶ
707 757 775 812 τά
807 757 1140 831 αίσθητήρια
1163 760 1242 831 τῷ
1262 761 1412 832 νόμῳ
1431 759 1523 814 τοῦ
1543 759 1678 813 Θεοῦ
1711 759 1906 829 λέγοιτ’

319 848 390 904 ἂν
418 850 642 914 ε’ίκότως
664 849 906 919 ψάλλειν.
941 851 1024 905 Τά
1046 852 1143 923 μὲν
1177 849 1270 907 οὖν
1299 854 1396 925 τῆς
1419 851 1672 922 γνώσεως
1704 854 1796 908 καὶ
1821 855 1911 909 διά

323 940 418 994 τοῦ
450 941 764 1013 ἀλαλαγμοῦ
795 944 932 1016 αὑτὴ
963 945 1085 999 καθ’
1119 946 1319 1016 ἑαυτὴν
1349 948 1380 1018 ή
1422 946 1568 1018 ψυχὴ
1602 946 1905 1020 κατώρθου·

321 1034 402 1087 διὸ
433 1035 584 1106 αύτῷ
611 1035 687 1106 τῷ
719 1036 840 1107 Θεῷ
869 1037 1124 1108 ἠλάλαξεο
1145 1038 1215 1092 τὰ
1242 1039 1298 1093 δὲ
1319 1035 1415 1093 τοῦ
1444 1039 1667 1110 ψάλλειν
1693 1041 1783 1095 διά
1810 1041 1910 1114 τῆς

321 1129 418 1182 τοῦ
451 1128 702 1200 σώματος
725 1129 922 1201 ἠθικῆς
938 1132 1030 1184 καὶ
1055 1131 1362 1202 πρακτικῆς
1383 1132 1650 1204 κινήσεως
1677 1134 1906 1205 ἐνεργεῖο

321 1221 404 1276 διὸ
429 1221 698 1276 λέλεκται·
733 1241 752 1273 ι
789 1221 878 1292 Τῷ
901 1222 1122 1294 ὀνόματι
1175 1223 1362 1278 αὐτοῦ.
1405 1243 1423 1276 ι
1462 1225 1749 1297 Εὐφημίαν
1800 1227 1909 1300 γάρ

319 1313 400 1386 τῷ
429 1313 524 1368 τοῦ
552 1313 688 1367 Θεοῦ
712 1315 936 1386 ὀνόματι
971 1315 1124 1387 φέροι
1176 1315 1245 1370 ἂν
1296 1317 1330 1387 ή
1371 1315 1463 1370 διὰ
1519 1317 1628 1370 τῶν
1658 1317 1910 1390 πράξεων

320 1410 435 1470 τοῖς
469 1407 683 1471 πολλοῖς
714 1406 1064 1479 θεωρουμένη
1092 1407 1450 1480 κατόρθωσις.
1488 1409 1598 1464 Καὶ
1621 1409 1804 1483 τρίτον
1829 1411 1907 1476 δὲ,

321 1499 650 1572 πρόσταγμα
675 1500 836 1553 πᾶσιν
871 1501 1001 1571 ἡμῖν
1027 1502 1141 1564 τοῖς
1185 1500 1243 1567 ἐξ
1277 1499 1444 1554 ἐθνῶν
1477 1501 1568 1554 τὸν
1603 1501 1735 1556 Θεὸν
1784 1503 1912 1555 ὲπε-

318 1592 556 1661 γνωκόσι
611 1593 1006 1666 παρήγγελται,
1041 1594 1102 1647 τὸ
1147 1593 1370 1648 κελεῦον
1407 1595 1609 1649 διδόναι
1661 1595 1818 1661 δόξαν
1846 1597 1906 1649 ού

321 1684 402 1756 τῷ
425 1683 564 1756 Θεῷ,
594 1686 835 1757 άπήρκει
865 1684 974 1757 γὰρ
1001 1685 1289 1751 ἀλαλάζειν
1332 1686 1500 1758 αὐτῷ’
1538 1686 1651 1741 ἀλλ’
1679 1687 1800 1740 οὐδὲ
1832 1687 1909 1758 τῷ

2005 580 2130 648 jure
2159 579 2436 634 dicantur.
2464 577 2596 645 Quae
2625 577 2791 650 igitur
2819 578 2885 632 ad
2913 579 3276 652 cognitionem
3311 583 3585 652 pertinent

2009 672 2193 725 anima
2244 672 2298 726 in
2354 671 2532 742 seipsa
2579 685 2677 742 per
2725 671 3104 742 jubilationem
3160 677 3584 746 exsequebatur,

2010 761 2368 830 quamobrem
2400 761 2506 830 ipsi
2536 759 2648 816 Deo
2667 760 2969 830 jubilabat;
3002 777 3098 832 per
3130 773 3456 823 consuetum
3487 785 3586 824 au-

2011 858 2120 908 tem
2143 853 2361 923 corpori
2386 851 2580 924 agendi
2607 862 2815 908 motum
2842 853 3108 924 psallendi
3141 857 3306 911 ritum
3329 874 3590 931 exseque-

2010 945 2214 1000 batur:
2247 959 2416 1015 quare
2444 945 2644 1000 dicitur
2698 964 2713 1001 :
2766 963 2785 997 ι
2843 945 3060 1002 Nomini
3101 949 3242 1018 ejus.
3291 971 3310 1003 ›
3347 950 3586 1008 Laudem

2011 1038 2215 1108 quippe
2258 1037 2468 1092 nomini
2523 1036 2616 1092 Dei
2650 1039 2946 1094 conciliant
2995 1051 3142 1097 recte
3189 1043 3354 1111 facta,
3399 1062 3522 1118 quae
3553 1061 3586 1101 a

2013 1129 2200 1183 multis
2227 1127 2667 1198 conspiciuntur.
2699 1127 2904 1194 Tertio,
2930 1131 3246 1188 mandatum
3281 1136 3440 1194 nobis
3465 1153 3589 1192 om-

2013 1217 2200 1283 nibus,
2233 1217 2328 1287 qui
2357 1233 2423 1273 ex
2456 1217 2713 1289 gentibus
2744 1217 2811 1272 ad
2849 1218 2940 1275 Dei
2982 1221 3350 1291 cognitionem
3399 1239 3589 1280 acces-

2013 1312 2220 1375 simus,
2261 1311 2519 1365 traditum
2569 1320 2676 1374 est,
2726 1325 2834 1382 quo
2876 1311 3134 1381 juhemur
3172 1315 3402 1385 gloriam
3434 1317 3586 1381 dare,

2013 1414 2124 1452 non
2159 1397 2269 1454 Deo
2289 1439 2302 1462 ,
2329 1399 2464 1454 satis
2493 1399 2640 1454 enim
2669 1407 2788 1454 erat
2811 1400 3048 1470 jubilare
3071 1404 3206 1474 ipsi;
3233 1422 3340 1460 non
3378 1410 3585 1463 nomini

2011 1491 2152 1558 ejus,
2184 1489 2310 1545 huic
2343 1493 2488 1546 enim
2531 1493 2764 1561 psallere
2803 1493 3094 1562 jubemur,
3122 1497 3219 1551 sed
3272 1499 3418 1554 laudi
3443 1503 3586 1569 ejus.

2013 1580 2322 1638 Laudanles
2361 1584 2506 1638 enim
2539 1586 2716 1653 ipsum
2752 1600 2849 1655 par
2878 1593 2963 1640 cst
2998 1602 3105 1641 non
3155 1587 3454 1654 humiliter,
3487 1607 3590 1648 nec

2013 1673 2132 1728 sine
2155 1673 2328 1743 gloria
2357 1673 2410 1727 id
2443 1689 2620 1744 agere,
2653 1673 2748 1730 sed
2774 1691 2972 1746 magno
3007 1692 3132 1731 cum
3164 1677 3372 1736 honore
3400 1690 3453 1736 et
3472 1681 3591 1752 glo-

319 1776 543 1848 ὀνόματι
573 1776 762 1841 αὐτοῦ,
785 1778 960 1848 τούτῳ
1011 1777 1119 1850 γάρ
1149 1777 1374 1847 ψάλλειν
1413 1779 1797 1851 ἐκελευόμεθα·
1837 1782 1901 1850 τῇ

2013 1781 2116 1820 ria.
2158 1766 2438 1837 Siquidem
2495 1777 2690 1838 praeter
2737 1769 3107 1840 cognitionem
3155 1770 3249 1828 Dei
3301 1773 3359 1828 in
3409 1785 3590 1830 mente

320 1868 377 1922 δὲ
403 1869 606 1923 αἰνέσει
631 1868 821 1924 αὑτοῦ.
846 1849 1140 1934 Δίνοῦντας
1171 1871 1279 1942 γὰρ
1331 1871 1494 1925 αὐτὸν
1537 1849 1802 1944 προσήκει
1833 1849 1901 1944 μή

2009 1858 2264 1920 deﬁxam,
2291 1874 2414 1930 quae
2444 1874 2542 1930 per
2569 1861 2996 1917 instrumentum
3020 1864 3350 1931 celebratur,
3383 1881 3482 1937 par
3503 1874 3588 1922 est

317 1961 612 2025 ταπεινῶς,
647 1962 780 2033 μηδὲ
810 1961 1013 2026 ἀδόξως
1045 1963 1235 2027 αἰνεῖν,
1284 1964 1382 2017 σὺν
1444 1963 1611 2036 πολλῇ
1661 1965 1718 2019 δὲ
1773 1967 1905 2037 τιμῇ

318 2054 416 2108 καὶ
441 2053 586 2126 δόξῃ.
625 2053 768 2125 Πρὸς
795 2052 906 2126 γάρ
933 2055 999 2125 τῇ
1034 2053 1173 2107 κατά
1201 2053 1439 2108 διάνοιαν
1468 2055 1760 2128 ὲρρωμένῃ
1779 2056 1908 2126 περὶ

315 2148 456 2202 Θεοῦ
489 2147 686 2217 γνώσει
720 2147 786 2202 δι’
819 2147 1054 2220 ὀργάνου
1086 2147 1498 2222 κατορθουμένῃ
1523 2150 1789 2221 προσήκει
1813 2150 1908 2204 καὶ

313 2237 407 2293 6ιά
431 2237 604 2306 λόγων
626 2237 785 2292 θείων
814 2239 997 2302 αίνους
1025 2239 1120 2292 καὶ
1161 2237 1363 2310 ὕμνους
1391 2239 1518 2303 τοὺς
1551 2239 1632 2303 είς
1661 2239 1754 2293 τὸν
1774 2240 1906 2294 Θεὸν

317 2333 680 2405 περιεχόντων
735 2335 833 2388 σὺν
867 2332 1123 2406 εὐλαϐείᾳ
1175 2334 1271 2387 καὶ
1331 2332 1615 2404 σεϐασμίῳ
1663 2335 1797 2404 τιμῇ
1845 2335 1906 2388 τὸ

317 2425 536 2495 πρῶτον
562 2425 915 2498 ἀποπληροῦν
949 2426 1298 2499 πρόσταγμα.
1325 2426 1416 2479 Διὸ
1442 2425 1709 2480 λέλεκται’
1735 2443 1754 2478 ι
1777 2427 1905 2479 Δότε

312 2516 474 2581 δόξαν
491 2516 692 2571 αἰνέσει
713 2514 900 2570 αὑτοῦ·
943 2535 962 2570 ι
987 2517 1019 2588 ἢ
1045 2516 1185 2571 κατά
1205 2516 1296 2570 τὸν
1325 2515 1581 2583 Ἀκύλαν,
1617 2535 1636 2568 ι
1663 2517 1792 2570 Δότε
1823 2516 1907 2570 δό-

315 2609 417 2675 ξαν
453 2609 684 2681 ὑμνήσει
715 2607 988 2680 αὐτοῦ·ιῆ
1018 2608 1160 2663 κατά
1186 2610 1278 2662 τὸν
1305 2609 1621 2680 Σύμμαχον,
1657 2629 1675 2661 ι
1697 2609 1905 2674 Τάξατε

317 2703 400 2764 εἰς
429 2701 595 2773 τιμὴν
627 2700 717 2754 τὸν
751 2699 919 2772 ῦμνον
967 2700 1189 2756 αὐτοῦ.»
1240 2701 1362 2754 Ἔτι
1423 2700 1562 2772 πρὸς
1605 2702 1816 2765 τούτοις
1849 2703 1906 2756 τὸ

316 2791 544 2864 Πνεῦμα
576 2793 637 2846 τὸ
666 2791 1005 2865 προφητικὸν
1065 2792 1500 2866 παρακελεύεται
1552 2794 1720 2847 πᾶσιν
1775 2795 1905 2866 ἡμῖν

315 2885 742 2959 τεθεωρημένως
771 2885 1094 2951 ὲνατενίζειν
1147 2888 1261 2950 τοῖς
1290 2885 1472 2958 ἔργοις
1503 2885 1598 2940 τοῦ
1622 2886 1778 2951 Θεοῦ,
1811 2887 1906 2940 καὶ

315 2979 411 3033 τὸν
433 2979 556 3033 νοῦν
584 2980 830 3050 ὲφιστᾷν,
858 2980 1006 3042 ὅπως
1055 2978 1221 3049 φόϐου
1279 2979 1372 3032 καὶ
1416 2978 1730 3051 ἐκπλήξεως
1760 2980 1906 3053 γέμῃ

314 3071 386 3126 ’.ἃ
416 3072 514 3142 τῆς
565 3073 758 3141 σοφίας
809 3071 973 3126 αὑτοῦ
1009 3071 1522 3144 μεγαλουργήματα.
1563 3090 1583 3122 ‹
1625 3071 1718 3126 Ἐκ
1745 3072 1906 3143 μεγὲ-

316 3162 444 3228 ῑτυς
471 3162 578 3234 γὰρ
626 3162 719 3217 καὶ
775 3161 1040 3232 καλλονῆς
1087 3162 1400 3233 κτισμάτων
1458 3162 1788 3256 ἀναλόγωςᾼό
1819 3179 1906 3232 γε·
1932 3198 1974 3256 C

314 3254 626 3328 νεσιουργὸς
653 3254 956 3326 θεωρεῖται·
1001 3273 1018 3306 ι
1042 3255 1134 3309 καί
1153 3271 1211 3322 ’,ι
1243 3254 1323 3308 Τά
1349 3254 1555 3328 ἀόρατα
1585 3254 1748 3309 αὐτοῦ
1793 3255 1901 3310 ἀπὸ

315 3347 546 3411 γτίσεως
576 3345 780 3418 κόσμου
812 3348 927 3410 τοῖς
975 3348 1240 3419 ποιήμασι
1277 3347 1542 3418 νοούμενα
1580 3347 1896 3420 καθορᾶται·

312 3437 349 3509 ἦ
378 3453 438 3492 τε
465 3437 632 3501 ἀΐδιος
665 3435 830 3490 αὐτοῦ
874 3436 1105 3509 δύναμις
1151 3437 1246 3490 καὶ
1303 3437 1537 3511 θειότης.
1561 3458 1580 3491 ι
1612 3438 1779 3494 Ταῦτ’
1805 3436 1900 3494 οὖν

313 3527 680 3601 θεωροῦντας,
720 3529 1265 3602 ὑπερεκπλήττεσθαι
1319 3531 1420 3597 δεῖ,
1477 3533 1572 3585 καὶ
1609 3531 1787 3603 λέγειν
1822 3533 1901 3604 τῷ

311 3622 456 3694 855p-
495 3642 514 3676 ι
549 3624 636 3687 Ὧς
665 3623 874 3696 φοϐερά
908 3625 976 3677 τά
1002 3622 1139 3696 ἔργα
1162 3639 1310 3677 σουλ
1344 3623 1630 3696 Ἀλλ’ἡμῖν
1665 3625 1764 3697 μὲν
1787 3627 1898 3690 τοῖς

311 3715 420 3769 ὑπὸ
449 3715 544 3770 σοῦ
583 3715 1016 3786 πεφωτισμένοις
1045 3715 1313 3786 ἔγνωσται
1331 3717 1425 3771 καὶ
1449 3717 1805 3788 κατείληπται
1829 3717 1899 3771 τὰ

310 3806 451 3879 ἔργα
483 3823 576 3860 σου
605 3806 733 3861 ὄντα
762 3806 988 3879 φοϐεράο
1024 3809 1072 3860 οί
1103 3807 1158 3860 δὲ
1184 3807 1370 3881 ἐχθροί
1399 3824 1494 3862 σου
1518 3810 1574 3861 ὲν
1594 3809 1770 3880 σκότῳ
1799 3825 1900 3864 κα-

309 3900 669 3973 λινδούμενοι,
704 3901 808 3955 κᾶν
841 3900 1070 3955 ἐθέλωσι
1106 3919 1236 3956 ποτε
1269 3902 1526 3974 περὶτῶν
1559 3904 1667 3958 σῶν
1721 3904 1896 3977 ἔργων

307 3993 584 4059 διεξιέναι,
618 3994 712 4047 καὶ
736 3994 928 4064 λόγους
952 3995 1027 4057 ὡς
1055 3990 1166 4048 οἷόν
1197 4012 1255 4047 τε
1283 3997 1541 4064 φυσικοὺς
1568 3995 1893 4060 ἀποδιδόναι,

311 4087 531 4159 μακρὰν
568 4087 937 4140 ἀποπίπτουσι
957 4086 1050 4140 τοῦ
1077 4085 1312 4158 πλήθους
1333 4088 1434 4158 τῆς
1467 4088 1567 4159 σῆς
1592 4089 1892 4160 δυνάμεως,

307 4181 463 4234 οὐδὲν
496 4181 648 4249 ὑγιὲς
679 4180 800 4233 οὐδὲ
836 4179 1034 4250 ἀληθὲς
1065 4179 1278 4250 ἔχοντες
1324 4181 1521 4250 λέγειν.
1554 4182 1645 4235 Διό
1694 4199 1889 4254 φαμεν·

315 4289 334 4321 ι
357 4272 446 4324 Ἐν
479 4271 558 4343 τῷ
588 4271 784 4344 πλήθει
813 4273 912 4344 τῆς
941 4272 1221 4343 δυνάμεώς
1280 4289 1373 4326 σου
1417 4272 1709 4343 ψεύσονται
1752 4291 1812 4326 σε
1844 4276 1893 4327 οἱ

307 4363 496 4436 ἐχθροί
531 4381 647 4418 σου.
686 4365 844 4418 Πᾶσα
894 4366 928 4436 ή
962 4365 1034 4436 γῆ
1098 4366 1632 4438 προσκυνησάτωσάν
1687 4383 1767 4420 σοι
1800 4367 1893 4420 καὶ

304 4457 636 4526 ψαλάτωσάν
671 4473 775 4521 σοι,
809 4455 1136 4526 ψαλάτωσαν
1167 4457 1244 4528 τῷ
1267 4457 1491 4528 ὀνόματί
1522 4475 1635 4511 σου.
1660 4459 1893 4529 Διάψαλ-

2007 1952 2172 2008 etiam
2233 1951 2438 2008 divinis
2483 1954 2830 2010 sermonibus
2869 1954 3056 2012 Iaudes
3107 1965 3162 2012 et
3213 1957 3446 2030 hymnos
3495 1958 3585 2014 Dei

2008 2044 2496 2114 complectentibus
2523 2061 2646 2100 cum
2671 2045 2869 2116 pietate
2887 2062 2950 2103 ac
2968 2049 3318 2105 veneratione
3351 2051 3585 2121 primum

2009 2144 2340 2207 prameptum
2365 2137 2608 2207 implere.
2637 2137 2818 2204 Quare
2848 2139 3054 2195 dictum
3083 2148 3170 2198 est
3203 2161 3216 2196 :
3250 2160 3268 2193 ι
3309 2141 3442 2198 Date
3465 2144 3585 2215 glo-

2010 2228 2145 2282 riam
2173 2228 2320 2283 laudi
2348 2229 2500 2299 ejus;
2547 2249 2566 2283 ι
2608 2233 2715 2297 vel,
2743 2233 3046 2288 secundum
3073 2233 3361 2304 Aquilam:
3407 2255 3426 2288 ι
3454 2235 3585 2291 Date

2007 2318 2234 2388 gloriam
2255 2318 2473 2390 hymnis
2487 2320 2608 2390 ejus
2627 2342 2642 2388 ,-
2669 2341 2688 2372 ι
2711 2323 2816 2386 vel,
2840 2323 3143 2379 secundum
3161 2323 3546 2396 Symmachum
3568 2341 3582 2379 :

2011 2429 2031 2462 ι
2063 2412 2395 2468 Constituite
2427 2413 2481 2467 in
2513 2414 2776 2470 honorem
2805 2415 3070 2487 hymnum
3107 2417 3248 2487 ejus.
3291 2437 3311 2472 ι
3343 2420 3423 2475 Ad
3468 2421 3583 2477 haec

2009 2519 2135 2559 vero
2162 2505 2405 2576 Spiritus
2431 2507 2786 2577 propheticus
2811 2508 2970 2579 jubet
3001 2523 3104 2565 nos
3137 2525 3331 2569 omnes
3377 2519 3584 2570 attento

2007 2598 2192 2653 animo
2218 2614 2384 2669 opera
2417 2599 2512 2656 Dei
2545 2601 2916 2666 considerare,
2949 2610 3112 2674 atque
3140 2612 3322 2661 mente
3352 2621 3582 2677 perpen-

2006 2689 2156 2766 dere,
2187 2705 2298 2761 quo
2332 2699 2492 2762 pacto
2521 2707 2716 2765 magna
2739 2694 3024 2764 sapientiae
3052 2696 3200 2754 illius
3224 2712 3390 2768 opera
3425 2701 3572 2755 timo-

2008 2794 2121 2833 rem
2154 2790 2543 2850 stuporemque
2575 2781 2832 2838 inferant.
2873 2803 2894 2836 ι
2926 2783 3061 2839 Nam
3101 2801 3169 2842 ex
3213 2788 3582 2860 magnitudine

2005 2884 2058 2927 et
2099 2873 2507 2942 pulchritudine
2547 2883 2929 2932 creaturarum
2969 2881 3323 2950 proportione
3347 2883 3582 2952 quadam

2005 2963 2187 3034 opifex
2228 2965 2554 3037 intelligitur
2591 2967 2673 3034 “;
2714 2988 2734 3020 ι
2769 2977 2868 3024 et:
2910 2989 2929 3022 ι
2979 2969 3279 3028 Invisibilia
3325 2975 3499 3045 ipsius
3551 2992 3581 3030 a

2007 3063 2262 3111 creatura
2303 3059 2516 3120 mundi,
2562 3074 2660 3130 per
2689 3075 2753 3116 ea
2779 3076 2902 3132 quae
2925 3060 3070 3118 facta
3099 3073 3248 3131 sunt,
3280 3066 3580 3133 intellecta,

2007 3149 2444 3220 conspiciuntur,
2500 3153 2832 3222 sempiterna
2880 3172 3100 3228 quoque
3156 3157 3278 3229 ejus
3319 3159 3496 3216 virlus
3528 3169 3581 3217 et

2005 3239 2268 3296 divinitas
2287 3241 2354 3298 ".
2390 3261 2410 3295 ι
2445 3241 2570 3298 Hinc
2593 3249 3046 3318 contemplantes,
3070 3257 3295 3322 stupore
3319 3252 3457 3308 allici
3484 3270 3579 3325 par

2001 3339 2104 3398 est,
2145 3346 2211 3387 ac
2236 3333 2417 3390 dicere
2445 3334 2557 3391 Dco
2588 3352 2601 3388 :
2633 3355 2651 3388 ι
2690 3339 2863 3404 Quam
2896 3342 3160 3397 terribilia
3190 3357 3355 3413 opera
3387 3346 3512 3398 tua!
3555 3364 3577 3399 ι

2005 3421 2110 3480 Sed
2143 3440 2173 3479 a
2203 3426 2364 3482 nobis
2393 3428 2614 3498 quidem
2647 3431 2746 3486 abs
2781 3440 2833 3488 te
2871 3433 3195 3490 illuminatis
3224 3438 3580 3508 cognoscitur

2000 3525 2055 3573 et
2081 3518 2564 3598 comprehenditur
2585 3538 2752 3594 opera
2775 3532 2867 3580 tua
2897 3527 3163 3582 terribilia
3199 3544 3340 3586 esse.
3367 3529 3578 3586 Inimici

2001 3625 2131 3666 vero
2161 3613 2238 3666 tui
2276 3613 2331 3667 in
2367 3615 2606 3672 tenebris
2635 3617 2886 3684 volutati,
2927 3620 3142 3678 etiamsi
3185 3637 3576 3695 nonnunquam

2001 3704 2168 3760 velint
2196 3705 2264 3762 de
2301 3708 2562 3778 operibus
2605 3711 2722 3766 tuis
2753 3711 2916 3767 verba
2948 3711 3148 3780 facere,
3191 3715 3577 3787 naturalesque

1999 3811 2280 3854 sermones
2317 3814 2419 3869 pro
2452 3799 2715 3857 facultate
2769 3811 2972 3868 texere,
3023 3805 3182 3878 longe
3233 3808 3491 3863 aberrant
3546 3823 3574 3862 a

1998 3889 2373 3960 magnitudine
2401 3893 2627 3950 virtutis
2674 3903 2800 3961 tua),
2847 3897 3092 3968 nihilque
3133 3914 3350 3965 sanum,
3386 3916 3571 3956 verum

1995 3983 2132 4037 nihil
2160 3982 2353 4041 ell‘erre
2389 3986 2589 4042 valent.
2632 3985 2817 4055 Quare
2856 3989 3092 4047 dicimus
3128 4010 3141 4046 :
3178 4009 3198 4042 ι
3235 3991 3291 4046 In
3324 3993 3570 4048 multitu~

1996 4075 2123 4131 dine
2151 4077 2372 4132 virtutis
2395 4086 2505 4134 tua;
2534 4081 2868 4136 mentientur
2888 4083 2986 4138 tibi
3022 4082 3230 4138 inimici
3258 4084 3357 4140 tui.
3385 4084 3571 4141 Omnis

1994 4174 2139 4224 terra
2164 4167 2355 4225 adoret
2378 4180 2448 4234 te,
2471 4179 2526 4226 et
2549 4173 2747 4242 psallat
2765 4175 2884 4239 tibi,
2909 4175 3179 4244 psalmum
3198 4175 3344 4230 dicat
3367 4178 3576 4232 nomini

1995 4269 2108 4318 tuo.
2163 4261 2490 4332 Diapsalma.
2525 4283 2544 4315 ι
2601 4264 2792 4322 Priora
2847 4269 3067 4338 quidem
3109 4276 3380 4340 praecepta
3427 4272 3576 4325 omni

1995 4359 2172 4414 terrae,
2206 4354 2458 4410 videlicet
2499 4357 2758 4414 omnibus
2793 4360 3067 4429 gentibus,
3118 4361 3435 4432 prophetice
3465 4371 3578 4417 tra-

1990 4444 2106 4498 dita
2139 4444 2374 4500 fuerant.
2397 4447 2537 4513 Quia
2568 4464 2719 4516 vero,
2743 4459 2802 4506 ut
2829 4453 2947 4507 haec
2974 4469 3140 4524 opere
3161 4454 3422 4525 compleri
3448 4470 3576 4526 pos-

308 4566 407 4620 μα.
425 4568 442 4600 ι
487 4547 566 4602 Τά
592 4549 688 4619 μὲν
718 4548 909 4619 πρῶτα
938 4548 1373 4620 παραγγέλματα
1402 4544 1472 4620 ῆν
1525 4549 1676 4623 πάσῃ
1695 4551 1759 4620 τῇ
1794 4552 1887 4620 γῇ,

2002 4545 2136 4603 sent,
2155 4537 2402 4594 oratione
2419 4555 2558 4610 opus
2581 4551 2716 4605 erat,
2743 4542 2980 4614 Spiritus
3001 4547 3220 4602 divinus
3244 4554 3366 4616 post
3390 4548 3573 4616 priora

301 4641 510 4714 δηλαδὴ
536 4643 671 4696 πᾶσι
698 4644 812 4706 τοῖς
844 4641 1043 4704 ἔθνεσι,
1063 4639 1414 4713 προφητικῶς
1445 4641 1888 4714 παρηγγελμένα

305 4735 431 4788 ἐπεὶ
461 4735 517 4788 δὲ
538 4735 703 4806 εὐχῆς
760 4729 829 4804 ἦν
886 4734 1045 4805 χρεία
1079 4736 1158 4797 είς
1185 4733 1248 4788 τὸ
1289 4733 1581 4805 δυνηθῆναι
1610 4734 1677 4787 δι’
1716 4725 1892 4806 ἔργων

302 4825 479 4879 ταῦτα
508 4826 777 4897 χωρῆσαι,
811 4824 1124 4893 ἀναγκαίως
1150 4825 1210 4878 τὸ
1243 4824 1384 4878 θεῖον
1411 4824 1635 4896 Πνεῦμα
1665 4825 1803 4896 μετὰ
1823 4827 1890 4880 τά

305 4915 500 4986 πρῶτα
529 4915 666 4987 πρὸς
699 4916 859 4970 αὑτὸν
889 4917 1203 4989 ἐπιστρέφει
1238 4917 1326 4969 τὸν
1375 4916 1526 4982 Θεὸν,
1560 4916 1723 4990 εὐχὴν
1749 4917 1892 4989 ὑπὲρ

304 5008 488 5079 πάσης
506 5007 608 5078 τῆς
636 5008 740 5079 γῆς
791 5008 1132 5080 ἀναπέμπον.
1184 5008 1276 5062 Διό
1328 5025 1480 5079 φησι·
1520 5028 1538 5060 ι
1569 5010 1726 5063 Πᾶσα
1754 5011 1786 5080 ἡ
1819 5012 1891 5082 γῆ

304 5101 842 5174 προσκυνησάτωσάν
877 5117 958 5154 σοι
992 5101 1085 5154 καὶ
1138 5100 1464 5170 ψαλάτωσάν
1504 5119 1606 5163 σοι,
1641 5101 1891 5172 ιξκαλάτω⁹

305 5212 406 5248 σαν
437 5193 515 5264 τῷ
538 5192 761 5264 ὀνόματί
783 5209 931 5246 σου.»
983 5192 1127 5245 Ἀντὶ
1158 5192 1214 5245 δὲ
1275 5191 1388 5246 τοῦ·
1425 5213 1443 5243 ‹
1487 5194 1640 5246 Πᾶσα
1675 5194 1707 5263 ή
1739 5194 1830 5262 γῆ,
1869 5213 1886 5243 ι

301 5289 330 5342 ὁ
366 5281 662 5358 Σύμμαχος
697 5285 1027 5355 σαφέστερον
1057 5285 1399 5355 ήρμήνευσεν
1420 5285 1607 5338 εἰπών·
1641 5303 1659 5334 ι
1686 5285 1891 5349 Πάντες

302 5381 351 5434 οἱ
387 5378 480 5431 ἐπὶ
505 5377 663 5447 γῆς’»
702 5375 1019 5446 λευκότερον
1067 5375 1336 5446 δηλώσας,
1381 5378 1461 5430 ὅτι
1502 5375 1576 5448 μὴ
1618 5376 1888 5439 Ἰουδαίοις

299 5471 362 5528 τὸ
389 5453 759 5542 παράγγελμα
789 5467 985 5529 δέδοτο,
1035 5451 1182 5520 ’ἀλλά
1223 5469 1354 5522 πᾶσι
1381 5471 1497 5532 τοῖς
1533 5468 1626 5521 ἐπὶ
1659 5467 1760 5539 γῆς
1791 5469 1886 5520 ἀν-

301 5561 562 5635 θρώποις.
596 5559 872 5626 Μεγίστης
894 5556 1002 5628 γάρ
1022 5557 1229 5610 ἐδέοντο
1254 5557 1438 5628 εὐχῆς,
1463 5558 1538 5620 ὡς
1561 5557 1626 5610 ἂν
1663 5556 1888 5627 δυνάμει

299 5651 436 5708 Θεοῦ
465 5648 766 5722 παράδοξος
799 5647 1008 5718 γένοιτό
1041 5663 1124 5710 τις
1150 5647 1208 5698 ὲν
1232 5647 1414 5711 αὐτοῖς
1450 5645 1718 5718 μεταδολὴ
1749 5645 1887 5718 πρὸς

374 5838 420 5871 ⁸⁸
447 5837 576 5908 Sap.
612 5854 730 5901 xm,
895 5835 935 5865 ³⁷
963 5833 1118 5890 Rom.
1155 5850 1193 5897 ι,
1227 5833 1319 5887 20.

625 5940 892 5999 Parnm.
927 5935 1045 5996 (in.
1079 5930 1315 5994 XXIII.

1995 4629 2120 4692 illa,
2168 4631 2487 4687 necessario
2538 4633 2605 4687 ad
2655 4633 2822 4689 Deum
2863 4637 3111 4700 vertitur,
3158 4637 3572 4706 orationemque

1994 4736 2093 4791 pro
2119 4722 2374 4778 universa
2411 4734 2554 4780 terra
2580 4726 2803 4781 emittit.
2833 4726 3199 4793 Quamobrem
3234 4731 3309 4783 ait
3343 4750 3356 4784 :
3393 4747 3412 4781 ι
3451 4729 3574 4786 0m-

1993 4813 2079 4868 nis
2112 4821 2254 4868 terra
2288 4814 2480 4870 adoret
2510 4824 2584 4880 te,
2617 4825 2672 4873 et
2701 4819 2900 4888 psallat
2948 4820 3070 4884 tibi,
3106 4821 3376 4891 psalmum
3424 4822 3573 4878 dicat

1993 4905 2198 4960 nomini
2235 4914 2349 4962 tuo.
2376 4928 2395 4960 ι
2418 4906 2525 4964 Pro
2557 4910 2650 4966 illo
2675 4918 2891 4967 autem:
2935 4931 2956 4965 ι
2988 4915 3181 4970 Omnis
3205 4923 3373 4979 terra,
3413 4936 3430 4968 ι
3459 4917 3572 4972 cla-

1991 4998 2108 5052 rius
2132 4996 2494 5070 Symmachus
2519 5003 2909 5074 interpretatur
2931 5005 3119 5064 dicens
3153 5027 3165 5062 :
3199 5027 3217 5058 ι
3245 5009 3450 5067 Omnes
3475 5013 3569 5082 qui

1992 5086 2044 5140 in
2081 5097 2227 5143 terra
2260 5099 2408 5156 sunt,
2435 5111 2454 5144 ι
2483 5095 2724 5164 apertius
2754 5097 3063 5164 declarans,
3091 5115 3198 5153 non
3230 5098 3435 5158 Judzeis
3463 5110 3570 5158 tra-

1989 5178 2161 5233 ditum
2205 5190 2533 5252 prmceptum
2580 5201 2723 5248 esse,
2762 5186 2857 5242 sed
2907 5189 3162 5246 omnibus
3193 5191 3284 5260 qui
3337 5191 3390 5246 in
3424 5201 3567 5248 terra

1990 5279 2117 5324 sunt
2156 5271 2490 5328 hominibus.
2547 5275 2810 5333 Precibus
2852 5295 3088 5352 namque
3139 5283 3372 5338 maxime
3427 5299 3566 5354 opus

1988 5377 2127 5430 erat,
2163 5373 2224 5419 ut
2265 5384 2330 5422 ex
2382 5367 2478 5422 Dei
2535 5377 2823 5438 potestate,
2884 5375 3256 5442 inexspectata
3314 5374 3564 5443 quaedam

1988 5458 2220 5513 mutatio
2246 5458 2380 5529 ipsis
2409 5460 2710 5524 accederet,
2754 5470 2813 5516 ut
2859 5479 2927 5518 ne
2957 5464 3098 5517 ultra
3131 5465 3427 5519 multorum
3472 5479 3566 5520 nu-

1987 5551 2194 5607 minum
2227 5555 2398 5609 errori
2428 5556 2612 5611 animo
2637 5556 3011 5621 adhaarerent;
3038 5556 3134 5613 sed
3158 5573 3326 5612 unum
3366 5557 3559 5624 Deum,

1986 5645 2163 5701 solum
2193 5647 2529 5704 adorandum
2575 5663 2766 5707 reapse
2787 5651 3030 5708 colerent
3065 5657 3118 5707 et
3138 5650 3451 5712 adorarent.
3478 5659 3563 5707 at-

3201 5916 3275 5980 21
