4086 6442
581 327 679 388 65!
1306 333 1574 390 EUSEBII
1617 281 2094 391 εὲδλιιιεινδιδ
2133 353 2136 378 ι

2235 338 2284 394 Ρ.
2324 337 2504 393 PARS
2540 338 2628 395 Ill.
2670 369 2735 380 —
2773 338 3176 396 EXEGETICA.
3733 337 3816 391 65'!

577 459 683 515 que
718 450 1046 514 praeceptum
1092 443 1406 514 huiusmodi
1436 443 1790 500 observarent
1823 464 1834 500 :
1879 465 1894 497 ι
1936 446 2136 502 Psalliti

2258 449 2316 502 τὸ
2342 449 2536 520 μηκέτι
2571 450 2669 520 μὲν
2717 451 2781 521 τῇ
2821 451 3067 522 πολυθέῳ
3099 451 3403 523 προσέχειν
3459 447 3659 519 tum.
3693 452 3825 518 μονον

579 537 789 594 nomini
826 537 967 606 ejus.
1009 556 1027 588 ι
1073 535 1144 590 Ut
1182 538 1368 606 itaque
1418 537 1531 590 haec
1573 537 1848 601 eveniant,
1909 537 2136 608 Spiritus

2251 539 2307 593 δὲ
2342 540 2518 594 σέϐειν
2539 541 2596 593 ὃν
2627 541 2826 594 δεῖκαὶ
2883 545 3223 613 προσκυνεῖν,
3277 542 3384 594 τὸν
3413 540 3520 593 ἕνα
3560 539 3655 592 καὶ
3696 542 3828 610 μόνον

578 643 800 687 sanctus
833 631 904 685 ita
938 635 1232 700 precatur:
1264 645 1282 678 ι
1323 625 1512 684 Omnis
1550 635 1696 682 terra
1746 628 1936 684 adoret
1988 637 2042 685 te
2093 638 2136 684 et

2253 634 2344 686 καὶ
2380 633 2752 704 προσκυνητδν
2813 633 2964 698 Θεὸν,
2995 633 3258 686 ἐπιτελεῖν
3293 650 3364 686 τε
3421 631 3491 685 τὸ
3529 630 3833 702 πρόσταγμα

577 725 774 794 psallat
805 723 924 786 tibi,
960 721 1230 792 psalmum
1259 720 1400 775 dicat
1440 720 1646 774 nomini
1683 728 1798 776 tuo.
1842 740 1860 773 ι

2251 721 2318 774 δι’
2339 717 2399 777 οὗ
2430 722 2661 791 ἐλέγετο·
2693 743 2711 774 ι
2738 725 2957 778 Ψάλατε
2978 723 3048 796 δὴ
3072 723 3148 795 τῷ
3189 725 3428 797 ὀνόματι
3467 723 3660 777 αὑτοῦ.
3701 743 3716 772 ι
3753 725 3833 776 'lv‘

575 817 668 872 οὖν
711 817 882 872 ταῦτα
939 817 1184 888 γένηται,
1248 815 1464 886 εὔχεται
1496 815 1556 868 τδ
1614 815 1838 887 Πνεῦμα
1887 818 1948 870 τὸ
1998 815 2149 884 ἆγιον
2186 816 2372 885 λέγον·
2423 838 2440 868 ι
2476 819 2629 872 Πᾶσα
2657 821 2690 888 ή
2739 819 2810 889 γῆ
2862 819 3409 892 προσκυνησάτωσάν
3447 834 3539 871 σοι
3603 817 3696 871 καὶ
3746 817 3834 886 ψι-

575 909 818 964 λάτωσάν
847 926 948 972 σοι,
972 907 1295 978 ψαλάτωσαν
1323 906 1400 977 τῷ
1427 907 1650 979 ὀνόματί
1671 923 1784 960 σου.
1815 927 1834 960 ι

648 1029 814 1084 Vens.
841 1029 893 1092 5,
931 1027 984 1082 6.
1027 1046 1046 1079 ι
1071 1025 1269 1083 Venite
1297 1035 1352 1081 et
1378 1025 1556 1080 videte
1577 1041 1742 1096 opera
1781 1023 1898 1088 Dei,
1931 1027 2150 1081 terribi~

576 1123 642 1179 lis
662 1123 718 1177 in
741 1120 988 1176 consiliis
1012 1134 1178 1190 super
1200 1119 1342 1174 illius
1371 1116 1673 1170 hominum.
1708 1135 1726 1167 ι
1757 1113 1826 1171 Ut
1854 1116 2011 1186 longe
2037 1115 2150 1171 dis-

577 1215 699 1271 sitis
747 1213 816 1268 iis
851 1214 945 1283 qui
978 1212 1238 1266 invocant
1264 1224 1465 1264 nomen
1495 1207 1610 1273 Dei,
1643 1219 1701 1262 ut
1732 1209 1958 1279 propius
1989 1224 2148 1264 acce-

574 1309 706 1362 dant
733 1306 976 1377 prmeipit
1007 1303 1233 1359 dicens:
1259 1321 1276 1353 ι
1310 1299 1522 1356 Venite.
1558 1320 1576 1352 ι
1610 1299 1767 1368 Quod
1797 1302 1978 1372 ipsum
2009 1302 2149 1356 divi-

575 1416 679 1455 nus
721 1397 1016 1466 Apostolus
1064 1395 1363 1450 declaravit
1396 1395 1483 1452 his
1504 1395 1726 1451 verbis:
1759 1413 1777 1445 ‹
1813 1395 1878 1447 Et
1917 1395 2140 1451 veniens

575 1489 924 1546 annuntiavit
967 1502 1154 1557 pacem
1206 1487 1360 1542 vobis
1400 1487 1495 1558 qui
1530 1487 1688 1558 longe
1722 1486 1924 1549 fuistis,
1960 1494 2015 1541 et
2046 1501 2142 1556 pa-

2323 1043 2342 1075 ι
2383 1022 2547 1076 Δεῦτε
2581 1023 2674 1076 καὶ
2713 1019 2849 1075 ἴδετε
2901 1019 2970 1074 τὰ
3002 1019 3136 1091 ἔργα
3176 1019 3267 1074 τοῦ
3303 1017 3487 1084 Θερῦ,
3522 1013 3753 1087 φοϐερδς
3793 1020 3841 1070 ὲν

2248 1115 2463 1188 βουλαῖς
2492 1113 2644 1186 παρά
2676 1114 2803 1178 τοὺς
2831 1113 2978 1178 υἱοὺς
3011 1111 3119 1166 τῶν
3167 1109 3517 1182 ἀνθρώπων.
3550 1129 3568 1159 ι
3629 1109 3716 1170 ἀς
3753 1126 3842 1178 μα.

2247 1208 2383 1281 κρὰν
2435 1206 2770 1278 ἀφεστηκόσι
2815 1209 2927 1269 τοῖς
2974 1203 3330 1275 καλουμένοις
3366 1203 3436 1254 τὸ
3496 1201 3648 1253 θεῖον
3693 1200 3844 1271 amp

2248 1300 2472 1372 πλησίον
2494 1299 2750 1371 ἔρχεσθαι
2778 1299 3103 1374 προφτάττει
3133 1297 3288 1367 λέγον
3307 1314 3321 1328 ο
3369 1315 3390 1348 ι
3415 1293 3621 1348 Δεῦτε.
3650 1313 3669 1345 ι
3693 1294 3846 1347 Τοῦτο

2244 1391 2302 1446 δὲ
2338 1394 2366 1446 ὁ
2399 1391 2539 1455 θεῖος
2587 1390 2904 1453 ’Δπόστολος
2931 1391 3170 1461 παρίστη
3212 1387 3386 1442 εἰπών
3409 1403 3427 1417 ·
3485 1405 3506 1436 ι
3543 1385 3660 1438 Καὶ
3692 1385 3844 1440 ἐλθὼν

2246 1483 2634 1554 εὐηγγελίσατο
2663 1483 2888 1554 εἰρήνην
2921 1482 3048 1552 ὑμῖν
3074 1483 3186 1544 τοῖς
3220 1479 3478 1552 μακρὰν,
3512 1479 3617 1532 καὶ
3639 1479 3845 1549 εἰρήνην

573 1596 691 1637 cem
743 1581 810 1650 iis
854 1579 946 1650 qui
999 1592 1166 1650 prope
1188 1578 1255 1630 ⁸⁸.
1291 1596 1308 1628 ι
1355 1575 1558 1635 Omnes
1607 1592 1772 1648 porro
1813 1591 1911 1647 per
1952 1576 2136 1631 orbem

2245 1579 2357 1639 τοῖς
2405 1574 2589 1644 ἐγγύς.
2635 1593 2653 1625 ι
2707 1573 2876 1628 Καλεῖ
2910 1572 2967 1627 δὲ
3009 1575 3039 1626 ὁ
3087 1572 3243 1640 λόγος
3280 1572 3350 1625 τά
3392 1570 3532 1624 καθ’
3583 1569 3718 1641 ὅλης
3760 1571 3844 1641 τῆς

571 1679 762 1745 gentes
820 1669 887 1725 ad
932 1669 1026 1724 Dei
1079 1668 1356 1734 notitiam,
1408 1676 1462 1724 et
1511 1668 1577 1722 ad
1625 1666 2136 1737 contemplationem

2247 1667 2569 1738 οἰκουμένης
2613 1665 2740 1736 ἔθνη
2790 1664 2882 1718 ἐπὶ
2911 1667 3010 1736 τὴν
3056 1663 3148 1717 τοῦ
3184 1663 3319 1717 Θεοῦ
3354 1661 3624 1732 γνῶσιν,
3663 1661 3753 1714 ἐπί
3791 1678 3846 1713 τε

573 1783 798 1840 operum
833 1768 954 1838 ejus
1001 1783 1181 1824 sermo
1210 1777 1418 1825 evocat.
1449 1766 1583 1822 Nam
1617 1765 1806 1837 procul
1841 1763 1950 1822 Deo
1991 1767 2136 1836 posi-

2245 1758 2346 1831 τὴν
2379 1757 2613 1830 θεωρίαν
2661 1757 2768 1809 τῶν
2821 1756 2997 1825 ἔργων
3027 1753 3214 1810 αὑτοῦ.
3267 1753 3523 1825 Μακράν
3557 1752 3674 1824 γάρ
3722 1753 3844 1820 ἀφε-

572 1871 661 1924 tae,
705 1877 882 1931 neque
927 1860 1205 1926 videbant,
1250 1875 1429 1932 neque
1459 1866 1745 1915 noverant.
1774 1857 2136 1925 Quamobrem

2245 1849 2423 1903 στῶτα
2446 1848 2542 1903 τοῦ
2562 1848 2695 1903 Θεοῦ
2725 1847 2848 1902 οὔτε
2878 1846 3044 1918 ἑώρα,
3073 1846 3197 1901 οὔτε
3225 1847 3529 1916 ἐγίνωσκε.
3563 1845 3662 1898 Διό
3690 1859 3840 1932 φησι·

573 1954 648 2008 ait
675 1973 688 2008 :
719 1972 738 2004 ι
771 1927 962 2009 Venite
996 1959 1051 2008 et
1080 1951 1261 2008 videte
1291 1927 1455 2023 opera
1491 1951 1582 2007 Dei
1613 1968 1627 2005 :
1665 1971 1682 2002 ι
1723 1949 1791 2006 de
1820 1950 2020 2022 quibus
2051 1965 2136 2006 su-

2248 1960 2266 1990 ι
2303 1939 2467 1994 Δεῦτε
2503 1942 2598 1993 καί
2636 1938 2776 1992 ῐδετε
2830 1937 2898 1990 τὰ
2948 1937 3085 2008 ἔργα
3133 1938 3226 1990 τοῦ
3278 1935 3420 1990 Θεοῦ
3449 1955 3464 1967 ο
3509 1955 3529 1988 ι
3594 1934 3728 2006 περὶ
3779 1927 3844 1986 ὧν

574 2062 670 2118 pra
695 2047 901 2102 dictum
929 2053 1014 2101 est
1040 2064 1053 2099 :
1085 2062 1104 2093 ι
1140 2043 1316 2100 Dicite
1353 2045 1460 2100 Deo
1486 2063 1497 2098 :
1525 2043 1700 2110 Quam
1731 2043 1996 2098 terribilia
2019 2055 2136 2100 sunt

2242 2031 2498 2102 ἀνωτέρω
2527 2031 2774 2099 ἐλέγετο·
2824 2049 2844 2080 ι
2871 2030 3076 2082 Είπατε
3117 2027 3194 2099 τῷ
3225 2027 3372 2103 Θεῷ·
3394 2029 3494 2092 Ὠς
3525 2025 3746 2097 φοϐερά
3782 2029 3842 2078 τὰ

571 2151 737 2193 onera
769 2137 894 2190 tua!
925 2155 943 2188 ι
974 2135 1082 2190 Sed
1110 2135 1239 2190 olim
1271 2134 1489 2205 quidem
1528 2133 1873 2204 praecipiebat
1912 2133 2098 2190 dicere
2127 2153 2136 2187 :

2241 2123 2378 2194 ἔργα
2410 2124 2537 2177 dou!
2576 2141 2594 2174 ι
2658 2119 2819 2174 ’Δλλά
2872 2119 3038 2174 πάλαι
3082 2120 3180 2191 μὲν
3227 2121 3585 2192 προσέταττε
3635 2118 3840 2186 λέγειν·

579 2246 598 2278 ι
628 2226 800 2292 Quam
835 2225 1100 2281 terribilia
1133 2235 1262 2281 sunt
1304 2240 1466 2294 opera
1519 2227 1642 2279 tua!
1679 2245 1696 2277 ι
1732 2223 2000 2291 Quoniam
2046 2241 2136 2280 au-

2247 2234 2265 2266 ι
2313 2216 2401 2279 Ὧς
2451 2213 2656 2284 φοϐερὰ
2698 2212 2766 2265 τὰ
2807 2212 2945 2283 ἔργα
2993 2214 3116 2265 sou!
3158 2212 3420 2284 »Ἐπειδὴ
3467 2211 3534 2265 δὲ
3581 2211 3735 2274 εἰκὸς
3779 2205 3840 2282 ἦν

574 2326 682 2372 tem
711 2318 1006 2374 verisimile
1032 2325 1153 2372 erat
1182 2331 1298 2376 eos,
1335 2318 1523 2386 procul
1556 2318 1786 2386 positos,
1820 2333 1941 2388 quae
1959 2327 2136 2374 essent

2240 2307 2452 2374 ἀγνοεῖν
2480 2307 2604 2369 τοὺς
2646 2305 2860 2376 μακρὰν
2882 2303 3203 2373 ἀφεστῶτας
3219 2303 3341 2356 τίνα
3364 2298 3435 2374 ἦν
3464 2302 3546 2356 τὰ
3580 2301 3727 2374 ἔργα
3754 2300 3840 2353 τοῦ

575 2425 738 2480 opera
784 2409 877 2463 Dei
922 2409 1194 2480 ignorare,
1231 2407 1319 2462 hic
1359 2417 1762 2478 consequenter
1802 2409 2023 2465 eosdem
2063 2411 2143 2467 sic

575 2500 906 2570 alloquitur:
937 2517 954 2549 ι
988 2497 1180 2554 Venite
1207 2506 1262 2554 et
1289 2499 1467 2554 videte
1499 2513 1662 2570 opera
1691 2497 1808 2554 Dei.
1840 2519 1860 2553 ι
1893 2499 2031 2555 Cum
2056 2515 2144 2556 au-

577 2597 686 2642 tem
720 2601 782 2640 ea
817 2585 1086 2644 videritis,
1117 2583 1396 2647 ediscetis,
1439 2600 1564 2639 eum
1600 2585 1900 2640 terribilem
1931 2601 2053 2642 esse
2086 2586 2144 2640 in

575 2678 819 2734 consiliis
845 2691 944 2748 pro
976 2675 1102 2730 ﬁliis
1139 2674 1440 2729 hominum.
1469 2674 1672 2731 Horum
1703 2677 2027 2755 sententiam
2063 2677 2143 2732 sic

574 2769 777 2824 clarius
812 2769 1198 2837 interpretatur
1235 2765 1598 2838 Symmachus
1624 2766 1817 2822 dicens
1857 2786 1871 2821 :
1901 2786 1919 2818 ι
1951 2766 2143 2822 Venite

573 2870 629 2917 ct
667 2861 848 2916 videte
889 2875 1051 2930 Opera
1087 2859 1204 2924 Dei,
1254 2860 1529 2916 terribiles
1573 2861 2005 2916 machinationes
2046 2877 2144 2933 pro

579 2954 704 3009 filiis
732 2953 1032 3008 hominum.
1069 2971 1087 3004 ι
1126 2951 1320 3008 Omnia
1347 2954 1549 3024 quippe
1580 2968 1680 3024 pro
1706 2953 1881 3010 salute
1910 2954 2141 3008 liliorum

577 3046 854 3101 hominum
903 3044 1246 3100 machinatus
1278 3053 1383 3100 est.
1430 3042 1544 3099 Sub
1578 3045 1692 3100 hac
1745 3046 1904 3101 docet
1936 3053 2140 3116 quanta

2241 2394 2398 2458 Θεοῦ,
2429 2393 2737 2460 ἀκολούθως
2762 2393 2998 2448 ἐνταῦθα
3029 2393 3164 2465 πρὸς
3202 2395 3328 2457 τοὺς
3358 2394 3576 2456 αὐτοὺς
3611 2391 3835 2461 φάσκει·

2247 2511 2265 2541 ι
2297 2488 2460 2543 Δεῦτε
2493 2490 2588 2543 καὶ
2630 2488 2767 2541 ἴδετε
2813 2487 2881 2542 τά
2926 2487 3066 2560 ἔργα
3105 2486 3200 2540 τοῦ
3256 2486 3423 2540 Θεοῦ·
3467 2507 3487 2538 ι
3538 2487 3748 2548 ἰδόντες
3786 2483 3837 2537 ει

2240 2581 2412 2636 ταῦτα
2446 2581 2775 2654 μαθήσεσθε,
2805 2583 2888 2635 ὅτι
2917 2581 3142 2652 φοϐερός
3181 2581 3324 2633 ἐστιν
3351 2583 3409 2634 ὲν
3441 2580 3676 2651 βουλαῖς
3707 2577 3834 2650 ὑπὲρ

2239 2678 2365 2740 τοὺς
2379 2677 2528 2740 υἱοὺς
2559 2675 2667 2728 τῶν
2693 2672 3015 2747 ἀνθρώπων.
3055 2674 3408 2745 Τρανιὶπερον
3444 2675 3554 2744 τὴν
3595 2672 3834 2725 διάνοιαν

2241 2769 2522 2822 ἀπέδωκεν
2554 2771 2582 2822 ὁ
2631 2768 2924 2838 Σύμμαχος
2975 2765 3181 2820 είπὼν·
3229 2788 3246 2818 ι
3286 2767 3516 2820 Ἐλθετε
3556 2767 3658 2820 καὶ
3705 2765 3830 2818 i3sz

2243 2859 2468 2932 πράξεις
2516 2860 2609 2914 τοῦ
2651 2859 2807 2923 Θεοῦ,
2855 2859 3062 2931 φοϐερά
3092 2863 3460 2932 μηχανήματα
3514 2861 3668 2931 ὑπὲρ
3709 2858 3830 2911 υίὼν

2241 2951 2562 3023 ἀνθρώπων.
2590 2973 2607 3003 ι
2645 2953 2829 3016 Πάντα
2869 2951 2977 3022 γὰρ
3030 2953 3169 3024 ὑπὲρ
3212 2955 3488 3024 σωτηρίας
3536 2952 3654 3006 τῶν
3709 2950 3828 3004 υἱῶν

2241 3044 2349 3098 τῶν
2415 3044 2716 3115 ἀνθρώπων
2773 3046 3174 3117 ἐμηχανήσατο.
3235 3042 3367 3100 Εἶτα
3426 3047 3684 3101 διδάσκει
3737 3045 3826 3097 δσσ

573 3135 715 3206 t‘pud
745 3135 1000 3206 antiquos
1029 3135 1152 3190 illos
1185 3136 1326 3191 Deus
1356 3135 1551 3192 fecisse
1579 3147 1848 3192 narretur.
1880 3135 2136 3202 Quaenam

2247 3137 2508 3210 πρότερον
2532 3138 2679 3209 παρά
2699 3140 2810 3200 τοῖς
2837 3138 3081 3200 παλαιοῖς
3106 3137 3420 3210 πεποιηκὼς
3451 3140 3480 3191 ὁ
3511 3139 3658 3202 Θεὸς
3693 3139 3825 3190 ἱστο-

571 3243 700 3283 ’18ῒο
741 3229 830 3282 illa
889 3229 1034 3292 sint,
1095 3235 1280 3298 postea
1347 3228 1680 3284 declarant
1712 3227 1816 3294 Qui
1869 3230 2143 3284 convertit

571 3333 721 3374 mare
753 3320 806 3373 in
854 3319 1098 3387 aridam;
1133 3320 1185 3374 in
1219 3319 1439 3375 ﬂumine
1485 3321 1892 3390 pertransibunt
1927 3320 2064 3391 pede
2116 3340 2136 3372 ι

572 3410 882 3468 Secundum
909 3410 1292 3482 Symmachum
1318 3423 1496 3466 autem
1521 3431 1534 3466 ε
1559 3433 1578 3463 ι
1608 3411 1913 3474 Convertit.
1939 3413 2139 3482 inquit,

571 3523 722 3562 mare
773 3507 826 3561 in
881 3507 1122 3572 aridam;
1176 3506 1400 3560 ﬂuvium
1451 3508 1885 3578 pertransierunt
1930 3507 2083 3576 pede.
2117 3527 2135 3558 ι

570 3600 696 3656 Haec
743 3615 908 3670 porro
956 3601 1012 3654 in
1055 3600 1282 3655 historia
1335 3599 1632 3671 Scriptura:
1688 3600 1938 3654 feruntur
1976 3620 1987 3654 :
2021 3616 2142 3670 quae

567 3692 842 3763 gentibus,
871 3698 1056 3761 utpote
1085 3690 1486 3762 ignorantibus,
1530 3691 1844 3746 necessario
1869 3705 2139 3745 enarran-

568 3791 679 3843 tur.
727 3793 784 3837 ut
815 3782 1088 3845 ediscant,
1114 3798 1238 3838 cum
1280 3783 1375 3853 qui
1426 3782 1554 3838 olim
1595 3784 1830 3853 pupillus
1863 3782 1958 3836 Dei
1997 3793 2134 3846 erat,

569 3875 623 3930 in
655 3875 914 3929 servitute
943 3873 1322 3946 «Egyptiorum
1357 3873 1649 3944 aliquando
1672 3876 1860 3940 fuisse,
1897 3886 1950 3930 et
1973 3875 2138 3946 Egy-

567 3968 759 4037 ptiaeaa
791 3967 1112 4021 idololatriae
1163 3966 1505 4037 subjectum;
1543 3965 1640 4022 sed
1685 3965 1852 4021 Deum
1900 3982 1998 4034 pro
2030 3969 2137 4023 illis

566 4075 760 4127 magna
795 4066 850 4113 et
893 4057 1160 4114 terribilia
1193 4058 1451 4122 edidisse,
1484 4058 1750 4116 divinitus
1787 4060 2001 4115 scilicet
2034 4060 2137 4114 im-

567 4152 754 4207 missis
794 4151 966 4222 plagis
996 4149 1281 4222 Egyptios
1327 4153 1668 4216 verberasse,
1716 4152 2004 4223 ipsumque
2039 4168 2136 4224 po-

566 4243 754 4310 pulum
785 4257 816 4295 a
844 4242 962 4296 dira
988 4244 1250 4299 servitute
1275 4244 1558 4300 liberasse.
1590 4244 1712 4299 Haec
1745 4249 1943 4316 quippe
1978 4253 2135 4300 erant

565 4332 836 4387 terribilia
868 4332 962 4388 Dei
985 4348 1179 4403 opera'
1213 4349 1390 4404 neque
1419 4343 1627 4389 tantum
1660 4350 1723 4390 ea
1747 4336 1819 4390 ihi
1845 4337 2011 4398 edita,
2037 4337 2130 4392 sed

565 4423 730 4476 etiam
765 4423 820 4477 in
850 4423 990 4477 mari
1022 4420 1208 4478 Rubro
1235 4442 1248 4478 :
1274 4439 1382 4494 quo
1414 4425 1468 4478 in
1501 4425 1708 4480 aridam
1739 4434 1967 4487 mutato,
2000 4441 2130 4482 suos

564 4513 784 4582 quidem
817 4515 1038 4584 eripuit,
1081 4517 1279 4587 impios
1313 4532 1441 4571 vero
1481 4518 1534 4571 in
1585 4516 1912 4586 profundum
1946 4520 2128 4587 perui-

566 4605 669 4660 ciei
699 4605 956 4674 coniecit.
997 4605 1122 4664 Haec
1155 4607 1360 4670 edocti,
1385 4608 1548 4663 heus!
1581 4624 1696 4672 vos,
1737 4609 1932 4678 inquit,
1965 4611 2133 4664 conli-

563 4697 695 4762 dite,
737 4713 802 4752 ac
849 4698 1055 4754 credite.
1098 4716 1221 4756 cum
1265 4701 1361 4771 qui
1412 4701 1540 4754 talia
1598 4715 1695 4770 pro
1743 4702 1983 4772 antiquis
2025 4703 2132 4759 illis

563 4798 817 4858 Operatns
847 4799 953 4852 est,
984 4805 1094 4844 non
1135 4793 1396 4862 imparem
1431 4790 1672 4846 futurum
1704 4791 1772 4846 ad
1804 4793 2004 4847 similia
2033 4808 2133 4863 pro

563 4879 719 4934 vobis
751 4881 978 4949 agenda.
1008 4879 1188 4947 Quare
1224 4902 1241 4932 ι
1275 4883 1450 4940 venite
1477 4892 1533 4939 et
1560 4884 1738 4940 videte
1764 4899 1928 4953 opera
1961 4884 2075 4949 Dei,
2108 4907 2126 4936 ι

563 4986 727 5038 quam
782 4972 1043 5028 terribilis
1096 4975 1167 5028 sit
1201 4993 1218 5024 ι
1250 4975 1304 5028 in
1356 4975 1604 5032 consiliis
1643 4991 1741 5046 pro
1790 4976 1914 5032 [iliis
1957 4976 2131 5031 homi-

562 5076 715 5114 num.
751 5080 768 5107 ι
801 5060 1084 5117 Convertit
1111 5064 1275 5136 igitur
1311 5081 1460 5121 mare
1490 5066 1545 5122 in
1573 5065 1821 5132 aridam;
1848 5077 1902 5122 et
1932 5071 1985 5120 in
2009 5065 2131 5120 Jor-

563 5152 703 5208 dane
744 5151 909 5208 ﬂuvio
942 5155 1047 5209 alia
1089 5157 1333 5226 quaedam
1367 5157 1630 5212 terribilia
1667 5172 1834 5228 opera
1878 5159 2129 5230 designa-

562 5243 662 5304 vit,
711 5245 930 5313 quando
973 5246 1212 5301 demisso
1261 5246 1486 5304 ﬂumine
1529 5250 1760 5319 pedibus
1799 5252 2129 5320 pertransie-

563 5345 714 5399 runt,
743 5337 835 5406 qui
863 5352 930 5392 ex
972 5337 1188 5395 deserto
1217 5339 1284 5392 ad
1318 5339 1480 5394 istam
1508 5350 1710 5396 terram
1759 5351 2125 5398 accesserant.

562 5431 701 5496 Ipsis
748 5430 913 5499 igitur
941 5428 1242 5500 iisdemque
1287 5433 1674 5488 calceamentis
1723 5435 1829 5496 usi,
1872 5434 2127 5490 conﬁdite

563 5521 738 5589 ipsum
770 5521 936 5576 Deum
970 5522 1280 5592 spirituales
1307 5523 1613 5596 Agyptios,
1638 5527 1911 5581 damones
1934 5543 2128 5597 nempe

559 5614 848 5684 malignos,
899 5615 993 5685 qui
1037 5615 1192 5688 olim_
1218 5617 1432 5674 a:.imas
1473 5625 1681 5674 vestras
1717 5622 1769 5674 in
1807 5621 2124 5676 servitutem

629 5789 672 5820 "'
697 5787 896 5860 Ephes.
927 5809 986 5858 ll,
1021 5793 1107 5851 Π.

2249 3230 2437 3298 ρεῖται.
2465 3227 2595 3281 Τίνα
2619 3227 2674 3280 δὲ
2694 3228 2884 3290 ταῦτα,
2914 3227 3154 3297 ἐπιλέγει
3177 3229 3302 3299 ἑξῆς
3321 3245 3336 3260 ·
3369 3249 3388 3280 ι
3429 3230 3485 3284 '0
3516 3228 3823 3302 μεταστρὲ-

2243 3335 2358 3387 φων
2404 3319 2502 3389 τὴν
2554 3318 2828 3373 θάλασσαν
2873 3322 2952 3382 εἰς
2995 3320 3162 3391 ξηράν
3189 3336 3202 3348 ο
3239 3321 3297 3372 ἐν
3331 3322 3569 3394 ποταμῷ
3624 3320 3821 3375 διελεύ-

2245 3427 2424 3464 σονται
2459 3411 2599 3466 ποδί.
2638 3432 2656 3464 ι
2711 3411 2870 3466 Κατὰ
2910 3413 2966 3466 δὲ
2991 3413 3081 3466 τὸν
3109 3414 3420 3484 Σύμμαχον·
3469 3434 3486 3464 ι
3515 3413 3820 3476 Μετέϐαλε,

2241 3505 2396 3572 φησὶ,
2444 3505 2541 3575 τὴν
2587 3503 2859 3559 θάλασσαν
2900 3507 2979 3570 είς
3037 3505 3236 3579 ξηράν·
3282 3507 3527 3578 ποταμὸν
3567 3507 3820 3577 διέϐησαν

2242 3596 2382 3650 ποδί.
2408 3616 2425 3648 ι
2464 3596 2647 3650 Ταῦτα
2667 3597 2724 3650 δὲ
2759 3597 2980 3668 φέρεται
3007 3601 3065 3652 ὲν
3096 3602 3162 3670 τῇ
3194 3599 3292 3670 τῆς
3321 3600 3566 3672 ἱστορίας
3596 3603 3784 3672 γραφῇ
3804 3617 3817 3628 ·

2239 3689 2276 3742 ἀ
2307 3688 2370 3760 δὴ
2395 3690 2708 3757 ἀναγκαίως
2740 3691 2816 3753 ὼς
2855 3690 2929 3762 μὴ
2951 3692 3116 3744 εἰδόσι
3154 3695 3264 3756 τοῖς
3301 3692 3508 3748 ἔθνεσιν
3540 3691 3816 3762 ἀπαγγέλ-

2240 3781 2410 3842 λεται,
2439 3781 2515 3843 ὼς
2536 3782 2599 3834 ἂν
2633 3781 2876 3852 μάθοιεν,
2899 3784 2980 3836 ὅτι
3012 3784 3106 3836 καὶ
3125 3786 3153 3837 ὁ
3179 3783 3345 3837 πάλαι
3394 3783 3490 3838 τοῦ
3525 3783 3669 3838 Θεοῦ
3697 3783 3814 3846 λαὸς

2237 3869 2305 3946 ἦν
2335 3892 2464 3928 ποτε
2499 3876 2814 3944 Αἰγυπτίοις
2839 3875 3252 3948 δεδουλωμένος,
3267 3876 3370 3932 ,καὶ
3402 3879 3469 3948 τῇ
3507 3877 3690 3947 πλάνῃ
3722 3874 3813 3943 τῆς

2237 3965 2614 4034 Αἰγυπτιακῆς
2639 3965 3078 4038 εἰδωλολατρείας
3106 3967 3415 4038 ὑπηγμένος
3433 3984 3447 3998 ·
3479 3966 3598 4021 ἀλλ’
3629 3967 3809 4038 εἴργα-

2239 4072 2361 4110 σται
2384 4055 2524 4126 ὑπὲρ
2555 4057 2734 4110 αὐτῶν
2755 4060 2782 4110 ὁ
2805 4056 2935 4121 Θεὸς
2967 4057 3177 4127 μεγάλα
3204 4059 3298 4111 καὶ
3326 4057 3554 4130 φοϐερὰ,
3583 4058 3812 4129 πληγαῖς

2243 4149 2340 4219 μὲν
2368 4152 2494 4214 τοὺς
2524 4151 2853 4225 Αἰγυπτίους
2881 4151 3163 4223 θεηλάτοις
3197 4151 3480 4222 μαστίξας,
3525 4151 3728 4213 αὐτοὺς
3758 4147 3812 4200 δὲ

2233 4242 2332 4311 τῆς
2383 4244 2582 4314 πικρᾶς
2636 4243 2878 4307 δουλείας
2927 4244 3312 4316 ἐλευθερώσας.
3361 4245 3546 4299 Ταῦτα
3596 4247 3708 4318 γάρ
3746 4239 3809 4314 ἦν

2231 4334 2299 4386 τά
2332 4334 2537 4405 φοϐερὰ
2568 4335 2661 4388 τοῦ
2683 4335 2817 4388 Θεοῦ
2851 4335 3004 4408 ἔργα,
3029 4339 3090 4390 οὐ
3115 4339 3272 4409 μόνα,
3297 4337 3432 4391 ἀλλά
3455 4339 3548 4392 καὶ
3589 4340 3684 4392 ἐπὶ
3717 4337 3808 4406 τῆς

2233 4425 2506 4498 θαλάσσης
2533 4426 2632 4497 τῆς
2684 4428 2982 4500 Ἐρυθρᾶς·
3019 4431 3084 4501 ἢν
3117 4431 3195 4493 εἰς
3243 4429 3414 4502 ξηρὰν
3465 4429 3808 4502 μεταϐαλὼν,

2164 4499 2204 4552 ί)
2233 4518 2456 4572 διέσωσε
2505 4519 2602 4589 μὲν
2655 4521 2778 4584 τοὺς
2812 4522 3081 4586 οἰκείους,
3115 4523 3240 4586 τοὺς
3289 4523 3344 4578 δὲ
3399 4524 3616 4588 ἀσεϐεῖς
3662 4521 3805 4596 βυθῷ

2233 4615 2543 4686 παρέδωκεν
2598 4617 2897 4682 ἀπωλείας.
2957 4619 3142 4673 Ταῦτα
3187 4619 3243 4674 δὲ
3311 4622 3675 4691 μανθάνοντες
3701 4661 3716 4684 ,
3762 4612 3804 4670 ὦ

2229 4701 2394 4774 οῦτοι,
2427 4710 2580 4780 φησὶ,
2607 4709 2878 4782 θαρσεῖτε,
2915 4713 3274 4776 πιστεύοντες,
3309 4715 3389 4767 ὄτι
3417 4717 3444 4768 ὁ
3469 4715 3538 4768 τὰ
3571 4714 3802 4770 τοσαῦτα

2230 4800 2605 4870 ἐργασάμενος
2645 4803 2738 4855 ἐπὶ
2773 4803 2882 4856 τῶν
2927 4803 3170 4856 παλαιῶν
3222 4804 3320 4856 οῦκ
3373 4804 3694 4877 ἀδυνατήσει
3737 4804 3802 4858 τά

2229 4891 2390 4961 ὃμοια
2421 4895 2516 4947 καὶ
2549 4896 2631 4964 ἐφ’
2667 4894 2822 4966 ὑμῶν
2852 4894 3432 4967 καταπράξασθαι.Διὸ
3469 4915 3486 4948 ι
3522 4894 3676 4950 δεῦτε
3711 4913 3802 4950 και

2229 4980 2367 5034 ἴδετε
2397 4982 2464 5036 τὰ
2496 4983 2629 5055 ἔργα
2651 4983 2744 5037 τοῦ
2768 4984 2927 5049 Θεοῦ,
2955 5004 2972 5036 ι
3006 4987 3080 5048 ὡς
3111 4986 3338 5057 φοϐερός
3361 4986 3506 5039 ἐστιν
3543 5006 3562 5038 ι
3589 4989 3646 5040 ὲν
3677 4987 3798 5058 βου-

2230 5071 2349 5137 λαῖς
2381 5073 2522 5144 ὑπὲρ
2548 5075 2676 5137 τοὺς
2709 5076 2858 5138 υἱοὺς
2915 5074 3022 5128 τῶν
3052 5074 3374 5147 ἀνθρώπων.
3403 5096 3420 5127 ι
3454 5073 3796 5147 Μετέστρειξε

2230 5164 2359 5233 γοῦν
2395 5164 2493 5236 τὴν
2526 5166 2799 5221 θάλασσαν
2830 5169 2908 5230 εὶς
2930 5168 3133 5238 ξηράν·
3163 5171 3257 5223 καὶ
3279 5170 3370 5222 ἐπὶ
3395 5169 3488 5222 τοῦ
3535 5169 3794 5240 Ἰορδάνου

2227 5259 2283 5312 δὲ
2313 5257 2556 5330 ποταμοῦ
2595 5258 2730 5314 ἀλλα
2770 5259 2892 5313 τινὰ
2945 5259 3149 5331 φοϐερὰ
3191 5259 3442 5330 θαύματα
3482 5261 3790 5331 εἰργάσατο,

2227 5355 2315 5408 ὅτε
2347 5353 2558 5425 διῆλθον
2593 5357 2706 5418 τοῖς
2743 5355 2928 5420 ποσὶν,
2964 5354 3358 5420 ὑποσταλέντος
3388 5354 3482 5408 τοῦ
3526 5353 3787 5426 ποταμοῦ,

2227 5447 2276 5497 οί
2308 5445 2414 5499 ἀπὸ
2461 5445 2560 5516 τῆς
2609 5446 2814 5518 ἐρήμου
2866 5446 3153 5518 παριόντες
3197 5447 3291 5499 ἐπὶ
3331 5445 3483 5516 τήνδε
3534 5446 3631 5518 τὴν
3669 5446 3786 5516 γῆν.

2229 5535 2447 5598 Τούτοις
2479 5533 2542 5606 δὴ
2589 5530 2684 5602 οὖν,
2715 5534 2898 5599 αὐτοῖς
2932 5534 3235 5606 ὑποδήμασι
3275 5537 3634 5607 χρησάμενοι,
3665 5535 3788 5607 θαρ-

2230 5627 2391 5692 σεῖτε,
2423 5624 2499 5689 ὡς
2543 5629 2636 5682 καί
2682 5628 2804 5692 τοὺς
2853 5629 3146 5700 ὑμετέρους
3195 5630 3414 5699 νοητοὺς
3441 5629 3784 5698 Αἰγυπτίους,
