4086 6442
291 413 403 469 63⁸5

1427 415 1930 473 COMMENTARIA
1970 416 2035 472 ΙΝ
2077 415 2416 472 PSALMOS.

3344 494 3347 496 _
3425 413 3526 470 est

289 526 554 598 δαίμονας
587 529 856 601 πονηροὺς
881 570 894 594 ,
927 530 1052 593 τοὺς
1103 530 1262 584 πάλαι
1317 532 1854 586 καταδυναστεὺοντα

1984 531 2323 604 redigebant,
2359 532 2734 604 expulsurum.
2773 530 2998 587 Etiamsi
3035 548 3183 589 mare
3216 534 3351 589 illud
3382 535 3557 591 lmini-

289 618 403 672 τῶν
447 618 726 691 ὑμετέρων
756 619 963 690 ψυχῶν,
993 620 1256 676 άπελάσει
1293 624 1321 674 6
1353 622 1515 687 αὐτὸς
1561 623 1711 687 Θεὸς,
1759 623 1877 677 Κᾶν

1982 639 2111 679 num
2147 623 2403 680 ﬂuctibus
2429 625 2778 690 intumescat,
2803 625 3021 681 etiamsi
3055 627 3339 682 atheorum
3369 637 3424 684 ct
3456 629 3560 685 imo

287 709 534 785 κυμαίνῃ
570 709 627 764 δὲ
663 712 696 782 ή
738 711 848 764 τῶν
890 711 1198 782 ἀνθρώπων
1231 713 1508 780 θάλασσα,
1556 716 1659 770 κᾶν
1693 718 1720 769 ὀ
1767 714 1854 768 τῶε

1979 715 2195 783 piorum
2247 730 2422 786 genus
2459 715 2659 772 ﬂuctus
2707 722 2762 772 et
2810 716 3052 788 pericula
3085 718 3240 774 vobis
3293 721 3552 785 suscitet;

285 802 468 857 ἀθέων
527 804 622 857 καὶ
675 804 889 859 ἀσεϐῶν
943 805 1060 877 βίος
1115 806 1388 872 κλύδωνας
1445 809 1540 862 καὶ
1600 809 1876 872 κινδύνους

283 895 479 968 ἐγείρῃ
513 895 634 949 καθ’
669 897 822 968 ὑμῶν
848 914 861 928 ·
897 897 1147 971 θαρσεῖτε
1186 901 1364 970 ὑμεῖς,
1400 901 1627 973 ἐναργὲς
1661 901 1874 973 ἔχοντες

283 986 598 1058 ὑπόδειγμα
615 987 714 1060 τὴν
737 989 904 1045 πάλαι
925 994 1256 1062 στραφεῖσαν
1289 992 1562 1048 Θάλασσαν
1577 995 1656 1058 είς
1678 995 1868 1068 ξηράν.

280 1078 474 1144 Ούτως
516 1080 624 1152 γάρ
651 1083 745 1135 καὶ
801 1083 929 1154 ὑμῖν
959 1084 1136 1157 ὁμαλή
1165 1102 1247 1150 τις
1293 1086 1482 1151 ἔσται,
1532 1087 1626 1140 καὶ
1657 1087 1873 1159 ἀπαρα-

279 1169 594 1242 πόδιστοςή
627 1172 736 1225 ἀπὸ
769 1173 869 1244 τῆς
913 1172 1122 1244 πλάνης
1151 1175 1289 1247 πρὸς
1318 1175 1418 1247 τὴν
1458 1175 1715 1248 ἀλήθειαν
1751 1177 1869 1232 διά-

279 1261 462 1327 σασις.
496 1265 560 1318 Et
599 1265 658 1318 δὲ
692 1266 786 1319 καὶ
819 1266 1063 1338 ποταμόν
1092 1283 1221 1320 ποτε
1261 1267 1355 1322 τὸν
1391 1268 1661 1342 Ἰορδάνην
1690 1287 1869 1342 παρα-

279 1354 449 1422 δόξως
487 1356 700 1430 διῆλθον
732 1359 782 1410 οί
836 1357 1078 1425 παλαιοὶ,
1109 1359 1242 1414 ἀλλὰ
1275 1360 1372 1415 καὶ
1417 1363 1574 1434 ὑμεῖς
1620 1363 1868 1418 ἐντεῦθεν

277 1447 380 1520 ἤδη
414 1447 859 1518 εὐαγγελίζεσθε,
897 1451 1278 1522 γινώσκοντες,
1317 1455 1400 1509 ὅτι
1435 1457 1597 1528 ἡμεῖς
1632 1458 1786 1512 αὑτοῖ¹
1817 1461 1866 1513 οί

279 1539 452 1594 ταῦτα
479 1540 730 1610 λέγοντες
759 1543 855 1597 καὶ
877 1544 1035 1616 ὑμεῖς
1056 1546 1106 1598 οἱ
1127 1545 1420 1611 ἀκούοντες
1451 1567 1470 1600 ι
1497 1549 1612 1602 ἐκεῖ
1632 1550 1866 1623 εὐφραν-

277 1630 559 1703 θησόμεθα
591 1634 650 1687 ὲν
678 1634 847 1706 αὐτῷ.
904 1656 924 1687 ι
962 1637 1127 1701 Ἐκεῖ,
1149 1638 1349 1711 δηλαδή
1381 1640 1439 1696 ὲν
1458 1639 1538 1711 τῷ
1573 1642 1864 1712 μνησθέντι

280 1723 528 1795 ποταμῷ.
573 1725 768 1779 Ἔσται
805 1725 936 1799 γὰρ,
967 1726 1122 1782 ἔσται
1150 1729 1362 1800 καιρὸς,
1398 1729 1524 1783 καθ’
1559 1730 1639 1797 ὃν,
1675 1731 1862 1807 ὥσπερ

277 1817 362 1880 είς
390 1816 688 1888 συμπόσιον
730 1819 1307 1894 παρασκευαζόμενοι,
1344 1823 1437 1876 ἐπὶ
1481 1823 1708 1897 λουτροῦ
1759 1845 1862 1881 πα-

274 1907 618 1978 λιγγενεσίας
651 1890 1052 1983 ἀπαντήσουσιν
1097 1890 1179 1978 είς
1230 1915 1328 1986 τὴν
1379 1916 1438 1969 ὲν
1483 1915 1560 1988 τῷ
1615 1890 1862 1993 Ἰορδάνῃ
1899 1890 1937 1944 Β

274 2001 509 2073 ποταμῷ
538 2005 808 2076 μυστικὴν
837 2005 1216 2078 ἀποκάθαρσιν
1254 2009 1304 2062 oi.
1338 2009 1438 2079 τῆς
1481 2011 1862 2084 Αἰγυπτιακῆς

273 2092 721 2167 ἐλευθερούμενοι
767 2097 992 2168 πλάνης.
1049 2100 1312 2170 Σημαίνει
1356 2100 1415 2155 δὲ
1463 2103 1553 2157 διὰ
1595 2103 1799 2158 τούτων
1833 2105 1859 2158 6

270 2186 430 2256 λόγος
451 2185 514 2241 τὸ
545 2187 769 2262 λουτρὸν
798 2190 895 2261 τῆς
928 2191 1370 2260 παλιγγενεσίας,
1415 2194 1720 2266 ἀρξάμενον
1753 2196 1861 2250 ἀπὸ

273 2279 364 2335 τοῦ
396 2281 656 2353 Ἰορδάνου
677 2283 944 2356 ποταμοῦ,
968 2285 1206 2355 ὁπηνίκα
1227 2287 1256 2339 ό
1277 2286 1584 2360 Βαπτιστὴς
1610 2290 1860 2362 Ἰωάννης

268 2375 328 2427 ἐν
365 2377 431 2444 τῇ
467 2375 660 2446 ἐρήμῳ
698 2377 796 2448 τῆς
852 2377 1110 2443 Ἰουδαίας
1150 2378 1388 2450 παρῄει,
1422 2381 1712 2452 κηρύσσων
1759 2382 1857 2453 βά-

271 2482 480 2537 πτισμα
514 2470 824 2538 μετανοίας,
853 2472 1111 2542 προσίετό
1135 2489 1195 2525 τε
1223 2471 1431 2535 πάντας
1462 2472 1729 2545 Ἕλληνας
1763 2475 1858 2529 καὶ¹

278 2557 570 2622 Ἰουδαίους
586 2560 683 2613 ἐπὶ
707 2562 805 2632 τὴν
825 2562 1214 2636 ἐξομολόγησιν
1233 2563 1341 2618 τῶν
1357 2566 1821 2637 παραπτωμάτων
1839 2584 1851 2596 ·

271 2650 358 2704 ὅτε
391 2651 484 2704 καὶ
536 2650 697 2715 αὑτὸς
722 2654 751 2706 6
800 2653 991 2726 Σωτὴρ
1038 2656 1134 2708 καὶ
1176 2655 1382 2728 Κύριος
1427 2655 1583 2726 ἡμῶν
1626 2658 1856 2722 ἐπιστὰς

273 2741 360 2794 τὸν
389 2743 552 2796 αὑτὸν
586 2743 891 2815 κατηξίωσε
915 2747 1160 2818 ποταμὸν
1189 2747 1288 2818 τῆς
1315 2747 1502 2820 θεῖκῆς
1526 2747 1692 2802 αὑτοῦ
1729 2751 1851 2803 ὲπι-

267 2834 503 2900 ϐάσεως.
549 2837 639 2890 Διὸ
671 2840 730 2892 ὲν
767 2842 882 2903 τοῖς
924 2841 1304 2913 προκειμένοις
1328 2841 1612 2897 λέλεκται’
1647 2861 1667 2895 ι
1708 2843 1855 2898 Ἐκεῖ

265 2929 757 3002 εὐφρανθησόμεθα
789 2933 850 2986 ὲν
877 2933 1049 3005 αὑτῷ.
1101 2950 1124 2986 ι’
1158 2933 1349 2989 Ἔνθεν
1376 2935 1601 3000 εἰκότως
1628 2935 1690 2990 τὺ
1720 2937 1853 2990 αὑτὸ

269 3023 608 3092 προφητικὸν
637 3025 852 3096 πνεῦμα
886 3025 978 3080 διὰ
1009 3027 1232 3081 Ἡσαΐου
1258 3027 1358 3099 τὴν
1384 3028 1589 3100 ἔρημον
1623 3029 1852 3098 εὐαγγε-

1977 805 2236 860 conlidite
2264 812 2470 870 tamen,
2517 821 2642 861 cum
2675 811 2980 878 exemplum
3013 808 3166 864 vobis
3195 812 3554 880 conspicuum

1976 898 2260 962 oﬂ'eratur,
2292 912 2444 954 mare
2468 899 2679 954 scilicet
2705 901 2832 954 olim
2869 917 3089 956 versum
3117 903 3172 956 in
3207 904 3434 960 aridam.
3462 903 3553 960 Sic

1976 993 2175 1064 quippe
2203 993 2359 1048 vobis
2385 993 2694 1064 expeditus.
2733 1011 2797 1050 ac
2844 996 2994 1050 nullo
3027 997 3183 1052 obice
3222 998 3552 1054 interclusus

1971 1085 2077 1138 erit
2098 1086 2166 1140 ab
2201 1099 2388 1140 errore.
2429 1083 2494 1138 ad
2534 1086 2815 1140 veritatem
2845 1089 3134 1144 transitus.
3167 1087 3323 1156 Quod
3359 1092 3402 1145 si
3431 1089 3554 1146 Jor-

1971 1176 2167 1232 danem
2189 1177 2412 1233 ﬂuvium
2443 1179 2652 1248 antiqui
2685 1179 2760 1232 illi
2785 1179 3162 1251 inexspectato
3185 1182 3346 1237 modo
3370 1191 3552 1238 trans-

1971 1270 2188 1336 ierunt;
2243 1278 2300 1323 at
2339 1285 2438 1325 vos
2488 1285 2708 1342 quoque
2756 1270 2861 1326 b‘oc
2903 1274 3154 1344 exemplo
3198 1273 3549 1345 Evangelium
3623 1329 3628 1332 .

1969 1362 2228 1433 excipite,
2263 1362 2501 1418 scientes
2529 1363 2675 1433 quod
2706 1371 2820 1418 tum
2864 1379 2966 1418 nos
3002 1364 3104 1434 ipsi
3145 1365 3238 1436 qui
3271 1365 3385 1421 haec
3411 1364 3540 1420 dici-~

1969 1468 2115 1518 mus,
2142 1462 2258 1508 tum
2291 1470 2389 1510 vos
2410 1456 2502 1524 qui
2529 1453 2754 1518 auditis,
2795 1475 2812 1506 ‹
2839 1454 2915 1509 ibi
2947 1455 3254 1510 laetabimur
3284 1455 3338 1510 in
3358 1456 3498 1527 ipso.
3524 1473 3543 1507 ι

1969 1545 2068 1608 lbi,
2110 1545 2321 1602 scilicet
2362 1547 2418 1600 in
2450 1554 2754 1601 memorato
2783 1545 2971 1600 ﬂuvio.
3009 1547 3125 1602 Erit
3153 1555 3391 1617 tempus,
3419 1552 3545 1612 erit,

1968 1637 2214 1706 inquam,
2254 1651 2365 1706 quo
2392 1652 2490 1692 ceu
2523 1636 2591 1690 ad
2637 1636 2945 1691 convivium
2991 1645 3318 1708 apparantes
3366 1653 3444 1700 se,
3479 1638 3547 1692 ad

1965 1731 2242 1786 lavacrum
2275 1730 2704 1801 regenerationis
2744 1730 3028 1792 accedent,
3065 1729 3131 1784 ad
3175 1731 3457 1801 mysticam
3490 1731 3547 1785 in

1963 1819 2204 1876 Iordane
2244 1819 2410 1874 ﬂuvio
2449 1818 2814 1891 peragendam
2849 1819 3095 1874 sordium
3141 1822 3541 1891 purgationem,

1965 1911 2057 1983 qui
2088 1912 2157 1967 ab
2198 1910 2520 1982 Egyptiaco
2552 1925 2741 1966 errore
2784 1910 2996 1965 liberati
3044 1919 3193 1965 sunt.
3243 1911 3338 1968 His
3371 1925 3538 1982 porro

1964 2005 2307 2077 signiﬁcatur
2336 2005 2616 2059 lavacrum
2657 2002 3108 2075 regenerationis,
3146 2003 3291 2074 quod
3321 2005 3390 2059 ab
3417 2003 3543 2059 Jor-

1961 2101 2103 2155 dane
2150 2097 2314 2155 ﬂuvio
2381 2099 2603 2170 incepit,
2665 2112 2788 2152 cum
2840 2095 3080 2153 Joannes
3141 2097 3382 2168 Baptista
3443 2095 3545 2152 Ju-

1961 2193 2130 2248 daam
2165 2200 2532 2264 percurreret,
2562 2191 2865 2262 praedicans
2904 2189 3236 2260 baptismum
3266 2191 3540 2260 paenitcn~

1959 2284 2070 2348 tiae,
2105 2299 2406 2354 omnesque
2433 2297 2558 2338 cum
2589 2282 2812 2338 Graecos
2845 2291 2960 2337 tum
2990 2281 3209 2338 Judrros
3231 2282 3541 2337 admitteret

1959 2379 2028 2434 ad
2077 2377 2484 2434 confessionem
2544 2377 3063 2433 delictorumzcum
3112 2379 3230 2446 ipse
3283 2373 3542 2431 Servatur

1957 2478 2012 2526 et
2045 2469 2306 2525 Dominus
2326 2477 2515 2524 noster
2538 2475 2747 2535 astans,
2773 2467 2952 2538 ipsum
2981 2467 3206 2522 ﬂuvium
3229 2467 3416 2522 divino
3438 2484 3541 2524 suo

1957 2562 2106 2616 aditu
2153 2561 2415 2632 dignatus
2441 2566 2546 2616 est.
2591 2557 2938 2630 Quapropter
2967 2573 3134 2628 supra
3156 2557 3366 2613 dictum
3404 2567 3488 2614 est
3519 2576 3534 2614 ι

1961 2673 1978 2704 ι
2012 2653 2089 2707 lbi
2127 2653 2435 2708 laetabimur
2469 2652 2523 2706 in
2572 2653 2710 2721 ipso.
2745 2669 2765 2702 ι
2801 2648 2958 2706 Unde
2998 2657 3053 2703 et
3089 2649 3286 2705 merito
3318 2651 3536 2720 quidem

1957 2747 2098 2802 idem
2137 2745 2492 2817 propheticus
2531 2744 2780 2814 spiritus,
2829 2742 2920 2797 ubi
2965 2741 3184 2798 deserto
3214 2757 3311 2812 per
3340 2739 3536 2798 Isaiam

1956 2837 2132 2893 fausta
2169 2836 2478 2899 denuntiat,
2513 2835 2688 2905 ipsius
2735 2831 2994 2890 Jordanis
3025 2833 3356 2888 mentionem
3407 2832 3535 2888 facit

1953 2932 2180 2986 dicens:
2209 2948 2229 2981 ι
2260 2928 2490 2992 ιωιιιτθ,
2522 2928 2800 2984 desertum
2843 2928 3073 2994 sitiens;
3104 2925 3202 2981 sed
3234 2926 3402 2980 etiam
3431 2941 3528 2980 ex-

1951 3025 2116 3078 sultet
2163 3022 2423 3084 solitudo,
2457 3029 2513 3076 et
2551 3019 2742 3075 ﬂoreat
2782 3021 2942 3089 quasi
2994 3019 3167 3072 lilium
3197 3036 3209 3071 :
3243 3025 3298 3072 et
3321 3016 3534 3072 efﬂore-

263 3112 548 3185 λιζόμενον
572 3116 664 3169 καὶ
693 3116 858 3170 αὑτοῦ
892 3119 1115 3190 μνήμην
1137 3120 1428 3192 πεποίηται
1455 3120 1551 3174 τοῦ
1585 3121 1848 3194 Ἰορδάνου

1956 3125 2108 3171 scent
2131 3123 2186 3170 et
2207 3113 2562 3170 exsultabant
2579 3113 2796 3168 deserta
2819 3110 3094 3166 Iordanis.
3113 3107 3536 3172 Confortamini,

263 3207 424 3275 Αέγον
445 3223 458 3236 ·
495 3224 514 3255 ε
546 3208 917 3280 Εὐφράνθητι,
946 3209 1152 3282 ἕρημος
1189 3211 1417 3281 διψῶσα·
1443 3211 1560 3267 ἀλλ’
1593 3213 1851 3282 ἀγαλλιά-

1956 3225 2151 3265 manus
2197 3209 2440 3263 remissa:
2481 3213 2536 3262 et
2589 3219 2764 3276 genua
2796 3203 3102 3269 dissoluta;
3149 3199 3533 3266 consolamini,

265 3297 379 3352 σθω
404 3299 626 3372 ἔρημος,
644 3301 735 3355 καὶ
757 3301 988 3357 άνθείτω
1005 3303 1079 3367 ὡς
1106 3303 1308 3375 κρίνον·
1339 3304 1433 3357 καὶ
1455 3304 1738 3377 ἐξανθήσει
1758 3307 1853 3360 καὶ

1963 3303 2054 3374 qui
2093 3309 2270 3356 mente
2299 3299 2677 3370 pusillanimes
2714 3297 2871 3353 estis.
2913 3293 3336 3360 Confortamini,
3368 3295 3536 3349 nolite

264 3392 368 3461 ἀγα
379 3393 650 3448 λλιάσεται
669 3395 737 3448 τὰ
752 3394 848 3467 ἔρη
858 3414 933 3467 μα
947 3395 1039 3450 τοῦ
1056 3397 1340 3470 Ἰορδάνου.
1360 3397 1633 3468 ’ἰσχύσατε
1643 3438 1656 3464 ,
1675 3403 1854 3472 χεῖρες

1964 3396 2175 3450 timere.
2218 3392 2360 3448 Ecce
2401 3389 2546 3447 Deus
2578 3397 2765 3446 noster
2797 3387 3067 3458 judicium
3101 3385 3392 3440 retribuit:
3420 3386 3534 3453 ipse

263 3485 564 3555 ἀνειμέναι,
596 3489 690 3543 καὶ
710 3489 911 3557 γόνατα
950 3489 1370 3562 παραλελυμένα
1388 3509 1400 3521 ·
1433 3492 1850 3564 παρακαλέσατε

1960 3489 2140 3546 veniet
2171 3494 2226 3542 et
2253 3485 2486 3542 salvabit
2513 3499 2633 3539 nos.
2671 3481 2826 3538 Tunc
2855 3479 3168 3550 aperientur
3193 3478 3339 3532 oculi
3365 3493 3534 3532 eiei-o-

261 3578 312 3633 οί
329 3579 637 3651 ὀλιγόψυχοι
657 3583 721 3652 τῇ
739 3580 966 3654 διανοίᾳ.
986 3579 1282 3651 Ἰσχύσατε,
1305 3583 1378 3654 μὴ
1392 3584 1661 3653 φοϐεῖσθε.
1682 3585 1808 3639 Ἰδοὺ
1821 3585 1850 3636 6

1959 3595 2103 3645 rum,
2138 3585 2192 3634 et
2223 3592 2388 3632 aures
2408 3574 2699 3632 surdorum
2731 3571 2974 3628 audient.
3012 3568 3168 3625 Tunc
3195 3569 3355 3624 saliet
3373 3569 3533 3639 quasi

262 3670 395 3734 θεὸς
411 3673 444 3743 ἡ
451 3671 567 3742 μῶν
587 3671 767 3742 κρίσιν
783 3673 1240 3728 ἀνταποδέδωκεν·
1264 3676 1426 3740 αὑτὸς
1443 3676 1564 3748 ἥξει
1579 3678 1672 3731 καὶ⁹
1685 3677 1849 3736 σώσει

263 3767 431 3837 ἡμᾶς.
461 3766 594 3818 Τότε
623 3765 1032 3838 ἀνοιχθήσονται
1058 3765 1326 3838 ὀφθαλμοὶ
1357 3768 1595 3838 τυφλῶν,
1619 3770 1712 3824 καὶ
1735 3765 1848 3825 ὦτα

262 3855 462 3925 κωφῶν
487 3857 831 3912 ἀκούσονται.
863 3857 996 3912 Τότε
1027 3859 1232 3912 άλείται
1256 3859 1332 3924 ὡς
1358 3859 1555 3931 ἔλαφος
1598 3863 1628 3915 6
1653 3862 1842 3934 χωλὸς.

263 3953 358 4003 καὶ
386 3950 556 4022 τρανῆ
589 3949 742 4003 ἔσται
776 3949 999 4019 γλῶσσα
1038 3949 1342 4022 μογιλάλων
1367 3968 1380 3982 ·
1413 3952 1496 4006 ὃτι
1528 3953 1739 4026 ἐρράγη
1787 3955 1844 4006 ὲν

262 4046 327 4114 τῇ
356 4043 545 4115 ἐρήμῳ
568 4042 712 4112 ὕδωρ
732 4082 746 4106 ,
779 4045 874 4097 καὶ⁵
902 4042 1120 4116 φάραγξ
1148 4045 1206 4097 ὲν
1229 4045 1300 4116 γῇ
1328 4042 1557 4118 διψώσῃ.
1584 4065 1602 4097 ι
1627 4047 1842 4117 Ταύτην

261 4136 596 4192 διαλὲλεκται
640 4140 732 4192 ἐπὶ
763 4137 857 4192 τοῦ
899 4138 1195 4210 παρόντοςο
1237 4156 1257 4190 ι
1295 4138 1442 4192 Ἐκεῖ
1473 4139 1843 4210 εὑφρανθησὸ-

266 4230 405 4301 μεθα
435 4233 492 4284 ὲν
523 4230 671 4302 αὑτῷ
691 4248 704 4260 ο
741 4251 758 4284 ι
792 4231 827 4286 ἃ
857 4231 922 4301 δὴ
953 4230 1258 4302 ἐπληροῦτο
1290 4229 1432 4285 κατὰ
1463 4231 1562 4303 τὴν
1595 4230 1690 4286 τοῦ
1732 4233 1842 4284 Σω-

262 4324 427 4396 τῆρος
457 4323 614 4396 ἡμῶν
648 4326 727 4388 εἰς
748 4322 1066 4395 ἀνθρώπους
1097 4321 1433 4392 θεοφάνειαν.
1471 4322 1662 4378 Ἔνθεν
1701 4323 1840 4376 εἰκό-

262 4431 368 4477 τως
392 4415 421 4466 6
459 4413 649 4486 παρὼν
681 4413 897 4484 ψαλμὺς
931 4413 1103 4466 ἆπασι
1134 4415 1251 4475 τοῖς
1283 4412 1461 4466 ἔθνεσι
1502 4411 1838 4484 προσφωνῶν

265 4509 446 4578 ἔλεγε·
489 4528 506 4561 ι
537 4507 700 4562 Δεῦτε
753 4509 846 4561 καὶ
891 4507 1025 4559 ἴδετε
1056 4506 1126 4560 τὰ
1176 4507 1312 4579 ἔργα
1360 4505 1453 4560 τοῦ
1485 4506 1619 4560 Θεοῦ
1640 4524 1652 4536 ο
1686 4526 1706 4557 ι
1745 4507 1838 4560 καὶ

1956 3683 2152 3724 cervus
2179 3665 2429 3728 claudus,
2463 3673 2517 3718 et
2551 3665 2734 3734 lingua
2769 3661 3182 3716 balbutientium
3214 3659 3363 3714 clara
3388 3659 3490 3712 erit
3516 3675 3529 3712 :

1955 3760 2085 3832 quia
2118 3765 2313 3830 erupta
2345 3769 2428 3813 es:
2468 3757 2524 3811 in
2546 3755 2762 3812 deserto
2785 3768 2947 3824 aqua,
2979 3761 3034 3806 et
3063 3761 3278 3806 torrens
3304 3750 3359 3804 in
3385 3760 3532 3804 terra

1955 3851 2161 3908 sitienti
2186 3850 2254 3902 ⁸⁸.
2295 3870 2314 3902 ι
2347 3848 2423 3904 De
2451 3849 2554 3902 hoc
2585 3847 2826 3917 loquitur
2860 3845 2912 3898 in
2946 3843 3240 3913 praesenti:
3275 3862 3294 3893 ι
3324 3842 3403 3896 lbi
3441 3844 3530 3896 lae-

1954 3944 2192 4000 tabimur
2221 3941 2276 3996 in
2310 3941 2450 4011 ipso.
2485 3959 2503 3990 ι
2543 3937 2676 4004 Qum
2707 3938 2761 3991 in
2796 3934 2984 3990 divino
3017 3932 3326 3988 Servatoris
3351 3933 3524 3987 nostri

1952 4035 2020 4090 ad
2064 4033 2314 4089 homines
2365 4032 2600 4086 adventu
2659 4028 2881 4098 impleta
2927 4033 3078 4080 sunt.
3114 4023 3271 4078 Unde
3321 4024 3527 4078 merito

1949 4141 2192 4199 praesens
2221 4125 2466 4197 psalmus
2486 4137 2676 4178 omnes
2697 4128 2885 4191 gentes
2907 4117 3247 4188 compellans
3271 4115 3483 4171 dicebat
3510 4132 3524 4171 :

1954 4237 1973 4270 ι
2005 4217 2198 4274 Venite
2237 4225 2291 4274 et
2327 4217 2507 4272 videte
2551 4229 2718 4286 Opera
2751 4211 2880 4276 Dei;
2914 4230 2932 4262 ι
2966 4225 3030 4264 ac
3078 4225 3300 4264 rursum
3331 4227 3343 4262 :
3382 4228 3401 4260 ι
3431 4207 3527 4260 Ι).-

1947 4314 2058 4370 cite
2105 4312 2216 4368 Deo
2258 4311 2476 4377 :Quam
2528 4305 2790 4364 terribilia
2837 4311 2969 4359 sunt
3019 4315 3185 4374 opera
3241 4302 3365 4356 tua!
3399 4321 3418 4354 ι
3465 4300 3526 4354 Ει

1946 4406 2105 4461 valde
2137 4411 2538 4474 consequenter
2568 4408 2856 4472 postquam
2885 4397 3131 4453 dixerat:
3168 4412 3187 4446 ι
3219 4394 3300 4450 lbi
3332 4395 3527 4449 laetabi~

1947 4514 2072 4553 mur
2113 4499 2169 4552 in
2203 4499 2347 4568 ipso,
2379 4517 2398 4548 ι
2435 4495 2639 4551 infert:
2679 4512 2698 4545 ι
2732 4491 2836 4558 Qui
2865 4491 3182 4546 dominatur
3228 4489 3285 4543 in
3329 4488 3530 4541 virtute

267 4601 451 4656 πάλιν·
485 4621 503 4653 ι
535 4601 739 4656 Εἴπατε
762 4600 840 4671 τῷ
868 4600 986 4670 Θεῷ
1003 4617 1015 4629 °
1061 4600 1147 4663 Ὠς
1173 4598 1380 4672 φοϐερὰ
1407 4599 1478 4652 τὰ
1501 4599 1636 4671 ἔργα
1662 4601 1785 4652 σουί
1817 4619 1833 4649 ι

1956 4593 2162 4648 saeculo.
2199 4610 2216 4641 ›
2275 4589 2331 4643 ld
2370 4603 2589 4659 quoque
2640 4599 2807 4655 porro
2837 4582 3130 4652 intelligas,
3180 4579 3526 4635 Servatorem

266 4697 474 4768 Σφόδρα
494 4695 550 4750 δὲ
577 4691 884 4756 ἀκολούθως
903 4693 1070 4744 εἰπών
1090 4710 1102 4721 ·
1133 4711 1152 4742 ει
1189 4693 1336 4745 Ἐκεῖ
1355 4689 1839 4764 εὑφρανθησόμεθα

267 4794 322 4846 ὲν
354 4788 520 4859 αὑτῷ,
552 4808 569 4839 ι
611 4786 862 4859 ἐπιφέρει
883 4803 895 4816 ο
921 4805 939 4836 ι
972 4785 1052 4856 Ti;
1114 4783 1429 4848 δεσπόζοντι
1479 4784 1537 4836 ὲν
1582 4785 1650 4853 τῇ
1683 4782 1840 4835 δυνα-

270 4884 417 4954 στείᾳ
476 4878 643 4935 αὑτοῦ
676 4879 769 4934 τοῦ
821 4878 1036 4941 αἰῶνος.
1083 4897 1102 4929 ι
1142 4877 1376 4948 Νοήσεις
1426 4875 1483 4928 δὲ
1537 4875 1631 4929 καὶ
1687 4873 1843 4928 τοῦτο

270 4973 428 5029 αὑτοῦ
461 4973 709 5042 λέγοντος
738 4970 951 5025 ἀκούων
989 4969 1084 5023 τοῦ
1131 4969 1380 5041 Σωτῆρος
1397 4985 1410 4998 ο
1444 4987 1462 5018 ι
1507 4966 1694 5037 Ἐδόθη
1753 4983 1840 5036 μοι

269 5069 411 5125 πᾶσα
433 5065 648 5131 ἐξουσία
672 5065 730 5117 ὲν
753 5060 966 5135 οὐρανῷ
986 5061 1082 5115 καὶ
1106 5062 1200 5114 ἐπὶ
1225 5060 1324 5131 τῆς
1347 5060 1449 5130 γῆς
1469 5076 1482 5089 ο
1518 5057 1840 5129 πορεύοντες

275 5158 639 5231 μαθητεύσατε
669 5158 847 5211 πάντα
877 5156 946 5210 τὰ
1000 5155 1126 5227 ἔθνη
1170 5156 1226 5207 ἐν
1268 5153 1345 5225 τῷ
1394 5151 1618 5223 ὀνόματί
1661 5167 1780 5222 μου.
1815 5169 1834 5202 ι

272 5251 357 5304 Διὸ
385 5249 528 5304 κατὰ
553 5250 652 5322 μὲν
670 5250 762 5303 τὸν
777 5247 1008 5301 Ἀκύλαν
1035 5246 1250 5318 εἴρηται
1272 5262 1286 5276 ⁸
1316 5265 1334 5296 ι
1360 5243 1451 5315 Τῷ
1477 5240 1839 5309 ὲξουσιάζοντι

273 5345 326 5396 ὲν
348 5346 414 5415 τῇ
445 5343 733 5413 δυναστείᾳ
783 5339 946 5395 αὑτοῦ
987 5339 1052 5392 δι’
1085 5339 1300 5404 αἰῶνος.
1351 5358 1369 5390 ι
1419 5337 1527 5391 Καὶ
1566 5337 1740 5401 ἄλλως
1783 5335 1841 5388 δὲ

274 5435 750 5508 εὑφρανθησόμεθα
792 5436 850 5486 ἐν
881 5431 1032 5504 αὑτῷ
1080 5429 1189 5485 τῶν
1230 5429 1642 5503 προειρημένων
1672 5443 1841 5482 κατα-

277 5529 565 5594 ξιωθέντες.
597 5528 735 5581 Πότε
763 5526 820 5580 δὲ
863 5523 1380 5596 εὑφρανθησὸμεθα,
1413 5522 1526 5576 ἀλλ’
1563 5519 1780 5575 ἐπειδὰν
1811 5521 1841 5572 6

280 5624 478 5696 μέλλων
525 5624 722 5693 ἐπιστῇ
775 5621 911 5674 αἰὼν
933 5662 948 5684 ,
997 5613 1058 5672 οὑ
1105 5617 1202 5688 τὴν
1246 5617 1560 5670 δεσποτείαν
1597 5614 1693 5668 καὶ
1742 5613 1841 5684 τὴν

279 5718 512 5786 ἐξουσίαν
542 5717 649 5769 οὐδ’
677 5716 863 5787 ἕτερος
889 5713 1021 5780 ἕξει,
1048 5713 1081 5782 ἢ
1115 5711 1275 5782 μόνος
1299 5709 1460 5773 αὑτὸς
1493 5711 1522 5761 6
1556 5708 1655 5772 τὴν
1683 5705 1842 5760 δυνα-

341 5894 513 5950 "lsa.
546 5894 760 5956 xxxv,1
799 5894 853 5947 6.
931 5893 976 5924 '°
1005 5889 1191 5944 Matth.
1229 5903 1421 5950 xxvrtt,
1463 5887 1548 5948 18,
1585 5885 1646 5940 i9

1948 4683 2174 4738 audiens
2199 4680 2471 4737 dicentem
2503 4697 2515 4732 :
2557 4695 2575 4727 ι
2606 4674 2741 4728 Data
2783 4682 2868 4728 est
2903 4671 3034 4725 mihi
3068 4669 3251 4725 omnis
3279 4677 3527 4738 poteStas

1945 4777 1999 4831 in
2029 4771 2170 4830 coalo
2198 4782 2254 4828 et
2279 4772 2336 4826 in
2368 4779 2535 4826 terra.
2565 4768 2780 4822 Euntes
2800 4765 2991 4820 docete
3032 4777 3224 4818 omnes
3254 4768 3444 4832 gentes
3471 4761 3523 4814 iu

1943 4868 2167 4925 nomine
2213 4880 2337 4920 meo
2361 4864 2429 4917 ⁸ο.
2464 4883 2482 4914 ι
2517 4862 2700 4930 Quare
2751 4858 3054 4915 secundum
3097 4853 3351 4926 Aquilam
3383 4853 3522 4907 dici.

1943 4971 2070 5017 tur:
2102 4979 2119 5011 ι
2153 4958 2258 5026 Qui
2293 4964 2612 5028 potestatem
2644 4953 2808 5008 habet
2850 4951 2902 5005 in
2928 4951 3132 5004 virtute
3161 4963 3259 5002 sua
3293 4961 3389 5016 per
3419 4960 3522 5000 sm-

1943 5055 2149 5110 culum.
2180 5072 2198 5104 ι
2242 5053 2394 5106 Alias
2427 5064 2644 5120 quoque
2673 5045 2977 5101 laetabimur
3017 5042 3072 5096 in
3107 5042 3246 5112 ipso,
3278 5039 3388 5107 jam
3422 5055 3522 5089 ηιρ-

1944 5146 2170 5202 moratis
2221 5145 2384 5200 bonis
2430 5141 2638 5197 donati.
2688 5136 3050 5205 Quandonam
3099 5132 3522 5193 exsultabimus,

1943 5235 2048 5291 nisi
2074 5249 2199 5290 cum
2232 5232 2473 5288 futurum
2517 5229 2778 5285 saeculum
2812 5225 3116 5288 advenerit,
3164 5223 3326 5292 cujus
3355 5221 3525 5276 domi-

1945 5336 2131 5384 natum
2187 5336 2242 5383 et
2291 5332 2612 5398 potestatem
2662 5322 2847 5376 nullus
2891 5319 3034 5374 alius
3087 5315 3376 5382 obtinebit,
3413 5315 3518 5368 nisi

1943 5423 2035 5478 ille
2058 5421 2154 5492 qui
2183 5420 2522 5476 dominatum
2547 5416 2769 5485 alPatre
2803 5414 3050 5484 accepit?
3095 5411 3252 5467 Nunc
3288 5408 3432 5464 enim
3466 5407 3520 5460 in

1943 5515 2196 5587 praesenti
2233 5513 2436 5570 saecqu
2469 5511 2812 5584 principatus
2837 5516 2966 5566 sunt
3005 5505 3184 5568 multi,
3219 5509 3522 5574 potestates

1943 5617 1997 5664 et
2042 5607 2470 5672 dominationes,
2517 5603 2824 5676 spiritualia
2872 5601 3128 5672 nequitia:
3177 5604 3231 5650 et
3275 5602 3520 5650 rectores

1945 5697 2152 5752 mundi.
2201 5695 2356 5751 Tunc
2415 5711 2567 5760 vero,
2611 5704 2903 5766 postquam
2957 5688 3248 5746 sustulerit
3301 5698 3522 5740 omnem
